code,internal_code,name,manufacturer_name,manufacture_country,manufacturer_item_description,unit_qty,quantity,unit_of_measure,weighted,qty_in_package,price,unit_of_measure_price,allow_discount,status,item_id
42164104,false,ניוואה קרם רב שימושי 60 גרם,,IL,"קרם NIVEA 60 מ""ל",מיליליטרים,60.00,"100 מ""ל",false,1,7.90,13.17,true,1,
42182115,false,אורביט פייב ספירמינט 12 סטיקס 29 גר,ריגלי צרפת,FR,5 מנטה עדינה,גרמים,40.00,100 גרם,false,0,5.90,14.75,true,1,
42188889,false,אורביט פייב אבטיח 12 סטיקס 29 גר,ריגלי צרפת,FR,מסטיק 5 אבטיח,גרמים,40.00,100 גרם,false,0,5.90,14.75,true,1,
42269908,false,"קרם אינטנסיב 100 מ""ל",ביירסדורץ,ES,קרם אינטנסיב,מיליליטרים,100.00,"100 מ""ל",false,1,14.90,14.90,true,1,
42269915,false,קרם לחות ניוואה לפנים/לגוף אינטנסיב 200,HELLAS BEIERSDORF,DE,קרם ניוואה,מיליליטרים,200.00,"100 מ""ל",false,1,24.90,12.45,true,1,
50120000,false,"דאב - דאודורנט רול און לאישה פרש ללא סימן 50 מ""ל",יוניליוור אנגליה,GB,דאו רול אינביזיב,מיליליטרים,50.00,"100 מ""ל",false,1,12.90,25.80,true,1,
54051140,false,מעדן סויה טעם וניל אלפרו רביעיה * 125 ג',הנסיך- מפעל לייצור ט,BE,מעדן סויה 4 יח',גרמים,500.00,100 גרם,false,0,12.90,2.58,true,1,
54051157,false,מעדן סויה טעם שוקו אלפרו רביעיה 125 ג',קריות זול,BE,מעדן סויה 4 יח',גרמים,500.00,100 גרם,false,0,12.90,2.58,true,1,
59079798,false,"רקסונה - דאודורנט רול און לאישה אנטי פרספירנט שאוור 50 מ""ל","יוניליוור אנגליה, דרך קו",GB,דאו.רקסונה,מיליליטרים,50.00,"100 מ""ל",false,1,12.90,25.80,true,1,
59079811,false,"רקסונה דאו' רול-און לנשים בניחוח פאודר, 50 מ""ל","יוניליוור אנגליה, דרך קו",GB,דאו.רקסונה,מיליליטרים,50.00,"100 מ""ל",false,1,12.90,25.80,true,1,
59081630,false,דאב דאו רול און קוקוס ויסמין,יוניליוור,GB,דאב דאו.רולאון,מיליליטרים,50.00,"100 מ""ל",false,1,12.90,25.80,true,1,
72940754,false,"מילקי מעדן וניל עם קצפת שטראוס 133 מ""ל","שטראוס גרופ בע""\מ",IL,מילקי טעם וניל,מיליליטרים,170.00,"100 מ""ל",false,0,2.50,1.47,true,1,
72940761,false,"מילקי מעדן שוקולד עם קצפת שטראוס 133 מ""ל",מיוצר עי קונדיטוריית,IL,מילקי טעם שוקולד,מיליליטרים,170.00,"100 מ""ל",false,0,2.50,1.47,true,1,
72940952,false,מעדן מילקי בטעם שוקולד עם אקסטרה קצפת,"שטראוס גרופ בע""\מ",IL,מילקי אקסטרה,מיליליטרים,170.00,"100 מ""ל",false,0,2.90,1.71,true,1,
72945308,false,קוביית שמרים טריים לאפיה שמרית 50 גרם,"פאקא תעשיות בע""\מ",IL,קוביות שמרים,גרמים,50.00,100 גרם,false,0,2.90,5.80,true,1,
72961209,false,"שמנת חמוצה 15% 200מל בד""צ תנובה",תנובה מרכז שיתופי לש,IL,שמנית תנובה 15%,מיליליטרים,200.00,"100 מ""ל",false,0,2.40,1.20,true,1,
72961223,false,"גילה 3% תנובה 200 מ""ל",תנובה מרכז שיתופי לש,IL,גילה 3%,מיליליטרים,200.00,"100 מ""ל",false,0,1.40,0.70,true,1,
72961506,false,יוגורט עם תות 1.5% שומן 125 ג' פרילי,מיוצר עי קונדיטוריית,IL,פרילי תות,גרמים,125.00,100 גרם,false,0,2.90,2.32,true,1,
72961520,false,"פרילי יוגורט עם אננס 1.5% תנובה 125 מ""ל",מיוצר עי קונדיטוריית,IL,פרילי אננס 1.5%,גרמים,125.00,100 גרם,false,0,2.90,2.32,true,1,
72961544,false,"באדי יוגורט בטעם תות שדה 3% תנובה 125 מ""ל",מחלבת אלון תבור,IL,מעדן באדי תות 3%,גרמים,125.00,100 גרם,false,0,2.50,2.00,true,1,
72964132,false,פרילי טבע יוגורט עם גרנולה 200 גרם,מיוצר עי קונדיטוריית,IL,פרילי טבע גרנולה,גרמים,200.00,100 גרם,false,0,3.90,1.95,true,1,
72964422,false,יוגורט פרחים 4.5% שומן 200 גרם,מחלבת תנובה,IL,יוגורט תנובה4.5%,מיליליטרים,200.00,"100 מ""ל",false,0,2.50,1.25,true,1,
72986233,false,באדי מעדן וניל גביע 1.5%שומן 125 גרם בדצ,מחלבת אלון תבור,IL,מעדן באדי וניל,גרמים,125.00,100 גרם,false,0,2.50,2.00,true,1,
72986240,false,באדי מעדן חלב בטעם שוקולד תנובה 125 גרם,מחלבת אלון תבור,IL,מעדן באדי שוקו,גרמים,125.00,100 גרם,false,0,2.50,2.00,true,1,
72991374,false,סיגריות טיים רד חפיס,דובק,IL,טיים רד,יחידה,1.00,יחידה,false,0,27.00,27.00,false,1,
72991398,false,סיגריות טיים בלו לי,דובק,IL,טיים בלו,יחידה,1.00,יחידה,false,0,27.00,27.00,false,1,
80050124,false,סוכריות טיק טק מנטה 16 גרם,פררו - אלבה,ZA,סוכריות טיק טק,גרמים,16.00,100 גרם,false,0,2.90,18.13,true,1,
80773429,false,מנטוס בקבוק מעוגל - מסטיק ללא סוכר בטעם תות 60 גרם,"פרפטי ואן מלה ג'\ידה,סאן",TR,מנטוס בקבוק,גרמים,60.00,100 גרם,false,1,8.90,14.83,true,1,
80773443,false,מנטוס בקבוק מעוגל - מסטיק ללא סוכר בטעם מנטה 60 גרם,"פרפטי ואן מלה ג'\ידה,סאן",TR,מסטיק מנטוס,גרמים,60.00,100 גרם,false,1,8.90,14.83,true,1,
80780595,false,מסטיק מנטוס ביג בבקבוק מעוגל טעם מנטה-עדינה 90 ג',פרפטי ואן מלה הולנד,TR,מסטיק מנטוס,גרמים,90.00,100 גרם,false,1,14.90,16.56,true,1,
80790990,false,מסטיק מנטוס בבקבוק מעוגל בטעם פירות -מנטה 60 ג',"פרפטי ואן מלה ג'\ידה,סאן",TR,מסטיק מנטוס,גרמים,60.00,100 גרם,false,1,8.90,14.83,true,1,
80794233,false,מסטיק מנטוס ביג בבקבוק מעוגל טעם מנטה 90 ג',פרפטי ואן מלה הולנד,TR,מסטיק מנטוס,גרמים,90.00,100 גרם,false,1,14.90,16.56,true,1,
80804697,false,מסטיק וויט White בטעם מנטה מתוקה ללא סוכר,פרפטי ואן מלה,TR,מסטיק מנטוס,גרמים,105.00,100 גרם,false,1,14.90,14.19,true,1,
80831402,false,סוכריות מנטוס מנטה עדינה 30 יח' ללא סוכר CLEAN BREATH,פרפטי ואן מלה,NL,סוכריות מנטה,גרמים,21.00,100 גרם,false,1,6.90,32.86,true,1,
80843184,false,מנטוס מסטיק פיור פרש בטעם ענבים 60גר,פרפטי ואן מלה הולנד,TR,מסטיק מנטוס,גרמים,60.00,100 גרם,false,1,8.90,14.83,true,1,
80850885,false,גומי לעיסה מנטוס וויט בטעם מנטה עדינה ללא סוכר,פרפטי ואן מלה ברדה,TR,מנטוס וויט,גרמים,60.00,100 גרם,false,0,8.90,14.83,true,1,
80862130,false,"מנטוס מסטיק פיור פרש - אבטיח 28 גרם (14 יח') חת""ס",פרפטי ואן מלה ברדה,TR,מסטיק מנטוס,גרמים,28.00,100 גרם,false,1,4.30,15.36,true,1,
80864295,false,סוכריות פיור וויט טעם מנטה עדינה 60 ג' מנטוס,"פרפטי ואן מלה ג'ידה,סאן",TR,מנטוס פיור וויט,גרמים,60.00,100 גרם,false,1,8.90,14.83,true,1,
80896081,false,מנטוס בקבוק מעוגל - מסטיק ללא סוכר בטעם אבטיח 60 גרם,"פרפטי ואן מלה ג'\ידה,סאן",TR,מנטוס בקבוק,גרמים,60.00,100 גרם,false,1,8.90,14.83,true,1,
80913467,false,מנטוס בקבוק מעוגל - מסטיק ללא סוכר בטעם מנטה,פרפטי ואן מלה הולנד,TR,מסטיק מנטוס,גרמים,60.00,100 גרם,false,1,8.90,14.83,true,1,
80945468,false,סוכריות פיור וויט טעם מנטה מתוקה 60 ג' מנטוס,"פרפטי ואן מלה ג'ידה,סאן",TR,מנטוס פיור וויט,גרמים,60.00,100 גרם,false,1,8.90,14.83,true,1,
80974215,false,מסטיק מנטוס פיור פרש בבקבוק ביג בטעם תות 90ג',"פרפטי ואן מלה ג'ידה,סאן",TR,מסטיק מנטוס,גרמים,90.00,100 גרם,false,1,14.90,16.56,true,1,
80979128,false,מנטוס מסטיק בקבוק מעוגל בטעם דובדבן,פרפטי ואן מלה הולנד,TR,מסטיק מנטוס,גרמים,60.00,100 גרם,false,1,8.90,14.83,true,1,
80982470,false,מסטיק מנטוס פיור פרוסט בטעם מנטה חזק 60 גר',פרפטי ואן מלה ברדה,TR,מסטיק מנטוס,גרמים,60.00,100 גרם,false,1,8.90,14.83,true,1,
85939868,false,ניר קצר לגלגול ללא פילטר,U 4 ROLL,CZ,נייר קצר לגלגול,יחידה,1.00,יחידה,false,0,1.50,1.50,false,1,
87108538,false,סוכריות בטעם תות מנטוס 37.5 גרם,הדקלאים אגודת שיתופי,NL,מנטוס תות,גרמים,37.00,100 גרם,false,0,2.90,7.84,true,1,
87108651,false,סוכריות בטעם מנטה מנטוס 4*37.5 גרם,הדקלאים אגודת שיתופי,NL,מנטוס מנטה 4 יח',גרמים,150.00,100 גרם,false,0,9.90,6.60,true,1,
87108712,false,סוכריות בטעם פירות מנטוס 4*37.5 גרם,פרפטי ואן מלה ברדה,NL,מנטוס פירות 4,גרמים,150.00,100 גרם,false,0,9.90,6.60,true,1,
87311396,false,מנטוס ריינבאוו סוכריות לעיסה בטעמי פירות,פרפטי ואן מלה ברדה,NL,מנטוס ריינבאו,גרמים,37.00,100 גרם,false,0,2.90,7.84,true,1,
99999957,true,"מבצע חלבי 20 ש""ח",,,"מבצע חלבי 20 ש""ח",יחידה,1.00,יחידה,false,0,20.00,20.00,true,1,
11182700930,false,קינג קול שעועית אדומה כהה 439 גרם,הנובר פודס,US,שעועית אדומה439ג,גרמים,439.00,100 גרם,false,1,9.90,2.26,true,1,
11182700954,false,קינג קול שעועית שחורה 439 גרם,האנאובר פודס קורפורשיין,US,שעועית שחורה439ג,גרמים,439.00,100 גרם,false,1,9.90,2.26,true,1,
11835210786,false,"שוקולד חלב לל""ס 100 גר'",,IL,שוק.חלב ללא סו,גרמים,100.00,100 גרם,false,0,14.90,14.90,true,1,
11835211998,false,שוקולד מריר פרווה ללא סוכר 100 גרם,,IL,"שוק.מריר ללת""ס",גרמים,100.00,100 גרם,false,0,14.90,14.90,true,1,
11835212001,false,שוקולד לבן ללא סוכר 100 גרם,,IL,שוקולד לבן,גרמים,100.00,100 גרם,false,0,14.90,14.90,true,1,
16000185517,false,דגני בוקר פייבר וואן עתירי סובין FIBRE1,בטר אנד דיפרנט,US,דגני פייבר וואן,גרמים,555.00,100 גרם,false,1,24.90,4.49,true,1,
16000548909,false,חטיפי גרנולה קראנצ'י במגוון טעמים נייצ'ר ואלי 5*42 גרם,ג'נרל מילס סאן אדריאן,ES,חטיף נייטשר ואלי,גרמים,210.00,100 גרם,false,0,12.90,6.14,true,1,
17252500004,false,בוסקו סירופ שוקולד 624 גרם,בוסקו פרודקטס,,סירופ שוקולד,גרמים,624.00,100 גרם,false,0,18.90,3.03,true,1,
17252502244,false,"בוסקו סירופ פנקייק בטעם מייפל 709 מ""ל",בוסקו פרודקטס,,סירופ פנקייק,מיליליטרים,709.00,"100 מ""ל",false,0,18.90,2.67,true,1,
18068031195,false,צלופן+סוגרים10*15 בסד אר,,IL,צלופן+סוגרים1*15,יחידה,1.00,יחידה,false,1,4.90,4.90,true,1,
19582000568,false,בולס איי רוטב ברביקיו אוריגינל 496 גר,,,רוטב ברביקיו ארי,יחידה,1.00,יחידה,false,0,12.90,12.90,true,1,
20748221390,false,סרטים 9- גומיות דודו,,IL,סרטים 9- גומיות,יחידה,1.00,יחידה,false,1,14.90,14.90,true,1,
21859040351,false,תערובת קטניות kemach למרק עם פטריות 170 גרם,,IL,תערובת קטניות,גרמים,170.00,100 גרם,false,1,9.90,5.82,true,1,
21859040368,false,תערובת קטניות kemach למרק עם אפונה 170 גרם,,IL,תערובת קטניות,יחידה,1.00,יחידה,false,1,9.90,9.90,true,1,
21859040375,false,תערובת קטניות+מינסטרונה,,IL,תערובת קטניות,יחידה,1.00,יחידה,false,1,9.90,9.90,true,1,
21859040481,false,תערובת לקניידלך 127 גרם,אימפריאל פודס אינק,US,תערובת לקניידלך,גרמים,127.00,100 גרם,false,1,11.90,9.37,true,1,
21859046209,false,"דגני בוקר קריספי רייס ""קמח"" 368 גרם",גליסטר,US,דגני בוקר ק368ג,גרמים,368.00,100 גרם,false,1,24.90,6.77,true,1,
21859046230,false,"דגני בוקר חיטה תפוחה ""קמח"" 510 גר",בנזלס,IL,דגני בוקר חיטה,גרמים,510.00,100 גרם,false,1,29.90,5.86,true,1,
21859050251,false,"תחתית פאי אפויה ""קמח"" 170 גרם",,US,תחתית פאי 170גרם,גרמים,170.00,100 גרם,false,0,13.90,8.18,true,1,
21859050305,false,"תחתית פאי אפויה בטעם שוקולד ""קמח"" 170 גרם",,US,תחתית פאי אפויה,גרמים,170.00,100 גרם,false,1,13.90,8.18,true,1,
22200954419,false,ליידי ספיד סטיק - דאודורנט סטיק לאישה אינביזבל דריי,,IL,דאודורנט ספיד סט,יחידה,1.00,יחידה,false,1,11.90,11.90,true,1,
22200954563,false,דאודורנט ספיד סטיק בית ה,,IL,דאודורנט ספיד סט,יחידה,1.00,יחידה,false,1,19.90,19.90,true,1,
22200956932,false,דאודורנט ספיד סטיק גל 24/7 כחול 85 גר,הנסיך- מפעל לייצור ט,US,דאודורנט ג'ל,גרמים,85.00,100 גרם,false,0,11.90,14.00,true,1,
22200956949,false,דאודורנט ג'ל כתום לגבר ספיד סטיק 85 גרם,קולגייט-פלמוליב,US,דאודורנט,גרמים,85.00,100 גרם,false,0,11.90,14.00,true,1,
22200964081,false,ליידי ספיד סטיק דאודורנט,,IL,ליידי ספיד סטיק,גרמים,65.00,100 גרם,false,1,14.90,22.92,true,1,
25675010147,false,עוגיות סנדוויץ' פשקס,,IL,עוגיות סנדוויץ',גרמים,435.00,100 גרם,false,1,14.90,3.43,true,1,
25675010161,false,עוגיות טריוס פשקס 432 גר,,IL,עוגיות טריוס פשק,גרמים,432.00,100 גרם,false,1,14.90,3.45,true,1,
25675010178,false,עוגיות טריוס פשקס 432 גר,,IL,עוגיות טריוס פשק,יחידה,1.00,יחידה,false,1,15.90,15.90,true,1,
25675010185,false,עוגיות סלימס פשקס,,IL,עוגיות סלימס,גרמים,309.00,100 גרם,false,1,12.90,4.17,true,1,
25675010925,false,ליידי פינגרס ביסקווי ( בישקוטים) 200 גר,,IL,ליידי פינגרס,גרמים,200.00,100 גרם,false,1,8.90,4.45,true,1,
25675013155,false,עוגיות מיני טריוס וניל,טריהאוס,US,עוגיות טריוס,גרמים,227.00,100 גרם,false,1,12.90,5.68,true,1,
25675015050,false,פריכיות אורז מרובע לירון קרביץ 140 גרם,RACIO S.R.O.,,פריכיות אורז,גרמים,140.00,100 גרם,false,0,5.90,4.21,true,1,
25675015159,false,פריכיות חיטה מלאה מרובע לירון קרביץ 155 גרם,RACIO S.R.O.,,פריכיות,גרמים,155.00,100 גרם,false,0,5.90,3.81,true,1,
25675015173,false,מיני פריכיות תירס 120 גר,,IL,פריכיות תירס,גרמים,120.00,100 גרם,false,1,9.90,8.25,true,1,
25675015197,false,מיני פריכיות דגנים 120גר,,IL,פריכיות דגנים,גרמים,120.00,100 גרם,false,1,9.90,8.25,true,1,
25675015258,false,פריכיות אורז,,IL,פריכיות אורז,גרמים,120.00,100 גרם,false,0,9.90,8.25,true,1,
25675015289,false,פריכיות דגנים מרובע לירון קרביץ 140 גרם,RACIO S.R.O.,,פריכיות דגנים,גרמים,140.00,100 גרם,false,0,5.90,4.21,true,1,
25675015357,false,פריכיות כוסמין 155 גרם לירון קרביץ,RACIO S.R.O.,,פריכיות כוסמין,גרמים,155.00,100 גרם,false,0,5.90,3.81,true,1,
25675015371,false,פריכיות אורז מצופות שוקו,,IL,פריכיות אורז מצו,גרמים,75.00,100 גרם,false,1,7.90,10.53,true,1,
25675015395,false,פריכיות תירס מצופות שוקו,,IL,פריכיות תירס מצו,גרמים,75.00,100 גרם,false,1,7.90,10.53,true,1,
25675015494,false,מיני פריכיות תירס מצופ40,,IL,פריכיות תירס,גרמים,40.00,100 גרם,false,1,4.90,12.25,true,1,
25675015517,false,פריכיות אורז עגולות פשקס,,IL,פריכיות אורז עגו,יחידה,1.00,יחידה,false,1,3.90,3.90,true,1,
25675015548,false,פריכיות חיטה מלאה פשקס,,IL,פריכיות חיטה מלא,יחידה,1.00,יחידה,false,1,3.90,3.90,true,1,
25675015562,false,פריכיות דגנים פשקס,,IL,פריכיות דגנים,יחידה,1.00,יחידה,false,1,3.90,3.90,true,1,
25675016002,false,קרקר מתובל עם שומשום 200 גרם,,IL,קרקר מתובל,יחידה,1.00,יחידה,false,1,9.90,9.90,true,1,
25675016033,false,קרקר כוסמין מלא 200 גרם,,HU,קרקר כוסמין מלא,גרמים,200.00,100 גרם,false,1,9.90,4.95,true,1,
25675016040,false,קרקר כוסמין 200 גרם,,IL,קרקר כוסמין,גרמים,200.00,100 גרם,false,1,9.90,4.95,true,1,
25675016057,false,קרקר חיטה מלאה 200 גרם,,IL,קרקר חיטה מלאה,יחידה,1.00,יחידה,false,1,9.90,9.90,true,1,
25675016064,false,קרקר ח.מלאה בטעם בצל 200,,IL,קרקר ח.מלאה בצל,גרמים,200.00,100 גרם,false,1,9.90,4.95,true,1,
25675016088,false,קרקר דגנים 200 גרם,,HU,קרקר דגנים,גרמים,200.00,100 גרם,false,1,9.90,4.95,true,1,
25675016101,false,קרקר דגנים עם שום 200 גרם,,IL,קרקר דגנים,גרמים,200.00,100 גרם,false,1,9.90,4.95,true,1,
25675016200,false,קרקר פריך מלוח -אורגינל 250 גר,,IL,קרקר פריך מלוח,גרמים,250.00,100 גרם,false,1,9.90,3.96,true,1,
25675051690,false,חטיף twiggs פשקס,,,חטיף twiggs פשקס,יחידה,1.00,יחידה,false,0,1.00,1.00,true,1,
25675060869,false,עוגיות א-ב 40 גרם | פשק,,IL,עוגיות א-ב וניל,גרמים,40.00,100 גרם,false,1,1.00,2.50,true,1,
25675060906,false,טידביסט שוקולד צ,,,טידביסט שוקולד צ,יחידה,1.00,יחידה,false,0,1.90,1.90,true,1,
25675060913,false,טידביטס שיבולת שועל פשקס,,IL,טידביטס שיבולת ש,יחידה,1.00,יחידה,false,1,1.90,1.90,true,1,
25675061101,false,בייגל שטוח מלוח פשקס,,IL,בייגל שטוח מלוח,יחידה,1.00,יחידה,false,1,3.90,3.90,true,1,
25675061125,false,בייגל שטוח מתובל,,,בייגל שטוח מתובל,יחידה,1.00,יחידה,false,0,3.90,3.90,true,1,
25675061149,false,בייגל שטוח חריף,,,בייגל שטוח חריף,יחידה,1.00,יחידה,false,0,3.90,3.90,true,1,
25675061156,false,בייגל לבבות שטוח,,,בייגל לבבות שטוח,יחידה,1.00,יחידה,false,0,3.90,3.90,true,1,
25675061170,false,בייגל כוסמין שטוח מלוח פ,,IL,בייגל כוסמין שטו,יחידה,1.00,יחידה,false,1,3.90,3.90,true,1,
25675061187,false,בייגל כוסמין שטוח מתובל,,IL,בייגל כוסמין שטו,יחידה,1.00,יחידה,false,1,3.90,3.90,true,1,
25675094222,false,ג'לי בינס חמוצון,,IL,ג'לי בינס חמוצון,גרמים,750.00,100 גרם,false,0,19.90,2.65,true,1,
25675094710,false,לקקן טופי בטעם יוגורט,DORI ALIMENTOS LTDA,BR,לקקן טופי 50 יח,יחידה,1.00,יחידה,false,1,15.90,15.90,true,1,
25675094741,false,לקקן טופי פטל פשקס 5,DORI ALIMENTOS LTDA,,לקקן טופי פטל,גרמים,540.00,100 גרם,false,0,15.90,2.94,true,1,
25675120006,false,חמצוצים 4 צבעים טעמים טבעי 100 גרם,פאסין ב.ו,NL,חמצוצים,גרמים,100.00,100 גרם,false,0,5.90,5.90,true,1,
25675120037,false,מקלות חמצוצים תות פשקז 100 גרם,פשקס קנדי,NL,חמצוצים תות,גרמים,100.00,100 גרם,false,0,5.90,5.90,true,1,
25675120044,false,מקלות חמצוצים תפוח עץ פשקז 100 גרם,פשקז Paskesz,NL,חמצוצים טעם תפוח,גרמים,100.00,100 גרם,false,0,5.90,5.90,true,1,
25675120068,false,מקלות חמצוצים בטעם קולה פשקז 100 גרם,פשקז Paskesz,NL,חמצוצים קולה,גרמים,100.00,100 גרם,false,0,5.90,5.90,true,1,
25675120358,false,גלי בינס פירות,,,גלי בינס פירות,גרמים,113.00,100 גרם,false,0,3.90,3.45,true,1,
25675122185,false,פרוט סנאק בטעם פירות .,,IL,פרוט סנאק בטעם פ,יחידה,1.00,יחידה,false,1,7.90,7.90,true,1,
25675122208,false,פשקס פרוט סנאק בטעם פירות יער 142 גרם,.,IL,פרוט סנאק בטעם פ,יחידה,1.00,יחידה,false,1,7.90,7.90,true,1,
25675122253,false,חטיפי פירות פשקס פרו,.,IL,פרוט סנאק תות,יחידה,1.00,יחידה,false,1,7.90,7.90,true,1,
25675124110,false,ג'לי בינס פירות 340 גרם,,IL,ג'לי בינס פירות,יחידה,1.00,יחידה,false,1,9.90,9.90,true,1,
25675124165,false,סוכריות טופי חמוצים טעם פירות,,IL,טופי פשקס בטעמי,גרמים,340.00,100 גרם,false,1,9.90,2.91,true,1,
25675124202,false,ג'לי בינס 450 גרם,,IL,ג'לי בינס,גרמים,450.00,100 גרם,false,0,9.90,2.20,true,1,
25675124226,false,סוכריות טופי פשק,,,סוכריות טופי פשק,יחידה,1.00,יחידה,false,0,9.90,9.90,true,1,
25675124356,false,אקווה טשוס משפחתי יח',,IL,אקווה טשוס משפחת,יחידה,1.00,יחידה,false,1,9.90,9.90,true,1,
25675124806,false,מרשמלו,,,מרשמלו,גרמים,227.00,100 גרם,false,0,9.90,4.36,true,1,
25675124813,false,מרשמלו צבעוני גדול,,IL,מרשמלו פירות 225 גרם,גרמים,225.00,100 גרם,false,0,9.90,4.40,true,1,
25675124912,false,נאטי צ'וז שקיות 283 גרם,JUSTBORN,IL,נאטי צ'וז שקיות,יחידה,1.00,יחידה,false,1,23.90,23.90,true,1,
25675124950,false,סוכריות טופי פירות פסקז 113 גר,,,סוכריות טופי,גרמים,113.00,100 גרם,false,0,3.90,3.45,true,1,
25675124974,false,טופי חמוץ מיקס פירות יער,,IL,טופי חמוץ מיקס,יחידה,1.00,יחידה,false,1,3.90,3.90,true,1,
25675125339,false,פרוט סנאק בטעם פירות .,,IL,פרוט סנאק,יחידה,1.00,יחידה,false,1,12.90,12.90,true,1,
25675125353,false,פרוט סנאק בטעם פירות יער,,IL,פרוט סנאק,יחידה,1.00,יחידה,false,1,12.90,12.90,true,1,
25675300125,false,חטיף סמירק פשקס 50 ג,NATRA,IL,סמירק,גרמים,50.00,100 גרם,false,0,3.90,7.80,true,1,
25675300217,false,סוכריות סופר מינטס .,,IL,סוכריות סופר מינ,יחידה,1.00,יחידה,false,1,3.90,3.90,true,1,
25675300231,false,נאטי צ'וז בר 50 גרם,.,IL,נאטי צ'וז בר,גרמים,50.00,100 גרם,false,0,3.90,7.80,true,1,
25675300262,false,סוכריות סופר מינטס .,,IL,סוכריות סופר מינ,יחידה,1.00,יחידה,false,1,3.90,3.90,true,1,
25675300521,false,סוכריות ג'לי בינס בודד,,IL,סוכריות ג'לי בינ,גרמים,25.00,100 גרם,false,1,0.70,2.80,true,1,
25675303287,false,פופלס דיספליי שקית קטנה,,IL,פופלס דיספליי,יחידה,1.00,יחידה,false,1,3.90,3.90,true,1,
25675370258,false,סמירק בייטס פשקס,,IL,סמירק בייטס,גרמים,141.00,100 גרם,false,1,9.90,7.02,true,1,
25675705555,false,בצל מטוגן פריך 150 גרם,איסטרוניקס,IL,בצל מטוגן פריך 150 גרם,גרמים,150.00,100 גרם,false,1,8.90,5.93,true,1,
25675705654,false,בצל מטוגן פריך בשקית פשקז 400ג',איסטרוניקס,IL,בצל מטוגן פריך,גרמים,400.00,100 גרם,false,1,11.90,2.98,true,1,
25675810709,false,מציות בטעם EVERYTHING,,IL,מציות בטעם EVERY,יחידה,1.00,יחידה,false,1,11.90,11.90,true,1,
25675810716,false,מציות בטעם בצל,,IL,מציות בטעם בצל,גרמים,150.00,100 גרם,false,1,11.90,7.93,true,1,
25675810723,false,מציות בטעם שום,,IL,מציות בטעם שום,יחידה,1.00,יחידה,false,1,11.90,11.90,true,1,
25675810730,false,קרקר סלים טונס בטעם,אונגרס,IL,מציות בטעם אורגי,יחידה,1.00,יחידה,false,1,11.90,11.90,true,1,
25675845695,false,ג'לי תולעים חמוצות בקופסא 170 גרם,,IL,ג'לי תולעים חמוצ,יחידה,1.00,יחידה,false,1,8.90,8.90,true,1,
25675845701,false,ג'לי דובונים בקופסא 170 גרם,,IL,ג'לי דובדבנים-קו,יחידה,1.00,יחידה,false,1,8.90,8.90,true,1,
25675845718,false,ג'לי דובונים חמוצים בקופסא 170 גרם,,IL,ג'לי דובדבנים-קו,יחידה,1.00,יחידה,false,1,8.90,8.90,true,1,
25675950122,false,סוכריות טופי פירות סביבו,,IL,סוכריות טופי פיר,גרמים,16.00,100 גרם,false,1,1.00,6.25,true,1,
25675950313,false,פשקס סוכריות אודלס תות מארז שקית,ג'ודילינג פודס קומפנ,CN,סוכרית אודלס224ג,גרמים,224.00,100 גרם,false,1,9.90,4.42,true,1,
25675950337,false,אודלס בטעם ענבים מאגדת שקית 224 גר,,IL,סוכרית אודלס224ג,גרמים,224.00,100 גרם,false,1,9.90,4.42,true,1,
25675950351,false,פשקס סוכריות אודלס דובדבן מארז שקית,ג'ודילינג פודס קומפנ,CN,סוכרית אודלס224ג,גרמים,224.00,100 גרם,false,1,9.90,4.42,true,1,
25675950382,false,פשקס סוכריות אודלס פטל מארז שקית,ג'ודילינג פודס קומפנ,CN,סוכרית אודלס224ג,גרמים,224.00,100 גרם,false,1,9.90,4.42,true,1,
25675950405,false,סוכריות אודלס תפוח עץ פשקס 224 גר',צאוזי גונדילונג פוד,CN,סוכרית אודלס224ג,גרמים,224.00,100 גרם,false,1,9.90,4.42,true,1,
25675950429,false,סביבון אודלס מאגדת שקיות מיקס 192 גרם,צאוזי גונדילונג פוד,CN,אודלס סביבון,גרמים,192.00,100 גרם,false,1,9.90,5.16,true,1,
27000390146,false,האנטס רוטב עגבניות 426 גרם,קונאגרה פודס,US,רוטב עגבניות,גרמים,426.00,100 גרם,false,1,9.90,2.32,true,1,
27000442128,false,רוטב סלופי גו' 439 גרם manwich hunt's,,IL,רוטב סלופי manwi,גרמים,439.00,100 גרם,false,1,14.90,3.39,true,1,
27271115288,false,רוטב תיבול חרדל (דיז'ון) ודבש 370 גרם בריאנאס,,IL,רוטב חרדל ודבש,מיליליטרים,355.00,"100 מ""ל",false,1,22.90,6.45,true,1,
27271119286,false,רוטב לימון טרגון,,,רוטב לימון טרגון,יחידה,1.00,יחידה,false,0,22.90,22.90,true,1,
29424000571,false,וופל מצופה אגוז מנעמים 800 גרם מארז 40 יחידות,,IL,וופלים מצופים אג,יחידה,1.00,יחידה,false,1,14.90,14.90,true,1,
33200147701,false,פרש&סופט דפים למייבש בניחוח טרופי 100 יח,פרש אנד סופט Frash'n soft,US,דפים למייבש,יחידה,1.00,יחידה,false,0,22.90,22.90,true,1,
34000544103,false,טוויזלרס ממתק ליקוריץ שחור ניבס 170 גרם,,IL,טוויזלרס ליקוריץ,יחידה,1.00,יחידה,false,1,17.90,17.90,true,1,
34000544134,false,טוויזלרס ממתק שרי ניבס 170 גרם,,IL,הרשי טוויזלרס שר,גרמים,170.00,100 גרם,false,1,9.90,5.82,true,1,
35057690027,false,KOSURE אבקה להכנת שוקו 284 גרם,,IL,אבקה להכנת שוקו,גרמים,284.00,100 גרם,false,1,32.90,11.58,true,1,
35057690041,false,"KOSURE אבקה להכנת שוקו חלבי לל""ס 119 גרם",,IL,אבקה להכנת שוקו,גרמים,119.00,100 גרם,false,1,32.90,27.65,true,1,
35057692007,false,אבקה להכנת קפוצ',,,אבקה להכנת קפוצ',יחידה,1.00,יחידה,false,0,27.90,27.90,true,1,
36000487398,false,קלינקס ממחטות טישו בקרטון,,IL,טישיו קלינקס בקו,יחידה,1.00,יחידה,false,1,8.90,8.90,true,1,
38000232169,false,פרינגלס מידי אורגינל 67 גרם.,פרינגלס מנופקצ'ורינג קונ,US,פרינגלס אורגינל,גרמים,67.00,100 גרם,false,1,5.50,8.21,true,1,
38000232183,false,פרינגלס ביג אורגינל 149 גרם,פרינגלס מנופקצ'ורינג קונ,US,פרינגלס אורגינל,גרמים,149.00,100 גרם,false,1,7.90,5.30,true,1,
39000008006,false,אורטגה טאקו מקסיקני 12 יחידות 164 גרם,בי אנד ג'י,US,טאקו מקסיקני,גרמים,164.00,100 גרם,false,1,21.90,13.35,true,1,
41255015296,false,מחית אוכמניות לעוגה 595 גרם,,,מחית אוכמניות,גרמים,595.00,100 גרם,false,0,16.60,2.79,true,1,
41255015388,false,מחית דובדבנים קוסטוק 595 גר',,,מחית דובדבנים,יחידה,1.00,יחידה,false,0,16.60,16.60,true,1,
41457014578,false,גומיות סבתא 18- חום עבה,,IL,גומיות סבתא 18-,יחידה,1.00,יחידה,false,1,14.90,14.90,true,1,
41457014653,false,גומיות סבתא 18 שחור עבה,,IL,גומיות סבתא 18 ש,יחידה,1.00,יחידה,false,1,14.90,14.90,true,1,
41457099285,false,מארז גמיות צבעוניות,,IL,גודי,יחידה,1.00,יחידה,false,1,19.90,19.90,true,1,
41457109113,false,מארז גומיות ג'ודי דודו,,IL,מארז גומיות ג'וד,יחידה,1.00,יחידה,false,1,14.90,14.90,true,1,
41457171615,false,מברשת שיער ג'ודי,,IL,מברשת שיער ג'ודי,יחידה,1.00,יחידה,false,1,19.90,19.90,true,1,
41457436295,false,גומיות לשיער ג'ודי שחורו,,IL,גומיות לשיער ג'ו,יחידה,1.00,יחידה,false,1,14.90,14.90,true,1,
41457673003,false,גומיות איכותיות לתינוקות,,IL,גומיות איכותיות,יחידה,1.00,יחידה,false,1,14.90,14.90,true,1,
41740001056,false,גולדס רוטב לצלעות חמוץ מתוק 539 גרם,גולד פיור פוד,US,רוטב לצלעות539ג,גרמים,539.00,100 גרם,false,1,21.90,4.06,true,1,
41740001155,false,גולד רוטב ברווז קנטונזי חמוץ מתוק 1.13קג,גולד פיור פוד,US,רוטב ברווז 1.13ק,קילוגרמים,1.13,"ק""ג",false,1,29.90,26.46,true,1,
42400037002,false,דגני בוקר בטעם פירות 368 גרם,פוסט פודס,US,דגני בוקר,גרמים,368.00,100 גרם,false,1,22.90,6.22,true,1,
43194325870,false,גומיות 15 שחור - סקנשי ד,,IL,גמיות 15 שחור סק,יחידה,1.00,יחידה,false,1,12.90,12.90,true,1,
43427000130,false,"""פריכיות אורז בציפוי שוקולד פרווה 90 גרם """"ליברס""""""",KZP,PL,פרכיות אורז 90ג,גרמים,90.00,100 גרם,false,1,10.90,12.11,true,1,
43427000321,false,פריכיות תירס דקיקות ליברס 90 גרם,KZP,PL,פריכיות תירס 90ג,גרמים,90.00,100 גרם,false,1,5.90,6.56,true,1,
43427000338,false,"פריכיות אורז דקיקות עם מלח ""ליברס""",KZP,PL,פריכיות אורז90ג,גרמים,90.00,100 גרם,false,1,5.90,6.56,true,1,
43427000345,false,"פריכיות אורז דקיקות עם דגנים """"ליברס""""",KZP,PL,פריכיות אורז 90ג,גרמים,90.00,100 גרם,false,1,5.90,6.56,true,1,
43427000581,false,"שימורי מחית דובדבנים ""לייט"" לפאי 567 גרם ""ליברס""",בורנט פודס אינק,US,מחית דובדבן לייט,גרמים,567.00,100 גרם,false,1,24.90,4.39,true,1,
43427001014,false,"עוגיות סנדוויץ מיני בטעם שוקולד 227 גרם """"ליברס""",טרי האוז פודס,US,עוגיות סנדויץ,גרמים,227.00,100 גרם,false,1,5.90,2.60,true,1,
43427001038,false,"עוגיות סנדוויץ מיני בטעם וניל 227 גרם """"ליברס""",טרי האוז פודס,US,עוגיות סנדויץ,יחידה,1.00,יחידה,false,1,5.90,5.90,true,1,
43427001342,false,"מארז ג'לי פרוט סנפס בצורות פירות 6*28 גרם ""ליברס""",,IL,מארז ג'לי פרוט,גרמים,168.00,100 גרם,false,1,12.90,7.68,true,1,
43427001359,false,מארז ג'לי פרוט סנפס חיות ליברס,מיה תעשיות מזון בעמ,IL,מארז ג'לי פרוט,גרמים,168.00,100 גרם,false,1,12.90,7.68,true,1,
43427001489,false,"קמח שקדים כשל""פ 400 גרם",,US,קמח שקדים,גרמים,400.00,100 גרם,false,1,44.90,11.23,true,1,
43427001496,false,"רוטב ספייסי מיו 454 גרם ""ליברס""",אם אס אר,TH,רוטב ספייסי מיו,גרמים,454.00,100 גרם,false,1,19.90,4.38,true,1,
43427001991,false,"סוכריות בצורת כפתורים 56 גרם ""ליברס""",סנרייז,US,מגה קנדי בוטנס,גרמים,56.00,100 גרם,false,1,12.90,23.04,true,1,
43427002103,false,"תרסיס שמן קנולה 142 גרם ""ליברס""",פולמר דוולופמנט,US,תרסיס שמן קנולה,גרמים,142.00,100 גרם,false,1,14.90,10.49,true,1,
43427002929,false,"פריכיות אורז בציפוי שוקולד חלב ופצפוצי קרמל 105 גרם ""ליברס""",,IL,פריכיות אורז,גרמים,105.00,100 גרם,false,1,12.90,12.29,true,1,
43427003025,false,"רוטב פיצה בשימורים 411 גרם ""ליברס""",,,ליברס רוטב פיצה,יחידה,1.00,יחידה,false,0,14.90,14.90,true,1,
43427003032,false,"רוטב לספגטי בשימורים 411 גרם ""ליברס""",,,ליברס רוטב לספגט,יחידה,1.00,יחידה,false,0,14.90,14.90,true,1,
43427003919,false,"""מארז 8 שקיות רשת בד לבישול """"ליברס""""""",,IL,שקיות לבישול 8יח,יחידה,1.00,יחידה,false,1,9.90,9.90,true,1,
43427004619,false,"רוטב ברווז חצוץ מתוק כשל""פ ליברס",ווברס קומפני,TH,רוטב ברווז חמוץ.,גרמים,793.00,100 גרם,false,1,19.90,2.51,true,1,
43427005234,false,"מיץ רימונים טבעי 946 מ""ל",מישיגן פוד פרוססורס,US,מיץ רימונים טבעי,מיליליטרים,946.00,"100 מ""ל",false,1,35.20,3.72,true,1,
43427006651,false,"רוטב צ'ילי מתוק כשל""פ 500 מ""ל ""ליברס""",באאקו,TH,רוטב צ'ילי מתוק,מיליליטרים,500.00,"100 מ""ל",false,1,14.90,2.98,true,1,
43427006668,false,"רוטב בריסקט כשל""פ 396 גרם ליברס",,IL,רוטב בריסקט,גרמים,396.00,100 גרם,false,1,29.90,7.55,true,1,
43427007559,false,"מלפפונים חמוצים קטן 720 גר' ""ליברס""",קיי איי פי,IN,מלפפונים חמוצים,מיליליטרים,720.00,"100 מ""ל",false,1,17.90,2.49,true,1,
43427007801,false,"רוטב סרירצה כשל""פ ""ליברס"" 454 גר'",אם אס אר,TH,רוטב סריראצה,גרמים,454.00,100 גרם,false,1,19.90,4.38,true,1,
43427011020,false,סוכריות ג'לי בטעם פירות פרוט ג'ולס 255 גרם,ליברס,IL,סוכריות פירות,גרמים,255.00,100 גרם,false,1,17.90,7.02,true,1,
43427011501,false,"""רוטב סרירצה מיונז 454 גרם """"ליברס""""""",אם אס אר,TH,רוטב סריראצ'ה,גרמים,454.00,100 גרם,false,1,19.90,4.38,true,1,
43427011525,false,"""פרוסות פלפל חריף 473 מ""""ל """"ליברס""""""",,US,פרוסות פלפל חריף,מיליליטרים,473.00,"100 מ""ל",false,1,19.90,4.21,true,1,
43427019002,false,"רסק תפוחים ללא תוספת סוכר כשל""פ ""ליברס"" 1.3 ק""ג",בורנייט פודס,US,רסק תפוחים,קילוגרמים,1.36,"ק""ג",false,1,19.90,14.63,true,1,
43427030328,false,עוגיות עם ציפוי שוקולד 290 גרם ליברס,פרימרט,,עוגיות עם ציפוי,יחידה,1.00,יחידה,false,0,9.90,9.90,true,1,
43427101332,false,"סירופ תירס 12 אונקיית נוזל, 340 גרם",סי ברייז,US,סירופ תירס 340 ם,מיליליטרים,355.00,"100 מ""ל",false,1,14.90,4.20,true,1,
43427109703,false,ג'לי בטעם פטל משי מנו,,IL,ג'לי בטעם פטל,יחידה,1.00,יחידה,false,1,8.90,8.90,true,1,
43427111102,false,"סוכריות בצורת כפתורים חמוץ מתוק 56 גרם ""ליברס""",סנרייז,US,סוכריות כפתורים,גרמים,56.00,100 גרם,false,1,12.90,23.04,true,1,
43427111195,false,"פריכיות אורז בציפוי שוקולד חלבי 90 גרם """"ליברס""""",KZP,PL,פרכיות אורז90גרם,גרמים,90.00,100 גרם,false,1,10.90,12.11,true,1,
43427111799,false,פירורי גראהם 396 גרם,גומפרטס,CA,פירורי גראהם396ג,גרמים,396.00,100 גרם,false,1,14.90,3.76,true,1,
43427111898,false,מלפפונים חמוצים קטן מאוד ליברס 670 גרם,קיי איי פי,IN,מלפפונים חמוצים,מיליליטרים,720.00,"100 מ""ל",false,1,17.90,2.49,true,1,
43427112093,false,"תרסיס שמן זית 142 גרם ""ליברס""",פולאר,IL,תרסיס שמן זית,גרמים,142.00,100 גרם,false,1,22.90,16.13,true,1,
43427113243,false,רוטב צ'ילי מתוק משי מנופ,,IL,רוטב צ'ילי מתוק,גרמים,425.00,100 גרם,false,1,24.90,5.86,true,1,
43427115964,false,רוטב טעם סויה מופחת נתרן,באאקו,TH,רוטב בטעם סויה,גרמים,283.00,100 גרם,false,1,14.90,5.27,true,1,
43427115971,false,"רוטב בטעם טריאקי כשל""פ ללא קטניות ""ליברס"" 283 גר",באאקו,TH,רוטב בטעם טריאקי,גרמים,283.00,100 גרם,false,1,14.90,5.27,true,1,
43427124102,false,"מיץ שזיפים כשל""""פ 946 מ""""ל """"ליברס""""",אינדיאן סאמר,US,מיץ שזיפים ליברס,מיליליטרים,946.00,"100 מ""ל",false,1,25.20,2.66,true,1,
43427130516,false,"קרקר מלוח סנקרס ""ליברס"" 388 גרם",ביי וואלי פודס,US,קרקר מלוח ליברס,גרמים,388.00,100 גרם,false,1,21.90,5.64,true,1,
43427137027,false,רוטב גנרל טאו משי מנופים,,IL,רוטב גנרל טאו,גרמים,425.00,100 גרם,false,1,24.90,5.86,true,1,
43427152341,false,פודינג בטעם שוקו,,,פודינג בטעם שוקו,יחידה,1.00,יחידה,false,0,8.90,8.90,true,1,
43427153010,false,"רביעיית מיץ תפוחים אישי 200 מ""""ל קרטונית """"ליברס""""",,CA,מיץ תפוחים,מיליליטרים,800.00,"100 מ""ל",false,1,16.90,2.11,true,1,
43427154000,false,"ממתק ג'לי סאורס 255 גרם ""ליברס""",בייקו,IL,ממתק ג'לי סאורס,גרמים,255.00,100 גרם,false,1,14.90,5.84,true,1,
43427160407,false,"שימורי מחית דובדבנים לפאי 595 גרם ""ליברס""",בורנט פודס אינק,US,מחית דובדבן,גרמים,595.00,100 גרם,false,1,24.90,4.18,true,1,
43427160414,false,"שימורי מחית בלוברי לפאי 595 גרם ""ליברס""",בורנייט פודס,IL,מלית אוכמניות,גרמים,595.00,100 גרם,false,1,29.90,5.03,true,1,
43427170024,false,עוגיות סנדוויץ בטעם וניל 368 גרם ליברס,טרי האוז פוד,IL,עוגיות סנדוויץ ו,יחידה,1.00,יחידה,false,1,11.90,11.90,true,1,
43427170161,false,עוגיות רכות עם שוקולד צי'פס 397 ג' ליברס.,ביי וואלי פודס,US,עוגיות שוקו.ציפס,גרמים,397.00,100 גרם,false,0,22.90,5.77,true,1,
43427171137,false,"""עוגיות סנדוויץ דופלקס 368 גרם """"ליברס""""""",טרי האוז פודס,US,עוגיות סנדוויץ',גרמים,368.00,100 גרם,false,1,12.90,3.51,true,1,
43427171144,false,"""עוגיות סנדוויץ בטעם שוקולד 368 גרם """"ליברס""""""",טרי האוז פודס,US,עוגיות סנדוויץ',גרמים,368.00,100 גרם,false,1,12.90,3.51,true,1,
43427176002,false,"שמן אבוקדו כשל""פ 500 מ""ל ליברס",ליברס,US,שמן אבוקדו,מיליליטרים,500.00,"100 מ""ל",false,1,39.90,7.98,true,1,
43427179003,false,מארז ג'לי פרוט סנפס משי,,IL,מארז ג'לי פרוט ס,גרמים,28.00,100 גרם,false,1,12.90,46.07,true,1,
43427180009,false,צאו מיין נודלס עבים 283,,US,נודלס עבים,גרמים,283.00,100 גרם,false,1,14.90,5.27,true,1,
43427180016,false,רסק תפוחים ללא סוכר שישיות 680 גר' ליברס,בורנייט פודס,US,"רסק תפוחים ללת""",גרמים,680.00,100 גרם,false,1,16.90,2.49,true,1,
43427180276,false,"בייגלה עם דבש 240 גרם ""ליברס""",בנזל'ס,US,בייגלך עם דבש,גרמים,240.00,100 גרם,false,1,14.90,6.21,true,1,
43427181044,false,"קורן צ'יפס חטיף תירס בטעם ברבקיו 28 גרם ""ליברס""",ביקל'ס סנק פודס,US,חטיף תירס,גרמים,28.00,100 גרם,false,1,3.90,13.93,true,1,
43427181150,false,קורן צ'יפס חטיף תירס בטעם ברביקיו ליברס 312 גרם,בלומס,IL,צ'יפס תירס ליברס,גרמים,312.00,100 גרם,false,1,13.90,4.46,true,1,
43427182010,false,בייגלה מקלות עבים 340 גרם ליברס,בנזל פוד,IL,בייגלה מקלות,גרמים,340.00,100 גרם,false,1,14.90,4.38,true,1,
43427182034,false,בייגלה שמיניות עבים 340 גרם ליברס,בנזל פוד,US,בייגלה שמיניות,גרמים,340.00,100 גרם,false,1,14.90,4.38,true,1,
43427182119,false,"בייגלה צמות 340 גרם ""ליברס""",בנזל פוד,US,בייגלה צמות,גרמים,340.00,100 גרם,false,1,10.90,3.21,true,1,
43427189002,false,"רסק תפוחים בתוספת סוכר כשל""פ ""ליברס"" 1.36 ק""ג",בורנייט פודס,US,רסק תפוחים,קילוגרמים,1.36,"ק""ג",false,1,19.90,14.63,true,1,
43427192330,false,"ממתק ג'לי בינס 255 גרם ""ליברס""",,,ממתק ג'לי בינס,יחידה,1.00,יחידה,false,0,13.90,13.90,true,1,
43427195157,false,אבקה להכנת מרק 78 גרם,אימפריאל פודס אינק,US,אבקה להכנת מרק,גרמים,78.00,100 גרם,false,1,11.90,15.26,true,1,
43427195843,false,סוכריות טופי בטעמי פירות,,IL,סוכריות טופי בטע,גרמים,200.00,100 גרם,false,1,8.90,4.45,true,1,
43427199001,false,"חומץ תפוחים אורגני 500 מ""ל ""ליברס""",אקווינאל אס. אל.,ES,חומץ תפוחים,מיליליטרים,500.00,"100 מ""ל",false,1,17.90,3.58,true,1,
43427199261,false,אבקת מרק בטעם פטריות,אלייד פודס,US,אבקת מרק בטעם פט,גרמים,400.00,100 גרם,false,1,24.90,6.23,true,1,
43427199407,false,מיונז ליברס 950 גרם,צ'פלר פודס,IL,"מיונז 887 מ""ל",יחידה,1.00,יחידה,false,1,29.90,29.90,true,1,
43427199414,false,"מיונז לייט 887 מ""ל ליברס",צ'פלר פודס,IL,מיונז לייט 887 מ,יחידה,1.00,יחידה,false,1,29.90,29.90,true,1,
43427200134,false,"רוטב חמוציות ג'לי 454 גרם ""ליברס""",,CA,רוטב חמוציות ג'ל,גרמים,454.00,100 גרם,false,1,14.90,3.28,true,1,
43427200141,false,"רוטב חמוציות שלמות 454 גרם ""ליברס""",,US,רוטב חמוציות,גרמים,454.00,100 גרם,false,1,14.90,3.28,true,1,
43427200387,false,"מיץ אננס טבעי 1.89 ליטר ""ליברס""",,US,מיץ אננס טבעי,ליטרים,1.89,ליטר,false,1,34.90,18.47,true,1,
43427200608,false,"פירורי לחם בסגנון אמריקאי צנצנת 425 גרם ""ליברס""",אימפריאל פודס אינק,US,פירורי לחם,גרמים,425.00,100 גרם,false,1,11.90,2.80,true,1,
43427200615,false,"פירורי לחם בסגנון אמריקאי צנצנת 425 גרם ""ליברס""",אימפריאל פודס אינק,US,פירורי לחם מתובל,גרמים,425.00,100 גרם,false,1,11.90,2.80,true,1,
43427200776,false,רסק תפוחים בטעם דובדבן 6,,IL,רסק תפוחים בטעם,יחידה,1.00,יחידה,false,1,16.90,16.90,true,1,
43427201056,false,"זיתי מנזלינו טבעות ""ליברס"" 198 גרם",.,IL,טבעות זיתים צנצנ,גרמים,198.00,100 גרם,false,1,11.90,6.01,true,1,
43427201483,false,"רוטב סרירצה ""ליברס"" 454 גרם",אם אס אר,TH,רוטב סריראצה,גרמים,454.00,100 גרם,false,1,19.90,4.38,true,1,
43427222143,false,"שקית פירורי תירס לציפוי 340 גרם """"ליברס""""",סנטי,PL,פרורי תירס 340 ג,גרמים,340.00,100 גרם,false,1,14.90,4.38,true,1,
43427222600,false,"רוטב סויה ""ליברס"" 296 מ""ל",באהקו פוד קו,TH,רוטב סויה,מיליליטרים,296.00,"100 מ""ל",false,1,9.90,3.34,true,1,
43427222617,false,"רוטב סויה מופחת נתרן ""ליברס"" 296 מ""ל",באהקו פוד קו,TH,רוטב סויה,מיליליטרים,296.00,"100 מ""ל",false,1,9.90,3.34,true,1,
43427222624,false,"רוטב טריאקי ""ליברס"" 296 מ""ל",באהקו פוד קו,TH,רוטב טריאקי,מיליליטרים,296.00,"100 מ""ל",false,1,9.90,3.34,true,1,
43427225014,false,רוטב פסטה מרינרה 680 גרם,פי אל פודס,US,רוטב פסטה מרינרה,גרמים,680.00,100 גרם,false,1,13.90,2.04,true,1,
43427240017,false,"חומץ בלסמי אורגני כשל""פ 500 מ""ל ""ליברס""",ליברס,IL,חומץ בלסמי,מיליליטרים,500.00,"100 מ""ל",false,1,22.90,4.58,true,1,
43427245005,false,"""מחית תפוחים ממותק פאוץ 4*90 גרם """"ליברס""""""",ליברס,IL,מחית תפוחים ממות,גרמים,360.00,100 גרם,false,1,11.90,3.31,true,1,
43427247009,false,מחית תפוחים עם תות פאוץ 4*90 גרם ליברס,ליברס,IL,מחית תפוחים עם ת,יחידה,1.00,יחידה,false,1,11.90,11.90,true,1,
43427248006,false,חרדל אמריקאי מתובל 340 ג,וואבר'ס מנפקטורינג קומפנ,US,חרדל אמריקאי,גרמים,340.00,100 גרם,false,1,12.90,3.79,true,1,
43427269001,false,"תרסיס שמן אבוקדו 146 מ""ל ""ליברס""",פולמר דוולופמנט,US,ספריי שמן אבוקדו,מיליליטרים,146.00,"100 מ""ל",false,1,29.90,20.48,true,1,
43427271004,false,"חומץ טבעי 5 % כשל""פ 473 מ""ל ""ליברס""",אקובינאל,ES,חומץ טבעי,גרמים,510.00,100 גרם,false,1,4.90,0.96,true,1,
43427333122,false,זיתים מנזלינו מגולענים,ס.א.י.,ES,זיתים מנזלינו מג,גרמים,226.00,100 גרם,false,1,12.90,5.71,true,1,
43427351003,false,"רסק תפוחים ללא סוכר שישיות כשל""פ ""ליברס"" 680 גרם",בורנייט פודס,US,רסק תפוחים,גרמים,680.00,100 גרם,false,1,16.90,2.49,true,1,
43427400480,false,"ממתק שרי ניבס 113 גרם """"ליברס""""",סנרייז,US,ממתק שרי ניבס,גרמים,113.00,100 גרם,false,1,14.90,13.19,true,1,
43427401401,false,מארז ג'לי פרוט סנפס בצורות כוכבים 28 גרם,מיה תעשיות מזון בעמ,IL,מארז ג'לי פרוט ס,גרמים,28.00,100 גרם,false,1,12.90,46.07,true,1,
43427401418,false,מארז ג'לי פרוט סנפס בצורות דובים 28 גרם,,IL,מארז ג'לי פרוט ס,גרמים,28.00,100 גרם,false,1,12.90,46.07,true,1,
43427613002,false,שימורי רוטב עגבניות משי,,IL,שימורי רוטב עגבנ,יחידה,1.00,יחידה,false,1,7.90,7.90,true,1,
43427663403,false,בייגלה שמיניות עבים,בנזל פודס,US,בייגלה,גרמים,340.00,100 גרם,false,1,8.90,2.62,true,1,
43427700665,false,"ממרח חרדל 397 גרם ""ליברס""",וואברס מנפקטורינג קומפני,US,ממרח חרדל ליברס.,גרמים,397.00,100 גרם,false,1,11.90,3.00,true,1,
43427721103,false,רוטב אלף האיים ליברס,פרימה,IL,רוטב אלף האיים,מיליליטרים,473.00,"100 מ""ל",false,1,14.90,3.15,true,1,
43427723107,false,"רוטב איטלקי לסלט כשל""פ",פרימה,IL,רוטב איטלקי,מיליליטרים,473.00,"100 מ""ל",false,1,14.90,3.15,true,1,
43427780018,false,רסק תפוחים ממותק 1.36 קג,בורנייט פודס,US,רסק תפוחים ממותק,קילוגרמים,1.36,"ק""ג",false,1,19.90,14.63,true,1,
43427790017,false,"רסק תפו""ע ללא סוכר ל",בורנייט פודס,US,רסק תפוחים,קילוגרמים,1.30,"ק""ג",false,1,19.90,15.31,true,1,
43427890007,false,"זיתי מנזלינו ממולאים ""ליברס"" 283 גרם",,ES,זיתים ממולאים,גרמים,283.00,100 גרם,false,1,12.90,4.56,true,1,
44164000544,false,נר נשמה בפחית,,IL,נר נשמה בפחית,יחידה,1.00,יחידה,false,0,1.90,1.90,true,1,
44164001138,false,נר נשמה דונג 26 שעות שרג,,IL,נר נשמה דונג,יחידה,1.00,יחידה,false,1,6.90,6.90,true,1,
44164002890,false,נר נשמה משמן זית 48 שעות שרגא,,IL,נר 48 שעות זית,יחידה,1.00,יחידה,false,1,5.90,5.90,true,1,
44164002999,false,נר שבועי שמן זית -שרגא,,IL,נר שבועי שמן זית,יחידה,1.00,יחידה,false,1,18.90,18.90,true,1,
44164005044,false,נר הבדלה צבעוני,,IL,נר הבדלה צבעוני,יחידה,1.00,יחידה,false,0,7.50,7.50,true,1,
44164005112,false,נר הבדלה דונג,,IL,נר הבדלה דונג,יחידה,1.00,יחידה,false,0,7.50,7.50,true,1,
44164095694,false,פתיל צף עגול גדול -שרגא-כולל פינצטה,,IL,פתיל צף עגול גדו,יחידה,1.00,יחידה,false,1,2.90,2.90,true,1,
44164102347,false,נריות נדלקים 3 שעות,,,נרונים 3 שעות,יחידה,1.00,יחידה,false,1,19.90,19.90,true,1,
44164102385,false,נרונים 72 יחידות 4 שעות - שרגא,שרגא שווק ויצור נרות,IL,"נרונים 4 שעות ""ש",יחידה,1.00,יחידה,false,0,25.90,25.90,true,1,
44164102453,false,נרונים 72 יחידות 6 שעות - שרגא,שרגא שווק ויצור נרות,IL,"נרונים 6 שעות ""ש",יחידה,1.00,יחידה,false,0,31.90,31.90,true,1,
44164103382,false,נרונים לשבת שמן זית 5 שעות שרגא,,IL,נרונים משמן זית,יחידה,1.00,יחידה,false,1,17.90,17.90,true,1,
44164105454,false,נרונים 5 שעות שרגא 72 יח,,,נרונים 5 שעות,יחידה,1.00,יחידה,false,1,25.90,25.90,true,1,
44164291867,false,נרונים 6 שעות 72 יחידות,,IL,נרונים 6 שעות לה,יחידה,1.00,יחידה,false,1,20.90,20.90,true,1,
44164292987,false,נרונים 4 שעות להבה,,IL,נרונים 4 שעות לה,יחידה,1.00,יחידה,false,1,18.90,18.90,true,1,
44164313835,false,נר זיכרון בזכוכית 48 שעות,,,נר נשמה 48 שעות,יחידה,1.00,יחידה,false,0,3.90,3.90,true,1,
44164313989,false,נר נשמה 72 שעות,,,נר נשמה 72 שעות,יחידה,1.00,יחידה,false,0,4.90,4.90,true,1,
44164341142,false,נר זיכרון דולק 7 ימים -פלסטיק,שרגא שווק ויצור נרות,IL,נר זיכרון 7 ימים,יחידה,1.00,יחידה,false,1,8.90,8.90,true,1,
44164364820,false,נר נשמה 24 שעות,,,נר נשמה 24 שעות,יחידה,1.00,יחידה,false,0,1.90,1.90,true,1,
44164369962,false,נר זיכרון דולק 9 ימים -פלסטיק,שרגא שווק ויצור נרות,IL,נר זיכרון 9 ימים,יחידה,1.00,יחידה,false,1,11.90,11.90,true,1,
44164385221,false,נר זכרון 3 ימים שרגא,שרגא שווק ויצור נרות,IL,נר זיכרון 3 ימים,יחידה,1.00,יחידה,false,1,5.50,5.50,true,1,
44164389793,false,נר נשמה שבועי להבה,,,נר נשמה שבועי,יחידה,1.00,יחידה,false,0,8.90,8.90,true,1,
44164800212,false,לפידונים פרימיום,,IL,לפידונים פרימיום,יחידה,1.00,יחידה,false,1,39.90,39.90,true,1,
44164857612,false,ערכה מוצק קטן צבעוני שרג,,IL,ערכה מוצק קטן צב,יחידה,1.00,יחידה,false,1,33.00,33.00,true,1,
44164896529,false,חנוכיית פס + אבי,,,חנוכיית פס + אבי,יחידה,1.00,יחידה,false,0,9.90,9.90,true,1,
46676133116,false,גושי טונה לבני בשמן סויה 142 גרם Dagim,דיאמוד פוד פרודקט סי,IL,גושי טונה לבנה ב,גרמים,142.00,100 גרם,false,1,12.90,9.08,true,1,
46676182121,false,גושי טונה לבנה במי מלח 142 גרם Dagim,דיאמוד פוד פרודקט סי,IL,גושי טונה לבנה ב,גרמים,142.00,100 גרם,false,1,12.90,9.08,true,1,
48256219456,false,תרסיס אסטוניש לניקוי,יעקב יעקובי,IL,אסטוניש MULTI,מיליליטרים,750.00,"100 מ""ל",false,1,9.90,1.32,true,1,
49200056004,false,דומינו סוכר חום כהה 453 גרם,,IL,דומינו סוכר חום,גרמים,453.00,100 גרם,false,1,11.90,2.63,true,1,
49200056752,false,דומינו סוכר חום בהיר 453 גרם,,IL,דומינו סוכר חום,גרמים,453.00,100 גרם,false,1,11.90,2.63,true,1,
49200906002,false,קוביות סוכר לבן סוכר קני,אמריקן שוגר ריפינינג,IL,קוביות סוכר לבן,גרמים,453.00,100 גרם,false,1,19.90,4.39,true,1,
50702510017,false,עוגיות סנדוויץ וניל במילוי קקאו 300 גר',שקד,IL,עוגיות סנדויץ,גרמים,300.00,100 גרם,false,0,7.90,2.63,true,1,
50702520139,false,עוגיות סנדוויץ וניל במילוי תות 300 גר',יעד ממתקים,IL,עוגיות סנדויץ,גרמים,300.00,100 גרם,false,0,7.90,2.63,true,1,
50702530022,false,עוגיות סנדוויץ וניל במילוי וניל 300 גר',שקד,IL,עוגיות סנדויץ,גרמים,300.00,100 גרם,false,0,7.90,2.63,true,1,
50702530183,false,עוגיות סנדוויץ שוק במילוי שוקולד 300 גר',,NL,עוגיות סנדויץ,גרמים,300.00,100 גרם,false,0,7.90,2.63,true,1,
51063800038,false,ממתק לדר פטל 21 גרם,ג'וריי,US,ממתק לדר פטל,גרמים,21.00,100 גרם,false,1,3.90,18.57,true,1,
51063800045,false,ממתק לדר שרי 21 גר',,IL,לדר פשקס,יחידה,1.00,יחידה,false,1,3.90,3.90,true,1,
52000102475,false,"משקה ספורט בטעם דובדבן ""גטורייד"" 591 מ""ל",פפסי קולה ג'נרל בוטל,IL,משקה ספורט דובדב,מיליליטרים,591.00,"100 מ""ל",false,1,7.90,1.34,true,1,
52000324860,false,"משקה ספורט בטעם מרענן ""גטורייד"" 591 מ""ל",פפסי קולה ג'נרל בוטל,IL,משקה ספורט מרענן,מיליליטרים,591.00,"100 מ""ל",false,1,7.90,1.34,true,1,
52000328660,false,"משקה ספורט בטעם פונץ פירות ""גטורייד"" 591 מ""ל",פפסי קולה ג'נרל בוטל,IL,משקה ספורט פונץ,מיליליטרים,591.00,"100 מ""ל",false,1,7.90,1.34,true,1,
70227500386,false,קטניות עם פטריות וגריסים,,IL,קטניות עם פטריות,גרמים,170.00,100 גרם,false,1,9.90,5.82,true,1,
70227500409,false,קטניות וירקות streit's מ,,IL,קטניות וירקות st,גרמים,170.00,100 גרם,false,1,9.90,5.82,true,1,
70227500416,false,קטניות מינסטרונה streits,,IL,קטניות מינסטרונה,גרמים,170.00,100 גרם,false,1,9.90,5.82,true,1,
70227501819,false,קטניות טעם עוף streit's,,IL,קטניות טעם עוף s,גרמים,113.00,100 גרם,false,1,9.90,8.76,true,1,
70970471254,false,מייק לייק - סוכריות ג'לי בינס קרטונית פירות ירוק 141 גרם,ג'\אסט בורן,US,סוכריות ג'לי,גרמים,141.00,100 גרם,false,1,8.90,6.31,true,1,
70970471285,false,מייק אנד אייק רד רייג'רס 141 גר',גאסט בורן,IL,מייק ואייק טרופי,גרמים,141.00,100 גרם,false,1,8.90,6.31,true,1,
70970471308,false,"סוכריות מייק אייק רד רייג'רס, 141 ג'",גאסט בורן,IL,מייק&אייק ענבים,גרמים,141.00,100 גרם,false,1,8.90,6.31,true,1,
70970473562,false,מייק לייק - סוכריות ג'לי בינס קרטונית מגה מיקס 141 גרם,ג'\אסט בורן,US,סוכריות ג'לי,גרמים,141.00,100 גרם,false,1,8.90,6.31,true,1,
70970473609,false,סוכריות ג'לי מייק&נייק מגה מיקס חמוץ 141 גר',ג'\אסט בורן,US,סוכריה ג'לי,גרמים,141.00,100 גרם,false,1,8.90,6.31,true,1,
71300000809,false,פסטה לזניה רוזני 454 גרם,,IL,פסטה לזניה ronz,גרמים,454.00,100 גרם,false,1,17.90,3.94,true,1,
71537001648,false,פחית גזוז בטעם פטל לימון,,IL,פחית גזוז בטעם פ,מיליליטרים,355.00,"100 מ""ל",false,1,5.90,1.66,true,1,
71537003758,false,מארז פחיות סודה פולר משי,,IL,מארז פחיות סודה,מיליליטרים,355.00,"100 מ""ל",false,1,34.90,9.83,true,1,
71537003765,false,מארז פחיות סודה פולר משי,,IL,מארז פחיות סודה,מיליליטרים,355.00,"100 מ""ל",false,1,34.90,9.83,true,1,
72392949298,false,איגלו ויילרס אורגינל מארז 20 יחידות,,IL,איגלו ויילרס אור,יחידה,1.00,יחידה,false,1,26.90,26.90,true,1,
72600009257,false,הר טורטיה צ'יפס מתירס לבן 255 גרם,הר פודס,US,חטיף טורטיה,גרמים,255.00,100 גרם,false,1,13.10,5.14,true,1,
72700000642,false,"תערובת להכנת לביבות תפו""א כשל""פ 170 גר'",,IL,תערובת להכנת פנק,גרמים,170.00,100 גרם,false,1,11.90,7.00,true,1,
73490124785,false,מרק מינסטרונה .,.,IL,מרק מינסטרונה .,יחידה,1.00,יחידה,false,1,7.90,7.90,true,1,
73490128493,false,"קדם מיץ ענבים מוגז אפרסק 750 מ""ל",קדם,US,מיץ ענבים מוגז א,מיליליטרים,750.00,"100 מ""ל",false,0,15.90,2.12,true,1,
73490129919,false,ביסקוויט ביס קסטה הדר 250 גרם,אפיפית נצרת,IL,ביסקויט קסטה,גרמים,250.00,100 גרם,false,0,4.90,1.96,true,1,
73490130359,false,קרקר קרם קרקר רגיל 2,אפיפית נצרת,IL,"קרם קרקר ""הדר""",גרמים,250.00,100 גרם,false,0,6.90,2.76,true,1,
73490130946,false,ביסקויט פתי בר בטעם וניל 500 גרם,אפיפית נצרת,IL,פתיבר וניל,גרמים,500.00,100 גרם,false,0,7.90,1.58,true,1,
73490130953,false,ביסקויט בטעם שוקולד 500 גרם,אפיפית נצרת,IL,פתיבר שוקו,גרמים,500.00,100 גרם,false,0,7.90,1.58,true,1,
73490132865,false,"מיץ ענבים אדום 240 מ""ל",קדם פוד פרודקטסn\,US,מיץ ענבים אדום,מיליליטרים,240.00,"100 מ""ל",false,1,4.90,2.04,true,1,
73490153419,false,מיץ ענבים קדם גאולה קונקורד 1.89 ליטר,קדם פוד פרודקטסn\,US,מיץ ענבים 1.89 ל,ליטרים,1.89,ליטר,false,8,25.90,13.70,true,1,
73490154317,false,מיץ ענבים גאולה לבן 1.89 ל קדם,קדם פוד פרודקטסn\,US,מיץ ענבים קדם לב,ליטרים,1.89,ליטר,false,8,25.90,13.70,true,1,
73970001049,false,משקה ספורט מרענן 1 ליטר,פפסי קולה בוטלינג,IL,משקה ספורט מרענן,ליטרים,0.00,ליטר,false,1,11.90,11.90,true,1,
73970001070,false,משקה ספורט מרענן 1 ליטר,פפסי קולה בוטלינג,IL,משקה ספורט מרענן,ליטרים,0.00,ליטר,false,1,11.90,11.90,true,1,
77245110610,false,סוכריות מאסט ללא סוכר בטעם מנטה 80 ג'עלית,MIESZKO S.A - MS. JO,PL,סוכריות מאסט,גרמים,80.00,100 גרם,false,0,6.90,8.63,true,1,
77343002169,false,ערכת לפידונים פרימיום יח,,IL,ערכת לפידונים פר,יחידה,1.00,יחידה,false,1,55.00,55.00,true,1,
78328031006,false,דגני בוקר פ.אורז taanug,,IL,פצפוצי אורז,גרמים,340.00,100 גרם,false,1,26.90,7.91,true,1,
78328031303,false,דגני בוקר טבעות taanug 3,,IL,דגני בוקר טבעות,גרמים,396.00,100 גרם,false,1,26.90,6.79,true,1,
78328031457,false,דגני בוקר טבעות taanug 3,,IL,דגני בוקר טבעות,גרמים,347.00,100 גרם,false,1,29.90,8.62,true,1,
78328171801,false,דגני בוקר ריבועי חיטה מלאה ודגנים 368 גרם,ויטביקס,IL,ריבועי חיטה ודגנ,גרמים,368.00,100 גרם,false,1,29.90,8.13,true,1,
78619010604,false,מאפין אישית,,,מאפין אישית,יחידה,1.00,יחידה,false,0,6.90,6.90,true,1,
79137221084,false,נר הבדלה פרפין .,,IL,נר הבדלה פרפין .,יחידה,1.00,יחידה,false,1,6.90,6.90,true,1,
80432402931,false,"וויסקי סקוטי, שיבאס ריגאל 12 שנה, 700 מ''ל",מזקקת האחים שיבאס,SE,וויסקי שיבס,מיליליטרים,700.00,"100 מ""ל",false,0,109.90,15.70,true,1,
80660954011,false,בירה קורונה שישייה פרנג',,IL,בירה קורונה שישי,יחידה,1.00,יחידה,false,1,29.90,29.90,true,1,
87752005644,false,"יין מוסקטו ברטנורה 750 מ""ל",מיסזקו אס.איי,IT,יין מוסקטו,מיליליטרים,750.00,"100 מ""ל",false,0,44.90,5.99,true,1,
87752007136,false,יין ברון הרצוג מרלו,צילאג גמבה אינטרנשיו,US,מרלו ברון הרצוג,מיליליטרים,750.00,"100 מ""ל",false,0,49.90,6.65,true,1,
87752010716,false,יין ברון הרצוג גנס ק,ברון הרצוג אל אג,,יין ג'נס קברנה,מיליליטרים,750.00,"100 מ""ל",false,0,49.00,6.53,true,1,
87752016404,false,יין הר סיני אור הגנוז 20,,IL,יין הר סיני אור,מיליליטרים,750.00,"100 מ""ל",false,1,95.00,12.67,true,1,
89397344300,false,דיניקולה רוטב פסטה עגבניות ובזיל 737 גרם,ג'יאובני פוד אינק,US,רוטב פסטה,גרמים,737.00,100 גרם,false,0,16.90,2.29,true,1,
89397344348,false,דיניקולה רוטב פסטה עם שום קלוי 737 גרם,ג'יאובני פוד אינק,US,רוטב פסטה,גרמים,737.00,100 גרם,false,0,16.90,2.29,true,1,
89397344362,false,רוטב דיניקולה פסטה בטעם מרינדה 737 גרם,ג'יאובני פוד אינק,US,רוטב דיניקולה,גרמים,737.00,100 גרם,false,0,16.90,2.29,true,1,
96086000560,false,קרקר חמישה דגנים אורגני 200 גרם,מצות אביב 2014 מאפה בעמ,IL,קרקר חמישה דגנים,גרמים,200.00,100 גרם,false,0,9.90,4.95,true,1,
96086000577,false,קרקר כוסמת אורגני 200 גרם,מצות אביב 2014 מאפה בעמ,IL,קרקר כוסמין,גרמים,200.00,100 גרם,false,0,9.90,4.95,true,1,
96086000584,false,קרקר שיפון אורגני 200 גרם,מצות אביב,IL,קרקר שיפון,גרמים,200.00,100 גרם,false,0,9.90,4.95,true,1,
96086000676,false,"עוגיות מקמח כוסמין ציה ללת""ס 200 גרם",מצות אביב 2014 מאפה בעמ,IL,עוגיות כוסמין,גרמים,200.00,100 גרם,false,1,13.90,6.95,true,1,
96086000966,false,"קרקר כוסמין מלא ושומשום 200 גר' ""אביב""",מצות אביב,IL,קרקר כוסמין,גרמים,200.00,100 גרם,false,0,9.90,4.95,true,1,
96086001512,false,"עוגיות קלות ללת""ס בטעם לימון 200 גר",מצות אביב 2014 מאפה בעמ,IL,עוגיות לימון,גרמים,200.00,100 גרם,false,0,13.90,6.95,true,1,
96086001536,false,"עוגיות קלות ללת""סבטעם וניל 200 גר",מצות אביב 2014 מאפה בעמ,IL,עוגיות וניל,גרמים,200.00,100 גרם,false,0,13.90,6.95,true,1,
96086001789,false,קרקר ביס מקמח כוסמין אורגני 150 גרם,מצות אביב 2014 מאפה בעמ,IL,קרקר ביס כוסמין,גרמים,150.00,100 גרם,false,1,14.90,9.93,true,1,
97643011395,false,שוקולד מונס קידס אצבעות 23X4ג',,IL,שוקולד שמרלינג ח,יחידה,1.00,יחידה,false,1,14.90,14.90,true,1,
97643011647,false,אצבעות רוזמרי נוסטלגי רבעיות (23 גרם *4 יח'),"מאסטרני בע|""מ",CH,רביעיות רוזמרי,גרמים,95.00,100 גרם,false,1,14.90,15.68,true,1,
97643011920,false,אצבעות רוזמרי חלב רביעיות 92 גר',"מאסטרני בע|""מ",CH,רביעיות רוזמרי,גרמים,95.00,100 גרם,false,1,14.90,15.68,true,1,
97643011937,false,אצבעות רוזמרי פרווה רביעיות 92 גר',,IL,מונס פרווה,יחידה,1.00,יחידה,false,1,14.90,14.90,true,1,
97643044041,false,שוקולד שויצרי,,,שוקולד שויצרי,גרמים,100.00,100 גרם,false,0,10.90,10.90,true,1,
97643044546,false,"שוקולד רוזמרי קקאו שמרלינג 100 גרם כשל""פ",,,שוקולד מריר100גר,גרמים,100.00,100 גרם,false,0,10.90,10.90,true,1,
97643044553,false,שוקולד טבלה שוויצרי מריר 85% שמרלינג 100ג',,IL,שוקולד שוויצרי85,גרמים,100.00,100 גרם,false,1,10.90,10.90,true,1,
97643044560,false,שוקולד טבלה שוויצרי מריר מנטה 72% 100 גר',שמרלינג,CH,שוקולד מריר 100,גרמים,100.00,100 גרם,false,1,10.90,10.90,true,1,
97643044584,false,שמרלינגס שוקולד מריר+חמאת שקדים 100ג,,IL,שוקולד רוזמרי הר,גרמים,100.00,100 גרם,false,1,10.90,10.90,true,1,
97643070040,false,"שוקולד רוזמרי לבן עם שקדים שמרלינג 100 גרם כשל""פ",שמרלינג,,שוקלד לבן+שקדי,גרמים,100.00,100 גרם,false,0,10.90,10.90,true,1,
97643070057,false,שוקולד טבלה רוזמרי תפוז שמרלינג 100 ג',שמרלינג,CH,שוקולד מריר תפוז,גרמים,100.00,100 גרם,false,0,10.90,10.90,true,1,
97643071542,false,שוקולד מינור חלבי שמרלינג 22X4ג',מאסטרני,CH,מינור רביעיות,גרמים,93.00,100 גרם,false,0,14.90,16.02,true,1,
97643082142,false,שוקולד רוזמרי לילדים 100 גר',שמרלינג,,שוקולד רוזמרי,גרמים,100.00,100 גרם,false,0,10.90,10.90,true,1,
97643082449,false,שמרלינגס שוקולד רוזמרי 100ג,שמרלינג,,שוקלד רוזמרי,גרמים,100.00,100 גרם,false,0,10.90,10.90,true,1,
97643082548,false,שמרלינגס שוקולד מריר רוזמרי 100ג,שמרלינג,,שוק.רוזמרי מרי,גרמים,100.00,100 גרם,false,0,10.90,10.90,true,1,
97643083859,false,שוקולד טבלה שוויצרי רוזמרי קרמל 100 גר',שמרלינג,IL,שוקולד רוזמרי,גרמים,100.00,100 גרם,false,1,10.90,10.90,true,1,
97643090345,false,"שוקולד טבלה רוזמרי חלבי לל""ס 100 גר'",,IL,"שוקולד חלב לל""ס",גרמים,100.00,100 גרם,false,0,14.90,14.90,true,1,
97643090444,false,שוקולד רוזמרי פרווה ללא סוכר 100 גר',,IL,שוקולד רוזמרין,גרמים,100.00,100 גרם,false,0,14.90,14.90,true,1,
97643098648,false,שוקולד אגוזים חלב 100 גרם,שמרלינג,,שוקולד חלב+אגו,גרמים,100.00,100 גרם,false,0,10.90,10.90,true,1,
142486605109,false,חטיף גרנולה עם שוקוציפס,גראב 1,US,חטיף גרנולה,גרמים,186.00,100 גרם,false,1,19.90,10.70,true,1,
142486605123,false,חטיף גרנולה+חמאת בוטנים,גראב 1,US,חטיף גרנולה חמאת,גרמים,186.00,100 גרם,false,1,19.90,10.70,true,1,
142486605130,false,חטיף גרנולה עם שוקוציפס ללא סוכר 5 יח' של 31 גר' Oola,גראב 1,US,"חטיף גרנולה לל""ס",גרמים,155.00,100 גרם,false,1,19.90,12.84,true,1,
142486605185,false,חטיף גרנולה עם חמאת בוטנים ללא סוכר 5 יחי' של 31 גרם Oola,גראב 1,US,חטיף גרנולה ללס,גרמים,155.00,100 גרם,false,1,19.90,12.84,true,1,
142486607103,false,שישיית חטיפי גרנולה קראנצ'י שיבולת שועל ודבש 255 גרם Oola,קנובר,MK,חטיף קראנץ 6יח,גרמים,255.00,100 גרם,false,1,19.90,7.80,true,1,
142486607110,false,חטיף גרנולה קראנצ'י שוקולד שישיה 255 גרם Oola,קנובר,MK,חטיף קראנץ 6 יח,גרמים,255.00,100 גרם,false,1,19.90,7.80,true,1,
142486607127,false,חטיף גרנולה קראנצ'י חמאת בוטנים שישיה 255 גרם Oola,קנובר,MK,חטיף קראנץ 6 יח,גרמים,255.00,100 גרם,false,1,19.90,7.80,true,1,
142486607134,false,חטיף גרנולה קראנצ'י קינמון שישיה 255 גרם Oola,קנובר,MK,חטיף קראנץ 6יח,גרמים,255.00,100 גרם,false,1,19.90,7.80,true,1,
194961000268,false,"שוקולד יוקרתי כשל""פ עד""ח",,IL,שוקולד יוקרתי,יחידה,1.00,יחידה,false,1,12.90,12.90,true,1,
194961000275,false,"שוקולד יוקרתי כשל""פ עד""ח",,IL,שוקולד יוקרתי,יחידה,1.00,יחידה,false,1,12.90,12.90,true,1,
194961000404,false,ביסקויט בציפוי שוקולד רו,שניידרס,IL,ביסקויט בציפוי ש,יחידה,1.00,יחידה,false,1,12.90,12.90,true,1,
194961000435,false,סוכריות קנדי פלנט לב,שניידרס,IL,סוכריות ג'לי שני,גרמים,150.00,100 גרם,false,1,9.90,6.60,true,1,
194961000466,false,עוגיות מיני ספארי,,IL,עוגיות מיני ספאר,יחידה,1.00,יחידה,false,1,14.90,14.90,true,1,
194961000640,false,סוכריות רינבולס,,,סוכריות רינבולס,יחידה,1.00,יחידה,false,0,2.90,2.90,true,1,
194961000749,false,וופל בלגי מקורי איכותי,,IL,וופל בלגי מקורי,גרמים,80.00,100 גרם,false,1,10.90,13.63,true,1,
194961000756,false,עוגיות וופל בלגי איכותי,,IL,עוגיות וופל בלגי,גרמים,100.00,100 גרם,false,1,10.90,10.90,true,1,
194961000909,false,סוכריות קנדי פלנט מי,שניידרס,IL,ג'לי,יחידה,1.00,יחידה,false,1,9.90,9.90,true,1,
194961000978,false,סוכריות כרמל,,,סוכריות כרמל,יחידה,1.00,יחידה,false,0,10.90,10.90,true,1,
194961001432,false,עוגיות פתיבר חמאה שנ,שניידרס,,עוגיות פתיבר חמא,יחידה,1.00,יחידה,false,0,12.90,12.90,true,1,
194961001500,false,עוגיות חמאה שניידס 1,שניידרס,,עוגיות חמאה חלבי,יחידה,1.00,יחידה,false,0,12.90,12.90,true,1,
194961001517,false,עוגיות סבלה חמאה שני,שניידרס,,עוגיות סבלה חמאה,יחידה,1.00,יחידה,false,0,12.90,12.90,true,1,
194961001647,false,"עוגיות חמאה ש""צ רובין שי",שניידרס,IL,"עוגיות חמאה ש""צ",יחידה,1.00,יחידה,false,1,12.90,12.90,true,1,
194961001722,false,עוגיות סנדויץ מי,,,עוגיות סנדויץ מי,יחידה,1.00,יחידה,false,0,14.90,14.90,true,1,
194961002217,false,דונטאס שישיה שניידרס רוב,,IL,דונטאס שישיה שני,יחידה,1.00,יחידה,false,1,14.90,14.90,true,1,
350007641028,false,משחת שיניים קולגייט משחה 2ב1 הלבנה 130 גרם,קולגייט Colgate,MX,מ.שיניים ומי פה,גרמים,130.00,100 גרם,false,1,18.90,14.54,true,1,
605453120277,false,מקלות סורימי קפוא 454 גרם,אל.אם פודס,US,מקלות סורימי,גרמים,454.00,100 גרם,false,1,29.90,6.59,true,1,
608614254125,false,ביסבס-סחוג חריף אש 120 גרם,לימון אוכל מוכן לשיו,IL,ביסבס חריף אש,גרמים,120.00,100 גרם,false,1,10.90,9.08,true,1,
608614254132,false,ביסבס-סחוג חריף עדין 120 גרם,לימון אוכל מוכן לשיו,IL,ביסבס חריף עדין,גרמים,120.00,100 גרם,false,1,10.90,9.08,true,1,
608614254149,false,ביסבס-סחוג חריף פיקנטי 120 גרם,לימון אוכל מוכן לשיו,IL,ביסבס חריף,גרמים,120.00,100 גרם,false,1,10.90,9.08,true,1,
608614309054,false,סיגמא גרנאש רוזה כרמל,,IL,סיגמא גרנאש רוזה,מיליליטרים,750.00,"100 מ""ל",false,1,99.00,13.20,true,1,
608614309078,false,יין אדום יבש סיגמה פיוזו,,IL,יין אדום יבש פיו,מיליליטרים,750.00,"100 מ""ל",false,1,99.00,13.20,true,1,
608614309276,false,דלתא למדא ריזלינג 750 מל,יקב דלתא,IL,דלתא למדא ריזלינ,מיליליטרים,750.00,"100 מ""ל",false,1,64.90,8.65,true,1,
611745291150,false,פיצה מרגריטה 3 יחידות .1,,IL,3 פיצה מרגריטה,גרמים,1500.00,100 גרם,false,1,32.90,2.19,true,1,
613008759155,false,תה קר דיאט בטעם לימון מש,,IL,תה קר דיאט בטעם,מיליליטרים,591.00,"100 מ""ל",false,1,10.70,1.81,true,1,
633710238380,false,רוטב טריאקי שומשום ליברס,,,רוטב טריאקי שומש,יחידה,1.00,יחידה,false,0,24.90,24.90,true,1,
633710238397,false,"רוטב פסטה מרינדה קלאסי 680 גרם כשל""פ ליברס",פי.אל פודס,US,רוטב פסטה מרינה,גרמים,680.00,100 גרם,false,1,13.90,2.04,true,1,
633710238403,false,"רוטב פיצה 680 גרם כשל""פ ""ליברס""",פי.אל פודס,US,"רוטב פיצה כשל""פ",גרמים,680.00,100 גרם,false,1,16.90,2.49,true,1,
633710238427,false,רוטב פיצה עם אורגנו 680,ליברס,US,רוטב פיצה 680גרם,גרמים,680.00,100 גרם,false,1,13.90,2.04,true,1,
633710238458,false,"ממרח חרדל ""ליברס""",וואבר'ס מנפקטורינג קומפנ,US,ממרח חרדל,גרמים,397.00,100 גרם,false,1,11.90,3.00,true,1,
633710238465,false,נתחי טונה בהירה במים 140 גרם Dagim,,IL,נתחי טונה בהירה,יחידה,1.00,יחידה,false,1,8.90,8.90,true,1,
633710238472,false,נתחי טונה בהירה בשמן משי,,IL,נתחי טונה בהירה,יחידה,1.00,יחידה,false,1,8.90,8.90,true,1,
641061738428,false,יין מוסקטו גביולי רוזה 7,,IL,יין מוסקטו גביול,מיליליטרים,750.00,"100 מ""ל",false,1,55.00,7.33,true,1,
641061738459,false,יין מוסקטו גביולי לבן 75,,IL,יין מוסקטו גביול,מיליליטרים,750.00,"100 מ""ל",false,1,55.00,7.33,true,1,
644209405930,false,דנקן היינס ציפוי מוקצף שוקולד 397 גרם פרווה,רוזקםבייקינג קומפני,US,קרם מוקצף,גרמים,397.00,100 גרם,false,1,19.90,5.01,true,1,
644209412853,false,תערובת להכנת עוגת פרנצ וניל 432 גרם,,IL,דנקן היינס תערוב,גרמים,432.00,100 גרם,false,1,20.90,4.84,true,1,
645692555591,false,עוגיות עם קינמון 200 גרם,"אחים פפושדו ובניהם בע""מ",IL,עוגיות קינמון,גרמים,200.00,100 גרם,false,0,2.90,1.45,true,1,
645692555645,false,עוגיות סהרון 175 גרם פפושדו,"אחים פפושדו ובניהם בע""\מ",IL,ביסקוויט סהרון,גרמים,175.00,100 גרם,false,1,3.90,2.23,true,1,
645692555690,false,חצופונים שוקו 150גרם פפושדו,,IL,עוגיות קוקידס שו,גרמים,150.00,100 גרם,false,0,2.90,1.93,true,1,
645692555706,false,חצופונים וניל 150גרם פפושדו,,IL,עוגיות סנדוויץ ו,גרמים,150.00,100 גרם,false,0,2.90,1.93,true,1,
645692556482,false,פפושדו פתי בר וניל 125 גרם,פפשדו,IL,פתיבר וניל 110 ג,גרמים,110.00,100 גרם,false,1,2.50,2.27,true,1,
645692556611,false,קרקר שומשום 110 גרם פפושדו,פפשדו,IL,קרקר,גרמים,110.00,100 גרם,false,1,2.50,2.27,true,1,
645692556628,false,פפושדו קרקר עם מלח ים 135 גרם,פפשדו,IL,קרקר,גרמים,110.00,100 גרם,false,1,2.50,2.27,true,1,
645692556734,false,עוגיות וניל צרפתי 200 גר,"אחים פפושדו ובניהם בע""מ",IL,עוגיות וניל,גרמים,200.00,100 גרם,false,0,2.90,1.45,true,1,
647016851860,false,לחמניות המוציא ללא גלוטן,,IL,לחמניות המוציא ל,יחידה,1.00,יחידה,false,1,25.90,25.90,true,1,
649660432020,false,היל וויו שזיפים מיובשים מגולענים 567 גרם,היליו פאקינג קוסמי א,US,שזיף מיובש,גרמים,567.00,100 גרם,false,1,27.90,4.92,true,1,
670541658185,false,שקיות לצלייה בתנור 10 יח,,IL,שקיות לצלייה בתנ,יחידה,1.00,יחידה,false,1,9.90,9.90,true,1,
681131129855,false,"שלוס בירה בלגית 5% פחית 500 מ""ל",מבשלת מרטנס,BE,בירה שלוס קרון,מיליליטרים,500.00,"100 מ""ל",false,0,6.90,1.38,true,1,
682063029466,false,סוכריות רול-איט,,,סוכריות רול-איט,יחידה,1.00,יחידה,false,0,3.90,3.90,true,1,
682063029701,false,סוכריות סודה,,,סוכריות סודה,יחידה,1.00,יחידה,false,0,3.90,3.90,true,1,
682063029718,false,סוכריות סודה נוז,,,סוכריות סודה נוז,יחידה,1.00,יחידה,false,0,3.90,3.90,true,1,
682063029725,false,סוכריות סודה נוז,,,סוכריות סודה נוז,יחידה,1.00,יחידה,false,0,3.90,3.90,true,1,
682063029763,false,פעקלאך סוכריות סודה פטל,,IL,פעקלאך סוכריות ס,יחידה,1.00,יחידה,false,1,19.90,19.90,true,1,
682063029831,false,סוכריות קופצות מיני תות,,IL,סוכריות קופצות מ,יחידה,1.00,יחידה,false,1,0.60,0.60,true,1,
682063029848,false,סוכריות קופצות מיני פטל,,IL,סוכריות קופצות מ,יחידה,1.00,יחידה,false,1,0.60,0.60,true,1,
682063029855,false,סוכריות קופצות מיני תפוח,,IL,סוכריות קופצות מ,יחידה,1.00,יחידה,false,1,0.60,0.60,true,1,
682063029879,false,סוכריות קופצות מיני פטל,,IL,סוכריות קופצות מ,יחידה,1.00,יחידה,false,1,11.40,11.40,true,1,
682063044193,false,טיני טופי בטעם תות שדה פ,,IL,טיני טופי בטעם ת,יחידה,1.00,יחידה,false,1,9.90,9.90,true,1,
682063045107,false,פס טופי בטעם תות,,,פס טופי בטעם תות,יחידה,1.00,יחידה,false,0,6.90,6.90,true,1,
682063045114,false,פס טופי בטעם תפוח ירוק פ,,IL,פס טופי בטעם תפו,יחידה,1.00,יחידה,false,1,6.90,6.90,true,1,
682063045374,false,טופי דאו בטעמי פ,,,טופי דאו בטעמי פ,יחידה,1.00,יחידה,false,0,12.90,12.90,true,1,
682063045510,false,מקלות חמוצים בטע,,,מקלות חמוצים בטע,יחידה,1.00,יחידה,false,0,3.50,3.50,true,1,
682063298602,false,מיני פופ קנדי טע,,,מיני פופ קנדי טע,יחידה,1.00,יחידה,false,0,0.60,0.60,true,1,
689076444668,false,"פסטה ספגטי אורז חום מלא ללא גלוטן ""גולדבא"" 454 גרם",ריזופיה פוד פרודקטס,CA,"פסטה ספגטי לל""ג",גרמים,454.00,100 גרם,false,1,16.90,3.72,true,1,
689423005009,false,"חטיף תפו""א בגליל בטעם בצל ושום 150 גרם Gedilla",,US,"חטיף תפו""א בגליל",גרמים,150.00,100 גרם,false,0,12.90,8.60,true,1,
689423031756,false,סוכריות טופי בטעם תפוח 170 גרם Shufra,סוויט קומפני,US,סוכריות טופי,גרמים,170.00,100 גרם,false,1,16.90,9.94,true,1,
689423031763,false,סוכריות טופי בטעם דובדבן 170 גרם Shufra,סוויט קומפני,US,סוכריות טופי,גרמים,170.00,100 גרם,false,1,16.90,9.94,true,1,
693493001007,false,"גאון בניקיון תרסיס 350 מ""ל אריסטוקרט",אריסטוקרט,IL,גאון בניקיון,מיליליטרים,350.00,"100 מ""ל",false,1,18.90,5.40,true,1,
693493015110,false,ביסבס-שום כתוש 120 גרם,לימון אוכל מוכן לשיו,IL,ביסבס שום כתוש,גרמים,120.00,100 גרם,false,1,6.90,5.75,true,1,
693493142847,false,פיתות פרימיום מארז עשירייה,מאסטר פייתה,IL,עשיריה פיתות,יחידה,1.00,יחידה,false,1,11.90,11.90,true,1,
693493142892,false,רביעיית פוקצות פרימיום עם זעתר פיתא 480 גרם,,IL,פוקצ'ה עם זעתר,גרמים,460.00,100 גרם,false,1,16.90,3.67,true,1,
693493142908,false,רביעיית פוקצות פרימיום עם בצל פיתא 480 גרם,,IL,פוקצ'ה בצל 460גר,גרמים,460.00,100 גרם,false,1,16.90,3.67,true,1,
693493158589,false,פתיבר כוסמין 300 גרם בר,,IL,פתיבר כוסמין 300,יחידה,1.00,יחידה,false,1,11.90,11.90,true,1,
693493180771,false,פסטרמה חזה בקר ONEG,"דליקטס ארטיזנל בע""מ",IL,פסטרמי בקר 150 ג,גרמים,150.00,100 גרם,false,1,24.90,16.60,true,1,
693493186902,false,שמיניית מיני פרנה 500 גרם,,IL,מיני פרנה 10 יח,גרמים,500.00,100 גרם,false,1,14.90,2.98,true,1,
693493186926,false,רביעיית פרנה פיתא 480 גרם,,IL,פרנה 4 יח,גרמים,480.00,100 גרם,false,1,14.90,3.10,true,1,
693493187077,false,ליקר נוגט פרפקטו,,IL,ליקר נוגט,מיליליטרים,500.00,"100 מ""ל",false,1,69.00,13.80,true,1,
693493190275,false,ציפורן כד מיוחד,,,ציפורן כד מיוחד,יחידה,1.00,יחידה,false,0,15.90,15.90,true,1,
693493190282,false,בשמים עם איזוב כ,,,בשמים עם איזוב כ,יחידה,1.00,יחידה,false,0,15.90,15.90,true,1,
694477211504,false,בקבוק עגול ליין כ1- ליטר,,IL,בקבוק עגול ליין,יחידה,1.00,יחידה,false,1,9.90,9.90,true,1,
706132060515,false,מברשת לכלים + מיכל לסבון,MITZVAH NER A,CN,מב.לכלים + מיכל,יחידה,1.00,יחידה,false,1,19.90,19.90,true,1,
706132060522,false,מברשת לכלים + מיכל לסבון,MITZVAH NER A,CN,מב.לכלים+מיכל,יחידה,1.00,יחידה,false,1,19.90,19.90,true,1,
706132113341,false,"שמש רבני ענק ""אור""",נר מצווה,US,שמש רבני ענק,יחידה,1.00,יחידה,false,1,10.90,10.90,true,1,
706132114300,false,"סט שמשים קטן ""אור""",נר מצווה,IL,סט שמשים קטן,יחידה,1.00,יחידה,false,1,6.90,6.90,true,1,
706132200195,false,נר הבדלה #19,נר מצווה,IL,נר הבדלה #19,יחידה,1.00,יחידה,false,1,14.90,14.90,true,1,
706132200317,false,ערכה להכנת נר הבדלה דונג,,IL,ערכה להכנת נר הב,יחידה,1.00,יחידה,false,1,24.90,24.90,true,1,
706132200706,false,"נר הבדלה פירמידה ""נר מצו",,IL,נר הבדלה פירמידה,יחידה,1.00,יחידה,false,1,19.90,19.90,true,1,
706132201017,false,סט שמשים עבה קטן,נר מצווה,IL,סט שמשים עבה קטן,יחידה,1.00,יחידה,false,1,21.90,21.90,true,1,
706132201024,false,סט שמשים עבה גדול,נר מצווה,IL,סט שמשים עבה,יחידה,1.00,יחידה,false,1,25.90,25.90,true,1,
706132201123,false,שמשים רבני ארוך במיוחד,נר מצווה,IL,שמשים רבני ארוך,יחידה,1.00,יחידה,false,1,9.90,9.90,true,1,
706132201147,false,שמשים רבני ענק במיוחד,נר מצווה,IL,שמשים רבני ענק,יחידה,1.00,יחידה,false,1,19.90,19.90,true,1,
706132204308,false,בשמים להבדלה,נר מצווה,IL,בשמים להבדלה,יחידה,1.00,יחידה,false,1,19.90,19.90,true,1,
706132204353,false,אזוב להבדלה,נר מצווה,IL,אזוב להבדלה,יחידה,1.00,יחידה,false,1,19.90,19.90,true,1,
706132230109,false,גפרורים ארוכים נר מצווה,,IL,גפרורים ארוכים,יחידה,1.00,יחידה,false,1,3.90,3.90,true,1,
706132230154,false,גפרורים ארוכים מוכסף,נר מצווה,IL,גפרורים ארוכים,יחידה,1.00,יחידה,false,1,8.90,8.90,true,1,
706132230161,false,גפרורים ארוכים פרח,נר מצווה,US,גפרורים ארוכים,יחידה,1.00,יחידה,false,1,4.90,4.90,true,1,
706132230208,false,"ערכת שבת לנסיעה ""נר מצוו",,IL,ערכת שבת לנסיעה,יחידה,1.00,יחידה,false,1,34.90,34.90,true,1,
706132230253,false,גפרורים ארוכים מוכסף,נר מצווה,US,גפרורים ארוכים,יחידה,1.00,יחידה,false,1,11.90,11.90,true,1,
706132230260,false,גפרורים ארוכים חבית פרח,נר מצווה,US,גפרורים ארוכים,יחידה,1.00,יחידה,false,1,6.90,6.90,true,1,
706132240139,false,זכוכית ישרה +#13גומיות,נר מצווה,US,זכוכית ישרה,יחידה,1.00,יחידה,false,1,22.90,22.90,true,1,
706132240153,false,זכוכית ישרה +#15גומיות,נר מצווה,US,זכוכית ישרה,יחידה,1.00,יחידה,false,1,28.90,28.90,true,1,
706132260038,false,מגן פמוט 50 יחידות,נר מצווה,US,מגן פמוט,יחידה,1.00,יחידה,false,1,19.90,19.90,true,1,
706132271553,false,אור הפלא-נוזלי משמן זית,נר מצווה,IL,אור הפלא-נוזלי,יחידה,1.00,יחידה,false,1,49.90,49.90,true,1,
706132280050,false,נר 3 ימים בפלסטיק,נר מצווה,IL,נר 3 ימים בפלסטי,יחידה,1.00,יחידה,false,1,6.50,6.50,true,1,
706132280074,false,נר 7 ימים בפלסטיק,נר מצווה,IL,נר 7 ימים,יחידה,1.00,יחידה,false,1,9.90,9.90,true,1,
706132280081,false,מגש לנרות חימום 3יחידות,נר מצווה,US,מגש לנרות חימום,יחידה,1.00,יחידה,false,1,11.90,11.90,true,1,
706132280098,false,נר 9 ימים בפלסטיק,נר מצווה,IL,נר 9 ימים,יחידה,1.00,יחידה,false,1,11.90,11.90,true,1,
706132283020,false,נרות חנוכה מטאלי רב צבע,נר מצווה,IL,נרות חנוכה מטאלי,יחידה,1.00,יחידה,false,1,26.90,26.90,true,1,
706132283051,false,נרות חנוכה פסטל רב צבעים,נר מצווה,IL,נרות חנוכה פסטל,יחידה,1.00,יחידה,false,1,26.90,26.90,true,1,
706132283075,false,נרות חנוכה ספירלה,נר מצווה,IL,נרות חנוכה ספירל,יחידה,1.00,יחידה,false,1,29.90,29.90,true,1,
706132283082,false,נרות חנוכה מודפס סביבון,נר מצווה,IL,נרות חנוכה מודפס,יחידה,1.00,יחידה,false,1,29.90,29.90,true,1,
706132283129,false,נרות חנוכה פרימיום,נר מצווה,IL,נרות חנוכה,יחידה,1.00,יחידה,false,1,26.90,26.90,true,1,
706132283136,false,נרות חנוכה דגם יהלום .,,IL,נרות חנוכה,יחידה,1.00,יחידה,false,1,26.90,26.90,true,1,
706132283143,false,נרות חנוכה דגם גלים .,,IL,נרות חנוכה,יחידה,1.00,יחידה,false,1,22.90,22.90,true,1,
706132301014,false,מדליקון שעווה,נר מצווה,IL,מדליקון שעווה,יחידה,1.00,יחידה,false,1,6.90,6.90,true,1,
706132301021,false,מדליקון רגיל,נר מצווה,IL,מדליקון רגיל,יחידה,1.00,יחידה,false,1,4.90,4.90,true,1,
706132301045,false,פתילות צמר גפן,נר מצווה,US,פתילות צמר גפן,יחידה,1.00,יחידה,false,1,3.50,3.50,true,1,
706132301069,false,סופר ויקס 2.5 אינץ,נר מצווה,IL,סופר ויקס,יחידה,1.00,יחידה,false,1,21.90,21.90,true,1,
706132301144,false,מחזיק לפתיל 44 יח',נר מצווה,US,מחזיק לפתיל 44יח,יחידה,1.00,יחידה,false,1,10.90,10.90,true,1,
706132301151,false,פתיל צף מתומן 50 יח,נר מצווה,IL,פתיל צף מתומן,יחידה,1.00,יחידה,false,1,3.90,3.90,true,1,
706132301168,false,פתיל צף עגול 50 יח' נר מ,,IL,פתיל צף עגול,יחידה,1.00,יחידה,false,1,3.50,3.50,true,1,
706132301175,false,"פתיל צף עגול 30מ""מ 50 יח",,CN,פתיל צף עגול,יחידה,1.00,יחידה,false,1,4.90,4.90,true,1,
706132301182,false,פתיל צף פרח,,CN,פתיל צף פרח,יחידה,1.00,יחידה,false,1,4.50,4.50,true,1,
706132301199,false,פתילות צמר גפן 100% .,נר מצווה,US,פתילות צמר גפן,יחידה,1.00,יחידה,false,1,5.90,5.90,true,1,
706132301267,false,פתיל צף עגול 100 יחידות,,CN,פתיל צף 100יח',יחידה,1.00,יחידה,false,1,5.90,5.90,true,1,
706132301274,false,מחזיק לפתיל עגול 10 יח',נר מצווה,US,מחזיק לפתיל עגול,יחידה,1.00,יחידה,false,1,5.90,5.90,true,1,
706132301427,false,פתילות המיוחד עובי 58 50,נר מצווה,US,פתילות המיוחד,יחידה,1.00,יחידה,false,1,4.90,4.90,true,1,
706132301434,false,פתילות המיוחד עובי 70 50,נר מצווה,US,פתילות המיוחד,יחידה,1.00,יחידה,false,1,4.90,4.90,true,1,
706132301618,false,"פתיל צף עגול 19מ""מ 50 יח",נר מצווה,IL,פתיל צף עגול,יחידה,1.00,יחידה,false,1,3.50,3.50,true,1,
706132301663,false,פתיל צף מתומן מוכן 50 יח,,CN,פתיל צף מתומן,יחידה,1.00,יחידה,false,1,5.90,5.90,true,1,
706132301670,false,פתיל צף מתומן מוכן 100יח,נר מצווה,US,פתיל צף מתומן מו,יחידה,1.00,יחידה,false,1,10.90,10.90,true,1,
706132305012,false,צינורות מתכת קטן 9 יח',נר מצווה,US,צינורות מתכת קטן,יחידה,1.00,יחידה,false,1,7.90,7.90,true,1,
706132305029,false,צינורות מתכת בינוני 9 יח,נר מצווה,US,צינורות מתכת,יחידה,1.00,יחידה,false,1,7.90,7.90,true,1,
706132305036,false,צינורות מתכת גדול 9 יח',נר מצווה,US,צינורות מתכת,יחידה,1.00,יחידה,false,1,10.90,10.90,true,1,
706132305043,false,מילוי לצינורית קטן,נר מצווה,US,מילוי לצינורית,יחידה,1.00,יחידה,false,1,3.90,3.90,true,1,
706132305050,false,מילוי לצינורית בינוני,נר מצווה,US,מילוי לצינורית,יחידה,1.00,יחידה,false,1,3.90,3.90,true,1,
706132305067,false,מילוי לצינורית גדול,נר מצווה,US,מילוי לצינורית,יחידה,1.00,יחידה,false,1,4.90,4.90,true,1,
706132305142,false,צינורות המשובח קטן,נר מצווה,US,צינורות המשובח,יחידה,1.00,יחידה,false,1,14.90,14.90,true,1,
706132305159,false,צינורות המשובח בינוני,נר מצווה,US,צינורות המשובח,יחידה,1.00,יחידה,false,1,18.90,18.90,true,1,
706132305166,false,צינורות המשובח ארוך,נר מצווה,US,צינורות המשובח,יחידה,1.00,יחידה,false,1,21.90,21.90,true,1,
706132600001,false,כוס לנרונים עם סיליקון נ,,IL,כוס לנרונים עם ס,יחידה,1.00,יחידה,false,1,2.90,2.90,true,1,
706132600056,false,מעמד לנרות חימום,נר מצווה,US,מעמד לנרות חימום,יחידה,1.00,יחידה,false,1,12.90,12.90,true,1,
706132600094,false,זוג כוסיות קריסטל לחנוכה,נר מצווה,IL,זוג כוסיות חנוכה,יחידה,1.00,יחידה,false,1,18.90,18.90,true,1,
706132600100,false,זוג כוסיות קריסטל לחנוכה,נר מצווה,IL,זוג כוסיות חנוכה,יחידה,1.00,יחידה,false,1,19.90,19.90,true,1,
706132600117,false,זוג כוסיות קריסטל לחנוכה,נר מצווה,IL,זוג כוסיות חנוכה,יחידה,1.00,יחידה,false,1,21.90,21.90,true,1,
706132600155,false,זוג כוסות קריסטל לנרונים,נר מצווה,US,זוג כוסות קריסטל,יחידה,1.00,יחידה,false,1,18.90,18.90,true,1,
706132600186,false,זוג כוסות קריסטל לנרונים,נר מצווה,US,זוג כוסות קריסטל,יחידה,1.00,יחידה,false,1,14.90,14.90,true,1,
706132610253,false,זוג כוסיות זכוכית לשמן,נר מצווה,US,כוסיות לשמן זוג,יחידה,1.00,יחידה,false,1,25.90,25.90,true,1,
706132620009,false,מטליות לכלי כסף לניקוי,נר מצווה,IL,מטלית לכלי כסף,יחידה,1.00,יחידה,false,1,13.90,13.90,true,1,
706132620054,false,כפפות לכלי כסף,נר מצווה,IL,כפפות לכלי כסף,יחידה,1.00,יחידה,false,1,13.90,13.90,true,1,
710069006867,false,הדר-עוגיות סנדוויץ הדר 150 גרם וניל,קריות זול,IL,עוג.סנדוויץ וניל,גרמים,150.00,100 גרם,false,0,3.90,2.60,true,1,
710069032170,false,פרוסות פלפל חריף טיפנברו,,US,פרוסות פלפל חריף,יחידה,1.00,יחידה,false,1,19.90,19.90,true,1,
710069055452,false,ביסקויט סנדוויץ שוקו הדר 150 גרם,אפיפית נצרת תעשיות ב,IL,עוג.סנדויץ שוקו,גרמים,150.00,100 גרם,false,0,3.90,2.60,true,1,
710069205055,false,תערובת לעוגת שוקולד טיפנ,,IL,תערובת לעוגת שוק,גרמים,397.00,100 גרם,false,1,19.90,5.01,true,1,
710069205109,false,תערובת לבראוניס טיפנברון,,IL,תערובת לבראוניס,גרמים,397.00,100 גרם,false,1,19.90,5.01,true,1,
710069205116,false,תערובת לעוגת קפה פירורים,,IL,תערובת לעוגת קפה,גרמים,397.00,100 גרם,false,1,19.90,5.01,true,1,
710069302907,false,פודינג אינסטנט וניל,,IL,"פודינג גפן כשל""פ",גרמים,99.00,100 גרם,false,0,7.90,7.98,true,1,
710069302952,false,איסטנ' פודינג שוקו' 90ג',,IL,איסטנ' פודינג שו,גרמים,90.00,100 גרם,false,1,7.90,8.78,true,1,
712963001801,false,שוקולד מריר עלים עם שברי אגוזים 125 גר',,,עלי שוקולד מריר,גרמים,125.00,100 גרם,false,0,16.90,13.52,true,1,
712963001818,false,שוקולד עלים מריר בטעם תפוז 125 גר',,IL,עלי שוקולד תפוז,גרמים,125.00,100 גרם,false,0,16.90,13.52,true,1,
712963001832,false,עלי שוקולד חלב גרוס 125ג,,IL,עלי שוקולד חלב,גרמים,125.00,100 גרם,false,0,16.90,13.52,true,1,
712963001849,false,שוקולד עלים חלב אגוזים 125 גר',,IL,ע.שוקולד חלב+אגו,גרמים,125.00,100 גרם,false,0,16.90,13.52,true,1,
712963001856,false,"גרוס עלי שוקולד בד""צ קרמל 125ג",,IL,עלי שוקולד עם קר,גרמים,125.00,100 גרם,false,0,16.90,13.52,true,1,
712963003805,false,"חטיף שוקולד מאי וואי 40 גר בד""ץ!",GROSS,HR,חטיף מאי וואי40ג,גרמים,40.00,100 גרם,false,1,3.90,9.75,true,1,
712963003829,false,חטיף קרמל פארדיס 40 גרם גרוס,GROSS,HR,חטיף שוקולד 40ג,גרמים,40.00,100 גרם,false,1,3.30,8.25,true,1,
712963004482,false,שוקולד עלים חלב קרמל ומלח ים 125 גר',רויאל,BE,עלי שוקולד חלב,גרמים,125.00,100 גרם,false,1,16.90,13.52,true,1,
712963004772,false,שוקולד חלב ממולא קרם תות 100 גרם גרוס,זווסקו ד.ד תעשיות מזון,HR,שוק.חלב ממולא,גרמים,100.00,100 גרם,false,1,7.90,7.90,true,1,
712963004796,false,שוקולד מריר ממולא קרם פטל 100 גר' מנוס,זווסקו ד.ד תעשיות מזון,HR,שוק.חלב ממולא,גרמים,100.00,100 גרם,false,1,7.90,7.90,true,1,
712963004932,false,שוקולד דקיק מילוי קרם פטל 200 גר',,IL,דקיקי שוקולד פטל,גרמים,200.00,100 גרם,false,1,14.90,7.45,true,1,
712963004963,false,שוקולד מריר 45% 100 גר' גרוס,גרוסליין,IL,שוקולד מריר גרוס,גרמים,90.00,100 גרם,false,1,6.90,7.67,true,1,
712963004970,false,שוקולד מריר מעולה 60% 90 גרם,זוקו,IL,שוקולד מריר 60%,גרמים,90.00,100 גרם,false,1,6.90,7.67,true,1,
712963004987,false,שוקולד לבן גרוס 90 גרם,,IL,שוקולד לבן,גרמים,90.00,100 גרם,false,1,6.90,7.67,true,1,
712963005441,false,שוקו GO במילוי קרם בוטנים 115 גר' גרוסליין,גרוסליין,HR,שוקו go במילוי,גרמים,80.00,100 גרם,false,1,6.90,8.63,true,1,
712963005922,false,שוקולד עלים מריר מנטה 125 גר',,IL,עלי שוקולד מריר,יחידה,1.00,יחידה,false,1,16.90,16.90,true,1,
718122911202,false,"משקה שקדים בטעם וניל ""גולדבאומס"" 946 מ""ל",ליקואטס וג'טאלס,ES,משקה שקדים וניל,מיליליטרים,946.00,"100 מ""ל",false,1,12.90,1.36,true,1,
718122911301,false,"משקה שקדים ""גולדבאומס"" 946 מ""ל",ליקואטס וג'טאלס,ES,משקה שקדים טבעי,מיליליטרים,946.00,"100 מ""ל",false,1,12.90,1.36,true,1,
718122911400,false,"פסטה מסולסל אורז חום מלא ללא גלוטן ""גולדבאו 454ג",ריזופיה פוד פרודקטס,IL,"פסטה מסולסל לל""ג",גרמים,454.00,100 גרם,false,1,16.90,3.72,true,1,
718122911509,false,"פסטה קרניים אורז חום מלא ללא גלוטן ""גולדב"" 454 גרם",ריזופיה פוד פרודקטס,CA,"פסטה קרניים לל""ג",גרמים,454.00,100 גרם,false,1,16.90,3.72,true,1,
718122911608,false,"פסטה פנה אורז חום מלא ללא גלוטן ""גולדבאום"" 454 גרם",ריזופיה פוד פרודקטס,CA,"פסטה פנה לל""ג",גרמים,454.00,100 גרם,false,1,16.90,3.72,true,1,
718122912902,false,"פסטה שלז אורז חום מלא ללא גלוטן ""גולדבאומ"" 454 ג",ריזופיה פוד פרודקטס,CA,"פסטה שלז לל""ג",גרמים,454.00,100 גרם,false,1,16.90,3.72,true,1,
724353783822,false,"תמר מג'הול מדיום 1 ק""ג בד""ץ מהדרין.",פרי וירק טמרה ושותפי,IL,"תמר מג'הול 1 ק""ג",קילוגרמים,1.00,"ק""ג",false,0,18.90,18.90,true,1,
729003858950,false,שפתון שפורפרת.,,IL,שפתון וזלין,מיליליטרים,10.00,"100 מ""ל",false,0,4.90,49.00,true,1,
729010312063,false,ספיד סטיק לגבר קול נייט,,IL,ספיד סטיק לגבר ק,יחידה,1.00,יחידה,false,1,11.90,11.90,true,1,
732973006009,false,ווייט פיש אוישן 624 גרם,אושן גורמה,US,ווייט פיש אוישן,גרמים,624.00,100 גרם,false,0,33.90,5.43,true,1,
735375609939,false,מרק נודלס בטעם עוף מופחת נטרן-גפן,אימפריאל פודס אינק,US,מרק נודלס,גרמים,65.00,100 גרם,false,1,4.90,7.54,true,1,
744664060207,false,תערובת מתוקה לציפוי,פרימה,,תערובת מתוקה לצי,יחידה,1.00,יחידה,false,0,18.90,18.90,true,1,
744664088010,false,תערובת תיבול קלא,,,תערובת תיבול קלא,יחידה,1.00,יחידה,false,0,14.90,14.90,true,1,
744664088034,false,פפריקה מעושנת פרימה,פרימה,US,פפריקה מעושנת,גרמים,71.00,100 גרם,false,1,14.90,20.99,true,1,
744664088041,false,תערובת תבלינים מעושנים 1,,IL,תערובת תבלינים מ,גרמים,133.00,100 גרם,false,1,14.90,11.20,true,1,
744664088058,false,"תערות ע""ב שום מעושן פרימה 99 גרם",פרימה,IL,"תערובת ע""ב שום מ",גרמים,99.00,100 גרם,false,1,16.90,17.07,true,1,
744664092017,false,תערובת תבלינים גרם43,פרימה,US,תערובת תבלינים,גרמים,43.00,100 גרם,false,1,16.90,39.30,true,1,
744664092048,false,תבלין אגוז מוסקט טחון,פרימה,US,תבלין אגוז מוסקט,גרמים,71.00,100 גרם,false,1,24.90,35.07,true,1,
744664092079,false,תבלין זרעי חרדל פרימה,,IL,תבלין זרעי חרדל,גרמים,57.00,100 גרם,false,1,14.90,26.14,true,1,
744664092086,false,אבקת קארי הודי פרימה משי,,IL,אבקת קארי הודי פ,גרמים,71.00,100 גרם,false,1,19.90,28.03,true,1,
744664092093,false,תערובת עשבי תיבול איטלקי,,IL,תערובת עשבי תיבו,גרמים,28.00,100 גרם,false,1,14.90,53.21,true,1,
744664092109,false,תבלין פלפל קאיין 71 גרם,פרימה,US,תבלין פלפל קאיין,גרמים,71.00,100 גרם,false,1,16.90,23.80,true,1,
744664092178,false,תערובת שום ופלפל שחור 99,,IL,תערובת שום ופלפל,גרמים,99.00,100 גרם,false,1,19.90,20.10,true,1,
744664092185,false,תערובת תיבול לסטייק 71 ג,,IL,תיבול לסטייק,גרמים,71.00,100 גרם,false,1,16.90,23.80,true,1,
744664092208,false,תערובת לתיבול שווארמה 85 גר' פרימה.,פרימה,US,תערובת לשווארמה,גרמים,85.00,100 גרם,false,1,16.90,19.88,true,1,
744664092246,false,תערובת מלח ושום פרימה 99 גרם,,,תערובת מלח ושום,יחידה,1.00,יחידה,false,0,19.90,19.90,true,1,
744664092260,false,תערובת תיבול לציפס פרימה 74 גר',פרימה,IL,תערובת תיבול לצ',גרמים,99.00,100 גרם,false,1,16.90,17.07,true,1,
744664092321,false,תבלין פלפל אנגלי טחון,פרימה,US,תבלין פלפל טחון,גרמים,60.00,100 גרם,false,1,16.90,28.17,true,1,
744664092352,false,תערובת בשמים בלנד פר,פרימה,,תערובת בשמים בלנ,יחידה,1.00,יחידה,false,0,19.90,19.90,true,1,
744664092376,false,תערובת פלפל ארבע עונות 5,פרימה,IL,תערובת פלפל ארבע,גרמים,56.00,100 גרם,false,1,19.90,35.54,true,1,
744664092383,false,תערובת לתיבול דגים 85 גר,פרימה,US,תערובת לתיבול דג,גרמים,85.00,100 גרם,false,1,16.90,19.88,true,1,
744664092413,false,תערובת תיבול לפיצה 2,פרימה,,תערובת תיבול לפי,יחידה,1.00,יחידה,false,0,11.90,11.90,true,1,
744664092444,false,קינמון טחון טחון 57 גרם,פרימה,US,קינמון טחון,גרמים,57.00,100 גרם,false,1,13.90,24.39,true,1,
744664092536,false,תערובת תיבול צלי בקר,פרימה,,תערובת תיבול לצל,יחידה,1.00,יחידה,false,0,16.90,16.90,true,1,
744664092840,false,צ'ילי טחון prima,,IL,צ'ילי טחון prima,גרמים,71.00,100 גרם,false,1,14.90,20.99,true,1,
744664092864,false,תבלין פלפל אדום כתוש,פרימה,US,תבלין פלפל אדום,גרמים,48.00,100 גרם,false,1,14.90,31.04,true,1,
744664092895,false,פפריקה אקסטה פנסי prima,פרימה,IL,פפריקה אקסטה פנס,גרמים,71.00,100 גרם,false,1,11.90,16.76,true,1,
744664092925,false,תבלין אבקת בצל פרימה,פרימה,US,תבלין אבקת בצל,גרמים,85.00,100 גרם,false,1,14.90,17.53,true,1,
744664092949,false,גבישי בצל 65 גרם פרימה,פרימה,US,גבישי בצל,גרמים,65.00,100 גרם,false,1,14.90,22.92,true,1,
744664093076,false,תערובת תיבול לסטייק 85 ג,פרימה,US,תערובת תיבול,גרמים,85.00,100 גרם,false,1,16.90,19.88,true,1,
744664093083,false,תערובת לציפוי חלות 227 גרם פרימה,פרימה,US,תערובת לחלות,גרמים,227.00,100 גרם,false,1,18.90,8.33,true,1,
744664093090,false,תבלין זעתר פרימה משי מנו,,IL,תבלין זעתר פרימה,גרמים,71.00,100 גרם,false,1,19.90,28.03,true,1,
744664093724,false,תערובת קינמון וסוכר 113,פרימה,IL,תערובת קינמון וס,יחידה,1.00,יחידה,false,1,14.90,14.90,true,1,
744664093991,false,פלפל שחור גרוס דק 71 גרם,פרימה,US,פלפל שחור גרוס,גרמים,71.00,100 גרם,false,1,14.90,20.99,true,1,
744664095001,false,תבלין עירית קצוצה 6 גרם,,IL,תבלין עירית קצוצ,גרמים,6.00,100 גרם,false,1,14.90,248.33,true,1,
744664098040,false,תערובת לתיבול עוף פרימה,,IL,תערובת לתיבול עו,יחידה,1.00,יחידה,false,1,16.90,16.90,true,1,
748159107309,false,רוטב פלפל,,,רוטב פלפל,יחידה,1.00,יחידה,false,0,11.90,11.90,true,1,
748935010403,false,"חמאת בוטנים ""שוורץ""",,IL,חמאת בוטנים,יחידה,1.00,יחידה,false,1,19.90,19.90,true,1,
748935211732,false,"בייגלך עם דבש 240 גרם ""שוורץ""",בנזל פודס,US,חטיף מקלוני חיטה,גרמים,240.00,100 גרם,false,1,14.90,6.21,true,1,
750536585853,false,אצות נורי כסף קלויות 10 דפים 28 גרם,האיאן לנבו סי.או ל.ט.ד,CN,אצות נורי קלויות,גרמים,28.00,100 גרם,false,1,11.90,42.50,true,1,
754496001224,false,UNGERS רוטב ברביקיו אורגינל בון סקין 454 גרם,,IL,רוטב ברביקיו,גרמים,454.00,100 גרם,false,1,27.90,6.15,true,1,
754496001262,false,רוטב ברביקיו בון סאקין 4,,IL,רוטב ברביקיו,גרמים,454.00,100 גרם,false,1,27.90,6.15,true,1,
769904000607,false,שקדי מרק משובח 200 גרם כשלפ,גיי אפ פי ייצור מזון,IL,שקדי מרק,גרמים,200.00,100 גרם,false,0,11.90,5.95,true,1,
769904001024,false,אטריות רחבות משובח 1,גיי אפ פי ייצור מזון,,איטריות רחבות,גרמים,200.00,100 גרם,false,0,10.90,5.45,true,1,
773430021456,false,חנוכיית פח לילדים שרגא,,IL,חנוכיית פח לילדי,יחידה,1.00,יחידה,false,1,2.90,2.90,true,1,
781360100677,false,מברשת שיניים סיליקון גלאט לשבת,,,מברשת שיניים,יחידה,1.00,יחידה,false,0,16.90,16.90,true,1,
782706222398,false,חזה הודו על גחלים 250 גר,דליקטס,IL,הודו על גחלים,גרמים,250.00,100 גרם,false,1,24.90,9.96,true,1,
782706222404,false,חזה הודו בדבש 250 גרם,"דליקטס ארטיזנל בע""מ",IL,חזה הודו בדבש,גרמים,250.00,100 גרם,false,1,24.90,9.96,true,1,
783495810179,false,אורז עגול למילוי,,IL,אורז עגול למילוי,גרמים,1000.00,100 גרם,false,1,5.90,0.59,true,1,
791772127117,false,פתילות הפלא דקות במיוחד,ח.כהן,IL,פתילות הפלא דקות,יחידה,1.00,יחידה,false,0,2.90,2.90,true,1,
791772127155,false,פתילות הפלא פשתן ארוכות,ח.כהן,IL,פתילות הפלא ארוך,יחידה,1.00,יחידה,false,0,2.90,2.90,true,1,
791772127179,false,צינורית הפלא+פתילות מס',,IL,צינוריות+פתילות,יחידה,1.00,יחידה,false,1,17.90,17.90,true,1,
793945190010,false,טורט שוקולד קלזיני,,IL,טורט שוקולד,יחידה,1.00,יחידה,false,1,22.90,22.90,true,1,
807405052050,false,"רדיד אלומיניום 30X60 ס""מ",פנדורה,CN,רדיד אלומיניום,מטרים,60.00,מטר,false,1,24.90,0.42,true,1,
807405052098,false,"רדיד אלומיניום חתוך 27.8*30.5 ס""מ. 200 יחי' PANDORA",פנדורה,CN,רדיד אלומיניום,יחידה,1.00,יחידה,false,1,29.90,29.90,true,1,
807405068020,false,שקיות אובליות לבישול איטי רחב במיוחד 10 יחידות,פנטסטיק,CN,שקיות בישול איטי,יחידה,1.00,יחידה,false,1,9.90,9.90,true,1,
807405068518,false,שקיות פסגור ענק לחלות (2 גל') פלסטיקו 15 יחי6851,פטקר,CN,שקיות פסגור,יחידה,1.00,יחידה,false,1,11.90,11.90,true,1,
807405068532,false,שקיות פסגור לאחסון (1 גל') פלסטיקו 40 יחי 6853,פטקר,CN,שקיות פסגור,יחידה,1.00,יחידה,false,1,11.90,11.90,true,1,
807405068556,false,שקיות פסגור לאיחסון (1/4 גל) פלסטיקו 50 יחי 6855,פטקר,CN,שקיות פסגור,יחידה,1.00,יחידה,false,1,11.90,11.90,true,1,
807405068570,false,שקיות פסגור לחטיף פלסטיקו 100 יחידות,פטקר,CN,שקיות פסגור קטן,יחידה,1.00,יחידה,false,1,11.90,11.90,true,1,
807405068594,false,שקיות פסגור לסנדוויץ פלסטיקו 100 יחידות,פטקר,CN,שקיות פסגור,יחידה,1.00,יחידה,false,1,11.90,11.90,true,1,
807405129127,false,מפיוני אירוח,,IL,מפיוני אירוח,יחידה,1.00,יחידה,false,1,7.90,7.90,true,1,
807405129134,false,מפיות נייר תלת שכבתי 40,פנטסטיק,CN,מפיות תלת שכבתי,יחידה,1.00,יחידה,false,1,8.90,8.90,true,1,
810037310054,false,מגש מאורך מפלסטיק למשלוח מנות,,CN,מגש מפלסטיק,יחידה,1.00,יחידה,false,1,5.90,5.90,true,1,
810487002127,false,מקלות צ'יפס ירקות 141 גר',,IT,מקלות קרוטונים,גרמים,141.00,100 גרם,false,1,18.90,13.40,true,1,
810487003704,false,נגיסי שקדים ותמרים 149גר,,US,נגיסי שקדים,גרמים,149.00,100 גרם,false,1,23.90,16.04,true,1,
810487003711,false,נגיסי שקדים ותמרים מצופה,,US,נגיסי שקדים,גרמים,149.00,100 גרם,false,1,23.90,16.04,true,1,
811146030017,false,טופי ממולא אבקה חמוצה בט,,IL,טופי ממולא אבקה,יחידה,1.00,יחידה,false,1,0.80,0.80,true,1,
811146030024,false,טופי ממולא אבקה חמוצה בט,,IL,טופי ממולא אבקה,יחידה,1.00,יחידה,false,1,0.80,0.80,true,1,
811146030031,false,טופי ממולא אבקה חמוצה בט,,IL,טופי ממולא אבקה,יחידה,1.00,יחידה,false,1,0.80,0.80,true,1,
811146030048,false,טופי ממולא אבקה חמוצה בט,,IL,טופי ממולא אבקה,יחידה,1.00,יחידה,false,1,0.80,0.80,true,1,
811146030055,false,טופי ממולא אבקה חמוצה בט,,IL,טופי ממולא אבקה,יחידה,1.00,יחידה,false,1,0.80,0.80,true,1,
811146030178,false,טינגלרס פטל בשקית דיספליי 288 גרם,גוגרנולא פוד אינדסטר,IL,טינגלרס ממולא בט,גרמים,288.00,100 גרם,false,1,9.90,3.44,true,1,
811146030192,false,טינגלרס תפוח עץ בשקית דיספליי 288 גרם,,IL,טינגלרס ממולא בט,גרמים,288.00,100 גרם,false,1,9.90,3.44,true,1,
811146030208,false,פשקס סוכריות טינגלרס ענבים בשקית 288 גרם,,IL,טינגלרס ממולא בט,גרמים,228.00,100 גרם,false,1,9.90,4.34,true,1,
811146030284,false,אודלס ספר תורה בטעמי פרי 12 יח,,CN,אודלס ספר תורה,גרמים,190.00,100 גרם,false,1,9.90,5.21,true,1,
811146030291,false,סוכריות טופי פטל סביבון,,IL,סוכריות טופי פטל,גרמים,16.00,100 גרם,false,1,1.00,6.25,true,1,
811146030314,false,"פשקס אודלס פטל סביבון בשקית בד""צ",,IL,סוכרית אודלס,גרמים,192.00,100 גרם,false,1,9.90,5.16,true,1,
811146030345,false,לקקן שבשת דיספלי,,,לקקן שבשת דיספלי,יחידה,1.00,יחידה,false,0,1.00,1.00,true,1,
811146030383,false,סוכריות קשות לקקן בצורת ספינר 12 יחי',פרימיום פודס,CN,לקקן בצורת ספינר,גרמים,120.00,100 גרם,false,1,11.90,9.92,true,1,
811146030390,false,סוכריות קשות לקקן בצורת שבשבת 12 יחי',קיומי שנגיואנג פודס,CN,לקקן בצורת שבשבת,גרמים,144.00,100 גרם,false,1,11.90,8.26,true,1,
811146030468,false,אודלס ליצן בטעם דובדבן 16 גרם,,IL,אודלס ליצן דובדב,יחידה,1.00,יחידה,false,1,1.00,1.00,true,1,
811146030666,false,טוויסטי פופ בורג 408 גרם,קיומי שנגיואנג פודס,CN,טוויסטי פופ בורג,גרמים,408.00,100 גרם,false,1,29.90,7.33,true,1,
811146030680,false,טוויסטי פופ עגול 408 גרם,קיומי שנגיואנג פודס,CN,טוויסטי פופ עגול,גרמים,408.00,100 גרם,false,1,29.90,7.33,true,1,
811146030697,false,טוויסטי פופ כוכב 408 גרם,קיומי שנגיואנג פודס,CN,טוויסטי פופ כוכב,גרמים,408.00,100 גרם,false,1,29.90,7.33,true,1,
811146030741,false,סוכריות לולי פופ חמוץ משפחתי 144 גרם,גואנגדונג צאואן פוד,CN,סוכ.על מקל,גרמים,144.00,100 גרם,false,1,11.90,8.26,true,1,
811146030758,false,סוכריות פרו זיפס פירות בשקית 255 גרם,גוגרנולא פוד אינדסטר,PK,סוכ.טופי 255גרם,גרמים,255.00,100 גרם,false,1,9.90,3.88,true,1,
811146030765,false,פרו זיפס כפול פירות בשקית 255 גרם,גוגרנולא פוד אינדסטר,PK,סוכ.טופי 255גרם,גרמים,255.00,100 גרם,false,1,9.90,3.88,true,1,
811146030772,false,סוכריות פרו זיפס ארוכות בשקית 255 גרם,גוגרנולא פוד אינדסטר,PK,סוכ.טופי ממולאות,גרמים,255.00,100 גרם,false,1,9.90,3.88,true,1,
811146030789,false,טופי פשקס,,IL,טופי,יחידה,1.00,יחידה,false,1,1.00,1.00,true,1,
811146030796,false,טופי פשקס,,IL,טופי,יחידה,1.00,יחידה,false,1,1.00,1.00,true,1,
811146030802,false,טופי פשקס,,IL,טופי,יחידה,1.00,יחידה,false,1,1.00,1.00,true,1,
811146030840,false,טופי ארוך,,,טופי ארוך,יחידה,1.00,יחידה,false,0,1.00,1.00,true,1,
811146030857,false,טופי ארוך,,,טופי ארוך,יחידה,1.00,יחידה,false,0,1.00,1.00,true,1,
811146030864,false,טופי ארוך,,,טופי ארוך,יחידה,1.00,יחידה,false,0,1.00,1.00,true,1,
811146030871,false,טופי בטעמי פירות,,,טופי בטעמי פירות,יחידה,1.00,יחידה,false,0,1.00,1.00,true,1,
811146030925,false,טינגלרס בטעם תות פשקס,,IL,טינגלרס בטעם תות,יחידה,1.00,יחידה,false,1,1.00,1.00,true,1,
811146030932,false,טינגלרס פשקס,,IL,טינגלרס,יחידה,1.00,יחידה,false,1,1.00,1.00,true,1,
811146030949,false,טינגלרס בטעם פטל פשקס,,IL,טינגלרס בטעם פטל,יחידה,1.00,יחידה,false,1,1.00,1.00,true,1,
811146031007,false,לקקן טוויסטי פופ לב,פרימיום פודס,,מארז סוכריות על,יחידה,1.00,יחידה,false,0,29.90,29.90,true,1,
811146031151,false,ZIPS FRU פשקס,,IL,ZIPS FRU,גרמים,20.00,100 גרם,false,1,1.00,5.00,true,1,
811146031175,false,ZIPS FRU פשקס .,,IL,ZIPS FRU פשקס,יחידה,1.00,יחידה,false,1,1.00,1.00,true,1,
811146031205,false,סוכריות טופי פרוזיפס,גוגרנולא פוד אינדסטר,,סוכריות טופי ממו,יחידה,1.00,יחידה,false,0,10.00,10.00,true,1,
811146031328,false,טוויסטי פופ סביבון צבעונ,קואנזו שנגואון פוד ק,IL,טוויסטי פופ סביב,יחידה,1.00,יחידה,false,1,29.90,29.90,true,1,
811146031359,false,טוויסטי פופ סביבון 4 צבע,קואנזו שנגואון פוד ק,IL,טוויסטי פופ סביב,יחידה,1.00,יחידה,false,1,29.90,29.90,true,1,
811146031397,false,סוכריית סביבון על מקל מאגדת 156 גרם,צ'אן אן צ'אונגטסוי פ,IL,לקקן סביבון,גרמים,156.00,100 גרם,false,1,11.90,7.63,true,1,
811146031403,false,סוכריה על מקל,,,סוכריה על מקל,יחידה,1.00,יחידה,false,0,1.50,1.50,true,1,
816412012445,false,נוזל חמוץ בטעם ת,,,נוזל חמוץ בטעם ת,יחידה,1.00,יחידה,false,0,5.50,5.50,true,1,
816412012452,false,נוזל חמוץ בטעם ת,,,נוזל חמוץ בטעם ת,יחידה,1.00,יחידה,false,0,5.50,5.50,true,1,
838948000031,false,ממרח בטעם שוקולד ואגוזים,שניידרס,IL,ממרח שוקולד אגוז,גרמים,400.00,100 גרם,false,0,16.90,4.23,true,1,
838948000055,false,סוכריות קנדי פלנט תו,שניידרס,IL,סוכריות ג'לי שני,גרמים,150.00,100 גרם,false,1,9.90,6.60,true,1,
838948000062,false,סוכריות קנדי פלנט בא,שניידרס,IL,סוכריות ג'לי שני,גרמים,150.00,100 גרם,false,1,9.90,6.60,true,1,
838948000086,false,סוכריות קנדי פלנט בנ,שניידרס,,סוכריות ג'לי בננ,יחידה,1.00,יחידה,false,0,12.90,12.90,true,1,
838948002165,false,שניידרס עוגיות פלמיר,שניידרס,IL,עוגיות פלמיר,יחידה,1.00,יחידה,false,1,8.90,8.90,true,1,
838948002172,false,עוגיות וניל גאלט,,IL,עוגיות וניל,יחידה,1.00,יחידה,false,1,10.90,10.90,true,1,
838948002257,false,עוגיות ש.ציפס אגוזים 200,שניידרס,FR,עוגיות ש.ציפס,גרמים,200.00,100 גרם,false,0,8.90,4.45,true,1,
838948004596,false,רוטב פסטו בזיליקום 550 ג,שניידרס,IT,פסטו בזיליקום,גרמים,550.00,100 גרם,false,1,24.90,4.53,true,1,
838948005654,false,סוכריות טופי פירות שנייד,שניידרס,IL,סוכריות טופי שני,גרמים,150.00,100 גרם,false,1,9.90,6.60,true,1,
838948005968,false,סוכריות ליקריץ 200 גרם,שניידרס,IL,סוכריות ליקריץ,יחידה,1.00,יחידה,false,1,10.90,10.90,true,1,
838948005999,false,סוכריות ליקריץ 200 גרם,שניידרס,IL,סוכריות ליקריץ,גרמים,200.00,100 גרם,false,1,10.90,5.45,true,1,
838948006583,false,סוכריות קנדי פלנט צי,שניידרס,IL,סוכריות ג'לי פיר,גרמים,150.00,100 גרם,false,1,9.90,6.60,true,1,
838948007160,false,מיני עוגיות מצופות מריר,,IL,מיני עוגיות מצופ,גרמים,160.00,100 גרם,false,1,14.90,9.31,true,1,
838948007412,false,ממרח שוקולד וניל 400 גר,שניידרס,FR,ממרח שוקולד וניל,גרמים,400.00,100 גרם,false,1,16.90,4.23,true,1,
838948007726,false,ממרח בטעם שוקולד ואגוזים,שניידרס,FR,ממרח בטעם שוקולד,גרמים,400.00,100 גרם,false,0,16.90,4.23,true,1,
838948008204,false,ממרח פסטו פיקנטי 190 גרם,שניידרס,IT,ממרח פסטו פיקנטי,גרמים,190.00,100 גרם,false,0,10.90,5.74,true,1,
838948008532,false,שוקולד שניידרס מריר,שניידרס,IL,שוקולד מריר 72%,גרמים,100.00,100 גרם,false,1,8.90,8.90,true,1,
838948008969,false,קרקר יו מרובע שניידר,שניידרס,IL,קרקר שלישיה,יחידה,1.00,יחידה,false,1,10.90,10.90,true,1,
838948008990,false,קרקר עגול בקופסה .,שניידרס,IL,קרקר עגול בקופסה,יחידה,1.00,יחידה,false,1,10.90,10.90,true,1,
838948009850,false,צנימים דקים מלבה ח.מלאה,,IL,צנימים דקים מלבה,יחידה,1.00,יחידה,false,1,7.90,7.90,true,1,
838948010863,false,סוכריות דרז'ה טעם פירות,שניידרס,IL,סוכריות פירות שנ,גרמים,150.00,100 גרם,false,1,9.90,6.60,true,1,
838948010870,false,סוכריות דרז'ה טעם פירות,שניידרס,IL,סוכריות פירות שנ,גרמים,150.00,100 גרם,false,1,9.90,6.60,true,1,
838948011228,false,סוכריות חמוצות בטעם קולה,,IL,סוכריה חמוץ קולה,יחידה,1.00,יחידה,false,1,9.90,9.90,true,1,
838948011235,false,סוכריות חמוצות דובדבן רו,,IL,סוכריה חמוץ דובד,יחידה,1.00,יחידה,false,1,9.90,9.90,true,1,
838948012348,false,עוגיות מבצק עלים פריכות,,IL,עוגיות מבצק עלים,יחידה,1.00,יחידה,false,1,8.90,8.90,true,1,
838948012355,false,עוגיות פתיתי שוקולד ופטל,,IL,עוגיות פתיתי שוק,יחידה,1.00,יחידה,false,1,8.90,8.90,true,1,
839762000658,false,איילנד גויאבה המשקה של חופי סיני 1 ליטר,The Egyptian Co. for,EG,נקטר איילנד,ליטרים,1.00,ליטר,false,0,9.90,9.90,true,1,
840762012268,false,שעועית אפויה,,IL,שעועית אפויה,גרמים,454.00,100 גרם,false,0,8.90,1.96,true,1,
840762811403,false,פטריות שמפניון חתוכות 22,גרינירד,NL,פטריות שמפניון,גרמים,227.00,100 גרם,false,1,5.90,2.60,true,1,
850010422008,false,טרופל פרמזן סגול,,IL,טרופל פרמזן סגול,יחידה,1.00,יחידה,false,1,21.90,21.90,true,1,
850010422015,false,סרירצה לימון אדום,,IL,סרירצה לימון,יחידה,1.00,יחידה,false,1,21.90,21.90,true,1,
850010422022,false,שוקולד וניל חום קנדי קאש,,IL,שוקולד וניל חום,יחידה,1.00,יחידה,false,1,21.90,21.90,true,1,
850010422039,false,מרשמלו קינמון חום,,IL,מרשמלו קינמון חו,יחידה,1.00,יחידה,false,1,21.90,21.90,true,1,
850010422183,false,בייגל גבינה שחור,,IL,בייגל גבינה שחור,יחידה,1.00,יחידה,false,1,21.90,21.90,true,1,
850010422299,false,חמוצים ירוק זית קנדי קאש,,IL,חמוצים ירוק זית,יחידה,1.00,יחידה,false,1,21.90,21.90,true,1,
850011939048,false,קרקר דיפ דיפ אוריגינל קרייבי,בי איי בי סנקס,US,דיפ דיפ אורגינל,גרמים,170.00,100 גרם,false,1,5.90,3.47,true,1,
850011939215,false,פלאפל בייטס קרקר משי מנו,,IL,פלאפל בייטס קרקר,גרמים,170.00,100 גרם,false,1,14.90,8.76,true,1,
850011939253,false,קרקר חיטה מלאה שום קרייב,,IL,קרקר חיטה מלאה ש,יחידה,1.00,יחידה,false,1,14.90,14.90,true,1,
850011939482,false,פופרס עם קרם אגוזי לוז מ,,IL,פופרס עם קרם אגו,יחידה,1.00,יחידה,false,1,19.90,19.90,true,1,
850011939635,false,מולטי גריין בייטס קרקר מ,,IL,מולטי גרייןבייטס,גרמים,170.00,100 גרם,false,1,14.90,8.76,true,1,
850011939932,false,קרקר דיפ דיפ כוסמין 170 גרם קרייבי,,IL,קרקר דיפ כוסמין,יחידה,1.00,יחידה,false,1,21.90,21.90,true,1,
850668000818,false,חטיף צי'פס טבעי ללא גלוטן,בארל אופאן סנאק,US,"חטיף תפו""א",גרמים,142.00,100 גרם,false,0,21.90,15.42,true,1,
850668000832,false,חטיף ציפס טבעי ללא גלוטן בחומץ,בארל אופאן סנאק,US,"חטיף תפו""א",גרמים,142.00,100 גרם,false,0,21.90,15.42,true,1,
850668000849,false,דיפ ריבר צ'יפס חלפינו 142 גר',,IL,פלפל חלפיניו,יחידה,1.00,יחידה,false,1,21.90,21.90,true,1,
850668000856,false,חטיף ציפס ללא גלוטן בטעם בצל,,IL,בצל מתוק,יחידה,1.00,יחידה,false,1,21.90,21.90,true,1,
850668000863,false,חטיף צי'פס ללא גלוטן בטעם ברביקו,בארל אופאן סנאק,US,חטיף ברביקיו,גרמים,142.00,100 גרם,false,0,21.90,15.42,true,1,
855564003000,false,חטיף תירס מלא וזרעים מונבטים 156 גרם,,IL,חטיף תירס,יחידה,1.00,יחידה,false,1,19.90,19.90,true,1,
855564003024,false,חטיף תירס מלא וזרעים מונבטים עם בטטה 156 גרם,,IL,חטיף תירס מלא,יחידה,1.00,יחידה,false,1,19.90,19.90,true,1,
855564003048,false,חטיף תירס מלא וזרעים מונבטים בט' צילי מתוק 156 גרם,,IL,חטיף תירס,יחידה,1.00,יחידה,false,1,19.90,19.90,true,1,
856591000055,false,עוגיות מזרחיות קריספי שרוף במיוחד,מאפיית יוסף ושמחה עבאדי,IL,עוגיות מזרחיות,גרמים,400.00,100 גרם,false,1,16.90,4.23,true,1,
856591000062,false,עוגיות מזרחיות עם מלח עבאדי 400 גרם,מאפיית יוסף ושמחה עבאדי,IL,עוגיות מזרחיות,גרמים,400.00,100 גרם,false,0,16.90,4.23,true,1,
856591000109,false,עוגיות מזרחיות פריך במיוחד עבאדי 400 גרם,מאפיית יוסף ושמחה עבאדי,IL,עוגיות מזרחיות,גרמים,400.00,100 גרם,false,0,16.90,4.23,true,1,
856591000512,false,עוגיות מזרחיות מקלונים עם שומשום עבאדי 400 גרם,מאפיית יוסף ושמחה עבאדי,IL,עוגיות מזרחיות,גרמים,400.00,100 גרם,false,0,16.90,4.23,true,1,
856591000949,false,"מאפה חיטה מלוח ""קטנטנים"" עבאדי 350 גרם",עבאדי,IL,קטנטנים עבאדי,גרמים,350.00,100 גרם,false,1,16.90,4.83,true,1,
857220006028,false,חלפניו פיקנטי,,,חלפניו פיקנטי,יחידה,1.00,יחידה,false,0,21.90,21.90,true,1,
857220006035,false,ברבקיו דבש אדום,,,ברבקיו דבש אדום,יחידה,1.00,יחידה,false,0,21.90,21.90,true,1,
857220006042,false,מלח ים כחול קנדי קאש,,IL,מלח ים כחול,יחידה,1.00,יחידה,false,1,21.90,21.90,true,1,
859844105101,false,תערובת לקניידלך מקמח,מצות אביב,,תערובת לקניידלך,יחידה,1.00,יחידה,false,0,11.90,11.90,true,1,
859844105118,false,תערובת לקניידלך מקמח,מצות אביב,,תערובת לקניידלך,יחידה,1.00,יחידה,false,0,11.90,11.90,true,1,
873999002122,false,מארז 5 סוללות 2032 יחי',,IL,מארז 5 סוללות 20,יחידה,1.00,יחידה,false,1,13.90,13.90,true,1,
893022001137,false,"מגבונים לחים 72 יחידות כשל""פ מותר לשימוש בשבת",ווטנפס בעמ,IL,מגבונים לשבת,יחידה,1.00,יחידה,false,1,3.90,3.90,true,1,
893033002031,false,"""100 מפיות נייר מקופל -מיוחד """"סילק טאצ'""""""",,CN,מפיות נייר,יחידה,1.00,יחידה,false,1,9.90,9.90,true,1,
1230000068314,false,בשר טחון ביונד מיט מארז זוגות 300ג,זנברגן וורלד פינסט מיט ב,NL,טחון מן הצומח בי,גרמים,300.00,100 גרם,false,1,39.90,13.30,true,1,
3035542004206,false,ליקר תפוזים קואנטרו700מל,רמי קואנטרו,FR,ליקר קואנטרו,מיליליטרים,700.00,"100 מ""ל",false,1,119.90,17.13,true,1,
3387390320244,false,פיטנס דגני בוקר מחיטה מלאה עם פירות נסטלה 375 גרם,קבוצת אוסם סחר שותפות מוגבלת,FR,דגני פיטנס,גרמים,375.00,100 גרם,false,0,19.90,5.31,true,1,
3387390730852,false,פיטנס דגנים מחיטה מלאה ואורז נסטלה 375 גרם,קבוצת אוסם סחר-שות.מוגבלת,FR,דגני פיטנס,גרמים,375.00,100 גרם,false,0,19.90,5.31,true,1,
3563490014898,false,ריין דיז'ון חרדל דיז'ון 265 גרם,דיפלומט מפיצים (1968) בעמ**,FR,חרדל דיז'ון,גרמים,265.00,100 גרם,false,0,9.90,3.74,true,1,
3574661425696,false,גונסונס בייבי תחליב לתינוק 500 מל,ג'ונסונס Johnson's,IT,ג'ונסון תחליב,מיליליטרים,500.00,"100 מ""ל",false,1,18.90,3.78,true,1,
3574661444963,false,סוכריות ליסטרין 8 יחידות,פארמה דיל (פ.א.ב.) שיווק והפצה,IT,סוכריות ליסטרין,יחידה,1.00,יחידה,false,1,6.90,6.90,true,1,
3574661530697,false,גונסונס בייבי תרחיץ ושמפו לתינוק 500 מל,ג'ונסונס Johnson's,IT,ג'ונסון תרחיץ,מיליליטרים,500.00,"100 מ""ל",false,1,18.90,3.78,true,1,
3574669907682,false,גונסונס בייבי טלק 500 גרם חדש,גונסון אנד גונסון,IT,טלק ג'ונסון,גרמים,500.00,100 גרם,false,1,19.90,3.98,true,1,
3574669907972,false,"גונסון בייבי שמפו טיפות של ברק 750 מ""ל",ג'ונסונס Johnson's,IT,ג'ונסון שמפו,מיליליטרים,750.00,"100 מ""ל",false,1,12.90,1.72,true,1,
3574669908443,false,ג'ונסון בייבי אל סבון וקצף אמבט 750 חדש,ש.שסטוביץ בעמ,IT,ג'ונסון אל סבון,מיליליטרים,750.00,"100 מ""ל",false,1,9.90,1.32,true,1,
3574669909181,false,גונסונס בייבי שמן אלוורה לתינוק 300 מל,ג'ונסונס Johnson's,IT,שמן ג'ונסון,מיליליטרים,300.00,"100 מ""ל",false,1,24.90,8.30,true,1,
<<<<<<< HEAD
3600541740006,false,"גרנייה - דאודורנט ספריי לאישה אקשן קונטרול 72 שעות 150 מ""ל","לוריאל ישראל בע""מ",FR,דאו.גרנייה,מיליליטרים,150.00,"100 מ""ל",false,1,6.90,4.60,true,1,
=======
3600541740006,false,"גרנייה - דאודורנט ספריי לאישה אקשן קונטרול 72 שעות 150 מ""ל",לוריאל ישראל קוסמטיקס בעמ,FR,דאו.גרנייה,מיליליטרים,150.00,"100 מ""ל",false,1,6.90,4.60,true,1,
>>>>>>> d048ac2f4f281c9d788043ab4e81b61b0dbe3743
3607345264356,false,"אדידס בודי ספריי לגבר דינמיק פולס, ללא אלומיניום, 150 מל",דנשר,PL,ספריי גוף אדידס,מיליליטרים,150.00,"100 מ""ל",false,0,12.90,8.60,true,1,
3607345264912,false,"אדידס בודי ספריי לגבר אייס דייב, ללא אלומיניום, 150 מל",אגריפק אס איי לגרדה,ES,ספריי גוף אדידס,מיליליטרים,150.00,"100 מ""ל",false,0,12.90,8.60,true,1,
3607345265117,false,"אדידס - דאודורנט ספריי לגבר טים פורס 150 מ""ל",מיוצר עי קונדיטוריית,PL,ספריי גוף אדידס,מיליליטרים,150.00,"100 מ""ל",false,0,12.90,8.60,true,1,
3614223736485,false,"אדידס דאודורנט ספריי לגבר אדיפיור 200מ""ל",דנשר (1963) בעמ,PT,דאו.אדידס,מיליליטרים,200.00,"100 מ""ל",false,1,13.90,6.95,true,1,
3661163970448,false,"אדידס דאודורנט ספריי מקס פרש לגברים 200 מ""ל",מיוצר עי קונדיטוריית,PT,דאודורנט אדידס,מיליליטרים,200.00,"100 מ""ל",false,0,13.90,6.95,true,1,
3760174580643,false,ג'ינגלס עם מלח - 170 גרם,,IL,ג'ינגלס עם מלח -,יחידה,1.00,יחידה,false,1,14.90,14.90,true,1,
3760174580650,false,ג'ינגלס עם פפריקה - 170,,IL,ג'ינגלס עם פפריק,יחידה,1.00,יחידה,false,1,14.90,14.90,true,1,
3760174582128,false,קרקר בטעם טבעי - 250 גרם,,IL,קרקר בטעם טבעי -,יחידה,1.00,יחידה,false,1,9.90,9.90,true,1,
4005808166190,false,"קרם רב שימושי ניוואה 150 מ""ל",,IL,קרם רב שימושי,מיליליטרים,150.00,"100 מ""ל",false,1,12.90,8.60,true,1,
4005808166206,false,ניוואה קרם רב שימושי,ביירסדורץ,IL,קרם רב שימושי250,מיליליטרים,250.00,"100 מ""ל",false,0,15.90,6.36,true,1,
4005808369546,false,"חמאת גוף NIVEA 200 מ""ל",,IL,חמאת גוף NIVEA,יחידה,1.00,יחידה,false,1,26.90,26.90,true,1,
4005900555717,false,לבלו דובדבנים מבריק בית,,IL,לבלו דובדבנים מב,יחידה,1.00,יחידה,false,1,8.90,8.90,true,1,
4005900560216,false,לבלו כחול אורגינל,,IL,לבלו כחול אורגינ,יחידה,1.00,יחידה,false,1,8.90,8.90,true,1,
4009900385824,false,מסטיק אורביט פפרמינט סטיקס משפחתי-חמישיות,"מרס ריגלי ישראל בע""מ",FR,מסטיק סטיקס,גרמים,65.00,100 גרם,false,0,7.90,12.15,true,1,
4009900402965,false,אורביט וויט בטעם פירות בקבוקון 46מלבניות,"מרס ריגלי ישראל בע""מ",PL,אורביט בקבוקון,גרמים,64.00,100 גרם,false,0,6.90,10.78,true,1,
4009900403023,false,אורביט וויט בטעם מנטה בקבוקון 46 מלבניות,"מרס ריגלי ישראל בע""מ",PL,אורביט בקבוקון,גרמים,64.00,100 גרם,false,0,6.90,10.78,true,1,
4009900420129,false,מסטיק אורביט פרופשנל פפרמינט בקבוקון 64 גר',"מרס ריגלי ישראל בע""מ",PL,אורביט פפרמינט,גרמים,64.00,100 גרם,false,1,6.90,10.78,true,1,
4009900426039,false,מסטיק מנטה אקליפטוס בקבוקון איירווייבס 64 גרם,"מרס ריגלי ישראל בע""מ",PL,מסטיק איירוויבז,גרמים,64.00,100 גרם,false,1,6.90,10.78,true,1,
4009900465304,false,סוכריות סקיטלס פירות חמוצים 174 גרם,"מרס ריגלי ישראל בע""מ",CZ,סוכריות סקיטלס,גרמים,174.00,100 גרם,false,0,7.90,4.54,true,1,
4009900479998,false,אורביט וויט אוכמניות בקבוקון 46 מלבניות,"מרס ריגלי ישראל בע""מ",PL,אורביט בקבוקון,גרמים,64.00,100 גרם,false,0,6.90,10.78,true,1,
4009900482417,false,מסטיק אורביט פירות מנטה בקבוקון באבל מינט 45יח,"מרס ריגלי ישראל בע""מ",PL,אורביט באבל מינט,גרמים,64.00,100 גרם,false,0,6.90,10.78,true,1,
4009900484060,false,מסטיק אורביט פרופשיונל בטעם מנטה ללא סוכר,"מרס ריגלי ישראל בע""מ",PL,אורביט בקבוק,גרמים,84.00,100 גרם,false,0,9.90,11.79,true,1,
4009900484091,false,מסטיק אורביט פרופשיונל בטעם מנטה ללא סוכר,"מרס ריגלי ישראל בע""מ",PL,אורביט בקבוק,גרמים,84.00,100 גרם,false,0,9.90,11.79,true,1,
4009900484305,false,מסטיק אורביט פרופשיונל סוויטמינט ביגי לבן 60יח',"מרס ריגלי ישראל בע""מ",GB,אורביט בקבוק,גרמים,84.00,100 גרם,false,0,9.90,11.79,true,1,
4009900496247,false,"מסטיק אורביט לל""ס מלבניות בקבוק בבלימנט 60 יח","מרס ריגלי ישראל בע""מ",PL,אורביט בקבוק,גרמים,84.00,100 גרם,false,1,9.90,11.79,true,1,
4009900509770,false,מסטיק אורביט בטעם תות ללס אריזה מוגדלת,מרס ריגלי ישראל בעמ,GB,אורביט בקבוק,גרמים,84.00,100 גרם,false,1,9.90,11.79,true,1,
4009900531122,false,"מסטיק בטעם מנטה ספירמינט, 64 ג' פרופשיונל אורפיט","מרס ריגלי ישראל בע""מ",PL,אורביט ספירמינט,גרמים,64.00,100 גרם,false,1,6.90,10.78,true,1,
4009900534611,false,מסטיק איירוויבז בקבוקון בטעם מלון ומנטה,ריגלי,IL,מסטיק אייוויבז,גרמים,64.00,100 גרם,false,1,6.90,10.78,true,1,
4009900535519,false,מסטיק אורביט רפרשרס ספירמינט ללא סוכר 15.6גר',"מרס ריגלי ישראל בע""מ",PL,אורביט רפרשרס,גרמים,15.00,100 גרם,false,1,3.90,26.00,true,1,
4009900535540,false,מסטיק אורביט רפרשרס פפרמינט ללא סוכר 15.6גר',"מרס ריגלי ישראל בע""מ",PL,מסטיק אורביט,גרמים,15.00,100 גרם,false,1,3.90,26.00,true,1,
4009900535823,false,מסטיק אורביט רפרשרס באבלמינט ללא סוכר 15.6גר',"מרס ריגלי ישראל בע""מ",PL,מסטיק אורביט,גרמים,15.00,100 גרם,false,1,3.90,26.00,true,1,
4009900536288,false,מסטיק אורביט רפרשרס פפרמינט בקבוקון ללא סוכר 67 גר',מרס ריגלי קונפקשונרי,PL,אורביט רפרשרס,גרמים,67.00,100 גרם,false,1,9.90,14.78,true,1,
4009900539685,false,"מסטיק פייב באונס בטעם מנטה בקבוקון, 61.8 גרם","מרס ריגלי ישראל בע""מ",PL,מסטיק פייב,גרמים,61.00,100 גרם,false,1,11.90,19.51,true,1,
4009900539746,false,"מסטיק פייב באונס בטעם אבטיח בקבוקון, 61.8 גרם","מרס ריגלי ישראל בע""מ",PL,מסטיק פייב,גרמים,61.00,100 גרם,false,1,11.90,19.51,true,1,
4009900540551,false,מסטיק אורביט רפרשרס טרופיקל בקבוקון ללא סוכר,מרס ריגלי ישראל בעמ,PL,אורביט רפרשרס,גרמים,67.00,100 גרם,false,1,9.90,14.78,true,1,
4015000031394,false,"ספטיל - משחה להסרת כתמים 200 מ""ל",גורי שיווק בעמ,HU,ספטיל מסיר כתמים,מיליליטרים,200.00,"100 מ""ל",false,0,9.90,4.95,true,1,
4015000519915,false,"פה - דאודורנט ספריי לאישה פינק פרדייס 200 מ""ל",שוורצקופף והנקל,TR,דאודורנט FA,מיליליטרים,200.00,"100 מ""ל",false,0,8.90,4.45,true,1,
4015000615884,false,"פה - דאודורנט ספריי לאישה קריביין לימון 200 מ""ל",שוורצקופף והנקל,DE,דאודורנט FA,מיליליטרים,200.00,"100 מ""ל",false,0,8.90,4.45,true,1,
4015000615891,false,"פה - דאודורנט ספריי לאישה אקווה 200 מ""ל",שוורצקופף והנקל,DE,דאודורנט FA,מיליליטרים,200.00,"100 מ""ל",false,0,8.90,4.45,true,1,
4015000615921,false,"פה - דאודורנט ספריי לגבר ספורט 200 מ""ל",שוורצקופף והנקל,TR,דאודורנט FA,מיליליטרים,200.00,"100 מ""ל",false,0,8.90,4.45,true,1,
4015000995122,false,"דאודורנט פה ספריי כח המשיכה 200 מ""ל",שוורצקופף והנקל,DE,דאודורנט פה,מיליליטרים,200.00,"100 מ""ל",false,0,8.90,4.45,true,1,
4015000997430,false,פה דאודורנט ספריי אינויזיבל פאוור 200 מל,שוורצקופף והנקל,TR,דאודורנט פה,מיליליטרים,200.00,"100 מ""ל",false,0,8.90,4.45,true,1,
4015400990482,false,אבקת כביסה אריאל קולור 3 ק`ג,דיפלומט מפיצים (1986) בע`מ,TR,אבקת אריאל קולור,קילוגרמים,3.00,"ק""ג",false,1,29.90,9.97,true,1,
4015600763251,false,שמפו הד&שולדרס קלאסי 600 מל,דיפלומט מפיצים (1968) בעמ,RO,שמפו הד&שולדרס,מיליליטרים,600.00,"100 מ""ל",false,0,22.90,3.82,true,1,
4015600763411,false,שמפו הד&שולדרס מנטול 600 מל,דיפלומט מפיצים (1968) בעמ,RO,שמפו הד&שולדרס,מיליליטרים,600.00,"100 מ""ל",false,0,22.90,3.82,true,1,
4015600763459,false,שמפו הד&שולדרס תפוח 600 מל,דיפלומט מפיצים (1968) בעמ,RO,שמפו הד&שולדרס,מיליליטרים,600.00,"100 מ""ל",false,0,22.90,3.82,true,1,
4015600763534,false,שמפו הד&שולדרס מגע משי 600 מל,דיפלומט מפיצים (1968) בעמ,RO,שמפו הד&שולדרס,מיליליטרים,600.00,"100 מ""ל",false,0,22.90,3.82,true,1,
4015600766658,false,"הד אנד שולדרס שמפו2 ב 1 מנטול 600 מ""ל",דיפלומט מפיצים (1968) בעמ,RO,שמפו הד&שולדרס,מיליליטרים,600.00,"100 מ""ל",false,0,22.90,3.82,true,1,
4084500472020,false,"ג'ילט - דאודורנט ג'ל לגבר קליר ספורט 70 מ""ל",דיפלומט מפיצים (1968) בעמ,IL,ג'ילט דאו קליר ג,מיליליטרים,70.00,"100 מ""ל",false,1,13.90,19.86,true,1,
4084500853836,false,"נוזל כלים פיירי ורדים ומשי 515 מ""ל בד""צ",דיפלומט מפיצים (1986) בע`מ,GB,פיירי נוזל לכלים,מיליליטרים,515.00,"100 מ""ל",false,1,8.90,1.73,true,1,
4084500854048,false,נוזל לניקוי כלים לימון פיירי (1.24 ליטר),דיפלומט מפיצים (1968) בעמ,GB,נוזל כלים פיירי,ליטרים,1.24,ליטר,false,1,13.90,11.21,true,1,
4567646853118,false,קישוט דיקורטיבי לעוגת יום הולדת,,IL,קישוט דיקורטיבי,יחידה,1.00,יחידה,false,1,6.90,6.90,true,1,
4582410703284,false,מארז טנג'קו,,,מארז טנג'קו,יחידה,1.00,יחידה,false,0,129.00,129.00,true,1,
<<<<<<< HEAD
4603400000203,false,וודקה רוסקי סטנדרט 1,,,רוסקי סטנדרט,יחידה,1.00,יחידה,false,0,89.90,89.90,true,1,
=======
4603400000203,false,וודקה רוסקי סטנדרט 1ליטר,יורוסטנדרט בעמ,,רוסקי סטנדרט,יחידה,1.00,יחידה,false,0,89.90,89.90,true,1,
>>>>>>> d048ac2f4f281c9d788043ab4e81b61b0dbe3743
4603928000983,false,וודקה בלוגה נובל 1 ליטר,מרינסקי ליקרו-וודאצ'ני ז,IL,בלוגה נובל,ליטרים,1.00,ליטר,false,1,129.90,129.90,true,1,
4607001779650,false,קפה נמס ג'קובס גולד 190ג,,RU,קפה נמס ג'קובס,גרמים,190.00,100 גרם,false,1,19.90,10.47,true,1,
4610122570020,false,מפיות מובלטות כחול כהה,,IL,מפיות מובלט כחול,יחידה,1.00,יחידה,false,1,3.90,3.90,true,1,
4610122570037,false,מפיות מובלט טורקיז ב.ס.ד,,IL,מפיות מובלט טורק,יחידה,1.00,יחידה,false,1,3.90,3.90,true,1,
4680025373905,false,מפיות בורדו פס קרם ב.ס.ד,,IL,מפיות בורדו פס ק,יחידה,1.00,יחידה,false,1,3.90,3.90,true,1,
4680025374117,false,מפיות אדום עם עי,,,מפיות אדום עם עי,יחידה,1.00,יחידה,false,0,3.90,3.90,true,1,
4680025374452,false,מפיות ורוד פרחים ב.ס.ד,,IL,מפיות ורוד פרחים,יחידה,1.00,יחידה,false,1,3.90,3.90,true,1,
4680025376005,false,מפיות כחול עם עי,,,מפיות כחול עם עי,יחידה,1.00,יחידה,false,0,3.90,3.90,true,1,
<<<<<<< HEAD
4800888190529,false,דאב דאו סטיק טאלק סופט לאשה 50 גר,יוניליוור,PH,דאודורנט דאב,גרמים,50.00,100 גרם,false,1,14.90,29.80,true,1,
4800888210197,false,דאודורנט סטיק לנשים בניחוח קוקוס ויסמין,יוניליוור פארם,PH,דאודורנט דאב,מיליליטרים,50.00,"100 מ""ל",false,1,14.90,29.80,true,1,
4800888214904,false,"דאב דאודורנט סטיק קקאו 50 מ""ל",יוניליוור פארם,PH,דאודורנט דאב,מיליליטרים,150.00,"100 מ""ל",false,1,14.90,9.93,true,1,
4800888219510,false,דאב - דאודורנט סטיק לאישה פרש מלפפונים 50 גרם,יוניליוור פיליפינים,PH,דאודורנט דאב,גרמים,50.00,100 גרם,false,1,14.90,29.80,true,1,
4800888219527,false,דאב - דאודורנט סטיק לאישה ללא סימן אינביזיבל 50 גרם,יוניליוור,PH,דאודורנט דאב,גרמים,50.00,100 גרם,false,1,14.90,29.80,true,1,
4800888219534,false,דאב - דאודורנט סטיק לאישה אנטי פרספירמט 50 גרם,יוניליוור פיליפינים,PH,דאו.דאב,מיליליטרים,50.00,"100 מ""ל",false,1,14.90,29.80,true,1,
=======
4800888190529,false,דאודורנט סטיק טלק סופט דאב (50 גרם),יוניליוור ישראל שיווק בע`מ,PH,דאודורנט דאב,גרמים,50.00,100 גרם,false,1,14.90,29.80,true,1,
4800888210197,false,דאודורנט סטיק לנשים בניחוח קוקוס ויסמין,"יוניליוור ישראל שיווק בע""מ",PH,דאודורנט דאב,מיליליטרים,50.00,"100 מ""ל",false,1,14.90,29.80,true,1,
4800888214904,false,דאודורנט סטיק קקאו דאב (50 גרם),"יוניליוור ישראלשיווק בע""מ",PH,דאודורנט דאב,מיליליטרים,150.00,"100 מ""ל",false,1,14.90,9.93,true,1,
4800888219510,false,דאב - דאודורנט סטיק לאישה פרש מלפפונים 50 גרם,יוניליוור ישראל שיווק בע`מ,PH,דאודורנט דאב,גרמים,50.00,100 גרם,false,1,14.90,29.80,true,1,
4800888219527,false,דאב - דאודורנט סטיק לאישה ללא סימן אינביזיבל 50 גרם,יוניליוור ישראל שיווק בעמ,PH,דאודורנט דאב,גרמים,50.00,100 גרם,false,1,14.90,29.80,true,1,
4800888219534,false,דאב - דאודורנט סטיק לאישה אנטי פרספירמט 50 גרם,יוניליוור ישראל שיווק בע`מ,PH,דאו.דאב,מיליליטרים,50.00,"100 מ""ל",false,1,14.90,29.80,true,1,
>>>>>>> d048ac2f4f281c9d788043ab4e81b61b0dbe3743
4891199034442,false,סוללות GP אלקליין D בליסטר 1.5,סמיקום,IL,סוללה אלקליין,יחידה,1.00,יחידה,false,0,28.90,28.90,true,1,
4891199034473,false,סוללות אולטרה אלקליין 1.5 וולט,סמיקום,IL,סוללה אלקליין,יחידה,1.00,יחידה,false,0,18.90,18.90,true,1,
4895060582292,false,סוכריות נטיורל פלורידה מיקס טעמים 136ג',קנדי נובלטי,CN,מארז סוכריות,גרמים,136.00,100 גרם,false,0,14.90,10.96,true,1,
4895060585651,false,ממתק פלורידה נטורל מיקס סטיק 8 יח' תות+אוכמני,,IL,לדר תות ואוכמניות יח',יחידה,1.00,יחידה,false,0,14.90,14.90,true,1,
4895060585668,false,מיקס סטיק תפוח אוכמניות 136 גרם,,IL,לדר טעם תפוח ח יח',יחידה,1.00,יחידה,false,0,14.90,14.90,true,1,
4895060586122,false,סוכריות פרוט בייטס פלורידה ג'לי מארז 120 ג',.,IL,סוכריות פרוט ביי,גרמים,120.00,100 גרם,false,1,14.90,12.42,true,1,
4895060586160,false,סוכריות פרוט בייטס פלורידה ג'לי חמוץ מארז 120 ג',.,IL,סוכריות חמוץ,גרמים,120.00,100 גרם,false,1,14.90,12.42,true,1,
4895060592307,false,סוכריות נטורל בטעמים בקבוק NUGGELS,איתן-מזון,CN,סוכריות בבקבוק,גרמים,43.00,100 גרם,false,0,5.90,13.72,true,1,
4902430905183,false,מברשת שיניים אורל בי ילדים שלישייה,פארמה דיל,IL,מברשות שיניים,יחידה,1.00,יחידה,false,1,4.90,4.90,true,1,
<<<<<<< HEAD
4987176071545,false,מברשות שיניים אורל בי שישייה,,IN,6מברשות שיניים,יחידה,1.00,יחידה,false,1,8.90,8.90,true,1,
=======
4987176071545,false,מברשת שיניים אורל בי 6 יח`BACTERIA FIGH,פארמה דיל (פ.א.ב.) שיווק והפצה,IN,6מברשות שיניים,יחידה,1.00,יחידה,false,1,8.90,8.90,true,1,
>>>>>>> d048ac2f4f281c9d788043ab4e81b61b0dbe3743
4987176128188,false,מברשת שיניים אורל בי מארז שישייה,פרוקטר & גמבל,IN,6מברשות שיניים,יחידה,1.00,יחידה,false,1,9.90,9.90,true,1,
5000146048671,false,סילבו משחה לניקוי כלי כסף 75 גרם,רקיט בנקיזר (ניר איסט) בעמ,PT,מטליות ניקוי,גרמים,75.00,100 גרם,false,1,14.90,19.87,true,1,
5000157143365,false,מתבל בטעם מיונז וקטשופ היינץ 425 גרם,דיפלומט מפיצים (1968) בעמ**,PL,מתבל ט.מיונז,גרמים,425.00,100 גרם,false,1,14.90,3.51,true,1,
5000159376655,false,סוכריות SKITTLES פירות קטן 38 גרם אדום,"מרס ריגלי ישראל בע""מ",CZ,סוכריות סקיטלס,גרמים,38.00,100 גרם,false,0,2.90,7.63,true,1,
5000159376792,false,סוכריות סקיטלס Skittles פירות חמוצים,"מרס ריגלי ישראל בע""מ",CZ,סוכריות סקיטלס,גרמים,38.00,100 גרם,false,0,2.90,7.63,true,1,
5000204182026,false,גלייד ג`ל ריחני בניחוח אודיסאה הכחולה 18,במה פולסקה אספי.זד.או.או,PL,גלייד מוצק,גרמים,180.00,100 גרם,false,1,15.90,8.83,true,1,
5000204182057,false,מטהר אוויר גלייד מוצק בניחוח לבנדר,במה פולסקה אספי.זד.או.או,PL,גלייד מוצק לבנדר,גרמים,180.00,100 גרם,false,1,15.90,8.83,true,1,
5000267023625,false,וויסקי ג'וני ווקר שחור1ל,ג'ון ווקר ובניו,GB,ויסקי ג'וני ווקר,ליטרים,1.00,ליטר,false,1,139.00,139.00,true,1,
5010103800303,false,"וויסקי ג'יי & בי 750 מ""ל",,IL,וויסקי ג'יי & בי,מיליליטרים,750.00,"100 מ""ל",false,0,88.00,11.73,true,1,
5010123703547,false,ליסטרין פרש בורסט 500 מל-יבוא מקביל,בית הצעצוע בעמ,IT,מי פה ליסטרין,מיליליטרים,500.00,"100 מ""ל",false,1,11.90,2.38,true,1,
5010123703585,false,ליסטרין קולמינט 500 מל-יבוא מקביל,רותם מיטרו יבוא וסחר,IT,מי פה ליסטרין,מיליליטרים,500.00,"100 מ""ל",false,1,11.90,2.38,true,1,
5010182998847,false,דאק נוזל לניקוי אסלות בניחוח ים 750 מל,מיוצר עי קונדיטוריית,NL,טואלט דאק,מיליליטרים,750.00,"100 מ""ל",false,0,7.90,1.05,true,1,
5010622017947,false,אורל בי חוט דנטלי סאטן מנטה 25 מטר,פרוקטר & גמבל,IE,חוט דנטלי אורל ב,מטרים,25.00,מטר,false,1,9.90,0.40,true,1,
5010622017978,false,אורל בי חוט דנטלי סאטן טיפ 25מ',,IL,חוט דנטלי,יחידה,1.00,יחידה,false,1,9.90,9.90,true,1,
5012741005010,false,שוקולד אפטר דינר מנטה פר,ברומס לאן,IL,שוקולד אפטר דינר,יחידה,1.00,יחידה,false,1,32.90,32.90,true,1,
5012741005034,false,בונבונירה אפטר דינר מעורב 200 גר' מוארכת,ברומס לאן,IL,שוקולד אפטר דינר,יחידה,1.00,יחידה,false,1,32.90,32.90,true,1,
5012741024011,false,בונבונירה קרימס מנטה 100 גר' צינורית,ברומס לאן,,שוקולד קרימס מנט,יחידה,1.00,יחידה,false,0,13.90,13.90,true,1,
5012741024028,false,בונבונירה קרימס תפוז 100 גר' צינורית,ברומס לאן,,שוקולד קרימס תפו,יחידה,1.00,יחידה,false,0,13.90,13.90,true,1,
5012741024042,false,קרימס שוקולד בטעם קפ,ברומס לאן,,שוקולד קרימס קפה,יחידה,1.00,יחידה,false,0,13.90,13.90,true,1,
5012741024059,false,בונבונירה קרימס מעורב 100 גר' צינורית,ברומס לאן,IL,שוקולד קרימס מעו,יחידה,1.00,יחידה,false,1,13.90,13.90,true,1,
5012741031019,false,שוקולד קרימס מנטה פרונטר,ברומס לאן,IL,שוקולד קרימס מנט,יחידה,1.00,יחידה,false,1,29.90,29.90,true,1,
5012741031057,false,בונבונירה קרימס בטעמים 200 גר' מרובע,ברומס לאן,IL,שוקולד קרימס מעו,יחידה,1.00,יחידה,false,1,29.90,29.90,true,1,
5016616000520,false,טופי חלבי עם חמאה 200 גרם Rumplers,פי אנד די,GR,טופי חלבי,גרמים,200.00,100 גרם,false,1,9.90,4.95,true,1,
5016616000940,false,ממתק בטעם תות במילוי תססן 50 גרם,סופרפליירס פקטורי,GB,ממתק בטעם תות,גרמים,50.00,100 גרם,false,1,8.90,17.80,true,1,
5016616300255,false,טופי ענבים ופטל 150 גרם,פי אנד די,GR,טופי ענבים ופטל,גרמים,150.00,100 גרם,false,1,9.90,6.60,true,1,
5016616300262,false,טופי קוקוס ואננס 150 גרם,פי אנד די,GR,טופי קוקוס ואננס,גרמים,150.00,100 גרם,false,1,9.90,6.60,true,1,
5016616300279,false,טופי תפוז ולימון 150 גרם,פי אנד די,GR,טופי תפוז ולימון,גרמים,150.00,100 גרם,false,1,9.90,6.60,true,1,
<<<<<<< HEAD
5029053019598,false,"קלינקס מיני ממחטות דיסני מעורב, 15 יחידות",חוגלה קימברלי,IT,מגבוני אף דיסני,יחידה,1.00,יחידה,false,1,9.90,9.90,true,1,
5029053032658,false,שמיניית ממחטות טישו קלינקס 9 יחידות,חוגלה קימברלי,IT,קלינקס שמיניה,יחידה,1.00,יחידה,false,1,7.90,7.90,true,1,
5029053039725,false,ממחטות נייר קלינקס נטורל פרש קופסה 72 דף,קימברלי קלארק,FR,קלינקס נטורל פרש,יחידה,1.00,יחידה,false,1,12.90,12.90,true,1,
5029053510811,false,תחבושות נורמל פלוס עם כנפיים קוטקס 28 יחידות,קימברלי קלארק,CZ,תחבושות קוטקס,יחידה,1.00,יחידה,false,0,15.90,15.90,true,1,
5029053510828,false,תחבושות סופר פלוס עם כנפיים קוטקס 22יחידות,קימברלי קלארק,CZ,תחבושות קוטקס,יחידה,1.00,יחידה,false,0,15.90,15.90,true,1,
5029053523446,false,קוטקס - תחבושות אולטרה נייט + כנפיים 20 יח',קימברלי קלארק,CZ,תחבושות נייט קוט,יחידה,1.00,יחידה,false,0,15.90,15.90,true,1,
5029053527574,false,האגיס תחתון ספיגה 4-7 בנים דריי נייטס 10 יחידות,חוגלה קימברלי,CZ,10 תחתוני ספיגה,יחידה,1.00,יחידה,false,0,32.90,32.90,true,1,
5029053527581,false,האגיס תחתון ספיגה 4-7 בנות דריי נייטס 10 יחידות,חוגלה קימברלי,CZ,10 תחתוני ספיגה,יחידה,1.00,יחידה,false,0,32.90,32.90,true,1,
5029053527598,false,תחתוני ספיגה בנים לתופעת הרטבת לילה 8-15 האגיס,חוגלה קימברלי,CZ,תחתוני ספיגה האג,יחידה,1.00,יחידה,false,0,32.90,32.90,true,1,
5029053527604,false,האגיס תחתון ספיגה 15-8 בנות דריי נייטס 9 יחידות,חוגלה קימברלי,IL,תחתוני ספיגה האג,יחידה,1.00,יחידה,false,0,32.90,32.90,true,1,
5029053574103,false,האגיס פול אפס תח.גמילה יום בנות 20 יחידו,KC צ'כיה,CZ,האגיס גמילה בנות,יחידה,1.00,יחידה,false,1,39.90,39.90,true,1,
5029053574110,false,האגיס פול אפס תח.גמילה יום בנים 20 יחידו,חוגלה,CZ,האגיס גמילה בנים,יחידה,1.00,יחידה,false,1,39.90,39.90,true,1,
5029053574141,false,האגיס פול אפס תח.גמילה לילה בנות 18 יחיד,חוגלה,CZ,האגיס גמילה בנות,יחידה,1.00,יחידה,false,1,39.90,39.90,true,1,
5029053574158,false,האגיס פול אפס תח.גמילה לילה בנים 18 יחיד,KC צ'כיה,CZ,האגיס גמילה בנים,יחידה,1.00,יחידה,false,1,39.90,39.90,true,1,
=======
5029053019598,false,"קלינקס מיני ממחטות דיסני מעורב, 15 יחידות",קימברלי קלארק ישראל שיווק בעמ,IT,מגבוני אף דיסני,יחידה,1.00,יחידה,false,1,9.90,9.90,true,1,
5029053032658,false,שמיניית ממחטות טישו קלינקס 9 יחידות,קימברלי קלארק ישראל שיווק בעמ,IT,קלינקס שמיניה,יחידה,1.00,יחידה,false,1,7.90,7.90,true,1,
5029053039725,false,ממחטות נייר קלינקס נטורל פרש קופסה 72 דף,קימברלי קלארק ישראל שיווק בעמ,FR,קלינקס נטורל פרש,יחידה,1.00,יחידה,false,1,12.90,12.90,true,1,
5029053510811,false,תחבושות נורמל פלוס עם כנפיים קוטקס 28 יחידות,קימברלי קלארק ישראל שיווק בעמ,CZ,תחבושות קוטקס,יחידה,1.00,יחידה,false,0,15.90,15.90,true,1,
5029053510828,false,תחבושות סופר פלוס עם כנפיים קוטקס 22יחידות,קימברלי קלארק ישראל שיווק בעמ,CZ,תחבושות קוטקס,יחידה,1.00,יחידה,false,0,15.90,15.90,true,1,
5029053523446,false,קוטקס - תחבושות אולטרה נייט + כנפיים 20 יח',קימברלי קלארק ישראל שיווק בעמ,CZ,תחבושות נייט קוט,יחידה,1.00,יחידה,false,0,15.90,15.90,true,1,
5029053527574,false,האגיס תחתון ספיגה 4-7 בנים דריי נייטס 10 יחידות,קימברלי קלארק ישראל שיווק בעמ,CZ,10 תחתוני ספיגה,יחידה,1.00,יחידה,false,0,32.90,32.90,true,1,
5029053527581,false,האגיס תחתון ספיגה 4-7 בנות דריי נייטס 10 יחידות,קימברלי קלארק ישראל שיווק בעמ,CZ,10 תחתוני ספיגה,יחידה,1.00,יחידה,false,0,32.90,32.90,true,1,
5029053527598,false,תחתוני ספיגה בנים לתופעת הרטבת לילה 8-15 האגיס,קימברלי קלארק ישראל שיווק בעמ,CZ,תחתוני ספיגה האג,יחידה,1.00,יחידה,false,0,32.90,32.90,true,1,
5029053527604,false,האגיס תחתון ספיגה 15-8 בנות דריי נייטס 9 יחידות,קימברלי קלארק ישראל שיווק בעמ,IL,תחתוני ספיגה האג,יחידה,1.00,יחידה,false,0,32.90,32.90,true,1,
5029053574103,false,האגיס פול אפס תח.גמילה יום בנות 20 יחידו,קימברלי קלארק ישראל שיווק בעמ,CZ,האגיס גמילה בנות,יחידה,1.00,יחידה,false,1,39.90,39.90,true,1,
5029053574110,false,האגיס פול אפס תח.גמילה יום בנים 20 יחידו,קימברלי קלארק ישראל שיווק בעמ,CZ,האגיס גמילה בנים,יחידה,1.00,יחידה,false,1,39.90,39.90,true,1,
5029053574141,false,האגיס פול אפס תח.גמילה לילה בנות 18 יחיד,קימברלי קלארק ישראל שיווק בעמ,CZ,האגיס גמילה בנות,יחידה,1.00,יחידה,false,1,39.90,39.90,true,1,
5029053574158,false,האגיס פול אפס תח.גמילה לילה בנים 18 יחיד,קימברלי קלארק ישראל שיווק בעמ,CZ,האגיס גמילה בנים,יחידה,1.00,יחידה,false,1,39.90,39.90,true,1,
>>>>>>> d048ac2f4f281c9d788043ab4e81b61b0dbe3743
5059001002488,false,פיניש קוואנטום 36 קפ' שקית לימון,,IL,פיניש קוואנטום 3,יחידה,1.00,יחידה,false,1,29.90,29.90,true,1,
5060491530320,false,ויסקי סינגל מאלט אמרלד,,IL,ויסקי סינגל מאלט,מיליליטרים,700.00,"100 מ""ל",false,1,205.00,29.29,true,1,
5060491530344,false,ויסקי סקוטי בלנד,,,ויסקי סקוטי בלנד,יחידה,1.00,יחידה,false,0,105.00,105.00,true,1,
5060491530566,false,ויסקי סינגל מאלט פיוניין,,IL,ויסקי סינגל מאלט,מיליליטרים,700.00,"100 מ""ל",false,1,225.00,32.14,true,1,
5099864006377,false,תחליף חלב מהדרין שלב 1 סימילאק אדוונס 90,אבוט מעבדות רפואיות,IE,סימילאק שלב 1,גרמים,900.00,100 גרם,false,0,69.90,7.77,true,1,
5099864006384,false,סימילאק למהדרין שלב 2 אריזת חיסכון 900 ג.,אבוט מעבדות רפואיות,IE,סימילאק שלב 2,גרמים,900.00,100 גרם,false,0,69.90,7.77,true,1,
5099864006391,false,סימילאק למהדרין שלב 3 אריזת חיסכון 900 ג,אבוט מעבדות רפואיות,IE,סימילאק שלב 3,גרמים,900.00,100 גרם,false,0,69.90,7.77,true,1,
5099873009109,false,גק דניאלס 700 מל פרידנזו,,IL,גק דניאלס 700 מל,יחידה,1.00,יחידה,false,1,99.00,99.00,true,1,
5201583751418,false,סוכריות זירו אייס בלו סטיביה ללא סוכר 32 ג',איתן,GR,סוכריות זירו,גרמים,32.00,100 גרם,false,1,5.90,18.44,true,1,
5290074003198,false,FAN מיץ תפוזים 100% טבעי 1 ליטר,קהאן,CY,מיץ תפוזים,ליטרים,1.00,ליטר,false,1,9.90,9.90,true,1,
5290074003211,false,FAN מיץ אננס 100% טבעי 1 ליטר,קהאן,CY,מיץ אננס,ליטרים,1.00,ליטר,false,1,9.90,9.90,true,1,
5290074003228,false,FAN מיץ תפוחים 100% טבעי 1 ליטר,קהאן,CY,מיץ תפוחים,ליטרים,1.00,ליטר,false,1,9.90,9.90,true,1,
5290074004225,false,"FAN מיץ מיקס תפוזים,תפוחים ובננה 100% טבעי 1 ליטר",קהאן,CY,מיקס תפוזים,ליטרים,1.00,ליטר,false,1,9.90,9.90,true,1,
5290914001452,false,זיתים ירוקים בוואקום200ג,,IL,זיתים ירוקים,גרמים,200.00,100 גרם,false,1,7.90,3.95,true,1,
5290914001469,false,זיתים חריפים בוואקום,,IL,זיתים חריפים.,גרמים,200.00,100 גרם,false,1,7.90,3.95,true,1,
5290914001476,false,זיתים מעורבים ירוקים ושחורים בוואקום,,IL,זיתים מעורבים,גרמים,200.00,100 גרם,false,1,7.90,3.95,true,1,
5290914001483,false,זיתים ירוקים עם אורגנו בוואקום,,IL,זיתים ירוקים,גרמים,200.00,100 גרם,false,1,7.90,3.95,true,1,
5290914001735,false,ממרח זיתים ירוקים עם שמן זית,OLIVE OF KINK,CY,ממרח זיתים,גרמים,180.00,100 גרם,false,1,7.90,4.39,true,1,
5290914001971,false,"שמן זית 500 מ""ל",,IL,"שמן זית 500מ""ל",מיליליטרים,500.00,"100 מ""ל",false,1,25.90,5.18,true,1,
5290914001995,false,"שמן זית 100 מ""ל - 0.3 חומציות",,IL,שמן זית כתית בפך,מיליליטרים,100.00,"100 מ""ל",false,1,12.90,12.90,true,1,
5290914002114,false,זיתים ירוקים מתובלים בואקום,,IL,זיתים ירוקים,גרמים,200.00,100 גרם,false,1,7.90,3.95,true,1,
5290914002145,false,זיתים ירוקים ושחורים עם עשבי תיבול ופטרוזיליה בואקום,,IL,זיתים שחור/ירוק,גרמים,200.00,100 גרם,false,1,7.90,3.95,true,1,
5290914002336,false,ממרח זיתים קלמטה עם עגבניות מיובשות,,IL,ממרח זיתי קלמטה,גרמים,180.00,100 גרם,false,1,7.90,4.39,true,1,
5290914002343,false,ממרח זיתים ירוקים פיקנטית,,IL,ממרח זיתים ירוקי,גרמים,180.00,100 גרם,false,1,7.90,4.39,true,1,
5290914002350,false,ממרח זיתי קלמטה שום ובזי,,IL,ממרח זיתי קלמטה,גרמים,180.00,100 גרם,false,1,7.90,4.39,true,1,
5290914002725,false,ממרח זיתי קלמטה שחורים ע,,IL,ממרח זיתי קלמטה,גרמים,180.00,100 גרם,false,1,7.90,4.39,true,1,
<<<<<<< HEAD
5410076933129,false,אריאל אבקת כביסה שושן צחור 3 קג,פרוקטר אנד גמבל,CZ,אריאל שושן צחור,קילוגרמים,3.00,"ק""ג",false,0,29.90,9.97,true,1,
5410126006087,false,עוגיות לוטוס ארוזות בתפזורת 700 גרם,לוטוס ביקרי נ.וי.,BE,ביסקוויט לוטוס,גרמים,700.00,100 גרם,false,0,17.90,2.56,true,1,
5410126106183,false,עוגיות לוטוס 50 יחידות ארוזות בנפרד 312 גרם,כלורוקס אוקלנד,BE,ביסקוויט לוטוס,גרמים,312.00,100 גרם,false,0,14.90,4.78,true,1,
5410126716016,false,"עוגיות לוטוס ביסקויט קרמל בד""צ 250 גרם",לוטוס ביקרי בלגיה,BE,ביסקויט לוטוס,גרמים,250.00,100 גרם,false,0,7.90,3.16,true,1,
=======
5410076933129,false,אריאל אבקת כביסה שושן צחור 3 קג,דיפלומט מפיצים (1986) בע`מ,CZ,אריאל שושן צחור,קילוגרמים,3.00,"ק""ג",false,0,29.90,9.97,true,1,
5410126006087,false,ביסקויט ביסקפה לוטוס בטעם קרמל 700גר`ב,דיפלומט מפיצים (1968) בעמ**,BE,ביסקוויט לוטוס,גרמים,700.00,100 גרם,false,0,17.90,2.56,true,1,
5410126106183,false,עוגיות לוטוס 50 יחידות ארוזות בנפרד 312 גרם,דיפלומט מפיצים (1968) בעמ**,BE,ביסקוויט לוטוס,גרמים,312.00,100 גרם,false,0,14.90,4.78,true,1,
5410126716016,false,"עוגיות לוטוס ביסקויט קרמל בד""צ 250 גרם",דיפלומט מפיצים (1968) בעמ**,BE,ביסקויט לוטוס,גרמים,250.00,100 גרם,false,0,7.90,3.16,true,1,
>>>>>>> d048ac2f4f281c9d788043ab4e81b61b0dbe3743
5410458252152,false,מלבין טליתות עם פקק הכחול,,IL,מלבין טליתות,גרמים,300.00,100 גרם,false,0,49.90,16.63,true,1,
5410458305858,false,פיקס לניקוי מוצרי עור 22,,IL,פיקס למוצרי עור,מיליליטרים,225.00,"100 מ""ל",false,1,20.90,9.29,true,1,
5411188110835,false,אלפרו חלב סויה שקדים וניל 1ל',הנסיך- מפעל לייצור ט,BE,משקה שקדים אלפרו,ליטרים,1.00,ליטר,false,0,11.90,11.90,true,1,
5411188112549,false,משקה קוקוס אלפרו 1 ליטר משקה אורז 1 ליטר,הנסיך- מפעל לייצור ט,BE,משקה אורז אלפרו,ליטרים,1.00,ליטר,false,0,11.90,11.90,true,1,
5411188112709,false,"משקה קוקוס אלפרו 1 ליטר משקה שקדים לל""ס",הנסיך- מפעל לייצור ט,BE,משקה שקדים אלפרו,ליטרים,1.00,ליטר,false,0,11.90,11.90,true,1,
5411188115366,false,משקה קוקוס אלפרו 1 ליטר משקה שיבולת שועל 1 ליטר,הנסיך- מפעל לייצור ט,BE,משקה שיבולת שועל,ליטרים,1.00,ליטר,false,0,11.90,11.90,true,1,
5411188115472,false,משקה סויה אלפרו 1 ליטר,הנסיך- מפעל לייצור ט,BE,משקה סויה אלפרו,ליטרים,1.00,ליטר,false,1,11.90,11.90,true,1,
5411188118732,false,משקה קוקוס ושקדים אלפרו (1 ליטר),הנסיך- מפעל לייצור ט,BE,משקה קוקוס שקדים,ליטרים,1.00,ליטר,false,1,11.90,11.90,true,1,
5411188120742,false,משקה קוקוס אלפרו 1 ליטר שקדים וניל 1 ל',הנסיך- מפעל לייצור ט,BE,משקה שקדים וניל,ליטרים,1.00,ליטר,false,1,11.90,11.90,true,1,
5411188121923,false,"משקה סויה מועשר סידן אלפרו 3*250 מ""ל",הנסיך- מפעל לייצור ט,BE,משקה סויה 3 יח,מיליליטרים,750.00,"100 מ""ל",false,1,11.90,1.59,true,1,
5411188121978,false,אלפרו משקה סויה עמיד מועשר בסידן 3*250,שטראוס גרופ בע`מ,BE,משקה סויה 3 יח,מיליליטרים,750.00,"100 מ""ל",false,1,11.90,1.59,true,1,
5411188122586,false,אלפרו משקה אגוזי קשיו 1 ל`,הנסיך- מפעל לייצור ט,BE,משקה שקדים,מיליליטרים,250.00,"100 מ""ל",false,1,5.90,2.36,true,1,
5411188124689,false,משקה אלפרו שיבולת שועל ללא סוכר 1 ליטר,שטראוס גרופ בע`מ,BE,משקה ש.שועל,ליטרים,1.00,ליטר,false,1,11.90,11.90,true,1,
5411188124726,false,משקה שיבולת שועל שקדים 1 ליטר אלפרו,הדקלאים אגודת שיתופי,BE,משקה שיבולת שועל,ליטרים,1.00,ליטר,false,1,11.90,11.90,true,1,
5411188127697,false,אלפרו משקה בריסטה שיבולת שועל 1 ליטר,הנסיך- מפעל לייצור ט,BE,משקה שיבולת שועל,ליטרים,1.00,ליטר,false,1,11.90,11.90,true,1,
<<<<<<< HEAD
5411188133476,false,אלפרו משקה סויה שוקו+חלבון 250 גרם בית יוסף,אלפרו C.V.A,BE,משקה סויה אלפרו,מיליליטרים,250.00,"100 מ""ל",false,1,6.90,2.76,true,1,
=======
5411188133476,false,אלפרו משקה סויה שוקו+חלבון 250 גרם בית יוסף,שטראוס גרופ בעמ/מצונן,BE,משקה סויה אלפרו,מיליליטרים,250.00,"100 מ""ל",false,1,6.90,2.76,true,1,
>>>>>>> d048ac2f4f281c9d788043ab4e81b61b0dbe3743
5411188543398,false,משקה סויה ללא סוכר אלפרו 1 ליטר,הנסיך- מפעל לייצור ט,BE,משקה סויה אלפרו,ליטרים,1.00,ליטר,false,1,11.90,11.90,true,1,
5411616143244,false,"בירה לוקסוס 8.5% פחית 500 מ""ל",,,בירה לוקסוס 8.5,יחידה,1.00,יחידה,false,0,7.90,7.90,true,1,
5412865030668,false,דקיקי שוקולד במילוי מנטה פשקז 200 גרם,,IL,דקיקי שוקולד מנט,גרמים,200.00,100 גרם,false,1,13.90,6.95,true,1,
5412865030750,false,מיני שוקולדים קרמל מ,,,מיני שוקולדים קר,יחידה,1.00,יחידה,false,0,12.90,12.90,true,1,
5412865030767,false,מיני שוקולדים קרם חל,,,מיני שוקולדים קר,יחידה,1.00,יחידה,false,0,12.90,12.90,true,1,
5412865030774,false,מיני שוקולדים מריר 7,,,מיני שוקולדים מר,יחידה,1.00,יחידה,false,0,12.90,12.90,true,1,
5412865030781,false,מיני שוקולדים מינט מ,,,מיני שוקולדים מי,יחידה,1.00,יחידה,false,0,12.90,12.90,true,1,
5412865031177,false,שוטז-פרלינים במילוי חמאת,,IL,שוטז-פרלינים במי,יחידה,1.00,יחידה,false,1,11.90,11.90,true,1,
5412865031184,false,שוטז-פרלינים במילוי קרם,,IL,שוטז-פרלינים במי,יחידה,1.00,יחידה,false,1,11.90,11.90,true,1,
5413149798977,false,פיירי נוזל לניקוי כלים 1.35 ליטר,פרוקטר & גמבל,TR,פיירי נוזל כלים,ליטרים,1.35,ליטר,false,1,9.90,7.33,true,1,
5478865412149,false,סינר+ כיסוי לידים לילדים,,IL,סינרכיסוי לידים,יחידה,1.00,יחידה,false,1,9.90,9.90,true,1,
5601217129420,false,וולייט דפים למניעת העברת צבע 20 יחידות,רקיט בנקיזר (ניר איסט) בעמ,IT,וולייט דפים,יחידה,1.00,יחידה,false,1,16.90,16.90,true,1,
5601567000523,false,בקבוק לחיץ קטן תהילה,,IL,בקבוק לחיץ קטן,יחידה,1.00,יחידה,false,1,4.90,4.90,true,1,
5700005054620,false,חבל מיתר 10 מ' שחור לבן,,IL,חבל מיתר 10 מ' ש,יחידה,1.00,יחידה,false,1,4.90,4.90,true,1,
5700005055757,false,פלייר שפיץ מקצוע,,,פלייר שפיץ מקצוע,יחידה,1.00,יחידה,false,0,19.90,19.90,true,1,
5765571543619,false,לקקנים בטעם של פעם,ממתקי נעמה,IL,לקקנים,גרמים,100.00,100 גרם,false,1,12.90,12.90,true,1,
5900020026552,false,דגני בוקר האני נאט צ'יריוס בטעם דבש ושקדים,קבוצת אוסם סחר שותפות מוגבלת,FR,האני נאט צ'יריוס,גרמים,625.00,100 גרם,false,1,19.90,3.18,true,1,
5900966007936,false,סוכריות אנרגיה+ויטמינים,,IL,סוכריות אנרגיה,יחידה,1.00,יחידה,false,1,5.90,5.90,true,1,
5901780371111,false,"מיץ תפוחים סחוט 100% 750 מ""ל",רויאל אפל,PL,מיץ תפוחים סחוט,מיליליטרים,750.00,"100 מ""ל",false,1,10.90,1.45,true,1,
5901780371142,false,מיץ תפוח וגזר סחוט 100%,רויאל אפל,IL,מיץ תפוח וגזר,מיליליטרים,750.00,"100 מ""ל",false,1,10.90,1.45,true,1,
5901780371180,false,"מיץ תפוח אגס טבעי 750 מ""ל",רויאל אפל,PL,מיץ תפוח סחוט,מיליליטרים,750.00,"100 מ""ל",false,1,10.90,1.45,true,1,
5901780371548,false,"מיץ תפוחים וסלק 100% טבעי 750 מ""ל",,IL,מיץ תפוחים וסלק,מיליליטרים,750.00,"100 מ""ל",false,1,10.90,1.45,true,1,
5906485301012,false,משקה אנרגיה XL מוגז פחית 250 מל,טמפו משקאות בע`מ,IL,משקה אנרגיה XL,מיליליטרים,250.00,"100 מ""ל",false,0,3.90,1.56,true,1,
6001067017332,false,קולגייט מברשת שיניים מדיום 360 אופטיק ווייט,קולגייט-פלמוליב,IL,מברשת קולגייט 36,יחידה,1.00,יחידה,false,1,5.90,5.90,true,1,
6001067018049,false,קולגייט ילדים 2-5מברשת שיניים,קולגייט-פלמוליב,VN,מברשת קולגייט,יחידה,1.00,יחידה,false,0,3.50,3.50,true,1,
6001067023777,false,מברשת שיניים קולגייט שלישייה זיגזג,קולגייט-פלמוליב,IL,3 מברשות שיניים,יחידה,1.00,יחידה,false,0,7.90,7.90,true,1,
6009606260218,false,דגני בוקר וויטביקס 450 גרם,ויטביקס,IL,דגני בוקר 430גר,גרמים,430.00,100 גרם,false,1,25.00,5.81,true,1,
6035216609116,false,פלייסנמט+תחתית לכוס 12 י,,IL,פלייסנמט+תחתית ל,יחידה,1.00,יחידה,false,1,7.90,7.90,true,1,
6035216609130,false,פלייסמנט+תחתית לכוס ייבו,,IL,פלייסמנט+תחתית,יחידה,1.00,יחידה,false,1,7.90,7.90,true,1,
6035216609161,false,פלייסמנט+תחתית לכוס ייבו,,IL,פלייסמנט+תחתית,יחידה,1.00,יחידה,false,1,7.90,7.90,true,1,
6224009175123,false,"פול ירוק 1 ק""ג 1 ק""ג",O.K FRUIT,IL,"פול ירוק 1ק""ג",גרמים,1000.00,100 גרם,false,1,13.90,1.39,true,1,
6295120006092,false,איירוויק מכשיר +מילוי ROSE,,IL,איירוויק + מכשיר,יחידה,1.00,יחידה,false,1,29.90,29.90,true,1,
6534401901504,false,מחצלת להכנת סושי לירון ק,,IL,מחצלת להכנת סושי,יחידה,1.00,יחידה,false,1,4.90,4.90,true,1,
6801204948150,false,סלסלת צמות בינונית תהילה,,IL,סלסלת צמות בינונ,יחידה,1.00,יחידה,false,1,18.90,18.90,true,1,
6801204948167,false,סלסלת צמות גדולה תהילה,הרשי שוקולד,IL,סלסלת צמות גדולה,יחידה,1.00,יחידה,false,1,22.90,22.90,true,1,
6856387102011,false,יעה תהילה,,IL,יעה,יחידה,1.00,יחידה,false,1,3.90,3.90,true,1,
6902019042016,false,אטבי כביסה כחול לבן 10 יחידות,לירון קרביץ יבוא שיווק וסחר,IL,אטבי כביסה,יחידה,1.00,יחידה,false,1,4.90,4.90,true,1,
6902019042061,false,מארז בלונים 50 יח קרביץ,לירון קרביץ יבוא שיווק וסחר,IL,מארז בלונים,יחידה,1.00,יחידה,false,1,10.90,10.90,true,1,
6910021100204,false,מברשת שיניים קולגייט 360 צ`רקואל שחורה,פארמה דיל (פ.א.ב.) שיווק והפצה,IL,מברשת קולגייט 36,יחידה,1.00,יחידה,false,1,5.90,5.90,true,1,
6915110010648,false,מגב שיש תהילה,,IL,מגב שיש,יחידה,1.00,יחידה,false,1,2.90,2.90,true,1,
6923634954607,false,סטיקס אבקת סוכריות טעם ת,,IL,סטיקס אבקת סוכרי,גרמים,13.00,100 גרם,false,1,1.00,7.69,true,1,
6923634954638,false,סטיקס אבקת סוכריות טעם פ,,IL,סטיקס אבקת סוכרי,גרמים,13.00,100 גרם,false,1,1.00,7.69,true,1,
6923634954683,false,סטיקס אבקת סוכריות טעם א,,IL,סטיקס אבקת סוכרי,גרמים,13.00,100 גרם,false,1,1.00,7.69,true,1,
6923634954713,false,מאגדת סטיקס 130 גרם,שנטו ליאנטונג פודס קו,CN,תססן סטיקס,גרמים,130.00,100 גרם,false,1,9.90,7.62,true,1,
6928054201423,false,כפפות ניילון 100 יחידות,,IL,כפפות ניילון,יחידה,1.00,יחידה,false,1,2.90,2.90,true,1,
6930548976243,false,מארז שום הלפרין,אראל תוצרת חקלאית בע,IL,מארז שום,יחידה,1.00,יחידה,false,1,7.90,7.90,true,1,
6934931807268,false,פסטרמה אילטקית 200 גרם,"דליקטס ארטיזנל בע""מ",IL,פסטרמה איטלקית 2,גרמים,200.00,100 גרם,false,1,24.90,12.45,true,1,
6934931807336,false,כתף בקר מפולפל ONEG,"דליקטס ארטיזנל בע""מ",IL,כתף מפולפל 150גר,גרמים,150.00,100 גרם,false,1,24.90,16.60,true,1,
6934931807404,false,קורנביף ONEG 150 גרם,"דליקטס ארטיזנל בע""מ",IL,קורנביף 150 גרם,גרמים,150.00,100 גרם,false,1,24.90,16.60,true,1,
6934931807572,false,רוסטביף ONEG 150 גרם,"דליקטס ארטיזנל בע""מ",IL,רוסטביף 150 גרם,גרמים,150.00,100 גרם,false,1,24.90,16.60,true,1,
6934931807640,false,כתף בקר מעושן 150 גרם,"דליקטס ארטיזנל בע""מ",IL,כתף מעושן 150 גר,גרמים,150.00,100 גרם,false,1,24.90,16.60,true,1,
6938056208153,false,פלסטרים,,IL,פלסטרים,יחידה,1.00,יחידה,false,0,5.90,5.90,true,1,
6942797402589,false,"סוכריה מגה ספריי 100 מ""ל",,IL,סוכריה מגה ספריי,מיליליטרים,100.00,"100 מ""ל",false,1,6.90,6.90,true,1,
6942797402619,false,"סוכריה מגה רולר 100 מ""ל",,IL,סוכריה מגה רולר,מיליליטרים,100.00,"100 מ""ל",false,1,6.90,6.90,true,1,
6945507877097,false,מברשת שיניים לנוער תהילה,,IL,מברשת שיניים לנו,יחידה,1.00,יחידה,false,1,3.90,3.90,true,1,
6953210210223,false,כף אשפה מתקפל יוקרתי תהי,,IL,כף אשפה מתקפל,יחידה,1.00,יחידה,false,1,14.90,14.90,true,1,
6958211252876,false,שום ייבוא ליח,עטרה,IL,שום במארז,יחידה,1.00,יחידה,false,1,10.90,10.90,true,1,
6973362920023,false,"ממרח שפופרת בטעם וואסבי, 43 גרם",,CN,ממרח וואסבי,גרמים,43.00,100 גרם,false,1,8.90,20.70,true,1,
6997679336711,false,נר צמה דונג עבודת יד,,IL,נר הבדלה,יחידה,1.00,יחידה,false,1,9.90,9.90,true,1,
7160589856238,false,נייס שבלולים לשיער,,IL,אביזרים לבית,יחידה,1.00,יחידה,false,0,3.90,3.90,true,1,
7180589856540,false,נייס שבלולים לשיער,שבלולים בעמ,IL,אביזרים לבית,יחידה,1.00,יחידה,false,0,3.90,3.90,true,1,
7270137700194,false,מדליק פחמים מוצק 48 קובי,ח.כהן סוכנות מזון ומשקאות בע,DE,מדליק פחמים,יחידה,1.00,יחידה,false,1,5.90,5.90,true,1,
7290000000015,true,עגבניה,קטיף.,IL,עגבניות,קילוגרמים,0.00,"ק""ג",true,0,5.90,5.90,true,1,
7290000000022,true,עגבניות חממה,קטיף.,IL,עגבניה,קילוגרמים,0.00,"ק""ג",true,0,5.90,5.90,true,1,
7290000000046,true,מלפפונים,קטיף.,IL,מלפפונים,קילוגרמים,0.00,"ק""ג",true,0,5.90,5.90,true,1,
7290000000053,true,קישואים,קטיף.,IL,קישואים,קילוגרמים,0.00,"ק""ג",true,0,7.90,7.90,true,1,
7290000000084,true,פלפל ירוק בהיר,שותפות מזרחי,IL,פלפל ירוק בהיר,קילוגרמים,0.00,"ק""ג",true,0,9.90,9.90,true,1,
7290000000091,true,פלפל אדום,קטיף.,IL,פלפל אדום,קילוגרמים,0.00,"ק""ג",true,0,7.90,7.90,true,1,
7290000000107,true,פלפל ירוק כהה,קטיף.,IL,פלפל ירוק כהה,קילוגרמים,0.00,"ק""ג",true,0,6.90,6.90,true,1,
7290000000114,true,חצילים,קטיף.,IL,חצילים,קילוגרמים,0.00,"ק""ג",true,0,5.90,5.90,true,1,
7290000000138,true,כרוב לבן,קטיף.,IL,כרוב לבן,קילוגרמים,0.00,"ק""ג",true,0,8.90,8.90,true,1,
7290000000183,true,סלק,קטיף.,IL,סלק,קילוגרמים,0.00,"ק""ג",true,0,4.90,4.90,true,1,
7290000000206,true,צנון,קטיף.,IL,צנון,קילוגרמים,0.00,"ק""ג",true,0,5.90,5.90,true,1,
7290000000220,true,קולורבי,קטיף.,IL,קולורבי,קילוגרמים,0.00,"ק""ג",true,0,10.90,10.90,true,1,
7290000000374,true,פטריות שמפניון יחידה,קטיף.,IL,שמפניון,גרמים,220.00,100 גרם,false,0,9.90,4.50,true,1,
7290000000411,true,שום - רביעייה במארז,קטיף.,XX,שום מארז,גרמים,190.00,100 גרם,false,0,7.90,4.16,true,1,
7290000000428,true,בטטות מובחר,קטיף.,IL,בטטה,קילוגרמים,0.00,"ק""ג",true,0,9.90,9.90,true,1,
7290000000480,true,בצל יבש,קטיף.,IL,בצל יבש,קילוגרמים,0.00,"ק""ג",true,0,5.90,5.90,true,1,
7290000000572,true,שומר,קטיף.,IL,שומר,קילוגרמים,0.00,"ק""ג",true,0,10.90,10.90,true,1,
7290000000619,true,פלפל חריף,שותפות מזרחי,IL,פלפל חריף,קילוגרמים,0.00,"ק""ג",true,0,6.90,6.90,true,1,
7290000000732,true,דלורית,קטיף.,IL,דלורית,קילוגרמים,0.00,"ק""ג",true,0,9.90,9.90,true,1,
7290000000855,true,פלפל צהוב,קטיף.,IL,פלפל צהוב,קילוגרמים,0.00,"ק""ג",true,0,7.90,7.90,true,1,
7290000000886,true,עגבניה שרי אשכולות,קטיף.,IL,שרי אשכולות,קילוגרמים,0.00,"ק""ג",true,0,16.90,16.90,true,1,
7290000001036,true,בצל יבש אדום,קטיף.,XX,בצל יבש אדום,קילוגרמים,0.00,"ק""ג",true,0,3.90,3.90,true,1,
7290000001715,true,תפוח אדמה לבן ארוז,קטיף.,IL,תפוח אדמה לבן,קילוגרמים,0.00,"ק""ג",true,0,5.90,5.90,true,1,
7290000002040,true,חלה רגילה 500 גרם,מאפית ברמן,IL,חלה רגילה,גרמים,500.00,100 גרם,false,0,4.30,0.86,true,1,
7290000011974,true,חאווג' במשקל לפי משקל,,IL,חאווג' במשקל,גרמים,0.00,"ק""ג",true,1,78.00,78.00,true,1,
7290000012582,true,פפריקה מתוקה במשקל לפי מ,,IL,פפריקה מתוקה במש,גרמים,0.00,"ק""ג",true,1,38.00,38.00,true,1,
7290000015545,true,פלפל שחור במשקל לפי משקל,,IL,פלפל שחור במשקל,גרמים,0.00,"ק""ג",true,1,80.00,80.00,true,1,
7290000015934,true,אורגנו במשקל לפי משקל,,IL,אורגנו במשקל,גרמים,0.00,"ק""ג",true,1,75.00,75.00,true,1,
7290000016696,true,תבלין לדגים במשקל לפי מש,,IL,תבלין לדגים במשק,גרמים,0.00,"ק""ג",true,1,68.00,68.00,true,1,
7290000016764,true,עלי דפנה במשקל לפי משקל,,IL,עלי דפנה במשקל,גרמים,0.00,"ק""ג",true,1,130.00,130.00,true,1,
7290000016771,true,פטרוזליה במשקל לפי משקל,,IL,פטרוזליה במשקל,גרמים,0.00,"ק""ג",true,1,100.00,100.00,true,1,
7290000016832,true,חילבה טחון/שלם במשקל לפי,,IL,חילבה טחון/שלם ב,גרמים,0.00,"ק""ג",true,1,22.00,22.00,true,1,
7290000016887,true,תבלין על האש במשקל לפי מ,,IL,תבלין על האש במש,גרמים,0.00,"ק""ג",true,1,68.00,68.00,true,1,
7290000017020,true,זנגוויל-גינג'ר שלם לפי מ,,IL,זנגוויל-ג'ינג'ר,גרמים,0.00,"ק""ג",true,1,65.00,65.00,true,1,
7290000017044,true,מלח לימון במשקל לפי משקל,,IL,מלח לימון במשקלן,גרמים,0.00,"ק""ג",true,1,28.00,28.00,true,1,
7290000017051,true,סודה לשתיה במשקל לפי משק,,IL,סודה לשתיה במשקל,גרמים,0.00,"ק""ג",true,1,18.00,18.00,true,1,
7290000017075,true,לוביה יבשה,,IL,לוביה יבשה,גרמים,0.00,"ק""ג",true,1,13.00,13.00,true,1,
7290000017112,true,רוזמרין במשקל לפי משקל,,IL,רוזמרין במשקל,גרמים,0.00,"ק""ג",true,1,98.00,98.00,true,1,
<<<<<<< HEAD
7290000023083,false,ערק אשקלון בקבוק 700,"יקבי ברקן בע""\מ",IL,ערק אשקלון,מיליליטרים,700.00,"100 מ""ל",false,0,44.90,6.41,true,1,
7290000025339,false,יין אדום יבש ספיישל,יקבי ברקן,IL,יין מרום SPECIAL,מיליליטרים,750.00,"100 מ""ל",false,1,39.90,5.32,true,1,
7290000025346,false,יין אדום מתוק מרום ירושל,יקבי ברקן,IL,יין מתוק מרום יר,ליטרים,0.75,ליטר,false,1,16.90,22.53,true,1,
7290000034034,false,דגנית קרקר חיטה מלאה250ג,אפיפית נצרת,IL,קרקר דגנית הדר,גרמים,250.00,100 גרם,false,0,6.90,2.76,true,1,
7290000040042,false,יופלה יוגורט תות %3 גביע 150 גרם,תנובה חלב,IL,יופלה תות 3%,גרמים,150.00,100 גרם,false,0,3.90,2.60,true,1,
7290000040066,false,יופלה יוגורט דובדבן %3 גביע 150 גרם,תנובה מרכז שיתופי לש,IL,יופלה דובדבן3%,גרמים,150.00,100 גרם,false,0,3.90,2.60,true,1,
7290000040080,false,יופלה יוגורט אפרסק %3 גביע 150 גרם,תנובה חלב,IL,יופלה אפרסק3%,גרמים,150.00,100 גרם,false,0,3.90,2.60,true,1,
=======
7290000023083,false,ערק אשקלון בקבוק 700,טמפו משקאות בע`מ,IL,ערק אשקלון,מיליליטרים,700.00,"100 מ""ל",false,0,44.90,6.41,true,1,
7290000025339,false,יין אדום יבש ספיישל,יקבי ברקן,IL,יין מרום SPECIAL,מיליליטרים,750.00,"100 מ""ל",false,1,39.90,5.32,true,1,
7290000025346,false,יין אדום מתוק מרום ירושל,יקבי ברקן,IL,יין מתוק מרום יר,ליטרים,0.75,ליטר,false,1,16.90,22.53,true,1,
7290000034034,false,דגנית קרקר חיטה מלאה250ג,אפיפית נצרת,IL,קרקר דגנית הדר,גרמים,250.00,100 גרם,false,0,6.90,2.76,true,1,
7290000040042,false,יופלה יוגורט תות %3 גביע 150 גרם,"תנובה בע""מ ***",IL,יופלה תות 3%,גרמים,150.00,100 גרם,false,0,3.90,2.60,true,1,
7290000040066,false,יופלה יוגורט דובדבן %3 גביע 150 גרם,תנובה מרכז שיתופי לש,IL,יופלה דובדבן3%,גרמים,150.00,100 גרם,false,0,3.90,2.60,true,1,
7290000040080,false,יופלה יוגורט אפרסק %3 גביע 150 גרם,"תנובה בע""מ ***",IL,יופלה אפרסק3%,גרמים,150.00,100 גרם,false,0,3.90,2.60,true,1,
>>>>>>> d048ac2f4f281c9d788043ab4e81b61b0dbe3743
7290000040301,false,תנובה עין גדי קממבר מחלב בקר 24% שומן,תנובה מרכז שיתופי לש,IL,עין גדי קממבר,גרמים,125.00,100 גרם,false,0,17.90,14.32,true,1,
7290000040318,false,גבינת עדי ברי 24% קולאז` (125 גרם)קולקש,תנובה מרכז שיתופי לש,IL,גבינת עדי ברי24%,גרמים,125.00,100 גרם,false,0,16.90,13.52,true,1,
7290000040462,false,טוסטי גבינה בסגנון אמריקאי אדם 23% תנובה 200 גרם,תנובה מרכז שיתופי לש,IL,טוסטי,גרמים,200.00,100 גרם,false,0,15.90,7.95,true,1,
<<<<<<< HEAD
7290000040974,false,חלב דל לקטוז 2% תנובה קרטון 1 ליטר,תנובה מרכז שיתופי לש,IL,חלב טרי דל לקטוז,ליטרים,1.00,ליטר,false,0,6.50,6.50,true,1,
7290000041407,false,"גיל קטן 3% תנובה 125 מ""ל בד""ץ",תנובה מרכז שיתופי לש,IL,גיל מועשר 3%,מיליליטרים,125.00,"100 מ""ל",false,0,0.80,0.64,true,1,
7290000041445,false,קוטג תנובה גביע 250 גרם 5% בדצ,מיוצר עי קונדיטוריית,IL,קוטג' תנובה 5%,גרמים,250.00,100 גרם,false,0,5.10,2.04,true,1,
7290000041452,false,קוטג תנובה גביע 250 גרם 9% בדצ,תנובה מרכז שיתופי לש,IL,קוטג' 9% מהדרין,גרמים,250.00,100 גרם,false,0,5.10,2.04,true,1,
7290000041858,false,"שמנת חמוצה 15% מועשרת יטבתה 200 מ""ל",שטראוס גרופ,IL,שמנת חמוצה יטבתה,מיליליטרים,200.00,"100 מ""ל",false,0,1.90,0.95,true,1,
7290000042015,false,"חלב שתייה תנובה בד""צ בשקית 1 ליטר",תנובה מרכז שיתופי לש,IL,חלב 3% שקית,ליטרים,1.00,ליטר,false,0,4.90,4.90,true,1,
=======
7290000040974,false,חלב 2% דל לקטוז בקרטון תנובה (1 ליטר),תנובה מרכז שיתופי לש,IL,חלב טרי דל לקטוז,ליטרים,1.00,ליטר,false,0,6.50,6.50,true,1,
7290000041407,false,"גיל קטן 3% תנובה 125 מ""ל בד""ץ",תנובה מרכז שיתופי לש,IL,גיל מועשר 3%,מיליליטרים,125.00,"100 מ""ל",false,0,0.80,0.64,true,1,
7290000041445,false,קוטג תנובה גביע 250 גרם 5% בדצ,מיוצר עי קונדיטוריית,IL,קוטג' תנובה 5%,גרמים,250.00,100 גרם,false,0,5.10,2.04,true,1,
7290000041452,false,גבינת קוטג`9% מהדרין תנובה (250 גרם),תנובה מרכז שיתופי לש,IL,קוטג' 9% מהדרין,גרמים,250.00,100 גרם,false,0,5.10,2.04,true,1,
7290000041858,false,"שמנת חמוצה 15% מועשרת יטבתה 200 מ""ל",שטראוס גרופ בעמ/מצונן,IL,שמנת חמוצה יטבתה,מיליליטרים,200.00,"100 מ""ל",false,0,1.90,0.95,true,1,
7290000042015,false,חלב 3% בשקית בדצ תנובה (1 ליטר)פיקוח,תנובה מרכז שיתופי לש,IL,חלב 3% שקית,ליטרים,1.00,ליטר,false,0,4.90,4.90,true,1,
>>>>>>> d048ac2f4f281c9d788043ab4e81b61b0dbe3743
7290000042367,false,חלב טרי 3% בקבוק תנובה 1 ליטר מהדרין,תנובה מרכז שיתופי לש,IL,חלב טרי 3%,ליטרים,1.00,ליטר,false,0,5.90,5.90,true,1,
7290000042435,false,חלב דל שומן 1% בקרטון תנובה (1 ליטר)פיק,תנובה מרכז שיתופי לש,IL,חלב 1% בקרטון,ליטרים,1.00,ליטר,false,0,4.90,4.90,true,1,
7290000042671,false,חלב עמיד %3 קרטון 1 ל בהכשר בדצ,תנובה מרכז שיתופי לש,IL,חלב עמיד 3%,ליטרים,1.00,ליטר,false,0,5.90,5.90,true,1,
7290000042855,false,"שוקו בשקית 250 מ""ל ""יטבתה""",שטראוס גרופ בעמ/מצונן,IL,שוקו בשקית,מיליליטרים,225.00,"100 מ""ל",false,0,2.50,1.11,true,1,
7290000043012,false,"שוקו עמיד 2% בקרטון 250 מ""ל תנובה",תנובה מרכז שיתופי לש,IL,שוקו עמיד,מיליליטרים,250.00,"100 מ""ל",false,0,3.90,1.56,true,1,
7290000043814,false,השף הלבן שמנת להקצפה 38% שומן 250 מל - מוצר בפיקוח,תנובה מרכז שיתופי לש,IL,שמנת עמידה לקצפת,מיליליטרים,250.00,"100 מ""ל",false,0,5.90,2.36,true,1,
7290000043890,false,תנובה רויון לבן מחלב מפסוטר 1.5%,תנובה מרכז שיתופי לש,IL,רויון בקרטון1.5%,ליטרים,1.00,ליטר,false,0,9.90,9.90,true,1,
7290000044712,false,יוגורט עם תות 1.5% שומן 500 ג' פרילי,מיוצר עי קונדיטוריית,IL,פרילי תות-שדה,גרמים,500.00,100 גרם,false,0,9.90,1.98,true,1,
7290000047621,false,גבינה לבנה רכה 5% תנובה 250ג' מהדרין,תנובה מרכז שיתופי לש,IL,גבינה %5 מהדרי,גרמים,250.00,100 גרם,false,0,4.70,1.88,true,1,
7290000047942,false,**תנובה גבינה לבנה מהדרין 9% 250ג,תנובה מרכז שיתופי לש,IL,גבינה9%מהדרין,גרמים,250.00,100 גרם,false,0,4.70,1.88,true,1,
7290000048185,false,גבינה לבנה 5% תנובה 250 גרם מהדרין,מיוצר עי קונדיטוריית,IL,גבינה לבנה 5%,גרמים,250.00,100 גרם,false,0,4.70,1.88,true,1,
<<<<<<< HEAD
7290000048307,false,גבינת קוטג' עם זיתים 5% תנובה 250 גרם,מיוצר עי קונדיטוריית,IL,קוטג' עם זיתים5%,גרמים,250.00,100 גרם,false,0,5.60,2.24,true,1,
7290000048413,false,פיראוס חמד גבינה מלוחה 16% שומן,תנובה מרכז שיתופי לש,IL,גבינה מלוחה 16%,גרמים,250.00,100 גרם,false,0,15.90,6.36,true,1,
7290000048437,false,פיראוס צפתית 5% שומן 200 גרם,פארייפאבה אגרואינדוס,IL,גבינה צפתית 5%,גרמים,200.00,100 גרם,false,0,13.90,6.95,true,1,
7290000048451,false,פיראוס חרמון מלוחה 16% 250גר,תנובה מרכז שיתופי לש,IL,גבינת חרמון,גרמים,250.00,100 גרם,false,0,15.90,6.36,true,1,
=======
7290000048307,false,גבינת קוטג`5% עם זיתים תנובה (250 גרם),מיוצר עי קונדיטוריית,IL,קוטג' עם זיתים5%,גרמים,250.00,100 גרם,false,0,5.60,2.24,true,1,
7290000048413,false,גבינה חמד (25016% גרם)פיראוס תנובה,תנובה מרכז שיתופי לש,IL,גבינה מלוחה 16%,גרמים,250.00,100 גרם,false,0,15.90,6.36,true,1,
7290000048437,false,גבינת צפתית (2005% גרם)פיראוס תנובה,פארייפאבה אגרואינדוס,IL,גבינה צפתית 5%,גרמים,200.00,100 גרם,false,0,13.90,6.95,true,1,
7290000048451,false,חרמון שקית 16% 250 גר`פיראוס תנובה,תנובה מרכז שיתופי לש,IL,גבינת חרמון,גרמים,250.00,100 גרם,false,0,15.90,6.36,true,1,
>>>>>>> d048ac2f4f281c9d788043ab4e81b61b0dbe3743
7290000050966,false,תנובה גבינה לבנה מהדרין 5% 850 גר,תנובה מרכז שיתופי לש,IL,גבינה לבנה 850 ג,גרמים,850.00,100 גרם,false,0,14.90,1.75,true,1,
7290000051352,false,חלב מלא בטעם של פעם 3.4% תנובה קרטון 1 ל',תנובה מרכז שיתופי לש,IL,חלב של פעם מלא,ליטרים,1.00,ליטר,false,0,6.90,6.90,true,1,
7290000051376,false,יוגורט יופלה דיאט אננס 0% שומן 150 גרם,תנובה מרכז שיתופי לש,IL,יופלה דיאט אננס,גרמים,150.00,100 גרם,false,0,3.90,2.60,true,1,
7290000052311,false,גבינה צהובה עמק לייט 15% שומן 200 גרם,תנובה מרכז שיתופי לש,IL,עמק 15% פרוס,גרמים,200.00,100 גרם,false,0,13.90,6.95,true,1,
7290000052717,false,גבינת קוטג' שום שמיר 5% תנובה 250 גרם,מיוצר עי קונדיטוריית,IL,קוטג' +שום שמיר,גרמים,250.00,100 גרם,false,0,5.60,2.24,true,1,
7290000052946,false,מארז יוגורט יופלה לבן מעודן בדצ 8*150,תנובה מרכז שיתופי לש,IL,יופלה מעודן 8 יח,קילוגרמים,1.20,"ק""ג",false,0,14.90,12.42,true,1,
7290000053981,false,מאגדת יופלה 4*תות 150ג 4*אפרסק 150ג בדצ,תנובה מרכז שיתופי לש,IL,יופלה פרי 8 יח,קילוגרמים,1.20,"ק""ג",false,0,19.90,16.58,true,1,
7290000055015,false,פיראוס גבינת פטה כבשים 5% תנובה 250 גרם,תנובה מרכז שיתופי לש,IL,פטה כבשים פיראוס,גרמים,250.00,100 גרם,false,0,24.90,9.96,true,1,
7290000055756,false,גבינה לבנה 5% תנובה מארז 850X2ג' בדץ,תנובה מרכז שיתופי לש,IL,זוג גבינה לבנה,גרמים,1700.00,100 גרם,false,0,24.90,1.46,true,1,
7290000055893,false,חמאה משמנת מפוסטרת 200גרם 82% כ.מהדרין - מוצר בפיקוח,תנובה מרכז שיתופי לש,IL,חמאה מהדרין,גרמים,200.00,100 גרם,false,0,6.90,3.45,true,1,
7290000056081,false,מארז יוגורט פרילי טבע 6*200 גרם,מיוצר עי קונדיטוריית,IL,מארז פרילי טבע,קילוגרמים,1.20,"ק""ג",false,0,17.90,14.92,true,1,
7290000056753,false,עמק קלאסית 28% שומן 200 גרם פרוס בדצ בקופסא,תנובה - חלב,IL,גבינה עמק 200 גר,גרמים,200.00,100 גרם,false,0,13.90,6.95,true,1,
7290000056760,false,גבינה צהובה 28% מהדרין עמק (400 גרם),תנובה מרכז שיתופי לש,IL,גבינה עמק 400 גר,גרמים,400.00,100 גרם,false,0,26.90,6.73,true,1,
7290000056845,false,תנובה חלב טרי 3% שומן 1.5 ליטר - מוצר בפיקוח,פארייפאבה אגרואינדוס,IL,חלב תנובה 3%,ליטרים,1.50,ליטר,false,0,8.90,5.93,true,1,
7290000056883,false,שמיניית יוגורט יופלה 3% טעמים שונים 150 גרם,תנובה מרכז שיתופי לש,IL,יופלה 8 יח במארז,קילוגרמים,1.20,"ק""ג",false,0,19.90,16.58,true,1,
7290000056890,false,שמיניית דיאט יופלה 0% טעמים שונים 150 גרם,מיוצר עי קונדיטוריית,IL,יופלה 0% 8 יח,קילוגרמים,1.20,"ק""ג",false,0,19.90,16.58,true,1,
7290000057088,false,עמק גבינה צהובה פרוסה דק דק 28% תנובה 200 גרם,תנובה מרכז שיתופי לש,IL,עמק דק28% 200גרם,גרמים,200.00,100 גרם,false,0,13.90,6.95,true,1,
7290000057477,false,חלב טרי 3% הומוגני תנובה קרטון 1.5 ל',תנובה מרכז שיתופי לש,IL,חלב טרי הומוגני,ליטרים,1.50,ליטר,false,0,8.90,5.93,true,1,
<<<<<<< HEAD
7290000057552,false,יופלה דיאט עוגת גבינה ותות 0% גביע 150ג',תנובה חלב,IL,יופלה עוגת גבינה,גרמים,150.00,100 גרם,false,0,3.90,2.60,true,1,
=======
7290000057552,false,יופלה דיאט עוגת גבינה ותות 0% גביע 150ג',תנובה - חלב,IL,יופלה עוגת גבינה,גרמים,150.00,100 גרם,false,0,3.90,2.60,true,1,
>>>>>>> d048ac2f4f281c9d788043ab4e81b61b0dbe3743
7290000057934,false,"שוקו בבקבוק תנובה 1 ליטר בד""ץ",תנובה מרכז שיתופי לש,IL,שוקו 1 ליטר,ליטרים,1.00,ליטר,false,0,9.90,9.90,true,1,
7290000058030,false,"שמיניית יופלה שטוזים משקה יוגורט תות 100 מ""ל",מיוצר עי קונדיטוריית,IL,8שטוזים משקה תות,מיליליטרים,800.00,"100 מ""ל",false,0,17.90,2.24,true,1,
7290000058047,false,שמנת להקצפה 38% 500מל מהדרין עמיד השף הלבן,תנובה מרכז שיתופי לש,IL,משמנת להקצפה 38%,מיליליטרים,500.00,"100 מ""ל",false,0,11.90,2.38,true,1,
7290000058979,false,גיל בטעם תות 3% שומן 125 ג' תנובה,תנובה מרכז שיתופי לש,IL,גיל בטעם תות125ג,גרמים,125.00,100 גרם,false,0,1.30,1.04,true,1,
<<<<<<< HEAD
7290000060088,false,בייגלה מקלות מלוחים אסם 400 גרם,מיוצר עי קונדיטוריית,IL,בייגלה מקלות,גרמים,400.00,100 גרם,false,0,8.90,2.23,true,1,
7290000060200,false,פסטה אסם פתיתים אפויים קוסקוס 500גר,"אסם תעשיות בע""מ",IL,פתיתים אפויים,גרמים,500.00,100 גרם,false,0,5.90,1.18,true,1,
7290000060217,false,פסטה מקרוני מספר 7 אסם 500 גרם,קריות זול,IT,פסטה מקרוני 7,גרמים,500.00,100 גרם,false,0,4.90,0.98,true,1,
7290000060248,false,פסטה אסם פתיתים תלתלים 500 גר',קריות זול,IT,פסטה תלתלים,גרמים,500.00,100 גרם,false,0,4.90,0.98,true,1,
7290000060316,false,פרפקטו ספגטי מס' 8 אסם 500 גרם,אסם פרפקטו,IT,ספגטי פרפקטו,גרמים,500.00,100 גרם,false,0,6.90,1.38,true,1,
7290000060408,false,פסטה אסם פתיתים אפויים טבעות 500 גר,"אסם השקעות בע""\מ",IL,פתיתים טבעות,גרמים,500.00,100 גרם,false,0,5.90,1.18,true,1,
7290000060491,false,פסטה קיפרי ריגאטי פרפקטו 500 ג' אסם,קריות זול,IT,פסטה קיפרי ריגטי,גרמים,500.00,100 גרם,false,0,6.90,1.38,true,1,
7290000060576,false,פתיתים אפויים כוכבים אסם 500 גרם,"אסם השקעות בע""\מ",IL,פתיתים אפויים,גרמים,500.00,100 גרם,false,0,5.90,1.18,true,1,
7290000060828,false,פסטה קרניים בינוניות אסם 500 גרם,קריות זול,IT,פסטה קרניים,גרמים,500.00,100 גרם,false,0,4.90,0.98,true,1,
7290000060842,false,פסטה אסם פתיתים צדפים גדולים 500גר,קריות זול,IT,פסטה צדפים אסם,גרמים,500.00,100 גרם,false,0,4.90,0.98,true,1,
7290000060880,false,פסטה ספגטי מספר 8 אסם 500 גרם,קריות זול,IT,ספגטי מס' 8,גרמים,500.00,100 גרם,false,0,4.90,0.98,true,1,
7290000060903,false,פסטה אסם פתיתים אפויים אורז 500גר,"אסם השקעות בע""\מ",IL,פתיתים אפויים,גרמים,500.00,100 גרם,false,0,5.90,1.18,true,1,
7290000060958,false,פסטה אסם אטריות בינוניות 400 גרם,"אסם השקעות בע""\מ",IL,אטריות בינוניות,גרמים,400.00,100 גרם,false,0,4.90,1.23,true,1,
7290000060965,false,פסטה אסם אטריות רחבות 400גר,"אסם השקעות בע""\מ",IL,אטריות רחבות,גרמים,400.00,100 גרם,false,0,4.90,1.23,true,1,
7290000061061,false,קרקר חיטה עם בצל אסם,"אסם השקעות בע""\מ",IL,קרקר בטעם בצל,גרמים,250.00,100 גרם,false,0,7.90,3.16,true,1,
7290000061108,false,"רוטב טריאקי 290 מ""ל-בקבוק","אסם השקעות בע""\מ",IL,רוטב טריאקי,מיליליטרים,290.00,"100 מ""ל",false,0,7.90,2.72,true,1,
7290000061245,false,עוגיות שוקוצ'יפס במילוי שוקולד אסם 220 גרם,מיוצר עי קונדיטוריית,IL,עוגיות ש.צ'יפס,גרמים,220.00,100 גרם,false,0,8.90,4.05,true,1,
7290000062952,false,אוסם - מיני קרוטונים למרק ולסלט 250 גרם,עינת תעשיות מזון אגו,IL,מיני קרוטונים,גרמים,250.00,100 גרם,false,0,11.90,4.76,true,1,
7290000063133,false,אסם שקדי מרק רכיבים טבעיים 24*100גרם,"אסם השקעות בע""מ",IL,שקדי מרק אסם,גרמים,100.00,100 גרם,false,0,3.90,3.90,true,1,
7290000063140,false,שקדי מרק רכיבים טבעיים בשקית 400 ג' אסם,"אסם תעשיות בע""מ",IL,שקדי מרק אסם,גרמים,400.00,100 גרם,false,0,9.90,2.48,true,1,
7290000063157,false,"קמח עוגה תופח מאליו אסם 1 ק""ג","אסם השקעות בע""\מ",IL,קמח תופח מאליו,קילוגרמים,1.00,"ק""ג",false,0,7.90,7.90,true,1,
7290000064758,false,קוסקוס בינוני אמיתי אסם 350 ג',"מיוצר ע""י קוד יצרן K",IL,קוסקוס בינוני,גרמים,350.00,100 גרם,false,0,5.90,1.69,true,1,
7290000064871,false,"אוסם - מנה חמה פירה תפו""א עם בצל 56 גרם","אסם תעשיות בע""מ",IL,מנה חמה פירה,גרמים,56.00,100 גרם,false,0,4.90,8.75,true,1,
7290000065335,false,אוסם - מנה חמה פירה עם ירקות 55 גרם,"אסם תעשיות בע""מ",IL,מנה חמה פירה,גרמים,55.00,100 גרם,false,0,4.90,8.91,true,1,
7290000065557,false,אוסם - מנה חמה קוסקוס עם ירקות 84 גרם,"אסם תעשיות מזון בע""מ",IL,מנה חמה קוסקוס,גרמים,84.00,100 גרם,false,0,4.90,5.83,true,1,
7290000065977,false,חטיפי פריכונים תירס שומשום אסם 80 גרם,"פרח תעשיות מזון בע""מ.",IL,פריכונים תירס,גרמים,80.00,100 גרם,false,0,5.90,7.38,true,1,
7290000066141,false,ביסלי חטיף בטעם גריל אסם 70 גרם,"אסם השקעות בע""\מ",IL,ביסלי גריל,גרמים,70.00,100 גרם,false,0,3.90,5.57,true,1,
7290000066172,false,ביסלי חטיף בטעם פיצה אסם 70 גרם,"אסם השקעות בע""\מ",IL,ביסלי פיצה,גרמים,70.00,100 גרם,false,0,3.90,5.57,true,1,
7290000066196,false,ביסלי חטיף בטעם גריל אסם 200 גרם,מיוצר עי קונדיטוריית,IL,ביסלי גריל,גרמים,200.00,100 גרם,false,0,6.90,3.45,true,1,
7290000066226,false,ביסלי חטיף בטעם פיצה אסם 200 גרם,מיוצר עי קונדיטוריית,IL,ביסלי בטעם פיצה,גרמים,200.00,100 גרם,false,0,6.90,3.45,true,1,
7290000066295,false,במבה מתוקה מחומרים טבעיים 30 גרם,מיוצר עי קונדיטוריית,IL,במבה מתוקה,גרמים,30.00,100 גרם,false,0,1.90,6.33,true,1,
7290000066318,false,במבה חטיף בוטנים אסם 80 גרם,"אסם השקעות בע""\מ",IL,במבה,גרמים,80.00,100 גרם,false,0,3.90,4.88,true,1,
7290000066332,false,אפרופו חטיף תירס אסם 50 גרם,מיוצר עי קונדיטוריית,IL,חטיף אפרופו,גרמים,50.00,100 גרם,false,0,3.90,7.80,true,1,
7290000066349,false,אפרופו חטיף תירס אסם 100 גרם,מיוצר עי קונדיטוריית,IL,אפרופו חטיף תירס,גרמים,100.00,100 גרם,false,0,6.90,6.90,true,1,
7290000066431,false,פופקו חטיף פופקורן בטעם חמאה ודבש אסם 80 גרם,מיוצר עי קונדיטוריית,IL,חטיף פופקו,גרמים,80.00,100 גרם,false,0,3.90,4.88,true,1,
7290000067599,false,מנה חמה ספגטי ברוטב בולונז אסם 65 גרם,"אסם השקעות בע""\מ",IL,מנה חמה בולונז,גרמים,65.00,100 גרם,false,0,4.90,7.54,true,1,
7290000068138,false,אינסטנט פודינג בטעם וניל אסם 80 גרם,מיוצר עי קונדיטוריית,IL,אינסטנט פודינג,גרמים,80.00,100 גרם,false,0,4.90,6.13,true,1,
7290000068190,false,אסם ג'לי תות שדה צבעים טבעיים 90 גרם,מיוצר עי קונדיטוריית,IL,ג'לי בטעם תות,גרמים,90.00,100 גרם,false,0,4.90,5.44,true,1,
7290000068237,false,אבקה להכנת ג'לי בטעם פטל אסם 85 גרם,מיוצר עי קונדיטוריית,IL,ג'לי בטעם פטל,גרמים,85.00,100 גרם,false,0,4.90,5.76,true,1,
7290000068251,false,אבקה להכנת ג'לי בטעם אננס אסם 85 גרם,מיוצר עי קונדיטוריית,IL,ג'לי בטעם אננס,גרמים,85.00,100 גרם,false,0,4.90,5.76,true,1,
7290000068343,false,אסם פריכונים פרוסות קלויות מלא,"פרח תעשיות מזון בע""מ.",IL,פריכונים מאורז,גרמים,140.00,100 גרם,false,0,5.90,4.21,true,1,
7290000068701,false,אסם שקדי מרק רכיבים טבע.מיכל 400 גרם,"אסם תעשיות בע""מ",IL,שקדי מרק במיכל,גרמים,400.00,100 גרם,false,0,13.90,3.48,true,1,
7290000068770,false,במבה יום הולדת חטיף בוטנים אסם 80 גרם,"אסם השקעות בע""\מ",IL,במבה יום הולדת,גרמים,80.00,100 גרם,false,0,3.90,4.88,true,1,
7290000069258,false,פסטה פרפקטו פנה ריגאטה 500 ג' אסם,קריות זול,IT,פנה ריגאטה,גרמים,500.00,100 גרם,false,0,6.90,1.38,true,1,
7290000070308,false,אבקת מרק עוף אמיתי בשרי אסם 400 גרם,"אסם השקעות בע""\מ",IL,מרק עוף אמיתי,גרמים,400.00,100 גרם,false,0,16.90,4.23,true,1,
7290000070322,false,אבקת מרק פטריות רכיבים טבעיים אסם 400 גרם,"אסם השקעות בע""\מ",IL,מרק פטריות אסם,גרמים,400.00,100 גרם,false,0,17.90,4.48,true,1,
7290000070353,false,אבקת מרק בצל רכיבים טבעיים אסם 400 גרם,"אסם השקעות בע""\מ",IL,מרק בצל אסם,גרמים,400.00,100 גרם,false,0,17.90,4.48,true,1,
7290000072241,false,"רוטב פיצה 290 מ""ל-בקבוק","אסם השקעות בע""\מ",IL,רוטב לפיצה אסם,מיליליטרים,290.00,"100 מ""ל",false,0,7.90,2.72,true,1,
7290000072623,false,קטשופ אסם בקבוק לחיץ 750 גרם,"אסם תעשיות בע""מ",IL,קטשופ בקבוק לחיץ,גרמים,750.00,100 גרם,false,0,8.90,1.19,true,1,
7290000072753,false,קפה נמס מגורען טסטרס צ'ויס 200 גרם-,נסטלה קוריאה - קפה,KR,קפה טסטרס צ'ויס,גרמים,200.00,100 גרם,false,0,29.90,14.95,true,1,
7290000072777,false,קפה נמס מגורען נטול קפאין טסטרס צ'ויס 200 גרם,נסטלה קוריאה - קפה,KR,קפה טסטרס צויס,גרמים,200.00,100 גרם,false,0,35.90,17.95,true,1,
7290000072784,false,קפה טייסטר צויס נטול קופאין 100 גר',נסטלה קוריאה - קפה,KR,קפה טסטרס צויס,גרמים,100.00,100 גרם,false,0,25.90,25.90,true,1,
7290000073125,false,מנה חמה פסטה ברוטב עגבניות אסם 62 גרם,"אסם השקעות בע""\מ",IL,מנה חמה פסטה,גרמים,62.00,100 גרם,false,0,4.90,7.90,true,1,
7290000073415,false,אוסם - מנה חמה פסטה ברוטב פיצה 61 גרם,"אסם השקעות בע""\מ",IL,מנה חמה פסטה,גרמים,61.00,100 גרם,false,0,4.90,8.03,true,1,
7290000073699,false,סלט חומוס צבר 150 גרם,סלטי צבר,IL,סלט חומוס צבר,גרמים,150.00,100 גרם,false,0,3.90,2.60,true,1,
7290000073750,false,מנה חמה נודלס אטר+ירקות טעם עוף 70 גרם,PUB FOODS PRESIDENT THAI,TH,מנה חמה נודלס,גרמים,70.00,100 גרם,false,0,4.90,7.00,true,1,
7290000073767,false,מנה חמה נודלס אטר.+ירקות טעם בקר 70 גרם,PUB FOODS PRESIDENT THAI,TH,מנה חמה נודלס,גרמים,70.00,100 גרם,false,0,4.90,7.00,true,1,
7290000074184,false,ביסקוויט פתי בר אסם 500 גרם,"אסם השקעות בע""\מ",IL,ביסקוויט פתי בר,גרמים,500.00,100 גרם,false,0,8.90,1.78,true,1,
7290000074245,false,אוסם - קרם קרקר אסם 250 גרם,"אסם השקעות בע""\מ",IL,קרם קרקר אסם,גרמים,250.00,100 גרם,false,0,6.90,2.76,true,1,
7290000074276,false,קרקר פיקנטי טבעון 250 ג' אסם,"אסם השקעות בע""\מ",IL,קרקר פיקנטי אסם,גרמים,250.00,100 גרם,false,0,7.90,3.16,true,1,
7290000074375,false,אוסם - קרקר זהב 150 גרם,"אסם השקעות בע""\מ",IL,קרקר זהב אסם,גרמים,150.00,100 גרם,false,0,4.90,3.27,true,1,
7290000075204,false,אוסם - לחמית חיטה מלאה 250 גרם,"אסם השקעות בע""\מ",IL,לחמית חיטה מלאה,גרמים,250.00,100 גרם,false,0,6.90,2.76,true,1,
7290000075693,false,עוגת הבית שמרים בריוש שוקולד אסם 360 גרם,מיוצר עי קונדיטוריית,IL,עוגת בריוש,גרמים,360.00,100 גרם,false,0,13.90,3.86,true,1,
7290000076133,false,בייגלה שמיניות קטנות עם מלח אסם 400 גרם,"אסם השקעות בע""\מ",IL,בייגלה שמיניות,גרמים,400.00,100 גרם,false,0,8.90,2.23,true,1,
7290000076645,false,טוסטעים פת קלויה חיטה מלאה אסם 100 גרם,ון דר מולן האלום,NL,טוסטעיםחיטה מלאה,גרמים,100.00,100 גרם,false,0,7.90,7.90,true,1,
7290000077017,false,עוגיות קרמוגית במילוי קרם שוקולד אסם 200 גרם,מיוצר עי קונדיטוריית,IL,קרמוגית שוקולד,גרמים,200.00,100 גרם,false,0,8.90,4.45,true,1,
7290000077253,false,אוסם - לחמית כפרית עם דגנים מלאים 190 גרם,"אסם השקעות בע""\מ",IL,לחמית כפרית,גרמים,190.00,100 גרם,false,0,7.90,4.16,true,1,
7290000078212,false,קרוטונים מתובלים למרק אסם 250 גרם,עינת תעשיות מזון אגו,IL,קרוטונים מתובל,גרמים,250.00,100 גרם,false,0,11.90,4.76,true,1,
7290000080765,false,טוסטעים פת קלויה עם שומשום אסם 100 גרם,ון דר מולן האלום,NL,טוסטעים +שומשו,גרמים,100.00,100 גרם,false,0,7.90,7.90,true,1,
7290000081663,false,"בייגלה טבעות שומשום אסם 300 גרם בד""ץ",מיוצר עי קונדיטוריית,IL,בייגלה טבעות,גרמים,300.00,100 גרם,false,0,8.90,2.97,true,1,
=======
7290000060088,false,בייגלה מקלות עם מלח אסם (400 גרם),קבוצת אוסם סחר שותפות מוגבלת,IL,בייגלה מקלות,גרמים,400.00,100 גרם,false,0,8.90,2.23,true,1,
7290000060200,false,פסטה אסם פתיתים אפויים קוסקוס 500גר,קבוצת אוסם סחר שותפות מוגבלת,IL,פתיתים אפויים,גרמים,500.00,100 גרם,false,0,5.90,1.18,true,1,
7290000060217,false,פסטה מקרוני מספר 7 אסם (500 גרם),קבוצת אוסם סחר שותפות מוגבלת,IT,פסטה מקרוני 7,גרמים,500.00,100 גרם,false,0,4.90,0.98,true,1,
7290000060248,false,פסטה אסם פתיתים תלתלים 500 גר',קבוצת אוסם סחר שותפות מוגבלת,IT,פסטה תלתלים,גרמים,500.00,100 גרם,false,0,4.90,0.98,true,1,
7290000060316,false,פרפקטו ספגטי מס' 8 אסם 500 גרם,קבוצת אוסם סחר שותפות מוגבלת,IT,ספגטי פרפקטו,גרמים,500.00,100 גרם,false,0,6.90,1.38,true,1,
7290000060408,false,פסטה אסם פתיתים אפויים טבעות 500 גר,קבוצת אוסם סחר שותפות מוגבלת,IL,פתיתים טבעות,גרמים,500.00,100 גרם,false,0,5.90,1.18,true,1,
7290000060491,false,פסטה קיפרי ריגאטי פרפקטו 500 ג' אסם,קריות זול,IT,פסטה קיפרי ריגטי,גרמים,500.00,100 גרם,false,0,6.90,1.38,true,1,
7290000060576,false,פתיתים אפויים כוכבים אסם (500 גרם),קבוצת אוסם סחר שותפות מוגבלת,IL,פתיתים אפויים,גרמים,500.00,100 גרם,false,0,5.90,1.18,true,1,
7290000060828,false,פסטה קרניים בינוניות אסם (500 גרם),קבוצת אוסם סחר שותפות מוגבלת,IT,פסטה קרניים,גרמים,500.00,100 גרם,false,0,4.90,0.98,true,1,
7290000060842,false,פסטה אסם פתיתים צדפים גדולים 500גר,קבוצת אוסם סחר שותפות מוגבלת,IT,פסטה צדפים אסם,גרמים,500.00,100 גרם,false,0,4.90,0.98,true,1,
7290000060880,false,פסטה ספגטי מספר 8 אסם 500 גרם,קבוצת אוסם סחר שותפות מוגבלת,IT,ספגטי מס' 8,גרמים,500.00,100 גרם,false,0,4.90,0.98,true,1,
7290000060903,false,פסטה אסם פתיתים אפויים אורז 500גר,קבוצת אוסם סחר שותפות מוגבלת,IL,פתיתים אפויים,גרמים,500.00,100 גרם,false,0,5.90,1.18,true,1,
7290000060958,false,אטריות מובחרות בינוניות אסם (400 גרם),קבוצת אוסם סחר שותפות מוגבלת,IL,אטריות בינוניות,גרמים,400.00,100 גרם,false,0,4.90,1.23,true,1,
7290000060965,false,פסטה אסם אטריות רחבות 400גר,קבוצת אוסם סחר שותפות מוגבלת,IL,אטריות רחבות,גרמים,400.00,100 גרם,false,0,4.90,1.23,true,1,
7290000061061,false,קרקר חיטה עם בצל אסם,קבוצת אוסם סחר שותפות מוגבלת,IL,קרקר בטעם בצל,גרמים,250.00,100 גרם,false,0,7.90,3.16,true,1,
7290000061108,false,"רוטב טריאקי 290 מ""ל-בקבוק",קבוצת אוסם סחר שותפות מוגבלת,IL,רוטב טריאקי,מיליליטרים,290.00,"100 מ""ל",false,0,7.90,2.72,true,1,
7290000061245,false,עוגיות שוקוצ'יפס במילוי שוקולד אסם 220 גרם,קבוצת אוסם סחר-שות.מוגבלת,IL,עוגיות ש.צ'יפס,גרמים,220.00,100 גרם,false,0,8.90,4.05,true,1,
7290000062952,false,אוסם - מיני קרוטונים למרק ולסלט 250 גרם,קבוצת אוסם סחר שותפות מוגבלת,IL,מיני קרוטונים,גרמים,250.00,100 גרם,false,0,11.90,4.76,true,1,
7290000063133,false,אסם שקדי מרק רכיבים טבעיים 24*100גרם,קבוצת אוסם סחר שותפות מוגבלת,IL,שקדי מרק אסם,גרמים,100.00,100 גרם,false,0,3.90,3.90,true,1,
7290000063140,false,שקדי מרק רכיבים טבעיים בשקית 400 ג' אסם,קבוצת אוסם סחר שותפות מוגבלת,IL,שקדי מרק אסם,גרמים,400.00,100 גרם,false,0,9.90,2.48,true,1,
7290000063157,false,"קמח עוגה תופח מאליו אסם 1 ק""ג",קבוצת אוסם סחר שותפות מוגבלת,IL,קמח תופח מאליו,קילוגרמים,1.00,"ק""ג",false,0,7.90,7.90,true,1,
7290000064758,false,קוסקוס בינוני אמיתי אסם 350 ג',קבוצת אוסם סחר שותפות מוגבלת,IL,קוסקוס בינוני,גרמים,350.00,100 גרם,false,0,5.90,1.69,true,1,
7290000064871,false,"אוסם - מנה חמה פירה תפו""א עם בצל 56 גרם",קבוצת אוסם סחר שותפות מוגבלת,IL,מנה חמה פירה,גרמים,56.00,100 גרם,false,0,4.90,8.75,true,1,
7290000065335,false,אוסם - מנה חמה פירה עם ירקות 55 גרם,קבוצת אוסם סחר שותפות מוגבלת,IL,מנה חמה פירה,גרמים,55.00,100 גרם,false,0,4.90,8.91,true,1,
7290000065557,false,אוסם - מנה חמה קוסקוס עם ירקות 84 גרם,קבוצת אוסם סחר שותפות מוגבלת,IL,מנה חמה קוסקוס,גרמים,84.00,100 גרם,false,0,4.90,5.83,true,1,
7290000065977,false,חטיפי פריכונים תירס שומשום אסם 80 גרם,קבוצת אוסם סחר שותפות מוגבלת,IL,פריכונים תירס,גרמים,80.00,100 גרם,false,0,5.90,7.38,true,1,
7290000066141,false,ביסלי חטיף בטעם גריל אסם (70 גרם),קבוצת אוסם סחר שותפות מוגבלת,IL,ביסלי גריל,גרמים,70.00,100 גרם,false,0,3.90,5.57,true,1,
7290000066172,false,ביסלי חטיף בטעם פיצה אסם (70 גרם),קבוצת אוסם סחר-שות.מוגבלת,IL,ביסלי פיצה,גרמים,70.00,100 גרם,false,0,3.90,5.57,true,1,
7290000066196,false,ביסלי חטיף בטעם גריל אסם (200 גרם),קבוצת אוסם סחר שותפות מוגבלת,IL,ביסלי גריל,גרמים,200.00,100 גרם,false,0,6.90,3.45,true,1,
7290000066226,false,ביסלי חטיף בטעם פיצה אסם (200 גרם),קבוצת אוסם סחר שותפות מוגבלת,IL,ביסלי בטעם פיצה,גרמים,200.00,100 גרם,false,0,6.90,3.45,true,1,
7290000066295,false,במבה מתוקה מחומרים טבעיים 30 גרם,קבוצת אוסם סחר שותפות מוגבלת,IL,במבה מתוקה,גרמים,30.00,100 גרם,false,0,1.90,6.33,true,1,
7290000066318,false,במבה חטיף בוטנים אסם 80 גרם,קבוצת אוסם סחר שותפות מוגבלת,IL,במבה,גרמים,80.00,100 גרם,false,0,3.90,4.88,true,1,
7290000066332,false,אפרופו חטיף תירס אסם (50 גרם),קבוצת אוסם סחר שותפות מוגבלת,IL,חטיף אפרופו,גרמים,50.00,100 גרם,false,0,3.90,7.80,true,1,
7290000066349,false,אפרופו חטיף תירס אסם (100 גרם),קבוצת אוסם סחר-שות.מוגבלת,IL,אפרופו חטיף תירס,גרמים,100.00,100 גרם,false,0,6.90,6.90,true,1,
7290000066431,false,פופקו חטיף פופקורן בטעם חמאה ודבש אסם 80 גרם,קבוצת אוסם סחר שותפות מוגבלת,IL,חטיף פופקו,גרמים,80.00,100 גרם,false,0,3.90,4.88,true,1,
7290000067599,false,מנה חמה ספגטי ברוטב בולונז אסם 65 גרם,קבוצת אוסם סחר שותפות מוגבלת,IL,מנה חמה בולונז,גרמים,65.00,100 גרם,false,0,4.90,7.54,true,1,
7290000068138,false,אינסטנט פודינג בטעם וניל אסם 80 גרם,קבוצת אוסם סחר שותפות מוגבלת,IL,אינסטנט פודינג,גרמים,80.00,100 גרם,false,0,4.90,6.13,true,1,
7290000068190,false,אסם ג'לי תות שדה צבעים טבעיים 90 גרם,קבוצת אוסם סחר שותפות מוגבלת,IL,ג'לי בטעם תות,גרמים,90.00,100 גרם,false,0,4.90,5.44,true,1,
7290000068237,false,אבקה להכנת ג`לי בטעם פטל אסם (85 גרם),קבוצת אוסם סחר שותפות מוגבלת,IL,ג'לי בטעם פטל,גרמים,85.00,100 גרם,false,0,4.90,5.76,true,1,
7290000068251,false,אבקה להכנת ג'לי בטעם אננס אסם 85 גרם,קבוצת אוסם סחר שותפות מוגבלת,IL,ג'לי בטעם אננס,גרמים,85.00,100 גרם,false,0,4.90,5.76,true,1,
7290000068343,false,אסם פריכונים פרוסות קלויות מלא,קבוצת אוסם סחר שותפות מוגבלת,IL,פריכונים מאורז,גרמים,140.00,100 גרם,false,0,5.90,4.21,true,1,
7290000068701,false,אסם שקדי מרק רכיבים טבע.מיכל 400 גרם,קבוצת אוסם סחר שותפות מוגבלת,IL,שקדי מרק במיכל,גרמים,400.00,100 גרם,false,0,13.90,3.48,true,1,
7290000068770,false,במבה יום הולדת חטיף בוטנים אסם 80 גרם,קבוצת אוסם סחר שותפות מוגבלת,IL,במבה יום הולדת,גרמים,80.00,100 גרם,false,0,3.90,4.88,true,1,
7290000069258,false,פסטה פרפקטו פנה ריגאטה 500 ג' אסם,קבוצת אוסם סחר-שות.מוגבלת,IT,פנה ריגאטה,גרמים,500.00,100 גרם,false,0,6.90,1.38,true,1,
7290000070308,false,אבקת מרק עוף אמיתי בשרי אסם 400 גרם,קבוצת אוסם סחר שותפות מוגבלת,IL,מרק עוף אמיתי,גרמים,400.00,100 גרם,false,0,16.90,4.23,true,1,
7290000070322,false,אבקת מרק פטריות רכיבים טבעיים אסם 400 גרם,קבוצת אוסם סחר שותפות מוגבלת,IL,מרק פטריות אסם,גרמים,400.00,100 גרם,false,0,17.90,4.48,true,1,
7290000070353,false,אבקת מרק בצל רכיבים טבעיים אסם 400 גרם,קבוצת אוסם סחר שותפות מוגבלת,IL,מרק בצל אסם,גרמים,400.00,100 גרם,false,0,17.90,4.48,true,1,
7290000072241,false,"רוטב פיצה 290 מ""ל-בקבוק",קבוצת אוסם סחר שותפות מוגבלת,IL,רוטב לפיצה אסם,מיליליטרים,290.00,"100 מ""ל",false,0,7.90,2.72,true,1,
7290000072623,false,קטשופ אסם בקבוק לחיץ 750 גרם,קבוצת אוסם סחר שותפות מוגבלת,IL,קטשופ בקבוק לחיץ,גרמים,750.00,100 גרם,false,0,8.90,1.19,true,1,
7290000072753,false,קפה נמס מגורען טסטרס צ'ויס 200 גרם-,קבוצת אוסם סחר שותפות מוגבלת,KR,קפה טסטרס צ'ויס,גרמים,200.00,100 גרם,false,0,29.90,14.95,true,1,
7290000072777,false,קפה נמס מגורען נטול קפאין טסטרס צ'ויס 200 גרם,קבוצת אוסם סחר שותפות מוגבלת,KR,קפה טסטרס צויס,גרמים,200.00,100 גרם,false,0,35.90,17.95,true,1,
7290000072784,false,קפה טייסטר צויס נטול קופאין 100 גר',קבוצת אוסם סחר שותפות מוגבלת,KR,קפה טסטרס צויס,גרמים,100.00,100 גרם,false,0,25.90,25.90,true,1,
7290000073125,false,מנה חמה פסטה ברוטב עגבניות אסם (62 גרם),קבוצת אוסם סחר שותפות מוגבלת,IL,מנה חמה פסטה,גרמים,62.00,100 גרם,false,0,4.90,7.90,true,1,
7290000073415,false,אוסם - מנה חמה פסטה ברוטב פיצה 61 גרם,קבוצת אוסם סחר שותפות מוגבלת,IL,מנה חמה פסטה,גרמים,61.00,100 גרם,false,0,4.90,8.03,true,1,
7290000073699,false,סלט חומוס צבר 150 גרם,קבוצת אוסם סחר שותפות מוגבלת,IL,סלט חומוס צבר,גרמים,150.00,100 גרם,false,0,3.90,2.60,true,1,
7290000073750,false,מנה חמה נודלס אטר+ירקות טעם עוף 70 גרם,קבוצת אוסם סחר שותפות מוגבלת,TH,מנה חמה נודלס,גרמים,70.00,100 גרם,false,0,4.90,7.00,true,1,
7290000073767,false,מנה חמה נודלס אטר.+ירקות טעם בקר 70 גרם,קבוצת אוסם סחר שותפות מוגבלת,TH,מנה חמה נודלס,גרמים,70.00,100 גרם,false,0,4.90,7.00,true,1,
7290000074184,false,ביסקוויט פתי בר אסם (500 גרם),קבוצת אוסם סחר שותפות מוגבלת,IL,ביסקוויט פתי בר,גרמים,500.00,100 גרם,false,0,8.90,1.78,true,1,
7290000074245,false,אוסם - קרם קרקר אסם 250 גרם,קבוצת אוסם סחר שותפות מוגבלת,IL,קרם קרקר אסם,גרמים,250.00,100 גרם,false,0,6.90,2.76,true,1,
7290000074276,false,קרקר פיקנטי טבעון 250 ג' אסם,קבוצת אוסם סחר שותפות מוגבלת,IL,קרקר פיקנטי אסם,גרמים,250.00,100 גרם,false,0,7.90,3.16,true,1,
7290000074375,false,אוסם - קרקר זהב 150 גרם,קבוצת אוסם סחר שותפות מוגבלת,IL,קרקר זהב אסם,גרמים,150.00,100 גרם,false,0,4.90,3.27,true,1,
7290000075204,false,קרקר לחמית חיטה מלאה אסם (250 גרם),קבוצת אוסם סחר שותפות מוגבלת,IL,לחמית חיטה מלאה,גרמים,250.00,100 גרם,false,0,6.90,2.76,true,1,
7290000075693,false,עוגת הבית שמרים בריוש שוקולד אסם 360 גרם,קבוצת אסם סחר שות. מוגבלת,IL,עוגת בריוש,גרמים,360.00,100 גרם,false,0,13.90,3.86,true,1,
7290000076133,false,בייגלה שמיניות קטנות עם מלח אסם 400 גרם,קבוצת אוסם סחר שותפות מוגבלת,IL,בייגלה שמיניות,גרמים,400.00,100 גרם,false,0,8.90,2.23,true,1,
7290000076645,false,טוסטעים פת קלויה חיטה מלאה אסם 100 גרם,קבוצת אסם סחר שות. מוגבלת,NL,טוסטעיםחיטה מלאה,גרמים,100.00,100 גרם,false,0,7.90,7.90,true,1,
7290000077017,false,עוגיות קרמוגית במילוי קרם שוקולד אסם 200 גרם,קבוצת אוסם סחר שותפות מוגבלת,IL,קרמוגית שוקולד,גרמים,200.00,100 גרם,false,0,8.90,4.45,true,1,
7290000077253,false,אוסם - לחמית כפרית עם דגנים מלאים 190 גרם,קבוצת אסם סחר שות. מוגבלת,IL,לחמית כפרית,גרמים,190.00,100 גרם,false,0,7.90,4.16,true,1,
7290000078212,false,קרוטונים מתובלים למרק אסם (250 גרם),קבוצת אוסם סחר שותפות מוגבלת,IL,קרוטונים מתובל,גרמים,250.00,100 גרם,false,0,11.90,4.76,true,1,
7290000080765,false,פת קלויה טוסטעים עם שומשום אסם (100 גרם),קבוצת אוסם סחר שותפות מוגבלת,NL,טוסטעים +שומשו,גרמים,100.00,100 גרם,false,0,7.90,7.90,true,1,
7290000081663,false,"בייגלה טבעות שומשום אסם 300 גרם בד""ץ",קבוצת אוסם סחר שותפות מוגבלת,IL,בייגלה טבעות,גרמים,300.00,100 גרם,false,0,8.90,2.97,true,1,
>>>>>>> d048ac2f4f281c9d788043ab4e81b61b0dbe3743
7290000090139,true,מבצע עוף טרי 25ש,,IL,מבצע עוף טרי 25ש,קילוגרמים,0.00,"ק""ג",true,0,25.00,25.00,true,1,
7290000091709,true,בצל יבש ** חול**,,IL,בצל יבש ** חול**,גרמים,0.00,"ק""ג",true,1,5.90,5.90,true,1,
7290000092010,true,מבצע גרונות/עצמות בלדי ל,,IL,מבצע עצמות/גרונו,גרמים,0.00,"ק""ג",true,1,3.90,3.90,true,1,
7290000093208,true,חלה תבנית רגילה,,IL,חלה תבנית רגילה,יחידה,1.00,יחידה,false,1,11.90,11.90,true,1,
7290000094113,true,עוגיות מיוחדות,,IL,עוגיות מיוחדות,גרמים,0.00,"ק""ג",true,1,29.00,29.00,true,1,
7290000094588,true,פקאן חלבה לפי משקל,,IL,פקאן חלבה,גרמים,0.00,"ק""ג",true,1,98.00,98.00,true,1,
7290000096056,true,שסק במשקל,,IL,שסק במשקל,גרמים,0.00,"ק""ג",true,1,19.90,19.90,true,1,
7290000096483,true,דלעת יפנית לפי משקל,,IL,דלעת יפנית,גרמים,0.00,"ק""ג",true,1,14.90,14.90,true,1,
7290000096490,true,דלעת אקזוטית לפי משקל,,IL,דלעת אקזוטית,גרמים,0.00,"ק""ג",true,1,14.90,14.90,true,1,
7290000096636,true,שזיף אדום לפי משקל,,IL,שזיף אדום לפי מש,גרמים,0.00,"ק""ג",true,1,19.90,19.90,true,1,
7290000097022,true,תיק אופנה,,IL,תיק אופנה,יחידה,1.00,יחידה,false,1,59.90,59.90,true,1,
7290000097831,true,מלון בוכרי/אקזוטי,,IL,מלון בוכרי/אקזוט,גרמים,0.00,"ק""ג",true,1,9.90,9.90,true,1,
7290000097893,true,שזיף שגיב,,IL,שזיף שגיב,קילוגרמים,0.00,"ק""ג",true,1,14.90,14.90,true,1,
7290000097909,true,לחמניה קשר המוציא,,IL,לחמניה קשר המוצי,יחידה,1.00,יחידה,false,1,1.50,1.50,true,1,
7290000098784,true,אגס יבוא,,IL,אגס יבוא,גרמים,0.00,"ק""ג",true,1,13.90,13.90,true,1,
7290000099859,true,שוקולד נפוליטנים לפי משק,,IL,שוקולד נפוליטנים,גרמים,0.00,"ק""ג",true,1,49.00,49.00,true,1,
7290000099903,true,"פלפל **חו""ל**אדום",,IL,"פלפל **חו""ל**אדו",גרמים,0.00,"ק""ג",true,1,16.90,16.90,true,1,
7290000103525,false,גזר גמדי -שמיטה 700 גרם סנפרוסט,"סנפרוסט בע""\מ",IL,גזר גמדי,גרמים,700.00,100 גרם,false,0,11.90,1.70,true,1,
7290000103532,false,"סנפרוסט גרעיני תירס בד""ץ 700גר","סנפרוסט בע""\מ",IL,גרעיני תירס,גרמים,700.00,100 גרם,false,0,11.90,1.70,true,1,
7290000103556,false,גרגירי חומוס מבושל סנפרוסט 700ג' בדצ,"סנפרוסט בע""\מ",IL,גרגירי חומוס,גרמים,700.00,100 גרם,false,0,11.90,1.70,true,1,
<<<<<<< HEAD
7290000104218,false,סנפרוסט במיה 600 גרם,"איי, בי, אינבוו",IL,במיה מוקפאת,גרמים,600.00,100 גרם,false,0,12.90,2.15,true,1,
7290000104713,false,פול ירוק סנפרוסט 800 גרם,"איי, בי, אינבוו",IL,פול ירוק מוקפא,גרמים,800.00,100 גרם,false,0,16.90,2.11,true,1,
7290000104799,false,שעועית לבנה מבושלת סנפרוסט 800 גרם,"איי, בי, אינבוו",IL,שעועית לבנה,גרמים,800.00,100 גרם,false,0,14.90,1.86,true,1,
7290000107189,false,תחתיות ארטישוק סנפרוסט 400 גרם,"איי, בי, אינבוו",IL,תחתיות ארטישוק,גרמים,400.00,100 גרם,false,0,13.90,3.48,true,1,
7290000111186,false,"מיונז אמיתי תלמה 500 גרם בד""צ",יוניליוור ישראל מזון בע\,IL,מיונז אמיתי תלמה,גרמים,500.00,100 גרם,false,0,9.90,1.98,true,1,
7290000111384,false,חרדל אמיתי בצנצנת 550 ג' תלמה,יוניליוור ישראל מזו,IL,חרדל אמיתי תלמה,גרמים,550.00,100 גרם,false,0,7.90,1.44,true,1,
7290000112220,false,טחינה גולמית שומשום טהור בארכה 500 גרם,"רושדי תעשיות מזון בע""\מ",IL,טחינה גולמית,גרמים,500.00,100 גרם,false,0,9.90,1.98,true,1,
7290000116204,false,"אבקת מרק דגש בטעם עוף 1ק""ג קנור",יוניליוור ישראל מזון בע\,IL,מרק דגש טעם עוף,קילוגרמים,1.00,"ק""ג",false,0,12.90,12.90,true,1,
7290000116884,false,"רוטב ברביקיו קנור 300 גרם בד""צ",יוניליוור ישראל מזון בע\,IL,רוטב ברביקיו,גרמים,350.00,100 גרם,false,0,9.90,2.83,true,1,
7290000120836,false,"מיונז אמיתי 394 גרם ""הלמנס""",קונפקו אינק' די.בי.א,CA,מיונז אמיתי הלמנ,גרמים,394.00,100 גרם,false,0,9.90,2.51,true,1,
7290000120874,false,מיונז הלמנס לייט מופחת קלוריות 424ג,"יונילוור ארה""ב - HPC",US,ממרח הלמנס,גרמים,424.00,100 גרם,false,0,9.90,2.33,true,1,
7290000121109,false,גבינה מותכת לייט עם זיתים 7% מון בלאן 120 גרם,האי נאם סי או אל.טי.,IL,גבינת מון בלאן,גרמים,120.00,100 גרם,false,0,9.90,8.25,true,1,
7290000122687,false,סירופ שוקולד אפיכל 600גר,יוניליוור ישראל מזון בע\,IL,סירופ שוקולד,גרמים,600.00,100 גרם,false,0,11.90,1.98,true,1,
7290000122830,false,"רוטב מקסיקני סצ'ואן קנור 300 מ""ל",יוניליוור ישראל מזון בע\,IL,רוטב סצ'ואן סיני,גרמים,370.00,100 גרם,false,0,9.90,2.68,true,1,
7290000123123,false,טונה בודד מבחר,,,טונה בודד מבחר,יחידה,1.00,יחידה,false,0,4.50,4.50,true,1,
7290000129457,false,אבקת רוטב פטריות קנור 28 ג' שקית,יוניליוור ישראל מזון בע\,IL,רוטב פטריות,גרמים,28.00,100 גרם,false,0,3.90,13.93,true,1,
=======
7290000104218,false,סנפרוסט במיה 600 גרם,תנובה מרכז שיתופי לשיווק תוצרת,IL,במיה מוקפאת,גרמים,600.00,100 גרם,false,0,12.90,2.15,true,1,
7290000104713,false,פול ירוק קפוא סנפורסט 800 גרם,תנובה מרכז שיתופי לשיווק תוצרת,IL,פול ירוק מוקפא,גרמים,800.00,100 גרם,false,0,16.90,2.11,true,1,
7290000104799,false,שעועית לבנה מבושלת סנפרוסט (800 גרם),תנובה מרכז שיתופי לשיווק תוצרת,IL,שעועית לבנה,גרמים,800.00,100 גרם,false,0,14.90,1.86,true,1,
7290000107189,false,תחתיות ארטישוק סנפרוסט (400 גרם),תנובה מרכז שיתופי לשיווק תוצרת,IL,תחתיות ארטישוק,גרמים,400.00,100 גרם,false,0,13.90,3.48,true,1,
7290000111186,false,"מיונז אמיתי תלמה 500 גרם בד""צ","יוניליוור ישראל שיווק בע""מ",IL,מיונז אמיתי תלמה,גרמים,500.00,100 גרם,false,0,9.90,1.98,true,1,
7290000111384,false,חרדל אמיתי בצנצנת 550 ג' תלמה,יוניליוור ישראל שיווק בע`מ,IL,חרדל אמיתי תלמה,גרמים,550.00,100 גרם,false,0,7.90,1.44,true,1,
7290000112220,false,טחינה גולמית שומשום טהור בארכה 500 גרם,קבוצת אוסם סחר שותפות מוגבלת,IL,טחינה גולמית,גרמים,500.00,100 גרם,false,0,9.90,1.98,true,1,
7290000116204,false,"אבקת מרק דגש בטעם עוף 1ק""ג קנור","יוניליוור ישראל שיווק בע""מ",IL,מרק דגש טעם עוף,קילוגרמים,1.00,"ק""ג",false,0,12.90,12.90,true,1,
7290000116884,false,"רוטב ברביקיו קנור 300 גרם בד""צ",יוניליוור ישראל שיווק בע`מ,IL,רוטב ברביקיו,גרמים,350.00,100 גרם,false,0,9.90,2.83,true,1,
7290000120836,false,מיונז אמיתי הלמנס (394 גרם),"יוניליוור ישראל שיווק בע""מ",CA,מיונז אמיתי הלמנ,גרמים,394.00,100 גרם,false,0,9.90,2.51,true,1,
7290000120874,false,מיונז הלמנס לייט מופחת קלוריות 424ג,"יוניליוור ישראלשיווק בע""מ",US,ממרח הלמנס,גרמים,424.00,100 גרם,false,0,9.90,2.33,true,1,
7290000121109,false,גבינה מותכת לייט עם זיתים 7% מון בלאן 120 גרם,נטו מילנדה סחר בעמ*,IL,גבינת מון בלאן,גרמים,120.00,100 גרם,false,0,9.90,8.25,true,1,
7290000122687,false,סירופ שוקולד אפיכל 600גר,יוניליוור ישראל מזון בע\,IL,סירופ שוקולד,גרמים,600.00,100 גרם,false,0,11.90,1.98,true,1,
7290000122830,false,"רוטב מקסיקני סצ'ואן קנור 300 מ""ל",יוניליוור ישראל שיווק בע`מ,IL,רוטב סצ'ואן סיני,גרמים,370.00,100 גרם,false,0,9.90,2.68,true,1,
7290000123123,false,טונה בודד מבחר,,,טונה בודד מבחר,יחידה,1.00,יחידה,false,0,4.50,4.50,true,1,
7290000129457,false,אבקת רוטב פטריות קנור 28 ג' שקית,יוניליוור ישראל שיווק בע`מ,IL,רוטב פטריות,גרמים,28.00,100 גרם,false,0,3.90,13.93,true,1,
>>>>>>> d048ac2f4f281c9d788043ab4e81b61b0dbe3743
7290000131009,false,דפי בצק פילו דקיקים שחף 500 גרם,מאפיית אריאל,IL,דפי בצק פילו,גרמים,500.00,100 גרם,false,0,12.90,2.58,true,1,
7290000131122,false,"בצק עלים צרפתי שחף 1.5 ק""ג",מאפיית אריאל בעמ,IL,"בצק עלים 1.5 ק""ג",קילוגרמים,1.50,"ק""ג",false,0,13.90,9.27,true,1,
7290000133645,false,שלישיית משחת שיניים סודה אורביטול 145 גרם,טרופיקל דגיל תעשיות קוסמ,IL,משחת שיניים 3 יח,גרמים,435.00,100 גרם,false,0,16.50,3.79,true,1,
7290000133904,false,"מטהר אוויר דואופרש פסיפלורה תפוז סנו 300 מ""ל",החברה הדרומית לשיווק בעמ,IL,סנו דואו פרש,מיליליטרים,300.00,"100 מ""ל",false,0,9.90,3.30,true,1,
7290000135342,false,"מי סודה טמפו בקבוק 500 מ""ל","טמפו משקאות בע""\מ",IL,"טמפו סודה 500 מ""",מיליליטרים,500.00,"100 מ""ל",false,1,1.90,0.38,true,1,
7290000135595,false,פפסי מקס בטעם דובדבן 1.5 ללא סוכר,"טמפו משקאות בע""\מ",IL,פפסי מקס דובדבן,ליטרים,1.50,ליטר,false,1,6.90,4.60,true,1,
7290000136141,false,פפסי קולה 1.5 ליטר פיקדון,"טמפו משקאות בע""\מ",IL,פפסי קולה,ליטרים,1.50,ליטר,false,0,6.90,4.60,true,1,
7290000136158,false,פפסי מקס משקה מוגז דל קלוריות בטעם קולה,"טמפו משקאות בע""\מ",IL,פפסי מקס,ליטרים,1.50,ליטר,false,0,6.90,4.60,true,1,
<<<<<<< HEAD
7290000136165,false,טמפו מירינדה 1.5 ליטר,"טמפו משקאות בע""\מ",IL,מירינדה תפוזי,ליטרים,1.50,ליטר,false,0,6.90,4.60,true,1,
7290000136172,false,סבן אפ בקבוק 1.5 ליט,"טמפו משקאות בע""\מ",IL,סבן אפ,ליטרים,1.50,ליטר,false,0,6.90,4.60,true,1,
7290000136189,false,סבן אף דיאט 1.5 ליטר בודד,"טמפו משקאות בע""\ם.",IL,דיאט סבן אפ,ליטרים,1.50,ליטר,false,0,6.90,4.60,true,1,
=======
7290000136165,false,מירינדה אורנג` 1.5 ליטר פיקדון,"טמפו משקאות בע""\מ",IL,מירינדה תפוזי,ליטרים,1.50,ליטר,false,0,6.90,4.60,true,1,
7290000136172,false,משקה 7UP בקבוק 1.5 ליטר פיקדון,"טמפו משקאות בע""\מ",IL,סבן אפ,ליטרים,1.50,ליטר,false,0,6.90,4.60,true,1,
7290000136189,false,משקה דיאט 7UP בקבוק 1.5 ליטר פיקדון,"טמפו משקאות בע""\ם.",IL,דיאט סבן אפ,ליטרים,1.50,ליטר,false,0,6.90,4.60,true,1,
>>>>>>> d048ac2f4f281c9d788043ab4e81b61b0dbe3743
7290000136240,false,סודה 1.5 ליטר שישייה בודד,"טמפו משקאות בע""\מ",IL,מי סודה טמפו,ליטרים,1.50,ליטר,false,0,2.20,1.47,true,1,
7290000136264,false,מי טוניק גזוז 1.5 ל' טמפו,"טמפו משקאות בע""\מ",IL,מי טוניק,ליטרים,1.50,ליטר,false,0,7.90,5.27,true,1,
7290000136431,false,משקה בטעם אפרסק צלול תריסר 1.5 ל' ג'אמפ,"טמפו משקאות בע""\מ",IL,ג'אמפ אפרסק,ליטרים,1.50,ליטר,false,0,6.90,4.60,true,1,
7290000136455,false,משקה בטעם אשכוליות תריסר 1.5 ל' ג'אמפ,"טמפו משקאות בע""\ם.",IL,ג'אמפ אשכוליו,ליטרים,1.50,ליטר,false,0,6.90,4.60,true,1,
7290000136486,false,ג'אמפ משקה קל דיאט אשכוליות 1.5 ליטר,"טמפו משקאות בע""\ם.",IL,ג'אמפ דיאט,ליטרים,1.50,ליטר,false,0,6.90,4.60,true,1,
7290000136516,false,משקה בטעם מנגו פסיפלורה תריסר 1.5 ל' ג'אמפ,טמפו משקאות בע`מ,IL,ג'אמפ מנגו,ליטרים,1.50,ליטר,false,0,6.90,4.60,true,1,
7290000136523,false,ג`אמפ משקה קל ענבים 1.5 ליטר פיקדון,"טמפו משקאות בע""\ם.",IL,ג'אמפ ענבים,ליטרים,1.50,ליטר,false,0,6.90,4.60,true,1,
7290000136561,false,משקה בטעם תות בננה תריסר 1.5 ל' ג'אמפ,"טמפו משקאות בע""\מ",IL,ג'אמפ תות בננ,ליטרים,1.50,ליטר,false,0,6.90,4.60,true,1,
7290000136585,false,משקה בטעם תפוזים תריסר 1.5 ל' ג'אמפ,"טמפו משקאות בע""\ם.",IL,ג'אמפ תפוזים,ליטרים,1.50,ליטר,false,0,6.90,4.60,true,1,
7290000136608,false,משקה בטעם תפוח צלול תריסר 1.5 ל' ג'אמפ,"טמפו משקאות בע""\ם.",IL,ג'אמפ תפוחים,ליטרים,1.50,ליטר,false,0,6.90,4.60,true,1,
7290000136646,false,בירה שחורה נשר מאלט בקבוק 1.5 ליטר,"טמפו משקאות בע""\מ",IL,נשר מאלט,ליטרים,1.50,ליטר,false,0,8.50,5.67,true,1,
7290000136653,false,בירה שחורה נשר מאלט דיאט בקבוק 1.5ל`,"טמפו משקאות בע""\מ",IL,נשר מאלט דיאט,ליטרים,1.50,ליטר,false,0,8.50,5.67,true,1,
7290000136691,false,סבן אפ 1.5 ליטר שישיה טמפו,טמפו משקאות בע`מ,IL,סבן אפ 1.5*6ל,ליטרים,9.00,ליטר,false,0,36.90,4.10,true,1,
7290000136752,false,סבן אפ דיאט מארז שישייה 1.5 ל' FREE,"טמפו משקאות בע""\מ",IL,סבן אפ דיאט1.5*6,ליטרים,9.00,ליטר,false,0,35.90,3.99,true,1,
7290000136769,false,מארז שישיה בטעם קולה 1.5 ל' פפסי,"טמפו משקאות בע""\מ",IL,פפסי קולה 1.5*6ל,ליטרים,9.00,ליטר,false,0,35.90,3.99,true,1,
7290000136776,false,שישיית פפסי מקס דל קלוריות 1.5 ליטר,טמפו משקאות בע`מ,IL,פפסי מקס1.5*6ל,ליטרים,9.00,ליטר,false,0,35.90,3.99,true,1,
7290000136783,false,מירנדה 1.5 ליטר שישייה טמפו,"טמפו משקאות בע""\מ",IL,מירינדה 1.5*6ל,ליטרים,9.00,ליטר,false,0,36.90,4.10,true,1,
7290000136790,false,טמפו מי סודה 6*1.5 ליטר פיקדון,"טמפו משקאות בע""\מ",IL,סודה טמפו1.5*6ל,ליטרים,9.00,ליטר,false,0,12.90,1.43,true,1,
7290000136806,false,סודה בטעם לימון ליים 1.5 רביעייה רביעייה,טמפו משקאות בע`מ,IL,סודה למון1.5*4ל,ליטרים,6.00,ליטר,false,0,10.90,1.82,true,1,
7290000136813,false,סודה בטעם אננס מארז רביעייה 1.5 ל' טמפו,טמפו משקאות בע''מn\,IL,סודה ט.אננס1.5*4,ליטרים,6.00,ליטר,false,0,10.90,1.82,true,1,
7290000136844,false,מארז מים מזוככים אקווה נובה שישיית 2 ליטר,"טמפו משקאות בע""\מ",IL,אקווה נובה2*6ל,ליטרים,12.00,ליטר,false,0,8.90,0.74,true,1,
7290000139265,false,מולטי דגנים מלאים עם דבש 420-500 גרם,אשבול,IL,טבעות דבש420גר,גרמים,420.00,100 גרם,false,0,8.90,2.12,true,1,
7290000139272,false,חטיף מולטי פירות אשבול 500 גרם,אשבול,IL,מולטי פירות420גר,גרמים,420.00,100 גרם,false,1,8.90,2.12,true,1,
7290000139289,false,חטיף מולטי שוקולד אשבול 500 גרם,אשבול בעמ,IL,כדורי שוקולד420ג,גרמים,420.00,100 גרם,false,0,8.90,2.12,true,1,
7290000139296,false,אשבול דגני בוקר מולטי כוכבים 420-500גר,אשבול,IL,מולטי כוכבים420ג,גרמים,420.00,100 גרם,false,0,8.90,2.12,true,1,
7290000139302,false,שאשא חטיף בוטנים במבה אשבול מארז 10X25 גר',,IL,שאשא בוטנים25*10,יחידה,1.00,יחידה,false,1,9.90,9.90,true,1,
7290000139395,false,שאשא תות רגיל 15יח15Xגרם,,IL,שאשא תות רגיל,גרמים,225.00,100 גרם,false,0,7.90,3.51,true,1,
<<<<<<< HEAD
7290000139715,false,דגני בוקר קרמים נוגט אשבול 550 גרם,אשבול,IL,קרמים בטעם נוגט,גרמים,550.00,100 גרם,false,1,9.90,1.80,true,1,
7290000139753,false,דגני בוקר קרמים שוקולד אשבול 550 גרם,,IL,קרמים בטעם שוקול,גרמים,474.00,100 גרם,false,1,9.90,2.09,true,1,
7290000139777,false,קרמים במילוי קרם וניל עוגיות 474 גרם,,IL,קרמים בטעם וניל,גרמים,474.00,100 גרם,false,1,9.90,2.09,true,1,
=======
7290000139715,false,דגני בוקר קרמים נוגט אשבול 550 גרם,אשבול בעמ,IL,קרמים בטעם נוגט,גרמים,550.00,100 גרם,false,1,9.90,1.80,true,1,
7290000139753,false,דגני בוקר קרמים שוקולד אשבול 550 גרם,אשבול בעמ,IL,קרמים בטעם שוקול,גרמים,474.00,100 גרם,false,1,9.90,2.09,true,1,
7290000139777,false,קרמים במילוי קרם וניל עוגיות 474 גרם,אשבול בעמ,IL,קרמים בטעם וניל,גרמים,474.00,100 גרם,false,1,9.90,2.09,true,1,
>>>>>>> d048ac2f4f281c9d788043ab4e81b61b0dbe3743
7290000143279,false,"הוואי שמפו לשיער נגד קשקשים 700 מ""ל",שוורצקוף& הנקל דיסלד,IL,שמפו הוואי,מיליליטרים,700.00,"100 מ""ל",false,0,7.90,1.13,true,1,
7290000144160,false,"שמן זית כתית מעולה ארומתי עץ הזית 750 מ""ל","מרקאולאו, ספרד.אבסה,",IT,שמן זית,מיליליטרים,750.00,"100 מ""ל",false,0,29.90,3.99,true,1,
7290000146645,false,הוואי - סבון מוצק שחור מסתורי 100 גרם רביעייה,טרופיקל דגיל קוסמטיק,IL,סבון הוואי 4 יח,גרמים,400.00,100 גרם,false,0,8.90,2.23,true,1,
7290000146669,false,הוואי - סבון מוצק שמיים כחולים 100 גרם רביעייה,טרופיקל דגיל קוסמטיק,IL,סבון הוואי 4 יח,גרמים,400.00,100 גרם,false,0,8.90,2.23,true,1,
7290000146683,false,הוואי - סבון מוצק אפקט דאודורנט 100 גרם רביעייה,טרופיקל דגיל קוסמטיק,PL,סבון הוואי 4 יח,גרמים,400.00,100 גרם,false,0,8.90,2.23,true,1,
<<<<<<< HEAD
7290000149615,false,רביעיית סבון מוצק קלאסי לתינוק נקה 7 4*100 גרם,גליל כימיקלים בעממשו,IL,נקה 7 סבון 4 יח,גרמים,400.00,100 גרם,false,0,8.90,2.23,true,1,
7290000149851,false,סבון לניקוי והסרת כתמים סינטבון 460 גרם,יבואן ומשווק: ש. שסט,IL,סינטבון נקה כפול,גרמים,460.00,100 גרם,false,0,9.90,2.15,true,1,
7290000149905,false,טקסטיל נוזל לכביסה עדינה נקה 1 ליטר,מיוצר עי קונדיטוריית,IL,נוזל כביס טקסטיל,ליטרים,1.00,ליטר,false,0,9.90,9.90,true,1,
7290000161358,false,תלמה מיונז אמיתי משמן קנולה 500 גרם,יוניליוור ישראל מזון בע\,IL,מיונז אמיתי תלמה,גרמים,500.00,100 גרם,false,0,9.90,1.98,true,1,
7290000168173,false,"ברנפלקס קרנצ'ים תלמה בד""ץ 375 גרם",יוניליור ישראל מזון,IL,ברנפלקס קרנצ'ים,גרמים,375.00,100 גרם,false,0,19.90,5.31,true,1,
7290000169538,false,"נמס בכוס עגבניות וקרוטונים מרק כשרות בד""ץ 62 ג' קנור",יוניליוור ישראל מזון בע\,IL,נמס בכוס,גרמים,62.00,100 גרם,false,0,4.90,7.90,true,1,
7290000169798,false,"עוגי מופחת סוכר 20% פצפוצי שוקו' 500ג' בד""צ",יוניליוור ישראל מזון בע\,IL,עוגי מופחת סוכר,גרמים,500.00,100 גרם,false,0,15.90,3.18,true,1,
7290000174723,false,שוקולית אבקה להכנת משקה שוקו 500 גרם,הנסיך- מפעל לייצור ט,IL,שוקולית,גרמים,500.00,100 גרם,false,0,11.90,2.38,true,1,
7290000176062,false,קפה טורקי בשקית 100 ג' עלית,שטראוס קפה בי.ויn\.,IL,קפה טורקי בצלופן,גרמים,100.00,100 גרם,false,0,7.90,7.90,true,1,
7290000176079,false,קפה עלית טורקי עם הל 100 גרם,הנסיך- מפעל לייצור ט,IL,קפה טורקי עם הל,גרמים,100.00,100 גרם,false,0,8.90,8.90,true,1,
7290000176413,false,קפה נמס אבקתי 50 ג' עלית,הנסיך- מפעל לייצור ט,IL,קפה נמס,גרמים,50.00,100 גרם,false,0,7.90,15.80,true,1,
7290000176420,false,קפה נמס פחית עלית 200 גרם,שטראוס קפה בי.וי,IL,קפה נמס,גרמים,200.00,100 גרם,false,0,19.90,9.95,true,1,
7290000176475,false,האג קפה נמס נטול קפאין עלית 200 גרם,שטראוס גרופ,VN,קפה נמס האג,גרמים,200.00,100 גרם,false,0,35.90,17.95,true,1,
7290000178707,false,תפוצ'יפס בטעם טבעי 50 גרם,"שטראוס פריטו ליי בע""\מ )",IL,חטיף תפוצ'יפס,גרמים,50.00,100 גרם,false,0,2.90,5.80,true,1,
7290000178721,false,תפוצ'יפס בטעם טבעי 200 גרם,"שטראוס פריטו ליי בע""\מ )",IL,תפוצי'פס טבעי,גרמים,200.00,100 גרם,false,0,8.90,4.45,true,1,
7290000187860,false,מגבוני טואלט לחים לילי דיספנסר 40יח',עלבד משואות יצחק בעמ,IL,נייר טואלט לח,יחידה,1.00,יחידה,false,0,6.90,6.90,true,1,
7290000187938,false,לילי - נייר טואולט נייר טואלט פסטל 32 יח',לילי נייר טואלט חוגלה,IL,נייר טואלט פסטל,מטרים,588.00,100 מטר,false,0,31.90,5.43,true,1,
7290000188553,false,קוטקס מגן תחתון יאנג ביג 60 יחידות,קימברלי קלארק,CN,מגן תחתון קוטקס,יחידה,1.00,יחידה,false,0,14.90,14.90,true,1,
7290000188591,false,קוטקס מגן תחתון יאנג ביג 60 יחידות,קימברלי קלארק,CN,מגן תחתון קוטקס,יחידה,1.00,יחידה,false,0,14.90,14.90,true,1,
7290000189192,false,סופר מטלית מטליות נייר רב פעמיות ניקול 64 יחידות,קימברלי קולומביה,CO,מטליות נייר,מטרים,18.00,מטר,false,0,12.90,0.72,true,1,
7290000189598,false,מטליות לחות חד פעמיות לניקוי כללי 50 יח' ניקול,עלבד משואות יצחק בעמ,IL,מטליות ניקול,יחידה,1.00,יחידה,false,0,7.90,7.90,true,1,
7290000189659,false,מטליות לחות לרצפה ניקול 10 יח'-מרכז,עלבד משואות יצחק בעמ,IL,מטליות רצפה לחות,יחידה,1.00,יחידה,false,0,7.90,7.90,true,1,
7290000190198,false,מטליות לחות לניקוי וחיטוי 99.9% ניקול 50 יחידה,עלבד משואות יצחק בעמ,IL,מטליות ניקוי,יחידה,1.00,יחידה,false,0,7.90,7.90,true,1,
7290000190853,false,לילי פיור נייר טואלט דו שכבתי לבן 30 גלילים,לילי נייר טואלט חוגלה,IL,נייר טואלט לילי,מטרים,537.00,100 מטר,false,0,31.90,5.94,true,1,
7290000191225,false,חיתולים ליטל בייביז מידה 2 האגיס 46 יחידות,קימברלי קלארק שיווק,IL,האגיס ליטל בייבי,יחידה,1.00,יחידה,false,1,29.90,29.90,true,1,
7290000191539,false,חמישיית ממחטות טישו צבועני לילי 100 יחידות,חוגלה קימברלי,IL,מגבוני לילי 90*5,יחידה,1.00,יחידה,false,0,11.90,11.90,true,1,
7290000191546,false,ממחטות טישו צבעוני 2 שכבות לילי מארז 100X3יח',חוגלה קימברלי,IL,לילי צבעוני90*3,יחידה,1.00,יחידה,false,0,7.90,7.90,true,1,
7290000191645,false,"חיתולים האגיס ליטל בייביס ניו בורן שלב 1 עד 4 ק""ג",קימברלי קלארק ארהב,US,חיתולי האגיס,יחידה,1.00,יחידה,false,0,29.90,29.90,true,1,
7290000191652,false,שלישיית ממחטות אולטרה סופט קלינקס 90 יחידות,חוגלה קימברלי,IL,קלינקס מעוצב 3יח,יחידה,1.00,יחידה,false,0,7.90,7.90,true,1,
7290000193014,false,מגן תחתון פדיות אינטרלוד לילי 50 יחידות,חוגלה קימברלי,CZ,לילי פדים,יחידה,1.00,יחידה,false,0,7.90,7.90,true,1,
7290000193083,false,נובה-לי תחבושות היגייניות לילי 28 יחידות,חוגלה קימברלי,CZ,תחבושות נובה לי,יחידה,1.00,יחידה,false,0,6.90,6.90,true,1,
7290000193205,false,תחבושות עם כנפיים ללילה נטורל לילי 20 יחידות,חוגלה קימברלי,BE,תחבושות לילי,יחידה,1.00,יחידה,false,0,12.90,12.90,true,1,
7290000193472,false,מגן תחתון נטורל נורמל לילי 60 יחידות,חוגלה קימברלי,ES,פדיות לילי,יחידה,1.00,יחידה,false,0,11.90,11.90,true,1,
7290000193540,false,מגן תחתון לונג נטורל לילי 52 יחידות,חוגלה קימברלי,ES,פדיות לילי,יחידה,1.00,יחידה,false,0,11.90,11.90,true,1,
7290000193618,false,לילי אינטימייט מגן תחתון נורמל 24 יח',חוגלה קימברלי,ES,פדיות לילי נטורל,יחידה,1.00,יחידה,false,0,11.90,11.90,true,1,
7290000193649,false,תחבושות עם כנפיים נורמל פלוס לילי 24 יחידות,חוגלה קימברלי,ES,תחבושות לילי,יחידה,1.00,יחידה,false,0,12.90,12.90,true,1,
7290000193656,false,תחבושות עם כנפיים סופר פלוס לילי 24 יחידות,חוגלה קימברלי,ES,תחבושות לילי,יחידה,1.00,יחידה,false,0,12.90,12.90,true,1,
7290000193793,false,לילי תחבושות אינטימי נורמל אולט' 24 יח',חוגלה קימברלי,ES,תחבושות לילי,יחידה,1.00,יחידה,false,0,12.90,12.90,true,1,
7290000193960,false,תח.לילי סופר פלוס 24*2יח,חוגלה קימברלי,ES,תחבושות לילי זוג,יחידה,1.00,יחידה,false,0,16.90,16.90,true,1,
7290000194288,false,משטח החתלה האגיס 10 יחידות,חוגלה קימברלי,BE,משטח החתלה האגיס,יחידה,1.00,יחידה,false,0,16.90,16.90,true,1,
7290000195537,false,האגיס - מגבוני האגיס דיילי קר לא מבושם 64 יח' * 4,חוגלה קימברלי,IL,מגבונים האגיס 4י,יחידה,1.00,יחידה,false,0,17.90,17.90,true,1,
7290000195773,false,האגיס - מגבוני האגיס סנסטיב קר לא מבושם 64 יח' * 4,חוגלה קימברלי,IL,מגבונים האגיס 4י,יחידה,1.00,יחידה,false,0,17.90,17.90,true,1,
7290000197425,false,חיתולים פרידום דריי שלב 3 האגיס 52 יחידות,קימברלי קלארק ישראל,IL,חיתולי האגיס,יחידה,1.00,יחידה,false,0,41.90,41.90,true,1,
7290000197432,false,שקיות אוכל סנדביצ'ון ניקול מארז 150X2יח',"אשפלסט תעשיות בע""מ",IL,סנדוויצ'ון זוג,יחידה,1.00,יחידה,false,0,9.90,9.90,true,1,
7290000197456,false,חיתולים פרידום דריי שלב 4 האגיס 44 יחידות,קימברלי קלארק ישראל,IL,חיתולי האגיס,יחידה,1.00,יחידה,false,0,41.90,41.90,true,1,
7290000197463,false,חיתולים פרידום דריי שלב +4 האגיס 40 יחידות,קימברלי קלארק ישראל,IL,חיתולי האגיס,יחידה,1.00,יחידה,false,0,41.90,41.90,true,1,
7290000197548,false,חיתולים פרידום דריי שלב 5 האגיס 36 יחידות,קימברלי קלארק ישראל,IL,חיתולי האגיס,יחידה,1.00,יחידה,false,0,41.90,41.90,true,1,
7290000197678,false,חיתולי האגיס פרידום דריי שלב 6 30 יחידות,קימברלי קלארק ישראל,IL,חיתולי האגיס,יחידה,1.00,יחידה,false,0,41.90,41.90,true,1,
7290000199313,false,תחבושות עם כנפיים נורמל פלוס קוטקס 30 יחידות,חוגלה קימברלי,CZ,קוטקס תחבושות,יחידה,1.00,יחידה,false,0,15.90,15.90,true,1,
7290000201818,false,טיטולים פרימיום שלב 2 64 יחידות,חוגלה קימברלי,IL,טיטולים פרימיום,יחידה,1.00,יחידה,false,1,29.90,29.90,true,1,
7290000201832,false,טיטולים פרימיום שלב 3 50 יחידות,חוגלה קימברלי,IL,טיטולים פרימיום,יחידה,1.00,יחידה,false,1,29.90,29.90,true,1,
7290000201849,false,טיטולים פרימיום שלב 4 42 יח' (8-14),חוגלה קימברלי,IL,טיטולים פרימיום,יחידה,1.00,יחידה,false,1,29.90,29.90,true,1,
7290000201856,false,טיטולים פרימיום שלב4+ 38 יחידות .,חוגלה קימברלי,IL,טיטולים פרימיום,יחידה,1.00,יחידה,false,1,29.90,29.90,true,1,
7290000201863,false,טיטולים פרימיום שלב 5 34 יחידות,חוגלה קימברלי,IL,טיטולים פרימיום,יחידה,1.00,יחידה,false,1,29.90,29.90,true,1,
7290000201870,false,טיטולים פרימיום שלב 6 30 יחידות,חוגלה קימברלי,IL,טיטולים פרימיום,יחידה,1.00,יחידה,false,1,29.90,29.90,true,1,
7290000204512,false,מטליות לחות לניקוי רצפה בריח לימון ניקול 10 יחידות,עלבד משואות יצחק בעמ,IL,מטליות רצפה לחות,יחידה,1.00,יחידה,false,1,7.90,7.90,true,1,
7290000205762,false,חיתולי האגיס אקסטרה קר מידה 3 48 יחידות,חוגלה קימברלי,CZ,חיתולי האגיס,יחידה,1.00,יחידה,false,1,46.90,46.90,true,1,
7290000211169,false,"אורז תאילנדי אחד אחד סוגת 1 ק""ג",האי נאם סי או אל.טי.,IL,אורז תאילנדי,קילוגרמים,1.00,"ק""ג",false,0,4.90,4.90,true,1,
7290000211312,false,סוגת אורז מלא פרסי אחד אחד 1 קג,האי נאם סי או אל.טי.,IL,אורז מלא ארוך,קילוגרמים,1.00,"ק""ג",false,0,7.90,7.90,true,1,
7290000211442,false,"סוגת אורז פרסי קלאסי שקית 1 ק""ג",האי נאם סי או אל.טי.,IL,אורז פרסי קלאסי,קילוגרמים,1.00,"ק""ג",false,0,6.90,6.90,true,1,
7290000211985,false,"סוגת אורז עגול ריזוטו 1 ק""ג","סוגת תעשיות בע""\מ",IL,אורז עגול סוגת,קילוגרמים,1.00,"ק""ג",false,0,9.90,9.90,true,1,
7290000212579,false,וופלים מצופים מנעמים 800 גרם מארז 40 יחידות,מנעמים,IL,ופלים מצופים,גרמים,800.00,100 גרם,false,0,14.90,1.86,true,1,
7290000238173,false,בורקס גבינה מעדנות 800 גרם,מיוצר עי קונדיטוריית,IL,בורקס גבינה קפוא,גרמים,800.00,100 גרם,false,0,16.90,2.11,true,1,
7290000238180,false,בורקס תפוחי אדמה מעדנות 800 גרם,מיוצר עי קונדיטוריית,IL,"בורקס תפו""א קפוא",גרמים,800.00,100 גרם,false,0,15.90,1.99,true,1,
7290000244761,false,"קרם ידיים ולווטה 100 מ""ל",טרופיקל דגיל קוסמטיק,IL,קרם ידיים ולווטה,מיליליטרים,100.00,"100 מ""ל",false,0,8.90,8.90,true,1,
7290000245508,false,"אב.כביסה סוד פרפקט 1.25ק""ג-שקית כחולה","הנקל סוד בע""\מ",IL,אבקת כביסה סוד,קילוגרמים,1.25,"ק""ג",false,0,9.90,7.92,true,1,
7290000262239,false,נייר טואלט מולט 48 גלילים,קימברלי-קלארק,IL,נייר טואלט מולט,מטרים,843.00,100 מטר,false,0,29.90,3.55,true,1,
7290000263359,false,חיתולים ליטל בייביז מידה 1 האגיס 40 יחידות,קימברלי קלארק שיווק,IL,חיתולי האגיס,יחידה,1.00,יחידה,false,0,29.90,29.90,true,1,
7290000267500,false,קליפות הדר מצופות שוקולד מריר שקדיה 200 גרם,"דין שיווק וקלייה בע""",IL,קליפות הדר בשוק,גרמים,200.00,100 גרם,false,0,10.90,5.45,true,1,
7290000272696,false,עסיס מיץ לימון טבעי משומר 1 ל' אסם,בית-השיטה עסיס תעשיות מז,IL,מיץ לימון משומר,ליטרים,1.00,ליטר,false,0,8.90,8.90,true,1,
7290000272726,false,חומץ רכיבים רכיבים טבעיים 5% עסיס 1 ליטר,בית-השיטה עסיס תעשיות מז,IL,חומץ 5%,ליטרים,1.00,ליטר,false,0,5.90,5.90,true,1,
7290000286297,false,"אנטי קאלק מסיר אבנית מקומקום סנו 700 מ""ל",סנו מפעלי ברונוס בעמ,IL,סנו מסיר אבן,מיליליטרים,700.00,"100 מ""ל",false,0,7.90,1.13,true,1,
7290000286594,false,אבקה לניקוי במיכל לימון X סנו 600 גרם,סנו מפעלי ברונוס בעמ,IL,סנוX- קרם לניק,גרמים,600.00,100 גרם,false,0,8.90,1.48,true,1,
7290000286921,false,"ספריי להסרת כתמים סנו קל 750 מ""ל",סנו מפעלי ברונוס בעמ,IL,סנוקל רסס וכבס,מיליליטרים,750.00,"100 מ""ל",false,0,10.90,1.45,true,1,
7290000286945,false,"נוזל+אקדח לניקוי רהיט ""סנו""","סנו מפעלי ברונוס בע""\מ",IL,סנו רהיט מרסס,מיליליטרים,500.00,"100 מ""ל",false,0,19.90,3.98,true,1,
7290000287102,false,"ספריי שמפו לניקוי שטיחים סנו 600 מ""ל",מיוצר עי קונדיטוריית,IL,סנו שמפו לשטיחים,גרמים,540.00,100 גרם,false,0,19.90,3.69,true,1,
7290000287195,false,"סנו רהיט ספריי עשיר בווקס להברקה 305 מ""ל",מיוצר עי קונדיטוריית,IL,סנו רהיט מרסס,מיליליטרים,305.00,"100 מ""ל",false,0,13.50,4.43,true,1,
=======
7290000149615,false,רביעיית סבון מוצק קלאסי לתינוק נקה 7 4*100 גרם,החברה הדרומית לשיווק בעמ,IL,נקה 7 סבון 4 יח,גרמים,400.00,100 גרם,false,0,8.90,2.23,true,1,
7290000149851,false,סבון לניקוי והסרת כתמים סינטבון 460 גרם,החברה הדרומית לשיווק בעמ,IL,סינטבון נקה כפול,גרמים,460.00,100 גרם,false,0,9.90,2.15,true,1,
7290000149905,false,טקסטיל שמפו נוזלי לאריגים עדינים1ליט,החברה הדרומית לשיווק בעמ,IL,נוזל כביס טקסטיל,ליטרים,1.00,ליטר,false,0,9.90,9.90,true,1,
7290000161358,false,מיונז אמיתי משמן קנולה תלמה (500 גרם),"יוניליוור ישראל שיווק בע""מ",IL,מיונז אמיתי תלמה,גרמים,500.00,100 גרם,false,0,9.90,1.98,true,1,
7290000168173,false,"ברנפלקס קרנצ'ים תלמה בד""ץ 375 גרם",יוניליוור ישראל שיווק בעמ,IL,ברנפלקס קרנצ'ים,גרמים,375.00,100 גרם,false,0,19.90,5.31,true,1,
7290000169538,false,"נמס בכוס עגבניות וקרוטונים מרק כשרות בד""ץ 62 ג' קנור",יוניליוור ישראל שיווק בע`מ,IL,נמס בכוס,גרמים,62.00,100 גרם,false,0,4.90,7.90,true,1,
7290000169798,false,"עוגי מופחת סוכר 20% פצפוצי שוקו' 500ג' בד""צ",יוניליוור ישראל שיווק בע`מ,IL,עוגי מופחת סוכר,גרמים,500.00,100 גרם,false,0,15.90,3.18,true,1,
7290000174723,false,שוקולית אבקה להכנת משקה שוקו 500 גרם,הנסיך- מפעל לייצור ט,IL,שוקולית,גרמים,500.00,100 גרם,false,0,11.90,2.38,true,1,
7290000176062,false,קפה טורקי בשקית 100 ג' עלית,שטראוס קפה בי.ויn\.,IL,קפה טורקי בצלופן,גרמים,100.00,100 גרם,false,0,7.90,7.90,true,1,
7290000176079,false,קפה טורקי עם הל עלית (100 גרם),הנסיך- מפעל לייצור ט,IL,קפה טורקי עם הל,גרמים,100.00,100 גרם,false,0,8.90,8.90,true,1,
7290000176413,false,קפה נמס עלית פחית 50 גרם,הנסיך- מפעל לייצור ט,IL,קפה נמס,גרמים,50.00,100 גרם,false,0,7.90,15.80,true,1,
7290000176420,false,קפה נמס פחית עלית 200 גרם,פיקסל אם.גי.אם בעמ,IL,קפה נמס,גרמים,200.00,100 גרם,false,0,19.90,9.95,true,1,
7290000176475,false,קפה נמס נטול קפאין האג עלית (200 גרם),שטראוס גרופ בע`מ,VN,קפה נמס האג,גרמים,200.00,100 גרם,false,0,35.90,17.95,true,1,
7290000178707,false,חטיף צ`יפס בטעם טבעי תפוצ`יפס (50 גרם),"שטראוס פריטו ליי בע""\מ )",IL,חטיף תפוצ'יפס,גרמים,50.00,100 גרם,false,0,2.90,5.80,true,1,
7290000178721,false,חטיף צ`יפס בטעם טבעי תפוצ`יפס (200 גרם),"שטראוס פריטו ליי בע""\מ )",IL,תפוצי'פס טבעי,גרמים,200.00,100 גרם,false,0,8.90,4.45,true,1,
7290000187860,false,מגבוני טואלט לחים לילי דיספנסר 40יח',קימברלי קלארק ישראל שיווק בעמ,IL,נייר טואלט לח,יחידה,1.00,יחידה,false,0,6.90,6.90,true,1,
7290000187938,false,לילי - נייר טואולט נייר טואלט פסטל 32 יח',קימברלי קלארק ישראל שיווק בעמ,IL,נייר טואלט פסטל,מטרים,588.00,100 מטר,false,0,31.90,5.43,true,1,
7290000188553,false,קוטקס מגן תחתון יאנג ביג 60 יחידות,קימברלי קלארק ישראל שיווק בעמ,CN,מגן תחתון קוטקס,יחידה,1.00,יחידה,false,0,14.90,14.90,true,1,
7290000188591,false,קוטקס מגן תחתון יאנג ביג 60 יחידות,קימברלי קלארק ישראל שיווק בעמ,CN,מגן תחתון קוטקס,יחידה,1.00,יחידה,false,0,14.90,14.90,true,1,
7290000189192,false,סופר מטלית מטליות נייר רב פעמיות ניקול 64 יחידות,קימברלי קלארק ישראל שיווק בעמ,CO,מטליות נייר,מטרים,18.00,מטר,false,0,12.90,0.72,true,1,
7290000189598,false,מטליות לחות חד פעמיות לניקוי כללי 50 יח' ניקול,קימברלי קלארק ישראל שיווק בעמ,IL,מטליות ניקול,יחידה,1.00,יחידה,false,0,7.90,7.90,true,1,
7290000189659,false,מטליות לחות לרצפה ניקול 10 יח'-מרכז,קימברלי קלארק ישראל שיווק בעמ,IL,מטליות רצפה לחות,יחידה,1.00,יחידה,false,0,7.90,7.90,true,1,
7290000190198,false,מטליות לחות לניקוי וחיטוי 99.9% ניקול 50 יחידה,קימברלי קלארק ישראל שיווק בעמ,IL,מטליות ניקוי,יחידה,1.00,יחידה,false,0,7.90,7.90,true,1,
7290000190853,false,לילי פיור נייר טואלט דו שכבתי לבן 30 גלילים,קימברלי קלארק ישראל שיווק בעמ,IL,נייר טואלט לילי,מטרים,537.00,100 מטר,false,0,31.90,5.94,true,1,
7290000191225,false,חיתולים ליטל בייביז מידה 2 האגיס 46 יחידות,קימברלי קלארק ישראל שיווק בעמ,IL,האגיס ליטל בייבי,יחידה,1.00,יחידה,false,1,29.90,29.90,true,1,
7290000191539,false,חמישיית ממחטות טישו צבועני לילי 100 יחידות,קימברלי קלארק ישראל שיווק בעמ,IL,מגבוני לילי 90*5,יחידה,1.00,יחידה,false,0,11.90,11.90,true,1,
7290000191546,false,ממחטות טישו צבעוני 2 שכבות לילי מארז 100X3יח',קימברלי קלארק ישראל שיווק בעמ,IL,לילי צבעוני90*3,יחידה,1.00,יחידה,false,0,7.90,7.90,true,1,
7290000191645,false,"חיתולים האגיס ליטל בייביס ניו בורן שלב 1 עד 4 ק""ג",קימברלי קלארק ישראל שיווק בעמ,US,חיתולי האגיס,יחידה,1.00,יחידה,false,0,29.90,29.90,true,1,
7290000191652,false,שלישיית ממחטות אולטרה סופט קלינקס 90 יחידות,קימברלי קלארק ישראל שיווק בעמ,IL,קלינקס מעוצב 3יח,יחידה,1.00,יחידה,false,0,7.90,7.90,true,1,
7290000193014,false,מגן תחתון פדיות אינטרלוד לילי 50 יחידות,קימברלי קלארק ישראל שיווק בעמ,CZ,לילי פדים,יחידה,1.00,יחידה,false,0,7.90,7.90,true,1,
7290000193083,false,נובה-לי תחבושות היגייניות לילי 28 יחידות,קימברלי קלארק ישראל שיווק בעמ,CZ,תחבושות נובה לי,יחידה,1.00,יחידה,false,0,6.90,6.90,true,1,
7290000193205,false,תחבושות עם כנפיים ללילה נטורל לילי 20 יחידות,קימברלי קלארק ישראל שיווק בעמ,BE,תחבושות לילי,יחידה,1.00,יחידה,false,0,12.90,12.90,true,1,
7290000193472,false,מגן תחתון נטורל נורמל לילי 60 יחידות,קימברלי קלארק ישראל שיווק בעמ,ES,פדיות לילי,יחידה,1.00,יחידה,false,0,11.90,11.90,true,1,
7290000193540,false,מגן תחתון לונג נטורל לילי 52 יחידות,קימברלי קלארק ישראל שיווק בעמ,ES,פדיות לילי,יחידה,1.00,יחידה,false,0,11.90,11.90,true,1,
7290000193618,false,לילי אינטימייט מגן תחתון נורמל 24 יח',קימברלי קלארק ישראל שיווק בעמ,ES,פדיות לילי נטורל,יחידה,1.00,יחידה,false,0,11.90,11.90,true,1,
7290000193649,false,תחבושות עם כנפיים נורמל פלוס לילי 24 יחידות,קימברלי קלארק ישראל שיווק בעמ,ES,תחבושות לילי,יחידה,1.00,יחידה,false,0,12.90,12.90,true,1,
7290000193656,false,תחבושות עם כנפיים סופר פלוס לילי 24 יחידות,קימברלי קלארק ישראל שיווק בעמ,ES,תחבושות לילי,יחידה,1.00,יחידה,false,0,12.90,12.90,true,1,
7290000193793,false,לילי תחבושות אינטימי נורמל אולט' 24 יח',קימברלי קלארק ישראל שיווק בעמ,ES,תחבושות לילי,יחידה,1.00,יחידה,false,0,12.90,12.90,true,1,
7290000193960,false,תח.לילי סופר פלוס 24*2יח,חוגלה קימברלי,ES,תחבושות לילי זוג,יחידה,1.00,יחידה,false,0,16.90,16.90,true,1,
7290000194288,false,האגיס משטחי החתלה חד פעמיים 10יח`,קימברלי קלארק ישראל שיווק בעמ,BE,משטח החתלה האגיס,יחידה,1.00,יחידה,false,0,16.90,16.90,true,1,
7290000195537,false,האגיס - מגבוני האגיס דיילי קר לא מבושם 64 יח' * 4,קימברלי קלארק ישראל שיווק בעמ,IL,מגבונים האגיס 4י,יחידה,1.00,יחידה,false,0,17.90,17.90,true,1,
7290000195773,false,האגיס - מגבוני האגיס סנסטיב קר לא מבושם 64 יח' * 4,קימברלי קלארק ישראל שיווק בעמ,IL,מגבונים האגיס 4י,יחידה,1.00,יחידה,false,0,17.90,17.90,true,1,
7290000197425,false,חיתולים פרידום דריי שלב 3 האגיס 52 יחידות,קימברלי קלארק ישראל שיווק בעמ,IL,חיתולי האגיס,יחידה,1.00,יחידה,false,0,41.90,41.90,true,1,
7290000197432,false,שקיות אוכל סנדביצ'ון ניקול מארז 150X2יח',קימברלי קלארק ישראל שיווק בעמ,IL,סנדוויצ'ון זוג,יחידה,1.00,יחידה,false,0,9.90,9.90,true,1,
7290000197456,false,חיתולים פרידום דריי שלב 4 האגיס 44 יחידות,קימברלי קלארק ישראל שיווק בעמ,IL,חיתולי האגיס,יחידה,1.00,יחידה,false,0,41.90,41.90,true,1,
7290000197463,false,חיתולים פרידום דריי שלב +4 האגיס 40 יחידות,קימברלי קלארק ישראל שיווק בעמ,IL,חיתולי האגיס,יחידה,1.00,יחידה,false,0,41.90,41.90,true,1,
7290000197548,false,חיתולים פרידום דריי שלב 5 האגיס 36 יחידות,קימברלי קלארק ישראל שיווק בעמ,IL,חיתולי האגיס,יחידה,1.00,יחידה,false,0,41.90,41.90,true,1,
7290000197678,false,חיתולי האגיס פרידום דריי שלב 6 30 יחידות,קימברלי קלארק ישראל שיווק בעמ,IL,חיתולי האגיס,יחידה,1.00,יחידה,false,0,41.90,41.90,true,1,
7290000199313,false,תחבושות עם כנפיים נורמל פלוס קוטקס 30 יחידות,קימברלי קלארק ישראל שיווק בעמ,CZ,קוטקס תחבושות,יחידה,1.00,יחידה,false,0,15.90,15.90,true,1,
7290000201818,false,טיטולים פרימיום שלב 2 64 יחידות,קימברלי קלארק ישראל שיווק בעמ,IL,טיטולים פרימיום,יחידה,1.00,יחידה,false,1,29.90,29.90,true,1,
7290000201832,false,חיתולי פרימיום שלב 3 טיטולים) (50,קימברלי קלארק ישראל שיווק בעמ,IL,טיטולים פרימיום,יחידה,1.00,יחידה,false,1,29.90,29.90,true,1,
7290000201849,false,חיתולי פרימיום שלב 4 טיטולים) (40,קימברלי קלארק ישראל שיווק בעמ,IL,טיטולים פרימיום,יחידה,1.00,יחידה,false,1,29.90,29.90,true,1,
7290000201856,false,חיתולי פרימיום שלב 4+ טיטולים) (38,קימברלי קלארק ישראל שיווק בעמ,IL,טיטולים פרימיום,יחידה,1.00,יחידה,false,1,29.90,29.90,true,1,
7290000201863,false,חיתולי פרימיום שלב 5 טיטולים) (34,קימברלי קלארק ישראל שיווק בעמ,IL,טיטולים פרימיום,יחידה,1.00,יחידה,false,1,29.90,29.90,true,1,
7290000201870,false,חיתולי פרימיום שלב 6 טיטולים) (30,קימברלי קלארק ישראל שיווק בעמ,IL,טיטולים פרימיום,יחידה,1.00,יחידה,false,1,29.90,29.90,true,1,
7290000204512,false,מטליות לחות לניקוי רצפה בריח לימון ניקול 10 יחידות,קימברלי קלארק ישראל שיווק בעמ,IL,מטליות רצפה לחות,יחידה,1.00,יחידה,false,1,7.90,7.90,true,1,
7290000205762,false,חיתולי האגיס אקסטרה קר מידה 3 48 יחידות,קימברלי קלארק ישראל שיווק בעמ,CZ,חיתולי האגיס,יחידה,1.00,יחידה,false,1,46.90,46.90,true,1,
7290000211169,false,"אורז תאילנדי אחד אחד סוגת 1 ק""ג",האי נאם סי או אל.טי.,IL,אורז תאילנדי,קילוגרמים,1.00,"ק""ג",false,0,4.90,4.90,true,1,
7290000211312,false,סוגת אורז מלא פרסי אחד אחד 1 קג,האי נאם סי או אל.טי.,IL,אורז מלא ארוך,קילוגרמים,1.00,"ק""ג",false,0,7.90,7.90,true,1,
7290000211442,false,אורז בסגנון פרסי קלאסי סוגת (1 קג),האי נאם סי או אל.טי.,IL,אורז פרסי קלאסי,קילוגרמים,1.00,"ק""ג",false,0,6.90,6.90,true,1,
7290000211985,false,אורז עגול ריזוטו אחד אחד 1 קג,"סוגת תעשיות בע""\מ",IL,אורז עגול סוגת,קילוגרמים,1.00,"ק""ג",false,0,9.90,9.90,true,1,
7290000212579,false,וופלים מצופים מנעמים 800 גרם מארז 40 יחידות,ח.כהן סוכנות מזון ומשקאות בע,IL,ופלים מצופים,גרמים,800.00,100 גרם,false,0,14.90,1.86,true,1,
7290000238173,false,.בורקס במילוי גבינה 800 גרם מעדנות,מיוצר עי קונדיטוריית,IL,בורקס גבינה קפוא,גרמים,800.00,100 גרם,false,0,16.90,2.11,true,1,
7290000238180,false,בורקס במילוי תפוא 800 גרם מעדנות,מיוצר עי קונדיטוריית,IL,"בורקס תפו""א קפוא",גרמים,800.00,100 גרם,false,0,15.90,1.99,true,1,
7290000244761,false,קרם ידיים ולוטה (80 גרם),טרופיקל דגיל קוסמטיק,IL,קרם ידיים ולווטה,מיליליטרים,100.00,"100 מ""ל",false,0,8.90,8.90,true,1,
7290000245508,false,"אב.כביסה סוד פרפקט 1.25ק""ג-שקית כחולה",גורי שיווק בעמ,IL,אבקת כביסה סוד,קילוגרמים,1.25,"ק""ג",false,0,9.90,7.92,true,1,
7290000262239,false,נייר טואלט מולט 48 גלילים,קימברלי קלארק ישראל שיווק בעמ,IL,נייר טואלט מולט,מטרים,843.00,100 מטר,false,0,29.90,3.55,true,1,
7290000263359,false,חיתולים ליטל בייביז מידה 1 האגיס 40 יחידות,קימברלי קלארק ישראל שיווק בעמ,IL,חיתולי האגיס,יחידה,1.00,יחידה,false,0,29.90,29.90,true,1,
7290000267500,false,קליפות הדר מצופות שוקולד מריר שקדיה 200 גרם,"דין שיווק וקלייה בע""",IL,קליפות הדר בשוק,גרמים,200.00,100 גרם,false,0,10.90,5.45,true,1,
7290000272696,false,מיץ לימון טבעי משומר 1 ליטר עסיס כלפ,קבוצת אוסם סחר שותפות מוגבלת,IL,מיץ לימון משומר,ליטרים,1.00,ליטר,false,0,8.90,8.90,true,1,
7290000272726,false,חומץ רכיבים רכיבים טבעיים 5% עסיס 1 ליטר,קבוצת אוסם סחר שותפות מוגבלת,IL,חומץ 5%,ליטרים,1.00,ליטר,false,0,5.90,5.90,true,1,
7290000286297,false,"אנטי קאלק מסיר אבנית מקומקום סנו 700 מ""ל",החברה הדרומית לשיווק בעמ,IL,סנו מסיר אבן,מיליליטרים,700.00,"100 מ""ל",false,0,7.90,1.13,true,1,
7290000286594,false,אבקה לניקוי במיכל לימון X סנו 600 גרם,החברה הדרומית לשיווק בעמ,IL,סנוX- קרם לניק,גרמים,600.00,100 גרם,false,0,8.90,1.48,true,1,
7290000286921,false,סנוקל רסס וכבס תרסיס אקדח 750 מ``ל,החברה הדרומית לשיווק בעמ,IL,סנוקל רסס וכבס,מיליליטרים,750.00,"100 מ""ל",false,0,10.90,1.45,true,1,
7290000286945,false,סנו רהיט נוזלי תרסיס 500 סמק+אקדח,החברה הדרומית לשיווק בעמ,IL,סנו רהיט מרסס,מיליליטרים,500.00,"100 מ""ל",false,0,19.90,3.98,true,1,
7290000287102,false,סנו שטיחים קצף לניקוי שטיחים 600 סמק,החברה הדרומית לשיווק בעמ,IL,סנו שמפו לשטיחים,גרמים,540.00,100 גרם,false,0,19.90,3.69,true,1,
7290000287195,false,"סנו רהיט ספריי עשיר בווקס להברקה 305 מ""ל",החברה הדרומית לשיווק בעמ,IL,סנו רהיט מרסס,מיליליטרים,305.00,"100 מ""ל",false,0,13.50,4.43,true,1,
>>>>>>> d048ac2f4f281c9d788043ab4e81b61b0dbe3743
7290000287362,false,פוליויקס נוזל רצפות בניחוח לוטוס סנו 4 ליטר,סנו,IL,פוליויקס סנרייז,ליטרים,4.00,ליטר,false,0,34.90,8.73,true,1,
7290000287409,false,"שלישיית סנובון תות לאסלה ""סנו""",החברה הדרומית לשיווק בעמ,IL,סנובון לאסלה 3יח,גרמים,165.00,100 גרם,false,0,10.70,6.48,true,1,
7290000287485,false,"שלישיית סנובון לובר לאסלה ""סנו""",החברה הדרומית לשיווק בעמ,IL,סנובון בריח לובר,גרמים,165.00,100 גרם,false,0,10.70,6.48,true,1,
7290000287621,false,"אנטי קאלק נוזל לניקוי אסלות סנו 750 מ""ל",החברה הדרומית לשיווק בעמ,IL,סנו מנקה אסלות,מיליליטרים,750.00,"100 מ""ל",false,0,9.90,1.32,true,1,
7290000288024,false,סנו - ז'אוול אקונומיקה בריח לימון 4 ליטר,החברה הדרומית לשיווק בעמ,IL,סנו JAVEL אקונומ,ליטרים,4.00,ליטר,false,0,15.90,3.98,true,1,
7290000288048,false,ז`אוול מרסס לניקוי כללי לבנדר סנו (1 ליט,החברה הדרומית לשיווק בעמ,IL,סנו ג'אוול לבנדר,ליטרים,1.00,ליטר,false,0,14.90,14.90,true,1,
7290000288079,false,סנו - ז'אוול אקונומיקה לימון 2 ליטר,החברה הדרומית לשיווק בעמ,IL,סנו JAVEL מלבין,ליטרים,2.00,ליטר,false,0,9.90,4.95,true,1,
7290000288086,false,אבקת ניקוי עם אקונומיקה בריח לימון סנו ז'אוול 600 ג',החברה הדרומית לשיווק בעמ,IL,סנו ג'אוול אבק,גרמים,600.00,100 גרם,false,0,7.90,1.32,true,1,
7290000288109,false,"אבקת כביסה מקסימה אפקט ג''אוול 1.25 ק""ג סנו",החברה הדרומית לשיווק בעמ,IL,א.כביסה מקסימה,קילוגרמים,1.25,"ק""ג",false,0,12.90,10.32,true,1,
7290000288291,false,סנומט דוחה יתושים לוחיות אידוי 30 יחידות,החברה הדרומית לשיווק בעמ,IT,סנומט נגד יתוש,יחידה,1.00,יחידה,false,0,11.90,11.90,true,1,
7290000288352,false,"קוטל חרקים וזוחלים K-300 סנו 630 מ""ל",החברה הדרומית לשיווק בעמ,IL,300-K קוטל חרק,מיליליטרים,630.00,"100 מ""ל",false,0,17.90,2.84,true,1,
7290000288383,false,"קוטל נמלים ותיקנים K-500 סנו 400 מ""ל",החברה הדרומית לשיווק בעמ,IL,סנו 500-K תרסיס,מיליליטרים,400.00,"100 מ""ל",false,0,18.90,4.73,true,1,
7290000288390,false,קוטל זבובים יתושים קיי 600 סנו (500 מל),החברה הדרומית לשיווק בעמ,IL,סנו 600-K תרסיס,מיליליטרים,500.00,"100 מ""ל",false,0,17.90,3.58,true,1,
7290000288840,false,מים מזוקקים 2 ליטר לגיהוץ,החברה הדרומית לשיווק בעמ,IL,סנו מים מזוקקים,ליטרים,2.00,ליטר,false,0,11.90,5.95,true,1,
7290000289052,false,פוליויקס נוזל רצפות בניחוח סחלבים סנו 4 ליטר,סנו פוליויקס,IL,פוליויקס לריצפה,ליטרים,4.00,ליטר,false,0,34.90,8.73,true,1,
7290000289069,false,סנו - ז'אוול מרסס קצף ניקוי בתוספת אקונומיקה בריח לימון 1 ליטר,החברה הדרומית לשיווק בעמ,IL,סנו ג'אוול מרסס,ליטרים,1.00,ליטר,false,0,14.90,14.90,true,1,
7290000289595,false,"אורביטול משחת שיניים לילדים בטעם תות שדה 145 מ""ל",טרופיקל דגיל תעשיות קוסמ,IL,משחת שיניים,גרמים,145.00,100 גרם,false,0,7.50,5.17,true,1,
7290000289601,false,סנו ז'אוול בריח לבנדר 2 ל',"סנו מפעלי ברונוס בע""מ",IL,סנו ג'אוול,ליטרים,2.00,ליטר,false,0,9.90,4.95,true,1,
7290000291932,false,"סנובון נוזל לניקוי אסלה בניחוח לבנדר סנו 750 מ""ל",החברה הדרומית לשיווק בעמ,IL,סנובון נוזלי,מיליליטרים,750.00,"100 מ""ל",false,0,8.90,1.19,true,1,
7290000292311,false,פוליויקס נוזל רצפות בניחוח סחלבים סנו 2 ליטר,החברה הדרומית לשיווק בעמ,IL,סנו פוליויקס,ליטרים,2.00,ליטר,false,0,19.90,9.95,true,1,
7290000292557,false,סנומט מלוי נוזלי דוחה יתושים 45 לילות,החברה הדרומית לשיווק בעמ,IT,נוזל מילוי סנו,מיליליטרים,35.00,"100 מ""ל",false,0,16.70,47.71,true,1,
7290000292595,false,סופר פוליש מבריק רצפות 2לי,סנו,IL,סנו סופר פוליש,ליטרים,2.00,ליטר,false,0,38.90,19.45,true,1,
7290000292687,false,סנובון מוצק לניקוי אסלה קלאסיק כחול סנו 3 יחידות,החברה הדרומית לשיווק בעמ,IL,סנובון כחול 3 יח,גרמים,165.00,100 גרם,false,0,14.90,9.03,true,1,
7290000292915,false,רסס ונגב לניקוי כללי תרסיס סנו (750 מל),החברה הדרומית לשיווק בעמ,IL,סנו רסס נגב מרסס,מיליליטרים,750.00,"100 מ""ל",false,0,12.90,1.72,true,1,
7290000294391,false,נוזל לניקוי כללי בניחוח סחלבים סנו ג'ט 4 ליטר,החברה הדרומית לשיווק בעמ,IL,סנו ג'ט,ליטרים,4.00,ליטר,false,0,14.90,3.73,true,1,
7290000294773,false,אקונומיקה בריח לבנדר סנו ז'אוול 4 ליטר,החברה הדרומית לשיווק בעמ,IL,סנו ג'אוול 4 ליט,ליטרים,4.00,ליטר,false,0,15.90,3.98,true,1,
7290000294780,false,אקונומיקה סמיכה בריח לימון סנו ז'אוול 4 ליטר,החברה הדרומית לשיווק בעמ,IL,סנו ג'אוול 4 ל,ליטרים,4.00,ליטר,false,0,15.90,3.98,true,1,
7290000311067,false,מן-וופלים קוביות מינימן לא מצופה 200גר,רוקחמן,IL,מיני ופלים,גרמים,200.00,100 גרם,false,0,6.70,3.35,true,1,
7290000311128,false,עוגיות מובחרות בטעם חמאה מן (300 גרם),רוקחמן בעמ מפעל לייצור ופלים ו,IL,עוגיות חמאה מן,גרמים,300.00,100 גרם,false,0,6.70,2.23,true,1,
7290000311135,false,מן עוגיות סטיקס בטעם שוקולד 300 גרם*,ח.כהן סוכנות מזון ומשקאות בע,IL,עוג. גרנולה בטעם,גרמים,250.00,100 גרם,false,0,6.70,2.68,true,1,
7290000311180,false,ופל ופליתעשיריות מן 250 גרם מארז 10 יחידות,ח.כהן סוכנות מזון ומשקאות בע,IL,מארז ופלית,גרמים,250.00,100 גרם,false,0,5.90,2.36,true,1,
7290000311203,false,"וופלים בטעם שוקולד ""מן"" 200 גרם",רוקחמן בעמ מפעל לייצור ופלים ו,IL,ופלים טעם שוקולד,גרמים,200.00,100 גרם,false,0,3.90,1.95,true,1,
7290000311210,false,"וופלים בטעם לימון ""מן"" 200 גרם",רוקחמן בעמ מפעל לייצור ופלים ו,IL,וופלים לימון,גרמים,200.00,100 גרם,false,0,3.90,1.95,true,1,
7290000311227,false,"וופלים במילוי קרם קפה ""מן"" 200 גרם",ח.כהן סוכנות מזון ומשקאות בע,IL,ופל מן בטעם קפה,גרמים,200.00,100 גרם,false,0,3.90,1.95,true,1,
7290000311234,false,וופל מן בטעם וניל 200 גרם,ח.כהן סוכנות מזון ומשקאות בע,IL,ופל מן וניל,גרמים,200.00,100 גרם,false,0,3.90,1.95,true,1,
7290000311258,false,מן וופל מצופה שוקולד 250 גרם,"רוקחמן בע""מ",IL,וופלים מצופים,גרמים,250.00,100 גרם,false,1,6.70,2.68,true,1,
7290000311272,false,מן-וופלים במילוי חלווה 180 ג,מ.ד אטיאס סוכנויות מזון בע`מ,IL,ופל חלבה,גרמים,180.00,100 גרם,false,0,3.90,2.17,true,1,
7290000311319,false,"מן וופלים מצופים 10 יח' 1 ק""ג",רוקחמן בעמ מפעל לייצור ופלים ו,IL,וופלים מצופים,קילוגרמים,1.00,"ק""ג",false,0,23.90,23.90,true,1,
7290000311357,false,מן וופלים בטעם אגוזים 10*28 גר-נ.ל.פ,ח.כהן סוכנות מזון ומשקאות בע,IL,מארז וופל אגוזית,גרמים,280.00,100 גרם,false,0,9.90,3.54,true,1,
7290000311364,false,מן וופלים שוקולד טייק 1 מן 10*21 גרם,רוקחמן בעמ,IL,מארז ופל,גרמים,210.00,100 גרם,false,0,6.90,3.29,true,1,
7290000311425,false,ופל מצופה עשיריות מן 220 גרם מארז 10 יחידות,רוקחמן בעמ מפעל לייצור ופלים ו,IL,ופלים מצופים,גרמים,220.00,100 גרם,false,0,6.90,3.14,true,1,
7290000311432,false,עוגיות גרנולה קינמון ללא תוספת סוכר 200ג,"רוקחמן בע""מ",IL,עוג.גרנולה 200גר,גרמים,200.00,100 גרם,false,1,8.70,4.35,true,1,
7290000311463,false,מן עוגיות חיטה מלאה חמאה ללא סוכר 200 גרם,"רוקחמן בע""מ",IL,עוג.חיטה 200גר,גרמים,200.00,100 גרם,false,1,8.70,4.35,true,1,
7290000311470,false,מיני ופלים בטעם שוקולד ללא סוכר מן 200 גרם,"רוקחמן בע""מ",IL,מיני מן שוקולד ל,יחידה,1.00,יחידה,false,1,8.90,8.90,true,1,
7290000311487,false,מאגדת וופל שוקולד מקמח מלא ללא סוכר 20 ג'*7 יח' מן,"רוקחמן בע""מ",IL,מאגדת וופל אישי,יחידה,1.00,יחידה,false,1,7.90,7.90,true,1,
7290000311500,false,וופלים מן שוקו ללא כולסטרול 500 גרם,רוקחמן בעמ מפעל לייצור ופלים ו,IL,וופלים בטעם שוקו,גרמים,500.00,100 גרם,false,0,8.90,1.78,true,1,
7290000311517,false,מן וופלים בטעם לימון 500 גרם,ח.כהן סוכנות מזון ומשקאות בע,IL,ופל מן לימון,גרמים,500.00,100 גרם,false,0,8.90,1.78,true,1,
7290000311708,false,מן עוגיות מחיטה מלאה 300 גרם*נ.ל.פ,רוקחמן בעמ מפעל לייצור ופלים ו,IL,עוגיות חיטה מלאה,גרמים,300.00,100 גרם,false,0,6.70,2.23,true,1,
7290000311715,false,מן עוגיות כוכבים בטעם שוקולד 300 גרם*נ.ל.פ,רוקחמן בעמ מפעל לייצור ופלים ו,IL,עוגיות שוקולד,גרמים,300.00,100 גרם,false,0,6.70,2.23,true,1,
7290000311722,false,"עוגיות בטעם וניל עם כוכבים ""מן"" 300 גרם",רוקחמן בעמ מפעל לייצור ופלים ו,IL,עוגיות כוכבים,גרמים,300.00,100 גרם,false,0,6.70,2.23,true,1,
7290000311746,false,עוגיות בטעם קרמל מן (300 גרם),"רוקחמן בע""מ",IL,עוגיות בטעם קרמל,גרמים,300.00,100 גרם,false,1,6.70,2.23,true,1,
7290000311753,false,עוגיות חיטה מלאה בטעם חלווה מן 250 גר',רוקחמן בעמ מפעל לייצור ופלים ו,IL,עוגיות חלוה,גרמים,250.00,100 גרם,false,1,6.70,2.68,true,1,
7290000311784,false,ופלים קקאו בטעם שוקלד מריר 200 גרם מן,"רוקחמן בע""מ",IL,ופל קקאו בטעם שו,יחידה,1.00,יחידה,false,1,6.90,6.90,true,1,
7290000311791,false,ופלים קקאו בטעם וניל 200 גרם מן,"רוקחמן בע""מ",IL,ופל קקאו בטעם וו,יחידה,1.00,יחידה,false,1,6.90,6.90,true,1,
7290000311807,false,ופלים במילוי קרם אגוזים 200 גרם מן,"רוקחמן בע""מ",IL,וופל קרם אגוזים,יחידה,1.00,יחידה,false,1,6.90,6.90,true,1,
<<<<<<< HEAD
7290000311845,false,מן עוגיות חיטה מלאה ללא תוספת סוכר 200 ג,"רוקחמן בע""מ",IL,עוגיות קמח מלא,גרמים,200.00,100 גרם,false,1,8.70,4.35,true,1,
7290000311869,false,מן-וופלים בטעם שוק ללא תוספת סוכר 180ג,תות ממתקי איכות,IL,וופל שוקולד,גרמים,180.00,100 גרם,false,1,5.90,3.28,true,1,
=======
7290000311845,false,מן עוגיות חיטה מלאה ללא תוספת סוכר 200 ג,רוקחמן בעמ מפעל לייצור ופלים ו,IL,עוגיות קמח מלא,גרמים,200.00,100 גרם,false,1,8.70,4.35,true,1,
7290000311869,false,מן-וופלים בטעם שוק ללא תוספת סוכר 180ג,רוקחמן בעמ מפעל לייצור ופלים ו,IL,וופל שוקולד,גרמים,180.00,100 גרם,false,1,5.90,3.28,true,1,
>>>>>>> d048ac2f4f281c9d788043ab4e81b61b0dbe3743
7290000311876,false,מן-וופלים בטעם וניל ללא תוספת סוכר 180ג,"רוקחמן בע""מ",IL,וופל מן וניל,גרמים,180.00,100 גרם,false,1,5.90,3.28,true,1,
7290000311883,false,עוגיות גרנולה ללא תוספת סוכר מן 200 גרם,רוקחמן בעמ מפעל לייצור ופלים ו,IL,עוגיות גרנולה,גרמים,200.00,100 גרם,false,0,8.70,4.35,true,1,
7290000311890,false,מן וופל לימון ללא סוכר 180 גר-חדש,"רוקחמן בע""מ",IL,וופלים טעם לימון,גרמים,180.00,100 גרם,false,1,5.90,3.28,true,1,
7290000312750,false,מלך הבייגלה טבעות שומשום 200 גר',,IL,בייגלה שומשום,גרמים,200.00,100 גרם,false,1,4.90,2.45,true,1,
7290000312767,false,מלך הבייגלה שטוח מלוח,מאיר בייגל,,בייגלה שטוח עם מ,יחידה,1.00,יחידה,false,0,4.90,4.90,true,1,
7290000312811,false,מלך הבייגלה שמיניות מלח 200גר',,IL,בייגלה מלח,גרמים,200.00,100 גרם,false,1,4.90,2.45,true,1,
<<<<<<< HEAD
7290000313160,false,זהבה ושלושת הדובים עוגיות בטעם שוקולד אסם 350 גרם,"הגביע מוצרי וופלים בע""\מ",IL,עוגיות זהבה,גרמים,250.00,100 גרם,false,0,5.90,2.36,true,1,
7290000313290,false,אסם נודלס נודלס איטריות מסולסלות 200גר,תאי פרזידנט פוד בנגק,TH,אטריות נודלס,גרמים,200.00,100 גרם,false,0,7.90,3.95,true,1,
7290000339191,false,אבקת הלבנה רן ללא כל,יוניליוור ניקיון,IL,רן אבקת הלבנה,גרמים,350.00,100 גרם,false,0,15.90,4.54,true,1,
7290000339566,false,בדין מרכך כביסה ורוד 4 ליטר,יוניליור ישראל טיפוח איש,IL,מרכך כביסה בדין,ליטרים,4.00,ליטר,false,0,19.90,4.98,true,1,
7290000345116,false,תה ירוק ויסוצקי 125 גרם,תה ויסוצקי,IL,תה ירוק עלים,גרמים,125.00,100 גרם,false,0,10.90,8.72,true,1,
7290000345208,false,תה כחול קלאסיק ויסוצקי 25 יחידות,תה ויסוצקי,IL,תה ויסוצקי מעודן,גרמים,25.00,100 גרם,false,0,5.90,23.60,true,1,
7290000345215,false,תה כחול קלאסיק ויסוצקי 100 יחידות,מולינו ניקולי s.p.a,IL,תה ויסוצקי 100שק,גרמים,100.00,100 גרם,false,0,14.90,14.90,true,1,
7290000345260,false,תה קלאסיק מעטפות ויסוצקי 25 יחידות,מולינו ניקולי s.p.a,IL,תה ויסוצקי,גרמים,37.00,100 גרם,false,0,5.90,15.95,true,1,
7290000345284,false,תה ויסוצקי קלאסי אריזה ירוקה מרובעת (100 שקיקים),מולינו ניקולי s.p.a,IL,תה ויסוצקי ירוק,גרמים,150.00,100 גרם,false,0,14.90,9.93,true,1,
7290000345291,false,תה ארל גריי ויסוצקי 25 יחידות,תה ויסוצקי,IL,תה ארל גריי,גרמים,37.00,100 גרם,false,0,11.90,32.16,true,1,
7290000345307,false,תה ארל גריי ויסוצקי 50 יחידות,מולינו ניקולי s.p.a,IL,תה ארל גריי 50שק,גרמים,75.00,100 גרם,false,0,21.90,29.20,true,1,
7290000345536,false,תה נענע ויסוצקי 25 יחידות,מולינו ניקולי s.p.a,IL,תה נענע,גרמים,37.00,100 גרם,false,0,12.90,34.86,true,1,
7290000346021,false,חליטת קמומיל הגן הקסום ויסוצקי 50 יחידות,בית ויסוצקי,IL,חליטת קמומיל,גרמים,75.00,100 גרם,false,0,23.90,31.87,true,1,
7290000346120,false,חליטת קינמון הגן הקסום ויסוצקי 25 יחידות,תה ויסוצקי,IL,חליטת קינמון,גרמים,62.00,100 גרם,false,0,12.90,20.81,true,1,
7290000346137,false,חליטת הילולי פירות הגן הקסום ויסוצקי 25 יחידות,תה ויסוצקי,IL,חליטת פירות,גרמים,62.00,100 גרם,false,0,12.90,20.81,true,1,
7290000346144,false,הגן הקסום תה עינוגי התפוח ויסוצקי 25 יחידות,תה ויסוצקי,IL,חליטת פירות,גרמים,67.00,100 גרם,false,0,12.90,19.25,true,1,
7290000346168,false,חליטת שומר הגן הקסום ויסוצקי 25 יחידות,תה ויסוצקי,IL,חליטת שומר,גרמים,37.00,100 גרם,false,0,12.90,34.86,true,1,
7290000346199,false,חליטת פירות יער הגן הקסום ויסוצקי 25 יחידות,תה ויסוצקי,IL,חליטת פירות היער,גרמים,67.00,100 גרם,false,0,12.90,19.25,true,1,
7290000346205,false,חליטת קמומיל הגן הקסום ויסוצקי 25 יחידות,תה ויסוצקי,IL,חליטת קמומיל,גרמים,37.00,100 גרם,false,0,12.90,34.86,true,1,
7290000346212,false,חליטת מנטה הגן הקסום ויסוצקי 25 יחידות,תה ויסוצקי,IL,חליטת מנטה,גרמים,50.00,100 גרם,false,0,12.90,25.80,true,1,
7290000346236,false,חליטת לואיזה וורבנה הגן הקסום ויסוצקי 25 יחידות,תה ויסוצקי,IL,תה לואיזה וורבנה,גרמים,50.00,100 גרם,false,0,12.90,25.80,true,1,
7290000346960,false,תה ויסוצקי נענע 1.7 גרם 50יח',בית ויסוצקי,IL,תה נענע 50 שקיק.,גרמים,75.00,100 גרם,false,0,21.90,29.20,true,1,
7290000347738,false,תה ירוק נענע ויסוצקי 25 יחידות,תה ויסוצקי,IL,תה ירוק נענע,גרמים,37.00,100 גרם,false,0,19.90,53.78,true,1,
7290000347752,false,תה ירוק לימונית ולואיזה 25 שקיקים *1.5 ג'' ויסוצקי,תה ויסוצקי,IL,תה ירוק לימונית,גרמים,37.00,100 גרם,false,0,19.90,53.78,true,1,
7290000377612,false,מיץ תפוזים סחוט טבעי פריגת 400 מל,גת גבעת חיים,IL,מיץ תפוזים,מיליליטרים,400.00,"100 מ""ל",false,0,8.80,2.20,true,1,
7290000408354,false,יוגורט עם אורז מצופה שוקולד קקאו 175 ג' דנונה,"שטראוס בריאות בע""\מ",IL,דנונה בר פצפוצים,גרמים,173.00,100 גרם,false,0,3.90,2.25,true,1,
7290000412481,false,נוזל לניקוי אסלות 00 סנו 1 ליטר,מיוצר עי קונדיטוריית,IL,"מנקה אסלות 00""",ליטרים,1.00,ליטר,false,0,7.50,7.50,true,1,
7290000416076,false,"צימקאו לאפייה וציפוי השחר 400 גרם כשל""פ",השחר העולה תעשייות מ,IL,צימקאו לאפיה,גרמים,400.00,100 גרם,false,0,9.90,2.48,true,1,
7290000416618,false,"ממרח שוקולד פרווה השחר 400 גרם כשל""פ",השחר העולה תעשייות מ,IL,ממרח בטעם שוקולד,גרמים,400.00,100 גרם,false,0,9.90,2.48,true,1,
7290000419107,false,לנדוור קפה מקורי לבוקר טחון טורקי 100 גרם,קפה לנדוור בע''מ,IL,קפה שחור לנדוור,גרמים,100.00,100 גרם,false,0,5.90,5.90,true,1,
7290000419114,false,קפה טחון טורקי לנדור200ג,"קפה לנדוור בע""\מ",IL,קפה שחור לנדוור,גרמים,200.00,100 גרם,false,0,10.90,5.45,true,1,
=======
7290000313160,false,זהבה ושלושת הדובים עוגיות בטעם שוקולד אסם 350 גרם,קבוצת אוסם סחר שותפות מוגבלת,IL,עוגיות זהבה,גרמים,250.00,100 גרם,false,0,5.90,2.36,true,1,
7290000313290,false,אסם נודלס נודלס איטריות מסולסלות 200גר,קבוצת אוסם סחר שותפות מוגבלת,TH,אטריות נודלס,גרמים,200.00,100 גרם,false,0,7.90,3.95,true,1,
7290000339191,false,רן אבקת הלבנה לכביסה 350 גרם,יוניליוור ישראל שיווק בע`מ,IL,רן אבקת הלבנה,גרמים,350.00,100 גרם,false,0,15.90,4.54,true,1,
7290000339566,false,מרכך כביסה ורוד בדין (4 ליטר),יוניליוור ישראל שיווק בע`מ,IL,מרכך כביסה בדין,ליטרים,4.00,ליטר,false,0,19.90,4.98,true,1,
7290000345116,false,תה ירוק עלים ויסוצקי (125 גרם),תה ויסוצקי (ישראל) בעמ,IL,תה ירוק עלים,גרמים,125.00,100 גרם,false,0,10.90,8.72,true,1,
7290000345208,false,תה כחול קלאסיק ויסוצקי 25 יחידות,תה ויסוצקי (ישראל) בעמ,IL,תה ויסוצקי מעודן,גרמים,25.00,100 גרם,false,0,5.90,23.60,true,1,
7290000345215,false,תה כחול קלאסיק ויסוצקי 100 יחידות,תה ויסוצקי (ישראל) בעמ,IL,תה ויסוצקי 100שק,גרמים,100.00,100 גרם,false,0,14.90,14.90,true,1,
7290000345260,false,תה קלאסיק מעטפות ויסוצקי 25 יחידות,תה ויסוצקי (ישראל) בעמ,IL,תה ויסוצקי,גרמים,37.00,100 גרם,false,0,5.90,15.95,true,1,
7290000345284,false,תה ויסוצקי קלאסי אריזה ירוקה מרובעת (100 שקיקים),תה ויסוצקי (ישראל) בעמ,IL,תה ויסוצקי ירוק,גרמים,150.00,100 גרם,false,0,14.90,9.93,true,1,
7290000345291,false,תה ארל גרי 1.5/ 25 שקיקים ויסוצקי,תה ויסוצקי (ישראל) בעמ,IL,תה ארל גריי,גרמים,37.00,100 גרם,false,0,11.90,32.16,true,1,
7290000345307,false,תה ארל גרי 1.5/ 50 שקיקים ויסוצקי,תה ויסוצקי (ישראל) בעמ,IL,תה ארל גריי 50שק,גרמים,75.00,100 גרם,false,0,21.90,29.20,true,1,
7290000345536,false,תה נענע 1.5/ 25 שקיקים ויסוצקי,תה ויסוצקי (ישראל) בעמ,IL,תה נענע,גרמים,37.00,100 גרם,false,0,12.90,34.86,true,1,
7290000346021,false,חליטת קמומיל הגן הקסום ויסוצקי 50 יחידות,תה ויסוצקי (ישראל) בעמ,IL,חליטת קמומיל,גרמים,75.00,100 גרם,false,0,23.90,31.87,true,1,
7290000346120,false,חליטת קינמון הגן הקסום ויסוצקי 25 יחידות,תה ויסוצקי (ישראל) בעמ,IL,חליטת קינמון,גרמים,62.00,100 גרם,false,0,12.90,20.81,true,1,
7290000346137,false,חליטת הילולי פירות הגן הקסום ויסוצקי 25 יחידות,תה ויסוצקי (ישראל) בעמ,IL,חליטת פירות,גרמים,62.00,100 גרם,false,0,12.90,20.81,true,1,
7290000346144,false,הגן הקסום תה עינוגי התפוח ויסוצקי 25 יחידות,תה ויסוצקי (ישראל) בעמ,IL,חליטת פירות,גרמים,67.00,100 גרם,false,0,12.90,19.25,true,1,
7290000346168,false,חליטת שומר הגן הקסום ויסוצקי 25 יחידות,תה ויסוצקי (ישראל) בעמ,IL,חליטת שומר,גרמים,37.00,100 גרם,false,0,12.90,34.86,true,1,
7290000346199,false,חליטת פירות יער הגן הקסום ויסוצקי 25 יחידות,תה ויסוצקי (ישראל) בעמ,IL,חליטת פירות היער,גרמים,67.00,100 גרם,false,0,12.90,19.25,true,1,
7290000346205,false,חליטת קמומיל הגן הקסום ויסוצקי 25 יחידות,תה ויסוצקי (ישראל) בעמ,IL,חליטת קמומיל,גרמים,37.00,100 גרם,false,0,12.90,34.86,true,1,
7290000346212,false,חליטת מנטה הגן הקסום ויסוצקי 25 יחידות,תה ויסוצקי (ישראל) בעמ,IL,חליטת מנטה,גרמים,50.00,100 גרם,false,0,12.90,25.80,true,1,
7290000346236,false,חליטת לואיזה וורבנה הגן הקסום ויסוצקי 25 יחידות,תה ויסוצקי (ישראל) בעמ,IL,תה לואיזה וורבנה,גרמים,50.00,100 גרם,false,0,12.90,25.80,true,1,
7290000346960,false,תה ויסוצקי נענע 1.7 גרם 50יח',תה ויסוצקי (ישראל) בעמ,IL,תה נענע 50 שקיק.,גרמים,75.00,100 גרם,false,0,21.90,29.20,true,1,
7290000347738,false,תה ירוק בתוספת עלי נענע 25 שקיקים,תה ויסוצקי (ישראל) בעמ,IL,תה ירוק נענע,גרמים,37.00,100 גרם,false,0,19.90,53.78,true,1,
7290000347752,false,תה ירוק לימונית ולואיזה 25 שקיקים *1.5 ג'' ויסוצקי,תה ויסוצקי (ישראל) בעמ,IL,תה ירוק לימונית,גרמים,37.00,100 גרם,false,0,19.90,53.78,true,1,
7290000377612,false,מיץ תפוזים סחוט טבעי פריגת 400 מל,*החברה המרכזית להפצת משקאותבעמ,IL,מיץ תפוזים,מיליליטרים,400.00,"100 מ""ל",false,0,8.80,2.20,true,1,
7290000408354,false,יוגורט עם אורז מצופה שוקולד קקאו 175 ג' דנונה,שטראוס גרופ בעמ/מצונן,IL,דנונה בר פצפוצים,גרמים,173.00,100 גרם,false,0,3.90,2.25,true,1,
7290000412481,false,נוזל לניקוי אסלות 00 סנו (1 ליטר),החברה הדרומית לשיווק בעמ,IL,"מנקה אסלות 00""",ליטרים,1.00,ליטר,false,0,7.50,7.50,true,1,
7290000416076,false,"צימקאו לאפייה וציפוי השחר 400 גרם כשל""פ",השחר העולה תעשית ממתקים בעמ,IL,צימקאו לאפיה,גרמים,400.00,100 גרם,false,0,9.90,2.48,true,1,
7290000416618,false,"ממרח שוקולד פרווה השחר 400 גרם כשל""פ",השחר העולה תעשית ממתקים בעמ,IL,ממרח בטעם שוקולד,גרמים,400.00,100 גרם,false,0,9.90,2.48,true,1,
7290000419107,false,לנדוור קפה מקורי לבוקר טחון טורקי 100 גרם,קפה לנדוור בע''מ,IL,קפה שחור לנדוור,גרמים,100.00,100 גרם,false,0,5.90,5.90,true,1,
7290000419114,false,קפה טחון שחור לנדוור 200 גר,"קפה לנדוור בע""\מ",IL,קפה שחור לנדוור,גרמים,200.00,100 גרם,false,0,10.90,5.45,true,1,
>>>>>>> d048ac2f4f281c9d788043ab4e81b61b0dbe3743
7290000419893,false,לנדוור קפה שחור חזק טחון טורקי 100 גרם,מולינו ניקולי s.p.a,IL,קפה שחור לבוקר,גרמים,100.00,100 גרם,false,0,5.90,5.90,true,1,
7290000419909,false,לנדוור קפה שחור לבוקר טחון טורקי 100 גרם,מולינו ניקולי s.p.a,IL,קפה שחור חזק,גרמים,100.00,100 גרם,false,0,5.90,5.90,true,1,
7290000426150,false,בודק כרובית פרחים 600 גר',"מטר ארצכם בע""מ",IL,כרובית פרחים,גרמים,600.00,100 גרם,false,1,24.90,4.15,true,1,
7290000426914,false,בודק תות שדה קפוא 454 גרם,"מטר ארצכם בע""מ",US,תות שדה בודק,גרמים,454.00,100 גרם,false,1,22.90,5.04,true,1,
7290000426921,false,ברוקולי פרחים בודק קפוא 907 גר,"מטר ארצכם בע""מ",IL,ברוקולי פרחים,גרמים,907.00,100 גרם,false,1,32.90,3.63,true,1,
<<<<<<< HEAD
7290000432649,false,נרות שבת מס 6 180 גר,פאלאס,IL,נרות שבת,יחידה,1.00,יחידה,false,0,2.90,2.90,true,1,
7290000432687,false,נרות שבת מס' 16 ציון,"פאלאס בע""מ",IL,נרות שבת,יחידה,1.00,יחידה,false,0,2.90,2.90,true,1,
=======
7290000432649,false,נרות שבת 6 יחידות,פאלאס תעשיות נטו (2014) בעמ,IL,נרות שבת,יחידה,1.00,יחידה,false,0,2.90,2.90,true,1,
7290000432687,false,נרות שבת מס' 16 ציון,פאלאס תעשיות נטו (2014) בעמ,IL,נרות שבת,יחידה,1.00,יחידה,false,0,2.90,2.90,true,1,
>>>>>>> d048ac2f4f281c9d788043ab4e81b61b0dbe3743
7290000435213,false,"עדשים דרזה משמחים 20 גרכשל""פ חת""ס",הנמל,IL,משמחים עדשים,גרמים,20.00,100 גרם,false,0,1.50,7.50,true,1,
7290000435251,false,סוכריות מיני משמחים עלה 500ג',לירון קרביץ יבוא שיווק וסחר,IL,מיני משמחים,גרמים,500.00,100 גרם,false,0,14.90,2.98,true,1,
7290000435688,false,פישקאלאך סוכריות עלה,ממתקי עלה,IL,פישקאלך,גרמים,25.00,100 גרם,false,1,1.50,6.00,true,1,
7290000436203,false,עוגיות שוקו ציפ'ס בר-מן 200 גרם,ח.כהן סוכנות מזון ומשקאות בע,IL,עוגיות שוקוצ'יפס,גרמים,200.00,100 גרם,false,0,4.90,2.45,true,1,
7290000446110,false,פריכיות אורז עם מלח בטר אנד דיפרנט 100 גרם,בטר אנד דיפרנט בעמ,IL,פריכיות אורז חום,גרמים,100.00,100 גרם,false,0,3.90,3.90,true,1,
7290000446127,false,פירכיות אורז ללא מלח בטר אנד דיפרנט 100 גרם,בטר אנד דיפרנט בעמ,IL,פריכיות אורז,גרמים,100.00,100 גרם,false,0,3.90,3.90,true,1,
7290000446257,false,בטר אנד דיפרנט דיסת אורז 200 גר',בטר אנד דיפרנט בעמ,IL,דייסת אורז,גרמים,200.00,100 גרם,false,0,9.90,4.95,true,1,
7290000446318,false,בטר אנד דיפרנט דיסת סולת 200 גר',השדה מוצרים אורגניים,IL,דייסת סולת,גרמים,200.00,100 גרם,false,0,9.90,4.95,true,1,
7290000446325,false,תרכיז תפוחים בטר אנד דיפרנט 1.2 ליטר,"בטר אנד דיפרנט בע""מ",IL,תרכיז תפוחים,ליטרים,1.20,ליטר,false,0,41.90,34.92,true,1,
7290000446394,false,דייסת שיבולת שועל בטר אנד דיפרנט 200 גרם,בטר אנד דיפרנט בעמ,IL,דייסת שיבולת,גרמים,200.00,100 גרם,false,0,9.90,4.95,true,1,
7290000446523,false,ממרח בוטנים מתוק בטר אנד דיפרנט 350 גרם,בטר אנד דיפרנט בעמ,IL,חמאת בוטנים,גרמים,350.00,100 גרם,false,0,13.90,3.97,true,1,
7290000446530,false,"ממרח בוטנים מתוק בטר אנד דיפרנט 1 ק""ג",בטר אנד דיפרנט בעמ,IL,חמאת בוטנים,קילוגרמים,1.00,"ק""ג",false,0,26.90,26.90,true,1,
7290000446547,false,חמאת בוטנים טבעית בטר אנד דיפרנט 350 גרם,"בטר אנד דיפרנט בע""מ",IL,חמאת בוטנים,גרמים,350.00,100 גרם,false,0,13.90,3.97,true,1,
7290000446554,false,"חמאת בוטנים טבעית בטר אנד דיפרנט 1 ק""ג",בטר אנד דיפרנט בעמ,IL,חמאת בוטנים,קילוגרמים,1.00,"ק""ג",false,0,26.90,26.90,true,1,
7290000446714,false,שמן שומשום כבישה קרה,בטר אנד דיפרנט בעמ,IL,שמן שומשום,מיליליטרים,500.00,"100 מ""ל",false,0,39.90,7.98,true,1,
7290000446745,false,חמאת שקדים 100% טבעי 350ג' בי&די,בטר אנד דיפרנט בעמ,IL,חמאת שקדים,גרמים,350.00,100 גרם,false,0,38.90,11.11,true,1,
7290000446752,false,ממרח שומשום מלא חלווה בטר אנד דיפרנט 350 גרם,"בטר אנד דיפרנט בע""מ",IL,ממרח שומשום מלא,גרמים,350.00,100 גרם,false,0,13.90,3.97,true,1,
7290000446776,false,פיצפוצי אורז מלא ללא סוכר ומלח בשקית 450 גרם,בטר אנד דיפרנט בעמ,IL,פיצפוצי אורז מלא,גרמים,450.00,100 גרם,false,0,18.90,4.20,true,1,
7290000446783,false,בטר אנד דיפרנט גרנולה עם רכז תפוחים 350ג,,IL,גרנולה + תפוחי,גרמים,400.00,100 גרם,false,0,10.90,2.73,true,1,
<<<<<<< HEAD
7290000446813,false,ממרח חרובים,,IL,ממרח חרובים,גרמים,350.00,100 גרם,false,0,13.90,3.97,true,1,
7290000446851,false,ממרח חלווה ודבש 350 ג' בי&די,,IL,ממרח חלבה עם דבש,גרמים,350.00,100 גרם,false,0,11.90,3.40,true,1,
7290000446905,false,"ממרח חלבה בטעם וניל 1ק""ג",,IL,"ממרח חלבה 1 ק""ג",קילוגרמים,1.00,"ק""ג",false,0,22.90,22.90,true,1,
7290000446943,false,פריכיות אורז כוסמת 100ג' בי&די,בטר אנד דיפרנט B&D,IL,פריכיות כוסמת,גרמים,100.00,100 גרם,false,0,3.90,3.90,true,1,
7290000453019,false,שמרים טריים לאפייה שקית שמרית 50 ג',"פאקא תעשיות בע""\מ",IL,שמרית-שמרים טרי,גרמים,50.00,100 גרם,false,0,3.90,7.80,true,1,
7290000453125,false,שמרית שמרים טריים לאפיה +משפר אפיה 100ג,"פאקא תעשיות בע""\מ",IL,שמרית+ משפר אפיה,גרמים,100.00,100 גרם,false,0,5.90,5.90,true,1,
7290000453385,false,שמרים יבשים פארא אינסטנט 500 גרם עלית,פאקא תעשיות בעמ,GB,שמרים יבשים פאקא,גרמים,500.00,100 גרם,false,0,11.90,2.38,true,1,
7290000453866,false,נטורינה תחליף מרגרינה לבישול ואפיה קוקוס שמרית 200 גרם,גרונבאנג- גרונדנסק א,DK,נטורינה קוקוס,גרמים,200.00,100 גרם,false,1,6.50,3.25,true,1,
7290000461625,false,בייגלה שמיניות מלח בייגל בייגל 400 ג',בייגל את בייגל מזון 198),IL,בייגלה שמיניות,גרמים,400.00,100 גרם,false,0,7.90,1.98,true,1,
7290000461656,false,בייגלה מקלות מלוחים בייגל בייגל 400 גרם,בייגל את בייגל מזון 198),IL,בייגלה מקלות,גרמים,400.00,100 גרם,false,0,7.90,1.98,true,1,
7290000461700,false,בייגלה שמיניות גדולות מלוחות 400 גרם,בייגל את בייגל מזון 198),IL,בייגלה גדול,גרמים,400.00,100 גרם,false,0,9.90,2.48,true,1,
7290000462141,false,סחוג אדום תימני מקורי חריף מאוד זהבי 150 גרם,קריניסה ויטמין אס אי,IL,זחוק אדום חריף,גרמים,150.00,100 גרם,false,0,6.50,4.33,true,1,
7290000467153,false,מלך החומוס סמיר הגדול 400 גרם צבר,סלטי צבר,IL,חומוס סמיר הגדול,גרמים,400.00,100 גרם,false,0,9.90,2.48,true,1,
=======
7290000446813,false,ממרח חרובים עם בוטנים 350,בטר אנד דיפרנט בעמ,IL,ממרח חרובים,גרמים,350.00,100 גרם,false,0,13.90,3.97,true,1,
7290000446851,false,ממרח חלווה ודבש 350 ג' בי&די,בטר אנד דיפרנט בעמ,IL,ממרח חלבה עם דבש,גרמים,350.00,100 גרם,false,0,11.90,3.40,true,1,
7290000446905,false,"ממרח חלבה בטעם וניל 1ק""ג",,IL,"ממרח חלבה 1 ק""ג",קילוגרמים,1.00,"ק""ג",false,0,22.90,22.90,true,1,
7290000446943,false,פריכיות אורז כוסמת 100ג' בי&די,בטר אנד דיפרנט בעמ,IL,פריכיות כוסמת,גרמים,100.00,100 גרם,false,0,3.90,3.90,true,1,
7290000453019,false,שמרים טריים לאפייה שקית שמרית 50 ג',שטראוס גרופ בעמ/מצונן,IL,שמרית-שמרים טרי,גרמים,50.00,100 גרם,false,0,3.90,7.80,true,1,
7290000453125,false,שמרית שמרים טריים לאפיה +משפר אפיה 100ג,שטראוס גרופ בעמ/מצונן,IL,שמרית+ משפר אפיה,גרמים,100.00,100 גרם,false,0,5.90,5.90,true,1,
7290000453385,false,שמרים יבשים פארא אינסטנט 500 גרם עלית,שטראוס גרופ בע`מ,GB,שמרים יבשים פאקא,גרמים,500.00,100 גרם,false,0,11.90,2.38,true,1,
7290000453866,false,נטורינה תחליף מרגרינה לבישול ואפיה קוקוס שמרית 200 גרם,שטראוס גרופ בעמ/מצונן,DK,נטורינה קוקוס,גרמים,200.00,100 גרם,false,1,6.50,3.25,true,1,
7290000461625,false,בייגלה שמיניות מלח בייגל בייגל 400 ג',יוניליוור ישראל שיווק בע`מ,IL,בייגלה שמיניות,גרמים,400.00,100 גרם,false,0,7.90,1.98,true,1,
7290000461656,false,בייגלה מקלות מלוחים בייגל בייגל 400 גרם,יוניליוור ישראל שיווק בע`מ,IL,בייגלה מקלות,גרמים,400.00,100 גרם,false,0,7.90,1.98,true,1,
7290000461700,false,בייגלה שמיניות גדולות מלוחות 400 גרם,יוניליוור ישראל שיווק בע`מ,IL,בייגלה גדול,גרמים,400.00,100 גרם,false,0,9.90,2.48,true,1,
7290000462141,false,סחוג אדום תימני מקורי חריף מאוד זהבי 150 גרם,שטראוס גרופ בעמ/מצונן,IL,זחוק אדום חריף,גרמים,150.00,100 גרם,false,0,6.50,4.33,true,1,
7290000467153,false,מלך החומוס סמיר הגדול 400 גרם צבר,קבוצת אוסם סחר שותפות מוגבלת,IL,חומוס סמיר הגדול,גרמים,400.00,100 גרם,false,0,9.90,2.48,true,1,
>>>>>>> d048ac2f4f281c9d788043ab4e81b61b0dbe3743
7290000467184,false,מלפפונים בחומץ קטנים,בית-השיטה עסיס תעשיות מז,IL,מלפפונים בחומץ,גרמים,560.00,100 גרם,false,0,6.90,1.23,true,1,
7290000467320,false,מלך החומוס אבו מרוואן 400 גרם,קבוצת אוסם סחר שותפות מוגבלת,IL,מלך החומוס צבר,גרמים,400.00,100 גרם,false,0,9.90,2.48,true,1,
7290000469638,false,"ספריי לגיהוץ קל מריטו 500 מ""ל",בולטון מניטובה,IT,מריטו לגיהוץ קל,מיליליטרים,500.00,"100 מ""ל",false,0,16.90,3.38,true,1,
7290000474021,false,חלב 3% בשקית טרה (1 ליטר)פיקוח,*החברה המרכזית להפצת משקאותבעמ,IL,חלב 3% בשקית 1 ל,ליטרים,1.00,ליטר,false,0,4.30,4.30,true,1,
7290000474076,false,"חלב קרטון 3%-1 ליטר ""טרה""-מוצר בפיקוח",החברה המרכזית טלהפצת משקאות בע,IL,חלב טרי טרה 3%,ליטרים,1.00,ליטר,false,0,5.50,5.50,true,1,
7290000474090,false,"חלב בקרטון 1%- 1 ליטר בד""צ - מוצר בפיקוח",החברה המרכזית טלהפצת משקאות בע,IL,חלב טרי טרה 1%,ליטרים,1.00,ליטר,false,0,4.90,4.90,true,1,
7290000474502,false,גבינה לבנה טרה 5% מרכיבים טבעיים,החברה המרכזית טלהפצת משקאות בע,IL,גבינה לבנה 5%,גרמים,250.00,100 גרם,false,0,4.40,1.76,true,1,
7290000480107,false,קוואקר שיבולת שועל פחית 500 גרם,שטראוס פריטו ליי בעמ,GB,קוואקר שיבולת,גרמים,500.00,100 גרם,false,0,9.90,1.98,true,1,
7290000483139,false,מרציפן גולמי המרשלג 100 גרם,"המרשלג פרלינס בע""מ",IL,מרציפן,גרמים,100.00,100 גרם,false,0,8.90,8.90,true,1,
7290000493176,false,אסם אבקת רוטב צלי לבשר 22 ג',קבוצת אוסם סחר שותפות מוגבלת,IL,רוטב צלי לבשר,גרמים,22.00,100 גרם,false,0,2.90,13.18,true,1,
7290000493183,false,אבקת רוטב פטריות לבשר-30 גרם,קבוצת אוסם סחר שותפות מוגבלת,IL,רוטב פטריות,גרמים,30.00,100 גרם,false,0,3.50,11.67,true,1,
7290000504025,false,ממתיק סוכרזית פטרייה עלית 300 גרם,אף.סי תבליני בגליל ב,IL,סוכרזית פטריה,גרמים,24.00,100 גרם,false,0,6.90,28.75,true,1,
7290000504049,false,סוכרזית קלאסי קנקן 1200 טבליות,אף.סי תבליני בגליל ב,IL,סוכרזית טבליות,גרמים,98.00,100 גרם,false,0,18.90,19.29,true,1,
7290000504209,false,"סוכרזית דיאט טיפ נוזלי 220 מ""ל",אף.סי תבליני בגליל ב,IL,נוזל של סוכרזית,מיליליטרים,220.00,"100 מ""ל",false,0,14.90,6.77,true,1,
7290000504261,false,סוויט דיאט כמו סוכר ממתיק אבקתי 65ג',שטראוס גרופ בע`מ,IL,כמו סוכר,גרמים,75.00,100 גרם,false,0,19.90,26.53,true,1,
7290000504278,false,ממתיק סוכרזית אריזת פטנט 700 טבליות,אף.סי תבליני בגליל ב,IL,סוכרזית טבליות,גרמים,57.00,100 גרם,false,0,14.90,26.14,true,1,
<<<<<<< HEAD
7290000518121,false,ממתיק מתוק וקל 50 יחידות,קריות זול,IL,מתוק וקל שקיות,גרמים,50.00,100 גרם,false,0,5.90,11.80,true,1,
7290000518152,false,ממתיק זהב מתוק וקל 50 שקיות,קריות זול,IL,מתוק וקל זהב,יחידה,1.00,יחידה,false,0,5.90,5.90,true,1,
7290000518169,false,ממתיק מתוק וקל 1000 טבליות,קריות זול,IL,מתוק וקל,גרמים,80.00,100 גרם,false,0,8.90,11.13,true,1,
7290000518176,false,ממתיק מתוק וקל 250 שקיות,מתוק וקל בעמ,IL,מתוק וקל ענק,גרמים,250.00,100 גרם,false,0,19.90,7.96,true,1,
=======
7290000518121,false,מתוק וקל אריזה 50 שקיות 50 גרם,מתוק וקל בע`מ,IL,מתוק וקל שקיות,גרמים,50.00,100 גרם,false,0,5.90,11.80,true,1,
7290000518152,false,ממתיק זהב מתוק וקל 50 שקיות,מתוק וקל בע`מ,IL,מתוק וקל זהב,יחידה,1.00,יחידה,false,0,5.90,5.90,true,1,
7290000518169,false,ממתיק מתוק וקל 1000 טבליות,מתוק וקל בע`מ,IL,מתוק וקל,גרמים,80.00,100 גרם,false,0,8.90,11.13,true,1,
7290000518176,false,מתוק וקל 250 שקיות 250 גרם,מתוק וקל בע`מ,IL,מתוק וקל ענק,גרמים,250.00,100 גרם,false,0,19.90,7.96,true,1,
>>>>>>> d048ac2f4f281c9d788043ab4e81b61b0dbe3743
7290000518879,false,סוכרה דיאט 250 שקיות אריזת חסכון,מתוק וקל בעמ,IL,סוכרה דיאט 250שק,גרמים,200.00,100 גרם,false,1,54.90,27.45,true,1,
7290000523125,false,מלח הארץ הים האדום 250 ג' עדין,"חברת מלח הארץ אילת בע""\מ",IL,מלח ים יבש,גרמים,250.00,100 גרם,false,0,3.90,1.56,true,1,
7290000523224,false,מלח הארץ הים האדום 500 ג' עדין,"חברת מלח הארץ אילת בע""\מ",IL,מלח ים דק,גרמים,500.00,100 גרם,false,0,4.90,0.98,true,1,
7290000523804,false,"מלח עדין צנצנת 1 ק""ג מלח הארץ","חברת מלח הארץ אילת בע""\מ",IL,מלח הארץ עדין,קילוגרמים,1.00,"ק""ג",false,0,4.90,4.90,true,1,
7290000523811,false,"צנצנת מלח גס 1 ק""ג מלח הארץ","חברת מלח הארץ אילת בע""\מ",IL,מלח הארץ גס,קילוגרמים,1.00,"ק""ג",false,0,4.90,4.90,true,1,
<<<<<<< HEAD
7290000531977,false,בורקס גבינה זוגלובק 800 גרם,נקניק נהריה כשר זוגל,IL,בורקס גבינה,גרמים,800.00,100 גרם,false,0,13.90,1.74,true,1,
7290000536316,false,"שניצל מן הצומח זוגלובק 1 ק""ג",נקניק נהריה כשר זוגל,IL,שניצל מן הצומח,גרמים,1000.00,100 גרם,false,0,23.90,2.39,true,1,
=======
7290000531977,false,בורקס במילוי גבינה זוגלובק 800 גרם,נקניק נהריה כשר זוגל,IL,בורקס גבינה,גרמים,800.00,100 גרם,false,0,13.90,1.74,true,1,
7290000536316,false,שניצל מן הצומח זוגלובק (1 קג),נקניק נהריה כשר זוגל,IL,שניצל מן הצומח,גרמים,1000.00,100 גרם,false,0,23.90,2.39,true,1,
>>>>>>> d048ac2f4f281c9d788043ab4e81b61b0dbe3743
7290000536743,false,שניצלונים קריספי ט. תירס 500 גר' זוגלובק,נקניק נהריה כשר זוגל,IL,קריספי סטיקסתירס,גרמים,500.00,100 גרם,false,0,11.90,2.38,true,1,
7290000536774,false,"נקניקיות מן הצומח זוגלובק 1ק""ג בד""צ",זוגלובק שיווק בעמ,IL,נקניקיה מן הצומח,גרמים,1000.00,100 גרם,false,0,26.90,2.69,true,1,
7290000572055,false,אחוה חלוה ללא סוכר עם סיבים ואגוזים 400 גרם,אחדות ביחר לטחינה חל,IL,"חלווה ללת""ס",גרמים,400.00,100 גרם,false,0,14.90,3.73,true,1,
7290000572086,false,טחינה אורגנית אחדות 500 גרם,אחדות ביחר לטחינה חל,IL,טחינה אורגנית,גרמים,500.00,100 גרם,false,0,10.90,2.18,true,1,
7290000572093,false,טחינה גולמית אחוה בפחית 500 גר',אחדות בעמ,IL,טחינה 500גרם,גרמים,500.00,100 גרם,false,0,8.90,1.78,true,1,
7290000572208,false,חלוה בטעם וניל אחווה 100 גרם,שוורצקוף& הנקל דיסלד,IL,חלווה 100 גרם,גרמים,100.00,100 גרם,false,0,2.90,2.90,true,1,
7290000572222,false,חלווה בלוק וניל אחוה 500 גרם,שוורצקוף& הנקל דיסלד,IL,חלווה בלוק500 גר,גרמים,500.00,100 גרם,false,0,8.90,1.78,true,1,
<<<<<<< HEAD
7290000572529,false,חלוה עם פיסטוק אחווה 400 גרם,אחדות ביחר לטחינה חל,IL,חלווה פיסטוק,גרמים,400.00,100 גרם,false,0,8.80,2.20,true,1,
7290000572536,false,אחווה חלווה ווניל במגש 400 גר,אחדות ביחר לטחינה חל,IL,חלווה וניל400ג,גרמים,400.00,100 גרם,false,0,9.80,2.45,true,1,
7290000572543,false,חלוה בטעם שוקו וניל אחווה 400 גרם,אחדות ביחר לטחינה חל,IL,חלווה 400 גרם,גרמים,400.00,100 גרם,false,0,9.80,2.45,true,1,
7290000572611,false,סירופ פטל אחוה 4 ליטר,"אחדות ביח""ר לטחינה",IL,סירופ פטל,ליטרים,4.00,ליטר,false,0,66.00,16.50,true,1,
7290000572628,false,חטיפי חלווה ללא סוכר בקופסא 250 גרם,שוורצקוף& הנקל דיסלד,IL,חטיף חלווה לייט,גרמים,275.00,100 גרם,false,0,8.90,3.24,true,1,
7290000572673,false,מארז חלווה אחוה 12 יחידות 300 גרם,שוורצקוף& הנקל דיסלד,IL,חלוה 10 קופסת שי,גרמים,300.00,100 גרם,false,0,7.90,2.63,true,1,
=======
7290000572529,false,חלוה עם פיסטוק אחווה 400 גרם,אחדות ביתחרושת לטחינה חלבה,IL,חלווה פיסטוק,גרמים,400.00,100 גרם,false,0,8.80,2.20,true,1,
7290000572536,false,אחווה חלווה ווניל במגש 400 גר,אחדות ביתחרושת לטחינה חלבה,IL,חלווה וניל400ג,גרמים,400.00,100 גרם,false,0,9.80,2.45,true,1,
7290000572543,false,חלוה בטעם שוקו וניל אחווה 400 גרם,אחדות ביתחרושת לטחינה חלבה,IL,חלווה 400 גרם,גרמים,400.00,100 גרם,false,0,9.80,2.45,true,1,
7290000572611,false,תרכיז פטל 4 ליטר אחוה *,"אחדות ביח""ר לטחינה",IL,סירופ פטל,ליטרים,4.00,ליטר,false,0,66.00,16.50,true,1,
7290000572628,false,חלבה חטיף לייט 25 ג* 11יח קופ`שי אחוה,שוורצקוף& הנקל דיסלד,IL,חטיף חלווה לייט,גרמים,275.00,100 גרם,false,0,8.90,3.24,true,1,
7290000572673,false,חלבה וניל קקאו ואגוזים אחוה (25x12 גרם),שוורצקוף& הנקל דיסלד,IL,חלוה 10 קופסת שי,גרמים,300.00,100 גרם,false,0,7.90,2.63,true,1,
>>>>>>> d048ac2f4f281c9d788043ab4e81b61b0dbe3743
7290000572802,false,טחינה אורגנית משומשום מלא אחוה 500 גרם,"אחדות בע""מ א.ת. ברקן",IL,טחינה 500 גרם,גרמים,500.00,100 גרם,false,0,10.90,2.18,true,1,
7290000572819,false,"אחוה טחינה גולמית 1 ק""ג בפלסטיק",אחדות ביחר לטחינה חל,IL,טחינה גולמית,קילוגרמים,1.00,"ק""ג",false,0,17.80,17.80,true,1,
7290000596044,false,"קרקר שומשום הדר 1ק""ג",אפיפית נצרת,IL,קרם קרקר הדר,גרמים,900.00,100 גרם,false,0,19.90,2.21,true,1,
7290000598116,false,"מצות יהודה 1.5 ק""ג חמץ",מצות יהודה,IL,מצות קרטון(חמץ,קילוגרמים,1.50,"ק""ג",false,0,24.90,16.60,true,1,
7290000598130,false,מצות יהודה 400 ג' חמץ כחול,מצות יהודה,IL,מצות (חמץ) 400,גרמים,400.00,100 גרם,false,0,15.90,3.98,true,1,
7290000598147,false,קמח מצה חמץ יהודה 50,מצות יהודה,IL,קמח מצה חמץ,גרמים,500.00,100 גרם,false,0,6.50,1.30,true,1,
7290000598550,false,ביסקויט,,IL,ביסקויט,גרמים,900.00,100 גרם,false,0,15.90,1.77,true,1,
7290000598628,false,"עוגיות חמאה 2.5 ק""ג",,IL,עוגיות יהודה,קילוגרמים,2.50,"ק""ג",false,0,39.90,15.96,true,1,
7290000598680,false,"פתי בר 1.8 ק""ג מצות יהודה",מצות יהודה,IL,פתיבר,קילוגרמים,1.80,"ק""ג",false,0,23.90,13.28,true,1,
7290000598895,false,עוגיות שוקוציפס 600,מצות יהודה,IL,עוגיות שוקוצ'י,גרמים,600.00,100 גרם,false,0,15.90,2.65,true,1,
7290000598918,false,עוגיות בטעם חמאה יהו,מצות יהודה,IL,עוגיות,קילוגרמים,1.50,"ק""ג",false,0,24.90,16.60,true,1,
7290000598949,false,מצות יהודה קמח מלא 300 ג' חמץ,מצות יהודה,,מצות מקמח מלא,גרמים,300.00,100 גרם,false,0,16.50,5.50,true,1,
7290000598956,false,קמח מצה מחיטה מלאה יהודה 400 גר',,,קמח מצות,גרמים,400.00,100 גרם,false,0,8.90,2.23,true,1,
7290000604039,false,ביצים בינוניות M תנובה 12 יחידות,תנובה,,ביצים M 12 יח',יחידה,1.00,יחידה,false,0,10.40,10.40,true,1,
7290000646299,false,פילה נסיכת הנילוס 100% דג קפוא תנובה,תנובה מרכז שיתופי לשיווק תוצרת,IL,פילה נסיכת נילוס,קילוגרמים,0.00,"ק""ג",true,1,48.90,48.90,true,1,
7290000654294,false,שניצל עוף קפוא - מחפוד ל,,IL,שניצל עוף - מחפו,גרמים,0.00,"ק""ג",true,1,34.90,34.90,true,1,
<<<<<<< HEAD
7290000663135,false,קוביות סלומון קפוא 100% דג 300 גרם תנובה,"צ'\ילה, Ll MONTT, PUERTO",CL,קוביות סלמון קפו,גרמים,300.00,100 גרם,false,1,29.90,9.97,true,1,
7290000663166,false,דג פילה הייק דרום אפריקאי,דגי תנובה,IL,פילה בקלה קפוא,קילוגרמים,0.00,"ק""ג",true,1,39.90,39.90,true,1,
=======
7290000663135,false,קוביות סלומון קפוא 100% דג 300 גרם תנובה,תנובה מרכז שיתופי לשיווק תוצרת,CL,קוביות סלמון קפו,גרמים,300.00,100 גרם,false,1,29.90,9.97,true,1,
7290000663166,false,פילה הייק דרום אפריקאי קפוא,תנובה קפואים,IL,פילה בקלה קפוא,קילוגרמים,0.00,"ק""ג",true,1,39.90,39.90,true,1,
>>>>>>> d048ac2f4f281c9d788043ab4e81b61b0dbe3743
7290000682204,false,אטריות סבתא דקיקות 400 גרם,שיבולים בני דרום,IL,אטריות סבתא,גרמים,400.00,100 גרם,false,0,4.50,1.13,true,1,
7290000682211,false,פתיתים אפויים 500ג' שיבולים,שיבולים,IL,פתיתים אפויים,גרמים,500.00,100 גרם,false,0,3.90,0.78,true,1,
7290000682518,false,אטריות סבתא בינוניות400ג,שיבולים בני דרום,IL,אטריות סבתא 400ג,גרמים,400.00,100 גרם,false,0,4.50,1.13,true,1,
7290000682525,false,אטריות סבתא רחבות 400 גר,שיבולים,IL,איטריות סבתא,גרמים,400.00,100 גרם,false,0,4.50,1.13,true,1,
7290000682532,false,אטריות סבתא דקיקות 400 ג,שיבולים בני דרום,IL,איטריות סבתא,גרמים,400.00,100 גרם,false,0,4.50,1.13,true,1,
7290000688381,false,מים מינרלים פקק ספורט מי עדן (500x6 מל),יפאורה שותפות מוגבלת לשיווק,IL,מי עדן אישי 6 בק,ליטרים,3.00,ליטר,false,0,11.90,3.97,true,1,
7290000692203,false,נוזל לניקוי כללי ורצפות בניחוח לימון אג'קס 2 ליטר,הנסיך- מפעל לייצור ט,GR,אג'קס ניקוי כללי,ליטרים,2.00,ליטר,false,0,17.90,8.95,true,1,
7290000692210,false,נוזל לניקוי כללי ורצפות בניחוח לבנדר אג'קס 2 ליטר,הנסיך- מפעל לייצור ט,GR,אג'קס ניקוי כללי,ליטרים,2.00,ליטר,false,0,17.90,8.95,true,1,
7290000803067,false,"משחת שיניים לילדים גילאים 6-2 אלמקס 75 מ""ל",הנסיך- מפעל לייצור ט,PL,משחת שיניים,מיליליטרים,75.00,"100 מ""ל",false,0,9.90,13.20,true,1,
7290000803180,false,"מרידול-שטיפת פה דנטלית 400 מ""ל",קולגייט פלמוליב,CH,שטיפה מרידול,מיליליטרים,400.00,"100 מ""ל",false,0,22.90,5.73,true,1,
7290000804484,false,אלמקס שטיפת פה דנטלית למניעת עששת 400מל,קולגייט פלמוליב,CH,מי פה אלמקס,מיליליטרים,400.00,"100 מ""ל",false,0,19.90,4.98,true,1,
7290000849478,false,"סרקל מרכך שיער לילדים 500 מ""ל",פישר מעבדות פרמצבטיות בע,IL,מרכך שיער סרקל,מיליליטרים,500.00,"100 מ""ל",false,0,15.90,3.18,true,1,
7290000901886,true,בוטנים מולבנים חצאים .,,IL,בוטנים מולבנים,גרמים,0.00,"ק""ג",true,1,28.00,28.00,true,1,
7290000902265,true,שקד טבעי קטן .,,IL,שקד טבעי קטן,גרמים,0.00,"ק""ג",true,1,49.00,49.00,true,1,
7290000903231,true,בונדוק מולבן,,IL,בונדוק מולבן,גרמים,0.00,"ק""ג",true,1,88.00,88.00,true,1,
7290000903279,true,תמר מג'הול זהב .,,IL,תמר מג'הול זהב,גרמים,0.00,"ק""ג",true,1,58.00,58.00,true,1,
7290000904467,true,זנגוויל דל סוכר .,,IL,זנגוויל דל סוכר,גרמים,0.00,"ק""ג",true,1,38.00,38.00,true,1,
7290000904474,true,אגסים טבעי .,,IL,אגסים טבעי,גרמים,0.00,"ק""ג",true,1,74.00,74.00,true,1,
7290000904535,true,מנצ'ס,,IL,מנצ'ס,גרמים,0.00,"ק""ג",true,1,44.00,44.00,true,1,
7290000904573,true,מנצ'ס מעורב,,IL,מנצ'ס מעורב,גרמים,0.00,"ק""ג",true,1,39.00,39.00,true,1,
7290000904702,true,קרנצוס פינאטס .,,IL,קרנצוס פינאטס,גרמים,0.00,"ק""ג",true,1,40.00,40.00,true,1,
7290000904719,true,פינאטס עם סוכר,,IL,פינאטס עם סוכר,גרמים,0.00,"ק""ג",true,1,38.00,38.00,true,1,
7290000904733,true,פינאטס ללא סוכר,,IL,פינאטס ללא סוכר,גרמים,0.00,"ק""ג",true,1,38.00,38.00,true,1,
7290000904740,true,קוקוס רצועות טבעי,,IL,קוקוס רצועות טב,גרמים,0.00,"ק""ג",true,10,74.00,74.00,true,1,
7290000904764,true,גרעיני דלעת מסוכר .,,IL,גרעיני דלעת מסו,גרמים,0.00,"ק""ג",true,1,48.00,48.00,true,1,
7290000904771,true,ציה .,,IL,ציה,גרמים,0.00,"ק""ג",true,1,29.00,29.00,true,1,
7290000904801,true,שומשום לבן .,,IL,שומשום לבן,גרמים,0.00,"ק""ג",true,1,20.00,20.00,true,1,
7290000904818,true,כוסמת .,,IL,כוסמת,גרמים,0.00,"ק""ג",true,1,12.00,12.00,true,1,
7290000904849,true,חיטה .,,IL,חיטה,גרמים,0.00,"ק""ג",true,1,9.00,9.00,true,1,
7290000904856,true,פישתן .,,IL,פישתן,גרמים,0.00,"ק""ג",true,1,18.00,18.00,true,1,
7290000904863,true,שומשום חום .,,IL,שומשום חום,גרמים,0.00,"ק""ג",true,1,28.00,28.00,true,1,
7290000904887,true,גריסי פנינה .,,IL,גריסי פנינה,גרמים,0.00,"ק""ג",true,1,9.00,9.00,true,1,
7290000904900,true,עדשים ירוקות,,IL,עדשים ירוקות,גרמים,0.00,"ק""ג",true,1,12.00,12.00,true,1,
7290000904962,true,תירס לפופקורן .,,IL,תירס לפופקורן,גרמים,0.00,"ק""ג",true,1,12.00,12.00,true,1,
7290000905075,true,אפונה ירוקה יבשה .,,IL,אפונה ירוקה יבשה,גרמים,0.00,"ק""ג",true,1,10.00,10.00,true,1,
7290000905082,true,שעועית בובס/לימה .,,IL,שעועית בובס/לימה,גרמים,0.00,"ק""ג",true,1,23.00,23.00,true,1,
7290000905105,true,שעועית אמרקאית .,,IL,שעועית אמרקאית,גרמים,0.00,"ק""ג",true,1,14.00,14.00,true,1,
7290000905112,true,שעועית אדומה .,,IL,שעועית אדומה,גרמים,0.00,"ק""ג",true,1,14.00,14.00,true,1,
7290000905129,true,חומוס מקסיקני גדול .,,IL,חומוס מקסיקני גד,גרמים,0.00,"ק""ג",true,1,18.00,18.00,true,1,
7290000906591,true,נוגט .,,IL,נוגט,גרמים,0.00,"ק""ג",true,1,78.00,78.00,true,1,
7290000906829,true,שמיר יבש .,,IL,שמיר יבש,גרמים,0.00,"ק""ג",true,1,110.00,110.00,true,1,
7290000906836,true,כוסברה גרגירים .,,IL,כוסברה גרגירים,גרמים,0.00,"ק""ג",true,1,40.00,40.00,true,1,
7290000906881,true,אורגנו .,,IL,אורגנו,גרמים,0.00,"ק""ג",true,1,98.00,98.00,true,1,
7290000906898,true,תיבול אורז .,,IL,תיבול אורז,גרמים,0.00,"ק""ג",true,1,78.00,78.00,true,1,
7290000906928,true,חוויג' למרק תמני .,,IL,חוויג' למרק תמני,גרמים,0.00,"ק""ג",true,1,65.00,65.00,true,1,
7290000906942,true,טוסקנה .,,IL,טוסקנה,גרמים,0.00,"ק""ג",true,1,78.00,78.00,true,1,
7290000906966,true,שבבי בצל יבש .,,IL,שבבי בצל יבש,גרמים,0.00,"ק""ג",true,1,58.00,58.00,true,1,
7290000906980,true,שומשום שחור .,,IL,שומשום שחור,גרמים,0.00,"ק""ג",true,1,40.00,40.00,true,1,
7290000907017,true,תערובת פילדלפי .,,IL,תערובת פילדלפי,גרמים,0.00,"ק""ג",true,1,78.00,78.00,true,1,
7290000915371,true,מאפים חלבי,,IL,מאפים חלבי,גרמים,0.00,"ק""ג",true,1,35.00,35.00,true,1,
7290000915647,true,אגוז מלך גרוס תפזורת,,IL,אגוז מלך גרוס,קילוגרמים,0.00,"ק""ג",true,1,68.00,68.00,true,1,
7290000915654,true,גומי וג'לי,,IL,גומי וג'לי,גרמים,0.00,"ק""ג",true,1,59.00,59.00,true,1,
7290000915661,true,שוקולד במשקל ארוז לפי שק,,IL,שוקולד במשקל,גרמים,0.00,"ק""ג",true,1,64.00,64.00,true,1,
7290000916224,true,באגט יחי',,IL,באגט,יחידה,1.00,יחידה,false,1,3.00,3.00,true,1,
7290000917412,true,לחמניה אצבע,,IL,לחמניה אצבע,יחידה,1.00,יחידה,false,1,1.50,1.50,true,1,
7290000919270,true,סופגניה יחי',,IL,סופגניה,יחידה,1.00,יחידה,false,1,3.00,3.00,true,1,
7290000919843,true,סופגניה גדולה,,IL,סופגניה גדולה,יחידה,1.00,יחידה,false,1,5.00,5.00,true,1,
7290000922331,true,אבטיח שלם,,IL,אבטיח,קילוגרמים,0.00,"ק""ג",true,1,7.90,7.90,true,1,
7290000922379,true,חבושים***חול***,,IL,חבושים***חול***,קילוגרמים,0.00,"ק""ג",true,1,20.00,20.00,true,1,
7290000922393,true,לחמניה מזונות,,IL,לחמניה מזונות,יחידה,1.00,יחידה,false,1,2.00,2.00,true,1,
7290000922522,true,גרעין אבטיח קלוי,,IL,גרעין אבטיח קלוי,גרמים,0.00,"ק""ג",true,1,58.00,58.00,true,1,
7290000922539,true,ראס אל חנות .,,IL,ראס אל חנות .,גרמים,0.00,"ק""ג",true,1,68.00,68.00,true,1,
7290000922546,true,מקדמיה טבעית במשקל .,,IL,מקדמיה טבעית,קילוגרמים,0.00,"ק""ג",true,1,135.00,135.00,true,1,
7290000922553,true,שקד בקליפה קלוי במשקל לפ,,IL,שקד בקליפה קלוי,גרמים,0.00,"ק""ג",true,1,64.00,64.00,true,1,
7290000922560,true,בונדוק טבעי,,IL,בונדוק טבעי,קילוגרמים,0.00,"ק""ג",true,1,58.00,58.00,true,1,
7290000922584,true,פקאן קלוף טבעי,,IL,פקאן קלוף טבעי,גרמים,0.00,"ק""ג",true,1,98.00,98.00,true,1,
7290000922614,true,מנגו מיובש ללא סוכר,קטיף.,IL,מנגו ללא סוכר,גרמים,0.00,"ק""ג",true,1,98.00,98.00,true,1,
7290000922652,true,שקד קלוי,,IL,שקד קלוי,גרמים,0.00,"ק""ג",true,1,88.00,88.00,true,1,
7290000922690,true,פיסטוק טבעי,,IL,פיסטוק טבעי,גרמים,0.00,"ק""ג",true,1,59.00,59.00,true,1,
7290000922850,true,תפוח אדמה אדום בתפזורת .,,IL,"תפו""א אדום בתפזו",גרמים,0.00,"ק""ג",true,1,6.90,6.90,true,1,
7290000922867,true,גזר בתפזורת,,IL,גזר בתפזורת,גרמים,0.00,"ק""ג",true,1,6.90,6.90,true,1,
7290000922928,true,ערמונים,,IL,ערמונים,גרמים,0.00,"ק""ג",true,1,19.90,19.90,true,1,
7290000922942,true,לפת,,IL,לפת,גרמים,0.00,"ק""ג",true,1,6.90,6.90,true,1,
7290000924847,true,אגס חום/אדום,,IL,אגס חום/אדום,קילוגרמים,0.00,"ק""ג",true,1,15.90,15.90,true,1,
7290000925202,true,שורש פטרוזיליה,,IL,שורש פטרוזיליה,יחידה,1.00,יחידה,false,1,9.90,9.90,true,1,
7290000925394,true,ראש סלרי יחי',,IL,ראש סלרי,יחידה,1.00,יחידה,false,1,9.90,9.90,true,1,
7290000925592,true,ג'ינג'ר בתפזורת לפי משקל,,IL,ג'ינג'ר בתפזורת,גרמים,0.00,"ק""ג",true,1,29.90,29.90,true,1,
7290000925639,true,קישוא עגול,,IL,קישוא עגול,קילוגרמים,0.00,"ק""ג",true,1,9.90,9.90,true,1,
7290000925714,true,חזרת במשקל,,IL,חזרת במשקל,קילוגרמים,0.00,"ק""ג",true,1,49.90,49.90,true,1,
7290000925790,true,תות שדה מוקפא לפי משקל,,IL,תות שדה מוקפא,גרמים,0.00,"ק""ג",true,1,40.00,40.00,true,1,
7290000925837,true,ראש קוקוס ליחי',,IL,ראש קוקוס,יחידה,1.00,יחידה,false,1,4.90,4.90,true,1,
7290000926216,true,קצח במשקל לפי משקל,,IL,קצח במשקל,גרמים,0.00,"ק""ג",true,1,48.00,48.00,true,1,
7290000926391,true,פומלה אדומה מחיר לפי משק,,IL,פומלה אדומה,קילוגרמים,0.00,"ק""ג",true,1,9.90,9.90,true,1,
7290000926575,true,לחמניה כוסמין,,IL,לחמניה כוסמין,יחידה,1.00,יחידה,false,1,2.50,2.50,true,1,
7290000926643,true,מאפים פרווה,,IL,מאפים פרווה,קילוגרמים,0.00,"ק""ג",true,1,35.00,35.00,true,1,
7290000927626,true,פופקורן גדול,,IL,פופקורן גדול,יחידה,1.00,יחידה,false,1,5.00,5.00,true,1,
7290000929958,true,אננס בטעמים לפי משקל,,IL,אננס בטעמים,גרמים,0.00,"ק""ג",true,1,36.00,36.00,true,1,
7290000930039,true,שקד ישראלי,,IL,שקד ישראלי,גרמים,0.00,"ק""ג",true,1,55.00,55.00,true,1,
7290000933696,true,"חמוציות ללת""ס",,IL,"חמוציות ללת""ס",גרמים,0.00,"ק""ג",true,1,58.00,58.00,true,1,
7290000933924,true,שום טרי לפי משקל,,IL,שום טרי לפי משקל,קילוגרמים,0.00,"ק""ג",true,1,24.90,24.90,true,1,
7290000934860,true,תפוח עץ גרנד/סמיט ב.ש.,,IL,תפוח עץ גרנד/סמי,גרמים,0.00,"ק""ג",true,1,9.90,9.90,true,1,
7290000935201,true,מנגו דל סוכר מחיר לפי מ,,IL,מנגו דל סוכר,גרמים,0.00,"ק""ג",true,1,68.00,68.00,true,1,
7290000937427,true,אננס מיובש טבעי ללא סוכר,,IL,אננס מיובש טבעי,גרמים,0.00,"ק""ג",true,1,88.00,88.00,true,1,
7290000937519,true,אננס יבוא יחידה,,IL,אננס יבוא יחידה,יחידה,1.00,יחידה,false,1,29.90,29.90,true,1,
7290000937526,true,כרוב לבן ירוק למהדרין,,IL,כרוב לבן ירוק למ,גרמים,0.00,"ק""ג",true,1,14.90,14.90,true,1,
7290000938509,true,"תפו""א לבן בתפזורת .",,IL,"תפו""א לבן בתפזור",גרמים,0.00,"ק""ג",true,1,6.90,6.90,true,1,
7290000938516,true,זוקיני ירוק,,IL,זוקיני ירוק,גרמים,0.00,"ק""ג",true,1,14.90,14.90,true,1,
7290000938561,true,שקד אמריקאי,,IL,שקד אמריקאי,גרמים,0.00,"ק""ג",true,1,57.00,57.00,true,1,
7290000950495,true,צלחות פיצוחים פיצוחי מזר,,IL,צלחות פיצוחים,גרמים,0.00,"ק""ג",true,1,80.00,80.00,true,1,
7290000950518,true,צלחות ממתקים פיצוחי מזרח,,IL,צלחות ממתקים,גרמים,0.00,"ק""ג",true,1,58.00,58.00,true,1,
7290000950549,true,פקאן לוטוס פיצוחי מזרחי,,IL,פקאן לוטוס,גרמים,0.00,"ק""ג",true,1,98.00,98.00,true,1,
7290000950556,true,בונדוק לוטוס פיצוחי מזרח,,IL,בונדוק לוטוס,גרמים,0.00,"ק""ג",true,1,98.00,98.00,true,1,
7290000952062,true,ג'ינג'ר לפי משקל,,IL,"סלק ***חו""ל*** י",קילוגרמים,0.00,"ק""ג",true,1,9.90,9.90,true,1,
7290000952185,true,צנון שחור לפי משקל,,IL,"חציל ***חו""ל***",קילוגרמים,0.00,"ק""ג",true,1,9.90,9.90,true,1,
7290000952338,true,תפוחים פרימיום,,IL,תפוחים פרימיום,גרמים,0.00,"ק""ג",true,1,13.90,13.90,true,1,
7290000953861,true,קרעה ירקות,,IL,קרעה ירקות,גרמים,0.00,"ק""ג",true,1,19.90,19.90,true,1,
7290000953991,true,תמר צהוב טרי לברכת שהחיי,,IL,תמר צהוב טרי לבר,גרמים,0.00,"ק""ג",true,1,17.90,17.90,true,1,
7290000955292,true,כרוב לבן שלם,,IL,"קישוא ***חו""ל***",גרמים,0.00,"ק""ג",true,1,9.90,9.90,true,1,
7290000955322,true,טורט משופר,,IL,טורט משופר,גרמים,0.00,"ק""ג",true,1,39.00,39.00,true,1,
7290000955339,true,טורט דבש,,IL,טורט דבש,גרמים,0.00,"ק""ג",true,1,39.00,39.00,true,1,
7290000955346,true,"עגבניה ***חו""ל*** ייבוא",,IL,"עגבניה ***חו""ל**",גרמים,0.00,"ק""ג",true,1,8.90,8.90,true,1,
7290000955490,true,"מלפפון ***חו""ל*** ייבוא",,IL,"מלפפון ***חו""ל**",קילוגרמים,0.00,"ק""ג",true,1,8.90,8.90,true,1,
7290000955575,true,"בצל אדום**חו""ל** ב",,IL,"בצל אדום**חו""ל**",קילוגרמים,0.00,"ק""ג",true,1,7.90,7.90,true,1,
7290000955582,true,"פלפל ירוק**חו""ל** ב.שדה",,IL,"פלפל ירוק**חו""ל*",גרמים,0.00,"ק""ג",true,1,13.90,13.90,true,1,
7290000955599,true,"פלפל כתום**חו""ל** ב.שדה",,IL,"פלפל כתום**חו""ל*",קילוגרמים,0.00,"ק""ג",true,1,13.90,13.90,true,1,
7290000955612,true,"קישוא עגול**חו""ל*** ייבו",,IL,"קישוא עגול**חו""ל",קילוגרמים,0.00,"ק""ג",true,1,14.90,14.90,true,1,
7290000955629,true,"גזר**חו""ל*** ייבוא לשמיט",,IL,"גזר**חו""ל***",גרמים,0.00,"ק""ג",true,1,5.90,5.90,true,1,
7290000955766,true,"פלפל חריף**חו""ל** פלפל ח",,IL,"פלפל חריף**חו""ל*",גרמים,0.00,"ק""ג",true,1,17.90,17.90,true,1,
7290000955773,true,"פלפל צהוב**חו""ל** פלפל צ",,IL,"פלפל צהוב**חו""ל*",גרמים,0.00,"ק""ג",true,1,16.90,16.90,true,1,
7290000955872,true,פלפלונים ערבה צפונית,,IL,פלפלונים,גרמים,0.00,"ק""ג",true,1,29.90,29.90,true,1,
7290000955902,true,"עגבנייה שרי**חו""ל** שדה",,IL,"עגבנייה שרי**חו""",קילוגרמים,0.00,"ק""ג",true,1,16.90,16.90,true,1,
7290000955926,true,תפוז אדום,,IL,תפוז אדום,גרמים,0.00,"ק""ג",true,1,6.90,6.90,true,1,
7290000955933,true,תפוז סיני-ירקניה,,IL,תפוז סיני-ירקניה,גרמים,0.00,"ק""ג",true,1,19.90,19.90,true,1,
7290000955964,true,צנוניות נכרי הלפרין,,IL,צנוניות נכרי,גרמים,0.00,"ק""ג",true,1,24.90,24.90,true,1,
7290000955988,true,דלעת במשקל,,IL,דלעת במשקל,גרמים,0.00,"ק""ג",true,1,9.90,9.90,true,1,
7290000955995,true,תפו''א לאפיה בכורי שדה,,IL,תפו''א לאפיה,קילוגרמים,0.00,"ק""ג",true,1,5.90,5.90,true,1,
7290000956008,true,חזרת **חו''ל** בכורי שדה,,IL,חזרת **חו''ל**,גרמים,0.00,"ק""ג",true,1,34.90,34.90,true,1,
7290000956022,true,"ג'ינג'ר **חו""ל** הלפרין",,IL,"ג'ינג'ר **חו""ל**",קילוגרמים,0.00,"ק""ג",true,1,39.90,39.90,true,1,
7290000956039,true,דובדבן ארוז,,,דובדבן ארוז,יחידה,1.00,יחידה,false,0,19.90,19.90,true,1,
7290000956091,true,רימון פרמיום נכרי,,IL,רימון פרמיום נכר,גרמים,0.00,"ק""ג",true,1,14.90,14.90,true,1,
7290000956350,true,באגט קמח מלא,,IL,באגט קמח מלא,יחידה,1.00,יחידה,false,1,3.50,3.50,true,1,
7290000956558,true,לחם שום,,IL,לחם שום,יחידה,1.00,יחידה,false,1,5.00,5.00,true,1,
7290000961552,true,פלפל כתום,קטיף.,IL,פלפל כתום,קילוגרמים,0.00,"ק""ג",true,0,7.90,7.90,true,1,
7290000962474,true,חציל בלדי,קטיף.,IL,חציל בלדי,קילוגרמים,0.00,"ק""ג",true,0,6.90,6.90,true,1,
7290000963105,true,תפוח עץ זהוב יבוא,קטיף.,XX,"תפו""ע זהוב",קילוגרמים,0.00,"ק""ג",true,0,9.90,9.90,true,1,
7290000963235,true,תפוח עץ סטרקינג 75,קטיף.,XX,"תפו""ע סטרקינג",קילוגרמים,0.00,"ק""ג",true,0,9.90,9.90,true,1,
7290000963426,true,תפוח עץ גאלה 70,קטיף.,XX,תפוח עץ גאלה,קילוגרמים,0.00,"ק""ג",true,0,9.90,9.90,true,1,
7290000963969,true,נקטרינה 55,קטיף.,IL,נקטרינה,קילוגרמים,0.00,"ק""ג",true,0,16.90,16.90,true,1,
7290000964300,true,תפוז,קטיף.,IL,תפוז,קילוגרמים,0.00,"ק""ג",true,0,6.90,6.90,true,1,
7290000964362,true,פומלה לבנה,קטיף.,IL,פומלה לבנה,קילוגרמים,0.00,"ק""ג",true,0,9.90,9.90,true,1,
7290000964379,true,אשכולית לבנה,קטיף.,IL,אשכולית לבנה,קילוגרמים,0.00,"ק""ג",true,0,5.90,5.90,true,1,
7290000964461,true,פומלית,קטיף.,IL,פומלית,קילוגרמים,0.00,"ק""ג",true,0,6.90,6.90,true,1,
7290000964492,true,לימון תפזורת,קטיף.,IL,לימון,קילוגרמים,0.00,"ק""ג",true,0,9.90,9.90,true,1,
7290000964560,true,קלמנטינה,קטיף.,IL,קלמנטינה,קילוגרמים,0.00,"ק""ג",true,0,6.90,6.90,true,1,
7290000964607,true,קלמנטינה ברשת,קטיף.,IL,קלמנטינה ברשת,קילוגרמים,0.00,"ק""ג",true,0,4.90,4.90,true,1,
7290000964775,true,בננות,קטיף.,IL,בננה,קילוגרמים,0.00,"ק""ג",true,0,7.90,7.90,true,1,
7290000964812,true,אגס ספדונה 50,קטיף.,IL,אגס ספדונה,קילוגרמים,0.00,"ק""ג",true,0,11.90,11.90,true,1,
7290000964980,true,אבוקדו,קטיף.,IL,אבוקדו,קילוגרמים,0.00,"ק""ג",true,0,15.90,15.90,true,1,
7290000965055,true,מלון מובחר,קטיף.,IL,מלון מובחר,קילוגרמים,0.00,"ק""ג",true,0,8.90,8.90,true,1,
7290000966304,true,אפרסמון מובחר 70,קטיף.,IL,אפרסמון,קילוגרמים,0.00,"ק""ג",true,1,7.90,7.90,true,1,
7290000966625,true,גויאבה,,IL,גויאבה,קילוגרמים,0.00,"ק""ג",true,1,14.90,14.90,true,1,
7290000966656,true,קיווי מובחר שקיל,קטיף.,IL,קיווי,קילוגרמים,0.00,"ק""ג",true,0,12.90,12.90,true,1,
7290000970684,true,פקאן קליפה טבעי לפי משקל,,IL,פקאן קליפה טבעי,גרמים,0.00,"ק""ג",true,1,65.00,65.00,true,1,
7290000970776,true,מקדמיה קלוי לפי משקל,,IL,מקדמיה קלוי,גרמים,0.00,"ק""ג",true,1,165.00,165.00,true,1,
7290000973234,true,קליפות הדר מסוכרות לפי מ,,IL,קליפות הדר מסוכר,גרמים,0.00,"ק""ג",true,1,48.00,48.00,true,1,
7290000973937,true,גרעינים שחורים קלוי לפי,,IL,גרעינים שחורים ק,גרמים,0.00,"ק""ג",true,1,30.00,30.00,true,1,
7290000974903,true,פקאן סיני מתוק,,IL,פקאן סיני מתוק,גרמים,0.00,"ק""ג",true,1,98.00,98.00,true,1,
7290000975078,true,פקאן מקולף קלוי לפי משקל,,IL,פקאן מקולף קלוי,גרמים,0.00,"ק""ג",true,1,120.00,120.00,true,1,
7290000975221,true,גומי טעמים שונים לפי משק,,IL,גומי טעמים שונים,גרמים,0.00,"ק""ג",true,1,59.00,59.00,true,1,
7290000976006,true,קשיו מסוכר,,IL,קשיו מסוכר,גרמים,0.00,"ק""ג",true,1,88.00,88.00,true,1,
7290000976693,true,שקד מסוכר,,IL,שקד מסוכר,גרמים,0.00,"ק""ג",true,0,88.00,88.00,true,1,
7290000976853,true,שקד טבעי בקליפה תפזורת,דין שיווק,IL,שקד טבעי בקליפה,גרמים,0.00,"ק""ג",true,0,39.00,39.00,true,1,
7290000977164,true,תפוח עץ יבש תפזורת,,IL,תפוח-עץ יבש,גרמים,0.00,"ק""ג",true,0,58.00,58.00,true,1,
7290000977201,true,אננס מסוכר תפזורת,קטיף.,IL,אננס מסוכר,גרמים,0.00,"ק""ג",true,0,38.00,38.00,true,1,
7290000977805,true,תמר מגהול גדול,דין שיווק,IL,תמר מהגו'ל,גרמים,0.00,"ק""ג",true,0,44.00,44.00,true,1,
7290000977836,true,מעורב טבעי תפזורת,,IL,מעורב טבעי,גרמים,0.00,"ק""ג",true,0,70.00,70.00,true,1,
7290000978017,true,שזיפים אמריקאים ענק תפז,דין שיווק,US,שזיפים אמריקאי,גרמים,0.00,"ק""ג",true,0,48.00,48.00,true,1,
7290000978185,true,צמוק כהה תפזורת,קטיף.,IL,צמוק כהה,גרמים,0.00,"ק""ג",true,0,30.00,30.00,true,1,
7290000978482,true,תות שדה יבש תפזורת,,IL,תות שדה יבש,גרמים,0.00,"ק""ג",true,0,78.00,78.00,true,1,
7290000979564,true,בוטן קלוי קלוף,,IL,בוטן קלוי קלוף,גרמים,0.00,"ק""ג",true,0,39.00,39.00,true,1,
7290000980256,true,גרעיני דלעת קלוי,,IL,גרעיני דלעת קלוי,גרמים,0.00,"ק""ג",true,1,54.00,54.00,true,1,
7290000980287,true,פסטוק קלוי במשקל,,IL,פיסטוק קלוי,גרמים,0.00,"ק""ג",true,1,88.00,88.00,true,1,
7290000980379,true,קשיו קלוי יאיר,,IL,קשיו קלוי,גרמים,0.00,"ק""ג",true,1,88.00,88.00,true,1,
7290000980393,true,מעורב פיצוחים קלוי במשקל,,IL,מעורב קלוי פיצוח,גרמים,0.00,"ק""ג",true,1,88.00,88.00,true,1,
7290000980706,true,אגוז מלך בקליפה לפי משקל,,IL,אגוז מלך בקליפה,גרמים,0.00,"ק""ג",true,1,25.00,25.00,true,1,
7290000981574,true,אגוזי מלך קלוף טבעי,,IL,אגוזי מלך קלוף,גרמים,0.00,"ק""ג",true,1,59.00,59.00,true,1,
7290000987675,true,שקד קלוף מולבן,,IL,שקד מולבן,גרמים,0.00,"ק""ג",true,0,74.00,74.00,true,1,
7290000988320,true,בוטנים טבעיים תפז-ת.השדה,,IL,בוטנים טבעיים,גרמים,0.00,"ק""ג",true,0,28.00,28.00,true,1,
7290000989778,true,חמוציות מיובשות מסוכרות,דין שיווק,IL,חמוציות תפזורת,גרמים,0.00,"ק""ג",true,0,34.00,34.00,true,1,
7290000991467,true,סטייק אנטריקוט פרוס,,IL,סטייק אנטריקוט,קילוגרמים,0.00,"ק""ג",true,1,129.90,129.90,true,1,
7290000991528,true,צימוק לבן קטן תפזורת,,IL,צימוק לבן קטן,קילוגרמים,0.00,"ק""ג",true,0,34.00,34.00,true,1,
7290000991719,true,הל שלם במשקל לפי משקל,,IL,הל שלם במשקל,גרמים,0.00,"ק""ג",true,1,220.00,220.00,true,1,
7290000992563,true,דלעת ערמונים,קטיף.,IL,דלעת ערמונים,קילוגרמים,0.00,"ק""ג",true,0,9.90,9.90,true,1,
7290000992747,true,"פינק ליידי תפ""ע",,IL,"פינק ליידי תפ""ע",גרמים,0.00,"ק""ג",true,1,15.90,15.90,true,1,
7290000995410,true,נבטים בחבילה,נבטי העמק,IL,נבטים בחבילה-יח',יחידה,1.00,יחידה,false,0,5.90,5.90,true,1,
7290000999296,true,אגס נאשי,,IL,אגס נאשי,קילוגרמים,0.00,"ק""ג",true,1,15.90,15.90,true,1,
7290000999579,true,"תפו""א לבן ארוז במשקל",קטיף,IL,"תפו""א לבן ארוז",קילוגרמים,0.00,"ק""ג",true,1,5.90,5.90,true,1,
7290000999586,true,"תפו""א אדום ארוז במשקל",קטיף,IL,"תפו""א אדום ארוז",קילוגרמים,0.00,"ק""ג",true,1,6.90,6.90,true,1,
7290001003862,false,עוף קפוא מס 2 ביסטריצקי,"עוף ירושלים מהדרין בע""מ",IL,עוף קפוא חבד,גרמים,0.00,"ק""ג",true,1,24.90,24.90,true,1,
7290001003886,false,כרעיים עוף קפוא כשרות ביסטריצקי,"עוף ירושלים מהדרין בע""מ",IL,כרעיים עוף חבד,גרמים,0.00,"ק""ג",true,1,35.90,35.90,true,1,
7290001003916,false,חזה עוף קפוא כשרות ביסטריצקי,"עוף ירושלים מהדרין בע""מ",IL,חזה עוף קפוא חבד,גרמים,0.00,"ק""ג",true,1,33.90,33.90,true,1,
7290001003923,false,כנפיים עוף קפוא ארוז ביסטריצקי,"עוף ירושלים מהדרין בע""מ",IL,"כנפיים עוף חב""ד",גרמים,0.00,"ק""ג",true,1,15.90,15.90,true,1,
7290001003954,false,שניצל עוף קפוא כשרות ביסטריצקי,"עוף ירושלים מהדרין בע""מ",IL,שניצל עוף חבד,גרמים,0.00,"ק""ג",true,1,34.90,34.90,true,1,
7290001041017,false,חוואיג' תימני בצנצנת מיה 50 גרם,מיה תעשיות מזון מ.ת.מ בעמ,IL,חוואיג' תימני,גרמים,50.00,100 גרם,false,0,5.90,11.80,true,1,
7290001041024,false,תבלין לקבב בצנצנת מיה 50 גרם,מיה תעשיות מזון מ.ת.מ. ב,IL,תבלין לקבב,גרמים,50.00,100 גרם,false,0,5.90,11.80,true,1,
7290001041048,false,תבלין על האש בצנצנת מיה 50 גרם,מיה תעשיות מזון מ.ת.מ. ב,IL,תבלין על האש50גר,גרמים,50.00,100 גרם,false,0,5.90,11.80,true,1,
<<<<<<< HEAD
7290001041123,false,שקדים מולבנים פרוסים מיה 100 גרם,מיה תעשיות מזון מ.ת.מ. ב,IL,שקד מולבן,גרמים,100.00,100 גרם,false,0,9.90,9.90,true,1,
7290001041147,false,חומוס גדול יבש מיה 1 ק'ג,מיה תעשיות מזון מ.ת.מ. ב,IL,חומוס גדול יבש,קילוגרמים,1.00,"ק""ג",false,0,9.90,9.90,true,1,
7290001041161,false,"שעועית לבנה יבשה מיה 1 ק""ג",מיה תעשיות מזון מ.ת.מ. ב,IL,שעועית לבנה,קילוגרמים,1.00,"ק""ג",false,0,10.90,10.90,true,1,
7290001041178,false,"אפונה ירוקה מיה 1 ק""ג",מיה תעשיות מזון מ.ת.מ. ב,IL,אפונה יבשה,קילוגרמים,1.00,"ק""ג",false,0,6.90,6.90,true,1,
7290001041185,false,"פופקורן גרעינים מיה 1 ק""ג",מיה תעשיות מזון מ.ת.מ. ב,IL,פופקורן,קילוגרמים,1.00,"ק""ג",false,0,8.90,8.90,true,1,
7290001041192,false,"עדשים אדומים יבשים מיה 1 ק""ג",מיה תעשיות מזון מ.ת.מ. ב,IL,עדשים אדומים,קילוגרמים,1.00,"ק""ג",false,0,12.90,12.90,true,1,
7290001041208,false,"עדשים ירוקים יבשים מיה 1 ק""ג",מיה תעשיות מזון מ.ת.מ. ב,IL,עדשים ירוקים,קילוגרמים,1.00,"ק""ג",false,0,12.90,12.90,true,1,
7290001041215,false,"מיה חיטה 1 ק""ג",מיה תעשיות מזון מ.ת.מ. ב,IL,חיטה,קילוגרמים,1.00,"ק""ג",false,0,5.90,5.90,true,1,
7290001041222,false,"חומוס לבן ענק ק''ג מיה 1 ק""ג",מיה תעשיות מזון מ.ת.מ. ב,IL,חומוס לבן ענק,קילוגרמים,1.00,"ק""ג",false,0,14.90,14.90,true,1,
7290001041260,false,שומשום מיה 400 גרם,מיה תעשיות מזון מ.ת.מ. ב,IL,שומשום,גרמים,400.00,100 גרם,false,0,8.90,2.23,true,1,
7290001041277,false,פירורי לחם רגיל מיה 400ג ',מיה תעשיות מזון מ.ת.מ. ב,IL,פרורי לחם,גרמים,400.00,100 גרם,false,0,4.90,1.23,true,1,
7290001041284,false,לקקן סוכריה תות על מקל 20 יח',מיה תעשיות מזון מ.ת.מ. ב,IL,לקקנים בטעם תות,גרמים,160.00,100 גרם,false,0,6.50,4.06,true,1,
7290001041291,false,לקקן סוכריה על מקל 70יח',מיה תעשיות מזון מ.ת.מ. ב,IL,לקקנים,גרמים,900.00,100 גרם,false,0,16.90,1.88,true,1,
7290001041482,false,זנגויל בצנצנת מיה 50 גרם,מיה תעשיות מזון מ.ת.מ. ב,IL,זנגוויל 50 גרם,גרמים,50.00,100 גרם,false,0,5.90,11.80,true,1,
7290001041635,false,פירורי לחם מוזהבים מיה 200 גרם,מיה תעשיות מזון מ.ת.מ. ב,IL,פירורי לחם,גרמים,200.00,100 גרם,false,0,2.90,1.45,true,1,
7290001041673,false,"אורז פרסי עממי ק''ג מיה 1 ק""ג",מיה תעשיות מזון מ.ת.מ. ב,IL,אורז פרסי עממי,קילוגרמים,1.00,"ק""ג",false,0,4.90,4.90,true,1,
=======
7290001041123,false,שקדים מולבנים פרוסים מיה 100 גרם,מיה תעשיות מזון מ.ת.מ. בעמ,IL,שקד מולבן,גרמים,100.00,100 גרם,false,0,9.90,9.90,true,1,
7290001041147,false,חומוס גדול יבש מיה 1 ק'ג,מיה תעשיות מזון מ.ת.מ. בעמ,IL,חומוס גדול יבש,קילוגרמים,1.00,"ק""ג",false,0,9.90,9.90,true,1,
7290001041161,false,"שעועית לבנה יבשה מיה 1 ק""ג",מיה תעשיות מזון מ.ת.מ. בעמ,IL,שעועית לבנה,קילוגרמים,1.00,"ק""ג",false,0,10.90,10.90,true,1,
7290001041178,false,"אפונה ירוקה מיה 1 ק""ג",מיה תעשיות מזון מ.ת.מ. בעמ,IL,אפונה יבשה,קילוגרמים,1.00,"ק""ג",false,0,6.90,6.90,true,1,
7290001041185,false,"פופקורן גרעינים מיה 1 ק""ג",מיה תעשיות מזון מ.ת.מ. בעמ,IL,פופקורן,קילוגרמים,1.00,"ק""ג",false,0,8.90,8.90,true,1,
7290001041192,false,"עדשים אדומים יבשים מיה 1 ק""ג",מיה תעשיות מזון מ.ת.מ. בעמ,IL,עדשים אדומים,קילוגרמים,1.00,"ק""ג",false,0,12.90,12.90,true,1,
7290001041208,false,"עדשים ירוקים יבשים מיה 1 ק""ג",מיה תעשיות מזון מ.ת.מ. בעמ,IL,עדשים ירוקים,קילוגרמים,1.00,"ק""ג",false,0,12.90,12.90,true,1,
7290001041215,false,"מיה חיטה 1 ק""ג",מיה תעשיות מזון מ.ת.מ. בעמ,IL,חיטה,קילוגרמים,1.00,"ק""ג",false,0,5.90,5.90,true,1,
7290001041222,false,"חומוס לבן ענק ק''ג מיה 1 ק""ג",מיה תעשיות מזון מ.ת.מ. בעמ,IL,חומוס לבן ענק,קילוגרמים,1.00,"ק""ג",false,0,14.90,14.90,true,1,
7290001041260,false,שומשום מיה (400 גרם),מיה תעשיות מזון מ.ת.מ. בעמ,IL,שומשום,גרמים,400.00,100 גרם,false,0,8.90,2.23,true,1,
7290001041277,false,פירורי לחם רגיל מיה 400ג ',מיה תעשיות מזון מ.ת.מ בעמ,IL,פרורי לחם,גרמים,400.00,100 גרם,false,0,4.90,1.23,true,1,
7290001041284,false,לקקן סוכריה תות על מקל 20 יח',מיה תעשיות מזון מ.ת.מ. בעמ,IL,לקקנים בטעם תות,גרמים,160.00,100 גרם,false,0,6.50,4.06,true,1,
7290001041291,false,לקקן סוכריה על מקל 70יח',מיה תעשיות מזון מ.ת.מ. בעמ,IL,לקקנים,גרמים,900.00,100 גרם,false,0,16.90,1.88,true,1,
7290001041482,false,זנגויל בצנצנת מיה 50 גרם,מיה תעשיות מזון מ.ת.מ בעמ,IL,זנגוויל 50 גרם,גרמים,50.00,100 גרם,false,0,5.90,11.80,true,1,
7290001041635,false,פירורי לחם מוזהבים מיה 200 גרם,מיה תעשיות מזון מ.ת.מ. בעמ,IL,פירורי לחם,גרמים,200.00,100 גרם,false,0,2.90,1.45,true,1,
7290001041673,false,"אורז פרסי עממי ק''ג מיה 1 ק""ג",מיה תעשיות מזון מ.ת.מ בעמ,IL,אורז פרסי עממי,קילוגרמים,1.00,"ק""ג",false,0,4.90,4.90,true,1,
>>>>>>> d048ac2f4f281c9d788043ab4e81b61b0dbe3743
7290001041833,false,אגוזים טחונים 250 גר' מיה,מיה תעשיות מזון מ.ת.מ. ב,IL,אגוזי מלך טחונים,גרמים,250.00,100 גרם,false,0,16.90,6.76,true,1,
7290001041888,false,פפריקה מתוקה בצנצנת מיה 300 גרם,מיה תעשיות מזון מ.ת.מ. בעמ,IL,פפריקה מתוקה,גרמים,300.00,100 גרם,false,0,12.90,4.30,true,1,
7290001041895,false,פלפל שחור בצנצנת מיה 300 גרם,מיה תעשיות מזון מ.ת.מ בעמ,IL,פלפל שחור,גרמים,300.00,100 גרם,false,0,16.90,5.63,true,1,
7290001041956,false,שקד טבעי 200גרם-מיה,מיה תעשיות מזון מ.ת.מ. ב,IL,שקדים טבעי,גרמים,200.00,100 גרם,false,0,14.90,7.45,true,1,
7290001041987,false,סוכר חום צנצנת מיה 1,מיה תעשיות מזון מ.ת.מ. בעמ,IL,סוכר חום,קילוגרמים,1.00,"ק""ג",false,0,16.90,16.90,true,1,
7290001041994,false,"סוכר דמררה בצנצנת מיה 1 ק""ג",מיה תעשיות מזון מ.ת.מ. בעמ,IL,"סוכר זהב 1 ק""ג",קילוגרמים,1.00,"ק""ג",false,0,10.90,10.90,true,1,
7290001053096,false,"לברק ים-תיכוני עד""ח לפי",,IL,לברק ים-תיכוני,גרמים,0.00,"ק""ג",true,1,89.90,89.90,true,1,
7290001072011,false,"תרסיס דאודרנט נובו מאן 150 מ""ל BREEZE",,IL,תרסיס דאודורנט B,מיליליטרים,150.00,"100 מ""ל",false,1,7.90,5.27,true,1,
7290001072028,false,"תרסיס דאודרנט נובו מאן 150 מ""ל FORCE",,IL,תרסיס דאודורנט F,מיליליטרים,150.00,"100 מ""ל",false,1,7.90,5.27,true,1,
7290001072035,false,"תרסיס דאודרנט נובו מאן 150 מ""ל VICTORY",,IL,תרסיס דאודורנט V,מיליליטרים,150.00,"100 מ""ל",false,1,7.90,5.27,true,1,
7290001072042,false,"תרסיס דאודרנט נובו מאן 150 מ""ל ENERGY",,IL,תרסיס דאודורנט E,מיליליטרים,150.00,"100 מ""ל",false,1,7.90,5.27,true,1,
7290001072059,false,"דאודרנט נובו לנשים 150 מ""ל SENSUAL SENSE",,IL,דאודורנט לנשים s,מיליליטרים,150.00,"100 מ""ל",false,1,8.90,5.93,true,1,
7290001072066,false,"דאודרנט נובו לנשים 150 מ""ל",,IL,דאודורנט לנשים e,מיליליטרים,150.00,"100 מ""ל",false,1,8.90,5.93,true,1,
7290001072882,false,"נובו שמפו לסירוק קל 700 מ""ל",סאסאטק,IL,שמפו לסירוק קל נ,מיליליטרים,700.00,"100 מ""ל",false,1,10.90,1.56,true,1,
7290001072899,false,"נובו מרכך לסירוק קל 700 מ""ל",סאסאטק,IL,מרכך לסירוק קל נ,מיליליטרים,700.00,"100 מ""ל",false,1,10.90,1.56,true,1,
7290001072905,false,"תרסיס לסירוק קל נובו 200 מ""ל",,IL,תרסיס לסירוק קל,מיליליטרים,200.00,"100 מ""ל",false,1,14.90,7.45,true,1,
7290001133170,false,"שוקיים הודו טרי עד""ח לפי",,IL,שוקיים הודו טרי,גרמים,0.00,"ק""ג",true,1,32.90,32.90,true,1,
7290001133200,false,"עצמות עוף קפוא ארוז בד""ץ במגש",,IL,עצמות עוף קפוא,גרמים,0.00,"ק""ג",true,1,7.90,7.90,true,1,
7290001133217,false,"גרונות עוף קפוא ארוז בד""ץ במגש",,IL,גרון עוף קפוא,גרמים,0.00,"ק""ג",true,1,8.90,8.90,true,1,
7290001133231,false,"כנפיים הודיות קפוא ארוז עד""ח בלדי",,IL,כנפיים הודיות,קילוגרמים,0.00,"ק""ג",true,1,19.90,19.90,true,1,
7290001133439,false,חזה הודו טחון קפוא 500גר'/12יח'- עדה החרדית,"בלדי בע""\ם",IL,בשר הודו טחון,גרמים,500.00,100 גרם,false,1,22.90,4.58,true,1,
7290001133484,false,"פילה סלמון פרימיום עד""ח 1.4-1.8 ק""ג",לאטי עזרא,NO,פילה סלמון נורבג,גרמים,0.00,"ק""ג",true,0,79.90,79.90,true,1,
7290001136287,false,"שמפו לשיער רגיל בבושם פרחים נקה 7 750 מ""ל",החברה הדרומית לשיווק בעמ,IL,שמפו נקה 7,מיליליטרים,750.00,"100 מ""ל",false,0,6.90,0.92,true,1,
7290001136294,false,"שמפו לשיער יבש בבישום פרחים נקה 7 750 מ""ל",החברה הדרומית לשיווק בעמ,IL,שמפו נקה 7,מיליליטרים,750.00,"100 מ""ל",false,0,6.90,0.92,true,1,
7290001136362,false,נקה 7 תחליב רחצה אלוורה ארומה ירוק 1 ל',מיוצר בסין.יבוא ושיו,IL,תחליב רחצה נקה 7,ליטרים,1.00,ליטר,false,0,12.70,12.70,true,1,
<<<<<<< HEAD
7290001136683,false,"מרכך לשיער רגיל בבושם פרחים נקה 7 750 מ""ל","אמיליה קוסמטיקס בע""מ",IL,קונדישינר נקה 7,מיליליטרים,750.00,"100 מ""ל",false,0,6.90,0.92,true,1,
7290001201589,false,ביצים 12\l גדול-מחיר בפיקוח,שופרסל,IL,ביצים L 12 יח',יחידה,1.00,יחידה,false,0,9.70,9.70,true,1,
7290001201824,false,תבנית ביצים 12 יח' לארג' אורגני,מ.לסר,IL,12 ביציםL אורגני,יחידה,1.00,יחידה,false,1,20.90,20.90,true,1,
7290001230985,false,ספלנדה 200 יח',,IL,ספלנדה,יחידה,1.00,יחידה,false,1,39.00,39.00,true,1,
7290001245699,false,אקונומיקה סמיכה בניחוח לימון 4 ל' טאצ',,IL,אקונומיקה סמיכה,ליטרים,4.00,ליטר,false,1,11.90,2.98,true,1,
7290001245705,false,אקונומיקה מבושמת טאצ' 4 ליטר,סאסאטק,IL,אקונומיקה מבושמת,ליטרים,4.00,ליטר,false,1,8.90,2.23,true,1,
7290001245712,false,אקונומיקה 4 ליטר טאצ,,,אקונומיקה,יחידה,1.00,יחידה,false,0,8.90,8.90,true,1,
7290001245729,false,ג'ל כביסה ירוקה טאצ 3 ליטר סלקט,,IL,ג'ל כביסה ירוק,ליטרים,0.00,ליטר,false,1,17.90,17.90,true,1,
7290001245736,false,ג'ל כביסה כחול טאצ' 3 ליטר סלקט,,IL,ג'ל כביסה כחול,ליטרים,0.00,ליטר,false,1,17.90,17.90,true,1,
7290001245781,false,נ.כלים לבנדר 24% 750 מל טאצ+משאבה,,IL,נ.כלים לבנדר24%ט,מיליליטרים,750.00,"100 מ""ל",false,1,6.90,0.92,true,1,
7290001245798,false,נוזל כלים לימון טאצ' 18% 1.6 ליטר,,IL,נ.כלים לימון18%ט,מיליליטרים,1600.00,"100 מ""ל",false,1,9.90,0.62,true,1,
7290001245828,false,נוזל כלים קלאסי טאצ' 18% 1.6 ליטר,,IL,נ.כלים קלאסי18%ט,מיליליטרים,1600.00,"100 מ""ל",false,1,9.90,0.62,true,1,
7290001245835,false,נוזל רצפות אורנים 4 ל' טאצ,,IL,נוזל רצפות אורני,ליטרים,0.00,ליטר,false,1,11.90,11.90,true,1,
7290001245842,false,נוזל רצפות מאסק 4 לי' טאצ',,,נוזל רצפות מאסק,יחידה,1.00,יחידה,false,0,11.90,11.90,true,1,
7290001245897,false,נוזל רצפות יסמין 4 לי' טאצ',,IL,נוזל רצפות יסמין,ליטרים,0.00,ליטר,false,1,11.90,11.90,true,1,
7290001245958,false,מרכך כביסה ורוד טאצ' 4 ליטר,,IL,מרכך כביסה ורוד,ליטרים,0.00,ליטר,false,1,12.90,12.90,true,1,
7290001245965,false,מרכך כביסה כחול טאצ' 4 ליטר,,IL,מרכך כביסה כחול,ליטרים,0.00,ליטר,false,1,12.90,12.90,true,1,
7290001245972,false,מרכך כביסה לבן טאצ' 4 ליטר,,IL,מרכך כביסה לבן,ליטרים,0.00,ליטר,false,1,12.90,12.90,true,1,
7290001245989,false,מרכך כביסה סגול טאצ' 4 ליטר,,IL,מרכך כביסה סגול,ליטרים,0.00,ליטר,false,1,12.90,12.90,true,1,
7290001245996,false,מרכך כביסה צהוב 4 ליטר טאצ',,IL,מרכך כביסה צהוב,ליטרים,0.00,ליטר,false,1,12.90,12.90,true,1,
7290001246054,false,פותח סתימות 1 ליטר טאצ,סאסאטק,,פותח סתימות טאצ',יחידה,1.00,יחידה,false,0,13.90,13.90,true,1,
7290001246061,false,מרכך מרוכז פרפיום פנטזי טאצ 1ל',סאסאטק,IL,מרכך כביסה כחול,מיליליטרים,1000.00,"100 מ""ל",false,1,9.90,0.99,true,1,
7290001246078,false,מרכך מרוכז פרפיום סנשואל טאצ' 1 ל',סאסאטק,IL,מרכך ומבשם כביסה,ליטרים,0.00,ליטר,false,1,9.90,9.90,true,1,
7290001246085,false,טאצ' מרסס ניקוי חלונות 1 ליטר,,IL,תרסיס חלונות טאצ,מיליליטרים,1000.00,"100 מ""ל",false,1,5.90,0.59,true,1,
7290001246092,false,"תרסיס מסיר שומנים 750 מ""ל טאצ.",סאסאטק,,תרסיס מסיר שומני,יחידה,1.00,יחידה,false,0,9.90,9.90,true,1,
7290001246108,false,"טאצ' תרסיס מסיר אבנית 750 מ""ל",,,תרסיס מסיר אבנית,יחידה,1.00,יחידה,false,0,9.90,9.90,true,1,
7290001246115,false,"טאצ' תרסיס מסיר עובש 750 מ""ל",,,תרסיס מסיר עובש,יחידה,1.00,יחידה,false,0,9.90,9.90,true,1,
7290001246122,false,"תרסיס ניקוי כללי+ אקונומיקה 750 מ""ל טאצ",סאסאטק,,תרסיס ניקוי כללי,יחידה,1.00,יחידה,false,0,9.90,9.90,true,1,
7290001246139,false,חיטוי פירות וירקות 1 ליטר טאצ',,IL,חיטוי פירות וירק,ליטרים,1.00,ליטר,false,1,11.90,11.90,true,1,
7290001246146,false,מסיר אבן 1 ליטר טאצ',,,מסיר אבן טאצ',יחידה,1.00,יחידה,false,0,11.90,11.90,true,1,
7290001246153,false,"טאצ' מבשם נטול גז לבנדר 350 מ""ל",,IL,מבשם נטול גז ורו,מיליליטרים,350.00,"100 מ""ל",false,1,9.90,2.83,true,1,
7290001246160,false,"מבשם נטול גז פרש 350 מ""ל טאצ",,IL,מבשם נטול גז ירו,מיליליטרים,350.00,"100 מ""ל",false,1,9.90,2.83,true,1,
7290001246177,false,מבשם נטול גז סגול 350 מל טאצ',,IL,מבשם נטול גז סגו,מיליליטרים,350.00,"100 מ""ל",false,1,9.90,2.83,true,1,
=======
7290001136683,false,"מרכך לשיער רגיל בבושם פרחים נקה 7 750 מ""ל",החברה הדרומית לשיווק בעמ,IL,קונדישינר נקה 7,מיליליטרים,750.00,"100 מ""ל",false,0,6.90,0.92,true,1,
7290001201589,false,ביצים ארוזות L מ. לסר) (12 פיקוח,מ לסר בעמ - חברה לשיווק ביצים,IL,ביצים L 12 יח',יחידה,1.00,יחידה,false,0,9.70,9.70,true,1,
7290001201824,false,תבנית ביצים 12 יח' לארג' אורגני,מ לסר בעמ - חברה לשיווק ביצים,IL,12 ביציםL אורגני,יחידה,1.00,יחידה,false,1,20.90,20.90,true,1,
7290001230985,false,ספלנדה 200 יח',,IL,ספלנדה,יחידה,1.00,יחידה,false,1,39.00,39.00,true,1,
7290001245699,false,אקונומיקה סמיכה בניחוח לימון 4 ל' טאצ',סאסאטק אגשח בעמ,IL,אקונומיקה סמיכה,ליטרים,4.00,ליטר,false,1,11.90,2.98,true,1,
7290001245705,false,אקונומיקה מבושמת טאצ' 4 ליטר,סאסאטק אגשח בעמ,IL,אקונומיקה מבושמת,ליטרים,4.00,ליטר,false,1,8.90,2.23,true,1,
7290001245712,false,אקונומיקה 4 ליטר טאצ,סאסאטק אגשח בעמ,,אקונומיקה,יחידה,1.00,יחידה,false,0,8.90,8.90,true,1,
7290001245729,false,ג'ל כביסה ירוקה טאצ 3 ליטר סלקט,סאסאטק אגשח בעמ,IL,ג'ל כביסה ירוק,ליטרים,0.00,ליטר,false,1,17.90,17.90,true,1,
7290001245736,false,ג'ל כביסה כחול טאצ' 3 ליטר סלקט,סאסאטק אגשח בעמ,IL,ג'ל כביסה כחול,ליטרים,0.00,ליטר,false,1,17.90,17.90,true,1,
7290001245781,false,נ.כלים לבנדר 24% 750 מל טאצ+משאבה,,IL,נ.כלים לבנדר24%ט,מיליליטרים,750.00,"100 מ""ל",false,1,6.90,0.92,true,1,
7290001245798,false,נוזל כלים לימון טאצ' 18% 1.6 ליטר,סאסאטק אגשח בעמ,IL,נ.כלים לימון18%ט,מיליליטרים,1600.00,"100 מ""ל",false,1,9.90,0.62,true,1,
7290001245828,false,נוזל כלים קלאסי טאצ' 18% 1.6 ליטר,סאסאטק אגשח בעמ,IL,נ.כלים קלאסי18%ט,מיליליטרים,1600.00,"100 מ""ל",false,1,9.90,0.62,true,1,
7290001245835,false,נוזל רצפות אורנים 4 ליטר טאצ,סאסאטק אגשח בעמ,IL,נוזל רצפות אורני,ליטרים,0.00,ליטר,false,1,11.90,11.90,true,1,
7290001245842,false,נוזל רצפות מאסק 4 ליטר טאצ,סאסאטק אגשח בעמ,,נוזל רצפות מאסק,יחידה,1.00,יחידה,false,0,11.90,11.90,true,1,
7290001245897,false,נוזל רצפות יסמין 4 ליטר טאצ`,סאסאטק אגשח בעמ,IL,נוזל רצפות יסמין,ליטרים,0.00,ליטר,false,1,11.90,11.90,true,1,
7290001245958,false,מרכך כביסה ורוד טאצ' 4 ליטר,סאסאטק אגשח בעמ,IL,מרכך כביסה ורוד,ליטרים,0.00,ליטר,false,1,12.90,12.90,true,1,
7290001245965,false,מרכך כביסה כחול טאצ' 4 ליטר,סאסאטק אגשח בעמ,IL,מרכך כביסה כחול,ליטרים,0.00,ליטר,false,1,12.90,12.90,true,1,
7290001245972,false,מרכך כביסה לבן טאצ' 4 ליטר,סאסאטק אגשח בעמ,IL,מרכך כביסה לבן,ליטרים,0.00,ליטר,false,1,12.90,12.90,true,1,
7290001245989,false,מרכך כביסה סגול טאצ' 4 ליטר,סאסאטק אגשח בעמ,IL,מרכך כביסה סגול,ליטרים,0.00,ליטר,false,1,12.90,12.90,true,1,
7290001245996,false,מרכך כביסה צהוב 4 ליטר טאצ',סאסאטק אגשח בעמ,IL,מרכך כביסה צהוב,ליטרים,0.00,ליטר,false,1,12.90,12.90,true,1,
7290001246054,false,פותח סתימות 1 ליטר טאצ,סאסאטק אגשח בעמ,,פותח סתימות טאצ',יחידה,1.00,יחידה,false,0,13.90,13.90,true,1,
7290001246061,false,מרכך מרוכז פרימיום פנטזי( 1 ליטר)טאצ`,סאסאטק אגשח בעמ,IL,מרכך כביסה כחול,מיליליטרים,1000.00,"100 מ""ל",false,1,9.90,0.99,true,1,
7290001246078,false,מרכך מרוכך פרפיום סנשואל( 1 ליטר)טאצ`,סאסאטק אגשח בעמ,IL,מרכך ומבשם כביסה,ליטרים,0.00,ליטר,false,1,9.90,9.90,true,1,
7290001246085,false,נוזל לניקוי חלונות 1 ליטר טאצ,סאסאטק אגשח בעמ,IL,תרסיס חלונות טאצ,מיליליטרים,1000.00,"100 מ""ל",false,1,5.90,0.59,true,1,
7290001246092,false,תרסיס מסיר שומנים 750 מ``ל טאצ,סאסאטק אגשח בעמ,,תרסיס מסיר שומני,יחידה,1.00,יחידה,false,0,9.90,9.90,true,1,
7290001246108,false,תרסיס מסיר אבנית 750 מ``ל טאצ,סאסאטק אגשח בעמ,,תרסיס מסיר אבנית,יחידה,1.00,יחידה,false,0,9.90,9.90,true,1,
7290001246115,false,תרסיס מסיר עובש 750 מ``ל טאצ,סאסאטק אגשח בעמ,,תרסיס מסיר עובש,יחידה,1.00,יחידה,false,0,9.90,9.90,true,1,
7290001246122,false,"תרסיס ניקוי כללי+ אקונומיקה 750 מ""ל טאצ",סאסאטק אגשח בעמ,,תרסיס ניקוי כללי,יחידה,1.00,יחידה,false,0,9.90,9.90,true,1,
7290001246139,false,חיטוי פירות וירקות 1 ליטר טאצ',סאסאטק אגשח בעמ,IL,חיטוי פירות וירק,ליטרים,1.00,ליטר,false,1,11.90,11.90,true,1,
7290001246146,false,מסיר אבן 1 ליטר טאצ',סאסאטק אגשח בעמ,,מסיר אבן טאצ',יחידה,1.00,יחידה,false,0,11.90,11.90,true,1,
7290001246153,false,"טאצ' מבשם נטול גז לבנדר 350 מ""ל",,IL,מבשם נטול גז ורו,מיליליטרים,350.00,"100 מ""ל",false,1,9.90,2.83,true,1,
7290001246160,false,"מבשם נטול גז פרש 350 מ""ל טאצ",,IL,מבשם נטול גז ירו,מיליליטרים,350.00,"100 מ""ל",false,1,9.90,2.83,true,1,
7290001246177,false,מבשם נטול גז סגול 350 מ``ל טאצ,סאסאטק אגשח בעמ,IL,מבשם נטול גז סגו,מיליליטרים,350.00,"100 מ""ל",false,1,9.90,2.83,true,1,
>>>>>>> d048ac2f4f281c9d788043ab4e81b61b0dbe3743
7290001246184,false,"מבשם נטול גז טרופיקל 350 מ""ל טאצ",,IL,מבשם נטול גז צהו,מיליליטרים,350.00,"100 מ""ל",false,1,9.90,2.83,true,1,
7290001246221,false,"טאצ' תרסיס מטהר אוויר לימון 300 מ""ל",,IL,מטהר אויר לימון,מיליליטרים,300.00,"100 מ""ל",false,1,4.90,1.63,true,1,
7290001246238,false,"טאצ' תרסיס מטהר אוויר פריחה 300 מ""ל",סאסאטק אגשח בעמ,IL,מטהר אויר פריחה,מיליליטרים,300.00,"100 מ""ל",false,1,4.90,1.63,true,1,
7290001246269,false,"טאצ' תרסיס מטהר אוויר לבנדר 300 מ""ל",סאסאטק אגשח בעמ,IL,מטהר אויר לבנדר,מיליליטרים,300.00,"100 מ""ל",false,1,4.90,1.63,true,1,
7290001246276,false,"טאצ' תרסיס מטהר אוויר אורנים 300 מ""ל",,,מטהר אויר טאצ',יחידה,1.00,יחידה,false,0,4.90,4.90,true,1,
7290001246306,false,"נוזל כלים 24% תפוח 750 מ""ל טאצ'",,IL,נ.כלים תפוח24%ט,מיליליטרים,750.00,"100 מ""ל",false,1,6.90,0.92,true,1,
7290001246313,false,נ.כלים 24% לימון 750 מל טאצ משאבה,,IL,נ.כלים לימון24%ט,מיליליטרים,750.00,"100 מ""ל",false,1,6.90,0.92,true,1,
7290001246320,false,"ג'ל אסלות לימון טאצ' 750 מ""ל",,IL,גל אסלות לימון,מיליליטרים,750.00,"100 מ""ל",false,1,8.90,1.19,true,1,
7290001246337,false,"ג'ל אסלות אורנים טאצ' 750 מ""ל",,IL,גל אסלות אורנים,מיליליטרים,750.00,"100 מ""ל",false,1,8.90,1.19,true,1,
7290001246351,false,נוזל רצפות לבנדר 4 ליטר טאצ,סאסאטק אגשח בעמ,IL,נוזל רצפות לבנדר,ליטרים,0.00,ליטר,false,1,11.90,11.90,true,1,
7290001246528,false,מרכך כביסה מרוכז פרפיום מיסטרי טאצ' 1 ל',סאסאטק אגשח בעמ,IL,מרכך ומבשם כביסה,ליטרים,0.00,ליטר,false,1,9.90,9.90,true,1,
7290001246825,false,ג'ל כביסה ירוק 5 ליטר שנ,,IL,ג'ל כביסה ירוק 5,ליטרים,0.01,ליטר,false,1,28.90,2890.00,true,1,
7290001246832,false,ג'ל כביסה כחול 5 ליטר שנ,,IL,ג'ל כביסה כחול 5,ליטרים,0.01,ליטר,false,1,28.90,2890.00,true,1,
7290001247068,false,קרטונית נקטר ספרינג תות בננה 1 ליטר,יפאורה שותפות מוגבלת לשיווק,IL,נקטר תות בננה,ליטרים,1.00,ליטר,false,0,5.30,5.30,true,1,
7290001247082,false,מיץ עגבניות רכיבים טבעיים ספרינג 1 ליטר,יפאורה שותפות מוגבלת לשיווק,IL,נקטר עגבניות,ליטרים,1.00,ליטר,false,0,6.50,6.50,true,1,
7290001247099,false,קרטונית נקטר ספרינג מנגו 1 ליטר,יפאורה שותפות מוגבלת לשיווק,IL,נקטר ספרינג מנגו,ליטרים,1.00,ליטר,false,0,5.30,5.30,true,1,
7290001247105,false,קרטונית נקטר ספרינג אפרסק 1 ליטר,יפאורה שותפות מוגבלת לשיווק,IL,נקטר אפרסק,ליטרים,1.00,ליטר,false,0,5.30,5.30,true,1,
7290001247112,false,קרטונית נקטר ספרינג לימונענע 1 ליטר,יפאורה שותפות מוגבלת לשיווק,IL,משקה לימונענע,ליטרים,1.00,ליטר,false,0,5.30,5.30,true,1,
7290001247129,false,נקטר ספרינג תפוזים קרטונית 1 ל',יפאורה שותפות מוגבלת לשיווק,IL,נקטר ספרינג תפוז,ליטרים,1.00,ליטר,false,0,5.30,5.30,true,1,
7290001247143,false,קרטונית נקטר ספרינג תפוחים 1 ליטר,יפאורה שותפות מוגבלת לשיווק,IL,נקטר ספרינג תפוח,ליטרים,1.00,ליטר,false,0,5.30,5.30,true,1,
7290001258378,false,גבינת חלומי במשקל,גבינות משק יעקבס,IL,גבינת חלומי משקל,קילוגרמים,0.00,"ק""ג",true,1,99.00,99.00,true,1,
7290001271179,false,קר חוט דנטלי עם ידית,,IL,חוט דנטלי,מטרים,40.00,מטר,false,1,6.90,0.17,true,1,
7290001271216,false,פארמה קאר חוט דנטלי מנטה 50מ,,IL,חוט דנטלי,מטרים,50.00,מטר,false,1,6.90,0.14,true,1,
7290001271223,false,פארמה קאר חוט דנטלי ידית מנטה 40יח,,IL,חוט דנטלי,מטרים,40.00,מטר,false,1,6.90,0.17,true,1,
7290001271261,false,"קרם רב""ש עם שמן זית150מל",,IL,"קרם רב""ש",מיליליטרים,150.00,"100 מ""ל",false,0,16.90,11.27,true,1,
7290001271278,false,"קרם ידיים מועשר בשמן זית 150 מ""ל",,IL,קרם ידיים,מיליליטרים,150.00,"100 מ""ל",false,0,10.90,7.27,true,1,
7290001271407,false,שפתון לחות מנטה יח',,IL,שפתון לחות מנטה,יחידה,1.00,יחידה,false,1,5.90,5.90,true,1,
7290001305058,false,"פלמוליב - נטורלס תחליב רחצה חלב ודבש 500 מ""ל",הנסיך- מפעל לייצור ט,TR,סב.נוזלי פלמוליב,מיליליטרים,500.00,"100 מ""ל",false,0,12.90,2.58,true,1,
7290001321812,false,"צוואר לימיטו צרכני - בד""ץ העדה החרדית",,IL,"בשר לימיטו עד""ח",גרמים,0.00,"ק""ג",true,1,88.80,88.80,true,1,
7290001321829,false,"לב הצוואר העדה החרדית צרכני כשרות בד""ץ",,IL,לב הצוואר איכות,גרמים,0.00,"ק""ג",true,1,88.80,88.80,true,1,
7290001321836,false,"אונטריב צרכני - בד""ץ העדה החרדית",,IL,אונטריב איכות,גרמים,0.00,"ק""ג",true,1,92.90,92.90,true,1,
7290001322727,false,"צלי כתף מ'ס 5 איגוד האברכים פרגוואי 10 ק""ג",בלדי,PY,צלי כתף 5 בעדני,קילוגרמים,0.00,"ק""ג",true,1,79.90,79.90,true,1,
7290001342015,false,טונה מעושנת בסגנון רוסטביף שקיל,אלדג,IL,טונה רוסטביף,גרמים,0.00,"ק""ג",true,1,235.00,235.00,true,1,
7290001342091,false,טונה אלבקור מעושן בוואקום שקיל,אלדג,IL,טונה לבנה מעושנת,גרמים,0.00,"ק""ג",true,1,209.00,209.00,true,1,
7290001342183,false,סלמון אפוי על גחלים שקיל,אלדג,IL,סלמון אפוי אלדג,גרמים,0.00,"ק""ג",true,1,235.00,235.00,true,1,
7290001342350,false,מטיאס הולנדי עם בצל 700גר,אלדג,,מטיאס הולנדי+בצל,גרמים,700.00,100 גרם,false,0,44.90,6.41,true,1,
7290001342367,false,פילה מטיאס אמיתי 10 יח,,IL,פילה מטיאס אמיתי,יחידה,1.00,יחידה,false,0,99.90,99.90,true,1,
7290001342565,false,חזרת 380 גר' ללא סוכר אלדג,אלדג,IL,חזרת ללא סוכר,גרמים,300.00,100 גרם,false,0,16.90,5.63,true,1,
7290001343227,false,קורנפלור 500 גרם5 גרם,,IL,קורנפלור 500 גרם5 גרם,גרמים,500.00,100 גרם,false,0,4.90,0.98,true,1,
7290001343234,false,קקאו קדמה 500 גרם,,,קקאו,גרמים,500.00,100 גרם,false,0,11.90,2.38,true,1,
7290001343289,false,אגוזים קלופים 100 גר' קדמה,,IL,אגוז טחון מקול,גרמים,100.00,100 גרם,false,0,7.90,7.90,true,1,
7290001343296,false,שקדים טבעיים 100 גר' קדמה,,IL,שקד טבעי,גרמים,100.00,100 גרם,false,0,7.90,7.90,true,1,
7290001343388,false,"אבקה שוקו שוקו קדמה 1ק""ג",,IL,שוקונית,קילוגרמים,1.00,"ק""ג",false,0,11.90,11.90,true,1,
7290001343500,false,גרעיני חמניה100 גרם,,IL,גרעיני חמניה100ג,גרמים,100.00,100 גרם,false,1,2.90,2.90,true,1,
7290001343609,false,תה קדמה 1ג' מארז 100יח',,IL,תה שקיות קדמה,יחידה,1.00,יחידה,false,0,8.90,8.90,true,1,
7290001407547,false,טחינה גולמית משומשום מלא פי 6 בארכה 500ג',קבוצת אוסם סחר שותפות מוגבלת,IL,טחינה שומשום מלא,גרמים,500.00,100 גרם,false,1,9.90,1.98,true,1,
7290001407769,false,טחינה גולמית שומשום מלא בארכה 500 גרם,קבוצת אוסם סחר שותפות מוגבלת,IL,טחינה שומשום,גרמים,500.00,100 גרם,false,0,9.90,1.98,true,1,
7290001407813,false,חלבה שאמית פיסטוק בקטנה בארכה 350ג',קבוצת אוסם סחר שותפות מוגבלת,IL,חלבה פיסטוק,גרמים,350.00,100 גרם,false,0,9.90,2.83,true,1,
7290001407844,false,חלבה קלאסית בטעם וניל בארכה 350 גרם,קבוצת אוסם סחר שותפות מוגבלת,IL,חלבה וניל,גרמים,350.00,100 גרם,false,0,9.90,2.83,true,1,
7290001407936,false,בארכה-טחינה גולמית מעודנת בקבוק לחיץ 310 ג',קבוצת אוסם סחר שותפות מוגבלת,IL,טחינה מעודנת,גרמים,310.00,100 גרם,false,1,9.90,3.19,true,1,
7290001419618,false,וופל בלגי עלמה שחור לבן וניל 200ג',מ.ד אטיאס סוכנויות מזון בע`מ,IL,וופל בלגי שוקולד,גרמים,200.00,100 גרם,false,0,2.90,1.45,true,1,
7290001419779,false,"וופל קלאסי בטעם שוקולד ""עלמה"" 200 גרם",רזיט שיווק בעמ,IL,ופלים ט.שוקולד,גרמים,200.00,100 גרם,false,0,2.90,1.45,true,1,
7290001419892,false,"ופל קלאסי בטעם לימון ""עלמה"" 200 גרם",רזיט שיווק בעמ,IL,וופל 200 גרם,גרמים,200.00,100 גרם,false,1,2.90,1.45,true,1,
7290001436028,false,בשר לחמין ארוז העדה החרדית,בלאדי,IL,בשר לחמין,קילוגרמים,0.00,"ק""ג",true,1,89.90,89.90,true,1,
7290001436431,false,"רצועות בשר בשר לחמין ארוז עד""ח",בלאדי,IL,רצועות לחמין,קילוגרמים,0.00,"ק""ג",true,1,98.80,98.80,true,1,
7290001436752,false,עצמות צוואר בקר העדה החרדית פולין,הובלצ'יק,IL,עצמות צוואר בקר,גרמים,0.00,"ק""ג",true,1,14.90,14.90,true,1,
7290001455050,false,צלי כתף 5 העדה החרדית פולין,BEEF MCEEN,PL,צלי כתף,קילוגרמים,0.00,"ק""ג",true,1,144.90,144.90,true,1,
7290001455081,false,"שריר הזרוע מס 8 צרכני בד""ץ.",BEEF MCEEN,PL,שריר 8,קילוגרמים,0.00,"ק""ג",true,1,106.90,106.90,true,1,
7290001455098,false,פלאנקען (9) צרכני העדה החרדית פולין,,IL,פלאנקען (9) אסדו,גרמים,0.00,"ק""ג",true,1,97.90,97.90,true,1,
7290001455104,false,צוואר 10 העדה החרדית פולין,BEEF MCEEN,PL,צוואר 10,גרמים,0.00,"ק""ג",true,1,88.80,88.80,true,1,
7290001455456,false,פילה נסיכת הנילוס פרוס בלדי,בלדי בעמ,UG,פילה נסיכת הנילו,קילוגרמים,0.00,"ק""ג",true,1,59.90,59.90,true,1,
7290001455739,false,"עצמות מח פרוס ארוז עד""ח פולין",BEEF MCEEN,PL,עצמות מח פרוס,קילוגרמים,0.00,"ק""ג",true,1,64.90,64.90,true,1,
7290001455746,false,"פילה מדומה 6 צרכני עד""ח",הובלצ'יק,PL,פילה מדומה בלדי,קילוגרמים,0.00,"ק""ג",true,1,103.90,103.90,true,1,
7290001459928,false,"גזר גמדי 800 גרם ארוז בד""ץ עדה חרדית",פספרוסט,BE,גזר גמדי,גרמים,800.00,100 גרם,false,1,9.90,1.24,true,1,
7290001459935,false,"אפונה 800 גרם בד""ץ עדה חרדית",פספרוסט,BE,אפונה קפואה,גרמים,800.00,100 גרם,false,1,9.90,1.24,true,1,
7290001459942,false,"אפונה וגזר 800 גרם ארוז בד""ץ עדה חרדית",פספרוסט,BE,אפונה וגזר קפוא,גרמים,800.00,100 גרם,false,1,9.90,1.24,true,1,
7290001483862,false,עוגיות בסקוויט גן חיות 225ג הגביע,הגביע מוצרי וופלים בעמ,IL,ביסקויט גן חיות,גרמים,225.00,100 גרם,false,0,3.90,1.73,true,1,
7290001491010,false,תה ירוק יסמין ויסוצקי 25 יחידות,תה ויסוצקי (ישראל) בעמ,IL,תה ירוק יסמין,גרמים,37.00,100 גרם,false,0,19.90,53.78,true,1,
7290001491096,false,תה ירוק בתוספת לימונית ולואיזה 50 שקיקים ויסוצקי,תה ויסוצקי (ישראל) בעמ,IL,תה ירוק לימונית,גרמים,75.00,100 גרם,false,0,34.90,46.53,true,1,
7290001507063,false,פתיבר מקמח מלא אורגני השדה מוצרים אורגנים 200 גרם,השדה מוצרים אורגניים,IL,פתי בר אורגני,גרמים,200.00,100 גרם,false,0,6.90,3.45,true,1,
7290001507162,false,חטיף אובלטים אורגניים שומשום 100 גר,השדה מוצרים אורגניים,IL,אובלטים שומשום,גרמים,100.00,100 גרם,false,0,6.90,6.90,true,1,
7290001507179,false,חטיף אובלטים אורגניים עם קימל 100 גר,אם החיטה,IL,אובלטים קימל,גרמים,100.00,100 גרם,false,0,6.90,6.90,true,1,
7290001507360,false,חטיף אובלטים אורגניים עם כוסמין 100 גר,השדה מוצרים אורגניים,IL,אובלטים כוסמין,גרמים,100.00,100 גרם,false,0,8.90,8.90,true,1,
<<<<<<< HEAD
7290001594155,false,"קוקה-קולה בבקבוק אישי 500 מ""ל",החברה המרכזית לייצור משקאות,IL,קוקה קולה,מיליליטרים,500.00,"100 מ""ל",false,0,5.70,1.14,true,1,
7290001594179,false,"פאנטה אורנג' בבקבוק אישי 500 מ""ל",החברה המרכזית לייצור משקאות,IL,פאנטה בטעם אורנג,מיליליטרים,500.00,"100 מ""ל",false,0,5.70,1.14,true,1,
7290001594377,false,פריגת תפוזים 0.5 ליטר חייב בפקדון,מבשלות בירה בינלאומיות ב,IL,פריגת תפוזים,מיליליטרים,500.00,"100 מ""ל",false,0,4.80,0.96,true,1,
7290001594384,false,פריגת אשכוליות 0.5 ליטר חייב בפקדון,מבשלות בירה בינלאומיות ב,IL,פריגת אשכוליות,מיליליטרים,500.00,"100 מ""ל",false,0,4.80,0.96,true,1,
7290001594391,false,"פריגת משקה קל ענבים בבקבוק אישי 500 מ""ל",מבשלות בירה בינלאומיות ב,IL,פריגת ענבים,מיליליטרים,500.00,"100 מ""ל",false,0,4.80,0.96,true,1,
7290001594568,false,"קרלסברג פחית 500 מ""ל פקדון",מבשלות בירה בינלאומיות ב,RO,בירה קרלסברג פח,מיליליטרים,500.00,"100 מ""ל",false,0,7.90,1.58,true,1,
7290001594575,false,"בירה טובורג רד פחית 500 מ""ל",מבשלות בירה בינלאומיות ב,IL,בירה טובורג פחית,מיליליטרים,500.00,"100 מ""ל",false,0,7.90,1.58,true,1,
7290001594858,false,"שישייה בירה טובורג רד בקבוק 330 מ""ל",מבשלות בירה בינלאומיות ב,IL,טובורג רד 6 יח,ליטרים,1.98,ליטר,false,0,31.90,16.11,true,1,
7290001594865,false,"שישייה בירה קרלסברג בקבוק 330 מ""ל",מבשלות בירה בינלאומיות ב,IL,בירה קרלסברג 6יח,ליטרים,1.98,ליטר,false,0,31.70,16.01,true,1,
=======
7290001594155,false,"קוקה-קולה בבקבוק אישי 500 מ""ל",החברה המרכזית להפצת משקאות בעמ,IL,קוקה קולה,מיליליטרים,500.00,"100 מ""ל",false,0,5.70,1.14,true,1,
7290001594179,false,"פאנטה אורנג' בבקבוק אישי 500 מ""ל",החברה המרכזית להפצת משקאות בעמ,IL,פאנטה בטעם אורנג,מיליליטרים,500.00,"100 מ""ל",false,0,5.70,1.14,true,1,
7290001594377,false,פריגת תפוזים 0.5 ליטר חייב בפקדון,החברה המרכזית להפצת משקאות בעמ,IL,פריגת תפוזים,מיליליטרים,500.00,"100 מ""ל",false,0,4.80,0.96,true,1,
7290001594384,false,פריגת אשכוליות 0.5 ליטר חייב בפקדון,החברה המרכזית להפצת משקאות בעמ,IL,פריגת אשכוליות,מיליליטרים,500.00,"100 מ""ל",false,0,4.80,0.96,true,1,
7290001594391,false,"פריגת משקה קל ענבים בבקבוק אישי 500 מ""ל",החברה המרכזית להפצת משקאות בעמ,IL,פריגת ענבים,מיליליטרים,500.00,"100 מ""ל",false,0,4.80,0.96,true,1,
7290001594568,false,בירה בפחית קרלסברג (500 מל),החברה המרכזית להפצת משקאות בעמ,RO,בירה קרלסברג פח,מיליליטרים,500.00,"100 מ""ל",false,0,7.90,1.58,true,1,
7290001594575,false,בירה בפחית רד טובורג (500 מל),החברה המרכזית להפצת משקאות בעמ,IL,בירה טובורג פחית,מיליליטרים,500.00,"100 מ""ל",false,0,7.90,1.58,true,1,
7290001594858,false,מארז שישייה בירה טובורג רד (330x6 מל),החברה המרכזית להפצת משקאות בעמ,IL,טובורג רד 6 יח,ליטרים,1.98,ליטר,false,0,31.90,16.11,true,1,
7290001594865,false,"שישייה בירה קרלסברג בקבוק 330 מ""ל",החברה המרכזית להפצת משקאות בעמ,IL,בירה קרלסברג 6יח,ליטרים,1.98,ליטר,false,0,31.70,16.01,true,1,
>>>>>>> d048ac2f4f281c9d788043ab4e81b61b0dbe3743
7290001598429,false,פרנה מרוקאית חמשת 4,מאפיית יוסף ברון בעמ,IL,פרנה מרוקאית,גרמים,520.00,100 גרם,false,1,13.90,2.67,true,1,
7290001620069,false,משמש מיובש,,IL,משמש מיובש,גרמים,0.00,"ק""ג",true,1,48.00,48.00,true,1,
7290001620229,false,חמניות מקולף,,IL,חמניות מקולף,גרמים,0.00,"ק""ג",true,1,20.00,20.00,true,1,
7290001620236,false,פיסטוק מקולף,,IL,פיסטוק מקולף,גרמים,0.00,"ק""ג",true,1,145.00,145.00,true,1,
7290001620663,false,בוטנים מסוכרים,,IL,בוטנים מסוכרים,גרמים,0.00,"ק""ג",true,1,39.00,39.00,true,1,
7290001621677,false,אגוז ברזיל,,IL,אגוז ברזיל,גרמים,0.00,"ק""ג",true,1,98.00,98.00,true,1,
7290001622841,false,בוטנים בקליפה קלוי,,IL,בוטנים בקליפה קל,גרמים,0.00,"ק""ג",true,1,32.00,32.00,true,1,
7290001664223,false,רצועות מיני אסאדו ארוז העדה החרדית,,IL,מיני אסאדו פרוס,קילוגרמים,0.00,"ק""ג",true,1,79.90,79.90,true,1,
7290001713167,false,סנט מוריץ - מרסס קצף ניקוי 1 ליטר סניטרי אפור,קומפלקס כימיקלסבעמ ~~~,IL,קצף ניקוי,ליטרים,1.00,ליטר,false,1,7.90,7.90,true,1,
7290001716113,false,"כפיות ח""פ 100 יח' לבן",,IL,"כפיות ח""פ 100 יח",יחידה,1.00,יחידה,false,1,5.90,5.90,true,1,
7290001813454,false,"עוגיות חיוכים שוקולד עלית 900 גרם מארז 6 יחידות בד""צ",אפיפית נצרת תעשיות ב,IL,חיוכים שוקו,גרמים,900.00,100 גרם,false,0,18.90,2.10,true,1,
7290001813478,false,"עוגיות חיוכים וניל עלית 900 גרם מארז 6 יחידות בד""צ",אפיפית נצרת תעשיות ב,IL,חיוכים בטעם וניל,גרמים,900.00,100 גרם,false,0,18.90,2.10,true,1,
7290001820544,false,"מרק עוף כשל""פ 400 גרם",מתבל תעשיות מזון,IL,מרק עוף 400 גרם,גרמים,400.00,100 גרם,false,1,16.90,4.23,true,1,
7290001820551,false,מרק בטעם פטריות 400 גרם לנדא,מתבל תעשיות מזון,IL,"מרק פטריות כשל""פ",גרמים,400.00,100 גרם,false,1,22.90,5.73,true,1,
7290001820926,false,ליקר שוקולד ביתי 700,,,ליקר שוקולד לחי,מיליליטרים,700.00,"100 מ""ל",false,0,49.90,7.13,true,1,
7290001901045,false,רולדה גפילטע פיש ירושלמי 600 גר',דג טעים בעמ,IL,רולדה גפילטעיר,יחידה,1.00,יחידה,false,0,24.90,24.90,true,1,
7290001901052,false,גפילטע פיש הונגרי רולדה גלאט עוף 600 גרם,דג טעים בעמ,IL,רולדה געפיטעפיש,גרמים,600.00,100 גרם,false,0,24.90,4.15,true,1,
7290001901076,false,גפילטע פיש ירושלמי 6 יח'דלישס 670ג',,IL,גפילטע פיש דלישס,גרמים,670.00,100 גרם,false,0,16.90,2.52,true,1,
7290001901083,false,גפילטע פיש הונגרי 6 יח' דלישס 670ג',,IL,גפילטע פיש דלישס,גרמים,670.00,100 גרם,false,0,16.90,2.52,true,1,
7290001901410,false,רולדה גפילטע פיש הונגרי הדג המיוחד 500 גרם,דג טעים בעמ,,רולדה הונגרי00,גרמים,500.00,100 גרם,false,0,19.90,3.98,true,1,
7290001901427,false,רולדה פולני גפילטפיש -הדג המיוחד,דג טעים בעמ,IL,רולדה פולני,גרמים,500.00,100 גרם,false,0,20.90,4.18,true,1,
7290001901625,false,גפילטע פיש היימיש ללא סוכר צנצנת 4 קציצות,,IL,4קציצות ללא סוכר,גרמים,470.00,100 גרם,false,1,11.90,2.53,true,1,
7290001901687,false,גפילטע-פיש היימיש פח 30 קציציות,,IL,פח 30 קציצות,יחידה,1.00,יחידה,false,1,46.90,46.90,true,1,
7290001901700,false,רולדה גפילטע פיש 500 גרם ללא סוכר.,,IL,רולדה ג'פ 500 גר,גרמים,500.00,100 גרם,false,1,22.90,4.58,true,1,
7290001989036,false,"מקרלית מעושן 1ק""ג 7ימים",סלטי שמיר,IL,פילה מקרל מעושן,קילוגרמים,0.00,"ק""ג",true,0,99.00,99.00,true,1,
7290001990094,false,"סוכר חום כהה צנצנת קלאסי סוגת 1ק""ג",האי נאם סי או אל.טי.,IL,סוכר חום קלאסי,קילוגרמים,1.00,"ק""ג",false,0,9.90,9.90,true,1,
7290001990148,false,"סוכר גולדן קלאסי בצנצנת סוגת 1 ק""ג",האי נאם סי או אל.טי.,IL,סוכר גולדן,קילוגרמים,1.00,"ק""ג",false,0,9.90,9.90,true,1,
7290001990407,false,"עדשים ירוקים 1 ק""ג סוגת","סוגת תעשיות בע""\מ",IL,עדשים ירוקות,קילוגרמים,1.00,"ק""ג",false,0,8.90,8.90,true,1,
7290002000143,false,"חדש -פנג'ל ק.ידיים קלאסיק 80מ""ל",מיוצר עי קונדיטוריית,IL,קרם ידיים פנג'ל,מיליליטרים,80.00,"100 מ""ל",false,0,5.90,7.38,true,1,
7290002001782,false,פנג'ל פלוס לכף הרגל 100מ,אינטרקוסמא,IL,קרם לכף הרגל,מיליליטרים,100.00,"100 מ""ל",false,0,13.90,13.90,true,1,
7290002003168,false,"שלישיית קרם ידיים קלאסי פנג'ל 80 מ""ל",אינטרקוסמא 1985 במ,IL,קרם יד.פנג'ל 3יח,מיליליטרים,240.00,"100 מ""ל",false,0,13.90,5.79,true,1,
7290002007500,false,קיסמי שיניים הנמל במבוק 500 יחידות,הנמל אריזות ושיווק 1984 בע`מ,IL,קיסמי שיניים,יחידה,1.00,יחידה,false,0,2.90,2.90,true,1,
7290002008750,false,אבקת אפיה עשירייה הנמל 100 גרם,הנמל אריזות ושיווק 1984 בע`מ,IL,אבקת אפיה,גרמים,100.00,100 גרם,false,0,1.50,1.50,true,1,
7290002011651,false,לוגאנו עוגיות במילוי קרם אגוזים 150 גרם,הגביע מוצרי וופלים בעמ,IL,לוגאנו עוגיות אג,גרמים,150.00,100 גרם,false,0,4.90,3.27,true,1,
7290002014201,false,חומוס מעדני מיקי 200 גרם,"סלטי שמיר 2006 בע""\מ",IL,חומוס 200 גרם,גרמים,200.00,100 גרם,false,0,7.90,3.95,true,1,
7290002014218,false,טחינה מעדני מיקי 200 גרם,"סלטי שמיר 2006 בע""\מ",IL,טחינה 200 גרם,גרמים,200.00,100 גרם,false,0,7.90,3.95,true,1,
7290002014225,false,חציל במיונז מעדני מיקי 200 גרם,"סלטי שמיר 2006 בע""\מ",IL,סלט חצילים במי,גרמים,200.00,100 גרם,false,0,7.90,3.95,true,1,
7290002014232,false,סלט טורקי 200 גרם מעדני מיקי,סלטי שמיר2006בעמ,IL,סלט טורקי 200,גרמים,200.00,100 גרם,false,0,7.90,3.95,true,1,
7290002014751,false,כרוב אדום מעדני מיקי 200 גרם,"סלטי שמיר 2006 בע""\מ",IL,סלט כרוב אדום,גרמים,200.00,100 גרם,false,0,7.90,3.95,true,1,
7290002014799,false,מטבוחה מעדני מיקי 200 גרם,"סלטי שמיר 2006 בע""\מ",IL,סלט מטבוחה 200,גרמים,200.00,100 גרם,false,0,7.90,3.95,true,1,
7290002015093,false,מלפפון בחומץ 13-17 בני דרום 560 גרם,קבוצת יבנה מוצרי מזון,IL,מלפפונים בחומץ,גרמים,560.00,100 גרם,false,0,5.90,1.05,true,1,
7290002015116,false,מלפפון בחומץ 7-9 בני דרום 560 גרם,קבוצת יבנה מוצרי מזון,IL,מלפפונים בחומץ,גרמים,560.00,100 גרם,false,0,3.90,0.70,true,1,
7290002015123,false,מלפפון בחומץ 10-12 בני דרום 560 גרם,קבוצת יבנה מוצרי מזון,IL,מלפפונים בחומץ,גרמים,560.00,100 גרם,false,0,4.90,0.88,true,1,
7290002015147,false,מלפפון בחומץ 18-25בני דרום 560 גרם,קבוצת יבנה מוצרי מזון,IL,מלפפונים בחומץ,גרמים,560.00,100 גרם,false,0,7.90,1.41,true,1,
7290002015154,false,מלפפון במלח 7-9 בני דרום 560 גרם,בני דרום,IL,מלפפונים במלח,גרמים,560.00,100 גרם,false,0,3.90,0.70,true,1,
7290002015192,false,מלפפון במלח 18-25 בני דרום 560 גרם,קבוצת יבנה מוצרי מזון,IL,מלפפון במלח,גרמים,560.00,100 גרם,false,0,7.90,1.41,true,1,
7290002015208,false,מלפפון במלח 13-17 בני דרום 560 גרם,קבוצת יבנה מוצרי מזון,IL,מלפפון במלח,גרמים,560.00,100 גרם,false,0,5.90,1.05,true,1,
7290002015314,false,זיתים ירוק 12-15 340 גרם,קבוצת יבנה מוצרי מזון,IL,זית.ירוק,גרמים,340.00,100 גרם,false,0,4.90,1.44,true,1,
7290002015406,false,"זית שחור גדול בד""ץ 560 ג",בני דרום,IL,זית שחור גדול,גרמים,560.00,100 גרם,false,0,5.90,1.05,true,1,
<<<<<<< HEAD
7290002015420,false,זיתים חרוזית בני דרום 1250 גרם,בני דרום,IL,זיתים חרוזית,גרמים,560.00,100 גרם,false,0,5.90,1.05,true,1,
7290002015437,false,זית מנזנילו גדול מאד ‏2‏-‏A‏ בני דרום,בני דרום,IL,זיתים ירוקים נובו 560 גר,גרמים,560.00,100 גרם,false,0,5.90,1.05,true,1,
7290002015444,false,זיתים חרוזית א5 בני דרום 1250 גרם,בני דרום,IL,זיתים חרוזית,קילוגרמים,1.25,"ק""ג",false,0,13.90,11.12,true,1,
7290002015475,false,זיתים מנזלינו ירוק א5 בני דרום 1250 גרם,בני דרום,IL,זית ירוק מנזל15-17 1.300,קילוגרמים,1.30,"ק""ג",false,0,11.90,9.15,true,1,
7290002015666,false,פלפל חריף שיפקה בני דרום 540 גרם,בני דרום,IL,פלפל חריף שיפקה,גרמים,540.00,100 גרם,false,0,4.90,0.91,true,1,
7290002015765,false,חצילים במלח בני דרום 540גרם,בני דרום,IL,"חצילים במלח ""בני",גרמים,540.00,100 גרם,false,0,4.90,0.91,true,1,
7290002015833,false,"זיתים חרוזית ירוק א10 בני דרום 3ק""ג",בני דרום,IL,זיתים חרוזית,קילוגרמים,3.00,"ק""ג",false,0,26.90,8.97,true,1,
7290002022152,false,מרשמלו ורוד לבן וסטהיים 100ג36X שקיות בקרטון,מנדלז סי.אר. פרודקשן,IL,מרשמלו ורוד לבן,גרמים,100.00,100 גרם,false,1,3.90,3.90,true,1,
7290002022923,false,סוכריות על מקל בטעם תות כרמית 50 יחידות,כרמית תעשיות ממתקים,TR,לקקן פופ תות,גרמים,450.00,100 גרם,false,0,12.90,2.87,true,1,
=======
7290002015420,false,זיתים חרוזית בני דרום 1250 גרם,קבוצת יבנה מוצרי מזון,IL,זיתים חרוזית,גרמים,560.00,100 גרם,false,0,5.90,1.05,true,1,
7290002015437,false,זית מנזנילו גדול מאד ‏2‏-‏A‏ בני דרום,קבוצת יבנה מוצרי מזון,IL,זיתים ירוקים נובו 560 גר,גרמים,560.00,100 גרם,false,0,5.90,1.05,true,1,
7290002015444,false,זיתים חרוזית א5 בני דרום 1250 גרם,קבוצת יבנה מוצרי מזון,IL,זיתים חרוזית,קילוגרמים,1.25,"ק""ג",false,0,13.90,11.12,true,1,
7290002015475,false,זיתים מנזלינו ירוק א5 בני דרום 1250 גרם,קבוצת יבנה מוצרי מזון,IL,זית ירוק מנזל15-17 1.300,קילוגרמים,1.30,"ק""ג",false,0,11.90,9.15,true,1,
7290002015666,false,פלפל חריף שיפקה בני דרום 540 גרם,קבוצת יבנה מוצרי מזון,IL,פלפל חריף שיפקה,גרמים,540.00,100 גרם,false,0,4.90,0.91,true,1,
7290002015765,false,חצילים במלח בני דרום 540גרם,קבוצת יבנה מוצרי מזון,IL,"חצילים במלח ""בני",גרמים,540.00,100 גרם,false,0,4.90,0.91,true,1,
7290002015833,false,"זיתים חרוזית ירוק א10 בני דרום 3ק""ג",קבוצת יבנה מוצרי מזון,IL,זיתים חרוזית,קילוגרמים,3.00,"ק""ג",false,0,26.90,8.97,true,1,
7290002022152,false,מרשמלו ורוד לבן וסטהיים 100ג36X שקיות בקרטון,כרמית תעשיות ממתקים בעמ,IL,מרשמלו ורוד לבן,גרמים,100.00,100 גרם,false,1,3.90,3.90,true,1,
7290002022923,false,סוכריות על מקל בטעם תות כרמית 50 יחידות,כרמית תעשיות ממתקים בעמ,TR,לקקן פופ תות,גרמים,450.00,100 גרם,false,0,12.90,2.87,true,1,
>>>>>>> d048ac2f4f281c9d788043ab4e81b61b0dbe3743
7290002024002,false,"שמיר חומוס 3 ק""ג",סלטי שמיר 2006 בעמ,IL,חומוס,קילוגרמים,3.00,"ק""ג",false,0,29.90,9.97,true,1,
7290002029182,false,עוף קפוא מס' 2 שארית ישראל,,IL,עוף מס2' קפוא,קילוגרמים,0.00,"ק""ג",true,0,26.90,26.90,true,1,
7290002029205,false,כרעיים עוף קפוא שארית ישראל,,IL,כרעיים עוף,קילוגרמים,0.00,"ק""ג",true,0,36.90,36.90,true,1,
7290002029236,false,חזה עוף קפוא שארית ישראל,עוף ירושלים מהדרין,IL,חה עוף קפוא,קילוגרמים,0.00,"ק""ג",true,0,45.90,45.90,true,1,
7290002029250,false,כנפיים עוף קפוא שארית ישראל,,IL,"כנפיים עוף ""שארי",קילוגרמים,0.00,"ק""ג",true,0,14.90,14.90,true,1,
7290002029267,false,שוקיים עוף קפוא שארית ישראל,,IL,שוקיים עוף,קילוגרמים,0.00,"ק""ג",true,0,48.90,48.90,true,1,
7290002029526,false,עוף טרי ארוז שארית י,עוף ירושלים מהדרין,,עוף טרי גלאט,קילוגרמים,0.00,"ק""ג",true,0,26.90,26.90,true,1,
7290002029540,false,כרעיים עוף טרי גלאט,עוף ירושלים מהדרין,,כרעיים ע.טרי גלא,קילוגרמים,0.00,"ק""ג",true,0,36.90,36.90,true,1,
7290002029557,false,כנפיים עוף טרי ארוז שארית ישראל,,IL,כנפיים ע.טריגלאט,קילוגרמים,0.00,"ק""ג",true,0,14.90,14.90,true,1,
7290002029632,false,שניצל טרי ארוז גלאט ירושלים שארית,עוף ירושלים מהדרין,,שניצל ע.טרי גלאט,קילוגרמים,0.00,"ק""ג",true,0,48.90,48.90,true,1,
7290002035121,false,מטיאס אמיתי שמן 5יח 300ג,אלדג,IL,מטיאס אמיתי בש,גרמים,300.00,100 גרם,false,0,44.90,14.97,true,1,
7290002035169,false,פילה מקרל-מקרוסקה מעושנת בואקום שקיל,אלדג,IL,מקרל מעושן,קילוגרמים,0.00,"ק""ג",true,0,149.00,149.00,true,1,
7290002035183,false,סלמון מעושן בווואקום אלדג 100ג',,IL,סלמון נורבגי,גרמים,100.00,100 גרם,false,0,23.90,23.90,true,1,
7290002035206,false,חזרת בצנצנת אלדג 380גר,אלדג,IL,חזרת,גרמים,360.00,100 גרם,false,0,16.90,4.69,true,1,
7290002035312,false,טונה מעושנת פרוסה בואקום שקיל,אלדג,IL,טונה מעושנת,קילוגרמים,0.00,"ק""ג",true,0,195.00,195.00,true,1,
7290002035336,false,פילה הרינג הולנדי שלם בשמן 300 גרם,אלדג,IL,מטיאס הולנדי,גרמים,300.00,100 גרם,false,0,24.90,8.30,true,1,
7290002035862,false,פילה הרינג הולנדי שלם 700 גרם,אלדג,,דג מטיאס הולנדי,גרמים,700.00,100 גרם,false,0,44.90,6.41,true,1,
7290002035879,false,פילה הרינג כבוש אלדג,אלדג,,דג הרינג כבוש,גרמים,700.00,100 גרם,false,0,44.90,6.41,true,1,
7290002035886,false,מטיאס הולנדי עם בצל ושמן 300 ג',אלדג,IL,מטיאס הולנדי+בצל,גרמים,300.00,100 גרם,false,0,24.90,8.30,true,1,
7290002035947,false,מעדן נסיכת הנילוס מעושן פרוס שקיל,אלדג,IL,נסיכת הנילוס מעו,גרמים,0.00,"ק""ג",true,1,195.00,195.00,true,1,
7290002075028,false,אובלטים אישי 150 גרם,שוקו טרייד,IL,אובלטים מלוחים ק,גרמים,150.00,100 גרם,false,0,4.90,3.27,true,1,
7290002075158,false,אובלטים שומשום 150 גר' ש,,IL,אובלטים שומשום,גרמים,150.00,100 גרם,false,1,4.90,3.27,true,1,
7290002075165,false,אובלטים עם זעתר 150 גר',,IL,אובלטים עם זעתר,גרמים,150.00,100 גרם,false,1,4.90,3.27,true,1,
7290002079033,false,לחם דגנים לייט פרוס 500 גרם,מאפיית דוידוביץ ובניו בע,IL,לחם דגנים לייט,גרמים,500.00,100 גרם,false,0,9.90,1.98,true,1,
7290002079217,false,מחמצת עם אגוזים שיפון 650 ג',מאפיית דוידוביץ ובני,IL,לחם מחמצת שיפון,גרמים,650.00,100 גרם,false,0,10.90,1.68,true,1,
7290002079361,false,לחמניות המבורגר חתוך 6+2*60 ג',מאפיית דוידוביץ ובני,IL,לחמניות המבורגר,יחידה,1.00,יחידה,false,0,10.90,10.90,true,1,
7290002079477,false,לחם אחיד פרוס דוידוב,מאפיית דוידוביץ ובניו בע,IL,לחם אחיד פרוס,גרמים,750.00,100 גרם,false,0,5.40,0.72,true,1,
7290002079927,false,לחם דגנים מלא דוידוב,מאפיית דוידוביץ ובני,IL,לחם דגנים מלא,גרמים,750.00,100 גרם,false,0,9.90,1.32,true,1,
7290002079996,false,לחם אחיד קל פרוס 750 גרם,מאפיית דוידוביץ ובני,IL,לחם אחיד פרוס קל,גרמים,750.00,100 גרם,false,0,9.90,1.32,true,1,
7290002105145,false,צלעות מספר 2 כשרות הרב מחפוד,,IL,צלעות בקר מחפוד,גרמים,0.00,"ק""ג",true,0,48.90,48.90,true,1,
7290002105152,false,חזה 3 מוסדי בקר קפוא מחפוד,,IL,חזה מס' מחפוד3,גרמים,0.00,"ק""ג",true,0,44.90,44.90,true,1,
7290002105176,false,בשר מס' 4 כתף מחיר לפי מ,עוף ירושלים,IL,כתף מס' 4,גרמים,0.00,"ק""ג",true,0,43.90,43.90,true,1,
7290002105183,false,צלי כתף 5 בקר קפוא מחפוד,,IL,צלי כתף מס5',גרמים,0.00,"ק""ג",true,0,104.90,104.90,true,1,
7290002105190,false,פילה מדומה 6 בקר קפוא מחפוד,עוף ירושלים,IL,פ.מדומה מס6',גרמים,0.00,"ק""ג",true,0,62.90,62.90,true,1,
7290002105213,false,מכסה הצלע מס7' צרכני קג,.,IL,מכסה הצלע מס7',גרמים,0.00,"ק""ג",true,0,44.90,44.90,true,1,
7290002105220,false,שריר הזרוע 8 צרכני בקר קפוא מחפוד,,IL,שריר מס8',גרמים,0.00,"ק""ג",true,0,59.90,59.90,true,1,
7290002105299,false,בשר מס' 3 חזה מחיר לפי מ,,IL,בשר חזה מחפוד,גרמים,0.00,"ק""ג",true,0,44.90,44.90,true,1,
7290002105305,false,צוואר בקר מס.10-מחפוד,,,בשר צוואר,גרמים,0.00,"ק""ג",true,0,42.90,42.90,true,1,
7290002105329,false,צלעות קצרות מחפוד לפי מש,עוף ירושלים,IL,צלעות קצרות מחפו,גרמים,0.00,"ק""ג",true,1,66.90,66.90,true,1,
7290002105343,false,שריר הזרוע מס' 8 לפי משק,,IL,שריר הזרוע 8,גרמים,0.00,"ק""ג",true,1,59.90,59.90,true,1,
7290002105442,false,בשר ראש עגל - מחפוד לפי,,IL,בשר ראש - מחפוד,גרמים,0.00,"ק""ג",true,1,106.90,106.90,true,1,
7290002105466,false,מעדני הטלה והעגל לשון בקר קפוא מחפוד,,IL,לשון בקר מחפוד,גרמים,0.00,"ק""ג",true,1,64.90,64.90,true,1,
7290002105503,false,בורגר מזרחי קפוא גלאט 500ג' מחפוד,עוף ירושלים שיווק בעמ,,המבורגר,גרמים,500.00,100 גרם,false,0,17.90,3.58,true,1,
7290002105510,false,קבב מזרחי מתובל וקפוא גלאט הדר בשר 500ג',עוף ירושלים שיווק בעמ,,קבב מזרחי,גרמים,500.00,100 גרם,false,0,17.90,3.58,true,1,
7290002105565,false,טחון הודו 500 גרם מחפוד מהדרין,עוף ירושלים שיווק בעמ,IL,מוצר הודו טחון,גרמים,500.00,100 גרם,false,0,12.80,2.56,true,1,
7290002105671,false,טחון עוף 500 גר' קפוא מחפוד,עוף ירושלים שיווק בעמ,IL,טחון עוף 500גרם,גרמים,500.00,100 גרם,false,0,12.90,2.58,true,1,
7290002105749,false,"טחון בקר 100% קפוא 1 ק""ג גאלט מחפוד",עוף ירושלים שיווק בעמ,IL,טחון בקר,גרמים,1000.00,100 גרם,false,0,44.90,4.49,true,1,
7290002105770,false,"קבב כבש קציצות ביתי בוואקום מחפוד 1 ק""ג",עוף ירושלים,,קבב כבש,גרמים,0.00,"ק""ג",true,0,44.90,44.90,true,1,
7290002109372,false,בורקס פילו אצבעות בולגרי 700 ג' שלושת האופים,שלושת האופים שגמור,IL,בורקס פילו גבינה,גרמים,700.00,100 גרם,false,0,15.90,2.27,true,1,
7290002109402,false,טעם טוב גבינה מותכת ט.זיתים 7% 120גר,,IL,גבינה מותכת 120ג,גרמים,120.00,100 גרם,false,0,9.90,8.25,true,1,
7290002109419,false,טעם טוב גבינה מותכת ט.שום שמיר 7% 120גר,,IL,גבינה מותכת 120ג,גרמים,120.00,100 גרם,false,0,9.90,8.25,true,1,
7290002109426,false,טעם טוב גבינה מותכת ט.פיקנטי 7% 120גר,,IL,גבינה מותכת 120ג,גרמים,120.00,100 גרם,false,0,9.90,8.25,true,1,
7290002109433,false,טעם טוב גבינה מותכת שוויצרי 7% 120גר,,IL,גבינה מותכת 120ג,גרמים,120.00,100 גרם,false,0,9.90,8.25,true,1,
7290002111085,false,"רוטב עגבניות 22% ""פרי מבורך"" 100 גרם","זנלכל בע""\מ",IL,רוטב עגבניות,גרמים,100.00,100 גרם,false,0,1.70,1.70,true,1,
7290002111122,false,רסק תפוחי עץ בתוספת סוכר פרי מבורך 560 ג,"זנלכל בע""\מ",IL,"רסק תפו""ע + סו",גרמים,560.00,100 גרם,false,0,7.90,1.41,true,1,
7290002111139,false,רסק תפוחי עץ טבעי בלי תוספת סוכר פרי מבו,"זנלכל בע""\מ",IL,"רסק תפו""ע",גרמים,560.00,100 גרם,false,0,7.90,1.41,true,1,
7290002111214,false,גרעיני תירס לייט A2 פרי מבורך 550 גר',"זנלכל בע""\מ",IL,תירס לייט,גרמים,550.00,100 גרם,false,0,8.90,1.62,true,1,
7290002111337,false,רוטב עגבניות BX 22% פרי מבורך (240 גרם),"זנלכל בע""\מ",IL,רוטב עגבניות260ג,גרמים,260.00,100 גרם,false,0,2.90,1.12,true,1,
7290002111474,false,אפונה גדולה A2 פרי מבורך 600ג',"זנלכל בע""\מ",IL,אפונה גדולה 50,גרמים,550.00,100 גרם,false,0,7.90,1.44,true,1,
7290002111511,false,אפונת גינה וגזר פרי מבורך 550 גרם,"זנלכל בע""\מ",IL,אפונה וגזר,גרמים,550.00,100 גרם,false,0,7.90,1.44,true,1,
7290002111634,false,חומוס שלם פרי מבורך 290 גרם,"זנלכל בע""\מ",IL,חומוס,גרמים,550.00,100 גרם,false,0,7.90,1.44,true,1,
7290002111665,false,עגבניות תרכיז 28% A2 פרי מבורך 600ג',"זנלכל בע""\מ",IL,רסק עגבניות28%,גרמים,580.00,100 גרם,false,0,9.90,1.71,true,1,
7290002111672,false,"רסק עגבניות A2 22% פרי מבורך 570ג' בד""צ","זנלכל בע""\מ",IL,רסק עגבניות 22%,גרמים,570.00,100 גרם,false,0,7.90,1.39,true,1,
7290002111764,false,שעועית לבנה ברוטב עגבניות פרי מבורך 580,"זנלכל בע""\מ",IL,שעועית לבנה,גרמים,280.00,100 גרם,false,0,7.90,2.82,true,1,
7290002111818,false,גרעיני תירס מתוק ואקום פרי מבורך 400ג',"זנלכל בע""\מ",IL,גרעיני תירס מתוק,גרמים,400.00,100 גרם,false,0,6.50,1.63,true,1,
7290002111825,false,גרעיני תירס מתוק 550 גרם פרי מבורך,"זנלכל בע""\מ",IL,תירס גרעינים,גרמים,550.00,100 גרם,false,0,7.90,1.44,true,1,
7290002111948,false,"שעועית ירוקה חתוכה""פרי מבורך"" 550 גרם","זנלכל בע""\מ",IL,שעועית ירוקה,גרמים,550.00,100 גרם,false,0,9.90,1.80,true,1,
7290002128083,false,נרות חנוכה רגיל 44יח-מנורה,אבאל יזמות בעמ,IL,נרות חנוכה,יחידה,1.00,יחידה,false,0,2.90,2.90,true,1,
7290002128151,false,פתיליות מצמר גפן,,,פתיליות מצמר גפן,יחידה,1.00,יחידה,false,0,1.90,1.90,true,1,
7290002128168,false,תשע כוסיות מזכוכית לשמן זית,,IL,תשע כוסיות זכוכי,יחידה,1.00,יחידה,false,1,5.90,5.90,true,1,
7290002128274,false,חנוכיית מתכת עם/בלי,,,חנוכיית מתכת מעו,יחידה,1.00,יחידה,false,0,9.90,9.90,true,1,
7290002128373,false,חנוכיית פס מנורה,,IL,"חנוכיה פס ""מנורה",יחידה,1.00,יחידה,false,1,4.90,4.90,true,1,
7290002129400,false,טבעות דג נטו 700ג' בדץ מהדרין,דלידג בעמ,IL,טבעות דג,גרמים,700.00,100 גרם,false,1,19.90,2.84,true,1,
7290002129417,false,"קציצות דג דלידג 1ק""ג בד""ץ",נטו מלינדה סחר בעמ,IL,קציצות דג,גרמים,700.00,100 גרם,false,1,24.90,3.56,true,1,
7290002129424,false,"שניצל דג מצופה דלידג, כשרות בד""ץ, 1 ק""ג",נטו מלינדה סחר בעמ,IL,שניצל דג מצופה,גרמים,600.00,100 גרם,false,1,24.90,4.15,true,1,
7290002129431,false,שניצלוני דג מצופה דלידג 600ג',דלידג בעמ,IL,שניצלוני דג,גרמים,600.00,100 גרם,false,1,19.90,3.32,true,1,
7290002129462,false,פיצה איטלקית דקה שלושת האופים מארז זוג 640 ג',נטו מלינדה סחר בעמ,IT,זוג פיצה משפחתית,גרמים,640.00,100 גרם,false,1,16.90,2.64,true,1,
7290002129479,false,פיצה איטלקית דקה שלושת האופים 320 גר,האי נאם סי או אל.טי.,IT,פיצה איטלקית דקה,גרמים,320.00,100 גרם,false,1,10.90,3.41,true,1,
7290002130574,false,דבש טהור מפרחי בר בזכוכית 500 ג' יד מרדכי,מכוורת יד מרדכי שטראוס ב,IL,דבש מפרחי בר,גרמים,500.00,100 גרם,false,0,19.90,3.98,true,1,
7290002130581,false,דבש טהור מפרחי בר יד מרדכי (1 קג),מכוורת יד מרדכי שטראוס ב,IL,דבש טהור,קילוגרמים,1.00,"ק""ג",false,0,39.90,39.90,true,1,
7290002132011,false,עוגיות מזרחיות עם שומשום עבאדי (400 גר),מאפיית יוסף ושמחה עבאדי,IL,עוגיות מזרחיות,גרמים,400.00,100 גרם,false,0,16.90,4.23,true,1,
7290002135760,false,"עוף טחון טהור 500 כשל""פ רובין",,IL,טחון עוף טרי,גרמים,500.00,100 גרם,false,0,17.90,3.58,true,1,
7290002135807,false,רולדה חזה הודו מעובד לפי,,IL,רולדה חזה הודו,גרמים,0.00,"ק""ג",true,1,38.90,38.90,true,1,
7290002135821,false,כבד עוף צלוי טרי רובין,עוף ירושלים,IL,כבד 200 גרם נתח,גרמים,200.00,100 גרם,false,1,28.90,14.45,true,1,
7290002153054,false,מצות 400 גר אם החיטה,מצות ראשון לציון,IL,מצה 400 גר,גרמים,400.00,100 גרם,false,1,7.80,1.95,true,1,
7290002153061,false,קמח מצה חמץ הלפרין 500 ג*,אם החיטה בעמ,IL,קמח מצה חמץ,גרמים,500.00,100 גרם,false,0,4.90,0.98,true,1,
7290002153153,false,"מצה חמץ 1ק""ג הלפרין*",מצות ראשון לציון,IL,"מצות חמץ 1 ק""ג",קילוגרמים,1.00,"ק""ג",false,0,13.90,13.90,true,1,
7290002153252,false,אובלטים קימל 100 גר',,IL,אובלטים קימל,גרמים,100.00,100 גרם,false,0,2.80,2.80,true,1,
7290002153269,false,אובלטים שומשום 100 גר',,IL,אובלטים שומשום,גרמים,100.00,100 גרם,false,0,2.80,2.80,true,1,
7290002153276,false,אובלטים מלוחים 100 גר',,,אובלטים מלוחים,גרמים,100.00,100 גרם,false,0,2.80,2.80,true,1,
7290002153801,false,אובלטים שומשום 300 גרם,אם החיטה בעמ,IL,אובלטים שומשום,גרמים,300.00,100 גרם,false,0,7.50,2.50,true,1,
7290002153818,false,אובלטים קימל 500 גרם,אם החיטה,IL,אובלטים קימל,גרמים,500.00,100 גרם,false,0,9.90,1.98,true,1,
7290002153825,false,"אובלטים מלוחים ירוק ""ראשון"", 300 גרם",אם החיטה בעמ,IL,אובלטים מלוחים,גרמים,300.00,100 גרם,false,0,7.50,2.50,true,1,
7290002153887,false,אובלטים דקיקים קימל 300 גרם,,IL,אובלטים קימל 300,יחידה,1.00,יחידה,false,1,7.50,7.50,true,1,
7290002155966,false,"תמצית וניל 50 מ""ל",,IL,תמצית וניל,מיליליטרים,50.00,"100 מ""ל",false,0,2.50,5.00,true,1,
7290002195856,false,גולש בקר העדה החרדית פולין,,IL,גולש מעובד,גרמים,0.00,"ק""ג",true,1,88.90,88.90,true,1,
7290002200642,false,סיגריות במגש 30 יח,מ.מסטיקס,IL,סיגריות במגש,יחידה,1.00,יחידה,false,0,2.90,2.90,true,1,
7290002206682,false,שניצל פרמיום טרי ארוז קהילות,נטו,IL,שניצל פרימיום,קילוגרמים,0.00,"ק""ג",true,1,48.90,48.90,true,1,
<<<<<<< HEAD
7290002253006,false,שום כתוש דורות בצנצנת 200 גרם,עיצובים 2020 (3.8),IL,שום טרי כתוש,גרמים,200.00,100 גרם,false,0,10.90,5.45,true,1,
7290002253105,false,קוביות שום כתוש טרי דורות 80 גרם,עיצובים 2020 (3.8),IL,שום כתוש קפוא,גרמים,80.00,100 גרם,false,0,7.90,9.88,true,1,
7290002253167,false,פטרוזיליה קצוצה דורות 70 גרם,עיצובים 2020 (3.8),IL,דורותפטרוזיליה,גרמים,70.00,100 גרם,false,0,7.90,11.29,true,1,
7290002253181,false,קוביות כוסברה קצוצה דורות 70 גרם,עיצובים 2020 (3.8),IL,דורות כוסברה,גרמים,70.00,100 גרם,false,0,7.90,11.29,true,1,
7290002253235,false,דורות רוטב פסטו 160 גרם,עיצובים 2020 (3.8),IL,דורות רוטב פסטו,גרמים,160.00,100 גרם,false,16,9.50,5.94,true,1,
7290002278528,false,כריות ניקוי שבתכלין ביאנקו שייני 2 יחידות,מ.א ייצור ושיווק מטל,IL,כרית כלים לשבת,יחידה,1.00,יחידה,false,0,5.90,5.90,true,1,
7290002281474,false,חמישיית פיצות שלושת האופים,שלושת האופים,IL,פיצה 5 טעם טוב,גרמים,2000.00,100 גרם,false,1,49.90,2.50,true,1,
=======
7290002253006,false,שום טרי כתוש צנצנת דורות 200 גרם,קבוצת אוסם סחר-שות.מוגבלת,IL,שום טרי כתוש,גרמים,200.00,100 גרם,false,0,10.90,5.45,true,1,
7290002253105,false,שום במגשית 20 שיניים כתושות קפוא 80,קבוצת אוסם סחר-שות.מוגבלת,IL,שום כתוש קפוא,גרמים,80.00,100 גרם,false,0,7.90,9.88,true,1,
7290002253167,false,פטרוזיליה טרייה קצוצה מוקפאת 70 גרם,קבוצת אוסם סחר שותפות מוגבלת,IL,דורותפטרוזיליה,גרמים,70.00,100 גרם,false,0,7.90,11.29,true,1,
7290002253181,false,כוסברה טרייה קצוצה 20 קוביות 70 גרם קפוא,קבוצת אוסם סחר שותפות מוגבלת,IL,דורות כוסברה,גרמים,70.00,100 גרם,false,0,7.90,11.29,true,1,
7290002253235,false,דורות רוטב פסטו דורות,קבוצת אוסם סחר שותפות מוגבלת,IL,דורות רוטב פסטו,גרמים,160.00,100 גרם,false,16,9.50,5.94,true,1,
7290002278528,false,כריות ניקוי שבתכלין ביאנקו שייני 2 יחידות,מ.א.ייצור ויבוא מטליות בעמ,IL,כרית כלים לשבת,יחידה,1.00,יחידה,false,0,5.90,5.90,true,1,
7290002281474,false,חמישיית פיצות שלושת האופים,נטו מילנדה סחר בעמ*,IL,פיצה 5 טעם טוב,גרמים,2000.00,100 גרם,false,1,49.90,2.50,true,1,
>>>>>>> d048ac2f4f281c9d788043ab4e81b61b0dbe3743
7290002281481,false,שלושת האופים פיצה משולש אישית,,IL,פיצה אישית עגולה,גרמים,80.00,100 גרם,false,1,2.60,3.25,true,1,
7290002292548,false,כבד צלוי טרי לנדא ארוז,,IL,כבד צלוי טרי,גרמים,200.00,100 גרם,false,1,29.90,14.95,true,1,
7290002292999,false,נקניקיות פיקנטיות 400 גר' קהילות,מעדני הטלה והעגל,IL,נקנקיות פיקנטי,גרמים,400.00,100 גרם,false,1,9.90,2.48,true,1,
7290002304203,false,קונפיטורה ביתית תות לייט 600 גר,ענבי ציון,IL,קונפיטורה תות,גרמים,600.00,100 גרם,false,0,18.90,3.15,true,1,
7290002304241,false,קונפיטורה ביתית פירות יער לייט 600 גר,ענבי ציון,IL,קונפ.פירות יער,גרמים,600.00,100 גרם,false,0,18.90,3.15,true,1,
<<<<<<< HEAD
7290002317661,false,זיתים ירוק מנזנילו 560ג,שימורי מוטולה בעמ,IL,זיתים ירוקים,גרמים,560.00,100 גרם,false,1,8.90,1.59,true,1,
7290002317678,false,חרוזית צנצנת זיתים 560 ג' מוטולה,שימורי מוטולה בעמ,IL,זיתים נטול גלעין,גרמים,560.00,100 גרם,false,1,8.90,1.59,true,1,
7290002317746,false,זיתים שחורים גדול גרם560,שימורי מוטולה בעמ,IL,זיתים שחורים,גרמים,560.00,100 גרם,false,1,8.90,1.59,true,1,
7290002317814,false,חצילים מוחמצים צנצנת700ג,שימורי מוטולה בעמ,IL,חצילים מוחמצים,גרמים,700.00,100 גרם,false,1,10.90,1.56,true,1,
7290002319016,false,אבקת אפיה עשיריות מיה 100 גרם,מיה תעשיות מזון מ.ת.מ. ב,IL,אבקת אפיה,גרמים,100.00,100 גרם,false,0,1.90,1.90,true,1,
7290002319023,false,סוכר וניל עשיריות מיה 100 גרם,מיה תעשיות מזון מ.ת.מ. ב,IL,סוכר וניל,גרמים,100.00,100 גרם,false,0,1.90,1.90,true,1,
7290002319030,false,תבלין אבקת בצל מיכל 80 ג' מיה,מיה תעשיות מזון מ.ת.מ. ב,IL,אבקת בצל,גרמים,80.00,100 גרם,false,0,5.90,7.38,true,1,
7290002319047,false,אגוזי המלך 100 גר' מיה,מיה תעשיות מזון מ.ת.מ. ב,IL,אגוזי המלך 100גר,גרמים,100.00,100 גרם,false,0,9.90,9.90,true,1,
7290002319054,false,פרג טחון מיה 100 גרם,מיה תעשיות מזון מ.ת.מ. ב,IL,פרג טחון,גרמים,100.00,100 גרם,false,0,3.90,3.90,true,1,
7290002319092,false,קמח תפוחי אדמה מיה 500 גרם,מיה תעשיות מזון מ.ת.מ. ב,IL,קמח תפוחי אדמה,גרמים,500.00,100 גרם,false,0,3.90,0.78,true,1,
7290002319115,false,חומוס גדול יבש מיה 500 גר',מיה תעשיות מזון מ.ת.מ. ב,IL,גרעיני חומוס,גרמים,500.00,100 גרם,false,0,7.90,1.58,true,1,
7290002319122,false,גריסים יבשים מיה 500 גר',מיה תעשיות מזון מ.ת.מ. ב,IL,גריסים,גרמים,500.00,100 גרם,false,0,5.90,1.18,true,1,
7290002319139,false,שעועית לבנה יבשה מיה 500 ג',מיה תעשיות מזון מ.ת.מ. ב,IL,שעועית לבנה,גרמים,500.00,100 גרם,false,0,6.90,1.38,true,1,
7290002319146,false,שעועית אדומה מיה 500 גרם,מיה תעשיות מזון מ.ת.מ. ב,IL,שעועית אדומה,גרמים,500.00,100 גרם,false,0,6.90,1.38,true,1,
7290002319160,false,אפונה ירוקה יבשה מיה 500 ג',מיה תעשיות מזון מ.ת.מ. ב,IL,אפונה ירוקה,גרמים,500.00,100 גרם,false,0,4.90,0.98,true,1,
7290002319177,false,פופקורן גרעינים מיה 500 גר',מיה תעשיות מזון מ.ת.מ. ב,IL,גרעיני פופקורן,גרמים,500.00,100 גרם,false,0,4.90,0.98,true,1,
7290002319184,false,עדשים אדומים יבשים מיה 500 גר',מיה תעשיות מזון מ.ת.מ. ב,IL,עדשים אדומים,גרמים,500.00,100 גרם,false,0,7.90,1.58,true,1,
7290002319191,false,עדשים ירוקים יבשים מיה 500 גר',מיה תעשיות מזון מ.ת.מ. ב,IL,עדשים ירוקים,גרמים,500.00,100 גרם,false,0,7.90,1.58,true,1,
7290002319207,false,כוסמת מיה 500 גרם,מיה תעשיות מזון מ.ת.מ. ב,IL,כוסמת,גרמים,500.00,100 גרם,false,0,7.90,1.58,true,1,
7290002319221,false,מיה חיטה 500 גרם,מיה תעשיות מזון מ.ת.מ. ב,IL,חיטה,גרמים,500.00,100 גרם,false,0,4.90,0.98,true,1,
=======
7290002317661,false,זיתים מנזולינו גדול מאוד זכוכית מוטולה,שימורי מוטולה בעמ,IL,זיתים ירוקים,גרמים,560.00,100 גרם,false,1,8.90,1.59,true,1,
7290002317678,false,חרוזית ירוק צנצנת זכוכית מוטולה,שימורי מוטולה בעמ,IL,זיתים נטול גלעין,גרמים,560.00,100 גרם,false,1,8.90,1.59,true,1,
7290002317746,false,זיתים שחורים גדול גרם560,שימורי מוטולה בעמ,IL,זיתים שחורים,גרמים,560.00,100 גרם,false,1,8.90,1.59,true,1,
7290002317814,false,חצילים מוחמצים צנצנת700ג,שימורי מוטולה בעמ,IL,חצילים מוחמצים,גרמים,700.00,100 גרם,false,1,10.90,1.56,true,1,
7290002319016,false,אבקת אפיה עשיריות מיה 100 גרם,מיה תעשיות מזון מ.ת.מ. בעמ,IL,אבקת אפיה,גרמים,100.00,100 גרם,false,0,1.90,1.90,true,1,
7290002319023,false,סוכר וניל עשיריות מיה 100 גרם,מיה תבליני החיים ירושלים בע`מ,IL,סוכר וניל,גרמים,100.00,100 גרם,false,0,1.90,1.90,true,1,
7290002319030,false,תבלין אבקת בצל מיכל 80 ג' מיה,מיה תעשיות מזון מ.ת.מ בעמ,IL,אבקת בצל,גרמים,80.00,100 גרם,false,0,5.90,7.38,true,1,
7290002319047,false,אגוזי המלך 100 גר' מיה,מיה תעשיות מזון מ.ת.מ. בעמ,IL,אגוזי המלך 100גר,גרמים,100.00,100 גרם,false,0,9.90,9.90,true,1,
7290002319054,false,פרג טחון מיה 100 גרם,מיה תעשיות מזון מ.ת.מ. בעמ,IL,פרג טחון,גרמים,100.00,100 גרם,false,0,3.90,3.90,true,1,
7290002319092,false,"קמח תפוח אדמה 500ג בד""ץ מיה*",מיה תעשיות מזון מ.ת.מ. בעמ,IL,קמח תפוחי אדמה,גרמים,500.00,100 גרם,false,0,3.90,0.78,true,1,
7290002319115,false,חומוס גדול יבש מיה 500 גר',מיה תעשיות מזון מ.ת.מ. בעמ,IL,גרעיני חומוס,גרמים,500.00,100 גרם,false,0,7.90,1.58,true,1,
7290002319122,false,גריסים יבשים מיה 500 גר',מיה תעשיות מזון מ.ת.מ. בעמ,IL,גריסים,גרמים,500.00,100 גרם,false,0,5.90,1.18,true,1,
7290002319139,false,שעועית לבנה יבשה מיה 500 ג',מיה תעשיות מזון מ.ת.מ. בעמ,IL,שעועית לבנה,גרמים,500.00,100 גרם,false,0,6.90,1.38,true,1,
7290002319146,false,שעועית אדומה מיה (500 גרם),מיה תעשיות מזון מ.ת.מ. בעמ,IL,שעועית אדומה,גרמים,500.00,100 גרם,false,0,6.90,1.38,true,1,
7290002319160,false,אפונה ירוקה יבשה מיה 500 ג',מיה תעשיות מזון מ.ת.מ. בעמ,IL,אפונה ירוקה,גרמים,500.00,100 גרם,false,0,4.90,0.98,true,1,
7290002319177,false,פופקורן גרעינים מיה 500 גר',מיה תעשיות מזון מ.ת.מ. בעמ,IL,גרעיני פופקורן,גרמים,500.00,100 גרם,false,0,4.90,0.98,true,1,
7290002319184,false,עדשים אדומים יבשים מיה 500 גר',מיה תעשיות מזון מ.ת.מ. בעמ,IL,עדשים אדומים,גרמים,500.00,100 גרם,false,0,7.90,1.58,true,1,
7290002319191,false,עדשים ירוקים יבשים מיה 500 גר',מיה תעשיות מזון מ.ת.מ. בעמ,IL,עדשים ירוקים,גרמים,500.00,100 גרם,false,0,7.90,1.58,true,1,
7290002319207,false,כוסמת מיה (500 גרם),מיה תעשיות מזון מ.ת.מ. בעמ,IL,כוסמת,גרמים,500.00,100 גרם,false,0,7.90,1.58,true,1,
7290002319221,false,חיטה מיה (500 גרם),מיה תעשיות מזון מ.ת.מ. בעמ,IL,חיטה,גרמים,500.00,100 גרם,false,0,4.90,0.98,true,1,
>>>>>>> d048ac2f4f281c9d788043ab4e81b61b0dbe3743
7290002319306,false,שקדים קלויים 200גרם,מיה,IL,שקדים קלויים,גרמים,200.00,100 גרם,false,0,19.90,9.95,true,1,
7290002319344,false,שקדים טבעיים מיה 100 גרם,מיה תעשיות מזון מ.ת.מ. בעמ,IL,שקדים טבעי 100ג,גרמים,100.00,100 גרם,false,0,11.90,11.90,true,1,
7290002319375,false,"קורנפלור 200 ג' בד""ץ מיה",מיה תעשיות מזון מ.ת.מ. בעמ,IL,קורנפלור,גרמים,200.00,100 גרם,false,0,2.90,1.45,true,1,
7290002319405,false,תבלין קינמון בקופסא 80 גר' מיה,מיה תעשיות מזון מ.ת.מ בעמ,IL,קינמון,גרמים,80.00,100 גרם,false,0,5.90,7.38,true,1,
7290002319412,false,פפריקה חריפה בצנצנת מיה 80 גרם,מיה תעשיות מזון מ.ת.מ בעמ,IL,פפריקה חריפה,גרמים,80.00,100 גרם,false,0,5.90,7.38,true,1,
7290002319429,false,פפריקה מתוקה בצנצנת מיה 80 גרם,מיה תעשיות מזון מ.ת.מ בעמ,IL,פפריקה מתוקה,גרמים,80.00,100 גרם,false,0,5.90,7.38,true,1,
7290002319436,false,פלפל שחור טחון בצנצנת מיה 70 גרם,מיה תעשיות מזון מ.ת.מ בעמ,IL,פלפל שחור,גרמים,70.00,100 גרם,false,0,7.90,11.29,true,1,
7290002319443,false,כמון בצנצנת מיה 80 גרם,מיה תעשיות מזון מ.ת.מ בעמ,IL,כמון,גרמים,80.00,100 גרם,false,0,5.90,7.38,true,1,
7290002319450,false,תבלין כרכום צנצנת 80 גר' מיה,מיה תעשיות מזון מ.ת.מ בעמ,IL,כרכום,גרמים,80.00,100 גרם,false,0,5.90,7.38,true,1,
7290002319467,false,אורגנו בצנצנת מיה 35 גרם,מיה תעשיות מזון מ.ת.מ בעמ,IL,אורגנו,גרמים,35.00,100 גרם,false,0,5.90,16.86,true,1,
7290002319474,false,תבלין אבקת שום מיכל 80 ג' מיה,מיה תעשיות מזון מ.ת.מ בעמ,IL,אבקת שום,גרמים,80.00,100 גרם,false,0,5.90,7.38,true,1,
7290002319528,false,קמח מצה חמץ 200 גר' מיה,קבוצת אסם סחר שות. מוגבלת,IL,קמח מצה,גרמים,200.00,100 גרם,false,0,2.90,1.45,true,1,
7290002319580,false,מלח לימון בצנצנת מיה 150 גרם,מיה תעשיות מזון מ.ת.מ בעמ,IL,מלח לימון,גרמים,100.00,100 גרם,false,0,5.90,5.90,true,1,
7290002319597,false,תבלין כוסברה ירוקה בשקית 80 גר' מיה,מיה תבליני החיים ירושלים בע`מ,IL,כוסברה 80 גרם,גרמים,80.00,100 גרם,false,0,5.90,7.38,true,1,
7290002319610,false,שקדים טחונים מיה 100 גרם,מיה תעשיות מזון מ.ת.מ. בעמ,IL,שקדים טחונים,גרמים,100.00,100 גרם,false,0,8.90,8.90,true,1,
7290002319627,false,תבלין ציפורן טחון בשקית 50 גר' מיה,מיה תעשיות מזון מ.ת.מ בעמ,IL,ציפורן טחון,גרמים,50.00,100 גרם,false,0,5.90,11.80,true,1,
7290002319634,false,אגוז קאשיו קלוי 200גרם,מיה תעשיות מזון מ.ת.מ. ב,IL,אגוז קשיו קלוי,גרמים,200.00,100 גרם,false,0,16.90,8.45,true,1,
7290002319641,false,תבלין גריל עוף צנצנת 80 גר' מיה,מיה תעשיות מזון מ.ת.מ. ב,IL,גריל עוף,גרמים,80.00,100 גרם,false,0,5.90,7.38,true,1,
7290002319658,false,תבלין לסטייק בצנצנת מיה 80 גרם,מיה תעשיות מזון מ.ת.מ. ב,IL,תבלין לסטייק,גרמים,80.00,100 גרם,false,0,5.90,7.38,true,1,
7290002319689,false,סודה לשתייה בקופסא 150 גר' מיה,מיה תעשיות מזון מ.ת.מ. בעמ,IL,סודה לשתיה,גרמים,150.00,100 גרם,false,0,5.90,3.93,true,1,
7290002319696,false,פלפל לבן בצנצנת מיה 70 גרם,מיה תעשיות מזון מ.ת.מ בעמ,IL,פלפל לבן,גרמים,70.00,100 גרם,false,0,5.90,8.43,true,1,
7290002319702,false,ציפורן שלם בצנצנת מיה 40 גרם,מיה תעשיות מזון מ.ת.מ. ב,IL,ציפורן שלם,גרמים,40.00,100 גרם,false,0,5.90,14.75,true,1,
<<<<<<< HEAD
7290002319733,false,אגוזי פקאן מקולף 100 גר' מיה,מיה תעשיות מזון מ.ת.מ. ב,IL,אגוזי פקאן 100ג,גרמים,100.00,100 גרם,false,0,15.90,15.90,true,1,
7290002319740,false,אגוזי מלך טחונים מיה 100 גרם,מיה תעשיות מזון מ.ת.מ. ב,IL,אגוז מלך טחון,גרמים,100.00,100 גרם,false,0,8.90,8.90,true,1,
7290002319771,false,"תמצית אפיה בטעם וניל מיה 50 מ""ל",מיה תעשיות מזון מ.ת.מ. ב,IL,תמצית אפיה וניל,מיליליטרים,55.00,"100 מ""ל",false,0,2.90,5.27,true,1,
7290002319788,false,"תמצית אפיה רום מיה 50 מ""ל",מיה תעשיות מזון מ.ת.מ. ב,IL,תמצית אפיה רום,מיליליטרים,50.00,"100 מ""ל",false,0,2.90,5.80,true,1,
7290002319795,false,"תמצית אפיה שקדים מיה 50 מ""ל",מיה,IL,תמצית אפיה שקדים,מיליליטרים,55.00,"100 מ""ל",false,0,3.90,7.09,true,1,
7290002319801,false,תבלין שבבי בצל 50 גר' מיה,מיה תעשיות מזון מ.ת.מ. ב,IL,שבבי בצל,גרמים,50.00,100 גרם,false,0,5.90,11.80,true,1,
7290002319825,false,אבקת סוכר מיה 100 גרם,מיה תעשיות מזון מ.ת.מ. ב,IL,אבקת סוכר,גרמים,100.00,100 גרם,false,0,1.70,1.70,true,1,
=======
7290002319733,false,אגוזי פקאן מקולף 100 גר' מיה,מיה תעשיות מזון מ.ת.מ. בעמ,IL,אגוזי פקאן 100ג,גרמים,100.00,100 גרם,false,0,15.90,15.90,true,1,
7290002319740,false,אגוזי מלך טחונים מיה 100 גרם,מיה תעשיות מזון מ.ת.מ. בעמ,IL,אגוז מלך טחון,גרמים,100.00,100 גרם,false,0,8.90,8.90,true,1,
7290002319771,false,תמצית אפיה בטעם וניל מיה (50 מל),מיה תעשיות מזון מ.ת.מ. בעמ,IL,תמצית אפיה וניל,מיליליטרים,55.00,"100 מ""ל",false,0,2.90,5.27,true,1,
7290002319788,false,תמצית אפיה בטעם רום כשלפ בדצ העדח,מיה תעשיות מזון מ.ת.מ. בעמ,IL,תמצית אפיה רום,מיליליטרים,50.00,"100 מ""ל",false,0,2.90,5.80,true,1,
7290002319795,false,"תמצית אפיה שקדים מיה 50 מ""ל",מיה תעשיות מזון מ.ת.מ. בעמ,IL,תמצית אפיה שקדים,מיליליטרים,55.00,"100 מ""ל",false,0,3.90,7.09,true,1,
7290002319801,false,תבלין שבבי בצל 50 גר' מיה,מיה תעשיות מזון מ.ת.מ בעמ,IL,שבבי בצל,גרמים,50.00,100 גרם,false,0,5.90,11.80,true,1,
7290002319825,false,"אבקת סוכר 100 ג`בד""ץ מיה",מיה תעשיות מזון מ.ת.מ. בעמ,IL,אבקת סוכר,גרמים,100.00,100 גרם,false,0,1.70,1.70,true,1,
>>>>>>> d048ac2f4f281c9d788043ab4e81b61b0dbe3743
7290002321750,false,"פילה אמנון קפוא בד""ץ מאסטר פוד",,IL,פילה אמנון,גרמים,0.00,"ק""ג",true,0,19.90,19.90,true,1,
7290002327066,false,קונכיות בצק למילוי 625 גרם שלושת האופים,נטו מלינדה סחר בע`מ,IL,קונכיות למילוי,גרמים,625.00,100 גרם,false,0,21.90,3.50,true,1,
7290002331094,false,"מים מינרליים GO TO נביעות 755 מ""ל",החברה המרכזית להפצת משקאות בעמ,IL,מים מינרליים,מיליליטרים,755.00,"100 מ""ל",false,0,2.50,0.33,true,1,
7290002331124,false,נביעות+ מים מינרליים בטעם תפוח,החברה המרכזית להפצת משקאות בעמ,IL,נביעות תפוח,מיליליטרים,500.00,"100 מ""ל",false,0,5.30,1.06,true,1,
7290002331155,false,מים נביעות בטעם אפרסק 0.5 ליטר,החברה המרכזית להפצת משקאות בעמ,IL,נביעות אפרסק,מיליליטרים,500.00,"100 מ""ל",false,0,5.30,1.06,true,1,
7290002331421,false,"שישיית מים מינרליים GO TO נביעות 755 מ""ל",החברה המרכזית להפצת משקאות בעמ,IL,נביעות פקק טו גו,ליטרים,4.53,ליטר,false,0,14.90,3.29,true,1,
7290002331711,false,נביעות מים מינרלים בטעם ענבים0.5ליטר,החברה המרכזית להפצת משקאות בעמ,IL,נביעות ענבים,מיליליטרים,500.00,"100 מ""ל",false,0,5.30,1.06,true,1,
7290002341055,false,סקוטש כריות יפניות לניקוי כלים אריזת 6יח',,IL,"סקוטש כשל""פ",יחידה,1.00,יחידה,false,0,6.90,6.90,true,1,
7290002341079,false,כרית יפנית כסף סגול ארוז רביעיה ר. שמאי,,IL,כרית יפנית 4 יח',יחידה,1.00,יחידה,false,0,5.90,5.90,true,1,
7290002363491,false,"יין קונדיטון 750 מ""ל",הכורמים,IL,יין קונדיטון,מיליליטרים,750.00,"100 מ""ל",false,0,22.90,3.05,true,1,
7290002386834,false,קהילות נקניקיות עוף קפואות 400גר,מעדני הטלה והעגל,IL,נקניקיות עוף,גרמים,400.00,100 גרם,false,0,9.90,2.48,true,1,
7290002391005,false,קישקע ללא גלוטן ספיש,"ש.ב.מטעם בע""מ",IL,קישקע חפץ חיים,גרמים,500.00,100 גרם,false,0,21.90,4.38,true,1,
7290002391203,false,נקנקיות קנקרס עגל מטעם חפץ חיים,"ש.ב.מטעם בע""מ",IL,נקניקיות קנקרס,גרמים,370.00,100 גרם,false,1,30.90,8.35,true,1,
7290002391227,false,בשר לחמין קטן,,IL,בשר לחמין קטן,קילוגרמים,0.00,"ק""ג",true,1,85.90,85.90,true,1,
7290002391265,false,סטייק עין אמיתי,,IL,סטייק עין אמיתי,גרמים,0.00,"ק""ג",true,0,157.90,157.90,true,1,
7290002391302,false,כתף מס' 4 רובין לפי משקל,,IL,כתף מס' 4 רובין,גרמים,0.00,"ק""ג",true,0,77.50,77.50,true,1,
7290002391395,false,רולדה עגל,,,רולדה עגל,קילוגרמים,0.00,"ק""ג",true,0,90.90,90.90,true,1,
7290002391449,false,רצועות לחמין - פלאנקען ב,,IL,רצועות פלנקען,גרמים,0.00,"ק""ג",true,0,129.90,129.90,true,1,
7290002391463,false,רוסטביף מתובל,,IL,רוסטביף מתובל,גרמים,0.00,"ק""ג",true,0,107.90,107.90,true,1,
7290002391487,false,לשון בקר כבוש לפי משקל,,IL,לשון בקר כבוש,קילוגרמים,0.00,"ק""ג",true,0,122.90,122.90,true,1,
7290002391494,false,גרון הודו זכר גרון הודו,,IL,גרון הודו זכר,גרמים,0.00,"ק""ג",true,1,41.90,41.90,true,1,
7290002391517,false,בשר טחון קפוא 500 גר' מטעם,,IL,בשר טחון 500גרם,גרמים,450.00,100 גרם,false,0,47.70,10.60,true,1,
7290002391548,false,בשר למרק (8) שריר לפי מש,,IL,בשר למרק שריר,גרמים,0.00,"ק""ג",true,1,119.90,119.90,true,1,
7290002391692,false,הודו טחון 500גרם,,IL,הודו טחון 500גרם,גרמים,500.00,100 גרם,false,0,17.90,3.58,true,1,
7290002391791,false,רולדה הודו מתובל ספי,ש.ב מטעם,IL,רולדה הודו מתובל,קילוגרמים,0.00,"ק""ג",true,0,43.80,43.80,true,1,
7290002391852,false,נקנקיות עוף מטעם חפץ חיים,"ש.ב.מטעם בע""מ",IL,נקניקיות עוף,גרמים,370.00,100 גרם,false,0,16.90,4.57,true,1,
7290002391869,false,נקנקיות ג'מבו מטעם חפץ חיים,"ש.ב.מטעם בע""מ",IL,נקניקיות ג'מבו,גרמים,400.00,100 גרם,false,0,16.90,4.23,true,1,
7290002391883,false,נקנקיות צוריסוס מטעם חפץ חיים,"ש.ב.מטעם בע""מ",IL,נקניקיות צוריסוס,גרמים,400.00,100 גרם,false,0,30.90,7.73,true,1,
7290002402060,false,"נקניקיות עוף קראנץ קפוא 1 ק""ג מחפוד",עוף ירושלים שיווק בעמ,IL,נקנקיות קראנץ 1ק,גרמים,1000.00,100 גרם,false,1,18.90,1.89,true,1,
7290002405757,false,קרקר חיטה מלאה פת בוקר1ק,מצות כרמל,IL,קרקר חיטה מלאה,קילוגרמים,1.00,"ק""ג",false,0,19.90,19.90,true,1,
7290002409045,false,בורקס תפו``א 800 גרם ציפור השרון,ציפור השרון יהוד 1990 בעמ,IL,"בורקס תפו""א",גרמים,800.00,100 גרם,false,0,15.90,1.99,true,1,
7290002409175,false,"בצק עלים צרפתי צפ.השרון 1 ק""ג",ציפור השרון יהוד 1990 בעמ,IL,בצק עלים צרפתי,גרמים,1000.00,100 גרם,false,0,12.90,1.29,true,1,
7290002475101,false,גפילטע פיש ללא סוכר 4 מנו,"דג טעים (משווק ע""י א",IL,גפילטע פיש,גרמים,510.00,100 גרם,false,0,13.90,2.73,true,1,
<<<<<<< HEAD
7290002479352,false,דבש טהור מפרחי בר עמק חפר 350 גרם,מכוורת עמק חפר,IL,דבש מפרחי בר,גרמים,350.00,100 גרם,false,0,16.90,4.83,true,1,
=======
7290002479352,false,דבש טהור מפרחי בר עמק חפר 350 גרם,טעמן שווק מזון בעמ,IL,דבש מפרחי בר,גרמים,350.00,100 גרם,false,0,16.90,4.83,true,1,
>>>>>>> d048ac2f4f281c9d788043ab4e81b61b0dbe3743
7290002479925,false,דבש מפרחי הדרים לחיץ 350 גרם,מכוורת עמק חפר,IL,דבש לחיץ,גרמים,350.00,100 גרם,false,0,18.90,5.40,true,1,
7290002486701,false,רצועות פלאנקן לא מעובד בוואקום רובין,,IL,אסאדו - נתח,גרמים,0.00,"ק""ג",true,1,99.90,99.90,true,1,
7290002486794,false,בשר לטשולנט לא מעובד בואקום רובין,,IL,בשר לטשולנט,גרמים,0.00,"ק""ג",true,1,84.90,84.90,true,1,
7290002486800,false,סטייק פרוס בואקום זוגות רובין,,IL,סטייק אנטרי. נתח,גרמים,0.00,"ק""ג",true,1,159.90,159.90,true,1,
7290002486831,false,נקניקיות מרגז 400 גרם רובין,,IL,נקנקיות מרגז נתח,גרמים,400.00,100 גרם,false,1,18.90,4.73,true,1,
7290002505013,false,כרעיים עוף קהילות מחיר ל,קהילות,IL,כרעיים עוף,קילוגרמים,0.00,"ק""ג",true,0,33.90,33.90,true,1,
7290002505051,false,כנפיים עוף קהילות קפוא מ,קהילות,IL,כנפיים עוף,קילוגרמים,0.00,"ק""ג",true,0,14.90,14.90,true,1,
7290002505105,false,עוף טרי ארוז קהילות משקל,נטו,IL,עוף טרי קהילות,קילוגרמים,0.00,"ק""ג",true,0,25.90,25.90,true,1,
7290002505112,false,שוקיים עוף ארוז קהילות,שונות,IL,שוקיים ע.טרי קהי,קילוגרמים,0.00,"ק""ג",true,0,39.90,39.90,true,1,
7290002505129,false,ירכיים עוף ארוז קהילות,שונות,IL,ירכיים ע.טרי,קילוגרמים,0.00,"ק""ג",true,0,34.90,34.90,true,1,
7290002505136,false,כנפיים עוף ארוז קהילות,שונות,IL,כנפיים ע.ט קהילו,קילוגרמים,0.00,"ק""ג",true,0,17.90,17.90,true,1,
7290002505143,false,שניצל עוף פרוס טרי ארוז קהילות,שונות,IL,שניצל ע.טרי קהיל,קילוגרמים,0.00,"ק""ג",true,0,42.90,42.90,true,1,
7290002505204,false,פרגיות עוף טרי ארוז קהילות,שונות,IL,פרגיות ע.טרי קהי,קילוגרמים,0.00,"ק""ג",true,0,79.90,79.90,true,1,
7290002505433,false,כבד עוף צלוי קהילות טרי,שונות,IL,כבד עוף צלוי טרי,גרמים,200.00,100 גרם,false,0,28.90,14.45,true,1,
7290002505464,false,כרעיים עוף טרי ארוז קהילות,שונות,IL,כרעיים ע.טרי קהי,קילוגרמים,0.00,"ק""ג",true,0,36.90,36.90,true,1,
7290002505471,false,חזה עוף ארוז קהילות מחיר,שונות,IL,חזה עוף טרי קהיל,קילוגרמים,0.00,"ק""ג",true,0,39.90,39.90,true,1,
7290002515333,false,"ד""ר פישר - קמיל בלו סנסיטיב אל סבון עדין לתינוק 500 מ""ל","פישר תעשיות פרמצביטות בע""מ",IL,אלסבון קמיל בלו,מיליליטרים,500.00,"100 מ""ל",false,0,15.90,3.18,true,1,
7290002522188,false,עוף קפוא מס' 2 בשקית רובין,עוף ירושלים מהדרין,IL,עוף מס2' רובין,קילוגרמים,0.00,"ק""ג",true,0,26.90,26.90,true,1,
7290002522201,false,כרעיים עוף קפוא ארוז רובין,עוף ירושלים מהדרין,IL,כרעיים רובין,קילוגרמים,0.00,"ק""ג",true,0,36.90,36.90,true,1,
7290002522232,false,חזה עוף קפוא ארוז הרב רובין,עוף ירושלים מהדרין,IL,חזה עוף קפוא,קילוגרמים,0.00,"ק""ג",true,0,45.90,45.90,true,1,
7290002522256,false,כנפיים עוף קפוא במגש רובין עוף י-ם,עוף ירושלים מהדרין,IL,כנפיים עוף,קילוגרמים,0.00,"ק""ג",true,0,14.90,14.90,true,1,
7290002522263,false,עוף ירושלים רובין שוקיים עוף טרי ארוז,עוף ירושלים מהדרין,IL,שוקיים עוף,קילוגרמים,0.00,"ק""ג",true,0,48.90,48.90,true,1,
7290002522348,false,שניצל עוף קפוא במגש רובין,עוף ירושלים מהדרין,IL,שניצל עוף קפוא,קילוגרמים,0.00,"ק""ג",true,0,48.90,48.90,true,1,
7290002522522,false,עוף שלם טרי ארוז רוב,עוף ירושלים מהדרין,IL,עוף טרי רובין קג,גרמים,0.00,"ק""ג",true,0,26.90,26.90,true,1,
7290002522539,false,חזה עוף טרי רובין קג,עוף ירושלים מהדרין,IL,חזה עוף טרי רובי,גרמים,0.00,"ק""ג",true,0,45.90,45.90,true,1,
7290002522546,false,כרעיים עוף טרי ארוז רובין,עוף ירושלים מהדרין,IL,כרעיים ע.טרי רוב,גרמים,0.00,"ק""ג",true,0,36.90,36.90,true,1,
7290002522553,false,כנפיים עוף טרי ארוז רובין,עוף ירושלים מהדרין,IL,כנפיים ע.טרי רוב,גרמים,0.00,"ק""ג",true,0,14.90,14.90,true,1,
7290002522577,false,שוקיים עוף טרי ארוז רובין,עוף ירושלים מהדרין,IL,שוקיים ע.טרי נתח,גרמים,0.00,"ק""ג",true,0,47.90,47.90,true,1,
7290002522584,false,פרגיות עוף טרי ארוז רובין,,IL,פרגיות טרי נתח,גרמים,0.00,"ק""ג",true,0,83.90,83.90,true,1,
7290002522638,false,שניצל עוף טרי רובין קג,עוף ירושלים מהדרין,IL,שניצל ע.טרי רובי,גרמים,0.00,"ק""ג",true,0,48.90,48.90,true,1,
7290002522645,false,גרונות עוף טרי רובין קג,עוף ירושלים מהדרין,IL,גרון עוף טרי רוב,קילוגרמים,0.00,"ק""ג",true,0,7.90,7.90,true,1,
7290002522973,false,ירושלים מהדרין נקניקיות עוף 400 גר רובין,עוף ירושלים מהדרין,IL,נקניקיות עוף 400,גרמים,400.00,100 גרם,false,0,11.90,2.98,true,1,
7290002552130,false,שלגון מגיק שוקולד פאדג בודד ריאו,,IL,מג'יק שוקולד,גרמים,80.00,100 גרם,false,1,5.90,7.38,true,1,
7290002552260,false,"קרחון טעם משמש לל""ס ריאו מארז 90X8ג'","ביח""\ר לגלידה וממתקים בע",IL,קרחונים ללא סוכר,גרמים,720.00,100 גרם,false,0,16.90,2.35,true,1,
7290002552314,false,מאגדת שלגונים הקוסם 4 *85 ג' ריאו,"גלידות ריאו ביח""ר לג",IL,מאגדת הקוסם,יחידה,1.00,יחידה,false,0,17.90,17.90,true,1,
7290002552345,false,מאגדת שלגונים גלי גל פרווה 8 יח' ריאו,ריאו נתניה ביחר לגלידה,IL,שלגונים גליגל 8X,גרמים,600.00,100 גרם,false,0,9.90,1.65,true,1,
7290002552499,false,מאגדת שלגוני שרבט פרווה תות מנגו 8 יח' ריאו,"גלידות ריאו ביח""ר לג",IL,שלגוני פרי מנגו,גרמים,720.00,100 גרם,false,0,13.90,1.93,true,1,
7290002554721,false,לשון בקר נתח שקיל,,IL,לשון בקר נתח,גרמים,0.00,"ק""ג",true,1,104.90,104.90,true,1,
7290002554738,false,בשר ראש קפוא הרב רובין,,IL,בשר ראש רובין,גרמים,0.00,"ק""ג",true,1,149.90,149.90,true,1,
7290002581079,false,תן צ'אפ חטיף טבעות 50 גר',מיה תעשיות מזון מ.ת.מ. בעמ,IL,חטיף תן צ'אפ,גרמים,50.00,100 גרם,false,0,3.30,6.60,true,1,
7290002581352,false,קרקר עם חיטה מלאה ללא סוכר 250 גר',אפיפית נצרת,IL,קרקר דגן הדר,גרמים,250.00,100 גרם,false,0,6.90,2.76,true,1,
7290002581536,false,הדר וופל נפוליטנה ללא סוכר 250 גרם,אפיפית נצרת,IL,וופל בטעם שוקולד,גרמים,250.00,100 גרם,false,0,7.90,3.16,true,1,
7290002650515,false,קוואקר שיבולת שועל מלא,,IL,קוואקר שיבולת,קילוגרמים,0.00,"ק""ג",true,0,8.00,8.00,true,1,
7290002660033,false,אשפתון 50/70 עם ידיות,,IL,אשפתון 50/70 ע,יחידה,1.00,יחידה,false,0,15.90,15.90,true,1,
7290002660040,false,27/ שקיות מזון,,IL,27/ שקיות מזון,יחידה,1.00,יחידה,false,0,8.90,8.90,true,1,
7290002660064,false,אשפתון 75/90 ש,,IL,אשפתון 75/90 ש,יחידה,1.00,יחידה,false,0,16.90,16.90,true,1,
7290002660170,false,אשפתון,,IL,אשפתון,יחידה,1.00,יחידה,false,0,8.90,8.90,true,1,
7290002660200,false,35 שקיות הקפאה,,IL,35 שקיות הקפאה,יחידה,1.00,יחידה,false,0,8.90,8.90,true,1,
7290002660217,false,אשפתון 75/90 אפור עם יד,,IL,אשפתון 75/90 א,יחידה,1.00,יחידה,false,0,16.90,16.90,true,1,
7290002660224,false,אשפתון,,IL,אשפתון,יחידה,1.00,יחידה,false,0,7.90,7.90,true,1,
7290002660378,false,אשפתון 55/75 חום אטום,,IL,אשפתון 55/75 ח,יחידה,1.00,יחידה,false,0,16.90,16.90,true,1,
7290002660446,false,אשפתון לבן+שרוך,,,אשפתון לבן+שרוך,יחידה,1.00,יחידה,false,0,12.90,12.90,true,1,
7290002660491,false,מגה אשפתון,,IL,מגה אשפתון,יחידה,1.00,יחידה,false,0,18.90,18.90,true,1,
7290002660668,false,שקיות אוכל,,IL,שקיות אוכל,יחידה,1.00,יחידה,false,0,4.90,4.90,true,1,
7290002660873,false,אשפתון קרם ידיות,,IL,אשפתון קרם ידיות,יחידה,1.00,יחידה,false,0,18.90,18.90,true,1,
7290002660880,false,סל גופיה,,IL,סל גופיה,יחידה,1.00,יחידה,false,0,12.90,12.90,true,1,
7290002660897,false,סל גופיה,,IL,סל גופיה,יחידה,1.00,יחידה,false,0,6.90,6.90,true,1,
7290002660903,false,אשפתון אפור+ידיו,,,אשפתון אפור+ידיו,יחידה,1.00,יחידה,false,0,12.90,12.90,true,1,
7290002674238,false,"אקווה פרש - משחת שיניים מנטה מרענן 125 מ""ל",גלקסוסמיתקליין,SK,משחת אקווה פרש,מיליליטרים,125.00,"100 מ""ל",false,0,5.90,4.72,true,1,
7290002674269,false,"אקווה פרש - משחת שיניים מנטה עדין 125 מ""ל",גלקסוסמיתקליין,SK,משחת שיניים,מיליליטרים,125.00,"100 מ""ל",false,0,5.90,4.72,true,1,
7290002692393,false,שמן קנולה מזוכך מועשר עץ הזית (1 ליטר),סוגת תעשיות בעמ,EE,שמן קנולה מועשר,ליטרים,1.00,ליטר,false,0,13.90,13.90,true,1,
7290002692478,false,"שמן זית כתית מעולה קלאסי מעודן 750 מ""ל עץ הזית","מרקאולאו, ספרד.אבסה,",IT,שמן זית,מיליליטרים,750.00,"100 מ""ל",false,0,29.90,3.99,true,1,
7290002692768,false,"תרסיס שמן קנולה מזוכך ללא תוספת גז עץ הזית 200 מ""ל",טרנסומס פוד איי בי,IT,תרסיס שמן קנולה,מיליליטרים,200.00,"100 מ""ל",false,0,14.90,7.45,true,1,
<<<<<<< HEAD
7290002692775,false,"תרסיס שמן קנולה בטעם חמאה עץ הזית 200 מ""ל",קומפניה,IT,תרסיס קנולה,מיליליטרים,200.00,"100 מ""ל",false,0,14.90,7.45,true,1,
=======
7290002692775,false,"תרסיס שמן קנולה בטעם חמאה עץ הזית 200 מ""ל",סוגת תעשיות בעמ,IT,תרסיס קנולה,מיליליטרים,200.00,"100 מ""ל",false,0,14.90,7.45,true,1,
>>>>>>> d048ac2f4f281c9d788043ab4e81b61b0dbe3743
7290002701026,false,פארפל בתנור 400 גר' משובח,גיי אפ פי ייצור מזון,IL,"פארפל ""משובח""",גרמים,400.00,100 גרם,false,0,6.90,1.73,true,1,
7290002701057,false,פתיתים אפויים מרובעים 300 גרם,,,פתיתים אפויים,גרמים,300.00,100 גרם,false,0,6.90,2.30,true,1,
7290002701064,false,איטריות מרובעות 250 גרם,,,אטריות מרובעות,גרמים,250.00,100 גרם,false,0,6.90,2.76,true,1,
7290002703747,false,דבש אורגני מפרחי בר500גר,נאימן,AR,דבש מפרחי בר,גרמים,500.00,100 גרם,false,1,26.90,5.38,true,1,
7290002703754,false,"דבש אורגני מפרחי בר 1ק""ג",נאימן,AR,דבש מפרחי בר,גרמים,1000.00,100 גרם,false,1,49.90,4.99,true,1,
7290002706960,false,פילה בינתן(ברבוניה) 400 גר`,נטו מלינדה סחר בעמ,VN,פילה ברבוניה קפו,גרמים,400.00,100 גרם,false,0,21.90,5.48,true,1,
7290002710004,false,ביצים אורגניות מן הטבע 12 יחידות,מן הטבע בארותיים בעמ,IL,ביצים אורגניות,יחידה,1.00,יחידה,false,0,20.90,20.90,true,1,
7290002739890,false,עצמות עוף למרק טרי ארוז קהילות,קהילות,IL,עצמות עוף טרי,קילוגרמים,0.00,"ק""ג",true,1,7.90,7.90,true,1,
7290002739906,false,עצמות עוף קהילות שקיל,,IL,עצמות עוף קהילות,גרמים,0.00,"ק""ג",true,1,6.90,6.90,true,1,
7290002752332,false,"סוכריות מנטוס פירות בגליל, 37.5 גרם",הדקלאים אגודת שיתופי,NL,סוכריות מנטוס,גרמים,37.00,100 גרם,false,0,2.90,7.84,true,1,
7290002752349,false,סוכריות מנטוס מנטה 40יח' בגליל 38ג',ליימן שליסל בעמ,NL,סוכריות מנטוס,גרמים,37.00,100 גרם,false,0,2.90,7.84,true,1,
7290002757535,false,בורקס פילו אצבעות גבינה שלושת האופים 700 גרם,שלושת האופים שגמור,IL,פילו אצבעות,גרמים,700.00,100 גרם,false,0,15.90,2.27,true,1,
<<<<<<< HEAD
7290002768036,false,"מי פה תיאדנט ענק מונע עששת 150מ""ל",אמיליה קוסמטיקס,IL,מי פה תיאדנט,מיליליטרים,150.00,"100 מ""ל",false,0,14.70,9.80,true,1,
7290002768043,false,"תיאדנט מי-פה ענק פלאוריד 150 מ""ל",אמיליה קוסמטיקס בע'\'\מ,IL,מי פה תיאדנט,מיליליטרים,150.00,"100 מ""ל",false,0,14.70,9.80,true,1,
7290002768074,false,אל סבון נוזלי רגיל דרמפון 1 ליטר,"אמיליה קוסמטיקס בע""מ",IL,דרמפון אל סבון,ליטרים,1.00,ליטר,false,0,17.90,17.90,true,1,
=======
7290002768036,false,"מי פה תיאדנט ענק מונע עששת 150מ""ל",החברה הדרומית לשיווק בעמ,IL,מי פה תיאדנט,מיליליטרים,150.00,"100 מ""ל",false,0,14.70,9.80,true,1,
7290002768043,false,"תיאדנט מי-פה ענק פלאוריד 150 מ""ל",החברה הדרומית לשיווק בעמ,IL,מי פה תיאדנט,מיליליטרים,150.00,"100 מ""ל",false,0,14.70,9.80,true,1,
7290002768074,false,אל סבון נוזלי רגיל דרמפון 1 ליטר,החברה הדרומית לשיווק בעמ,IL,דרמפון אל סבון,ליטרים,1.00,ליטר,false,0,17.90,17.90,true,1,
>>>>>>> d048ac2f4f281c9d788043ab4e81b61b0dbe3743
7290002769316,false,קראנץ שמרים 500 גרם,ר.כ עוגיות הזהב,,עוגת קרנץ 500 גר,יחידה,1.00,יחידה,false,0,11.90,11.90,true,1,
7290002769347,false,עוגיות מובחרות בדלי 600 גר' שיווק הזהב,עוגיות הזהב,IL,עוגיות ממולאות,גרמים,600.00,100 גרם,false,1,11.90,1.98,true,1,
7290002769361,false,פחזניות חלבי 280 גרם,,IL,פחזניות חלבי,גרמים,280.00,100 גרם,false,1,19.90,7.11,true,1,
7290002769767,false,קצפות מובחרות אדל חלבי,דין שיווק,IL,עוגת קצפת מובחרת,יחידה,1.00,יחידה,false,1,29.90,29.90,true,1,
7290002769910,false,עוגיות מיוחדות ללא סוכר 300 גר',מאפיית ישראל חיפה,IL,"עוגיות ללת""ס",גרמים,350.00,100 גרם,false,1,11.90,3.40,true,1,
7290002775010,false,מיני בורקס פילו גבינה שלושת האופים מהדרין 650 ג',שלושת האופים שגמור,IL,מיני בורקס פילו,גרמים,650.00,100 גרם,false,0,15.90,2.45,true,1,
7290002775317,false,פילה דג זהבנון 1קג יח,דלידג - נטו,CN,גילה דג זהבנון,גרמים,1000.00,100 גרם,false,0,22.90,2.29,true,1,
7290002780007,false,מלפפונים במלח 30-36 בני דרום א10,קבוצת יבנה מוצרי מזון,IL,מלפפון 3 ק'ג במלח 30-36,קילוגרמים,3.00,"ק""ג",false,0,16.90,5.63,true,1,
7290002780571,false,"מלפפון במלח15-20 1.25 ק""ג",קבוצת יבנה מוצרי מזון,IL,מלפפונים במלח,קילוגרמים,1.30,"ק""ג",false,0,8.90,6.85,true,1,
7290002780588,false,זית חרוזית שחור בני דרום 560 גרם,קבוצת יבנה מוצרי מזון,IL,חרוזית מושחרים,גרמים,560.00,100 גרם,false,0,6.90,1.23,true,1,
7290002780601,false,מלפפון בחומץ בני דרום 15-20 250 גרם,קבוצת יבנה מוצרי מזון,IL,מלפפון חומץ 15-20 1.250ק,קילוגרמים,1.25,"ק""ג",false,0,8.90,7.12,true,1,
7290002780649,false,זיתים ירוקים טבעות בני דרום 560 גרם,קבוצת יבנה מוצרי מזון,IL,טבעות זיתים ירוקים 560גר,גרמים,560.00,100 גרם,false,0,6.90,1.23,true,1,
7290002780656,false,זיתים שחורים טבעות בני דרום 560 גרם,קבוצת יבנה מוצרי מזון,IL,זית.טבעות שחור,גרמים,560.00,100 גרם,false,0,6.90,1.23,true,1,
7290002807773,false,"טחון עוף טהור 500 כשל""פ שארית",,IL,עוף טחון 100%,גרמים,500.00,100 גרם,false,0,17.90,3.58,true,1,
7290002807780,false,"טחון הודו טהור 500 כשל""פ שארית",,IL,טחון הודו 100%,גרמים,500.00,100 גרם,false,0,19.90,3.98,true,1,
7290002807872,false,"טחון בקר טהור 500 כשל""פ שארית",,IL,בקר טחון שארית,גרמים,500.00,100 גרם,false,1,29.90,5.98,true,1,
7290002814016,false,"מסיר שומנים מתז 750 מ""ל סנט מוריץ כשל""פ עד""ח",קומפלקס כימיקלסבעמ ~~~,IL,מסיר שומנים קר,מיליליטרים,750.00,"100 מ""ל",false,0,8.90,1.19,true,1,
7290002814054,false,סנט מוריץ מתז אנטרטיק מתז 1 ליטר,קומפלקס כימיקלסבעמ ~~~,IL,אנטרטיק מרסס,ליטרים,1.00,ליטר,false,1,8.90,8.90,true,1,
7290002814290,false,קצף מרוכז blanco בניחוח לימון משמיד 99.9% חיידקים סנט מוריץ 1 ליטר,קומפלקס כימיקלים בעמ,IL,קצף אקונומיקה,ליטרים,1.00,ליטר,false,1,11.90,11.90,true,1,
7290002814610,false,סנט מוריץ מסיר שומנים מבושם שחור 1 ליטר,קומפלקס כימיקלים בעמ,IL,מסיר שומנים,ליטרים,1.00,ליטר,false,0,11.90,11.90,true,1,
7290002824466,false,יוגורט דנונה ביו לבן 0% שומן 200 גרם,שטראוס גרופ בעמ/מצונן,IL,יוגורט ביו 0%,גרמים,200.00,100 גרם,false,0,3.30,1.65,true,1,
7290002824640,false,"גבינת סקי 250 גרם 5% ""שטראוס"" -מוצר בפיקוח",שטראוס גרופ בעמ/מצונן,IL,גבינת סקי 5%,גרמים,250.00,100 גרם,false,0,4.50,1.80,true,1,
7290002825722,false,כרוב אדום במיונז אחלה (500 גרם),שטראוס גרופ בעמ/מצונן,IL,סלט כרוב אחלה,גרמים,500.00,100 גרם,false,0,11.90,2.38,true,1,
7290002827306,false,נקניקיות עוף ירושלים מחפוד 400 ג',עוף ירושלים שיווק בעמ,IL,נקניקיות עוף400ג,גרמים,400.00,100 גרם,false,0,9.90,2.48,true,1,
7290002827320,false,נקניקיות מרגז קפוא גלאט הדר הבשר 400ג',עוף ירושלים שיווק בעמ,IL,נקניקיות מרגז,גרמים,400.00,100 גרם,false,0,19.90,4.98,true,1,
7290002827337,false,נקניקיות עוף פיקנטי חריף 400 מחפוד,עוף ירושלים שיווק בעמ,IL,נקנ' עוף פיקנטי,גרמים,400.00,100 גרם,false,0,9.90,2.48,true,1,
7290002842002,false,פתיתי שיבולת שועל קוואקר אנגלי מורנפלייק,ליימן שליסל בעמ,GB,קוואקר אנגלי,גרמים,500.00,100 גרם,false,0,9.90,1.98,true,1,
7290002871361,false,"בירה קרלסברג בקבוק 500 מ""ל חוזר",החברה המרכזית להפצת משקאות בעמ,IL,בירה קרלסברג,מיליליטרים,500.00,"100 מ""ל",false,0,7.90,1.58,true,1,
7290002909248,false,"שריר מ'ס 8 צרכני איגוד האברכים 10 ק""ג",בלדי בעמ,IL,שריר הזרוע (8) ב,גרמים,0.00,"ק""ג",true,1,43.90,43.90,true,1,
7290002909569,false,ברבוניה פילה 400 גרם ארוז - הדייג,דולפין ספא,VN,פילה ברבוניה,גרמים,400.00,100 גרם,false,1,21.90,5.48,true,1,
7290002909804,false,פילה בקלה (מרלוזה ) ללא עור ארגנטיני,אל מאריסקו,IL,פילה בקלה,קילוגרמים,0.00,"ק""ג",true,1,29.90,29.90,true,1,
7290002909972,false,"שעועית ירוקה שלמה 800 גר' בד""ץ (ממותג)",פספרוסט,BE,שעועית שלימה,גרמים,800.00,100 גרם,false,1,9.90,1.24,true,1,
7290002909989,false,"שעועית ירוקה חתוכה 800 גר' בד""ץ (ממותג)",פספרוסט,BE,שעועית ירוקה,גרמים,800.00,100 גרם,false,1,9.90,1.24,true,1,
7290002919179,false,"פילה אמנון 5-7 בוואקום ללא עור בד""ץ עד""ח",בלאדי,CN,פילה אמנון,קילוגרמים,0.00,"ק""ג",true,1,26.90,26.90,true,1,
7290002919599,false,"פילה מדומה מ'ס 6 איגוד האברכים 10 ק""ג",בלדי,PY,פילה מדומה 6 קפו,גרמים,0.00,"ק""ג",true,1,44.90,44.90,true,1,
7290002925798,false,"גם וגם משחת שיניים ירוק מי פה לייט 120 מ""ל",החברה הדרומית לשיווק בעמ,IL,גם וגם ירוק,מיליליטרים,120.00,"100 מ""ל",false,0,9.90,8.25,true,1,
7290002970033,false,גביע דוריקו קטן 20 י,,IL,גביע משולש קטן,יחידה,1.00,יחידה,false,0,15.90,15.90,true,1,
7290002970057,false,צלחות קטנות מרובעות 12יח,,IL,צלחות קטנות,יחידה,1.00,יחידה,false,0,8.90,8.90,true,1,
7290002970125,false,כפית מוכסף פסים 20 יחי',WWP,CN,כפית מוכסף פסים,יחידה,1.00,יחידה,false,0,3.90,3.90,true,1,
7290002970132,false,כף מוכסף פסים 20 יחי,WWP,CN,כף מוכסף פסים,יחידה,1.00,יחידה,false,0,3.90,3.90,true,1,
7290002970149,false,סכין מוכסף פסים 20 יח',WWP,CN,סכין מוכסף פסים,יחידה,1.00,יחידה,false,0,3.90,3.90,true,1,
7290002970422,false,אינגליש ניר בחבק 4 יחי',WWP,IL,אינגליש ניר בחבק,יחידה,1.00,יחידה,false,1,4.90,4.90,true,1,
7290002970446,false,תבניות נייר איכותיות לאפיה 5 יחידות,חגיגית,IL,תבניות נייר,יחידה,1.00,יחידה,false,1,4.90,4.90,true,1,
7290002970453,false,אינגליש ניר מיני צבעים 8,WWP,IL,אינגליש ניר מעור,יחידה,1.00,יחידה,false,1,4.90,4.90,true,1,
7290002970606,false,מזלגות יוקרתיים איכותיים,תבניכל,CN,מזלגות יוקרתיים,יחידה,1.00,יחידה,false,1,8.90,8.90,true,1,
7290002970613,false,סכין צבעוני איכותי 50 יח,תבניכל,CN,סכין צבעוני 50יח,יחידה,1.00,יחידה,false,1,8.90,8.90,true,1,
7290002970736,false,כפיות צבעוני איכותי50יח,תבניכל,CN,כפיות צבעוני,יחידה,1.00,יחידה,false,1,5.90,5.90,true,1,
7290002970828,false,מזלג מוכסף פסים 20 יחידות,WWP,CN,מזלג מוכסף פסים,יחידה,1.00,יחידה,false,0,3.90,3.90,true,1,
7290002970866,false,גביעי יין לקידוש מוכסף10,,IL,גביעי יין לקידוש,יחידה,1.00,יחידה,false,1,15.90,15.90,true,1,
7290002971955,false,"קמח 650 כחול ללא צורך בניפוי 1 ק""ג*",טחנות קמח שטיבל בש בעמ,IL,קמח לבן ללא צורך,יחידה,1.00,יחידה,false,1,5.90,5.90,true,1,
7290002971993,false,קמח כוסמין מלא ללא צורך בניפוי 1 קג שטיב,טחנות קמח שטיבל בש בעמ,,קמח כוסמין מלא,יחידה,1.00,יחידה,false,0,12.90,12.90,true,1,
7290002973812,false,קמח כוסמין (80% 1 קג)ללא צורך בניפוי ש,טחנות קמח שטיבל בש בעמ,IL,קמח כוסמין %\80,יחידה,1.00,יחידה,false,1,12.90,12.90,true,1,
7290002973829,false,קמח כוסמין לבן( 1 קג) ללא צורך ניפוי ש,טחנות קמח שטיבל בש בעמ,IL,קמח כוסמין לבן,יחידה,1.00,יחידה,false,1,12.90,12.90,true,1,
7290002974314,false,"קמח פיצה שטיבל 1 ק""ג",טחנת קמח דגן-שטיבל,IL,קמח פיצה,יחידה,1.00,יחידה,false,1,7.90,7.90,true,1,
7290002986294,false,פתיבר ג'מבו גטניו 600 גרם,אחים גטניו,IL,פתיבר 600 גרם,גרמים,600.00,100 גרם,false,1,9.90,1.65,true,1,
7290002986300,false,פתיבר ג'מבו שוקו גטניו 600 גרם,,,פתיבר 600 גרם,יחידה,1.00,יחידה,false,0,9.90,9.90,true,1,
<<<<<<< HEAD
7290002987963,false,"סלט חומוס אחלה 1 ק""ג",מיוצר עי קונדיטוריית,IL,"חומוס אחלה 1 ק""ג",קילוגרמים,1.00,"ק""ג",false,0,13.90,13.90,true,1,
7290003009640,false,מיץ תפוזים סחוט רכיבים טבעיים פריגת 1 ליטר,פריגת מצוננים,IL,מיץ תפוזים סחוט,ליטרים,1.00,ליטר,false,0,13.90,13.90,true,1,
7290003015627,false,"נוזל רצפות אפרסק 2 ליטר ""ריצפז פרש""","סנו מפעלי ברונוס בע""",IL,ריצפז פרש,ליטרים,2.00,ליטר,false,0,16.90,8.45,true,1,
7290003020348,false,זוג נייר אלומיניום ק,פאלאס תעשיות נטו (20,IL,רד.אלומיניום זוג,מטרים,15.00,מטר,false,0,7.90,0.53,true,1,
7290003023196,false,"משקה יטבתה מוקה שקית 225 מ""ל",שטראוס גרופ,IL,מוקה בשקית יטבתה,מיליליטרים,225.00,"100 מ""ל",false,0,2.40,1.07,true,1,
7290003026029,false,"ד""ר פישר - קמיל בלו סנסיטיב שמפו אלדמע 500 מ""ל",פישר מעבדות פרמצבטיות בע,IL,שמפו קמיל בלו,מיליליטרים,500.00,"100 מ""ל",false,0,15.90,3.18,true,1,
7290003026036,false,"ד""ר פישר - קמיל בלו סנסיטיב אל סבון עדין לתינוק 1 ליטר",פישר מעבדות פרמצבטיות בע,IL,אל סבון קמיל בלו,ליטרים,1.00,ליטר,false,0,25.90,25.90,true,1,
7290003029181,false,משקה יטבתה שוקו' בקבוק 1ל מהדרין,שטראוס גרופ,IL,שוקו יטבתה,ליטרים,1.00,ליטר,false,0,9.90,9.90,true,1,
7290003029372,false,משקה חלב בטעם בננה יטבתה 1 ליטר,שטראוס גרופ,IL,משקה חלב בננה,ליטרים,1.00,ליטר,false,0,9.90,9.90,true,1,
7290003029389,false,"משקה חלב בננה פקק ספורט 250 מ""ל יוטבתה",שטראוס גרופ,IL,משקה בננה,מיליליטרים,250.00,"100 מ""ל",false,0,3.90,1.56,true,1,
7290003029433,false,"משקה יטבתה שוקו פקק 250 מ""ל מהדרין",שטראוס גרופ,IL,שוקו יטבתה,מיליליטרים,250.00,"100 מ""ל",false,0,3.90,1.56,true,1,
7290003029532,false,מוקה בבקבוק יטבתה 1 ליטר מהדרין,שטראוס גרופ,IL,מוקה יטבתה בקבוק,ליטרים,1.00,ליטר,false,0,9.90,9.90,true,1,
7290003029792,false,"משקה יטבתה שוקו שקיות מהדרין מארז 225X8מ""ל",שטראוס גרופ,IL,שקיות שוקו 8 יח',ליטרים,1.80,ליטר,false,0,16.90,9.39,true,1,
7290003029815,false,כד חלב 3% יטבתה 2 ליטר מהדרין,שטראוס גרופ,IL,חלב מועשר יטבתה,ליטרים,2.00,ליטר,false,0,11.90,5.95,true,1,
7290003029884,false,"מוקה בשקית יטבתה 225 מ""ל מארז 6 יחידות",שטראוס גרופ,IL,משקה מוקה 6X,ליטרים,1.50,ליטר,false,0,11.90,7.93,true,1,
7290003029907,false,אייס קפה יטבתה 1 ליטר מהדרין,שטראוס גרופ,IL,אייס קפה יטבתה,ליטרים,1.00,ליטר,false,0,9.90,9.90,true,1,
=======
7290002987963,false,"חומוס אחלה 1 ק""ג שטראוס",שטראוס גרופ בעמ/מצונן,IL,"חומוס אחלה 1 ק""ג",קילוגרמים,1.00,"ק""ג",false,0,13.90,13.90,true,1,
7290003009640,false,מיץ תפוזים סחוט רכיבים טבעיים פריגת 1 ליטר,החברה המרכזית טלהפצת משקאות בע,IL,מיץ תפוזים סחוט,ליטרים,1.00,ליטר,false,0,13.90,13.90,true,1,
7290003015627,false,"נוזל רצפות אפרסק 2 ליטר ""ריצפז פרש""",החברה הדרומית לשיווק בעמ,IL,ריצפז פרש,ליטרים,2.00,ליטר,false,0,16.90,8.45,true,1,
7290003020348,false,זוג רדידי אלומיניום קצר,פאלאס תעשיות נטו (2014) בעמ,IL,רד.אלומיניום זוג,מטרים,15.00,מטר,false,0,7.90,0.53,true,1,
7290003023196,false,"משקה יטבתה מוקה שקית 225 מ""ל",שטראוס גרופ בעמ (ח),IL,מוקה בשקית יטבתה,מיליליטרים,225.00,"100 מ""ל",false,0,2.40,1.07,true,1,
7290003026029,false,"ד""ר פישר - קמיל בלו סנסיטיב שמפו אלדמע 500 מ""ל","פישר תעשיות פרמצביטות בע""מ",IL,שמפו קמיל בלו,מיליליטרים,500.00,"100 מ""ל",false,0,15.90,3.18,true,1,
7290003026036,false,"ד""ר פישר - קמיל בלו סנסיטיב אל סבון עדין לתינוק 1 ליטר","פישר תעשיות פרמצביטות בע""מ",IL,אל סבון קמיל בלו,ליטרים,1.00,ליטר,false,0,25.90,25.90,true,1,
7290003029181,false,משקה יטבתה שוקו' בקבוק 1ל מהדרין,שטראוס גרופ בעמ/מצונן,IL,שוקו יטבתה,ליטרים,1.00,ליטר,false,0,9.90,9.90,true,1,
7290003029372,false,יטבתה משקה בטעם בננה %3 בקבוק 1 ליטר,שטראוס גרופ בעמ/מצונן,IL,משקה חלב בננה,ליטרים,1.00,ליטר,false,0,9.90,9.90,true,1,
7290003029389,false,"משקה חלב בננה פקק ספורט 250 מ""ל יוטבתה",שטראוס גרופ בעמ/מצונן,IL,משקה בננה,מיליליטרים,250.00,"100 מ""ל",false,0,3.90,1.56,true,1,
7290003029433,false,"משקה יטבתה שוקו פקק 250 מ""ל מהדרין",שטראוס גרופ בעמ/מצונן,IL,שוקו יטבתה,מיליליטרים,250.00,"100 מ""ל",false,0,3.90,1.56,true,1,
7290003029532,false,מוקה בבקבוק יטבתה 1 ליטר מהדרין,שטראוס גרופ בעמ/מצונן,IL,מוקה יטבתה בקבוק,ליטרים,1.00,ליטר,false,0,9.90,9.90,true,1,
7290003029792,false,"משקה יטבתה שוקו שקיות מהדרין מארז 225X8מ""ל",שטראוס גרופ בעמ/מצונן,IL,שקיות שוקו 8 יח',ליטרים,1.80,ליטר,false,0,16.90,9.39,true,1,
7290003029815,false,כד חלב 3% יטבתה 2 ליטר מהדרין,שטראוס גרופ בעמ/מצונן,IL,חלב מועשר יטבתה,ליטרים,2.00,ליטר,false,0,11.90,5.95,true,1,
7290003029884,false,"מוקה בשקית יטבתה 225 מ""ל מארז 6 יחידות",שטראוס גרופ בעמ (ח),IL,משקה מוקה 6X,ליטרים,1.50,ליטר,false,0,11.90,7.93,true,1,
7290003029907,false,משקה חלב אייס קפה 2% יטבתה (1 ליטר,שטראוס גרופ בעמ/מצונן,IL,אייס קפה יטבתה,ליטרים,1.00,ליטר,false,0,9.90,9.90,true,1,
>>>>>>> d048ac2f4f281c9d788043ab4e81b61b0dbe3743
7290003031740,false,טירתצבי פסטרמה בדבש קופ. מחפוד 400ג,טיב טירת צבי 2000,IL,פסטרמה הודו בדבש,גרמים,400.00,100 גרם,false,0,19.90,4.98,true,1,
7290003031788,false,צמד כפרי סלמי+פסטרמה טירת צבי 400X2ג' מחפוד,תנובה מרכז שיתופי לשיווק תוצרת,IL,פסטרמה+סלמי מארז,גרמים,800.00,100 גרם,false,0,23.90,2.99,true,1,
7290003031818,false,פסטרמה שום וצ'ילי פיקנטי מחפוד טירת צבי 400 גרם,טיב טירת צבי 2000,IL,פסטרמה שום וצילי,גרמים,400.00,100 גרם,false,0,19.90,4.98,true,1,
7290003031849,false,"פסטרמה כפרית דבש וברביקיו צמד ט.צבי 300X2ג' בד""ץ",טיב טירת צבי 2000,IL,צמד כפרית,גרמים,600.00,100 גרם,false,1,22.90,3.82,true,1,
7290003054657,false,חרדל ריין דיז'ון אקסטרה פורטה 370 גרם,דיפלומט מפיצים (1968) בעמ**,FR,חרדל דיז'ון,גרמים,370.00,100 גרם,false,0,8.90,2.41,true,1,
7290003066056,false,ראנד עוגת גבינה עגולה עו,,IL,ראנד עוגת גבינה,יחידה,1.00,יחידה,false,1,29.90,29.90,true,1,
7290003066063,false,עוגת מוס פרווה עוגיות הז,דין שיווק,IL,עוגת פס פרווה,יחידה,1.00,יחידה,false,1,29.90,29.90,true,1,
7290003069590,false,"פילה פוטית עם עור קפוא דלידג 1 ק""ג",דאליאן גואופו אקאטיק,CN,פילה סול קפוא,גרמים,1000.00,100 גרם,false,0,34.90,3.49,true,1,
7290003069705,false,"פיצה אישית גבינה דק 80 ג' תפזורת בד""צ",שגמור ייצור ושווק מוצרי,IL,פיצה אישית יח,יחידה,1.00,יחידה,false,0,2.60,2.60,true,1,
7290003087259,false,באגסי חטיף חיטה גריל 200 גרם,א מ חטיפי העמק בעמ,,באגסי גריל,גרמים,200.00,100 גרם,false,0,3.90,1.95,true,1,
7290003087266,false,באגסי חטיף חיטה בצל 190 גרם,א מ חטיפי העמק בעמ,,באגסי בצל,גרמים,200.00,100 גרם,false,0,3.90,1.95,true,1,
7290003087273,false,באגסי חטיף חיטה ברביקיו 200 גרם,א מ חטיפי העמק בעמ,,באגסי ברביקיו,גרמים,200.00,100 גרם,false,0,3.90,1.95,true,1,
7290003087327,false,מארז בולי 10 ג' 20 יח,,IL,מאגדת חטיף בולי,גרמים,200.00,100 גרם,false,0,8.90,4.45,true,1,
7290003087594,false,באגסי חטיף חיטה פיצה 200 גרם,א מ חטיפי העמק בעמ,IL,באגסי פיצה,גרמים,200.00,100 גרם,false,0,3.90,1.95,true,1,
7290003087945,false,חטיף בוטנים בולי בודד 80 גרם,א מ חטיפי העמק בעמ,IL,חטיף בוטנים בולי,גרמים,80.00,100 גרם,false,0,2.90,3.63,true,1,
7290003087952,false,בולי חטיף בוטנים 250 גרם מארז 10 יחידות,א מ חטיפי העמק בעמ,IL,חטיף בוטנים,גרמים,250.00,100 גרם,false,0,7.90,3.16,true,1,
7290003107247,false,שמרים יבשים אינסטנט33גרם,אבאל יזמות בעמ,IL,שמרים יבשים,גרמים,33.00,100 גרם,false,0,6.90,20.91,true,1,
7290003107315,false,סולת בשקית טחנת קמח דגן (1 קג),טחנות קמח דגן (2006) בעמ,IL,סולת,קילוגרמים,0.00,"ק""ג",false,0,4.50,4.50,true,1,
7290003107346,false,קמח חיטה לבן בדץ טחנת קמח דגן (1 קג),טחנות קמח דגן (2006) בעמ,IL,"קמח לבן 1 ק""ג",קילוגרמים,1.00,"ק""ג",false,0,3.90,3.90,true,1,
7290003107353,false,שטיבל משפר אפייה ביתי 3 * 10 גרם,ט.ק דגן טכנולוגיות ב,IL,משפר אפייה ביתי,גרמים,30.00,100 גרם,false,0,6.90,23.00,true,1,
7290003133505,false,לחם שיפונטו דוידוביץ,מאפיית דוידוביץ ובני,IL,"לחם ""שיפונטו""",גרמים,750.00,100 גרם,false,0,10.90,1.45,true,1,
7290003142675,false,מנטוס מכונת ממתק400ג,פרו מן יו פתרונות אריזה,NL,מנטוס מכונת ממתק,גרמים,400.00,100 גרם,false,1,29.90,7.48,true,1,
7290003203123,false,"ירכיים עוף טרי בד""ץ",תנובה,IL,ירכיים עוף טרי ב,קילוגרמים,0.00,"ק""ג",true,0,39.90,39.90,true,1,
7290003203376,false,עצמות גרון הודו למרק -במגש קפוא,,,"עצמות הודו בד""ץ",קילוגרמים,0.00,"ק""ג",true,0,8.90,8.90,true,1,
7290003203536,false,סטייק פרגית עוף-במגש-קפוא,,IL,סטייק פרגיות,גרמים,0.00,"ק""ג",true,1,89.90,89.90,true,1,
7290003203550,false,"שווארמה הודיות עד""ח לפי",,IL,שווארמה הודיות,גרמים,0.00,"ק""ג",true,1,74.90,74.90,true,1,
7290003203581,false,פלאנקן בקר לחמין-קמעונאי-קפוא,ביראניצקי,IL,פלאנקן בקר לחמין,קילוגרמים,0.00,"ק""ג",true,1,94.90,94.90,true,1,
7290003203598,false,חצאי עוף עליון טרי לפי מ,,IL,חצאי עוף עליון ט,גרמים,0.00,"ק""ג",true,1,24.90,24.90,true,1,
7290003203628,false,"בשר צלעות אונטריב עד""ח ל",,IL,בשר אונטריב,גרמים,0.00,"ק""ג",true,1,94.90,94.90,true,1,
7290003203673,false,שניצל הודו-לא מעובד-במגש,,IL,שניצל הודו-לא מע,גרמים,0.00,"ק""ג",true,1,54.90,54.90,true,1,
7290003203697,false,שווארמה הודיות-במגש-מצונ,,IL,שווארמה הודיות-ב,גרמים,0.00,"ק""ג",true,1,74.90,74.90,true,1,
7290003203710,false,אדום הודיות-במגש-מצונן ל,,IL,אדום הודיות-במגש,גרמים,0.00,"ק""ג",true,1,65.90,65.90,true,1,
7290003203734,false,שוקיים הודיות-במגש-מצונן,,IL,שוקיים הודיות-במ,גרמים,0.00,"ק""ג",true,1,32.90,32.90,true,1,
7290003203765,false,כנפיים הודיות-במגש-מצונן,,IL,כנפיים הודיות-במ,גרמים,0.00,"ק""ג",true,1,19.90,19.90,true,1,
7290003212965,false,עוגיות רוגלך הזהב במארז 400 גר',ר.כ עוגיות הזהב,IL,רוגלעך שמרים,גרמים,400.00,100 גרם,false,1,11.90,2.98,true,1,
7290003220830,false,"WOK חומץ אורז יסמין 500 מ""ל",דיאמונד פריזרוד פודס,TH,חומץ אורז,מיליליטרים,500.00,"100 מ""ל",false,0,13.90,2.78,true,1,
7290003220878,false,"WOK רוטב מירין לתיבול 500 מ""ל",דיאמונד פריזרוד פודס,TH,רוטב מירין,מיליליטרים,500.00,"100 מ""ל",false,0,18.90,3.78,true,1,
7290003276813,false,קישקע ביתי - מולייתא 500,,IL,קישקע בית מוליתא,גרמים,500.00,100 גרם,false,1,22.90,4.58,true,1,
7290003276974,false,צוואר עוף ממולא -מולייתא,,IL,צוואר עוףמולייתא,גרמים,400.00,100 גרם,false,1,28.90,7.23,true,1,
7290003287956,false,בלדי פילה לברק יפני 5-7 בוואקום,בלדי פרטי,CN,פילה לברק קפוא,גרמים,0.00,"ק""ג",true,0,49.90,49.90,true,1,
7290003318100,false,וופל בטעם שוקולד מנעמים 200 ג',ח.כהן סוכנות מזון ומשקאות,IL,ופלים שוקו,גרמים,200.00,100 גרם,false,0,2.90,1.45,true,1,
7290003318131,false,ופל קלאסיק אגוז 200 גרם מנעמים,ח.כהן סוכנות מזון ומשקאות,IL,ופלים שוקו,גרמים,200.00,100 גרם,false,0,2.90,1.45,true,1,
7290003318155,false,וופל טעם לימון מנעמים 200 ג',ח.כהן סוכנות מזון ומשקאות בע,IL,ופלים לימון,גרמים,200.00,100 גרם,false,0,2.90,1.45,true,1,
7290003318599,false,וופלים וניל מנעמים 200 גרם,ח.כהן סוכנות מזון ומשקאות בע,IL,ופלים וניל,גרמים,200.00,100 גרם,false,0,2.90,1.45,true,1,
7290003319084,false,גפילטע פיש 12 קציצות בצנצנת הדג המיוחד 670 גרם,דג טעים בעמ,IL,12 מנות מיוחד,גרמים,980.00,100 גרם,false,1,21.70,2.21,true,1,
7290003319145,false,"גפילטפיש כשל""פ גדולה",דג טעים בעמ,IL,8 מנות בצנצנת מי,יחידה,1.00,יחידה,false,1,14.90,14.90,true,1,
7290003319176,false,גפילטע פיש 2 פרוסות במגש 235 גרם,,IL,קרפיון ממולא,גרמים,330.00,100 גרם,false,0,15.90,4.82,true,1,
7290003319381,false,קציצות בסגנון געפילטע פי,,IL,קציצות בסגנון גע,גרמים,2500.00,100 גרם,false,1,48.90,1.96,true,1,
7290003321155,false,יוגורט בר עם פקאן מצופה שוקולד 183 ג' דנונה,שטראוס גרופ בעמ/מצונן,IL,דנונה בר פקאן,גרמים,183.00,100 גרם,false,0,3.90,2.13,true,1,
7290003387205,false,ספיד סטיק - דאודורנט סטיק לגבר רגולר,הנסיך- מפעל לייצור ט,US,דאודורנט סטיק,גרמים,56.00,100 גרם,false,0,11.90,21.25,true,1,
7290003387373,false,דאודורנט ספיד סטיק בסיסי קלאסי פרש ספורט לגבר,הנסיך- מפעל לייצור ט,US,דאודורנט,גרמים,50.00,100 גרם,false,0,11.90,23.80,true,1,
7290003411276,false,עמבה הודית מובחרת הנמל 600ג',הנמל אריזות ושיווק (1984) בעמ,IL,עמבה,גרמים,500.00,100 גרם,false,0,9.90,1.98,true,1,
7290003424030,false,סלמון נורבגי מעושן פרוס 100 ג' מיקי,,IL,סלמון מעושן 100ג,גרמים,100.00,100 גרם,false,1,18.90,18.90,true,1,
7290003424245,false,מרלוזה ארגנטינאית במשקל,,IL,מרלוזה עם עור,גרמים,0.00,"ק""ג",true,1,29.90,29.90,true,1,
7290003424276,false,סלמון ללא עור צירינה לפי,,IL,סלמון ללא עור,גרמים,0.00,"ק""ג",true,1,89.90,89.90,true,1,
7290003424689,false,פילה הייק - צירינה לפי מ,,IL,פילה הייק צירינה,גרמים,0.00,"ק""ג",true,1,39.90,39.90,true,1,
7290003424948,false,סול הולנדי - צ'ירינה לפי,,IL,סול הולנדי,גרמים,0.00,"ק""ג",true,1,52.90,52.90,true,1,
7290003427154,false,"שמן זית כתית מעולה טעם מעודן זיתא 750 מ""ל",תה ויסוצקי (ישראל) בעמ,IL,שמן זית כתית,מיליליטרים,750.00,"100 מ""ל",false,0,26.90,3.59,true,1,
7290003450602,false,חרדל אמיתי צהוב בקבוק לחיץ 255 גר,היינץ צפון אמריקה מקבוצת ה.י.היינץ,US,ממרח חרדל צהוב,גרמים,255.00,100 גרם,false,0,9.90,3.88,true,1,
7290003457861,false,סולרו קלאסיק חלבי - פירות טרופיים,"מיוצר ע""\י גלידת שטראוס",IL,סולרו טרופי יח,יחידה,1.00,יחידה,false,0,9.90,9.90,true,1,
<<<<<<< HEAD
7290003461677,false,"חומוס אסלי שמיר 1 ק""ג","סלטי שמיר 2006 בע""מ",IL,סלט חומוס אסלי,קילוגרמים,1.00,"ק""ג",false,0,11.90,11.90,true,1,
=======
7290003461677,false,"חומוס אסלי 1 ק""ג}שמיר{","סלטי שמיר 2006 בע""מ",IL,סלט חומוס אסלי,קילוגרמים,1.00,"ק""ג",false,0,11.90,11.90,true,1,
>>>>>>> d048ac2f4f281c9d788043ab4e81b61b0dbe3743
7290003461868,false,"חציל במיונז אסלי שמיר 1 ק""ג","סלטי שמיר 2006 בע""מ",IL,"חציל במיונז אסלי 1 ק""ג",קילוגרמים,1.00,"ק""ג",false,0,11.90,11.90,true,1,
7290003521074,false,סרקל מרכך שיער לילדים דר. פישר (1 ליטר),"פישר תעשיות פרמצביטות בע""מ",IL,מרכך לילדים סרקל,ליטרים,1.00,ליטר,false,0,22.90,22.90,true,1,
7290003521081,false,"סרקל שמפו אל דמע לילדים ד""ר פישר 1 ליטר","פישר תעשיות פרמצביטות בע""מ",IL,סרקל שמפו לילדים,ליטרים,1.00,ליטר,false,0,22.90,22.90,true,1,
7290003521166,false,"ד""ר פישר - סרקל קרם רוזמרין לילדים 325 מ""ל","פישר תעשיות פרמצביטות בע""מ",IL,סרקל קרם רוזמרין,מיליליטרים,325.00,"100 מ""ל",false,0,18.90,5.82,true,1,
7290003521197,false,"ד""ר פישר - סרקל תרסיס מתיר קשרים 340 מ""ל","פישר תעשיות פרמצביטות בע""מ",IL,סרקל מתיר קשרים,מיליליטרים,340.00,"100 מ""ל",false,0,18.90,5.56,true,1,
7290003570423,false,טחון בקר קפוא העדה 500 גרם,"בלדי בע""\ם",IL,בשר בקר טחון,גרמים,500.00,100 גרם,false,1,43.90,8.78,true,1,
7290003570430,false,חזה עוף טחון קפוא העדה 500 גרם,"בלדי בע""\ם",IL,עוף טחון טהור,גרמים,500.00,100 גרם,false,1,22.90,4.58,true,1,
7290003570553,false,רולדה חזה הודו מעובד ארוז,,IL,רולדה חזה הודו,קילוגרמים,0.00,"ק""ג",true,1,52.90,52.90,true,1,
7290003570560,false,גרונות הודו טרי ארוז עדה החרדית,,IL,גרון הודו טרי עד,גרמים,0.00,"ק""ג",true,1,37.90,37.90,true,1,
7290003570577,false,גרונות הודו קפוא ארוז עדה חרדית בלדי,,IL,"גרון הודו עד""ח",קילוגרמים,0.00,"ק""ג",true,1,37.90,37.90,true,1,
7290003570591,false,"שוקיים הודו קפוא ארוז עד""ח בלדי",,IL,שוקיים הודו קפוא,קילוגרמים,0.00,"ק""ג",true,1,32.90,32.90,true,1,
7290003570676,false,רולדה הודו אדום קפוא שקי,,IL,רולדה הודו אדום,קילוגרמים,0.00,"ק""ג",true,1,54.90,54.90,true,1,
7290003570683,false,הודו אדום לא מעובד לפי מ,,IL,הודו אדום לא מעו,גרמים,0.00,"ק""ג",true,1,67.90,67.90,true,1,
7290003570690,false,"הודו אדום טרי עד""ח לפי ש",,IL,הודו אדום טרי עד,גרמים,0.00,"ק""ג",true,1,67.90,67.90,true,1,
7290003570744,false,שווארמה הודו קפוא לפי מש,,IL,שווארמה הודו קפו,גרמים,0.00,"ק""ג",true,1,69.90,69.90,true,1,
7290003570751,false,"שווארמה הודו טרי עד""ח לפ",,IL,שווארמה הודו טרי,גרמים,0.00,"ק""ג",true,1,76.90,76.90,true,1,
7290003570782,false,גרונות הודיות קפוא ארוז עדה חרדית בלדי,,IL,גרון הודיות קפוא,קילוגרמים,0.00,"ק""ג",true,1,37.90,37.90,true,1,
7290003570829,false,"כנפיים הודו זכר חצוי קפוא ארוז בלדי עד""ח",,IL,כנפיים הודו קפוא,קילוגרמים,0.00,"ק""ג",true,1,19.90,19.90,true,1,
7290003571086,false,שריר הזרוע 88 מובחר,,IL,שריר הזרוע,קילוגרמים,0.00,"ק""ג",true,1,106.90,106.90,true,1,
7290003571093,false,"עצם ברך לחמין ארוז בד""צ עד""ח",בלדי,IL,עצם ברך לחמין,קילוגרמים,0.00,"ק""ג",true,1,14.90,14.90,true,1,
7290003571116,false,"פילה סלמון נורבגי -בד""ץ 1.4-1.8.",Unknown,IL,סלמון פילה בלדי,גרמים,0.00,"ק""ג",true,1,79.90,79.90,true,1,
7290003571123,false,פילה סלמון פרימיום קג,סלמונס פסיפיק סטאר,IL,פילה סלמון,גרמים,0.00,"ק""ג",true,1,81.90,81.90,true,1,
7290003571505,false,סלמון מנות מיוחד לפי משק,,IL,סלמון פרוס מיוחד,גרמים,0.00,"ק""ג",true,1,39.90,39.90,true,1,
7290003571550,false,סטייק טונה אלבקור בוואקום מהדרין,בלדי בעמ,VN,סטייק אלבקור,קילוגרמים,0.00,"ק""ג",true,1,39.90,39.90,true,1,
7290003586455,false,א- מפיות שנה טובה עם,,,מפיות מהודרות,יחידה,1.00,יחידה,false,0,4.90,4.90,true,1,
<<<<<<< HEAD
7290003598472,false,סלמון מנות נורבגי בוואקום,לאטי עזרא,NO,מנות סלמון קפוא,קילוגרמים,0.00,"ק""ג",true,1,88.90,88.90,true,1,
7290003643004,false,"סוגת אורז בסמטי קלאסי 1 ק""ג",האי נאם סי או אל.טי.,IL,אורז בסמטי קלאסי,קילוגרמים,1.00,"ק""ג",false,0,11.90,11.90,true,1,
7290003643387,false,"סוכר לבן בצנצנת 1 ק""ג סוגת",האי נאם סי או אל.טי.,IL,סוכר לבן צנצנת,קילוגרמים,1.00,"ק""ג",false,0,5.90,5.90,true,1,
=======
7290003598472,false,"סלמון נורבגי מנות בלדי בד""צ",לאטי עזרא,NO,מנות סלמון קפוא,קילוגרמים,0.00,"ק""ג",true,1,88.90,88.90,true,1,
7290003643004,false,אורז בסמטי קלאסי סוגת (1 קג),האי נאם סי או אל.טי.,IL,אורז בסמטי קלאסי,קילוגרמים,1.00,"ק""ג",false,0,11.90,11.90,true,1,
7290003643387,false,סוכר לבן בצנצנת פלסטיק 1 ק`ג,האי נאם סי או אל.טי.,IL,סוכר לבן צנצנת,קילוגרמים,1.00,"ק""ג",false,0,5.90,5.90,true,1,
>>>>>>> d048ac2f4f281c9d788043ab4e81b61b0dbe3743
7290003643646,false,"סוכר דמררה קלאסי בצנצנת סוגת 1 ק""ג",האי נאם סי או אל.טי.,IL,סוכר דמררה,קילוגרמים,1.00,"ק""ג",false,0,8.90,8.90,true,1,
7290003648856,false,מעדן הרינג הולנדי בשמן,סלטי שמיר 2006 בעמ,IL,מעדן הרינג הולנד,גרמים,550.00,100 גרם,false,0,29.90,5.44,true,1,
7290003670000,false,"עוף שלם טרי עד""ח לפי משק",,IL,עוף שלם טרי עדח,גרמים,0.00,"ק""ג",true,1,29.90,29.90,true,1,
7290003670017,false,"כרעיים עוף מצונן ארוז עד""ח",וול דאן,IL,"כרעיים טרי עד""ח",גרמים,0.00,"ק""ג",true,1,45.90,45.90,true,1,
7290003670024,false,"חזה עוף טרי עד""ח לפי שקי",וול דאן,IL,חזה עוף טרי,גרמים,0.00,"ק""ג",true,1,44.90,44.90,true,1,
7290003670031,false,"שניצל עוף פרוס ארוז מצונן עד""ח",וול דאן,IL,שניצל פרוס טרי,קילוגרמים,0.00,"ק""ג",true,1,49.90,49.90,true,1,
7290003670048,false,"כנפיים עוף ארוז מצונן עד""ח",וול דאן,IL,"כנפיים טרי עד""ח",גרמים,0.00,"ק""ג",true,1,9.90,9.90,true,1,
7290003670055,false,"גרונות עוף ארוז טרי מצונן עד""ח",,IL,גרונות עוף טרי,קילוגרמים,0.00,"ק""ג",true,1,8.90,8.90,true,1,
7290003670062,false,"כבד עוף צלוי מצונן 200 גרם עד""ח",וול דאן,IL,כבד עוף צלוי200ג,גרמים,200.00,100 גרם,false,1,33.90,16.95,true,1,
7290003670123,false,"עוף מס' 2 ארוז קפוא עד""ח",,IL,עוך קפוא מס' 2,גרמים,0.00,"ק""ג",true,1,28.90,28.90,true,1,
7290003670130,false,"עוף מס' 3 קפוא ארוז בד""ץ",,IL,עוף מס' 3,גרמים,0.00,"ק""ג",true,1,28.90,28.90,true,1,
7290003670154,false,"כרעיים עוף ארוז קפוא עד""ח בלדי",,IL,כרעיים עוף קפוא,גרמים,0.00,"ק""ג",true,1,45.90,45.90,true,1,
7290003670178,false,"שניצל עוף פרוס ארוז קפוא עד""ח",,IL,שניצל עוף קפוא,גרמים,0.00,"ק""ג",true,1,49.90,49.90,true,1,
7290003670192,false,"כנף עוף ארוז קפוא בלדי עד""ח",,IL,כנפיים עוף קפוא,גרמים,0.00,"ק""ג",true,1,9.90,9.90,true,1,
7290003670222,false,"ירכיים עוף קפוא עד""ח לפי",,IL,ירכיים עוף קפוא,גרמים,0.00,"ק""ג",true,1,39.90,39.90,true,1,
7290003670239,false,שוקיים עוף קפוא איכות למהדרין,,IL,"שוקיים עוף עד""ח",גרמים,0.00,"ק""ג",true,1,59.90,59.90,true,1,
7290003670789,false,"ירכיים עוף מצונן ארוז עד""ח",,IL,ירכיים עוף טרי,גרמים,0.00,"ק""ג",true,1,39.90,39.90,true,1,
7290003670796,false,"שוקיים עוף טרי עד""ח",וול דאן,IL,שוקיים עוף טרי,קילוגרמים,0.00,"ק""ג",true,1,59.90,59.90,true,1,
<<<<<<< HEAD
7290003681006,false,צימוקים לבנים 200גרם בד''ץ,מיה תעשיות מזון מ.ת.מ. ב,IL,צימוק לבן 200ג,גרמים,200.00,100 גרם,false,0,7.90,3.95,true,1,
7290003681051,false,אגוזי פאקן סיני מסוכר 100 גר' מיה,מיה תעשיות מזון מ.ת.מ. ב,IL,פקאן סיני מסוכר,גרמים,100.00,100 גרם,false,0,13.90,13.90,true,1,
7290003681174,false,"צימוקים שחורים 200 ג' בד""ץ מיה",מיה תעשיות מזון מ.ת.מ. ב,IL,צמוקים שחורים,גרמים,200.00,100 גרם,false,0,6.90,3.45,true,1,
7290003681211,false,צנובר מיה 100 גרם,מיה תעשיות מזון מ.ת.מ. ב,IL,צנובר,גרמים,80.00,100 גרם,false,0,19.90,24.88,true,1,
7290003681228,false,תבלין עלי דפנה 10 גר' מיה,מיה תעשיות מזון מ.ת.מ. ב,IL,עלי דפנה,גרמים,10.00,100 גרם,false,0,5.90,59.00,true,1,
7290003681235,false,פלפל אנגלי בצנצנת מיה 50 גרם,מיה תעשיות מזון מ.ת.מ. ב,IL,פלפל אנגלי,גרמים,50.00,100 גרם,false,0,5.90,11.80,true,1,
7290003681242,false,זעתר בצנצנת מיה 50 גרם,מיה תעשיות מזון מ.ת.מ. ב,IL,זעתר,גרמים,50.00,100 גרם,false,0,5.90,11.80,true,1,
7290003681259,false,תבלין שביבי שום בשקית 50 גר' מיה,מיה תעשיות מזון מ.ת.מ. ב,IL,שביבי שום,גרמים,50.00,100 גרם,false,0,5.90,11.80,true,1,
7290003681303,false,שעועית מעורבת יבשה מיה 500 גר',מיה תעשיות מזון מ.ת.מ. ב,IL,שעועית מעורבת,גרמים,500.00,100 גרם,false,0,6.90,1.38,true,1,
7290003681334,false,קוקוס טחון 400 גרם ב,מיה תעשיות מזון מ.ת.מ. ב,IL,קוקוס,גרמים,400.00,100 גרם,false,0,11.90,2.98,true,1,
7290003681365,false,קישוט לעוגה צבעוני בבצנצנת מיה 80 גרם,מיה תעשיות מזון מ.ת.מ. ב,IL,קישוטי עוגה,גרמים,70.00,100 גרם,false,0,3.90,5.57,true,1,
7290003681532,false,דובדבנים מסוכרים 80 גרם מיה,מיה תעשיות מזון מ.ת.מ. ב,IL,דובדבנים מסוכרים,גרמים,80.00,100 גרם,false,0,4.90,6.13,true,1,
7290003681679,false,כפתורי שוקולד 30*6גרם,מיה,IL,כפתורי שוקולד,גרמים,240.00,100 גרם,false,0,9.90,4.13,true,1,
7290003681693,false,חומוס לבן ענק יבש מיה 500 גר',מיה תעשיות מזון מ.ת.מ. ב,IL,חומוס לבן ענק,גרמים,500.00,100 גרם,false,0,8.90,1.78,true,1,
7290003681716,false,גריסי פנינה מיה 500 גרם,מיה תעשיות מזון מ.ת.מ. ב,IL,גריסי פנינה,גרמים,500.00,100 גרם,false,0,5.90,1.18,true,1,
7290003681723,false,תבלין לפיצה בצנצנת מיה 80 גרם,מיה תעשיות מזון מ.ת.מ. ב,IL,תבלין לפיצה,גרמים,80.00,100 גרם,false,0,5.90,7.38,true,1,
7290003681730,false,תבלין לגריל דג מיה 80 גרם,מיה תעשיות מזון מ.ת.מ. ב,IL,תבלין גריל דג,גרמים,80.00,100 גרם,false,0,5.90,7.38,true,1,
7290003681747,false,תבלין גריל בשר בשקית 80 גר' מיה,מיה תעשיות מזון מ.ת.מ. ב,IL,תבלין גריל בשר,גרמים,80.00,100 גרם,false,0,5.90,7.38,true,1,
7290003681754,false,אבקת קארי 80 גרם צנצנת,מיה תעשיות מזון מ.ת.מ. ב,IL,קארי,גרמים,80.00,100 גרם,false,0,5.90,7.38,true,1,
7290003681761,false,גבישי שום בצנצנת מיה 80 גרם,מיה תעשיות מזון מ.ת.מ. ב,IL,גבישי שום,גרמים,80.00,100 גרם,false,0,5.90,7.38,true,1,
7290003681792,false,סוכריות טופי פירות 850 ג' מיה,מיה תעשיות מזון מ.ת.מ. ב,IL,סוכריות טופי,גרמים,850.00,100 גרם,false,0,13.90,1.64,true,1,
7290003681921,false,"סוכריות טופי פירות מיה 200 ג' בד""ץ'",מיה תעשיות מזון מ.ת.מ. ב,IL,סוכריות טופי,גרמים,200.00,100 גרם,false,0,3.90,1.95,true,1,
=======
7290003681006,false,צימוקים לבנים 200גרם בד''ץ,מיה תעשיות מזון מ.ת.מ בעמ,IL,צימוק לבן 200ג,גרמים,200.00,100 גרם,false,0,7.90,3.95,true,1,
7290003681051,false,אגוזי פאקן סיני מסוכר 100 גר' מיה,מיה תעשיות מזון מ.ת.מ. בעמ,IL,פקאן סיני מסוכר,גרמים,100.00,100 גרם,false,0,13.90,13.90,true,1,
7290003681174,false,"צימוקים שחורים 200 ג' בד""ץ מיה",מיה תעשיות מזון מ.ת.מ. בעמ,IL,צמוקים שחורים,גרמים,200.00,100 גרם,false,0,6.90,3.45,true,1,
7290003681211,false,צנובר מיה 100 גרם,מיה תעשיות מזון מ.ת.מ. בעמ,IL,צנובר,גרמים,80.00,100 גרם,false,0,19.90,24.88,true,1,
7290003681228,false,תבלין עלי דפנה 10 גר' מיה,מיה תעשיות מזון מ.ת.מ בעמ,IL,עלי דפנה,גרמים,10.00,100 גרם,false,0,5.90,59.00,true,1,
7290003681235,false,פלפל אנגלי בצנצנת מיה 50 גרם,מיה תעשיות מזון מ.ת.מ בעמ,IL,פלפל אנגלי,גרמים,50.00,100 גרם,false,0,5.90,11.80,true,1,
7290003681242,false,זעתר בצנצנת מיה 50 גרם,מיה תעשיות מזון מ.ת.מ בעמ,IL,זעתר,גרמים,50.00,100 גרם,false,0,5.90,11.80,true,1,
7290003681259,false,תבלין שביבי שום בשקית 50 גר' מיה,מיה תעשיות מזון מ.ת.מ בעמ,IL,שביבי שום,גרמים,50.00,100 גרם,false,0,5.90,11.80,true,1,
7290003681303,false,שעועית מעורבת יבשה מיה 500 גר',מיה תעשיות מזון מ.ת.מ. בעמ,IL,שעועית מעורבת,גרמים,500.00,100 גרם,false,0,6.90,1.38,true,1,
7290003681334,false,"קוקוס 400 גרם מיה בד""צ",מיה תעשיות מזון מ.ת.מ. בעמ,IL,קוקוס,גרמים,400.00,100 גרם,false,0,11.90,2.98,true,1,
7290003681365,false,קישוט לעוגה צבעוני בבצנצנת מיה 80 גרם,מיה תעשיות מזון מ.ת.מ. בעמ,IL,קישוטי עוגה,גרמים,70.00,100 גרם,false,0,3.90,5.57,true,1,
7290003681532,false,דובדבנים מסוכרים 80 גרם מיה,מיה תעשיות מזון מ.ת.מ. בעמ,IL,דובדבנים מסוכרים,גרמים,80.00,100 גרם,false,0,4.90,6.13,true,1,
7290003681679,false,כפתורי שוקולד 30*6גרם,מיה תעשיות מזון מ.ת.מ בעמ,IL,כפתורי שוקולד,גרמים,240.00,100 גרם,false,0,9.90,4.13,true,1,
7290003681693,false,חומוס לבן ענק יבש מיה 500 גר',מיה תעשיות מזון מ.ת.מ. בעמ,IL,חומוס לבן ענק,גרמים,500.00,100 גרם,false,0,8.90,1.78,true,1,
7290003681716,false,גריסי פנינה מיה (500 גרם),מיה תעשיות מזון מ.ת.מ. בעמ,IL,גריסי פנינה,גרמים,500.00,100 גרם,false,0,5.90,1.18,true,1,
7290003681723,false,תבלין לפיצה בצנצנת מיה 80 גרם,מיה תעשיות מזון מ.ת.מ בעמ,IL,תבלין לפיצה,גרמים,80.00,100 גרם,false,0,5.90,7.38,true,1,
7290003681730,false,תבלין לגריל דג מיה 80 גרם,מיה תעשיות מזון מ.ת.מ בעמ,IL,תבלין גריל דג,גרמים,80.00,100 גרם,false,0,5.90,7.38,true,1,
7290003681747,false,תבלין גריל בשר בשקית 80 גר' מיה,מיה תעשיות מזון מ.ת.מ בעמ,IL,תבלין גריל בשר,גרמים,80.00,100 גרם,false,0,5.90,7.38,true,1,
7290003681754,false,אבקת קארי 80 גרם צנצנת,מיה תעשיות מזון מ.ת.מ בעמ,IL,קארי,גרמים,80.00,100 גרם,false,0,5.90,7.38,true,1,
7290003681761,false,גבישי שום בצנצנת מיה 80 גרם,מיה תעשיות מזון מ.ת.מ בעמ,IL,גבישי שום,גרמים,80.00,100 גרם,false,0,5.90,7.38,true,1,
7290003681792,false,סוכריות טופי פירות מיה (850 גרם),מיה תעשיות מזון מ.ת.מ. בעמ,IL,סוכריות טופי,גרמים,850.00,100 גרם,false,0,13.90,1.64,true,1,
7290003681921,false,"סוכריות טופי פירות מיה 200 ג' בד""ץ'",מיה תעשיות מזון מ.ת.מ בעמ,IL,סוכריות טופי,גרמים,200.00,100 גרם,false,0,3.90,1.95,true,1,
>>>>>>> d048ac2f4f281c9d788043ab4e81b61b0dbe3743
7290003681945,false,"מיץ לימון סחוט רכיבים טבעיים מיה 500 מ""ל",מיה,IL,מיץ לימון 100%,מיליליטרים,500.00,"100 מ""ל",false,0,8.90,1.78,true,1,
7290003706013,false,"שורש פטרוזיליה ארוז ""ביכורי השדה""",ביכורי שדה דרום 2002,IL,שורש,יחידה,1.00,יחידה,false,1,5.90,5.90,true,1,
7290003751099,false,"עוף מחולק קפוא בד""ץ לק""ג",גלאט עוף,IL,"עוף מחולק עד""ח",קילוגרמים,0.00,"ק""ג",true,0,29.90,29.90,true,1,
7290003751129,false,"קורקבן עוף קפוא בד""ץ לקג",מ.א.ד.פ,IL,"קורקבן עוף קפוא בד""ץ לקג",קילוגרמים,0.00,"ק""ג",true,0,22.90,22.90,true,1,
7290003751143,false,"גרונות עוף קפוא בד""ץ לקג",גלאט עוף,IL,"גרונות עוף קפוא בד""ץ לקג",קילוגרמים,0.00,"ק""ג",true,0,8.90,8.90,true,1,
7290003751303,false,"עוף טרי שלם מצונן בד""ץ ב",תנובה,IL,"עוף שלם טרי בד""ץ",קילוגרמים,0.00,"ק""ג",true,0,29.90,29.90,true,1,
7290003751310,false,"כרעיים עוף טרי ארוז בד""ץ",תנובה,IL,כרעיים עוף טרי ב,קילוגרמים,0.00,"ק""ג",true,0,45.90,45.90,true,1,
7290003751327,false,"שניצל עוף פרוס טרי בד""ץ",גלאט עוף,IL,שניצל עוף טרי בד,גרמים,0.00,"ק""ג",true,0,49.90,49.90,true,1,
7290003751341,false,"כנפיים עוף טרי בד""ץ מצונ",גלאט עוף,IL,כנפיים עוף טרי ב,קילוגרמים,0.00,"ק""ג",true,0,14.90,14.90,true,1,
7290003751556,false,"לב הצוואר לומבה עד""ח לפי",גלאט עוף,IL,"לב הצוואר עד""ח",גרמים,0.00,"ק""ג",true,1,93.90,93.90,true,1,
7290003751693,false,צלעות בקר (2) קמעונאי-קפוא,,IL,צלעות בקר קפוא,קילוגרמים,0.00,"ק""ג",true,0,84.90,84.90,true,1,
7290003751709,false,כתף בקר (4) קמעונאי-קפוא,ביראניצקי,IL,כתף בקר קפוא (4),גרמים,0.00,"ק""ג",true,0,93.90,93.90,true,1,
7290003751723,false,שריר הזרוע בקר (8) קמעונאי-קפוא,,IL,"שריר הזרוע עד""ח",קילוגרמים,0.00,"ק""ג",true,0,106.90,106.90,true,1,
7290003751730,false,צוואר בקר (10) קמעונאי-קפוא,,IL,צוואר קפוא (10),גרמים,0.00,"ק""ג",true,0,84.90,84.90,true,1,
7290003751839,false,"עצמות עוף למרק בד""ץ לק""ג",גלאט עוף,IL,"עצמות עוף למרק בד""ץ לק""ג",קילוגרמים,0.00,"ק""ג",true,0,7.50,7.50,true,1,
7290003751846,false,ירכיים עוף-6 יחידות במגש-קפוא,מ ב גלאט עוף למהדרין,IL,"ירכיים עוף קפוא בד""ץ לקג",קילוגרמים,0.00,"ק""ג",true,0,39.90,39.90,true,1,
7290003751853,false,"שוקיים עוף קפוא עד""ח לקג",מ.א.ד.פ,IL,"שוקיים עוף קפוא עד""ח לקג",קילוגרמים,0.00,"ק""ג",true,0,59.90,59.90,true,1,
7290003751914,false,חזה בקר 4 קפוא,,IL,חזה בקר קפוא,קילוגרמים,0.00,"ק""ג",true,0,84.90,84.90,true,1,
7290003804252,false,תיבוליות לאורז בנוסח הודי קנור 80גרם,יוניליוור ישראל שיווק בע`מ,IL,תיבוליות קנור,גרמים,72.00,100 גרם,false,0,7.90,10.97,true,1,
7290003804320,false,תיבולית שום ופטרוזיליה קנור 72 גרם,יוניליוור ישראל שיווק בע`מ,IL,תיבוליות קנור,גרמים,72.00,100 גרם,false,0,7.90,10.97,true,1,
7290003804382,false,תיבוליות פטריות קנור (8 יח`- 72 גרם),יוניליוור ישראל שיווק בע`מ,IL,תיבוליות פטריות,גרמים,72.00,100 גרם,false,0,7.90,10.97,true,1,
7290003805501,false,"פתית בסגנון שוודי תלמה בד""צ 300 גרם",יוניליוור ישראל שיווק בע`מ,IL,פתית קרקר שוודי,גרמים,300.00,100 גרם,false,0,12.90,4.30,true,1,
7290003805587,false,"פתית חיטה מלאה בד""צ 250 גרם-קופסא",יוניליוור ישראל שיווק בע`מ,IL,פתית חיטה מלאה,גרמים,250.00,100 גרם,false,0,12.90,5.16,true,1,
7290003807482,false,קנור רוטב טריאקי מופחת נתרן 370 גרם,יוניליוור ישראל שיווק בע`מ,IL,רוטב טריאקי,גרמים,300.00,100 גרם,false,0,9.90,3.30,true,1,
7290003920266,false,רולדה עגל - רובין לפי שק,,IL,רולדה עגל רובין,גרמים,0.00,"ק""ג",true,0,69.90,69.90,true,1,
7290003920426,false,בשר צלעות לא מעובד מס' 2,,IL,בשר צלעות נתח,גרמים,0.00,"ק""ג",true,1,78.90,78.90,true,1,
7290003920440,false,בשר מס' 8 שריר הזרוע לפי,עוף ירושלים מהדרין,IL,מס' 8 שריר ל.מ,גרמים,0.00,"ק""ג",true,0,104.90,104.90,true,1,
7290003920457,false,צלי כתף (5) נתח שקיל,,IL,צלי כתף 5 נתח,גרמים,0.00,"ק""ג",true,1,124.90,124.90,true,1,
7290003920464,false,בשר פילה מדומה 6 נתח שקי,,IL,פילה מדומה 6 נתח,גרמים,0.00,"ק""ג",true,1,98.90,98.90,true,1,
7290003920488,false,בשר מס' 4 כתף נתח לפי מש,,IL,בשר כתף נתח,גרמים,0.00,"ק""ג",true,1,84.90,84.90,true,1,
7290003920495,false,"בשר מספר 10 רובין ""נתח""",,IL,צוואר נתח,גרמים,0.00,"ק""ג",true,1,75.90,75.90,true,1,
7290003920716,false,קבב מזרחי 500 גרם רו,עוף ירושלים מהדרין,IL,קבב מזרחי,גרמים,500.00,100 גרם,false,1,29.90,5.98,true,1,
7290003920723,false,המבורגר מזרחי - רובין 50,עוף ירושלים מהדרין,IL,המבורגר מזרחי,גרמים,500.00,100 גרם,false,1,29.90,5.98,true,1,
7290003920730,false,בשר לחמין - רובין 800 גר,עוף ירושלים מהדרין,IL,בשר לחמין,גרמים,800.00,100 גרם,false,1,62.90,7.86,true,1,
7290003920747,false,גולש עגל מעובד 800 גר',עוף ירושלים מהדרין,IL,גולש רובין,גרמים,800.00,100 גרם,false,1,62.90,7.86,true,1,
7290003920761,false,בקר טחון רובין 500 ג' קפוא,עוף ירושלים מהדרין,IL,מוצר בקר טחון,גרמים,500.00,100 גרם,false,1,29.90,5.98,true,1,
7290003976287,false,"תרסיס די תוש 630 מ""ל טאצ'","סאסאטק אגש""\ח בע""\מ",IL,די תוש טאצ',מיליליטרים,630.00,"100 מ""ל",false,1,12.90,2.05,true,1,
7290003976294,false,ת.די תיקן+אקדח 630 מל טאצ',"סאסאטק אגש""\ח בע""\מ",IL,די תיקן פורטה,מיליליטרים,630.00,"100 מ""ל",false,1,12.90,2.05,true,1,
7290003976560,false,"מטהר אוויר אוטומטי מיסטרי טאצ 250 מ""ל",סאסאטק אגשח בעמ,,מטהר אויר מיסטרי,יחידה,1.00,יחידה,false,0,10.90,10.90,true,1,
7290003976577,false,"מטהר אוויר אוטומטי פרדיסו טאצ 250 מ""ל",סאסאטק אגשח בעמ,,מטהר אויר פרדיסו,יחידה,1.00,יחידה,false,0,10.90,10.90,true,1,
7290003976584,false,מטהר אויר אוטומט( 250 מל)אקווה טאצ,סאסאטק אגשח בעמ,IL,מטהר אויר אקווה,מיליליטרים,250.00,"100 מ""ל",false,1,10.90,4.36,true,1,
7290003976591,false,מטהר אויר אוטומט( 250 מל)לוטוס טאצ,סאסאטק אגשח בעמ,IL,מטהר אויר לוטוס,מיליליטרים,250.00,"100 מ""ל",false,1,10.90,4.36,true,1,
7290003976607,false,אקונומיקה סמיכה לבנדר 4 ליטר עם פקק ביטח,סאסאטק אגשח בעמ,IL,ג'ל אקונומיקה סמ,ליטרים,0.00,ליטר,false,1,11.90,11.90,true,1,
7290003976614,false,אקונומיקה סמיכה פרחים 4 ליטר עם פקק ביטח,סאסאטק אגשח בעמ,IL,ג'ל אקונומיקה סמ,ליטרים,0.00,ליטר,false,1,11.90,11.90,true,1,
7290003976713,false,נוזל רצפות פנטזי אנטיבקטריאלי טאצ' 2 ליטר,"סאסאטק אגש""\ח בע""\מ",IL,נוזל רצפות אנטיב,ליטרים,0.00,ליטר,false,1,18.90,18.90,true,1,
7290003976737,false,מרסס אקונומיקה מבושמת 1 ליטר טא'צ,סאסאטק,IL,מרסס אקונומיקה מ,מיליליטרים,1000.00,"100 מ""ל",false,1,10.90,1.09,true,1,
7290003976768,false,"מרסס מסיר כתמים אוקסי פאואר 750 מ""ל טאצ'",,IL,מסיר כתמים אוקסי,מיליליטרים,750.00,"100 מ""ל",false,1,12.90,1.72,true,1,
7290003976775,false,מסיר כתמים אוקסי פאואר לכביסה צבעונית טאצ 3 ליטר,,IL,מסיר כתמים אוקסי,ליטרים,0.00,ליטר,false,1,16.90,16.90,true,1,
7290003976782,false,מסיר כתמים אוקסי פאןאר לכביסה לבנה 3 ליטר טא'צ,,IL,מסיר כתמים אוקסי,ליטרים,0.00,ליטר,false,1,16.90,16.90,true,1,
7290003976928,false,"נוזל לכלים לפירות טאצ' 750 מ""ל",,IL,נ.כלים פירות24%ט,מיליליטרים,750.00,"100 מ""ל",false,1,8.90,1.19,true,1,
7290003976966,false,טאצ' מרסס ניקוי כללי בתוספת חומץ 1 ליטר,"סאסאטק אגש""\ח בע""\מ",IL,מרסס ניקוי כללי,ליטרים,0.00,ליטר,false,1,9.90,9.90,true,1,
7290003976973,false,טאצ' מרסס ניקוי כללי בתוספת סודה 1 ליטר,"סאסאטק אגש""\ח בע""\מ",IL,מרסס ניקוי כללי,ליטרים,0.00,ליטר,false,1,9.90,9.90,true,1,
7290003976980,false,טאצ' ניקוי כללי ורצפות בתוספת חומץ 2 ליטר,"סאסאטק אגש""\ח בע""\מ",IL,ג'ל ניקוי כללי,ליטרים,0.00,ליטר,false,1,15.90,15.90,true,1,
<<<<<<< HEAD
7290003989096,false,סלט חצילים פיקנטי אחלה 500 גרם,מיוצר עי קונדיטוריית,IL,חציל פיקנטי אחלה,גרמים,500.00,100 גרם,false,0,12.90,2.58,true,1,
7290003989539,false,לורנצו רביולי במילוי גבינה,מיוצר עי קונדיטוריית,IL,רביולי גבינה,גרמים,400.00,100 גרם,false,0,17.90,4.48,true,1,
7290003989553,false,פסטה טורטליני גבינה ופטריות 400 גרם,מיוצר עי קונדיטוריית,IL,טורטליני פטריות,גרמים,400.00,100 גרם,false,0,17.90,4.48,true,1,
7290003996018,false,חסה ערבית (שקית ) חסלט,נסטלה קוריאה - קפה,IL,חסה ערבית חסלט,יחידה,1.00,יחידה,false,0,8.90,8.90,true,1,
7290003996049,false,פטרוזיליה טרי ארוז חסלט,נסטלה שוויץ - רורשאך,IL,פטרוזיליה חסלט,יחידה,1.00,יחידה,false,0,6.90,6.90,true,1,
7290003996056,false,כוסברה חסלט כפרי טרי,יעל ירק עלים,IL,כוסברה חסלט-יח',יחידה,1.00,יחידה,false,0,6.90,6.90,true,1,
7290003996094,false,סלרי אמריקאי חסלט כפרי טרי,יעל ירק עלים,IL,סלרי חסלט,יחידה,1.00,יחידה,false,0,7.90,7.90,true,1,
=======
7290003989096,false,סלט חצילים פיקנטי אחלה 500 גרם,שטראוס גרופ בעמ/מצונן,IL,חציל פיקנטי אחלה,גרמים,500.00,100 גרם,false,0,12.90,2.58,true,1,
7290003989539,false,רביולי עם גבינה שטראוס (400 גרם),שטראוס גרופ בעמ/מצונן,IL,רביולי גבינה,גרמים,400.00,100 גרם,false,0,17.90,4.48,true,1,
7290003989553,false,פסטה טורטליני גבינה ופטריות 400 גרם,שטראוס גרופ בעמ/מצונן,IL,טורטליני פטריות,גרמים,400.00,100 גרם,false,0,17.90,4.48,true,1,
7290003996018,false,חסה ערבית (שקית ) חסלט,"בכורי השדה צפון1994 ג.ד. בע""מ",IL,חסה ערבית חסלט,יחידה,1.00,יחידה,false,0,8.90,8.90,true,1,
7290003996049,false,פטרוזיליה טרי ארוז חסלט,יעל ירק עלים לשיווק בעמ,IL,פטרוזיליה חסלט,יחידה,1.00,יחידה,false,0,6.90,6.90,true,1,
7290003996056,false,כוסברה חסלט כפרי טרי,יעל ירק עלים לשיווק בעמ,IL,כוסברה חסלט-יח',יחידה,1.00,יחידה,false,0,6.90,6.90,true,1,
7290003996094,false,סלרי אמריקאי חסלט כפרי טרי,ביכורי השדה הצפון בעמ` 1964,IL,סלרי חסלט,יחידה,1.00,יחידה,false,0,7.90,7.90,true,1,
>>>>>>> d048ac2f4f281c9d788043ab4e81b61b0dbe3743
7290003996186,false,בזיליקום חסלט כפרי טרי,נסטלה קוריאה - קפה,IL,"בזיליקום חסל""ט",יחידה,1.00,יחידה,false,0,8.40,8.40,true,1,
7290003996742,false,עלי סלק תרדי מהדרין כפרי טרי חסלט 200 גרם,יעל ירק עלים לשיווק בעמ,IL,עלי תרד חסלט,גרמים,200.00,100 גרם,false,0,13.90,6.95,true,1,
7290004011260,false,"ריצ' להעשרת קפה 427 מ""ל",נטו מלינדה סחר בעמ,US,ריצ' להעשרת קפה,מיליליטרים,427.00,"100 מ""ל",false,0,9.90,2.32,true,1,
7290004011284,false,בסיס להכנת קצפת צמחי ריץ` (212 מל),ריצ' פרודקטס קורפריי,US,ריצ' להכנת קצפת,מיליליטרים,212.00,"100 מ""ל",false,0,6.90,3.25,true,1,
7290004011291,false,בסיס להכנת קצפת צמחי ריץ` (425 מל),נטו מלינדה סחר בע`מ,US,בסיס להכנת קצפת,מיליליטרים,425.00,"100 מ""ל",false,0,11.90,2.80,true,1,
7290004011345,false,"ספריי קצפת מתוקה מוכנה פרווה ריץ' 238 מ""ל",האי נאם סי או אל.טי.,IT,קצפת מתוקה,גרמים,250.00,100 גרם,false,0,9.90,3.96,true,1,
7290004023041,false,"לחם שיפון ללא שמרים ד""ר מרק 750 גר'",המאפה של דר מרק בריאות באפייה,IL,לחם מחמצת שיפון,גרמים,750.00,100 גרם,false,0,13.90,1.85,true,1,
7290004030018,false,"פריניב מיץ לימון סחוט פרי לתיבול 500 מ""ל",הנסיך- מפעל לייצור ט,IL,מיץ לימון לתיבול,מיליליטרים,500.00,"100 מ""ל",false,0,6.90,1.38,true,1,
7290004030612,false,"מיץ תפוח, קיווי אגס ללא תוספת סוכר 1 ליטר פרי ניב",הנסיך- מפעל לייצור ט,IL,משקה תפוח קיווי,ליטרים,1.00,ליטר,false,0,12.90,12.90,true,1,
7290004030810,false,שייק 100% בננה פסיפלורה תפוז מופחת סוכר1,תנובה - פריניב,IL,מיץ פריניב,מיליליטרים,1000.00,"100 מ""ל",false,1,14.90,1.49,true,1,
7290004030834,false,מיץ רימונים סחוט 100% רכיבים טבעיים פרי ניב 1 ליטר,תנובה - פריניב,IL,מיץ רימונים,ליטרים,1.00,ליטר,false,0,17.90,17.90,true,1,
7290004063016,false,מלח שולחן מעולה סלית (1 קג)פיקוח,האי נאם סי או אל.טי.,IL,מלח שולחן,קילוגרמים,1.00,"ק""ג",false,0,1.50,1.50,true,1,
7290004063115,false,"מלח מטבח עבה להמלחת בשר ובישול 1 ק""ג 1ק""ג",האי נאם סי או אל.טי.,IL,מלח מטבח גס,קילוגרמים,1.00,"ק""ג",false,0,1.50,1.50,true,1,
7290004064099,false,מטחנה מלח ים מהרי ההימלאיה מלח הארץ 100 גרם,"חברת מלח הארץ אילת בע""\מ",IL,מטחנה מלח,גרמים,250.00,100 גרם,false,1,13.90,5.56,true,1,
7290004064174,false,"תבלין מלח ההימלאיה דק בצנצנת 1 ק""ג","חברת מלח הארץ אילת בע""\מ",PK,מלח דק הימלאיה,קילוגרמים,1.00,"ק""ג",false,1,14.90,14.90,true,1,
7290004064181,false,"תבלין מלח ההימלאיה גס בצנצנת 1 ק""ג","חברת מלח הארץ אילת בע""\מ",PK,מלח גס הימלאיה,קילוגרמים,1.00,"ק""ג",false,1,14.90,14.90,true,1,
7290004064228,false,מלח במטחנה אקסטרא תבלינים שום ופלפל 125 גר',"חברת מלח הארץ אילת בע""\מ",IL,מטחנת מלח מתובל,גרמים,125.00,100 גרם,false,1,14.90,11.92,true,1,
7290004064297,false,"מלח מועשר ביוד בצנצנת מלח הארץ 1 ק""ג","חברת מלח הארץ אילת בע""\מ",IL,מלח מועשר ביוד,קילוגרמים,1.00,"ק""ג",false,1,6.90,6.90,true,1,
7290004064303,false,מלח אטלנטי בצנצנת מלח הארץ 800 גרם,"חברת מלח הארץ אילת בע""\מ",FR,מלח אטלנטי,גרמים,800.00,100 גרם,false,1,13.90,1.74,true,1,
7290004075231,false,סטייק אנטריקוט דק דק ארוז מחפוד פרימיו,עוף ירושלים שיווק בעמ,IL,סטייק דקדק מחפוד,גרמים,300.00,100 גרם,false,1,29.90,9.97,true,1,
7290004075415,false,כנף עוף חצוי פרמיום מיט ארוז קפוא מחפוד,,IL,כנפיים חצוי,גרמים,0.00,"ק""ג",true,1,14.90,14.90,true,1,
7290004075439,false,שיפודי פרגית פרמיום מחפוד,עוף ירושלים שיווק בעמ,IL,שיפודי פרגית,גרמים,0.00,"ק""ג",true,1,77.90,77.90,true,1,
7290004075477,false,שניצל דק דק פרמיום מחפוד,,IL,שניצל עוף דקדק,גרמים,0.00,"ק""ג",true,1,39.90,39.90,true,1,
7290004078225,false,"שטיפת פה קולגייט פלקס מינט ירוק 500מ""ל",קולגייט- פלמוליב,PL,מי פה קולגייט,מיליליטרים,500.00,"100 מ""ל",false,0,16.90,3.38,true,1,
7290004084110,false,סוכר קוביות 500 גרם,,IL,סוכר קוביות,גרמים,500.00,100 גרם,false,0,9.90,1.98,true,1,
7290004091217,false,"גודרס להברקת כלי כסף 125 מ""ל",אס סי גונסון פורטוגל,PT,נוזל ניקוי כסף,מיליליטרים,125.00,"100 מ""ל",false,0,12.90,10.32,true,1,
<<<<<<< HEAD
7290004091248,false,וזלין פטרוליום אינטנסיב קאר ג'ל 106 גר',"יוניליוור ארה""ב, ג'ו",US,וזלין טהור,גרמים,106.00,100 גרם,false,0,9.90,9.34,true,1,
7290004091255,false,ג'ל פטרוליום טהור 100% וזלין 212 גרם,"יוניליוור ארה""ב, ג'ו",US,וזלין,גרמים,212.00,100 גרם,false,0,14.90,7.03,true,1,
7290004120061,false,מעדן חלב בטעם שוקו וניל שוניל 2% קרלו 125 גרם,תנובה מרכז שיתופי לש,IL,מעדן קרלו שוניל,גרמים,125.00,100 גרם,false,0,2.50,2.00,true,1,
7290004120108,false,יופלה דיאט יוגורט דובדבן %0 גביע 150גרם,תנובה מרכז שיתופי לש,IL,יופלה דיאט 0%,גרמים,150.00,100 גרם,false,0,3.90,2.60,true,1,
7290004120283,false,"שוקו בשקית תנובה 225 מ""ל בד""ץ",תנובה חלב,IL,שוקו בשקית,מיליליטרים,225.00,"100 מ""ל",false,0,2.50,1.11,true,1,
7290004120566,false,פיראוס 24% גבינה בולגרית 250 גרם,תנובה חלב,IL,גבינה בולגרית24%,גרמים,250.00,100 גרם,false,0,16.90,6.76,true,1,
7290004120573,false,פיראוס 16% גבינה בולגרית 250 גרם,תנובה מרכז שיתופי לש,IL,גבינה בולגרית16%,גרמים,250.00,100 גרם,false,0,16.90,6.76,true,1,
7290004120634,false,גבינה פיראוס בולגרית 5% 250 גרם,תנובה מרכז שיתופי לש,IL,גבינה בולגרית5%,גרמים,250.00,100 גרם,false,0,16.90,6.76,true,1,
7290004121488,false,יופלה דיאט אפרסק 0% גביע 150 גרם,תנובה מרכז שיתופי לש,IL,יופלה דיאט אפרסק,גרמים,150.00,100 גרם,false,0,3.90,2.60,true,1,
7290004121754,false,יוגורט ביו עוגת גבינה ותות 3% יופלה 150 גרם,תנובה חלב,IL,יופלה קרם גבינה,גרמים,150.00,100 גרם,false,0,3.90,2.60,true,1,
7290004121839,false,גבינת פטה כבשים 20% פיראוס 250 גרם,תנובה מרכז שיתופי לש,IL,פטה כבשים פיראוס,גרמים,250.00,100 גרם,false,0,24.90,9.96,true,1,
7290004121853,false,גבינה בולגרית פיראוס 5% קוביות 200 גרם,תנובה מרכז שיתופי לש,IL,קוביות בולגרית5%,גרמים,200.00,100 גרם,false,0,18.90,9.45,true,1,
7290004122195,false,גוש חלב גבינה צהובה פרוסה 28% תנובה 200 גרם,תנובה חלב,IL,גבינה גוש חלב,גרמים,200.00,100 גרם,false,0,12.90,6.45,true,1,
7290004122348,false,גבינת עמק לייט פרוס בקופסא 200 גרם,תנובה מרכז שיתופי לש,IL,גבינת עמק 9%,גרמים,200.00,100 גרם,false,0,15.90,7.95,true,1,
7290004122676,false,גבינת חמד לייט 5% פיראוס 250 ג',"תנובה,מחלבת טנא נוגה",IL,גבינת חמד לייט5%,גרמים,250.00,100 גרם,false,0,15.90,6.36,true,1,
7290004122683,false,עמק חטיף אצבעות גבינה חצי קשה 28% שומן,תנובה מרכז שיתופי לש,IL,אצבעות עמק,גרמים,172.00,100 גרם,false,0,13.90,8.08,true,1,
7290004122744,false,"יופלה קרם תות 3% 150מ""ל בד""צ",תנובה,IL,יופלה תות,גרמים,150.00,100 גרם,false,0,3.90,2.60,true,1,
7290004122751,false,"יופלה אפרסק 3% מחית 150מ""ל בד""צ",תנובה,IL,יופלה אפרסק,גרמים,150.00,100 גרם,false,0,3.90,2.60,true,1,
=======
7290004091248,false,וזלין פטרוליום אינטנסיב קאר ג'ל 106 גר',יוניליוור ישראל שיווק בע`מ,US,וזלין טהור,גרמים,106.00,100 גרם,false,0,9.90,9.34,true,1,
7290004091255,false,ג'ל פטרוליום טהור 100% וזלין 212 גרם,יוניליוור ישראל שיווק בע`מ,US,וזלין,גרמים,212.00,100 גרם,false,0,14.90,7.03,true,1,
7290004120061,false,מעדן חלב בטעם שוקו וניל שוניל 2% קרלו 125 גרם,תנובה מרכז שיתופי לש,IL,מעדן קרלו שוניל,גרמים,125.00,100 גרם,false,0,2.50,2.00,true,1,
7290004120108,false,יופלה דיאט יוגורט דובדבן %0 גביע 150גרם,תנובה מרכז שיתופי לש,IL,יופלה דיאט 0%,גרמים,150.00,100 גרם,false,0,3.90,2.60,true,1,
7290004120283,false,"שוקו בשקית תנובה 225 מ""ל בד""ץ",תנובה -חלב,IL,שוקו בשקית,מיליליטרים,225.00,"100 מ""ל",false,0,2.50,1.11,true,1,
7290004120566,false,גבינה בולגרית (25024% גרם)פיראוס תנובה,"תנובה בע""מ ***",IL,גבינה בולגרית24%,גרמים,250.00,100 גרם,false,0,16.90,6.76,true,1,
7290004120573,false,גבינה בולגרית (25016% גרם)פיראוס תנובה,תנובה מרכז שיתופי לש,IL,גבינה בולגרית16%,גרמים,250.00,100 גרם,false,0,16.90,6.76,true,1,
7290004120634,false,גבינה בולגרית (2505% גרם)פיראוס תנובה,תנובה מרכז שיתופי לש,IL,גבינה בולגרית5%,גרמים,250.00,100 גרם,false,0,16.90,6.76,true,1,
7290004121488,false,יוגורט ביו דיאט 0% אפרסק יופלה (150 גרם),תנובה מרכז שיתופי לש,IL,יופלה דיאט אפרסק,גרמים,150.00,100 גרם,false,0,3.90,2.60,true,1,
7290004121754,false,יוגורט ביו עוגת גבינה ותות 3% יופלה 150 גרם,תנובה בעמ ***,IL,יופלה קרם גבינה,גרמים,150.00,100 גרם,false,0,3.90,2.60,true,1,
7290004121839,false,גבינת פטה כבשים (25020% גרם)פיראוס בול,תנובה מרכז שיתופי לש,IL,פטה כבשים פיראוס,גרמים,250.00,100 גרם,false,0,24.90,9.96,true,1,
7290004121853,false,גבינה בולגרית קוביות (2005% גרם)פיראוס,תנובה מרכז שיתופי לש,IL,קוביות בולגרית5%,גרמים,200.00,100 גרם,false,0,18.90,9.45,true,1,
7290004122195,false,גוש חלב גבינה צהובה פרוסה 28% תנובה 200 גרם,"תנובה בע""מ ***",IL,גבינה גוש חלב,גרמים,200.00,100 גרם,false,0,12.90,6.45,true,1,
7290004122348,false,גבינה צהובה מופחתת שומן 9% עמק (200 גרם),תנובה מרכז שיתופי לש,IL,גבינת עמק 9%,גרמים,200.00,100 גרם,false,0,15.90,7.95,true,1,
7290004122676,false,גבינה חמד לייט (2505% גרם)פיראוס תנובה,"תנובה,מחלבת טנא נוגה",IL,גבינת חמד לייט5%,גרמים,250.00,100 גרם,false,0,15.90,6.36,true,1,
7290004122683,false,עמק חטיף אצבעות גבינה חצי קשה 28% שומן,תנובה מרכז שיתופי לש,IL,אצבעות עמק,גרמים,172.00,100 גרם,false,0,13.90,8.08,true,1,
7290004122744,false,"יופלה קרם תות 3% 150מ""ל בד""צ",תנובה,IL,יופלה תות,גרמים,150.00,100 גרם,false,0,3.90,2.60,true,1,
7290004122751,false,"יופלה אפרסק 3% מחית 150מ""ל בד""צ",תנובה בעמ ***,IL,יופלה אפרסק,גרמים,150.00,100 גרם,false,0,3.90,2.60,true,1,
>>>>>>> d048ac2f4f281c9d788043ab4e81b61b0dbe3743
7290004124205,false,יופלה דיאט יוגורט תות %0 גביע 150 גרם,תנובה מרכז שיתופי לש,IL,יופלה דיאט תות0%,גרמים,150.00,100 גרם,false,0,3.90,2.60,true,1,
7290004124847,false,"קצפת צמחית השף הלבן 500 מ""ל תנובה",תנובה מרכז שיתופי לש,IL,קצפת צמחית,מיליליטרים,500.00,"100 מ""ל",false,0,12.90,2.58,true,1,
7290004125370,false,"שמנת חמוצה 9% מופחתת שומן תנובה 200 מ""ל מהדרין",תנובה מרכז שיתופי לש,IL,שמנת חמוצה 9%,מיליליטרים,200.00,"100 מ""ל",false,0,2.90,1.45,true,1,
7290004125509,false,"שמנת חמוצה 15% מועשרת תנובה 100 מ""ל",תנובה מרכז שיתופי לש,IL,שמנת חמוצה 15%,מיליליטרים,100.00,"100 מ""ל",false,0,1.50,1.50,true,1,
7290004125578,false,משקה סויה מעושר בסידן תנובה 1ל',תנובה מרכז שיתופי לש,IL,משקה סויה,ליטרים,1.00,ליטר,false,0,8.90,8.90,true,1,
7290004125585,false,משקה סויה בטעם וניל תנובה 1 ליטר,תנובה מרכז שיתופי לש,IL,משקה סויה וניל,ליטרים,1.00,ליטר,false,0,8.90,8.90,true,1,
7290004125721,false,"השף הלבן שמנת עמידה לבישול 15% תנובה 250 מ""ל",תנובה מרכז שיתופי לש,IL,שמנת לבישול15%,מיליליטרים,250.00,"100 מ""ל",false,0,6.90,2.76,true,1,
7290004125738,false,שמנת מתוקה להקצפה32% 250מל עמיד השף הלבן,תנובה מרכז שיתופי לש,IL,שמנת להקצפה32%,מיליליטרים,250.00,"100 מ""ל",false,0,5.90,2.36,true,1,
7290004126674,false,טל העמק פרוסות גבינה חצי קשה לייט %9 200 גרם בקופסא,תנובה מרכז שיתופי לש,IL,גבינה טל העמק,גרמים,200.00,100 גרם,false,0,15.90,7.95,true,1,
<<<<<<< HEAD
7290004126759,false,יוגורט דיאט יופלה פירות יער 150 גרם,תנובה חלב,IL,יופלה דיאט,גרמים,150.00,100 גרם,false,0,3.90,2.60,true,1,
7290004126872,false,משקאות חלב תנובה שוקו בקבוק 250מל,תנובה חלב,IL,שוקו בקבוק,מיליליטרים,250.00,"100 מ""ל",false,0,4.90,1.96,true,1,
=======
7290004126759,false,דאיט יופלה פירות יער טו יוג פרי 150גר.,"תנובה בע""מ ***",IL,יופלה דיאט,גרמים,150.00,100 גרם,false,0,3.90,2.60,true,1,
7290004126872,false,משקאות חלב תנובה שוקו בקבוק 250מל,תנובה - חלב,IL,שוקו בקבוק,מיליליטרים,250.00,"100 מ""ל",false,0,4.90,1.96,true,1,
>>>>>>> d048ac2f4f281c9d788043ab4e81b61b0dbe3743
7290004127077,false,קוטג תנובה 3% גביע 250 גרם מהדרין,מיוצר עי קונדיטוריית,IL,קוטג' 3% שומן,גרמים,250.00,100 גרם,false,0,5.10,2.04,true,1,
7290004127800,false,"גבינה לבנה 500 גרם 5% ""תנובה"" -מוצר בפיקוח",מיוצר עי קונדיטוריית,IL,גבינה לבנה 5%,גרמים,500.00,100 גרם,false,0,9.30,1.86,true,1,
7290004127817,false,גבינה לבנה 9% שומן 500 ג' תנובה,מיוצר עי קונדיטוריית,IL,גבינה לבנה 9%,גרמים,500.00,100 גרם,false,0,9.30,1.86,true,1,
7290004127862,false,"גבינה לבנה 750 גרם 5% ""תנובה"" - מוצר בפיקוח",תנובה מרכז שיתופי לש,IL,גבינה לבנה 5%,גרמים,750.00,100 גרם,false,0,11.50,1.53,true,1,
7290004127916,false,גבינה לבנה 0.5% שומן 500 ג' תנובה,תנובה מרכז שיתופי לש,IL,גבינה 0.5%,גרמים,500.00,100 גרם,false,0,9.30,1.86,true,1,
7290004129101,false,גבינת שמנת 25% בטעם טבעי 225 ג' נפוליאון,תנובה מרכז שיתופי לש,IL,גבינת נפוליאון,גרמים,225.00,100 גרם,false,0,9.90,4.40,true,1,
7290004129156,false,גבינת שמנת25% עם שום שמיר 225 ג' נפוליאון,תנובה מרכז שיתופי לש,IL,גבינת נפוליאון,גרמים,225.00,100 גרם,false,0,9.90,4.40,true,1,
7290004130695,false,משקאות חלב תנובה אייס קפה בבקבוק 1ל,תנובה מרכז שיתופי לש,IL,משקה אייס קפה,ליטרים,1.00,ליטר,false,0,9.90,9.90,true,1,
7290004130794,false,משקה סויה במתיקות מופחתת תנובה (1 ליטר),תנובה מרכז שיתופי לש,IL,משקה סויה,ליטרים,1.00,ליטר,false,0,8.90,8.90,true,1,
7290004130916,false,יוגורט יופלה פירות יער בשמנת 3% 150 גרם,תנובה מרכז שיתופי לש,IL,יופלה פירות יער,גרמים,150.00,100 גרם,false,0,3.90,2.60,true,1,
7290004131074,false,"חלב 1 ליטר 3% קרטון ""תנובה""- מוצר בפיקוח",תנובה מרכז שיתופי לש,IL,חלב בקרטון 3%,ליטרים,1.00,ליטר,false,0,5.90,5.90,true,1,
7290004131531,false,שוקו 30% פחות תוספת סוכר תנובה (1 ליטר),פארייפאבה אגרואינדוס,IL,שוקו בקבוק,ליטרים,1.00,ליטר,false,0,9.90,9.90,true,1,
7290004131814,false,גבינת צפתית מעודנת (2005% גרם)פיראוס ת,פארייפאבה אגרואינדוס,IL,צפתית 5% פיראוס,גרמים,200.00,100 גרם,false,0,13.90,6.95,true,1,
7290004131999,false,יופלה יוגורט לבן מעודן 1.5% 150ג',תנובה -חלב,IL,יופלה מעודן,גרמים,150.00,100 גרם,false,0,3.00,2.00,true,1,
7290004132552,false,משקה סויה בטעם טבעי לייט תנובה 1 ליטר,תנובה מרכז שיתופי לש,IL,משקה סויה,ליטרים,1.00,ליטר,false,0,8.90,8.90,true,1,
7290004132606,false,"קרלו מעדן חלב בטעם וניל 2% תנובה 8*100 מ""ל",תנובה מרכז שיתופי לש,IL,קרלו וניל 8 יח',גרמים,800.00,100 גרם,false,0,11.90,1.49,true,1,
7290004132712,false,חטיף אצבעות גבינת מוצרלה 20% 172 ג' עמק,תנובה מרכז שיתופי לש,IL,אצבעות מוצרלה,גרמים,172.00,100 גרם,false,0,13.90,8.08,true,1,
7290004135072,false,"מעדן חלב מיני שוקולדה 1.5% מהדרין קרלו 8*100 מ""ל",תנובה מרכז שיתופי לש,IL,קרלו מיני 8 יח,גרמים,800.00,100 גרם,false,0,11.90,1.49,true,1,
7290004135119,false,מעדן חלב בטעם וניל בדץ קרלו (100x8 גרם),תנובה מרכז שיתופי לש,IL,קרלו מיני 8 יח,גרמים,800.00,100 גרם,false,0,11.90,1.49,true,1,
7290004135225,false,מעדן חלב דל קלוריות בטעם שוקולד 0.2שומ,תנובה מרכז שיתופי לש,IL,מעדן דיאט שוקולד,גרמים,150.00,100 גרם,false,0,3.20,2.13,true,1,
7290004136154,false,"משקה חלב אייס קפה תנובה בבקבוק 340 מ""ל",גוד פוד פרודקטס S.p,IL,משקה אייס קפה,מיליליטרים,340.00,"100 מ""ל",false,0,5.90,1.74,true,1,
7290004136857,false,מעדן ג`לי בטעם פטל תנובה (125 גרם),תנובה מרכז שיתופי לש,IL,מעדן ג'לי פטל,גרמים,125.00,100 גרם,false,0,1.90,1.52,true,1,
7290004136871,false,מעדן ג'לי בטעם אפרסק עם חתיכות תנובה 125 גרם,תנובה מרכז שיתופי לש,IL,מעדן ג'לי אפרסק,גרמים,125.00,100 גרם,false,0,1.90,1.52,true,1,
7290004137021,false,"שמנת עמידה לבישול מופחת שומן 10% השף הלבן 250 מ""ל",תנובה מרכז שיתופי לש,IL,שמנת לבישול10%,מיליליטרים,250.00,"100 מ""ל",false,0,6.90,2.76,true,1,
7290004137311,false,גבינה צהובה מופחתת שומן 9% עמק (400 גרם),"תנובה בע""מ ***",IL,גבינת עמק 9%,גרמים,400.00,100 גרם,false,0,24.90,6.23,true,1,
7290004194208,false,כרעיים עוף חלק רב מחפוד קפוא,עוף ירושלים,IL,כרעיים עוף קפו,קילוגרמים,0.00,"ק""ג",true,0,31.90,31.90,true,1,
7290004194239,false,מחפוד-חזה עוף קפוא מהדרין,עוף ירושלים,IL,חזה עוף קפוא,קילוגרמים,0.00,"ק""ג",true,0,31.90,31.90,true,1,
7290004194253,false,כנפיים עוף קפוא ארוז חלק מחפוד.,עוף ירושלים,IL,כנפיים עוף קפו,קילוגרמים,0.00,"ק""ג",true,0,11.90,11.90,true,1,
7290004194260,false,מחפוד-שוקיים עוף קפוא מהדרין,עוף ירושלים,IL,שוקיים עוף קפו,קילוגרמים,0.00,"ק""ג",true,0,32.90,32.90,true,1,
7290004194345,false,שניצל עוף קפוא פרוס מחפוד,עוף ירושלים,IL,שניצל עוף קפוא,קילוגרמים,0.00,"ק""ג",true,0,34.90,34.90,true,1,
7290004194529,false,עוף שלם טרי ארוז מחפ,עוף ירושלים מהדרין ב,,עוף טרי מחפוד,קילוגרמים,0.00,"ק""ג",true,0,22.90,22.90,true,1,
7290004194536,false,חזה עוף טרי מחפוד ארוז,עוף ירושלים מהדרין ב,IL,חזה עוף טרי מחפו,גרמים,0.00,"ק""ג",true,0,32.90,32.90,true,1,
7290004194543,false,כרעיים עוף טרי מחפוד ארוז,עוף ירושלים מהדרין ב,IL,כרעיים ע.טרי מחפ,גרמים,0.00,"ק""ג",true,0,32.90,32.90,true,1,
7290004194550,false,כנפיים עוף טרי מחפוד ארוז,עוף ירושלים מהדרין ב,IL,כנפיים ע.טרי מחפ,גרמים,0.00,"ק""ג",true,0,12.90,12.90,true,1,
7290004194574,false,שוקיים עוף טרי מחפוד ארוז,עוף ירושלים מהדרין ב,IL,שוקיים ע.טרי מחפ,גרמים,0.00,"ק""ג",true,0,32.90,32.90,true,1,
7290004194581,false,פרגיות עוף טרי מחפוד ארוז,עוף ירושלים מהדרין ב,IL,פרגיות ע.טרי מחפ,קילוגרמים,0.00,"ק""ג",true,0,69.90,69.90,true,1,
7290004194635,false,שניצל עוף טרי מחפוד קג,עוף ירושלים מהדרין ב,IL,שניצל ע.טרי מחפו,גרמים,0.00,"ק""ג",true,0,34.90,34.90,true,1,
7290004194703,false,כבד צלוי מחפוד 250 גרם טרי,עוף ירושלים שיווק בעמ,IL,כבד עוף מחפוד,גרמים,250.00,100 גרם,false,1,27.90,11.16,true,1,
7290004194826,false,שניצל עוף פרימיום דק,תנובה,,שניצל דקדק מחפוד,קילוגרמים,0.00,"ק""ג",true,0,39.90,39.90,true,1,
7290004230357,false,שגב מקלות בורקס פילו גבינה ובטטה 600 גר,שלושת האופים שגמור,IL,מקלות בורקס,גרמים,600.00,100 גרם,false,0,15.90,2.65,true,1,
7290004230944,false,מקלות פילו גבינה 600 גר' שלושת האופים לנדא,שלושת האופים שגמור,IL,מקלות בורקס,גרמים,600.00,100 גרם,false,0,15.90,2.65,true,1,
7290004255008,false,בית חנוכייה קטן שרגא,,IL,בית חנוכייה קטן,יחידה,1.00,יחידה,false,1,39.90,39.90,true,1,
7290004267070,false,עוג.מלוחות שומשום 180גרם,ברמן שוקולד ועוגיות,IL,עוג.מלוחות180ג,גרמים,180.00,100 גרם,false,0,4.90,2.72,true,1,
7290004267087,false,עוגיות מצופות שוקולד כרמל בר-מן 200 גרם,ח.כהן סוכנות מזון ומשקאות בע,IL,עוג.מצופות200גר,גרמים,200.00,100 גרם,false,0,4.90,2.45,true,1,
7290004267124,false,עוגיות ממולאות בטעם תות שדה בר-מן 200 גרם,ח.כהן סוכנות מזון ומשקאות בע,IL,עוגיות ממולאות,גרמים,200.00,100 גרם,false,0,4.90,2.45,true,1,
7290004267209,false,עוגיות לקפה בר-מן 200 גרם,ברמן שוקולד ועוגיות,IL,עוגיות לקפה 200ג,גרמים,200.00,100 גרם,false,0,4.90,2.45,true,1,
<<<<<<< HEAD
7290004267230,false,פריכיות אורז מצופה שוקולד ברמן 80 ג',ברמן שוקולד ועוגיות,IL,פריכיות מצופות,גרמים,80.00,100 גרם,false,0,5.90,7.38,true,1,
=======
7290004267230,false,פריכיות אורז מלא מצופות שוקולד 80גר`.,ח.כהן סוכנות מזון ומשקאות בע,IL,פריכיות מצופות,גרמים,80.00,100 גרם,false,0,5.90,7.38,true,1,
>>>>>>> d048ac2f4f281c9d788043ab4e81b61b0dbe3743
7290004267261,false,עוגיות טופז בר-מן 600 גרם,ברמן שוקולד ועוגיות,,עוגיות טופז,גרמים,600.00,100 גרם,false,0,13.90,2.32,true,1,
7290004267278,false,עוגיות חיוך קטן 600 גרם,ברמן שוקולד ועוגיות,,עוגיות חיוך קטן,גרמים,600.00,100 גרם,false,0,13.90,2.32,true,1,
7290004267285,false,עוגיות כרמל מצופה 600 גר' ברמן,ברמן שוקולד ועוגיות,IL,עוגיות כרמל,גרמים,600.00,100 גרם,false,0,13.90,2.32,true,1,
7290004267506,false,מחמאות עוגיות בטעם ח,,IL,עוגיות מחמאות,גרמים,600.00,100 גרם,false,0,13.90,2.32,true,1,
7290004267544,false,עוגיות ממולאות בטעם תות שדה בר-מן 600 גרם,,IL,עוגיות ממולאות,גרמים,600.00,100 גרם,false,0,13.90,2.32,true,1,
7290004267551,false,עוגיות ביס שוק,,IL,עוגיות ביס שוק,גרמים,600.00,100 גרם,false,0,13.90,2.32,true,1,
7290004267636,false,עוגיות לקפה בטעם וניל ובטעם שוקולד,ברמן שוקולד ועוגיות,,עוגיות לקפה,גרמים,600.00,100 גרם,false,0,13.90,2.32,true,1,
7290004267643,false,עוגיות וניל 600 גרם,ברמן שוקולד ועוגיות,,עוגיות וניל,גרמים,600.00,100 גרם,false,0,13.90,2.32,true,1,
7290004267650,false,עוגיות בטעם ריבה בר-מן 600 גרם,ברמן שוקולד ועוגיות,IL,עוגיות ריבה,גרמים,600.00,100 גרם,false,0,13.90,2.32,true,1,
7290004267667,false,עוגיות שוקו ציפס חום 600 גרם בר-מן,ברמן שוקולד ועוגיות,IL,עוגיות שוקוצ'יפס,גרמים,600.00,100 גרם,false,0,13.90,2.32,true,1,
7290004267759,false,עוגיות מפנקות קרם שוקולד 180 ברמן,ברמן שוקולד ועוגיות,IL,עוגיות ברמן,גרמים,180.00,100 גרם,false,1,4.90,2.72,true,1,
7290004329082,false,"שניצלוני עוף טרי עד""ח לפ",,IL,שניצלוני עוף טרי,גרמים,0.00,"ק""ג",true,1,49.90,49.90,true,1,
7290004329099,false,"עצמות עוף טרי עד""ח לפי מ",,IL,עצמות עוף טרי,גרמים,0.00,"ק""ג",true,1,7.90,7.90,true,1,
7290004329112,false,מבצע עופות טריים 19.9 לפ,,IL,מבצע טרי 19.9,גרמים,0.00,"ק""ג",true,1,19.90,19.90,true,1,
7290004329129,false,כנפיים הודו טרי העדה החרדית,,IL,כנפיים הודו טרי,גרמים,0.00,"ק""ג",true,1,19.90,19.90,true,1,
7290004329280,false,"שוקיים הודו קפוא עד""ח לפ",,IL,שוקיים הודו קפוא,גרמים,0.00,"ק""ג",true,1,32.90,32.90,true,1,
7290004329327,false,"שניצל הודו טרי עד""ח לפי",,IL,שניצל הודו טרי,גרמים,0.00,"ק""ג",true,1,54.90,54.90,true,1,
7290004329457,false,רולדה כתף בקר מעובד ארוז העדה החרדית,,IL,רולדה כתף בקר,קילוגרמים,0.00,"ק""ג",true,1,88.80,88.80,true,1,
7290004329976,false,קישקע לחמין 500 ג' ארוז העדה החרדית,"בלדי בע""\מ",IL,קישקע איכות למהד,גרמים,500.00,100 גרם,false,1,12.90,2.58,true,1,
7290004456375,false,פילה מדומה מס' 6 אשפר פרגוואי,,IL,פילה מדומה,גרמים,0.00,"ק""ג",true,1,44.90,44.90,true,1,
7290004456566,false,צלעות מס' 22 צרכני אשפר פרגוואי,סן אנטוניו,PY,צלעות קפוא מס2,קילוגרמים,0.00,"ק""ג",true,1,39.90,39.90,true,1,
7290004456702,false,"המבורגר בקר 400 גר' עד""ח בלדי",בלדי,IL,המבורגר,גרמים,400.00,100 גרם,false,1,22.90,5.73,true,1,
7290004456719,false,קבב איכות למהדרין 400 גר,"בלדי בע""\מ",IL,קבב,גרמים,400.00,100 גרם,false,0,22.90,5.73,true,1,
7290004492274,false,בייגלה טבעות מלוחות בייגל בייגל 400 גרם,יוניליוור ישראל שיווק בע`מ,IL,בייגלה טבעות,גרמים,400.00,100 גרם,false,0,7.90,1.98,true,1,
7290004551483,false,אבקת אפיה דרומה 10 י,,IL,אבקת אפיה,גרמים,100.00,100 גרם,false,0,1.90,1.90,true,1,
7290004554798,false,"שלגון מטרה פטל,לימון וענבים","מיוצר ע"" גלידת שטראו",IL,שלגון מטרה,יחידה,1.00,יחידה,false,0,4.90,4.90,true,1,
7290004575007,false,טילון וניל וופך ושברי אגוז ריאו מארז 70X5ג',ריאו נתניה ביחר לגלידה,IL,מארז טילונים,גרמים,350.00,100 גרם,false,0,14.50,4.14,true,1,
7290004575052,false,שלגון מג'יק שמנת וניל שקדים ריאו,,IL,מג'יק וניל שקדים,גרמים,80.00,100 גרם,false,1,5.90,7.38,true,1,
7290004575069,false,גלידה מיניס חטיפים וניל ציפוי שוקו' ופצפוצי נ.חיטה ריאו מארז 32יח',"גלידות ריאו ביח""ר לג",IL,חטיפי גלידה טופו,גרמים,600.00,100 גרם,false,0,29.90,4.98,true,1,
7290004575120,false,שלגון פרי מנגו/תות לייט 90ג',ריאו,IL,שלגון פרי,גרמים,90.00,100 גרם,false,1,2.90,3.22,true,1,
7290004575144,false,שלגון הקוסם בודד ריאו,ריאו,IL,שלגון הקוסם,יחידה,1.00,יחידה,false,1,4.90,4.90,true,1,
7290004575199,false,טילון שוקו וניל 75 גרם,ריאו,IL,טילון שוקו וניל,גרמים,75.00,100 גרם,false,1,4.90,6.53,true,1,
7290004575335,false,ארטיק מגיק מיני וניל ציפוי שוקו' ופצפוצי נ.חיטה ריאו מארז 45X8ג'באריזה,ריאו נתניה ביחר לגלידה,IL,שלגוני מיני,גרמים,360.00,100 גרם,false,0,12.90,3.58,true,1,
7290004575373,false,שלגון מצופים וניל בציפוי שוקולד ריאו מארז 80X8 ג',"גלידות ריאו ביח""ר לג",IL,שלגונים מצופים,גרמים,480.00,100 גרם,false,0,13.90,2.90,true,1,
7290004575397,false,גלידה בטעמי מוקה וניל פיסטוק 1.8 ל' ריאו,ריאו נתניה ביחר לגלידה,IL,גלידה בטעמים,ליטרים,1.80,ליטר,false,0,14.90,8.28,true,1,
7290004575403,false,טריו גלידת פרווה בטעמים 1.8 ליטר ריאו,ריאו נתניה ביחר לגלידה,IL,גלידה בטעמים,ליטרים,1.80,ליטר,false,0,14.90,8.28,true,1,
7290004575540,false,קרחון בודד בטעמים ריאו 90 גרם,ריאו נתניה ביחר לגלידה וממתקי,IL,קרחונים במבחר,יחידה,1.00,יחידה,false,0,1.00,1.00,true,1,
7290004575564,false,שלגון גלי גל פרווה בודד ריאו,ריאו נתניה ביחר לגלידה,IL,שלגון גליגל,גרמים,75.00,100 גרם,false,1,1.90,2.53,true,1,
7290004575571,false,טילון וניל חלבי ריאו 60ג',ריאו נתניה ביחר לגלידה,IL,טילון וניל 75 גר,יחידה,1.00,יחידה,false,0,4.90,4.90,true,1,
7290004575588,false,טילון ריבת חלב ריאו 60ג 'חלבי,"גלידות ריאו ביח""ר לג",IL,טילון ריבת חלב 7,יחידה,1.00,יחידה,false,0,4.90,4.90,true,1,
7290004575632,false,קרמבו וניל 16 יחידות(ריאו).,ריאו נתניה ביחר לגלידה וממתקים,IL,קרמבו 16 יח',גרמים,400.00,100 גרם,false,0,21.90,5.48,true,1,
7290004575649,false,כוס גלידה סופר קאפ פרווה,,IL,כוס גלידה סופר ק,יחידה,1.00,יחידה,false,1,2.50,2.50,true,1,
7290004575670,false,שלגון אייס קוקיס ריאו,ריאו,IL,אייס קוקי,גרמים,84.00,100 גרם,false,1,5.90,7.02,true,1,
7290004603175,false,מלח הים האדום גס מלח הארץ (500 גרם),"חברת מלח הארץ אילת בע""\מ",IL,מלח ים גס,גרמים,500.00,100 גרם,false,0,4.90,0.98,true,1,
7290004645106,false,פילה סלמון פרוס ש.רוזנרס,ש.רוזנרס בעמ,IL,סלמון פילה מנות,קילוגרמים,0.00,"ק""ג",true,1,89.90,89.90,true,1,
7290004645137,false,טונה אלבקור קפוא (וואקום),,IL,פילה טונה אלבקור,קילוגרמים,0.00,"ק""ג",true,0,49.90,49.90,true,1,
<<<<<<< HEAD
7290004645267,false,דג נילוס פרוס (וואקום),,IL,נילוס פרוס L,קילוגרמים,0.00,"ק""ג",true,0,49.90,49.90,true,1,
=======
7290004645267,false,נסיכת נילוס פרוס ש.רוזונרס,ש.רוזנרס בעמ,IL,נילוס פרוס L,קילוגרמים,0.00,"ק""ג",true,0,49.90,49.90,true,1,
>>>>>>> d048ac2f4f281c9d788043ab4e81b61b0dbe3743
7290004645885,false,"מושט עם פס עור 100% דג בד""ץ",,CN,פילה אמנון,קילוגרמים,0.00,"ק""ג",true,1,39.90,39.90,true,1,
7290004658809,false,קדמון אדום 750מל,,IL,יין קדמון,מיליליטרים,750.00,"100 מ""ל",false,0,34.90,4.65,true,1,
7290004658847,false,"תירוש כרמל מיץ ענבים אדום, 187 מ""ל",אגודת הכורמים בעמ,IL,תירוש כרמל אדום,מיליליטרים,187.00,"100 מ""ל",false,1,6.90,3.69,true,1,
7290004658953,false,יין סוביניון בלאן פרייבט קולקשן יקבי כרמל,"כד בני דרום בע""מ",IL,סוביניון בלאן,מיליליטרים,750.00,"100 מ""ל",false,0,37.50,5.00,true,1,
7290004725426,false,עמק גבינה צהובה חריץ,תנובה מרכז שיתופי לש,IL,גבינת עמק,קילוגרמים,0.00,"ק""ג",true,1,39.00,39.00,true,1,
<<<<<<< HEAD
7290004731083,false,"סבון נוזלי לידיים ג'נסינג ""כיף""",טרופיקל דגיל תעשיות,IL,אל סבון כיף,ליטרים,1.00,ליטר,false,0,9.90,9.90,true,1,
7290004731090,false,אלסבון כיף קמומיל 1 ליטר,קוסמופארם בע'\'\מ,IL,אל סבון כיף,ליטרים,1.00,ליטר,false,0,9.90,9.90,true,1,
7290004731472,false,"שלישיית אלסבון צבעוני כיף 500 מ""ל",טרופיקל דגיל תעשיות,IL,אלסבון כיף 3 יח,ליטרים,1.50,ליטר,false,0,14.90,9.93,true,1,
7290004731564,false,"מקסימה מבשם ומרכך למייבש הכביסה בלו בלוסום 750 מ""ל",סנו מקסימה,IL,מקסימה למייבש,מיליליטרים,750.00,"100 מ""ל",false,1,14.90,1.99,true,1,
7290004731670,false,"מטהר אוויר דואופרש פצ'ולי לבנדר סנו 300 מ""ל","סנו מפעלי ברונוס בע""\מ",IL,סנו דואו פרש,מיליליטרים,300.00,"100 מ""ל",false,0,9.90,3.30,true,1,
7290004731687,false,"מטהר אויר בניחוח וניל ולמון גראס סנו 300 מ""ל",סנו מפעלי ברונוס בעמ,IL,סנו דואו פרש,מיליליטרים,300.00,"100 מ""ל",false,0,9.90,3.30,true,1,
7290004768140,false,נקניקיות מרגז 500 גרם אשפר בלדי,"בלדי בע""\מ",IL,נקנקיות מרגז אשפ,גרמים,500.00,100 גרם,false,1,29.90,5.98,true,1,
7290004872069,false,קרחון לימון כלפ.48*80גרם,גלידות נסטלה )נגה גלידות,IL,שלגון קרח לימו,יחידה,1.00,יחידה,false,0,1.90,1.90,true,1,
=======
7290004731083,false,אל סבון נוזלי ג`ינסנג כיף (1 ליטר),החברה הדרומית לשיווק בעמ,IL,אל סבון כיף,ליטרים,1.00,ליטר,false,0,9.90,9.90,true,1,
7290004731090,false,אל סבון נוזלי קמומיל כיף (1 ליטר),החברה הדרומית לשיווק בעמ,IL,אל סבון כיף,ליטרים,1.00,ליטר,false,0,9.90,9.90,true,1,
7290004731472,false,"שלישיית אלסבון צבעוני כיף 500 מ""ל",החברה הדרומית לשיווק בעמ,IL,אלסבון כיף 3 יח,ליטרים,1.50,ליטר,false,0,14.90,9.93,true,1,
7290004731564,false,"מקסימה מבשם ומרכך למייבש הכביסה בלו בלוסום 750 מ""ל",החברה הדרומית לשיווק בעמ,IL,מקסימה למייבש,מיליליטרים,750.00,"100 מ""ל",false,1,14.90,1.99,true,1,
7290004731670,false,"מטהר אוויר דואופרש פצ'ולי לבנדר סנו 300 מ""ל",החברה הדרומית לשיווק בעמ,IL,סנו דואו פרש,מיליליטרים,300.00,"100 מ""ל",false,0,9.90,3.30,true,1,
7290004731687,false,"מטהר אויר בניחוח וניל ולמון גראס סנו 300 מ""ל",סנו מפעלי ברונוס בעמ,IL,סנו דואו פרש,מיליליטרים,300.00,"100 מ""ל",false,0,9.90,3.30,true,1,
7290004768140,false,נקניקיות מרגז 500 גרם אשפר בלדי,"בלדי בע""\מ",IL,נקנקיות מרגז אשפ,גרמים,500.00,100 גרם,false,1,29.90,5.98,true,1,
7290004872069,false,קרחון לימון כלפ.48*80גרם,נגה גלידות שותפות מוגבלת,IL,שלגון קרח לימו,יחידה,1.00,יחידה,false,0,1.90,1.90,true,1,
>>>>>>> d048ac2f4f281c9d788043ab4e81b61b0dbe3743
7290004872243,false,שלגון בננה מצופה נסטלה 57ג',תות תעשיות מזון (201,IL,שלגון בננה מצו,יחידה,1.00,יחידה,false,0,3.90,3.90,true,1,
7290004872731,false,טילון וניל אקסטרים נסטלה 72 גרם,גלידות נסטלה,IL,אקסטרים וניל,יחידה,1.00,יחידה,false,0,4.90,4.90,true,1,
7290004914479,false,מפיץ ריח לבי+מקלות פרייסז,מפיץ ריח 2 ב 15,,מבשם אויר,יחידה,1.00,יחידה,false,0,9.90,9.90,true,1,
7290004929350,false,תה קלאסי מעולה בדץ עח,,IL,תה קלאסי מעולה,יחידה,1.00,יחידה,false,0,8.90,8.90,true,1,
7290004929374,false,תה ירוק קלאסי,,IL,תה ירוק קלאסי,יחידה,1.00,יחידה,false,1,8.90,8.90,true,1,
7290004929510,false,עוגיות בריאות כוסמין,,IL,עוגיות בריאות כו,יחידה,1.00,יחידה,false,1,19.00,19.00,true,1,
7290004929527,false,עוגיות בריאות,,,עוגיות בריאות,יחידה,1.00,יחידה,false,0,19.00,19.00,true,1,
7290004932374,false,משי טישו חמישיה,,,משי טישו חמישיה,יחידה,1.00,יחידה,false,0,8.90,8.90,true,1,
7290004932381,false,מאגדת 10 יחי' נייר חתוך לשבת,,IL,נייר חתוך לשבת,יחידה,1.00,יחידה,false,1,14.90,14.90,true,1,
7290004939182,false,רצועות לחמין מטעם חפץ חיים,ש.ב מטעם,IL,רצועות לחמין,קילוגרמים,0.00,"ק""ג",true,1,89.90,89.90,true,1,
7290004942083,false,חומוס גרגרים יבש 500 גר',,IL,גרעיני חומוס,גרמים,500.00,100 גרם,false,0,9.90,1.98,true,1,
7290004942199,false,כי טוב אורז לבן פרסי 500 גרם,,IL,אורז לבן פרסי,גרמים,500.00,100 גרם,false,0,7.90,1.58,true,1,
7290004942281,false,שעועית שחורה 500 גרם,"ע.רן שיווק כיטוב בע""מ",IL,שעועית שחורה,גרמים,500.00,100 גרם,false,1,10.90,2.18,true,1,
7290004944032,false,חומוס אמיתי אסלי שמיר 400 גרם,"סלטי שמיר 2006 בע""מ",IL,חומוס אסלי,גרמים,400.00,100 גרם,false,0,10.90,2.73,true,1,
7290004944049,false,טחינה אסלי שמיר 400 גרם,"סלטי שמיר 2006 בע""מ",IL,טחינה אסלי,גרמים,400.00,100 גרם,false,0,10.90,2.73,true,1,
7290004944056,false,סדרת האסלי חציל במיונז שמיר 400 גרם,"סלטי שמיר 2006 בע""מ",IL,חציל במיונז,גרמים,400.00,100 גרם,false,0,10.90,2.73,true,1,
7290004944063,false,סלט תורכי אסלי שמיר 400 ג',"סלטי שמיר 2006 בע""מ",IL,תורכי אסלי,גרמים,400.00,100 גרם,false,0,10.90,2.73,true,1,
7290004966324,false,קטשופ,,IL,קטשופ,יחידה,1.00,יחידה,false,0,11.90,11.90,true,1,
7290004969462,false,כתף מרכזי ברשת לפי משקל,,IL,כתף מרכזי ברשת,גרמים,0.00,"ק""ג",true,1,46.90,46.90,true,1,
7290004969509,false,אסאדו - מחפוד לפי שקילה,,IL,אסאדו מחפוד,גרמים,0.00,"ק""ג",true,1,59.90,59.90,true,1,
7290004979928,false,מזרה חום 80 ג'' מעולה,,IL,מזרה חום 80 גר',יחידה,1.00,יחידה,false,1,3.50,3.50,true,1,
7290004979935,false,מזרה צבעוני עגול 80 ג' מעולה,,IL,מזרה צבעוני עגול,יחידה,1.00,יחידה,false,1,3.50,3.50,true,1,
7290005008184,false,"סבון נוזלי בניחוח חלב שקדים פלמוליב 500 מ""ל",הנסיך- מפעל לייצור ט,TR,סב.נוזלי פלמול,מיליליטרים,500.00,"100 מ""ל",false,0,12.90,2.58,true,1,
7290005008191,false,"סבון נוזלי ארומה בניחוח לבנדר פטצ'ולי וילנג ילנג פלמוליב 500 מ""ל",הנסיך- מפעל לייצור ט,TR,סב.נוזלי פלמוליב,מיליליטרים,500.00,"100 מ""ל",false,0,12.90,2.58,true,1,
7290005008481,false,ספיד סטיק - דאודורנט ג'ל לגבר ספורט 85 גרם,הנסיך- מפעל לייצור ט,US,ספיד סטיק ג'ל,גרמים,85.00,100 גרם,false,0,11.90,14.00,true,1,
7290005084355,false,סנסודין משחת שיניים דואל קר פלואוריד 75,גלקסו סמית קליין,GB,משחת שיניים,מיליליטרים,75.00,"100 מ""ל",false,0,13.90,18.53,true,1,
7290005168048,false,"יין מתוק לקידוש 187 מ""ל יקבי ציון",יקבי ציון,IL,"יין 187 מ""ל",מיליליטרים,187.00,"100 מ""ל",false,0,3.90,2.09,true,1,
7290005168284,false,"יין גן עדן יקבי ציון 750 מ""ל",יקבי ציון (1982) בעמ,IL,יין גו עדן עתי,מיליליטרים,750.00,"100 מ""ל",false,0,19.90,2.65,true,1,
7290005168420,false,מיץ ענבים בית סבא יקבי ציון 1 ליטר,יקבי ציון,IL,בית סבא אדום,ליטרים,1.00,ליטר,false,0,16.90,16.90,true,1,
7290005168475,false,מיץ ענבים מובחר אדום 100% טבעי 1 ליטר,יקבי ציון,IL,תירוש אדום מובחר,ליטרים,1.00,ליטר,false,0,14.90,14.90,true,1,
7290005168666,false,ברנדי דיפלומט,,IL,ברנדי דיפלומט,מיליליטרים,700.00,"100 מ""ל",false,0,79.90,11.41,true,1,
7290005174513,false,חציל על האש במיונז אחלה 400 גרם+225גר,שטראוס גרופ בעמ/מצונן,IL,סלט חציל מיונז,גרמים,500.00,100 גרם,false,0,11.90,2.38,true,1,
7290005174551,false,סלט חומוס עם צנוברים 125 ג' אחלה,שטראוס גרופ בעמ/מצונן,IL,חומוס יום יום,גרמים,125.00,100 גרם,false,0,3.90,3.12,true,1,
7290005174568,false,אחלה יום יום חצילים במיונז 125 גרם,שטראוס גרופ בעמ/מצונן,IL,חציל במיונז אחלה,גרמים,125.00,100 גרם,false,0,3.90,3.12,true,1,
7290005174575,false,טחינה אחלה יום יום משובחת 125ג',שטראוס גרופ בעמ/מצונן,IL,טחינה יום יום,גרמים,125.00,100 גרם,false,0,3.90,3.12,true,1,
7290005199578,false,קפה נמס מיובש בהקפאה נטול קפאין 200ג,שטראוס קפה בי.וי.,IL,קפה פלטינום נטול,גרמים,200.00,100 גרם,false,0,29.90,14.95,true,1,
7290005200786,false,תפוצ'יפס בטעם שמנת בצל עלית 50 גרם,"שטראוס פריטו ליי בע""\מ )",IL,תפוצ'יפס שמנת,גרמים,50.00,100 גרם,false,0,2.90,5.80,true,1,
7290005201455,false,קפה נמס מגורען ארומה קלאסי עלית 200 גרם,שטראוס גרופ בע`מ,PL,קפה נמס ארומה,גרמים,200.00,100 גרם,false,0,21.90,10.95,true,1,
7290005201882,false,קפה טורקי בצלופן עלית 200 גרם,הנסיך- מפעל לייצור ט,IL,קפה טורקי בצלופן,גרמים,200.00,100 גרם,false,0,13.90,6.95,true,1,
<<<<<<< HEAD
7290005230042,false,צלחות קטנות פאלאס 50,פאלאס תעשיות נטו,IL,צלחת קטנה,יחידה,1.00,יחידה,false,0,8.90,8.90,true,1,
7290005230059,false,צלחות מרק חד פעמי 25,פאלאס תעשיות נטו,IL,קעריות מרק,יחידה,1.00,יחידה,false,0,7.90,7.90,true,1,
7290005230066,false,צלחות לפתן חד פעמי 2,פאלאס תעשיות נטו,IL,"לפתניות ח""פ",יחידה,1.00,יחידה,false,0,3.90,3.90,true,1,
7290005230455,false,צלחת עמוקה מרכזית 30,,IL,צלחת מרכזית,יחידה,1.00,יחידה,false,0,12.90,12.90,true,1,
7290005230714,false,ליפתניות אלגנט לבן 25 יח,,IL,ליפתניות אלגנט ל,יחידה,1.00,יחידה,false,0,5.90,5.90,true,1,
7290005230738,false,צלחת גדולה לבן קלאסי,פאלאס,IL,צלחות גדולות 125,יחידה,1.00,יחידה,false,0,62.90,62.90,true,1,
7290005230752,false,צלחת קטנה לבן קלאסיק,,,125 צלחות קלאסי,יחידה,1.00,יחידה,false,0,39.90,39.90,true,1,
7290005230769,false,צלחות חד פעמי בינוני,פאלאס,,צלחת גדולה בייסי,יחידה,1.00,יחידה,false,0,11.90,11.90,true,1,
7290005230776,false,צלחת מרק לבן קלאסיק,פאלאס,,צלחות מרק 125,יחידה,1.00,יחידה,false,0,41.90,41.90,true,1,
7290005230806,false,כוסות איכותיות פאלאס,פאלאס,IL,כוסות איכותיות,יחידה,1.00,יחידה,false,0,7.90,7.90,true,1,
7290005230813,false,קעריות אובלי חד פעמי,פאלאס תעשיות נטו,IL,קעריות אובליות,יחידה,1.00,יחידה,false,0,6.90,6.90,true,1,
=======
7290005230042,false,צלחת קטנה לבן 50 יח פאלאס,פאלאס תעשיות נטו (2014) בעמ,IL,צלחת קטנה,יחידה,1.00,יחידה,false,0,8.90,8.90,true,1,
7290005230059,false,צלחת מרק לבנה 25 יח פאלאס .,פאלאס תעשיות נטו (2014) בעמ,IL,קעריות מרק,יחידה,1.00,יחידה,false,0,7.90,7.90,true,1,
7290005230066,false,ליפתניות לבן 25 יח פאלאס,פאלאס תעשיות נטו (2014) בעמ,IL,"לפתניות ח""פ",יחידה,1.00,יחידה,false,0,3.90,3.90,true,1,
7290005230455,false,צלחת מרכזית חד פעמי 30 יח`פאלאס,פאלאס תעשיות נטו (2014) בעמ,IL,צלחת מרכזית,יחידה,1.00,יחידה,false,0,12.90,12.90,true,1,
7290005230714,false,ליפתניות אלגנט לבן 25 יח,פאלאס תעשיות נטו (2014) בעמ,IL,ליפתניות אלגנט ל,יחידה,1.00,יחידה,false,0,5.90,5.90,true,1,
7290005230738,false,צלחות גדולה לבן קלאסיק 125 גר`פאלאס,פאלאס תעשיות נטו (2014) בעמ,IL,צלחות גדולות 125,יחידה,1.00,יחידה,false,0,62.90,62.90,true,1,
7290005230752,false,צלחת קטנה לבן קלאסיק,,,125 צלחות קלאסי,יחידה,1.00,יחידה,false,0,39.90,39.90,true,1,
7290005230769,false,צלחת גדולה לבן 50 יח פאלאס,פאלאס תעשיות נטו (2014) בעמ,,צלחת גדולה בייסי,יחידה,1.00,יחידה,false,0,11.90,11.90,true,1,
7290005230776,false,צלחת מרקלבן קלאסיק 125 יח פאלאס,פאלאס תעשיות נטו (2014) בעמ,,צלחות מרק 125,יחידה,1.00,יחידה,false,0,41.90,41.90,true,1,
7290005230806,false,כוסות איכותיות פאלאס,פאלאס תעשיות נטו (2014) בעמ,IL,כוסות איכותיות,יחידה,1.00,יחידה,false,0,7.90,7.90,true,1,
7290005230813,false,קערית אובלית לבן 25 יח פאלאס,פאלאס תעשיות נטו (2014) בעמ,IL,קעריות אובליות,יחידה,1.00,יחידה,false,0,6.90,6.90,true,1,
>>>>>>> d048ac2f4f281c9d788043ab4e81b61b0dbe3743
7290005230868,false,מגש אובלי עמוק אלגנט,,IL,מגש אובלי עמוק ל,יחידה,1.00,יחידה,false,0,15.90,15.90,true,1,
7290005271458,false,ביצים אורגניות 12 יח`L,גליקסמן שיווק ביצים [1994] בעמ,,12ביצים אורגניות,יחידה,1.00,יחידה,false,0,20.90,20.90,true,1,
7290005278013,false,מיץ תפוזים סחוט טרי 500,,IL,מיץ תפוזים סחוט,מיליליטרים,500.00,"100 מ""ל",false,1,8.90,1.78,true,1,
7290005278020,false,"לימונדה סחוט טרי 500 מ""ל",,IL,לימונדה סחוט טרי,מיליליטרים,500.00,"100 מ""ל",false,1,8.90,1.78,true,1,
7290005278037,false,"נקטר תות סחוט טרי 500 מ""",,IL,נקטר תות סחוט טר,מיליליטרים,500.00,"100 מ""ל",false,1,8.90,1.78,true,1,
7290005278044,false,נקטר תות בננה סחוט טרי 5,,IL,נקטר תות בננה סח,מיליליטרים,500.00,"100 מ""ל",false,1,8.90,1.78,true,1,
7290005278068,false,מיץ בננה תפוז סחוט טרי 5,,IL,מיץ בננה תפוז סח,מיליליטרים,500.00,"100 מ""ל",false,1,8.90,1.78,true,1,
7290005278075,false,מיץ פירות יער סחוט טרי 5,,IL,מיץ פירות יער סח,מיליליטרים,500.00,"100 מ""ל",false,1,8.90,1.78,true,1,
7290005278082,false,"מיץ אננס סחוט טרי 500 מ""",,IL,מיץ אננס סחוט טר,מיליליטרים,500.00,"100 מ""ל",false,1,8.90,1.78,true,1,
7290005278099,false,"מיץ מנגו סחוט טרי 500 מ""",,IL,מיץ מנגו סחוט טר,מיליליטרים,500.00,"100 מ""ל",false,1,8.90,1.78,true,1,
7290005278105,false,מיץ אפרסק סחוט טרי 500 מ,,IL,מיץ אפרסק סחוט ט,מיליליטרים,500.00,"100 מ""ל",false,1,8.90,1.78,true,1,
7290005278112,false,נקטר קיוי אגס תפוח סחוט,,IL,נקטר קיוי אגס תפ,מיליליטרים,500.00,"100 מ""ל",false,1,8.90,1.78,true,1,
7290005278136,false,"מיץ תפוח סחוט טרי 500 מ""",,IL,מיץ תפוח סחוט טר,מיליליטרים,500.00,"100 מ""ל",false,1,8.90,1.78,true,1,
7290005278143,false,נקטר תות בננה סחוט טרי 5,,IL,נקטר תות בננה סח,מיליליטרים,500.00,"100 מ""ל",false,1,8.90,1.78,true,1,
7290005278174,false,"לימונענע סחוט טרי 500 מ""",,IL,לימונענע סחוט טר,מיליליטרים,500.00,"100 מ""ל",false,1,8.90,1.78,true,1,
7290005278228,false,פסיפלורה מנגו סחוט טרי 5,,IL,פסיפלורה מנגו סח,מיליליטרים,500.00,"100 מ""ל",false,1,8.90,1.78,true,1,
7290005278242,false,לימונדה אננס ג'ינגר סחוט,,IL,לימונדה אננס ג'י,מיליליטרים,500.00,"100 מ""ל",false,1,8.90,1.78,true,1,
7290005278440,false,מיץ גזר תפוז סחוט טרי 50,,IL,מיץ גזר תפוז סחו,מיליליטרים,500.00,"100 מ""ל",false,1,8.90,1.78,true,1,
7290005278464,false,פסיפלורה בננה תפוז סחוט,,IL,פסיפלורה בננה תפ,מיליליטרים,500.00,"100 מ""ל",false,1,8.90,1.78,true,1,
7290005287657,false,"סטארקיסט ממרח טונה 160 גרם בד""צ",דיפלומט מפיצים (1968) בעמ**,TH,ממרח טונה,גרמים,160.00,100 גרם,false,0,5.90,3.69,true,1,
7290005317125,false,בסקוויט חצי מצופה 175 גר` הדר*,אפיפית נצרת תעשיות בסקויט,IL,ביסקוויט 175 גרם,גרמים,175.00,100 גרם,false,0,4.90,2.80,true,1,
7290005317194,false,בסקויט מתוק רגיל/שוקו 110 גר,אפיפית נצרת,IL,"ביסקויט ""הדר""",גרמים,110.00,100 גרם,false,0,2.90,2.64,true,1,
7290005317200,false,קרקר טופז טעמים שונים 110 גר,ח.כהן סוכנות מזון ומשקאות בע,IL,קרקר טופז,גרמים,110.00,100 גרם,false,0,2.90,2.64,true,1,
7290005325984,false,סוכריות ללא סוכר בטעמים,,IL,סוכריות ללא סוכר,יחידה,1.00,יחידה,false,1,10.90,10.90,true,1,
7290005416019,false,חלב עיזים מלא 3% 1 ל' מחלבת טל,"ל.ד בר אל בע""מ",IL,חלב עיזים טל,ליטרים,1.00,ליטר,false,0,12.90,12.90,true,1,
7290005416095,false,מחלבת טל גבינת עיזים טבעית 5% 200ג,"ל.ד בר אל בע""מ",IL,גבינת עזים 5% טל,גרמים,200.00,100 גרם,false,0,12.90,6.45,true,1,
7290005416156,false,גבינת עיזים 1%,,IL,גבינת עיזים 1%,גרמים,200.00,100 גרם,false,0,12.90,6.45,true,1,
7290005416187,false,שמנת עזים טל,,IL,שמנת עזים טל,יחידה,1.00,יחידה,false,0,13.90,13.90,true,1,
7290005416262,false,מחלבת טל יוגורט עיזים בטעם תות 500מל,"ל.ד בר אל בע""מ",IL,יוגורט עיזים תות,מיליליטרים,500.00,"100 מ""ל",false,0,13.90,2.78,true,1,
7290005416279,false,מחלבת טל יוגורט עיזים בטעם פירות יער 500מל,"ל.ד בר אל בע""מ",IL,יוגורט עיזים,מיליליטרים,500.00,"100 מ""ל",false,0,13.90,2.78,true,1,
7290005416286,false,מחלבת טל יוגורט עיזים בטעם אננס 500מל,"ל.ד בר אל בע""מ",IL,יוגורט עיזים,מיליליטרים,500.00,"100 מ""ל",false,0,13.90,2.78,true,1,
7290005416293,false,מחלבת טל יוגורט עיזים בטעם אפרסק 500מל,"ל.ד בר אל בע""מ",IL,יוגורט עיזים,מיליליטרים,500.00,"100 מ""ל",false,0,13.90,2.78,true,1,
7290005416491,false,משקה יוגורט עיזים טל,מחלבת טל טלה,IL,יוגורט מחלב עיזי,מיליליטרים,750.00,"100 מ""ל",false,0,14.90,1.99,true,1,
7290005423055,false,סנו פורטה פלוס מתז בניחות לימון 1 ל',החברה הדרומית לשיווק בעמ,IL,סנו פורטה לימון,ליטרים,1.00,ליטר,false,1,16.90,16.90,true,1,
7290005423253,false,"סנו - מקסימה מרסס למייבש כביסה אולטרה פרש 750 מ""ל",החברה הדרומית לשיווק בעמ,IL,מקסימה למייבש,מיליליטרים,750.00,"100 מ""ל",false,0,14.90,1.99,true,1,
7290005423505,false,"מי פה אורביטול להלבנת השיניים 500 מ""ל",החברה הדרומית לשיווק בעמ,IL,מי פה אורביטול,מיליליטרים,500.00,"100 מ""ל",false,0,19.90,3.98,true,1,
7290005423635,false,ריצפז נוזל רצפות דוחה תיקנים סנו 2 ליטר,החברה הדרומית לשיווק בעמ,IL,ריצפז דוחה חרקים,ליטרים,2.00,ליטר,false,0,19.90,9.95,true,1,
7290005423833,false,פוליוויקס נוזל לניקוי פרקט סנו (2 ליטר).,החברה הדרומית לשיווק בעמ,IL,פוליויקס פרקט,ליטרים,2.00,ליטר,false,0,19.90,9.95,true,1,
7290005423871,false,שלישיית משחת שיניים מנטול אורביטול 145 גרם,טרופיקל דגיל תעשיות קוסמ,IL,משחת שיניים,גרמים,435.00,100 גרם,false,0,16.50,3.79,true,1,
7290005423888,false,אלסבון כיף שלישיה מעורב,טרופיקל דגיל תעשיות,IL,אל סבון כיף 3 יח,ליטרים,1.50,ליטר,false,0,14.90,9.93,true,1,
7290005424403,false,"אל סבון כיף אצות ים קטיפתי 1ליטר,",החברה הדרומית לשיווק בעמ,IL,אל סבון כיף,ליטרים,1.00,ליטר,false,0,9.90,9.90,true,1,
7290005424700,false,סנו - פורטה פלוס מרסס מסיר שומנים 1 ליטר,החברה הדרומית לשיווק בעמ,IL,סנו פורטה פלוס,ליטרים,1.00,ליטר,false,1,16.90,16.90,true,1,
7290005424991,false,סנו פרש אוטומטיק בהתזה קצובה ניחוח בייבי פאודר,החברה הדרומית לשיווק בעמ,IL,סנו פרש בייבי,מיליליטרים,250.00,"100 מ""ל",false,1,11.90,4.76,true,1,
7290005425073,false,"מטהר אויר בניחוח יסמין ועץ סאנדלווד סנו 300 מ""ל",החברה הדרומית לשיווק בעמ,IL,סנו דואו פרש,מיליליטרים,300.00,"100 מ""ל",false,0,9.90,3.30,true,1,
7290005425196,false,"מקסימה אבקת כביסה סנסיטיב סנו 2.5 ק""ג",החברה הדרומית לשיווק בעמ,IL,אבקת כביסה,קילוגרמים,2.50,"ק""ג",false,0,23.90,9.56,true,1,
7290005425646,false,קליר נוזל לניקוי חלונות רב תכליתי סנו 1 ליטר,החברה הדרומית לשיווק בעמ,IL,סנוקליר 1 ליטר,ליטרים,1.00,ליטר,false,0,8.90,8.90,true,1,
7290005425714,false,"שמפו שטיחים סנו פלוס 600 מ""ל","סנו מפעלי ברונוס בע""\מ",IL,סנו שמפו שטיחים,מיליליטרים,600.00,"100 מ""ל",false,0,20.90,3.48,true,1,
7290005425912,false,אוקסיג'ן ג'ל להסרת כתמים עם חמצן פעיל סנו 4 ליטר,החברה הדרומית לשיווק בעמ,IL,ג'ל אוקסיג'ן 4ל',ליטרים,4.00,ליטר,false,0,24.90,6.23,true,1,
7290005426568,false,"קרמה - קרם לחות לשיער רגיל 400 מ""ל",החברה הדרומית לשיווק בעמ,IL,קרם לחות קרמה,מיליליטרים,400.00,"100 מ""ל",false,0,16.90,4.23,true,1,
7290005426575,false,"קרמה לחות לשיער יבש ללא שטיפה 400 מ""ל",החברה הדרומית לשיווק בעמ,IL,קרם לחות קרמה,מיליליטרים,400.00,"100 מ""ל",false,0,16.90,4.23,true,1,
7290005426735,false,"סנו - מקסימה אבקת כביסה בלאק 1.25 ק""ג",קריות זול,IL,אבקת כביסה,קילוגרמים,1.25,"ק""ג",false,0,12.90,10.32,true,1,
7290005426803,false,מקסימה מרכך כביסה פצ'ולי לבנדר סגול סנו 4 ליטר,החברה הדרומית לשיווק בעמ,IL,מרכך כביסה,ליטרים,4.00,ליטר,false,0,21.50,5.38,true,1,
7290005426865,false,אורביטול - משחת שיניים לילדים בטעם מסטיק 70 גרם,טרופיקל דגיל תעשיות קוסמ,IL,משחת שיניים,גרמים,70.00,100 גרם,false,0,6.90,9.86,true,1,
7290005426940,false,"סנו K-300 מדביר חרקים 475 מ""ל",טרופיקל דגיל תעשיות,IL,300-K פלוס,מיליליטרים,400.00,"100 מ""ל",false,0,17.90,4.48,true,1,
7290005426964,false,סנובון סבון לאסלה בניחוח אפרסק סנו 3 יחידות,החברה הדרומית לשיווק בעמ,IL,סנובון שלישיה,גרמים,165.00,100 גרם,false,0,14.90,9.03,true,1,
7290005426971,false,סנובון סבון לאסלה תפוח כחול סנו 3 יחידות,החברה הדרומית לשיווק בעמ,IL,סנובון שלישיה,גרמים,165.00,100 גרם,false,0,14.90,9.03,true,1,
7290005427626,false,"ג'ל לעיצוב השיער למראה רטוב כיף 1 ק""ג",החברה הדרומית לשיווק בעמ,IL,ג'ל כיף לשיער,קילוגרמים,1.00,"ק""ג",false,0,14.90,14.90,true,1,
7290005427770,false,"קרמה - קרם לחות לשיער לגבר 400 מ""ל",טרופיקל דגיל תעשיות,IL,קרמה לחות לשיער,מיליליטרים,400.00,"100 מ""ל",false,0,16.90,4.23,true,1,
<<<<<<< HEAD
7290005427787,false,"קרמה - קרם לחות לשיער מתולתל 400 מ""ל",טרופיקל דגיל תעשיות,IL,קרם לשיער קרמה,מיליליטרים,400.00,"100 מ""ל",false,0,16.90,4.23,true,1,
7290005429279,false,סנו מקסימה קומפקט קומפקט אפקט גאוול 6 ק,סנו מפעלי ברונוס בעמ,IL,אבקת כביסה,קילוגרמים,6.00,"ק""ג",false,0,39.90,6.65,true,1,
7290005430602,false,"סנו אוקסיג'ן ספריי להסרת כתמים עם חמצן פעיל 750 מ""ל","סנו מפעלי ברונוס בע""",IL,אוקסיג'ן מ.כתמים,מיליליטרים,750.00,"100 מ""ל",false,0,13.90,1.85,true,1,
=======
7290005427787,false,"קרמה - קרם לחות לשיער מתולתל 400 מ""ל",החברה הדרומית לשיווק בעמ,IL,קרם לשיער קרמה,מיליליטרים,400.00,"100 מ""ל",false,0,16.90,4.23,true,1,
7290005429279,false,סנו מקסימה קומפקט קומפקט אפקט גאוול 6 ק,החברה הדרומית לשיווק בעמ,IL,אבקת כביסה,קילוגרמים,6.00,"ק""ג",false,0,39.90,6.65,true,1,
7290005430602,false,"סנו אוקסיג'ן ספריי להסרת כתמים עם חמצן פעיל 750 מ""ל",החברה הדרומית לשיווק בעמ,IL,אוקסיג'ן מ.כתמים,מיליליטרים,750.00,"100 מ""ל",false,0,13.90,1.85,true,1,
>>>>>>> d048ac2f4f281c9d788043ab4e81b61b0dbe3743
7290005431913,false,עוגת גבינה פירורים עדן קינוחים 92 גרם,עדן קינוחים Eden,IL,עוגת גבינה,גרמים,92.00,100 גרם,false,1,5.90,6.41,true,1,
7290005431920,false,עוגת גבינה פירורים לייט עדן קינוחים 78 גרם,עדן קינוחים Eden,IL,עוגת גבינה,גרמים,78.00,100 גרם,false,1,5.90,7.56,true,1,
7290005437069,false,"שמן זית למאור בד""ץ טעמן 1 ליטר",טעמן שיווק מזון בעמ,IL,שמן זית למאור,ליטרים,1.00,ליטר,false,0,19.90,19.90,true,1,
7290005437168,false,שמן זית זך קבר רחל טעמן 1 ליטר,מוצרי יסוד - טעמן,ES,שמן זית,ליטרים,1.00,ליטר,false,0,32.90,32.90,true,1,
7290005437212,false,טעמן שמן זית כ.מעולה ספרדי בדץ 750מל.,טעמן שיווק מזון בעמ,ES,שמן זית כתית,מיליליטרים,750.00,"100 מ""ל",false,0,27.90,3.72,true,1,
7290005437502,false,פטריות שמפיניון חתוכות 400 גר' טעמן,טעמן שווק מזון בעמ,NL,פטריות חתוכות,גרמים,400.00,100 גרם,false,0,4.90,1.23,true,1,
7290005437540,false,"פטריות שמפיניון חתוכות בד""צ טעמן 290 גרם",טעמן שיווק מזון בעמ,NL,פטריות חתוכות,גרמים,290.00,100 גרם,false,0,4.90,1.69,true,1,
7290005437632,false,שמן קנולה 1 ליטר טעמן,,BE,שמן קנולה,ליטרים,1.00,ליטר,false,0,9.90,9.90,true,1,
7290005437755,false,פסטה בילאגיו צינורות 500 גרם טעמן,מוצרי יסוד - טעמן,TR,פסטה צינורות,גרמים,500.00,100 גרם,false,0,3.90,0.78,true,1,
7290005437762,false,פסטה בילאג'יו ספירלה 500גר' טעמן,מוצרי יסוד - טעמן,IL,פסטה ספירלה,גרמים,500.00,100 גרם,false,0,3.90,0.78,true,1,
7290005437816,false,אננס חתוך 567 גרם טעמן,,ID,לפתן אננס חתוך,גרמים,567.00,100 גרם,false,0,7.90,1.39,true,1,
7290005437861,false,קוקטייל פירות טרופיים בסירופ קל טעמן 825 גרם,טעמן שיווק מזון בעמ,ID,קוקטייל פירות,גרמים,825.00,100 גרם,false,0,11.90,1.44,true,1,
7290005437939,false,פסטה ספגטיני מס' 10 500 גר' טעמן,מוצרי יסוד - טעמן,TR,ספגטי מס' 3,גרמים,500.00,100 גרם,false,0,3.90,0.78,true,1,
7290005437946,false,פסטה בילאג'יו ספגטי 500גר טעמן,מוצרי יסוד - טעמן,TR,ספגטי טעמן,גרמים,500.00,100 גרם,false,0,3.90,0.78,true,1,
<<<<<<< HEAD
7290005477669,false,סבון נוזלי דרמפון מועשר לחות קרליין 1 ליטר,"אמיליה קוסמטיקס בע""מ",IL,דרמפון סבון לחות,ליטרים,1.00,ליטר,false,0,17.90,17.90,true,1,
=======
7290005477669,false,סבון נוזלי דרמפון מועשר לחות קרליין 1 ליטר,החברה הדרומית לשיווק בעמ,IL,דרמפון סבון לחות,ליטרים,1.00,ליטר,false,0,17.90,17.90,true,1,
>>>>>>> d048ac2f4f281c9d788043ab4e81b61b0dbe3743
7290005489082,false,תרכיז תפוחים/תפוזים פרי קטיף,"פרי קטיף מזון בע""מ",IL,תרכיז תפוחים,ליטרים,1.20,ליטר,false,0,31.90,26.58,true,1,
7290005489099,false,פרי קטיף רכז תפוזים 1.2 ליטר,"פרי קטיף מזון בע""מ",IL,תרכיז תפוזים,ליטרים,1.20,ליטר,false,0,31.90,26.58,true,1,
7290005489129,false,פרי קטיף רכז אננס 1.2 ליטר,"פרי קטיף מזון בע""מ",IL,תרכיז אננס פרי ק,ליטרים,1.20,ליטר,false,0,31.90,26.58,true,1,
7290005509445,false,עוגיות מיני קוקיס חמאה בצנצנת כרמית 600 גרם,כרמית תעשיות ממתקים בעמ,IL,מיני קוקיס,גרמים,600.00,100 גרם,false,0,14.90,2.48,true,1,
7290005543296,false,שריר הזרוע מס' 8 הרב מחפוד,,IL,שריר הזרוע 8,קילוגרמים,0.00,"ק""ג",true,1,59.90,59.90,true,1,
7290005559990,false,בצק עלים פילאס תורכי 600 גרם קפוא,תנובה מרכז שיתופי לשיווק תוצרת,IL,בצק פילאס תורכי,גרמים,600.00,100 גרם,false,0,15.90,2.65,true,1,
7290005576010,false,חסה מהדרין גלאט עלים,רביבים עלי דשא בעמ,IL,חסה גלאט עלים,יחידה,1.00,יחידה,false,0,7.90,7.90,true,1,
7290005576027,false,פטרוזיליה גלאט עלים - יח,רביבים עלי דשא בעמ,IL,פטרוזיליה גלאט ע,יחידה,1.00,יחידה,false,0,6.90,6.90,true,1,
7290005576034,false,כוסברה גלאט עלים - יח',רביבים עלי דשא בעמ,IL,כוסברה גלאט עלים,יחידה,1.00,יחידה,false,0,6.90,6.90,true,1,
7290005576041,false,שמיר גלאט יחידה,רביבים עלי דשא בעמ,IL,שמיר גלאט עלים,יחידה,1.00,יחידה,false,0,6.90,6.90,true,1,
7290005576065,false,סלרי גלאט יחידה,רביבים עלי דשא בעמ,IL,סלרי גלאט עלים,יחידה,1.00,יחידה,false,0,7.90,7.90,true,1,
7290005576089,false,בצל ירוק גלאט יחידה,רביבים עלי דשא בעמ,IL,בצל ירוק גלאט על,יחידה,1.00,יחידה,false,0,7.90,7.90,true,1,
7290005576096,false,כרוב לבן שלם גלאט עלים,רביבים עלי דשא בעמ,IL,כרוב לבן גלאט,קילוגרמים,0.00,"ק""ג",true,0,14.90,14.90,true,1,
7290005576102,false,כרובית גלאט,קטיף,IL,כרובית גלאט עלים,קילוגרמים,0.00,"ק""ג",true,0,24.90,24.90,true,1,
7290005576119,false,סלק מבושל בוואקום בכשרות,רביבים,IL,סלק מבושל אפרתי,יחידה,1.00,יחידה,false,1,7.90,7.90,true,1,
7290005576195,false,לבבות חסה רביבים 250 גר',רביבים עלי דשא,IL,חסה לבבות,גרמים,250.00,100 גרם,false,1,13.90,5.56,true,1,
7290005576201,false,כרוב לבן קצוץ 400 ג' גאלט,רביבים עלי דשא בעמ,IL,כרוב לבן 400 גרם,גרמים,400.00,100 גרם,false,0,12.90,3.23,true,1,
7290005576218,false,כרוב אדום קצוץ 400 ג' גאלט,רביבים עלי דשא בעמ,IL,כרוב אדום 400 גר,גרמים,400.00,100 גרם,false,0,12.90,3.23,true,1,
7290005576225,false,קולוסלאו גלאט עלים 400ג' בי&די,רביבים עלי דשא בעמ,IL,קולסלאו 400 גרם,גרמים,400.00,100 גרם,false,0,12.90,3.23,true,1,
7290005576232,false,חסה אייסברג מצונן 300גרם,קטיף,IL,חסה אייסברג 300ג,גרמים,300.00,100 גרם,false,0,13.90,4.63,true,1,
7290005576249,false,לקט קלאסי ירקות מהדרין 350 גר',רביבים,IL,לקט ים תיכוני,גרמים,350.00,100 גרם,false,0,13.90,3.97,true,1,
7290005576263,false,כרוב אדום מצונן 1קג יח,רביבים,IL,כרוב אדום מצונן,גרמים,1000.00,100 גרם,false,0,17.90,1.79,true,1,
7290005576270,false,כרוב לבן מצונן 1 קג יח,רביבים,IL,"כרוב לבן 1 ק""ג",גרמים,1000.00,100 גרם,false,0,17.90,1.79,true,1,
7290005576287,false,"קולסלאו סלט כרוב וגזר קצוץ 1 ק""ג",רביבים,IL,סלט קולסלאו,גרמים,1000.00,100 גרם,false,0,17.90,1.79,true,1,
7290005576348,false,שבבי גזר 250 גרם,יעל ירק עלים,IL,גזר דקיק 250 גרם,גרמים,250.00,100 גרם,false,1,7.90,3.16,true,1,
7290005576416,false,נבטי אלפלפא גלאט ארוז,קטיף.,IL,נבטים אלפלפא,יחידה,1.00,יחידה,false,0,6.90,6.90,true,1,
7290005576423,false,נבטים סיניים כשר יח',קטיף.,IL,נבטים סיניים,יחידה,1.00,יחידה,false,0,6.90,6.90,true,1,
7290005576461,false,"כרוב לבן **חו""ל** הלפרין",,IL,"כרוב לבן **חו""ל*",גרמים,0.00,"ק""ג",true,1,16.90,16.90,true,1,
7290005576546,false,בזיליקום טרי גלאט עלים,רביבים,IL,בזיליקום טרי גלא,יחידה,1.00,יחידה,false,1,10.90,10.90,true,1,
7290005576904,false,"חסה גלאט עלים בד""ץ [שנת שמיטה]",רביבים,IL,חסה טריה ארוזה ג,יחידה,1.00,יחידה,false,1,8.90,8.90,true,1,
7290005576928,false,"פטרוזיליה גלאט עלים בד""ץ [שנת שמיטה]",רביבים,IL,פטרוזיליה גלאט ע,יחידה,1.00,יחידה,false,1,7.90,7.90,true,1,
7290005576935,false,"כוסברה גלאט עלים בד""ץ [שנת שמיטה]",רביבים,IL,כוסברה גלאט עלים,יחידה,1.00,יחידה,false,1,6.90,6.90,true,1,
7290005576942,false,"שמיר גלאט עלים בד""ץ [שנת שמיטה]",רביבים,IL,שמיר גלאט עלים,יחידה,1.00,יחידה,false,1,6.90,6.90,true,1,
7290005576966,false,"סלרי גלאט עלים בד""ץ [שנת שמיטה]",רביבים,IL,סלרי גלאט עלים,יחידה,1.00,יחידה,false,1,8.90,8.90,true,1,
7290005576973,false,"עלי סלק גלאט עלים בד""ץ [שנת שמיטה]",רביבים,IL,סלק עלים גלאט על,יחידה,1.00,יחידה,false,1,7.90,7.90,true,1,
7290005576980,false,"בצל ירוק גלאט עלים בד""ץ [שנת שמיטה]",רביבים,IL,בצל ירוק גלאט על,יחידה,1.00,יחידה,false,1,8.90,8.90,true,1,
7290005589058,false,שערות סבתא בקופסא,,IL,שערות סבתא דלי,יחידה,1.00,יחידה,false,0,10.90,10.90,true,1,
7290005589096,false,"ממתק שערות סבתא דלי 100ג' כשל""פ",,,שערות סבתא,יחידה,1.00,יחידה,false,0,10.90,10.90,true,1,
7290005610127,false,תפוח אדמה גורמה דוד משה,אראל תוצרת חקלאית בע,IL,"תפו""א גורמה לבן",קילוגרמים,0.00,"ק""ג",true,1,8.90,8.90,true,1,
7290005610509,false,צנונית ארוז דוד משה 500ג',תוצרת הנגב אגודה שיתופית חקלאי,IL,צנונית -יח',יחידה,1.00,יחידה,false,0,6.90,6.90,true,1,
7290005617041,false,פלינקה סקוטש במטר 5 צבעים,,IL,פלינקה סקוטש,יחידה,1.00,יחידה,false,0,6.90,6.90,true,1,
7290005617607,false,נופר ספוג פלא מנקה הכל,,IL,ספוג פלא מנקה,יחידה,1.00,יחידה,false,0,3.50,3.50,true,1,
7290005617683,false,כרית יפנית רביעיה נופר,saniteks,,נופר כרית יפנית,יחידה,1.00,יחידה,false,0,5.90,5.90,true,1,
7290005692543,false,"נקניקיות מרגז חריפות קפוא 1 ק""ג מחפוד",עוף ירושלים שיווק בעמ,IL,נקנקיות מרגז חרי,גרמים,0.00,"ק""ג",true,1,49.90,49.90,true,1,
7290005692550,false,נקנקיות צוריסוס חריפות 1 קפוא מחפוד,עוף ירושלים שיווק בעמ,IL,נקנקיות צ'וריסוס,גרמים,0.00,"ק""ג",true,1,49.90,49.90,true,1,
7290005701009,false,דבש בית חלקיה 500 גר',,IL,דבש ב.חלקיה500 5 גר',גרמים,500.00,100 גרם,false,1,18.90,3.78,true,1,
7290005701023,false,"דבש בית חלקיה 1 ק""ג",,IL,"דבש ב.חלקיה 1ק""ג",גרמים,1000.00,100 גרם,false,1,34.90,3.49,true,1,
7290005811111,false,בייגלה מקמח כוסמין עם מלח 300 גרם,"אם החיטה בע""מ",IL,בייגלה כוסמין,גרמים,300.00,100 גרם,false,1,9.90,3.30,true,1,
7290005811128,false,בייגלה מקמח כוסמין עם שומשום 300 גרם,"אם החיטה בע""מ",IL,בייגלה כוסמין שו,גרמים,300.00,100 גרם,false,1,9.90,3.30,true,1,
7290005811227,false,"פנקייק 400 גרם ראשון לציון כשל""פ",,IL,פנקייק 400 גרם א,גרמים,400.00,100 גרם,false,1,8.90,2.23,true,1,
7290005816017,false,"פילה סלומון קפוא בד""ץ לפ",סלטן,NO,פילה סלומון,גרמים,0.00,"ק""ג",true,1,69.90,69.90,true,1,
7290005816505,false,אמנון עם פס עור לפי משקל,,IL,אמנון פס עור,גרמים,0.00,"ק""ג",true,1,29.90,29.90,true,1,
7290005838613,false,קרם גבינה 3% בטעם וניל סקי (125 גרם),שטראוס גרופ בעמ/מצונן,IL,סקי מעדן גבינה,גרמים,125.00,100 גרם,false,0,3.50,2.80,true,1,
7290005838972,false,סקי יום יום גבינה לבנה %5 125 גרם,שטראוס גרופ בעמ/מצונן,IL,גבינת סקי,גרמים,125.00,100 גרם,false,0,2.90,2.32,true,1,
7290005839078,false,שמיניית יוגורט לבן 3% ביו דנונה 150 גרם,שטראוס גרופ בעמ/מצונן,IL,דנונה ביו 8 יח,קילוגרמים,1.20,"ק""ג",false,0,14.90,12.42,true,1,
7290005896439,false,"בירה מכבי, בקבוק חוזר 500 מ''ל","טמפו משקאות בע""מ",IL,בירה מכבי,מיליליטרים,500.00,"100 מ""ל",false,0,6.90,1.38,true,1,
7290005973017,false,גפרורים נור 10יחידות,סווידיש מטש,IL,גפרורים חבילה,יחידה,1.00,יחידה,false,0,1.90,1.90,true,1,
7290005973024,false,גפרורים ארוכים נור 45 יח',,IL,גפרורים גדולים חי',יחידה,1.00,יחידה,false,0,3.90,3.90,true,1,
7290006030047,false,"גבינת שמנת 2ק""ג 2 ק""ג",,IL,"גבינת שמנת 2ק""ג",גרמים,2000.00,100 גרם,false,1,67.90,3.40,true,1,
7290006030054,false,"גבינת שמנת שום שמיר 2 ק""",,IL,גבינת שמנת ש.שמי,גרמים,2000.00,100 גרם,false,1,67.90,3.40,true,1,
7290006079671,false,"קרם ידיים וציפורניים כשל""פ",,IL,קרם ידים,יחידה,1.00,יחידה,false,1,7.90,7.90,true,1,
7290006131775,false,פילה אמנון קפוא,,IL,"פילה אמנון בד""ץ",גרמים,0.00,"ק""ג",true,0,19.90,19.90,true,1,
7290006243577,false,בורקס תפוח אדמה שחף 800 גרם,מאפיית אריאל,IL,בורקס תפוח אדמה,גרמים,800.00,100 גרם,false,0,12.90,1.61,true,1,
7290006243737,false,ג'חנון שחף 800 גרם,מאפיית אריאל,IL,ג'חנון תימני,גרמים,800.00,100 גרם,false,0,12.90,1.61,true,1,
7290006251107,false,תה צ'אי מסאלה ויסוצקי 25 יחידות,תה ויסוצקי (ישראל) בעמ,IL,תה צ'אי מסאלה,גרמים,50.00,100 גרם,false,0,12.90,25.80,true,1,
7290006251275,false,תה ירוק סיני קלאסי ויסוצקי 25 יחידות,תה ויסוצקי (ישראל) בעמ,IL,תה ירוק סיני,גרמים,37.00,100 גרם,false,0,19.90,53.78,true,1,
7290006251282,false,חליטת חמוציות הגן הקסום ויסוצקי 25 יחידות,תה ויסוצקי (ישראל) בעמ,IL,חליטת חמוציות,גרמים,75.00,100 גרם,false,0,12.90,17.20,true,1,
7290006251343,false,חליטת פסיפלורה מנגו הגן הקסום ויסוצקי 25 יחידות,תה ויסוצקי (ישראל) בעמ,IL,חליטת פסיפלורה,גרמים,62.00,100 גרם,false,0,12.90,20.81,true,1,
7290006251374,false,תה ירוק לימונית וג'ינג'ר ויסוצקי 25 יחידות,תה ויסוצקי (ישראל) בעמ,IL,תה ירוק לימונית,גרמים,37.00,100 גרם,false,0,19.90,53.78,true,1,
7290006251589,false,תה ירוק עם עלי נענע 50 שקיקים ויסוצקי,תה ויסוצקי (ישראל) בעמ,IL,תה ירוק נענע,גרמים,75.00,100 גרם,false,0,34.90,46.53,true,1,
7290006271648,false,מיני בורקס תפוחי אדמה מעדנות 800 גרם,תנובה מרכז שיתופי לשיווק תוצרת,IL,"מיני בורקס תפו""א",גרמים,800.00,100 גרם,false,1,15.90,1.99,true,1,
7290006271655,false,מיני בורקס במילוי גבינה מעדנות (800 גרם),תנובה מרכז שיתופי לשיווק תוצרת,IL,מיני בורקס גבינה,גרמים,800.00,100 גרם,false,1,15.90,1.99,true,1,
7290006289001,false,צוואר (10) טרי לפי שקילה,,IL,צוואר (10) טרי,גרמים,0.00,"ק""ג",true,1,89.90,89.90,true,1,
7290006289056,false,בשר בקר פרוס לחמין ק,,IL,בשר לצ'ולנט ולדן,קילוגרמים,0.00,"ק""ג",true,1,84.90,84.90,true,1,
7290006289193,false,"שומן בקר עד""ח לפי משקל",,IL,"שומן בקר עד""ח",גרמים,0.00,"ק""ג",true,1,24.90,24.90,true,1,
7290006289209,false,צלעות אונטריפ טרי לפי מש,,IL,צלע. אונטריפ טרי,גרמים,0.00,"ק""ג",true,1,89.90,89.90,true,1,
7290006289223,false,פלאנקען ללא עצם קפוא,וול דאן,IL,"פלאנקען ל""ע קפוא",קילוגרמים,0.00,"ק""ג",true,1,89.90,89.90,true,1,
7290006289230,false,"צלי כתף (5) קפוא עד""ח לפ",,IL,צלי כתף וולדאן,גרמים,0.00,"ק""ג",true,1,139.00,139.00,true,1,
7290006289261,false,עצמות בקר קפוא וול ד,,IL,עצמות בקר וולדאן,גרמים,0.00,"ק""ג",true,1,24.90,24.90,true,1,
7290006289346,false,קישקע בשרי לטשולנט 500 ג,וול דאן,IL,קישקע לטשולנט,גרמים,500.00,100 גרם,false,1,24.90,4.98,true,1,
7290006289469,false,עצמות מח קפוא וול דא,,IL,עצמות מח וולדאן,גרמים,0.00,"ק""ג",true,1,59.90,59.90,true,1,
7290006289605,false,שריר הזרוע (8) טרי לפי ש,,IL,שריר (8) טרי,גרמים,0.00,"ק""ג",true,1,99.90,99.90,true,1,
7290006289612,false,פילה מדומה (6) טרי לפי ש,,IL,פילה מדומה 6 טרי,גרמים,0.00,"ק""ג",true,1,94.90,94.90,true,1,
7290006289629,false,"בשר לחמין טרי עד""ח לפי מ",,IL,בשר לחמין חתוך,גרמים,0.00,"ק""ג",true,1,89.90,89.90,true,1,
7290006289742,false,"סטייק עגל דק - עד""ח לפי",,IL,סטייק עגל דק,גרמים,0.00,"ק""ג",true,1,149.00,149.00,true,1,
7290006289773,false,נקניקיות צ'וריסוס קפוא ל,וול דאן,IL,נקניקיות צ'וריסו,גרמים,500.00,100 גרם,false,1,39.90,7.98,true,1,
7290006289803,false,אסאדו (9) טרי לפי שקילה,,IL,אסאדו (9) טרי,גרמים,0.00,"ק""ג",true,1,84.90,84.90,true,1,
7290006289810,false,צלי כתף (5) טרי לפי שקיל,,IL,צלי כתף 5 טרי,גרמים,0.00,"ק""ג",true,1,149.00,149.00,true,1,
7290006289865,false,"אסדו )פלאנקען( ע""ע קפוא",,IL,"אסדו ע""ע וולדאן",קילוגרמים,0.00,"ק""ג",true,1,89.90,89.90,true,1,
7290006289896,false,בשר לומבה טרי לפי שקילה,,IL,בשר לומבה טרי,גרמים,0.00,"ק""ג",true,1,99.00,99.00,true,1,
7290006322104,false,לחם ריחיים קל פרוס 500גר,מאפיית דוידוביץ ובניו בע,IL,לחם רחיים קל,גרמים,500.00,100 גרם,false,0,7.90,1.58,true,1,
7290006322111,false,לחמניות ריחיים 80*6 גרם,מאפיית דוידוביץ ובניו בע,IL,לחמניות ריחיים,גרמים,480.00,100 גרם,false,0,10.90,2.27,true,1,
7290006322128,false,לחמניות קלות 6 יח בחבילה,מאפיית דוידוביץ ובניו בע,IL,לחמניות קלות 6יח,גרמים,480.00,100 גרם,false,0,10.90,2.27,true,1,
7290006322166,false,לחמניות רגילות 6יח75X'גר,מאפיית דוידוביץ ובניו בע,IL,לחמניות 6 יחידות,גרמים,450.00,100 גרם,false,0,6.50,1.44,true,1,
7290006322470,false,לחם תשעה דגנים דוידו,מאפיית דוידוביץ ובניו בע,IL,לחם 9 דגנים קל,גרמים,500.00,100 גרם,false,0,9.90,1.98,true,1,
7290006322487,false,לחם קוביות קמח מלא 750גר,מאפיית דוידוביץ ובני,IL,לחם קמח מלא,גרמים,750.00,100 גרם,false,0,14.20,1.89,true,1,
7290006322838,false,לחם מקמח מלא דוידובי,מאפיית דוידוביץ ובניו בע,IL,לחם קמח מלא,גרמים,750.00,100 גרם,false,0,9.90,1.32,true,1,
7290006322968,false,לחם זיץ ברויט דוידוב,מאפיית דוידוביץ ובני,IL,לחם זיץ ברויט,קילוגרמים,1.25,"ק""ג",false,0,12.90,10.32,true,1,
<<<<<<< HEAD
7290006374738,false,קונפיטורית תות 340 גר' יד מרדכי,אף.סי תבליני בגליל ב,IL,קונפיטורה תות,גרמים,340.00,100 גרם,false,0,9.90,2.91,true,1,
=======
7290006374738,false,קונפיטורה תות יד מרדכי בטעם תות,אף.סי תבליני בגליל ב,IL,קונפיטורה תות,גרמים,340.00,100 גרם,false,0,9.90,2.91,true,1,
>>>>>>> d048ac2f4f281c9d788043ab4e81b61b0dbe3743
7290006420442,false,חטיף מהטבע קשיו טוב הארץ,,IL,חטיף מהטבע קשיו,יחידה,1.00,יחידה,false,1,6.90,6.90,true,1,
7290006420459,false,חטיף מהטבע קשיו עם דבש ט,,IL,חטיף מהטבע קשיו,גרמים,28.00,100 גרם,false,1,6.90,24.64,true,1,
7290006420466,false,חטיף מהטבע שקדים+דבש טוב,,IL,חטיף מהטבע שקדים,יחידה,1.00,יחידה,false,1,6.90,6.90,true,1,
7290006420473,false,חטיף מהטבע לוז עם דבש טו,,IL,חטיף מהטבע לוז,יחידה,1.00,יחידה,false,1,6.90,6.90,true,1,
7290006420688,false,חטיף מהטבע שקדים טוב האר,,IL,חטיף מהטבע שקדים,יחידה,1.00,יחידה,false,1,6.90,6.90,true,1,
7290006420695,false,חטיף מהטבע לוז טוב הארץ,,IL,חטיף מהטבע לוז,יחידה,1.00,יחידה,false,1,6.90,6.90,true,1,
7290006497130,false,קישקע פרווה רובינפלד,,IL,קישקע פרווה,גרמים,450.00,100 גרם,false,0,17.90,3.98,true,1,
7290006584427,false,דואדורנט בי יו דאו ס,"טאב קוסמטיקס בע""מ",IL,בי.יו.דאו לאישה,יחידה,1.00,יחידה,false,0,9.90,9.90,true,1,
7290006585059,false,בסט סכיני גילוח לאישה,,IL,בסט סכיני גילוח,יחידה,1.00,יחידה,false,0,8.90,8.90,true,1,
7290006644480,false,תפוזינה תפוזים 0.5 ליטר,יפאורה שותפות מוגבלת לשיווק,IL,תפוזינה תפוז,מיליליטרים,500.00,"100 מ""ל",false,0,4.80,0.96,true,1,
7290006644510,false,"מיץ ענבים 500 מ""ל תפוזינה",יפאורה שותפות מוגבלת לשיווק,IL,תפוזינה ענבים,מיליליטרים,500.00,"100 מ""ל",false,0,4.80,0.96,true,1,
7290006644527,false,תפוזינה תות בננה 0.5 ליטר,יפאורה שותפות מוגבלת לשיווק,IL,תפוזינה תות בננה,מיליליטרים,500.00,"100 מ""ל",false,0,4.80,0.96,true,1,
7290006652027,false,במבה חטיף בוטנים אסם 20*15 גרם,קבוצת אוסם סחר שותפות מוגבלת,IL,במבה 20 יח',גרמים,300.00,100 גרם,false,0,19.90,6.63,true,1,
7290006653765,false,פרפקטו פסטה פטוצ'יני אסם 500 גרם,קבוצת אוסם סחר שותפות מוגבלת,IT,פטוציני פרפקטו,גרמים,500.00,100 גרם,false,0,6.90,1.38,true,1,
7290006653819,false,קוסקוס אמיתי דק בשקית 350 גרם,קבוצת אוסם סחר שותפות מוגבלת,IL,קוסקוס דק,גרמים,350.00,100 גרם,false,0,5.90,1.69,true,1,
7290006664051,false,"אקטימל לבן 1.51 ק""ג מארז 14 יחידות",שטראוס גרופ בעמ/מצונן,IL,אקטימל מארז14יח',ליטרים,1.40,ליטר,false,0,24.90,17.79,true,1,
7290006664402,false,גבינה לבנה סקי 5% שומן 750 גרם,שטראוס גרופ בעמ/מצונן,IL,גבינת סקי5%,גרמים,750.00,100 גרם,false,0,12.90,1.72,true,1,
7290006664990,false,"יוגורט דנונה ביו לבן 1.7% שומן 8*150 מ""ל",שטראוס גרופ בעמ/מצונן,IL,דנונה ביו 8 יח',קילוגרמים,1.20,"ק""ג",false,0,14.90,12.42,true,1,
7290006680624,false,ביצי חופש הכפר 20 יחי',,IL,ביצי חופש הכפר,יחידה,1.00,יחידה,false,1,27.90,27.90,true,1,
7290006681065,false,"קסטה שוקו וניל ""שטראוס""","מיוצר ע""\י גלידת שטראוס",IL,טעמקור XL,יחידה,1.00,יחידה,false,0,7.90,7.90,true,1,
7290006696717,false,תירוש ענבים טבעי מוסקט אפרת (1 ליטר),יקב טפרברג 1870 בעמ (יינות ומש,IL,תירוש ענבים אפרת,ליטרים,1.00,ליטר,false,0,14.90,14.90,true,1,
7290006712684,false,ספיד סטיק 24/7 סטיק כחול,קולגייט פלמוליב,US,דאודורנט,גרמים,50.00,100 גרם,false,0,11.90,23.80,true,1,
7290006737618,false,טורטייה 6 יחידות 390 גרם,,TR,טורטיות מקמח חיט,גרמים,390.00,100 גרם,false,1,7.90,2.03,true,1,
7290006737625,false,טורטייה 6 יחידות מקמח מלא 390 גרם,,TR,טורטיות מקמח חיט,גרמים,390.00,100 גרם,false,1,7.90,2.03,true,1,
7290006737632,false,טורטייה 8 יחידות 320 גרם מזונות,,TR,טורטיה מזונות,גרמים,320.00,100 גרם,false,1,7.90,2.47,true,1,
7290006737755,false,טורטייה 8 יחידות 320 גרם,,TR,טורטיות מקמח חיט,גרמים,320.00,100 גרם,false,1,7.90,2.47,true,1,
7290006737779,false,סוכריות גומי,,,סוכריות גומי,גרמים,300.00,100 גרם,false,0,12.90,4.30,true,1,
7290006737854,false,מרשמלו צבעוני 180 גרם,לירון קרביץ יבוא שיווק וסחר,IL,מרשמלו צבעוני,גרמים,150.00,100 גרם,false,0,4.90,3.27,true,1,
7290006739407,false,שניצל תירס לייט זוגלובק (630 גרם),נקניק נהריה כשר זוגל,IL,שניצל תירס,גרמים,630.00,100 גרם,false,0,21.90,3.48,true,1,
7290006739445,false,שניצל תירס קלאסי 750 ג' זוגלובק,נקניק נהריה כשר זוגל,IL,שניצל תירס,גרמים,750.00,100 גרם,false,0,19.90,2.65,true,1,
7290006741363,false,בורקס תפוחי אדמה זוגלובק 800 גרם,מאפיית אריאל וגידרון,IL,"בורקס תפו""א",גרמים,800.00,100 גרם,false,0,12.90,1.61,true,1,
<<<<<<< HEAD
7290006764065,false,בירה נשר מאלט ללא אלכוהול 500 מל,"טמפו משקאות בע""\ם.",IL,בירה נשר מאלט,מיליליטרים,500.00,"100 מ""ל",false,0,3.90,0.78,true,1,
7290006764096,false,"בירה איגל 500 מ""ל 3.8% בקבוק חוזר","טמפו משקאות בע""\מ",IL,בירה איגל,מיליליטרים,500.00,"100 מ""ל",false,1,5.80,1.16,true,1,
7290006764478,false,"בירה נשר מאלט בקבוק זכוכית 330 מ""ל","טמפו משקאות בע""מ",IL,נשר מאלט בקבוק,מיליליטרים,330.00,"100 מ""ל",false,0,4.90,1.48,true,1,
7290006775016,false,עוגה מבית טוב 450 גרם תפוז,אחדות ביחר לטחינה חל,IL,עוגה תפוז,גרמים,450.00,100 גרם,false,0,7.90,1.76,true,1,
7290006775023,false,"עוגה מבית טוב"" 450 גרם אנגלית",אחדות ביחר לטחינה חל,IL,עוגה אנגלית,גרמים,450.00,100 גרם,false,0,7.90,1.76,true,1,
7290006775030,false,"עוגה מבית טוב"" 450 גרם שוקו-ציפס",אחדות ביחר לטחינה חל,IL,עוגת שוקולד ציפס,גרמים,450.00,100 גרם,false,0,7.90,1.76,true,1,
7290006775047,false,"עוגה מבית טוב"" 450 גרם שוקולד",אחדות ביחר לטחינה חל,IL,עוגת שוקולד,גרמים,450.00,100 גרם,false,0,7.90,1.76,true,1,
7290006775054,false,עוגת שיש אחווה 450 ג' אחוה,אחדות ביחר לטחינה חל,IL,עוגת שיש,גרמים,450.00,100 גרם,false,0,7.90,1.76,true,1,
7290006775085,false,עוגת שמרים במילוי שוקולד אחוה,אחדות ביחר לטחינה חל,IL,עוגת שמרים,גרמים,400.00,100 גרם,false,0,9.80,2.45,true,1,
7290006775191,false,מאפין ממולא בטעם שוקולד 50 גרם אחוה,אחדות ביחר לטחינה חל,IL,מאפין שוקולד50גר,גרמים,50.00,100 גרם,false,0,1.30,2.60,true,1,
7290006775306,false,מאפינס אישי וניל במילוי תות אחווה 50ג',אחדות ביחר לטחינה חל,IL,מאפין ממולא,גרמים,50.00,100 גרם,false,0,1.30,2.60,true,1,
7290006775344,false,עוגת שמרים במילוי קרם קינמון אחוה 400 גרם,אחדות ביחר לטחינה חל,IL,עוגת שמרים,גרמים,400.00,100 גרם,false,0,9.80,2.45,true,1,
=======
7290006764065,false,בירה שחורה נשר מאלט חוזר (500 מל),"טמפו משקאות בע""\ם.",IL,בירה נשר מאלט,מיליליטרים,500.00,"100 מ""ל",false,0,3.90,0.78,true,1,
7290006764096,false,"בירה איגל 500 מ""ל 3.8% בקבוק חוזר","טמפו משקאות בע""\מ",IL,בירה איגל,מיליליטרים,500.00,"100 מ""ל",false,1,5.80,1.16,true,1,
7290006764478,false,"בירה נשר מאלט בקבוק זכוכית 330 מ""ל",החברה המרכזית להפצת משקאות בעמ,IL,נשר מאלט בקבוק,מיליליטרים,330.00,"100 מ""ל",false,0,4.90,1.48,true,1,
7290006775016,false,עוגת תפוז אחוה (450 גרם)אחוה,אחדות ביתחרושת לטחינה חלבה,IL,עוגה תפוז,גרמים,450.00,100 גרם,false,0,7.90,1.76,true,1,
7290006775023,false,עוגה אנגלית אחוה (450 גרם)אחוה,אחדות ביתחרושת לטחינה חלבה,IL,עוגה אנגלית,גרמים,450.00,100 גרם,false,0,7.90,1.76,true,1,
7290006775030,false,עוגת שוקו צ`יפס אחוה (450 גרם)אחוה,אחדות ביתחרושת לטחינה חלבה,IL,עוגת שוקולד ציפס,גרמים,450.00,100 גרם,false,0,7.90,1.76,true,1,
7290006775047,false,עוגת שוקולד אחוה (450 גרם)אחוה,אחדות ביתחרושת לטחינה חלבה,IL,עוגת שוקולד,גרמים,450.00,100 גרם,false,0,7.90,1.76,true,1,
7290006775054,false,עוגת שיש אחוה (450 גרם)אחוה,אחדות ביתחרושת לטחינה חלבה,IL,עוגת שיש,גרמים,450.00,100 גרם,false,0,7.90,1.76,true,1,
7290006775085,false,עוגת שמרים שוקולד אחוה (400 גרם),אחדות ביתחרושת לטחינה חלבה,IL,עוגת שמרים,גרמים,400.00,100 גרם,false,0,9.80,2.45,true,1,
7290006775191,false,מאפין ממולא בטעם שוקולד 50 גרם אחוה,אחדות ביתחרושת לטחינה חלבה,IL,מאפין שוקולד50גר,גרמים,50.00,100 גרם,false,0,1.30,2.60,true,1,
7290006775306,false,מאפינס אישי וניל במילוי תות אחווה 50ג',אחדות ביתחרושת לטחינה חלבה,IL,מאפין ממולא,גרמים,50.00,100 גרם,false,0,1.30,2.60,true,1,
7290006775344,false,עוגת שמרים במילוי קרם קינמון אחוה 400 גרם,אחדות ביתחרושת לטחינה חלבה,IL,עוגת שמרים,גרמים,400.00,100 גרם,false,0,9.80,2.45,true,1,
>>>>>>> d048ac2f4f281c9d788043ab4e81b61b0dbe3743
7290006775405,false,מאפינס שוקוצ'יפס אישי אחווה 45גרם,אחדות ביחר לטחינה חל,IL,מאפין 45 גרם,גרמים,45.00,100 גרם,false,0,1.30,2.89,true,1,
7290006775764,false,אחוה עוגת שוק`צ`יפס ללא סוכר 400 גר,אחדות ביתחרושת לטחינה חלבה,IL,עוגת שוקוציפס,גרמים,400.00,100 גרם,false,0,10.90,2.73,true,1,
7290006775801,false,עוגיות רוגלך שוקולד 400 גר' אחדות,אחדות ביתחרושת לטחינה חלבה,IL,רוגלעך,גרמים,400.00,100 גרם,false,0,8.90,2.23,true,1,
7290006784605,false,"מילוי מכשיר אוויר 250 מ""ל fashion midnight secret סנט מוריץ",קומפלקס כימיקלים בעמ,TR,מטהר אוויר נייט,מיליליטרים,250.00,"100 מ""ל",false,1,14.90,5.96,true,1,
<<<<<<< HEAD
7290006788399,false,"דאו רול און נושם סנסיטיב ירוק קרליין 75 מ""ל",אמיליה קוסמטיקס בעמ,IL,דאודורנט קרליין,מיליליטרים,75.00,"100 מ""ל",false,0,11.70,15.60,true,1,
7290006788405,false,"קרליין - נושם אקטיב דאודורנט רול און לאישה ברודו 75 מ""ל",מיוצר עי : אמיליה קוסמטי,IL,דאודורנט קרליין,מיליליטרים,75.00,"100 מ""ל",false,0,11.70,15.60,true,1,
7290006788429,false,"קרליין - נושם סאן רייס דאודורנט רול און לאישה כתום 75 מ""ל","אמיליה קוסמטיקס בע""מ",IL,דאודורנט קרליין,מיליליטרים,75.00,"100 מ""ל",false,0,11.70,15.60,true,1,
7290006788436,false,"קרליין - נושם פיור דאודורנט רול און לאישה ורוד 75 מ""ל",משווק: קוסמופארם בעמ,IL,דאודורנט קרליין,מיליליטרים,75.00,"100 מ""ל",false,0,11.70,15.60,true,1,
7290006788559,false,"טיטניום ICE דאודורנט תרסיס ספריי 180 מ""ל",אמיליה קוסמטיקס בעמ,IL,דאודורנט טיטניום,מיליליטרים,180.00,"100 מ""ל",false,0,13.90,7.72,true,1,
=======
7290006788399,false,"דאו רול און נושם סנסיטיב ירוק קרליין 75 מ""ל",החברה הדרומית לשיווק בעמ,IL,דאודורנט קרליין,מיליליטרים,75.00,"100 מ""ל",false,0,11.70,15.60,true,1,
7290006788405,false,"קרליין - נושם אקטיב דאודורנט רול און לאישה ברודו 75 מ""ל",החברה הדרומית לשיווק בעמ,IL,דאודורנט קרליין,מיליליטרים,75.00,"100 מ""ל",false,0,11.70,15.60,true,1,
7290006788429,false,"קרליין - נושם סאן רייס דאודורנט רול און לאישה כתום 75 מ""ל",החברה הדרומית לשיווק בעמ,IL,דאודורנט קרליין,מיליליטרים,75.00,"100 מ""ל",false,0,11.70,15.60,true,1,
7290006788436,false,"קרליין - נושם פיור דאודורנט רול און לאישה ורוד 75 מ""ל",החברה הדרומית לשיווק בעמ,IL,דאודורנט קרליין,מיליליטרים,75.00,"100 מ""ל",false,0,11.70,15.60,true,1,
7290006788559,false,"טיטניום ICE דאודורנט תרסיס ספריי 180 מ""ל",החברה הדרומית לשיווק בעמ,IL,דאודורנט טיטניום,מיליליטרים,180.00,"100 מ""ל",false,0,13.90,7.72,true,1,
>>>>>>> d048ac2f4f281c9d788043ab4e81b61b0dbe3743
7290006789617,false,"קרם לחות לתלתול טבעי לשיער גלי עד מתולתל 10 קרליין 400 מ""ל",מיוצר עי : אמיליה קוסמטי,IL,קרליין קרם לשיער,מיליליטרים,400.00,"100 מ""ל",false,0,12.90,3.23,true,1,
7290006789631,false,קרליין קרם לחות לשיער רגיל 400 גרם,החברה הדרומית לשיווק בעמ,IL,קרם לחות לשיער,מיליליטרים,400.00,"100 מ""ל",false,0,12.90,3.23,true,1,
7290006822192,false,נקטר דיאט חמוציות אושן ספריי פריגת 1 ליטר,החברה המרכזית להפצת משקאות בעמ,IL,אושן ספריי,ליטרים,1.00,ליטר,false,0,11.90,11.90,true,1,
7290006879240,false,גולש עגל מעובד חלק לפי מ,,IL,גולש עגל מעובד,גרמים,0.00,"ק""ג",true,1,89.90,89.90,true,1,
7290006879257,false,צלי ברשת - חלק לפי שקילה,,IL,צלי ברשת חלק,גרמים,0.00,"ק""ג",true,1,89.90,89.90,true,1,
7290006879646,false,פילה סלמון - לנדא שקיל,,IL,פילה סלמון,גרמים,0.00,"ק""ג",true,1,81.90,81.90,true,1,
7290006920447,false,"גבינת פיצרלה מגורדת בד""צ 500 גר'",צי תעשיות מזון יבנה,IL,פיצרלה 500 גרם,גרמים,500.00,100 גרם,false,0,20.90,4.18,true,1,
7290006920638,false,גבינת שמנת זיתים 500 גרם,גבינות הכפר בעמ,IL,גבינת שמנת זיתים,גרמים,500.00,100 גרם,false,0,18.90,3.78,true,1,
7290006920737,false,גבינת שמנת טבעי 500 גרם,גבינות הכפר בעמ,IL,גבינת שמנת,גרמים,500.00,100 גרם,false,0,18.90,3.78,true,1,
7290006920744,false,גבינת שמנת שום שמיר כפיר 500 גרם,גבינות הכפר בעמ,IL,גבינת שמנת שום,גרמים,500.00,100 גרם,false,0,18.90,3.78,true,1,
<<<<<<< HEAD
7290006983152,false,קרוטונים מתובלים למרק אסם 400 גרם,עינת תעשיות מזון אגו,IL,קרוטונים מתובלים,גרמים,400.00,100 גרם,false,0,14.90,3.73,true,1,
7290006983176,false,אוסם - לחמית שיפון 250 גרם,"אסם השקעות בע""\מ",IL,לחמית שיפון אסם,גרמים,230.00,100 גרם,false,0,6.90,3.00,true,1,
7290006983206,false,תערובת להכנת פלפל קלי קלות 180 גרם,"אסם השקעות בע""\מ",IL,תערובת לפלאפל,גרמים,180.00,100 גרם,false,0,7.90,4.39,true,1,
7290006983770,false,עוגת הבית שיש אסם 400 גרם,מיוצר עי קונדיטוריית,IL,עוגת שיש,גרמים,400.00,100 גרם,false,0,9.90,2.48,true,1,
7290006992161,false,מטרנה - דייסת קורנפלור פרוביוטי 200 גרם,מולינו ניקולי s.p.a,IL,דייסת מטרנה,גרמים,200.00,100 גרם,false,0,12.90,6.45,true,1,
7290006992185,false,"מטרנה - דייסת אורז פרוביוטי כשל""פ 200 גרם",מולינו ניקולי s.p.a,IL,דייסת אורז,גרמים,200.00,100 גרם,false,0,12.90,6.45,true,1,
7290006992192,false,דייסה מטרנה סולת פרוביוטיקה,מטרנה תעשיות ש.מ,IL,דייסת סולת מטרנה,גרמים,200.00,100 גרם,false,0,12.90,6.45,true,1,
7290006992208,false,מטרנה דייסת 8 דגנים מעורבים 200 גרם,מטרנה תעשיות ש.מ,IL,דייסת מטרנה,גרמים,200.00,100 גרם,false,0,12.90,6.45,true,1,
7290006992390,false,"מטרנה - דייסת וניל פרוביוטי כשל""פ 200 גרם",מולינו ניקולי s.p.a,IL,דייסת וניל מטרנה,גרמים,200.00,100 גרם,false,0,12.90,6.45,true,1,
7290008000796,false,"סופרמן משחת שיניים לילדים בטעם פירות כצט 50 מ""ל",כצט נוביס,IL,משחת שיניים,מיליליטרים,50.00,"100 מ""ל",false,0,9.90,19.80,true,1,
7290008000826,false,"משחת שיניים לילדים בטעם פירות לגילאים 2-6 כצט 50 מ""ל",כצט נוביס,IL,משחת שיניים ברבי,מיליליטרים,50.00,"100 מ""ל",false,0,9.90,19.80,true,1,
7290008190909,false,עוגיות מיני קוקיס שוקולד צ'יפס בצנצנת כרמית 600 גרם,כרמית תעשיות ממתקים,IL,מיני קוקיס,גרמים,600.00,100 גרם,false,0,14.90,2.48,true,1,
7290008190985,false,לקקן בטעם גלידה 50 יח',כרמית תעשיות ממתקים,TR,לקקן טעם גלידה,גרמים,450.00,100 גרם,false,0,12.90,2.87,true,1,
=======
7290006983152,false,קרוטונים מתובלים למרק אסם (400 גרם),קבוצת אוסם סחר שותפות מוגבלת,IL,קרוטונים מתובלים,גרמים,400.00,100 גרם,false,0,14.90,3.73,true,1,
7290006983176,false,קרקר לחמית שיפון אסם (230 גרם),קבוצת אוסם סחר שותפות מוגבלת,IL,לחמית שיפון אסם,גרמים,230.00,100 גרם,false,0,6.90,3.00,true,1,
7290006983206,false,תערובת להכנת פלפל קלי קלות 180 גרם,קבוצת אוסם סחר שותפות מוגבלת,IL,תערובת לפלאפל,גרמים,180.00,100 גרם,false,0,7.90,4.39,true,1,
7290006983770,false,עוגת הבית שיש אסם (400 גרם),קבוצת אוסם סחר שותפות מוגבלת,IL,עוגת שיש,גרמים,400.00,100 גרם,false,0,9.90,2.48,true,1,
7290006992161,false,מטרנה - דייסת קורנפלור פרוביוטי 200 גרם,קבוצת אוסם סחר שותפות מוגבלת,IL,דייסת מטרנה,גרמים,200.00,100 גרם,false,0,12.90,6.45,true,1,
7290006992185,false,"מטרנה - דייסת אורז פרוביוטי כשל""פ 200 גרם",קבוצת אוסם סחר שותפות מוגבלת,IL,דייסת אורז,גרמים,200.00,100 גרם,false,0,12.90,6.45,true,1,
7290006992192,false,דייסה מטרנה סולת פרוביוטיקה,קבוצת אוסם סחר שותפות מוגבלת,IL,דייסת סולת מטרנה,גרמים,200.00,100 גרם,false,0,12.90,6.45,true,1,
7290006992208,false,מטרנה דייסת 8 דגנים מעורבים 200 גרם,קבוצת אוסם סחר שותפות מוגבלת,IL,דייסת מטרנה,גרמים,200.00,100 גרם,false,0,12.90,6.45,true,1,
7290006992390,false,"מטרנה - דייסת וניל פרוביוטי כשל""פ 200 גרם",קבוצת אוסם סחר שותפות מוגבלת,IL,דייסת וניל מטרנה,גרמים,200.00,100 גרם,false,0,12.90,6.45,true,1,
7290008000796,false,"סופרמן משחת שיניים לילדים בטעם פירות כצט 50 מ""ל",גורי ע.ע.ע. בע`מ,IL,משחת שיניים,מיליליטרים,50.00,"100 מ""ל",false,0,9.90,19.80,true,1,
7290008000826,false,"משחת שיניים לילדים בטעם פירות לגילאים 2-6 כצט 50 מ""ל",גורי ע.ע.ע. בע`מ,IL,משחת שיניים ברבי,מיליליטרים,50.00,"100 מ""ל",false,0,9.90,19.80,true,1,
7290008190909,false,עוגיות מיני קוקיס שוקולד צ'יפס בצנצנת כרמית 600 גרם,כרמית תעשיות ממתקים בעמ,IL,מיני קוקיס,גרמים,600.00,100 גרם,false,0,14.90,2.48,true,1,
7290008190985,false,לקקנים בטעם גלידה 450גר 50יח`,כרמית תעשיות ממתקים בעמ,TR,לקקן טעם גלידה,גרמים,450.00,100 גרם,false,0,12.90,2.87,true,1,
>>>>>>> d048ac2f4f281c9d788043ab4e81b61b0dbe3743
7290008257008,false,מסרק סמיך שיני נחושת אריסטוקרט,אריסטוקרט,IL,מסרק סמיך,יחידה,1.00,יחידה,false,0,12.90,12.90,true,1,
7290008257053,false,מברשת שיניים איכותית (053),,,מברשת שיניים,יחידה,1.00,יחידה,false,0,4.90,4.90,true,1,
7290008257107,false,סדין ניילון עבה למיטת יחיד (107),אריסטוקרט,IL,סדין ניילון,יחידה,1.00,יחידה,false,0,22.90,22.90,true,1,
7290008257138,false,פטמות איקס לבקבוק צר שלישייה,אריסטוקרט,CN,פטמות שלישיה,יחידה,1.00,יחידה,false,0,4.90,4.90,true,1,
7290008257152,false,מד חום לחדר מע,,IL,מד חום לחדר מע,יחידה,1.00,יחידה,false,0,7.90,7.90,true,1,
7290008257176,false,מחלק מנות אריסטוקרט,אריסטוקרט,CN,מחלק מזון,יחידה,1.00,יחידה,false,0,9.90,9.90,true,1,
7290008257190,false,"תחתוני רשת ח""פ נשים 4יח'",,IL,רשתונית 4 יח' XL,יחידה,1.00,יחידה,false,0,13.90,13.90,true,1,
7290008257244,false,מברשת+מסרק לתינוק (244),אריסטוקרט,IL,מברשת + מסרק,יחידה,1.00,יחידה,false,0,7.90,7.90,true,1,
7290008257275,false,פטמות רחבות רב שלבי 2 יח,אריסטוקרט,IL,זוג פטמות,יחידה,1.00,יחידה,false,0,11.90,11.90,true,1,
7290008257305,false,מוצץ סיליקון אורטודנטי זוג מצוייר קטן,אריסטוקרט,TH,זוג מוצצים,יחידה,1.00,יחידה,false,0,12.90,12.90,true,1,
7290008257312,false,מוצץ סיליקון אורטודנטי זוג מצוייר איריס גדול,אריסטוקרט,TH,מוצץ צוציק,יחידה,1.00,יחידה,false,0,12.90,12.90,true,1,
7290008257411,false,סינר מגבת לתינוק ארי,אריסטוקרט,TH,סינר מגבת עבה,יחידה,1.00,יחידה,false,0,12.90,12.90,true,1,
7290008257459,false,אלכוהול רפואי 70% 100 סמ,אריסטוקרט,IL,אלכוהול רפואי,מיליליטרים,100.00,"100 מ""ל",false,0,4.90,4.90,true,1,
7290008257503,false,רפידות הנקה אריסטוקרט 30 יח',,IL,רפידות הנקה,יחידה,1.00,יחידה,false,0,8.90,8.90,true,1,
7290008257527,false,מטלית מקרופייבר לרצפה- שלישייה בקופסה,,IL,מטלית לרצפה 3יח,יחידה,1.00,יחידה,false,0,11.90,11.90,true,1,
7290008257558,false,מבריק / צובע נעליים שחור / שקוף,אריסטוקרט,IL,מבריק נעליים,יחידה,1.00,יחידה,false,0,4.90,4.90,true,1,
7290008257688,false,נשכן קרור דוגמאות שונות,אריסטוקרט,CN,נשכן קירור,יחידה,1.00,יחידה,false,0,5.90,5.90,true,1,
7290008257718,false,רפידות הנקה זוג במבצע,אריסטוקרט,CN,רפידות הנקה,יחידה,1.00,יחידה,false,0,16.90,16.90,true,1,
7290008257770,false,"בקבוק רחב לתינוק+ידיות 250 מ""ל (770)",אריסטוקרט,TH,בקבוק לתינוק,יחידה,1.00,יחידה,false,0,14.90,14.90,true,1,
7290008257930,false,ספוג הפלא,,,ספוג הפלא,יחידה,1.00,יחידה,false,0,3.90,3.90,true,1,
7290008343466,false,בצק פילו שלושת האופים (500 גרם),שלושת האופים שגמור,IL,בצק פילו 500 גרם,גרמים,500.00,100 גרם,false,0,15.90,3.18,true,1,
7290008350150,false,בצק פילו מצונן מרודד השף שגב,נטו מלינדה סחר בעמ,IL,בצק פילו שגב,יחידה,1.00,יחידה,false,1,14.90,14.90,true,1,
7290008415071,false,צבר חומוס עם טחינה עגול 150 גרם,קבוצת אוסם סחר שותפות מוגבלת,IL,חומוס עם טחינה,גרמים,150.00,100 גרם,false,0,3.90,2.60,true,1,
7290008415514,false,צבר חומוס עם חריף עגול 150 גרם,קבוצת אוסם סחר שותפות מוגבלת,IL,חומוס עם חריף,גרמים,150.00,100 גרם,false,0,3.90,2.60,true,1,
7290008432696,false,שריר הזרוע (8) פרוס קפוא,,IL,שריר 8 וולדאן,גרמים,0.00,"ק""ג",true,1,89.90,89.90,true,1,
7290008443616,false,"מרכך לשיער יבש אדום נקה 7 750 מ""ל",החברה הדרומית לשיווק בעמ,IL,קונדישנר נקה 7,מיליליטרים,750.00,"100 מ""ל",false,0,6.90,0.92,true,1,
7290008443630,false,"שמפו לשיער מתולתל סגול נקה 7 750 מ""ל",החברה הדרומית לשיווק בעמ,IL,שמפו נקה 7,מיליליטרים,750.00,"100 מ""ל",false,0,6.90,0.92,true,1,
7290008443647,false,"מרכך לשיער מתולתל סגול, 750 מ""ל נקה 7",החברה הדרומית לשיווק בעמ,IL,קונדישנר נקה 7,מיליליטרים,750.00,"100 מ""ל",false,0,6.90,0.92,true,1,
7290008453332,false,מפות שולחן בגליל עבה45מ,מרווח,IL,מפות שולחן בגליל,מטרים,45.00,מטר,false,0,28.90,0.64,true,1,
7290008453356,false,גליל מפות שולחן עבה 45 מטר -45*1.35 - רווח,.,IL,מפת שולחן,מטרים,45.00,מטר,false,0,14.90,0.33,true,1,
7290008453394,false,"אשפתון שחור 90*75 ס""מ 25",,IL,אשפתון 25 יחידות,יחידה,1.00,יחידה,false,0,12.90,12.90,true,1,
7290008453400,false,אשפתון אפור 75/90 25 יח,,IL,אשפתון אפור,יחידה,1.00,יחידה,false,0,12.90,12.90,true,1,
7290008453417,false,אשפתון ירוק+ידית 40 יח,,IL,אשפתון ירוק+ידי,יחידה,1.00,יחידה,false,0,12.90,12.90,true,1,
7290008453486,false,"50 אשפתון שחור 75*90 ס""מ",,IL,אשפתון שחור,יחידה,1.00,יחידה,false,0,9.90,9.90,true,1,
7290008453608,false,זוג שקיות מזון בקרטון 150X2 יח' ר.שמאי,,IL,שקיות מזון,יחידה,1.00,יחידה,false,1,6.90,6.90,true,1,
7290008453844,false,שקיות אשפה 75/90 קרם ידית שטוח מרשרש שמאי 40יח',,IL,אשפתון קרם,יחידה,1.00,יחידה,false,0,13.90,13.90,true,1,
7290008453882,false,מפות עבה במיוחד 8 יח,,IL,מפות 8 יח,יחידה,1.00,יחידה,false,0,8.90,8.90,true,1,
7290008453899,false,מפות שולחן עבות לבנות 8יחי' מצויין,,IL,מפות שולחן,יחידה,1.00,יחידה,false,0,4.90,4.90,true,1,
7290008453905,false,מפות עבה במיוחד 6 יח,,IL,מפות עבה,יחידה,1.00,יחידה,false,0,8.90,8.90,true,1,
7290008453912,false,מארז 6 מפות שולחן עבות 1.35X300,,IL,מפת שולחן 6יח,יחידה,1.00,יחידה,false,0,4.90,4.90,true,1,
7290008455619,false,אחדות עוף מס' 2 בשקית קפוא,אחד למהדרין,IL,עוף קפוא מס' 2,קילוגרמים,0.00,"ק""ג",true,1,29.90,29.90,true,1,
7290008455732,false,שניצל עוף פרוס ארוז קפוא לנדא אחדות,אחד למהדרין,IL,שניצל עוף פרוס,קילוגרמים,0.00,"ק""ג",true,1,47.90,47.90,true,1,
7290008455800,false,"עוף טרי ארוז ""אחדות"" לנדא",,IL,עוף שלם טרי לנדא,קילוגרמים,0.00,"ק""ג",true,1,29.90,29.90,true,1,
7290008455824,false,"כרעיים עוף טרי ארוז ""אחדות"" לנדא",,IL,כרעיים טרי לנדא,קילוגרמים,0.00,"ק""ג",true,1,44.90,44.90,true,1,
7290008455831,false,"חזה עוף טרי ארוז ""אחדות"" לנדא",,IL,חזה טרי לנדא,קילוגרמים,0.00,"ק""ג",true,1,45.90,45.90,true,1,
7290008455848,false,"שוקיים עוף טרי ארוז ""אחדות"" לנדא",,IL,שוקיים טרי לנדא,קילוגרמים,0.00,"ק""ג",true,1,49.90,49.90,true,1,
7290008455862,false,"כנפיים טרי ארוז ""אחדות"" לנדא",,IL,כנפיים טרי לנדא,קילוגרמים,0.00,"ק""ג",true,1,17.90,17.90,true,1,
7290008455879,false,גרונות עוף טרי לנדא לפי,,IL,גרון ע. טרי לנדא,קילוגרמים,0.00,"ק""ג",true,1,8.90,8.90,true,1,
7290008455886,false,"שניצל עוף טרי ארוז ""אחדות"" לנדא",,IL,שניצל טרי לנדא,גרמים,0.00,"ק""ג",true,1,47.90,47.90,true,1,
<<<<<<< HEAD
7290008462204,false,חרדל דיז'ון מקורי נטו מאי 380 גרם,יוליניבר,FR,חרדל דיז'ון,גרמים,380.00,100 גרם,false,0,12.90,3.39,true,1,
7290008464130,false,"בירה גולדסטאר Unfiltered, בירה לא מסוננת, מארז שישייה, בקבוק 330 מ""ל",טמפו,IL,בירה גולדסטאר6יח,ליטרים,1.98,ליטר,false,0,31.90,16.11,true,1,
7290008464468,false,"בירה גולדסטאר, פחית 500 מ""ל",פארייפאבה אגרואינדוס,IL,בירה גולדסטאר,מיליליטרים,500.00,"100 מ""ל",false,0,6.00,1.20,true,1,
=======
7290008462204,false,חרדל דיז'ון מקורי נטו מאי 380 גרם,א. סיימן סחר בעמ,FR,חרדל דיז'ון,גרמים,380.00,100 גרם,false,0,12.90,3.39,true,1,
7290008464130,false,"בירה גולדסטאר Unfiltered, בירה לא מסוננת, מארז שישייה, בקבוק 330 מ""ל",טמפו משקאות בעמ,IL,בירה גולדסטאר6יח,ליטרים,1.98,ליטר,false,0,31.90,16.11,true,1,
7290008464468,false,בירה בפחית גולדסטאר (500 מל),פארייפאבה אגרואינדוס,IL,בירה גולדסטאר,מיליליטרים,500.00,"100 מ""ל",false,0,6.00,1.20,true,1,
>>>>>>> d048ac2f4f281c9d788043ab4e81b61b0dbe3743
7290008464475,false,"בירה מכבי, פחית 500 מ""ל","טמפו משקאות בע""\מ",IL,בירה מכבי פחית,מיליליטרים,500.00,"100 מ""ל",false,0,6.90,1.38,true,1,
7290008464604,false,"בירה הייניקן פחית 500 מ""ל",טמפו משקאות בע''מ,NL,בירה היינקן פחית,מיליליטרים,500.00,"100 מ""ל",false,0,9.90,1.98,true,1,
7290008464697,false,"בירה מכבי 7.9%, בירה חזקה, מארז שישייה, בקבוק 330 מ""ל",טמפו משקאות בעמ,IL,בירה מכבי 6 יח,ליטרים,1.98,ליטר,false,0,29.90,15.10,true,1,
7290008464703,false,"שישיית בירה מכבי בקבוק 330 מ""ל",טמפו משקאות בע''מ,IL,בירה מכבי 6 בקב.,ליטרים,1.98,ליטר,false,0,34.90,17.63,true,1,
7290008464741,false,"בירה גולדסטאר, מארז שישייה, בקבוק 330 מ''ל","טמפו משקאות בע""\מ",IL,גולדסטאר 6 יח',ליטרים,1.98,ליטר,false,0,35.90,18.13,true,1,
<<<<<<< HEAD
7290008470759,false,מסטיק אורביט ספירמינט מארז שמינייה,אורביט,FR,מסטיק אורביט 8יח,גרמים,104.00,100 גרם,false,0,12.90,12.40,true,1,
7290008609531,false,נייר אפיה נשלף 50 יח,,IL,נייר אפיה,יחידה,1.00,יחידה,false,0,6.90,6.90,true,1,
=======
7290008470759,false,מסטיק אורביט ספירמינט מארז שמינייה,מרס ריגלי ישראל בעמ,FR,מסטיק אורביט 8יח,גרמים,104.00,100 גרם,false,0,12.90,12.40,true,1,
7290008609531,false,נייר אפייה 50 יח`פאלאס,פאלאס תעשיות נטו (2014) בעמ,IL,נייר אפיה,יחידה,1.00,יחידה,false,0,6.90,6.90,true,1,
>>>>>>> d048ac2f4f281c9d788043ab4e81b61b0dbe3743
7290008631556,false,אחדות כרעיים עוף במגש קפוא לנדא,,IL,כרעיים עוף קפוא,קילוגרמים,0.00,"ק""ג",true,1,39.90,39.90,true,1,
7290008631563,false,חזה עוף קפוא מחיר לפי מש,,IL,חזה עוף קפוא,גרמים,0.00,"ק""ג",true,1,44.90,44.90,true,1,
7290008631570,false,אחדות שוקיים עוף במגש קפוא,,IL,שוקיים עוף לנדא,גרמים,0.00,"ק""ג",true,1,41.90,41.90,true,1,
7290008631594,false,כנפיים עוף קפוא ארוז לנדא-ממותג,,IL,כנפיים עוף במגש,גרמים,0.00,"ק""ג",true,1,17.90,17.90,true,1,
<<<<<<< HEAD
7290008636018,false,כפתורי שוקולד שמינייה מיה 240 גרם,מיה תעשיות מזון בעמ,IL,כפתורי שוקולד,יחידה,1.00,יחידה,false,0,8.90,8.90,true,1,
7290008636193,false,כמון בצנצנת מיה 300 גרם,מיה תעשיות מזון מ.ת.מ. ב,IL,כמון צנצנת,גרמים,300.00,100 גרם,false,0,12.90,4.30,true,1,
7290008636209,false,כורכום בצנצנת מיה 300 גרם,מיה תעשיות מזון מ.ת.מ. ב,IL,כורכום צנצנת,גרמים,300.00,100 גרם,false,0,12.90,4.30,true,1,
7290008636216,false,אבקת שום בצנצנת מיה 300 גרם,מיה תעשיות מזון מ.ת.מ. ב,IL,אבקת שום צנצנת,גרמים,300.00,100 גרם,false,0,16.90,5.63,true,1,
7290008636339,false,פירה שבבי תפוח אדמה מיה 500 גרם כשר לפסח,מיה תעשיות מזון מ.ת.מ. ב,IL,"שבבי תפו""א",גרמים,400.00,100 גרם,false,0,8.90,2.23,true,1,
7290008636650,false,קמח מצה מיה 500 גרם,מיה תעשיות מזון,IL,קמח מצה,גרמים,500.00,100 גרם,false,0,6.90,1.38,true,1,
7290008636919,false,קקאו הולנדי בבשקית מיה 200 גרם,מיה תעשיות מזון מ.ת.מ. ב,IL,קקאו הולנדי,גרמים,200.00,100 גרם,false,0,6.90,3.45,true,1,
7290008636926,false,קקאו הולנדי בשקית מיה 500 גרם,מיה תעשיות מזון מ.ת.מ. ב,IL,אבקת קקאו,גרמים,500.00,100 גרם,false,0,11.90,2.38,true,1,
7290008636933,false,אגוזי מלך גרוסים מיה 100 גרם,מיה תעשיות מזון מ.ת.מ. ב,IL,אגוז מלך גרוס,גרמים,100.00,100 גרם,false,0,8.90,8.90,true,1,
7290008636957,false,שקדים מולבנים גרוסים מיה 100 גרם,מיה תעשיות מזון מ.ת.מ. ב,IL,שקד מולבן גרוס,גרמים,100.00,100 גרם,false,0,8.90,8.90,true,1,
7290008636964,false,שקדים מולבנים שביבים 100 גר' מיה,מיה תעשיות מזון מ.ת.מ. ב,IL,שקד מולבן משוב,גרמים,100.00,100 גרם,false,0,8.90,8.90,true,1,
7290008636988,false,גרעיני חמניות קלופים 100 גר' מיה,מיה תעשיות מזון מ.ת.מ. ב,IL,גרעיני חמניה,גרמים,100.00,100 גרם,false,0,2.90,2.90,true,1,
7290008636995,false,גרעיני דלעת קלופים מיה 100 גרם,מיה תעשיות מזון מ.ת.מ. ב,IL,גרעיני דלעת קלוף,גרמים,100.00,100 גרם,false,0,5.90,5.90,true,1,
7290008644112,false,סלט מטבוחה יום יום אחלה 125 גרם,"שטראוס גרופ בע""\מ",IL,מטבוחה יום יום,גרמים,125.00,100 גרם,false,0,3.90,3.12,true,1,
7290008645935,false,חומוס לניגוב 750 ג' אחלה,"שטראוס גרופ בע""\מ",IL,חומוס אחלה,גרמים,750.00,100 גרם,false,0,9.90,1.32,true,1,
7290008670012,false,"יין אדום קברנה סוביניון רקנאטי 750 מ""ל",תות ממתקי איכות,IL,קברנה סוביניון,מיליליטרים,750.00,"100 מ""ל",false,0,39.00,5.20,true,1,
7290008670029,false,"יין אדום מרלו רקנאטי 750 מ""ל",תות ממתקי איכות,IL,יין רקנאטי מרלו,מיליליטרים,750.00,"100 מ""ל",false,0,39.00,5.20,true,1,
7290008670159,false,"יין רקנאטי יסמין לבן 750 מ""ל","יקבי רקנאטי בע""מ",IL,רקנאטי יסמין,מיליליטרים,750.00,"100 מ""ל",false,0,27.90,3.72,true,1,
7290008670210,false,"יין אדום שירז רקנאטי אחים שקד 750 מ""ל",תות ממתקי איכות,IL,רקנאטי שיראז,מיליליטרים,750.00,"100 מ""ל",false,0,39.00,5.20,true,1,
7290008679411,false,כפפות הנדי לבית ולמטבח S,קריות זול,TH,זוג כפפות קטן,יחידה,1.00,יחידה,false,0,4.90,4.90,true,1,
7290008679428,false,כפפות הנדי לבית ולמטבח בינוני,קריות זול,TW,זוג כפפות בית,יחידה,1.00,יחידה,false,0,4.90,4.90,true,1,
7290008679435,false,כפפות לבית ולמטבח גד,קריות זול,TH,זוג כפפות בית,יחידה,1.00,יחידה,false,0,4.90,4.90,true,1,
7290008679442,false,כפפות לבית ולמטבח הנ,קריות זול,TH,זוג כפפות קטן,יחידה,1.00,יחידה,false,0,4.90,4.90,true,1,
7290008679459,false,כפפות הנדי רגישות במיוחד בינוני,קריות זול,TH,זוג כפפות הנדי,יחידה,1.00,יחידה,false,0,4.90,4.90,true,1,
=======
7290008636018,false,כפתורי שוקולד שמינייה מיה 240 גרם,מיה תעשיות מזון מ.ת.מ בעמ,IL,כפתורי שוקולד,יחידה,1.00,יחידה,false,0,8.90,8.90,true,1,
7290008636193,false,כמון בצנצנת מיה 300 גרם,מיה תעשיות מזון מ.ת.מ. ב,IL,כמון צנצנת,גרמים,300.00,100 גרם,false,0,12.90,4.30,true,1,
7290008636209,false,כורכום בצנצנת מיה 300 גרם,מיה תעשיות מזון מ.ת.מ בעמ,IL,כורכום צנצנת,גרמים,300.00,100 גרם,false,0,12.90,4.30,true,1,
7290008636216,false,אבקת שום בצנצנת מיה 300 גרם,מיה תעשיות מזון מ.ת.מ בעמ,IL,אבקת שום צנצנת,גרמים,300.00,100 גרם,false,0,16.90,5.63,true,1,
7290008636339,false,פירה שבבי תפוח אדמה מיה 500 גרם כשר לפסח,מיה תעשיות מזון מ.ת.מ. בעמ,IL,"שבבי תפו""א",גרמים,400.00,100 גרם,false,0,8.90,2.23,true,1,
7290008636650,false,קמח מצה מיה 500 גרם,מיה תעשיות מזון מ.ת.מ. בעמ,IL,קמח מצה,גרמים,500.00,100 גרם,false,0,6.90,1.38,true,1,
7290008636919,false,קקאו הולנדי בבשקית מיה 200 גרם,מיה תעשיות מזון מ.ת.מ. בעמ,IL,קקאו הולנדי,גרמים,200.00,100 גרם,false,0,6.90,3.45,true,1,
7290008636926,false,קקאו הולנדי בשקית מיה 500 גרם,מיה תעשיות מזון מ.ת.מ. בעמ,IL,אבקת קקאו,גרמים,500.00,100 גרם,false,0,11.90,2.38,true,1,
7290008636933,false,אגוזי מלך גרוסים מיה 100 גרם,מיה תעשיות מזון מ.ת.מ. בעמ,IL,אגוז מלך גרוס,גרמים,100.00,100 גרם,false,0,8.90,8.90,true,1,
7290008636957,false,שקדים מולבנים גרוסים מיה 100 גרם,מיה תעשיות מזון מ.ת.מ. בעמ,IL,שקד מולבן גרוס,גרמים,100.00,100 גרם,false,0,8.90,8.90,true,1,
7290008636964,false,שקדים מולבנים שביבים 100 גר' מיה,מיה תעשיות מזון מ.ת.מ. בעמ,IL,שקד מולבן משוב,גרמים,100.00,100 גרם,false,0,8.90,8.90,true,1,
7290008636988,false,גרעיני חמניות קלופים 100 גר' מיה,מיה תעשיות מזון מ.ת.מ. בעמ,IL,גרעיני חמניה,גרמים,100.00,100 גרם,false,0,2.90,2.90,true,1,
7290008636995,false,גרעיני דלעת קלופים מיה 100 גרם,מיה תעשיות מזון מ.ת.מ. בעמ,IL,גרעיני דלעת קלוף,גרמים,100.00,100 גרם,false,0,5.90,5.90,true,1,
7290008644112,false,אחלה יום יום סלט מטבוחה יום יום 125 גרם,שטראוס גרופ בעמ/מצונן,IL,מטבוחה יום יום,גרמים,125.00,100 גרם,false,0,3.90,3.12,true,1,
7290008645935,false,אחלה חומוס לניגוב 750 גרם,שטראוס גרופ בעמ/מצונן,IL,חומוס אחלה,גרמים,750.00,100 גרם,false,0,9.90,1.32,true,1,
7290008670012,false,"יין אדום קברנה סוביניון רקנאטי 750 מ""ל",היכל היין שקד גולן בעמ,IL,קברנה סוביניון,מיליליטרים,750.00,"100 מ""ל",false,0,39.00,5.20,true,1,
7290008670029,false,"יין אדום מרלו רקנאטי 750 מ""ל",היכל היין שקד גולן בעמ,IL,יין רקנאטי מרלו,מיליליטרים,750.00,"100 מ""ל",false,0,39.00,5.20,true,1,
7290008670159,false,"יין רקנאטי יסמין לבן 750 מ""ל",היכל היין שקד גולן בעמ,IL,רקנאטי יסמין,מיליליטרים,750.00,"100 מ""ל",false,0,27.90,3.72,true,1,
7290008670210,false,"יין אדום שירז רקנאטי אחים שקד 750 מ""ל",היכל היין שקד גולן בעמ,IL,רקנאטי שיראז,מיליליטרים,750.00,"100 מ""ל",false,0,39.00,5.20,true,1,
7290008679411,false,כפפות הנדי לבית ולמטבח S,קריות זול,TH,זוג כפפות קטן,יחידה,1.00,יחידה,false,0,4.90,4.90,true,1,
7290008679428,false,כפפות הנדי לבית ולמטבח בינוני,גורי מוצרי צריכה בעמ,TW,זוג כפפות בית,יחידה,1.00,יחידה,false,0,4.90,4.90,true,1,
7290008679435,false,כפפות לבית ולמטבח גד,קריות זול,TH,זוג כפפות בית,יחידה,1.00,יחידה,false,0,4.90,4.90,true,1,
7290008679442,false,כפפות לבית ולמטבח הנ,קריות זול,TH,זוג כפפות קטן,יחידה,1.00,יחידה,false,0,4.90,4.90,true,1,
7290008679459,false,כפפות הנדי רגישות במיוחד בינוני,גורי מוצרי צריכה בעמ,TH,זוג כפפות הנדי,יחידה,1.00,יחידה,false,0,4.90,4.90,true,1,
>>>>>>> d048ac2f4f281c9d788043ab4e81b61b0dbe3743
7290008679466,false,כפפות הנדי רגישות במיוחד גדול,קריות זול,TH,זוג כפפות הנדי,יחידה,1.00,יחידה,false,0,4.90,4.90,true,1,
7290008696784,false,"גומי 58 ש""ח לק""ג",,IL,"גומי 58 ש""ח לק""ג",גרמים,0.00,"ק""ג",true,1,58.00,58.00,true,1,
7290008737036,false,7 קציצות פרימיום ביתי בא,,IL,גפילטע באבי מילר,גרמים,555.00,100 גרם,false,1,9.90,1.78,true,1,
7290008737043,false,7 קציצות פרימיום ירושלמי,,IL,צנ' 7מנות פרמיום,גרמים,555.00,100 גרם,false,1,9.90,1.78,true,1,
7290008737074,false,8 קציצות גפילטע ביתי דג,,IL,קציצות דגים עדן,גרמים,670.00,100 גרם,false,0,13.90,2.07,true,1,
7290008737227,false,ווייט פיש 500 גרם דג עדן,,IL,וייטפיש 500 גרם,גרמים,500.00,100 גרם,false,1,26.90,5.38,true,1,
7290008737258,false,רולדה דג פולני,,IL,רולדה דג פולני,גרמים,500.00,100 גרם,false,0,16.90,3.38,true,1,
7290008737265,false,רולדה דג הונגרי,,IL,רולדה דג הונגרי,גרמים,500.00,100 גרם,false,0,16.90,3.38,true,1,
7290008737296,false,גפילטעפיש הונגרי6יח 600ג,דג טעים,IL,גפילטעפיש 6 יח,גרמים,600.00,100 גרם,false,0,12.90,2.15,true,1,
7290008737319,false,גפילטעפיש ביתי 12 יח,דג טעים,IL,גפילטעפיש ביתי,קילוגרמים,1.00,"ק""ג",false,0,19.90,19.90,true,1,
7290008745239,false,תפוצ'יפס קראנצ' בטעם טבעי עלית 50 גרם,"שטראוס פריטו ליי בע""\מ )",IL,תפוצ'יפס קראנצ',גרמים,50.00,100 גרם,false,0,2.90,5.80,true,1,
7290008747547,false,תפוצ'יפס קראנץ' בטעם טבעי עלית 200 גרם,"שטראוס פריטו ליי בע""\מ )",IL,תפוצ'יפס קראנצ',גרמים,200.00,100 גרם,false,0,8.90,4.45,true,1,
7290008750264,false,"מסטיק מאסט ציקלס דובדבן 28 גרם לל""ס מגדים",שטראוס גרופ בע`מ,IL,מסטיק מאסט,גרמים,28.00,100 גרם,false,0,2.90,10.36,true,1,
7290008753111,false,תפוצ'יפס קראנץ' בטעם מקסיקני עלית 50 גרם,"שטראוס פריטו ליי בע""\מ )",IL,תפוצ'יפס קראנצ',גרמים,50.00,100 גרם,false,0,2.90,5.80,true,1,
7290008754415,false,גומי מאסט בטעם ספירמינט עדין פליפטופ 28 ג' עלית,שטראוס גרופ בע`מ,IL,מסטיק מאסט LL,גרמים,28.00,100 גרם,false,0,2.90,10.36,true,1,
7290008754422,false,גומי מאסט בטעם פפרמינט קלאסי פליפטופ 28 ג' עלית,שטראוס גרופ בע`מ,IL,מסטיק LL MUST,גרמים,28.00,100 גרם,false,0,2.90,10.36,true,1,
7290008757034,false,"שוופס סודה זכוכית 250 מ""ל",יפאורה שותפות מוגבלת לשיווק,IL,מי סודה,מיליליטרים,250.00,"100 מ""ל",false,0,2.90,1.16,true,1,
7290008757980,false,קרטונית ספרינג נקטר רימונים 1 ליטר,יפאורה שותפות מוגבלת לשיווק,IL,נקטר רימונים,ליטרים,1.00,ליטר,false,0,5.30,5.30,true,1,
7290008775816,false,ערגליות עוגיות במילוי שוקולד אסם 300 גרם,קבוצת אוסם סחר שותפות מוגבלת,IL,ערגליות שוקו,גרמים,300.00,100 גרם,false,0,6.90,2.30,true,1,
7290008775823,false,ערגליות עוגיות תות שדה אסם 300 גרם,קבוצת אוסם סחר שותפות מוגבלת,IL,ערגליות תות,גרמים,300.00,100 גרם,false,0,6.90,2.30,true,1,
7290008792257,false,טאצ' מפיון בתאבון שניב 3,"שניב תעשיות נייר בע""",IL,טאצ' מפיון בתאבו,יחידה,1.00,יחידה,false,1,3.90,3.90,true,1,
7290008792264,false,מפיות טישיו טאצ' 100יח',שניב תעשיות נייר בעמ,,מפיות חד שכבתי,יחידה,1.00,יחידה,false,0,4.90,4.90,true,1,
7290008801010,false,"יין קברנה סוביניון מרלו פרייוט קולקשן 750 מ""ל",אגודת הכורמים הקאופו,IL,קברנה מרלו P.C,מיליליטרים,750.00,"100 מ""ל",false,0,37.50,5.00,true,1,
7290008801089,false,"יין P.C קברנה סוביניון אדום יבש כרמל 375 מ""ל",אגודת הכורמים,IL,קברנה סוביניון,מיליליטרים,375.00,"100 מ""ל",false,1,21.90,5.84,true,1,
7290008801157,false,"יין מרלו סלקטד כרמל כרמל 750 מ""ל",אגודת הכורמים -כרמל מזרחי,IL,מרלו סלקטד,מיליליטרים,750.00,"100 מ""ל",false,0,28.90,3.85,true,1,
7290008801478,false,יין טופז זהב אדום מתוק ייצוא 750 מל,אגודת הכורמים בעמ,IL,יין טופז זהב,מיליליטרים,750.00,"100 מ""ל",false,0,14.90,1.99,true,1,
7290008801522,false,יין קינג דויד קונקורד אדום מתוק 750 מל,אגודת הכורמים הקואופרטיב,IL,יין קונקורד,מיליליטרים,750.00,"100 מ""ל",false,0,18.90,2.52,true,1,
7290008801539,false,כרמל 120 אדום מתוק 750 מל קינג דיוויד,אגודת הכורמים הקואופרטיב,IL,קינג דיוויד,מיליליטרים,750.00,"100 מ""ל",false,0,18.90,2.52,true,1,
7290008801546,false,יין מוסקט מתוק קינג דיוויד יקבי כרמל,אגודת הכורמים הקואופרטיב,IL,מוסקט קינג דיווד,מיליליטרים,750.00,"100 מ""ל",false,0,18.90,2.52,true,1,
<<<<<<< HEAD
7290008801843,false,"יין קברנה סוביניון סלקטד כרמל 750 מ""ל","כד בני דרום בע""מ",IL,קברנה סוביניון,מיליליטרים,750.00,"100 מ""ל",false,0,28.90,3.85,true,1,
7290008802291,false,יין מרלו פרייבט קולקשן יקבי כרמל,אגודת הכורמים הקואופרטיב,IL,מרלו P.C,מיליליטרים,750.00,"100 מ""ל",false,0,37.50,5.00,true,1,
7290008802512,false,"יין וינו אדום ""כרמל מזרחי""","כד בני דרום בע""מ",IL,יין אדום יבש,מיליליטרים,750.00,"100 מ""ל",false,0,15.90,2.12,true,1,
7290008802529,false,"יין לבן חצי יבש וינו 750 מ""ל",כרמל מזרחי,IL,יין לבן יבש וינו,מיליליטרים,750.00,"100 מ""ל",false,0,15.90,2.12,true,1,
=======
7290008801843,false,סלקטד קברנה סובניון יקבי כרמל (750 מל),אגודת הכורמים בעמ,IL,קברנה סוביניון,מיליליטרים,750.00,"100 מ""ל",false,0,28.90,3.85,true,1,
7290008802291,false,יין מרלו פרייבט קולקשן יקבי כרמל,אגודת הכורמים הקואופרטיב,IL,מרלו P.C,מיליליטרים,750.00,"100 מ""ל",false,0,37.50,5.00,true,1,
7290008802512,false,"יין וינו אדום ""כרמל מזרחי""",אגודת הכורמים בעמ,IL,יין אדום יבש,מיליליטרים,750.00,"100 מ""ל",false,0,15.90,2.12,true,1,
7290008802529,false,"יין לבן חצי יבש וינו 750 מ""ל",אגודת הכורמים בעמ,IL,יין לבן יבש וינו,מיליליטרים,750.00,"100 מ""ל",false,0,15.90,2.12,true,1,
>>>>>>> d048ac2f4f281c9d788043ab4e81b61b0dbe3743
7290008802895,false,יין קברנה סוביניון פרייבט קולקשן יקבי כרמל,אגודת הכורמים הקאופורטיב,IL,קברנה סוביניון,מיליליטרים,750.00,"100 מ""ל",false,0,37.50,5.00,true,1,
7290008803090,false,"יין מרלו קולקשיין הסדרה האזורית כרמל 750 מ""ל",אגודת הכורמים הקואופרטיב,IL,יין מרלו,מיליליטרים,750.00,"100 מ""ל",false,0,54.90,7.32,true,1,
7290008804189,false,יין קברנה סוביניון גליל עליון סדרה אזורית יקבי כרמל,אגודת הכורמים הקואופרטיב,IL,קברנה סוביניון,מיליליטרים,750.00,"100 מ""ל",false,0,54.90,7.32,true,1,
7290008804332,false,שיראז אדום יבש פריווט קולקשיין 750מל,אגודת הכורמים הקואופרטיב,IL,שיראז אדום יבש,מיליליטרים,750.00,"100 מ""ל",false,0,37.50,5.00,true,1,
7290008804455,false,יין אזורית רוזה חצי יבש 750 מל,אגודת הכורמים הקואופרטיב,IL,רוזה,מיליליטרים,750.00,"100 מ""ל",false,0,54.90,7.32,true,1,
7290008804462,false,יין מוסקט קינוח פרייבט קולקשן יקבי כרמל,אגודת הכורמים הקואופרטיב,IL,מוסקט קינוח,מיליליטרים,500.00,"100 מ""ל",false,0,37.50,7.50,true,1,
7290008805049,false,סלקטד זינפנדל סמוק יקבי כרמל (750 מל),"כד בני דרום בע""מ",IL,רוזה סלקטד,מיליליטרים,750.00,"100 מ""ל",false,0,28.90,3.85,true,1,
7290008805384,false,סלקטד מוסקטו לבן יקבי כרמל (750 מל),אגודת הכורמים הקואופרטיב,IL,סלקטד מוסקטו,מיליליטרים,750.00,"100 מ""ל",false,0,28.90,3.85,true,1,
7290008805520,false,"יין קברנה/סוביניון סלקטד כרמל 750 מ""ל",אגודת הכורמים בעמ,IL,קברנה מרלו סלקטד,מיליליטרים,750.00,"100 מ""ל",false,0,28.90,3.85,true,1,
7290008805964,false,יין קברנה שיראז גליל עליון סדרה אזורית יקבי כרמל,אגודת הכורמים הקואופרטיב,IL,קברנה שיראז,מיליליטרים,750.00,"100 מ""ל",false,0,54.90,7.32,true,1,
7290008806305,false,"שלגון פצפצים ""שטראוס""","מיוצר ע"" גלידת שטראו",IL,שלגון פצפצים,יחידה,1.00,יחידה,false,0,4.90,4.90,true,1,
7290008835954,false,"אמנון פילה 5-7 וואקום - בד""ץ עדה חרדית",היינאן קשינגטאי,CN,פילה אמנון קפוא,גרמים,0.00,"ק""ג",true,1,19.90,19.90,true,1,
7290008836265,false,"נינוה יין לבן מוסקט אלכסנדרוני יקבי אפרת 750 מ""ל",יקב טפרברג 1870 בעמ,IL,יין מוסקט נינו,מיליליטרים,750.00,"100 מ""ל",false,0,24.90,3.32,true,1,
<<<<<<< HEAD
7290008836272,false,"יין אדום נינוה מוסקט המבורג יקבי אפרת 750 מ""ל",יקב טפרברג 1870 בעמ,IL,יין נינוה מוסק,מיליליטרים,750.00,"100 מ""ל",false,0,24.90,3.32,true,1,
7290008836401,false,יין אדום מתוק ישן נושן אפרת 1 ליטר,יקב טפרברג 1870 בעמ,IL,יין אפרת ישן נוש,ליטרים,1.00,ליטר,false,0,19.90,19.90,true,1,
7290008836425,false,יין קל אפרת 1 ליטר,יקב טפרברג 1870 בעמ,IL,יין אפרת קל,ליטרים,1.00,ליטר,false,0,19.90,19.90,true,1,
7290008836494,false,מיץ ענבים תירוש אדום אפרת 1 ליטר,יקב טפרברג 1870 בעמ,IL,תירוש אפרת אדו,ליטרים,1.00,ליטר,false,0,14.90,14.90,true,1,
7290008909853,false,"קוקה קולה זירו בקבוק 500 מ""ל.",החברה המרכזית לייצור משקאות,IL,קוקה קולה זירו,מיליליטרים,500.00,"100 מ""ל",false,0,5.70,1.14,true,1,
7290008975551,false,תחליף חלב מטרנה מהדרין שלב 3 חלבי 700 גרם,מולינו ניקולי s.p.a,IL,מטרנה מהדרין 3,גרמים,700.00,100 גרם,false,0,49.90,7.13,true,1,
7290008989015,false,"דייסת אורז בטר אנד דיפרנט 400 גרם כשל""פ",בטר אנד דיפרנט B&D,IL,דייסת אורז,גרמים,400.00,100 גרם,false,0,18.90,4.73,true,1,
7290008989022,false,דייסת סולת בטר אנד דיפרנט 400 גרם,בטר אנד דיפרנט B&D,IL,דייסת סולת,גרמים,400.00,100 גרם,false,0,18.90,4.73,true,1,
7290008989039,false,דייסת קורנפלור בטר אנד דיפרנט 400 גרם,בטר אנד דיפרנט B&D,IL,דייסת קורנפלור,גרמים,400.00,100 גרם,false,0,18.90,4.73,true,1,
7290008989053,false,בטר אנד דיפרנט דייסת דגנים מעורב 400גרם,בטר אנד דיפרנט B&D,IL,דייסת דגנים,גרמים,400.00,100 גרם,false,0,18.90,4.73,true,1,
=======
7290008836272,false,"יין אדום נינוה מוסקט המבורג יקבי אפרת 750 מ""ל",יקב טפרברג 1870 בעמ (יינות ומש,IL,יין נינוה מוסק,מיליליטרים,750.00,"100 מ""ל",false,0,24.90,3.32,true,1,
7290008836401,false,יין אדום מתוק ישן נושן אפרת 1 ליטר,יקב טפרברג 1870 בעמ (יינות ומש,IL,יין אפרת ישן נוש,ליטרים,1.00,ליטר,false,0,19.90,19.90,true,1,
7290008836425,false,יין קל אפרת 1 ליטר,יקב טפרברג 1870 בעמ,IL,יין אפרת קל,ליטרים,1.00,ליטר,false,0,19.90,19.90,true,1,
7290008836494,false,מיץ ענבים תירוש אדום אפרת 1 ליטר,יקב טפרברג 1870 בעמ (יינות ומש,IL,תירוש אפרת אדו,ליטרים,1.00,ליטר,false,0,14.90,14.90,true,1,
7290008909853,false,"קוקה קולה זירו בקבוק 500 מ""ל.",החברה המרכזית להפצת משקאות בעמ,IL,קוקה קולה זירו,מיליליטרים,500.00,"100 מ""ל",false,0,5.70,1.14,true,1,
7290008975551,false,תחליף חלב מטרנה מהדרין שלב 3 חלבי 700 גרם,קבוצת אוסם סחר שותפות מוגבלת,IL,מטרנה מהדרין 3,גרמים,700.00,100 גרם,false,0,49.90,7.13,true,1,
7290008989015,false,"דייסת אורז בטר אנד דיפרנט 400 גרם כשל""פ",בטר אנד דיפרנט בעמ,IL,דייסת אורז,גרמים,400.00,100 גרם,false,0,18.90,4.73,true,1,
7290008989022,false,דייסת סולת בטר אנד דיפרנט 400 גרם,בטר אנד דיפרנט בעמ,IL,דייסת סולת,גרמים,400.00,100 גרם,false,0,18.90,4.73,true,1,
7290008989039,false,דייסת קורנפלור בטר אנד דיפרנט 400 גרם,בטר אנד דיפרנט בעמ,IL,דייסת קורנפלור,גרמים,400.00,100 גרם,false,0,18.90,4.73,true,1,
7290008989053,false,בטר אנד דיפרנט דייסת דגנים מעורב 400גרם,בטר אנד דיפרנט בעמ,IL,דייסת דגנים,גרמים,400.00,100 גרם,false,0,18.90,4.73,true,1,
>>>>>>> d048ac2f4f281c9d788043ab4e81b61b0dbe3743
7290008989091,false,שלישיית פירכוני אורז בטר אנד דיפרנט 310 גרם,"בטר אנד דיפרנט בע""מ",IL,פריכיות אורז 3,גרמים,300.00,100 גרם,false,0,10.90,3.63,true,1,
7290008989169,false,"אורז תפוח בשקית בטר אנד דיפרנט 500 גרם לל""ג",בטר אנד דיפרנט בעמ,IL,אורז תפוח,גרמים,500.00,100 גרם,false,0,18.90,3.78,true,1,
7290008989282,false,שמן פשתן 250 גר',בטר אנד דיפרנט B&D,IL,שמן פשתן,מיליליטרים,250.00,"100 מ""ל",false,0,21.90,8.76,true,1,
7290008989299,false,גרנולה חמוציות בטר אנד דיפרנט 350 גרם,,IL,גרנולה 350 גר,גרמים,350.00,100 גרם,false,0,10.90,3.11,true,1,
7290008989305,false,שבבי סויה 55% חלבון 200גר,בטר אנד דיפרנט בעמ,,שבבי סויה,גרמים,200.00,100 גרם,false,0,7.60,3.80,true,1,
7290008989312,false,גולש סויה 200 גרם 55,בטר אנד דיפרנט בעמ,,גולש סויה,גרמים,200.00,100 גרם,false,0,7.60,3.80,true,1,
7290008989428,false,בטר&דיפרנט גרנולה אגוזים ושקדים 500ג,בטר אנד דיפרנט בעמ,IL,גרנולה אגוזים,גרמים,400.00,100 גרם,false,0,10.90,2.73,true,1,
7290008989473,false,ממרח חרובים בטעם שוקולד בטר אנד דיפרנט 350 גרם,"בטר אנד דיפרנט בע""מ",IL,ממרח חרובים,גרמים,350.00,100 גרם,false,0,13.90,3.97,true,1,
7290008989596,false,דייסת דגנים מעורבים 200 גר מהדרין,השדה מוצרים אורגניים,IL,דייסת דגנים,גרמים,200.00,100 גרם,false,0,9.90,4.95,true,1,
7290008989749,false,פריכיות קינואה +אורז מלא 200 גרם,בטר אנד דיפרנט,IL,פריכיות קינואה,גרמים,200.00,100 גרם,false,0,10.90,5.45,true,1,
7290008989855,false,"פרכוני אורז בטר אנד דיפרנט 80 גרם כשל""פ",בטר אנד דיפרנט B&D,IL,פריכוני אורז,גרמים,80.00,100 גרם,false,0,3.90,4.88,true,1,
7290008989893,false,בטר&דיפרנט דייסה כוסמת 200 גר,בטר אנד דיפרנט B&D,IL,דייסת כוסמת,גרמים,200.00,100 גרם,false,0,9.90,4.95,true,1,
<<<<<<< HEAD
7290008989909,false,סירופ תפוחים בטר אנד דיפרנט 1.2 ליטר,בטר אנד דיפרנט,,סירופ תפוחים,ליטרים,1.20,ליטר,false,0,32.90,27.42,true,1,
7290008989916,false,סירופ אננס בי&די 1.2 ליטר מהדרין,בטר אנד דיפרנט,IL,סירופ אננס,ליטרים,1.20,ליטר,false,0,32.90,27.42,true,1,
7290008989923,false,סירופ אפרסק 1.2 ליטר מהדרין,,,סירופ אפרסק,ליטרים,1.20,ליטר,false,0,32.90,27.42,true,1,
7290008989947,false,סירופ דובדבן בטר אנד דיפרנט 1.2 ליטר,,,סירופ דובדבן,ליטרים,1.20,ליטר,false,0,32.90,27.42,true,1,
=======
7290008989909,false,סירופ תפוחים בטר אנד דיפרנט 1.2 ליטר,בטר אנד דיפרנט בעמ,,סירופ תפוחים,ליטרים,1.20,ליטר,false,0,32.90,27.42,true,1,
7290008989916,false,סירופ אננס בי&די 1.2 ליטר מהדרין,בטר אנד דיפרנט בעמ,IL,סירופ אננס,ליטרים,1.20,ליטר,false,0,32.90,27.42,true,1,
7290008989923,false,סירופ אפרסק 1.2 ליטר מהדרין,בטר אנד דיפרנט בעמ,,סירופ אפרסק,ליטרים,1.20,ליטר,false,0,32.90,27.42,true,1,
7290008989947,false,סירופ דובדבן בטר אנד דיפרנט 1.2 ליטר,בטר אנד דיפרנט בעמ,,סירופ דובדבן,ליטרים,1.20,ליטר,false,0,32.90,27.42,true,1,
>>>>>>> d048ac2f4f281c9d788043ab4e81b61b0dbe3743
7290008989954,false,סירופ תפוזים 1.2ל' בי&די מהדרין,בטר אנד דיפרנט,,סירופ תפוזים,ליטרים,1.20,ליטר,false,0,32.90,27.42,true,1,
7290008989961,false,סירופ מנגו 1.2 ליטר,,,סירופ מנגו,ליטרים,1.20,ליטר,false,0,32.90,27.42,true,1,
7290009068931,true,דלעת מקולפת,,IL,דלעת מקולפת,גרמים,0.00,"ק""ג",true,0,36.00,36.00,true,1,
7290009069075,true,צנובר במשקל,,IL,צנובר במשקל,גרמים,0.00,"ק""ג",true,0,170.00,170.00,true,1,
7290009069082,true,קשיו טבעי,,IL,קשיו טבעי,גרמים,0.00,"ק""ג",true,0,59.00,59.00,true,1,
7290009069259,true,קבוקים במשקל,,IL,קבוקים במשקל,גרמים,0.00,"ק""ג",true,0,30.00,30.00,true,1,
7290009069471,true,מנגו מיובש טבעי,,IL,מנגו מיובש טבעי,גרמים,0.00,"ק""ג",true,0,98.00,98.00,true,1,
7290009907513,true,תבלין לגריל עוף במשקל לפ,,IL,תבלין לגריל עוף,גרמים,0.00,"ק""ג",true,1,58.00,58.00,true,1,
7290009922691,true,פרג שלם במשקל לפי משקל,,IL,פרג שלם במשקל,גרמים,0.00,"ק""ג",true,1,40.00,40.00,true,1,
7290009922738,true,קינמון טחון במשקל לפי מש,,IL,קינמון טחון במשק,גרמים,0.00,"ק""ג",true,1,50.00,50.00,true,1,
7290009922790,true,שאטא גרוסה במשקל לפי משק,,IL,שאטא גרוסה במשקל,גרמים,0.00,"ק""ג",true,1,97.00,97.00,true,1,
7290009922844,true,כמון טחון במשקל לפי משקל,,IL,כמון טחון במשקל,גרמים,0.00,"ק""ג",true,1,58.00,58.00,true,1,
7290010023141,false,תה לימונענע הגן הקסום ויסוצקי 25 יחידות,תה ויסוצקי (ישראל) בעמ,IL,חליטת לימונענע,גרמים,55.00,100 גרם,false,0,12.90,23.45,true,1,
7290010042319,false,פרחי ברוקולי פסקוביץ 600,בסט מייסטר,IL,ברוקולי פסקוביץ,גרמים,600.00,100 גרם,false,1,27.90,4.65,true,1,
7290010045068,false,עוגיות נסיכה לחמי (250 גרם),קונדטוריות לחמי,IL,עוגיות הנסיכה,גרמים,250.00,100 גרם,false,0,14.90,5.96,true,1,
7290010065318,false,מחית תפוח עץ ג'וניור פרינוק 190 גרם,גורי מוצרי צריכה 1991 בע`מ,CZ,פרינוק מחית,גרמים,130.00,100 גרם,false,0,4.50,3.46,true,1,
7290010066001,false,נתחי טונה עם שמן צמחי פילטונה 960 גרם,תעשיות פיל טונה בעמ,IL,נתחי טונה בשמן,גרמים,960.00,100 גרם,false,0,29.90,3.11,true,1,
7290010066025,false,טונה פילטונה בודד בשמן 160 ג`.,תעשיות פיל טונה בעמ,IL,נתחי טונה בשמן,גרמים,158.00,100 גרם,false,0,4.90,3.10,true,1,
7290010066445,false,טונה בשמן צמחי 414 גרם פילטונה.,תעשיות פילטונה,IL,נתחי טונה בשמן,גרמים,414.00,100 גרם,false,0,11.90,2.87,true,1,
7290010066513,false,נתחי טונה בשמן צמחי רביעיה *158ג' פילטונה,תעשיות פילטונה בעמ,IL,טונה בשמן 4 יח,גרמים,632.00,100 גרם,false,0,19.90,3.15,true,1,
7290010066520,false,נתחי טונה בהירה בשמן קנולה 160 גר G.Q,תעשיות פילטונה בעמ,IL,נתחי טונה,גרמים,158.00,100 גרם,false,0,5.90,3.73,true,1,
7290010066575,false,נתחי טונה במים רביעיה *158ג' פילטונה,תעשיות פילטונה בעמ,IL,טונה במי מלח 4יח,גרמים,632.00,100 גרם,false,0,19.90,3.15,true,1,
7290010066582,false,נתחי טונה בשמן קנולה רביעיה * 158 ג' פילטונה,תעשיות פילטונה בעמ,IL,טונה בשמן 4 יח,גרמים,632.00,100 גרם,false,0,19.90,3.15,true,1,
7290010066599,false,רביעיית נתחי טונה בשמן זית פילטונה 158X4 גרם,תעשיות פילטונה בעמ,IL,טונה בשמן זית4יח,גרמים,632.00,100 גרם,false,0,27.90,4.41,true,1,
7290010066940,false,נתחי טונה במי מלח960ג,תעשיות פילטונה,IL,נתחי טונה,גרמים,960.00,100 גרם,false,0,33.90,3.53,true,1,
7290010068005,false,פופקורן גרגרים 500 גר',,IL,פופקורן בוואקום,גרמים,500.00,100 גרם,false,0,8.90,1.78,true,1,
7290010068012,false,כי טוב אורז מלא ארוך 500 גרם,,IL,אורז מלא,גרמים,500.00,100 גרם,false,0,8.90,1.78,true,1,
7290010068036,false,עדשים ירוקים בואקום 500 ג' כי טוב,,IL,עדשים ירוקים,גרמים,500.00,100 גרם,false,0,8.90,1.78,true,1,
7290010068043,false,עדשים אדומות בואקום 500 ג' כי טוב,,IL,עדשים אדומים,גרמים,500.00,100 גרם,false,0,10.90,2.18,true,1,
7290010068067,false,כי טוב אורז לבן יסמין ואקום 500 גרם,,IL,אורז לבן יסמין,גרמים,500.00,100 גרם,false,0,7.90,1.58,true,1,
7290010068074,false,שעועית לבנה טובה כיטוב 500 גרם,TBD,IL,שעועית לבנה,גרמים,500.00,100 גרם,false,0,9.90,1.98,true,1,
7290010068081,false,כי טוב כוסמת קלויה 500גר,,IL,כוסמת קלויה,גרמים,500.00,100 גרם,false,0,8.90,1.78,true,1,
7290010068098,false,"חיטה כיטוב 500 גרם בד""ץ",,IL,חיטה,גרמים,500.00,100 גרם,false,0,7.90,1.58,true,1,
7290010068104,false,שעועית אדומה כיטוב 500 גרם,,IL,שעועית אדומה,גרמים,500.00,100 גרם,false,0,9.90,1.98,true,1,
7290010068111,false,"גריסי פנינה כיטוב 500 גרם בד""ץ",TBD,IL,גריסי פנינה,גרמים,500.00,100 גרם,false,0,7.90,1.58,true,1,
7290010068128,false,כי טוב אפונה יבשה בואקום 500גר.,,IL,אפונה יבשה,גרמים,500.00,100 גרם,false,0,7.90,1.58,true,1,
7290010068159,false,קוואקר בוואקום כיטוב 320 גרם,,IL,קוואקר,גרמים,320.00,100 גרם,false,0,6.90,2.16,true,1,
7290010068166,false,כי טוב חיטה מלאה 500,"ע.רן שיווק כיטוב בע""מ",IL,חיטה מלאה,גרמים,500.00,100 גרם,false,0,7.90,1.58,true,1,
7290010068173,false,בורגול כיטוב 500 גרם,,IL,בורגול,גרמים,500.00,100 גרם,false,0,7.90,1.58,true,1,
7290010068180,false,"שומשום כיטוב 200 גרם בד""ץ",,IL,שומשום,גרמים,200.00,100 גרם,false,0,7.90,3.95,true,1,
7290010068197,false,שעועית מעורבת יבשה 500 ג' כי טוב,,IL,שעועית מעורבת,גרמים,500.00,100 גרם,false,0,9.90,1.98,true,1,
7290010068203,false,אורז בסמטי כיטוב 500 גרם,,,אורז בסמטי,גרמים,500.00,100 גרם,false,0,8.90,1.78,true,1,
7290010068227,false,"קינואה כיטוב 300 גרם בד""ץ",,,קינואה,גרמים,300.00,100 גרם,false,0,12.90,4.30,true,1,
7290010068234,false,"שומשום מלא כיטוב 200 גרם בד""ץ",,,שומשום מלא,גרמים,200.00,100 גרם,false,0,8.90,4.45,true,1,
7290010068265,false,כי טוב חומוס לבן ענק 450 גר.,,,חומוס לבן,גרמים,500.00,100 גרם,false,0,11.90,2.38,true,1,
7290010068357,false,"אורז לבן פרסי בד""צ בואקום כיטוב 2 ק""ג",,IL,אורז לבן פרסי,קילוגרמים,2.00,"ק""ג",false,0,23.90,11.95,true,1,
7290010068456,false,שעועית בובס כיטוב 400 גרם,,IL,שעועית בובס,גרמים,400.00,100 גרם,false,0,10.90,2.73,true,1,
7290010068500,false,"אורז לבן פרסי בואקום כיטוב 1 ק""ג",,IL,אורז פרסי,גרמים,1000.00,100 גרם,false,0,12.90,1.29,true,1,
7290010068555,false,גרעיני דלעת 200 גרם,,IL,גרעיני דלעת,גרמים,200.00,100 גרם,false,0,13.90,6.95,true,1,
7290010068708,false,קוואקר כיטוב הכנה מהירה 500 גרם,,IL,קוואקר שקית,גרמים,500.00,100 גרם,false,0,9.90,1.98,true,1,
7290010068746,false,קמח תירס 400 גרם,,IL,קמח תירס 400 גרם,גרמים,400.00,100 גרם,false,0,8.90,2.23,true,1,
7290010068753,false,קוסקוס נקי בוואקום 350 גרם כי טוב,,IL,קוסקוס,גרמים,350.00,100 גרם,false,1,7.90,2.26,true,1,
7290010068784,false,"אורז בסמטי 1 ק""ג כי טוב",,IL,אורז בסמטי,גרמים,1000.00,100 גרם,false,0,14.90,1.49,true,1,
7290010068852,false,כי טוב אורז לבן יסמין 1 קג,,IL,אורז לבן יסמין,קילוגרמים,1.00,"ק""ג",false,0,13.90,13.90,true,1,
7290010068876,false,"גריסי פנינה 1 ק""ג כי טוב",,IL,גריסים,קילוגרמים,1.00,"ק""ג",false,0,13.90,13.90,true,1,
7290010068890,false,"שעועית לבנה 1 ק""ג כי טוב",,,שעועית לבנה,גרמים,1000.00,100 גרם,false,0,17.90,1.79,true,1,
7290010068906,false,"אורז מלא 1 ק""ג כי טוב",,,אורז מלא,קילוגרמים,1.00,"ק""ג",false,0,14.90,14.90,true,1,
7290010112425,false,סבון נוזלי בסט ונילה 1ל',,IL,סבון נוזלי בסט,ליטרים,1.00,ליטר,false,0,9.90,9.90,true,1,
7290010112449,false,סבון נוזלי בסט אכינצאה1ל,,IL,סבון נוזלי בסט,ליטרים,1.00,ליטר,false,0,9.90,9.90,true,1,
7290010112951,false,אקסטרא מרכך כביסה מרוכז,,,אקסטרא מרכך כביס,יחידה,1.00,יחידה,false,0,8.90,8.90,true,1,
7290010116980,false,שוקולית אבקה להכנת משקה שוקו שקית 850,הנסיך- מפעל לייצור ט,IL,שוקולית עלית,גרמים,850.00,100 גרם,false,0,12.90,1.52,true,1,
7290010117864,false,דוריטוס חטיף תירס בטעם חריף אש עלית 70 גרם,"שטראוס פריטו ליי בע""\מ )",IL,דוריטוס חריף,גרמים,70.00,100 גרם,false,0,2.90,4.14,true,1,
7290010119240,false,מארז תפוצ'יפס טבעי 216 גרם 12 יחידות,"שטראוס פריטו ליי בע""\מ )",IL,תפוצ'יפס 12 יח,גרמים,216.00,100 גרם,false,0,12.90,5.97,true,1,
7290010124084,false,"מינוט סטייק 300 גרם בד""ץ עדה חרדית","בלדי בע""\מ",IL,סטייק מינוט,גרמים,300.00,100 גרם,false,1,44.90,14.97,true,1,
7290010124312,false,שמיניית מרגז קצביה ארוז 500 גרם עדה החרדית,בלדי בעמ,IL,נקנקיות מרגז,גרמים,500.00,100 גרם,false,1,39.90,7.98,true,1,
7290010124459,false,צ`וריסוס קצביה ארוז 500גר עדה החרדית,בלדי בעמ,IL,נקנקיות צ'וריסוס,גרמים,500.00,100 גרם,false,1,39.90,7.98,true,1,
7290010124473,false,"אפונה עדינה 600 גרם ארוז - בד""ץ עדה חרדית",פספרוסט,BE,אפונה עדינה,גרמים,600.00,100 גרם,false,1,12.90,2.15,true,1,
<<<<<<< HEAD
7290010153503,false,שעועית בובס יבשה מיה 400 גר',מיה תעשיות מזון מ.ת.מ. ב,IL,שעועית ענק,גרמים,400.00,100 גרם,false,0,7.50,1.88,true,1,
7290010153510,false,בורגול יבש מיה 500 גר',מיה תעשיות מזון מ.ת.מ. ב,IL,בורגול,גרמים,500.00,100 גרם,false,0,3.90,0.78,true,1,
7290010153527,false,ג'ריש מיה 500 גרם,מיה תעשיות מזון מ.ת.מ. ב,IL,ג'ריש,גרמים,500.00,100 גרם,false,0,3.90,0.78,true,1,
7290010153534,false,קמח תירס מיה 400 גרם,מיה תעשיות מזון מ.ת.מ. ב,IL,קמח תירס,גרמים,400.00,100 גרם,false,0,4.90,1.23,true,1,
7290010153541,false,שיבולת שועל קוואקר מהיר הכנה מיה 500 גר',מיה תעשיות מזון מ.ת.מ. ב,IL,שיבולת שועל,גרמים,500.00,100 גרם,false,0,3.90,0.78,true,1,
7290010153688,false,חומץ רכיבים טבעיים 1 ליטר,פרידמן תעשיות חומץ ו,IL,חומץ טבעי,מיליליטרים,1000.00,"100 מ""ל",false,0,4.90,0.49,true,1,
7290010153695,false,"פול גדול יבש מיה 400 גר' כשל""פ",מיה תעשיות מזון מ.ת.מ. ב,IL,פול 400 גרם,גרמים,400.00,100 גרם,false,0,6.90,1.73,true,1,
7290010153725,false,קונפיטורה דובדבן מיה 340 גרם,מיה תעשיות מזון מ.ת.מ. ב,IL,קונפיטורה דובדבן,גרמים,340.00,100 גרם,false,0,8.90,2.62,true,1,
7290010153770,false,ציפוי לשניצל פיקנטי מיה 500 גרם,מיה תעשיות מזון מ.ת.מ. ב,IL,ציפוי לשניצל,גרמים,500.00,100 גרם,false,0,7.90,1.58,true,1,
7290010153787,false,ציפוי לשניצל עם שום מיה 500 גרם,מיה תעשיות מזון מ.ת.מ. ב,IL,ציפוי לשניצל,גרמים,500.00,100 גרם,false,0,7.90,1.58,true,1,
7290010153794,false,ציפוי לשניצל עם עשבי תיבול מיה 500 גרם,מיה תעשיות מזון מ.ת.מ. ב,IL,ציפוי לשניצל,גרמים,500.00,100 גרם,false,0,7.90,1.58,true,1,
7290010153800,false,ציפוי לשניצל עם תיבול עדין מיה 500 גרם,מיה תעשיות מזון מ.ת.מ. ב,IL,ציפוי לשניצל,גרמים,500.00,100 גרם,false,0,7.90,1.58,true,1,
7290010153817,false,ריבת חלב אמיתי מיה 400 גרם,מיה תעשיות מזון מ.ת.מ. ב,IL,ריבת חלב,גרמים,400.00,100 גרם,false,0,8.90,2.23,true,1,
7290010153848,false,תבלין פפריקה מרוקאי בשמן 80 גר' מיה,מיה תעשיות מזון מ.ת.מ. ב,IL,פפריקה בשמן,גרמים,80.00,100 גרם,false,0,5.90,7.38,true,1,
7290010153855,false,פפריקה מרוקאית בשמן 300 גרם צנצנת,מיה תעשיות מזון מ.ת.מ. ב,IL,פפריקה מרוקאית,גרמים,300.00,100 גרם,false,0,12.90,4.30,true,1,
7290010153862,false,פלפל שחור גרוס בצנצנת מיה 70 גרם,מיה תעשיות מזון מ.ת.מ. ב,IL,פלפל שחור גרוס,גרמים,70.00,100 גרם,false,0,6.90,9.86,true,1,
7290010153879,false,ריבת חלב מרוכזת בטעם שמנת מיה 400 גר',מיה תעשיות מזון מ.ת.מ. ב,IL,ריבת חלב ט.שמנת,גרמים,400.00,100 גרם,false,0,8.90,2.23,true,1,
7290010153978,false,קונפיטורה שזיפים מיה 340 גרם,מיה תעשיות מזון מ.ת.מ. ב,IL,קונפיטורה שזיפים,גרמים,340.00,100 גרם,false,0,8.90,2.62,true,1,
7290010154005,false,סחוג תימני יוחאי ביטון 250 גרם,תבליני יוחאי ביטון,IL,סחוג תימני,גרמים,250.00,100 גרם,false,0,13.90,5.56,true,1,
7290010154012,false,לימון בלאדי כבוש תבליני ביטון 250 גרם,תבליני יוחאי ביטון,IL,לימון בלאדי,גרמים,250.00,100 גרם,false,0,13.90,5.56,true,1,
7290010154029,false,אריסה מתוקה יוחאי ביטון 250 גרם,תבליני יוחאי ביטון,IL,אריסה מתוקה,גרמים,250.00,100 גרם,false,0,13.90,5.56,true,1,
7290010154036,false,עמבה תבליני ביטון 250 גרם,תבליני יוחאי ביטון,IL,עמבה,גרמים,250.00,100 גרם,false,0,13.90,5.56,true,1,
7290010154050,false,ממרח שיפקה כבוש חריף 250,תבליני יוחאי ביטון,IL,ממרח שיפקה כבוש,גרמים,250.00,100 גרם,false,1,13.90,5.56,true,1,
7290010154241,false,סלט חזרת ריף ביטון 250 ג',תבליני יוחאי ביטון,IL,סלט חזרת ביתית,גרמים,250.00,100 גרם,false,0,13.90,5.56,true,1,
7290010154265,false,פלפל צ'ומה תבליני ביטון 250 גרם,תבליני יוחאי ביטון,IL,פלפל צ'ומה,גרמים,250.00,100 גרם,false,0,13.90,5.56,true,1,
=======
7290010153503,false,שעועית בובס יבשה מיה 400 גר',מיה תעשיות מזון מ.ת.מ. בעמ,IL,שעועית ענק,גרמים,400.00,100 גרם,false,0,7.50,1.88,true,1,
7290010153510,false,בורגול יבש מיה 500 גר',מיה תעשיות מזון מ.ת.מ. בעמ,IL,בורגול,גרמים,500.00,100 גרם,false,0,3.90,0.78,true,1,
7290010153527,false,ג'ריש מיה 500 גרם,מיה תעשיות מזון מ.ת.מ. בעמ,IL,ג'ריש,גרמים,500.00,100 גרם,false,0,3.90,0.78,true,1,
7290010153534,false,קמח תירס מיה 400 גרם,מיה תעשיות מזון מ.ת.מ. בעמ,IL,קמח תירס,גרמים,400.00,100 גרם,false,0,4.90,1.23,true,1,
7290010153541,false,שיבולת שועל קוואקר מהיר הכנה מיה 500 גר',מיה תעשיות מזון מ.ת.מ בעמ,IL,שיבולת שועל,גרמים,500.00,100 גרם,false,0,3.90,0.78,true,1,
7290010153688,false,חומץ רכיבים טבעיים 1 ליטר,מיה תעשיות מזון מ.ת.מ. בעמ,IL,חומץ טבעי,מיליליטרים,1000.00,"100 מ""ל",false,0,4.90,0.49,true,1,
7290010153695,false,"פול גדול יבש מיה 400 גר' כשל""פ",מיה תעשיות מזון מ.ת.מ. בעמ,IL,פול 400 גרם,גרמים,400.00,100 גרם,false,0,6.90,1.73,true,1,
7290010153725,false,קונפיטורה דובדבן מיה 340 גרם,מיה תעשיות מזון מ.ת.מ בעמ,IL,קונפיטורה דובדבן,גרמים,340.00,100 גרם,false,0,8.90,2.62,true,1,
7290010153770,false,ציפוי לשניצל פיקנטי מיה 500 גרם,מיה תעשיות מזון מ.ת.מ. בעמ,IL,ציפוי לשניצל,גרמים,500.00,100 גרם,false,0,7.90,1.58,true,1,
7290010153787,false,ציפוי לשניצל עם שומשום 500 גר`מיה,מיה תעשיות מזון מ.ת.מ. בעמ,IL,ציפוי לשניצל,גרמים,500.00,100 גרם,false,0,7.90,1.58,true,1,
7290010153794,false,ציפוי לשניצל עם עשבי תיבול מיה 500 גרם,מיה תעשיות מזון מ.ת.מ. בעמ,IL,ציפוי לשניצל,גרמים,500.00,100 גרם,false,0,7.90,1.58,true,1,
7290010153800,false,ציפוי לשניצל עם תיבול עדין מיה (500 גרם),מיה תעשיות מזון מ.ת.מ. בעמ,IL,ציפוי לשניצל,גרמים,500.00,100 גרם,false,0,7.90,1.58,true,1,
7290010153817,false,ריבת חלב אמיתי מיה 400 גרם,מיה תעשיות מזון מ.ת.מ. בעמ,IL,ריבת חלב,גרמים,400.00,100 גרם,false,0,8.90,2.23,true,1,
7290010153848,false,תבלין פפריקה מרוקאי בשמן 80 גר' מיה,מיה תעשיות מזון מ.ת.מ בעמ,IL,פפריקה בשמן,גרמים,80.00,100 גרם,false,0,5.90,7.38,true,1,
7290010153855,false,פפריקה מרוקאית בשמן 300 גרם צנצנת,מיה תעשיות מזון מ.ת.מ בעמ,IL,פפריקה מרוקאית,גרמים,300.00,100 גרם,false,0,12.90,4.30,true,1,
7290010153862,false,פלפל שחור גרוס בצנצנת מיה 70 גרם,מיה תעשיות מזון מ.ת.מ בעמ,IL,פלפל שחור גרוס,גרמים,70.00,100 גרם,false,0,6.90,9.86,true,1,
7290010153879,false,ריבת חלב מרוכזת בטעם שמנת מיה 400 גר',מיה תעשיות מזון מ.ת.מ. בעמ,IL,ריבת חלב ט.שמנת,גרמים,400.00,100 גרם,false,0,8.90,2.23,true,1,
7290010153978,false,קונפיטורה שזיפים מיה 340 גרם,מיה תעשיות מזון מ.ת.מ בעמ,IL,קונפיטורה שזיפים,גרמים,340.00,100 גרם,false,0,8.90,2.62,true,1,
7290010154005,false,סחוג תימני תבליני ביטון יוחאי (250 גרם),תבליני יוחאי ביטון,IL,סחוג תימני,גרמים,250.00,100 גרם,false,0,13.90,5.56,true,1,
7290010154012,false,לימון בלאדי תבליני ביטון יוחאי (250 גרם),תבליני יוחאי ביטון,IL,לימון בלאדי,גרמים,250.00,100 גרם,false,0,13.90,5.56,true,1,
7290010154029,false,אריסה מתוקה תבליני ביטון יוחאי (250 גרם),תבליני יוחאי ביטון,IL,אריסה מתוקה,גרמים,250.00,100 גרם,false,0,13.90,5.56,true,1,
7290010154036,false,עמבה תבליני ביטון יוחאי (250 גרם),תבליני יוחאי ביטון,IL,עמבה,גרמים,250.00,100 גרם,false,0,13.90,5.56,true,1,
7290010154050,false,ממרח שיפקה כבוש ביטון יוחאי (250 גרם),תבליני יוחאי ביטון,IL,ממרח שיפקה כבוש,גרמים,250.00,100 גרם,false,1,13.90,5.56,true,1,
7290010154241,false,סלט חזרת ביתית תבליני ביטון יוחאי (250 ג,תבליני יוחאי ביטון,IL,סלט חזרת ביתית,גרמים,250.00,100 גרם,false,0,13.90,5.56,true,1,
7290010154265,false,פלפל צ`ומה תבליני ביטון יוחאי (250 גרם),תבליני יוחאי ביטון,IL,פלפל צ'ומה,גרמים,250.00,100 גרם,false,0,13.90,5.56,true,1,
>>>>>>> d048ac2f4f281c9d788043ab4e81b61b0dbe3743
7290010154418,false,סחוג אדום תבליני ביטון 130 גרם,תבליני יוחאי ביטון,IL,סחוג אדום,גרמים,130.00,100 גרם,false,0,8.90,6.85,true,1,
7290010154425,false,סחוג ירוק תבליני ביטון 130 גרם,תבליני יוחאי ביטון,IL,סחוג ירוק,גרמים,130.00,100 גרם,false,0,8.90,6.85,true,1,
7290010154548,false,ממרח שום טבעי יוחאי ביטון 235 גרם,תבליני יוחאי ביטון,IL,ממרח שום טבעי,גרמים,235.00,100 גרם,false,1,13.90,5.91,true,1,
7290010154555,false,ממרח לימון כבוש יוחאי ביטון 250 גרם,תבליני יוחאי ביטון,IL,ממרחלימון כבוש,גרמים,250.00,100 גרם,false,1,13.90,5.56,true,1,
7290010154685,false,סלט שום כתוש 250 ג' ביטון יוחאי,תבליני יוחאי ביטון,IL,סלט שום כתוש,גרמים,250.00,100 גרם,false,1,13.90,5.56,true,1,
7290010154692,false,סחוג אדום יוחאי ביטון 250 גרם,תבליני יוחאי ביטון,IL,סחוג אדום 250 גר,גרמים,250.00,100 גרם,false,1,13.90,5.56,true,1,
7290010162277,false,מקדמיה טבעית במשקל,,IL,מקדמיה טבעית,גרמים,0.00,"ק""ג",true,1,130.00,130.00,true,1,
7290010175048,false,מיץ בטעם לימון משומר 1 ליטר טעמן,טעמן,IL,מיץ לימון משומר 1 ליטר,ליטרים,1.00,ליטר,false,0,3.90,3.90,true,1,
7290010175055,false,חומץ 5% טעמן 1 ליטר,,IL,חומץ,ליטרים,1.00,ליטר,false,0,3.90,3.90,true,1,
<<<<<<< HEAD
7290010175291,false,קקאו הולנדי לאפייה ולהכנת משקה,טעמן,IL,קקאו הולנדי,גרמים,500.00,100 גרם,false,0,16.90,3.38,true,1,
7290010175819,false,חמאת בוטנים קלאסית טעמן 510 גרם,ניצה אס סיי,IL,חמאת בוטנים,גרמים,510.00,100 גרם,false,0,10.90,2.14,true,1,
7290010175826,false,חמאת בוטנים עם שברי בוטנים טעמן 510 גרם,ניצה אס סיי,AR,חמאת בוטנים,גרמים,510.00,100 גרם,false,0,10.90,2.14,true,1,
7290010175857,false,פרוסות לבבות דקל במי מלח טעים 400 גרם,אינאקספו,EC,לבבות דקל פרוס,גרמים,400.00,100 גרם,false,0,10.90,2.73,true,1,
=======
7290010175291,false,קקאו הולנדי לאפייה ולהכנת משקה,טעמן שיווק מזון בעמ,IL,קקאו הולנדי,גרמים,500.00,100 גרם,false,0,16.90,3.38,true,1,
7290010175819,false,חמאת בוטנים קלאסית טעמן 510 גרם,טעמן שווק מזון בעמ,IL,חמאת בוטנים,גרמים,510.00,100 גרם,false,0,10.90,2.14,true,1,
7290010175826,false,חמאת בוטנים עם שברי בוטנים טעמן 510 גרם,טעמן שווק מזון בעמ,AR,חמאת בוטנים,גרמים,510.00,100 גרם,false,0,10.90,2.14,true,1,
7290010175857,false,פרוסות לבבות דקל במי מלח טעים 400 גרם,טעמן שיווק מזון בעמ,EC,לבבות דקל פרוס,גרמים,400.00,100 גרם,false,0,10.90,2.73,true,1,
>>>>>>> d048ac2f4f281c9d788043ab4e81b61b0dbe3743
7290010176212,false,נודלס בטעם עוף בכוס 65 גר' טעמן,זיזיאנג גרין הום פוד,CN,נודלס בטעם עוף,גרמים,65.00,100 גרם,false,0,3.90,6.00,true,1,
7290010176229,false,נודלס בטעם בקר בכוס 65 גר' טעמן,זיזיאנג גרין הום פוד,CN,נודלס בטעם בקר,גרמים,65.00,100 גרם,false,0,3.90,6.00,true,1,
7290010176236,false,ארוחת נודלס בטעם ירקות טעים 65 גרם,זיזיאנג גרין הום פוד,CN,נודלס טעם ירקו,גרמים,65.00,100 גרם,false,0,3.90,6.00,true,1,
7290010176243,false,נודלס בטעם סיני בכוס 65 גר' טעמן,זיזיאנג גרין הום פוד,CN,נודלס פיקנטי,גרמים,65.00,100 גרם,false,0,3.90,6.00,true,1,
7290010193035,false,כבד עוף צלוי מצונן 250 גר',גלאט עוף,IL,"כבד עוף עד""ח 250",גרמים,250.00,100 גרם,false,0,33.90,13.56,true,1,
7290010193097,false,שניצל עוף אמיתי גלאט עוף 700 גרם,גלאט עוף,IL,שניצל עוף אמיתי,גרמים,700.00,100 גרם,false,0,39.90,5.70,true,1,
7290010193103,false,שניצל הודו אמיתי גלאט עוף 700 גרם,גלאט עוף,IL,שניצל הודו 700,גרמים,700.00,100 גרם,false,0,36.90,5.27,true,1,
7290010193288,false,קישקע ממולא גלאט עוף 500 גרם,מ ב גלאט עוף למהדרין,IL,קישקע קפוא 500 ג,גרמים,500.00,100 גרם,false,0,13.90,2.78,true,1,
7290010193301,false,שווארמה אמיתית 600,מ.א.ד.פ,,שווארמה אמיתית,גרמים,600.00,100 גרם,false,0,41.90,6.98,true,1,
7290010193387,false,נקניק תה מעושן גלאט עוף 400 גרם,גלאט עוף,IL,תה מעושן,גרמים,400.00,100 גרם,false,0,19.90,4.98,true,1,
7290010193394,false,נקניק תה גלאט עוף מעושן 200 גרם,מ.א.ד.פ,IL,תה מעושן,גרמים,200.00,100 גרם,false,0,9.90,4.95,true,1,
7290010193431,false,נקניק סלמי גלאט עוף מובחר 200 גרם,גלאט עוף,IL,סלמי מובחר200גרם,גרמים,200.00,100 גרם,false,0,12.90,6.45,true,1,
7290010193448,false,פסרמה רומנית גלאט עוף 400 גרם,מ ב גלאט עוף למהדרין,IL,פסטרמה רומנית,גרמים,400.00,100 גרם,false,0,29.90,7.48,true,1,
7290010193479,false,מעדן שווארמה הודו קפוא 200 גר' גלאט,מ ב גלאט עוף למהדרין,IL,מעדן שווארמה200ג,גרמים,200.00,100 גרם,false,0,13.90,6.95,true,1,
7290010193486,false,חזה הודו מעושן גלאט עוף 400 גרם,מ ב גלאט עוף למהדרין,IL,חזה הודו מעושן,גרמים,400.00,100 גרם,false,0,28.90,7.23,true,1,
7290010193493,false,פסטרמה חזה הודו מעושנת 200ג' גלאט,מ ב גלאט עוף למהדרין,IL,חזה הודו מעושן,גרמים,200.00,100 גרם,false,0,15.90,7.95,true,1,
7290010193523,false,פסטרמה מעודנת גלאט עוף 400 גרם,מ ב גלאט עוף למהדרין,IL,פסטרמה מעודנת,גרמים,400.00,100 גרם,false,0,21.90,5.48,true,1,
7290010193530,false,נקניק קבנוס ג.עוף 18,מ ב גלאט עוף למהדרין,IL,קבנוס 180 גרם,גרמים,180.00,100 גרם,false,0,12.90,7.17,true,1,
7290010193615,false,מארז זוגי פסטרמה הודו מעושן+תה מעושן גלאט עוף 300 גרם,מ ב גלאט עוף למהדרין,IL,נקניק תה+פסטרמה,גרמים,600.00,100 גרם,false,0,23.90,3.98,true,1,
7290010193769,false,נגיסי עוף קפוא גלאט עוף 600 גרם,גלאט עוף,IL,נגיסי עוף,גרמים,600.00,100 גרם,false,0,19.90,3.32,true,1,
7290010193776,false,טבעות עוף גלאט עוף 600 גרם,גלאט עוף,IL,טבעות עוף,גרמים,600.00,100 גרם,false,0,19.90,3.32,true,1,
7290010193783,false,שניצל אמריקאי גלאט עוף 700 גרם,גלאט עוף,IL,שניצל אמריקאי 700גרם שני,גרמים,700.00,100 גרם,false,0,22.90,3.27,true,1,
7290010193806,false,נקניקיות עוף קפוא 400 גר,גלאט עוף,IL,נקניקיות עוף,גרמים,400.00,100 גרם,false,0,9.50,2.38,true,1,
7290010193899,false,קישקע מקמח מלא גלאט עוף 500 גרם,מ ב גלאט עוף למהדרין,IL,קישקע קמח מלא,גרמים,500.00,100 גרם,false,0,14.90,2.98,true,1,
7290010193905,false,נקנקיות עוף גלאט עוף 800 גרם,מ ב גלאט עוף למהדרין,IL,נקנקיות עוף 800ג,גרמים,800.00,100 גרם,false,1,18.90,2.36,true,1,
7290010193912,false,שניצלונים בשומשום גלאט עוף 600 גרם,מ.א.ד.פ,IL,שניצלונים בשומשו,גרמים,600.00,100 גרם,false,1,29.90,4.98,true,1,
7290010193981,false,נקנקיות הודו שלם גלאט עוף 400 גרם,מ ב גלאט עוף למהדרין,IL,נקניק הודו 400גר,גרמים,400.00,100 גרם,false,1,22.90,5.73,true,1,
7290010193998,false,קישקע פרווה 700 גרם,גלאט עוף,IL,קישקע פרווה,גרמים,700.00,100 גרם,false,1,17.90,2.56,true,1,
<<<<<<< HEAD
7290010237531,false,פפסי קולה פלסטיק 500מל,סנו מפעלי ברונוס.,IL,פפסי בקבוק,מיליליטרים,500.00,"100 מ""ל",false,0,3.90,0.78,true,1,
7290010237548,false,"פפסי מקס דל קלוריות 500 מ""ל בקבוק",טמפו משקאות בעמ,IL,פפסי מקס,מיליליטרים,500.00,"100 מ""ל",false,0,4.50,0.90,true,1,
7290010237562,false,משקה פפסי מרינדה קוו,"טמפו משקאות בע""מ",IL,מירינדה,מיליליטרים,500.00,"100 מ""ל",false,0,3.90,0.78,true,1,
7290010237579,false,משקה סבן אפ קוול 500,"טמפו משקאות בע""מ",IL,סבנ אפ,מיליליטרים,500.00,"100 מ""ל",false,0,3.90,0.78,true,1,
7290010237586,false,סבן אפ דיאט פלסטיק 500מל,"טמפו משקאות בע""מ",IL,סבנ אפ דיאט,מיליליטרים,500.00,"100 מ""ל",false,0,4.50,0.90,true,1,
7290010259823,false,מנת השף-מרק עם נודלס בטעם עוף ויליפוד,נמצ'או(תאילנד) בעמ,TH,מנת השף נודלס,גרמים,70.00,100 גרם,false,0,5.90,8.43,true,1,
7290010259830,false,מנת השף נודלס בסגנון סיני פיקנטי וילי פוד 70 גרם,נמצ'או(תאילנד) בעמ,TH,מנת השף נודלס,גרמים,70.00,100 גרם,false,0,5.90,8.43,true,1,
7290010259847,false,מנת השף מרק עם נודלס בטעם תירס ויליפוד 70 גרם,קריות זול,TH,מנת השף נודלס,גרמים,70.00,100 גרם,false,0,5.90,8.43,true,1,
7290010259854,false,מנת השף מרק עם נודלס בטעם פטריות ויליפוד 70 גרם,נמצ'או(תאילנד) בעמ,TH,מנת השף נודלס,גרמים,70.00,100 גרם,false,0,5.90,8.43,true,1,
7290010259861,false,מנת השף מרק עם נודלס בטעם ירקות ויליפוד 70 גרם,קריות זול,TH,מנת השף נודלס,גרמים,70.00,100 גרם,false,0,5.90,8.43,true,1,
7290010259953,false,עוגיות ביצים בישקוטים ויליפוד 200 ג',דן קייק,PT,עוגיות בישקוטים,גרמים,400.00,100 גרם,false,0,11.90,2.98,true,1,
7290010328093,false,ממרח חלווה אחווה 400 ג' מהדרין,אחדות בית חרושת לטחי,IL,ממרח חלוה,גרמים,400.00,100 גרם,false,0,9.90,2.48,true,1,
7290010328239,false,טחינה גולמית מתובלת אחווה 500 ג',אחדות ביחר לטחינה חל,IL,טחינה מתובלת,גרמים,500.00,100 גרם,false,0,8.90,1.78,true,1,
7290010328246,false,טחינה גולמית שומשום מלא אחווה 500 ג',"אחדות ביח""ר לטחינה ח",IL,טחינה שומשום מלא,גרמים,500.00,100 גרם,false,0,8.90,1.78,true,1,
7290010328253,false,טחינה גולמית משומשום טבעי אחווה 500 גרם,"אחדות ביח""ר לטחינה ח",IL,טחינה טבעי,גרמים,500.00,100 גרם,false,0,8.90,1.78,true,1,
7290010328345,false,חלווה בקופסה אחוה 50 גרם,אחדות ביחר לטחינה חל,IL,חטיף חלווה,גרמים,50.00,100 גרם,false,0,1.60,3.20,true,1,
7290010328451,false,אחווה חלווה עם פולי קקאו 400 גר,אחדות ביחר לטחינה חל,IL,חלווה+פולי קקאו,גרמים,400.00,100 גרם,false,0,8.80,2.20,true,1,
=======
7290010237531,false,משקה מוגז בטעם קולה פפסי (500 מל),סנו מפעלי ברונוס.,IL,פפסי בקבוק,מיליליטרים,500.00,"100 מ""ל",false,0,3.90,0.78,true,1,
7290010237548,false,"פפסי מקס דל קלוריות 500 מ""ל בקבוק",טמפו משקאות בע`מ,IL,פפסי מקס,מיליליטרים,500.00,"100 מ""ל",false,0,4.50,0.90,true,1,
7290010237562,false,משקה מוגז בטעם תפוזים מירנדה (500 מל),טמפו משקאות בע`מ,IL,מירינדה,מיליליטרים,500.00,"100 מ""ל",false,0,3.90,0.78,true,1,
7290010237579,false,משקה מוגז בטעם ליים סבן אפ (500 מל),טמפו משקאות בע`מ,IL,סבנ אפ,מיליליטרים,500.00,"100 מ""ל",false,0,3.90,0.78,true,1,
7290010237586,false,פפסי קול סבן אפ דיאט 500 מל,טמפו משקאות בע`מ,IL,סבנ אפ דיאט,מיליליטרים,500.00,"100 מ""ל",false,0,4.50,0.90,true,1,
7290010259823,false,מנת השף נודלס בטעם עוף וילי פוד (70 גרם),ג. וילי-פוד אינטרנשיונל בע`מ,TH,מנת השף נודלס,גרמים,70.00,100 גרם,false,0,5.90,8.43,true,1,
7290010259830,false,מנת השף נודלס בסגנון סיני פיקנטי וילי פוד 70 גרם,ג. וילי-פוד אינטרנשיונל בע`מ,TH,מנת השף נודלס,גרמים,70.00,100 גרם,false,0,5.90,8.43,true,1,
7290010259847,false,מנת השף מרק עם נודלס בטעם תירס ויליפוד 70 גרם,ג. וילי-פוד אינטרנשיונל בע`מ,TH,מנת השף נודלס,גרמים,70.00,100 גרם,false,0,5.90,8.43,true,1,
7290010259854,false,מנת השף מרק עם נודלס בטעם פטריות ויליפוד 70 גרם,ג. וילי-פוד אינטרנשיונל בע`מ,TH,מנת השף נודלס,גרמים,70.00,100 גרם,false,0,5.90,8.43,true,1,
7290010259861,false,מנת השף מרק עם נודלס בטעם ירקות ויליפוד 70 גרם,ג. וילי-פוד אינטרנשיונל בע`מ,TH,מנת השף נודלס,גרמים,70.00,100 גרם,false,0,5.90,8.43,true,1,
7290010259953,false,עוגיות ביצים בישקוטים ויליפוד 200 ג',ג.וילי פוד אינטרנשיונל בעמ,PT,עוגיות בישקוטים,גרמים,400.00,100 גרם,false,0,11.90,2.98,true,1,
7290010328093,false,ממרח חלווה אחווה 400 ג' מהדרין,אחדות בית חרושת לטחי,IL,ממרח חלוה,גרמים,400.00,100 גרם,false,0,9.90,2.48,true,1,
7290010328239,false,טחינה מתובלת משומשום טבעי אחוה (500 גרם),אחדות ביתחרושת לטחינה חלבה,IL,טחינה מתובלת,גרמים,500.00,100 גרם,false,0,8.90,1.78,true,1,
7290010328246,false,טחינה גולמית שומשום מלא אחווה 500 ג',אחדות ביתחרושת לטחינה חלבה,IL,טחינה שומשום מלא,גרמים,500.00,100 גרם,false,0,8.90,1.78,true,1,
7290010328253,false,טחינה גולמית משומשום טבעי אחווה 500 גרם,אחדות ביתחרושת לטחינה חלבה,IL,טחינה טבעי,גרמים,500.00,100 גרם,false,0,8.90,1.78,true,1,
7290010328345,false,חלווה בקופסה אחוה 50 גרם,אחדות ביחר לטחינה חל,IL,חטיף חלווה,גרמים,50.00,100 גרם,false,0,1.60,3.20,true,1,
7290010328451,false,אחווה חלווה עם פולי קקאו 400 גר,אחדות ביתחרושת לטחינה חלבה,IL,חלווה+פולי קקאו,גרמים,400.00,100 גרם,false,0,8.80,2.20,true,1,
>>>>>>> d048ac2f4f281c9d788043ab4e81b61b0dbe3743
7290010328468,false,מארז מיני חלווה אחוה בטעמים 18 יחידות 216 גרם,שוורצקוף& הנקל דיסלד,IL,מיני חלווה 18 יח,גרמים,226.00,100 גרם,false,0,9.80,4.34,true,1,
7290010328505,false,"מארז מיני חלווה 15 יחידות לל""ס אחוה 150 גרם",אחדות ביחר לטחינה חל,IL,מיני חלווה,גרמים,150.00,100 גרם,false,0,9.80,6.53,true,1,
7290010328680,false,עוגה בטעם שוקולד עם שוקוצ'יפס מריר ולבן 450 גרם,אחדות ביחר לטחינה חל,IL,עוגת שוקולד450גר,גרמים,450.00,100 גרם,false,1,7.90,1.76,true,1,
7290010328727,false,ממרח טחינה עם שוקולד אחווה 400 גרם,אחדות ביחר לטחינה חל,IL,ממרח שומשום 400ג,גרמים,400.00,100 גרם,false,1,9.90,2.48,true,1,
7290010328734,false,ממרח טחינה עם סילאן משומשום מלא,אחדות ביחר לטחינה חל,IL,ממרח שומשום400גר,גרמים,400.00,100 גרם,false,1,9.90,2.48,true,1,
7290010328765,false,חלבה חטיף שוקו וניל וחלבה אחווה 50 גרם,אחדות ביחר לטחינה חל,IL,חלוה בטעם שוקו ו,יחידה,1.00,יחידה,false,1,1.60,1.60,true,1,
7290010328802,false,עוגה וניל שוקוצ'יפס אחדות 350 גר',אחדות ביחר לטחינה חל,IL,עוגת שוקוצ'יפס,יחידה,1.00,יחידה,false,1,5.90,5.90,true,1,
7290010328819,false,"ממרח טחינה עם שוקולד לל""ס 400 ג' אחדות!.",אחדות ביחר לטחינה חל,IL,ממרח טחינה,גרמים,400.00,100 גרם,false,1,9.90,2.48,true,1,
7290010328895,false,מאפין בטעם שוקולד45 גרם אחוה,אחדות ביחר לטחינה חל,IL,מאפין שוקולד45ג,גרמים,45.00,100 גרם,false,1,1.30,2.89,true,1,
7290010328901,false,מאפין בטעם וניל אחוה 45 גרם,אחדות ביחר לטחינה חל,IL,מאפין בטעם וניל,גרמים,45.00,100 גרם,false,1,1.30,2.89,true,1,
7290010329977,false,מטבעות שוקולד מריר 42 ג' כרמית,HIQ FOOD PRODUCTS,IL,מטבעות שוקולד,גרמים,48.00,100 גרם,false,0,2.90,6.04,true,1,
7290010429554,false,"שמן זית כתית מעולה יד מרדכי 2 קלאסי, 750 מ""ל",מכוורת יד מרדכי שטראוס ב,IL,שמן זית 2 קלאסי,מיליליטרים,750.00,"100 מ""ל",false,0,32.90,4.39,true,1,
7290010507108,false,קקאו הולנדי 200 גרם,,IL,קקאו הולנדי,גרמים,200.00,100 גרם,false,0,7.90,3.95,true,1,
7290010507160,false,תערובת בריאות לסלט 100 ג,,IL,תערובת בריאות לס,גרמים,100.00,100 גרם,false,1,4.90,4.90,true,1,
7290010507177,false,שקד מולבן פרוס 100 גר',,IL,שקד מולבן 100גרם,גרמים,100.00,100 גרם,false,0,7.90,7.90,true,1,
7290010507191,false,אגוזי פקאן סיני גרוס קדמה 100ג',,IL,פקאן סיני 100 גר,גרמים,100.00,100 גרם,false,1,9.90,9.90,true,1,
7290010507443,false,שוקו צ'יפס לבן חום מעורב,,IL,שוקולד ציפס 300ג,גרמים,300.00,100 גרם,false,0,6.90,2.30,true,1,
7290010507528,false,"חמוציות קרנבריס 500 בד""צ",,IL,חמוציות קרנבריס,גרמים,500.00,100 גרם,false,0,15.90,3.18,true,1,
7290010507672,false,אגוזי לוז טבעי 100 גרם,,IL,אגוזי לוז טבעי,גרמים,100.00,100 גרם,false,0,7.90,7.90,true,1,
7290010507689,false,שבבי בצל 200 גרם,,IL,שבבי בצל .,גרמים,200.00,100 גרם,false,1,6.90,3.45,true,1,
7290010507702,false,"סוכר דמררה חום שקית קדמה 1 ק""ג",מעגל הזמן,IL,סוכר חום,קילוגרמים,1.00,"ק""ג",false,0,6.90,6.90,true,1,
7290010507733,false,גרעיני דלעת 100 גרם,,IL,גרעיני דלעת 100ג,גרמים,100.00,100 גרם,false,1,4.90,4.90,true,1,
7290010507900,false,"תה נמס אנגלי מגורען קדמה בד""ץ 20יח'",,IL,תה נמס מגורען גלי 20 ג,גרמים,20.00,100 גרם,false,0,13.90,69.50,true,1,
7290010507948,false,אבקת פלאפל שקית 500 גר',,IL,אבקת פלאפל,גרמים,500.00,100 גרם,false,0,9.90,1.98,true,1,
7290010508013,false,פירורים מוזהבים קדמה 400 גרם,,IL,פירורי לחם מוזהב,גרמים,400.00,100 גרם,false,1,5.90,1.48,true,1,
7290010613014,false,נוזל רצפות סופר ווקס טאצ' 2 ל',,IL,נוזל רצפות סופר,ליטרים,0.00,ליטר,false,1,16.90,16.90,true,1,
<<<<<<< HEAD
7290010613038,false,טאצ' נ.רצפות מרוכז לבן 2 ליטר,סאסאטק,IL,רצפות מרוכז 2 ל,ליטרים,0.00,ליטר,false,1,15.90,15.90,true,1,
7290010613052,false,נוזל רצפות מרוכז בניחוח מרכך כביסה סגול טאצ 2 ל',סאסאטק,IL,רצפות מרוכז 2 ל,ליטרים,0.00,ליטר,false,1,15.90,15.90,true,1,
7290010613083,false,נוזל רצפות מרוכז בניחוח מרכך כביסה צהוב טאצ 2 ל',סאסאטק,IL,רצפות מרוכז 2 ל,ליטרים,0.00,ליטר,false,1,15.90,15.90,true,1,
=======
7290010613038,false,רצפות מרוכז בניחוח מ.כביסה לבן 2ל טאצ,סאסאטק אגשח בעמ,IL,רצפות מרוכז 2 ל,ליטרים,0.00,ליטר,false,1,15.90,15.90,true,1,
7290010613052,false,נוזל רצפות מרוכז בניחוח מרכך כביסה סגול טאצ 2 ל',סאסאטק אגשח בעמ,IL,רצפות מרוכז 2 ל,ליטרים,0.00,ליטר,false,1,15.90,15.90,true,1,
7290010613083,false,נוזל רצפות מרוכז בניחוח מרכך כביסה צהוב טאצ 2 ל',סאסאטק אגשח בעמ,IL,רצפות מרוכז 2 ל,ליטרים,0.00,ליטר,false,1,15.90,15.90,true,1,
>>>>>>> d048ac2f4f281c9d788043ab4e81b61b0dbe3743
7290010617180,false,"זוג מוצצים סיליקון אורטו-'L""מרכז""",אריסטוקרט,TH,מוצץ פרח זוג,יחידה,1.00,יחידה,false,0,14.90,14.90,true,1,
7290010617203,false,סינר גמיש לתינוק אטום לנוזלים,אריסטוקרט,IL,סינר חולצה,יחידה,1.00,יחידה,false,0,11.90,11.90,true,1,
7290010617241,false,זוג מוצצים סיליקון אורטודנטיים M,אריסטוקרט מ.ב.ליבוא שווק בעמ,TH,מוצץ פרח זוג,יחידה,1.00,יחידה,false,0,14.90,14.90,true,1,
7290010617258,false,מוצץ סיליקון קטן לרך נולד פרח זוגי,אריסטוקרט מ.ב.ליבוא שווק בעמ,TH,מוצץ פרח זוג,יחידה,1.00,יחידה,false,0,14.90,14.90,true,1,
7290010617333,false,מארז כוסות קש 3 יחידות,אריסטוקרט,IL,מארז כוסות קש,יחידה,1.00,יחידה,false,0,6.90,6.90,true,1,
7290010617364,false,מברשת שיער יוקרתית יח,,IL,מברשת שיער,יחידה,1.00,יחידה,false,0,8.90,8.90,true,1,
7290010617395,false,ספריי לניקוי התינוק אריסטוקרט,אריסטוקרט,,תחליף מגבונים,מיליליטרים,125.00,"100 מ""ל",false,0,9.90,7.92,true,1,
7290010617425,false,מברשת שיניים יוקרתית לילדים (425),,,מברשת שיניים,יחידה,1.00,יחידה,false,0,4.90,4.90,true,1,
7290010617555,false,"כוס אימון מרקיז , לא מטפטפת",אריסטוקרט,IL,כוס אימון,יחידה,1.00,יחידה,false,0,9.90,9.90,true,1,
7290010617586,false,"מארז כרית יפנית 9 יח' כשל""פ",,IL,כריות יפניות,יחידה,1.00,יחידה,false,0,7.90,7.90,true,1,
7290010617609,false,מוצץ סיליקון אורטודנטי זוג מצוייר איריס בינוני,אריסטוקרט,TH,מוצצים בבליסטר,יחידה,1.00,יחידה,false,0,12.90,12.90,true,1,
7290010617623,false,כוס אימון דנטל- כוס הפלא 360 לשתיה מכל כיוני הכוס,אריסטוקרט,IL,כוס אימון,יחידה,1.00,יחידה,false,0,12.90,12.90,true,1,
7290010617654,false,מברשת שיניים יוקרתית למבוגר (654),,,מברשת שיניים,יחידה,1.00,יחידה,false,0,4.90,4.90,true,1,
7290010617746,false,"משחת נעליים + ידית שחור 60 מ""ל",אריסטוקרט,,משחת נעליים,מיליליטרים,60.00,"100 מ""ל",false,0,3.90,6.50,true,1,
7290010617890,false,רפידות הנקה פרימיום דקות במיוחד באריזות אישיות 30 יח',אריסטוקרט,IL,רפידות הנקה דקות,יחידה,1.00,יחידה,false,0,12.90,12.90,true,1,
7290010617906,false,מברשת לניקוי בקבוק יוקרתית (906),אריסטוקרט,IL,מברשת לניקוי,יחידה,1.00,יחידה,false,0,12.90,12.90,true,1,
7290010617913,false,בקבוק הזנה רחב לתינוק ללא ביספינול A,אריסטוקרט,TH,בקבוק רחב לתינוק,יחידה,1.00,יחידה,false,0,16.90,16.90,true,1,
7290010617920,false,שרשרת מוצץ יוקרתית מתאימה לרוב המוצצים,אריסטוקרט,TH,שרשרת מוצץ,יחידה,1.00,יחידה,false,0,12.90,12.90,true,1,
7290010617968,false,"קיסמי שיניים דנטליים כשל""פ",אריסטוקרט,,קסמי שיניים דנטל,יחידה,1.00,יחידה,false,0,8.90,8.90,true,1,
7290010627004,false,טחינה גולמית מסורתית ירושלים 500 ג',תה ויסוצקי (ישראל) בעמ,IL,טחינה ירושלים,גרמים,500.00,100 גרם,false,0,11.90,2.38,true,1,
7290010627370,false,אננס חתוך,,IL,אננס חתוך,קילוגרמים,3.00,"ק""ג",false,0,29.90,9.97,true,1,
7290010627431,false,"אורז יסמין 5 ק""ג ""יונים""",,IL,"אורז יסמין 5 ק""ג",גרמים,5000.00,100 גרם,false,1,45.90,0.92,true,1,
7290010627523,false,"אננס חתוך 900 בד""ץ אריזות ירושלים",טקרנג,IL,אננס חתוך ם,גרמים,900.00,100 גרם,false,0,8.90,0.99,true,1,
7290010627530,false,"אננס שלם 825 בד""ץ אריזות ירושלים",,IL,אננס שלם,גרמים,900.00,100 גרם,false,0,9.90,1.10,true,1,
7290010627554,false,"ירושלים קוקטיל פירות בד""ץ 825 גר",,IL,קוקטייל פירות 9 אריזות,גרמים,900.00,100 גרם,false,0,9.90,1.10,true,1,
<<<<<<< HEAD
7290010627844,false,טחינה גולמית שומשום מלא ירושלים 500גרם,"טחינה ירושליים בע""מ",IL,טחינה מלאה,גרמים,500.00,100 גרם,false,1,11.90,2.38,true,1,
7290010627967,false,לפתן פירות טרופיים בסירו,,IL,לפתן פירות טרופי,גרמים,140.00,100 גרם,false,1,4.90,3.50,true,1,
7290010650026,false,זנגוויל ארוז (200 גרם-שקית),יוליניבר,CN,גינגר,יחידה,1.00,יחידה,false,0,9.90,9.90,true,1,
7290010656592,false,מיץ ענבים תירוש אדום 100% טבעי 1 ליטר,יקב טפרברג 1870 בעמ,IL,תירוש טבעי אדום,ליטרים,1.00,ליטר,false,0,16.90,16.90,true,1,
7290010656615,false,מיץ תירוש טהור לבן 100% טבעי אפרת 1 ליטר,יקב טפרברג 1870 בעמ,IL,תירוש טבעי לבן,ליטרים,1.00,ליטר,false,0,16.90,16.90,true,1,
7290010748518,false,"סרקל פורטה שמפו לילדים 750 מ""ל",פישר מעבדות פרמצבטיות בע,IL,שמפו סרקל פורטה,מיליליטרים,750.00,"100 מ""ל",false,0,16.90,2.25,true,1,
7290010748525,false,"סרקל פורטה מרכך לילדים 750 מ""ל",פישר מעבדות פרמצבטיות בע,IL,מרכך סרקל פורטה,מיליליטרים,750.00,"100 מ""ל",false,0,16.90,2.25,true,1,
7290010748853,false,"ד""ר פישר - אפקטיב קר קרם ידיים סנסיטיב 150 מ""ל",פישר מעבדות פרמצבטיות בע,IL,קרם ידיים,מיליליטרים,150.00,"100 מ""ל",false,0,9.90,6.60,true,1,
7290010748860,false,"ד""ר פישר - אפקטיב קר קרם ידיים אינטנסיב 150 מ""ל",פישר מעבדות פרמצבטיות בע,IL,קרם ידיים,מיליליטרים,150.00,"100 מ""ל",false,0,9.90,6.60,true,1,
7290010760749,false,"מארז שישיית לחמניות כשל""פ",מאפיית אריאל,IL,לחמניה ללא גלוטן,גרמים,400.00,100 גרם,false,0,14.90,3.73,true,1,
7290010777150,false,שמניית פיתה בריבוע מחיטה מלאה פיתה אקספרס,מגוון שיווק והפצת מא,IL,פיתות ריבוע,גרמים,900.00,100 גרם,false,0,13.90,1.54,true,1,
7290010777297,false,פיתות עבודת יד10 יח'/ פיתה ביס לבן 12 יח',מגוון שיווק והפצת מא,IL,פיתות ביס,גרמים,600.00,100 גרם,false,0,13.90,2.32,true,1,
7290010777358,false,מארז שמיניית פיתות 100% כוסמין מלא,מגוון שיווק והפצת מא,IL,פיתות כוסמין 8יח,גרמים,400.00,100 גרם,false,1,16.90,4.23,true,1,
7290010777488,false,פיתה מחמצת 100% קמח מלא פיתה אקספרס,מאפיית ביכורים מזון,IL,פיתה מחמצת,גרמים,300.00,100 גרם,false,1,15.90,5.30,true,1,
7290010777525,false,מארז שישייה פיתות כוסמין פיתה אקספרס,מאפיית ביכורים מזון,IL,פיתות כוסמין מלא,גרמים,300.00,100 גרם,false,1,16.90,5.63,true,1,
7290010814244,false,שלשות שוקולד מריר 85 גרם*3 בלמינט *18 בקרטון,"כרמית תעשיות ממתקים בע""\",IL,שוקולד מריר 3יח',גרמים,300.00,100 גרם,false,0,8.90,2.97,true,1,
7290010814251,false,שלשות שוקולד חלב 85 גר*3 בלמינט*18 בקרט בדצ,"כרמית תעשיות ממתקים בע""\",IL,שוקולד חלב 3 יח',גרמים,255.00,100 גרם,false,0,8.90,3.49,true,1,
7290010814695,false,שוקולד מריר פרווה ללא תוספת סוכר כרמית 85 גרם,כרמית תעשיות ממתקים בעמ,IL,שוקולד מריר,גרמים,85.00,100 גרם,false,0,5.90,6.94,true,1,
7290010814701,false,שוקולד חלב ללא תוספת סוכר וסטהיים,"כרמית תעשיות ממתקים בע""\",IL,שוקולד חלב,גרמים,85.00,100 גרם,false,0,5.90,6.94,true,1,
=======
7290010627844,false,טחינה גולמית שומשום מלא ירושלים 500גרם,תה ויסוצקי (ישראל) בעמ,IL,טחינה מלאה,גרמים,500.00,100 גרם,false,1,11.90,2.38,true,1,
7290010627967,false,לפתן פירות טרופיים בסירו,,IL,לפתן פירות טרופי,גרמים,140.00,100 גרם,false,1,4.90,3.50,true,1,
7290010650026,false,זנגוויל ארוז (200 גרם-שקית),יוליניבר,CN,גינגר,יחידה,1.00,יחידה,false,0,9.90,9.90,true,1,
7290010656592,false,מיץ ענבים תירוש אדום 100% טבעי 1 ליטר,יקב טפרברג 1870 בעמ (יינות ומש,IL,תירוש טבעי אדום,ליטרים,1.00,ליטר,false,0,16.90,16.90,true,1,
7290010656615,false,מיץ תירוש טהור לבן 100% טבעי אפרת 1 ליטר,יקב טפרברג 1870 בעמ (יינות ומש,IL,תירוש טבעי לבן,ליטרים,1.00,ליטר,false,0,16.90,16.90,true,1,
7290010748518,false,"סרקל פורטה שמפו לילדים 750 מ""ל",פישר תעשיות פרמבצטיות בעמ,IL,שמפו סרקל פורטה,מיליליטרים,750.00,"100 מ""ל",false,0,16.90,2.25,true,1,
7290010748525,false,"סרקל פורטה מרכך לילדים 750 מ""ל",פישר תעשיות פרמבצטיות בעמ,IL,מרכך סרקל פורטה,מיליליטרים,750.00,"100 מ""ל",false,0,16.90,2.25,true,1,
7290010748853,false,"ד""ר פישר - אפקטיב קר קרם ידיים סנסיטיב 150 מ""ל","פישר תעשיות פרמצביטות בע""מ",IL,קרם ידיים,מיליליטרים,150.00,"100 מ""ל",false,0,9.90,6.60,true,1,
7290010748860,false,"ד""ר פישר - אפקטיב קר קרם ידיים אינטנסיב 150 מ""ל","פישר תעשיות פרמצביטות בע""מ",IL,קרם ידיים,מיליליטרים,150.00,"100 מ""ל",false,0,9.90,6.60,true,1,
7290010760749,false,מארז לחמניות שישייה אריאל,מאפיית אריאל בעמ,IL,לחמניה ללא גלוטן,גרמים,400.00,100 גרם,false,0,14.90,3.73,true,1,
7290010777150,false,שמניית פיתה בריבוע מחיטה מלאה פיתה אקספרס,מגוון שיווק והפצת מאפים בעמ,IL,פיתות ריבוע,גרמים,900.00,100 גרם,false,0,13.90,1.54,true,1,
7290010777297,false,פיתות עבודת יד10 יח'/ פיתה ביס לבן 12 יח',מגוון שיווק והפצת מאפים בעמ,IL,פיתות ביס,גרמים,600.00,100 גרם,false,0,13.90,2.32,true,1,
7290010777358,false,מארז שמיניית פיתות 100% כוסמין מלא,מגוון שיווק והפצת מאפים בעמ,IL,פיתות כוסמין 8יח,גרמים,400.00,100 גרם,false,1,16.90,4.23,true,1,
7290010777488,false,פיתה מחמצת 100% קמח מלא פיתה אקספרס,מגוון שיווק והפצת מאפים בעמ,IL,פיתה מחמצת,גרמים,300.00,100 גרם,false,1,15.90,5.30,true,1,
7290010777525,false,מארז שישייה פיתות כוסמין פיתה אקספרס,מגוון שיווק והפצת מאפים בעמ,IL,פיתות כוסמין מלא,גרמים,300.00,100 גרם,false,1,16.90,5.63,true,1,
7290010814244,false,שלשות שוקולד מריר 85 גרם*3 בלמינט *18 בקרטון,כרמית תעשיות ממתקים בעמ,IL,שוקולד מריר 3יח',גרמים,300.00,100 גרם,false,0,8.90,2.97,true,1,
7290010814251,false,שלשות שוקולד חלב 85 גר*3 בלמינט*18 בקרט בדצ,כרמית תעשיות ממתקים בעמ,IL,שוקולד חלב 3 יח',גרמים,255.00,100 גרם,false,0,8.90,3.49,true,1,
7290010814695,false,שוקולד מריר פרווה ללא תוספת סוכר כרמית 85 גרם,כרמית תעשיות ממתקים בעמ,IL,שוקולד מריר,גרמים,85.00,100 גרם,false,0,5.90,6.94,true,1,
7290010814701,false,שוקולד חלב ללא תוספת סוכר וסטהיים,כרמית תעשיות ממתקים בעמ,IL,שוקולד חלב,גרמים,85.00,100 גרם,false,0,5.90,6.94,true,1,
>>>>>>> d048ac2f4f281c9d788043ab4e81b61b0dbe3743
7290010827756,false,מגבוני פחם להסרת איפור 2,,IL,מגבוני פחם להסרת,יחידה,1.00,יחידה,false,1,7.90,7.90,true,1,
7290010838424,false,ג'ל לניקוי מתקדם בניחוח רענן - מארז זוג,"איטיליאן פוד, אס.פי.",NL,דאק לאסלה זוג,ליטרים,1.50,ליטר,false,0,16.90,11.27,true,1,
7290010838431,false,דאק נוזל לניקוי אסלות זוג בניחוח ים 2*750 מל,מיוצר עי קונדיטוריית,NL,דאק לאסלה זוג,ליטרים,1.50,ליטר,false,0,16.90,11.27,true,1,
7290010880003,false,"ליקר שוקולד מריר 500 מ""ל יקב לביא","יקב לביא, גוש עציון",IL,ליקר שוקולד לביא,מיליליטרים,500.00,"100 מ""ל",false,1,69.90,13.98,true,1,
7290010880201,false,ליקר שוקולד מנטה לביא 50,,IL,ליקר שוקולד מנטה,מיליליטרים,500.00,"100 מ""ל",false,1,69.90,13.98,true,1,
7290010880270,false,ליקר שוקולד תפוז לביא,טפרברג,IL,ליקר שוקולד תפוז,מיליליטרים,500.00,"100 מ""ל",false,1,69.90,13.98,true,1,
7290010922017,false,"אננס קפוא 250 גרם - Shake It - בד""ץ עדה חרדית","הבו-קדו בע""\מn\",IL,אננס קפוא 250גרם,גרמים,250.00,100 גרם,false,1,12.90,5.16,true,1,
7290010922024,false,"פסיפלורה קפואה 250 גרם- Shake It -בד""ץ עדה חרדית","הבו-קדו בע""\מn\",IL,פסיפלורה קפוא250,גרמים,250.00,100 גרם,false,1,12.90,5.16,true,1,
7290010922055,false,"ליצ'י קפוא 250 גרם - Shake It - בד""ץ עדה חרדית","הבו-קדו בע""\מn\",IL,ליצי קפוא 250גרם,גרמים,250.00,100 גרם,false,1,12.90,5.16,true,1,
7290010922819,false,"מלון 250 גרם - Shake It - בד""ץ עדה חרדית","הבו-קדו בע""\מn\",IL,מלון קפוא 250גרם,גרמים,250.00,100 גרם,false,1,12.90,5.16,true,1,
7290010922857,false,"מנגו קפוא 250 גרם - Shake It - בד""ץ עדה חרדית","הבו-קדו בע""\מn\",IL,מנגו קפוא 250 גר,גרמים,250.00,100 גרם,false,1,12.90,5.16,true,1,
7290010922888,false,טחון בקר נקי 1 קג ארוז קפוא אשפר,"בלדי בע""\מ",IL,"בקר טחון 1 ק""ג",יחידה,1.00,יחידה,false,1,38.90,38.90,true,1,
7290010922895,false,המבורגר בקר בלדי אשפר 400 גרם ארוז,"בלדי בע""\מn\",IL,המבורגר בקר400גר,גרמים,400.00,100 גרם,false,1,13.90,3.48,true,1,
7290010922901,false,קבב מזרחי קפוא ארוז אשפר 400 גרם בלדי,"בלדי בע""\מ",IL,קבב מזרחי 400גרם,גרמים,400.00,100 גרם,false,1,13.90,3.48,true,1,
7290010922918,false,מינוט סטייק 250 גרם ארוז - אשפר,"בלדי בע""\מ",IL,מינוט סטייק,גרמים,250.00,100 גרם,false,1,27.90,11.16,true,1,
7290010922949,false,תות שדה קפוא 250 גרם - Shake It,"הבו-קדו בע""\מn\",IL,תות שדה 250גרם,גרמים,250.00,100 גרם,false,1,9.90,3.96,true,1,
<<<<<<< HEAD
7290010922963,false,"מלוואח בלדי 800 גרם - בד""ץ עדה החרדית",,IL,מלאווח בלדי,גרמים,800.00,100 גרם,false,1,13.70,1.71,true,1,
7290010931330,false,סלט מטבוחה אחלה 500 גרם,מיוצר עי קונדיטוריית,IL,סלט מטבוחה אחלה,גרמים,500.00,100 גרם,false,0,11.90,2.38,true,1,
7290010945306,false,חלב בקרטון 3% 2 ליטר טרה,הפריט בפיקוח,IL,חלב 3% בקרטון,ליטרים,2.00,ליטר,false,0,10.90,5.45,true,1,
7290010945450,false,גבינה לבנה 3% 250 גר מועשר בסידן וויטמין,הפריט בפיקוח,IL,גבינה לבנה3%,גרמים,250.00,100 גרם,false,0,3.90,1.56,true,1,
7290010945481,false,גבינה לבנה טרה 5% מרכיבים טבעיים,הפריט בפיקוח,IL,גבינה לבנה 5%,גרמים,500.00,100 גרם,false,0,8.50,1.70,true,1,
=======
7290010922963,false,"מלוואח בלדי 800 גרם - בד""ץ עדה החרדית",בלדי בעמ,IL,מלאווח בלדי,גרמים,800.00,100 גרם,false,1,13.70,1.71,true,1,
7290010931330,false,סלט מטבוחה אחלה 500 גרם,שטראוס גרופ בעמ/מצונן,IL,סלט מטבוחה אחלה,גרמים,500.00,100 גרם,false,0,11.90,2.38,true,1,
7290010945306,false,חלב טרה קרטון 2 ליטר מהדרין*%*3,החברה המרכזית טלהפצת משקאות בע,IL,חלב 3% בקרטון,ליטרים,2.00,ליטר,false,0,10.90,5.45,true,1,
7290010945450,false,גבינה לבנה 3% 250 גר מועשר בסידן וויטמין,החברה המרכזית טלהפצת משקאות בע,IL,גבינה לבנה3%,גרמים,250.00,100 גרם,false,0,3.90,1.56,true,1,
7290010945481,false,גבינה לבנה טרה 5% מרכיבים טבעיים,החברה המרכזית טלהפצת משקאות בע,IL,גבינה לבנה 5%,גרמים,500.00,100 גרם,false,0,8.50,1.70,true,1,
>>>>>>> d048ac2f4f281c9d788043ab4e81b61b0dbe3743
7290010967506,false,באגסי חטיף חיטה פלאפל 200 גרם,א מ חטיפי העמק בעמ,IL,באגסי פלאפל,גרמים,200.00,100 גרם,false,0,3.90,1.95,true,1,
7290010967537,false,חטיף תירס טעם קטשופ 60 ג,חטיפי העמק,IL,חטיף טעם קטשופ,גרמים,60.00,100 גרם,false,0,1.90,3.17,true,1,
7290011018184,false,תה קר בטעם אפרסק פיוז-טי (500 מל),החברה המרכזית להפצת משקאות בעמ,IL,פיוז תה אפרסק,מיליליטרים,500.00,"100 מ""ל",false,0,4.80,0.96,true,1,
7290011018832,false,"קוקה קולה פרידגפק סליק 330 מ""ל שישייה",החברה המרכזית להפצת משקאות בעמ,IL,קוקה קולה 6פחיות,ליטרים,1.98,ליטר,false,0,17.90,9.04,true,1,
7290011018917,false,ק.קולה זירו פרידגפק סליק 330 מל שישייה,החברה המרכזית להפצת משקאות בעמ,IL,קוקה קולה זירו6י,ליטרים,1.98,ליטר,false,0,17.90,9.04,true,1,
7290011026530,false,ק.ב סנסטיב אל סבון לבנדר קמומיל לפני השינה 500 מ,"פישר תעשיות פרמצביטות בע""מ",IL,אל סבון קמיל,מיליליטרים,500.00,"100 מ""ל",false,0,15.90,3.18,true,1,
7290011051433,false,"שוופס מוגז עדין בטעם אפרסק 500 מ""ל",יפאורה - שותפות מוגבלת לשיווק,IL,שוופס מוגז,מיליליטרים,500.00,"100 מ""ל",false,0,3.90,0.78,true,1,
7290011051440,false,שוופס מוגז עדין פירות יער 0.5 ליטר,יפאורה תבורי בעמ,IL,שוופס מוגז,מיליליטרים,500.00,"100 מ""ל",false,0,3.90,0.78,true,1,
<<<<<<< HEAD
7290011051525,false,ספרינג תה קר אפרסק 500מל,יפאורה שותפות מובגלת לשיווק,IL,ספרינג תה,מיליליטרים,500.00,"100 מ""ל",false,0,3.90,0.78,true,1,
7290011113926,false,דאודורנט ספריי טיטניום בלאק Titanium Black,משווק: וסמופארם בעממ,IL,דאודורנט טיטניום,מיליליטרים,200.00,"100 מ""ל",false,0,13.90,6.95,true,1,
7290011115166,false,נקה 7 ארומה סבון נוזלי לבנדר 1 ל',טרופיקל דגיל תעשיות,IL,תחליב רחצה נקה 7,ליטרים,1.00,ליטר,false,0,12.70,12.70,true,1,
7290011126209,false,הגן הקסום תה טעם תפוח וקינמון סיידר ויסוצקי 25 יח',תה ויסוצקי,IL,חליטת תפוח קנמון,גרמים,67.00,100 גרם,false,0,12.90,19.25,true,1,
7290011126216,false,תה רויבוש קלאסי ויסוצקי 25 יחידות,תה ויסוצקי,IL,תה רויבוש,גרמים,50.00,100 גרם,false,0,22.90,45.80,true,1,
7290011126452,false,הגן הקסום תה בטעם קמומיל ונענע ויסוצקי 25 יחידות,תה ויסוצקי,IL,חליטת קמומיל,גרמים,37.00,100 גרם,false,0,12.90,34.86,true,1,
7290011126469,false,חליטת צמחים וקמומיל הגן הקסום ויסוצקי 25 יחידות,תה ויסוצקי,IL,חליטת קמומיל+דבש,גרמים,37.00,100 גרם,false,0,12.90,34.86,true,1,
7290011126957,false,תה ירוק ויסוצקי ארל גריי 25 שקיקים,ויסוצקי ירוק,IL,תה ירוק ארל גריי,גרמים,37.00,100 גרם,false,0,19.90,53.78,true,1,
=======
7290011051525,false,ספרינג תה קר 0.5 ליטר אפרסק,יפאורה שותפות מוגבלת לשיווק,IL,ספרינג תה,מיליליטרים,500.00,"100 מ""ל",false,0,3.90,0.78,true,1,
7290011113926,false,דאודורנט ספריי טיטניום בלאק Titanium Black,החברה הדרומית לשיווק בעמ,IL,דאודורנט טיטניום,מיליליטרים,200.00,"100 מ""ל",false,0,13.90,6.95,true,1,
7290011115166,false,נקה 7 ארומה סבון נוזלי לבנדר 1 ל',החברה הדרומית לשיווק בעמ,IL,תחליב רחצה נקה 7,ליטרים,1.00,ליטר,false,0,12.70,12.70,true,1,
7290011126209,false,הגן הקסום תה טעם תפוח וקינמון סיידר ויסוצקי 25 יח',תה ויסוצקי (ישראל)בעמ,IL,חליטת תפוח קנמון,גרמים,67.00,100 גרם,false,0,12.90,19.25,true,1,
7290011126216,false,תה רויבוש קלאסי ויסוצקי 25 יחידות,תה ויסוצקי (ישראל) בעמ,IL,תה רויבוש,גרמים,50.00,100 גרם,false,0,22.90,45.80,true,1,
7290011126452,false,הגן הקסום תה בטעם קמומיל ונענע ויסוצקי 25 יחידות,תה ויסוצקי (ישראל) בעמ,IL,חליטת קמומיל,גרמים,37.00,100 גרם,false,0,12.90,34.86,true,1,
7290011126469,false,חליטת צמחים וקמומיל הגן הקסום ויסוצקי 25 יחידות,תה ויסוצקי (ישראל) בעמ,IL,חליטת קמומיל+דבש,גרמים,37.00,100 גרם,false,0,12.90,34.86,true,1,
7290011126957,false,תה ירוק ויסוצקי ארל גריי 25 שקיקים,תה ויסוצקי (ישראל) בעמ,IL,תה ירוק ארל גריי,גרמים,37.00,100 גרם,false,0,19.90,53.78,true,1,
>>>>>>> d048ac2f4f281c9d788043ab4e81b61b0dbe3743
7290011131463,false,מנת נודלס בטעם עוף 72 גרם,נסטלה פורינה,IL,מנת נודלס עוף,גרמים,72.00,100 גרם,false,1,5.90,8.19,true,1,
7290011131500,false,מנת נודלס בטעם פיקנטי 72 גרם,נסטלה פורינה,IL,מנת נודלס,גרמים,72.00,100 גרם,false,1,5.90,8.19,true,1,
7290011131517,false,מנת נודלס בטעם תירס 72 גרם,נסטלה פורינה,IL,מנת נודלס תירס,גרמים,72.00,100 גרם,false,1,5.90,8.19,true,1,
7290011132583,false,"מארז פפסי מקס 500 מ""ל*6 יח' בקבוק","טמפו משקאות בע""\מ",IL,פפסי מקס 6 יח,ליטרים,3.00,ליטר,false,0,16.90,5.63,true,1,
7290011133368,false,בירה שנדי בתוספת משקה תפוח - שישייה,טמפו משקאות בע`מ,IL,מכבי שנדי 6 יח,ליטרים,1.98,ליטר,false,0,24.90,12.58,true,1,
7290011133375,false,בירה שנדי בתוספת משקה אפרסק - שישייה,"טמפו משקאות בע""מ",IL,מכבי שנדי 6 יח,ליטרים,1.98,ליטר,false,0,24.90,12.58,true,1,
7290011164164,false,מארז לקקני סודה 40 יחידות 360 גרם,גואנגדונג צאואן פוד,IL,לקקנים סודה 40יח,גרמים,340.00,100 גרם,false,0,15.90,4.68,true,1,
7290011164171,false,לקקן סודה 15 יח 115 גרם,טעמן שיווק מזון בעמ,,לקקן סודה 15יח,גרמים,115.00,100 גרם,false,0,9.90,8.61,true,1,
7290011164539,false,סוכריות טופי ממולא בטעם פירות 120 יחידות 600 גרם,פאסין אס אי,BR,סוכריות טופי,גרמים,600.00,100 גרם,false,0,9.90,1.65,true,1,
7290011164546,false,סוכריות טופי ממולא בטעם חמוץ 120 יחידות 600 גרם,פאסין אס אי,BR,סוכריות טופי,גרמים,600.00,100 גרם,false,0,9.90,1.65,true,1,
7290011164553,false,סוכריות טופי ממולא בטעם פירות 175 יחידות 700 גרם,טעמן,BR,סוכריות טופי,גרמים,700.00,100 גרם,false,0,9.90,1.41,true,1,
7290011191467,false,מים מינרלים 500 מ''ל .,,IL,מים מינרלים 500,יחידה,1.00,יחידה,false,1,2.90,2.90,true,1,
7290011191825,false,"מארז מים רייף 500X12 מ""ל",קסטל,IL,מים רייף,ליטרים,6.00,ליטר,false,1,19.50,3.25,true,1,
7290011194246,false,קוטג 5% 250 גרם עם סידן שטראוס,שטראוס גרופ בעמ/מצונן,IL,קוטג' 5% שומן,גרמים,250.00,100 גרם,false,0,5.60,2.24,true,1,
7290011202910,false,כורכום 300 גרם,דרומה,IL,כורכום,גרמים,300.00,100 גרם,false,0,11.90,3.97,true,1,
7290011219048,false,תבנית ביצים מדיום 30 יח',,IL,30 ביצים M,יחידה,1.00,יחידה,false,1,27.80,27.80,true,1,
7290011219055,false,30 ביצים L 20 יחידות,,IL,30 ביצים L,יחידה,1.00,יחידה,false,1,29.90,29.90,true,1,
7290011219208,false,30 ביצים XL 30 יחידות,,IL,30 ביצים XL,יחידה,1.00,יחידה,false,1,32.70,32.70,true,1,
7290011240141,false,דיפלומט תפוזים,,,דיפלומט תפוזים,מיליליטרים,700.00,"100 מ""ל",false,0,79.90,11.41,true,1,
7290011240318,false,"יין שאטו דה למר קברנה סוביניון יקבי ציון 750 מ""ל",יקבי ציון,IL,שטו יין אדום יבש,מיליליטרים,750.00,"100 מ""ל",false,0,18.90,2.52,true,1,
7290011240332,false,מיץ ענבים אדום תירוש יקבי ציון 1 ליטר,יקבי ציון,IL,תירוש ענבים,ליטרים,1.00,ליטר,false,0,12.90,12.90,true,1,
7290011240608,false,"יין שאטו דה למר אמרלד ריזלינג יקבי ציון 750 מ""ל",יקבי ציון,IL,אמרלד ריזלינג,יחידה,1.00,יחידה,false,1,18.90,18.90,true,1,
7290011240837,false,"יין שאטו דה למר מרלו יקבי ציון 750 מ""ל",יקבי ציון,IL,שטו יין אדום יבש,מיליליטרים,750.00,"100 מ""ל",false,1,18.90,2.52,true,1,
7290011240868,false,"יין מוסקטו אדום מבעבע יקבי ציון 750 מ""ל",יקבי ציון (1982) בעמ,IL,מוסקטו אדום,מיליליטרים,750.00,"100 מ""ל",false,0,29.90,3.99,true,1,
7290011240875,false,"מיץ ענבים תירוש 187 מ""ל-יקבי ציון",יקב ציון,IL,תירוש ענבים187מל,מיליליטרים,187.00,"100 מ""ל",false,0,3.90,2.09,true,1,
7290011240905,false,"יין מוסקטו לבן מבעבע יקבי ציון 750 מ""ל",יקבי ציון (1982) בעמ,IL,מוסקטו לבן,מיליליטרים,750.00,"100 מ""ל",false,0,29.90,3.99,true,1,
7290011249212,false,וופל עלמה בלגי לימון 200 גר' ללא סוכר,ח.כהן סוכנות מזון ומשקאות בע,IL,וופל 200 גרם,גרמים,200.00,100 גרם,false,1,2.90,1.45,true,1,
7290011249748,false,רולים גלילי ופל במילוי קרם שוקולד 100 ג' עלמה,ח.כהן סוכנות מזון ומשקאות בע,IL,רולים בטעם שוקו,גרמים,100.00,100 גרם,false,0,2.90,2.90,true,1,
7290011249755,false,רולים גלילי ופל במילוי קרם אגוזים 100 ג' עלמה,ח.כהן סוכנות מזון ומשקאות בע,IL,רולים טעם אגוז,גרמים,100.00,100 גרם,false,0,2.90,2.90,true,1,
7290011249786,false,ופל קלאסי מעולה 200 גרם שוקו,,,וופל קלאסי מעולה,יחידה,1.00,יחידה,false,0,2.90,2.90,true,1,
7290011249793,false,ופל קלאסי מעולה 200 גרם לימון,,,וופל קלאסי מעולה,יחידה,1.00,יחידה,false,0,2.90,2.90,true,1,
7290011249823,false,מעולה וופל בלגי שוקולד 200 גר,,IL,וופל בלגי שוקולד,יחידה,1.00,יחידה,false,0,2.90,2.90,true,1,
7290011249830,false,וופל בלגי לימון מעולה 200 גר'!,,IL,וופל בלגי לימון,יחידה,1.00,יחידה,false,0,2.90,2.90,true,1,
7290011254001,false,זרעי פשתן מיה 450 גרם,מיה תעשיות מזון מ.ת.מ. ב,IL,זרעי פשתן,גרמים,450.00,100 גרם,false,0,6.90,1.53,true,1,
7290011254018,false,שעועית מש מיה 500 גר',מיה תעשיות מזון מ.ת.מ בעמ,IL,שעועית מש,גרמים,500.00,100 גרם,false,0,6.90,1.38,true,1,
7290011254025,false,מיה דוחון 500 גרם,מיה תעשיות מזון מ.ת.מ. ב,IL,דוחן,גרמים,500.00,100 גרם,false,0,6.90,1.38,true,1,
<<<<<<< HEAD
7290011254032,false,קינואה מיה 500 גרם,מיה תעשיות מזון מ.ת.מ. ב,IL,קינואה,גרמים,500.00,100 גרם,false,0,9.90,1.98,true,1,
7290011254063,false,"עדשים שחורים מיה 500 גר' כשל""פ",מיה תעשיות מזון מ.ת.מ. ב,IL,עדשים שחורים,גרמים,500.00,100 גרם,false,0,7.90,1.58,true,1,
7290011254070,false,תבלין פלפל שחור בשקית 50ג' מיה,מיה תעשיות מזון מ.ת.מ. ב,IL,פלפל שחור שקית,גרמים,50.00,100 גרם,false,0,4.90,9.80,true,1,
7290011254087,false,תבלין קינמון בשקית 80 גר' מיה,מיה תעשיות מזון מ.ת.מ. ב,IL,קינמון שקית,גרמים,80.00,100 גרם,false,0,2.90,3.63,true,1,
7290011254094,false,תבלין כמון 80גר' שקית,מיה תעשיות מזון מ.ת.מ. ב,IL,כמון בשקית,גרמים,80.00,100 גרם,false,0,2.90,3.63,true,1,
7290011254100,false,תבלין כרכום בשקית 80 גר' מיה,מיה תעשיות מזון מ.ת.מ. ב,IL,כרכום שקית,גרמים,80.00,100 גרם,false,0,2.90,3.63,true,1,
7290011254117,false,תבלין פפריקה מתוקה בשקית 80 גר' מיה,מיה תעשיות מזון מ.ת.מ. ב,IL,פפריקה מתוקה,גרמים,80.00,100 גרם,false,0,2.90,3.63,true,1,
7290011254124,false,תבלין פפריקה חריפה בשקית 80 גר' מיה,מיה תעשיות מזון מ.ת.מ. ב,IL,פפריקה חריפה,גרמים,80.00,100 גרם,false,0,2.90,3.63,true,1,
7290011254131,false,תבלין אורגנו 20גרם- שקית,מיה תעשיות מזון מ.ת.מ. ב,IL,אורגנו,גרמים,20.00,100 גרם,false,0,2.90,14.50,true,1,
7290011254148,false,אבקת שום בשקית מיה 80 גרם,מיה תעשיות מזון מ.ת.מ. ב,IL,אבקת שום שקית,גרמים,80.00,100 גרם,false,0,4.90,6.13,true,1,
7290011254155,false,תבלין מלח לימון בשקית 80 גר' מיה,מיה תעשיות מזון מ.ת.מ. ב,IL,מלח לימון,גרמים,80.00,100 גרם,false,0,2.90,3.63,true,1,
7290011254179,false,תבלין גריל עוף בשקית 80 גר' מיה,מיה תעשיות מזון מ.ת.מ. ב,IL,גריל עוף שקית,גרמים,80.00,100 גרם,false,0,2.90,3.63,true,1,
7290011254209,false,גבישי שום בשקית מיה 80 גרם,מיה תעשיות מזון מ.ת.מ. ב,IL,גבישי שום,גרמים,80.00,100 גרם,false,0,4.90,6.13,true,1,
7290011254230,false,תן צ'אפ חטיף טבעות מארז 15X10ג',מיה תעשיות מזון מ.ת.מ. ב,IL,מארז תן צ'אפ,גרמים,120.00,100 גרם,false,0,6.90,5.75,true,1,
7290011254346,false,"קינואה מיה בד""צ 1 ק""ג",מיה תעשיות מזון מ.ת.מ. ב,IL,קינואה,קילוגרמים,1.00,"ק""ג",false,0,14.90,14.90,true,1,
7290011254452,false,סוכריות ללא תוספת סוכר בטעם מנטה מיה 80 גרם,מיה תעשיות מזון מ.ת.מ. ב,IL,סוכריות ללא סוכר,גרמים,80.00,100 גרם,false,0,5.80,7.25,true,1,
7290011254469,false,סוכריות ללא תוספת סוכר בטעם לימון מיה 80 גרם,מיה תעשיות מזון מ.ת.מ. ב,IL,סוכריות ללא סוכר,גרמים,80.00,100 גרם,false,0,5.80,7.25,true,1,
7290011254476,false,סוכריות ללא תוספת סוכר בטעם תפוז מיה 80 גרם,מיה תעשיות מזון מ.ת.מ. ב,IL,סוכריות ללא סוכר,גרמים,80.00,100 גרם,false,0,5.80,7.25,true,1,
7290011254483,false,סוכריות ללא תוספת סוכר בטעם אפרסק מיה 80 גרם,מיה תעשיות מזון מ.ת.מ. ב,IL,סוכריות ללא סוכר,גרמים,80.00,100 גרם,false,0,5.80,7.25,true,1,
7290011254490,false,סוכריות ללא תוספת סוכר בטעם פירות יער מיה 80 גרם,מיה תעשיות מזון מ.ת.מ. ב,IL,סוכריות ללא סוכר,גרמים,80.00,100 גרם,false,0,5.80,7.25,true,1,
7290011254582,false,חמוציות חתוכות מיה 150 גרם,מיה תעשיות מזון מ.ת.מ. ב,IL,חמוציות,גרמים,150.00,100 גרם,false,0,4.90,3.27,true,1,
7290011254605,false,תערובת לקדירה לקט חמין מיה 600 גרם,מיה תעשיות מזון מ.ת.מ. ב,IL,לקט לחמין,גרמים,600.00,100 גרם,false,0,8.90,1.48,true,1,
7290011254612,false,"לקט תערובת לקדירה 600 גרם ""מיה"" קדירה לקט בריאות",מיה תעשיות מזון מ.ת.מ. ב,IL,לקט בריאות,גרמים,600.00,100 גרם,false,0,8.90,1.48,true,1,
7290011254698,false,"שמן זית כתית מעולה 750מ""ל בד''ץ",מיולאוליבה ספרד,ES,שמן זית,מיליליטרים,750.00,"100 מ""ל",false,0,27.90,3.72,true,1,
7290011254728,false,ג'לטין טהור בקרטוני מיה 25 גרם,מיה תעשיות מזון מ.ת.מ. ב,IL,ג'לטין טהור,גרמים,25.00,100 גרם,false,0,9.90,39.60,true,1,
7290011254759,false,שעועית שחורה יבשה מיה 500 גר',מיה תעשיות מזון מ.ת.מ. ב,IL,שעועית שחורה,גרמים,500.00,100 גרם,false,0,6.90,1.38,true,1,
7290011254773,false,שעועית ארגנטינאית יבשה מיה 500 גר',מיה תעשיות מזון מ.ת.מ. ב,IL,שעועית ארגנטינאי,גרמים,500.00,100 גרם,false,0,8.90,1.78,true,1,
7290011254780,false,"שעועית ארגנטינאית יבשה מיה 1 ק""ג",מיה תעשיות מזון מ.ת.מ. ב,IL,"שעועית 1 ק""ג",קילוגרמים,1.00,"ק""ג",false,0,12.90,12.90,true,1,
7290011254810,false,סוכריות ג'לילנד דובונים פרי קיץ 125 גרם,מיה תעשיות מזון מ.ת.מ. ב,IL,סוכריות גלי 125ג,גרמים,125.00,100 גרם,false,0,4.90,3.92,true,1,
7290011254827,false,סוכריות ג'לילנד פלחי הדר מיה 125ג',מיה תעשיות מזון מ.ת.מ. ב,IL,סוכריות גלי 125ג,גרמים,125.00,100 גרם,false,0,4.90,3.92,true,1,
7290011254841,false,"סוכריות ג'לילנד חמוצמוצים 125ג' מיה בד""צ",מיה תעשיות מזון מ.ת.מ. ב,IL,סוכריות גלי 125ג,גרמים,125.00,100 גרם,false,0,4.90,3.92,true,1,
=======
7290011254032,false,קינואה מיה (500 גרם),מיה תעשיות מזון מ.ת.מ. בעמ,IL,קינואה,גרמים,500.00,100 גרם,false,0,9.90,1.98,true,1,
7290011254063,false,"עדשים שחורים מיה 500 גר' כשל""פ",מיה תעשיות מזון מ.ת.מ. בעמ,IL,עדשים שחורים,גרמים,500.00,100 גרם,false,0,7.90,1.58,true,1,
7290011254070,false,תבלין פלפל שחור בשקית 50ג' מיה,מיה תעשיות מזון מ.ת.מ בעמ,IL,פלפל שחור שקית,גרמים,50.00,100 גרם,false,0,4.90,9.80,true,1,
7290011254087,false,תבלין קינמון בשקית 80 גר' מיה,מיה תעשיות מזון מ.ת.מ בעמ,IL,קינמון שקית,גרמים,80.00,100 גרם,false,0,2.90,3.63,true,1,
7290011254094,false,תבלין כמון 80גר' שקית,מיה תעשיות מזון מ.ת.מ בעמ,IL,כמון בשקית,גרמים,80.00,100 גרם,false,0,2.90,3.63,true,1,
7290011254100,false,תבלין כרכום בשקית 80 גר' מיה,מיה תעשיות מזון מ.ת.מ בעמ,IL,כרכום שקית,גרמים,80.00,100 גרם,false,0,2.90,3.63,true,1,
7290011254117,false,תבלין פפריקה מתוקה בשקית 80 גר' מיה,מיה תעשיות מזון מ.ת.מ בעמ,IL,פפריקה מתוקה,גרמים,80.00,100 גרם,false,0,2.90,3.63,true,1,
7290011254124,false,תבלין פפריקה חריפה בשקית 80 גר' מיה,מיה תעשיות מזון מ.ת.מ בעמ,IL,פפריקה חריפה,גרמים,80.00,100 גרם,false,0,2.90,3.63,true,1,
7290011254131,false,תבלין אורגנו 20גרם- שקית,מיה תעשיות מזון מ.ת.מ בעמ,IL,אורגנו,גרמים,20.00,100 גרם,false,0,2.90,14.50,true,1,
7290011254148,false,אבקת שום בשקית מיה 80 גרם,מיה תעשיות מזון מ.ת.מ בעמ,IL,אבקת שום שקית,גרמים,80.00,100 גרם,false,0,4.90,6.13,true,1,
7290011254155,false,תבלין מלח לימון בשקית 80 גר' מיה,מיה תעשיות מזון מ.ת.מ בעמ,IL,מלח לימון,גרמים,80.00,100 גרם,false,0,2.90,3.63,true,1,
7290011254179,false,תבלין גריל עוף בשקית 80 גר' מיה,מיה תעשיות מזון מ.ת.מ בעמ,IL,גריל עוף שקית,גרמים,80.00,100 גרם,false,0,2.90,3.63,true,1,
7290011254209,false,גבישי שום בשקית מיה 80 גרם,מיה תעשיות מזון מ.ת.מ בעמ,IL,גבישי שום,גרמים,80.00,100 גרם,false,0,4.90,6.13,true,1,
7290011254230,false,תן צ'אפ חטיף טבעות מארז 15X10ג',מיה תעשיות מזון מ.ת.מ. בעמ,IL,מארז תן צ'אפ,גרמים,120.00,100 גרם,false,0,6.90,5.75,true,1,
7290011254346,false,"קינואה מיה בד""צ 1 ק""ג",מיה תעשיות מזון מ.ת.מ. בעמ,IL,קינואה,קילוגרמים,1.00,"ק""ג",false,0,14.90,14.90,true,1,
7290011254452,false,סוכריות ללא תוספת סוכר בטעם מנטה מיה 80 גרם,מיה תעשיות מזון מ.ת.מ. בעמ,IL,סוכריות ללא סוכר,גרמים,80.00,100 גרם,false,0,5.80,7.25,true,1,
7290011254469,false,סוכריות ללא תוספת סוכר בטעם לימון מיה 80 גרם,מיה תעשיות מזון מ.ת.מ. בעמ,IL,סוכריות ללא סוכר,גרמים,80.00,100 גרם,false,0,5.80,7.25,true,1,
7290011254476,false,סוכריות ללא תוספת סוכר בטעם תפוז מיה 80 גרם,מיה תעשיות מזון מ.ת.מ. בעמ,IL,סוכריות ללא סוכר,גרמים,80.00,100 גרם,false,0,5.80,7.25,true,1,
7290011254483,false,סוכריות ללא תוספת סוכר בטעם אפרסק מיה 80 גרם,מיה תעשיות מזון מ.ת.מ. בעמ,IL,סוכריות ללא סוכר,גרמים,80.00,100 גרם,false,0,5.80,7.25,true,1,
7290011254490,false,סוכריות ללא תוספת סוכר בטעם פירות יער מיה 80 גרם,מיה תעשיות מזון מ.ת.מ. בעמ,IL,סוכריות ללא סוכר,גרמים,80.00,100 גרם,false,0,5.80,7.25,true,1,
7290011254582,false,חמוציות חתוכות מיה 150 גרם,מיה תעשיות מזון מ.ת.מ. בעמ,IL,חמוציות,גרמים,150.00,100 גרם,false,0,4.90,3.27,true,1,
7290011254605,false,תערובת לקדירה לקט חמין מיה 600 גרם,מיה תעשיות מזון מ.ת.מ. בעמ,IL,לקט לחמין,גרמים,600.00,100 גרם,false,0,8.90,1.48,true,1,
7290011254612,false,"לקט תערובת לקדירה 600 גרם ""מיה"" קדירה לקט בריאות",מיה תעשיות מזון מ.ת.מ. בעמ,IL,לקט בריאות,גרמים,600.00,100 גרם,false,0,8.90,1.48,true,1,
7290011254698,false,"שמן זית כתית מעולה 750מ""ל בד''ץ",מיה תעשיות מזון מ.ת.מ. בעמ,ES,שמן זית,מיליליטרים,750.00,"100 מ""ל",false,0,27.90,3.72,true,1,
7290011254728,false,ג'לטין טהור בקרטוני מיה 25 גרם,מיה תעשיות מזון מ.ת.מ. בעמ,IL,ג'לטין טהור,גרמים,25.00,100 גרם,false,0,9.90,39.60,true,1,
7290011254759,false,שעועית שחורה יבשה מיה 500 גר',מיה תעשיות מזון מ.ת.מ. בעמ,IL,שעועית שחורה,גרמים,500.00,100 גרם,false,0,6.90,1.38,true,1,
7290011254773,false,שעועית ארגנטינאית יבשה מיה 500 גר',מיה תעשיות מזון מ.ת.מ. בעמ,IL,שעועית ארגנטינאי,גרמים,500.00,100 גרם,false,0,8.90,1.78,true,1,
7290011254780,false,"שעועית ארגנטינאית יבשה מיה 1 ק""ג",מיה תעשיות מזון מ.ת.מ. בעמ,IL,"שעועית 1 ק""ג",קילוגרמים,1.00,"ק""ג",false,0,12.90,12.90,true,1,
7290011254810,false,סוכריות ג'לילנד דובונים פרי קיץ 125 גרם,מיה תעשיות מזון מ.ת.מ. בעמ,IL,סוכריות גלי 125ג,גרמים,125.00,100 גרם,false,0,4.90,3.92,true,1,
7290011254827,false,סוכריות ג`לי פירות גדולים במיוחד 125גר,מיה תעשיות מזון מ.ת.מ. בעמ,IL,סוכריות גלי 125ג,גרמים,125.00,100 גרם,false,0,4.90,3.92,true,1,
7290011254841,false,"סוכריות ג'לילנד חמוצמוצים 125ג' מיה בד""צ",מיה תעשיות מזון מ.ת.מ. בעמ,IL,סוכריות גלי 125ג,גרמים,125.00,100 גרם,false,0,4.90,3.92,true,1,
>>>>>>> d048ac2f4f281c9d788043ab4e81b61b0dbe3743
7290011254902,false,סוכריות ג'לי אותיות אנגלית 125 גר',מיה,IL,סוכריות ג'לי,גרמים,25.00,100 גרם,false,0,1.50,6.00,true,1,
7290011372385,false,בדי בדיקה יהודית 18 יח',,IL,בדי בדיקה יהודית 18 יח',יחידה,1.00,יחידה,false,0,7.90,7.90,true,1,
7290011372774,false,"בדי בדיקה בית יעקב בד""צ",,IL,"בדי בדיקה בד""ץ",יחידה,1.00,יחידה,false,0,6.50,6.50,true,1,
7290011378028,false,חלבה קלאסית וניל ללא תוספת סוכר בארכה 350 גרם,קבוצת אסם סחר שות. מוגבלת,IL,"חלבה ללת""ס",גרמים,350.00,100 גרם,false,0,9.90,2.83,true,1,
7290011378257,false,חטיף חלבה בטעם וניל ללא תוספת סוכר בתוספת פיסטוק ופקאן,קבוצת אוסם סחר-שות.מוגבלת,IL,חטיפי חלבה 7 יח,גרמים,125.00,100 גרם,false,0,8.90,7.12,true,1,
7290011378776,false,חטיף חלווה פיסטוק בארכה 126 גרם מארז 7 יחידות,קבוצת אוסם סחר שותפות מוגבלת,IL,חטיפי חלבה 7 יח,גרמים,126.00,100 גרם,false,0,8.90,7.06,true,1,
7290011426033,false,פשתן טחון ט.מהדרין 300גר,,IL,פשתן טחון - טבע,גרמים,300.00,100 גרם,false,0,9.90,3.30,true,1,
7290011426040,false,נבט חיטה טבע מהדרין300גר,,IL,נבט חיטה,גרמים,300.00,100 גרם,false,0,9.90,3.30,true,1,
7290011426057,false,כף לכל (קרעפט מעולה) 300 גר',,IL,כח לכל טבע,גרמים,300.00,100 גרם,false,0,28.90,9.63,true,1,
7290011426132,false,קמח שקדים 250 גר',,IL,קמח שקדים,גרמים,250.00,100 גרם,false,0,24.90,9.96,true,1,
7290011426156,false,קמח קוקוס 250 גרם,טבע מהדרין,IL,קמח קוקוס 250 גר,גרמים,250.00,100 גרם,false,1,17.90,7.16,true,1,
7290011426293,false,סובין שיבולת שועל 500 גר,,IL,סובין שבולת שועל,גרמים,500.00,100 גרם,false,0,14.90,2.98,true,1,
7290011426415,false,"שמן פשתן טבעי 250 מ""ל",,IL,שמן פשתן,מיליליטרים,250.00,"100 מ""ל",false,1,19.90,7.96,true,1,
7290011426446,false,"שמן קוקוס אורגני 300 מ""ל",,IL,שמן קוקוס אורגני,מיליליטרים,300.00,"100 מ""ל",false,1,17.90,5.97,true,1,
7290011426453,false,"שמן קוקוס אורגני 720 מ""ל",,IL,שמן קוקוס אורגני,מיליליטרים,720.00,"100 מ""ל",false,1,36.90,5.13,true,1,
7290011426576,false,שקדימון 300 גרם,,IL,שקדימון,גרמים,300.00,100 גרם,false,0,34.90,11.63,true,1,
7290011426637,false,חמאת אגוזי לו ז200 גר',,IL,חמאת אגוזי לוז,גרמים,200.00,100 גרם,false,0,33.90,16.95,true,1,
7290011426668,false,חמאת אגוזי קשיו 200 גר',,IL,חמאת אגוזי קשיו,גרמים,200.00,100 גרם,false,0,28.90,14.45,true,1,
7290011426682,false,טחינת גרעיני דלעת 200 גר,,IL,טחינת גרעיני דלע,גרמים,200.00,100 גרם,false,1,24.90,12.45,true,1,
7290011426767,false,חמאת קוקוס טבעית 280 גר',,IL,חמאת קוקוס 280 ג,גרמים,280.00,100 גרם,false,1,19.90,7.11,true,1,
7290011426811,false,שקד טבעי 300 גרם,,IL,שקד טבעי 300 גרם,גרמים,300.00,100 גרם,false,1,28.90,9.63,true,1,
7290011426859,false,שקדימון 650 גרם,,IL,שקדימון,גרמים,650.00,100 גרם,false,1,62.90,9.68,true,1,
7290011431020,false,כוסות קרטון 10 OZ איכותי 50 יחי' שמאי,,CN,כוסות קרטון,יחידה,1.00,יחידה,false,1,13.90,13.90,true,1,
7290011431037,false,כוסות קרטון 12 OZ איכותי 50 יחי' שמאי,,TR,כוסות שתיה חמה,יחידה,1.00,יחידה,false,1,18.90,18.90,true,1,
7290011431198,false,"נייר כסף דמוי דימונד 200 שמאי כשל""פ עד""ח",,IL,רדיד אלומיניום,יחידה,1.00,יחידה,false,0,29.90,29.90,true,1,
7290011431204,false,"נוזל כלים ר.שמאי 750 מ""ל",,IL,נוזל כלים,מיליליטרים,750.00,"100 מ""ל",false,0,4.90,0.65,true,1,
7290011431341,false,"מזלג איכותי שמאי 100 יחי' כשל""פ עד""ח",,TR,מזלג חד פעמי,יחידה,1.00,יחידה,false,1,7.50,7.50,true,1,
7290011431358,false,כפיות איכותי ר. שמאי 100 יחי' כשל''פ עד''ח,,TR,כפיות חד פעמי,יחידה,1.00,יחידה,false,1,5.90,5.90,true,1,
7290011431365,false,סכינים חד פעמי ר.שמאי 100 יחידות,,TR,סכין חד פעמי,יחידה,1.00,יחידה,false,1,7.50,7.50,true,1,
7290011431372,false,"לפתניות צבעוני 25 יח' שמאי כשל""פ עד""ח",,IL,לפתניות 25 יח',יחידה,1.00,יחידה,false,1,3.90,3.90,true,1,
7290011431389,false,"צלחות מרק צבעוני 25 יח' ר. שמאי עד""ח",,IL,צלחות מרק 25 יח',יחידה,1.00,יחידה,false,1,8.50,8.50,true,1,
7290011431396,false,"צלחות קטן צבעוני 25 יח' שמאי כשל""פ עד""ח",,IL,צלחות קטן 25 יח',יחידה,1.00,יחידה,false,1,6.90,6.90,true,1,
7290011431419,false,"צלחות גדול צבעוני 25 יח' שמאי כשל""פ עד""ח",,IL,צלחות גדו 25 יח',יחידה,1.00,יחידה,false,1,10.90,10.90,true,1,
7290011431426,false,"מגש אובלי צבעוני 25 יח' שמאי כשל""פ עד""ח",,IL,אובלי מגש 25 יח',יחידה,1.00,יחידה,false,1,19.90,19.90,true,1,
7290011431433,false,קעריות אובליות צבעוני שמאי 25 יח',,IL,אובלי 25 יח',יחידה,1.00,יחידה,false,1,4.90,4.90,true,1,
7290011431440,false,"נייר כסף שמאי עבה 50 מ' רוחב 45 ס""מ כשל""פ עד""ח",,IL,נייר כסף עבה,מטרים,50.00,מטר,false,1,39.90,0.80,true,1,
7290011431457,false,ספריי חלונות קלינס ר. שמאי 1 ליטר,,IL,נוזל לחלונות,ליטרים,1.00,ליטר,false,0,5.90,5.90,true,1,
7290011431488,false,"אציטון 100 סמ""ק",,IL,אציטון משובח,מיליליטרים,100.00,"100 מ""ל",false,0,2.90,2.90,true,1,
7290011431501,false,שקיות אשפה 75/90 אפור עבה מאוד שמאי 25 יח',,IL,אשפתון אפור,יחידה,1.00,יחידה,false,0,13.90,13.90,true,1,
7290011431518,false,שקיות אשפה ירוק שטוח עבה 50/70עם ידית 40יח',,IL,אשפתון + ידית,יחידה,1.00,יחידה,false,0,12.90,12.90,true,1,
7290011431525,false,שקיות אשפה עבה 75/90 עם ידיות שחור 25 יח',,IL,אשפתון שחור,יחידה,1.00,יחידה,false,0,13.90,13.90,true,1,
7290011431532,false,"קופסאות איחסון 1 ק""ג שלישייה",,IL,מיכל 1 ליטר 3 יחר 3 יח',יחידה,1.00,יחידה,false,0,4.90,4.90,true,1,
7290011431549,false,מיכל אחסון 2.5 קילו שמאי 2 יח',,,מיכל 2.5 ק' זוג,יחידה,1.00,יחידה,false,0,6.90,6.90,true,1,
7290011431556,false,מיכל אחסון 4.5 קילו שמאי 2 יח',,IL,"מיכל 4 ק""ג 2 יח' כשל""פ 2",יחידה,1.00,יחידה,false,0,7.90,7.90,true,1,
7290011431570,false,מיכל אחסון 3 קילו שמאי 2 יח',,IL,"מיכל 3 ק""ג 2 יח' כשל""פ 2",יחידה,1.00,יחידה,false,0,6.90,6.90,true,1,
7290011431587,false,"קופסאות איחסון 2 ק""ג שלישייה",,IL,"מיכל 2 ק""ג 3 יח' כשל""פ 3",יחידה,1.00,יחידה,false,0,5.90,5.90,true,1,
7290011431594,false,תבניות *פרימיום* סיר אמריקאי ארוז 2 יח' ר. שמאי,,CN,סיר אלומיניום,יחידה,1.00,יחידה,false,1,7.90,7.90,true,1,
7290011431600,false,תבניות *פרימיום* גדול אמריקאי ארוז 4 יח' ר. שמאי,.,IL,תבניות גדולות אמ,יחידה,1.00,יחידה,false,1,7.90,7.90,true,1,
7290011431617,false,תבניות *פרימיום* ענק אמריקאי ארוז 3 יח' ר. שמאי,.,IL,תבניות ענק אמריק,יחידה,1.00,יחידה,false,1,7.90,7.90,true,1,
7290011431624,false,תבניות *פרימיום* אינגליש ענק אמריקאי ארוז 4 יח' ר. שמאי,,IL,4 תבניות אינגליש,יחידה,1.00,יחידה,false,1,7.90,7.90,true,1,
7290011431631,false,תבניות *פרימיום* מאפינס אמריקאי ארוז 5 יח' ר. שמאי,.,IL,תבניות מאפינס אמ,יחידה,1.00,יחידה,false,1,7.90,7.90,true,1,
7290011431648,false,תבניות *פרימיום* אליפסה אמריקאי ארוז 5 יח' 1-2 ר. שמאי,.,IL,תבניות אליפסה אמ,יחידה,1.00,יחידה,false,1,7.90,7.90,true,1,
7290011431655,false,מכסה לסיר אמריקאי 5 יח',,CN,מכסה לסיר 5 יח,יחידה,1.00,יחידה,false,1,7.90,7.90,true,1,
7290011431662,false,כפפות לטקס -S- ר. שמאי 100 יח',,IL,כפפות לטקס S,יחידה,1.00,יחידה,false,1,13.90,13.90,true,1,
7290011431679,false,כפפות לטקס -M- שמאי 100 יח',,IL,כפפות לטקס M,יחידה,1.00,יחידה,false,1,13.90,13.90,true,1,
7290011431709,false,טישו לאף פרימיום מארז 100X5יח',,IL,טישו חמישיה שמאי,יחידה,1.00,יחידה,false,1,8.90,8.90,true,1,
7290011431716,false,רביעיית נייר לשבת נשלף אחד אחד שמאי 200 יח',,IL,נייר שבת שמיניות,יחידה,1.00,יחידה,false,1,9.90,9.90,true,1,
7290011431785,false,תבניות ארוזות C60 עגול עמוק שמאי 5 יח',.,IL,תבניות עגול עמוק,יחידה,1.00,יחידה,false,1,6.90,6.90,true,1,
7290011431808,false,מפות 45 מטר עבה מאוד כחול קריסטלי שמאי כשלפ עדח,,,גליל מפה 45 מטר,יחידה,1.00,יחידה,false,0,29.90,29.90,true,1,
7290011431815,false,מפות שמיניות עבה במיוחד קריסטלי כחול שמאי,,IL,מפות שולחן עבות,יחידה,1.00,יחידה,false,0,8.90,8.90,true,1,
7290011431822,false,מפות שישיות עבה במיוחד קריסטלי כחול שמאי,,IL,מפות שולחן עבות,יחידה,1.00,יחידה,false,0,8.90,8.90,true,1,
7290011431846,false,"מפות 45 מטר עבה כתום שמאי כשל""פ עד""ח",,,"גליל ניילון לשולחן כשל""פ",יחידה,1.00,יחידה,false,0,14.90,14.90,true,1,
7290011431853,false,מפות שמיניות שקוף עבה כתום שמאי,,IL,מפות שולחן עבה,יחידה,1.00,יחידה,false,0,5.90,5.90,true,1,
7290011431860,false,"מפות עבות ח""פ ר. שמאי מארז 6יח' כשל""פ",,IL,מפות שולחן עבה,יחידה,1.00,יחידה,false,0,5.90,5.90,true,1,
7290011431877,false,"מפות 33 מטר רחב במיוחד 1.6 מ' בורדו עבה מאוד קריסטלי שמאי כשל""פ",.,IL,מפת קריסטל עבה,יחידה,1.00,יחידה,false,0,24.90,24.90,true,1,
7290011431884,false,שקיות מזון שטוח L.D ארוז שמאי 200 יח',,IL,שקיות מזון איכות,יחידה,1.00,יחידה,false,0,6.90,6.90,true,1,
7290011431983,false,"כוסיות ליקר איכותי 40 יח' כשל""פ עד""ח שמאי",,TR,כוסיות ליקר40 יח,יחידה,1.00,יחידה,false,0,5.90,5.90,true,1,
7290011438142,false,"משקה יטבתה אייס קפה בבקבוק אישי 350 מ""ל",שטראוס גרופ בעמ/מצונן,IL,משקה חלב קפה,מיליליטרים,350.00,"100 מ""ל",false,0,4.90,1.40,true,1,
7290011447014,false,מטרנה דייסת סלט פירות 200 גרם,קבוצת אוסם סחר שותפות מוגבלת,IL,דייסת מטרנה,גרמים,200.00,100 גרם,false,0,12.90,6.45,true,1,
7290011447359,false,תחליף חלב מטרנה מהדרין שלב 1 חלבי 700 גרם,קבוצת אוסם סחר שותפות מוגבלת,IL,מטרנה מהדרין,גרמים,700.00,100 גרם,false,0,49.90,7.13,true,1,
7290011447373,false,תחליף חלב מטרנה מהדרין שלב 2 חלבי 700 גרם,קבוצת אוסם סחר שותפות מוגבלת,IL,מטרנה מהדרין,גרמים,700.00,100 גרם,false,0,49.90,7.13,true,1,
7290011457051,false,"ליקר צלו שוקולד בד""ץ 500 מ""ל",ישראליקר,IL,ליקר שוקולד,מיליליטרים,500.00,"100 מ""ל",false,0,29.90,5.98,true,1,
7290011459222,false,כרית לניקוי סירים 5,saniteks,IL,מנקה סירים 5 יח,יחידה,1.00,יחידה,false,0,3.90,3.90,true,1,
7290011459819,false,סומו כריות יפניות 9 יח',,IL,כרית יפנית 9יח,יחידה,1.00,יחידה,false,0,7.90,7.90,true,1,
7290011473778,false,משמש מיובש אורגני 25,נימקס איזמיר,TR,משמש מיובש,גרמים,250.00,100 גרם,false,0,20.90,8.36,true,1,
7290011489533,false,בייגלה שמניות מלוח טופז 300גרם,מגדנית הדר,IL,בייגלה עם מלח,גרמים,300.00,100 גרם,false,0,5.90,1.97,true,1,
7290011489540,false,בייגלה שמיניות עם שו,מגדנית הדר,IL,בייגלה שומשום,גרמים,300.00,100 גרם,false,0,5.90,1.97,true,1,
7290011489601,false,קרקר טופז טעם בצל 110 גר,אפיפית נצרת,IL,קרקר טופז בצל,גרמים,110.00,100 גרם,false,0,2.90,2.64,true,1,
7290011489625,false,פתי בר ביסקויט בטעם שוקו,אפיפית נצרת,IL,ביסקויט שוקו הדר,גרמים,110.00,100 גרם,false,0,2.90,2.64,true,1,
7290011489694,false,פירורי ביסקוויט בטעם וניל 300 ג`הדר,ח.כהן סוכנות מזון ומשקאות בע,IL,פירורי בסקוויט,גרמים,300.00,100 גרם,false,0,5.90,1.97,true,1,
7290011489700,false,פירורי ביסקוויט בטעם שוקו 300 ג`הדר,ח.כהן סוכנות מזון ומשקאות בע,IL,פירורי בסקוויט,גרמים,300.00,100 גרם,false,0,5.90,1.97,true,1,
7290011515683,false,מאגדת טילון אקסטרים וניל נסטלה 6 יחידות,נגה גלידות שותפות מוגבלת,IL,מאגדת אקסטרים,גרמים,432.00,100 גרם,false,0,24.90,5.76,true,1,
7290011515911,false,שלגוני לייט ריבת חלב עם סירופ 6*52 גרם,נגה גלידות שותפות מוגבלת,IL,מאגדת לייט,גרמים,312.00,100 גרם,false,0,19.90,6.38,true,1,
7290011518561,false,"אקטימל תות 1.51 ק""ג מארז 14 יחידות",שטראוס גרופ בעמ/מצונן,IL,אקטימל מארז14יח',ליטרים,1.40,ליטר,false,0,24.90,17.79,true,1,
7290011525323,false,אל סבון טיפולי לתינוק קמיל בלו סנסטיב שיבולת שועל,פישר תעשיות פרמבצטיות בעמ,IL,אל סבון קמיל בלו,מיליליטרים,500.00,"100 מ""ל",false,0,19.90,3.98,true,1,
7290011525712,false,"קמיל בלו אל סבון סנסיטיב לפני השינה ד""ר פישר 1 ליטר","פישר תעשיות פרמצביטות בע""מ",IL,אלסבון קמיל,ליטרים,1.00,ליטר,false,0,25.90,25.90,true,1,
7290011530358,false,שייק איט 450 גרם friday מיקס פירות קפוא,"הבו-קדו בע""מ",IL,שייק איט כתום,גרמים,450.00,100 גרם,false,1,29.90,6.64,true,1,
7290011530402,false,"בצק עלים בלדי 900 גרם - בד""ץ עדה חרדית",ציפור השרון,IL,בצק עלים בלדי,גרמים,800.00,100 גרם,false,1,13.70,1.71,true,1,
7290011530471,false,פולי סויה אדממה בלדי (1 קג)בדץ,ד'\ג'\יאנג קינשור פודס ק,CN,פולי סויה אדממה,קילוגרמים,1.00,"ק""ג",false,1,14.90,14.90,true,1,
7290011530488,false,שייק איט 450 גר saturday מיקס פירות קפוא,"הבו-קדו בע""מ",IL,שייק איט תכלת,גרמים,450.00,100 גרם,false,1,29.90,6.64,true,1,
7290011530525,false,מיקס פירות קפואים שייק איט צהוב - 3*150 ג',"הבו-קדו בע""מ",IL,שייק איט צהוב,גרמים,450.00,100 גרם,false,1,29.90,6.64,true,1,
7290011530532,false,מיקס פירות קפואים שייק איט ירוק - 3*150 ג',"הבו-קדו בע""מ",IL,שייק אייט ירוק,גרמים,450.00,100 גרם,false,1,29.90,6.64,true,1,
7290011530549,false,מיקס פירות קפואים שייק איט ורוד - 3*150 ג',"הבו-קדו בע""מ",IL,שייק איט ורוד,גרמים,450.00,100 גרם,false,1,29.90,6.64,true,1,
7290011530730,false,מיקס פירות קפואים שייק איט חום - 3*150 ג',"הבו-קדו בע""מ",IL,שייק איט חום,גרמים,450.00,100 גרם,false,1,29.90,6.64,true,1,
7290011530815,false,"ג'חנון בלדי 800 גרם - בד""ץ עדה החרדית",בלדי בעמ,IL,ג'חנון בלדי,גרמים,800.00,100 גרם,false,1,13.70,1.71,true,1,
7290011537371,false,פסטה קונכיות 500 גרם טעמן,מוצרי יסוד - טעמן,,פסטה קונכיות,גרמים,500.00,100 גרם,false,0,3.90,0.78,true,1,
7290011556105,false,חומץ 5% 1 ל',,IL,חומץ,ליטרים,1.00,ליטר,false,0,3.90,3.90,true,1,
7290011556112,false,חומצה אצטית מדוללת 5%,,IL,חומצה אצטית 5%,מיליליטרים,4000.00,"100 מ""ל",false,0,7.90,0.20,true,1,
7290011556181,false,חומץ סינטטי שקוף 4ליטר,,IL,חומץ סינטטי,ליטרים,4.00,ליטר,false,0,7.90,1.98,true,1,
7290011556198,false,חומץ סינטטי,,IL,חומץ סינטטי,ליטרים,1.00,ליטר,false,0,4.70,4.70,true,1,
7290011556204,false,מיץ לימון משומר הלל 1 ל',,IL,מיץ לימון משומר,ליטרים,1.00,ליטר,false,0,4.80,4.80,true,1,
7290011556211,false,מיץ בטעם לימון,,IL,מיץ בטעם לימון,ליטרים,1.00,ליטר,false,0,7.90,7.90,true,1,
7290011556549,false,חומץ תפוחים 1 ל',,IL,חומץ תפוחים טר,ליטרים,1.00,ליטר,false,0,7.90,7.90,true,1,
7290011575809,false,"הגרטי תרסיס לניקוי כלי כסף יעקבי 200 מ""ל",יעקב יעקבי ובניו בעמ,BE,מבריק כלי כסף,מיליליטרים,200.00,"100 מ""ל",false,0,25.90,12.95,true,1,
7290011598211,false,"סנו - אנטי קאלק מרסס ניקוי כללי 4 ב-1 700 מ""ל",החברה הדרומית לשיווק בעמ,IL,סנו אנטי קאלק,מיליליטרים,700.00,"100 מ""ל",false,0,13.90,1.99,true,1,
7290011598402,false,מקסימה מרכך כביסה ארומתרפי מאסק סנו 4 ליטר,החברה הדרומית לשיווק בעמ,IL,מרכך כביסה,ליטרים,4.00,ליטר,false,0,21.50,5.38,true,1,
7290011599836,false,משפר אפיה טבעי 100 ג' רובינפלד,"סופר קמח רובינפלד בע""מ",IL,משפר אפיה,גרמים,100.00,100 גרם,false,1,9.90,9.90,true,1,
7290011732172,false,סוכריות שרשרת סודה 24 יח' משפחתי טעמן,גואנגדונג צאואן פוד,CN,סוכריות שרשרת,גרמים,384.00,100 גרם,false,0,15.90,4.14,true,1,
7290011732189,false,"סוכריות צמיד דחוסות בד""ץ טעמן 48 יחידות",גואנגדונג צאואן פוד,CN,סוכריות צמיד,גרמים,384.00,100 גרם,false,0,15.90,4.14,true,1,
7290011732264,false,פרמידה סוכריות בטעם פרי חמצמץ 36 יחידות,גואנגדונג צאואן פוד,CN,סוכ.פרמידה,גרמים,360.00,100 גרם,false,0,15.90,4.42,true,1,
7290011732271,false,מארז פירות פלסטיק עם אבקה בטעם פרי חמצמץ 36 יחידות,גואנגדונג צאואן פוד,CN,אבקה טעם פרי36י,גרמים,256.00,100 גרם,false,0,15.90,6.21,true,1,
7290011732943,false,שקדי מרק טעמן 400 גרם,טעמן שווק מזון בעמ,IL,שקדי מרק 400 גרם,גרמים,400.00,100 גרם,false,0,7.90,1.98,true,1,
7290011765613,false,סנו מסיר עובש בניחות לימון מתז 1 ל',החברה הדרומית לשיווק בעמ,IL,סנו מסיר עובש,ליטרים,1.00,ליטר,false,1,14.90,14.90,true,1,
7290011800840,false,רפי כהן סלט טחינה בלאדי צבר 400 גרם,קבוצת אוסם סחר שותפות מוגבלת,IL,סלט טחינה בלאדי,גרמים,400.00,100 גרם,false,0,11.90,2.98,true,1,
7290011830182,false,פסטה כוסמין אורגנית פוזילי 500גר,השדה מוצרים אורגניים,IT,פסטה פוזילי כוסמ,גרמים,400.00,100 גרם,false,0,18.90,4.73,true,1,
7290011830205,false,פסטה כוסמין פטוצ'יני אורגני השדה מוצרים אורגנים 350 גרם,השדה מוצרים אורגניים,HU,פסטה פטוצ'יני,גרמים,350.00,100 גרם,false,0,18.90,5.40,true,1,
7290011830236,false,בייגלה מקמח כוסמין +מלח 200 גרם השדה,השדה מוצרים אורגניים,IL,בייגלה אורגני,גרמים,200.00,100 גרם,false,0,12.90,6.45,true,1,
7290011830243,false,אטריות אורג. ללא גלוטן מאורז תאילנדי 250,השדה מוצרים אורגניים,CN,אטריות אורז תאי,גרמים,250.00,100 גרם,false,0,11.90,4.76,true,1,
7290011830250,false,נודלס אורגני ללא גלוטן 100% כווסמת 250 גרם,השדה מוצרים אורגניים,CN,אטריות כוסמת,גרמים,250.00,100 גרם,false,0,11.90,4.76,true,1,
7290011830267,false,אטריות אורגניות ללא גלוטן מאורז מלא 250,השדה מוצרים אורגניים,CN,אטריות מאורז מלא,גרמים,250.00,100 גרם,false,0,11.90,4.76,true,1,
7290011830564,false,פתיבר כוסמין אורגני השדה מוצרים אורגנים 200 גרם,השדה מוצרים אורגניים,IL,פתי בר כוסמין,גרמים,180.00,100 גרם,false,0,11.10,6.17,true,1,
7290011857844,false,"עוגת פס חלבי ללא תוספת סוכר ""אדל"" 500 גר'",,IL,"עוגת פס לל""ס",יחידה,1.00,יחידה,false,1,34.90,34.90,true,1,
<<<<<<< HEAD
7290011877101,false,"סנומוד מטהר אוויר מאסק סנו 150 מ""ל",מיוצר עי קונדיטוריית,IL,סנומוד,מיליליטרים,150.00,"100 מ""ל",false,0,9.90,6.60,true,1,
7290011877156,false,"מבשם אוויר, בגדים וארונות פרש בניחוח מאסק",מיוצר עי קונדיטוריית,IL,סנו פרש ענק,מיליליטרים,375.00,"100 מ""ל",false,0,8.90,2.37,true,1,
7290011877859,false,סנו אינסטלטור חדש פותח סתימות 200ג',מיוצר עי קונדיטוריית,IL,סנו אינסטלטור,גרמים,200.00,100 גרם,false,0,9.90,4.95,true,1,
7290011877866,false,"מקסימה אבקת כביסה בניחוח מאסק סנו 6 ק""ג","סנו מפעלי ברונוס בע""\מ",IL,אבקת כביסה,קילוגרמים,6.00,"ק""ג",false,0,39.90,6.65,true,1,
7290011931162,false,סוכרלייט ממתיק נוזלי על בסיס סוכרלוז,אף.סי תבליני בגליל ב,IL,סוכרלוז נוזלי,מיליליטרים,220.00,"100 מ""ל",false,0,19.90,9.05,true,1,
7290011931193,false,סוכרלייט סוכרזית כפית לכפית 100 גרם,סוכרזית Sucrazit,IL,סוכרלייט,גרמים,100.00,100 גרם,false,0,23.90,23.90,true,1,
7290011947521,false,"שמן זית כתית מעולה 750 מ""ל טעם מודגש זיתא",זיתא - י.ט.ב תעשיות,IL,שמן זית כתית,מיליליטרים,750.00,"100 מ""ל",false,1,26.90,3.59,true,1,
7290011977627,false,סרדינים בשמן צמחי טעים 125 גרם,טעמן,MA,סרדינים בשמן,גרמים,125.00,100 גרם,false,0,3.90,3.12,true,1,
7290011977634,false,סרדינים בשמן קנולה עם פלפל חריף טעים 125 גרם,טעמן,,סרדינים עם חריף,גרמים,125.00,100 גרם,false,0,3.90,3.12,true,1,
7290011977641,false,סרדינים בשמן קנולה עם לימון טעים 125 גרם,טעמן,,סרדינים שמן לימו,גרמים,125.00,100 גרם,false,0,3.90,3.12,true,1,
7290011977665,false,סרדינים ברוטב עגבניות טעים 125 גרם,טעמן,,סרדינים ברוטב,גרמים,125.00,100 גרם,false,0,3.90,3.12,true,1,
=======
7290011877101,false,"סנומוד מטהר אוויר מאסק סנו 150 מ""ל",החברה הדרומית לשיווק בעמ,IL,סנומוד,מיליליטרים,150.00,"100 מ""ל",false,0,9.90,6.60,true,1,
7290011877156,false,"מבשם אוויר, בגדים וארונות פרש בניחוח מאסק",החברה הדרומית לשיווק בעמ,IL,סנו פרש ענק,מיליליטרים,375.00,"100 מ""ל",false,0,8.90,2.37,true,1,
7290011877859,false,סנו אינסטלטור חדש פותח סתימות 200ג',החברה הדרומית לשיווק בעמ,IL,סנו אינסטלטור,גרמים,200.00,100 גרם,false,0,9.90,4.95,true,1,
7290011877866,false,"מקסימה אבקת כביסה בניחוח מאסק סנו 6 ק""ג",החברה הדרומית לשיווק בעמ,IL,אבקת כביסה,קילוגרמים,6.00,"ק""ג",false,0,39.90,6.65,true,1,
7290011931162,false,סוכרלייט ממתיק נוזלי על בסיס סוכרלוז,אף.סי תבליני בגליל ב,IL,סוכרלוז נוזלי,מיליליטרים,220.00,"100 מ""ל",false,0,19.90,9.05,true,1,
7290011931193,false,סוכרלייט סוכרזית כפית לכפית 100 גרם,שטראוס גרופ בע`מ,IL,סוכרלייט,גרמים,100.00,100 גרם,false,0,23.90,23.90,true,1,
7290011947521,false,"שמן זית כתית מעולה 750 מ""ל טעם מודגש זיתא",תה ויסוצקי (ישראל) בעמ,IL,שמן זית כתית,מיליליטרים,750.00,"100 מ""ל",false,1,26.90,3.59,true,1,
7290011977627,false,סרדינים בשמן צמחי טעים 125 גרם,טעמן שווק מזון בעמ,MA,סרדינים בשמן,גרמים,125.00,100 גרם,false,0,3.90,3.12,true,1,
7290011977634,false,סרדינים בשמן קנולה עם פלפל חריף טעים 125 גרם,טעמן שווק מזון בעמ,,סרדינים עם חריף,גרמים,125.00,100 גרם,false,0,3.90,3.12,true,1,
7290011977641,false,סרדינים בשמן קנולה עם לימון טעים 125 גרם,טעמן שיווק מזון בעמ,,סרדינים שמן לימו,גרמים,125.00,100 גרם,false,0,3.90,3.12,true,1,
7290011977665,false,סרדינים ברוטב עגבניות טעים 125 גרם,טעמן שווק מזון בעמ,,סרדינים ברוטב,גרמים,125.00,100 גרם,false,0,3.90,3.12,true,1,
>>>>>>> d048ac2f4f281c9d788043ab4e81b61b0dbe3743
7290011977924,false,"פסטה קרניים 100% חיטת דורום בד""ץ טעמן 500 גרם",מוצרי יסוד - טעמן,,פסטה פרפלה,גרמים,500.00,100 גרם,false,0,3.90,0.78,true,1,
7290011977962,false,ליקר היוצרים שוקולדה 500,,IL,ליקר היוצרים שוק,מיליליטרים,500.00,"100 מ""ל",false,1,53.00,10.60,true,1,
7290011990008,false,קשקע פרווה 300 גרם,,,קשקע פרווה,גרמים,300.00,100 גרם,false,0,11.90,3.97,true,1,
7290012025495,false,"שמיר טחינה אסלי 1 ק""ג","סלטי שמיר 2006 בע""מ",IL,"טחינה אסלי 1 ק""ג",קילוגרמים,1.00,"ק""ג",false,0,11.90,11.90,true,1,
7290012025822,false,שמיר סלק אסלי 400 גרם,"סלטי שמיר 2006 בע""מ",IL,סלט סלק,גרמים,400.00,100 גרם,false,1,10.90,2.73,true,1,
7290012025839,false,מטבוחה שמיר אסלי 400 גרם,"סלטי שמיר 2006 בע""מ",IL,מטבוחה אסלי,גרמים,400.00,100 גרם,false,0,10.90,2.73,true,1,
<<<<<<< HEAD
7290012052163,false,גרנולה מרכיבים טבעיים זרעים אגוזים ופירות 350 גרם,רפאלס,IL,גרנולה עם אגוזים,גרמים,350.00,100 גרם,false,0,14.90,4.26,true,1,
7290012052170,false,גרנולה עם אגוזים ופירות יבשים במתיקות מעודנת,רפאלס,IL,גרנולה,גרמים,350.00,100 גרם,false,0,14.90,4.26,true,1,
7290012052187,false,גרנולה חלבה תמרים ושקדים מרכיבים טבעיים,רפאלס,IL,גרנולה אורגנית,גרמים,350.00,100 גרם,false,0,14.90,4.26,true,1,
7290012052194,false,גרנולה פירות יער וקשיו מרכיבים טבעיים 350 גרם,רפאלס,IL,גרנולה,גרמים,350.00,100 גרם,false,0,14.90,4.26,true,1,
7290012052354,false,גרנולה רפאל שוקולד ואגוזי לוז 350 גרם,רפאלס,IL,גרנולה שוקולד,גרמים,350.00,100 גרם,false,0,14.90,4.26,true,1,
7290012052361,false,גרנולה מוזלי בטעם מרכיבים טבעיים 350 גרם,רפאלס,IL,מוזלי טבעי,גרמים,350.00,100 גרם,false,0,14.90,4.26,true,1,
7290012071003,false,"ד""ר פישר - קמיל בלו משחה לתינוק 200 גרם",פישר מעבדות פרמצבטיו,IL,משחה לתינוק,גרמים,200.00,100 גרם,false,0,18.90,9.45,true,1,
7290012116537,false,"מקסימה אבקת כביסה בניחוח מאסק סנו 2.5 ק""ג",טרופיקל דגיל תעשיות,IL,אבקת כביסה,קילוגרמים,2.50,"ק""ג",false,0,23.90,9.56,true,1,
7290012116551,false,אנטי קאלק נוזל לניקוי כללי סנו 2 ליטר,מיוצר עי קונדיטוריית,IL,סנו אנטי קאלק,ליטרים,2.00,ליטר,false,0,19.90,9.95,true,1,
7290012117039,false,נוזל לניקוי אמבטיה 00 סנו 1 ליטר,סנו מפעלי ברונוס בעמ,IL,"סנו ""00"" לאמבטיה",ליטרים,1.00,ליטר,false,0,6.90,6.90,true,1,
7290012117091,false,"אבקת כביסה סנסיטיב סנו מקסימה 6 ק""ג",סנו מקסימה,IL,אב.כביסה מקסימה,קילוגרמים,6.00,"ק""ג",false,0,39.90,6.65,true,1,
7290012117275,false,"קליר שקית מילוי לניקוי חלונות סנו 750 מ""ל",טרופיקל דגיל תעשיות,IL,סנוקליר מילוי,מיליליטרים,750.00,"100 מ""ל",false,0,5.70,0.76,true,1,
7290012117350,false,"נוזל רצפות לילך 2 ליטר ""ריצפז פרש""","סנו מפעלי ברונוס בע""\מ",IL,סנו ריצפז,ליטרים,2.00,ליטר,false,0,16.90,8.45,true,1,
7290012117411,false,"שמפו וג'ל רחצה רויבוס 700 מ""ל ""קרמה""",קוסמופארם בע'\'\מ,IL,קרמה ג'ל רחצה,מיליליטרים,700.00,"100 מ""ל",false,0,14.90,2.13,true,1,
7290012117534,false,מרכך כביסה מרוכז תכלת קול סנו מקסימה 1 ליטר,"סנו מפעלי ברונוס בע""\מ",IL,מקסימה ס.מרוכז,ליטרים,1.00,ליטר,false,0,14.90,14.90,true,1,
7290012117541,false,מרכך כביסה מרוכז צהוב סנו מקסימה 1 ליטר,סנו מפעלי ברונוס בעמ,IL,מקסימה מרכך,ליטרים,1.00,ליטר,false,0,14.90,14.90,true,1,
7290012117558,false,מקסימה מרכך כביסה מרוכז ורוד בניחוח מאסק סנו 1 ליטר,"סנו מפעלי ברונוס בע""\מ",IL,מקסימה ס.מרוכז,ליטרים,1.00,ליטר,false,0,14.90,14.90,true,1,
7290012117732,false,מקסימה מרכך כביסה ארומתרפי קול סנו 4 ליטר,"סנו מפעלי ברונוס בע""\מ",IL,מרכך מקסימה COOL,ליטרים,4.00,ליטר,false,0,21.50,5.38,true,1,
7290012117916,false,אינסטלטור נוזל לפתיחת סתימות סנו 1 ליטר,"סנו מפעלי ברונוס בע""",IL,אינסטלטור נוזלי,ליטרים,1.00,ליטר,false,0,26.70,26.70,true,1,
7290012227592,false,פסט' חרמון כפרי וסלמי תה זוגי זוגלובק 300X2ג' מחפוד,זוגלובק,IL,זוג חרמון+תה,גרמים,700.00,100 גרם,false,0,24.90,3.56,true,1,
7290012227608,false,מארז חרמון 300 גר' +חרמון ברבקיו 300ג' זוגלובק,זוגלובק,IL,חרמון+ברביקיו,גרמים,600.00,100 גרם,false,0,24.90,4.15,true,1,
7290012227622,false,פסטרמה חרמון כפרית דבש 400גר מחפוד זוגלובק,זוגלובק,IL,חרמון כפרית דבש,גרמים,400.00,100 גרם,false,0,17.90,4.48,true,1,
7290012227769,false,פסטרמה ברביקיו זוגלובק מחפוד 400 גרם,זוגלובק,IL,פסטרמה ברביקיו,גרמים,400.00,100 גרם,false,1,17.90,4.48,true,1,
7290012227783,false,נקניק תה מעושן מחפוד זוגלובק 400ג',זוגלובק,IL,תה מעושן,גרמים,400.00,100 גרם,false,1,15.90,3.98,true,1,
7290012228612,false,זוג חזה הודו ועוף 300+ח.ברביקיו 300 קהילות.,זוגלובק,IL,זוג חזה עוף,גרמים,600.00,100 גרם,false,1,25.90,4.32,true,1,
7290012228629,false,נקניקיות עוף זוגלובק 800 גר' קהילות,זוגלובק,IL,נקניקיות עוף,גרמים,800.00,100 גרם,false,1,18.90,2.36,true,1,
=======
7290012052163,false,גרנולה מרכיבים טבעיים זרעים אגוזים ופירות 350 גרם,כרמית תעשיות ממתקים בעמ,IL,גרנולה עם אגוזים,גרמים,350.00,100 גרם,false,0,14.90,4.26,true,1,
7290012052170,false,גרנולה עם אגוזים ופירות יבשים במתיקות מעודנת,כרמית תעשיות ממתקים בעמ,IL,גרנולה,גרמים,350.00,100 גרם,false,0,14.90,4.26,true,1,
7290012052187,false,גרנולה חלבה תמרים ושקדים מרכיבים טבעיים,כרמית תעשיות ממתקים בעמ,IL,גרנולה אורגנית,גרמים,350.00,100 גרם,false,0,14.90,4.26,true,1,
7290012052194,false,גרנולה פירות יער וקשיו מרכיבים טבעיים 350 גרם,כרמית תעשיות ממתקים בעמ,IL,גרנולה,גרמים,350.00,100 גרם,false,0,14.90,4.26,true,1,
7290012052354,false,גרנולה אגוזים זרעים שוקולד ואגוזי לוז,כרמית תעשיות ממתקים בעמ,IL,גרנולה שוקולד,גרמים,350.00,100 גרם,false,0,14.90,4.26,true,1,
7290012052361,false,גרנולה מוזלי בטעם מרכיבים טבעיים 350 גרם,כרמית תעשיות ממתקים בעמ,IL,מוזלי טבעי,גרמים,350.00,100 גרם,false,0,14.90,4.26,true,1,
7290012071003,false,קמיל בלו משחה לתינוק דר. פישר (200 גרם),"פישר תעשיות פרמצביטות בע""מ",IL,משחה לתינוק,גרמים,200.00,100 גרם,false,0,18.90,9.45,true,1,
7290012116537,false,"מקסימה אבקת כביסה בניחוח מאסק סנו 2.5 ק""ג",החברה הדרומית לשיווק בעמ,IL,אבקת כביסה,קילוגרמים,2.50,"ק""ג",false,0,23.90,9.56,true,1,
7290012116551,false,אנטי קאלק נוזל לניקוי כללי סנו 2 ליטר,החברה הדרומית לשיווק בעמ,IL,סנו אנטי קאלק,ליטרים,2.00,ליטר,false,0,19.90,9.95,true,1,
7290012117039,false,נוזל לניקוי אמבטיה 00 סנו 1 ליטר,החברה הדרומית לשיווק בעמ,IL,"סנו ""00"" לאמבטיה",ליטרים,1.00,ליטר,false,0,6.90,6.90,true,1,
7290012117091,false,"אבקת כביסה סנסיטיב סנו מקסימה 6 ק""ג",החברה הדרומית לשיווק בעמ,IL,אב.כביסה מקסימה,קילוגרמים,6.00,"ק""ג",false,0,39.90,6.65,true,1,
7290012117275,false,"קליר שקית מילוי לניקוי חלונות סנו 750 מ""ל",החברה הדרומית לשיווק בעמ,IL,סנוקליר מילוי,מיליליטרים,750.00,"100 מ""ל",false,0,5.70,0.76,true,1,
7290012117350,false,"נוזל רצפות לילך 2 ליטר ""ריצפז פרש""",החברה הדרומית לשיווק בעמ,IL,סנו ריצפז,ליטרים,2.00,ליטר,false,0,16.90,8.45,true,1,
7290012117411,false,"שמפו וג'ל רחצה רויבוס 700 מ""ל ""קרמה""",החברה הדרומית לשיווק בעמ,IL,קרמה ג'ל רחצה,מיליליטרים,700.00,"100 מ""ל",false,0,14.90,2.13,true,1,
7290012117534,false,מרכך כביסה מרוכז תכלת קול סנו מקסימה 1 ליטר,החברה הדרומית לשיווק בעמ,IL,מקסימה ס.מרוכז,ליטרים,1.00,ליטר,false,0,14.90,14.90,true,1,
7290012117541,false,מרכך כביסה מרוכז צהוב סנו מקסימה 1 ליטר,החברה הדרומית לשיווק בעמ,IL,מקסימה מרכך,ליטרים,1.00,ליטר,false,0,14.90,14.90,true,1,
7290012117558,false,מקסימה מרכך כביסה מרוכז ורוד בניחוח מאסק סנו 1 ליטר,החברה הדרומית לשיווק בעמ,IL,מקסימה ס.מרוכז,ליטרים,1.00,ליטר,false,0,14.90,14.90,true,1,
7290012117732,false,מקסימה מרכך כביסה ארומתרפי קול סנו 4 ליטר,החברה הדרומית לשיווק בעמ,IL,מרכך מקסימה COOL,ליטרים,4.00,ליטר,false,0,21.50,5.38,true,1,
7290012117916,false,אינסטלטור נוזל לפתיחת סתימות סנו 1 ליטר,החברה הדרומית לשיווק בעמ,IL,אינסטלטור נוזלי,ליטרים,1.00,ליטר,false,0,26.70,26.70,true,1,
7290012227592,false,פסט' חרמון כפרי וסלמי תה זוגי זוגלובק 300X2ג' מחפוד,זוגלובק שיווק בעמ,IL,זוג חרמון+תה,גרמים,700.00,100 גרם,false,0,24.90,3.56,true,1,
7290012227608,false,מארז חרמון 300 גר' +חרמון ברבקיו 300ג' זוגלובק,זוגלובק שיווק בעמ,IL,חרמון+ברביקיו,גרמים,600.00,100 גרם,false,0,24.90,4.15,true,1,
7290012227622,false,פסטרמה חרמון כפרית דבש 400גר מחפוד זוגלובק,זוגלובק שיווק בעמ,IL,חרמון כפרית דבש,גרמים,400.00,100 גרם,false,0,17.90,4.48,true,1,
7290012227769,false,פסטרמה ברביקיו זוגלובק מחפוד 400 גרם,זוגלובק שיווק בעמ,IL,פסטרמה ברביקיו,גרמים,400.00,100 גרם,false,1,17.90,4.48,true,1,
7290012227783,false,נקניק תה מעושן מחפוד זוגלובק 400ג',זוגלובק שיווק בעמ,IL,תה מעושן,גרמים,400.00,100 גרם,false,1,15.90,3.98,true,1,
7290012228612,false,זוג חזה הודו ועוף 300+ח.ברביקיו 300 קהילות.,זוגלובק שיווק בעמ,IL,זוג חזה עוף,גרמים,600.00,100 גרם,false,1,25.90,4.32,true,1,
7290012228629,false,נקניקיות עוף זוגלובק 800 גר' קהילות,זוגלובק שיווק בעמ,IL,נקניקיות עוף,גרמים,800.00,100 גרם,false,1,18.90,2.36,true,1,
>>>>>>> d048ac2f4f281c9d788043ab4e81b61b0dbe3743
7290012335006,false,סוכריות סודה רול מיני מארז משפחתי 375 ג',גואנגדונג צאואן פוד,CN,סוכריות רולי,גרמים,330.00,100 גרם,false,0,15.90,4.82,true,1,
7290012335020,false,סוכריות סודה שעון מארז משפחתי 375 גר',גואנגדונג צאואן פוד,CN,סוכריות דחוסות,גרמים,420.00,100 גרם,false,0,15.90,3.79,true,1,
7290012372100,false,"קמח מלא בהיר 80% רובינפלד 1 ק""ג","סופר קמח רובינפלד בע""מ",IL,קמח חיטה,קילוגרמים,1.00,"ק""ג",false,0,9.90,9.90,true,1,
7290012372124,false,"קמח מנופה כוסמין מלא רוביפנלד 1 ק""ג","סופר קמח רובינפלד בע""מ",IL,קמח כוסמין,קילוגרמים,1.00,"ק""ג",false,1,15.90,15.90,true,1,
7290012372155,false,"קמח מנופה כוסמין 80% רוביפנלד 1 ק""ג","סופר קמח רובינפלד בע""מ",IL,קמח כוסמין,קילוגרמים,1.00,"ק""ג",false,1,15.90,15.90,true,1,
7290012372209,false,קמח חיטה לבן מנופה רובינפלד,,IL,"קמח לבן 1 ק""ג",קילוגרמים,1.00,"ק""ג",false,1,6.90,6.90,true,1,
7290012372247,false,"קמח מנופה כוסמין לבן רוביפנלד 1 ק""ג","סופר קמח רובינפלד בע""מ",IL,קמח כוסמין,קילוגרמים,1.00,"ק""ג",false,1,15.90,15.90,true,1,
<<<<<<< HEAD
7290012413636,false,תה ירוק צ'אי מסאלה ויסוצקי 25 יחידות,ויסוצקי ירוק,IL,תה ירוק צ'אי,גרמים,38.00,100 גרם,false,0,19.90,52.37,true,1,
7290012413643,false,תה ירוק קמומיל ויסוצקי 25 יחידות,ויסוצקי ירוק,IL,תה ירוק קמומיל,גרמים,37.00,100 גרם,false,0,19.90,53.78,true,1,
7290012439100,false,ביסקוויט אותיות רזיט 200 גרם,הגביע,IL,עוגיות בטעם חמאה,גרמים,200.00,100 גרם,false,1,3.90,1.95,true,1,
7290012454172,false,סוכריות ללא תוספת סוכר בטעם תות מיה 80 גרם,מיה תעשיות מזון מ.ת.מ. ב,IL,סוכריות ללא סוכר,גרמים,80.00,100 גרם,false,0,5.80,7.25,true,1,
7290012454189,false,סוכריות ללא תוספת סוכר בטעם קפוצ'ינו מיה 80 גרם,מיה תעשיות מזון,IL,סוכריות ללא סוכר,גרמים,80.00,100 גרם,false,0,5.80,7.25,true,1,
7290012454196,false,סוכריות קפוצ'ינו ללא סוכר מיה 80 גרם,מיה תעשיות מזון מ.ת.מ. ב,IL,סוכריות ללא סוכר,גרמים,80.00,100 גרם,false,0,5.80,7.25,true,1,
7290012454202,false,סוכריות ללא תוספת סוכר בטעם ריבת חלב מיה 80 גרם,מיה תעשיות מזון מ.ת.מ. ב,IL,סוכריות ללא סוכר,גרמים,80.00,100 גרם,false,0,5.80,7.25,true,1,
7290012454257,false,שזיף מיובש ללא גלעין מיה 200 גרם,מיה תעשיות מזון מ.ת.מ. ב,IL,שזיף מיובש,גרמים,200.00,100 גרם,false,0,10.90,5.45,true,1,
7290012454578,false,סוכריות קישוט לעוגה לבן מיה 70 גרם,מיה,IL,קישוט לעוגה,גרמים,70.00,100 גרם,false,0,3.90,5.57,true,1,
7290012454592,false,סוכריות דבש לימון ללא סוכר מיה 80 גרם,מיה תעשיות מזון מ.ת.מ. ב,IL,סוכ.ללא סוכר,גרמים,80.00,100 גרם,false,0,5.80,7.25,true,1,
7290012454943,false,חמוציות שלמות מגשית 150 גר' מיה,מיה תעשיות מזון מ.ת.מ. ב,IL,חמוציות שלמות,גרמים,150.00,100 גרם,false,0,6.90,4.60,true,1,
7290012557484,false,שקית יום הולדת לממתקים,,TR,שקית יום הולדת,גרמים,70.00,100 גרם,false,0,2.90,4.14,true,1,
7290012557972,false,עוגיות נמסות במילוי קרם אגוזים 150 גר',,IL,עוג.קרם אגוזים,גרמים,150.00,100 גרם,false,0,5.90,3.93,true,1,
7290012561405,false,דורות בצל חצי מטוגן 180 גרם,עיצובים 2020 (3.8),IL,בצל חצי מטוגן,גרמים,180.00,100 גרם,false,0,7.90,4.39,true,1,
=======
7290012413636,false,תה ירוק צ'אי מסאלה ויסוצקי 25 יחידות,תה ויסוצקי (ישראל) בעמ,IL,תה ירוק צ'אי,גרמים,38.00,100 גרם,false,0,19.90,52.37,true,1,
7290012413643,false,תה ירוק קמומיל ויסוצקי 25 יחידות,תה ויסוצקי (ישראל) בעמ,IL,תה ירוק קמומיל,גרמים,37.00,100 גרם,false,0,19.90,53.78,true,1,
7290012439100,false,ביסקוויט אותיות רזיט 200 גרם,הגביע מוצרי וופלים בעמ,IL,עוגיות בטעם חמאה,גרמים,200.00,100 גרם,false,1,3.90,1.95,true,1,
7290012454172,false,סוכריות ללא תוספת סוכר בטעם תות מיה 80 גרם,מיה תעשיות מזון מ.ת.מ. בעמ,IL,סוכריות ללא סוכר,גרמים,80.00,100 גרם,false,0,5.80,7.25,true,1,
7290012454189,false,סוכריות ללא תוספת סוכר בטעם קפוצ'ינו מיה 80 גרם,מיה תעשיות מזון מ.ת.מ. בעמ,IL,סוכריות ללא סוכר,גרמים,80.00,100 גרם,false,0,5.80,7.25,true,1,
7290012454196,false,סוכריות קפוצ'ינו ללא סוכר מיה 80 גרם,מיה תעשיות מזון מ.ת.מ. בעמ,IL,סוכריות ללא סוכר,גרמים,80.00,100 גרם,false,0,5.80,7.25,true,1,
7290012454202,false,סוכריות ללא תוספת סוכר בטעם ריבת חלב מיה 80 גרם,מיה תעשיות מזון מ.ת.מ. בעמ,IL,סוכריות ללא סוכר,גרמים,80.00,100 גרם,false,0,5.80,7.25,true,1,
7290012454257,false,שזיף מיובש ללא גלעין מיה 200 גרם,מיה תעשיות מזון מ.ת.מ. בעמ,IL,שזיף מיובש,גרמים,200.00,100 גרם,false,0,10.90,5.45,true,1,
7290012454578,false,סוכריות קישוט לעוגה לבן מיה 70 גרם,מיה תעשיות מזון מ.ת.מ. בעמ,IL,קישוט לעוגה,גרמים,70.00,100 גרם,false,0,3.90,5.57,true,1,
7290012454592,false,סוכריות דבש לימון ללא סוכר מיה 80 גרם,מיה תעשיות מזון מ.ת.מ. בעמ,IL,סוכ.ללא סוכר,גרמים,80.00,100 גרם,false,0,5.80,7.25,true,1,
7290012454943,false,חמוציות שלמות מגשית 150 גר' מיה,מיה תעשיות מזון מ.ת.מ. בעמ,IL,חמוציות שלמות,גרמים,150.00,100 גרם,false,0,6.90,4.60,true,1,
7290012557484,false,שקית יום הולדת לממתקים,,TR,שקית יום הולדת,גרמים,70.00,100 גרם,false,0,2.90,4.14,true,1,
7290012557972,false,עוגיות נמסות במילוי קרם אגוזים 150 גר',,IL,עוג.קרם אגוזים,גרמים,150.00,100 גרם,false,0,5.90,3.93,true,1,
7290012561405,false,בצל קצוץ ומטוגן דורות (180 גרם),קבוצת אוסם סחר שותפות מוגבלת,IL,בצל חצי מטוגן,גרמים,180.00,100 גרם,false,0,7.90,4.39,true,1,
>>>>>>> d048ac2f4f281c9d788043ab4e81b61b0dbe3743
7290012602764,false,דבש לחיץ 'מעולה ' 400 ג'.,,IL,דבש לחיץ מעולה,גרמים,400.00,100 גרם,false,1,21.90,5.48,true,1,
7290012645075,false,יוגורט כבשים יווני גביע 350 גרם חלב הארץ,שטראוס גרופ בעמ/מצונן,IL,יוגורט יווני,גרמים,350.00,100 גרם,false,0,9.90,2.83,true,1,
7290012645112,false,יוגורט עיזים 2.8% בדלי חלב הארץ 750 גרם,שטראוס גרופ בעמ/מצונן,IL,יוגורט עיזים,גרמים,750.00,100 גרם,false,1,15.90,2.12,true,1,
7290012645129,false,יוגורט כבשים 5% בדלי חלב הארץ 750 גרם,שטראוס גרופ בעמ/מצונן,IL,יוגורט כבשים,גרמים,750.00,100 גרם,false,0,15.90,2.12,true,1,
7290012645174,false,גבינת עיזים 5% חלב הארץ 200 גרם,שטראוס גרופ בעמ/מצונן,IL,גבינת עיזים,גרמים,200.00,100 גרם,false,0,11.90,5.95,true,1,
7290012645389,false,יוגורט עיזים טבעי 1 ליטר בבקבוק חלב האר,שטראוס גרופ בעמ/מצונן,IL,יוגורט עיזים,ליטרים,1.00,ליטר,false,0,17.90,17.90,true,1,
7290012738524,false,מצות יהודה כוסמין 300 ג' חמץ,מצות יהודה,IL,מצות מקמח כוסמין,גרמים,300.00,100 גרם,false,0,23.90,7.97,true,1,
7290012738531,false,קמח מצה דק יהודה 400 גר',מצות יהודה,IL,קמח מצה דק,גרמים,400.00,100 גרם,false,1,6.90,1.73,true,1,
7290012738807,false,"ביסקוויט יהודה ספארי 1.2 ק""ג",מצות יהודה,IL,ביסקוויט ספארי,קילוגרמים,1.20,"ק""ג",false,0,19.90,16.58,true,1,
7290012738814,false,ביסקוויט ספארי 600 גרם,מצות יהודה,IL,ביסקוויט ספארי,גרמים,600.00,100 גרם,false,0,14.90,2.48,true,1,
7290012738821,false,עוגיות יהודה טעמים שונים 600 גר'.,מצות יהודה,IL,עוגיות קקאו,גרמים,600.00,100 גרם,false,0,14.90,2.48,true,1,
7290012738838,false,"ביסקוויט יהודה מצופה שוקולד 1.2 ק""ג",,IL,ביסקוויט מצופה,קילוגרמים,1.20,"ק""ג",false,0,27.90,23.25,true,1,
7290012738845,false,"ביסקויט יהודה טעמים שונים 1.2 ק""ג",מצות יהודה,IL,ביסקוויט,קילוגרמים,1.20,"ק""ג",false,0,19.90,16.58,true,1,
7290012738852,false,ביסקויט יהודה טעמים שונים 600 גר',מצות יהודה,IL,ביסקוויט מעורב,גרמים,600.00,100 גרם,false,0,14.90,2.48,true,1,
7290012738913,false,עוגיות פרח מצופה600 גרם,מצות יהודה,IL,עוגיות פרח מצופה,גרמים,500.00,100 גרם,false,0,17.90,3.58,true,1,
7290012738920,false,עוגיות שוקו ציפס 1.200 גרם,מצות יהודה,IL,שוקו ציפ'ס 1.2 ק,קילוגרמים,1.20,"ק""ג",false,1,24.90,20.75,true,1,
7290012818035,false,מאגדת חטיף בוטנים ספיידר 25ג,"10 ברוס ע.ט בע""מ",IL,ספיידר במארז,גרמים,250.00,100 גרם,false,1,7.90,3.16,true,1,
7290012818073,false,צ'יק צ'אק בצל 190 גרם,"10 ברוס ע.ט בע""מ",IL,צ'יק צ'אק בצל,גרמים,190.00,100 גרם,false,1,2.90,1.53,true,1,
7290012818080,false,ספיידר חטיף בוטנים 80 גר,"10 ברוס ע.ט בע""מ",IL,ספיידר בוטנים,גרמים,80.00,100 גרם,false,1,1.90,2.38,true,1,
7290012818394,false,ציקצאק בטעם בצל 8מארזים 20ג,,IL,מארז צ'יק צ'אק ג,גרמים,400.00,100 גרם,false,1,7.90,1.98,true,1,
7290012818523,false,צ'יק צ'אק ברבקיו 190 גרם,"10 ברוס ע.ט בע""מ",IL,צ'יק צ'אק ברבקיו,גרמים,190.00,100 גרם,false,1,2.90,1.53,true,1,
7290012818530,false,צ'יק צ'אק פיצה 190 גרם,"10 ברוס ע.ט בע""מ",IL,צ'יק צ'אק פיצה,גרמים,190.00,100 גרם,false,1,2.90,1.53,true,1,
7290012818769,false,חטיף טיק טוק חמוץ חריף .,,IL,חטיף טיק טוק חמו,יחידה,1.00,יחידה,false,1,1.00,1.00,true,1,
7290012818929,false,חטיף תירס טיקטוק35*10ג,"10 ברוס ע.ט בע""מ",IL,חטיף תירס,גרמים,350.00,100 גרם,false,1,7.90,2.26,true,1,
7290012818981,false,חטיף טיק טוק חמוץ חריף .,,IL,חטיף טיק טוק חמו,יחידה,1.00,יחידה,false,1,1.00,1.00,true,1,
7290012823237,false,"תחליב רחצה קרמה בריזת ים 700 מ""ל",החברה הדרומית לשיווק בעמ,IL,קרמה תחליב רחצה,מיליליטרים,700.00,"100 מ""ל",false,0,14.90,2.13,true,1,
7290012823251,false,אל סבון נוזלי יסמין ולבנדר כיף (1 ליטר),החברה הדרומית לשיווק בעמ,IL,אל סבון כיף,ליטרים,1.00,ליטר,false,0,9.90,9.90,true,1,
7290012823381,false,מקסימה מרכך כביסה מרוכז סנסטיב בייבי סנו 1 ליטר,החברה הדרומית לשיווק בעמ,IL,מרכך כביסה,ליטרים,1.00,ליטר,false,0,14.90,14.90,true,1,
7290012823398,false,מטליות חד פעמיות לניקוי הרצפה בניחוח מרכך כביסה 10יח' סנו,החברה הדרומית לשיווק בעמ,IL,מטליות ריצפז,יחידה,1.00,יחידה,false,1,11.70,11.70,true,1,
7290012823923,false,"מרכך כביסה מרוכז פרפיום גולדן מקסימה 750 מ""ל",החברה הדרומית לשיווק בעמ,IL,מקסימה פרפיום,מיליליטרים,750.00,"100 מ""ל",false,0,14.90,1.99,true,1,
7290012823947,false,"סנו - מרכך כביסה מרוכז פרפיום קריסטל נואר 750 מ""ל",החברה הדרומית לשיווק בעמ,IL,מקסימה פרפיום,מיליליטרים,750.00,"100 מ""ל",false,0,14.90,1.99,true,1,
7290012864025,false,נבטי אלפא אלפא ארוז א.אדמה,"בכורי השדה צפון1994 ג.ד. בע""מ",IL,נבטים אלפלפא,יחידה,1.00,יחידה,false,0,6.90,6.90,true,1,
7290012901973,false,"שעועית אדומה, 400 גרם גאלה",יורוקום אס.אר.אל,IT,שעועית אדומה,גרמים,400.00,100 גרם,false,1,9.90,2.48,true,1,
7290012929380,false,תססן סודה+מקל סודה מארז של 12יח,טעמן שווק מזון בעמ,,תססן סודה,גרמים,144.00,100 גרם,false,0,9.90,6.88,true,1,
7290012929779,false,פסטה מקמח מלא ספירלה 500גרם טעמן,מוצרי יסוד - טעמן,TR,פסטה ספירלה,גרמים,500.00,100 גרם,false,0,3.90,0.78,true,1,
7290012929786,false,פסטה מקמח מלא צינורות 500 גרם טעמן,מוצרי יסוד - טעמן,TR,פסטה צינורות,גרמים,500.00,100 גרם,false,0,3.90,0.78,true,1,
7290012929793,false,פסטה ספדטי מקמח מלא טעמן 500 גר',מוצרי יסוד - טעמן,TR,ספגטי חיטה מלאה,גרמים,500.00,100 גרם,false,0,3.90,0.78,true,1,
7290012929960,false,שלישיית טונה בשמן 150 גרם טעמן,דיאמוד פוד פרודקט סי,TH,שלישיית טונה,גרמים,450.00,100 גרם,false,0,14.90,3.31,true,1,
7290012938580,false,"סנסודיין משחת שיניים להלבנה עדינה 75 מ""ל",גלקסוסמית'\קליין קונסיומ,GB,משחת סנסודיין,מיליליטרים,75.00,"100 מ""ל",false,0,13.90,18.53,true,1,
7290012938740,false,"משחת שיניים פרש מינט מנטה 75מ""ל סנסודיין",גלקסו סמית קליין,GB,משחת סנסודיין,מיליליטרים,75.00,"100 מ""ל",false,0,13.90,18.53,true,1,
7290013010001,false,עגבניות מרוסקות פרי מבורך 260 גרם,"זנלכל בע""\מ",IL,עגבניות מרוסקות,גרמים,240.00,100 גרם,false,0,5.50,2.29,true,1,
7290013010018,false,רוטב עגבניות לפסטה פרי מבורך 240 גרם,"זנלכל בע""\מ",IL,רוטב פסטה 260 גר,גרמים,260.00,100 גרם,false,0,5.50,2.12,true,1,
7290013010025,false,"רוטב עגבניות לפיצה בד""ץ פרי מבורך 240 גרם","זנלכל בע""\מ",IL,רוטב פיצה 260 גר,גרמים,260.00,100 גרם,false,0,5.50,2.12,true,1,
7290013010032,false,רוטב עגבניות לשקשוקה פרי מבורך 240 גרם,"זנלכל בע""\מ",IL,רוטב שקשוקה זנלכ,גרמים,240.00,100 גרם,false,0,5.50,2.29,true,1,
7290013010094,false,"רוטב פסטה בולונז ""פרי מבורך"" 240 גרם","זנלכל בע""\מ",IL,רוטב בלונז,גרמים,260.00,100 גרם,false,0,5.50,2.12,true,1,
7290013080301,false,באגסי חטיף חיטה גריל 400 גרם מארז 20 יחידות,א מ חטיפי העמק בעמ,IL,באגסי גריל,גרמים,400.00,100 גרם,false,0,8.90,2.23,true,1,
7290013080318,false,באגסי חטיף חיטה פלאפל 20*20,א מ חטיפי העמק בעמ,IL,באגסי פלאפל,גרמים,400.00,100 גרם,false,0,8.90,2.23,true,1,
7290013080486,false,באגסי חטיף חיטה פיצה 400 גרם מארז 20 יחידות,א מ חטיפי העמק בעמ,IL,באגסי פיצה 20 יח,גרמים,400.00,100 גרם,false,0,8.90,2.23,true,1,
7290013080585,false,נבוטים חטיף מקלוני תירס מארז 17X20ג',א מ חטיפי העמק בעמ,IL,מארז מקלונים,יחידה,1.00,יחידה,false,1,8.90,8.90,true,1,
7290013080653,false,מארז חטיף רינגים בטעם קטשופ 20 יח,,IL,"חטיף טבעות תפו""א",גרמים,180.00,100 גרם,false,1,8.90,4.94,true,1,
7290013080691,false,מרשמלו עדה חרדית 150 גר',,IL,"מרשמלו בד""צ",גרמים,150.00,100 גרם,false,1,3.90,2.60,true,1,
7290013080769,false,רינגים חטיף טבעות תפוחי אדמה 48 גר',א מ חטיפי העמק בעמ,,רינגים 50 גרם,יחידה,1.00,יחידה,false,0,2.90,2.90,true,1,
7290013117212,false,בורקס פילו במילוי גבינה מעדנות 600 גר,תנובה מרכז שיתופי לשיווק תוצרת,IL,בורקס גבינה,גרמים,600.00,100 גרם,false,0,15.90,2.65,true,1,
7290013117229,false,"בורקס פילו במילוי תפו""א מעדנות 600 גר",תנובה מרכז שיתופי לשיווק תוצרת,IL,"בורקס תפו""א",גרמים,600.00,100 גרם,false,0,15.90,2.65,true,1,
7290013121028,false,לחם לבן 500 גרם ללא גלוטן גרין לייט,אביב קונדיטוריה מעול,IL,לחם לבן ל.גלוטן,גרמים,500.00,100 גרם,false,0,14.90,2.98,true,1,
7290013121035,false,לחם פשתן ללא גלוטן 500 גר קפוא,אביב קונדיטוריה מעול,IL,לחם פשתן,גרמים,500.00,100 גרם,false,0,14.90,2.98,true,1,
7290013121127,false,לחמניות מיני ללא גלוטן גרין לייט 6 יחידות,אביב קונדיטוריה מעול,IL,לחמניות מיני,גרמים,460.00,100 גרם,false,0,14.90,3.24,true,1,
7290013128577,false,תמרים מובחרים שלמה הלפרי,,IL,תמרים מובחרים,קילוגרמים,0.00,"ק""ג",false,1,17.90,17.90,true,1,
<<<<<<< HEAD
7290013144157,false,תערובת להכנת סחלב 130גרם,א.ל ייצור ושיווק תבלינים,IL,תערובת לסחלב,גרמים,130.00,100 גרם,false,0,9.90,7.62,true,1,
7290013144171,false,מיימונס תערובת עוגת שוקולד 560 גרם.,א.ל ייצור ושיווק תבלינים,IL,תערובת לעוגה,גרמים,560.00,100 גרם,false,0,12.90,2.30,true,1,
7290013144188,false,מימונס תערובת להכנת בראוניז 600 גרם,א.ל ייצור ושיווק תבלינים,IL,תערובת בראונס,גרמים,600.00,100 גרם,false,0,12.90,2.15,true,1,
7290013144195,false,מיימונס תערובת כדורי שוקולד 500 גרם.,א.ל ייצור ושיווק תבלינים,IL,תערובת כ.שוקולד,גרמים,500.00,100 גרם,false,0,12.90,2.58,true,1,
7290013144201,false,מיימונס תערובת פנקייק 400 גרם,א.ל ייצור ושיווק תבלינים,IL,תערובת פנקייק,גרמים,400.00,100 גרם,false,0,12.90,3.23,true,1,
7290013144218,false,מיימונס תערובת עוגת וניל 560 גרם.,א.ל ייצור ושיווק תבלינים,IL,תערובת עוגה וניל,גרמים,560.00,100 גרם,false,0,12.90,2.30,true,1,
7290013144249,false,מיימונס פודינג שוקולד 95 גרם,א.ל ייצור ושיווק תבלינים,IL,פודינג שוקולד,גרמים,95.00,100 גרם,false,0,3.90,4.11,true,1,
7290013144270,false,תערובת להכנת קרם פטיסייר מיימונס 100 גרם,א.ל ייצור ושיווק תבלינים,IL,קרם פטיסייר,גרמים,100.00,100 גרם,false,0,9.90,9.90,true,1,
7290013144287,false,מיימונס ג'לי תות 85 גרם,א.ל ייצור ושיווק תבלינים,IL,ג'לי תות,גרמים,85.00,100 גרם,false,0,5.80,6.82,true,1,
7290013144317,false,מימונס ג'וני גלילית וופל למילוי 18 יחידות,הגביע מוצרי וופלים ב,IL,ג'וני גלילת וופל,יחידה,1.00,יחידה,false,0,17.90,17.90,true,1,
7290013144393,false,"תמצית בטעם וניל מימונס 50 מ""ל",א.ל ייצור ושיווק תבלינים,IL,תמצית וניל,מיליליטרים,50.00,"100 מ""ל",false,0,4.30,8.60,true,1,
7290013144409,false,תמצית בטעם רום מימונס 50 גרם,א.ל ייצור ושיווק תבלינים,IL,תמצית רום,מיליליטרים,50.00,"100 מ""ל",false,0,4.30,8.60,true,1,
7290013144416,false,"תמצית בטעם שקדים מימונס 50 מ""ל",א.ל ייצור ושיווק תבלינים,IL,תמצית שקדים,מיליליטרים,50.00,"100 מ""ל",false,0,4.30,8.60,true,1,
7290013144447,false,"תמצית בטעם תפוז מימונס 50 מ""ל",א.ל ייצור ושיווק תבלינים,IL,תמצית תפוז,מיליליטרים,50.00,"100 מ""ל",false,0,7.90,15.80,true,1,
7290013144508,false,"תמצית בטעם ורדים מיימונס 50 מ""ל",מיוצר עי קונדיטוריית,IL,תמצית ורדים,מיליליטרים,50.00,"100 מ""ל",false,0,7.90,15.80,true,1,
7290013144515,false,מיימונס צבע מאכל צהוב 50 גרם,א.ל ייצור ושיווק תבלינים,IL,צבע מאכל צהוב,מיליליטרים,50.00,"100 מ""ל",false,0,3.40,6.80,true,1,
7290013144522,false,מימונס צבע מאכל ירוק 50 גרם,א.ל ייצור ושיווק תבלינים,IL,צבע מאכל ירוק,מיליליטרים,50.00,"100 מ""ל",false,0,3.90,7.80,true,1,
7290013144539,false,צבע מאכל אדום מימונס 50 גרם,א.ל ייצור ושיווק תבלינים,IL,צבע מאכל אדום,מיליליטרים,50.00,"100 מ""ל",false,0,3.40,6.80,true,1,
7290013144560,false,מיימונס צבע מאכל כחול 50 גרם,א.ל ייצור ושיווק תבלינים,IL,צבע מאכל כחול,מיליליטרים,50.00,"100 מ""ל",false,0,3.90,7.80,true,1,
7290013144614,false,"מיימונס סירופ מייפל אמיתי 100% מקנדה 236 מ""ל",הנסיך- מפעל לייצור ט,DK,סירופ מייפל,גרמים,236.00,100 גרם,false,0,29.90,12.67,true,1,
7290013144751,false,סירופ בטעם מייפל מימונס 500 גרם,א.ל ייצור ושיווק תבלינים,IL,סירופ טעם מייפל,גרמים,500.00,100 גרם,false,0,10.90,2.18,true,1,
7290013144768,false,סירופ בטעם שוקולד מימונס 500 גרם,א.ל ייצור ושיווק תבלינים,IL,סירופ טעם שוקולד,גרמים,500.00,100 גרם,false,0,10.90,2.18,true,1,
7290013144805,false,אבקת אייס קפה דיאט 320 גרם מימונס,מימונס אפייה,IL,אייס קפה דיאט,גרמים,245.00,100 גרם,false,1,19.90,8.12,true,1,
7290013144812,false,אבקת אייס קפה וניל 320 גרם מימונס,מימונס אפייה,IL,אייס בטעם וניל,גרמים,320.00,100 גרם,false,1,17.90,5.59,true,1,
7290013144911,false,מימונס מיקס שוקולד צ'יפס מריר וחלב 250 גרם,אינטרגטה תעשיות מזון 19),IL,מיקס שוקולד ציפס,גרמים,250.00,100 גרם,false,1,14.90,5.96,true,1,
7290013145017,false,אגוז מלך קלוף מיימונס 100 גרם,א.ל ייצור ושיווק תבלינים,IL,אגוז מלך קלוף,גרמים,100.00,100 גרם,false,0,10.90,10.90,true,1,
7290013145024,false,מיימונס אגוז מלך טחון 100 גרם,א.ל ייצור ושיווק תבלינים,IL,אגוז מלך טחון,גרמים,100.00,100 גרם,false,0,10.90,10.90,true,1,
7290013145031,false,אגוזי לוז מסוכרים מיימונס 100 גרם,א.ל ייצור ושיווק תבלינים,IL,ברס אגוזי לוז,גרמים,100.00,100 גרם,false,0,11.90,11.90,true,1,
7290013145055,false,פרג שלם מיימונס 100 גרם,א.ל ייצור ושיווק תבלינים,IL,פרג שלם,גרמים,100.00,100 גרם,false,0,5.90,5.90,true,1,
7290013145079,false,שקד רכיבים טבעיים גרוס מיימונס 100 גרם,א.ל ייצור ושיווק תבלינים,IL,שקד טבעי גרוס,גרמים,100.00,100 גרם,false,0,11.90,11.90,true,1,
7290013145093,false,"שקד מולבן גרוס 100 גרם ""מיימונס",א.ל ייצור ושיווק תבלינים,IL,שקד מולבן גרוס,גרמים,100.00,100 גרם,false,0,11.90,11.90,true,1,
7290013145109,false,שקד מולבון טחון מימונס 100 גרם,א.ל ייצור ושיווק תבלינים,IL,שקד מולבן טחון,גרמים,100.00,100 גרם,false,0,11.90,11.90,true,1,
7290013145116,false,מיימונס שקד מולבן מקלות 100 גרם.,א.ל ייצור ושיווק תבלינים,IL,שקד מולבן מקלות,גרמים,100.00,100 גרם,false,0,11.90,11.90,true,1,
7290013145123,false,מיימונס שקד מולבן פרוס 100 גרם,א.ל ייצור ושיווק תבלינים,IL,שקד מולבן פרוס,גרמים,100.00,100 גרם,false,0,11.90,11.90,true,1,
7290013145161,false,פקאן מסוכר מיימונס 100 גרם.,א.ל ייצור ושיווק תבלינים,IL,פקאן מסוכר,גרמים,100.00,100 גרם,false,0,15.90,15.90,true,1,
7290013145178,false,קוקוס טחון לבן מיימונס 100 גרם,א.ל ייצור ושיווק תבלינים,IL,קוקוס טחון לבן,גרמים,100.00,100 גרם,false,0,3.90,3.90,true,1,
7290013145192,false,שומשום מיימונס 100 גרם,א.ל ייצור ושיווק תבלינים,IL,שומשום,גרמים,100.00,100 גרם,false,0,3.90,3.90,true,1,
7290013145215,false,שומשום מימונס 400 גרם,א.ל ייצור ושיווק תבלינים,IL,שומשום,גרמים,400.00,100 גרם,false,0,11.90,2.98,true,1,
7290013145390,false,מימונס שוקולד צ'יפס מהדרין 250 גר,אינטרגטה תעשיות מזון 19),IL,שוקולד צ'יפס,גרמים,250.00,100 גרם,false,0,7.80,3.12,true,1,
7290013145406,false,שוקולד צ'יפס לבן מיימונס 250 גרם,אינטרגטה תעשיות מזון 19),IL,שוקולד צ'יפס,גרמים,250.00,100 גרם,false,0,8.80,3.52,true,1,
7290013145437,false,שוקולד מריר מעולה ציפס מימונס 250 ג',אינטרגטה תעשיות מזון 19),IL,שוקולד צ'יפס,גרמים,250.00,100 גרם,false,0,10.90,4.36,true,1,
7290013145444,false,שוקולד מריר מעולה ציפס 66% מימונס 250 ג',המאפיה של הרמן,IL,שוקולד צ'יפס,גרמים,250.00,100 גרם,false,0,14.70,5.88,true,1,
7290013145451,false,אבקת קקאו מימונס 150 ג',מיוצר עי קונדיטוריית,,אבקת קקאו,יחידה,1.00,יחידה,false,0,6.90,6.90,true,1,
7290013145529,false,סוכריות צבעוניות לקישוט מיימונס 90 גרם,א.ל ייצור ושיווק תבלינים,IL,סוכריות לקישוט,גרמים,90.00,100 גרם,false,0,4.90,5.44,true,1,
7290013145536,false,סוכריות לקישוט בטעם שוקולד מיימונס 85 גרם,א.ל ייצור ושיווק תבלינים,IL,סוכריות ט.שוקןלד,גרמים,85.00,100 גרם,false,0,4.80,5.65,true,1,
7290013145567,false,מיימונס מיני מיני עדשים 90 גרם.,א.ל ייצור ושיווק תבלינים,IL,מיני מיני עדשים,גרמים,90.00,100 גרם,false,0,10.50,11.67,true,1,
7290013145574,false,מיימונס ערכה לקישוט 100 גרם,א.ל ייצור ושיווק תבלינים,IL,ערכה לקישוט100גר,גרמים,100.00,100 גרם,false,0,10.80,10.80,true,1,
7290013145628,false,סוכריות צבעוניות לקישוט מימונס 200 גרם,א.ל ייצור ושיווק תבלינים,IL,סוכריות צבעוניות,גרמים,200.00,100 גרם,false,0,8.40,4.20,true,1,
7290013145840,false,סוכר וניל מיימונס 10 יחידות,א.ל ייצור ושיווק תבלינים,IL,סוכר וניל 10 יח,יחידה,1.00,יחידה,false,0,1.90,1.90,true,1,
7290013145857,false,אבקת אפיה מיימונס 10 יחידות,מימונס אפייה,IL,אבקת אפיה 10 יח,יחידה,1.00,יחידה,false,0,1.90,1.90,true,1,
7290013145901,false,סודה לשתיה מיימונס 100 גרם,א.ל ייצור ושיווק תבלינים,IL,סודה לשתיה,גרמים,100.00,100 גרם,false,0,1.90,1.90,true,1,
7290013145918,false,אבקת סוכר מיימונס 100 גרם,א.ל ייצור ושיווק תבלינים,IL,אבקת סוכר,גרמים,100.00,100 גרם,false,0,1.90,1.90,true,1,
7290013145956,false,שמרים יבשים בוואקום מיימונס 500 גרם,הנסיך- מפעל לייצור ט,CN,שמרים יבשים,גרמים,500.00,100 גרם,false,0,9.90,1.98,true,1,
7290013145963,false,שמרים יבשים בוואקום מיימונס 125 גרם,מימונס אפייה,CN,שמרים יבשים,גרמים,125.00,100 גרם,false,0,5.30,4.24,true,1,
7290013145970,false,קורנפלור מימונס בשקית 200 ג',א.ל ייצור ושיווק תבלינים,IL,קורנפלור,גרמים,200.00,100 גרם,false,1,3.90,1.95,true,1,
7290013146014,false,מלית אוכמניות 70% פרי מיימונס 400 גרם,אינטרגטה,IL,מלית אוכמניות,גרמים,400.00,100 גרם,false,0,13.90,3.48,true,1,
7290013146021,false,מלית תפוח עץ עם קינמון לדברי מאפה 400 ג',אינטרגטה,IL,"מלית תפו""ע",גרמים,400.00,100 גרם,false,0,13.90,3.48,true,1,
7290013146038,false,מיימונס מלית דובדבנים 70% פרי 400 גרם,א.ל ייצור ושיווק תבלינים,IL,מלית דובדבנים,גרמים,400.00,100 גרם,false,0,13.90,3.48,true,1,
7290013146045,false,םמימונס מלית תות שדה 400 גר,א.ל ייצור ושיווק תבלינים,IL,מלית תות שדה,גרמים,400.00,100 גרם,false,1,13.90,3.48,true,1,
7290013146083,false,מיימונס מלית חלבה 400 גרם,אינטרגטה תעשיות מזון 19),IL,מלית חלבה,גרמים,400.00,100 גרם,false,0,13.90,3.48,true,1,
7290013146199,false,מלית קרם נוגט 350 גרם מימונס,אינטרגטה תעשיות מזון 19),IL,קרם נוגט,גרמים,400.00,100 גרם,false,0,13.90,3.48,true,1,
7290013146304,false,קורנפלור 500 גרם מימונס.,א.ל ייצור ושיווק תבלינים,IL,קורנפלור,גרמים,500.00,100 גרם,false,1,5.90,1.18,true,1,
7290013146403,false,סירופ בטעם קרמל מלוח מימונס 500 גרם,א.ל ייצור ושיווק תבלינים,IL,סירופ בטעם קרמל,גרמים,500.00,100 גרם,false,0,14.90,2.98,true,1,
7290013146724,false,אבקת אייס קפה 350 גרם מימונס,מימונס אפייה,IL,אייס קפה,גרמים,350.00,100 גרם,false,1,15.90,4.54,true,1,
7290013146816,false,אבקת סוכר מימונס 500 גרם,א.ל ייצור ושיווק תבלינים,IL,אבקת סוכר,גרמים,500.00,100 גרם,false,1,6.80,1.36,true,1,
7290013146854,false,קוקוס לבן טחון מימונס 400 ג',א.ל ייצור ושיווק תבלינים,IL,קוקוס לבן 400 גר,גרמים,400.00,100 גרם,false,0,12.70,3.18,true,1,
7290013153593,false,תפוזים מתקתק 100% פריגת 1 ליטר,"גת גבעת חיים,",IL,מיץ תפוזים מתקתק,ליטרים,1.00,ליטר,false,1,9.90,9.90,true,1,
7290013195289,false,רוזנער'ס גפילטע פיש ירושלמי 500 גר,,IL,געפילטע פיש ירוש,גרמים,500.00,100 גרם,false,0,19.90,3.98,true,1,
=======
7290013144157,false,תערובת להכנת סחלב 130גרם,א.ל. ייצור ושיווק תבלינים בע`מ,IL,תערובת לסחלב,גרמים,130.00,100 גרם,false,0,9.90,7.62,true,1,
7290013144171,false,מיימונס תערובת עוגת שוקולד 560 גרם.,א.ל.ייצור ושיווק תבלינים בעמ,IL,תערובת לעוגה,גרמים,560.00,100 גרם,false,0,12.90,2.30,true,1,
7290013144188,false,מימונס תערובת להכנת בראוניז 600 גרם,א.ל.יצור ושיווקתבלינים בעמ,IL,תערובת בראונס,גרמים,600.00,100 גרם,false,0,12.90,2.15,true,1,
7290013144195,false,מיימונס תערובת כדורי שוקולד 500 גרם.,א.ל.ייצור ושיווק תבלינים בעמ,IL,תערובת כ.שוקולד,גרמים,500.00,100 גרם,false,0,12.90,2.58,true,1,
7290013144201,false,תערובת להכנת פנקייק מימונס (400 גרם),א.ל.ייצור ושיווק תבלינים בעמ,IL,תערובת פנקייק,גרמים,400.00,100 גרם,false,0,12.90,3.23,true,1,
7290013144218,false,מיימונס תערובת עוגת וניל 560 גרם.,א.ל.ייצור ושיווק תבלינים בעמ,IL,תערובת עוגה וניל,גרמים,560.00,100 גרם,false,0,12.90,2.30,true,1,
7290013144249,false,פודינג בטעם שוקולד 95 גר`מימונס,א.ל. ייצור ושיווק תבלינים בע`מ,IL,פודינג שוקולד,גרמים,95.00,100 גרם,false,0,3.90,4.11,true,1,
7290013144270,false,תערובת להכנת קרם פטיסייר מיימונס 100 גרם,א.ל. ייצור ושיווק תבלינים בע`מ,IL,קרם פטיסייר,גרמים,100.00,100 גרם,false,0,9.90,9.90,true,1,
7290013144287,false,מיימונס ג'לי תות 85 גרם,א.ל. ייצור ושיווק תבלינים בע`מ,IL,ג'לי תות,גרמים,85.00,100 גרם,false,0,5.80,6.82,true,1,
7290013144317,false,מימונס ג'וני גלילית וופל למילוי 18 יחידות,א.ל. ייצור ושיווק תבלינים בע`מ,IL,ג'וני גלילת וופל,יחידה,1.00,יחידה,false,0,17.90,17.90,true,1,
7290013144393,false,תמצית אפיה בטעם וניל מימונס (50 מל),א.ל. ייצור ושיווק תבלינים בע`מ,IL,תמצית וניל,מיליליטרים,50.00,"100 מ""ל",false,0,4.30,8.60,true,1,
7290013144409,false,תמצית אפיה בטעם רום מימונס (50 מל),א.ל. ייצור ושיווק תבלינים בע`מ,IL,תמצית רום,מיליליטרים,50.00,"100 מ""ל",false,0,4.30,8.60,true,1,
7290013144416,false,"תמצית בטעם שקדים מימונס 50 מ""ל",א.ל. ייצור ושיווק תבלינים בע`מ,IL,תמצית שקדים,מיליליטרים,50.00,"100 מ""ל",false,0,4.30,8.60,true,1,
7290013144447,false,תמצית אפיה בטעם תפוז 50 מל מימונס,א.ל.ייצור ושיווק תבלינים בעמ,IL,תמצית תפוז,מיליליטרים,50.00,"100 מ""ל",false,0,7.90,15.80,true,1,
7290013144508,false,תמצית אפיה בטעם ורדים 50 מל מימונס,א.ל. ייצור ושיווק תבלינים בע`מ,IL,תמצית ורדים,מיליליטרים,50.00,"100 מ""ל",false,0,7.90,15.80,true,1,
7290013144515,false,מיימונס צבע מאכל צהוב 50 גרם,א.ל. ייצור ושיווק תבלינים בע`מ,IL,צבע מאכל צהוב,מיליליטרים,50.00,"100 מ""ל",false,0,3.40,6.80,true,1,
7290013144522,false,צבע מאכל ירוק מימונס (50 מל),א.ל. ייצור ושיווק תבלינים בע`מ,IL,צבע מאכל ירוק,מיליליטרים,50.00,"100 מ""ל",false,0,3.90,7.80,true,1,
7290013144539,false,צבע מאכל אדום מימונס 50 גרם,א.ל. ייצור ושיווק תבלינים בע`מ,IL,צבע מאכל אדום,מיליליטרים,50.00,"100 מ""ל",false,0,3.40,6.80,true,1,
7290013144560,false,מיימונס צבע מאכל כחול 50 גרם,א.ל. ייצור ושיווק תבלינים בע`מ,IL,צבע מאכל כחול,מיליליטרים,50.00,"100 מ""ל",false,0,3.90,7.80,true,1,
7290013144614,false,"מיימונס סירופ מייפל אמיתי 100% מקנדה 236 מ""ל",א.ל.ייצור ושיווק תבלינים בעמ,DK,סירופ מייפל,גרמים,236.00,100 גרם,false,0,29.90,12.67,true,1,
7290013144751,false,סירופ בטעם מייפל מימונס 500 גרם,א.ל. ייצור ושיווק תבלינים בע`מ,IL,סירופ טעם מייפל,גרמים,500.00,100 גרם,false,0,10.90,2.18,true,1,
7290013144768,false,סירופ בטעם שוקולד מימונס 500 גרם,א.ל. ייצור ושיווק תבלינים בע`מ,IL,סירופ טעם שוקולד,גרמים,500.00,100 גרם,false,0,10.90,2.18,true,1,
7290013144805,false,אבקת אייס קפה דיאט 320 גרם מימונס,א.ל. ייצור ושיווק תבלינים בע`מ,IL,אייס קפה דיאט,גרמים,245.00,100 גרם,false,1,19.90,8.12,true,1,
7290013144812,false,אבקת אייס קפה וניל 320 גרם מימונס,א.ל. ייצור ושיווק תבלינים בע`מ,IL,אייס בטעם וניל,גרמים,320.00,100 גרם,false,1,17.90,5.59,true,1,
7290013144911,false,מימונס מיקס שוקולד צ'יפס מריר וחלב 250 גרם,א.ל. ייצור ושיווק תבלינים בע`מ,IL,מיקס שוקולד ציפס,גרמים,250.00,100 גרם,false,1,14.90,5.96,true,1,
7290013145017,false,אגוז מלך קלוף מימונס (100 גרם),א.ל. ייצור ושיווק תבלינים בע`מ,IL,אגוז מלך קלוף,גרמים,100.00,100 גרם,false,0,10.90,10.90,true,1,
7290013145024,false,מיימונס אגוז מלך טחון 100 גרם,א.ל. ייצור ושיווק תבלינים בע`מ,IL,אגוז מלך טחון,גרמים,100.00,100 גרם,false,0,10.90,10.90,true,1,
7290013145031,false,אגוזי לוז מסוכרים מיימונס 100 גרם,א.ל. ייצור ושיווק תבלינים בע`מ,IL,ברס אגוזי לוז,גרמים,100.00,100 גרם,false,0,11.90,11.90,true,1,
7290013145055,false,פרג שלם מיימונס 100 גרם,א.ל. ייצור ושיווק תבלינים בע`מ,IL,פרג שלם,גרמים,100.00,100 גרם,false,0,5.90,5.90,true,1,
7290013145079,false,שקד רכיבים טבעיים גרוס מיימונס 100 גרם,א.ל.יצור ושיווקתבלינים בעמ,IL,שקד טבעי גרוס,גרמים,100.00,100 גרם,false,0,11.90,11.90,true,1,
7290013145093,false,"שקד מולבן גרוס 100 גרם ""מיימונס",א.ל. ייצור ושיווק תבלינים בע`מ,IL,שקד מולבן גרוס,גרמים,100.00,100 גרם,false,0,11.90,11.90,true,1,
7290013145109,false,שקד מולבן טחון מימונס (100 גרם),א.ל. ייצור ושיווק תבלינים בע`מ,IL,שקד מולבן טחון,גרמים,100.00,100 גרם,false,0,11.90,11.90,true,1,
7290013145116,false,מיימונס שקד מולבן מקלות 100 גרם.,א.ל. ייצור ושיווק תבלינים בע`מ,IL,שקד מולבן מקלות,גרמים,100.00,100 גרם,false,0,11.90,11.90,true,1,
7290013145123,false,מיימונס שקד מולבן פרוס 100 גרם,א.ל. ייצור ושיווק תבלינים בע`מ,IL,שקד מולבן פרוס,גרמים,100.00,100 גרם,false,0,11.90,11.90,true,1,
7290013145161,false,פקאן מסוכר מיימונס 100 גרם.,א.ל. ייצור ושיווק תבלינים בע`מ,IL,פקאן מסוכר,גרמים,100.00,100 גרם,false,0,15.90,15.90,true,1,
7290013145178,false,קוקוס לבן טחון מימונס (100 גרם),א.ל. ייצור ושיווק תבלינים בע`מ,IL,קוקוס טחון לבן,גרמים,100.00,100 גרם,false,0,3.90,3.90,true,1,
7290013145192,false,שומשום מימונס (100 גרם),א.ל. ייצור ושיווק תבלינים בע`מ,IL,שומשום,גרמים,100.00,100 גרם,false,0,3.90,3.90,true,1,
7290013145215,false,שומשום מימונס (400 גרם),א.ל.ייצור ושיווק תבלינים בעמ,IL,שומשום,גרמים,400.00,100 גרם,false,0,11.90,2.98,true,1,
7290013145390,false,מימונס שוקולד צ'יפס מהדרין 250 גר,א.ל. ייצור ושיווק תבלינים בע`מ,IL,שוקולד צ'יפס,גרמים,250.00,100 גרם,false,0,7.80,3.12,true,1,
7290013145406,false,שוקולד צ`יפס לבן מימונס (250 גרם),א.ל. ייצור ושיווק תבלינים בע`מ,IL,שוקולד צ'יפס,גרמים,250.00,100 גרם,false,0,8.80,3.52,true,1,
7290013145437,false,שוקולד מריר מעולה ציפס מימונס 250 ג',א.ל. ייצור ושיווק תבלינים בע`מ,IL,שוקולד צ'יפס,גרמים,250.00,100 גרם,false,0,10.90,4.36,true,1,
7290013145444,false,שוקולד מריר מעולה ציפס 66% מימונס 250 ג',א.ל. ייצור ושיווק תבלינים בע`מ,IL,שוקולד צ'יפס,גרמים,250.00,100 גרם,false,0,14.70,5.88,true,1,
7290013145451,false,קקאו 150 גר`שקית מימונס,א.ל. ייצור ושיווק תבלינים בע`מ,,אבקת קקאו,יחידה,1.00,יחידה,false,0,6.90,6.90,true,1,
7290013145529,false,סוכריות צבעוניות לקישוט מיימונס 90 גרם,א.ל. ייצור ושיווק תבלינים בע`מ,IL,סוכריות לקישוט,גרמים,90.00,100 גרם,false,0,4.90,5.44,true,1,
7290013145536,false,סוכריות לקישוט בטעם שוקולד מיימונס 85 גרם,א.ל. ייצור ושיווק תבלינים בע`מ,IL,סוכריות ט.שוקןלד,גרמים,85.00,100 גרם,false,0,4.80,5.65,true,1,
7290013145567,false,מיימונס מיני מיני עדשים 90 גרם.,א.ל.ייצור ושיווק תבלינים בעמ,IL,מיני מיני עדשים,גרמים,90.00,100 גרם,false,0,10.50,11.67,true,1,
7290013145574,false,ערכת קישוט לעוגות מימונס (100 גרם),א.ל. ייצור ושיווק תבלינים בע`מ,IL,ערכה לקישוט100גר,גרמים,100.00,100 גרם,false,0,10.80,10.80,true,1,
7290013145628,false,סוכריות צבעוניות לקישוט מימונס 200 גרם,א.ל. ייצור ושיווק תבלינים בע`מ,IL,סוכריות צבעוניות,גרמים,200.00,100 גרם,false,0,8.40,4.20,true,1,
7290013145840,false,סוכר וניל מימונס 10יח בצלופן,א.ל. ייצור ושיווק תבלינים בע`מ,IL,סוכר וניל 10 יח,יחידה,1.00,יחידה,false,0,1.90,1.90,true,1,
7290013145857,false,אבקת אפיה מימונס 10יח בצלופן,א.ל. ייצור ושיווק תבלינים בע`מ,IL,אבקת אפיה 10 יח,יחידה,1.00,יחידה,false,0,1.90,1.90,true,1,
7290013145901,false,סודה לשתיה מימונס (100 גרם),א.ל. ייצור ושיווק תבלינים בע`מ,IL,סודה לשתיה,גרמים,100.00,100 גרם,false,0,1.90,1.90,true,1,
7290013145918,false,אבקת סוכר מימונס (100 גרם),א.ל. ייצור ושיווק תבלינים בע`מ,IL,אבקת סוכר,גרמים,100.00,100 גרם,false,0,1.90,1.90,true,1,
7290013145956,false,שמרים יבשים בוואקום מיימונס 500 גרם,א.ל. ייצור ושיווק תבלינים בע`מ,CN,שמרים יבשים,גרמים,500.00,100 גרם,false,0,9.90,1.98,true,1,
7290013145963,false,שמרים יבשים בוואקום מיימונס 125 גרם,א.ל. ייצור ושיווק תבלינים בע`מ,CN,שמרים יבשים,גרמים,125.00,100 גרם,false,0,5.30,4.24,true,1,
7290013145970,false,קורנפלור מימונס בשקית 200 ג',א.ל. ייצור ושיווק תבלינים בע`מ,IL,קורנפלור,גרמים,200.00,100 גרם,false,1,3.90,1.95,true,1,
7290013146014,false,מלית אוכמניות 70% פרי מיימונס 400 גרם,א.ל.יצור ושיווקתבלינים בעמ,IL,מלית אוכמניות,גרמים,400.00,100 גרם,false,0,13.90,3.48,true,1,
7290013146021,false,מלית תפוח עץ עם קינמון לדברי מאפה 400 ג',א.ל.יצור ושיווקתבלינים בעמ,IL,"מלית תפו""ע",גרמים,400.00,100 גרם,false,0,13.90,3.48,true,1,
7290013146038,false,מיימונס מלית דובדבנים 70% פרי 400 גרם,א.ל.יצור ושיווקתבלינים בעמ,IL,מלית דובדבנים,גרמים,400.00,100 גרם,false,0,13.90,3.48,true,1,
7290013146045,false,םמימונס מלית תות שדה 400 גר,א.ל ייצור ושיווק תבלינים בעמ,IL,מלית תות שדה,גרמים,400.00,100 גרם,false,1,13.90,3.48,true,1,
7290013146083,false,מיימונס מלית חלבה 400 גרם,א.ל ייצור ושיווק תבלינים בעמ,IL,מלית חלבה,גרמים,400.00,100 גרם,false,0,13.90,3.48,true,1,
7290013146199,false,מלית קרם נוגט 350 גרם מימונס,א.ל ייצור ושיווק תבלינים בעמ,IL,קרם נוגט,גרמים,400.00,100 גרם,false,0,13.90,3.48,true,1,
7290013146304,false,קורנפלור 500 גרם מימונס.,א.ל.ייצור ושיווק תבלינים בעמ,IL,קורנפלור,גרמים,500.00,100 גרם,false,1,5.90,1.18,true,1,
7290013146403,false,סירופ בטעם קרמל מלוח מימונס 500 גרם,א.ל.ייצור ושיווק תבלינים בעמ,IL,סירופ בטעם קרמל,גרמים,500.00,100 גרם,false,0,14.90,2.98,true,1,
7290013146724,false,אבקת אייס קפה 350 גרם מימונס,א.ל. ייצור ושיווק תבלינים בע`מ,IL,אייס קפה,גרמים,350.00,100 גרם,false,1,15.90,4.54,true,1,
7290013146816,false,אבקת סוכר שקית 500 מימונס,א.ל.ייצור ושיווק תבלינים בעמ,IL,אבקת סוכר,גרמים,500.00,100 גרם,false,1,6.80,1.36,true,1,
7290013146854,false,קוקוס לבן טחון מימונס 400 ג',א.ל.יצור ושיווקתבלינים בעמ,IL,קוקוס לבן 400 גר,גרמים,400.00,100 גרם,false,0,12.70,3.18,true,1,
7290013153593,false,תפוזים מתקתק 100% פריגת 1 ליטר,החברה המרכזית טלהפצת משקאות בע,IL,מיץ תפוזים מתקתק,ליטרים,1.00,ליטר,false,1,9.90,9.90,true,1,
7290013195289,false,רוזנער'ס גפילטע פיש ירושלמי 500 גר,ש.רוזנרס בעמ,IL,געפילטע פיש ירוש,גרמים,500.00,100 גרם,false,0,19.90,3.98,true,1,
>>>>>>> d048ac2f4f281c9d788043ab4e81b61b0dbe3743
7290013195296,false,רולדה וייט פיש רוזנר,,IL,וייט פיש רוזנר'ס,גרמים,500.00,100 גרם,false,0,26.90,5.38,true,1,
7290013198150,false,"ליקר היוצרים שרי 500 מ""ל",,IL,ליקר היוצרים שרי,מיליליטרים,500.00,"100 מ""ל",false,1,36.90,7.38,true,1,
7290013198310,false,"ליקר הוונס נוגט 500 מ""ל",,IL,ליקר הוונס נוגט,מיליליטרים,500.00,"100 מ""ל",false,1,85.00,17.00,true,1,
7290013198358,false,"ליקר הוונס קלאסי 500 מ""ל",,IL,ליקר הוונס קלאסי,מיליליטרים,500.00,"100 מ""ל",false,1,85.00,17.00,true,1,
7290013198655,false,ליקר מונטל תפוזים 700 מל,,IL,ליקר מונטל,מיליליטרים,700.00,"100 מ""ל",false,1,89.00,12.71,true,1,
7290013198686,false,"מונטל אורגינל 700 מ""ל",,IL,מונטל אורגינל,מיליליטרים,700.00,"100 מ""ל",false,1,98.00,14.00,true,1,
7290013200068,false,גריסי פנינה 500 גר' - זה ברור,,IL,גריסי פנינה וואק,גרמים,500.00,100 גרם,false,0,6.90,1.38,true,1,
7290013200075,false,חיטה 500 גר - זה ברור,,IL,חיטה בוואקום,גרמים,500.00,100 גרם,false,0,6.90,1.38,true,1,
7290013200082,false,אפונה 500 גר' - זה ברור,,IL,אפונה בוואקום,גרמים,500.00,100 גרם,false,0,6.90,1.38,true,1,
7290013200099,false,עדשים אדומים 500 גר' - זה ברור,,IL,עדשים אדומים ואק,גרמים,500.00,100 גרם,false,0,9.90,1.98,true,1,
7290013200105,false,עדשים ירוקים 500 גר' - זה ברור,,IL,עדשים ירוקים ואק,גרמים,500.00,100 גרם,false,0,7.90,1.58,true,1,
7290013200112,false,כוסמת 500 גר' - זה ברור,,IL,כוסמת בוואקום,גרמים,500.00,100 גרם,false,0,9.90,1.98,true,1,
7290013200167,false,שומשום לבן 200 גר' - זה ברור,,IL,שומשום בוואקום,גרמים,200.00,100 גרם,false,0,7.90,3.95,true,1,
7290013200198,false,"אורז יסמין לבן בואקום1 ק""ג - זה ברור",.,IL,אורז לבן בוואקום,יחידה,1.00,יחידה,false,1,11.90,11.90,true,1,
7290013200204,false,"אורז מלא בואקום 1ק""ג זה ברור",,,"אורז מלא ""ברור""",יחידה,1.00,יחידה,false,0,12.90,12.90,true,1,
7290013200235,false,פופקורן 500 גרם בואקום - זה ברור,,,פופקורן 500 גר',יחידה,1.00,יחידה,false,0,8.90,8.90,true,1,
7290013200242,false,בורגול בואקום - 500 גרם - זה ברור,.,IL,בורגל בינוני בוא,גרמים,500.00,100 גרם,false,1,6.90,1.38,true,1,
7290013200259,false,"שעועית לבנה בואקום - 1 ק""ג זה ברור",.,IL,שעועית לבנה בואק,יחידה,1.00,יחידה,false,1,15.90,15.90,true,1,
7290013200273,false,חומוס ענק בואקום זה ברור,.,IL,חומוס ענק בואקום,גרמים,500.00,100 גרם,false,1,12.90,2.58,true,1,
7290013200280,false,שעועית מעורבת ואקום 500 גרם זה ברור,.,IL,שעועית מעורבת,גרמים,500.00,100 גרם,false,1,9.90,1.98,true,1,
7290013200297,false,"אורז בסמטי בואקום 1 ק""ג -זה ברור.",,IL,"אורז בסמטי 1 ק""ג",קילוגרמים,0.00,"ק""ג",false,1,14.90,14.90,true,1,
7290013200303,false,"גריסי פנינה בואקום 1 ק""ג - זה ברור",,IL,גריסי פנינה בואק,גרמים,1000.00,100 גרם,false,1,13.90,1.39,true,1,
7290013200310,false,חומוס זה ברור 500גר,,IL,חומוס,יחידה,1.00,יחידה,false,1,8.90,8.90,true,1,
7290013200327,false,"אורז יסמין 2 ק""ג",.,IL,"אורז יסמין 2 ק""ג",גרמים,2000.00,100 גרם,false,1,19.90,1.00,true,1,
7290013200341,false,קוואקר מהיר הכנה 500 גרם בואקום - זה ברור,,IL,קוואקר מהיר הכנה,גרמים,500.00,100 גרם,false,1,8.90,1.78,true,1,
7290013200358,false,קוואקר רגיל 600 גרם בואקום - זה ברור,,IL,קוואקר זה ברור,גרמים,600.00,100 גרם,false,1,10.90,1.82,true,1,
7290013200365,false,שעועית לבנה ואקום 500 גר' - זה ברור.,,IL,שעועית לבנה 500ג,גרמים,500.00,100 גרם,false,1,8.90,1.78,true,1,
7290013200372,false,אורז פרסי בואקום 500 גר' - זה ברור.,,IL,אורז פרסי 500ג,גרמים,500.00,100 גרם,false,1,6.90,1.38,true,1,
7290013200389,false,"אורז פרסי בואקום 1 ק""ג - זה ברור.",,IL,"אורז פרסי 1ק""ג",קילוגרמים,0.00,"ק""ג",false,1,10.90,10.90,true,1,
7290013200396,false,קינואה 500 גר' זה ברור,,IL,קינואה 500 גר',גרמים,500.00,100 גרם,false,1,13.90,2.78,true,1,
7290013200402,false,שעועית אדומה 500גרם זה ב,,IL,שעועית אדומה,גרמים,500.00,100 גרם,false,1,9.90,1.98,true,1,
<<<<<<< HEAD
7290013215017,false,פטריות זוגות חוות השמפניון,אראל תוצרת חקלאית בע,IL,פטריות דואט,גרמים,420.00,100 גרם,false,0,19.90,4.74,true,1,
7290013268020,false,מקסימה מרכך כביסה מרוכז בניחוח אולטרא פרש סנו 1 ליטר,"סנו מפעלי ברונוס בע""\מ",IL,מרכך כביסה,ליטרים,1.00,ליטר,false,0,14.90,14.90,true,1,
7290013268037,false,מקסימה מרכך כביסה מרוכז בניחוח לבנדר פצ'ולי סנו 1 ליטר,"סנו מפעלי ברונוס בע""\מ",IL,מרכך כביסה,ליטרים,1.00,ליטר,false,0,14.90,14.90,true,1,
7290013268204,false,סנובון מגבונים לניקוי וחיטוי מושב האסלה,טרופיקל דגיל- תעשיות,IL,מגבונים לאסלה,יחידה,1.00,יחידה,false,1,6.90,6.90,true,1,
7290013268242,false,תרכיז ריחני לניקוי רצפות בריח מלון מפנק ריצפז פרש,"סנו מפעלו ברונוס בע""\מ",IL,ריצפז פרש הום,ליטרים,2.00,ליטר,false,1,16.90,8.45,true,1,
7290013268839,false,פוליויקס פרקט-תרכיז ריחני לניקוי רצפות עץ,"סנו מפעלי ברונוס בע""\מ",IL,פוליויקס פרקט,ליטרים,2.00,ליטר,false,1,19.90,9.95,true,1,
7290013268884,false,"נוזל רצפות מאסק 2 ליטר ""ריצפז פרש""",מיוצר עי קונדיטוריית,IL,ריצפז פרש לרצפות,ליטרים,2.00,ליטר,false,0,16.90,8.45,true,1,
7290013268891,false,אוקסיג'ן ג'ל ללא אקונומיקה עם חמצן פעיל סנו 3 ליטר,"סנו מפעלי ברונוס בע""\מ",IL,אוקסיג'ן ג'ל,ליטרים,3.00,ליטר,false,0,24.90,8.30,true,1,
7290013268938,false,סנובון סבון לאסלה בניחוח מאסק סנו 3*65 גרם,סנו סנובון,IL,סנובון מאסק 3 יח,גרמים,165.00,100 גרם,false,0,10.70,6.48,true,1,
7290013268983,false,מרכך כביסה סופר מרוכז בבישום עוצמתי סנו מקסימה 1 ל',"סנו מפעלי ברונוס בע""\מ",IL,מרכך מרוכז ג'וי,ליטרים,1.00,ליטר,false,1,14.90,14.90,true,1,
7290013268990,false,מרכך כביסה מרוכז לבן ביו סנו מקסימה 1 ליטר,"סנו מפעלי ברונוס בע""\מ",IL,מקסימה מרכך,ליטרים,1.00,ליטר,false,0,14.90,14.90,true,1,
7290013269003,false,מרכך כביסה סופר מרוכז בייבי לתינוקות ולעור רגיש,"סנו מפעלי ברונוס בע""\מ",IL,מקסימה מרכך,ליטרים,1.00,ליטר,false,0,14.90,14.90,true,1,
7290013269263,false,ג'ל כביסה מרוכז מקסימה בבישום קריסטל נואר,סנו מפעלי ברונוס בעמ,IL,מקסימה ג'ל,ליטרים,3.00,ליטר,false,0,24.90,8.30,true,1,
7290013269621,false,ריצפז פרש לניקוי רצפות בניחוח מלון בוטיק,מיוצר עי קונדיטוריית,IL,ריצפז פרש הום,ליטרים,2.00,ליטר,false,1,16.90,8.45,true,1,
7290013269652,false,פוליויקס נוזל לניקוי רצפות גרניט פורצלן סנו 2 ליטר,סנו פוליויקס,IL,פוליויקס מאסק,ליטרים,2.00,ליטר,false,0,19.90,9.95,true,1,
7290013269669,false,ריצפז בניחוח פנטזיה לניקוי הרצפה,"סנו מפעלי ברונוס בע""",IL,ריצפז פנטזיה,ליטרים,3.00,ליטר,false,0,11.70,3.90,true,1,
7290013269751,false,מטליות לחותריצפז פרש לניקוי ריצפה בניחות מלון בוטיק 10 יח' סנו,טרופיקל דגיל תעשיות,IL,מטליות ריצפז,יחידה,1.00,יחידה,false,1,11.70,11.70,true,1,
7290013269911,false,"סנו K-333 קוטל חרקים ללא ריח 750מ""ל","סנו מפעלי ברונוס בע""",IL,סנו K333,מיליליטרים,750.00,"100 מ""ל",false,0,23.90,3.19,true,1,
=======
7290013215017,false,פטריות זוגות חוות השמפניון,ביכורי השדה צפון 1994 ג.ד. בעמ,IL,פטריות דואט,גרמים,420.00,100 גרם,false,0,19.90,4.74,true,1,
7290013268020,false,מקסימה מרכך כביסה מרוכז בניחוח אולטרא פרש סנו 1 ליטר,החברה הדרומית לשיווק בעמ,IL,מרכך כביסה,ליטרים,1.00,ליטר,false,0,14.90,14.90,true,1,
7290013268037,false,מקסימה מרכך כביסה מרוכז בניחוח לבנדר פצ'ולי סנו 1 ליטר,החברה הדרומית לשיווק בעמ,IL,מרכך כביסה,ליטרים,1.00,ליטר,false,0,14.90,14.90,true,1,
7290013268204,false,סנובון מגבונים לניקוי וחיטוי מושב האסלה,טרופיקל דגיל- תעשיות,IL,מגבונים לאסלה,יחידה,1.00,יחידה,false,1,6.90,6.90,true,1,
7290013268242,false,תרכיז ריחני לניקוי רצפות בריח מלון מפנק ריצפז פרש,החברה הדרומית לשיווק בעמ,IL,ריצפז פרש הום,ליטרים,2.00,ליטר,false,1,16.90,8.45,true,1,
7290013268839,false,פוליויקס פרקט-תרכיז ריחני לניקוי רצפות עץ,החברה הדרומית לשיווק בעמ,IL,פוליויקס פרקט,ליטרים,2.00,ליטר,false,1,19.90,9.95,true,1,
7290013268884,false,"נוזל רצפות מאסק 2 ליטר ""ריצפז פרש""",החברה הדרומית לשיווק בעמ,IL,ריצפז פרש לרצפות,ליטרים,2.00,ליטר,false,0,16.90,8.45,true,1,
7290013268891,false,אוקסיג'ן ג'ל ללא אקונומיקה עם חמצן פעיל סנו 3 ליטר,החברה הדרומית לשיווק בעמ,IL,אוקסיג'ן ג'ל,ליטרים,3.00,ליטר,false,0,24.90,8.30,true,1,
7290013268938,false,סנובון סבון לאסלה בניחוח מאסק סנו 3*65 גרם,החברה הדרומית לשיווק בעמ,IL,סנובון מאסק 3 יח,גרמים,165.00,100 גרם,false,0,10.70,6.48,true,1,
7290013268983,false,מרכך כביסה סופר מרוכז בבישום עוצמתי סנו מקסימה 1 ל',החברה הדרומית לשיווק בעמ,IL,מרכך מרוכז ג'וי,ליטרים,1.00,ליטר,false,1,14.90,14.90,true,1,
7290013268990,false,מרכך כביסה מרוכז לבן ביו סנו מקסימה 1 ליטר,החברה הדרומית לשיווק בעמ,IL,מקסימה מרכך,ליטרים,1.00,ליטר,false,0,14.90,14.90,true,1,
7290013269003,false,מרכך כביסה סופר מרוכז בייבי לתינוקות ולעור רגיש,החברה הדרומית לשיווק בעמ,IL,מקסימה מרכך,ליטרים,1.00,ליטר,false,0,14.90,14.90,true,1,
7290013269263,false,ג'ל כביסה מרוכז מקסימה בבישום קריסטל נואר,החברה הדרומית לשיווק בעמ,IL,מקסימה ג'ל,ליטרים,3.00,ליטר,false,0,24.90,8.30,true,1,
7290013269621,false,ריצפז פרש לניקוי רצפות בניחוח מלון בוטיק,החברה הדרומית לשיווק בעמ,IL,ריצפז פרש הום,ליטרים,2.00,ליטר,false,1,16.90,8.45,true,1,
7290013269652,false,פוליויקס נוזל לניקוי רצפות גרניט פורצלן סנו 2 ליטר,החברה הדרומית לשיווק בעמ,IL,פוליויקס מאסק,ליטרים,2.00,ליטר,false,0,19.90,9.95,true,1,
7290013269669,false,ריצפז בניחוח פנטזיה לניקוי הרצפה,החברה הדרומית לשיווק בעמ,IL,ריצפז פנטזיה,ליטרים,3.00,ליטר,false,0,11.70,3.90,true,1,
7290013269751,false,מטליות לחותריצפז פרש לניקוי ריצפה בניחות מלון בוטיק 10 יח' סנו,החברה הדרומית לשיווק בעמ,IL,מטליות ריצפז,יחידה,1.00,יחידה,false,1,11.70,11.70,true,1,
7290013269911,false,"סנו K-333 קוטל חרקים ללא ריח 750מ""ל",החברה הדרומית לשיווק בעמ,IL,סנו K333,מיליליטרים,750.00,"100 מ""ל",false,0,23.90,3.19,true,1,
>>>>>>> d048ac2f4f281c9d788043ab4e81b61b0dbe3743
7290013301307,false,"ניילון בגליל, גודל42 מ'*1.4",,IL,גליל מפה 45 מטר 45 מטר,יחידה,1.00,יחידה,false,1,14.90,14.90,true,1,
7290013301314,false,גליל מפה 40 מיקרון 45 מט,,IL,גליל מפה 40 מיק'ון 45 מט,יחידה,1.00,יחידה,false,1,29.90,29.90,true,1,
7290013301406,false,אשפתון מרשרש שקוף 50*70,,IL,אשפתון מרשרש,גרמים,900.00,100 גרם,false,1,6.90,0.77,true,1,
7290013301413,false,אשפתון מרשרש שקוף 50*50,,IL,אשפתון מרשרש,גרמים,290.00,100 גרם,false,1,5.90,2.03,true,1,
7290013301604,false,שקיות הקפאה מרשרש 25/35 שמאי 100יח',,IL,שקיות הקפאה,יחידה,1.00,יחידה,false,1,2.90,2.90,true,1,
7290013301628,false,שקיות מזון אקו ניילון שטוח 200 יחי',,IL,שקיות מזון נילון,יחידה,1.00,יחידה,false,1,6.90,6.90,true,1,
7290013301703,false,גליל צבעוני .,,IL,גליל צבעוני,יחידה,1.00,יחידה,false,0,34.90,34.90,true,1,
7290013301710,false,מפת שולחן מעוטרת 1 יחי,,IL,מפת שולחן מעוטרת,יחידה,1.00,יחידה,false,1,34.90,34.90,true,1,
7290013301802,false,אשפתון שטוח שחור ניילון,,IL,אשפתון שטוח שחור,גרמים,1100.00,100 גרם,false,1,12.90,1.17,true,1,
7290013301819,false,אשפתון שטוח אפור+ידיות 9,,IL,אשפתון שטוח אפור,גרמים,1100.00,100 גרם,false,1,12.90,1.17,true,1,
7290013301826,false,אשפתון שטוח קרם+ידיות 75*90 אריזת 40יח',,IL,אשפתון שטוח קרם,גרמים,1000.00,100 גרם,false,1,14.90,1.49,true,1,
7290013301833,false,אשפה 90/75 אפור ידית שטוח,,IL,אשפתון שטוח כחול,גרמים,900.00,100 גרם,false,1,12.90,1.43,true,1,
7290013301840,false,אשפתון שטוח ירוק+ידיות 55*70 אריזת 40יח',,IL,אשפתון שטוח ירוק,יחידה,1.00,יחידה,false,1,12.90,12.90,true,1,
7290013301888,false,אשפתון בגליל מרשרש 77*90,,IL,אשפתון בגליל עבה,יחידה,1.00,יחידה,false,1,9.90,9.90,true,1,
7290013301918,false,מפות שישיה,,IL,מפות שישיה,יחידה,1.00,יחידה,false,1,5.90,5.90,true,1,
7290013301925,false,מפות שישיה דק שקוף 6/3.0,,IL,מפות שישיה דק וף 6/3.0,גרמים,170.00,100 גרם,false,1,2.90,1.71,true,1,
7290013301956,false,מפות שמיניה דק שקוף .8/2,,IL,מפות שמיניה דק קוף .8/2,גרמים,400.00,100 גרם,false,1,2.90,0.73,true,1,
7290013301970,false,אשפתון גליל 75/85 קומפקט 25 יח' ר. שמאי,,IL,אשפתון בגליל,גרמים,600.00,100 גרם,false,1,6.90,1.15,true,1,
7290013301987,false,אשפתון גליל 75/90 עבות במיוחד 25 יח' ר. שמאי,,IL,אשפתון בגליל עבה,יחידה,1.00,יחידה,false,1,9.90,9.90,true,1,
7290013301994,false,שקיות אשפה 77/90 גליל H.D עבה במיוחד שמאי 50 יח',,IL,אשפתון בגליל עבה,גרמים,900.00,100 גרם,false,1,12.90,1.43,true,1,
7290013302236,false,פסטה בילאג'יו פרפלה 500 גרם טעמן,מוצרי יסוד - טעמן,TR,פסטה פרפלה 500גר,גרמים,500.00,100 גרם,false,0,3.90,0.78,true,1,
7290013302243,false,פסטה בילאג'יו מסולסלת 500גרם טעמן,מוצרי יסוד - טעמן,TR,פסטה מסולסלת,גרמים,500.00,100 גרם,false,0,3.90,0.78,true,1,
7290013302267,false,מארז מחית תפוח ללא סוכר 190 גרם*6 יח' פריטוב,טעמן,IL,מחיות בייבי,קילוגרמים,1.14,"ק""ג",false,0,22.90,20.09,true,1,
7290013302281,false,מחית גזר ותפוחי עץ שלב 3 פריטוב 6 * 190 גרם,טעמן,,מחיות בייבי גזר,קילוגרמים,1.14,"ק""ג",false,0,22.90,20.09,true,1,
7290013302298,false,שישיה גרבר פריטוב 190 גר' טעמן קוקטייל פירות,טעמן,IL,מחיות בייבי,קילוגרמים,1.14,"ק""ג",false,0,22.90,20.09,true,1,
7290013302304,false,שישיה גרבר פריטוב 190 גר' טעמן סלט פירות,טעמן,IL,מחיות בייבי,קילוגרמים,1.14,"ק""ג",false,0,22.90,20.09,true,1,
7290013302311,false,מחית לתינוק פריטוב אפרסק ותפוח טעמן 6 * 190 גרם,טעמן,IL,מחיות בייבי,קילוגרמים,1.14,"ק""ג",false,0,22.90,20.09,true,1,
7290013302328,false,שישיה גרבר פריטוב 190 גר' טעמן משמש,טעמן,CZ,מחיות בייבי,קילוגרמים,1.14,"ק""ג",false,0,22.90,20.09,true,1,
7290013302656,false,פילה סרדין בשמן זית ופלפל חריף טעים 125 ג',טעמן שווק מזון בעמ,MA,פילה סרדין125 גר,גרמים,125.00,100 גרם,false,0,7.90,6.32,true,1,
7290013302663,false,פילה סרדין בשמן זית 125 גר' טעים,טעמן שווק מזון בעמ,MA,פילה סרדין בשמן,גרמים,125.00,100 גרם,false,0,7.90,6.32,true,1,
7290013303202,false,"הר מירון 750 מ""ל האור הגנוז",,IL,יין הר מירון בסג,מיליליטרים,750.00,"100 מ""ל",false,0,65.00,8.67,true,1,
7290013303332,false,"יין מרלו כרם עמוקה אור גנוז 750 מ""ל",,IL,יין עמוקה מרלו,מיליליטרים,750.00,"100 מ""ל",false,0,55.00,7.33,true,1,
7290013303349,false,"קברנה סובניון 2016 750 מ""ל האור הגנוז",,IL,יין עמוקה קברנה,מיליליטרים,750.00,"100 מ""ל",false,0,55.00,7.33,true,1,
7290013303394,false,"יין שיראז כרם עמוקה אור גנוז 750 מ""ל",,IL,יין אור הגנוז,מיליליטרים,750.00,"100 מ""ל",false,0,55.00,7.33,true,1,
7290013303455,false,"רוזה 2017 750 מ""ל האור הגנוז",,IL,יין עמוקה רוזה,מיליליטרים,750.00,"100 מ""ל",false,0,55.00,7.33,true,1,
7290013303462,false,"בלנד לבן 2016 750 מ""ל האור הגנוז",,IL,יין אור הגנוז,מיליליטרים,750.00,"100 מ""ל",false,0,55.00,7.33,true,1,
7290013303523,false,"גיוורצטרמינר 2017 750 מ""ל האור הגנוז",,IL,יין עמוקה גוורצט,מיליליטרים,750.00,"100 מ""ל",false,1,55.00,7.33,true,1,
7290013303530,false,"יין אדום חצי מתוק כרם עמוקה אור גנוז 750 מ""ל",,IL,יין אור הגנוז,מיליליטרים,750.00,"100 מ""ל",false,0,55.00,7.33,true,1,
7290013303608,false,"הר סיני 750 מ""ל האור הגנוז",,IL,יין אור הגנוז,מיליליטרים,750.00,"100 מ""ל",false,0,95.00,12.67,true,1,
7290013358998,false,שקדי מרק מעולה 400 גר',,IL,שקדי מרק מעולה,גרמים,400.00,100 גרם,false,1,6.90,1.73,true,1,
7290013440648,false,מאגדת שלגוני אבטיח נסטלה 5 יחידות,נגה גלידות שותפות מוגבלת,IL,מאגדת אבטיח,גרמים,540.00,100 גרם,false,0,17.90,3.31,true,1,
7290013453136,false,עוגיות כוסמין שטרודל תפוחים ללא תוספת סוכר טבעוני,דני וגלית,IL,עוגיות כוסמין,גרמים,230.00,100 גרם,false,0,24.90,10.83,true,1,
<<<<<<< HEAD
7290013453143,false,עוגיות טחינה ואגוזי לוז ללא ת.סוכר 270 ג,האי נאם סי או אל.טי.,IL,עוגיות טחינה,גרמים,270.00,100 גרם,false,0,24.90,9.22,true,1,
=======
7290013453143,false,עוגיות טחינה ואגוזי לוז,האי נאם סי או אל.טי.,IL,עוגיות טחינה,גרמים,270.00,100 גרם,false,0,24.90,9.22,true,1,
>>>>>>> d048ac2f4f281c9d788043ab4e81b61b0dbe3743
7290013453259,false,עוגיות חטיפי חמאת קו,האי נאם סי או אל.טי.,IL,חטיפי שוקולדציפס,גרמים,230.00,100 גרם,false,0,24.90,10.83,true,1,
7290013504067,false,פנתר קרם לנעל 200 ג' שחור /מהגוני,,IL,קרם נעלים שחור,גרמים,200.00,100 גרם,false,0,7.90,3.95,true,1,
7290013504074,false,ספוג הברקה לנעל פנתר 12 יח',,,ספוג הברקה לנעל,יחידה,1.00,יחידה,false,0,3.90,3.90,true,1,
7290013504227,false,נופר ברזלית זהב/כסף 8 יח,,IL,ברזלית זהב/כסף,יחידה,1.00,יחידה,false,0,10.90,10.90,true,1,
7290013504340,false,נופר ספוג מנקה הכל 6 יח',saniteks,IL,ספוג מנקה הכל,יחידה,1.00,יחידה,false,0,3.90,3.90,true,1,
7290013521101,false,פסטה כוסמין אורגנית תרד 350 גרם,השדה מוצרים אורגניים,HU,פסטה כוסמין,גרמים,350.00,100 גרם,false,0,18.90,5.40,true,1,
7290013521231,false,פסטה כוסמין אורגנית עם תרד ועגבניות,השדה מוצרים אורגניים,HU,פסטה כוסמין,גרמים,400.00,100 גרם,false,0,18.90,4.73,true,1,
7290013521491,false,קטשופ אורגני 567 גרם ללא גלוטן,שוורצקוף& הנקל דיסלד,US,קטשופ אורגני,גרמים,568.00,100 גרם,false,0,16.90,2.98,true,1,
7290013521897,false,גלילית אורגנית מקמח כוסמין השדה מוצרים אורגנים 100 גרם,השדה מוצרים טבעיים ו,IL,גליליות כוסמין,גרמים,100.00,100 גרם,false,1,9.90,9.90,true,1,
7290013521965,false,עוגיות אורגניות מקמח כוסמין מלא 180 גרם,השדה מוצרים טבעיים ו,IL,עוגיות חצי ירח,גרמים,180.00,100 גרם,false,1,14.90,8.28,true,1,
7290013525253,false,שמיר טחינה מיוחדת 16,"סלטי שמיר 2006 בע""מ",IL,טחינה מיוחדת,גרמים,160.00,100 גרם,false,0,4.90,3.06,true,1,
7290013525260,false,שמיר חציל במיונז 160,"סלטי שמיר 2006 בע""מ",IL,חציל במיונז,גרמים,160.00,100 גרם,false,0,4.90,3.06,true,1,
7290013525710,false,חומוס עם טחינה 160 גרם,"סלטי שמיר 2006 בע""מ",IL,חומוס עם טחינה,גרמים,160.00,100 גרם,false,0,4.90,3.06,true,1,
7290013525727,false,חומוס עם רוטב מסבחה 160 גרם,סלטי שמיר2006בעמ,IL,חומוס מסבחה,גרמים,160.00,100 גרם,false,0,4.90,3.06,true,1,
7290013525741,false,חומוס עם רוטב חריף 160 גרם,"סלטי שמיר 2006 בע""מ",IL,חומוס,גרמים,160.00,100 גרם,false,0,4.90,3.06,true,1,
7290013525789,false,אריסה מרוקאית שמיר 150 גר',"סלטי שמיר 2006 בע""מ",IL,עריסה מרוקאית,גרמים,150.00,100 גרם,false,0,8.90,5.93,true,1,
7290013525796,false,סחוג תימני שמיר 150 גר',"סלטי שמיר 2006 בע""מ",IL,סחוג תימני,גרמים,150.00,100 גרם,false,0,8.90,5.93,true,1,
7290013525802,false,סחוג תימני אדום 150 גר' שמיר,"סלטי שמיר 2006 בע""מ",IL,סחוג אדום,גרמים,150.00,100 גרם,false,0,8.90,5.93,true,1,
7290013525819,false,סלט שום כתוש שמיר 15,"סלטי שמיר 2006 בע""מ",IL,שום כתוש 150 גרם,גרמים,150.00,100 גרם,false,0,8.90,5.93,true,1,
7290013534057,false,"צ'יפס בטטה טבעי מיה 100ג' 'כשל""פ",מיה תעשיות מזון מ.ת.מ. בעמ,IL,צ'יפס בטטה טבעי,גרמים,100.00,100 גרם,false,0,6.90,6.90,true,1,
7290013536143,false,קמח חיטה מלאה 100% בר ולחם,.,IL,קמח חיטה מלא,קילוגרמים,1.00,"ק""ג",false,1,6.90,6.90,true,1,
7290013536150,false,קמח חיטה מלא 80% בר ולחם,,IL,קמח חיטה 80%,קילוגרמים,1.00,"ק""ג",false,1,6.90,6.90,true,1,
7290013536167,false,"קמח כוסמין 100% 1 ק""ג",,IL,קמח כוסמין 100%מ,קילוגרמים,1.00,"ק""ג",false,1,11.90,11.90,true,1,
7290013536174,false,"קמח כוסמין מלא 80% 1 ק""ג",.,IL,קמח כוסמין מלא,קילוגרמים,1.00,"ק""ג",false,1,12.90,12.90,true,1,
7290013536181,false,קמח חיטה לבן מנופה בר ולחם,,IL,קמח לבן מנופה 1ק,קילוגרמים,0.00,"ק""ג",false,1,5.90,5.90,true,1,
7290013536266,false,פיתות כוסמין 99 קלוריות,,IL,פיתות כוסמין,יחידה,1.00,יחידה,false,1,11.90,11.90,true,1,
7290013536273,false,לחמניות קמח מלא 99 קלורי,,IL,לחמניות קמח מלא,גרמים,320.00,100 גרם,false,1,9.90,3.09,true,1,
7290013536280,false,לחמניות כוסמין 99 קלו' .,,IL,לחמניות כוסמין,גרמים,252.00,100 גרם,false,1,9.90,3.93,true,1,
7290013536297,false,קמח כוסמין לבן מנופה,,IL,קמח כוסמין לבן,קילוגרמים,1.00,"ק""ג",false,1,11.90,11.90,true,1,
7290013536372,false,לחמניות כוסמין מזונות,מאפיית יוסף ברון בעמ,IL,לחמניות כוסמין,גרמים,315.00,100 גרם,false,1,13.90,4.41,true,1,
7290013560070,false,יין אפיקים אדום יבש קברנ,,IL,יין אפיקים אדום,מיליליטרים,750.00,"100 מ""ל",false,1,99.00,13.20,true,1,
7290013560087,false,יין בסגנון פורט נגבה,,IL,יין בסגנון פורט,מיליליטרים,750.00,"100 מ""ל",false,1,139.70,18.63,true,1,
7290013579492,false,"פיטאיה קפואה 250 גרם - Shake It - בד""ץ עדה חרדית","הבו-קדו בע""\מn\",IL,פיטאיה קפואה250ג,גרמים,250.00,100 גרם,false,1,12.90,5.16,true,1,
7290013579553,false,"אלוורה קפואה 250 גרם - I6 - בד""ץ עדה חרדית","הבו-קדו בע""\מn\",IL,אלוורה קפוא,גרמים,250.00,100 גרם,false,1,12.90,5.16,true,1,
7290013580023,false,קורנביף בקר,,IL,קורנביף בקר,קילוגרמים,0.00,"ק""ג",true,1,88.80,88.80,true,1,
7290013580252,false,"סטייק אנטריקוט פרוס בד""ץ העדה החרדית",,IL,סטייק אנטריקוט,קילוגרמים,0.00,"ק""ג",true,1,129.90,129.90,true,1,
7290013585257,false,ספרייט זירו בבקבוק אישי,החברה המרכזית להפצת משקאות בעמ,IL,ספרייט זירו,מיליליטרים,500.00,"100 מ""ל",false,1,5.70,1.14,true,1,
7290013608260,false,מיץ רימונים 100%מיץ סחוט טרי מצונן 1ליט,שטראוס גרופ בעמ/מצונן,IL,מיץ רימונים,ליטרים,1.00,ליטר,false,0,19.90,19.90,true,1,
7290013625212,false,פילה מקרל בשמן צמחי 125 גרם טעים,טעמן שווק מזון בעמ,MA,פילה מרל בשמן,גרמים,125.00,100 גרם,false,0,7.90,6.32,true,1,
7290013625229,false,פילה מקרל בשמן צמחי ופלפל חריף טעים 125 ג',טעמן שווק מזון בעמ,MA,פילה מקרל 125גרם,גרמים,125.00,100 גרם,false,0,7.90,6.32,true,1,
7290013625403,false,חצאי אפרסק צ'ויס בסירופ 470גרם,טעמן שווק מזון בעמ,GR,חצאי אפרסק 820ג,גרמים,820.00,100 גרם,false,0,11.90,1.45,true,1,
7290013625410,false,פלחי אפרסק צ'ויס בסירופ 820גרם,טעמן שווק מזון בעמ,GR,פלחי אפרסק 820גר,גרמים,820.00,100 גרם,false,0,11.90,1.45,true,1,
7290013625458,false,פטריות שמפיניון שלמות טעמן 400 גרם,מוצרי יסוד - טעמן,NL,פטריות שלמות400ג,גרמים,400.00,100 גרם,false,1,7.50,1.88,true,1,
7290013625670,false,סינטטי חומצה אצטית מדוללת למזון 5%,טעמן שווק מזון בעמ,IL,חומץ 1 ליטר,ליטרים,1.00,ליטר,false,0,3.90,3.90,true,1,
7290013639530,false,שקד טבעי קלוף 400 גר,,IL,שקד טבעי קלוף,גרמים,400.00,100 גרם,false,0,25.00,6.25,true,1,
7290013652157,false,"ד""ר פישר - נטורל קר מגבונים להסרת איפור לעור רגיל יבש 30 יח' * 3","פישר תעשיות פרמבצטיות בע""מ",IL,מגבונים 3 יח,יחידה,1.00,יחידה,false,0,16.90,16.90,true,1,
7290013655554,false,"קערה קריסטל 12ס""מ",,IL,קערה קריסטל,יחידה,1.00,יחידה,false,1,11.90,11.90,true,1,
7290013655561,false,מגש קריסטל שקוף יחידה,,IL,מגש קריסטל שקוף,יחידה,1.00,יחידה,false,1,6.50,6.50,true,1,
7290013655585,false,קערה 9.5 קריסטל יח,,IL,קערה 9.5 קריסטל,יחידה,1.00,יחידה,false,1,9.90,9.90,true,1,
7290013655592,false,"קערה אובלי קריסטל 11ס""מ",,IL,קערה אובלי קריסט,יחידה,1.00,יחידה,false,1,7.90,7.90,true,1,
7290013677006,false,חומוס גדול באריזת וואקום Selected,מיה תעשיות מזון מ.ת.מ בעמ,IL,חומוס 500 גרם,גרמים,500.00,100 גרם,false,0,9.90,1.98,true,1,
7290013677013,false,גריסים בוואקום מיה 500 גר',מיה תעשיות מזון מ.ת.מ בעמ,IL,גריסים 500 גרם,גרמים,500.00,100 גרם,false,0,8.90,1.78,true,1,
7290013677020,false,שעועית לבנה בוואקום מיה 500 גר',מיה תעשיות מזון מ.ת.מ בעמ,IL,שעועית לבנה,גרמים,500.00,100 גרם,false,0,9.50,1.90,true,1,
7290013677037,false,עדשים ירוקות באריזת וואקום Selected,מיה תעשיות מזון מ.ת.מ בעמ,IL,עדשים ירוקים,גרמים,500.00,100 גרם,false,0,8.90,1.78,true,1,
7290013677044,false,עדשים אדומים בוואקום מיה 500 גר',מיה תעשיות מזון מ.ת.מ בעמ,IL,עדשים אדומים,גרמים,500.00,100 גרם,false,0,9.90,1.98,true,1,
7290013677051,false,פופקורן גרגרים בוואקום מיה 500 גר',מיה תעשיות מזון מ.ת.מ בעמ,IL,פופקורן 500 גרם,גרמים,500.00,100 גרם,false,0,8.90,1.78,true,1,
7290013677068,false,כוסמת בוואקום מיה 500 גר',מיה תעשיות מזון מ.ת.מ בעמ,IL,כוסמת 500 גרם,גרמים,500.00,100 גרם,false,0,9.90,1.98,true,1,
7290013677075,false,חיטה בוואקום מיה 500 גר',מיה תעשיות מזון מ.ת.מ. ב,IL,חיטה 500 גרם,גרמים,500.00,100 גרם,false,0,8.50,1.70,true,1,
7290013677082,false,שעועית אדומה בוואקום מיה 500 גר',מיה תעשיות מזון מ.ת.מ בעמ,IL,שעועית אדומה,גרמים,500.00,100 גרם,false,0,9.90,1.98,true,1,
7290013677099,false,גריסי פנינה בוואקום מיה 500 גר',מיה תעשיות מזון מ.ת.מ בעמ,IL,גריסי פנינה,גרמים,500.00,100 גרם,false,0,8.50,1.70,true,1,
7290013677105,false,אפונה סלקטד מיה 500 גרם,מיה תעשיות מזון מ.ת.מ בעמ,IL,אפונה 500 גרם,גרמים,500.00,100 גרם,false,0,8.50,1.70,true,1,
7290013677112,false,בורגול באריזת וואקום Selected,מיה תעשיות מזון מ.ת.מ בעמ,IL,בורגול 500 גרם,גרמים,500.00,100 גרם,false,0,8.50,1.70,true,1,
7290013677129,false,שעועית מעורבת בוואקום מיה 500 גר',מיה תעשיות מזון מ.ת.מ בעמ,IL,שעועית מעורבת,גרמים,500.00,100 גרם,false,0,10.90,2.18,true,1,
7290013677136,false,חומוס לבן ענק בוואקום יבש 500 גר',מיה תעשיות מזון מ.ת.מ. ב,IL,חומוס לבן 500 גר,גרמים,500.00,100 גרם,false,0,12.70,2.54,true,1,
7290013677143,false,מיה סלקטד שעועית בובס 400ג,מיה תעשיות מזון מ.ת.מ בעמ,IL,שעועית בובס,גרמים,400.00,100 גרם,false,0,15.90,3.98,true,1,
7290013677174,false,אורז מלא בוואקום מיה 500 גר',מיה תעשיות מזון מ.ת.מ. ב,IL,אורז מלא 500 גרם,גרמים,500.00,100 גרם,false,0,9.50,1.90,true,1,
7290013677259,false,תבלין זעתר 50 גרם שקית,מיה תעשיות מזון מ.ת.מ בעמ,IL,זעתר בשקית 50 גר,גרמים,50.00,100 גרם,false,0,2.90,5.80,true,1,
7290013677266,false,תבלין לפיצה בשקית מיה 80 גרם,מיה תעשיות מזון מ.ת.מ בעמ,IL,תבלין לפיצה שקית,גרמים,80.00,100 גרם,false,0,2.90,3.63,true,1,
7290013677273,false,תבלין גריל דג 80 גרם-שקית,מיה תעשיות מזון מ.ת.מ בעמ,IL,גריל דג שקית 80ג,גרמים,80.00,100 גרם,false,0,2.90,3.63,true,1,
7290013677303,false,חוואיג' תימני בשקית מיה 50 גרם,מיה תעשיות מזון מ.ת.מ בעמ,IL,חוויג תימני 50גר,גרמים,50.00,100 גרם,false,0,2.90,5.80,true,1,
7290013677334,false,תבלין על האש בשקית מיה 50 גרם,מיה תעשיות מזון מ.ת.מ בעמ,IL,תבלין על האש 50ג,גרמים,50.00,100 גרם,false,0,2.90,5.80,true,1,
7290013677341,false,ג'לילנד - ג'ליבינס - תות /בננה - 100גרם *( 12יח'),מיה תעשיות מזון מ.ת.מ. בעמ,IL,ג'לי בינס תות,גרמים,100.00,100 גרם,false,0,4.90,4.90,true,1,
7290013677372,false,ג'לילנד - ג'ליבינס - תפוח /דובדבן - 100גרם *(12יח'),מיה תעשיות מזון מ.ת.מ. ב,IL,ג'לי בינס,גרמים,100.00,100 גרם,false,0,4.90,4.90,true,1,
7290013677419,false,תן צ'אפ טבעות שמנת בצל 50גרם,מיה תעשיות מזון מ.ת.מ בעמ,IL,תן צאפ טבעות 50ג,גרמים,50.00,100 גרם,false,0,3.30,6.60,true,1,
7290013677556,false,אורז פרסי עממי סלקטד 1ק''ג בואקום,מיה תעשיות מזון מ.ת.מ. ב,IL,אורז פרסי עממי,קילוגרמים,1.00,"ק""ג",false,0,8.90,8.90,true,1,
7290013677563,false,קינואה אדומה יבשה מיה 500 גר',מיה תעשיות מזון מ.ת.מ. בעמ,IL,קינואה אדומה,גרמים,500.00,100 גרם,false,0,12.90,2.58,true,1,
7290013677655,false,סודה לשתיה בצנצנת מיה 600 גרם,מיה תעשיות מזון מ.ת.מ בעמ,IL,סודה לשתיה,גרמים,600.00,100 גרם,false,0,12.90,2.15,true,1,
7290013677662,false,מלח לימון בצנצנת מיה 500 גרם,מיה תעשיות מזון מ.ת.מ בעמ,IL,מלח לימון,גרמים,500.00,100 גרם,false,0,12.90,2.58,true,1,
7290013677679,false,סודה לשתיה בשקית מיה 80 גרם,מיה תעשיות מזון מ.ת.מ בעמ,IL,סודה לשתיה שקית,גרמים,80.00,100 גרם,false,0,2.90,3.63,true,1,
7290013677686,false,תבלין פפריקה מרוקאית 80 גרם בשקית,מיה תעשיות מזון מ.ת.מ בעמ,IL,פפריקה מרוקאית,גרמים,80.00,100 גרם,false,0,2.90,3.63,true,1,
7290013677693,false,תבלין פלפל שחור גרוס שקית 50 גרם,מיה תעשיות מזון מ.ת.מ בעמ,IL,פלפל שחור גרוס,גרמים,50.00,100 גרם,false,0,4.90,9.80,true,1,
7290013677747,false,"שוקו של מיה 500גרם בשקית בד""ץ",מיה תעשיות מזון מ.ת.מ. בעמ,IL,אבקת שוקו,גרמים,500.00,100 גרם,false,0,5.90,1.18,true,1,
7290013677822,false,"גריסי פנינה מיה 1 ק""ג",מיה תעשיות מזון מ.ת.מ. בעמ,IL,גריסי פנינה 1 ק,קילוגרמים,1.00,"ק""ג",false,0,8.90,8.90,true,1,
7290013677839,false,"בורגול יבש מיה 1 ק""ג",מיה תעשיות מזון מ.ת.מ. בעמ,IL,בורגול,קילוגרמים,1.00,"ק""ג",false,0,6.90,6.90,true,1,
7290013677846,false,כוסמת מיה (1 קג),מיה תעשיות מזון מ.ת.מ. בעמ,IL,"כוסמת 1 ק""ג",קילוגרמים,1.00,"ק""ג",false,0,12.90,12.90,true,1,
7290013683632,false,עוגת קצפת עם אגוזים1.3קג,גידרון,IL,עוגת קצפת,קילוגרמים,1.30,"ק""ג",false,0,59.90,46.08,true,1,
<<<<<<< HEAD
7290013702036,false,"שוופס וואטר אפרסק 500מ""ל",יפאורה שותפות מובגלת לשיווק,IL,שוופס מים אפרסק,מיליליטרים,500.00,"100 מ""ל",false,0,4.80,0.96,true,1,
7290013702388,false,"שוופס מים ט.תפוח 500 מ""ל",יפאורה שותפות מובגלת לשיווק,IL,שוופס מים תפוח,מיליליטרים,500.00,"100 מ""ל",false,0,4.80,0.96,true,1,
7290013702883,false,"שוופס מוגז פינק למונייד 500 מ""ל",יפאורה שותפות מובגלת לשיווק,IL,שוופס לימונדה,מיליליטרים,500.00,"100 מ""ל",false,0,3.90,0.78,true,1,
7290013724939,false,משוקלדים חמוציות מריר 140 גר' קופסא,"דין שיווק וקלייה בע""",IL,חמוציות בשוקולד,גרמים,160.00,100 גרם,false,0,9.90,6.19,true,1,
7290013724946,false,שקדים בשוקולד מריר 140 גר שקדיה,"דין שיווק וקלייה בע""",IL,שקד בשוקולד מריר,גרמים,160.00,100 גרם,false,0,9.90,6.19,true,1,
7290013724960,false,שקדים בציפוי שוקולד בקופסא שקדיה 140 גרם,"דין שיווק וקלייה בע""",IL,שקדים בשוקולד,גרמים,160.00,100 גרם,false,0,9.90,6.19,true,1,
7290013724977,false,צימוקים בשוקולד מריר 140 גר שקדיה,"דין שיווק וקלייה בע""",IL,צימוק בשוקולד,גרמים,160.00,100 גרם,false,0,9.90,6.19,true,1,
7290013724984,false,משוקלדים בוטן מריר 160 גר' קופסא,"דין שיווק וקלייה בע""",IL,בוטנים בשוקולד,גרמים,160.00,100 גרם,false,0,9.90,6.19,true,1,
7290013725820,false,אגוזי לוז בשוקולד מריר 140 גר שקדיה,"דין שיווק וקלייה בע""",IL,א.לוז בשוקולד,גרמים,160.00,100 גרם,false,0,9.90,6.19,true,1,
7290013725837,false,שומשום בציפוי שוקולד בקופסא שקדיה 140 גרם,"דין שיווק וקלייה בע""",IL,שומשום בשוקלד,גרמים,160.00,100 גרם,false,0,9.90,6.19,true,1,
7290013847379,false,סטארקיסט טונה בשמן סויה בדץ 6*140ג,סטארקיסט,IL,טונה סטארקיסט6יח,גרמים,840.00,100 גרם,false,1,26.90,3.20,true,1,
7290013847492,false,סטארקיסט טונה במים מארז 140X6ג',סטארקיסט,IL,טונה סטארקיסט6יח,גרמים,840.00,100 גרם,false,1,26.90,3.20,true,1,
7290013848017,false,תרסיס ניקוי והברקת נירוסטה,"סנו מפעלי ברונוס בע""מ",IL,סנו נירוסטה,מיליליטרים,500.00,"100 מ""ל",false,1,19.90,3.98,true,1,
7290013848383,false,קרמה מן גל רחצה אקטיב בלוק 700 מל לגבר,טרופיקל דגיל תעשיות,IL,ג'ל רחצה קרמה מן,מיליליטרים,700.00,"100 מ""ל",false,0,14.90,2.13,true,1,
7290013848727,false,מכשיר אוטומטי לבישום אוויר בתוספת מילוי SOFT HARMONY,"יצרן מכשיר: זובלה, שנזן,",CN,סנופרש מארז,מיליליטרים,250.00,"100 מ""ל",false,1,39.90,15.96,true,1,
7290013861054,false,שוקולד קופ עם צימוקים וחלב 160 ג',"דין שיווק וקלייה בע""",IL,צימוק בשוקולד,גרמים,160.00,100 גרם,false,0,9.90,6.19,true,1,
=======
7290013702036,false,"שוופס וואטר אפרסק 500מ""ל",יפאורה שותפות מוגבלת לשיווק,IL,שוופס מים אפרסק,מיליליטרים,500.00,"100 מ""ל",false,0,4.80,0.96,true,1,
7290013702388,false,"שוופס מים ט.תפוח 500 מ""ל",יפאורה שותפות מוגבלת לשיווק,IL,שוופס מים תפוח,מיליליטרים,500.00,"100 מ""ל",false,0,4.80,0.96,true,1,
7290013702883,false,"שוופס מוגז פירות לימונדה ורודה 500 מ""ל",יפאורה - שותפות מוגבלת לשיווק,IL,שוופס לימונדה,מיליליטרים,500.00,"100 מ""ל",false,0,3.90,0.78,true,1,
7290013724939,false,משוקלדים חמוציות מריר 140 גר' קופסא,דין שיווק וקליה 2021 בעמ,IL,חמוציות בשוקולד,גרמים,160.00,100 גרם,false,0,9.90,6.19,true,1,
7290013724946,false,שקדים בשוקולד מריר בקופסא 140 גרם,דין שיווק וקליה 2021 בעמ,IL,שקד בשוקולד מריר,גרמים,160.00,100 גרם,false,0,9.90,6.19,true,1,
7290013724960,false,שקדים בציפוי שוקולד בקופסא שקדיה 140 גרם,דין שיווק וקליה 2021 בעמ,IL,שקדים בשוקולד,גרמים,160.00,100 גרם,false,0,9.90,6.19,true,1,
7290013724977,false,צימוקים בשוקולד מריר בקופסא 140 גרם,דין שיווק וקליה 2021 בעמ,IL,צימוק בשוקולד,גרמים,160.00,100 גרם,false,0,9.90,6.19,true,1,
7290013724984,false,בוטנים בשוקולד מריר בקופסא 160 גרם,דין שיווק וקליה 2021 בעמ,IL,בוטנים בשוקולד,גרמים,160.00,100 גרם,false,0,9.90,6.19,true,1,
7290013725820,false,אגוזי לוז בשוקולד מריר בקופסא 140 גרם,דין שיווק וקליה 2021 בעמ,IL,א.לוז בשוקולד,גרמים,160.00,100 גרם,false,0,9.90,6.19,true,1,
7290013725837,false,שומשום בציפוי שוקולד בקופסא שקדיה 140 גרם,דין שיווק וקליה 2021 בעמ,IL,שומשום בשוקלד,גרמים,160.00,100 גרם,false,0,9.90,6.19,true,1,
7290013847379,false,סטארקיסט טונה בשמן סויה בדץ 6*140ג,סטארקיסט,IL,טונה סטארקיסט6יח,גרמים,840.00,100 גרם,false,1,26.90,3.20,true,1,
7290013847492,false,"סאטרקיסט במים 140ג שישיות בד""ץ*",דיפלומט מפיצים #,IL,טונה סטארקיסט6יח,גרמים,840.00,100 גרם,false,1,26.90,3.20,true,1,
7290013848017,false,תרסיס ניקוי והברקת נירוסטה,החברה הדרומית לשיווק בעמ,IL,סנו נירוסטה,מיליליטרים,500.00,"100 מ""ל",false,1,19.90,3.98,true,1,
7290013848383,false,קרמה מן גל רחצה אקטיב בלוק 700 מל לגבר,החברה הדרומית לשיווק בעמ,IL,ג'ל רחצה קרמה מן,מיליליטרים,700.00,"100 מ""ל",false,0,14.90,2.13,true,1,
7290013848727,false,מכשיר אוטומטי לבישום אוויר בתוספת מילוי SOFT HARMONY,החברה הדרומית לשיווק בעמ,CN,סנופרש מארז,מיליליטרים,250.00,"100 מ""ל",false,1,39.90,15.96,true,1,
7290013861054,false,צימוקים בשוקולד חלב בקופסא 140 גרם,דין שיווק וקליה 2021 בעמ,IL,צימוק בשוקולד,גרמים,160.00,100 גרם,false,0,9.90,6.19,true,1,
>>>>>>> d048ac2f4f281c9d788043ab4e81b61b0dbe3743
7290013906250,false,סלמי הודו מהדרין קהילות טירת צבי,טיב טירת צבי 2000,IL,סלמי מהדרין,גרמים,200.00,100 גרם,false,1,9.90,4.95,true,1,
7290013906267,false,פסטרמה כפרי מהדרין קהילות טירת צבי,טיב טירת צבי 2000,IL,כפרית מהדרין200ג,גרמים,200.00,100 גרם,false,1,9.90,4.95,true,1,
7290013906281,false,"נקניקיות מהדרין קהילות טירת צבי 1 ק""ג",טיב טירת צבי 2000,IL,נקניקיות מהדרין,קילוגרמים,1.00,"ק""ג",false,0,24.90,24.90,true,1,
7290013906304,false,פסטרמה גחלים קהילות טירת צבי 400 גרם,טיב טירת צבי 2000,IL,פסטרמה 400 גרם,גרמים,400.00,100 גרם,false,0,24.90,6.23,true,1,
7290013906601,false,מארז צמד 600 ג' ברביקיו ודבש קהילות טירת צבי,טיב טירת צבי 2000,IL,צמד כפרית,גרמים,600.00,100 גרם,false,1,19.90,3.32,true,1,
7290013906939,false,קורנביף טירת צבי מחפוד 120 גרם,טיב טירת צבי 2000,IL,קורנדביף 120 גרם,גרמים,120.00,100 גרם,false,1,13.90,11.58,true,1,
7290013927002,false,עוגיות דקליות בטעם שוקולד אחוה (400 גרם),אחדות ביתחרושת לטחינה חלבה,IL,דיקליות טעם שוקו,גרמים,400.00,100 גרם,false,0,8.90,2.23,true,1,
7290013927019,false,עוגיות דקליות בטעם קינמון אחוה (400 גרם),אחדות ביתחרושת לטחינה חלבה,IL,דיקליות קינמון,גרמים,400.00,100 גרם,false,0,8.90,2.23,true,1,
7290013927033,false,עוגיות מעמול במילוי תמרים ואגוזים אחווה 600 ג',אחדות בעמ,IL,עוגיות מעמול,גרמים,600.00,100 גרם,false,0,6.90,1.15,true,1,
7290013927057,false,א. עוגיות שוקולד צ'יפס במגש 400 גר',"אחדות בע""מ",IL,עוג.שוקולד צ'יפס,גרמים,400.00,100 גרם,false,0,8.90,2.23,true,1,
7290013927101,false,אחווה עוגה תפוחים ללא תוספת סוכר 450גר,אחדות ביחר לטחינה חל,IL,עוגת תפוח עץ,גרמים,450.00,100 גרם,false,0,11.80,2.62,true,1,
7290013927156,false,אחוה בטעם פירות יער ללא תוספת סוכר 450 גרם.,אחדות ביחר לטחינה חל,IL,עוגת פירות יער,גרמים,450.00,100 גרם,false,0,11.80,2.62,true,1,
7290013927200,false,עוגיות שוקולד צ`יפס עשירה 400גרם אחוה,אחדות ביחר לטחינה חל,IL,עוגת שוקוצ'יפס,גרמים,400.00,100 גרם,false,0,7.90,1.98,true,1,
7290013927323,false,עוגת בראוניס 400 גרם אחדות,אחדות ביחר לטחינה חל,IL,עוגת בראוניס,גרמים,400.00,100 גרם,false,0,7.90,1.98,true,1,
7290013927392,false,סירופ בטעם אננס 4 ליטר אחוה,"אחדות ביח""ר לטחינה",IL,סירופ בטעם אננס,קילוגרמים,4.00,"ק""ג",false,1,66.00,16.50,true,1,
7290013927408,false,סירופ בטעם ענבים 4 ליטר אחוה,"אחדות ביח""ר לטחינה",IL,סירופ בטעם ענבים,קילוגרמים,4.00,"ק""ג",false,1,66.00,16.50,true,1,
7290013927422,false,סירופ בטעם מישמש 4 ליטר אחוה,"אחדות ביח""ר לטחינה",IL,סירופ בטעם משמש,קילוגרמים,4.00,"ק""ג",false,1,66.00,16.50,true,1,
7290013927514,false,רוגעלך קינמון במגש 400 גר`אחוה,אחדות ביחר לטחינה חל,IL,רוגעלך קינמון,גרמים,400.00,100 גרם,false,1,8.90,2.23,true,1,
7290013927521,false,"מאפין וניל אישי ללת""ס אח",,IL,מאפין וניל אישי,יחידה,1.00,יחידה,false,1,1.30,1.30,true,1,
7290013927637,false,חלוה ללא תוספת סוכר במגש 400 גר' אחוה,אחדות ביחר לטחינה חל,IL,"חלווה ללת""ס",גרמים,400.00,100 גרם,false,1,11.90,2.98,true,1,
7290013927644,false,עוגיות כתר בטעם תות במגש 400 גר' אחווה,אחדות בעמ,IL,עוגיות כתר תות,גרמים,400.00,100 גרם,false,1,8.90,2.23,true,1,
7290013927804,false,"טחינה גולמית משומשום מלא אחוה 1 ק""ג",אחדות ביחר לטחינה חל,IL,טחינה אחוה שומשו,קילוגרמים,0.00,"ק""ג",false,1,17.80,17.80,true,1,
7290013927989,false,מאפין במילוי בטעם קרמל 50 גרם אחוה,אחדות ביחר לטחינה חל,IL,מאפין ממולא קרמל,גרמים,50.00,100 גרם,false,1,1.30,2.60,true,1,
7290013927996,false,עוגת שמרים קרנץ בטעם שוקולד אחוה 400 גרם,אחדות ביחר לטחינה חל,IL,עוגת שמרים קרנץ,גרמים,400.00,100 גרם,false,1,9.80,2.45,true,1,
7290013946829,false,נוזל כלים 18% מגיק 4 ליט,סאסאטק,IL,נוזל כלים 18% מג,ליטרים,0.00,ליטר,false,1,15.90,15.90,true,1,
7290014002197,false,חליטת קמומיל ולימונית הגן הקסום ויסוצקי 25 יחידות,תה ויסוצקי (ישראל) בעמ,IL,חליטת קמומיל,גרמים,75.00,100 גרם,false,0,12.90,17.20,true,1,
7290014002203,false,חליטת לימונית ולואיזה הגן הקסום ויסוצקי 25 יחידות,תה ויסוצקי (ישראל) בעמ,IL,חליטת לימונית,גרמים,75.00,100 גרם,false,0,12.90,17.20,true,1,
7290014002579,false,תה ירוק וניל ויסוצקי 25 יחידות,תה ויסוצקי (ישראל)בעמ,IL,תה ירוק וניל,גרמים,38.00,100 גרם,false,0,19.90,52.37,true,1,
7290014002944,false,גן קסום חליטת פירות וצמחים חמדת שקד 25 שקיקים,תה ויסוצקי (ישראל) בעמ,IL,חליטת חמדת שקד,גרמים,57.00,100 גרם,false,0,12.90,22.63,true,1,
7290014002982,false,תה ירוק לימונית ולואיזה ויסוצקי 25 יחידות תוספת סטיביה,תה ויסוצקי (ישראל) בעמ,IL,תה ירוק סטיביה,גרמים,37.00,100 גרם,false,0,19.90,53.78,true,1,
7290014016002,false,לחם פרוס ללא גלוטן 4,נטו מלינדה-בשר,,לחם לבן לא גלוטן,גרמים,450.00,100 גרם,false,0,18.90,4.20,true,1,
7290014016071,false,לחמניות נקניקייה 65*6גרם,נטו מלינדה-בשר,IL,לחמניות נקניקיה,גרמים,390.00,100 גרם,false,0,17.90,4.59,true,1,
7290014016132,false,לחמניות ביס עשירייה,נטורל קייקס בעמ,IL,לחמניות ביס 10יח,גרמים,500.00,100 גרם,false,1,18.90,3.78,true,1,
7290014016231,false,פיתות רכות ללא גלוטן,נטו מלינדה-בשר,IL,פיתות 5 יח,גרמים,480.00,100 גרם,false,0,17.90,3.73,true,1,
7290014016286,false,פיצה מרגריטה זיתים 400 ג,נטו מלינדה-בשר,IL,פיצה מרגריטה,גרמים,400.00,100 גרם,false,0,24.90,6.23,true,1,
7290014017009,false,קמח אורז לבן ללא גלוטן 500 גרם,נטו מלינדה-בשר,,קמח אורז לבן,גרמים,500.00,100 גרם,false,0,8.90,1.78,true,1,
7290014017023,false,"קמח תפו""א ללא גלוטן 500 גרם",נטו מלינדה-בשר,,"קמח תפו""א",גרמים,500.00,100 גרם,false,0,8.90,1.78,true,1,
7290014017054,false,קמח תירס 500 ג ללא ג,נטו מלינדה-בשר,,קמח תירס,גרמים,500.00,100 גרם,false,0,8.90,1.78,true,1,
7290014017061,false,קורנפלור 500 ג ללא ג,"נטורל קייקס בע""מ",,קורנפלור,גרמים,500.00,100 גרם,false,0,8.90,1.78,true,1,
7290014017184,false,תערובת לעוגיות ללא גלוטן 500 גרם,נטו מלינדה-בשר,,תערובת לעוגיות,גרמים,400.00,100 גרם,false,0,14.90,3.73,true,1,
7290014017269,false,דגנים במילוי קרם נוגט ללא גלוטן 375 גרם,נטו מלינדה-בשר,IL,דגני בוקר נוגט,גרמים,375.00,100 גרם,false,1,15.90,4.24,true,1,
7290014017276,false,דגני בוקר שוקולד 375 גרם,נטו מלינדה-בשר,IL,דגני בוקר שוקולד,גרמים,375.00,100 גרם,false,1,15.90,4.24,true,1,
7290014017320,false,0 אבקת מרק עוף ללא גלוטן,נטו מלינדה-בשר,,אבקת מרק עוף,גרמים,400.00,100 גרם,false,0,19.90,4.98,true,1,
7290014017337,false,אב.מרק בצל ללא גלוטן400ג,"נטורל קייקס בע""מ",,אבקת מרק בצל,גרמים,400.00,100 גרם,false,0,20.90,5.23,true,1,
7290014017351,false,אבקת מרק ירקות ללא גלוטן,"נטורל קייקס בע""מ",,אבקת מרק ירקות,גרמים,400.00,100 גרם,false,0,20.90,5.23,true,1,
7290014072336,false,נבטים סיניים,,,נבטים סיניים,יחידה,1.00,יחידה,false,0,6.90,6.90,true,1,
7290014072343,false,נבטי אלפלפא ביכורי שדה,,IL,נבטי אלפלפא,יחידה,1.00,יחידה,false,1,5.90,5.90,true,1,
7290014094307,false,סילאן רכיבים טבעיים 380 גר-השקדיה,"דין שיווק וקליה בע""מ",IL,סילאן טבעי,גרמים,360.00,100 גרם,false,0,14.90,4.14,true,1,
<<<<<<< HEAD
7290014095946,false,משוקלדים פקאן בשוקולד מריר 140 גרם,"שקדיה גבע תעשיות בע""",IL,פ.בשוקולד מריר,גרמים,160.00,100 גרם,false,0,9.90,6.19,true,1,
=======
7290014095946,false,משוקלדים פקאן בשוקולד מריר 140 גרם,דין שיווק וקליה 2021 בעמ,IL,פ.בשוקולד מריר,גרמים,160.00,100 גרם,false,0,9.90,6.19,true,1,
>>>>>>> d048ac2f4f281c9d788043ab4e81b61b0dbe3743
7290014199002,false,פפריקה מתוקה גרם,,IL,פפריקה מתוקה גרם,גרמים,80.00,100 גרם,false,0,4.90,6.13,true,1,
7290014199019,false,פלפל שחור,,IL,פלפל שחור,גרמים,70.00,100 גרם,false,0,7.90,11.29,true,1,
7290014199026,false,כוסברה טחון רם,,IL,כוסברה טחון רם,גרמים,80.00,100 גרם,false,0,4.90,6.13,true,1,
7290014199033,false,כרכום,,IL,כרכום,גרמים,80.00,100 גרם,false,0,4.90,6.13,true,1,
7290014199040,false,כמון,,IL,כמון,גרמים,80.00,100 גרם,false,0,4.90,6.13,true,1,
7290014199064,false,גבישי שום,,IL,גבישי שום,גרמים,80.00,100 גרם,false,0,4.90,6.13,true,1,
7290014199095,false,שבבי בצל,,IL,שבבי בצל,גרמים,50.00,100 גרם,false,0,4.90,9.80,true,1,
7290014199132,false,שבבי שום,,IL,שבבי שום,גרמים,50.00,100 גרם,false,0,4.90,9.80,true,1,
7290014199156,false,סודה לשתיה רם,,IL,סודה לשתיה רם,גרמים,100.00,100 גרם,false,0,4.90,4.90,true,1,
7290014199170,false,פלפל לבן 70 גרם,,IL,פלפל לבן,גרמים,70.00,100 גרם,false,0,7.90,11.29,true,1,
7290014199217,false,גריל עוף,,IL,גריל עוף,גרמים,80.00,100 גרם,false,0,4.90,6.13,true,1,
7290014199224,false,גריל דג 80 גרם,,IL,גריל דג 80 גרם,גרמים,80.00,100 גרם,false,0,4.90,6.13,true,1,
7290014199231,false,פלפל שחור גרוס,,,פלפל שחור גרוס,יחידה,1.00,יחידה,false,0,7.90,7.90,true,1,
7290014199248,false,פפריקה מרוקאית שמן 80 ג,,IL,פפריקה מרוקאית שמן 80 ג,גרמים,80.00,100 גרם,false,0,4.90,6.13,true,1,
7290014199347,false,תבלין לשווארמה 50 גרם הת,,IL,תבלין לשווארמה 5,גרמים,50.00,100 גרם,false,1,4.90,9.80,true,1,
7290014199354,false,חוואיג' תימני,,,חוואיג' תימני,יחידה,1.00,יחידה,false,0,5.90,5.90,true,1,
7290014199552,false,תבלין לשווארמה 50 גרם הת,,IL,תבלין לשווארמה 5,גרמים,50.00,100 גרם,false,1,2.90,5.80,true,1,
7290014199583,false,חוואג תימני בשקית 100% תבלין מעולה,,IL,חוויג' תימני בשק,גרמים,40.00,100 גרם,false,1,2.90,7.25,true,1,
7290014199682,false,גריל עוף 50 גר',,IL,גריל עוף,גרמים,50.00,100 גרם,false,1,2.90,5.80,true,1,
7290014199699,false,תבלין גריל דג 50 גרם,,IL,תבלין גריל דג,גרמים,50.00,100 גרם,false,1,2.90,5.80,true,1,
7290014199712,false,פלפל שחור טחון 50 גרם,,IL,פלפל שחור טחון,גרמים,50.00,100 גרם,false,1,3.90,7.80,true,1,
7290014199750,false,סודה לשתיה 80 גרם,,IL,סודה לשתיה,גרמים,80.00,100 גרם,false,1,2.90,3.63,true,1,
7290014199767,false,פפריקה חריפה 50 גרם,,IL,פפריקה חריפה 50,יחידה,1.00,יחידה,false,1,2.90,2.90,true,1,
7290014199774,false,פפריקה מרוקאית 50 גרם,,IL,פפריקה מרוקאית,יחידה,1.00,יחידה,false,1,2.90,2.90,true,1,
7290014199804,false,גבישי שום 50 גרם,,IL,גבישי שום,יחידה,1.00,יחידה,false,1,2.90,2.90,true,1,
7290014199842,false,שבבי בצל 150 גר',,IL,שבבי בצל,גרמים,150.00,100 גרם,false,1,9.90,6.60,true,1,
7290014199859,false,פלפל שחור טחון 300 גר',,IL,פלפל שחור טחון,גרמים,300.00,100 גרם,false,1,19.90,6.63,true,1,
7290014199880,false,מלח לימון 500 גר',,IL,מלח לימון,גרמים,500.00,100 גרם,false,1,9.90,1.98,true,1,
7290014199910,false,גבישי שום 300 גר,,IL,גבישי שום,גרמים,300.00,100 גרם,false,1,14.90,4.97,true,1,
7290014199958,false,פפריקה מרוקאית 300 גר',,IL,פפריקה מרוקאית,גרמים,300.00,100 גרם,false,1,9.90,3.30,true,1,
7290014218482,false,"חטיפי פיצה גבינה בד""ץ מעדנות 650 גרם","מעדנות בע""\מ",IL,חטיפי פיצה,גרמים,650.00,100 גרם,false,1,21.90,3.37,true,1,
<<<<<<< HEAD
7290014256620,false,"יין מבעבע קריניאנו באזז יקבי כרמל 750 מ""ל",יקבי כרמל Carmel Winery,IL,קריניאנו באזז,מיליליטרים,750.00,"100 מ""ל",false,0,23.90,3.19,true,1,
7290014256637,false,"יין מבעבע מוסקטו באזז יקבי כרמל 750 מ""ל",יקבי כרמל Carmel Winery,IL,מוסקטו באזז,מיליליטרים,750.00,"100 מ""ל",false,0,23.90,3.19,true,1,
7290014258716,false,תרכובת מזון צמחי על בסיס חלבון סויה מגיל לידה,מטרנה תעשיות ש.מ,IL,מטרנה צמחי,גרמים,700.00,100 גרם,false,0,47.90,6.84,true,1,
7290014258723,false,תרכובת מזון צמחי לתינוקות מגיל 0 עד גיל שנה,מטרנה תעשיות ש.מ,IL,מטרנה צמחית,גרמים,700.00,100 גרם,false,0,49.90,7.13,true,1,
7290014258730,false,תרכובת מזון צמחי לתינוקות מגיל 12 חודשים ואילך,מטרנה תעשיות ש.מ,IL,מטרנה צמחית,גרמים,700.00,100 גרם,false,0,49.90,7.13,true,1,
7290014324008,false,שקיות אוכל,,CN,שקיות אוכל,יחידה,1.00,יחידה,false,0,11.90,11.90,true,1,
7290014324015,false,שקיות פסגור,,CN,שקיות פסגור,יחידה,1.00,יחידה,false,0,11.90,11.90,true,1,
7290014325012,false,תבלין זרעי צ'יה 200 ג' מיה,,IL,זרעי צ'יה,גרמים,200.00,100 גרם,false,1,11.90,5.95,true,1,
7290014325036,false,סוכריות ג'לי עטופות שמחות מיה 600 גרם,מיה תעשיות מזון מ.ת.מ. ב,IL,סוכריות גלי,גרמים,600.00,100 גרם,false,0,13.90,2.32,true,1,
7290014325043,false,"פודינג וניל 1 ק""ג שקית",מיה תעשיות מזון מ.ת.מ. ב,IL,פודינג טעם וניל,קילוגרמים,1.00,"ק""ג",false,0,9.90,9.90,true,1,
7290014325050,false,קורנפלור מיה 500 גרם,מיה תעשיות מזון מ.ת.מ. ב,IL,קורנפלור,גרמים,500.00,100 גרם,false,0,3.90,0.78,true,1,
7290014325265,false,תן צ'אפ חטיף טבעות בטעם שמנת בצל מארז 15X8ג',מיה תעשיות מזון בעמ,IL,תן צ'אפ טבעות8יח,גרמים,125.00,100 גרם,false,0,6.90,5.52,true,1,
7290014325531,false,חמאת בוטנים 510 גרם כשלפ,מיה תעשיות מזון מ.ת.מ. ב,IL,חמאת בוטנים,גרמים,500.00,100 גרם,false,0,11.90,2.38,true,1,
7290014325548,false,"חמאת בוטנים מיה 1 ק""ג",מיה תעשיות מזון בעמ,AR,חמאת בוטנים,קילוגרמים,1.00,"ק""ג",false,0,19.90,19.90,true,1,
=======
7290014256620,false,"יין מבעבע קריניאנו באזז יקבי כרמל 750 מ""ל",אגודת הכורמים -כרמל מזרחי,IL,קריניאנו באזז,מיליליטרים,750.00,"100 מ""ל",false,0,23.90,3.19,true,1,
7290014256637,false,"יין מבעבע מוסקטו באזז יקבי כרמל 750 מ""ל",אגודת הכורמים -כרמל מזרחי,IL,מוסקטו באזז,מיליליטרים,750.00,"100 מ""ל",false,0,23.90,3.19,true,1,
7290014258716,false,תרכובת מזון צמחי על בסיס חלבון סויה מגיל לידה,קבוצת אוסם סחר שותפות מוגבלת,IL,מטרנה צמחי,גרמים,700.00,100 גרם,false,0,47.90,6.84,true,1,
7290014258723,false,תרכובת מזון צמחי לתינוקות מגיל 0 עד גיל שנה,קבוצת אוסם סחר שותפות מוגבלת,IL,מטרנה צמחית,גרמים,700.00,100 גרם,false,0,49.90,7.13,true,1,
7290014258730,false,תרכובת מזון צמחי לתינוקות מגיל 12 חודשים ואילך,קבוצת אוסם סחר שותפות מוגבלת,IL,מטרנה צמחית,גרמים,700.00,100 גרם,false,0,49.90,7.13,true,1,
7290014324008,false,שקיות אוכל,,CN,שקיות אוכל,יחידה,1.00,יחידה,false,0,11.90,11.90,true,1,
7290014324015,false,שקיות פסגור,,CN,שקיות פסגור,יחידה,1.00,יחידה,false,0,11.90,11.90,true,1,
7290014325012,false,תבלין זרעי צ'יה 200 ג' מיה,מיה תעשיות מזון מ.ת.מ בעמ,IL,זרעי צ'יה,גרמים,200.00,100 גרם,false,1,11.90,5.95,true,1,
7290014325036,false,סוכריות ג'לי עטופות שמחות מיה 600 גרם,מיה תעשיות מזון מ.ת.מ. בעמ,IL,סוכריות גלי,גרמים,600.00,100 גרם,false,0,13.90,2.32,true,1,
7290014325043,false,פודינג בטעם וניל 1 קג מיה,מיה תעשיות מזון מ.ת.מ. בעמ,IL,פודינג טעם וניל,קילוגרמים,1.00,"ק""ג",false,0,9.90,9.90,true,1,
7290014325050,false,קורנפלור 500 גר` מיה ג.,מיה תעשיות מזון מ.ת.מ. בעמ,IL,קורנפלור,גרמים,500.00,100 גרם,false,0,3.90,0.78,true,1,
7290014325265,false,תן צ'אפ חטיף טבעות בטעם שמנת בצל מארז 15X8ג',מיה תעשיות מזון מ.ת.מ בעמ,IL,תן צ'אפ טבעות8יח,גרמים,125.00,100 גרם,false,0,6.90,5.52,true,1,
7290014325531,false,"חמאת בוטנים 500ג מיה כשל""פ בד""צ",מיה תעשיות מזון מ.ת.מ בעמ,IL,חמאת בוטנים,גרמים,500.00,100 גרם,false,0,11.90,2.38,true,1,
7290014325548,false,"חמאת בוטנים 1ק""ג כשל""פ בד""צ",מיה תעשיות מזון מ.ת.מ בעמ,AR,חמאת בוטנים,קילוגרמים,1.00,"ק""ג",false,0,19.90,19.90,true,1,
>>>>>>> d048ac2f4f281c9d788043ab4e81b61b0dbe3743
7290014355729,false,נקניקיות קנקרס 375 גרם קפוא גלאט עוף,מ ב גלאט עוף למהדרין,IL,נקניקיות קנקרס,גרמים,375.00,100 גרם,false,1,27.90,7.44,true,1,
7290014355743,false,פסטרמה הודו חרדל ודבש -180 גרם,מ ב גלאט עוף למהדרין,IL,פסטרמה הודו חרדל,גרמים,180.00,100 גרם,false,1,19.90,11.06,true,1,
7290014355767,false,פסטרמה קורנביף 180 גרם גלאט עוף,מ ב גלאט עוף למהדרין,IL,פסטרמה קורנביף,גרמים,180.00,100 גרם,false,1,27.90,15.50,true,1,
7290014355798,false,נקניקיות צ'וריסוס 375 גרם קפוא גלאט עוף,מ ב גלאט עוף למהדרין,IL,נקניקיות צ'וריסו,גרמים,375.00,100 גרם,false,1,27.90,7.44,true,1,
7290014356061,false,"פסטה ספגטי 500 ג""שדות"" * (20 בקר`)",האחים אגא (א.מ)שיווק בעמ,TR,ספגטי,גרמים,500.00,100 גרם,false,1,3.90,0.78,true,1,
7290014356078,false,"פסטה פנה 500 ג""שדות"" * (20 בקר`)",האחים אגא (א.מ)שיווק בעמ,TR,פסטה פנה,גרמים,500.00,100 גרם,false,1,3.90,0.78,true,1,
7290014356085,false,"פסטה מסולסלת 500 ג""שדות"" (20 בקרטון)",האחים אגא (א.מ)שיווק בעמ,IL,פסטה,גרמים,500.00,100 גרם,false,1,3.90,0.78,true,1,
7290014356092,false,פסטה תלתלים שדות 500 ג',אחים אגא (א.מ.) שיווק,TR,פסטה 500 גרם,גרמים,500.00,100 גרם,false,1,3.90,0.78,true,1,
7290014356108,false,פסטה קרניים שדות 500 גר',האחים אגא (א.מ)שיווק בעמ,TR,פסטה,גרמים,500.00,100 גרם,false,1,3.90,0.78,true,1,
7290014356313,false,סרדינים בשמן צמחי 125גר שדות,אחים אגא (א.מ.) שיווק,MA,סרדין מרוקאי,גרמים,125.00,100 גרם,false,0,5.90,4.72,true,1,
7290014356412,false,חתיכות אננס ב %100מיץ טבעי 850גר שדות,אחים אגא (א.מ.) שיווק,IL,חתיכות אננס שדות 850 גרם,גרמים,850.00,100 גרם,false,0,8.90,1.05,true,1,
7290014356450,false,"פסטה צדפים 500 גר' ""שדות",אחים אגא (א.מ.) שיווק,IL,פסטה צדפים,גרמים,500.00,100 גרם,false,1,3.90,0.78,true,1,
7290014356535,false,"פסטה פרפרים 500 ג""שדות"" (20 בקרטון)",האחים אגא (א.מ)שיווק בעמ,IL,פסטה פרפרים,גרמים,500.00,100 גרם,false,1,3.90,0.78,true,1,
7290014356818,false,"סוכר לבן שדות 1ק""ג.",אחים אגא (א.מ.) שיווק,IL,"סוכר 1 ק""ג",קילוגרמים,1.00,"ק""ג",false,0,4.50,4.50,true,1,
7290014356825,false,מארז 10 חב' סוכר יחי',,IL,מארז 10 חב' סוכר,יחידה,1.00,יחידה,false,1,39.00,39.00,true,1,
7290014356863,false,פטריות חתוכות 400 גרם שדות,אחים אגא (א.מ.) שיווק,IL,פטריות חתוכות 40,גרמים,400.00,100 גרם,false,1,4.90,1.23,true,1,
7290014356887,false,פטריות שלמות 400 גרם שדות,אחים אגא (א.מ.) שיווק,TR,פטריות שמפניון,גרמים,400.00,100 גרם,false,0,6.90,1.73,true,1,
7290014356917,false,חצאי אפרסק בסירופ קל 820גר שדות,אחים אגא (א.מ.) שיווק,IL,חצאי אפרסק,יחידה,1.00,יחידה,false,1,8.90,8.90,true,1,
7290014356931,false,"קוסקוס דק 350 גרם ""שדות""",אחים אגא (א.מ.) שיווק,IL,"קוסקוס דק ""שדות""",גרמים,350.00,100 גרם,false,1,3.90,1.11,true,1,
7290014356962,false,פתיתים בצורת קוסקוס 500ג אגא,אחים אגא (א.מ.) שיווק,IL,פתיתים שדות,גרמים,500.00,100 גרם,false,1,3.90,0.78,true,1,
7290014356979,false,פתיתים בצורת אורז 500ג אגא,אחים אגא (א.מ.) שיווק,IL,פתיתים שדות,גרמים,500.00,100 גרם,false,1,3.90,0.78,true,1,
7290014356986,false,פירורי לחם מוזהבים 200 ג,,IL,פירורי לחם מוזהב,גרמים,200.00,100 גרם,false,1,2.50,1.25,true,1,
7290014356993,false,פירורי לחם לבן 200 גרם,,,פירורי לחם שדות,יחידה,1.00,יחידה,false,0,2.50,2.50,true,1,
7290014397163,false,"מטהר אוויר פרש הום פריחת השקד, ורד אנגלי וכותנה",החברה הדרומית לשיווק בעמ,IL,סנו פרש פלורל,מיליליטרים,250.00,"100 מ""ל",false,1,11.90,4.76,true,1,
7290014397286,false,מרכך כביסה מרוכז חלב ודבש סנו מקסימה 1 ליטר,החברה הדרומית לשיווק בעמ,IL,מרכך כביסה מרוכז,ליטרים,1.00,ליטר,false,0,14.90,14.90,true,1,
7290014397453,false,סנו אוקסיגן גל מסיר כתמים כביסה לבנה 3 ל,החברה הדרומית לשיווק בעמ,IL,מסיר כתמים 3ליטר,ליטרים,3.00,ליטר,false,0,24.90,8.30,true,1,
7290014397491,false,"מבשם אויר סנו פרש הום בניחוח וניל קוקוס 350 מ""ל",סנו פרש Fresh,IL,סנופרש ונ.קוקוס,מיליליטרים,350.00,"100 מ""ל",false,0,9.90,2.83,true,1,
7290014397507,false,מבשם אויר סנו פרש הום בניחוח מאסק מעודן 350 מ''ל,מיוצר עי קונדיטוריית,IL,סנופרש מאסק מעוד,מיליליטרים,350.00,"100 מ""ל",false,0,9.90,2.83,true,1,
7290014397514,false,"מבשם אויר סנו פרש הום בניחוח כותנה מלטפת 350 מ""ל",החברה הדרומית לשיווק בעמ,IL,סנופרש כותנה,מיליליטרים,350.00,"100 מ""ל",false,0,9.90,2.83,true,1,
7290014397538,false,"מבשם אויר סנו פרש הום בניחוח אביב 350 מ""ל",סנו מפעלי ברונוס בעמ,IL,סנופרש סבון מפנק,מיליליטרים,350.00,"100 מ""ל",false,0,9.90,2.83,true,1,
7290014397729,false,אקונומיקה פיסגה,,IL,אקונומיקה פיסגה,ליטרים,2.00,ליטר,false,0,6.90,3.45,true,1,
<<<<<<< HEAD
7290014397767,false,סנו ריצפז פרש הום 2 ליטר בניחוח כותנה-מרכז,"סנו מפעלי ברונוס בע""",IL,ריצפז פרש הום,ליטרים,2.00,ליטר,false,0,16.90,8.45,true,1,
7290014397781,false,סנו ריצפז פרש הום 2 ליטר בניחוח סבון,סנו פרש Fresh,IL,ריצפז פרש הום,ליטרים,2.00,ליטר,false,0,16.90,8.45,true,1,
7290014397873,false,מרכך כביסה בבישום עוצמתי ג'נטל בריז,סנו מפעלי ברונוס בעמ,IL,מרכך מקסימה,ליטרים,4.00,ליטר,false,1,21.50,5.38,true,1,
7290014397958,false,"סנו - די רולאון דוחה יתושים ממקור טבעי 50 מ""ל",החברה הדרומית,IL,סנו די דוחה יתוש,מיליליטרים,50.00,"100 מ""ל",false,0,9.90,19.80,true,1,
7290014426061,false,משחת שיניים הלו קיטי בטעם ענבים לגיל 2-6,כצט נוביס,IL,משחת שיניים,מיליליטרים,50.00,"100 מ""ל",false,0,9.90,19.80,true,1,
=======
7290014397767,false,סנו ריצפז פרש הום 2 ליטר בניחוח כותנה-מרכז,החברה הדרומית לשיווק בעמ,IL,ריצפז פרש הום,ליטרים,2.00,ליטר,false,0,16.90,8.45,true,1,
7290014397781,false,סנו ריצפז פרש הום 2 ליטר בניחוח סבון,החברה הדרומית לשיווק בעמ,IL,ריצפז פרש הום,ליטרים,2.00,ליטר,false,0,16.90,8.45,true,1,
7290014397873,false,מרכך כביסה בבישום עוצמתי ג'נטל בריז,החברה הדרומית לשיווק בעמ,IL,מרכך מקסימה,ליטרים,4.00,ליטר,false,1,21.50,5.38,true,1,
7290014397958,false,"סנו - די רולאון דוחה יתושים ממקור טבעי 50 מ""ל",החברה הדרומית לשיווק בעמ,IL,סנו די דוחה יתוש,מיליליטרים,50.00,"100 מ""ל",false,0,9.90,19.80,true,1,
7290014426061,false,משחת שיניים הלו קיטי בטעם ענבים לגיל 2-6,גורי ע.ע.ע. בע`מ,IL,משחת שיניים,מיליליטרים,50.00,"100 מ""ל",false,0,9.90,19.80,true,1,
>>>>>>> d048ac2f4f281c9d788043ab4e81b61b0dbe3743
7290014434790,false,סוכריות קטנטנות בטעמי פירות 32 יח,"סוויט טיים פודסטופ בע""מ",CN,סוכריות קטנות,גרמים,160.00,100 גרם,false,1,9.90,6.19,true,1,
7290014434837,false,סוכריות פירמידה 24 יח 480 גר,"סוויט טיים פודסטופ בע""מ",CN,סוכ.קטנות פרמידה,גרמים,120.00,100 גרם,false,1,9.90,8.25,true,1,
7290014435704,false,סלמון מעושן פרוס 100ג(שמיר),שבעת הימים - שמיר,IL,סלמון מעושן,גרמים,100.00,100 גרם,false,0,19.90,19.90,true,1,
7290014435803,false,מטיאס הולנדי (פרובנציאל) עם בצל בשמן 180 גרם,שבעת הימים - שמיר,IL,מטיאס הולנדי+בצל,גרמים,180.00,100 גרם,false,0,16.90,9.39,true,1,
7290014435810,false,נתחי הרינג כבוש עם בצל במרינת חמוץ מתוק שמיר 220 גרם,שבעת הימים - שמיר,IL,הרינג כבוש+בצל,גרמים,180.00,100 גרם,false,0,16.90,9.39,true,1,
7290014435827,false,פילה מקרל מעושן בשמן ויטהול 180 גר,"סלטי שמיר 2006 בע""מ",IL,פילה מקרל מעושן,גרמים,180.00,100 גרם,false,0,21.90,12.17,true,1,
7290014435834,false,מקרל מעושן פרוס בשמן שמיר 180 גרם,שבעת הימים - שמיר,IL,מקרל מעושן פרוס,גרמים,180.00,100 גרם,false,0,21.90,12.17,true,1,
7290014435841,false,פילה הרינג עם בצל בשמן מטיאס הולנדי שמיר 200 גרם,סלטי שמיר 2006 בעמ,IL,פילה מטיאס בשמן,גרמים,180.00,100 גרם,false,0,16.90,9.39,true,1,
7290014435872,false,סלט הרינג עם מיונז שמיר 200 גרם,שבעת הימים - שמיר,IL,סלט הרינג,גרמים,180.00,100 גרם,false,0,16.90,9.39,true,1,
7290014435889,false,סלט מטיאס עם מיונז שמיר 200 גרם,שבעת הימים - שמיר,IL,סלט מטיאס,גרמים,180.00,100 גרם,false,0,16.90,9.39,true,1,
7290014435896,false,סלט סלמון עם מיונז שמיר 180 גרם,שבעת הימים - שמיר,IL,סלט סלמון,גרמים,200.00,100 גרם,false,1,16.90,8.45,true,1,
7290014473591,false,"טעמן רסק תפוחי עץ ובננה 550ג""ר",,CZ,"רסק תפו""ע ובננה",גרמים,550.00,100 גרם,false,0,8.90,1.62,true,1,
7290014473607,false,"טעמן רסק תפוחי עץ ואפרסק 550ג""ר",טעמן שווק מזון בעמ,CZ,"רסק תפו""ע ואפרסק",גרמים,550.00,100 גרם,false,0,8.90,1.62,true,1,
7290014473799,false,פריטוב מחית אגס ותפוחי עץ לתינוק שלב 3 טעמן 190 גרם,,,שישיית מחיות,גרמים,190.00,100 גרם,false,0,22.90,12.05,true,1,
7290014499508,false,כוסות מעוטרות 50 יח,,IL,כוסות מעוטרות,יחידה,1.00,יחידה,false,0,16.90,16.90,true,1,
7290014499720,false,גביעי אפולו 24 יחידות,,IL,גביעי אפולו,יחידה,1.00,יחידה,false,1,17.90,17.90,true,1,
7290014499744,false,גביע טוביטו 24 יחידו,,,גביעי טוביטו,יחידה,1.00,יחידה,false,0,17.90,17.90,true,1,
7290014499911,false,ביצה בוטיק ארוז 10 יחידו,WWP,IL,ביצה בוטיק ארוז,יחידה,1.00,יחידה,false,1,16.90,16.90,true,1,
7290014499973,false,קש מעוצב בצבעי נאון-,,CN,קשים מעוצבים,יחידה,1.00,יחידה,false,0,4.90,4.90,true,1,
7290014500334,false,פלטות מטבלים שלישיה 5יחי,WWP,IL,מטבלים שלישיה,יחידה,1.00,יחידה,false,1,7.90,7.90,true,1,
7290014500419,false,מגש גלים קטן לבן יח,,IL,מגש גלים קטן לבן,יחידה,1.00,יחידה,false,1,6.90,6.90,true,1,
7290014500426,false,מגש גלים חגדול לבן,.,IL,מגש גלים גדול לב,יחידה,1.00,יחידה,false,1,13.90,13.90,true,1,
7290014500440,false,קש ניאון צבעוני 225 יח,,CN,קש ניאון צבעוני,יחידה,1.00,יחידה,false,0,10.90,10.90,true,1,
7290014500884,false,צלחת קטן קריסטל יחידה,,,צלחת קטן קריסטל יחידה,יחידה,1.00,יחידה,false,0,5.90,5.90,true,1,
7290014500891,false,סלומון בינוני קריסטל יחי,,,סלומון בינוני קריסטל יחי,יחידה,1.00,יחידה,false,0,6.90,6.90,true,1,
7290014500907,false,צלחת גדול קריסטל יחידה,,,צלחת גדול קריסטל יחידה,יחידה,1.00,יחידה,false,0,10.90,10.90,true,1,
7290014500969,false,קינוח לפתניה רגל,,,קינוח לפתניה רגל,יחידה,1.00,יחידה,false,0,11.90,11.90,true,1,
<<<<<<< HEAD
7290014501942,false,"מרלו גליל 750 מ""ל",יקב הרי גליל,IL,גליל מרלו,מיליליטרים,750.00,"100 מ""ל",false,1,74.90,9.99,true,1,
=======
7290014501942,false,"יין גליל מרלו 750מ""ל",היכל היין שקד גולן בעמ,IL,גליל מרלו,מיליליטרים,750.00,"100 מ""ל",false,1,74.90,9.99,true,1,
>>>>>>> d048ac2f4f281c9d788043ab4e81b61b0dbe3743
7290014562370,false,פרכוני כוסמת בטר אנד דיפרנט 50 גרם,בטר אנד דיפרנט,IL,פריכוני כוסמת,גרמים,50.00,100 גרם,false,0,3.90,7.80,true,1,
7290014562387,false,תה גרגירים להכנת משקה קמומיל בטר אנד דיפרנט 200 גרם,סילקו אם איי ספולקה,IL,גרגרים נמסים קמו,גרמים,200.00,100 גרם,false,0,16.90,8.45,true,1,
7290014562394,false,משקה גרגירים שומר בטר& דיפרנט 200ג',סילקו אם איי ספולקה,IL,גרגרים נמסים שומ,גרמים,200.00,100 גרם,false,0,16.90,8.45,true,1,
7290014562448,false,גרנולה עם רכז תפוח וקינמון,בטר אנד דיפרנט,IL,גרנולה ללא סוכר .סוכר900,גרמים,900.00,100 גרם,false,0,24.90,2.77,true,1,
7290014562455,false,גרנולה קינואה וציות900,בטר אנד דיפרנט,IL,גרנולה קינואה וציות900,גרמים,900.00,100 גרם,false,0,24.90,2.77,true,1,
7290014562462,false,"תרכיז תפוחים 100% טבעי בי & די 650 מ""ל",בטר אנד דיפרנט בעמ,IL,תרכיז תפוחים,מיליליטרים,650.00,"100 מ""ל",false,0,21.90,3.37,true,1,
7290014562554,false,חמאת שומשום בטר אנד דיפרנט 700 גרם,בטר אנד דיפרנט,IL,חמאת שומשום 100%,גרמים,700.00,100 גרם,false,0,19.90,2.84,true,1,
7290014562585,false,בטר אנד דיפרנט דייסה טעם וניל 200 גר,בטר אנד דיפרנט B&D,IL,דייסה בטעם וניל,גרמים,200.00,100 גרם,false,0,9.90,4.95,true,1,
7290014562592,false,אבקת חרובים 400 גרם,,IL,אבקת חרובים,גרמים,400.00,100 גרם,false,0,11.90,2.98,true,1,
7290014562608,false,תרכיז דובדבנים 250ג 100% טבעי,בטר אנד דיפרנט בעמ,IL,תרכיז דובדבנים,מיליליטרים,250.00,"100 מ""ל",false,0,25.90,10.36,true,1,
7290014562660,false,גרנולה עם שבבי קוקוס מקורמלים,,IL,גרנולה קוקוס 400,גרמים,400.00,100 גרם,false,0,10.90,2.73,true,1,
7290014562707,false,גרנולה בש. קוקוסוקוס 1 ק,,IL,גרנולה בש. קוקוסוקוס 1 ק,גרמים,1000.00,100 גרם,false,0,24.90,2.49,true,1,
7290014562721,false,"שמן שומשום 250 מ""ל",בטר אנד דיפרנט בעמ,IL,שמן שומשום,מיליליטרים,250.00,"100 מ""ל",false,1,21.90,8.76,true,1,
7290014562752,false,"תרכיז סיידר תפוחים ללס זכוכית בטר אנד דיפרנט 250 מ""ל",בטר אנד דיפרנט,IL,תרכיז סיידר תפוח,מיליליטרים,250.00,"100 מ""ל",false,1,12.90,5.16,true,1,
7290014562769,false,ריכוז סיידר תפוחים 250 מ,,IL,ריכוז סיידר תפוח,יחידה,1.00,יחידה,false,1,12.90,12.90,true,1,
<<<<<<< HEAD
7290014562783,false,תרכיז רימונים ללא סו,בטר & דיפרנט,IL,תרכיז רימונים,מיליליטרים,250.00,"100 מ""ל",false,1,29.90,11.96,true,1,
7290014562868,false,סילאן טבעי בטר אנד דיפרנט 900 גרם,גלובל קונספט,AE,סילאן טבעי,גרמים,900.00,100 גרם,false,1,19.90,2.21,true,1,
7290014562875,false,חמאת גרעיני דלעת 200 גרם,בטר אנד דיפרנט,IL,חמאת גרעיני דלעת,גרמים,200.00,100 גרם,false,1,16.90,8.45,true,1,
7290014562981,false,אבקת קקאו 21% שומן 400 ג,,IL,אבקת קקאו 21% שו,גרמים,400.00,100 גרם,false,1,19.20,4.80,true,1,
7290014562998,false,דייסה קטניות מעורבות בטר 200 גרם,בטר אנד דיפרנט,IL,דייסת קטניות,גרמים,200.00,100 גרם,false,1,9.90,4.95,true,1,
7290014581036,false,"פחם למנגל הלהבה כ2- ק""ג",,EG,פחמים,קילוגרמים,2.00,"ק""ג",false,1,10.90,5.45,true,1,
=======
7290014562783,false,"תרכיז רימונים 250מ""ל ללא סוכר",בטר אנד דיפרנט בעמ,IL,תרכיז רימונים,מיליליטרים,250.00,"100 מ""ל",false,1,29.90,11.96,true,1,
7290014562868,false,סילאן טבעי בטר אנד דיפרנט 900 גרם,בטר אנד דיפרנט בעמ,AE,סילאן טבעי,גרמים,900.00,100 גרם,false,1,19.90,2.21,true,1,
7290014562875,false,חמאת גרעיני דלעת 200 גרם,בטר אנד דיפרנט,IL,חמאת גרעיני דלעת,גרמים,200.00,100 גרם,false,1,16.90,8.45,true,1,
7290014562981,false,אבקת קקאו 21% שומן 400 ג,,IL,אבקת קקאו 21% שו,גרמים,400.00,100 גרם,false,1,19.20,4.80,true,1,
7290014562998,false,דייסת דגנים ללא חמשת מיני דגן 200ג,בטר אנד דיפרנט בעמ,IL,דייסת קטניות,גרמים,200.00,100 גרם,false,1,9.90,4.95,true,1,
7290014581036,false,"פחם למנגל הלהבה כ2- ק""ג",פחם קוואנגו סחר בעמ,EG,פחמים,קילוגרמים,2.00,"ק""ג",false,1,10.90,5.45,true,1,
>>>>>>> d048ac2f4f281c9d788043ab4e81b61b0dbe3743
7290014600270,false,עוגיות מיני רוליקס במילוי תות 200ג',הגביע,IL,מיני רוליקס תות,גרמים,200.00,100 גרם,false,0,3.90,1.95,true,1,
7290014600294,false,מיני רוליקס תמרים 200 גרם גלילית,הגביע,IL,מיני רוליקס,גרמים,200.00,100 גרם,false,0,3.90,1.95,true,1,
7290014600300,false,גלילית כיבודים אגוזים 100ג הגביע*,הגביע מוצרי וופלים בעמ,IL,גליליות אגוזים,גרמים,100.00,100 גרם,false,1,3.90,3.90,true,1,
7290014600317,false,גלילית שוקולד 100 גרם הגביע,הגביע,IL,גליליות שוקולד,גרמים,100.00,100 גרם,false,1,3.90,3.90,true,1,
7290014600423,false,קרקרים קטנים עם מלח 200 גרם (גלילית),הגביע מוצרי וופלים בעמ,IL,קרקר נאש 200 גרם,גרמים,200.00,100 גרם,false,1,3.90,1.95,true,1,
7290014600430,false,קרקר עגול 200 ג' גלילית,הגביע מוצרי וופלים בעמ,IL,קרקר עגול 200 גר,גרמים,200.00,100 גרם,false,1,3.90,1.95,true,1,
7290014603028,false,שלגון סולרו שרבט תות-חלבי,"מיוצר ע""י גלידת שטרא",IL,סולרו תות,יחידה,1.00,יחידה,false,0,9.90,9.90,true,1,
7290014616004,false,"""הידורית"" אצבעוני בדיקה",אריסטוקרט,IL,אצבעוני בדיקה,יחידה,1.00,יחידה,false,0,11.90,11.90,true,1,
7290014755444,false,תערובת עוגת וניל 560 גרם מעולה,פורינה,IL,תערובת עוגת וניל 500 גרם,גרמים,500.00,100 גרם,false,1,11.90,2.38,true,1,
7290014755451,false,תערובת עוגת שוקולד 560 גרם מעולה,פורינה,IL,תערובת עוגת שוקולד 560 ג,יחידה,1.00,יחידה,false,1,11.90,11.90,true,1,
7290014755468,false,תערובת פנקייק 400 גרם מעולה,פורינה,IL,פנקיק תערובות 400 גרם,גרמים,400.00,100 גרם,false,1,11.90,2.98,true,1,
7290014755475,false,תערובת סופלה שוקולד מעולה,,,תערובת סופל שוקולד 250 ג,יחידה,1.00,יחידה,false,0,11.90,11.90,true,1,
<<<<<<< HEAD
7290014758162,false,חלב עיזים מלא 3.6% קרטון 1 ל' תנובה,תנובה מרכז שיתופי לש,IL,חלב עיזים מלא 1ל,ליטרים,1.00,ליטר,false,0,13.90,13.90,true,1,
7290014758681,false,קוטג תנובה 1% גביע 250 גרם,מיוצר עי קונדיטוריית,IL,קוטג 1% שומן,גרמים,250.00,100 גרם,false,0,5.10,2.04,true,1,
7290014759084,false,גבינת שמנת נפוליאון 16% מופחת שומן תנובה 225 גרם,תנובה מרכז שיתופי לש,IL,גבינת נפוליאון,גרמים,225.00,100 גרם,false,0,9.90,4.40,true,1,
7290014759701,false,"מאגדת שמינייה יופלה מעודן בד""צ בנגיעות וניל",עדן קינוחים בעמ,IL,יופלה וניל 8 יח,קילוגרמים,1.20,"ק""ג",false,0,14.90,12.42,true,1,
7290014759718,false,"יוגורט במתיקות מעודנת 150מ""ל תנובה",תנובה,IL,יופלה מעודן,גרמים,150.00,100 גרם,false,1,3.00,2.00,true,1,
7290014759909,false,פטה עיזים 5% פיראוס גביע 250 גרם,"תנובה, מחלבת טנא נוג",IL,פטה עיזים פיראוס,גרמים,250.00,100 גרם,false,0,21.90,8.76,true,1,
7290014760134,false,"מעדן סויה בטעם וניל תנובה 125 מ""ל",תנובה Alternative,IL,מעדן סויה וניל,גרמים,125.00,100 גרם,false,1,3.50,2.80,true,1,
7290014760141,false,משקה שקדים תנובה E אלטרנטיב,תנובה Alternative,IL,משקה שקדים,ליטרים,1.00,ליטר,false,1,9.90,9.90,true,1,
=======
7290014758162,false,חלב עיזים מלא 3.6% שומן תנובה (1 ליטר),תנובה מרכז שיתופי לש,IL,חלב עיזים מלא 1ל,ליטרים,1.00,ליטר,false,0,13.90,13.90,true,1,
7290014758681,false,גבינת קוטג`1% בגביע תנובה (250 גרם),מיוצר עי קונדיטוריית,IL,קוטג 1% שומן,גרמים,250.00,100 גרם,false,0,5.10,2.04,true,1,
7290014759084,false,גבינת שמנת נפוליאון 16% מופחת שומן תנובה 225 גרם,תנובה מרכז שיתופי לש,IL,גבינת נפוליאון,גרמים,225.00,100 גרם,false,0,9.90,4.40,true,1,
7290014759701,false,"מאגדת שמינייה יופלה מעודן בד""צ בנגיעות וניל",עדן קינוחים בעמ,IL,יופלה וניל 8 יח,קילוגרמים,1.20,"ק""ג",false,0,14.90,12.42,true,1,
7290014759718,false,"יוגורט במתיקות מעודנת 150מ""ל תנובה",תנובה,IL,יופלה מעודן,גרמים,150.00,100 גרם,false,1,3.00,2.00,true,1,
7290014759909,false,פטה עיזים 5% 250 גר`גביע פיראוס תנובה,"תנובה, מחלבת טנא נוג",IL,פטה עיזים פיראוס,גרמים,250.00,100 גרם,false,0,21.90,8.76,true,1,
7290014760134,false,"מעדן סויה בטעם וניל תנובה 125 מ""ל","תנובה בע""מ ***",IL,מעדן סויה וניל,גרמים,125.00,100 גרם,false,1,3.50,2.80,true,1,
7290014760141,false,משקה שקדים טרי תנובה (1 ליטר),"תנובה בע""מ ***",IL,משקה שקדים,ליטרים,1.00,ליטר,false,1,9.90,9.90,true,1,
>>>>>>> d048ac2f4f281c9d788043ab4e81b61b0dbe3743
7290014761018,false,גיל בטעם וניל תנובה 125 גרם,תנובה מרכז שיתופי לש,IL,גיל בטעם וניל,גרמים,125.00,100 גרם,false,0,1.30,1.04,true,1,
7290014761056,false,מעדן שוקולד חלב יולו תנובה 123 גרם,מיוצר עי קונדיטוריית,IL,יולו שוקולד חלב,גרמים,123.00,100 גרם,false,0,3.50,2.85,true,1,
7290014761063,false,מעדן שוקולד מריר יולו תנובה 123 גרם,מיוצר עי קונדיטוריית,IL,יולו שוקולד מריר,גרמים,123.00,100 גרם,false,0,3.50,2.85,true,1,
7290014761070,false,מעדן שוקולד לבן יולו תנובה 123 גרם,מיוצר עי קונדיטוריית,IL,יולו שוקולד לבן,גרמים,123.00,100 גרם,false,0,3.50,2.85,true,1,
7290014761193,false,יוגורט עם פירות יער 1.5% שומן 125 ג' פרילי,תנובה מרכז שיתופי לש,IL,פרילי פירות יער,גרמים,125.00,100 גרם,false,0,2.90,2.32,true,1,
7290014761254,false,"שמיניית יוגורט ביו 3% תנובה 150 גרם בד""ץ",תנובה מרכז שיתופי לש,IL,יוגורט 8 יחידות,קילוגרמים,1.20,"ק""ג",false,0,13.90,11.58,true,1,
7290014761414,false,יולו מעדן שכבות שוקולד חלב ולבן 123 גר,מיוצר עי קונדיטוריית,IL,יולו שכבות שוקו.,גרמים,123.00,100 גרם,false,0,3.50,2.85,true,1,
7290014761438,false,פיראוס בולגרית קלאסית 24% סמי מעדניה 400,תנובה מרכז שיתופי לש,IL,גבינה בולגרית,גרמים,400.00,100 גרם,false,0,19.90,4.98,true,1,
7290014761612,false,מעדן שכבות שוקולד מריר ולבן יולו 122 גרם,מיוצר עי קונדיטוריית,IL,יולו שכבות שוקו.,גרמים,122.00,100 גרם,false,1,3.50,2.87,true,1,
7290014761698,false,"גבינת עמק 28% סמי חצי קשה 600 גרם בד""ץ",תנובה מרכז שיתופי לש,IL,גבינה צהובה סמי,גרמים,600.00,100 גרם,false,1,26.90,4.48,true,1,
7290014762756,false,גבינת שמנת נפוליאון 16% עם בצל תנובה 225 גרם,תנובה - חלב,IL,גבינת נפוליאון,גרמים,225.00,100 גרם,false,1,9.90,4.40,true,1,
7290014762794,false,מעדן סויה מתיק.מעודנת125,תנובה חלב,IL,מעדן סויה,גרמים,125.00,100 גרם,false,1,3.50,2.80,true,1,
7290014762800,false,מעדן סויה שוקולד גביע 125 גרם אלטרנטיב,תנובה מרכז שיתופי לש,IL,מעדן סויה ט.שוקו,גרמים,125.00,100 גרם,false,1,3.50,2.80,true,1,
7290014762831,false,גבינת שמנת נפוליאון 16% עם פלפל חלפיניו תנובה 225 גרם,תנובה מרכז שיתופי לש,IL,גבינת נפוליאון,גרמים,225.00,100 גרם,false,1,9.90,4.40,true,1,
7290014762909,false,פתיתי מוצרלה השף הלבן 10% תוספת מתנה,"תנובה, מחלבת תל יוסף",IL,פתיתי מוצרלה200ג,גרמים,200.00,100 גרם,false,1,13.90,6.95,true,1,
7290014763272,false,יוגורט סויה BIO לשתיה תות ובננה אלטרנטיב,תות תעשיות מזון (201,IL,משקה סויה ביו,מיליליטרים,250.00,"100 מ""ל",false,1,4.90,1.96,true,1,
7290014763418,false,"כד יוגרט תנובה 4% שומן 1.5 ליטר, מהדרין",תנובה מרכז שיתופי לש,IL,יוגורט כד 1.5 ל',ליטרים,1.50,ליטר,false,1,14.90,9.93,true,1,
7290014789913,false,עוגיות אוראו קרם בטעם וניל מארז 176 גרם,דיפלומט מפיצים (1968) בעמ**,UA,עוגיות אוראו 3יח,גרמים,528.00,100 גרם,false,0,19.90,3.77,true,1,
7290014791091,false,"שוופס מוגז פירות לימונייד 500 מ""ל",יפאורה - שותפות מוגבלת לשיווק,IL,שוופס לימונייד,מיליליטרים,500.00,"100 מ""ל",false,0,3.90,0.78,true,1,
7290014791725,false,"שוופס מוגז פירות תפוחים 500 מ""ל",יפאורה - שותפות מוגבלת לשיווק,IL,שוופס מוגז תפוח,מיליליטרים,500.00,"100 מ""ל",false,1,3.90,0.78,true,1,
7290014832077,false,שומשום 300 גרם,,IL,שומשום 300 גרם,גרמים,300.00,100 גרם,false,1,6.90,2.30,true,1,
7290014832244,false,מטבעות שוקולד,,IL,מטבעות שוקולד,גרמים,500.00,100 גרם,false,0,11.90,2.38,true,1,
7290014832312,false,אבקת סוכר 500 גרם,,IL,אבקת סוכר 500 גר,יחידה,1.00,יחידה,false,1,4.90,4.90,true,1,
7290014832381,false,"קוסקוס קדמה 800 גר' בד""צ",,,קוסקוס קדמה,יחידה,1.00,יחידה,false,0,7.90,7.90,true,1,
7290014832541,false,"אגוז טחון כשל""פ 100 גר'",,IL,אגוז טחון 100גרם,גרמים,100.00,100 גרם,false,1,6.90,6.90,true,1,
7290014832824,false,חמוציות ללא סוכר 170 גרם,,IL,חמוציות ללא סוכר,גרמים,170.00,100 גרם,false,1,9.90,5.82,true,1,
7290014855434,false,מגבונים בייביסיטר פרפורמנס מבושם רביעיה,בייביסיטר Babysitter,IL,מגבונים לחים 4יח,יחידה,1.00,יחידה,false,1,14.90,14.90,true,1,
7290014855458,false,מגבוני בייביסיטר פרפורמנס ללא בישום מארז 72X4יח',בייביסיטר Babysitter,IL,מגבונים לחים 4יח,יחידה,1.00,יחידה,false,1,14.90,14.90,true,1,
7290014867000,false,שמן זית למאור 1 ליטר,,IL,שמן זית למאור1לי,ליטרים,1.00,ליטר,false,1,14.90,14.90,true,1,
7290014867017,false,תה ירוק קלאסי 50 שקיקים,דרומה,IL,תה ירוק קלאסי,יחידה,1.00,יחידה,false,0,8.90,8.90,true,1,
7290014901308,false,משחת שיניים לשיניים רגישות Complete protection,"סמית קליין ביצ'ם בע""",GB,משחת סנסודיין,מיליליטרים,75.00,"100 מ""ל",false,0,9.90,13.20,true,1,
7290014910461,false,"ערק יודה 700 מ""ל כשל",בני בהיג'\ קעואר לתעשייה,IL,ערק יודה,מיליליטרים,700.00,"100 מ""ל",false,1,49.90,7.13,true,1,
7290014945036,false,SHINY צמרוני עץ 80יח',,IL,צ.אוזניים עץ 80,יחידה,1.00,יחידה,false,0,1.00,1.00,true,1,
7290014945067,false,צמרוני פלסטיק בקופסא,,IL,צ.אוזניים פלסטיק,יחידה,1.00,יחידה,false,0,2.50,2.50,true,1,
7290014974494,false,רולים שוקו 100 ג' מעולה!.,.,IL,רולים שוקו 100 ג,גרמים,100.00,100 גרם,false,1,2.90,2.90,true,1,
7290014974500,false,רולים אגוז 100 ג' מעולה!.,.,IL,רולים אגוז 100 ג,גרמים,100.00,100 גרם,false,1,2.90,2.90,true,1,
7290014974562,false,גביעי גלידה רגיל טילון עלמה גילרו 24 יח',"א.ג גילרו בע""\מ",IL,גביעי גלידה 24יח,גרמים,120.00,100 גרם,false,1,5.90,4.92,true,1,
7290014974593,false,גביעי גלידה 12 מגולגל ללא גלוטן גילרו*,ח.כהן סוכנות מזון ומשקאות בע,IL,גביעי גלידה,גרמים,132.00,100 גרם,false,1,11.90,9.02,true,1,
7290014975408,false,מגן תחתון שחור תשובה כנה פמינה 40 יחידות,,CN,מגן תחתון שחור,יחידה,1.00,יחידה,false,1,15.90,15.90,true,1,
7290015008068,false,מטליות הקסם מיקרופייבר לרצפות עבה 3 יח',,IL,סחבה מיקרופייבר,יחידה,1.00,יחידה,false,1,14.90,14.90,true,1,
7290015008075,false,"נייר כסף קצר זוגות בייתי שמאי כשל""פ עד""ח",,IL,נייר כסף קצר זוג,יחידה,1.00,יחידה,false,1,7.90,7.90,true,1,
7290015008082,false,"נייר כסף ארוך זוגות בייתי שמאי כשל""פ עד""ח",,IL,נייר כסף ארוך זו,יחידה,1.00,יחידה,false,1,8.90,8.90,true,1,
7290015008099,false,"צלחות גדול 50 יח' עבות במיוחד שמאי כשל""פ עד""ח",,,צלחות גדול 50 יח,יחידה,1.00,יחידה,false,0,12.90,12.90,true,1,
7290015008105,false,"צלחות קטן 50 יח' עבות במיוחד שמאי כשל""פ עד""ח",,,צלחות קטן 50 יח',יחידה,1.00,יחידה,false,0,9.90,9.90,true,1,
7290015008112,false,"מרקיות 25 יח' עבות במיוחד שמאי כשל""פ עד""ח",,IL,מרקיות 25 יח' ר.,יחידה,1.00,יחידה,false,1,7.90,7.90,true,1,
7290015008129,false,"לפתניות 25 יח' עבות במיוחד שמאי כשל""פ עד""ח",,,לפתניות 25 יח',יחידה,1.00,יחידה,false,0,3.50,3.50,true,1,
7290015008136,false,"ניילון נצמד 150 מטר 30 ס""מ + סכין חיתוך שמאי כשל""פ עד""ח",,IL,נילון נצמד150מטר,מטרים,150.00,מטר,false,0,14.90,0.10,true,1,
7290015008280,false,"נייר אפיה 50 דף שמאי נשלף אחד אחד כשל""פ עד""ח",,IL,נייר אפיה 50 דף,יחידה,1.00,יחידה,false,1,7.90,7.90,true,1,
7290015008341,false,"מפות צלופן 35 מטר עבה מאוד שמאי כשל""פ עד""ח",,TR,מפות עבה מאוד,מטרים,35.00,מטר,false,1,39.90,1.14,true,1,
7290015008372,false,"כוס קרטון לשתיה חמה 8OZ ח""פ 50יח'",,CN,כוסות שתייה חמה,יחידה,1.00,יחידה,false,1,7.90,7.90,true,1,
7290015008396,false,שקיות למזון שטוח 200 יח',,IL,שקיות מזון שטוח,יחידה,1.00,יחידה,false,1,2.90,2.90,true,1,
7290015008402,false,"מזון שטוח 200 יח' חמישיות שמאי כשל""פ עד""ח",,IL,חמישיה שקיות מזו,יחידה,1.00,יחידה,false,1,12.90,12.90,true,1,
7290015008433,false,צימרוני אוזניים עץ 300 יח שמאי,,IL,צמרונים עץ 300,יחידה,1.00,יחידה,false,1,2.90,2.90,true,1,
7290015008440,false,צמרוני אזניים פלסטיק 200 יח',,IL,צמרונים פלסטיק 2,יחידה,1.00,יחידה,false,1,2.90,2.90,true,1,
7290015008457,false,"מפת שולחן בגליל 10 ק""ג",,IL,"מפה בגליל 10 ק""ג",קילוגרמים,0.01,"ק""ג",false,1,119.00,11900.00,true,1,
7290015008518,false,מטליות מיקרופייבר 30*30 ר.שמאי 6 יח',,IL,מטליות מיקרופייב,יחידה,1.00,יחידה,false,1,7.90,7.90,true,1,
7290015008549,false,פתיל צף מוכן משושה שמאי 50 יחידות,צבע ומכחול (2014) בעמ,IL,פתיל צף מתומן,יחידה,1.00,יחידה,false,1,3.50,3.50,true,1,
7290015008556,false,פתיל צף עגול שמאי 50 יחידות,,IL,פתיל צף עגול 50י,יחידה,1.00,יחידה,false,1,2.90,2.90,true,1,
7290015008570,false,קערה לאירוח 8' קשיחה ושקופה שמאי כ-1.5 ל',,IL,קערה 8 קריסטל גד,יחידה,1.00,יחידה,false,1,6.90,6.90,true,1,
7290015008587,false,"קערה ענקית שקופה קשיחה לאירוח ח""פ",,IL,קערה קריסטל גודל,יחידה,1.00,יחידה,false,1,7.90,7.90,true,1,
7290015008594,false,נרות נשמה שבועי זכוכית אחת שתיים שמאי,,IL,נר נשמה שבועי,יחידה,1.00,יחידה,false,1,8.90,8.90,true,1,
7290015008624,false,נרות חימום 50 יח' 4 שעות שמאי,,MY,נרות חימום,יחידה,1.00,יחידה,false,1,8.90,8.90,true,1,
7290015008631,false,שקיות צליה ר. שמאי 10+2יח',.,IL,שקיות לצלייה,יחידה,1.00,יחידה,false,1,3.90,3.90,true,1,
7290015008648,false,שקיות צליה ענק ר. שמאי 5+2יח',.,IL,7 שקיות לצליה,יחידה,1.00,יחידה,false,1,3.90,3.90,true,1,
7290015008655,false,כפות קרם/שקוף ר.שמאי 50 יח',,TR,כפות שקוף 50 יח',יחידה,1.00,יחידה,false,1,7.90,7.90,true,1,
7290015008662,false,מזלג קרם/שקוף ר.שמאי 50 יח',,TR,מזלג שקוף 50 יח',יחידה,1.00,יחידה,false,1,7.90,7.90,true,1,
7290015008679,false,"סכין שקוף/קרם ארוז 50 יחי' כשל""פ",,TR,סכין שקוף 50 יח',יחידה,1.00,יחידה,false,1,7.90,7.90,true,1,
7290015008686,false,כפיות קרם/שקוף ר.שמאי 50 יח',,TR,כפות שקוף 50 יח',יחידה,1.00,יחידה,false,1,5.90,5.90,true,1,
7290015008693,false,"צלחות ענק צבעוני 25 יח' שמאי כשל""פ עד""ח",,IL,צלחות ענק 25 יח',יחידה,1.00,יחידה,false,1,14.90,14.90,true,1,
7290015008778,false,"צלחות גדול 100 יח' צבעוני שמאי כשל""פ עד""ח",,IL,צלחות גדול,יחידה,1.00,יחידה,false,1,39.90,39.90,true,1,
7290015008839,false,"צלחות עמוקות עבות במיוחד 30 יח' שמאי כשל""פ עד""ח",,,צלחות עמוקות,יחידה,1.00,יחידה,false,0,13.90,13.90,true,1,
7290015008846,false,לפתניות אובלי עבות במיוחד לבן בנדע 25 יח',,,קעריות אובלי,יחידה,1.00,יחידה,false,0,4.90,4.90,true,1,
7290015008891,false,"ניילון נצמד 300 מטר 30 ס""מ שמאי",,IL,ניילון נצמד ר.שמ,מטרים,300.00,מטר,false,1,24.90,0.08,true,1,
7290015008907,false,שקיות נשיאה גדול 50/60 צהוב 100 יח',,IL,שקיות נשיאה לבן,יחידה,1.00,יחידה,false,1,12.90,12.90,true,1,
7290015008921,false,שקיות אשפה קטנות שחור 38/48 100 יח',,IL,שקיות נשיאה שחור,יחידה,1.00,יחידה,false,1,6.90,6.90,true,1,
7290015008976,false,מזון בקרטון H.D שמאי 150X3 יח',,IL,שקיות מזון בקרטו,יחידה,1.00,יחידה,false,1,9.90,9.90,true,1,
7290015009393,false,זיתים שחורים מגולענים מזן קלמטה בחיי מלח,אידיאל סנייק,GR,זית שחור מגולען,גרמים,430.00,100 גרם,false,1,16.90,3.93,true,1,
7290015009409,false,זיתים שחורים מזן טאסוס במלח 250 גרם,אידיאל סנייק,GR,זיתים שחור מיובש,גרמים,250.00,100 גרם,false,1,16.90,6.76,true,1,
7290015025942,false,"קרם ידיים קלאסי עם שמן שקדים פנג'ל 80 מ""ל",מיוצר עי קונדיטוריית,IL,קרם ידיים פנג'ל,מיליליטרים,80.00,"100 מ""ל",false,1,5.90,7.38,true,1,
7290015033329,false,פירורי לחם מוזהב 200 גרם מעולה,,IL,פרורי לחם זהב,יחידה,1.00,יחידה,false,1,2.90,2.90,true,1,
7290015037006,false,כרוב לבן קצוץ 400 גר' חסלט ס. כפרי,ביכורי השדה צפון 1994 ג.ד. בעמ,IL,כרוב לבן חסלט400,גרמים,400.00,100 גרם,false,0,12.90,3.23,true,1,
7290015037013,false,כרוב אדום קצוץ קילו חסלט ס. כפרי,ביכורי השדה צפון 1994 ג.ד. בעמ,IL,כרוב אדום חסל400,גרמים,400.00,100 גרם,false,0,12.90,3.23,true,1,
7290015037020,false,לקט קולסלאו 400 גר' חסלט ס. כפרי,ביכורי השדה צפון 1994 ג.ד. בעמ,IL,סלט קולסלאו 400,גרמים,400.00,100 גרם,false,0,12.90,3.23,true,1,
7290015037037,false,חסה אייסברג 280 גר' חסלט ס. כפרי,יעל ירק עלים,IL,חסה אייסברג 300,גרמים,300.00,100 גרם,false,0,13.90,4.63,true,1,
<<<<<<< HEAD
7290015037044,false,לקט ים תיכוני 320 גר' ס. כפרי,יעל ירק עלים,IL,לקט ים תיכוני,גרמים,350.00,100 גרם,false,0,13.90,3.97,true,1,
=======
7290015037044,false,לקט ים תיכוני 320 גר' ס. כפרי,ביכורי השדה צפון 1994 ג.ד. בעמ,IL,לקט ים תיכוני,גרמים,350.00,100 גרם,false,0,13.90,3.97,true,1,
>>>>>>> d048ac2f4f281c9d788043ab4e81b61b0dbe3743
7290015037068,false,שבבי גזר 400 גרם בדץ,קטיף,IL,"שבבי גזר בד""ץ400",גרמים,400.00,100 גרם,false,0,12.90,3.23,true,1,
7290015037174,false,"חסה אייסברג חסלט בד""ץ 1",קטיף,IL,"חסה אייסברג בד""ץ",גרמים,1000.00,100 גרם,false,1,24.90,2.49,true,1,
7290015037181,false,לקט ים תיכוני חסלט 1 יח,קטיף,IL,לקט ים תיכוני בד,גרמים,1000.00,100 גרם,false,1,24.90,2.49,true,1,
7290015037488,false,חסלט פטרוזיליה עדה חרדית,ביכורי השדה צפון 1994 ג.ד. בעמ,IL,"פטרוזיליה בד""ץ ח",יחידה,1.00,יחידה,false,0,6.90,6.90,true,1,
7290015037495,false,"כוסברה כשרה יבול חו""ל יח",ביכורי השדה צפון 1994 ג.ד. בעמ,IL,"כוסברה בד""ץ חסלט",יחידה,1.00,יחידה,false,0,6.90,6.90,true,1,
7290015037501,false,"שמיר כשר יבול חו""ל יחידה",יעל ירק עלים,IL,"שמיר בד""ץ חסלט",יחידה,1.00,יחידה,false,0,6.90,6.90,true,1,
7290015037532,false,"סלרי כשר יבול חו""ל יחידה",ביכורי השדה צפון 1994 ג.ד. בעמ,IL,"סלרי בד""ץ חסלט",יחידה,1.00,יחידה,false,0,8.90,8.90,true,1,
7290015037549,false,"חסה ערבית כשרה יבול חו""ל","בכורי השדה צפון1994 ג.ד. בע""מ",IL,"חסה בד""ץ חסלט",יחידה,1.00,יחידה,false,0,8.90,8.90,true,1,
7290015037563,false,סלק עלים חסאלט|(עדה חרדית),"בכורי השדה צפון1994 ג.ד. בע""מ",IL,"סלק עלים בד""ץ חס",יחידה,1.00,יחידה,false,0,9.90,9.90,true,1,
7290015057110,false,מקלות חמוצים בטעם תות 20גרם טעמן,אלבן מזון תעשיות ומס,TR,מקלות חמוצים תות,גרמים,20.00,100 גרם,false,0,1.50,7.50,true,1,
7290015057127,false,מקלות חמוצים בטעם קולה 20 גרם טעמן,אלבן מזון תעשיות ומס,TR,מקלות חמוצים,גרמים,20.00,100 גרם,false,0,1.50,7.50,true,1,
7290015057134,false,מקלות חמוצים בטעם פטל 20 גרם טעמן,אלבן מזון תעשיות ומס,TR,מקלות חמוצים פטל,גרמים,20.00,100 גרם,false,0,1.50,7.50,true,1,
7290015057202,false,חומץ רכיבים טבעיים 5,טעמן שווק מזון בעמ,IL,חומץ טבעי 1 ליטר,ליטרים,1.00,ליטר,false,0,5.90,5.90,true,1,
7290015139250,false,"שוקולד מריר פצפוצי אורז כרמית 85 גרם לל""ס",כרמית תעשיות ממתקים בעמ,IL,שוקולד מריר,גרמים,85.00,100 גרם,false,1,5.90,6.94,true,1,
7290015139267,false,שוקולד מריר עם שקדים ללא תוספת סוכר וסטהיים,כרמית תעשיות ממתקים בעמ,IL,שוקולד מריר,גרמים,85.00,100 גרם,false,1,5.90,6.94,true,1,
7290015139465,false,כרמית מיקסים בייגלה מצופה שוקולד חלב,כרמית תעשיות ממתקים בעמ,IL,מיקס בייגלה55גרם,גרמים,55.00,100 גרם,false,1,3.90,7.09,true,1,
<<<<<<< HEAD
7290015139519,false,אגו מיקס קוביות וופל 55 גר',כרמית,IL,מיני וופל מצופה,גרמים,55.00,100 גרם,false,1,3.90,7.09,true,1,
7290015139526,false,חופשי ופל בציפוי ומילוי שוקו ללא גלוטן כרמית 125 גרם,כרמית תעשיות ממתקים,IL,וופל ציפוי שוקול,גרמים,125.00,100 גרם,false,1,7.90,6.32,true,1,
7290015139533,false,חופשי ופל לימון ללא ציפוי ללא גלוטן כרמית 200 גרם,"כרמית תעשיות ממתקים בע""\",IL,וופל לימון,גרמים,200.00,100 גרם,false,1,7.90,3.95,true,1,
7290015139571,false,חופשי ופל בארים בציפוי שוקולד 25 גר,"כרמית תעשיות ממתקים בע""\",IL,ופלים מצופים,גרמים,21.00,100 גרם,false,1,7.90,37.62,true,1,
7290015139779,false,שוקולד מריר אגוז,,,שוקולד מריר אגוז,יחידה,1.00,יחידה,false,0,3.90,3.90,true,1,
7290015150088,false,מחית עגבניות קלה גרנד איטליה 700 גרם,שוורצקוף& הנקל דיסלד,IT,מחית עגבניות,גרמים,700.00,100 גרם,false,1,12.90,1.84,true,1,
7290015150118,false,שלישיית עגבניות חתוכות דק גרנד איטליה 400 גרם,אמיליאנה קונסרב ס.פ.,IT,עגבניות חתוכות,קילוגרמים,1.20,"ק""ג",false,1,12.90,10.75,true,1,
7290015150200,false,עגבניות חתוכות דק גרנד איטליה ויסוצקי,HIQ FOOD PRODUCTS,IT,עגבניות חתוכות,גרמים,400.00,100 גרם,false,1,4.90,1.23,true,1,
7290015150590,false,תה ירוק ג'ינג'ר חריף ויסוצקי 25 יחידות,ויסוצקי ירוק,IL,תה ירוק ויסוצקי,גרמים,37.00,100 גרם,false,1,19.90,53.78,true,1,
7290015150903,false,תה ירוק קינמון ודבש ויסוצקי 25 יחידות,ויסוצקי ירוק,IL,תה ירוק ויסוצקי,גרמים,37.00,100 גרם,false,1,19.90,53.78,true,1,
=======
7290015139519,false,אגו מיקס קוביות וופל 55 גר',כרמית תעשיות ממתקים בעמ,IL,מיני וופל מצופה,גרמים,55.00,100 גרם,false,1,3.90,7.09,true,1,
7290015139526,false,חופשי ופל בציפוי ומילוי שוקו ללא גלוטן כרמית 125 גרם,כרמית תעשיות ממתקים בעמ,IL,וופל ציפוי שוקול,גרמים,125.00,100 גרם,false,1,7.90,6.32,true,1,
7290015139533,false,חופשי ופל לימון ללא ציפוי ללא גלוטן כרמית 200 גרם,כרמית תעשיות ממתקים בעמ,IL,וופל לימון,גרמים,200.00,100 גרם,false,1,7.90,3.95,true,1,
7290015139571,false,חופשי ופל בארים בציפוי שוקולד 25 גר,כרמית תעשיות ממתקים בעמ,IL,ופלים מצופים,גרמים,21.00,100 גרם,false,1,7.90,37.62,true,1,
7290015139779,false,שוקולד מריר אגוז,,,שוקולד מריר אגוז,יחידה,1.00,יחידה,false,0,3.90,3.90,true,1,
7290015150088,false,מחית עגבניות קלה גרנד איטליה 700 גרם,תה ויסוצקי (ישראל) בעמ,IT,מחית עגבניות,גרמים,700.00,100 גרם,false,1,12.90,1.84,true,1,
7290015150118,false,שלישיית עגבניות חתוכות דק גרנד איטליה 400 גרם,תה ויסוצקי (ישראל) בעמ,IT,עגבניות חתוכות,קילוגרמים,1.20,"ק""ג",false,1,12.90,10.75,true,1,
7290015150200,false,עגבניות חתוכות דק גרנד איטליה ויסוצקי,תה ויסוצקי (ישראל)בעמ,IT,עגבניות חתוכות,גרמים,400.00,100 גרם,false,1,4.90,1.23,true,1,
7290015150590,false,תה ירוק ג'ינג'ר חריף ויסוצקי 25 יחידות,תה ויסוצקי (ישראל) בעמ,IL,תה ירוק ויסוצקי,גרמים,37.00,100 גרם,false,1,19.90,53.78,true,1,
7290015150903,false,תה ירוק קינמון ודבש ויסוצקי 25 יחידות,תה ויסוצקי (ישראל) בעמ,IL,תה ירוק ויסוצקי,גרמים,37.00,100 גרם,false,1,19.90,53.78,true,1,
>>>>>>> d048ac2f4f281c9d788043ab4e81b61b0dbe3743
7290015153003,false,חתיכות אננס בסירופ קל,,IL,חתיכות אננס בסיר,גרמים,225.00,100 גרם,false,0,4.90,2.18,true,1,
7290015153157,false,"אפרסק 900 גרם אריזות ירושלים בד""ץ",קרונוס,GR,חצאי אפרסקים,גרמים,820.00,100 גרם,false,1,8.90,1.09,true,1,
7290015153164,false,"אפרסק A9 בד""ץ .",,IL,"אפרסק A9 בד""ץ .",יחידה,1.00,יחידה,false,1,26.90,26.90,true,1,
7290015153218,false,פטריות שמפניון חתוכות 400 ג' אריזות!,,,פטריות 8 חתוך,יחידה,1.00,יחידה,false,0,4.90,4.90,true,1,
7290015153225,false,אריזות י-ם טונה במים 4*-160גר,,IL,טונה רביעיה במים,יחידה,1.00,יחידה,false,1,18.90,18.90,true,1,
7290015153232,false,"שמן זית זך 1 ליטר כשל""פ",,IL,שמן זית זך ר,מיליליטרים,1000.00,"100 מ""ל",false,1,29.90,2.99,true,1,
7290015153492,false,"אננס חתוך מעולה 900 ג' כשל""פ!",טקרנג פינאפל אינדסטריאל,TH,חתיכות אננס,גרמים,850.00,100 גרם,false,1,9.90,1.16,true,1,
7290015153669,false,פיטריות שמפניון שלמות אריזות ירושליים,,IL,פטריות שלמות,גרמים,400.00,100 גרם,false,1,6.90,1.73,true,1,
7290015153690,false,"תירס אריזות בד""ץ 600 גר'",,IL,"תירס אריזות בד""ץ",גרמים,600.00,100 גרם,false,1,5.90,0.98,true,1,
7290015153720,false,"אפונה אריזות בד""ץ 600 גר",,IL,אפונה אריזות,גרמים,600.00,100 גרם,false,1,5.90,0.98,true,1,
7290015153737,false,"אפונה וגזר בד""ץ 600 גר'",,IL,"אפונה וגזר בד""ץ",גרמים,600.00,100 גרם,false,1,5.90,0.98,true,1,
7290015153744,false,"חומוס שלם ""אריזות י-ם""",,IL,חומוס שלם,גרמים,550.00,100 גרם,false,1,5.90,1.07,true,1,
7290015153751,false,שעועית אפויה אריזות 600,,IL,שעועית אפויה,גרמים,600.00,100 גרם,false,1,5.90,0.98,true,1,
7290015153928,false,רסק עגבניות 22% 100 גר',,IL,רסק עגבניות 22%,גרמים,100.00,100 גרם,false,1,1.50,1.50,true,1,
7290015154000,false,שלישיית פטריות אריזות יר,,IL,שלישיית פטריות,יחידה,1.00,יחידה,false,1,9.90,9.90,true,1,
7290015155311,false,"6 מחיות ג'וניור תפו""ע 190 גר'",,CZ,שישיית פרינוק,קילוגרמים,1.14,"ק""ג",false,0,21.90,19.21,true,1,
7290015155328,false,ג'וניור פרינוק מחיות תפוח בננה מארז 190X6ג',,CZ,שישיית פרינוק,קילוגרמים,1.14,"ק""ג",false,0,21.90,19.21,true,1,
7290015155335,false,ג'וניור פרינוק מחיות פירות מארז 190X6ג',,CZ,שישיית פרינוק,קילוגרמים,1.14,"ק""ג",false,0,21.90,19.21,true,1,
<<<<<<< HEAD
7290015155823,false,מחית תפוחי עץ חטיפטף ללא תוספת סוכר,פרוטה פודיווין איי.א,CZ,חטיפטף פרינוק,גרמים,120.00,100 גרם,false,1,4.50,3.75,true,1,
7290015155830,false,מחית תפוחי עץ ובננה חטיפטף ללא תוספת סוכר,פרוטה פודווין איי.אס,CZ,חטיפטף פרינוק,גרמים,120.00,100 גרם,false,1,4.50,3.75,true,1,
7290015155847,false,מחית סלט פירות חטיפטף ללא תוספת סוכר,פרוטה פודיווין איי.א,CZ,חטיפטף פרינוק,גרמים,120.00,100 גרם,false,1,4.50,3.75,true,1,
7290015156769,false,מחית פרינוק פאוץ' תפוח ואוכמניות 120 גרם,פרוטה פודווין איי.אס,CZ,פאוץ' פרינוק תפו,גרמים,120.00,100 גרם,false,1,4.50,3.75,true,1,
7290015156790,false,מחית לפתן פירות חטיפטף ללא תוספת סוכר,פרוטה פודווין איי.אס,CZ,חטיפטף פרינוק,גרמים,120.00,100 גרם,false,1,4.50,3.75,true,1,
7290015194006,false,מארז פאף בטעם ברביקו *20,.,IL,מארז פאף בטעם בר,יחידה,1.00,יחידה,false,1,7.90,7.90,true,1,
7290015194013,false,מאגדת חטיף פאף פיקנטי מארז 16 יחידות,אשבול,IL,מארז פאף פיקנטי,גרמים,160.00,100 גרם,false,1,7.90,4.94,true,1,
7290015194068,false,מאגדת שאשא תות 200 גרם מארז 16 יחידות,אשבול,IL,מארז שאשא,גרמים,160.00,100 גרם,false,1,7.90,4.94,true,1,
=======
7290015155823,false,מחית תפוחי עץ חטיפטף ללא תוספת סוכר,גורי מוצרי צריכה (1991) בעמ,CZ,חטיפטף פרינוק,גרמים,120.00,100 גרם,false,1,4.50,3.75,true,1,
7290015155830,false,מחית תפוחי עץ ובננה חטיפטף ללא תוספת סוכר,גורי מוצרי צריכה (1991) בעמ,CZ,חטיפטף פרינוק,גרמים,120.00,100 גרם,false,1,4.50,3.75,true,1,
7290015155847,false,מחית סלט פירות חטיפטף ללא תוספת סוכר,גורי מוצרי צריכה (1991) בעמ,CZ,חטיפטף פרינוק,גרמים,120.00,100 גרם,false,1,4.50,3.75,true,1,
7290015156769,false,מחית פרינוק פאוץ' תפוח ואוכמניות 120 גרם,גורי מוצרי צריכה (1991) בעמ,CZ,פאוץ' פרינוק תפו,גרמים,120.00,100 גרם,false,1,4.50,3.75,true,1,
7290015156790,false,מחית לפתן פירות חטיפטף ללא תוספת סוכר,גורי מוצרי צריכה (1991) בעמ,CZ,חטיפטף פרינוק,גרמים,120.00,100 גרם,false,1,4.50,3.75,true,1,
7290015194006,false,מארז פאף בטעם ברביקו *20,.,IL,מארז פאף בטעם בר,יחידה,1.00,יחידה,false,1,7.90,7.90,true,1,
7290015194013,false,מאגדת חטיף פאף פיקנטי מארז 16 יחידות,אשבול בעמ,IL,מארז פאף פיקנטי,גרמים,160.00,100 גרם,false,1,7.90,4.94,true,1,
7290015194068,false,מאגדת שאשא תות 200 גרם מארז 16 יחידות,אשבול בעמ,IL,מארז שאשא,גרמים,160.00,100 גרם,false,1,7.90,4.94,true,1,
>>>>>>> d048ac2f4f281c9d788043ab4e81b61b0dbe3743
7290015194082,false,מאגדת חטיפים בטעם תות וניל 160 גרם,אשבול,IL,מארז שאשא,גרמים,160.00,100 גרם,false,1,7.90,4.94,true,1,
7290015194167,false,מארז שאשא תות וניל 10*20,אשבל,IL,מארז שאשא תות ונ,יחידה,1.00,יחידה,false,1,7.90,7.90,true,1,
7290015194372,false,מאגדת פאף בטעם ברביקיו אשבול 10יח' *20ג',אשבול,IL,מאגדת פאף,גרמים,200.00,100 גרם,false,1,8.90,4.45,true,1,
7290015194396,false,מאגדת עשיריית חטיף בטעם על האש פאף 200 גרם,אשבול,IL,מאגדת פאף על האש,גרמים,200.00,100 גרם,false,1,8.90,4.45,true,1,
7290015194594,false,דגני בוקר מאגדת מולטי אש,אשבול,IL,דגני בוקר מאגדת,גרמים,250.00,100 גרם,false,1,9.90,3.96,true,1,
7290015250061,false,עלי סיגרים 500 גר',,IL,עלי סיגרים,גרמים,500.00,100 גרם,false,0,11.90,2.38,true,1,
7290015258906,false,יין מצפה-חבל יהודה,יקב חבל יהודה,IL,יין מצפה-חבל יהו,יחידה,1.00,יחידה,false,1,109.00,109.00,true,1,
7290015282390,false,סלט תורכי 200 גרם שמיר,"סלטי שמיר 2006 בע""מ",IL,סלט טורק 200 גרם,גרמים,200.00,100 גרם,false,1,10.90,5.45,true,1,
7290015282581,false,חומוס אבו גוש עם חריף שמיר 200 גרם,"סלטי שמיר 2006 בע""מ",IL,חומוס אבו גוש,גרמים,200.00,100 גרם,false,0,10.90,5.45,true,1,
7290015282598,false,חומוס מסעדות גורמה שמיר 200 גרם,"סלטי שמיר 2006 בע""מ",IL,חומוס,גרמים,200.00,100 גרם,false,0,10.90,5.45,true,1,
7290015282604,false,טחינה מיוחדת גורמה שמיר 200 גרם,"סלטי שמיר 2006 בע""מ",IL,טחינה מיוחדת,גרמים,200.00,100 גרם,false,0,10.90,5.45,true,1,
7290015282628,false,חציל בטעם כבד גורמה שמיר 200 גרם,"סלטי שמיר 2006 בע""מ",IL,חציל בטעם כבד,גרמים,200.00,100 גרם,false,0,10.90,5.45,true,1,
7290015282635,false,חומוס מסבחה גורמה שמיר 200 גרם,"סלטי שמיר 2006 בע""מ",IL,חומוס מסבחה,גרמים,200.00,100 גרם,false,0,10.90,5.45,true,1,
7290015282642,false,חומוס אבו גוש גורמה שמיר 200 גרם,"סלטי שמיר 2006 בע""מ",IL,חומוס אבו גוש,גרמים,200.00,100 גרם,false,0,10.90,5.45,true,1,
7290015282673,false,חציל במיונז ביתי גורמה שמיר 200 גרם,"סלטי שמיר 2006 בע""מ",IL,חציל במיונז,גרמים,200.00,100 גרם,false,0,10.90,5.45,true,1,
7290015282680,false,קישוא בטעם כבד גורמה שמיר 200 גרם,"סלטי שמיר 2006 בע""מ",IL,קישוא בטעם כבד,גרמים,200.00,100 גרם,false,0,10.90,5.45,true,1,
7290015282697,false,כרוב אדום שמיר גורמה 200גר,"סלטי שמיר 2006 בע""מ",IL,כרוב אדום,גרמים,200.00,100 גרם,false,0,10.90,5.45,true,1,
7290015282710,false,קוביות סלק גורמה שמיר 200 גרם,"סלטי שמיר 2006 בע""מ",IL,קוביות סלק,גרמים,200.00,100 גרם,false,0,10.90,5.45,true,1,
7290015282727,false,גזר מרוקאי ברוטב פיקנטי אסלי שמיר 200 ג',"סלטי שמיר 2006 בע""מ",IL,גזר מרוקאי,גרמים,200.00,100 גרם,false,0,10.90,5.45,true,1,
7290015282734,false,מטבוחה ביתית גורמה שמיר 200 גרם,"סלטי שמיר 2006 בע""מ",IL,מטבוחה 200 גרם,גרמים,200.00,100 גרם,false,0,10.90,5.45,true,1,
7290015282741,false,חציל תאילנדי אסלי שמיר 200 ג',"סלטי שמיר 2006 בע""מ",IL,חציל תאילנדי,גרמים,200.00,100 גרם,false,1,10.90,5.45,true,1,
7290015282796,false,"סלט תפו""א שמיר במיונז 200ג'","סלטי שמיר 2006 בע""מ",IL,"סלט תפו""א שמיר",גרמים,200.00,100 גרם,false,1,10.90,5.45,true,1,
7290015339223,false,לזניה בילאגיו למילוי טעמן 500 גרם,טעמן שיווק מזון בעמ,IT,לזניה 500 גרם,גרמים,500.00,100 גרם,false,0,10.90,2.18,true,1,
7290015339414,false,דבש פרחי בר 350 גר' טעמן,טעמן שווק מזון בעמ,,דבש,יחידה,1.00,יחידה,false,0,13.90,13.90,true,1,
7290015339421,false,דבש טהור טבעי 500 ג',טעמן שווק מזון בעמ,,דבש,יחידה,1.00,יחידה,false,0,18.90,18.90,true,1,
7290015339438,false,"דבש טהור טבעי 1 ק""ג",טעמן שווק מזון בעמ,,דבש,יחידה,1.00,יחידה,false,0,39.90,39.90,true,1,
7290015339469,false,"אורז פרסי קלאסי טעמן 1 ק""ג",יותאי פרודוס קומפני,TH,אורז פרסי,קילוגרמים,1.00,"ק""ג",false,1,7.90,7.90,true,1,
7290015339476,false,"אורז פרסי קלאסי 5 ק""ג",יותאי פרודוס קומפני,TH,"אורז פרסי 5 ק""ג",קילוגרמים,5.00,"ק""ג",false,1,36.90,7.38,true,1,
7290015339483,false,ערמונים קלופים וקלויים טעמן 100ג',טאנגשאלן היואן פוד,IL,ערמונים 100גרם,גרמים,100.00,100 גרם,false,0,4.90,4.90,true,1,
7290015339551,false,פסטה פתיתים קוסקוס טעמן 500 גר',מוטלו מקרנה גזאנטפ,TR,פתיתים קוסקוס,גרמים,500.00,100 גרם,false,1,4.90,0.98,true,1,
7290015339568,false,פסטה פתיתים אורז טעמן 500 גר',מוטלו מקרנה גזאנטפ,TR,פתיתים אורז,גרמים,500.00,100 גרם,false,1,4.90,0.98,true,1,
7290015339636,false,שוקולד מריר קרם אגוזים 100 גרם טעמן.,הלל תעשיות,CH,שוקולד מריר,גרמים,100.00,100 גרם,false,1,7.90,7.90,true,1,
7290015339643,false,שוקולד מריר 100 גרם טעמן.,טעמן שיווק מזון בעמ,CH,שוקולד מריר.,גרמים,100.00,100 גרם,false,1,6.90,6.90,true,1,
7290015339650,false,"שוקולד חלבי בד""ץ 100 גרם",טעמן שיווק מזון בעמ,CH,שוקולד חלבי,גרמים,100.00,100 גרם,false,1,6.90,6.90,true,1,
7290015339698,false,דובדבנים חמוצים מגולענים 380 גר' טעמן,דונקליטי קונזרוון,HU,דובדבנים בסירופ,גרמים,680.00,100 גרם,false,1,9.90,1.46,true,1,
7290015339933,false,ריבת חלב טעמן 340 גרם,טעמן שיווק מזון בעמ,IL,ריבת חלב,גרמים,340.00,100 גרם,false,0,12.90,3.79,true,1,
7290015347150,false,שומשום סלקטד מיה 400 גרם,מיה תעשיות מזון מ.ת.מ בעמ,IL,שומשום סלקטד,גרמים,400.00,100 גרם,false,1,15.90,3.98,true,1,
7290015347167,false,קינואה לבנה סלקטד מיה 500 גרם,מיה תעשיות מזון בעמ,IL,קינואה לבנה סלקט,גרמים,500.00,100 גרם,false,1,16.90,3.38,true,1,
7290015347174,false,"אורז בסגנון פרסי סלקטד 1ק""ג מיה כשל""פ",מיה תעשיות מזון מ.ת.מ בעמ,IL,אורז פרסי ואקום,קילוגרמים,1.00,"ק""ג",false,1,11.90,11.90,true,1,
7290015347181,false,"שעועית לבנה סלקטד ק'ג מיה 1 ק""ג",מיה תעשיות מזון מ.ת.מ בעמ,IL,"שעועית לבנה 1ק""ג",קילוגרמים,1.00,"ק""ג",false,1,13.90,13.90,true,1,
7290015347198,false,קוואקר סלקטד מיה 700 גר',מיה תעשיות מזון מ.ת.מ בעמ,IL,קואקר סלקדד,גרמים,700.00,100 גרם,false,1,9.90,1.41,true,1,
7290015347204,false,"חומוס גדול סלקטד מיה 1 ק""ג",מיה תעשיות מזון מ.ת.מ בעמ,IL,חומוס בואקום,גרמים,1000.00,100 גרם,false,1,13.90,1.39,true,1,
7290015347211,false,"גריסי פנינה סלקטד מיה 1 ק""ג",מיה תעשיות מזון מ.ת.מ בעמ,IL,גריסי פנינה,קילוגרמים,1.00,"ק""ג",false,1,14.90,14.90,true,1,
7290015347259,false,פירורי לחם מוזהבים מיה 400 גרם,מיה תעשיות מזון מ.ת.מ בעמ,IL,פירורי לחם מוזהב,גרמים,400.00,100 גרם,false,1,5.90,1.48,true,1,
7290015347273,false,נטיפי שוקולד לאפייה שוקולדמריר 250גר,מיה תעשיות מזון מ.ת.מ. בעמ,IL,נטיפי שוקולד250ג,גרמים,250.00,100 גרם,false,1,7.90,3.16,true,1,
7290015347280,false,"מעדן תות 280 גרם בד""ץ",מיה תעשיות מזון מ.ת.מ בעמ,BG,מעדן תות,גרמים,280.00,100 גרם,false,1,11.90,4.25,true,1,
7290015347297,false,"מעדן דובדבנים 280 גרם בד""ץ",מיה תעשיות מזון מ.ת.מ בעמ,BG,מעדן דובדבנים,גרמים,280.00,100 גרם,false,1,11.90,4.25,true,1,
7290015347303,false,מעדן אוכמניות 280 גר`ללא גלוטן מיה,מיה תעשיות מזון מ.ת.מ. בעמ,BG,מעדן אוכמניות,גרמים,280.00,100 גרם,false,1,11.90,4.25,true,1,
7290015347310,false,מעדן משמש 280 גר`ללא גלוטן מיה,מיה תעשיות מזון מ.ת.מ. בעמ,BG,מעדן משמש,גרמים,280.00,100 גרם,false,1,11.90,4.25,true,1,
7290015347358,false,סודה לשתיה בקרטונית מיה 50 גרם,מיה תעשיות מזון מ.ת.מ. בעמ,IL,סודה לשתיה,גרמים,50.00,100 גרם,false,1,1.50,3.00,true,1,
7290015347426,false,סוכריות קולה לימון ללא סוכר 80גרם,מיה תעשיות מזון מ.ת.מ. בעמ,IL,סוכריות קולה,גרמים,80.00,100 גרם,false,1,5.80,7.25,true,1,
7290015347433,false,סוכריות פינה קולדה ללא סוכר 80גרם,מיה תעשיות מזון מ.ת.מ. בעמ,IL,סוכריות פינה קול,גרמים,80.00,100 גרם,false,1,5.80,7.25,true,1,
7290015347457,false,קינואה שחורה יבשה מיה 400 גר',מיה תעשיות מזון מ.ת.מ. בעמ,IL,קינואה שחורה,גרמים,400.00,100 גרם,false,1,19.90,4.98,true,1,
7290015347464,false,מיה קינואה מעורבת 400 גרם,מיה תעשיות מזון מ.ת.מ. בעמ,IL,קינואה מעורבת,גרמים,400.00,100 גרם,false,1,19.90,4.98,true,1,
7290015347488,false,"סוכר דמררה חום שקית מיה 1 ק""ג",מיה תעשיות מזון מ.ת.מ. בעמ,IL,סוכר דמררה,קילוגרמים,1.00,"ק""ג",false,0,6.90,6.90,true,1,
7290015347525,false,צ'יפס בטטה עם שום ורוזמרין מיה 100 גרם,מיה תעשיות מזון מ.ת.מ. בעמ,IL,צ'יפס בטטה,גרמים,80.00,100 גרם,false,1,6.90,8.63,true,1,
7290015347532,false,צ'יפס בטטה עם שמן זית ועשבי תיבול מיה 100 גרם,מיה תעשיות מזון מ.ת.מ. בעמ,IL,צ'יפס בטטה,גרמים,80.00,100 גרם,false,1,6.90,8.63,true,1,
7290015347556,false,גבישי שום בצנצנת מיה 300 גרם,מיה תעשיות מזון מ.ת.מ בעמ,IL,גבישי שום300גרם,גרמים,300.00,100 גרם,false,1,16.90,5.63,true,1,
7290015347679,false,"תבלין צ'ילי גרוס 70 גר' צנצנת כשל""פ",מיה תעשיות מזון מ.ת.מ בעמ,IL,צילי גרוס,גרמים,70.00,100 גרם,false,1,5.90,8.43,true,1,
7290015347686,false,תבלין צ'ילי גרוס 50 גר' שקית,מיה תעשיות מזון מ.ת.מ בעמ,IL,צילי גרוס,גרמים,50.00,100 גרם,false,1,4.90,9.80,true,1,
7290015347709,false,אגוז מוסקט טחון בצנ מיה 70 גרם,מיה תעשיות מזון מ.ת.מ בעמ,IL,מוסקט טחון 70גרם,גרמים,70.00,100 גרם,false,1,5.90,8.43,true,1,
7290015347761,false,סוכריות ג'לילנד כוכבים 125 גר' מיה,מיה תעשיות מזון מ.ת.מ בעמ,IL,ג'לי כוכבים,גרמים,125.00,100 גרם,false,1,4.90,3.92,true,1,
7290015347778,false,סוכריות ג'לילנד דגים 125 גר' מיה,מיה תעשיות מזון מ.ת.מ בעמ,IL,ג'לי דגים,גרמים,125.00,100 גרם,false,1,4.90,3.92,true,1,
7290015347785,false,סוכריות ג'לילנד לבבות 125 גר' מיה,מיה תעשיות מזון מ.ת.מ בעמ,IL,ג'לי לבבות,גרמים,125.00,100 גרם,false,1,4.90,3.92,true,1,
7290015347976,false,עדשי שוקולד מיה 80 גרם,מיה תעשיות מזון מ.ת.מ. בעמ,IL,עדשי שוקולד 80גר,גרמים,80.00,100 גרם,false,1,3.90,4.88,true,1,
7290015347990,false,מארז שמיניית עדשי שוקולד מיה 160 גרם,מיה תעשיות מזון מ.ת.מ. בעמ,IL,עדשי שוקולד מארז,גרמים,160.00,100 גרם,false,1,8.90,5.56,true,1,
7290015350037,false,יין קברנה סוביניון סנדרס,יקבי ברקן,IL,יין קברנה מרום,גרמים,750.00,100 גרם,false,1,26.90,3.59,true,1,
7290015350044,false,אמרלד ריזלינג סנדר'ס .,יקבי ברקן,IL,אמרלד ריזלינג,יחידה,1.00,יחידה,false,1,24.90,24.90,true,1,
7290015354899,false,חרדל דיז'ון מעודן 350 גרם,דיפלומט מפיצים (1968) בעמ**,FR,חרדל דיג'ון,גרמים,350.00,100 גרם,false,1,9.90,2.83,true,1,
7290015356893,false,"ליקר גולד שרי 200 מ""ל",,IL,"ליקר שרי 200 מ""ל",מיליליטרים,200.00,"100 מ""ל",false,1,9.90,4.95,true,1,
7290015385107,false,מעולה עדשים שוקולד 80 גר,,,עדשים שוקולד 80,יחידה,1.00,יחידה,false,0,2.90,2.90,true,1,
7290015385114,false,עדשים מיני 400 גר מעולה בדץ,,IL,עדשים מיני 400גר,יחידה,1.00,יחידה,false,1,11.90,11.90,true,1,
7290015385121,false,עדשים שוקולד 800 גר מעולה בדץ,,IL,עדשים שוקולד800ג,יחידה,1.00,יחידה,false,1,23.90,23.90,true,1,
7290015470384,false,קרם ידיים מטפח אינטנסיב מועשר בשמן שקדים,אינטרקוסמא,IL,קרם ידיים פנג'ל,מיליליטרים,100.00,"100 מ""ל",false,1,7.90,7.90,true,1,
7290015537490,false,חומץ טבעי,,,חומץ טבעי,יחידה,1.00,יחידה,false,0,3.90,3.90,true,1,
7290015573061,false,"מי פה סוגים שונים כשל""פ 120 מ""ל",חן המעיין בעמ,IL,מי פה כשר לפסח,מיליליטרים,120.00,"100 מ""ל",false,1,9.90,8.25,true,1,
7290015573290,false,"מי פה כשל""פ 240 מ""ל",,IL,"מי פה כשל""פ",גרמים,240.00,100 גרם,false,1,15.90,6.63,true,1,
7290015597937,false,קורנטו קלאסיק וניל עם צימוקים,"מיוצר ע""\י גלידת שטראוס",IL,קורנטו וניל קלאס,גרמים,70.00,100 גרם,false,1,5.90,8.43,true,1,
7290015652124,false,"רוטב סריראציה חריף מאוד 450 מ""ל אהרוני",דין שיווק וקליה 2021 בעמ,TH,רוטב סריראצ'ה,גרמים,450.00,100 גרם,false,1,14.90,3.31,true,1,
7290015652254,false,גרעיני חמניה קלויים ששון הקולה (400 גרם),דין שיווק וקליה 2021 בעמ,IL,גרעיני חמניה קלו,גרמים,500.00,100 גרם,false,1,10.00,2.00,true,1,
7290015674256,false,טופי ממולא ג'ל 500 גרם,ויספר קנדי קומפני גואנדנ,CN,טופי ממולא ג'ל,גרמים,500.00,100 גרם,false,1,9.90,1.98,true,1,
7290015674263,false,טופי ממולא אבקה 450 גרם,ויספר קנדי קומפני גואנדנ,CN,טופי ממולא אבקה,גרמים,450.00,100 גרם,false,1,9.90,2.20,true,1,
7290015674898,false,אצבעות טופי בשקית 180 גרם,,IL,אצבעות טופי שקית,גרמים,180.00,100 גרם,false,1,5.90,3.28,true,1,
7290015690065,false,חטיף טיק טוק חמוץ חריף 270 ג' ציקצאק,10 ברוס,IL,חטיף טיק טוק,גרמים,270.00,100 גרם,false,1,4.90,1.81,true,1,
7290015690072,false,צ'יק צ'אק פלאפל 190 גרם,"10 ברוס ע.ט בע""מ",IL,צ'יק צ'אק פלאפל,גרמים,190.00,100 גרם,false,1,2.90,1.53,true,1,
7290015716154,false,גליל מפות שולחן מצויין 45 מ' 2.5 קילו,,IL,מפות 45 מטר,יחידה,1.00,יחידה,false,1,34.90,34.90,true,1,
7290015716260,false,שקיות מזון HD .,,IL,שקיות מזון HD,יחידה,1.00,יחידה,false,1,2.90,2.90,true,1,
7290015716277,false,שקיות למזון עבות במיוחד,,IL,שקיות למזון עבות,יחידה,1.00,יחידה,false,1,6.90,6.90,true,1,
7290015716284,false,שקיות הקפאה שטוחות LD,,IL,שקיות הקפאה LD,יחידה,1.00,יחידה,false,1,6.90,6.90,true,1,
7290015716291,false,שקיות הקפאה HD .,,IL,שקיות הקפאה HD,יחידה,1.00,יחידה,false,1,2.90,2.90,true,1,
7290015716314,false,אשפתון קרם 75/90 .,,IL,אשפתון קרם 75/90,יחידה,1.00,יחידה,false,1,13.90,13.90,true,1,
7290015716321,false,מפות 33/1.6 מטר .,,IL,מפות 33/1.6 מטר,יחידה,1.00,יחידה,false,1,24.90,24.90,true,1,
7290015716369,false,"גליל ניילון 10 ק""ג",,IL,"מפת ניילון 10 ק""",יחידה,1.00,יחידה,false,1,119.00,119.00,true,1,
<<<<<<< HEAD
7290015733205,false,תרכובת מזון לתינוקות חלבי שלב 1 אקסטרה קר מהדרין,נסטלה,IL,מטרנה אקסטרה,גרמים,700.00,100 גרם,false,1,56.90,8.13,true,1,
7290015733229,false,תרכובת מזון לתינוקות חלבי שלב 2 אקסטרה קר מהדרין,מטרנה,IL,מטרנה אקסטרה,גרמים,700.00,100 גרם,false,1,56.90,8.13,true,1,
7290015733243,false,מטרנה אקסטרה קייר מהדרין שלב 3 700 גרם,מטרנה תעשיות ש.מ.,IL,מטרנה אקסטרה,גרמים,700.00,100 גרם,false,1,56.90,8.13,true,1,
=======
7290015733205,false,תרכובת מזון לתינוקות חלבי שלב 1 אקסטרה קר מהדרין,קבוצת אוסם סחר שותפות מוגבלת,IL,מטרנה אקסטרה,גרמים,700.00,100 גרם,false,1,56.90,8.13,true,1,
7290015733229,false,תרכובת מזון לתינוקות חלבי שלב 2 אקסטרה קר מהדרין,קבוצת אוסם סחר שותפות מוגבלת,IL,מטרנה אקסטרה,גרמים,700.00,100 גרם,false,1,56.90,8.13,true,1,
7290015733243,false,מטרנה אקסטרה קייר מהדרין שלב 3 700 גרם,קבוצת אוסם סחר שותפות מוגבלת,IL,מטרנה אקסטרה,גרמים,700.00,100 גרם,false,1,56.90,8.13,true,1,
>>>>>>> d048ac2f4f281c9d788043ab4e81b61b0dbe3743
7290015753203,false,מטליות לניקוי כללי מיקרופייבר חמישייה,,IL,5 מטליות מיקרופי,יחידה,1.00,יחידה,false,1,6.90,6.90,true,1,
7290015753210,false,מטליות מיקרופייבר לריצפה שלישייה,wuxi industries & tr,IL,3 מטליות מיקרופי,יחידה,1.00,יחידה,false,1,12.90,12.90,true,1,
7290015753272,false,"אטבי כביסה 36 יחי' ""סומו",,IL,אטבי כביסה 36 יח,יחידה,1.00,יחידה,false,1,7.50,7.50,true,1,
7290015753463,false,"ספוג קרצוף 10 יחידות ""נו",,IL,ספוג קרצוף,יחידה,1.00,יחידה,false,1,3.90,3.90,true,1,
7290015756549,false,גומיות סיליקון לשיער גדו,,IL,גומיות סיליקון ל,יחידה,1.00,יחידה,false,1,19.90,19.90,true,1,
7290015756556,false,גומיות סיליקון לשיער גדו,,IL,גומיות סיליקון ל,יחידה,1.00,יחידה,false,1,19.90,19.90,true,1,
7290015756563,false,גומיות סיליקון לשיער גדו,,IL,גומיות סיליקון ל,יחידה,1.00,יחידה,false,1,19.90,19.90,true,1,
7290015756587,false,גומיות סיליקון לשיער קטנ,,IL,גומיות סיליקון ל,יחידה,1.00,יחידה,false,1,19.90,19.90,true,1,
7290015756594,false,גומיות סיליקון לשיער קטנ,,IL,גומיות סיליקון ל,יחידה,1.00,יחידה,false,1,19.90,19.90,true,1,
7290015781008,false,"יין VISION מרלו אדום טפרברג 750 מ""ל",יקב טפרברג 1870 בעמ (יינות ומש,IL,יין ויז'ן מרלו,מיליליטרים,750.00,"100 מ""ל",false,1,39.90,5.32,true,1,
7290015781015,false,יין אדום מלבק ויז`יון טפרברג (750 מל),יקב טפרברג 1870 בעמ (יינות ומש,IL,יין ויז'ין מלבק,מיליליטרים,750.00,"100 מ""ל",false,1,39.90,5.32,true,1,
7290015781046,false,"יין VISION לבן חצי יבש טפרברג 750 מ""ל",יקב טפרברג 1870 בעמ (יינות ומש,IL,יין ויז'ן לבן,מיליליטרים,750.00,"100 מ""ל",false,1,39.90,5.32,true,1,
7290015781053,false,יין לבן יבש ויזון יקב טפרברג (750 מל),יקב טפרברג 1870 בעמ (יינות ומש,IL,יין ויז'ן לבן,מיליליטרים,750.00,"100 מ""ל",false,1,39.90,5.32,true,1,
7290015781091,false,"יין VISION קברנה סוביניון טפרברג 750 מ""ל",יקב טפרברג 1870 בעמ (יינות ומש,IL,קברנה ויז'ן,מיליליטרים,750.00,"100 מ""ל",false,1,39.90,5.32,true,1,
7290015781107,false,"יין סנג'ובזה 750 מ""ל IMPRESSION",יקב טפרברג 1870 בעמ (יינות ומש,IL,יין סנג'ובזה,מיליליטרים,750.00,"100 מ""ל",false,1,49.90,6.65,true,1,
7290015781114,false,יין אדום אימפרשיין מרלו טפרברג (750 מל),יקב טפרברג 1870 בעמ (יינות ומש,IL,יין מרלו,מיליליטרים,750.00,"100 מ""ל",false,1,49.90,6.65,true,1,
7290015781121,false,"יין IMPRESSION קברנה סוביניון יבש טפרברג 750 מ""ל",יקב טפרברג 1870 בעמ (יינות ומש,IL,יין קברנה,מיליליטרים,750.00,"100 מ""ל",false,1,49.90,6.65,true,1,
7290015781138,false,"יין שרדונה 750 מ""ל IMPRESSION",יקב טפרברג 1870 בעמ (יינות ומש,IL,יין שרדונה,מיליליטרים,750.00,"100 מ""ל",false,1,49.90,6.65,true,1,
7290015781145,false,ריזלינג בציר מאוחר אימפרשן 500 מ''ל,יקב טפרברג 1870 בעמ (יינות ומש,IL,יין ריזלינג,מיליליטרים,500.00,"100 מ""ל",false,1,49.90,9.98,true,1,
7290015781152,false,רוזה אימפרשון יקב טפרברג (750 מל),יקב טפרברג 1870 בעמ (יינות ומש,IL,יין רוזה,מיליליטרים,750.00,"100 מ""ל",false,1,49.90,6.65,true,1,
7290015781169,false,"יין IMPRESSION קברנה סוביניון חצי יבש טפרברג 750 מ""ל",יקב טפרברג 1870 בעמ (יינות ומש,IL,יין חצי יבש,מיליליטרים,750.00,"100 מ""ל",false,1,49.90,6.65,true,1,
7290015781282,false,"יין IMPRESSION גוורצטרמינר טפרברג 750 מ""ל",יקב טפרברג 1870 בעמ (יינות ומש,IL,יין גוורצטרמינר,מיליליטרים,750.00,"100 מ""ל",false,1,49.90,6.65,true,1,
7290015781299,false,יין שיראז ויזון יקב טפרברג (750 מל),יקב טפרברג 1870 בעמ (יינות ומש,IL,יין ויז'ן שיראז,מיליליטרים,750.00,"100 מ""ל",false,1,39.90,5.32,true,1,
7290015781305,false,יין אדום אימפרשיין סירה טפרברג (750 מל),יקב טפרברג 1870 בעמ (יינות ומש,IL,יין סירה,מיליליטרים,750.00,"100 מ""ל",false,1,49.90,6.65,true,1,
7290015804721,false,חומוס מעולה 600 גר',,IL,חומוס מעולה,גרמים,600.00,100 גרם,false,1,5.90,0.98,true,1,
7290015804738,false,שעועית אפויה 600 גר מעולה,,IL,שעועית אפויה מעו,גרמים,600.00,100 גרם,false,1,5.90,0.98,true,1,
7290015856171,false,בייגלה שמיניות עם מלח הדר 200 ג',,IL,בייגלה שמיניות מ,גרמים,200.00,100 גרם,false,1,3.90,1.95,true,1,
7290015856492,false,חטיפי קרקר עם מלח 180 גר',,IL,חטיפי קרקר הדר,גרמים,180.00,100 גרם,false,1,3.90,2.17,true,1,
7290015856508,false,קרקר חטיפית שומשום 180 גרם הדר*,ח.כהן סוכנות מזון ומשקאות בע,IL,חטיפי קרקר הדר,גרמים,180.00,100 גרם,false,1,3.90,2.17,true,1,
7290015856515,false,חטיפי קרקר בטעם בצל הדר,,IL,חטיפי קרקר בצל,גרמים,180.00,100 גרם,false,1,3.90,2.17,true,1,
7290015856539,false,חטיפי קרקר בצורת דגים הדר,,IL,חטיפי קרקר דגים,גרמים,180.00,100 גרם,false,1,3.90,2.17,true,1,
7290015856546,false,חטיפי ביסקויט בצורת חיות 180 גר,מגדנית הדר,IL,חטיפי ביסקויט,גרמים,180.00,100 גרם,false,1,3.90,2.17,true,1,
7290015856607,false,קרקר תירוש מלוח מתוק חצי מצופה בטעם שוקולד,אפיפית נצרת תעשיות ב,IL,קרקר תירוש,גרמים,175.00,100 גרם,false,1,5.90,3.37,true,1,
7290015856621,false,ביסקויט תירוש בטעם קרמל[לוטוס]175 גרם,אפיפית נצרת תעשיות ב,IL,ביסקוויט תירוש,גרמים,175.00,100 גרם,false,1,5.90,3.37,true,1,
7290015856706,false,סנקסו חטיף אפונה אפויה טבעי 50 גרם,תות תעשיות מזון (201,IL,חטיף אפונה טבעי,גרמים,50.00,100 גרם,false,1,3.90,7.80,true,1,
7290015856720,false,סנקסו חטיף אפונה אפוי עם זעתר 50 גרם,תות תעשיות מזון (201,IL,חטיף אפונה,גרמים,50.00,100 גרם,false,1,3.90,7.80,true,1,
7290015856737,false,סנקסו חטיף אפונה אפוי עם פלפל 50 גרם,אפיפית נצרת (1971) ב,IL,חטיף אפונה,גרמים,50.00,100 גרם,false,1,3.90,7.80,true,1,
7290015856751,false,פירורי עוגיות אמריקאיות 250 גר',אפיפית,IL,פירורי עוגיות,גרמים,250.00,100 גרם,false,1,5.90,2.36,true,1,
7290015856768,false,פירורי עוגיות בטעם קרמל הדר 250 גרם,אפיפית,IL,פירורי עוגיות,גרמים,250.00,100 גרם,false,1,5.90,2.36,true,1,
7290015856805,false,דגנית קרקר חיטה מלאה בתו,,IL,דגנית קרקר חיטה,יחידה,1.00,יחידה,false,1,6.90,6.90,true,1,
<<<<<<< HEAD
7290015856812,false,הבסקוויט של הקרמבו וניל הדר 200 גרם,אפיפית,IL,הביסקוויט של ה-,גרמים,200.00,100 גרם,false,1,4.90,2.45,true,1,
7290015856829,false,הביסקוויט של הקרמבו שוקו הדר 200 גר',אפיפית,IL,ביסקוויט של ה-,גרמים,200.00,100 גרם,false,1,4.90,2.45,true,1,
7290015856867,false,בסקויט פתיבר שוקו הדר 1,,IL,פתיבר הדר שוקו,קילוגרמים,0.00,"ק""ג",false,1,17.90,17.90,true,1,
7290015856935,false,ביסקויט אקסטרא גליל טעם חמאה 400 גרם,הדר,IL,ביסקוויט אקסטרה,גרמים,400.00,100 גרם,false,1,7.90,1.98,true,1,
=======
7290015856812,false,הבסקוויט של הקרמבו וניל הדר 200 גרם,ח.כהן סוכנות מזון ומשקאות בע,IL,הביסקוויט של ה-,גרמים,200.00,100 גרם,false,1,4.90,2.45,true,1,
7290015856829,false,הביסקוויט של הקרמבו שוקו הדר 200 גר',ח.כהן סוכנות מזון ומשקאות בע,IL,ביסקוויט של ה-,גרמים,200.00,100 גרם,false,1,4.90,2.45,true,1,
7290015856867,false,בסקויט פתיבר שוקו הדר 1,,IL,פתיבר הדר שוקו,קילוגרמים,0.00,"ק""ג",false,1,17.90,17.90,true,1,
7290015856935,false,ביסקויט אקסטרא גליל טעם חמאה 400 גרם,ח.כהן סוכנות מזון ומשקאות בע,IL,ביסקוויט אקסטרה,גרמים,400.00,100 גרם,false,1,7.90,1.98,true,1,
>>>>>>> d048ac2f4f281c9d788043ab4e81b61b0dbe3743
7290015856942,false,קרם קרקר עם זעתר אפיפית,אפיפית,IL,קרם קרקר עם זעתר,גרמים,250.00,100 גרם,false,1,6.90,2.76,true,1,
7290015856973,false,תה בסקוויט וניל ללא תוספת סוכר הדר,אפיפית נצרת תעשיות בסקויט,IL,"פתיבר לל""ס 150גר",גרמים,150.00,100 גרם,false,1,4.90,3.27,true,1,
7290015856980,false,תה בסקוויט שוקו ללא תוספת סוכר הדר,אפיפית נצרת תעשיות בסקויט,IL,"פתיבר לל""ס 150גר",גרמים,150.00,100 גרם,false,1,4.90,3.27,true,1,
7290015872096,false,חומוס סלטי שמיר 700 גרם,"סלטי שמיר 2006 בע""מ",IL,חומוס שמיר 700,גרמים,700.00,100 גרם,false,1,7.90,1.13,true,1,
7290015875189,false,טאצ' פיקס ג'ל פיתיון לנמלים 10 גר',סאסאטק אגשח בעמ,IL,פיקס ג'ל נמלים,יחידה,1.00,יחידה,false,1,39.90,39.90,true,1,
7290015875202,false,טאצ' סופר ג'ל פיתיון לתיקנים 10 גר',סאסאטק אגשח בעמ,IL,סופר ג'ל נמלים,יחידה,1.00,יחידה,false,1,39.90,39.90,true,1,
7290015879705,false,"תערובתאיטלקית לאפיה לל""ג",DFS,IT,תערובת לאפיה,קילוגרמים,1.00,"ק""ג",false,1,14.90,14.90,true,1,
7290015879729,false,תערובת לאפיה ללא גלוטן.,DFS,IT,תערובת לאפיה,גרמים,500.00,100 גרם,false,1,14.90,2.98,true,1,
7290015996754,false,סוכרזית סטיוויה 300 טבליות,אף.סי תבליני בגליל ב,IL,סוכרזית סטיוויה,גרמים,24.00,100 גרם,false,1,29.50,122.92,true,1,
7290015996983,false,סוכרלוז סוכרזית 0 קלוריות 100 שקיות,"שטראוס גרופ בע""מ",IL,סוכרלוז,יחידה,1.00,יחידה,false,1,25.90,25.90,true,1,
7290016006148,false,"שוופס מוגז עדין ענבים בקבוק 500מ""ל",יפאורה - שותפות מוגבלת לשיווק,IL,שוופס מוגז ענבים,מיליליטרים,500.00,"100 מ""ל",false,1,3.90,0.78,true,1,
7290016006292,false,נקטר מנגו בננה מלון קרטונית 1 ל' ספרינג,יפאורה שותפות מוגבלת לשיווק,IL,נקטר ספרינג,ליטרים,1.00,ליטר,false,1,5.30,5.30,true,1,
7290016006346,false,שוופס סודה 0.5 ליטר מארז שישייה,יפאורה שותפות מוגבלת לשיווק,IL,שוופס סודה,ליטרים,3.00,ליטר,false,1,13.90,4.63,true,1,
7290016015980,false,"תמר מג'הול ""פינאטס""",,IL,"תמר מג'הול ""פינא",גרמים,1000.00,100 גרם,false,1,18.90,1.89,true,1,
7290016034141,false,מאפינס קטן בשרינק 50 יחי,,IL,מאפינס קטן,יחידה,1.00,יחידה,false,1,6.90,6.90,true,1,
7290016034158,false,מאפינס גדול 50 יח' תבניכל,,IL,מאפינס גדול,יחידה,1.00,יחידה,false,1,6.90,6.90,true,1,
7290016080551,false,מתבל עגבניות אורגני 580 גרם היינץ,ה.י. היינץ,NL,מתבל עגבניות,גרמים,580.00,100 גרם,false,1,14.90,2.57,true,1,
<<<<<<< HEAD
7290016096491,false,נתחי טונה בהירה בשמן צמחי שלישיה *80ג' פילטונה,תעשיות פילטונה,IL,3טונה בשמן צמחי,גרמים,240.00,100 גרם,false,1,9.90,4.13,true,1,
7290016096507,false,טונה בשמן קנולה80*3 גרם,תעשיות פילטונה,IL,3טונה בשמן קנולה,גרמים,240.00,100 גרם,false,1,9.90,4.13,true,1,
7290016096811,false,רביעיית ממרח טונה פילטונה 160 גר'*4,תעשיות פילטונה,IL,ממרח טונה 4 יח,גרמים,640.00,100 גרם,false,1,19.90,3.11,true,1,
7290016096934,false,מארז זוגות סלט טונה 2*160 ג' פילטונה,תעשיות פילטונה,IL,סלט טונה 2 יח,גרמים,320.00,100 גרם,false,1,11.90,3.72,true,1,
=======
7290016096491,false,נתחי טונה בהירה בשמן צמחי שלישיה *80ג' פילטונה,תעשיות פיל טונה בעמ,IL,3טונה בשמן צמחי,גרמים,240.00,100 גרם,false,1,9.90,4.13,true,1,
7290016096507,false,טונה בשמן קנולה 80גרם*מארז שלישיה,תעשיות פילטונה בעמ,IL,3טונה בשמן קנולה,גרמים,240.00,100 גרם,false,1,9.90,4.13,true,1,
7290016096811,false,רביעיית ממרח טונה פילטונה 160 גר'*4,תעשיות פילטונה בעמ,IL,ממרח טונה 4 יח,גרמים,640.00,100 גרם,false,1,19.90,3.11,true,1,
7290016096934,false,מארז זוגות סלט טונה 2*160 ג' פילטונה,תעשיות פיל טונה בעמ,IL,סלט טונה 2 יח,גרמים,320.00,100 גרם,false,1,11.90,3.72,true,1,
>>>>>>> d048ac2f4f281c9d788043ab4e81b61b0dbe3743
7290016098174,false,גלילי ופל שוקולד 115 גרם הגביע,,IL,גלילי וופל קרם ש,יחידה,1.00,יחידה,false,1,6.90,6.90,true,1,
7290016098259,false,גוני גליליות למילוי הגבי,,IL,גוני גליליות,יחידה,1.00,יחידה,false,1,35.90,35.90,true,1,
7290016098297,false,עוגיות מיני רוליקס במילוי קרם שוקולד 180 גרם,הגביע מוצרי וופלים בעמ,IL,עוגיות 180 גרם,גרמים,180.00,100 גרם,false,1,3.90,2.17,true,1,
7290016102239,false,נרות 48 שעות זכוכית אחת שתיים שמאי,,CN,נר נשמה 48 שעות,יחידה,1.00,יחידה,false,1,3.90,3.90,true,1,
7290016102246,false,נרות 26 שעות בכוס זכוכית אחת שתיים שמאי,,IL,נר נשמה 26 שעות,יחידה,1.00,יחידה,false,1,1.90,1.90,true,1,
7290016102253,false,נרות 72 שעות זכוכית אחת שתיים שמאי,,CN,נר נשמה 72 שעות,יחידה,1.00,יחידה,false,1,4.90,4.90,true,1,
7290016102321,false,צלחות קטן 100 יחידות קשיח במיוחד,,IL,צלחות קטן,יחידה,1.00,יחידה,false,1,24.90,24.90,true,1,
7290016102383,false,"גביעי ליקר מוכספים ח""פ 24 יח'",,CN,גביעי ליקר מוכספ,יחידה,1.00,יחידה,false,1,15.90,15.90,true,1,
7290016102390,false,גביעי יין+תחתיות כסופים לקידוש,ר. שמאי,CN,גביעי יין 10 יח',יחידה,1.00,יחידה,false,1,16.90,16.90,true,1,
7290016102444,false,"כף הגשה בודד קשיח עד""ח ר. שמאי",,,כף הגשה בודד,יחידה,1.00,יחידה,false,0,1.50,1.50,true,1,
7290016102475,false,מפה אל-בד 120X270 לבן ראנר מודפס זהב/כסף שמאי,,CN,מפה אל בד,יחידה,1.00,יחידה,false,1,4.90,4.90,true,1,
7290016102482,false,מפה אל-בד 120X180 צבעוני/לבן ר. שמאי,,CN,מפה אל בד צבעוני,יחידה,1.00,יחידה,false,1,3.90,3.90,true,1,
7290016102499,false,"מפה אל-בד 25 מטר=לבן=ר. שמאי כשל""פ עד""ח",,IL,מפה אל-בד 25 מ',יחידה,1.00,יחידה,false,1,29.90,29.90,true,1,
7290016102673,false,מפות נייר אל בד מעוטר לבן זהב גליל 16 מ',,IL,מפה אל-בד 16 מ',יחידה,1.00,יחידה,false,1,29.90,29.90,true,1,
7290016102680,false,צלחות ענק שקופות קריסטל שמאי 25 יח',,IL,צלחות ענק שקופות,יחידה,1.00,יחידה,false,1,16.90,16.90,true,1,
7290016102697,false,צלחות גדול שקוף קריסטל 25 יחי' שמאי כשלפ,,IL,צלחות גדול שקופו,יחידה,1.00,יחידה,false,1,14.90,14.90,true,1,
7290016102703,false,צלחות שקופות קטנות שמאי 25 יחידות,,IL,צלחות קטן שקוף ק,יחידה,1.00,יחידה,false,1,7.90,7.90,true,1,
7290016102710,false,מרקיות שקופות קריסטל שמאי 25 יח',,IL,מרקיות שקופות קר,יחידה,1.00,יחידה,false,1,8.90,8.90,true,1,
7290016102727,false,לפתניות שקוף קריסטל 25 יחי' שמאי כשלפ,,IL,לפתניות שקופות ק,יחידה,1.00,יחידה,false,1,4.90,4.90,true,1,
7290016102758,false,"מגשיות אובלי צבעוני עמוקות קשיחות ח""פ 12יח'",,IL,מגש אובלי עמוק 1,יחידה,1.00,יחידה,false,1,11.90,11.90,true,1,
7290016102765,false,"מפות 45 מטר סגול ע. במיוחד 3 ק""ג שמאי",,IL,מפות שולחן בגליל,יחידה,1.00,יחידה,false,1,39.90,39.90,true,1,
7290016102802,false,"גביע קילו אמריקאי ארוז 4 כשלפ עד""ח ר.שמאי",,IL,גביע אחסון ליטר,יחידה,1.00,יחידה,false,1,4.90,4.90,true,1,
7290016104028,false,מעולה מלית אוכמניות 400 ג,,IL,מלית אוכמניות,גרמים,400.00,100 גרם,false,1,11.90,2.98,true,1,
7290016104066,false,מלית דובדבנים 400 גר מעולה,,IL,מלית דובדבנים,גרמים,400.00,100 גרם,false,1,11.90,2.98,true,1,
7290016104073,false,רוטב צ'ילי מתוק 600 גרם פוליבה,פוליבה בעמ,IL,רוטב צ'ילי 600מל,מיליליטרים,600.00,"100 מ""ל",false,1,10.50,1.75,true,1,
7290016104097,false,סירופ שוקולד 700 ג' מזון מעולה !^,,IL,סירופ שוקולדמעול,יחידה,1.00,יחידה,false,1,9.90,9.90,true,1,
7290016104158,false,סילאן טהור 100% טבעי 900 גר מעולה בדץ,.,IL,סילאן 100%טבעי,גרמים,900.00,100 גרם,false,1,18.90,2.10,true,1,
7290016104189,false,"ממרח שוקולד ""מעולה"" 400 ג'!",,IL,ממרח שוקולד,גרמים,400.00,100 גרם,false,1,6.90,1.73,true,1,
7290016104271,false,ריבת חלב בצנצנת 20% חלב,לירון קרביץ יבוא שיווק וסחר,IL,ריבת חלב בצנצנת,גרמים,340.00,100 גרם,false,1,12.90,3.79,true,1,
7290016104417,false,ריבה בטעם תות שדה 850 גרם פוליבה,לירון קרביץ יבוא שיווק וסחר,IL,ממרח בטעם תות,גרמים,850.00,100 גרם,false,1,12.90,1.52,true,1,
7290016104615,false,סילאן סירופ תמרים פוליבה צנצנת 900 ג',,,סילאן סירופ תמרי,יחידה,1.00,יחידה,false,0,12.90,12.90,true,1,
7290016104868,false,סירופ מייפל פוליבה 700 גר',לירון קרביץ יבוא שיווק וסחר,IL,סירופ בטעם מייפל,גרמים,700.00,100 גרם,false,1,12.90,1.84,true,1,
7290016104875,false,סירופ שוקולד פוליבה 700ג',לירון קרביץ יבוא שיווק וסחר,IL,שירופ בטעם שוקול,גרמים,700.00,100 גרם,false,1,12.90,1.84,true,1,
7290016106213,false,"שוקולד מריר שברי אגוזים בד""ץ טעמן",אלבה שוקולד,CH,שוקולד מריר.,גרמים,100.00,100 גרם,false,1,7.90,7.90,true,1,
7290016106671,false,נתחי טונה בהירה בשמן צמחי,טעמן שווק מזון בעמ,IL,טונה בשמן,גרמים,140.00,100 גרם,false,1,4.90,3.50,true,1,
7290016106688,false,נתחי טונה במי מלח טעמן 140 ג',טעמן שווק מזון בעמ,IL,טונה במים,גרמים,140.00,100 גרם,false,1,4.90,3.50,true,1,
7290016106701,false,"חמאת בוטנים קלאסית ""מעולה""",.,IL,חמאת בוטנים קלאס,גרמים,510.00,100 גרם,false,1,9.90,1.94,true,1,
7290016106718,false,חמאת בוטנים עם שברי בוטנים 510 גר מעולה,.,IL,ח.בוטנים+שברי בו,גרמים,510.00,100 גרם,false,1,9.90,1.94,true,1,
<<<<<<< HEAD
7290016144000,false,"קמח חיטה מלאה נפלאות 80% 1 ק""ג","קמח מלכים בע""\מ",IL,קמח חיטה,קילוגרמים,1.00,"ק""ג",false,1,9.90,9.90,true,1,
7290016144017,false,"קמח מלא נפלאות 100% ללא ניפוי 1 ק""ג",קמח מלכים,IL,קמח חיטה מלאה,קילוגרמים,1.00,"ק""ג",false,1,9.90,9.90,true,1,
7290016144024,false,"קמח כוסמין מלא נפלאות 100% 1 ק""ג",קמח מלכים,IL,קמח כוסמין,קילוגרמים,1.00,"ק""ג",false,1,14.90,14.90,true,1,
7290016144048,false,"קמח כוסמין לבן נפלאות 1 ק""ג",קמח מלכים,IL,קמח כוסמין,קילוגרמים,1.00,"ק""ג",false,1,16.90,16.90,true,1,
7290016144055,false,"קמח כוסמין נפלאות 80% 1 ק""ג",קמח מלכים,IL,קמח כוסמין 80%,קילוגרמים,1.00,"ק""ג",false,1,14.90,14.90,true,1,
7290016197617,false,תחבושת לנשים אקסטרה דיפנד 10 יחידות,קימברלי קלארק,VN,תחבושות דיפנד,יחידה,1.00,יחידה,false,1,18.90,18.90,true,1,
7290016197624,false,תחבושות לנשים סופר דיפנד 8 יחידות,קימברלי קלארק,VN,תחבושות דיפנד,יחידה,1.00,יחידה,false,1,18.90,18.90,true,1,
=======
7290016144000,false,"קמח חיטה מלאה נפלאות 80% 1 ק""ג",תה ויסוצקי (ישראל)בעמ,IL,קמח חיטה,קילוגרמים,1.00,"ק""ג",false,1,9.90,9.90,true,1,
7290016144017,false,"קמח מלא נפלאות 100% ללא ניפוי 1 ק""ג",תה ויסוצקי (ישראל)בעמ,IL,קמח חיטה מלאה,קילוגרמים,1.00,"ק""ג",false,1,9.90,9.90,true,1,
7290016144024,false,"קמח כוסמין מלא נפלאות 100% 1 ק""ג",תה ויסוצקי (ישראל)בעמ,IL,קמח כוסמין,קילוגרמים,1.00,"ק""ג",false,1,14.90,14.90,true,1,
7290016144048,false,"קמח כוסמין לבן נפלאות 1 ק""ג",תה ויסוצקי (ישראל)בעמ,IL,קמח כוסמין,קילוגרמים,1.00,"ק""ג",false,1,16.90,16.90,true,1,
7290016144055,false,קמח כוסמין 80% קמח נפלאות 1 קג,תה ויסוצקי (ישראל)בעמ,IL,קמח כוסמין 80%,קילוגרמים,1.00,"ק""ג",false,1,14.90,14.90,true,1,
7290016197617,false,תחבושת לנשים אקסטרה דיפנד 10 יחידות,קימברלי קלארק ישראל שיווק בעמ,VN,תחבושות דיפנד,יחידה,1.00,יחידה,false,1,18.90,18.90,true,1,
7290016197624,false,תחבושות לנשים סופר דיפנד 8 יחידות,קימברלי קלארק ישראל שיווק בעמ,VN,תחבושות דיפנד,יחידה,1.00,יחידה,false,1,18.90,18.90,true,1,
>>>>>>> d048ac2f4f281c9d788043ab4e81b61b0dbe3743
7290016217643,false,חמוצים סיני אסלי שמיר 400 גרם,"סלטי שמיר 2006 בע""מ",IL,חמוצים סיני,גרמים,400.00,100 גרם,false,1,10.90,2.73,true,1,
7290016217735,false,חציל על האש 200גרם גורמה,"סלטי שמיר 2006 בע""מ",IL,חציל על האש 200,יחידה,1.00,יחידה,false,1,10.90,10.90,true,1,
7290016217742,false,חציל בטחינה 200גרם גורמה,"סלטי שמיר 2006 בע""מ",IL,חציל בטחינה 200,גרמים,200.00,100 גרם,false,1,10.90,5.45,true,1,
7290016217759,false,חציל מרוקאי 200גרם גורמה,"סלטי שמיר 2006 בע""מ",IL,חציל מרוקאי 200,גרמים,200.00,100 גרם,false,1,10.90,5.45,true,1,
7290016218091,false,מחזיק מוצץ עגלה יחידה,,IL,מחזיק מוצץ עגלה,יחידה,1.00,יחידה,false,1,19.90,19.90,true,1,
7290016218114,false,מחזיק מוצץ פונפון יחידה,,IL,מחזיק מוצץ פונפו,יחידה,1.00,יחידה,false,1,29.90,29.90,true,1,
7290016246445,false,בארכה טחינה גולמית מעודנת שומשום מלא 310 גם,קבוצת אוסם סחר שותפות מוגבלת,IL,טחינה מעודנת,גרמים,310.00,100 גרם,false,1,9.90,3.19,true,1,
7290016246711,false,טחינה גולמית מעודנת הריסה בארכה 310 גרם,קבוצת אוסם סחר שותפות מוגבלת,IL,טחינה מעודנת,גרמים,310.00,100 גרם,false,1,9.90,3.19,true,1,
7290016304404,false,לחם קוביות 100% כוסמין 600 גרם,מאפיית דוידוביץ ובניו בע,IL,לחם כוסמין,גרמים,600.00,100 גרם,false,1,11.90,1.98,true,1,
7290016304596,false,לחמניות לסנדביץ 75 גרם,מאפית דוידוביץ ובניו,IL,לחמניות לסנדביץ',גרמים,750.00,100 גרם,false,1,9.90,1.32,true,1,
7290016304640,false,לחמניות 100% קמח כוסמין 6*60 ג',מאפיית דוידוביץ,IL,6 לחמניות כוסמין,גרמים,360.00,100 גרם,false,1,9.80,2.72,true,1,
7290016319187,false,טוסו עוגיות סנדוויץ שוקו במילוי קרם שוקולד *זוג* 300 גרם,בטר אנד דיפרנט,IL,עוגיות סנדוויץ,גרמים,300.00,100 גרם,false,1,14.90,4.97,true,1,
<<<<<<< HEAD
7290016319194,false,טוסו עוגיות סנדוויץ שוקו במילוי קרם וניל *זוג* 300 גרם,אפיפית,IL,עוגיות סנדוויץ,גרמים,300.00,100 גרם,false,1,14.90,4.97,true,1,
=======
7290016319194,false,טוסו עוגיות סנדוויץ שוקו במילוי קרם וניל *זוג* 300 גרם,דנשר (1963) בעמ,IL,עוגיות סנדוויץ,גרמים,300.00,100 גרם,false,1,14.90,4.97,true,1,
>>>>>>> d048ac2f4f281c9d788043ab4e81b61b0dbe3743
7290016320343,false,"דאק נוזל ג'ל לניקוי מתקדם בניחות לבנדר זוג * 750 מ""ל",אס. סי. ג'\ונסון מידרכט,NL,דאק לאסלה זוג,ליטרים,1.50,ליטר,false,1,16.90,11.27,true,1,
7290016329278,false,קמיל בלו מגבונים מילוי 64 יח רביעייה,"פישר תעשיות פרמצביטות בע""מ",IL,מגבונים קמיל בלו,יחידה,1.00,יחידה,false,1,14.90,14.90,true,1,
7290016361179,false,קרם ידיים שמן ארגן מרוקא,,IL,קרם ידיים שמן,יחידה,1.00,יחידה,false,1,7.90,7.90,true,1,
7290016370331,false,פלפל קלוי על האש 560 גר' בני דרום,KOSAT,IL,פלפל קלוי על האש,גרמים,540.00,100 גרם,false,1,9.90,1.83,true,1,
7290016370348,false,חציל קלוי על האש 530 גר' בני דרום,KOSAT,IL,חציל קלוי על האש,גרמים,530.00,100 גרם,false,1,9.90,1.87,true,1,
7290016370355,false,פרוסות מלפפונים במלח בני דרום 540 גרם,בני דרום,,פרוסות מלפפונים,יחידה,1.00,יחידה,false,0,3.90,3.90,true,1,
7290016372342,false,עגבניות חתוך קוביות גראנד איטליה מארז 400X3ג',תה ויסוצקי (ישראל) בעמ,IT,עגבניות חתוכ3.יח,קילוגרמים,1.20,"ק""ג",false,1,12.90,10.75,true,1,
7290016372458,false,חליטת לימונית ולואיזה הגן הקסום ויסוצקי 50 יחידות,תה ויסוצקי (ישראל) בעמ,IL,חליטת לימונית,גרמים,75.00,100 גרם,false,1,23.90,31.87,true,1,
7290016372489,false,ויסוצקי חליטת ג'ינג'ר ולימון סודות הצמחים 25 שקיקים,תה ויסוצקי (ישראל) בעמ,IL,חליטת ג'ינג'ר,גרמים,37.00,100 גרם,false,1,12.90,34.86,true,1,
7290016372496,false,חליטת פירות וצמחים בטעם ג'ינג'ר ודבש -אפקט הג'ינג'ר,תה ויסוצקי (ישראל) בעמ,IL,חליטת ג'ינג'ר,גרמים,30.00,100 גרם,false,1,12.90,43.00,true,1,
7290016373479,false,"צלחות רויאל 9 צבע לבן 1 ק""ג טעמן",פוליקאפ פלסטיק,TR,"צלחות ח""פ 66יח",יחידה,1.00,יחידה,false,1,26.90,26.90,true,1,
<<<<<<< HEAD
7290016373639,false,פסים חמוצים בטעם תפוח טעמן 275 גרם,אלוון גידה סאן,TR,פסים חמוצים180גר,גרמים,180.00,100 גרם,false,1,7.90,4.39,true,1,
7290016373646,false,פסים חמוצים פטל 275 גרם,אלוון גידה סאן,TR,פסים חמוצים,גרמים,180.00,100 גרם,false,1,7.90,4.39,true,1,
7290016373653,false,מקלות חמוצים בטעם תות 180 ג',אלוון גידה סאן,TR,פסים חמוצים,גרמים,180.00,100 גרם,false,1,7.90,4.39,true,1,
7290016373707,false,מקלות חמוצים בטעם אפרסק 20גרם טעמן,אלבן מזון תעשיות ומס,IL,מקלות חמוצים אפר,גרמים,20.00,100 גרם,false,1,1.50,7.50,true,1,
7290016373721,false,מקלות חמוצים תות וניל 275 גרם,אלוון גידה סאן,TR,פסים חמוצים,גרמים,180.00,100 גרם,false,1,7.90,4.39,true,1,
7290016373738,false,מקלות חמוצים תותי פרוטי 180 גרם,אלוון גידה סאן,TR,פסים חמוצים180גר,גרמים,180.00,100 גרם,false,1,7.90,4.39,true,1,
7290016373745,false,טופי 3 שכבות בטעם פירות (טריבל,פסין.אס.איי.,BR,טופי שכבות,גרמים,500.00,100 גרם,false,1,19.90,3.98,true,1,
7290016373752,false,טופי 3 שכבות בטעם תות 500גרם,פסין.אס.איי.,BR,טופי שכבות,גרמים,500.00,100 גרם,false,1,19.90,3.98,true,1,
7290016373769,false,טופי שני צבעים בטעם פירות,פסין.אס.איי.,BR,טופי שני צבעים,גרמים,500.00,100 גרם,false,1,19.90,3.98,true,1,
7290016373776,false,טופי ממולא בטעם פירות טרופיים 500 גרם,פסין.אס.איי.,BR,טופי ממולא,גרמים,500.00,100 גרם,false,1,16.90,3.38,true,1,
7290016373783,false,טופי אטומיק ממולא בטעם פירות חמוצים 500 גרם,פסין.אס.איי.,BR,טופי ממולא,גרמים,500.00,100 גרם,false,1,16.90,3.38,true,1,
7290016373790,false,גוגלס טופי ממולא תות 500 גרם,פסין.אס.איי.,BR,טופי ממולא,גרמים,500.00,100 גרם,false,1,16.90,3.38,true,1,
7290016373806,false,לקקנים ממולאים טופי בטעם פירות 500 גרם,פסין.אס.איי.,BR,לקקנים,גרמים,504.00,100 גרם,false,1,16.90,3.35,true,1,
=======
7290016373639,false,פסים חמוצים בטעם תפוח טעמן 275 גרם,טעמן שיווק מזון בעמ,TR,פסים חמוצים180גר,גרמים,180.00,100 גרם,false,1,7.90,4.39,true,1,
7290016373646,false,פסים חמוצים פטל 275 גרם,אלוון גידה סאן,TR,פסים חמוצים,גרמים,180.00,100 גרם,false,1,7.90,4.39,true,1,
7290016373653,false,מקלות חמוצים בטעם תות 180 ג',טעמן שיווק מזון בעמ,TR,פסים חמוצים,גרמים,180.00,100 גרם,false,1,7.90,4.39,true,1,
7290016373707,false,מקלות חמוצים בטעם אפרסק 20גרם טעמן,אלבן מזון תעשיות ומס,IL,מקלות חמוצים אפר,גרמים,20.00,100 גרם,false,1,1.50,7.50,true,1,
7290016373721,false,מקלות חמוצים תות וניל 275 גרם,טעמן שיווק מזון בעמ,TR,פסים חמוצים,גרמים,180.00,100 גרם,false,1,7.90,4.39,true,1,
7290016373738,false,מקלות חמוצים תותי פרוטי 180 גרם,טעמן שיווק מזון בעמ,TR,פסים חמוצים180גר,גרמים,180.00,100 גרם,false,1,7.90,4.39,true,1,
7290016373745,false,טופי 3 שכבות בטעם פירות (טריבל,טעמן שווק מזון בעמ,BR,טופי שכבות,גרמים,500.00,100 גרם,false,1,19.90,3.98,true,1,
7290016373752,false,טופי 3 שכבות בטעם תות 500גרם,טעמן שווק מזון בעמ,BR,טופי שכבות,גרמים,500.00,100 גרם,false,1,19.90,3.98,true,1,
7290016373769,false,טופי3 שכבות 2צבעים 500ג טריבלה,טעמן שווק מזון בעמ,BR,טופי שני צבעים,גרמים,500.00,100 גרם,false,1,19.90,3.98,true,1,
7290016373776,false,טופי ממולא בטעם פירות טרופיים 500 גרם,פסין.אס.איי.,BR,טופי ממולא,גרמים,500.00,100 גרם,false,1,16.90,3.38,true,1,
7290016373783,false,טופי אטומיק ממולא בטעם פירות חמוצים 500 גרם,טעמן שווק מזון בעמ,BR,טופי ממולא,גרמים,500.00,100 גרם,false,1,16.90,3.38,true,1,
7290016373790,false,גוגלס טופי ממולא תות 500 גרם,טעמן שווק מזון בעמ,BR,טופי ממולא,גרמים,500.00,100 גרם,false,1,16.90,3.38,true,1,
7290016373806,false,לקקנים ממולאים טופי בטעם פירות 500 גרם,טעמן שיווק מזון בעמ,BR,לקקנים,גרמים,504.00,100 גרם,false,1,16.90,3.35,true,1,
>>>>>>> d048ac2f4f281c9d788043ab4e81b61b0dbe3743
7290016373820,false,גוגלס לקקן צובע פה 500 גרם,פסין.אס.איי.,BR,לקקנים,גרמים,500.00,100 גרם,false,1,16.90,3.38,true,1,
7290016387353,false,מטליות 9 יח' פרימיום שמאי,,IL,מטליות פרימיום 9,יחידה,1.00,יחידה,false,1,6.90,6.90,true,1,
7290016408119,false,טרליני כעכים בטעם קלאסי 225 גר' - בדץ,כרמית תעשיות ממתקים בעמ,IL,כעכים בטעם קלאסי,גרמים,225.00,100 גרם,false,1,5.90,2.62,true,1,
7290016408133,false,טרליני כעכים בטעם בצל וזיתים 225 גר' - בדץ,כרמית תעשיות ממתקים בעמ,IL,כעכים בטעם בצל,גרמים,225.00,100 גרם,false,1,5.90,2.62,true,1,
7290016408140,false,טריליני כעכים רוטב פיצה כרמית 225 גרם,כרמית תעשיות ממתקים בעמ,IL,כעכים בטעם פיצה,גרמים,225.00,100 גרם,false,1,5.90,2.62,true,1,
7290016408157,false,טריליני כעכים קמח מלא כרמית 225 גרם,כרמית תעשיות ממתקים בעמ,IL,כעכים קמח מלא,גרמים,225.00,100 גרם,false,1,5.90,2.62,true,1,
7290016408164,false,טרליני כעכים בטעם שום וצי'לי פיקנטי 225 גר' - בדץ,כרמית תעשיות ממתקים בעמ,IL,כעכים בטעם שום,גרמים,225.00,100 גרם,false,1,5.90,2.62,true,1,
7290016408294,false,"מרשמלו ורוד לבן וסטהיים 150 ג', 26 בקרטון",כרמית תעשיות ממתקים בעמ,IL,מרשמלו ורוד לבן,גרמים,150.00,100 גרם,false,1,4.90,3.27,true,1,
7290016408416,false,חטיף קרקר עם צ'ילי פיקנטי 130 גר,כרמית תעשיות ממתקים בעמ,LT,קרקר צ'ילי פיקנט,יחידה,1.00,יחידה,false,1,5.90,5.90,true,1,
7290016408423,false,חטיף קרקר עם זיתים שחורים ושום 130 גר,כרמית תעשיות ממתקים בעמ,LT,קרקר זיתים ושום,יחידה,1.00,יחידה,false,1,5.90,5.90,true,1,
7290016408430,false,קרקר עם תערובת תבלינים כרמית 130 גרם,כרמית תעשיות ממתקים בעמ,LT,קרקר עם תבלינים,יחידה,1.00,יחידה,false,1,5.90,5.90,true,1,
7290016408447,false,קרקר עגבניות ובזיליקום כרמית 130 גרם,כרמית תעשיות ממתקים בעמ,LT,קרקר עגבניות ובז,יחידה,1.00,יחידה,false,1,5.90,5.90,true,1,
7290016408720,false,אגו מיקס בייגלה מצופה שוקולד לבן 55גר* 24 בקר',כרמית תעשיות ממתקים בעמ,IL,מיקס בייגלה,גרמים,55.00,100 גרם,false,1,3.90,7.09,true,1,
7290016408744,false,מרשמלו טוויסטר כרמית 150 גרם,כרמית תעשיות ממתקים בעמ,IL,מרשמלו טוויסטר,גרמים,150.00,100 גרם,false,1,4.90,3.27,true,1,
7290016408980,false,"מטבעות שוקולד חלב 36 ג' כשל""פ בד""ץ!",כרמית תעשיות ממתקים בעמ,IL,מטבעות שוקולד36ג,גרמים,36.00,100 גרם,false,1,3.90,10.83,true,1,
7290016411164,false,פרחי כרובית מוקפאים 600ג,י.ש. ירקות עליים,IL,כרובית צפראי 600,גרמים,600.00,100 גרם,false,1,22.90,3.82,true,1,
7290016411188,false,פרחי ברוקלי מוקפאים 600ג,י.ש. ירקות עליים,IL,ברוקולי 600 גרם,גרמים,600.00,100 גרם,false,1,25.90,4.32,true,1,
7290016420005,false,דלישס טראפלס מאר,,,דלישס טראפלס מאר,יחידה,1.00,יחידה,false,0,26.00,26.00,true,1,
7290016420029,false,ויניס קראנצ' מאר,,,ויניס קראנצ' מאר,יחידה,1.00,יחידה,false,0,26.00,26.00,true,1,
7290016420043,false,קפוצ'ינו טראפלס,,,קפוצ'ינו טראפלס,יחידה,1.00,יחידה,false,0,26.00,26.00,true,1,
7290016420050,false,תות טראפלס מארז,,,תות טראפלס מארז,יחידה,1.00,יחידה,false,0,26.00,26.00,true,1,
7290016420890,false,פרלינים מארז זהב 5 יח' .,,IL,פרלינים מארז זהב,יחידה,1.00,יחידה,false,1,29.00,29.00,true,1,
7290016420913,false,פרלינים מארז זהב 9 יח' .,,IL,פרלינים מארז זהב,יחידה,1.00,יחידה,false,1,47.00,47.00,true,1,
7290016420951,false,פרלינים מארז זהב,,,פרלינים מארז זהב,יחידה,1.00,יחידה,false,0,25.00,25.00,true,1,
7290016420968,false,פרלינים מארז זהב,,,פרלינים מארז זהב,יחידה,1.00,יחידה,false,0,32.00,32.00,true,1,
7290016420982,false,ויניס קראנצ' מארז זהב5יח,,IL,ויניס קראנצ' זהב,יחידה,1.00,יחידה,false,1,34.00,34.00,true,1,
7290016437508,false,מולט נייר טואלט 24 גלילים כפולים=48 גליל,קימברלי קלארק ישראל שיווק בעמ,IL,נייר טואלט מולט,מטרים,860.00,100 מטר,false,1,33.90,3.94,true,1,
7290016437607,false,קוטקס - תחתונים סופגים לנשים לאחר לידה לארג' 8 יח',קימברלי קלארק ישראל שיווק בעמ,KR,תחתונים סופגים,יחידה,1.00,יחידה,false,0,29.90,29.90,true,1,
7290016439601,false,ממרח תמרים 450 גר צור עין יהב,"משק צור עין יהב בע""מ",IL,ממרח תמרים 450גר,גרמים,450.00,100 גרם,false,1,5.90,1.31,true,1,
7290016509342,false,סוד מארז טריו כדוריות לאסלה כחול אקטיבי אקונומיקה,גורי שיווק בעמ,HU,סבון אסלה 3 יח,גרמים,150.00,100 גרם,false,1,12.90,8.60,true,1,
7290016509816,false,ג'ל לכביסה צבעונית אריזת XL,גורי שיווק בעמ,IL,ג'ל פרסיל קולור,ליטרים,4.00,ליטר,false,1,29.90,7.48,true,1,
7290016509830,false,ג'ל כביסה לבגדי תינוקות ובעלי עור רגיש Sensitive,גורי שיווק בעמ,IL,ג'ל כביסה בייבי,ליטרים,2.50,ליטר,false,1,34.50,13.80,true,1,
7290016509847,false,פרסיל ג'ל לכביסה כהה בלאק 2.5 ליטר,גורי שיווק בעמ,IL,פרסיל ג'ל בלאק,ליטרים,2.50,ליטר,false,1,34.50,13.80,true,1,
7290016513981,false,"קרפלך תפו""א איי פוד 600 גרם",אימפריאל רזרב פוד,IL,"קרפלך תפו""א",גרמים,600.00,100 גרם,false,1,14.90,2.48,true,1,
7290016517088,false,שקדי מרק שדות 400 ג',אחים אגא (א.מ.) שיווק,IL,שקדי מרק,גרמים,400.00,100 גרם,false,1,7.90,1.98,true,1,
7290016517286,false,ספגטי חיטה מלאה 500ג שדות,אחים אגא (א.מ.) שיווק,IL,ספגטי חיטה מלאה,יחידה,1.00,יחידה,false,1,3.90,3.90,true,1,
7290016517293,false,פסטה מסולוסלת חיטה מלאה 500ג שדות,אחים אגא (א.מ.) שיווק,IL,פסטה חיטה מלאה,יחידה,1.00,יחידה,false,1,3.90,3.90,true,1,
7290016517385,false,קוסקוס חיטה מלאה בינוני,,IL,קוסקוס מלא בינונ,גרמים,350.00,100 גרם,false,1,4.50,1.29,true,1,
7290016517408,false,"קמח חיטה 1 ק""ג 80% שדות",אחים אגא (א.מ.) שיווק,,קמח חיטה 80%,יחידה,1.00,יחידה,false,0,5.90,5.90,true,1,
7290016517415,false,"קמח חיטה 1 ק""ג 100% שדות",אחים אגא (א.מ.) שיווק,,קמח חיטה 100%,יחידה,1.00,יחידה,false,0,5.90,5.90,true,1,
7290016517422,false,"קמח כוסמין 1 ק""ג 80% שדות",אחים אגא (א.מ.) שיווק,IL,קמח כוסמין 80%,גרמים,1000.00,100 גרם,false,1,11.90,1.19,true,1,
7290016517446,false,קמח כוסמין לבן מנופה שדו,אחים אגא (א.מ.) שיווק,IL,קמח כוסמין לבן מ,גרמים,1000.00,100 גרם,false,1,11.90,1.19,true,1,
7290016517453,false,"קמח לבן מנופה שדות 1ק""ג",אחים אגא (א.מ.) שיווק,,קמח לבן מנופה1קי,יחידה,1.00,יחידה,false,0,5.90,5.90,true,1,
7290016517484,false,פטריות שלשות 290ג*3 שדות,אחים אגא (א.מ.) שיווק,,פטריות חתיכות של,יחידה,1.00,יחידה,false,0,12.90,12.90,true,1,
7290016517538,false,תירס גמדי 410ג שדות,אחים אגא (א.מ.) שיווק,IL,תירס גמדי 410 גר,יחידה,1.00,יחידה,false,1,6.90,6.90,true,1,
7290016517583,false,פסטה פנה חיטה מלאה .,אחים אגא (א.מ.) שיווק,IL,פסטה פנה,גרמים,500.00,100 גרם,false,1,3.90,0.78,true,1,
7290016517613,false,טונה בשמן 140 גרם,,IL,טונה בשמן 140גרם,גרמים,140.00,100 גרם,false,1,4.90,3.50,true,1,
7290016517620,false,טונה במים 140 גרם,,,טונה במים 140גרם,יחידה,1.00,יחידה,false,0,4.90,4.90,true,1,
7290016517637,false,טונה רביעיה בשמן שדות,,,טונה רביעיה בשמן,יחידה,1.00,יחידה,false,0,18.90,18.90,true,1,
7290016517644,false,טונה רביעיה במים שדות,,IL,טונה רביעיה במים,גרמים,560.00,100 גרם,false,1,18.90,3.38,true,1,
7290016517712,false,עגבניות חתוכות דק 400גר *3שדות,אחים אגא (א.מ.) שיווק,,עגבניות חתוכות ד,יחידה,1.00,יחידה,false,0,12.90,12.90,true,1,
7290016517736,false,עגבניות מרוסקות אחים אגא,,IL,עגבניות מרוסקות,גרמים,400.00,100 גרם,false,1,4.50,1.13,true,1,
7290016517743,false,עגבניות מרוסקות 400גר *3שדות,אחים אגא (א.מ.) שיווק,,עגבניות מרוסקות,יחידה,1.00,יחידה,false,0,12.90,12.90,true,1,
7290016601527,false,"מבשם כביסה ולבית ורוד 500מ""ל פלירוסול",סאסאטק אגשח בעמ,IL,מבשם כביסה ולבית,מיליליטרים,500.00,"100 מ""ל",false,1,29.90,5.98,true,1,
7290016606164,false,פריגורט תות אורגני 500 ג,חוות גבעות עולם,IL,פריגורט תות,גרמים,500.00,100 גרם,false,1,11.90,2.38,true,1,
7290016606171,false,פריגורט עיזים פ.יער 500ג,חוות גבעות עולם,IL,פריגורט עיזים,גרמים,500.00,100 גרם,false,1,11.90,2.38,true,1,
7290016606188,false,פריגורט עיזים פסיפלור500,חוות גבעות עולם,IL,פריגורט עיזים,גרמים,500.00,100 גרם,false,1,11.90,2.38,true,1,
7290016606522,false,יוגורט טבעי חלב עיזים850,לולי חוות גבעות עולם,IL,יוגורט חלב עיזים,גרמים,850.00,100 גרם,false,1,19.90,2.34,true,1,
7290016624342,false,בוטיק דלי+ידית יח,WWP,IL,בוטיק דלי+ידית,יחידה,1.00,יחידה,false,1,16.90,16.90,true,1,
7290016624496,false,קערה פרח יח,,IL,קערה פרח,יחידה,1.00,יחידה,false,1,7.90,7.90,true,1,
<<<<<<< HEAD
7290016682083,false,"פריניב נקטר תות בננה 400 מ""ל",פרי ניב,IL,שייק תות בננה,מיליליטרים,400.00,"100 מ""ל",false,1,6.90,1.73,true,1,
7290016682182,false,פריניב שייק תמר בננה מופחת סוכר 1 ליטר,פריניב בעמ,IL,שייק תמר בננה,מיליליטרים,1000.00,"100 מ""ל",false,1,12.90,1.29,true,1,
=======
7290016682083,false,"פריניב נקטר תות בננה 400 מ""ל",תנובה - פריניב,IL,שייק תות בננה,מיליליטרים,400.00,"100 מ""ל",false,1,6.90,1.73,true,1,
7290016682182,false,פריניב שייק תמר בננה מופחת סוכר 1 ליטר,תנובה - פריניב,IL,שייק תמר בננה,מיליליטרים,1000.00,"100 מ""ל",false,1,12.90,1.29,true,1,
>>>>>>> d048ac2f4f281c9d788043ab4e81b61b0dbe3743
7290016682199,false,פריניב שייק תות בננה מופחת סוכר 1 ליטר,הנסיך- מפעל לייצור ט,IL,שייק תות בננה,מיליליטרים,1000.00,"100 מ""ל",false,1,12.90,1.29,true,1,
7290016682328,false,מיץ תפוזים 100% עשוי מרכז 2 ל' פריניב,תנובה - פריניב,IL,מיץ תפוזים טבעי,ליטרים,2.00,ליטר,false,1,17.90,8.95,true,1,
7290016711158,false,ממרח קרם עוגיות ' מעולה ' 400 גרם,,IL,ממרח קרם עוגיות,גרמים,500.00,100 גרם,false,1,12.90,2.58,true,1,
7290016711240,false,רוטב טריאקי 500 גר מעולה,,IL,רוטב טריאקי 560,יחידה,1.00,יחידה,false,1,10.90,10.90,true,1,
7290016711479,false,מנגו 425 גר מעולה בדץ עח,,IL,"מנגו בד""צ",יחידה,1.00,יחידה,false,1,6.90,6.90,true,1,
7290016711509,false,טופי חגיגה 600 גר מעולה,,IL,טופי חגיגה מעולה,גרמים,800.00,100 גרם,false,1,11.90,1.49,true,1,
7290016711776,false,מארז וופל מצופה שוקולד 40 יח' מעולה,,IL,וופלים שוקולד מא,יחידה,1.00,יחידה,false,1,15.90,15.90,true,1,
7290016711783,false,מארז וופל אגוזים 40 יח' מעולה,,IL,.מארז וופל מצופה,יחידה,1.00,יחידה,false,1,15.90,15.90,true,1,
7290016711844,false,רוטב ויניגרט 500 גר מעולה,,IL,רוטב ויניגרט 500,גרמים,500.00,100 גרם,false,1,10.90,2.18,true,1,
7290016711851,false,רוטב אלף האיים 500 גר מעולה,,IL,רוטב אלף האיים,גרמים,500.00,100 גרם,false,1,10.90,2.18,true,1,
7290016711868,false,רוטב צילי מתוק 590 גר מעולה,,IL,רוטב צילי מתוק,גרמים,590.00,100 גרם,false,1,10.90,1.85,true,1,
7290016711875,false,רוטב ברביקיו 500 גר מעולה,,IL,רוטב ברביקיו 560,גרמים,560.00,100 גרם,false,1,10.90,1.95,true,1,
7290016711882,false,"רוטב סויה 550 גר' ""מעולה",,IL,רוטב סויה 550 גר,גרמים,550.00,100 גרם,false,1,10.90,1.98,true,1,
7290016711974,false,קורנפלקס מעולה 500 גרם,,IL,קורנפלקס מעולה,גרמים,500.00,100 גרם,false,1,10.90,2.18,true,1,
7290016711981,false,קורנפלקס שוקולד 500 גר מעולה,,IL,קורנפלקס שוקולד,גרמים,500.00,100 גרם,false,1,11.90,2.38,true,1,
7290016717044,false,"יין מוסקטו סלקטד באז כרמל 750 מ""ל",אגודת הכורמים -כרמל מזרחי,IL,"באזז מנגו 750מ""ל",מיליליטרים,750.00,"100 מ""ל",false,1,23.90,3.19,true,1,
7290016717051,false,משקה Buzz מוגז בטעם רימון מבוסס יין אדום מתוק,אגודת הכורמים -כרמל מזרחי,IL,רימון באזז,מיליליטרים,750.00,"100 מ""ל",false,1,23.90,3.19,true,1,
7290016717099,false,"יין כרמל סלקטד אדום חצי יבש, 750 מ""ל",אגודת הכורמים בעמ,IL,אדום חצי יבש,מיליליטרים,750.00,"100 מ""ל",false,1,28.90,3.85,true,1,
7290016717235,false,יין קונקורד אדום ממותק קינג דיוויד - בקבוק אישי,יקבי כרמל Carmel Winery,IL,יין קונקורד,מיליליטרים,187.00,"100 מ""ל",false,1,7.90,4.22,true,1,
7290016717617,false,תירוש כרמל אדום 1.2 ליטר,יקבי כרמל,IL,מיץ ענבים תירוש,ליטרים,1.20,ליטר,false,1,18.90,15.75,true,1,
7290016717631,false,יין מוסקטו בעל חוזק אלכוהול נמוך פרייבט קולקשן,אגודת הכורמים הקואופרטיב,IL,מוסקטו P.C,מיליליטרים,750.00,"100 מ""ל",false,1,37.50,5.00,true,1,
7290016717976,false,יין ספארקלינג בטעם אפרסק 750 מל BUZZ,אגודת הכורמים -כרמל מזרחי,IL,ספארקלינג אפרסק,מיליליטרים,750.00,"100 מ""ל",false,1,23.90,3.19,true,1,
7290016749236,false,סוכריות ג'לי בטעמי פירות מעולה 600 גר,,,סוכריות גלי בטעמ,יחידה,1.00,יחידה,false,0,13.90,13.90,true,1,
7290016749519,false,חמאת בוטנים טבעי 510 גר מעולה,,IL,חמאת בוטנים טבעי,גרמים,510.00,100 גרם,false,1,9.90,1.94,true,1,
7290016749663,false,טופי ממולא פירות מעולה 600 ג,,IL,טופי ממולא פירות,גרמים,600.00,100 גרם,false,1,13.90,2.32,true,1,
7290016749953,false,תה חליטת יער 25 שקיקים מעולה,,IL,תה פירות יער,יחידה,1.00,יחידה,false,1,9.90,9.90,true,1,
7290016749960,false,תה חליטת לימונית לואיזה 25 שקיקים מעולה,,,תה חליטת לימונית,יחידה,1.00,יחידה,false,0,9.90,9.90,true,1,
7290016749977,false,תה ירוק סיני 25 שקיקים מעולה,,IL,תה ירוק סיני,יחידה,1.00,יחידה,false,1,12.50,12.50,true,1,
7290016749984,false,תה חליטת קמומיל 25 שקיקים מעולה,,,תה חליטת פרחי קמ,יחידה,1.00,יחידה,false,0,9.90,9.90,true,1,
7290016749991,false,תה נענע 25 שקיקים מעולה,,IL,תה נענע,יחידה,1.00,יחידה,false,1,9.90,9.90,true,1,
7290016789027,false,עוגת שוקולד בונס,,,עוגת שוקולד בונס,יחידה,1.00,יחידה,false,0,24.90,24.90,true,1,
7290016789072,false,עוגיות אלפחורס חלבי,,IL,עוגיות אלפחורס ח,גרמים,380.00,100 גרם,false,1,34.90,9.18,true,1,
7290016789119,false,עוגת פילו שוקולד,,,עוגת פילו שוקולד,יחידה,1.00,יחידה,false,0,24.90,24.90,true,1,
7290016789126,false,עוגת קוקוש 750 גרם,.,IL,עוגת קוקוש,גרמים,750.00,100 גרם,false,1,26.90,3.59,true,1,
7290016789195,false,רוגלך וניל,,,רוגלך וניל,יחידה,1.00,יחידה,false,0,24.90,24.90,true,1,
7290016789201,false,רוגלך שוקולד 500 גרם,.,IL,רוגלך שוקולד,גרמים,500.00,100 גרם,false,1,24.90,4.98,true,1,
7290016789218,false,רוגלך קינמון,,,רוגלך קינמון,יחידה,1.00,יחידה,false,0,24.90,24.90,true,1,
7290016789232,false,רוגלך שוקולד 500 גרם,.,IL,רוגלך שוקולד,גרמים,500.00,100 גרם,false,1,28.90,5.78,true,1,
7290016789256,false,רוגלך עלים,,,רוגלך עלים,יחידה,1.00,יחידה,false,0,24.90,24.90,true,1,
7290016789355,false,כדורי שוקולד קוקוש,,IL,כדורי שוקולד,יחידה,1.00,יחידה,false,1,24.90,24.90,true,1,
7290016806045,false,רביעיית טונה בשמן סויה אריזות,,IL,טונה רביעיה בשמן,יחידה,1.00,יחידה,false,1,18.90,18.90,true,1,
7290016806052,false,טונה בשמן 140 גר',,,טונה בשמן,יחידה,1.00,יחידה,false,0,4.90,4.90,true,1,
7290016806168,false,תירס בוואקום 340 גרם,EKO,HU,תירס בוואקום340ג,גרמים,340.00,100 גרם,false,1,4.90,1.44,true,1,
7290016806175,false,"קרם קוקוס מופחת שומן ""רו",,IL,קרם קוקוס מופחת,מיליליטרים,400.00,"100 מ""ל",false,1,5.90,1.48,true,1,
7290016806182,false,"קרם קוקוס ""רויאמיל""",,IL,קרם קוקוס,מיליליטרים,400.00,"100 מ""ל",false,1,6.90,1.73,true,1,
7290016806205,false,קורנפלקס 750 גרם,CERERA,LE,קורנפלקס 750 גרם,גרמים,750.00,100 גרם,false,1,13.90,1.85,true,1,
7290016806243,false,טונה 1 קג אריזות ירושלים,,IL,טונה 1 קג,קילוגרמים,0.00,"ק""ג",false,1,34.90,34.90,true,1,
7290016806489,false,רביעיית ממרח טונה,,IL,רביעיית ממרח טונ,יחידה,1.00,יחידה,false,1,22.90,22.90,true,1,
7290016806496,false,מלפפונים במלח בצנצנת,,IL,מלפפונים במלח בצ,גרמים,680.00,100 גרם,false,1,6.90,1.01,true,1,
7290016806656,false,סמוזי מחית תפוח עץ 100 גר',אגרופוהניקס,GR,מחית תפוח עץ,גרמים,400.00,100 גרם,false,1,12.90,3.23,true,1,
7290016806687,false,מחית תפוח אפרסק שזיף,אגרופוהניקס,GR,מחית תפוח אפרסק,גרמים,400.00,100 גרם,false,1,12.90,3.23,true,1,
7290016806694,false,סמוזי מחית תפוח ובננה 100 גר',אגרופוהניקס,GR,מחית תפוח תפוח,גרמים,400.00,100 גרם,false,1,12.90,3.23,true,1,
7290016866667,false,"פרודונטקס - משחת שיניים ללא פלאוריד 75 מ""ל",פרודונטקס Parodontax,SK,משחה פרודונטקס,מיליליטרים,75.00,"100 מ""ל",false,1,19.90,26.53,true,1,
<<<<<<< HEAD
7290016867008,false,"לחם כוסמין מחמצת ד""ר מרק",המאפה של דר' מארק,IL,לחם מחמצת,גרמים,750.00,100 גרם,false,1,16.90,2.25,true,1,
7290016867046,false,"מארז פיתות קלות כוסמין במתיקות מעודנת 6 יחידות ד""ר מרק",המאפה של דר מרק בריא,IL,פיתות קלות 6 יח,גרמים,303.00,100 גרם,false,1,14.90,4.92,true,1,
7290016867053,false,לחם קל כוסמין בתוספת מחמצת 450 גרם,המאפה של דר מרק בריא,IL,לחם קל כוסמין,גרמים,450.00,100 גרם,false,1,18.90,4.20,true,1,
7290016867114,false,לחם כוסמין קל מלא 500 גר',המאפה של דר מרק בריא,IL,לחם קל מכוסמין,גרמים,500.00,100 גרם,false,1,17.90,3.58,true,1,
7290016867138,false,"מארז לחמניות קלות כוסמין 5 יחידות ד""ר מרק",המאפה של דר' מארק,IL,5 לחמניות כוסמין,גרמים,330.00,100 גרם,false,1,11.90,3.61,true,1,
7290016867145,false,"מארז פיתות קלות קמח מלא 6 יחידות ד""ר מרק",המאפה של דר' מארק,IL,6 פיתות קלות,גרמים,408.00,100 גרם,false,1,13.90,3.41,true,1,
7290016867152,false,"מארז פיתות קלות כוסמין 5 יחידות ד""ר מרק",המאפה של דר מרק בריא,IL,פיתות קלות,גרמים,330.00,100 גרם,false,1,13.90,4.21,true,1,
7290016867176,false,"מארז לחמניות קלות כוסמין שומשום במתיקות מעודמת 5 יחידות ד""ר מרק",המאפה של דר מרק,IL,לחמניות קלות,גרמים,351.00,100 גרם,false,1,13.90,3.96,true,1,
7290016867244,false,שישיה לחמניות כוסמין בתוספת מחמצת 99 קלוריות,המאפה של דר מרק בריא,IL,לחמניות מחמצת6יח,גרמים,400.00,100 גרם,false,1,14.90,3.73,true,1,
=======
7290016867008,false,"לחם כוסמין מחמצת ד""ר מרק",המאפה של דר מרק בריאות באפייה,IL,לחם מחמצת,גרמים,750.00,100 גרם,false,1,16.90,2.25,true,1,
7290016867046,false,"מארז פיתות קלות כוסמין במתיקות מעודנת 6 יחידות ד""ר מרק",המאפה של דר מרק בריאות באפייה,IL,פיתות קלות 6 יח,גרמים,303.00,100 גרם,false,1,14.90,4.92,true,1,
7290016867053,false,לחם קל כוסמין בתוספת מחמצת 450 גרם,המאפה של דר מרק בריאות באפייה,IL,לחם קל כוסמין,גרמים,450.00,100 גרם,false,1,18.90,4.20,true,1,
7290016867114,false,לחם קל מכוסמין מלא 500 גר`דר מרק,המאפה של דר מרק בריאות באפייה,IL,לחם קל מכוסמין,גרמים,500.00,100 גרם,false,1,17.90,3.58,true,1,
7290016867138,false,"מארז לחמניות קלות כוסמין 5 יחידות ד""ר מרק",המאפה של דר מרק בריאות באפייה,IL,5 לחמניות כוסמין,גרמים,330.00,100 גרם,false,1,11.90,3.61,true,1,
7290016867145,false,"מארז פיתות קלות קמח מלא 6 יחידות ד""ר מרק",המאפה של דר מרק בריאות באפייה,IL,6 פיתות קלות,גרמים,408.00,100 גרם,false,1,13.90,3.41,true,1,
7290016867152,false,"מארז פיתות קלות כוסמין 5 יחידות ד""ר מרק",המאפה של דר מרק בריאות באפייה,IL,פיתות קלות,גרמים,330.00,100 גרם,false,1,13.90,4.21,true,1,
7290016867176,false,"מארז לחמניות קלות כוסמין שומשום במתיקות מעודמת 5 יחידות ד""ר מרק",המאפה של דר מרק בריאות באפייה,IL,לחמניות קלות,גרמים,351.00,100 גרם,false,1,13.90,3.96,true,1,
7290016867244,false,שישיה לחמניות כוסמין בתוספת מחמצת 99 קלוריות,המאפה של דר מרק בריאות באפייה,IL,לחמניות מחמצת6יח,גרמים,400.00,100 גרם,false,1,14.90,3.73,true,1,
>>>>>>> d048ac2f4f281c9d788043ab4e81b61b0dbe3743
7290016867251,false,לחם שיפון קל 450 גרם,,IL,לחם שיפון קל,גרמים,450.00,100 גרם,false,1,14.90,3.31,true,1,
7290016898002,false,סיר אלומיניום גדול 5.4 ליטר*2 יח' שמאי,,IL,סיר אלומיניום,יחידה,1.00,יחידה,false,1,8.90,8.90,true,1,
7290016898019,false,סיר אלומיניום בינוני ר.שמאי מארז 2יח',,IL,סיר אלומיניום,יחידה,1.00,יחידה,false,1,8.90,8.90,true,1,
7290016898026,false,סיר אלומיניום קטן 2.1 ליטר*2 יח' שמאי.,,IL,סיר אלומיניום,יחידה,1.00,יחידה,false,1,6.50,6.50,true,1,
7290016898033,false,מכסה לסיר אלומניום גדול ארוז זוג שמאי,,IL,מכסה לסיר גדול,יחידה,1.00,יחידה,false,1,4.90,4.90,true,1,
7290016898040,false,מכסה לסיר אלומיניום בינוני ר.שמאי מארז 2יח',,IL,מכסה לסיר בינוני,יחידה,1.00,יחידה,false,1,3.90,3.90,true,1,
7290016898057,false,"מכסה לסיר אלומיניום קטן ח""פ ר.שמאי מארז 2יח'",,IL,מכסה לסיר קטן,יחידה,1.00,יחידה,false,1,2.90,2.90,true,1,
7290016898088,false,מטליות לחות לניקוי רצפות שמאי 10 יח',,IL,מטליות לחות לניק,יחידה,1.00,יחידה,false,1,7.90,7.90,true,1,
7290016898200,false,נרות חנוכה צבעוניים 44 יח',,IL,נרות חנוכה צבעונ,יחידה,1.00,יחידה,false,1,2.50,2.50,true,1,
7290016898217,false,נרות חנוכה פרימיום 45 יחידות שמאי,,IL,נרות חנוכה פרימי,יחידה,1.00,יחידה,false,1,5.90,5.90,true,1,
7290016898279,false,סלטיות גדולות צבעוני =מגוון צבעים= =ר. שמאי= 10 יח' כשל''פ עד''ח,,IL,סלטיות גדולות,יחידה,1.00,יחידה,false,1,9.90,9.90,true,1,
7290016898286,false,סלטיות קשיח שקוף ר. שמאי 10 יח',,IL,סלטיות גדולות שק,יחידה,1.00,יחידה,false,1,10.90,10.90,true,1,
7290016898347,false,צלחות מרבל ענק לבן כסף אחת שתיים שמאי 10 יח',,IL,צלחת 10 מרבל .,יחידה,1.00,יחידה,false,1,20.90,20.90,true,1,
7290016898354,false,צלחות מרבל גדול לבן כסף אחת שתיים שמאי 10 יח',,IL,צלחת 9 מרבל,יחידה,1.00,יחידה,false,1,18.90,18.90,true,1,
7290016898361,false,צלחות מרבל קטן לבן/כסף שמאי 10 יח',,IL,צלחת 7 מרבל,יחידה,1.00,יחידה,false,1,13.90,13.90,true,1,
7290016898378,false,מרקיות מרבל לבן כסף 10יח',,IL,מרק מרבל ר.שמאי,יחידה,1.00,יחידה,false,1,14.90,14.90,true,1,
7290016898385,false,לפתניות מרבל לבן כסף אחת שתיים שמאי 10 יח',,,לפתן מרבל ר.שמאי,יחידה,1.00,יחידה,false,0,8.90,8.90,true,1,
7290016898392,false,קעריות אובלי מרבל לבן כסף אחת שתיים שמאי 10 יח',,,קסרול מרבל .,יחידה,1.00,יחידה,false,0,9.90,9.90,true,1,
7290016898422,false,מטאטא אדום שחור כרומה,,IL,מטאטא סינדרלה .,יחידה,1.00,יחידה,false,1,5.90,5.90,true,1,
7290016898484,false,דלי לשטיפה פיה גדול צבעוני,,IL,דלי פיה 12 ליטר,יחידה,1.00,יחידה,false,1,7.90,7.90,true,1,
7290016898521,false,מקל מתכת טיטניום 1.5 מטר ר.שמאי,מ.א,IL,מקל מתכת צבעוני,יחידה,1.00,יחידה,false,1,5.50,5.50,true,1,
7290016898552,false,"מגב פלסטיק 40 ס""מ ר. שמאי",,IL,"מגב פלסטיק 40ס""מ",יחידה,1.00,יחידה,false,1,4.90,4.90,true,1,
7290016898583,false,מפיות מוטבעות זהב 15 יח' ר. שמאי,,IL,מפיות מוטבעות,יחידה,1.00,יחידה,false,1,3.90,3.90,true,1,
7290016898620,false,שלישיית ספוגיות לטש מבריק הקסם שמאי,,IL,ספוגית לטש,יחידה,1.00,יחידה,false,1,7.90,7.90,true,1,
7290016898835,false,כפפות ניטריל כחולות 100 יח' XL שמאי,,IL,כפפות כחולות XL,יחידה,1.00,יחידה,false,1,13.90,13.90,true,1,
7290016898842,false,מפיות מנוקדות שמאי 80 יחידות,,IL,80 מפיות מנוקדות,יחידה,1.00,יחידה,false,1,4.90,4.90,true,1,
7290016898910,false,מקלות עץ 1.5 מטר ר.שמאי,,IL,מקל עץ איכותי .1,יחידה,1.00,יחידה,false,1,5.50,5.50,true,1,
7290016898927,false,מנג'ט לעוגות מס' 1.5 לבן 125 יח',,IL,מנג'ט לעוגות 1.5,יחידה,1.00,יחידה,false,1,3.90,3.90,true,1,
7290016898934,false,עטרות לעוגות מס' 2 לבן 125יח',,IL,מנג'ט לאפיה,יחידה,1.00,יחידה,false,1,3.90,3.90,true,1,
7290016898941,false,מנג'ט לאפיה מס' 3 לבן שמאי 125 יח',,IL,מנג' לבן,יחידה,1.00,יחידה,false,1,4.90,4.90,true,1,
7290016898958,false,עטרות לעוגות מס' 4 לבן 125יח',,IL,מנג'ט לבן,יחידה,1.00,יחידה,false,1,4.90,4.90,true,1,
7290016898965,false,מנג'ט לעוגות מס' 5 לבן 125 יח',,IL,מנג'ט לבן,יחידה,1.00,יחידה,false,1,5.90,5.90,true,1,
<<<<<<< HEAD
7290017023212,false,"שוויפס מוגז פירות תפוח מארז רביעייה* 330 מ""ל",יפאורה תבורי בעמ,IL,שוופס מוגז4פחיות,ליטרים,1.32,ליטר,false,1,10.90,8.26,true,1,
7290017023229,false,רביעיית פחיות שוופס מוגז פירות תות ליים 330 מל.,יפאורה תבורי בעמ,IL,שוופס מוגז4פחיות,ליטרים,1.32,ליטר,false,1,10.90,8.26,true,1,
7290017023236,false,רביעיית פחיות שוופס מוגז פירות ענבים 330 מל.,יפאורה תבורי בעמ,IL,שוופס מוגז4פחיות,ליטרים,1.32,ליטר,false,1,10.90,8.26,true,1,
7290017023663,false,"שוופס מיץ פירות לימונייד פחית מארז 330X4מ""ל",יפאורה תבורי,IL,שוופס 4 פחיות,ליטרים,1.32,ליטר,false,1,10.90,8.26,true,1,
7290017023809,false,"רביעיית ספרינג אגס סברס תפוח 250 מ""ל","יפאורה תבורי בע""\מ",IL,ספרינג משקה 4 יח,ליטרים,1.00,ליטר,false,1,10.90,10.90,true,1,
7290017023816,false,"ספרינג  פירות טרופיים 250 מ""ל רביעייה","יפאורה תבורי בע""\מ",IL,ספרינג משקה 4 יח,ליטרים,1.00,ליטר,false,1,10.90,10.90,true,1,
7290017023823,false,"רביעיית ספרינג תות בננה 250 מ""ל","יפאורה תבורי בע""\מ",IL,ספרינג משקה 4 יח,ליטרים,1.00,ליטר,false,1,10.90,10.90,true,1,
7290017023854,false,מי סודה בקבוקים אישיים - מארז 4 יח',יפאורה תבורי בעמ,IL,שוופס סודה 4 יח,ליטרים,1.00,ליטר,false,1,9.90,9.90,true,1,
7290017023861,false,סודה בטעם לימון בקבוקים אישיים - מארז 4 יח',יפאורה תבורי בעמ,IL,שוופס סודה 4 יח,ליטרים,1.00,ליטר,false,1,9.90,9.90,true,1,
7290017023878,false,סודה בטעם נענע ליים בקבוקים אישיים - מארז 4 יח',יפאורה תבורי בעמ,IL,שוופס סודה 4 יח,ליטרים,1.00,ליטר,false,1,9.90,9.90,true,1,
7290017023953,false,"ספרינג אגס תפוח סברס 250 מ""ל",יפאורה שותפות מובגלת לשי,IL,ספרינג אגס תפוח,מיליליטרים,250.00,"100 מ""ל",false,1,3.90,1.56,true,1,
7290017031705,false,"סנסודיין משחת שיניים קלין & פרש 75 מ""ל",גלקסוס סמית קליין,SK,משחת סנסודיין,מיליליטרים,75.00,"100 מ""ל",false,1,13.90,18.53,true,1,
7290017062662,false,מרכך מרוכז מרוכז כתום 1 5 ליטר טא'צ,,IL,מרכך ומבשם כביסה,ליטרים,0.00,ליטר,false,1,10.90,10.90,true,1,
7290017062679,false,מרכך כביסה מרוכז צהוב 1 5 Xל טאצ,,IL,מרכך ומבשם כביסה,ליטרים,0.00,ליטר,false,1,10.90,10.90,true,1,
7290017062686,false,מרכך כביסה מרוכז בייבי טאצ 1ל',סאסאטק,IL,מרכך ומבשם כביסה,ליטרים,0.00,ליטר,false,1,9.90,9.90,true,1,
7290017062693,false,מרכך כביסה מרוכז לבן 1*5 ליטר טאצ,סאסאטק,IL,מרכך ומבשם כביסה,ליטרים,0.00,ליטר,false,1,9.90,9.90,true,1,
7290017062709,false,מרכך כביסה מרוכז בורדו טאצ 1ל',סאסאטק,IL,מרכך ומבשם כביסה,ליטרים,0.00,ליטר,false,1,9.90,9.90,true,1,
7290017062716,false,מרכך כביסה מרוכז ורוד טאצ 1ל',סאסאטק,IL,מרכך ומבשם כביסה,ליטרים,0.00,ליטר,false,1,9.90,9.90,true,1,
7290017062723,false,מרכך כביסה מרוכז ירוק 1*5 ליטר טאצ,,IL,מרכך ומבשם כביסה,ליטרים,0.00,ליטר,false,1,10.90,10.90,true,1,
7290017062730,false,"נוזל כלים לבנדר 36% 750 מ""ל טא'צ+משאבה",,IL,נ.כלים תפוח 36%ט,מיליליטרים,750.00,"100 מ""ל",false,1,8.90,1.19,true,1,
7290017062747,false,"נ.כלים 36% תפוח טאצ' +משאבה 750 מ""ל",,IL,נ.כלים תפוח 36%ט,מיליליטרים,750.00,"100 מ""ל",false,1,8.90,1.19,true,1,
7290017062754,false,"נ.כלים 36% לימון טאצ' +משאבה 750 מ""ל",,IL,נ.כלים לימו 36%ט,מיליליטרים,750.00,"100 מ""ל",false,1,8.90,1.19,true,1,
=======
7290017023212,false,"שוויפס מוגז פירות תפוח מארז רביעייה* 330 מ""ל",יפאורה שותפות מוגבלת לשיווק,IL,שוופס מוגז4פחיות,ליטרים,1.32,ליטר,false,1,10.90,8.26,true,1,
7290017023229,false,רביעיית פחיות שוופס מוגז פירות תות ליים 330 מל.,יפאורה שותפות מוגבלת לשיווק,IL,שוופס מוגז4פחיות,ליטרים,1.32,ליטר,false,1,10.90,8.26,true,1,
7290017023236,false,רביעיית פחיות שוופס מוגז פירות ענבים 330 מל.,יפאורה שותפות מוגבלת לשיווק,IL,שוופס מוגז4פחיות,ליטרים,1.32,ליטר,false,1,10.90,8.26,true,1,
7290017023663,false,"שוופס מיץ פירות לימונייד פחית מארז 330X4מ""ל",יפאורה שותפות מוגבלת לשיווק,IL,שוופס 4 פחיות,ליטרים,1.32,ליטר,false,1,10.90,8.26,true,1,
7290017023809,false,"רביעיית ספרינג אגס סברס תפוח 250 מ""ל",יפאורה שותפות מוגבלת לשיווק,IL,ספרינג משקה 4 יח,ליטרים,1.00,ליטר,false,1,10.90,10.90,true,1,
7290017023816,false,"ספרינג  פירות טרופיים 250 מ""ל רביעייה",יפאורה שותפות מוגבלת לשיווק,IL,ספרינג משקה 4 יח,ליטרים,1.00,ליטר,false,1,10.90,10.90,true,1,
7290017023823,false,"רביעיית ספרינג תות בננה 250 מ""ל",יפאורה שותפות מוגבלת לשיווק,IL,ספרינג משקה 4 יח,ליטרים,1.00,ליטר,false,1,10.90,10.90,true,1,
7290017023854,false,מי סודה בקבוקים אישיים - מארז 4 יח',יפאורה שותפות מוגבלת לשיווק,IL,שוופס סודה 4 יח,ליטרים,1.00,ליטר,false,1,9.90,9.90,true,1,
7290017023861,false,סודה בטעם לימון בקבוקים אישיים - מארז 4 יח',יפאורה שותפות מוגבלת לשיווק,IL,שוופס סודה 4 יח,ליטרים,1.00,ליטר,false,1,9.90,9.90,true,1,
7290017023878,false,סודה בטעם נענע ליים בקבוקים אישיים - מארז 4 יח',יפאורה שותפות מוגבלת לשיווק,IL,שוופס סודה 4 יח,ליטרים,1.00,ליטר,false,1,9.90,9.90,true,1,
7290017023953,false,"ספרינג אגס סברס תפוח 250מ""ל בודד",יפאורה שותפות מוגבלת לשיווק,IL,ספרינג אגס תפוח,מיליליטרים,250.00,"100 מ""ל",false,1,3.90,1.56,true,1,
7290017031705,false,"סנסודיין משחת שיניים קלין & פרש 75 מ""ל",גלקסוס סמית קליין,SK,משחת סנסודיין,מיליליטרים,75.00,"100 מ""ל",false,1,13.90,18.53,true,1,
7290017062662,false,מרכך מרוכז מרוכז כתום 1 5 ליטר טא'צ,סאסאטק אגשח בעמ,IL,מרכך ומבשם כביסה,ליטרים,0.00,ליטר,false,1,10.90,10.90,true,1,
7290017062679,false,מרכך כביסה מרוכז צהוב 1 5 Xל טאצ,סאסאטק אגשח בעמ,IL,מרכך ומבשם כביסה,ליטרים,0.00,ליטר,false,1,10.90,10.90,true,1,
7290017062686,false,מרכך כביסה מרוכז בייבי 1 ל`טאצ`.,סאסאטק אגשח בעמ,IL,מרכך ומבשם כביסה,ליטרים,0.00,ליטר,false,1,9.90,9.90,true,1,
7290017062693,false,מרכך כביסה מרוכז לבן 1*5 ליטר טאצ,סאסאטק אגשח בעמ,IL,מרכך ומבשם כביסה,ליטרים,0.00,ליטר,false,1,9.90,9.90,true,1,
7290017062709,false,מרכך כביסה מרוכז בורדו 1 ל`טאצ`.,סאסאטק אגשח בעמ,IL,מרכך ומבשם כביסה,ליטרים,0.00,ליטר,false,1,9.90,9.90,true,1,
7290017062716,false,מרכך כביסה מרוכז ורוד 1 ל`טאצ`.,סאסאטק אגשח בעמ,IL,מרכך ומבשם כביסה,ליטרים,0.00,ליטר,false,1,9.90,9.90,true,1,
7290017062723,false,מרכך כביסה מרוכז ירוק 1*5 ליטר טאצ,סאסאטק אגשח בעמ,IL,מרכך ומבשם כביסה,ליטרים,0.00,ליטר,false,1,10.90,10.90,true,1,
7290017062730,false,"נוזל כלים לבנדר 36% 750 מ""ל טא'צ+משאבה",סאסאטק אגשח בעמ,IL,נ.כלים תפוח 36%ט,מיליליטרים,750.00,"100 מ""ל",false,1,8.90,1.19,true,1,
7290017062747,false,נוזל כלים תפוח (36% 750 מל)+משאבה טאצ,סאסאטק אגשח בעמ,IL,נ.כלים תפוח 36%ט,מיליליטרים,750.00,"100 מ""ל",false,1,8.90,1.19,true,1,
7290017062754,false,נוזל כלים לימון (36% 750 מל)+משאבה טא,סאסאטק אגשח בעמ,IL,נ.כלים לימו 36%ט,מיליליטרים,750.00,"100 מ""ל",false,1,8.90,1.19,true,1,
>>>>>>> d048ac2f4f281c9d788043ab4e81b61b0dbe3743
7290017062778,false,"נוזל כלים 24% סנסטיב מלון בוטיק 750 מ""ל",,IL,נ.כלים מלון24%ט,מיליליטרים,750.00,"100 מ""ל",false,1,7.90,1.05,true,1,
7290017062785,false,"נוזל כלים 24% סנסטיב ספא מפנק 750 מ""ל",,IL,נ.כלים ספא24%ט,מיליליטרים,750.00,"100 מ""ל",false,1,7.90,1.05,true,1,
7290017062907,false,"מילוי קצף לכלים בניחוח תפוח פלירוסול 500 מ""ל טאצ",סאסאטק אגשח בעמ,IL,קצף כלים מילוי,מיליליטרים,500.00,"100 מ""ל",false,1,11.90,2.38,true,1,
7290017062921,false,"קצף לכלים בניחוח לימון 500מ""ל פלירוסול",סאסאטק אגשח בעמ,IL,קצף כלים מילוי,מיליליטרים,500.00,"100 מ""ל",false,1,11.90,2.38,true,1,
7290017062938,false,"מבשם לכביסה ולבית צהוב פלירוסול 500 מ""ל טאצ",סאסאטק,IL,מבשם כביסה ולבית,מיליליטרים,500.00,"100 מ""ל",false,1,29.90,5.98,true,1,
<<<<<<< HEAD
7290017062952,false,"מבשם לכביסה ולבית סגול פלירוסול 500 מ""ל טאצ",סאסאטק,IL,מבשם כביסה ולבית,מיליליטרים,500.00,"100 מ""ל",false,1,29.90,5.98,true,1,
7290017062990,false,מארז מטליות רצפה חד פעמי מלון בוטיק טאצ 10יחי',,IL,מטליות לחות לרצפ,יחידה,1.00,יחידה,false,1,9.90,9.90,true,1,
7290017068015,false,סוכריות ג'לי לחנוכה מארז 200ג',מיה תעשיות מזון מ.ת.מ. ב,IL,מארז ג'לי חנוכה,גרמים,200.00,100 גרם,false,1,8.90,4.45,true,1,
=======
7290017062952,false,"מבשם לכביסה ולבית סגול פלירוסול 500 מ""ל טאצ",סאסאטק אגשח בעמ,IL,מבשם כביסה ולבית,מיליליטרים,500.00,"100 מ""ל",false,1,29.90,5.98,true,1,
7290017062990,false,מארז מטליות רצפה חד פעמי מלון בוטיק טאצ 10יחי',סאסאטק אגשח בעמ,IL,מטליות לחות לרצפ,יחידה,1.00,יחידה,false,1,9.90,9.90,true,1,
7290017068015,false,סוכריות ג'לי לחנוכה מארז 200ג',מיה תעשיות מזון מ.ת.מ בעמ,IL,מארז ג'לי חנוכה,גרמים,200.00,100 גרם,false,1,8.90,4.45,true,1,
>>>>>>> d048ac2f4f281c9d788043ab4e81b61b0dbe3743
7290017068121,false,שקדים מולבנים פרוסים מיה 250 גרם,מיה,IL,שקדים מולבנים,גרמים,250.00,100 גרם,false,1,19.90,7.96,true,1,
7290017068206,false,צימוקים בהירים בקרטון מיה 350 גרם,מיה תעשיות מזון מ.ת.מ. בעמ,IL,צימוקים בהירים,גרמים,350.00,100 גרם,false,1,14.90,4.26,true,1,
7290017068213,false,חמוציות חתוכות בקרטון מיה 350 גרם,מיה תעשיות מזון מ.ת.מ. בעמ,IL,חמוציות חתוכות,גרמים,350.00,100 גרם,false,1,12.90,3.69,true,1,
7290017068237,false,שזיפים לללא גלעין 350 גר`בקרטון מיה,מיה תעשיות מזון מ.ת.מ. בעמ,IL,שזיפים ללא גלעין,גרמים,350.00,100 גרם,false,1,14.90,4.26,true,1,
7290017068244,false,תמר מג`הול 350 גר`בקרטון מיה,מיה תעשיות מזון מ.ת.מ. בעמ,IL,תמר מג'הול,יחידה,1.00,יחידה,false,1,14.90,14.90,true,1,
7290017068343,false,חמוציות חתוכות ללא סוכר מיה 150 גרם,מיה תעשיות מזון מ.ת.מ בעמ,IL,חמוציות חתוכות,גרמים,150.00,100 גרם,false,1,14.90,9.93,true,1,
7290017068350,false,עדשים שחורות בלוגה מיה 500 גרם,מיה תעשיות מזון מ.ת.מ בעמ,IL,עדשים שחורות 500,גרמים,500.00,100 גרם,false,1,5.90,1.18,true,1,
7290017068367,false,שמרים בוואקום 125 גרם,מיה תעשיות מזון מ.ת.מ בעמ,CN,שמרים 125 גרם,גרמים,125.00,100 גרם,false,1,3.90,3.12,true,1,
7290017068374,false,שמרים יבשים בואקום מיה 500 גרם,מיה תעשיות מזון מ.ת.מ. בעמ,CN,שמרים 500 גרם,גרמים,500.00,100 גרם,false,1,9.90,1.98,true,1,
7290017068404,false,"ריבת מיקס פירות 370 גרם בד""ץ",,BG,ריבת מיקס,גרמים,370.00,100 גרם,false,1,6.90,1.86,true,1,
7290017068411,false,"אבקת אפייה בד""ץ עדה חרדית",מיה תעשיות מזון מ.ת.מ בעמ,IL,א.אפיה 10יח,גרמים,100.00,100 גרם,false,1,1.90,1.90,true,1,
7290017068763,false,סוכריות ג'לי שמחות 150 גרם,מיה תעשיות מזון מ.ת.מ. בעמ,,סוכריות ג'לי,יחידה,1.00,יחידה,false,0,4.90,4.90,true,1,
7290017068770,false,אגוזי מלך טבעי מיה 4,מיה תעשיות מזון מ.ת.מ בעמ,IL,אגוזי מלך 400 גר,גרמים,400.00,100 גרם,false,1,24.90,6.23,true,1,
7290017068848,false,סוכריות קישוט לעוגה צבעוני מיה 200 גרם,מיה תעשיות מזון מ.ת.מ. בעמ,IL,סוכריות צבעוניות,גרמים,200.00,100 גרם,false,1,6.90,3.45,true,1,
7290017068855,false,סוכריות קישוט לעוגה בטעם שוקולד 200 גרם מיה,מיה תעשיות מזון מ.ת.מ. בעמ,IL,סוכריות שוקולד ל,גרמים,200.00,100 גרם,false,1,6.90,3.45,true,1,
7290017068862,false,חמאת בוטנים קראנץ' מיה 510 גרם,מיה תעשיות מזון מ.ת.מ בעמ,IL,חמאת בוטנים 510ג,גרמים,510.00,100 גרם,false,1,11.90,2.33,true,1,
7290017068879,false,חמאת בוטנים טבעית מיה 510 גרם,מיה תעשיות מזון מ.ת.מ בעמ,IL,חמאת בוטנים 510ג,גרמים,510.00,100 גרם,false,1,11.90,2.33,true,1,
7290017068893,false,סוכריות ג`לי דגיגים בציפוי סוכר 350גר,מיה תעשיות מזון מ.ת.מ. בעמ,IL,ג'לי דגיגים,גרמים,350.00,100 גרם,false,1,14.90,4.26,true,1,
7290017068916,false,סוכריות ג`לי טבעות בציפוי סוכר 350גר,מיה תעשיות מזון מ.ת.מ. בעמ,IL,ג'לי טבעות,גרמים,350.00,100 גרם,false,1,14.90,4.26,true,1,
7290017068947,false,"אורז יסמין סלקטד 1 ק""ג",,IL,אורז יסמין סלקטד,קילוגרמים,0.00,"ק""ג",false,1,12.90,12.90,true,1,
7290017068954,false,"אורז בסמטי סלקטד מיה 1 ק""ג",מיה תעשיות מזון בעמ,IL,אורז בסמטי סלקטד,קילוגרמים,0.00,"ק""ג",false,1,11.90,11.90,true,1,
7290017068978,false,שיבולת שועל מלאה להכנה מהירה מיה 500 גרם,מיה תעשיות מזון מ.ת.מ. בעמ,IL,שיבולת שועל להכנ,יחידה,1.00,יחידה,false,1,9.90,9.90,true,1,
7290017068985,false,שיבולת שועל מלאה עבה 500 גר בזיפר מיה,מיה תעשיות מזון מ.ת.מ. בעמ,IL,שיבולת שועל מלאה,יחידה,1.00,יחידה,false,1,9.90,9.90,true,1,
7290017068992,false,ערמונים קלופים וקלויים 100 גרם,מיה תעשיות מזון מ.ת.מ בעמ,CN,ערמונים,גרמים,100.00,100 גרם,false,1,4.90,4.90,true,1,
7290017079004,false,תבנית מחוזקת עמוקה עגולה 5 יח',טעמן שווק מזון בעמ,CN,תבנית מחוזקת.,יחידה,1.00,יחידה,false,1,6.90,6.90,true,1,
7290017079189,false,חתיכות אננס דק במיץ אננס 825 גר` טעמן,טעמן שיווק מזון בעמ,ID,חתיכות אננס במיץ,גרמים,825.00,100 גרם,false,1,9.90,1.20,true,1,
7290017079332,false,שישיה גרבר לפתן פירות פריטוב 190 גר' טעמן,,IL,מחיות בייבי,יחידה,1.00,יחידה,false,1,22.90,22.90,true,1,
7290017079349,false,שישיה גרבר פירות טרופיים פריטוב 190 גר' טעמן,,IL,מחיות בייבי,יחידה,1.00,יחידה,false,1,22.90,22.90,true,1,
7290017079356,false,קשיות עם אבקה בטעם פרי חמצמץ 100 יח' גוגלס,טעמן שווק מזון בעמ,CN,קשיות משפחתי,יחידה,1.00,יחידה,false,1,15.90,15.90,true,1,
7290017079608,false,קוביות עגבניות,,,קוביות עגבניות,יחידה,1.00,יחידה,false,0,4.90,4.90,true,1,
7290017079615,false,עגבניות קוביות טעמן 400 גרם,ביו ברדה אס אר אל,IT,עגבניות קוביות,קילוגרמים,1.20,"ק""ג",false,1,14.90,12.42,true,1,
7290017079622,false,עגבניות קצוצות ב,,,עגבניות קצוצות ב,יחידה,1.00,יחידה,false,0,3.90,3.90,true,1,
7290017079639,false,עגבניות קצוצות שלישייה,ביו ברדה אס אר אל,IT,עגבניות קצוצות ט,קילוגרמים,1.20,"ק""ג",false,1,14.90,12.42,true,1,
7290017079653,false,נתחי טונה בהירה בשמן צמחי 960 גרם,,IL,טונה בשמן,גרמים,960.00,100 גרם,false,1,32.90,3.43,true,1,
7290017079677,false,שוקולד חלב 270 גרם טעמן,טעמן שווק מזון בעמ,PL,שוקולד חלב,גרמים,270.00,100 גרם,false,1,12.90,4.78,true,1,
7290017079684,false,שוקולד מריר 270 גרם טעמן,טעמן שווק מזון בעמ,PL,שוקולד מריר,גרמים,270.00,100 גרם,false,1,12.90,4.78,true,1,
7290017079691,false,שוקולד חלב עם אגוזים 270 גרם טעמן,טעמן שווק מזון בעמ,PL,שוקולד חלב,גרמים,270.00,100 גרם,false,1,12.90,4.78,true,1,
7290017079707,false,שוקולד מריר עם אגוזים 270 גרם טעמן,טעמן שווק מזון בעמ,PL,שוקולד מריר,גרמים,270.00,100 גרם,false,1,12.90,4.78,true,1,
7290017079714,false,שוקולד חלב עם בוטנים 270 גרם טעמן,טעמן שווק מזון בעמ,PL,שוקולד חלב,גרמים,270.00,100 גרם,false,1,12.90,4.78,true,1,
7290017079738,false,חמישיית שוקולד מריר 100 גרם טעמן,מילאנו ספולקה זד,IL,שוקולד מריר 5יח,גרמים,500.00,100 גרם,false,1,19.90,3.98,true,1,
7290017079769,false,מחית תפוח עץ ובננה בפאוץ פריטוב קידס,פרוטה פודיוין איי.אס,CZ,"מחית תפו""ע ובננה",גרמים,120.00,100 גרם,false,1,4.90,4.08,true,1,
7290017079776,false,מחיות פאוץ' סלט פירות פריטוב 120 גרם,פרוטה פודיוין איי.אס,CZ,מחית סלט פירות,גרמים,120.00,100 גרם,false,1,4.90,4.08,true,1,
7290017079783,false,מחיות פאוץ' תפוח עץ פריטוב 120 גרם,פרוטה פודיוין איי.אס,CZ,מחית תפוח עץ,גרמים,120.00,100 גרם,false,1,4.90,4.08,true,1,
7290017079790,false,מחיות פאוץ' פירות מעורבים פריטוב 120 גרם,פרוטה פודיוין איי.אס,CZ,מחית פירות,גרמים,120.00,100 גרם,false,1,4.90,4.08,true,1,
7290017079813,false,שוקולד מריר בודד 100גר כשלפ,אס.קיי ראיס אינטרנשי,IL,שוקולד מריר בודד,גרמים,100.00,100 גרם,false,1,4.90,4.90,true,1,
7290017079950,false,"סרדינים לימון בד""ץ טעמן 125 גר'",טעמן שווק מזון בעמ,MA,סרדין בשמן קנולה,גרמים,125.00,100 גרם,false,1,6.90,5.52,true,1,
7290017079967,false,"סרדינים בשמן צימחי בד""ץ טעמן 125 גר'",טעמן שווק מזון בעמ,MA,סרדינים 125 גרם,גרמים,125.00,100 גרם,false,1,6.90,5.52,true,1,
7290017079974,false,סרדינים בשמן פלפל חריף טעמן 125 גרם,טעמן שיווק מזון בעמ,MA,סרדינים 125 גרם,גרמים,125.00,100 גרם,false,1,6.90,5.52,true,1,
7290017079998,false,"סרדינים פלפל חריף בד""ץ טעמן",,,פילה סרדין עם חר,יחידה,1.00,יחידה,false,0,10.90,10.90,true,1,
7290017084367,false,סוכריות גלי בטעם פירות פרילדה 200 גר',,IL,פרילדה,גרמים,200.00,100 גרם,false,1,7.90,3.95,true,1,
7290017084992,false,בצל קצוץ מוזהב 390 גרם,אירוסיבולס,ES,בצל קצוץ מוזהב,גרמים,390.00,100 גרם,false,1,7.90,2.03,true,1,
7290017088068,false,בייביסיטר - חיתולי סטנדרט מידה 4 - 42 יח',די.פי.אל תעשיות מוצרים ח,IL,חיתולי בייביסיטר,יחידה,1.00,יחידה,false,1,29.90,29.90,true,1,
7290017088075,false,בייביסיטר - חיתולי סטנדרט מידה 4+ - 40 יח',די.פי.אל תעשיות מוצרים ח,IL,חיתולי בייביסיטר,יחידה,1.00,יחידה,false,1,29.90,29.90,true,1,
7290017088082,false,בייביסיטר - חיתולי סטנדרט מידה 5 - 36 יח',די.פי.אל תעשיות מוצרים ח,IL,חיתולי בייביסיטר,יחידה,1.00,יחידה,false,1,29.90,29.90,true,1,
7290017094199,false,סלט קוביות חציל ברוטב שמיר 200 גרם,"סלטי שמיר 2006 בע""מ",IL,סלט קוביות חציל,גרמים,200.00,100 גרם,false,1,10.90,5.45,true,1,
7290017094830,false,סלט גזר ברוטב פיקנטי אסלי שמיר 400 ג',"סלטי שמיר 2006 בע""מ",IL,גזר פיקנטי אסלי,גרמים,400.00,100 גרם,false,1,10.90,2.73,true,1,
7290017094847,false,סלט תפוחי אדמה אסלי שמיר 400 ג',"סלטי שמיר 2006 בע""מ",IL,"סלט תפו""א אסלי",גרמים,400.00,100 גרם,false,1,10.90,2.73,true,1,
7290017094854,false,סלט קולסלאו אסלי( 400 גר`)אסלי,"סלטי שמיר 2006 בע""מ",IL,קולסלאו אסלי,גרמים,400.00,100 גרם,false,1,10.90,2.73,true,1,
7290017094861,false,חומוס עם רוטב מסבחה אסלי שמיר 400 ג',"סלטי שמיר 2006 בע""מ",IL,חומוס אסלי מסבחה,גרמים,400.00,100 גרם,false,1,10.90,2.73,true,1,
7290017100418,false,"כפפות לטקס 100 יחי' L כשלפ עד""ח פרפקט",ח.כהן סוכנות מזון ומשקאות בע,TH,כפפות לטקס L,יחידה,1.00,יחידה,false,1,13.90,13.90,true,1,
7290017100425,false,"כפפות לטקס 100 יחי' XL כשלפ עד""ח פרפקט",ח.כהן סוכנות מזון ומשקאות בע,TH,כפפות לטקס XL,יחידה,1.00,יחידה,false,1,13.90,13.90,true,1,
7290017129273,false,מטבעות שוקולד חלב גדול בצילינדר כרמית 500 גרם,כרמית תעשיות ממתקים בעמ,IL,מטבעות שוקולד,גרמים,500.00,100 גרם,false,1,29.90,5.98,true,1,
7290017129495,false,אגו מיקס כדורי תירס מצופים שוקולד חלב כרמית 55 גרם,כרמית תעשיות ממתקים בעמ,IL,אגו מיקס כ.תירס,גרמים,55.00,100 גרם,false,1,3.90,7.09,true,1,
<<<<<<< HEAD
7290017129501,false,אגו מיקס כדורי תירס מצופים שוקולד לבן כרמית 55 גרם,כרמית,IL,אגו מיקס 55 גרם,גרמים,55.00,100 גרם,false,1,3.90,7.09,true,1,
7290017129518,false,אגו מיקס כדורי תירס מצופים שוקולד חלב ולבן כרמית 55 גרם,כרמית,IL,אגו מיקסים,גרמים,55.00,100 גרם,false,1,3.90,7.09,true,1,
7290017129532,false,סוכריות לקקן תות 90 גרם כרמית,שוגבי,TR,לקקן בטעם תות,גרמים,90.00,100 גרם,false,1,3.90,4.33,true,1,
7290017129549,false,סוכריות לקקן גלידה כרמית 90 גרם,כרמית,TR,לקקן גלידה,גרמים,90.00,100 גרם,false,1,3.90,4.33,true,1,
7290017129617,false,לקקן קולה לימונדה 450 גרם כרמית,שוגבי,TR,לקקן בטעם קולה,גרמים,450.00,100 גרם,false,1,12.90,2.87,true,1,
7290017129624,false,כרמית לקקן ענבים תפוח 450 גרם,שוגבי,TR,לקקן תפוח ענבים,גרמים,450.00,100 גרם,false,1,12.90,2.87,true,1,
7290017129754,false,"שוקולד מריר מעולה 70% מוצקי קקאו 100 גר בד""ץ","כרמית תעשיות ממתקים בע""\",IL,שוקולד מריר מעול,גרמים,100.00,100 גרם,false,1,7.80,7.80,true,1,
7290017129761,false,שוקולד פרימיום 70% מריר בטעם תפוז כרמית 100 גרם,"כרמית תעשיות ממתקים בע""\",IL,אגו שוקולד פרימי,גרמים,100.00,100 גרם,false,1,7.80,7.80,true,1,
7290017129778,false,שוקולד פרימיום 70% מריר בטעם קפה כרמית 100 גרם,"כרמית תעשיות ממתקים בע""\",IL,אגו שוקולד מעולה,גרמים,100.00,100 גרם,false,1,7.80,7.80,true,1,
7290017129822,false,מטבעות שוקולד מריר כרמית 36 גרם,כרמית,IL,מטבעות שוקולד,יחידה,1.00,יחידה,false,1,3.90,3.90,true,1,
7290017129839,false,שוקולד פרימיום 70% מריר בטעם פטל כרמית 100 גרם,"כרמית תעשיות ממתקים בע""\",IL,אגו שוקולד מריר,גרמים,100.00,100 גרם,false,1,7.80,7.80,true,1,
7290017129846,false,עוגיות מיני קוקיס בטעם קרמל בצנצנת כרמית 600 גרם,קריות זול,IL,עוגיות בטעם קרמל,גרמים,600.00,100 גרם,false,1,14.90,2.48,true,1,
7290017129877,false,מיקס 40 יחידות לקקנים שטוחים כרמית 180 גרם,דורקן סקרלמה סאן. וי,TR,מיקס לקקנים,גרמים,300.00,100 גרם,false,1,8.90,2.97,true,1,
7290017129884,false,חמישיות שוקולד מריר 44% 85 גר*5*12 בקרטון,"כרמית תעשיות ממתקים בע""\",IL,מארז שוקולד,גרמים,425.00,100 גרם,false,1,14.90,3.51,true,1,
7290017129983,false,שוקולד צ'יפס לבן פרווה כרמית 250 גרם,"כרמית תעשיות ממתקים בע""\",IL,שוקוציפס לבן250ג,גרמים,250.00,100 גרם,false,1,8.90,3.56,true,1,
7290017142128,false,"שמן זית כתית מעולה קלאסי עץ הזית 750 מ""ל",שמן תעשיות בעמ,IT,שמן זית כתית,מיליליטרים,750.00,"100 מ""ל",false,1,29.90,3.99,true,1,
=======
7290017129501,false,אגו מיקס כדורי תירס מצופים שוקולד לבן כרמית 55 גרם,כרמית תעשיות ממתקים בעמ,IL,אגו מיקס 55 גרם,גרמים,55.00,100 גרם,false,1,3.90,7.09,true,1,
7290017129518,false,אגו מיקס כדורי תירס מצופים שוקולד חלב ולבן כרמית 55 גרם,כרמית תעשיות ממתקים בעמ,IL,אגו מיקסים,גרמים,55.00,100 גרם,false,1,3.90,7.09,true,1,
7290017129532,false,סוכריות לקקן תות 90 גרם כרמית,כרמית תעשיות ממתקים בעמ,TR,לקקן בטעם תות,גרמים,90.00,100 גרם,false,1,3.90,4.33,true,1,
7290017129549,false,סוכריות לקקן גלידה כרמית 90 גרם,כרמית תעשיות ממתקים בעמ,TR,לקקן גלידה,גרמים,90.00,100 גרם,false,1,3.90,4.33,true,1,
7290017129617,false,לקקן קולה לימונדה 450 גרם כרמית,כרמית תעשיות ממתקים בעמ,TR,לקקן בטעם קולה,גרמים,450.00,100 גרם,false,1,12.90,2.87,true,1,
7290017129624,false,כרמית לקקן ענבים תפוח 450 גרם,כרמית תעשיות ממתקים בעמ,TR,לקקן תפוח ענבים,גרמים,450.00,100 גרם,false,1,12.90,2.87,true,1,
7290017129754,false,"שוקולד מריר מעולה 70% מוצקי קקאו 100 גר בד""ץ",כרמית תעשיות ממתקים בעמ,IL,שוקולד מריר מעול,גרמים,100.00,100 גרם,false,1,7.80,7.80,true,1,
7290017129761,false,שוקולד פרימיום 70% מריר בטעם תפוז כרמית 100 גרם,כרמית תעשיות ממתקים בעמ,IL,אגו שוקולד פרימי,גרמים,100.00,100 גרם,false,1,7.80,7.80,true,1,
7290017129778,false,שוקולד פרימיום 70% מריר בטעם קפה כרמית 100 גרם,כרמית תעשיות ממתקים בעמ,IL,אגו שוקולד מעולה,גרמים,100.00,100 גרם,false,1,7.80,7.80,true,1,
7290017129822,false,מטבעות שוקולד מריר כרמית 36 גרם,כרמית תעשיות ממתקים בעמ,IL,מטבעות שוקולד,יחידה,1.00,יחידה,false,1,3.90,3.90,true,1,
7290017129839,false,שוקולד פרימיום 70% מריר בטעם פטל כרמית 100 גרם,כרמית תעשיות ממתקים בעמ,IL,אגו שוקולד מריר,גרמים,100.00,100 גרם,false,1,7.80,7.80,true,1,
7290017129846,false,עוגיות מיני קוקיס בטעם קרמל בצנצנת כרמית 600 גרם,כרמית תעשיות ממתקים בעמ,IL,עוגיות בטעם קרמל,גרמים,600.00,100 גרם,false,1,14.90,2.48,true,1,
7290017129877,false,מיקס 40 יחידות לקקנים שטוחים כרמית 180 גרם,כרמית תעשיות ממתקים בעמ,TR,מיקס לקקנים,גרמים,300.00,100 גרם,false,1,8.90,2.97,true,1,
7290017129884,false,חמישיות שוקולד מריר 44% 85 גר*5*12 בקרטון,כרמית תעשיות ממתקים בעמ,IL,מארז שוקולד,גרמים,425.00,100 גרם,false,1,14.90,3.51,true,1,
7290017129983,false,שוקולד צ'יפס לבן פרווה כרמית 250 גרם,כרמית תעשיות ממתקים בעמ,IL,שוקוציפס לבן250ג,גרמים,250.00,100 גרם,false,1,8.90,3.56,true,1,
7290017142128,false,"שמן זית כתית מעולה קלאסי עץ הזית 750 מ""ל",סוגת תעשיות בעמ,IT,שמן זית כתית,מיליליטרים,750.00,"100 מ""ל",false,1,29.90,3.99,true,1,
>>>>>>> d048ac2f4f281c9d788043ab4e81b61b0dbe3743
7290017142159,false,"שלישיית נתחי טונה בהירה בשמן זית 80 גרם ""עץ הזית""",הנסיך- מפעל לייצור ט,TH,טונה בהירה,גרמים,240.00,100 גרם,false,1,19.90,8.29,true,1,
7290017142166,false,"פילה טונה פרוס עם שמן זית 120 גרם ""עץ הזית""","יוניקורד ח.צ בע""מ",TH,פילה טונה פרוס,גרמים,120.00,100 גרם,false,1,14.90,12.42,true,1,
7290017142180,false,פילה טונה בשמן זית בטעם לימון עם פלפל שחור 120 ג',"יוניקורד ח.צ בע""מ",TH,פילה טונה פרוס,גרמים,120.00,100 גרם,false,1,14.90,12.42,true,1,
7290017142395,false,"LUNCH TO GO פסטה עם טונה בשמן זית 160 גרם ""עץ הזית""",יוניקורד ח.צ בעמ,TH,פסטה עם טונה,גרמים,160.00,100 גרם,false,1,14.90,9.31,true,1,
7290017142487,false,"LUNCH TO GO בורגול עם חומוס טונה בשמן זית 160 גרם ""עץ הזית""",יוניקורד ח.צ בעמ,TH,בורגול עם טונה,גרמים,160.00,100 גרם,false,1,14.90,9.31,true,1,
7290017153148,false,חלב מרוכז פוליבה 300גר' בדץ,לירון קרביץ יבוא שיווק וסחר,IL,חלב מרוכז 300גרם,גרמים,300.00,100 גרם,false,1,12.70,4.23,true,1,
7290017221915,false,סמטת שילוח אור הגנוז,,IL,סמטת שילוח,יחידה,1.00,יחידה,false,1,125.00,125.00,true,1,
7290017221953,false,סמטת הקרדו בלנד אור הגנ,,IL,סמטת הקרדו בלנד,יחידה,1.00,יחידה,false,1,85.00,85.00,true,1,
7290017232218,false,לחם קלאסי מופחת פחמימות איטסיין 430 גרם,,IL,לחם איטסיין,גרמים,430.00,100 גרם,false,1,24.70,5.74,true,1,
7290017232225,false,לחם גלילי מופחת פחמימות איטסיין 450 גרם,דבידוביץ,IL,לחם איטסיין,גרמים,450.00,100 גרם,false,1,24.70,5.49,true,1,
7290017239101,false,פילה סלמון נורווגי עישון קר עדין פרוס בא,פוד קולקשן בעמ,IL,סלמון אטלנטי,גרמים,100.00,100 גרם,false,1,19.90,19.90,true,1,
7290017239941,false,מקרל בעישון חם עםתבלינים,"פוד קולקשיין בע""מ",IL,מקרל בעישון חם,גרמים,200.00,100 גרם,false,1,34.90,17.45,true,1,
7290017264219,false,אננס חתוך הדס,,IL,אננס חתוך,גרמים,850.00,100 גרם,false,1,8.90,1.05,true,1,
7290017264226,false,טבעות אננס בסירופ קל,,IL,טבעות אננס בסירו,גרמים,850.00,100 גרם,false,1,8.90,1.05,true,1,
7290017264516,false,אורז פרסי פרמיום,,,אורז פרסי פרמיום,יחידה,1.00,יחידה,false,0,12.90,12.90,true,1,
7290017264806,false,"אורז פרימיום זהב ואקום 1 ק""ג",,IL,אורז יסמין פרימי,קילוגרמים,0.00,"ק""ג",false,1,12.90,12.90,true,1,
7290017264837,false,שעועית לבנה ואקו,,,שעועית לבנה ואקו,יחידה,1.00,יחידה,false,0,12.90,12.90,true,1,
7290017264844,false,אורז פנינה ואקום,,,אורז פנינה ואקום,יחידה,1.00,יחידה,false,0,12.90,12.90,true,1,
7290017264875,false,חומוס ואקום 'הדס,,,חומוס ואקום 'הדס,יחידה,1.00,יחידה,false,0,14.90,14.90,true,1,
7290017264882,false,חיטה ואקום 'הדס',,,חיטה ואקום 'הדס',יחידה,1.00,יחידה,false,0,9.90,9.90,true,1,
7290017264899,false,שעועית אדומה ואק,,,שעועית אדומה ואק,יחידה,1.00,יחידה,false,0,13.90,13.90,true,1,
7290017264905,false,עדשים ירוק ואקום,,,עדשים ירוק ואקום,יחידה,1.00,יחידה,false,0,14.90,14.90,true,1,
7290017264929,false,אפונה ואקום 'הדס,,,אפונה ואקום 'הדס,יחידה,1.00,יחידה,false,0,9.90,9.90,true,1,
7290017266060,false,וופל קראנצ`מילוי קרם בטעם שוקולד 175 גר,ח.כהן סוכנות מזון ומשקאות בע,IL,"וופל לל""ס",גרמים,175.00,100 גרם,false,1,6.50,3.71,true,1,
7290017266312,false,וופל מילוי קרם בטעם שוקולד 150 גרם,ח.כהן סוכנות מזון ומשקאות בע,IL,עלמה וופל AIR,גרמים,150.00,100 גרם,false,1,2.90,1.93,true,1,
7290017266343,false,וופל קראנץ במילוי קרם שוקולד 150 גרם,ח.כהן סוכנות מזון ומשקאות בע,IL,וופל קרם שוקולד,גרמים,150.00,100 גרם,false,1,2.90,1.93,true,1,
7290017266398,false,גלילי ופל למילוי גילרו 150 גרם עלמה.,ח.כהן סוכנות מזון ומשקאות בע,IL,גלילי ופל למילוי,גרמים,150.00,100 גרם,false,1,14.90,9.93,true,1,
7290017266527,false,וופל קראנץ' בטעם אגוז עלמה 150 גרם,ח.כהן סוכנות מזון ומשקאות בע,IL,וופל קרם אגוז,גרמים,150.00,100 גרם,false,1,2.90,1.93,true,1,
7290017266909,false,וופלים מעולים במילוי קרם בטעם שוקולד SUNי 200 גרם,ח.כהן סוכנות מזון ומשקאות בע,IL,וופל שוקולד 200ג,גרמים,200.00,100 גרם,false,1,3.90,1.95,true,1,
7290017266916,false,וופלים מעולים במילוי קרם בטעם לימון SUNי 200 גרם,ח.כהן סוכנות מזון ומשקאות בע,IL,וופל בטעם לימון,גרמים,200.00,100 גרם,false,1,3.90,1.95,true,1,
7290017275086,false,עוגיות כתר בטעם תות ללא תוספת סוכר במגש 350 גר' אחווה,אחדות בעמ,IL,"עוגיות ללת""ס תות",גרמים,350.00,100 גרם,false,1,8.90,2.54,true,1,
7290017275130,false,עוגת שמרים אישית במילוי פרג 120 גרם,"אחדות בע""מ",IL,עוגת שמרים אישית,גרמים,120.00,100 גרם,false,1,1.90,1.58,true,1,
7290017275147,false,עוגת שמרים אישית דניש קינמון אחוה 120 גרם,"אחדות בע""מ",IL,עוגת שמרים אישית,גרמים,120.00,100 גרם,false,1,1.90,1.58,true,1,
7290017275154,false,עוגת שמרים אישית שוקולד אחוה 120 גרם,אחדות ביחר לטחינה חל,IL,עוגת שמרים אישית,גרמים,120.00,100 גרם,false,1,1.90,1.58,true,1,
7290017275338,false,טחינה גולמית 500 טורקיז אחווה*,אחדות ביתחרושת לטחינה חלבה,IL,טחינה גולמית500ג,גרמים,500.00,100 גרם,false,1,12.90,2.58,true,1,
7290017275345,false,"טחינה גולמית בבקבוק לחיץ , 350 גרם אחווה",אחדות ביתחרושת לטחינה חלבה,IL,טחינה בקבוק לחיץ,גרמים,350.00,100 גרם,false,1,8.90,2.54,true,1,
7290017275369,false,טורקיז- טחינה משומשום מלא 500 גרם,אחדות ביתחרושת לטחינה חלבה,IL,טחינה משומשום,גרמים,500.00,100 גרם,false,1,12.90,2.58,true,1,
7290017275413,false,מיני קצפיות בטעם וניל אחוה 140 גרם,אחדות ביתחרושת לטחינה חלבה,IL,מיני קצפיות140ג,גרמים,140.00,100 גרם,false,1,6.90,4.93,true,1,
7290017275420,false,מיני קצפיות בטעם תות אחוה 140 גרם,אחדות ביתחרושת לטחינה חלבה,IL,מיני קצפיות140ג,גרמים,140.00,100 גרם,false,1,6.90,4.93,true,1,
7290017275437,false,מיני קצפיות בטעם פירות יער אחוה 140 גרם,אחדות ביתחרושת לטחינה חלבה,IL,מיני קצפיות 140ג,גרמים,140.00,100 גרם,false,1,6.90,4.93,true,1,
7290017275444,false,מיני קצפיות בטעם ענבים אחוה 140 גרם,אחדות ביתחרושת לטחינה חלבה,IL,מיני קצפיות בטעם,גרמים,140.00,100 גרם,false,1,6.90,4.93,true,1,
7290017275482,false,סירופ לשתיה בטעם ענבים 900 מל,אחדות ביתחרושת לטחינה חלבה,IL,סירופ ענבים,מיליליטרים,900.00,"100 מ""ל",false,1,14.90,1.66,true,1,
7290017275499,false,סירופ לשתיה בטעם אננס 900 מל,אחדות ביתחרושת לטחינה חלבה,IL,סירופ אננס,מיליליטרים,900.00,"100 מ""ל",false,1,14.90,1.66,true,1,
7290017275505,false,סירופ לשתיה בטעם פטל 900 מל,אחדות ביתחרושת לטחינה חלבה,IL,סירופ פטל,מיליליטרים,900.00,"100 מ""ל",false,1,14.90,1.66,true,1,
7290017275536,false,"דניש בטעם בשוקולד באריזה אישית, 40 גרם",,IL,מאפין ממולא שוקו,יחידה,1.00,יחידה,false,1,1.30,1.30,true,1,
7290017275581,false,סוכריות פרי -תפוח 120 ג' מעושרות בויטמינים,אחדות ביתחרושת לטחינה חלבה,,סוכריות פרי בטעם,יחידה,1.00,יחידה,false,0,9.90,9.90,true,1,
7290017275710,false,חטיפי בננית במגש 12 יח' אחוה,אחדות ביתחרושת לטחינה חלבה,IL,חטיפי בננית במגש,יחידה,1.00,יחידה,false,1,9.90,9.90,true,1,
7290017285733,false,סרקל מעצב 2 ליטר מגזרי .ח.,פישר מעבדות פרמצבטיות בע,IL,סרקל מרכך לילדים,ליטרים,2.00,ליטר,false,1,35.90,17.95,true,1,
7290017285740,false,"סרקל שמפו ד""ר פישר 1 ליטר",פישר מעבדות פרמצבטיות בע,IL,סרקל שמפו לילדים,ליטרים,1.00,ליטר,false,1,22.90,22.90,true,1,
7290017285757,false,"שמפו + מרכך סרקל ד""ר פישר 1 ליטר",פישר מעבדות פרמצבטיות בע,IL,סרקל שמפו+מרכך,ליטרים,1.00,ליטר,false,1,22.90,22.90,true,1,
7290017289151,false,יין אמרלד ריזלינג 750 מל ממלכת יהודה,יקב טפרברג 1870 בעמ (יינות ומש,IL,אמרלד ריזלינג,מיליליטרים,750.00,"100 מ""ל",false,1,23.90,3.19,true,1,
7290017289168,false,"יין ישראלי אדום יבש אפרת 750 מ""ל",יקב טפרברג 1870 בעמ (יינות ומש,IL,ישראלי אדום,מיליליטרים,750.00,"100 מ""ל",false,1,19.90,2.65,true,1,
7290017289175,false,"יין פטיט סירה סדרת ישראלי 750מ""ל.",יקב טפרברג 1870 בעמ (יינות ומש,IL,ישראלי פתית סירה,מיליליטרים,750.00,"100 מ""ל",false,1,19.90,2.65,true,1,
7290017289182,false,"יין ישראלי לבן חצי יבש אפרת 750 מ""ל",יקב טפרברג 1870 בעמ (יינות ומש,IL,לבן חצי יבש,מיליליטרים,750.00,"100 מ""ל",false,1,19.90,2.65,true,1,
7290017289410,false,יין ESSENCE מרלו 2017 750 מל,יקב טפרברג 1870,IL,יין מרלו 2017,מיליליטרים,750.00,"100 מ""ל",false,1,99.90,13.32,true,1,
7290017289427,false,יין קברנה סוביניון 2017 750 מל,יקב טפרברג 1870,IL,יין קברנה,מיליליטרים,750.00,"100 מ""ל",false,1,99.90,13.32,true,1,
7290017289441,false,פטיט וורדו 2017,,,פטיט וורדו 2017,יחידה,1.00,יחידה,false,0,199.90,199.90,true,1,
7290017289601,false,"יין בלנד לבן 750 מ""ל אימפרשיאון",יקב טפרברג 1870 בעמ,IL,פרנץ קולומבר,מיליליטרים,750.00,"100 מ""ל",false,1,49.90,6.65,true,1,
7290017289618,false,"יין IMPRESSION פטיט סירה 150 שנה טפרברג 750 מ""ל",יקב טפרברג 1870 בעמ (יינות ומש,IL,פטיט סירה,מיליליטרים,750.00,"100 מ""ל",false,1,49.90,6.65,true,1,
7290017289724,false,יין אדום יבש מלבק 2018 7,טפרברג,IL,יין אדום יבש מלב,יחידה,1.00,יחידה,false,1,99.60,99.60,true,1,
7290017289779,false,INSPIRE DEVOTAGE מלבק מרסלן 2019 750 מל,יקב טפרברג 1870,IL,יין מלבק-מרסלן,מיליליטרים,750.00,"100 מ""ל",false,1,69.90,9.32,true,1,
7290017289786,false,יין קברנה-מרלו-פטי וורדו,יקב טפרברג 1870,IL,יין קברנה-מרלו-פ,מיליליטרים,750.00,"100 מ""ל",false,1,69.90,9.32,true,1,
7290017289793,false,INSPIRE INTEGRITAGE גראנש סירה 19 750 מל,יקב טפרברג 1870,IL,יין גראנש סירה,מיליליטרים,100.00,"100 מ""ל",false,1,69.90,69.90,true,1,
7290017297651,false,רסק עגבניות 22% 240 ג' א,,IL,רסק עגבניות 22%,גרמים,240.00,100 גרם,false,1,2.90,1.21,true,1,
7290017297668,false,רסק עגבניות מרוכ,,,רסק עגבניות מרוכ,יחידה,1.00,יחידה,false,0,1.50,1.50,true,1,
7290017303482,false,מלאווח שחף 700 גרם,,,מלאווח שחף,יחידה,1.00,יחידה,false,0,12.90,12.90,true,1,
7290017412306,false,סוכר וניל 500 גרם,,IL,סוכר וניל 500 גר,יחידה,1.00,יחידה,false,1,1.90,1.90,true,1,
7290017440286,false,"ד""ר פישר - קידס מרכך ויטמינים 750 מ""ל","פישר תעשיות פרמצביטות בע""מ",IL,מרכך קידס,מיליליטרים,750.00,"100 מ""ל",false,1,11.90,1.59,true,1,
7290017457727,false,"סוד כחול מרכך כביסה מרוכז20%+בישום 900 מ""ל",גורי שיווק בעמ,IL,מרכך מרוכז סוד,מיליליטרים,900.00,"100 מ""ל",false,1,11.90,1.32,true,1,
7290017457932,false,סוד מרכך כביסה מרוכז פרש קונטרול כחול,גורי שיווק בעמ,IL,סוד מרכך כחול,מיליליטרים,900.00,"100 מ""ל",false,1,11.90,1.32,true,1,
7290017470009,false,סחבה זוגות איכותי שמאי,,IL,סחבה זוגות איכות,יחידה,1.00,יחידה,false,1,5.50,5.50,true,1,
7290017470016,false,שלישיית כריות ברזל לקירצוף חזק שמאי,,IL,כריות ברזל לקרצו,יחידה,1.00,יחידה,false,1,5.90,5.90,true,1,
7290017470023,false,אטבי כביסה =ריינבו= איכותי במיוחד 10 יחי' ר. שמאי,,IL,אטבי כביסה ריינב,יחידה,1.00,יחידה,false,1,3.90,3.90,true,1,
7290017470030,false,אטבי כביסה =ג'מבו= סופר סייז 10 יחי' ר. שמאי,,IL,אטבי כביסה ג'מבו,יחידה,1.00,יחידה,false,1,4.90,4.90,true,1,
7290017470061,false,"מגב פלסטיק 45 ס""מ קרוקודיל",,IL,מגב פלסטיק פרימי,יחידה,1.00,יחידה,false,1,8.90,8.90,true,1,
7290017470207,false,מצקת מרק להגשה שקוף בודד ר. שמאי,,,מצקת להגשה בודד,יחידה,1.00,יחידה,false,0,3.90,3.90,true,1,
7290017470214,false,כוסיות זכוכית קריסטל זוגות לנר ר. שמאי,,IL,זוג כוסיות קרסטל,יחידה,1.00,יחידה,false,1,8.90,8.90,true,1,
7290017470221,false,כוס זכוכית + סיליקון לנר ר. שמאי,,IL,כוס זכוכית לנר,יחידה,1.00,יחידה,false,1,2.90,2.90,true,1,
7290017470238,false,כוסיות זוגות זכוכית + סיליקון לנר ר. שמאי,,IL,זוג כוסיות לנר,יחידה,1.00,יחידה,false,1,4.90,4.90,true,1,
7290017470443,false,קעריות אובלי קלאסיק לבן שמאי 10 יח',,IL,10 לפתניות קסרול,יחידה,1.00,יחידה,false,1,9.90,9.90,true,1,
7290017470542,false,שקיות להכנת קוביות קרח ר. שמאי 12 יחידות,,IL,קרחונית ר. שמאי,יחידה,1.00,יחידה,false,1,4.90,4.90,true,1,
7290017470566,false,מגבונים בדלי לניקוי כללי 400 יחידות,,IL,מגבונים בדלי,יחידה,1.00,יחידה,false,1,16.50,16.50,true,1,
7290017470610,false,צלחות קלאסיק ענק לבן שמאי 10 יח',,IL,10 צלחות קלאסיק,יחידה,1.00,יחידה,false,1,20.90,20.90,true,1,
7290017470627,false,צלחות קלאסיק גדול לבן שמאי 10 יח',,IL,10 צלחות קלאסיק,יחידה,1.00,יחידה,false,1,18.90,18.90,true,1,
7290017470634,false,צלחות קלאסיק קטן לבן שמאי 10 יח',,IL,10 צלחות קלאסיק,יחידה,1.00,יחידה,false,1,13.90,13.90,true,1,
7290017470641,false,"מרקיות קלאסיק קרם/לבן/ורוד עתיק 10 יחי' כשל""פ",,IL,10 מרקיות קלאסיק,יחידה,1.00,יחידה,false,1,15.90,15.90,true,1,
7290017470795,false,כפות מוכסף 40 י''ח קשיח ר. שמאי,,,כפות מוכסף 40 יח,יחידה,1.00,יחידה,false,0,11.90,11.90,true,1,
7290017470801,false,כפיות מוכסף 40 י''ח קשיח ר. שמאי,,,כפות מוכסף 40 יח,יחידה,1.00,יחידה,false,0,11.90,11.90,true,1,
7290017470818,false,מזלגות מוכסף 40 י''ח קשיח ר. שמאי,,,מזלג מוכסף 40 יח,יחידה,1.00,יחידה,false,0,11.90,11.90,true,1,
7290017470825,false,סכין מוכסף 40 י''ח קשיח ר. שמאי,,,סכין מוכסף 40 יח,יחידה,1.00,יחידה,false,0,11.90,11.90,true,1,
7290017470832,false,מפה אל בד קרם שנהב 25 מטר,,IL,מפה אל-בד 15 מ',יחידה,1.00,יחידה,false,1,29.90,29.90,true,1,
7290017496931,false,קבב בקר פרימיום 400 גרם,עוף ירושלים,IL,קבב בקר 400 גרם,גרמים,400.00,100 גרם,false,1,34.90,8.73,true,1,
7290017513393,false,תה ירוק ספירולינה וצמחים ירוקים 25 שקי,תה ויסוצקי (ישראל) בעמ,IL,תה ירוק,גרמים,37.00,100 גרם,false,1,19.90,53.78,true,1,
7290017513409,false,תה ירוק SUPER GREEN 87 גרםבטעם אוכמניות ואסאי,תה ויסוצקי (ישראל) בעמ,IL,תה ירוק,גרמים,37.00,100 גרם,false,1,19.90,53.78,true,1,
7290017513485,false,מחית עגבניות רוסטיקה גרנד איטליה 680 גרם,תה ויסוצקי (ישראל) בעמ,IT,מחית עגבניות,גרמים,680.00,100 גרם,false,1,12.90,1.90,true,1,
7290017513829,false,תה ירוק לימונית ג'ינג'ר 25 שקיקים בתוספת ויטמין Cּּ+D,תה ויסוצקי (ישראל) בעמ,IL,תה ירוק+ויטמינים,גרמים,37.00,100 גרם,false,1,19.90,53.78,true,1,
7290017513850,false,תה ירוק נענע 25 שקיקים בתוספת ויטמינים Cּּ+D,תה ויסוצקי (ישראל) בעמ,IL,תה ירוק+ויטמינים,גרמים,37.00,100 גרם,false,1,19.90,53.78,true,1,
7290017513867,false,תה ירוק לימונית ולואיזה סתוספת ויטמינים ויסוצקי 25 יחידות,תה ויסוצקי (ישראל) בעמ,IL,תה ירוק+ויטמינים,גרמים,37.00,100 גרם,false,1,19.90,53.78,true,1,
7290017516295,false,חטיף חלבון פרוטאין אגוז לוז שוקולד 50 גר,י.איטליאנו אחזקות בעמ,IL,חטיף חלבון,גרמים,60.00,100 גרם,false,1,9.90,16.50,true,1,
7290017516318,false,חטיפ בריאות פרוטאין שוקולד 50 גר`פנגיאה,י.איטליאנו אחזקות בעמ,IL,חטיף חלבון,גרמים,60.00,100 גרם,false,1,9.90,16.50,true,1,
7290017516332,false,חטיפ בריאות פרוטאין חמאת בוטנים 50 גר`פ,י.איטליאנו אחזקות בעמ,IL,חטיף חלבון,גרמים,60.00,100 גרם,false,1,9.90,16.50,true,1,
7290017516424,false,שוקלד + פנגיאה שוקולד קוקוס ואגוזי לוז 300 גרם,י.איטליאנו אחזקות בעמ,IL,מארז פנגיאה,גרמים,300.00,100 גרם,false,1,29.90,9.97,true,1,
7290017516431,false,שוקולד+ פנגיאה שוקולד קוקוס שקדים וקפה 300 גרם,י.איטליאנו אחזקות בעמ,IL,מארז פנגיאה תמרי,יחידה,1.00,יחידה,false,1,29.90,29.90,true,1,
7290017516448,false,"שוקלד + פנגיאה שוקולד קוקוס תמרים,שקדים וחרוב 300 גרם",פנגיאה,IL,מארז פנגיאה,גרמים,300.00,100 גרם,false,1,29.90,9.97,true,1,
7290017516479,false,חטיפ בריאות וניל קפה 50 גר`פרוטאין פנגי,י.איטליאנו אחזקות בעמ,IL,חטיף חלבון וניל,גרמים,60.00,100 גרם,false,1,9.90,16.50,true,1,
7290017516486,false,פנגיאה פרוטאין טרופי 50 גרם,פנגיאה,IL,חטיף חלבון,גרמים,60.00,100 גרם,false,1,9.90,16.50,true,1,
7290017516509,false,חטיפ בריאות קרמל מלוח 50 גר`פרוטאין פנג,י.איטליאנו אחזקות בעמ,IL,חטיף חלבון,גרמים,60.00,100 גרם,false,1,9.90,16.50,true,1,
7290017516547,false,חטיף ליד הקפה טוב הארץ,,IL,חטיף ליד הקפה,יחידה,1.00,יחידה,false,1,4.90,4.90,true,1,
7290017516615,false,"חטיף ספירולינה, תפוז קקאו וקוקס 40 גרם",,,חטיף סופר פוד ספ,יחידה,1.00,יחידה,false,0,8.90,8.90,true,1,
7290017521039,false,ספוגית הקסם נופר,,IL,ספוגית הקסם,יחידה,1.00,יחידה,false,1,7.90,7.90,true,1,
7290017521480,false,נופר מטליות בד רב פעמי 700,,,מטליות בד רב פעמ,יחידה,1.00,יחידה,false,0,19.90,19.90,true,1,
7290017521596,false,דלי מגבונים לניקוי כללי,,IL,דלי מגבונים לניק,יחידה,1.00,יחידה,false,1,15.90,15.90,true,1,
7290017599076,false,סוכריות כיס ל. ס,,,סוכריות כיס ל. ס,יחידה,1.00,יחידה,false,0,2.90,2.90,true,1,
7290017599229,false,ממתיק סוכרלוז 200 טבליות סוכרזית,שטראוס גרופ בע`מ,IL,סוכרזית סוכרלוז,גרמים,17.00,100 גרם,false,1,25.90,152.35,true,1,
7290017599236,false,סוכרזית סיטיוויה 200 טבליות,סנו מפעלי ברונוס.,IL,סוכרזית סטיוויה,גרמים,17.00,100 גרם,false,1,28.90,170.00,true,1,
7290017599250,false,סוכרזית קלאסי 120 גר`שקיות,שטראוס גרופ בע`מ,IL,סוכרזית קלאסי,גרמים,120.00,100 גרם,false,1,18.90,15.75,true,1,
7290017599267,false,סוכרלוז 120 שקיות ממתיק שולחני,שטראוס גרופ בע`מ,IL,סוכרזית סוכרלוז,גרמים,120.00,100 גרם,false,1,25.90,21.58,true,1,
7290017599274,false,סוכרזית סטיוויה 120שקיות 100גרם,שטראוס גרופ בע`מ,IL,סוכרזית סטיוויה,גרמים,120.00,100 גרם,false,1,29.90,24.92,true,1,
7290017618111,false,עוגיות שקדים עם טריפל שוקולד 200 גר לחמי,קונדטוריות לחמי,IL,עוגיות לחמי,גרמים,180.00,100 גרם,false,1,14.90,8.28,true,1,
7290017628073,false,ביצים חופש XL עטוף 20 יח,גליקסמן שיווק ביצים,IL,ביצים חופשXL,יחידה,1.00,יחידה,false,1,30.90,30.90,true,1,
7290017637006,false,"שמפו לשיער רגיל בניחוח הדרים נובו 700 מ""ל כשלפ",סאסא טק,IL,שמפו לשיער נובו,מיליליטרים,700.00,"100 מ""ל",false,1,9.90,1.41,true,1,
7290017637198,false,ספריי אלכוהול .,,IL,ספריי אלכוהול,מיליליטרים,100.00,"100 מ""ל",false,1,12.90,12.90,true,1,
7290017637419,false,תרסיס לסירוק קל נובו 200,,IL,תרסיס לסירוק קל,יחידה,1.00,יחידה,false,1,14.90,14.90,true,1,
<<<<<<< HEAD
7290017641096,false,"שוקולד פרימיום 70% לל""ס 100גרם בדצ *12יח*2 בדיס",כרמית תעשיות ממתקים,IL,שוקולד 70% 100גם,גרמים,100.00,100 גרם,false,1,7.90,7.90,true,1,
7290017641102,false,שוקולד פרימיום 70% ללא סוכר בטעם תפוז 100 גרם,כרמית תעשיות ממתקים,IL,שוקולד פרימיום ל,גרמים,100.00,100 גרם,false,1,7.90,7.90,true,1,
=======
7290017641096,false,"שוקולד פרימיום 70% לל""ס 100גרם בדצ *12יח*2 בדיס",כרמית תעשיות ממתקים בעמ,IL,שוקולד 70% 100גם,גרמים,100.00,100 גרם,false,1,7.90,7.90,true,1,
7290017641102,false,שוקולד פרימיום 70% ללא סוכר בטעם תפוז 100 גרם,כרמית תעשיות ממתקים בעמ,IL,שוקולד פרימיום ל,גרמים,100.00,100 גרם,false,1,7.90,7.90,true,1,
>>>>>>> d048ac2f4f281c9d788043ab4e81b61b0dbe3743
7290017641119,false,שוקולד פרימיום 85% מריר כרמית 100 גרם,כרמית תעשיות ממתקים בעמ,IL,אגו שוקולד %\85,גרמים,100.00,100 גרם,false,1,7.80,7.80,true,1,
7290017641188,false,קרקר עם שיפון מלא וסלק כרמית 130 גרם,כרמית תעשיות ממתקים בעמ,LT,קרקר דגנים עם שי,גרמים,130.00,100 גרם,false,1,5.90,4.54,true,1,
7290017641195,false,קרקר עם שיפון מלא וגזר כרמית 130 גרם,כרמית תעשיות ממתקים בעמ,LT,קרקר דגנים עם שי,גרמים,130.00,100 גרם,false,1,4.90,3.77,true,1,
7290017641201,false,קרקר עם שיפון מלא וקייל 130 גר`,כרמית תעשיות ממתקים בעמ,LT,קרקר דגנים עם שי,גרמים,130.00,100 גרם,false,1,4.90,3.77,true,1,
7290017641263,false,פרוטיז סוכריות פירות 15,,TR,סוכריות פירות,גרמים,15.00,100 גרם,false,1,0.90,6.00,true,1,
7290017641379,false,חמישיות שוקולד חלב בדצ 85 ג*5 בלמינט*12 בקרט בדצ,כרמית תעשיות ממתקים בעמ,IL,מארז שוקולד חלב,גרמים,425.00,100 גרם,false,1,14.90,3.51,true,1,
7290017641423,false,מטבעות שוקולד חלב צבעוני בצילינדר כרמית 500 גרם,כרמית תעשיות ממתקים בעמ,IL,מטבעות שוקולד,גרמים,500.00,100 גרם,false,1,29.90,5.98,true,1,
7290017641515,false,"כדורים פריכים מצופים שוקולד לבן 55 גר כשל""פ",כרמית תעשיות ממתקים בעמ,IL,מיקס כדור שוקולד,גרמים,55.00,100 גרם,false,1,3.90,7.09,true,1,
7290017641676,false,"שלישיית שוקולד מריר אגוזים אגו כרמית 255 גרם כשל""פ",כרמית תעשיות ממתקים בעמ,IL,מארז שוקולד מריר,גרמים,255.00,100 גרם,false,1,9.90,3.88,true,1,
7290017641720,false,שוקולד פרימיום 70% שברי שקד כרמית 100 גרם,כרמית תעשיות ממתקים בעמ,IL,שוקולד שקד,גרמים,100.00,100 גרם,false,1,7.80,7.80,true,1,
7290017641737,false,שוקולד פרימיום 70% שברי אגוז כרמית 100 גרם,כרמית תעשיות ממתקים בעמ,IL,שוקולד אגוז,גרמים,100.00,100 גרם,false,1,7.80,7.80,true,1,
<<<<<<< HEAD
7290017641744,false,"חטיפי קרח גדולים בטעמי פטל, לימון, ענבים ואננס",HIQ FOOD PRODUCTS,IL,איגלו סטיקס,יחידה,1.00,יחידה,false,1,4.90,4.90,true,1,
7290017641782,false,טופי אצבעות בטעם תות כרמית 804 גרם,,TR,טופי אצבעות,גרמים,804.00,100 גרם,false,1,19.90,2.48,true,1,
7290017641799,false,טופי אצבעות בטעם תפוח כרמית 804 גרם,דורקאן,TR,טופי אצבעות,גרמים,804.00,100 גרם,false,1,19.90,2.48,true,1,
7290017641812,false,טופי אצבעות בטעם מיקס פירות כרמית 804 גרם,דורקאן,TR,טופי אצבעות,גרמים,804.00,100 גרם,false,1,19.90,2.48,true,1,
7290017641997,false,"שוקולד מריר עם שברי אגוזי לוז פרימיום 70% לל""ס כרמית","כרמית תעשיות ממתקים בע""\",IL,שוקולד מריר %\70,גרמים,100.00,100 גרם,false,1,7.90,7.90,true,1,
7290017677804,false,"רוטב סויה קיקומן ללא חומרים משמרים 444 מ""ל",קיקומן פודז אינק,US,רוטב סויה קיקומן,מיליליטרים,444.00,"100 מ""ל",false,1,17.90,4.03,true,1,
7290017812052,false,יין שיראז-קברנה סוביניון אקסלנס יקבי כרמל,יקבי כרמל Carmel Winery,IL,שיראז-קברנה,מיליליטרים,750.00,"100 מ""ל",false,1,19.90,2.65,true,1,
7290017812106,false,מוג'ו בלנד לבן ח.מתוק750,יקבי כרמל,IL,מוג'ו בלנד לבן,מיליליטרים,750.00,"100 מ""ל",false,1,24.90,3.32,true,1,
7290017812373,false,יין שרדונה לבן יבש פרייבט קולקשן - בקבוק אישי,יקבי כרמל Carmel Winery,IL,יין .P.C שרדונה,מיליליטרים,375.00,"100 מ""ל",false,1,21.90,5.84,true,1,
7290017812595,false,"יין ישן נושן לייט כרמל 3.5% אלכוהל 750 מ""ל",יקבי כרמל Carmel Winery,IL,ישן נושן לייט,מיליליטרים,750.00,"100 מ""ל",false,1,21.90,2.92,true,1,
=======
7290017641744,false,"חטיפי קרח גדולים בטעמי פטל, לימון, ענבים ואננס",כרמית תעשיות ממתקים בעמ,IL,איגלו סטיקס,יחידה,1.00,יחידה,false,1,4.90,4.90,true,1,
7290017641782,false,טופי אצבעות בטעם תות כרמית 804 גרם,כרמית תעשיות ממתקים בעמ,TR,טופי אצבעות,גרמים,804.00,100 גרם,false,1,19.90,2.48,true,1,
7290017641799,false,טופי אצבעות בטעם תפוח כרמית 804 גרם,כרמית תעשיות ממתקים בעמ,TR,טופי אצבעות,גרמים,804.00,100 גרם,false,1,19.90,2.48,true,1,
7290017641812,false,טופי אצבעות בטעם מיקס פירות כרמית 804 גרם,כרמית תעשיות ממתקים בעמ,TR,טופי אצבעות,גרמים,804.00,100 גרם,false,1,19.90,2.48,true,1,
7290017641997,false,"שוקולד מריר עם שברי אגוזי לוז פרימיום 70% לל""ס כרמית",כרמית תעשיות ממתקים בעמ,IL,שוקולד מריר %\70,גרמים,100.00,100 גרם,false,1,7.90,7.90,true,1,
7290017677804,false,"רוטב סויה קיקומן ללא חומרים משמרים 444 מ""ל",דיפלומט מפיצים (1968) בעמ**,US,רוטב סויה קיקומן,מיליליטרים,444.00,"100 מ""ל",false,1,17.90,4.03,true,1,
7290017812052,false,יין שיראז-קברנה סוביניון אקסלנס יקבי כרמל,אגודת הכורמים בעמ,IL,שיראז-קברנה,מיליליטרים,750.00,"100 מ""ל",false,1,19.90,2.65,true,1,
7290017812106,false,מוג'ו בלנד לבן ח.מתוק750,אגודת הכורמים בעמ,IL,מוג'ו בלנד לבן,מיליליטרים,750.00,"100 מ""ל",false,1,24.90,3.32,true,1,
7290017812373,false,יין שרדונה לבן יבש פרייבט קולקשן - בקבוק אישי,אגודת הכורמים -כרמל מזרחי,IL,יין .P.C שרדונה,מיליליטרים,375.00,"100 מ""ל",false,1,21.90,5.84,true,1,
7290017812595,false,"יין ישן נושן לייט כרמל 3.5% אלכוהל 750 מ""ל",אגודת הכורמים בעמ,IL,ישן נושן לייט,מיליליטרים,750.00,"100 מ""ל",false,1,21.90,2.92,true,1,
>>>>>>> d048ac2f4f281c9d788043ab4e81b61b0dbe3743
7290017812649,false,תירוש כרמל לבן 1.2 ליטר,יקבי כרמל,IL,תירוש כרמל לבן,ליטרים,1.20,ליטר,false,1,18.90,15.75,true,1,
7290017812663,false,"תירוש לבן מיץ ענבים מבעבע כרמל 750 מ""ל",ג'\קובז'\י איי.אי פיגלי,IL,תירוש מבעבע לבן,מיליליטרים,750.00,"100 מ""ל",false,1,19.90,2.65,true,1,
7290017812830,false,יין רוזה פרייבט קולקשיין 750מל יקבי כרמל,"כד בני דרום בע""מ",IL,יין רוזה יבש,מיליליטרים,750.00,"100 מ""ל",false,1,37.50,5.00,true,1,
7290017812847,false,"יין פרנץ גוורצטרמינר סלקטד כרמל 750 מ""ל",אגודת הכורמים -כרמל מזרחי,IL,פרנץ גוורצטרמינר,מיליליטרים,750.00,"100 מ""ל",false,1,28.90,3.85,true,1,
7290017812861,false,יין לבש יבש ( 750 מל) וינו,אגודת הכורמים -כרמל מזרחי,,יין וינו לבן יבש,יחידה,1.00,יחידה,false,0,15.60,15.60,true,1,
7290017812977,false,"יין קריניאנו סלקטדאננס באז כרמל 750 מ""ל",אגודת הכורמים -כרמל מזרחי,IL,באזז בטעם אננס,מיליליטרים,750.00,"100 מ""ל",false,1,23.90,3.19,true,1,
7290017871363,false,פמילי יהלום- פמלי סבון ידיים מועשר בשמן מקדמיה לניקוי וטיפוח עור הידיים,המאפיה של הרמן,TR,סבון ידיים פמלי,מיליליטרים,500.00,"100 מ""ל",false,1,9.90,1.98,true,1,
7290017871707,false,חטיף פיצפוצי אורז וקוקוס מצופה שוקולד מריר ללא תוספת סוכר,תות תעשיות מזון (2014) ב,IL,חטיף פצפוצי אורז,גרמים,105.00,100 גרם,false,1,12.90,12.29,true,1,
7290017871929,false,"טוסו גרנולה פירות יבשים ואגוזים ללת""ס 300 ג'","אפקטבעי בע""\מ",IL,גרנולה פירות יבש,גרמים,300.00,100 גרם,false,1,17.90,5.97,true,1,
7290017871936,false,"טוסו גרנולה אגוזים וגרעינים ללת""ס 300גר","אפקטבעי בע""\מ",IL,גרנולה אגוזים,גרמים,300.00,100 גרם,false,1,17.90,5.97,true,1,
7290017871967,false,טוסו אבקת ג'לי טעם אננס 30גרם,אשבל מזון פונקציונלי בע\,IL,ג'לי בטעם אננס,גרמים,25.00,100 גרם,false,1,8.90,35.60,true,1,
7290017871974,false,טוסו אבקת ג'לי טעם תות 30גרם,אשבל מזון פונקציונלי בע\,IL,ג'לי בטעם תות,גרמים,25.00,100 גרם,false,1,8.90,35.60,true,1,
7290017871981,false,טוסו אבקת ג'לי טעם משמש 30גרם,אשבל מזון פונקציונלי בע\,IL,ג'לי בטעם משמש,גרמים,25.00,100 גרם,false,1,8.90,35.60,true,1,
7290017871998,false,פודינג אינסטנט בטעם וניל 30 גר` טוסו,אשבל מזון פונקציונלי בע\,IL,פודינג אינסטנט,גרמים,30.00,100 גרם,false,1,11.90,39.67,true,1,
7290017872018,false,"קרם החתלה פרשוואנס קמומיל וקלנדולה 100 סמ""ק","דנשר (1963) בע,מ",IL,פרש וואנס קרם הח,מיליליטרים,100.00,"100 מ""ל",false,1,14.90,14.90,true,1,
7290017872186,false,טוסו - עוגיות פקאן ללא סוכר 200 גרם,"הגביע מוצרי וופלים בע""\מ",IL,עוגיות פקאן,גרמים,200.00,100 גרם,false,1,14.90,7.45,true,1,
7290017873169,false,"פמילי סבון ידיים מועשר בשמן זית 500 מ""ל",דנשר (1963) בעמ,TR,תחליב רחצה פמלי,מיליליטרים,500.00,"100 מ""ל",false,1,9.90,1.98,true,1,
7290017873176,false,"סבון ידיים מועשר בשמן אבוקדו 500 מ""ל יהלום",דנשר (1963) בעמ,TR,תחליב רחצה פמלי,מיליליטרים,500.00,"100 מ""ל",false,1,9.90,1.98,true,1,
7290017883298,false,סוכריות טופי ממולאבטעמי פירות ליקלוקים.,תיאס גידה ג'י או אס,IL,טופי ממולא 2 צבע,גרמים,200.00,100 גרם,false,1,5.90,2.95,true,1,
7290017883342,false,סוכריות קופצות בטעם ענבים מארז 12 יח',האלקס גידה,TR,סוכריות קופצות,גרמים,48.00,100 גרם,false,1,9.90,20.63,true,1,
7290017883359,false,סוכריות קופצות בטעם תות שדה מארז 12 יח',האלקס גידה,TR,סוכריות קופצות,גרמים,48.00,100 גרם,false,1,9.90,20.63,true,1,
7290017883366,false,סוכריות קופצות בטעם פטל מארז 12 יח',האלקס גידה,TR,סוכריות קופצות,גרמים,48.00,100 גרם,false,1,9.90,20.63,true,1,
7290017883373,false,טופי פספס בטעם פירות יער לקלוקים,,IL,פספס 15 ג פירות,גרמים,15.00,100 גרם,false,1,1.00,6.67,true,1,
7290017883380,false,טופי פספס בטעם תות לקלוקים,,IL,פספס 15 ג תות,גרמים,15.00,100 גרם,false,1,1.00,6.67,true,1,
7290017883397,false,טופי פספס בטעם ענבים לקלוקים,,IL,פספס 15 ג ענבים,גרמים,15.00,100 גרם,false,1,1.00,6.67,true,1,
7290017883656,false,פס טופי דאבל טעמים 160 גרם,קונפקטיס 3 ק.מ אמליאס,GR,פס טופי דאבל,גרמים,160.00,100 גרם,false,1,14.90,9.31,true,1,
7290017883663,false,דאבליו סוכריות טופי במרקם קרמי 200 גרם,קונפקטיס 3 ק.מ אמליאס,GR,סוכריות טופי,גרמים,200.00,100 גרם,false,1,9.90,4.95,true,1,
<<<<<<< HEAD
7290017888095,false,"רביעיית פחיות שוופס מוגז עדין פירות יער 330 מ""ל.",יפאורה תבורי בעמ,IL,שוופס מוגז 4 יח,ליטרים,1.32,ליטר,false,1,11.90,9.02,true,1,
7290017888101,false,"שוויפס מוגז עדין אפרסק מארז רביעייה* 330 מ""ל",יפאורה תבורי בעמ,IL,שוופס מוגז 4 פח,ליטרים,1.32,ליטר,false,1,11.90,9.02,true,1,
=======
7290017888095,false,"רביעיית פחיות שוופס מוגז עדין פירות יער 330 מ""ל.",יפאורה שותפות מוגבלת לשיווק,IL,שוופס מוגז 4 יח,ליטרים,1.32,ליטר,false,1,11.90,9.02,true,1,
7290017888101,false,"שוויפס מוגז עדין אפרסק מארז רביעייה* 330 מ""ל",יפאורה שותפות מוגבלת לשיווק,IL,שוופס מוגז 4 פח,ליטרים,1.32,ליטר,false,1,11.90,9.02,true,1,
>>>>>>> d048ac2f4f281c9d788043ab4e81b61b0dbe3743
7290017888347,false,מי עדן פקק ספורטאים 500,"מי עדן בע""מ",IL,מי עדן פקק ספורט,מיליליטרים,500.00,"100 מ""ל",false,1,2.90,0.58,true,1,
7290017888729,false,שוופס סודה בקבוק 1 ל',יפאורה שותפות מוגבלת לשיווק,IL,סודה שוופס,ליטרים,1.00,ליטר,false,1,3.90,3.90,true,1,
7290017890203,false,המבורגר פרימיום 500 גרם,וול דאן,IL,המבורגר פרימיום,גרמים,500.00,100 גרם,false,1,34.90,6.98,true,1,
7290017890289,false,"בקר טחון 500 גרם עד""ח 50",וול דאן,IL,בקר טחון 500 גרם,גרמים,500.00,100 גרם,false,1,36.90,7.38,true,1,
7290017917467,false,קמיל בלו סנסטי בשיבולת שועל אל סבון טיפולי לתינוק,"פישר תעשיות פרמצביטות בע""מ",IL,אל סבון ש.שועל,ליטרים,1.00,ליטר,false,1,25.90,25.90,true,1,
7290017926360,false,"סיגר במילוי בשר 600 גר' בד""ץ",,IL,סיגר במילוי בשר,גרמים,600.00,100 גרם,false,1,16.90,2.82,true,1,
7290017926407,false,"קובה למרק בשרי 600 גר' בד""ץ",חטיפי אלקיים,IL,קובה למרק,גרמים,600.00,100 גרם,false,1,16.90,2.82,true,1,
7290017926414,false,"קובה חמוסטה בשרי 600 גר' בד""ץ",חטיפי אלקיים,IL,קובה חמוסטה,גרמים,600.00,100 גרם,false,1,16.90,2.82,true,1,
7290017928036,false,מקלות גריסיני שומשום מאיר בייגל 175 גרם,מאיר את בייגל,IL,גריסיני שומשום,גרמים,175.00,100 גרם,false,1,9.90,5.66,true,1,
7290017928043,false,מקלות גריסיני קראנץ' מלח מאיר בייגל 175 גרם,מאיר את בייגל,IL,גריסיני קראנץ,גרמים,175.00,100 גרם,false,1,9.90,5.66,true,1,
7290017928296,false,שברי בייגלה בטעם דבש חרדל ובצל 300 גר' מאיר את בייגל,"דנשר (1963) בע,מ",BG,סמאש שברי בייגלה,גרמים,300.00,100 גרם,false,1,11.90,3.97,true,1,
7290017928432,false,מקלות גריסיני קראנץ' פרג מאיר בייגל 175 גרם,מאיר את בייגל,IL,גריסיני קראנץ,גרמים,175.00,100 גרם,false,1,9.90,5.66,true,1,
7290017928494,false,שברי בייגלה בטעם צדר 300 גר' מאיר את בייגל,"דנשר (1963) בע,מ",BG,סמאש שברי בייגלה,גרמים,300.00,100 גרם,false,1,11.90,3.97,true,1,
7290017928616,false,בייגלה שטוחלה שומשום 300 גר` מאיר בייגל,מאיר את בייגל,IL,בייגלה שטוחלה,גרמים,300.00,100 גרם,false,1,6.90,2.30,true,1,
7290017932088,false,תחתית אפויה לפאי 170 גרם גאלה,מור ים מרקטינג בעמ,IL,גאלה תחתית אפויה,גרמים,170.00,100 גרם,false,1,11.90,7.00,true,1,
7290017932200,false,"חומץ תפוחים אורגני 500 מ""ל",,IL,חומץ תפוחים אורג,מיליליטרים,500.00,"100 מ""ל",false,1,11.90,2.38,true,1,
7290017932316,false,רוטב עגבניות לפסטה עם שמן זית 680 גר' דיניקולה,מור ים מרקטינג בעמ,IL,רוטב פסטה,גרמים,680.00,100 גרם,false,1,16.90,2.49,true,1,
7290017938264,false,"חומוס בתוספת רוטב פיקנטי, 200 גרם","סלטי שמיר 2006 בע""\מ",IL,חומוס חריף,גרמים,200.00,100 גרם,false,1,7.90,3.95,true,1,
7290017962009,false,גרנולה וניל אגוזים 330 גרם,"דני וגלית בע""מ",IL,גרנולה וניל אגוז,גרמים,330.00,100 גרם,false,1,14.90,4.52,true,1,
7290017962023,false,גרנולה מייפל תמר פקאן 330 גרם,"דני וגלית בע""מ",IL,גרנולה מייפל תמר,גרמים,330.00,100 גרם,false,1,14.90,4.52,true,1,
7290017962030,false,גרנולה סופר בריס 330 גרם,"דני וגלית בע""מ",IL,גרנולה סופר בריס,גרמים,330.00,100 גרם,false,1,14.90,4.52,true,1,
7290017965185,false,"ברוקולי 2 ק""ג עד""ח 2 ק""ג",,IL,"ברוקולי 2 ק""ג",גרמים,2000.00,100 גרם,false,1,72.90,3.65,true,1,
7290017969060,false,נייר טואלט ירוק פליי שמאי 32 גלילים,,IL,נייר טואלט,יחידה,1.00,יחידה,false,1,27.90,27.90,true,1,
7290017969121,false,כוסות שיש לבן זהב 40 יח' PP כשל''פ עד''ח אחת שתיים ר. שמאי,,IL,כוסות דגמת שיש מ,יחידה,1.00,יחידה,false,1,8.90,8.90,true,1,
7290017969206,false,אשפה 75/90 אפור ידית נשלף אחד אחד שטוח עבה מאוד 20 יח שמאי,,IL,אשפתון אפור,יחידה,1.00,יחידה,false,1,14.90,14.90,true,1,
7290017969398,false,מטאטא שיער סוס שמאי,,IL,מטאטא שיער סוס,יחידה,1.00,יחידה,false,1,22.90,22.90,true,1,
7290017969497,false,מגב שיש פלסטיק גומי מולחם =ר. שמאי=,,IL,מגב חלון ושיש,יחידה,1.00,יחידה,false,1,4.90,4.90,true,1,
7290017969671,false,ספוג רחצה רך ג'נטלנס שלישייה,,IL,כדור ספוג רך שלי,יחידה,1.00,יחידה,false,1,7.90,7.90,true,1,
7290017969701,false,ספוג סקוטש עשיריור. שמאי,,IL,ספוג סקוטש עשירי,יחידה,1.00,יחידה,false,1,4.90,4.90,true,1,
7290017969794,false,כוסיות זכוכית לנר עם רגל שמאי,,IL,כוסית לנרונים שט,יחידה,1.00,יחידה,false,1,1.90,1.90,true,1,
7290017969800,false,כוסיות זכוכית לנר בלי רגל שמאי,,IL,כוסית לנרונים שט,יחידה,1.00,יחידה,false,1,1.90,1.90,true,1,
7290017969855,false,זוג כוסיות רגל בלי גומי,,IL,זוג כוסיות רגל ב,יחידה,1.00,יחידה,false,1,3.90,3.90,true,1,
7290017969862,false,שישיית נייר מגבת מטבח סופטנס שמאי,,IL,נייר מגבת סופטנס,יחידה,1.00,יחידה,false,1,9.90,9.90,true,1,
7290017969916,false,צמר גפן רפואי כותנה 100,,IL,צמר גפן ר.שמאי,גרמים,100.00,100 גרם,false,1,3.90,3.90,true,1,
7290017969930,false,צלחות ענקיות צבעוני דגם רויאל 12 יח' ר. שמאי,,IL,צלחת ענק רויאל,יחידה,1.00,יחידה,false,1,11.90,11.90,true,1,
7290017969947,false,צלחות גדולות צבעוני דגם רויאל 12 יח' ר. שמאי,,IL,צלחת גדול רויאל,יחידה,1.00,יחידה,false,1,8.90,8.90,true,1,
7290017969954,false,מרקיות צבעוני דגם רויאל 12 יח' ר. שמאי,,IL,צלחת מרק רויאל,יחידה,1.00,יחידה,false,1,7.90,7.90,true,1,
7290017969978,false,כוסות מרוקאיות קרם 40 יח' 1-2 ר. שמאי,,IL,כוסות מעוטרות 40,יחידה,1.00,יחידה,false,1,8.90,8.90,true,1,
7290017974002,false,רביולי 4 גבינות איי פוד 450 גרם,"אימפריאל הזרב פוד בע""מ",IL,רביולי גבינות,גרמים,450.00,100 גרם,false,1,19.90,4.42,true,1,
7290017974583,false,רביולי בטטה איי פוד 450 גרם,אימפריאל רזרב פוד,IL,רביולי בטטה,גרמים,450.00,100 גרם,false,1,19.90,4.42,true,1,
7290017978215,false,קרמבו מוקה 16 יחידות(ריאו).,ריאו נתניה ביחר לגלידה וממתקים,IL,קרמבו ט.מוקה,יחידה,1.00,יחידה,false,1,21.90,21.90,true,1,
7290017978246,false,שמיניות קרח ללא סוכר בטעם תות LIGHTICE,"גלידות ריאו ביח""ר לג",IL,קרחוניים 8 יח,יחידה,1.00,יחידה,false,1,16.90,16.90,true,1,
7290017978659,false,מאגדת קראנצי מצופרווה בננה,"גלידות ריאו ביח""ר לג",IL,מאגדת קרנצי בננה,גרמים,480.00,100 גרם,false,1,18.90,3.94,true,1,
7290017978833,false,"ריאו גלידונית חלבית ""שוקולידה"" 32יח","ביח""\ר לגלידה וממתקים בע",IL,חטיפי שוקולידה,יחידה,1.00,יחידה,false,1,29.90,29.90,true,1,
7290017981031,false,סוכריות ללא סוכר בטעם משמש,,IL,סוכריות,יחידה,1.00,יחידה,false,1,10.90,10.90,true,1,
7290017981048,false,סוכריות ללא סוכר בטעם תות,,IL,"סוכריות לל""ס תות",יחידה,1.00,יחידה,false,1,10.90,10.90,true,1,
7290017981079,false,סוכריות ללא סוכר בטעם סטרונג מנטה,,IL,סוכריות,יחידה,1.00,יחידה,false,1,10.90,10.90,true,1,
7290017981086,false,סוכריות ללא סוכר בטעם מנטה עדין,,IL,סוכריות,יחידה,1.00,יחידה,false,1,10.90,10.90,true,1,
7290017981109,false,סוכריות ללא סוכר בטעם דובדבן,,IL,סוכריות,יחידה,1.00,יחידה,false,1,10.90,10.90,true,1,
7290017981123,false,סוכריות ללא סוכר בטעם לימון,,IL,סוכריות,יחידה,1.00,יחידה,false,1,10.90,10.90,true,1,
7290017981147,false,סוכריות ללא סוכר בטעם ענבים,,IL,סוכריות,יחידה,1.00,יחידה,false,1,10.90,10.90,true,1,
7290017981178,false,סוכריות ללא סוכר בטעם תות בננה,,IL,סוכריות,יחידה,1.00,יחידה,false,1,10.90,10.90,true,1,
7290017981208,false,סוכריות ללא סוכר בטעם ליקוריץ,,IL,סוכריות,יחידה,1.00,יחידה,false,1,10.90,10.90,true,1,
<<<<<<< HEAD
7290018091838,false,חטיפי פילאס גבינה מעדנות 600 גרם,מעדנות בעמ,IL,חטיפי פילאס גבינ,גרמים,600.00,100 גרם,false,1,19.90,3.32,true,1,
7290018099025,false,עשירייה פיתות כוסמין רכות במיוחד 99 קלוריות,מאסטר פייתה,IL,10 פיתות כוסמין,יחידה,1.00,יחידה,false,1,14.90,14.90,true,1,
7290018131251,false,אקסטרים מטבע שוקולד לבן וליבת קרם עוגיות 115ג',גלידות נסטלה )נגה גלידות,IL,אקסטרים מטבע שוק,יחידה,1.00,יחידה,false,1,7.90,7.90,true,1,
=======
7290018091838,false,חטיפי פילאס גבינה מעדנות 600 גרם,תנובה ענף ב.ע.ד,IL,חטיפי פילאס גבינ,גרמים,600.00,100 גרם,false,1,19.90,3.32,true,1,
7290018099025,false,עשירייה פיתות כוסמין רכות במיוחד 99 קלוריות,מאסטר פייתה,IL,10 פיתות כוסמין,יחידה,1.00,יחידה,false,1,14.90,14.90,true,1,
7290018131251,false,אקסטרים מטבע שוקולד לבן וליבת קרם עוגיות 115ג',נגה גלידות שותפות מוגבלת,IL,אקסטרים מטבע שוק,יחידה,1.00,יחידה,false,1,7.90,7.90,true,1,
>>>>>>> d048ac2f4f281c9d788043ab4e81b61b0dbe3743
7290018131954,false,מאגדת לה פרוטה תות שוקולד נסטלה 350 גרם,נגה גלידות שותפות מוגבלת,IL,מאגדת להפרוטה תו,גרמים,350.00,100 גרם,false,1,21.90,6.26,true,1,
7290018156087,false,"ד""ר פישר - סרקל אקטיב שמפו 450 מ""ל","פישר תעשיות פרמבצטיות בע""מ",IL,סרקל אקטיב שמפו,מיליליטרים,450.00,"100 מ""ל",false,1,35.90,7.98,true,1,
7290018156780,false,אלכו קרם היגיינת ידיים75,מדי פישר,IL,אלכו קרם ג'ל,מיליליטרים,75.00,"100 מ""ל",false,1,19.90,26.53,true,1,
7290018195031,false,"שמן זית כתית מעולה ישראלי טעמן 750 מ""ל",טעמן שווק מזון בעמ,IL,שמן זית כתית,מיליליטרים,750.00,"100 מ""ל",false,1,32.90,4.39,true,1,
7290018195048,false,"חתיכות אננס בסירופ קל טעמן, 850 גרם",טעמן שיווק מזון בעמ,TH,חתיכות אננס 850ג,גרמים,850.00,100 גרם,false,1,9.90,1.16,true,1,
7290018195086,false,חלב מרוכז טעמן 340 גרם,טעמן,IL,חלב מרוכז,גרמים,340.00,100 גרם,false,1,11.90,3.50,true,1,
7290018195161,false,שוקולד חלב שברי אגוזים 100 גרם טעמן,אס.קיי ראיס אינטרנשי,IL,שוקולד חלב+אגוזי,גרמים,100.00,100 גרם,false,1,4.90,4.90,true,1,
7290018195178,false,שוקולד מריר 62% קקאו 100 גרם טעמן,אס.קיי ראיס אינטרנשי,IL,שוקולד מריר 100%,גרמים,62.00,100 גרם,false,1,4.90,7.90,true,1,
<<<<<<< HEAD
7290018195321,false,חמישיית שוקולד זהב מריר 100 גרם טעמן,אלבה שוקולד,IL,חמישיית שוקולד,יחידה,1.00,יחידה,false,1,24.90,24.90,true,1,
7290018195406,false,"שמן זית כתית מעולה עגול 750 מ""ל",מוצרי יסוד - טעמן,IL,שמן זית כתית,מיליליטרים,750.00,"100 מ""ל",false,1,29.90,3.99,true,1,
7290018195499,false,אבקת אפיה 100 גרם טעמן,,,אבקת אפיה,יחידה,1.00,יחידה,false,0,1.90,1.90,true,1,
7290018195505,false,סוכר וניל 100 גרם טעמן,,,סוכר וניל,יחידה,1.00,יחידה,false,0,1.90,1.90,true,1,
7290018195512,false,ארוחת אורז בסגנון מקסיקני טעמן,,IL,ארוחת אורז אושפל,יחידה,1.00,יחידה,false,1,12.90,12.90,true,1,
7290018195529,false,ארוחת אורז מג'דרה טעים 250 גרם,,IL,ארוחת אורז מג'נר,יחידה,1.00,יחידה,false,1,12.90,12.90,true,1,
7290018195536,false,ארוחת אורז בסגנון איטלקי טעים 250 גרם,,IL,ארוחת אורז בסגנו,יחידה,1.00,יחידה,false,1,12.90,12.90,true,1,
7290018195543,false,ארוחת אורז בסגנון מקסיקני טעים 250 גרם,,IL,ארוחת אורז סגנון,יחידה,1.00,יחידה,false,1,12.90,12.90,true,1,
7290018195703,false,"שמן זית כתית מעולה 750 מ""ל 45 שנה טעמן",מוצרי יסוד - טעמן,IL,שמן זית כתית,יחידה,1.00,יחידה,false,1,14.90,14.90,true,1,
=======
7290018195321,false,חמישיית שוקולד זהב מריר 100 גרם טעמן,טעמן שיווק מזון בעמ,IL,חמישיית שוקולד,יחידה,1.00,יחידה,false,1,24.90,24.90,true,1,
7290018195406,false,"שמן זית כתית מעולה עגול 750 מ""ל",טעמן שיווק מזון בעמ,IL,שמן זית כתית,מיליליטרים,750.00,"100 מ""ל",false,1,29.90,3.99,true,1,
7290018195499,false,אבקת אפיה 100 גרם טעמן,טעמן שווק מזון בעמ,,אבקת אפיה,יחידה,1.00,יחידה,false,0,1.90,1.90,true,1,
7290018195505,false,סוכר וניל 100 גרם טעמן,טעמן שווק מזון בעמ,,סוכר וניל,יחידה,1.00,יחידה,false,0,1.90,1.90,true,1,
7290018195512,false,ארוחת אורז בסגנון מקסיקני טעמן,טעמן שווק מזון בעמ,IL,ארוחת אורז אושפל,יחידה,1.00,יחידה,false,1,12.90,12.90,true,1,
7290018195529,false,ארוחת אורז מג'דרה טעים 250 גרם,טעמן שווק מזון בעמ,IL,ארוחת אורז מג'נר,יחידה,1.00,יחידה,false,1,12.90,12.90,true,1,
7290018195536,false,ארוחת אורז בסגנון איטלקי טעים 250 גרם,טעמן שווק מזון בעמ,IL,ארוחת אורז בסגנו,יחידה,1.00,יחידה,false,1,12.90,12.90,true,1,
7290018195543,false,ארוחת אורז בסגנון מקסיקני טעים 250 גרם,טעמן שווק מזון בעמ,IL,ארוחת אורז סגנון,יחידה,1.00,יחידה,false,1,12.90,12.90,true,1,
7290018195703,false,"שמן זית כתית מעולה 750 מ""ל 45 שנה טעמן",טעמן שיווק מזון בעמ,IL,שמן זית כתית,יחידה,1.00,יחידה,false,1,14.90,14.90,true,1,
>>>>>>> d048ac2f4f281c9d788043ab4e81b61b0dbe3743
7290018195727,false,דבש 30 גרם טעמן,,IL,דבש 30 גרם,יחידה,1.00,יחידה,false,1,3.90,3.90,true,1,
7290018195802,false,"פילה מקרל בשמן קנולה בד""ץ טעמן",,,פילה מקרל בשמן,יחידה,1.00,יחידה,false,0,10.90,10.90,true,1,
7290018195819,false,"פילה מקרל בשמן קנולה ופלפל חריף בד""ץ טעמן",,,פילה מקרל בשמן ו,יחידה,1.00,יחידה,false,0,10.90,10.90,true,1,
7290018195826,false,פילה סרדין בשמן קנולה טעמן,,,פילה סרדין בשמן,יחידה,1.00,יחידה,false,0,10.90,10.90,true,1,
7290018195888,false,דבש טהור לחיץ מפרחי בר 350 גרם טעמן,,IL,דבש טהור לחיץ מפ,גרמים,350.00,100 גרם,false,1,22.90,6.54,true,1,
7290018195895,false,קראנצ' חטיפי שיבולת שועל שוקולד מריר 40X5 גרם,סנטה איי קוולסקי אס,CN,חטיף קראנצ200'גר,גרמים,200.00,100 גרם,false,1,12.90,6.45,true,1,
7290018195901,false,קראנצ' חטיפי שיבולת שועל ודבש 40X5 גרם,סנטה איי קוולסקי אס,CN,חטיף קראנצ200'גר,גרמים,200.00,100 גרם,false,1,12.90,6.45,true,1,
7290018195918,false,קראנצ' חטיפי שיבולת שועל דבש וקינמון 40X5 גרם,סנטה איי קוולסקי אס,CN,חטיף קראנצ200'גר,גרמים,200.00,100 גרם,false,1,12.90,6.45,true,1,
7290018204047,false,מגש תחרה מלבני שקוף לאירוח 36X16 ר. שמאי,,,מגש תחרה שקוף יח,יחידה,1.00,יחידה,false,0,6.90,6.90,true,1,
7290018204108,false,כוסות קרטון 16 איכותי 25 י'ח ר. שמאי,,CN,כוס 16,יחידה,1.00,יחידה,false,1,12.90,12.90,true,1,
7290018204160,false,צלחות גדול קלאסיק שמאי לבן למיקרוגל 100 יח',,IL,צלחות גדולות קלא,יחידה,1.00,יחידה,false,1,39.90,39.90,true,1,
7290018204177,false,"צלחות קטן CLASSIC צבעוני 100 יח' למיקרוגל ר. שמאי כשל""פ עד""ח",,,צלחות קטנות קלאס,יחידה,1.00,יחידה,false,0,24.90,24.90,true,1,
7290018204184,false,מרקיות CLASSUC צבעוני 100 יח' ר. שמאי,,,צלחות למרק קלאסי,יחידה,1.00,יחידה,false,0,29.90,29.90,true,1,
7290018204191,false,לפתניות קלאסיק לבן למיקרוגל שמאי 100 יח',,,לפתניות קלאסיק 1,יחידה,1.00,יחידה,false,0,14.90,14.90,true,1,
7290018204238,false,משחת נעליים מוצק+ספוג שחור,,,משחת נעליים מוצק,יחידה,1.00,יחידה,false,0,2.90,2.90,true,1,
7290018204245,false,משחת נעליים נוזלית שחור,,,משחת נעליים נוזל,יחידה,1.00,יחידה,false,0,3.90,3.90,true,1,
7290018204252,false,משחת נעליים נוזלי שקוף מבריק,,,ספוג הברקה,יחידה,1.00,יחידה,false,0,4.90,4.90,true,1,
7290018204283,false,כוסות יהלום בורדו / נחושת 40 ר. שמאי,,,כוס יהלום צבעוני,יחידה,1.00,יחידה,false,0,8.90,8.90,true,1,
7290018204467,false,צמר פלדה קטן ר. שמאי 80ג',,IL,צמר פלדה,יחידה,1.00,יחידה,false,1,1.90,1.90,true,1,
7290018204474,false,צמר פלדה ר. שמאי 200 גר',,IL,"צמר פלדה 200 ג""ר",יחידה,1.00,יחידה,false,1,4.90,4.90,true,1,
7290018204498,false,תחתיות תחרה לצלחות 12 יח' ר. שמאי,,,תחתית תחרה לצלחת,יחידה,1.00,יחידה,false,0,9.90,9.90,true,1,
7290018204573,false,מנג'טים לאפיה צבעוניים 1.5 100 יח' PVC ר. שמאי,,IL,מנג'טים צבעוניים,יחידה,1.00,יחידה,false,1,3.90,3.90,true,1,
7290018204580,false,מנג'טים לאפיה צבעוניים 2 100 יח' PVC ר. שמאי,,IL,מנג'טים צבעוניים,יחידה,1.00,יחידה,false,1,3.90,3.90,true,1,
7290018204597,false,מנג'טים לאפיה צבעוניים 3 100 יח' PVC ר. שמאי,,IL,מנג'טים צבעוניים,יחידה,1.00,יחידה,false,1,4.50,4.50,true,1,
7290018204603,false,מנג'טים לאפיה צבעוניים 4 100 יח' PVC ר. שמאי,,IL,מנג'טים צבעוניים,יחידה,1.00,יחידה,false,1,4.90,4.90,true,1,
7290018204610,false,מנג'טים לאפיה צבעוניים מס' 5 שמאי 100 יח',,IL,מנג'טים צבעוניים,יחידה,1.00,יחידה,false,1,5.90,5.90,true,1,
7290018204641,false,צלחות קשיחות קטן 10 יח' כשל''פ עד''ח ר. שמאי,,IL,צלחת אייפל גודל,יחידה,1.00,יחידה,false,1,13.90,13.90,true,1,
7290018204658,false,"מרקיות לבן כסף 10יח' כשל""פ",,IL,צלחת מרק אייפל 1,יחידה,1.00,יחידה,false,1,15.90,15.90,true,1,
7290018204665,false,קעריות אובלי קשיחות 10 יח' כשל''פ עד''ח ר. שמאי,,IL,קסרול אייפל 10 י,יחידה,1.00,יחידה,false,1,9.90,9.90,true,1,
7290018204733,false,ראנר בד לעריכה ש,,,ראנר בד לעריכה ש,יחידה,1.00,יחידה,false,0,12.90,12.90,true,1,
7290018204740,false,ראנר תחרה אורגנזה 0.24X2.4 מטר ר. שמאי,,,ראנר תחרה אורגנז,יחידה,1.00,יחידה,false,0,12.90,12.90,true,1,
7290018204924,false,מדליקונים להדלקת נרות שבת/חנוכה 15 יח',,IL,מדליקונים 15 יחי,יחידה,1.00,יחידה,false,1,3.90,3.90,true,1,
7290018242599,false,קבוקים עם שומשום - 200 ג,,IL,קבוקים עם שומשום,יחידה,1.00,יחידה,false,1,6.90,6.90,true,1,
7290018283158,false,מארז הלחוח של אמא גדול שלישייה,,IL,מארז לחוח 3 יח',גרמים,540.00,100 גרם,false,1,14.90,2.76,true,1,
7290018294000,false,"יין קינג דויד רוזה כרמל 750 מ""ל",אגודת הכורמים,IL,קינג דויד רוזה,מיליליטרים,750.00,"100 מ""ל",false,1,18.90,2.52,true,1,
7290018294055,false,תירוש כרמל רוזה 1.2 ליטר,יקבי כרמל,IL,תירוש כרמל רוזה,ליטרים,1.20,ליטר,false,1,18.90,15.75,true,1,
7290018294192,false,"יין בלנד היינן אדום יבש 750 מ""ל p.c",אגודת הכורמים -כרמל מזרחי,IL,יין בלנד אדום,מיליליטרים,750.00,"100 מ""ל",false,1,37.50,5.00,true,1,
7290018294208,false,"סלקטדאדום ישראלי יבש כרמל 750 מ""ל",אגודת הכורמים בעמ,IL,יין אדום סלקטד,מיליליטרים,750.00,"100 מ""ל",false,1,28.90,3.85,true,1,
7290018294352,false,"ארק יקבי כרמל 700 מ""",אגודת הכורמים -כרמל מזרחי,ES,ארק כרמל,מיליליטרים,700.00,"100 מ""ל",false,1,54.90,7.84,true,1,
7290018294901,false,"יין מונלייט אדום יבש 750 מ""ל כרמל",יקבי כרמל Carmel Winery,IL,מונלייט אדום,מיליליטרים,750.00,"100 מ""ל",false,1,29.90,3.99,true,1,
7290018333006,false,"שוקולד מריר עם שברי שקדים פרימיום 70% לל""ס כרמית","כרמית תעשיות ממתקים בע""\",IL,שוקולד מריר %\70,גרמים,100.00,100 גרם,false,1,7.90,7.90,true,1,
7290018333082,false,אגו מיקס קורנפלקס שוקולד חלב ולבן כרמית 55 גרם,"כרמית תעשיות ממתקים בע""\",IL,אגו מיקס 55גרם,גרמים,55.00,100 גרם,false,1,3.90,7.09,true,1,
7290018333099,false,אגו מיקס קורנפלקס מצופה ש.חלב ולבן 55גר' 24 בקר',"כרמית תעשיות ממתקים בע""\",IL,אגו מיקס מצופים,גרמים,55.00,100 גרם,false,1,3.90,7.09,true,1,
<<<<<<< HEAD
7290018333181,false,אגו רוקס חטיפי שוקולד חלב עם פתיתי תירס ושברי אגוזי לוז 100 גרם,כרמית,IL,חטיפי שוקולד חלב,גרמים,100.00,100 גרם,false,1,8.90,8.90,true,1,
7290018333198,false,"אגו רוקס חטיפי שוקולד חלב עם פתיתי תירס, שברי בוטנים מסוכרים ומלח 100 גרם","כרמית תעשיות ממתקים בע""\",IL,חטיפי שוקולד חלב,גרמים,100.00,100 גרם,false,1,8.90,8.90,true,1,
7290018333204,false,"אגו רוקס חטיפי שוקולד לבן עם פתיתי תירס, שבבי קוקוס ושברי פקאן סיני 100 גרם","כרמית תעשיות ממתקים בע""\",IL,חטיפי שוקולד לבן,גרמים,100.00,100 גרם,false,1,8.90,8.90,true,1,
7290018333259,false,טופי בטעם תות כרמית 50 גרם,,TR,סוכריות טופי בטע,גרמים,50.00,100 גרם,false,1,1.50,3.00,true,1,
7290018333945,false,חטיף אגוזים רפאלס שקד ווניל בדצ 150 גר *12יח,כרמית תעשיות ממתקים,IL,חטיף אגוזים5 יח,גרמים,150.00,100 גרם,false,1,14.90,9.93,true,1,
7290018333952,false,חטיף אגוזים רפאלס וחמוציות בדצ 150 גר *12יח,כרמית תעשיות ממתקים,IL,חטיף אגוזים5 יח,גרמים,150.00,100 גרם,false,1,14.90,9.93,true,1,
7290018333969,false,חטיף גרנולה רפאלס שקדים וטחינה בדצ 150 גר *12יח,כרמית תעשיות ממתקים,IL,חטיף גרנולה 5יח,גרמים,150.00,100 גרם,false,1,14.90,9.93,true,1,
7290018333976,false,חטיף גרנולה רפאלס קשיו וקוקוס בדצ 150 גר *12יח,כרמית תעשיות ממתקים,IL,חטיף גרנולה 5 יח,גרמים,150.00,100 גרם,false,1,14.90,9.93,true,1,
7290018344156,false,חטיף חלווה שקדים טוב האר,"ממתקי השלום בעולם בע""\מ\",IL,חטיף חלווה שקדים,יחידה,1.00,יחידה,false,1,6.90,6.90,true,1,
7290018344163,false,חטיף חלווה פולי קקאו טוב,"ממתקי השלום בעולם בע""\מ",IL,חטיף חלווה פולי,יחידה,1.00,יחידה,false,1,6.90,6.90,true,1,
=======
7290018333181,false,אגו רוקס חטיפי שוקולד חלב עם פתיתי תירס ושברי אגוזי לוז 100 גרם,כרמית תעשיות ממתקים בעמ,IL,חטיפי שוקולד חלב,גרמים,100.00,100 גרם,false,1,8.90,8.90,true,1,
7290018333198,false,"אגו רוקס חטיפי שוקולד חלב עם פתיתי תירס, שברי בוטנים מסוכרים ומלח 100 גרם",כרמית תעשיות ממתקים בעמ,IL,חטיפי שוקולד חלב,גרמים,100.00,100 גרם,false,1,8.90,8.90,true,1,
7290018333204,false,"אגו רוקס חטיפי שוקולד לבן עם פתיתי תירס, שבבי קוקוס ושברי פקאן סיני 100 גרם",כרמית תעשיות ממתקים בעמ,IL,חטיפי שוקולד לבן,גרמים,100.00,100 גרם,false,1,8.90,8.90,true,1,
7290018333259,false,טופי בטעם תות כרמית 50 גרם,כרמית תעשיות ממתקים בעמ,TR,סוכריות טופי בטע,גרמים,50.00,100 גרם,false,1,1.50,3.00,true,1,
7290018333945,false,חטיף אגוזים רפאלס שקד ווניל בדצ 150 גר *12יח,כרמית תעשיות ממתקים בעמ,IL,חטיף אגוזים5 יח,גרמים,150.00,100 גרם,false,1,14.90,9.93,true,1,
7290018333952,false,חטיף אגוזים רפאלס וחמוציות בדצ 150 גר *12יח,כרמית תעשיות ממתקים בעמ,IL,חטיף אגוזים5 יח,גרמים,150.00,100 גרם,false,1,14.90,9.93,true,1,
7290018333969,false,חטיף גרנולה רפאלס שקדים וטחינה בדצ 150 גר *12יח,כרמית תעשיות ממתקים בעמ,IL,חטיף גרנולה 5יח,גרמים,150.00,100 גרם,false,1,14.90,9.93,true,1,
7290018333976,false,חטיף גרנולה רפאלס קשיו וקוקוס בדצ 150 גר *12יח,כרמית תעשיות ממתקים בעמ,IL,חטיף גרנולה 5 יח,גרמים,150.00,100 גרם,false,1,14.90,9.93,true,1,
7290018344156,false,חטיף חלווה משומשום מלא בתוספת שקדים ללא,"ממתקי השלום בעולם בע""\מ\",IL,חטיף חלווה שקדים,יחידה,1.00,יחידה,false,1,6.90,6.90,true,1,
7290018344163,false,חטיף חלווה משומשום מלא בתוספת פולי קקאו,"ממתקי השלום בעולם בע""\מ",IL,חטיף חלווה פולי,יחידה,1.00,יחידה,false,1,6.90,6.90,true,1,
>>>>>>> d048ac2f4f281c9d788043ab4e81b61b0dbe3743
7290018344187,false,חטיף חלווה משומשום מלא בתוספת פיסטוק ללא סוכר 70 ג',"ממתקי השלום בעולם בע""\מ",IL,חטיף חלווה פיסטו,יחידה,1.00,יחידה,false,1,6.90,6.90,true,1,
7290018371299,false,אובלטים אורגניים מקמח חומוס 100 גרם,השדה מוצרים טבעיים ו,IL,אובלטים אורגניים,גרמים,100.00,100 גרם,false,1,12.90,12.90,true,1,
7290018371305,false,אובלטים מקמח עדשים אדומות אורגני 100 גרם,השדה מוצרים טבעיים ו,IL,אובלטים אורגניים,גרמים,100.00,100 גרם,false,1,12.90,12.90,true,1,
7290018371312,false,אובלטים מקמח כוסמת אורגני 100 גרם,אם החיטה,IL,אובלטים אורגניים,גרמים,100.00,100 גרם,false,1,12.90,12.90,true,1,
7290018371466,false,וופל קמח מלא חרובים אורגני 200 גרם,השדה מוצרים טבעיים ו,IL,וופל קמח מלא,גרמים,200.00,100 גרם,false,1,14.90,7.45,true,1,
7290018371473,false,וופל קמח כוסמין חרובים אורגני 500 גרם,,IL,וופל קמח כוסמין,גרמים,500.00,100 גרם,false,1,31.90,6.38,true,1,
7290018371480,false,וופל קמח כוסמין חרובים אורגני 200 גרם,השדה מוצרים טבעיים ו,IL,וופל קמח כוסמין,גרמים,200.00,100 גרם,false,1,16.90,8.45,true,1,
7290018371503,false,וופל קמח כוסמין אגוזים אורגני 200 גרם,השדה מוצרים טבעיים ו,IL,וופל קמח כוסמין,גרמים,200.00,100 גרם,false,1,16.90,8.45,true,1,
7290018371527,false,וופל קוביות קמח מלא חרובים אורגני 200 גר,השדה מוצרים טבעיים ו,IL,וופל קוביות,גרמים,200.00,100 גרם,false,1,16.90,8.45,true,1,
7290018371534,false,וופל קוביות כוסמין חרובים אורגני 200 גר,"רוקחמן בע""מ",IL,וופל קוביות חרוב,גרמים,200.00,100 גרם,false,1,16.90,8.45,true,1,
7290018402740,false,רביולי פטריות איי פוד 450 גרם,"אימפריאל הזרב פוד בע""מ",IL,רביולי פטריות,גרמים,450.00,100 גרם,false,1,19.90,4.42,true,1,
<<<<<<< HEAD
7290018440230,false,תה צ'אי ורדים 25 שקיקים ויסוצקי,תה ויסוצקי,IL,צ'אי ורדים,גרמים,50.00,100 גרם,false,1,18.90,37.80,true,1,
7290018440247,false,תה צ'אי שקדים0 25 שקיקים ויסוצקי,תה ויסוצקי,IL,צ'אי שקדים,גרמים,50.00,100 גרם,false,1,18.90,37.80,true,1,
7290018440254,false,תה צ'אי קרמל מלוח 25 שקיקים ויסוצקי,תה ויסוצקי,IL,צ'\אי קרמל מלוח,גרמים,50.00,100 גרם,false,1,18.90,37.80,true,1,
7290018440384,false,תה ירוק מאטה לימון נענע ויסוצקי 25 יחידות,תה ויסוצקי,IL,תה ירוק ויסוצקי,גרמים,38.00,100 גרם,false,1,19.90,52.37,true,1,
7290018440391,false,תה ירוק מאטה נענע גוארנה ויסוצקי 25 יחידות,תה ויסוצקי,IL,תה ירוק ויסוצקי,גרמים,38.00,100 גרם,false,1,19.90,52.37,true,1,
7290018440896,false,הגן הקסום חליטה ג'ינגר כורכום ויסוצקי 25 יח,תה ויסוצקי,IL,חליטת ג'ינג'ר,גרמים,50.00,100 גרם,false,1,12.90,25.80,true,1,
7290018468302,false,נקניקיה טבעונית בסגנון מרגז טירת צבי 400 ג,טירת צבי - מדף,IL,נקניקיות צמחיות,גרמים,400.00,100 גרם,false,1,33.90,8.48,true,1,
7290018468319,false,נקניקיה טבעונית בסגנון צוריסוס טירת צבי 400 גרם,טירת צבי - מדף,IL,נקניקיות צמחוניו,גרמים,400.00,100 גרם,false,1,33.90,8.48,true,1,
7290018468326,false,נקניקיה טבעונית בסגנון אמריקאי טירת צבי 400 גרם,טיב טירת צבי 2000,IL,נקניקיות צמחיות,גרמים,400.00,100 גרם,false,1,33.90,8.48,true,1,
7290018471029,false,"סודה בטעם לימון - מארז 6 בקבוקים 500 מ""ל",יפאורה תבורי בעמ,IL,שוופס סודה 6 יח,ליטרים,3.00,ליטר,false,1,13.90,4.63,true,1,
7290018471180,false,משקה פרוט& ווג' אננס תפוח גזר 1 ליטר,מיוצר עי קונדיטוריית,IL,מיץ פרוט & ווג',ליטרים,1.00,ליטר,false,1,12.90,12.90,true,1,
7290018471210,false,קרטונית נקטר ספרינג תפוח סברס 1 ליטר,"יפאורה תבורי בע""\מ",IL,ספרינג 1 ליטר,ליטרים,1.00,ליטר,false,1,5.30,5.30,true,1,
7290018471395,false,משקה פרוט& ווג' תפוח רימון ג'ינג'ר 1 ליטר,פרוט אנד וג' Fruit & Veg,IL,מיץ פרוט & ווג',ליטרים,1.00,ליטר,false,1,12.90,12.90,true,1,
7290018471449,false,קרטונית ספרינג שייק בננה תמר תפוז 1 ליטר,"יפאורה תבורי בע""\מ",IL,ספרינג שייק,ליטרים,1.00,ליטר,false,1,11.90,11.90,true,1,
7290018471463,false,תפוזינה נקטר תפוז מנגו קרטונית 1 ליטר,"יפאורה תבורי בע""\מ",IL,תפוזינה enjoy,ליטרים,1.00,ליטר,false,1,6.50,6.50,true,1,
7290018471470,false,תפוזינה נקטר תפוז פסיפלורה קרטונית 1 ליטר,"יפאורה תבורי בע""\מ",IL,תפוזינה enjoy,ליטרים,1.00,ליטר,false,1,6.50,6.50,true,1,
7290018471487,false,תפוזינה נקטר תפוז אננס קרטונית 1 ליטר,"יפאורה תבורי בע""\מ",IL,תפוזינה תפוז אננ,ליטרים,1.00,ליטר,false,1,6.50,6.50,true,1,
7290018471494,false,תפוזינה משקה תפוז גזר קרטונית 1 ליטר,"יפאורה תבורי בע""\מ",IL,תפוזינה תפוז גזר,ליטרים,1.00,ליטר,false,1,6.50,6.50,true,1,
7290018471548,false,"רביעיית ספרינג ענבים 250 מ""ל","יפאורה תבורי בע""\מ",IL,משקה ספרינג 4יח,ליטרים,1.00,ליטר,false,1,10.90,10.90,true,1,
7290018471692,false,ספרינג שייק בננה אננס קוקוס פירות יער קרטונית 1 ליטר,"יפאורה תבורי בע""\מ",IL,ספרינג שייק,ליטרים,1.00,ליטר,false,1,11.90,11.90,true,1,
7290018471906,false,שוופס מוגז פירות לימונדה ורודה 1.5 ליטר פיקדון,"יפאורה תבורי בע""\מ",IL,שוופס לימונדה,ליטרים,1.50,ליטר,false,0,8.20,5.47,true,1,
7290018471913,false,משקה מוגז פירות תפוחים שוופס 1.5 ליטר,"יפאורה תבורי בע""\מ",IL,שוופס תפוחים,ליטרים,1.50,ליטר,false,0,8.20,5.47,true,1,
7290018471920,false,שוופס מוגז פירות ענבים 1.5 ליטר פיקדון,"יפאורה תבורי בע""\מ",IL,שוופס ענבים,ליטרים,1.50,ליטר,false,0,8.20,5.47,true,1,
7290018471937,false,שוופס מוגז פירות תות ליים 1.5 ליטר פיקדון,"יפאורה תבורי בע""\מ",IL,שוופס מוגז תו,ליטרים,1.50,ליטר,false,0,8.20,5.47,true,1,
7290018471944,false,שוופס מוגז פירות לימונייד 1.5 ליטר פיקדון,"יפאורה תבורי בע""\מ",IL,שוופס לימוניי,ליטרים,1.50,ליטר,false,0,8.20,5.47,true,1,
7290018471951,false,שוופס מוגז פירות אשכולית אדומה 1.5 ליטר פיקדון,"יפאורה תבורי בע""\מ",IL,שוופס אשכולית,ליטרים,1.50,ליטר,false,0,8.20,5.47,true,1,
7290018516348,false,מחית פרינוק פאוץ' שיבולת שועל סלט פירות 120 גרם,פרוטה פודווין איי.אס,CZ,פרינוק,גרמים,120.00,100 גרם,false,1,4.50,3.75,true,1,
=======
7290018440230,false,תה צ'אי ורדים 25 שקיקים ויסוצקי,תה ויסוצקי (ישראל) בעמ,IL,צ'אי ורדים,גרמים,50.00,100 גרם,false,1,18.90,37.80,true,1,
7290018440247,false,תה צ'אי שקדים0 25 שקיקים ויסוצקי,תה ויסוצקי (ישראל) בעמ,IL,צ'אי שקדים,גרמים,50.00,100 גרם,false,1,18.90,37.80,true,1,
7290018440254,false,תה צ'אי קרמל מלוח 25 שקיקים ויסוצקי,תה ויסוצקי (ישראל) בעמ,IL,צ'\אי קרמל מלוח,גרמים,50.00,100 גרם,false,1,18.90,37.80,true,1,
7290018440384,false,תה ירוק מאטה לימון נענע ויסוצקי 25 יחידות,תה ויסוצקי (ישראל) בעמ,IL,תה ירוק ויסוצקי,גרמים,38.00,100 גרם,false,1,19.90,52.37,true,1,
7290018440391,false,תה ירוק מאטה נענע גוארנה ויסוצקי 25 יחידות,תה ויסוצקי (ישראל) בעמ,IL,תה ירוק ויסוצקי,גרמים,38.00,100 גרם,false,1,19.90,52.37,true,1,
7290018440896,false,הגן הקסום חליטה ג'ינגר כורכום ויסוצקי 25 יח,תה ויסוצקי (ישראל) בעמ,IL,חליטת ג'ינג'ר,גרמים,50.00,100 גרם,false,1,12.90,25.80,true,1,
7290018468302,false,נקניקיה טבעונית בסגנון מרגז טירת צבי 400 ג,תנובה מרכז שיתופי לשיווק תוצרת,IL,נקניקיות צמחיות,גרמים,400.00,100 גרם,false,1,33.90,8.48,true,1,
7290018468319,false,נקניקיה טבעונית בסגנון צוריסוס טירת צבי 400 גרם,תנובה מרכז שיתופי לשיווק תוצרת,IL,נקניקיות צמחוניו,גרמים,400.00,100 גרם,false,1,33.90,8.48,true,1,
7290018468326,false,נקניקיה טבעונית בסגנון אמריקאי טירת צבי 400 גרם,תנובה מרכז שיתופי לשיווק תוצרת,IL,נקניקיות צמחיות,גרמים,400.00,100 גרם,false,1,33.90,8.48,true,1,
7290018471029,false,"סודה בטעם לימון - מארז 6 בקבוקים 500 מ""ל",יפאורה שותפות מוגבלת לשיווק,IL,שוופס סודה 6 יח,ליטרים,3.00,ליטר,false,1,13.90,4.63,true,1,
7290018471180,false,משקה פרוט& ווג' אננס תפוח גזר 1 ליטר,יפאורה שותפות מוגבלת לשיווק,IL,מיץ פרוט & ווג',ליטרים,1.00,ליטר,false,1,12.90,12.90,true,1,
7290018471210,false,ספרינג נקטר אגס סברס תפוח 1ליטר קרטוני,יפאורה שותפות מוגבלת לשיווק,IL,ספרינג 1 ליטר,ליטרים,1.00,ליטר,false,1,5.30,5.30,true,1,
7290018471395,false,משקה פרוט& ווג' תפוח רימון ג'ינג'ר 1 ליטר,יפאורה שותפות מוגבלת לשיווק,IL,מיץ פרוט & ווג',ליטרים,1.00,ליטר,false,1,12.90,12.90,true,1,
7290018471449,false,קרטונית ספרינג שייק בננה תמר תפוז 1 ליטר,יפאורה - שותפות מוגבלת לשיווק,IL,ספרינג שייק,ליטרים,1.00,ליטר,false,1,11.90,11.90,true,1,
7290018471463,false,תפוזינה נקטר תפוז מנגו קרטונית 1 ליטר,יפאורה שותפות מוגבלת לשיווק,IL,תפוזינה enjoy,ליטרים,1.00,ליטר,false,1,6.50,6.50,true,1,
7290018471470,false,תפוזינה נקטר תפוז פסיפלורה קרטונית 1 ליטר,יפאורה שותפות מוגבלת לשיווק,IL,תפוזינה enjoy,ליטרים,1.00,ליטר,false,1,6.50,6.50,true,1,
7290018471487,false,תפוזינה נקטר תפוז אננס קרטונית 1 ליטר,יפאורה שותפות מוגבלת לשיווק,IL,תפוזינה תפוז אננ,ליטרים,1.00,ליטר,false,1,6.50,6.50,true,1,
7290018471494,false,תפוזינה משקה תפוז גזר קרטונית 1 ליטר,יפאורה שותפות מוגבלת לשיווק,IL,תפוזינה תפוז גזר,ליטרים,1.00,ליטר,false,1,6.50,6.50,true,1,
7290018471548,false,"רביעיית ספרינג ענבים 250 מ""ל",יפאורה שותפות מוגבלת לשיווק,IL,משקה ספרינג 4יח,ליטרים,1.00,ליטר,false,1,10.90,10.90,true,1,
7290018471692,false,ספרינג שייק בננה אננס קוקוס פירות יער קרטונית 1 ליטר,יפאורה - שותפות מוגבלת לשיווק,IL,ספרינג שייק,ליטרים,1.00,ליטר,false,1,11.90,11.90,true,1,
7290018471906,false,שוופס מוגז פירות לימונדה ורודה 1.5 ליטר פיקדון,יפאורה - שותפות מוגבלת לשיווק,IL,שוופס לימונדה,ליטרים,1.50,ליטר,false,0,8.20,5.47,true,1,
7290018471913,false,משקה מוגז פירות תפוחים שוופס 1.5 ליטר,יפאורה - שותפות מוגבלת לשיווק,IL,שוופס תפוחים,ליטרים,1.50,ליטר,false,0,8.20,5.47,true,1,
7290018471920,false,שוופס מוגז פירות ענבים 1.5 ליטר פיקדון,יפאורה - שותפות מוגבלת לשיווק,IL,שוופס ענבים,ליטרים,1.50,ליטר,false,0,8.20,5.47,true,1,
7290018471937,false,שוופס מוגז פירות תות ליים 1.5 ליטר פיקדון,יפאורה - שותפות מוגבלת לשיווק,IL,שוופס מוגז תו,ליטרים,1.50,ליטר,false,0,8.20,5.47,true,1,
7290018471944,false,שוופס מוגז פירות לימונייד 1.5 ליטר פיקדון,יפאורה - שותפות מוגבלת לשיווק,IL,שוופס לימוניי,ליטרים,1.50,ליטר,false,0,8.20,5.47,true,1,
7290018471951,false,שוופס מוגז פירות אשכולית אדומה 1.5 ליטר פיקדון,יפאורה - שותפות מוגבלת לשיווק,IL,שוופס אשכולית,ליטרים,1.50,ליטר,false,0,8.20,5.47,true,1,
7290018516348,false,מחית פרינוק פאוץ' שיבולת שועל סלט פירות 120 גרם,גורי מוצרי צריכה (1991) בעמ,CZ,פרינוק,גרמים,120.00,100 גרם,false,1,4.50,3.75,true,1,
>>>>>>> d048ac2f4f281c9d788043ab4e81b61b0dbe3743
7290018563137,false,"נקטר קרטונית קש 200 מ""ל עם קש בטעם תפוח",,IL,נקטר בטעם תפוחים,מיליליטרים,200.00,"100 מ""ל",false,1,2.90,1.45,true,1,
7290018563144,false,"שנאפס משקה כהל 4% בטעם אבטיח 275 מ""ל",פרי קטיף,IL,שנאפס בטעם אבטיח,מיליליטרים,275.00,"100 מ""ל",false,1,10.90,3.96,true,1,
7290018563151,false,"שנאפס משקה כהל 4% בטעם אננס 275 מ""ל",פרי קטיף,IL,שנאפס בטעם אננס,מיליליטרים,275.00,"100 מ""ל",false,1,10.90,3.96,true,1,
7290018563175,false,"שנאפס משקה כהל 4% בטעם אסאי 275 מ""ל",פרי קטיף,IL,שנאפס בטעם אסאי,מיליליטרים,275.00,"100 מ""ל",false,1,10.90,3.96,true,1,
7290018563182,false,"שנאפס משקה כהל 4% בטעם ליצ'י 275 מ""ל",פרי קטיף,IL,שנאפס בטעם ליצ'י,מיליליטרים,275.00,"100 מ""ל",false,1,10.90,3.96,true,1,
7290018563199,false,"שנאפס משקה כהל 4% בטעם ליים 275 מ""ל",פרי קטיף,IL,שנאפס בטעם ליים,מיליליטרים,275.00,"100 מ""ל",false,1,10.90,3.96,true,1,
7290018563205,false,"שנאפס משקה כהל 4% בטעם לימונצ'לו 275 מ""ל",פרי קטיף,IL,"שנאפס 275 מ""ל",מיליליטרים,275.00,"100 מ""ל",false,1,10.90,3.96,true,1,
7290018563243,false,"תמצית תה בטעם אפרסק 250 מ""ל","פרי קטיף מזון בע""מ",IL,תמצית תה מרוכז,מיליליטרים,250.00,"100 מ""ל",false,1,11.90,4.76,true,1,
7290018563267,false,תרכיז תפוחים 100% ללא תוספת סוכר 1 ליטר בקבוק,"פ.קטיף מזון בע""מ",IL,תרכיז תפוחים,ליטרים,1.00,ליטר,false,1,32.90,32.90,true,1,
7290018563274,false,בקבוק תרכיז תפוחים 1 ליטר פרי קטיף,"פ.קטיף מזון בע""מ",IL,תרכיז תפוחים,ליטרים,1.00,ליטר,false,1,26.90,26.90,true,1,
7290018563441,false,תמצית תה בטעם תפוחים,"פרי קטיף מזון בע""מ",IL,תמצית תה תפוחים,מיליליטרים,250.00,"100 מ""ל",false,1,11.90,4.76,true,1,
7290018563847,false,"תמצית תה בטעם פירות יער 250 מ""ל","פרי קטיף מזון בע""מ",IL,תמצית תה פירות י,מיליליטרים,250.00,"100 מ""ל",false,1,11.90,4.76,true,1,
7290018563861,false,תמצית תה ירוק מר,,,תמצית תה ירוק מר,יחידה,1.00,יחידה,false,0,11.90,11.90,true,1,
7290018563885,false,סילאן טבעי בצנצנת 900 גרםפרי קטיף,,IL,סילאן טבעי תמר מ,גרמים,900.00,100 גרם,false,1,16.90,1.88,true,1,
<<<<<<< HEAD
7290018571019,false,סוכריות ג'לי חנוכה 350 גר',מיה תעשיות מזון בעמ,IL,ג'לי חנוכה 350 ג,גרמים,350.00,100 גרם,false,1,14.90,4.26,true,1,
7290018571064,false,"מקלוני טופי 450 גרם ""מיה""",מיה תעשיות מזון בעמ,TR,מקלוני טופי,גרמים,450.00,100 גרם,false,1,15.90,3.53,true,1,
7290018571088,false,"טופי חמוצמוץ 600 גרם ""מיה""",מיה תעשיות מזון בעמ,TR,טופי חמוצמוץ,גרמים,600.00,100 גרם,false,1,15.90,2.65,true,1,
7290018571101,false,אגוזי מלך בנספק מיה 200 גרם,,,אגוזי מלך 200 ג,יחידה,1.00,יחידה,false,0,14.90,14.90,true,1,
7290018571118,false,שקדים טבעי בנספק מיה 200 גרם,,IL,שקדים טבעי 200 ג,גרמים,200.00,100 גרם,false,1,14.90,7.45,true,1,
7290018571125,false,אגוזי פקאן 200 גרם בנספק,מיה,,אגוזי פקאן 200 ג,יחידה,1.00,יחידה,false,0,19.90,19.90,true,1,
7290018571132,false,פקאן סיני 200 גרם בנספק,מיה,,פקאן מסוכר 200 ג,יחידה,1.00,יחידה,false,0,19.90,19.90,true,1,
7290018571149,false,שקד מולבן פרוס200 גרם בנספק,מיה,IL,שקד מולבן פרוס,גרמים,200.00,100 גרם,false,1,14.90,7.45,true,1,
7290018571156,false,שקד מולבן שבבים בנספק מיה 200 גרם,מיה,,שקד מולבן שבבים,יחידה,1.00,יחידה,false,0,14.90,14.90,true,1,
7290018571279,false,שקד קלוי 200 גרם בנאספק,מיה תעשיות מזון בעמ,IL,שקדים קלויים,גרמים,200.00,100 גרם,false,1,17.90,8.95,true,1,
7290018571286,false,פיסטוק קלוי 200 גרם בנאספק,מיה תעשיות מזון בעמ,IL,פיסטוקים קלויים,גרמים,200.00,100 גרם,false,1,17.90,8.95,true,1,
7290018571293,false,קשיו קלוי בנספאק מיה 200 גרם,מיה תעשיות מזון בעמ,IL,קשיו קלוי,גרמים,200.00,100 גרם,false,1,19.90,9.95,true,1,
7290018571408,false,מיה לקקנים מולטיקולור תותי פרוטי 220 גרם,מיה,IL,לקקנים בטעם תות,גרמים,220.00,100 גרם,false,1,6.50,2.95,true,1,
7290018571491,false,ריבת חלב אמיתי אמיתית בצנצנת 340 גרם,מיה תעשיות מזון בעמ,IL,ריבת חלב,גרמים,340.00,100 גרם,false,1,12.90,3.79,true,1,
7290018571583,false,"תמרים 350 גרם ""מיה""",,IL,תמר בנספק מיה,גרמים,350.00,100 גרם,false,1,9.90,2.83,true,1,
7290018571606,false,תערובת תבלינים ראס אל חנות 70 גרם מיה,מיה תעשיות מזון בעמ,IL,ראס אל חנות תבלי,גרמים,70.00,100 גרם,false,1,7.90,11.29,true,1,
7290018571651,false,סוכריות קולגן למבוגרים אצבעות רחבות 175 גרם מיה,מיה תעשיות מזון בעמ,IL,סוכריות קלוגן,גרמים,210.00,100 גרם,false,1,38.90,18.52,true,1,
7290018571682,false,גריל עוף בצנצנת מיה 300 גרם,מיה תעשיות מזון מ.ת.מ. ב,IL,גריל עוף 300 גרם,גרמים,300.00,100 גרם,false,1,19.90,6.63,true,1,
7290018571699,false,"קמח שקדים 250 גרם כשל""פ עד""ח",מיה תעשיות מזון בעמ,IL,קמח שקדים,יחידה,1.00,יחידה,false,1,22.90,22.90,true,1,
7290018571705,false,"אורז יסמין 1 ק""ג מיה.",מיה,IL,"אורז יסמין 1 ק""ג",קילוגרמים,1.00,"ק""ג",false,1,10.90,10.90,true,1,
7290018571712,false,"אורז פרסי 1 ק""ג מיה.",מיה,IL,"אורז פרסי 1 ק""ג",קילוגרמים,1.00,"ק""ג",false,1,9.90,9.90,true,1,
7290018571729,false,"אורז ריזוטו עגול 1 ק""ג מיה.",מיה,IL,אורז ריזוטו עגול,קילוגרמים,1.00,"ק""ג",false,1,8.90,8.90,true,1,
7290018571736,false,אורז בסמטי הודי 1ק''ג,מיה,IL,אורז בסמטי 1 קג,קילוגרמים,1.00,"ק""ג",false,1,10.90,10.90,true,1,
7290018571743,false,"אורז פרסי מלא 1 ק""ג",מיה,IL,אורז פרסי מלא 1,קילוגרמים,1.00,"ק""ג",false,1,8.90,8.90,true,1,
7290018571750,false,סילאן טבעי מיה 900 גרם,,AE,סילאן טבעי 900 מ,יחידה,1.00,יחידה,false,1,19.90,19.90,true,1,
7290018571767,false,חומץ בלסמי 500 מ''ל מיה,מיה תעשיות מזון בעמ,IL,חומץ בלסמי 500 מ,יחידה,1.00,יחידה,false,1,17.90,17.90,true,1,
7290018571798,false,סוכריות ג'לי שמחות 2 צבעים מיה 540 גרם,מיה תעשיות מזון בעמ,IL,ג'לי שמחות,גרמים,540.00,100 גרם,false,1,16.90,3.13,true,1,
7290018571811,false,סירופ מייפל טהור 250 גר' מיה,מיה,IL,סירופ מייפל טהור,גרמים,250.00,100 גרם,false,1,32.90,13.16,true,1,
=======
7290018571019,false,סוכריות ג'לי חנוכה 350 גר',מיה תעשיות מזון מ.ת.מ בעמ,IL,ג'לי חנוכה 350 ג,גרמים,350.00,100 גרם,false,1,14.90,4.26,true,1,
7290018571064,false,מקלוני טופי 450 גרם כשלפ,מיה תעשיות מזון מ.ת.מ. בעמ,TR,מקלוני טופי,גרמים,450.00,100 גרם,false,1,15.90,3.53,true,1,
7290018571088,false,טופי חמוצמוץ 600 גרם כשלפ,מיה תעשיות מזון מ.ת.מ. בעמ,TR,טופי חמוצמוץ,גרמים,600.00,100 גרם,false,1,15.90,2.65,true,1,
7290018571101,false,אגוזי מלך בנספק ( 200 גר`) מיה,מיה תעשיות מזון מ.ת.מ. בעמ,,אגוזי מלך 200 ג,יחידה,1.00,יחידה,false,0,14.90,14.90,true,1,
7290018571118,false,שקדים טבעי בנספק ( 200 גר`) מיה,מיה תעשיות מזון מ.ת.מ. בעמ,IL,שקדים טבעי 200 ג,גרמים,200.00,100 גרם,false,1,14.90,7.45,true,1,
7290018571125,false,אגוזי פקאן בנפסק( 200 גר`)מיה,מיה תעשיות מזון מ.ת.מ. בעמ,,אגוזי פקאן 200 ג,יחידה,1.00,יחידה,false,0,19.90,19.90,true,1,
7290018571132,false,פקאן סיני בנפסק (200 גר)מיה,מיה תעשיות מזון מ.ת.מ. בעמ,,פקאן מסוכר 200 ג,יחידה,1.00,יחידה,false,0,19.90,19.90,true,1,
7290018571149,false,שקד מולבן פרוס בנספק ( 200 גר`) מיה,מיה תעשיות מזון מ.ת.מ. בעמ,IL,שקד מולבן פרוס,גרמים,200.00,100 גרם,false,1,14.90,7.45,true,1,
7290018571156,false,שקד מולבן שבבים בנספק ( 200 גר`) מיה,מיה תעשיות מזון מ.ת.מ. בעמ,,שקד מולבן שבבים,יחידה,1.00,יחידה,false,0,14.90,14.90,true,1,
7290018571279,false,שקדים קלויים 200 גר`בנספק,מיה תעשיות מזון מ.ת.מ. בעמ,IL,שקדים קלויים,גרמים,200.00,100 גרם,false,1,17.90,8.95,true,1,
7290018571286,false,פיסטוקים קלויים 200גרם בנספאק,מיה תעשיות מזון מ.ת.מ. בעמ,IL,פיסטוקים קלויים,גרמים,200.00,100 גרם,false,1,17.90,8.95,true,1,
7290018571293,false,קשיו קלוי בנספאק מיה 200 גרם,מיה תעשיות מזון מ.ת.מ. בעמ,IL,קשיו קלוי,גרמים,200.00,100 גרם,false,1,19.90,9.95,true,1,
7290018571408,false,מיה לקקנים מולטיקולור תותי פרוטי 220 גרם,מיה תעשיות מזון מ.ת.מ. בעמ,IL,לקקנים בטעם תות,גרמים,220.00,100 גרם,false,1,6.50,2.95,true,1,
7290018571491,false,ריבת חלב אמיתי אמיתית בצנצנת 340 גרם,מיה תעשיות מזון מ.ת.מ. בעמ,IL,ריבת חלב,גרמים,340.00,100 גרם,false,1,12.90,3.79,true,1,
7290018571583,false,"תמרים 350 גרם ""מיה""",,IL,תמר בנספק מיה,גרמים,350.00,100 גרם,false,1,9.90,2.83,true,1,
7290018571606,false,תערובת תבלינים ראס אל חנות 70 גרם מיה,מיה תעשיות מזון מ.ת.מ בעמ,IL,ראס אל חנות תבלי,גרמים,70.00,100 גרם,false,1,7.90,11.29,true,1,
7290018571651,false,סוכריות קולגן למבוגרים אצבעות רחבות 175 גרם מיה,מיה תעשיות מזון מ.ת.מ בעמ,IL,סוכריות קלוגן,גרמים,210.00,100 גרם,false,1,38.90,18.52,true,1,
7290018571682,false,גריל עוף בצנצנת מיה 300 גרם,מיה תעשיות מזון מ.ת.מ בעמ,IL,גריל עוף 300 גרם,גרמים,300.00,100 גרם,false,1,19.90,6.63,true,1,
7290018571699,false,"קמח שקדים 250 גרם כשל""פ עד""ח",מיה תעשיות מזון מ.ת.מ. בעמ,IL,קמח שקדים,יחידה,1.00,יחידה,false,1,22.90,22.90,true,1,
7290018571705,false,"אורז יסמין 1 ק""ג מיה.",מיה תעשיות מזון מ.ת.מ. בעמ,IL,"אורז יסמין 1 ק""ג",קילוגרמים,1.00,"ק""ג",false,1,10.90,10.90,true,1,
7290018571712,false,"אורז בסגנון פרסי 1 ק""ג",מיה תעשיות מזון מ.ת.מ. בעמ,IL,"אורז פרסי 1 ק""ג",קילוגרמים,1.00,"ק""ג",false,1,9.90,9.90,true,1,
7290018571729,false,"אורז ריזוטו עגול 1 ק""ג מיה.",מיה תעשיות מזון מ.ת.מ. בעמ,IL,אורז ריזוטו עגול,קילוגרמים,1.00,"ק""ג",false,1,8.90,8.90,true,1,
7290018571736,false,אורז בסמטי הודי 1ק''ג,מיה תעשיות מזון מ.ת.מ. בעמ,IL,אורז בסמטי 1 קג,קילוגרמים,1.00,"ק""ג",false,1,10.90,10.90,true,1,
7290018571743,false,"אורז פרסי מלא 1 ק""ג",מיה תעשיות מזון מ.ת.מ. בעמ,IL,אורז פרסי מלא 1,קילוגרמים,1.00,"ק""ג",false,1,8.90,8.90,true,1,
7290018571750,false,"סילאן טבעי 900גרם בד""ץ העדה חרדית",מיה תעשיות מזון מ.ת.מ בעמ,AE,סילאן טבעי 900 מ,יחידה,1.00,יחידה,false,1,19.90,19.90,true,1,
7290018571767,false,חומץ בלסמי 500 מ''ל מיה,מיה תעשיות מזון מ.ת.מ בעמ,IL,חומץ בלסמי 500 מ,יחידה,1.00,יחידה,false,1,17.90,17.90,true,1,
7290018571798,false,סוכריות ג'לי שמחות 2 צבעים מיה 540 גרם,מיה תעשיות מזון מ.ת.מ. בעמ,IL,ג'לי שמחות,גרמים,540.00,100 גרם,false,1,16.90,3.13,true,1,
7290018571811,false,סירופ מייפל טהור 250 גר' מיה,מיה תעשיות מזון מ.ת.מ בעמ,IL,סירופ מייפל טהור,גרמים,250.00,100 גרם,false,1,32.90,13.16,true,1,
>>>>>>> d048ac2f4f281c9d788043ab4e81b61b0dbe3743
7290018608005,false,"סבון ידיים קטיפתי מאסק מארז 500X3 מ""ל",,IL,ידיים קטיפתי,יחידה,1.00,יחידה,false,1,11.90,11.90,true,1,
7290018608012,false,"סבון ידיים קטיפתי פרש מארז 500X3 מ""ל",,IL,ידיים קטיפתי פרש,יחידה,1.00,יחידה,false,1,11.90,11.90,true,1,
7290018608029,false,"סבון ידיים קטיפתי לבנדר מארז 500X3 מ""ל",,IL,ידיים קטיפתי,יחידה,1.00,יחידה,false,1,11.90,11.90,true,1,
7290018608487,false,תבניות ארוזות ענקיות R99 3יח' ר. שמאי,,IL,תבנית R99 ענק 3,יחידה,1.00,יחידה,false,1,6.90,6.90,true,1,
7290018608494,false,תבניות ארוזות גדולות R31 7 יח' ר. שמאי,,IL,תבנית R31 אלומינ,יחידה,1.00,יחידה,false,1,6.90,6.90,true,1,
7290018608500,false,תבניות ארוזות בינוני R2 7 יח' ר. שמאי,,IL,תבנית אלומי' R2,יחידה,1.00,יחידה,false,1,6.90,6.90,true,1,
7290018608517,false,תבניות ארוזות לחלה R64 7 יח' ר. שמאי,,IL,תבנית R64 אלומי,יחידה,1.00,יחידה,false,1,6.90,6.90,true,1,
7290018608524,false,תבניות ארוזות קטנות R29 12 יח' ר. שמאי,,IL,תבנית R29 אלומינ,יחידה,1.00,יחידה,false,1,6.90,6.90,true,1,
7290018608531,false,תבניות ארוזות אינגלש ארוכות R88 12 יח' ר. שמאי,,IL,תבנית R88 אינגלי,יחידה,1.00,יחידה,false,1,6.90,6.90,true,1,
7290018608548,false,תבניות ארוזות R15 חדש אינגליש קצר 12 יחי ר. שמאי כשלפ עדח,,IL,תבנית R15 אינגלי,יחידה,1.00,יחידה,false,1,6.90,6.90,true,1,
7290018608555,false,תבניות ארוזות עגול גדול 5 יחי ר. שמאי,,IL,תבנית C10 עגולה,יחידה,1.00,יחידה,false,1,6.90,6.90,true,1,
7290018608562,false,תבניות ארוזות עגולות קטנות C7 7 יח' ר. שמאי,,IL,תבנית עגול קטן 7,יחידה,1.00,יחידה,false,1,6.90,6.90,true,1,
7290018608678,false,שקיות ניילון מזון שטוח 200 יח',,IL,שקיות מזון מרשרש,יחידה,1.00,יחידה,false,1,3.50,3.50,true,1,
7290018608685,false,מפיות מודפס 20 יח' שמאי רובין,,,מפיות .,יחידה,1.00,יחידה,false,0,3.90,3.90,true,1,
7290018608746,false,שישיית כרית יפנית לניקוי כסף/זהב,,,כרית יפנית לניקו,יחידה,1.00,יחידה,false,0,7.90,7.90,true,1,
7290018608777,false,שמשים בינוניים 8 יח' להדלקת נרות שמאי,,IL,שמשים בינוני 8 י,יחידה,1.00,יחידה,false,1,4.90,4.90,true,1,
7290018608784,false,"שמשים עבים 23*1.5 ס""מ להדלקת נרות 4 יח'",,,שמשים עבים 4 יחי,יחידה,1.00,יחידה,false,0,4.90,4.90,true,1,
7290018647011,false,"מלית תות 400 גר' מעולה בד""ץ",,IL,מלית תות מעולה ב,גרמים,400.00,100 גרם,false,1,11.90,2.98,true,1,
7290018647028,false,"מלית פרג מעולה בד""ץ 400",,IL,מלית פרג מעולה ב,גרמים,400.00,100 גרם,false,1,11.90,2.98,true,1,
7290018647882,false,סילאן לחיץ כשלפ בדץ עח 4,,IL,סילאן לחיץ כשלפ,גרמים,400.00,100 גרם,false,1,10.90,2.73,true,1,
7290018647974,false,תה ירוק לימונית ולואיזה מעולה,,,תה לימונית ולואי,יחידה,1.00,יחידה,false,0,12.50,12.50,true,1,
7290018652053,false,"יסקולידה אקסטרה גלידה בטעמי וניל ושוקולד, 90 גרם",גלידות נסטלה )נגה גלידות,IL,ביסקולידה אקסטרה,יחידה,1.00,יחידה,false,1,5.90,5.90,true,1,
<<<<<<< HEAD
7290018652671,false,"לה קרמריה שוקולד וניל 1.4 ליטר [תו אי""ל]",גלידות נסטלה,IL,לה קרמריה שוקו ו,ליטרים,1.40,ליטר,false,1,16.90,12.07,true,1,
=======
7290018652671,false,"לה קרמריה שוקולד וניל 1.4 ליטר [תו אי""ל]",נגה גלידות שותפות מוגבלת,IL,לה קרמריה שוקו ו,ליטרים,1.40,ליטר,false,1,16.90,12.07,true,1,
>>>>>>> d048ac2f4f281c9d788043ab4e81b61b0dbe3743
7290018693254,false,מנקה חלוונות 750 פלוס מילוי,,IL,מרסס לניקוי חלונ,מיליליטרים,1500.00,"100 מ""ל",false,1,8.90,0.59,true,1,
7290018743003,false,גל לכביסה צבעונית 2.5 ליטר,"אל.די.גי בע""מ",GR,ג'ל לכביסה2.5 ל',ליטרים,2.50,ליטר,false,1,19.90,7.96,true,1,
7290018743010,false,Heaven ג'ל כביסה לבנה 2.5 ליטר,"אל.די.גי בע""מ",GR,ג'ל לכביסה לבנה,ליטרים,2.50,ליטר,false,1,19.90,7.96,true,1,
7290018743027,false,Heaven מרכך כביסה מרוכז יסמין 1 ליטר,"אל.די.גי בע""מ",GR,מ.כביסה מרוכז 1ל,ליטרים,1.00,ליטר,false,1,11.90,11.90,true,1,
7290018743034,false,Heaven מרכך כביסה מרוכז סחלב 1 ליטר,"אל.די.גי בע""מ",GR,מרכך כביסה מרוכז,ליטרים,1.00,ליטר,false,1,11.90,11.90,true,1,
7290018743041,false,Heaven מרכך כביסה מרוכז מאסק 1 ליטר,"אל.די.גי בע""מ",GR,מרכך כביסה מרוכז,ליטרים,1.00,ליטר,false,1,11.90,11.90,true,1,
7290018790007,false,עוגיות סנדוויץ אמריקאיות וניל 150 גר',מגדנית הדר,IL,עוגיות אמריקאיות,גרמים,150.00,100 גרם,false,1,4.90,3.27,true,1,
7290018790021,false,עוגיות סנדוויץ בטעם קרמל וניל 150 גר',מגדנית הדר,IL,עוגיות בטעם קרמל,גרמים,150.00,100 גרם,false,1,4.90,3.27,true,1,
7290018790038,false,ביסקויט פתי בר בטעם תפוז,קריות זול,IL,ביסקויט פתי בר ב,גרמים,110.00,100 גרם,false,1,2.90,2.64,true,1,
7290018846100,false,תמר מגהול 1 קג מעולה,,,תמר מגהול 1 ק''ג,יחידה,1.00,יחידה,false,0,19.90,19.90,true,1,
7290018846124,false,ממרח קרם נוגט אגוזי לוז עם קקאו מעולה 350 גר,,,ממרח קרם נוגט אג,יחידה,1.00,יחידה,false,0,10.90,10.90,true,1,
7290018846179,false,תה ירוק עם נענע 25 שקיקים מעולה,,IL,תה ירוק+נענע,יחידה,1.00,יחידה,false,1,12.50,12.50,true,1,
7290018846186,false,תה ירוק עם ג'ינג'ר ולימונית 25 שקיקים מעולה,,IL,תה ירוק+ג'ינג'ר,יחידה,1.00,יחידה,false,1,12.50,12.50,true,1,
7290018846193,false,תה ירוק קמומיל 25 שקיקים מעולה,,IL,תה ירוק עם קמומי,יחידה,1.00,יחידה,false,1,12.50,12.50,true,1,
7290018846209,false,תה חליטת קמומיל ולואיזה 25 שקיקים מעולה,,IL,תה חליטת קמומיל,יחידה,1.00,יחידה,false,1,9.90,9.90,true,1,
7290018846223,false,חטיפי דגנים בתוספת חלבה מעולה 5 זוגות,,IL,חטיפי דגנים+חלבה,יחידה,1.00,יחידה,false,1,9.90,9.90,true,1,
7290018846230,false,חטיפי דגנים בתוספת מייפל מעולה 5 זוגות,,IL,חטיפי דגנים+מייפ,יחידה,1.00,יחידה,false,1,9.90,9.90,true,1,
7290018846247,false,חטיפי דגנים בתוספת שוקולד וקרמל מעולה 5 זוגות,,IL,חטיפי דגנים+שוקו,יחידה,1.00,יחידה,false,1,9.90,9.90,true,1,
7290018846292,false,"טורטיה קמח חיטה המעולה 25 ס""מ 6 יח",,,טורטיה מקמח חיטה,יחידה,1.00,יחידה,false,0,11.90,11.90,true,1,
7290018846308,false,"טורטיה קמח חיטה המעולה 20 ס""מ 8 יח",,,טורטיה 8 יחי' מע,יחידה,1.00,יחידה,false,0,11.90,11.90,true,1,
7290018846315,false,"טורטיה בתוספת חיטה מלאה המעולה 20 ס""מ 8 יח",,IL,טורטיה חיטה מלאה,גרמים,320.00,100 גרם,false,1,11.90,3.72,true,1,
7290018846339,false,שוקולד מריר חמישייה מעולה,,IL,שוקולד מריר,יחידה,1.00,יחידה,false,1,17.90,17.90,true,1,
7290018878002,false,אגו מיקס קרקר מצופה שוקולד חלב כרמית 55 גרם,כרמית תעשיות ממתקים בעמ,IL,מיקס קרקר מצופה,גרמים,55.00,100 גרם,false,1,3.90,7.09,true,1,
7290018878019,false,"כרמית שוקולד צ'יפס מריר 250 גר' כשל""פ",כרמית תעשיות ממתקים בעמ,IL,שוקולד צ'יפס מרי,יחידה,1.00,יחידה,false,1,9.90,9.90,true,1,
7290018878132,false,שלוקים-משקה קל ענבים מופחת קל פקק200מל 26 יח,,IL,שלוקים ענבים פקק,יחידה,1.00,יחידה,false,1,35.90,35.90,true,1,
7290018878224,false,עוגיות מיני קוקיס שוקולד בצנצנת כרמית 600 גרם,כרמית,IL,עוגיות מיני קוקי,גרמים,600.00,100 גרם,false,1,14.90,2.48,true,1,
7290018878347,false,שלוקים-משקה קל ענבים מופחת קל פקק 200מל 12 יח,"כרמית מזון בע""\מ",IL,משקה קל בטעם ענב,יחידה,1.00,יחידה,false,1,18.90,18.90,true,1,
7290018878798,false,מטבעות שוקולד חלב צבעוני 36 גרם כרמית,כרמית תעשיות ממתקים בעמ,IL,מטבעות שוקולד,גרמים,36.00,100 גרם,false,1,3.90,10.83,true,1,
7290018879658,false,שוקולד צ'יפס מריר 45% כרמית 250 גרם,"כרמית תעשיות ממתקים בע""\",IL,שוקולד צ'יפס מר,גרמים,250.00,100 גרם,false,1,9.90,3.96,true,1,
<<<<<<< HEAD
7290018879801,false,טופי ממולא בטעם פירות כרמית 40 גרם,,,סוכריות טופי ממו,יחידה,1.00,יחידה,false,0,1.50,1.50,true,1,
7290018879825,false,מטבעות שוקולד לבן 36 גרם כרמית,כרמית,IL,מטבעות שוקולד,גרמים,36.00,100 גרם,false,1,3.90,10.83,true,1,
7290018925065,false,מיץ פרימור תפוזים סחוט 2 ליטר-,"גניר (1992) בע""מ",IL,מיץ תפוזים סחוט,ליטרים,2.00,ליטר,false,1,24.90,12.45,true,1,
=======
7290018879801,false,טופי ממולא בטעם פירות כרמית 40 גרם,כרמית תעשיות ממתקים בעמ,,סוכריות טופי ממו,יחידה,1.00,יחידה,false,0,1.50,1.50,true,1,
7290018879825,false,מטבעות שוקולד לבן 36 גרם כרמית,כרמית תעשיות ממתקים בעמ,IL,מטבעות שוקולד,גרמים,36.00,100 גרם,false,1,3.90,10.83,true,1,
7290018925065,false,מיץ תפוזים סחוט פרימור (2 ליטר),שטראוס גרופ בעמ/מצונן,IL,מיץ תפוזים סחוט,ליטרים,2.00,ליטר,false,1,24.90,12.45,true,1,
>>>>>>> d048ac2f4f281c9d788043ab4e81b61b0dbe3743
7290018935231,false,צלחות ענק דקורטיבי עיטור זהב 20 יחי' שמאי,,IL,צלחת ענק 20 מתכל,יחידה,1.00,יחידה,false,1,19.90,19.90,true,1,
7290018935248,false,צלחות גדול דקורטיבי עיטור זהב 20 יחי' שמאי,,IL,20 צלחות גדול מת,יחידה,1.00,יחידה,false,1,15.90,15.90,true,1,
7290018935255,false,צלחות קטן דקורטיבי עיטור זהב 20 יחי' שמאי,,IL,20 צלחות קטן מתכ,יחידה,1.00,יחידה,false,1,11.90,11.90,true,1,
7290018935262,false,מגש אובלי דקורטיבי עיטור זהב 10 יחי' שמאי,,IL,10 מגשים אובלי מ,יחידה,1.00,יחידה,false,1,9.90,9.90,true,1,
7290018935279,false,מגש אובלי גדול מעוטר 10 יח',,IL,10 מגשים אובלי ג,יחידה,1.00,יחידה,false,1,13.90,13.90,true,1,
7290018935767,false,כוסיות ליקר גדולות 20 יח',,IL,כוסיות ליקר גדול,יחידה,1.00,יחידה,false,1,6.90,6.90,true,1,
7290018935811,false,כוסות פלסטיק איכותי 75 יחידות 180cc,,IL,"75 כוסות ח""פ 180",יחידה,1.00,יחידה,false,1,5.90,5.90,true,1,
7290019005032,false,סוכריות על מקל תות 50 יח' מעולה,,IL,לקקן תות 50 יחי',יחידה,1.00,יחידה,false,1,13.90,13.90,true,1,
7290019005049,false,סוכריות על מקל בטעם פרי חמצמץ 50 יח' מעולה,,IL,לקקן בטעם פירות,יחידה,1.00,יחידה,false,1,13.90,13.90,true,1,
7290019005063,false,אצבעות טופי תות 120 יח' מעולה,,IL,אצבעות טופי תות,יחידה,1.00,יחידה,false,1,17.90,17.90,true,1,
7290019005193,false,ג'לי מצופה סוכר 100 גרם טריק,,IL,גלי טריק אוכמניו,גרמים,100.00,100 גרם,false,1,4.90,4.90,true,1,
7290019005209,false,ג'לי מצופה סוכר 100 גרם טריק,,IL,גלי טריק לבבות 1,גרמים,100.00,100 גרם,false,1,4.90,4.90,true,1,
7290019005278,false,ג'לי מצופה סוכר 100 גרם טריק,,IL,גלי טריק פלחי פי,גרמים,100.00,100 גרם,false,1,4.90,4.90,true,1,
7290019005421,false,ג'לי מצופה סוכר 300 גרם טריק,,IL,ג'לי טריק כוכבים,יחידה,1.00,יחידה,false,1,12.90,12.90,true,1,
7290019005469,false,ג'לי טריק פלחי פירות מעו,,IL,ג'לי טריק פלחי פ,יחידה,1.00,יחידה,false,1,12.90,12.90,true,1,
7290019005490,false,ג'לי מצופה סוכר 300 גרם טריק,,IL,ג'לי טריק דובים,יחידה,1.00,יחידה,false,1,12.90,12.90,true,1,
7290019005506,false,ג'לי מצופה סוכר 300 גרם טריק,,IL,ג'לי טריק בקבוקי,יחידה,1.00,יחידה,false,1,12.90,12.90,true,1,
7290019005513,false,ג'לי מצופה סוכר 300 גרם טריק,,IL,ג'לי טריק פלחי פ,יחידה,1.00,יחידה,false,1,12.90,12.90,true,1,
7290019005612,false,ג'לי אוכמניות כחולות מצופה סוכר 300 גרם טריק,,IL,גלי טריק אוכמניו,גרמים,300.00,100 גרם,false,1,12.90,4.30,true,1,
7290019005643,false,גלי טריק עיגולים מצופים,,IL,גלי טריק עיגולים,קילוגרמים,0.00,"ק""ג",false,1,38.90,38.90,true,1,
7290019005650,false,ג'לי לבבות מצופים סוכריות צבעוניות 100 גרם טריק,,IL,גלי טריק לבבות מ,גרמים,100.00,100 גרם,false,1,4.90,4.90,true,1,
7290019005827,false,ג'לי פירות חמוצים קטנים 300 גרם טריק,,IL,גלי טריק פירות ח,גרמים,300.00,100 גרם,false,1,12.90,4.30,true,1,
7290019005865,false,ג'לי מיקס חיות חמוץ 300 גרם טריק,,IL,גלי טריק מיקס חי,גרמים,300.00,100 גרם,false,1,12.90,4.30,true,1,
7290019005919,false,ג'לי קוביות חמוץ 100 גרם טריק,,IL,גלי טריק קוביות,גרמים,100.00,100 גרם,false,1,4.90,4.90,true,1,
7290019005940,false,ג'לי פירות יער חמוץ 300 גרם טריק,,IL,גלי טריק פירות י,גרמים,300.00,100 גרם,false,1,12.90,4.30,true,1,
7290019005971,false,ג'לי לבבות מצופים סוכריות 100 גרם טריק,,IL,גלי טריק לבבות מ,גרמים,100.00,100 גרם,false,1,4.90,4.90,true,1,
7290019005995,false,ג'לי עיגולים מצופים סוכריות 100 גרם טריק,,IL,גלי טריק עיגולים,גרמים,100.00,100 גרם,false,1,4.90,4.90,true,1,
7290019006015,false,סוכר דמררה אורגני קשת גב,,IL,סוכר דמררה אורגנ,קילוגרמים,0.00,"ק""ג",false,1,7.90,7.90,true,1,
7290019006107,false,מזרה צבעוני בצנצנת 190 גר' מעולה,,IL,מזרה צבעוני מעול,גרמים,190.00,100 גרם,false,1,7.90,4.16,true,1,
7290019006435,false,טורטיה מזונות קמח חיטה 8 יחי' מעולה,,IL,טורטיה מזונות קמ,יחידה,1.00,יחידה,false,1,11.90,11.90,true,1,
7290019006572,false,סוכריות לקישוט בצנצנת 190 גר' מעולה,,IL,מזרה צבעוני מעול,גרמים,190.00,100 גרם,false,1,7.90,4.16,true,1,
7290019006589,false,מיני עדשים בצנצנת 180 גר' מעולה,,IL,מיני עדשים בצנצנ,גרמים,180.00,100 גרם,false,1,10.90,6.06,true,1,
7290019006770,false,מיקס לסלט עם חמוציות מעולה 200 גר',,IL,מיקס לסלט עם חמו,גרמים,200.00,100 גרם,false,1,13.90,6.95,true,1,
7290019006787,false,מיקס לסלט עם בוטנים קשת,,IL,מיקס לסלט עם בוט,גרמים,200.00,100 גרם,false,1,13.90,6.95,true,1,
7290019006800,false,פתי בר שוקו קשת גיבורים,,IL,פתי בר שוקו,גרמים,100.00,100 גרם,false,1,1.90,1.90,true,1,
7290019006817,false,פתי בר וניל קשת גיבורים,,IL,פתי בר וניל,גרמים,100.00,100 גרם,false,1,1.90,1.90,true,1,
7290019006831,false,פתיבר אצבעות קשת גיבורים,,IL,פתיבר אצבעות,גרמים,720.00,100 גרם,false,1,13.90,1.93,true,1,
7290019006862,false,פתי בר וניל קשת גיבורים,,IL,פתי בר וניל,גרמים,400.00,100 גרם,false,1,6.50,1.63,true,1,
7290019006879,false,פתי בר שוקו קשת גיבורים,,IL,פתי בר שוקו,גרמים,400.00,100 גרם,false,1,6.50,1.63,true,1,
7290019006886,false,גרנולה שוקולד וחלווה 300 גר' מעולה,,IL,גרנולה שוקולד וח,גרמים,300.00,100 גרם,false,1,11.90,3.97,true,1,
7290019006893,false,גרנולה אגוזים פירות 300 גר' מעולה,,IL,גרנולה אגוזים פי,גרמים,300.00,100 גרם,false,1,11.90,3.97,true,1,
7290019006916,false,סוכריות גלי לבבות מעולה 300 גר',,IL,ג'לי טריק לבבות,יחידה,1.00,יחידה,false,1,12.90,12.90,true,1,
7290019006947,false,סוכריות גלי לבבות מעולה 150 גר',,IL,ג'לי טריק לבבות,יחידה,1.00,יחידה,false,1,7.90,7.90,true,1,
7290019006954,false,סוכריות גלי כוכבים מעולה 150 גר',,IL,ג'לי טריק כוכבים,יחידה,1.00,יחידה,false,1,7.90,7.90,true,1,
7290019006961,false,סוכריות גלי עיגולים מעולה 150 גר',,IL,ג'לי טריק כוכבים,יחידה,1.00,יחידה,false,1,7.90,7.90,true,1,
7290019006978,false,סוכריות גלי כוכבים מעולה 300 גר',,IL,ג'לי טריק כוכבים,יחידה,1.00,יחידה,false,1,12.90,12.90,true,1,
7290019006985,false,סוכריות גלי עיגולים מעולה 300 גר',,IL,גלי טריק עיגולים,גרמים,300.00,100 גרם,false,1,12.90,4.30,true,1,
7290019014003,false,טאצ' נוזל רצפות אואזיס 4 ליטר,סאסאטק אגשח בעמ,IL,נוזל רצפות אואזי,ליטרים,0.00,ליטר,false,1,11.90,11.90,true,1,
7290019014010,false,טאצ' נוזל רצפות לגונה 4 ליטר,סאסאטק אגשח בעמ,IL,נוזל רצפות לגונה,ליטרים,0.00,ליטר,false,1,11.90,11.90,true,1,
7290019014027,false,טאצ' נוזל רצפות בלוסום 4 ליטר,סאסאטק אגשח בעמ,IL,נוזל רצפות בלוסו,ליטרים,0.00,ליטר,false,1,11.90,11.90,true,1,
7290019014034,false,טאצ' נוזל רצפות לוטוס 4 ליטר,סאסאטק אגשח בעמ,IL,נוזל רצפות לוטוס,ליטרים,0.00,ליטר,false,1,11.90,11.90,true,1,
7290019014102,false,נוזל ניקוי והברקה בניחוח,,IL,נוזל ניקוי והברק,מיליליטרים,1000.00,"100 מ""ל",false,1,8.90,0.89,true,1,
7290019014119,false,נוזל ניקוי והברקה בניחוח,,IL,נוזל ניקוי והברק,מיליליטרים,1000.00,"100 מ""ל",false,1,8.90,0.89,true,1,
7290019014126,false,נוזל ניקוי והברקה בניחוח,,IL,נוזל ניקוי והברק,ליטרים,0.00,ליטר,false,1,8.90,8.90,true,1,
7290019014157,false,"מבשם כביסה מיסטרי טאצ' 750 מ""ל",סאסאטק אגשח בעמ,IL,מבשם כביסה מיסטר,מיליליטרים,750.00,"100 מ""ל",false,1,13.90,1.85,true,1,
7290019014164,false,"מבשם כביסה פנטזי טאצ' 750 מ""ל",סאסאטק אגשח בעמ,IL,מבשם כביסה פנטזי,מיליליטרים,750.00,"100 מ""ל",false,1,13.90,1.85,true,1,
7290019014317,false,קרם לניקוי כיריים זכוכית,,IL,קרם לניקוי כיריי,מיליליטרים,500.00,"100 מ""ל",false,1,14.90,2.98,true,1,
7290019014331,false,מבריק למדיח שניב,,IL,מבריק למדיח,מיליליטרים,750.00,"100 מ""ל",false,1,11.90,1.59,true,1,
<<<<<<< HEAD
7290019014362,false,"תרסיס לגיהוץ קל פלירוסול 500 מ""ל טאצ",סאסאטק,IL,גיהוץ קל טאצ,מיליליטרים,500.00,"100 מ""ל",false,1,29.90,5.98,true,1,
7290019014386,false,"ניקוי והברקת רהיטי עץ פלירוסול 500 מ""ל טאצ",סאסאטק,IL,ניקוירהיטי עץ,מיליליטרים,500.00,"100 מ""ל",false,1,29.90,5.98,true,1,
7290019014409,false,"ניקוי ושימור משטחי עור פלירוסול 500 מ""ל טאצ",סאסאטק,IL,ניקוי משטחי עור,מיליליטרים,500.00,"100 מ""ל",false,1,29.90,5.98,true,1,
7290019014423,false,"מבשם לכביסה ולבית טורקיז פלירוסול 500 מ""ל טאצ",סאסאטק,IL,מבשם כביסה ולבית,מיליליטרים,500.00,"100 מ""ל",false,1,29.90,5.98,true,1,
7290019056027,false,שוופס מוגז פירות תפוחים ללא סוכר 1.5 ליטר פיקדון,"יפאורה תבורי בע""\מ",IL,שוופס ללא סוכ,ליטרים,1.50,ליטר,false,0,8.20,5.47,true,1,
7290019056034,false,שוופס מוגז פירות אננס ללא סוכר 1.5 ליטר פיקדון,"יפאורה תבורי בע""מ",IL,שוופס אננס,ליטרים,1.50,ליטר,false,0,8.20,5.47,true,1,
7290019056041,false,שוופס מוגז פירות לימונייד ללא סוכר 1.5 ליטר פיקדון,"יפאורה תבורי בע""מ",IL,שוופס למונייד,ליטרים,1.50,ליטר,false,0,8.20,5.47,true,1,
7290019056058,false,שוופס מוגז עדין תפוח ליים 1.5 ליטר פיקדון,"יפאורה תבורי בע""\מ",IL,שוופס מוגז תפוח,ליטרים,1.50,ליטר,false,0,8.50,5.67,true,1,
7290019056065,false,שוופס מוגז עדין פירות יער 1.5 ליטר פיקדון,"יפאורה תבורי בע""\מ",IL,שוופס מוגז,ליטרים,1.50,ליטר,false,0,8.50,5.67,true,1,
7290019056072,false,שוופס מוגז עדין אננס 1.5 ליטר פיקדון,מיוצר עי קונדיטוריית,IL,שוופס מוגז עד,ליטרים,1.50,ליטר,false,0,8.50,5.67,true,1,
7290019056089,false,שוופס מוגז עדין ענבי ריזלינג 1.5 ליטר פיקדון,"יפאורה תבורי בע""\מ",IL,שוופס מוגז,ליטרים,1.50,ליטר,false,0,8.50,5.67,true,1,
7290019056096,false,שוופס מוגז עדין אפרסק 1.5 ליטר פיקדון,"יפאורה תבורי בע""\מ",IL,שוופס אפרסק,ליטרים,1.50,ליטר,false,0,8.50,5.67,true,1,
7290019056119,false,שוופס סודה 1.5 ליטר פיקדון,"יפאורה תבורי בע""\מ",IL,שוופס מי סודה,ליטרים,1.50,ליטר,false,0,3.20,2.13,true,1,
7290019056126,false,שוופס סודה לימון 1.5 ליטר בק' בודד פיקדון,"יפאורה תבורי בע""\מ",IL,שוופס סודה לי,ליטרים,1.50,ליטר,false,0,3.20,2.13,true,1,
7290019056164,false,שוופס סודה 1.5 ליטר רביעייה פיקדון,"יפאורה תבורי בע""\מ",IL,שוופס סודה1.5*4ל,ליטרים,6.00,ליטר,false,0,9.90,1.65,true,1,
7290019056171,false,שוופס סודה לימון 1.5 ליטר רביעייה פיקדון,"יפאורה תבורי בע""\מ",IL,סודה לימון 1.5*4,ליטרים,6.00,ליטר,false,0,9.90,1.65,true,1,
7290019056188,false,שוופס סודה נענע ליים 1.5 ליטר רביעייה פיקדון,"יפאורה תבורי בע""\מ",IL,שוופס סודה1.5*4ל,ליטרים,6.00,ליטר,false,0,9.90,1.65,true,1,
7290019056195,false,שוופס סודה למון גראס ג'ינג'ר 1.5 ליטר רביעייה פיקדון,"יפאורה תבורי בע""\מ",IL,שוופס סודה 4 יח,ליטרים,6.00,ליטר,false,0,9.90,1.65,true,1,
7290019056201,false,שוופס סודה פירות יער 1.5 ליטר רביעייה פיקדון,"יפאורה תבורי בע""\מ",IL,שוופס סודה1.5*4ל,ליטרים,6.00,ליטר,false,0,9.90,1.65,true,1,
7290019056232,false,משקה מוגז בטעם ליים מוחיטו 1.5 ל' שוופס,"יפאורה תבורי בע""\מ",IL,שוופס ליים מו,ליטרים,1.50,ליטר,false,0,7.50,5.00,true,1,
7290019056249,false,שוופס מים בטעמים ענבים 1.5 ליטר פיקדון,מיוצר עי קונדיטוריית,IL,מים בטעם ענבי,ליטרים,1.50,ליטר,false,0,6.80,4.53,true,1,
7290019056256,false,שוופס מים בטעמים תפוחים 1.5 ליטר פיקדון,מיוצר עי קונדיטוריית,IL,שוופס מים תפו,ליטרים,1.50,ליטר,false,0,6.80,4.53,true,1,
7290019056263,false,שוופס מים בטעמים אפרסק 1.5 ליטר פיקדון,מיוצר עי קונדיטוריית,IL,שוופס מים אפר,ליטרים,1.50,ליטר,false,0,6.80,4.53,true,1,
7290019056270,false,שוופס מים בטעמים פירות יער 1.5 ליטר פיקדון,"יפאורה תבורי בע""\מ",IL,מים פירות יער,ליטרים,1.50,ליטר,false,0,6.80,4.53,true,1,
7290019056287,false,שוופס מים בטעמים אפרסק ללא סוכר 1.5 ליטר פיקדון,יפאורה שותפות מובגלת לשי,IL,שוופס מים אפר,ליטרים,1.50,ליטר,false,0,6.80,4.53,true,1,
7290019056294,false,שוופס ג'ינג'ר אייל 1.5 ליטר פיקדון,"יפאורה תבורי בע""\מ",IL,שוופס ג'ינג'ר,ליטרים,1.50,ליטר,false,0,9.90,6.60,true,1,
7290019056300,false,משקה בטעם ביטר לימון 1.5 ל' שוויפס,"יפאורה תבורי בע""\מ",IL,שוופס ביטר לי,ליטרים,1.50,ליטר,false,0,9.90,6.60,true,1,
7290019056317,false,שוופס ראשן 1.5 ליטר פיקדון,"יפאורה תבורי בע""\מ",IL,שוופס ראש'ן,ליטרים,1.50,ליטר,false,0,9.90,6.60,true,1,
7290019056324,false,שוופס טוניק 1.5 ליטר פיקדון,"יפאורה תבורי בע""\מ",IL,שוופס מי טוני,ליטרים,1.50,ליטר,false,0,9.90,6.60,true,1,
7290019056331,false,שוופס טוניק ללא סוכר 1.5 ליטר פיקדון,מיוצר עי קונדיטוריית,IL,מי טוניק ל.סו,ליטרים,1.50,ליטר,false,0,11.90,7.93,true,1,
7290019056355,false,תפוזינה לימונדה MIX לימונענע 1.5 ליטר,"יפאורה תבורי בע""\מ",IL,תפוזינה לימונ,ליטרים,1.50,ליטר,false,0,7.90,5.27,true,1,
7290019056362,false,תפוזינה ענבים 1.5 ליטר פיקדון,"יפאורה תבורי בע""\מ",IL,תפוזינה ענבים,ליטרים,1.50,ליטר,false,0,7.90,5.27,true,1,
7290019056379,false,תפוזינה תפוזים 1.5 ליטר פיקדון,"יפאורה תבורי בע""\מ",IL,תפוזינה תפוזי,ליטרים,1.50,ליטר,false,0,7.90,5.27,true,1,
7290019056386,false,פתוזינה אשכולית 1.5 ליטר פיקדון,"יפאורה תבורי בע""\מ",IL,תפוזינה אשכול,ליטרים,1.50,ליטר,false,0,7.90,5.27,true,1,
7290019056393,false,תפוזינה תות בננה 1.5 ליטר פיקדון,"יפאורה תבורי בע""\מ",IL,תפוזינה תות ב,ליטרים,1.50,ליטר,false,0,7.90,5.27,true,1,
7290019056409,false,תפוזינה מנגו 1.5 ליטר פיקדון,"יפאורה תבורי בע""\מ",IL,תפוזינה מנגו,ליטרים,1.50,ליטר,false,0,7.90,5.27,true,1,
7290019056416,false,מיץ בטעם לימונדה ורודה 1.5 ל' תפוזינה,"יפאורה תבורי בע""\מ",IL,תפוזינה לימונדה,ליטרים,1.50,ליטר,false,0,7.90,5.27,true,1,
7290019056423,false,מיץ בטעם תפוח רענן 1.5ל' תפוזינה,"יפאורה תבורי בע""\מ",IL,תפוזינה תפוח,ליטרים,1.50,ליטר,false,0,7.90,5.27,true,1,
7290019056430,false,תפוזינה תפוזים לייט 1.5 ליטר פיקדון,"יפאורה תבורי בע""\מ",IL,תפוזינה לייט,ליטרים,1.50,ליטר,false,0,7.90,5.27,true,1,
7290019056447,false,תפוזינה אשכוליות לייט 1.5 ליטר פיקדון,"יפאורה תבורי בע""\מ",IL,אשכוליות לייט,ליטרים,1.50,ליטר,false,0,7.90,5.27,true,1,
7290019056454,false,משקה מוגז בטעם קולה 1.5 ל' אר סי,"יפאורה תבורי בע""\מ",IL,R.C קולה,ליטרים,1.50,ליטר,false,0,7.20,4.80,true,1,
7290019056461,false,מארז משקה בטעם קולה שישייה * 1.5 ל' אר.סי,"יפאורה תבורי בע""\מ",IL,RC קולה 6 יח,ליטרים,9.00,ליטר,false,0,33.90,3.77,true,1,
7290019056478,false,ספרינג טי קר אפרסק 1.5ליטר פיקדון,"יפאורה תבורי בע""\מ",IL,ספרינג תה אפר,ליטרים,1.50,ליטר,false,0,7.20,4.80,true,1,
7290019056485,false,ספריג תה ירוק לימון לואיזה 1.5 ליטר פיקדון,"יפאורה תבורי בע""\מ",IL,תה ספרינג ירו,ליטרים,1.50,ליטר,false,0,7.20,4.80,true,1,
7290019056492,false,ספרינג תה מנגו אפרסק 1.5 ליטר פיקדון,"יפאורה תבורי בע""\מ",IL,ספרינג תה מנג,ליטרים,1.50,ליטר,false,0,7.20,4.80,true,1,
7290019056508,false,פרוט ווטר ענבים 1.5 ליטר פיקדון,"יפאורה תבורי בע""\מ",IL,פרוט ווטר ענב,ליטרים,1.50,ליטר,false,0,8.90,5.93,true,1,
7290019056515,false,פרוט ווטר אננס 1.5 ליטר פיקדון,"יפאורה תבורי בע""\מ",IL,פרוט ווטר אננ,ליטרים,1.50,ליטר,false,0,8.90,5.93,true,1,
7290019056522,false,פרוט ווטר תות 1.5 ליטר פיקדון,"יפאורה תבורי בע""\מ",IL,פרוט ווטר תות,ליטרים,1.50,ליטר,false,0,8.90,5.93,true,1,
7290019056539,false,פרוט ווטר אפרסק 1.5 ליטר פיקדון,"יפאורה תבורי בע""\מ",IL,פרוט ווטר אפר,ליטרים,1.50,ליטר,false,0,8.90,5.93,true,1,
7290019056546,false,פרוט ווטר אבטיח 1.5 ליטר פיקדון,"יפאורה תבורי בע""\מ",IL,פרוט ווטר אבט,ליטרים,1.50,ליטר,false,0,8.90,5.93,true,1,
7290019056553,false,שישיית מים מינרלים עין גדי 2 ליטר,עין גדי מים מינרליים,IL,מים עין גדי2*6ל,ליטרים,12.00,ליטר,false,0,11.70,0.98,true,1,
7290019056560,false,עין גדי 2 ליטר בק' בודד פיקדון,עין גדי מיים מינרלים,IL,מים מינרלים,ליטרים,2.00,ליטר,false,0,2.90,1.45,true,1,
7290019056577,false,משקה קל מנגו ספרינג 1.5 ליטר,"יפאורה תבורי בע""\מ",IL,ספרינג מנגו,ליטרים,1.50,ליטר,false,0,7.60,5.07,true,1,
7290019056584,false,משקה קל תפוזים ספרינג 1.5 ליטר,"יפאורה תבורי בע""\מ",IL,ספרינג תפוזים,ליטרים,1.50,ליטר,false,0,7.60,5.07,true,1,
7290019056591,false,משקה קל ענבים ספרינג 1.5 ליטר,"יפאורה תבורי בע""\מ",IL,ספרינג ענבים,ליטרים,1.50,ליטר,false,0,7.60,5.07,true,1,
7290019056607,false,משקה קל תפוחים ספרינג 1.5 ליטר,"יפאורה תבורי בע""\מ",IL,ספרינג תפוחים,ליטרים,1.50,ליטר,false,0,7.60,5.07,true,1,
7290019056614,false,משקה קל אפרסק ספרינג 1.5 ליטר,"יפאורה תבורי בע""\מ",IL,ספרינג אפרסק,ליטרים,1.50,ליטר,false,0,7.60,5.07,true,1,
7290019056621,false,משקה קל פירות טרופיים ספרינג 1.5 ליטר,"יפאורה תבורי בע""\מ",IL,משקה ספרינג,ליטרים,1.50,ליטר,false,0,7.60,5.07,true,1,
7290019056638,false,משקה קל תות בננה ספרינג 1.5 ליטר,"יפאורה תבורי בע""\מ",IL,ספרינג תות בנ,ליטרים,1.50,ליטר,false,0,7.60,5.07,true,1,
7290019056645,false,משקה קל אגס תפוח סברס ספרינג 1.5 ליטר,"יפאורה תבורי בע""\מ",IL,משקה ספרינג,ליטרים,1.50,ליטר,false,0,7.60,5.07,true,1,
7290019056652,false,משקה קל אננס בננה ספרינג 1.5 ליטר,"יפאורה תבורי בע""\מ",IL,ספרינג אננס ב,ליטרים,1.50,ליטר,false,0,7.60,5.07,true,1,
7290019056669,false,משקה קל תפוחים דיאט ספרינג 1.5 ליטר,"יפאורה תבורי בע""\מ",IL,ספרינג תפוח ל,ליטרים,1.50,ליטר,false,0,7.90,5.27,true,1,
7290019056676,false,משקה קל אשכולית אננס דיאט ספרינג 1.5 ליטר,"יפאורה תבורי בע""\מ",IL,ספרינג לייט,ליטרים,1.50,ליטר,false,0,7.90,5.27,true,1,
7290019056720,false,קריסטל מיץ ענבים 2 ליטר פיקדון,"יפאורה תבורי בע""\מ",IL,משקה קל ענבים,ליטרים,2.00,ליטר,false,0,6.00,3.00,true,1,
7290019056737,false,קריסטל מיץ אשכוליטרות 2 ליטר,"יפאורה תבורי בע""\מ",IL,קריסטל אשכולי,ליטרים,2.00,ליטר,false,0,6.00,3.00,true,1,
7290019056744,false,קריסטל מיץ תפוזים 2 ליטר פיקדון,"יפאורה תבורי בע""\מ",IL,משקה קל תפוזי,ליטרים,2.00,ליטר,false,0,6.00,3.00,true,1,
7290019056751,false,קריסטל מיץ אשכוליות דיאט 2 ליטר פיקדון,"יפאורה תבורי בע""\מ",IL,אשכוליות דיאט,ליטרים,2.00,ליטר,false,0,7.00,3.50,true,1,
7290019056775,false,קריסטל מוגז ענבים 2 ליטר פיקדון,"יפאורה תבורי בע""\מ",IL,קריסטל ענבים,ליטרים,2.00,ליטר,false,0,6.00,3.00,true,1,
7290019056782,false,משקה מוגז בטעם לימון ליים 2 ל' קריסטל,"יפאורה תבורי בע""\מ",IL,גזוז לימון לי,ליטרים,2.00,ליטר,false,0,6.00,3.00,true,1,
7290019056799,false,קריסטל מוגז אקזוטי 2 ליטר פיקדון,"יפאורה תבורי בע""\מ",IL,קריסטל אקזוטי,ליטרים,2.00,ליטר,false,0,6.00,3.00,true,1,
7290019056805,false,קריסטל מוגז תפוחים 2 ליטר פיקדון,"יפאורה תבורי בע""\מ",IL,גזוז בטעם תפו,ליטרים,2.00,ליטר,false,0,6.00,3.00,true,1,
7290019056812,false,קריסטל מוגז מנטה 2 ליטר פיקדון,"יפאורה תבורי בע""\מ",IL,גזוז בטעם מנט,ליטרים,2.00,ליטר,false,0,6.00,3.00,true,1,
7290019056829,false,קריסטל מוגז תפוזים 2 ליטר פיקדון,"יפאורה תבורי בע""\מ",IL,קריסטל אורנג',ליטרים,2.00,ליטר,false,0,6.00,3.00,true,1,
7290019056836,false,קריסטל מוגז תות 2 ליטר פיקדון,"יפאורה תבורי בע""\מ",IL,קריסטל מוגז ת,ליטרים,2.00,ליטר,false,0,6.00,3.00,true,1,
7290019056843,false,קריסטל מוגז קולה 2 ליטר פיקדון,"יפאורה תבורי בע""\מ",IL,קריסטל קולה,ליטרים,2.00,ליטר,false,0,6.00,3.00,true,1,
7290019056850,false,ספרינג תה אפרסק דיאט 1.5 ליטר פיקדון,"יפאורה תבורי בע""\מ",IL,תה ספרינג דיא,ליטרים,1.50,ליטר,false,0,7.20,4.80,true,1,
7290019056959,false,מי עדן 1.5 ליטר בק' בודד פיקדון,"מופק ממקור בזלתי עדן ,1",IL,מי עדן 1.5 לי,ליטרים,1.50,ליטר,false,0,2.90,1.93,true,1,
7290019056973,false,שישיית מי עדן 1.5 ליטר משפחתי,"מופק ממקור בזלתי עדן ,1",IL,מי עדן 1.5*6ל,ליטרים,9.00,ליטר,false,0,12.70,1.41,true,1,
=======
7290019014362,false,"תרסיס לגיהוץ קל פלירוסול 500 מ""ל טאצ",סאסאטק אגשח בעמ,IL,גיהוץ קל טאצ,מיליליטרים,500.00,"100 מ""ל",false,1,29.90,5.98,true,1,
7290019014386,false,"ניקוי והברקת רהיטי עץ פלירוסול 500 מ""ל טאצ",סאסאטק אגשח בעמ,IL,ניקוירהיטי עץ,מיליליטרים,500.00,"100 מ""ל",false,1,29.90,5.98,true,1,
7290019014409,false,"ניקוי ושימור משטחי עור פלירוסול 500 מ""ל טאצ",סאסאטק אגשח בעמ,IL,ניקוי משטחי עור,מיליליטרים,500.00,"100 מ""ל",false,1,29.90,5.98,true,1,
7290019014423,false,"מבשם לכביסה ולבית טורקיז פלירוסול 500 מ""ל טאצ",סאסאטק אגשח בעמ,IL,מבשם כביסה ולבית,מיליליטרים,500.00,"100 מ""ל",false,1,29.90,5.98,true,1,
7290019056027,false,שוופס מוגז פירות תפוחים ללא סוכר 1.5 ליטר פיקדון,יפאורה - שותפות מוגבלת לשיווק,IL,שוופס ללא סוכ,ליטרים,1.50,ליטר,false,0,8.20,5.47,true,1,
7290019056034,false,שוופס מוגז פירות אננס ללא סוכר 1.5 ליטר פיקדון,יפאורה - שותפות מוגבלת לשיווק,IL,שוופס אננס,ליטרים,1.50,ליטר,false,0,8.20,5.47,true,1,
7290019056041,false,שוופס מוגז פירות לימונייד ללא סוכר 1.5 ליטר פיקדון,יפאורה - שותפות מוגבלת לשיווק,IL,שוופס למונייד,ליטרים,1.50,ליטר,false,0,8.20,5.47,true,1,
7290019056058,false,שוופס מוגז עדין תפוח ליים 1.5 ליטר פיקדון,יפאורה - שותפות מוגבלת לשיווק,IL,שוופס מוגז תפוח,ליטרים,1.50,ליטר,false,0,8.50,5.67,true,1,
7290019056065,false,שוופס מוגז עדין פירות יער 1.5 ליטר פיקדון,יפאורה - שותפות מוגבלת לשיווק,IL,שוופס מוגז,ליטרים,1.50,ליטר,false,0,8.50,5.67,true,1,
7290019056072,false,שוופס מוגז עדין אננס 1.5 ליטר פיקדון,יפאורה - שותפות מוגבלת לשיווק,IL,שוופס מוגז עד,ליטרים,1.50,ליטר,false,0,8.50,5.67,true,1,
7290019056089,false,שוופס מוגז עדין ענבי ריזלינג 1.5 ליטר פיקדון,יפאורה - שותפות מוגבלת לשיווק,IL,שוופס מוגז,ליטרים,1.50,ליטר,false,0,8.50,5.67,true,1,
7290019056096,false,שוופס מוגז עדין אפרסק 1.5 ליטר פיקדון,יפאורה - שותפות מוגבלת לשיווק,IL,שוופס אפרסק,ליטרים,1.50,ליטר,false,0,8.50,5.67,true,1,
7290019056119,false,שוופס סודה 1.5 ליטר פיקדון,יפאורה שותפות מוגבלת לשיווק,IL,שוופס מי סודה,ליטרים,1.50,ליטר,false,0,3.20,2.13,true,1,
7290019056126,false,שוופס סודה לימון 1.5 ליטר בק' בודד פיקדון,יפאורה - שותפות מוגבלת לשיווק,IL,שוופס סודה לי,ליטרים,1.50,ליטר,false,0,3.20,2.13,true,1,
7290019056164,false,שוופס סודה 1.5 ליטר רביעייה פיקדון,יפאורה - שותפות מוגבלת לשיווק,IL,שוופס סודה1.5*4ל,ליטרים,6.00,ליטר,false,0,9.90,1.65,true,1,
7290019056171,false,שוופס סודה לימון 1.5 ליטר רביעייה פיקדון,יפאורה - שותפות מוגבלת לשיווק,IL,סודה לימון 1.5*4,ליטרים,6.00,ליטר,false,0,9.90,1.65,true,1,
7290019056188,false,שוופס סודה נענע ליים 1.5 ליטר רביעייה פיקדון,יפאורה - שותפות מוגבלת לשיווק,IL,שוופס סודה1.5*4ל,ליטרים,6.00,ליטר,false,0,9.90,1.65,true,1,
7290019056195,false,שוופס סודה למון גראס ג'ינג'ר 1.5 ליטר רביעייה פיקדון,"יפאורה תבורי בע""\מ",IL,שוופס סודה 4 יח,ליטרים,6.00,ליטר,false,0,9.90,1.65,true,1,
7290019056201,false,שוופס סודה פירות יער 1.5 ליטר רביעייה פיקדון,יפאורה - שותפות מוגבלת לשיווק,IL,שוופס סודה1.5*4ל,ליטרים,6.00,ליטר,false,0,9.90,1.65,true,1,
7290019056232,false,משקה מוגז בטעם ליים מוחיטו 1.5 ל' שוופס,יפאורה - שותפות מוגבלת לשיווק,IL,שוופס ליים מו,ליטרים,1.50,ליטר,false,0,7.50,5.00,true,1,
7290019056249,false,שוופס מים בטעמים ענבים 1.5 ליטר פיקדון,יפאורה - שותפות מוגבלת לשיווק,IL,מים בטעם ענבי,ליטרים,1.50,ליטר,false,0,6.80,4.53,true,1,
7290019056256,false,שוופס מים בטעמים תפוחים 1.5 ליטר פיקדון,יפאורה - שותפות מוגבלת לשיווק,IL,שוופס מים תפו,ליטרים,1.50,ליטר,false,0,6.80,4.53,true,1,
7290019056263,false,שוופס מים בטעמים אפרסק 1.5 ליטר פיקדון,יפאורה - שותפות מוגבלת לשיווק,IL,שוופס מים אפר,ליטרים,1.50,ליטר,false,0,6.80,4.53,true,1,
7290019056270,false,שוופס מים בטעמים פירות יער 1.5 ליטר פיקדון,יפאורה - שותפות מוגבלת לשיווק,IL,מים פירות יער,ליטרים,1.50,ליטר,false,0,6.80,4.53,true,1,
7290019056287,false,שוופס מים בטעמים אפרסק ללא סוכר 1.5 ליטר פיקדון,יפאורה - שותפות מוגבלת לשיווק,IL,שוופס מים אפר,ליטרים,1.50,ליטר,false,0,6.80,4.53,true,1,
7290019056294,false,שוופס ג`ינג`ר אייל 1.5 ליטר פיקדון,יפאורה - שותפות מוגבלת לשיווק,IL,שוופס ג'ינג'ר,ליטרים,1.50,ליטר,false,0,9.90,6.60,true,1,
7290019056300,false,משקה בטעם ביטר לימון 1.5 ל' שוויפס,יפאורה - שותפות מוגבלת לשיווק,IL,שוופס ביטר לי,ליטרים,1.50,ליטר,false,0,9.90,6.60,true,1,
7290019056317,false,שוופס ראשן 1.5 ליטר פיקדון,יפאורה - שותפות מוגבלת לשיווק,IL,שוופס ראש'ן,ליטרים,1.50,ליטר,false,0,9.90,6.60,true,1,
7290019056324,false,שוופס טוניק 1.5 ליטר פיקדון,יפאורה - שותפות מוגבלת לשיווק,IL,שוופס מי טוני,ליטרים,1.50,ליטר,false,0,9.90,6.60,true,1,
7290019056331,false,שוופס טוניק ללא סוכר 1.5 ליטר פיקדון,יפאורה - שותפות מוגבלת לשיווק,IL,מי טוניק ל.סו,ליטרים,1.50,ליטר,false,0,11.90,7.93,true,1,
7290019056355,false,תפוזינה לימונדה מיקס לימונענע 1.5 ליטר,יפאורה - שותפות מוגבלת לשיווק,IL,תפוזינה לימונ,ליטרים,1.50,ליטר,false,0,7.90,5.27,true,1,
7290019056362,false,תפוזינה משקה קל ענבים 1.5 ליטר,יפאורה - שותפות מוגבלת לשיווק,IL,תפוזינה ענבים,ליטרים,1.50,ליטר,false,0,7.90,5.27,true,1,
7290019056379,false,משקה קל תפוזינה 1.5 ליטר תפוזים,יפאורה - שותפות מוגבלת לשיווק,IL,תפוזינה תפוזי,ליטרים,1.50,ליטר,false,0,7.90,5.27,true,1,
7290019056386,false,משקה קל תפוזינה 1.5 ליטר אשכוליות,יפאורה - שותפות מוגבלת לשיווק,IL,תפוזינה אשכול,ליטרים,1.50,ליטר,false,0,7.90,5.27,true,1,
7290019056393,false,משקה קל תפוזינה 1.5 ליטר תות בננה,יפאורה - שותפות מוגבלת לשיווק,IL,תפוזינה תות ב,ליטרים,1.50,ליטר,false,0,7.90,5.27,true,1,
7290019056409,false,תפוזינה משקה קל מנגו עסיסי1.5ליטר,יפאורה - שותפות מוגבלת לשיווק,IL,תפוזינה מנגו,ליטרים,1.50,ליטר,false,0,7.90,5.27,true,1,
7290019056416,false,מיץ בטעם לימונדה ורודה 1.5 ל' תפוזינה,יפאורה - שותפות מוגבלת לשיווק,IL,תפוזינה לימונדה,ליטרים,1.50,ליטר,false,0,7.90,5.27,true,1,
7290019056423,false,תפוזינה משקה קל תפוח רענן 1.5ליטר,יפאורה - שותפות מוגבלת לשיווק,IL,תפוזינה תפוח,ליטרים,1.50,ליטר,false,0,7.90,5.27,true,1,
7290019056430,false,משקה קל תפוזינה 1.5 ליטר תפוזים לייט,יפאורה - שותפות מוגבלת לשיווק,IL,תפוזינה לייט,ליטרים,1.50,ליטר,false,0,7.90,5.27,true,1,
7290019056447,false,משקה קל תפוזינה 1.5 ליטר אשכוליות לייט,יפאורה - שותפות מוגבלת לשיווק,IL,אשכוליות לייט,ליטרים,1.50,ליטר,false,0,7.90,5.27,true,1,
7290019056454,false,משקה מוגז בטעם קולה 1.5 ל' אר סי,יפאורה שותפות מוגבלת לשיווק,IL,R.C קולה,ליטרים,1.50,ליטר,false,0,7.20,4.80,true,1,
7290019056461,false,מארז משקה בטעם קולה שישייה * 1.5 ל' אר.סי,יפאורה - שותפות מוגבלת לשיווק,IL,RC קולה 6 יח,ליטרים,9.00,ליטר,false,0,33.90,3.77,true,1,
7290019056478,false,ספרינג טי קר אפרסק 1.5ליטר פיקדון,יפאורה - שותפות מוגבלת לשיווק,IL,ספרינג תה אפר,ליטרים,1.50,ליטר,false,0,7.20,4.80,true,1,
7290019056485,false,ספריג תה ירוק לימון לואיזה 1.5 ליטר פיקדון,יפאורה - שותפות מוגבלת לשיווק,IL,תה ספרינג ירו,ליטרים,1.50,ליטר,false,0,7.20,4.80,true,1,
7290019056492,false,ספרינג תה מנגו אפרסק 1.5 ליטר פיקדון,יפאורה - שותפות מוגבלת לשיווק,IL,ספרינג תה מנג,ליטרים,1.50,ליטר,false,0,7.20,4.80,true,1,
7290019056508,false,פרוט ווטר ענבים 1.5 ליטר פיקדון,יפאורה - שותפות מוגבלת לשיווק,IL,פרוט ווטר ענב,ליטרים,1.50,ליטר,false,0,8.90,5.93,true,1,
7290019056515,false,פרוט ווטר אננס 1.5 ליטר פיקדון,יפאורה - שותפות מוגבלת לשיווק,IL,פרוט ווטר אננ,ליטרים,1.50,ליטר,false,0,8.90,5.93,true,1,
7290019056522,false,פרוט ווטר תות 1.5 ליטר פיקדון,יפאורה - שותפות מוגבלת לשיווק,IL,פרוט ווטר תות,ליטרים,1.50,ליטר,false,0,8.90,5.93,true,1,
7290019056539,false,פרוט ווטר אפרסק 1.5 ליטר פיקדון,יפאורה שותפות מוגבלת לשיווק,IL,פרוט ווטר אפר,ליטרים,1.50,ליטר,false,0,8.90,5.93,true,1,
7290019056546,false,פרוט ווטר אבטיח 1.5 ליטר פיקדון,יפאורה - שותפות מוגבלת לשיווק,IL,פרוט ווטר אבט,ליטרים,1.50,ליטר,false,0,8.90,5.93,true,1,
7290019056553,false,שישיית מים מינרלים עין גדי 2 ליטר,יפאורה - שותפות מוגבלת לשיווק,IL,מים עין גדי2*6ל,ליטרים,12.00,ליטר,false,0,11.70,0.98,true,1,
7290019056560,false,עין גדי מים מינרלים בקבוק 2 ליטר,יפאורה שותפות מוגבלת לשיווק,IL,מים מינרלים,ליטרים,2.00,ליטר,false,0,2.90,1.45,true,1,
7290019056577,false,ספרינג קל מנגו 1.5 ליטר פיקדון,יפאורה - שותפות מוגבלת לשיווק,IL,ספרינג מנגו,ליטרים,1.50,ליטר,false,0,7.60,5.07,true,1,
7290019056584,false,משקה קל תפוזים ספרינג 1.5 ליטר,יפאורה - שותפות מוגבלת לשיווק,IL,ספרינג תפוזים,ליטרים,1.50,ליטר,false,0,7.60,5.07,true,1,
7290019056591,false,משקה קל ענבים ספרינג 1.5 ליטר,יפאורה - שותפות מוגבלת לשיווק,IL,ספרינג ענבים,ליטרים,1.50,ליטר,false,0,7.60,5.07,true,1,
7290019056607,false,משקה קל תפוחים ספרינג 1.5 ליטר,יפאורה - שותפות מוגבלת לשיווק,IL,ספרינג תפוחים,ליטרים,1.50,ליטר,false,0,7.60,5.07,true,1,
7290019056614,false,משקה קל ספרינג 1.5 ליטר אפרסק,יפאורה - שותפות מוגבלת לשיווק,IL,ספרינג אפרסק,ליטרים,1.50,ליטר,false,0,7.60,5.07,true,1,
7290019056621,false,משקה קל פירות טרופיים ספרינג 1.5 ליטר,יפאורה - שותפות מוגבלת לשיווק,IL,משקה ספרינג,ליטרים,1.50,ליטר,false,0,7.60,5.07,true,1,
7290019056638,false,משקה קל תות בננה ספרינג 1.5 ליטר,יפאורה - שותפות מוגבלת לשיווק,IL,ספרינג תות בנ,ליטרים,1.50,ליטר,false,0,7.60,5.07,true,1,
7290019056645,false,משקה קל ספרינג 1.5 ליטר אגס תפוח סברס,יפאורה - שותפות מוגבלת לשיווק,IL,משקה ספרינג,ליטרים,1.50,ליטר,false,0,7.60,5.07,true,1,
7290019056652,false,משקה קל ספרינג 1.5 ליטר אננס בננה,יפאורה - שותפות מוגבלת לשיווק,IL,ספרינג אננס ב,ליטרים,1.50,ליטר,false,0,7.60,5.07,true,1,
7290019056669,false,משקה קל תפוחים דיאט ספרינג 1.5 ליטר,יפאורה - שותפות מוגבלת לשיווק,IL,ספרינג תפוח ל,ליטרים,1.50,ליטר,false,0,7.90,5.27,true,1,
7290019056676,false,משקה קל אשכולית אננס דיאט ספרינג 1.5 ליטר,יפאורה - שותפות מוגבלת לשיווק,IL,ספרינג לייט,ליטרים,1.50,ליטר,false,0,7.90,5.27,true,1,
7290019056720,false,קריסטל מיץ ענבים 2 ליטר פיקדון,יפאורה - שותפות מוגבלת לשיווק,IL,משקה קל ענבים,ליטרים,2.00,ליטר,false,0,6.00,3.00,true,1,
7290019056737,false,משקה קל קריסטל (2 ליטר)אשכוליות,יפאורה - שותפות מוגבלת לשיווק,IL,קריסטל אשכולי,ליטרים,2.00,ליטר,false,0,6.00,3.00,true,1,
7290019056744,false,קריסטל מיץ תפוזים 2 ליטר פיקדון,יפאורה - שותפות מוגבלת לשיווק,IL,משקה קל תפוזי,ליטרים,2.00,ליטר,false,0,6.00,3.00,true,1,
7290019056751,false,קריסטל מיץ אשכוליות דיאט 2 ליטר פיקדון,יפאורה - שותפות מוגבלת לשיווק,IL,אשכוליות דיאט,ליטרים,2.00,ליטר,false,0,7.00,3.50,true,1,
7290019056775,false,משקה קל קריסטל (2 ליטר)מוגז ענבים,יפאורה - שותפות מוגבלת לשיווק,IL,קריסטל ענבים,ליטרים,2.00,ליטר,false,0,6.00,3.00,true,1,
7290019056782,false,משקה קל קריסטל (2 ליטר)מוגז למון ליים,יפאורה - שותפות מוגבלת לשיווק,IL,גזוז לימון לי,ליטרים,2.00,ליטר,false,0,6.00,3.00,true,1,
7290019056799,false,משקה קל קריסטל (2 ליטר)מוגז אקזוטי,יפאורה - שותפות מוגבלת לשיווק,IL,קריסטל אקזוטי,ליטרים,2.00,ליטר,false,0,6.00,3.00,true,1,
7290019056805,false,משקה קל קריסטל (2 ליטר)מוגז תפוחים,יפאורה - שותפות מוגבלת לשיווק,IL,גזוז בטעם תפו,ליטרים,2.00,ליטר,false,0,6.00,3.00,true,1,
7290019056812,false,משקה קל קריסטל (2 ליטר)מוגז מנטה,יפאורה - שותפות מוגבלת לשיווק,IL,גזוז בטעם מנט,ליטרים,2.00,ליטר,false,0,6.00,3.00,true,1,
7290019056829,false,משקה קל קריסטל (2 ליטר)מוגז תפוזים,יפאורה - שותפות מוגבלת לשיווק,IL,קריסטל אורנג',ליטרים,2.00,ליטר,false,0,6.00,3.00,true,1,
7290019056836,false,משקה קל קריסטל (2 ליטר)מוגז תות,יפאורה - שותפות מוגבלת לשיווק,IL,קריסטל מוגז ת,ליטרים,2.00,ליטר,false,0,6.00,3.00,true,1,
7290019056843,false,משקה קל קריסטל (2 ליטר)מוגז קולה,יפאורה - שותפות מוגבלת לשיווק,IL,קריסטל קולה,ליטרים,2.00,ליטר,false,0,6.00,3.00,true,1,
7290019056850,false,ספרינג תה אפרסק דיאט 1.5 ליטר פיקדון,יפאורה - שותפות מוגבלת לשיווק,IL,תה ספרינג דיא,ליטרים,1.50,ליטר,false,0,7.20,4.80,true,1,
7290019056959,false,מי עדן בקבוק מתכווץ שקט 1.5 מ``ל,יפאורה - שותפות מוגבלת לשיווק,IL,מי עדן 1.5 לי,ליטרים,1.50,ליטר,false,0,2.90,1.93,true,1,
7290019056973,false,מי עדן שישיה בק `1.5ליטר פיקדון,יפאורה - שותפות מוגבלת לשיווק,IL,מי עדן 1.5*6ל,ליטרים,9.00,ליטר,false,0,12.70,1.41,true,1,
>>>>>>> d048ac2f4f281c9d788043ab4e81b61b0dbe3743
7290019077213,false,דבש נטע 400 ג' ל,,,דבש נטע 400 ג' ל,יחידה,1.00,יחידה,false,0,17.90,17.90,true,1,
7290019129004,false,מארז שוקולד פרווה פרלינג,,IL,מארז שוקולד פרוו,יחידה,1.00,יחידה,false,1,29.90,29.90,true,1,
7290019129301,false,מארז מתוקים 'פרלינגו' שו,,IL,מארז מתוקים 'פרל,יחידה,1.00,יחידה,false,1,29.90,29.90,true,1,
7290019129318,false,פרלינגו מארז פרלינים,,IL,פרלינגו מארז פרל,יחידה,1.00,יחידה,false,1,13.90,13.90,true,1,
7290019153078,false,שוופס ביטר למון 1.5 לייט ליטר פיקדון,יפאורה - שותפות מוגבלת לשיווק,IL,שוופס ביטר למון,ליטרים,1.50,ליטר,false,1,11.90,7.93,true,1,
7290019153085,false,שוופס מוגז ליים מוחיטו ללא סוכר 1.5 ליטר-,יפאורה - שותפות מוגבלת לשיווק,IL,שוופס מוחיטו ללס,ליטרים,1.50,ליטר,false,1,8.20,5.47,true,1,
7290019153252,false,שוופס סודה תפוח 1.5 ליטר רביעייה פיקדון,יפאורה - שותפות מוגבלת לשיווק,IL,שוופס סודה 4 בק,ליטרים,6.00,ליטר,false,1,9.90,1.65,true,1,
7290019153269,false,שוופס סודה אננס 1.5 ליטר רביעייה פיקדון,יפאורה - שותפות מוגבלת לשיווק,IL,שוופס סודה 4 בק,ליטרים,6.00,ליטר,false,1,9.90,1.65,true,1,
7290019153344,false,משקה קל תפוזינה 1.5 ליטר סנגרייה,יפאורה - שותפות מוגבלת לשיווק,IL,תפוזינה סנגרייה,ליטרים,1.50,ליטר,false,1,7.90,5.27,true,1,
7290019153351,false,משקה קל תפוזינה 1.5 ליטר פינק אוזו,יפאורה - שותפות מוגבלת לשיווק,IL,תפוזינה פינק,ליטרים,1.50,ליטר,false,1,7.90,5.27,true,1,
7290019153375,false,משקה קל תפוזינה 1.5 ליטר מוחיטו,יפאורה - שותפות מוגבלת לשיווק,IL,תפוזינה מוחיטו,ליטרים,1.50,ליטר,false,1,7.90,5.27,true,1,
7290019153535,false,"רביעיית שוופס מוגז פירות למונייד ללא סוכר 330 מ""ל פחיות",יפאורה - שותפות מוגבלת לשיווק,IL,שוופס לימונייד4*,ליטרים,1.32,ליטר,false,1,11.90,9.02,true,1,
7290019297215,false,"פולי סויה אדממה 1ק""ג",שקדיה,IL,פולי סויה אדממה,גרמים,1000.00,100 גרם,false,0,12.90,1.29,true,1,
<<<<<<< HEAD
7290019297550,false,בוטנים מטוגנים בקופסא 185 גרם,קריניציה ויטמינה אס,IL,בוטנים מטוגנים,גרמים,185.00,100 גרם,false,0,9.90,5.35,true,1,
7290019302315,false,"ייו buzz אבטיח מלון 750 מ""ל",יקבי כרמל,IL,באזז אבטיח מבעבע,מיליליטרים,750.00,"100 מ""ל",false,1,23.90,3.19,true,1,
7290019454243,false,שוקולד מריר שלישייה מעולה,,IL,שוקולד מריר,יחידה,1.00,יחידה,false,1,11.90,11.90,true,1,
7290026609032,false,שקיות אשפה 75/90 עם שרוך,,IL,אשפתון עם שרוך,יחידה,1.00,יחידה,false,0,18.90,18.90,true,1,
7290055090702,false,"איגלו שלוקים בטעמי פטל, לימון וענבים 60 יח'",מנדלז סי.אר. פרודקשן,IL,איגלושלוקי,ליטרים,2.03,ליטר,false,0,11.50,5.67,true,1,
7290055090801,false,כרמית שוקולד לבן ללא תוספת סוכר 85 גרם,"כרמית תעשיות ממתקים בע""\",IL,שוקולד לבן,גרמים,85.00,100 גרם,false,0,5.90,6.94,true,1,
7290100240137,false,"תרסיס ריחני למייבש כחול בדין 500 מ""ל","זוהר דליה, קיבוץ דליה, 1",IL,תרסיס למייבש,מיליליטרים,500.00,"100 מ""ל",false,0,13.90,2.78,true,1,
7290100240144,false,"תרסיס ריחני למייבש ורוד בדין 500 מ""ל","זוהר דליה, קיבוץ דליה, 1",IL,תרסיס למייבש,מיליליטרים,500.00,"100 מ""ל",false,0,13.90,2.78,true,1,
7290100240632,false,קרקר פתית 200-300ג' 6 דגנים 250 גרם,יוניליוור ישראל מזון בע\,IL,פתית 6 דגנים,גרמים,250.00,100 גרם,false,0,12.90,5.16,true,1,
7290100243671,false,"מרכך כביסה מרוכז אקסטרה כחול בדין 960 מ""ל",יוניליוור סנאיי וי טיקאר,TR,מרכך כביסה בדין,מיליליטרים,960.00,"100 מ""ל",false,0,14.90,1.55,true,1,
7290100249598,false,"רוטב לעוף שום ודבש קנור 320 גרם בד""צ",יוניליוור ישראל מזון בע\,IL,רוטב לעוף,גרמים,320.00,100 גרם,false,0,8.90,2.78,true,1,
7290100249659,false,"רוטב לעוף צ'ילי מתוק ושום קנור 320 גרם בד""צ",יוניליוור ישראל מזון בע\,IL,רוטב לעוף,גרמים,320.00,100 גרם,false,0,8.90,2.78,true,1,
7290100653463,false,"פלמוליב - ארומה ג'ל רחצה מסאז' 500 מ""ל",קולגייט-פלמוליב,TR,סבון פלמוליב,מיליליטרים,500.00,"100 מ""ל",false,0,12.90,2.58,true,1,
7290100653586,false,"דאודורנט ג'ל פרש פיוזן 24/7 ליידי ספיד סטיק 65 מ""ל",ליידי ספיד סטיק Lady Speed Stick,US,ליידי ס.סטיק24/7,גרמים,65.00,100 גרם,false,0,11.90,18.31,true,1,
7290100680711,false,פירורית זהב אסם זהב 350ג',עינת תעשיות מזון אגו,IL,פירורית זהב אסם,גרמים,350.00,100 גרם,false,0,6.90,1.97,true,1,
7290100680728,false,פירורית רגילה שקית 350 גרם,מיוצר עי קונדיטוריית,IL,פירורית אסם,גרמים,350.00,100 גרם,false,0,5.90,1.69,true,1,
7290100681015,false,אינסטנט פודינג בטעם ריבת חלב אסם 84 גרם,מיוצר עי קונדיטוריית,IL,אינסטנט פודינג,גרמים,84.00,100 גרם,false,0,4.90,5.83,true,1,
7290100681138,false,מארז אפרופו חטיף תירס 3 יחידות,"אסם השקעות בע""\מ",IL,אפרופו 3יח במארז,גרמים,150.00,100 גרם,false,0,11.90,7.93,true,1,
7290100681503,false,עסיס סירופ לימונענע דיאטטי 1 ליטר,בית-השיטה עסיס תעשיות מז,IL,סירופ דיאט,ליטרים,1.00,ליטר,false,0,9.90,9.90,true,1,
7290100681510,false,סירופ דיאט בטעם אשכולית אדומה עסיס 1 ליטר,בית-השיטה עסיס תעשיות מז,IL,סירופ דיאט,ליטרים,1.00,ליטר,false,0,9.90,9.90,true,1,
7290100683880,false,פירה אסם ללא צורך בבישול 260 גרם,"אסם השקעות בע""\מ",IL,פירה אסם,גרמים,260.00,100 גרם,false,0,11.90,4.58,true,1,
7290100685136,false,"אבקת מרק בטעם עוף אסם 1 ק""ג","אסם השקעות בע""\מ",IL,מרק טעם עוף,קילוגרמים,1.00,"ק""ג",false,0,11.90,11.90,true,1,
7290100685334,false,אבקת מרק עוף אמיתי בשרי רכיבים טבעיים אסם 400 גרם,"אסם השקעות בע""\מ",IL,מרק עוף אמיתי,גרמים,400.00,100 גרם,false,0,19.90,4.98,true,1,
7290100685341,false,אבקת מרק טעם עוף זך רכיבים טבעיים אסם 400 גרם,"אסם השקעות בע""\מ",IL,מרק טעם עוף,גרמים,400.00,100 גרם,false,0,13.90,3.48,true,1,
7290100686164,false,מארז מולטיפק ביסלי ברביקיו 6 יח 35 גר יח,מיוצר עי קונדיטוריית,IL,ביסלי מארז 6 יח,גרמים,210.00,100 גרם,false,0,11.90,5.67,true,1,
7290100689301,false,אבקת מרק בטעם עוף זך עדיף אסם 400 גרם,"אסם השקעות בע""\מ",IL,מרק בטעם עוף זך,גרמים,400.00,100 גרם,false,0,13.90,3.48,true,1,
7290100700372,false,"סוגת אורז בסמטי מלא 1 ק""ג",האי נאם סי או אל.טי.,IL,אורז בסמטי מלא,קילוגרמים,1.00,"ק""ג",false,0,8.50,8.50,true,1,
7290100700396,false,"סוגת אורז יסמין קלאסי 1 ק""ג",האי נאם סי או אל.טי.,IL,אורז יסמין סוגת,קילוגרמים,1.00,"ק""ג",false,0,9.90,9.90,true,1,
7290100701157,false,"אורז להכנת סושי סוגת 1 ק""ג","סוגת תעשיות בע""\מ",IL,אורז להכנת סושי,קילוגרמים,1.00,"ק""ג",false,0,9.90,9.90,true,1,
7290100703533,false,קמח קסם תערובת קמח עם שמרים,טחנות קמח שטיבל באר שבע,IL,קמח קסם,קילוגרמים,1.00,"ק""ג",false,1,5.90,5.90,true,1,
=======
7290019297550,false,בוטנים מטוגנים בקופסא 185 גרם,דין שיווק וקליה 2021 בעמ,IL,בוטנים מטוגנים,גרמים,185.00,100 גרם,false,0,9.90,5.35,true,1,
7290019302315,false,יין ספארקלין אבטיח מלון 750 מל BUZZ,אגודת הכורמים -כרמל מזרחי,IL,באזז אבטיח מבעבע,מיליליטרים,750.00,"100 מ""ל",false,1,23.90,3.19,true,1,
7290019454243,false,שוקולד מריר שלישייה מעולה,,IL,שוקולד מריר,יחידה,1.00,יחידה,false,1,11.90,11.90,true,1,
7290026609032,false,שקיות אשפה 75/90 עם שרוך,,IL,אשפתון עם שרוך,יחידה,1.00,יחידה,false,0,18.90,18.90,true,1,
7290055090702,false,"איגלו שלוקים בטעמי פטל, לימון וענבים 60 יח'",כרמית תעשיות ממתקים בעמ,IL,איגלושלוקי,ליטרים,2.03,ליטר,false,0,11.50,5.67,true,1,
7290055090801,false,כרמית שוקולד לבן ללא תוספת סוכר 85 גרם,כרמית תעשיות ממתקים בעמ,IL,שוקולד לבן,גרמים,85.00,100 גרם,false,0,5.90,6.94,true,1,
7290100240137,false,"תרסיס ריחני למייבש כחול בדין 500 מ""ל",יוניליוור ישראל שיווק בע`מ,IL,תרסיס למייבש,מיליליטרים,500.00,"100 מ""ל",false,0,13.90,2.78,true,1,
7290100240144,false,"תרסיס ריחני למייבש ורוד בדין 500 מ""ל",יוניליוור ישראל שיווק בע`מ,IL,תרסיס למייבש,מיליליטרים,500.00,"100 מ""ל",false,0,13.90,2.78,true,1,
7290100240632,false,קרקר פתית 200-300ג' 6 דגנים 250 גרם,יוניליוור ישראל שיווק בע`מ,IL,פתית 6 דגנים,גרמים,250.00,100 גרם,false,0,12.90,5.16,true,1,
7290100243671,false,"מרכך כביסה מרוכז אקסטרה כחול בדין 960 מ""ל",יוניליוור ישראל שיווק בע`מ,TR,מרכך כביסה בדין,מיליליטרים,960.00,"100 מ""ל",false,0,14.90,1.55,true,1,
7290100249598,false,רוטב לעוף בטעם שום ודבש קנור (320 גרם),יוניליוור ישראל שיווק בע`מ,IL,רוטב לעוף,גרמים,320.00,100 גרם,false,0,8.90,2.78,true,1,
7290100249659,false,"רוטב לעוף צ'ילי מתוק ושום קנור 320 גרם בד""צ",יוניליוור ישראל שיווק בע`מ,IL,רוטב לעוף,גרמים,320.00,100 גרם,false,0,8.90,2.78,true,1,
7290100653463,false,"פלמוליב - ארומה ג'ל רחצה מסאז' 500 מ""ל",קולגייט-פלמוליב,TR,סבון פלמוליב,מיליליטרים,500.00,"100 מ""ל",false,0,12.90,2.58,true,1,
7290100653586,false,"דאודורנט ג'ל פרש פיוזן 24/7 ליידי ספיד סטיק 65 מ""ל",ליידי ספיד סטיק Lady Speed Stick,US,ליידי ס.סטיק24/7,גרמים,65.00,100 גרם,false,0,11.90,18.31,true,1,
7290100680711,false,פירורית זהב אסם זהב 350ג',קבוצת אוסם סחר שותפות מוגבלת,IL,פירורית זהב אסם,גרמים,350.00,100 גרם,false,0,6.90,1.97,true,1,
7290100680728,false,פירורית רגילה שקית 350 גרם,קבוצת אוסם סחר שותפות מוגבלת,IL,פירורית אסם,גרמים,350.00,100 גרם,false,0,5.90,1.69,true,1,
7290100681015,false,אינסטנט פודינג בטעם ריבת חלב אסם 84 גרם,קבוצת אוסם סחר שותפות מוגבלת,IL,אינסטנט פודינג,גרמים,84.00,100 גרם,false,0,4.90,5.83,true,1,
7290100681138,false,מארז אפרופו חטיף תירס 3 יחידות,קבוצת אוסם סחר שותפות מוגבלת,IL,אפרופו 3יח במארז,גרמים,150.00,100 גרם,false,0,11.90,7.93,true,1,
7290100681503,false,עסיס סירופ לימונענע דיאטטי 1 ליטר,קבוצת אוסם סחר שותפות מוגבלת,IL,סירופ דיאט,ליטרים,1.00,ליטר,false,0,9.90,9.90,true,1,
7290100681510,false,סירופ דיאט בטעם אשכולית אדומה עסיס 1 ליטר,קבוצת אוסם סחר-שות.מוגבלת,IL,סירופ דיאט,ליטרים,1.00,ליטר,false,0,9.90,9.90,true,1,
7290100683880,false,פירה אסם ללא צורך בבישול 260 גרם,קבוצת אוסם סחר שותפות מוגבלת,IL,פירה אסם,גרמים,260.00,100 גרם,false,0,11.90,4.58,true,1,
7290100685136,false,"אבקת מרק טעם עוף 1 ק""ג 1/8 אסם",קבוצת אוסם סחר שותפות מוגבלת,IL,מרק טעם עוף,קילוגרמים,1.00,"ק""ג",false,0,11.90,11.90,true,1,
7290100685334,false,אבקת מרק עוף אמיתי בשרי רכיבים טבעיים אסם 400 גרם,קבוצת אוסם סחר שותפות מוגבלת,IL,מרק עוף אמיתי,גרמים,400.00,100 גרם,false,0,19.90,4.98,true,1,
7290100685341,false,אבקת מרק טעם עוף זך רכיבים טבעיים אסם 400 גרם,קבוצת אוסם סחר שותפות מוגבלת,IL,מרק טעם עוף,גרמים,400.00,100 גרם,false,0,13.90,3.48,true,1,
7290100686164,false,מארז מולטיפק ביסלי ברביקיו 6 יח 35 גר יח,קבוצת אוסם סחר שותפות מוגבלת,IL,ביסלי מארז 6 יח,גרמים,210.00,100 גרם,false,0,11.90,5.67,true,1,
7290100689301,false,אבקת מרק בטעם עוף זך עדיף אסם 400 גרם,קבוצת אוסם סחר שותפות מוגבלת,IL,מרק בטעם עוף זך,גרמים,400.00,100 גרם,false,0,13.90,3.48,true,1,
7290100700372,false,"אורז בסגנון בסמטי מלא 1 ק""ג",האי נאם סי או אל.טי.,IL,אורז בסמטי מלא,קילוגרמים,1.00,"ק""ג",false,0,8.50,8.50,true,1,
7290100700396,false,"סוגת אורז יסמין קלאסי 1 ק""ג",האי נאם סי או אל.טי.,IL,אורז יסמין סוגת,קילוגרמים,1.00,"ק""ג",false,0,9.90,9.90,true,1,
7290100701157,false,אורז להכנת סושי סוגת (1 קג),"סוגת תעשיות בע""\מ",IL,אורז להכנת סושי,קילוגרמים,1.00,"ק""ג",false,0,9.90,9.90,true,1,
7290100703533,false,קמח קסם תערובת קמח שמרים סוגת 1 קג,טחנות קמח שטיבל באר שבע,IL,קמח קסם,קילוגרמים,1.00,"ק""ג",false,1,5.90,5.90,true,1,
>>>>>>> d048ac2f4f281c9d788043ab4e81b61b0dbe3743
7290100703861,false,"תערובת קסם לחלה ללא צורך בניפוי סוגת 1 ק""ג","שטיבל בע""\מ - טחנות קמח",IL,קמח קסם,קילוגרמים,1.00,"ק""ג",false,1,5.90,5.90,true,1,
7290100820292,false,בסט כדורי צמר גפן *100,,,בסט כדורי צמר גפ,יחידה,1.00,יחידה,false,0,6.90,6.90,true,1,
7290100824313,false,סבון נוזלי בסט3X,,IL,סבון נוזלי בסט3X,מיליליטרים,1500.00,"100 מ""ל",false,0,11.90,0.79,true,1,
7290100824375,false,שלישיית אל סבון,,IL,שלישיית אל סבון,מיליליטרים,1500.00,"100 מ""ל",false,0,11.90,0.79,true,1,
7290100824443,false,סבון נוזלי בסט3X,,IL,סבון נוזלי בסט3X,מיליליטרים,1500.00,"100 מ""ל",false,0,11.90,0.79,true,1,
7290100824870,false,בסט-ס.גילוח אישה,,,בסט-ס.גילוח אישה,יחידה,1.00,יחידה,false,0,8.90,8.90,true,1,
7290100825808,false,סבון נוזלי בסט רימונים1ל,,IL,סבון נושלי בסט,ליטרים,1.00,ליטר,false,0,9.90,9.90,true,1,
7290100827505,false,סבון נוזלי בסט,,IL,סבון נוזלי בסט,ליטרים,1.00,ליטר,false,0,9.90,9.90,true,1,
7290100850916,false,דוריטוס חמוץ חריף מעודן 70 גרם כשר לפסח,"שטראוס פריטו ליי בע""\מ )",IL,דוריטוס חמוץ ח,גרמים,70.00,100 גרם,false,0,2.90,4.14,true,1,
7290100850923,false,חטיף תירס גריל דוריטוס (70 גרם),"שטראוס פריטו ליי בע""\מ )",IL,דוריטוס גריל,גרמים,70.00,100 גרם,false,0,2.90,4.14,true,1,
7290100850930,false,חטיף תירס בטעם טבעי דוריטוס (70 גרם),"שטראוס פריטו ליי בע""\מ )",IL,חטיף דוריטוס,גרמים,70.00,100 גרם,false,0,2.90,4.14,true,1,
7290100852606,false,קפה טורקי 100*4 גרם,שטראוס קפה בי.ויn\.,IL,קפה טורקי 4 יח,גרמים,400.00,100 גרם,false,0,28.90,7.23,true,1,
7290100858608,false,עלית אבקת קקאו כשלפ 500 גרם,שטראוס קפה בי.ויn\.,IL,קקאו עלית,גרמים,500.00,100 גרם,false,0,19.90,3.98,true,1,
7290100922569,false,קרם לטיפוח עוד הידיים והגוף- מארז שלישייה,טרופיקל דגיל,IL,קרם ידיים ולווטה,מיליליטרים,300.00,"100 מ""ל",false,0,14.90,4.97,true,1,
7290100922651,false,הוואי - סבון מוצק מי קוקוס 100 גרם רביעייה,טרופיקל דגיל קוסמטיק,IL,סבון הוואי 4 יח,גרמים,400.00,100 גרם,false,1,8.90,2.23,true,1,
7290100924631,false,מרכך כביסה מרוכז לבגדי תינוקות ובעלי עור רגיש,גורי שיווק בעמ,IL,סוד מרכךבייבי,מיליליטרים,900.00,"100 מ""ל",false,1,11.90,1.32,true,1,
7290100925669,false,דפים למניעת העברת צבע קולור קאצ`ר) (10,גורי שיווק בעמ,IE,דפי קולור קאצ'ר,יחידה,1.00,יחידה,false,1,8.90,8.90,true,1,
7290101488248,false,"ליידי ספיד סטיק - דאודורנט רול און לאישה ורוד פרש פיושן 50 מ""ל",ליידי ספיד סטיק Lady Speed Stick,IT,ליידי ספיד סטיק,מיליליטרים,50.00,"100 מ""ל",false,0,11.90,23.80,true,1,
7290101488323,false,ליידי ספיד סטיק - דאודורנט סטיק לאישה ללא סימן ירוק סטיק 65 גרם,ליידי ספיד סטיק Lady Speed Stick,US,ליידי ספיד סטיק,גרמים,65.00,100 גרם,false,0,11.90,18.31,true,1,
7290101551027,false,קפסולות קפה אספרסו חזק במיוחד 14 עלית 10 יח',הנסיך- מפעל לייצור ט,IL,קפסולות מס' 14,גרמים,50.00,100 גרם,false,1,15.50,31.00,true,1,
7290101551263,false,סילאן טבעי ללא תוספת סוכר,שטראוס גרופ בע`מ,IL,סילאן טבעי,גרמים,700.00,100 גרם,false,1,19.90,2.84,true,1,
7290101551584,false,תפוצ'יפס קידס מארז 10 יח' * 20 ג',"שטראוס פריטו ליי בע""מ )פ",IL,תפוצ'יפס קידס10*,גרמים,200.00,100 גרם,false,1,10.90,5.45,true,1,
7290101551638,false,חטיף צ'יטוס כאפה בטעם קטשופ - מארז 10 יח',"שטראוס פריטו ליי בע""מ )פ",IL,צ'יטוס כאפה 10יח,גרמים,200.00,100 גרם,false,1,10.90,5.45,true,1,
7290101824459,false,ניילון נצמד+ סכין 150/45,,IL,ניילון נצמד + סכ,יחידה,1.00,יחידה,false,1,19.90,19.90,true,1,
<<<<<<< HEAD
7290101825180,false,כפפות לטקס L ללא אבקה יח,,IL,כפפות לטקס L ללא,יחידה,1.00,יחידה,false,1,11.90,11.90,true,1,
7290101864127,false,"ספריי להסרת כתמים 750 מ""ל וניש קליה",קליה וניש Kalia Vanish,IL,קליה ספריי,מיליליטרים,750.00,"100 מ""ל",false,0,14.90,1.99,true,1,
7290101869764,false,אירוויק מכשיר אוטומט+מילוי בניחוח חלום ליל קיץ,רקיט בנקיזר,CN,אירויק מכשיר,מיליליטרים,250.00,"100 מ""ל",false,1,39.90,15.96,true,1,
7290101869788,false,"אירוויק ספריי אוטומטי מילוי בניחוח אואזיס 250 מ""ל*",איירוויק Air Wick,GB,אירוויק מילוי,מיליליטרים,250.00,"100 מ""ל",false,1,11.90,4.76,true,1,
7290101869795,false,"מטהר אוויר אירוויק ספריי מילוי חלום ליל קיץ 250 מ""ל",איירוויק Air Wick,GB,אירוויק מילוי,מיליליטרים,250.00,"100 מ""ל",false,1,11.90,4.76,true,1,
7290101869801,false,"אירוויק מכשיר חשמלי+מילוי בניחוח אואזיס 19 מ""ל",רקיט בנקיזר,HU,אירויק מכשיר,מיליליטרים,19.00,"100 מ""ל",false,1,19.90,104.74,true,1,
7290101869818,false,"אירוויק מכשיר חשמלי+מילוי בניחוח חלום ליל קיץ 19 מ""ל",איירוויק Air Wick,HU,אירויק מכשיר,מיליליטרים,19.00,"100 מ""ל",false,1,19.90,104.74,true,1,
7290101869825,false,"אירוויק מילוי למכשיר חשמלי בניחוח אואזיס 19 מ""ל",איירוויק Air Wick,CN,אירוויק מילוי,מיליליטרים,19.00,"100 מ""ל",false,1,14.90,78.42,true,1,
7290101869832,false,"אירוויק מילוי מבשם אויר חשמלי חלום ליל קיץ 19 מ""ל",איירוויק Air Wick,CN,אירוויק מילוי,מיליליטרים,19.00,"100 מ""ל",false,1,14.90,78.42,true,1,
7290101869917,false,"אירוויק מילוי מבשם אויר אטומטי היער הקסום 19 מ""ל",איירוויק Air Wick,GB,אירוויק מילוי,מיליליטרים,250.00,"100 מ""ל",false,1,11.90,4.76,true,1,
7290101869979,false,"אירוויק מקלות ריחניים בניחוח אואזיס 30 מ""ל",איירוויק Air Wick,HU,מקלות ריחניים,יחידה,1.00,יחידה,false,1,15.90,15.90,true,1,
7290101982470,false,ממתק רולר 30 מל' בטעמים,טייפן פאן טיים,CN,ממתק רולר,מיליליטרים,30.00,"100 מ""ל",false,0,6.90,23.00,true,1,
7290102030330,false,תפוצ'יפס קראנצ' בטעם מקסיקני 200 גרם,"שטראוס פריטו ליי בע""\מ )",IL,תפוצ'יפס,גרמים,200.00,100 גרם,false,0,8.90,4.45,true,1,
7290102031276,false,מארז 8 יחידות אקטימל משקה יוגורט בטעם תות בננה,מיוצר עי קונדיטוריית,IL,אקטימל 8 יח,מיליליטרים,800.00,"100 מ""ל",false,0,16.90,2.11,true,1,
=======
7290101825180,false,כפפות ויניל לבנות ללא אבקה L,יחזקאל אהרון כמיפרוד,IL,כפפות לטקס L ללא,יחידה,1.00,יחידה,false,1,11.90,11.90,true,1,
7290101864127,false,ספריי להסרת כתמים וניש קליה (750 מל),רקיט בנקיזר (ניר איסט) בעמ,IL,קליה ספריי,מיליליטרים,750.00,"100 מ""ל",false,0,14.90,1.99,true,1,
7290101869764,false,אירוויק מכשיר אוטומט+מילוי בניחוח חלום ליל קיץ,רקיט בנקיזר (ניר איסט) בעמ,CN,אירויק מכשיר,מיליליטרים,250.00,"100 מ""ל",false,1,39.90,15.96,true,1,
7290101869788,false,"אירוויק ספריי אוטומטי מילוי בניחוח אואזיס 250 מ""ל*",רקיט בנקיזר (ניר איסט) בעמ,GB,אירוויק מילוי,מיליליטרים,250.00,"100 מ""ל",false,1,11.90,4.76,true,1,
7290101869795,false,"מטהר אוויר אירוויק ספריי מילוי חלום ליל קיץ 250 מ""ל",רקיט בנקיזר (ניר איסט) בעמ,GB,אירוויק מילוי,מיליליטרים,250.00,"100 מ""ל",false,1,11.90,4.76,true,1,
7290101869801,false,"אירוויק מכשיר חשמלי+מילוי בניחוח אואזיס 19 מ""ל",רקיט בנקיזר (ניר איסט) בעמ,HU,אירויק מכשיר,מיליליטרים,19.00,"100 מ""ל",false,1,19.90,104.74,true,1,
7290101869818,false,"אירוויק מכשיר חשמלי+מילוי בניחוח חלום ליל קיץ 19 מ""ל",רקיט בנקיזר (ניר איסט) בעמ,HU,אירויק מכשיר,מיליליטרים,19.00,"100 מ""ל",false,1,19.90,104.74,true,1,
7290101869825,false,"אירוויק מילוי למכשיר חשמלי בניחוח אואזיס 19 מ""ל",רקיט בנקיזר (ניר איסט) בעמ,CN,אירוויק מילוי,מיליליטרים,19.00,"100 מ""ל",false,1,14.90,78.42,true,1,
7290101869832,false,"אירוויק מילוי מבשם אויר חשמלי חלום ליל קיץ 19 מ""ל",רקיט בנקיזר (ניר איסט) בעמ,CN,אירוויק מילוי,מיליליטרים,19.00,"100 מ""ל",false,1,14.90,78.42,true,1,
7290101869917,false,"אירוויק מילוי מבשם אויר אטומטי היער הקסום 19 מ""ל",רקיט בנקיזר (ניר איסט) בעמ,GB,אירוויק מילוי,מיליליטרים,250.00,"100 מ""ל",false,1,11.90,4.76,true,1,
7290101869979,false,"אירוויק מקלות ריחניים בניחוח אואזיס 30 מ""ל",רקיט בנקיזר (ניר איסט) בעמ,HU,מקלות ריחניים,יחידה,1.00,יחידה,false,1,15.90,15.90,true,1,
7290101982470,false,ממתק רולר 30 מל' בטעמים,עולם הממתקים שיווק,CN,ממתק רולר,מיליליטרים,30.00,"100 מ""ל",false,0,6.90,23.00,true,1,
7290102030330,false,תפוצ`יפס אקסטרא מקסיקני 200 גרם +20 תו,"שטראוס פריטו ליי בע""\מ )",IL,תפוצ'יפס,גרמים,200.00,100 גרם,false,0,8.90,4.45,true,1,
7290102031276,false,מארז 8 יחידות אקטימל משקה יוגורט בטעם תות בננה,שטראוס גרופ בעמ/מצונן,IL,אקטימל 8 יח,מיליליטרים,800.00,"100 מ""ל",false,0,16.90,2.11,true,1,
>>>>>>> d048ac2f4f281c9d788043ab4e81b61b0dbe3743
7290102060979,false,"אלמקס משחת שיניים למניעת עששת 100מ""ל",יבואן ומשווק: ש. שסט,PL,משחת שיניים,מיליליטרים,100.00,"100 מ""ל",false,0,11.90,11.90,true,1,
7290102062195,false,"משחת שיניים לילדים לגילאי 6-12 אלמקס 75 מ""ל",יבואן ומשווק: ש. שסט,PE,משחת אלמקס,מיליליטרים,75.00,"100 מ""ל",false,0,9.90,13.20,true,1,
7290102392254,false,"חלב בקרטון 1% 2 ליטר בד""צ - מוצר בפיקוח",החברה המרכזית טלהפצת משקאות בע,IL,חלב 1% בקרטון,ליטרים,2.00,ליטר,false,0,10.90,5.45,true,1,
7290102600335,false,"כפיות קרם ארוז 50 יח שמאי כשל""פ עד""ח",,,כפיות קרם 50 יח',יחידה,1.00,יחידה,false,0,7.90,7.90,true,1,
7290102600359,false,"כפות קרם ארוז 50 י""ח שמאי כשל""פ עד""ח",,,כפות קרם 50 יח',יחידה,1.00,יחידה,false,0,8.90,8.90,true,1,
7290102600373,false,"סכין שקוף ארוז 50 י""ח שמאי כשל""פ עד""ח",,IL,סכין שקוף ארוז,יחידה,1.00,יחידה,false,0,8.90,8.90,true,1,
7290102600380,false,"מזלג שקוף ארוז 50 י""ח שמאי כשל""פ עד""ח",,,מזלג שקוף 50 יח',יחידה,1.00,יחידה,false,0,8.90,8.90,true,1,
7290102600427,false,"כפות שקוף ארוז 50 י""ח שמאי כשל""פ עד""ח",,,כפות שקוף 50 יח',יחידה,1.00,יחידה,false,0,8.90,8.90,true,1,
7290102600434,false,"כפיות שקוף ארוז 50 י""ח שמאי כשל""פ עד""ח",,IL,כפיות שקוף 50 יח,יחידה,1.00,יחידה,false,0,7.90,7.90,true,1,
7290102600458,false,"מזלג קרם ארוז 50 י""ח שמאי כשל""פ עד""ח",,,מזלג קרם 50 יח',יחידה,1.00,יחידה,false,0,8.90,8.90,true,1,
7290102600465,false,"סכין קרם ארוז 50 י""ח שמאי כשל""פ עד""ח",,,סכין קרם 50 יח',יחידה,1.00,יחידה,false,0,8.90,8.90,true,1,
7290102611904,false,"כפות אמריקאי איכותי ח""פ 100 יח'",,CN,כפות חד פעמי,יחידה,1.00,יחידה,false,1,7.50,7.50,true,1,
7290102840175,false,אינסטנט פודינג בטעם וניל מיה (85 גרם),מיה תעשיות מזון מ.ת.מ. בעמ,IL,פודינג וניל,גרמים,85.00,100 גרם,false,0,1.90,2.24,true,1,
7290102840182,false,פודינג בטעם שוקולד 85 גר`מיה,מיה תעשיות מזון מ.ת.מ. בעמ,IL,פודינג שוקולד,גרמים,85.00,100 גרם,false,0,1.90,2.24,true,1,
7290102840199,false,ג`לי בטעם משמש 90 גר`מיה,מיה תעשיות מזון מ.ת.מ. בעמ,IL,ג'לי משמש,גרמים,90.00,100 גרם,false,0,2.90,3.22,true,1,
7290102840205,false,אבקה להכנת ג'לי בטעם תות מיה 90 גרם,מיה תעשיות מזון מ.ת.מ. בעמ,IL,ג'לי תות,גרמים,85.00,100 גרם,false,0,2.90,3.41,true,1,
7290103124588,false,"סבון נוזלי ארומה בניחוח לבנדר פטצ'ולי פלמוליב 750 מ""ל",הנסיך- מפעל לייצור ט,TR,סבון פלמוליב,מיליליטרים,750.00,"100 מ""ל",false,0,19.50,2.60,true,1,
7290103124601,false,"תחליב רחצה נוזל חלב ודבש משאבה 750מ""ל פלמוליב",הנסיך- מפעל לייצור ט,TR,סבון פלמוליב,מיליליטרים,750.00,"100 מ""ל",false,0,19.50,2.60,true,1,
7290103129378,false,ספיד סטיק - דאודורנט ג'ל לגבר איקס 5 85 גרם,הנסיך- מפעל לייצור ט,US,דאו. ספיד סטיק,גרמים,85.00,100 גרם,false,0,11.90,14.00,true,1,
7290103129392,false,ליידי ספיד סטיק פרש אסנס פרח הפרזיה סטיק 65 גר,ליידי ספיד סטיק Lady Speed Stick,US,ליידי ספיד סטיק,גרמים,65.00,100 גרם,false,0,11.90,18.31,true,1,
7290103129408,false,ליידי ספיד סטיק - דאודורנט סטיק לאישה פרש אסנס פריחת הפרדס 65 גרם,ליידי ספיד סטיק Lady Speed Stick,US,ליידי ספיד סטיק,גרמים,65.00,100 גרם,false,0,11.90,18.31,true,1,
7290103203405,false,צלו ליקר שוקולד תפוז 16%,ישראליקר,IL,ליקר שוקולד תפוז,מיליליטרים,500.00,"100 מ""ל",false,0,29.90,5.98,true,1,
7290103203412,false,צ'לו ליקר שוקו.מנטה 500מ,ישראליקר,IL,ליקר שוקולד מנטה,מיליליטרים,500.00,"100 מ""ל",false,0,29.90,5.98,true,1,
7290103203436,false,"ליקר צלו דובדבן 500 מ""ל",ישראליקר,IL,ליקר דובדבן,מיליליטרים,500.00,"100 מ""ל",false,0,29.90,5.98,true,1,
7290103203443,false,"ליקר צלו בננה 500 מ""ל",ישראליקר,IL,ליקר בננה,מיליליטרים,500.00,"100 מ""ל",false,0,29.90,5.98,true,1,
7290103203450,false,"ליקר אמרטו צ'לו 500 מ""ל",ישראליקר,IL,ליקר אמרטו,מיליליטרים,500.00,"100 מ""ל",false,0,29.90,5.98,true,1,
7290103401429,false,קפה קצב ברזילאי אוריגינס 200 גר,הנסיך- מפעל לייצור ט,IL,קפה פלטינום,גרמים,200.00,100 גרם,false,0,19.90,9.95,true,1,
7290103404758,false,סלט כרוב אדום במיונז אחלה 120 גרם,שטראוס גרופ בעמ/מצונן,IL,כרוב אדום אחלה,גרמים,120.00,100 גרם,false,0,3.90,3.25,true,1,
7290103700034,false,טאצ' מטליות בגליל שניב,שניב תעשיות נייר בעמ,IL,טאצ' מטליות בגלי,יחידה,1.00,יחידה,false,1,16.90,16.90,true,1,
7290103700041,false,טאצ' מטליות רב שימושיות מארז תשיעייה,שניב,IL,מארז מטליות,יחידה,1.00,יחידה,false,1,8.90,8.90,true,1,
7290103700072,false,טאצ מטליות זיג זג לריצפה שלישייה,שניב,IL,טאצ מטליות זיגזג,יחידה,1.00,יחידה,false,1,8.90,8.90,true,1,
7290103700324,false,שאפו זוג שקיות אוכל מתכלות בקרטון 300יח',שניב תעשיות נייר בעמ,IL,טאצ שקיות אוכל,יחידה,1.00,יחידה,false,1,9.90,9.90,true,1,
7290103700331,false,טאצ שקיות אוכל רב תכליתיות 250 יחידות,שניב תעשיות נייר בעמ,IL,טאצ' שקית אוכל ר,יחידה,1.00,יחידה,false,0,12.90,12.90,true,1,
7290103700379,false,טאצ' כריות קרצוף ענקיות 3 יח',שניב תעשיות נייר בעמ,IL,טאצ כריות קרצוף,יחידה,1.00,יחידה,false,1,8.90,8.90,true,1,
7290103700386,false,טאצ כריות יפניות מארז שישיה,שניב תעשיות נייר בעמ,IL,טאצ כריות קרצוף,יחידה,1.00,יחידה,false,1,8.90,8.90,true,1,
7290103700393,false,טאצ' כריות יפניות עבות עם תעלות 4 יח',שניב תעשיות נייר בעמ,IL,טאצ כריות קרצוף,יחידה,1.00,יחידה,false,1,8.90,8.90,true,1,
7290103700539,false,נייר טואלט חתוך טאצ' עשירייה,,IL,נייר טואלט חתוך,יחידה,1.00,יחידה,false,1,14.90,14.90,true,1,
7290103701017,false,נייר אפיה נשלף טאצ 50 יחידות כשלפ,שניב תעשיות נייר בעמ,IL,נייר אפיה 50יח,יחידה,1.00,יחידה,false,1,7.90,7.90,true,1,
7290103701055,false,כוסות חד פעמי שתיה חמה 8OZ,שניב תעשיות נייר בעמ,,כוסות נייר 8 טאצ,יחידה,1.00,יחידה,false,0,6.90,6.90,true,1,
7290103701086,false,כוסות טאצ קרטון 12 א,שניב תעשיות נייר בעמ,IL,טאצ' כוס קרטון,יחידה,1.00,יחידה,false,1,14.90,14.90,true,1,
7290103701093,false,"זוג מטליות מיקרו פייבר לריצפה ""פאצ'""","שניב תעשיות נייר בע""",IL,מיקרופייבר לרצפה,יחידה,1.00,יחידה,false,1,11.90,11.90,true,1,
7290103701130,false,"מארז מטליות מייקרופייבר לניקוי כללי ""טאצ'""",שניב,IL,טאץ לניקוי כללי,יחידה,1.00,יחידה,false,1,11.90,11.90,true,1,
7290103701178,false,טאצ ספוג הפלא בלוק 1 יחי,שניב תעשיות נייר בעמ,IL,טאצ ספוג הפלא,יחידה,1.00,יחידה,false,1,3.90,3.90,true,1,
7290103702410,false,נייר טואלט חתוך טאצ' 1200 יח',שניב,IL,נייר טואלט חתוך,יחידה,1.00,יחידה,false,1,17.90,17.90,true,1,
<<<<<<< HEAD
7290103702540,false,נייר טואלט מהדרות כדור פורח 30 גלילים טאצ',טאץ' Touch,IL,נייר טואלט טאצ',יחידה,1.00,יחידה,false,1,21.90,21.90,true,1,
7290103702649,false,מארז חמישייה מגבוני טישו דו שכבתי,שניב,IL,ממחטות עדן חמישי,יחידה,1.00,יחידה,false,1,7.90,7.90,true,1,
7290103702656,false,נייר מגבת לאבלי שישייה,שניב,IL,נייר מגבת,יחידה,1.00,יחידה,false,1,10.90,10.90,true,1,
7290103702779,false,מפיות שולחן איכותיות 150 יח',שניב,IL,מפיות טאצ 150 יח,יחידה,1.00,יחידה,false,1,5.90,5.90,true,1,
7290103703226,false,טאצ מטליות לחות לניקוי כללי,,IL,טאצ' מטליות לחות,יחידה,1.00,יחידה,false,1,7.90,7.90,true,1,
7290103703240,false,טאצ' מטליות לחות לניקוי רצפות,,IL,טאצ' מטליות לחות,יחידה,1.00,יחידה,false,1,8.90,8.90,true,1,
7290103703370,false,טאצ מגבוני טואלט לחים מארז שלישייה,,IL,טאצ' מגבוני טואל,יחידה,1.00,יחידה,false,1,13.90,13.90,true,1,
7290103703455,false,טאצ' ספוג לניקוי כתמים שלישיה,שניב תעשיות נייר,IL,טאצ' ספוג מבריק,יחידה,1.00,יחידה,false,1,8.90,8.90,true,1,
7290103704155,false,נייר מגבת טאצ' 6 גלילים מהדורת 2021,"שניב תעשיות נייר בע""",IL,נייר מגבת 6 יח',יחידה,1.00,יחידה,false,1,10.90,10.90,true,1,
7290103704162,false,נייר טואלט טאצ' 32 גלילים מהדורה 2021,"שניב תעשיות נייר בע""",IL,טואלט טאצ' 32,יחידה,1.00,יחידה,false,1,27.90,27.90,true,1,
7290103704179,false,מגבת נייר למטבח טאצ' 8 יח',,IL,מגבות נייר טאצ',יחידה,1.00,יחידה,false,1,12.90,12.90,true,1,
7290103704759,false,נייר טואלט כפול 16 גלילים טאצ,,IL,נייר טואלט טאצ',יחידה,1.00,יחידה,false,1,29.90,29.90,true,1,
7290103704766,false,נייר טואלט 24 גליל כפול מהדורת פרח סגול,"שניב תעשיות נייר בע""\מ",IL,נ.טואלט טאצ גליל,יחידה,1.00,יחידה,false,1,37.90,37.90,true,1,
7290103739003,false,נייר טואלט ורוד לבלי שניב 32 גלילים,,,נייר טואלט לאבלי,מטרים,588.00,100 מטר,false,0,29.90,5.09,true,1,
7290103743000,false,נייר טואלט לבן לובלי 32 גלילים שניב,,,נייר טואלט לאבלי,מטרים,588.00,100 מטר,false,0,29.90,5.09,true,1,
7290103746001,false,ממחטות טאצ' 5*100 צץ רץ (19*195),"שניב תעשיות נייר בע""",IL,ממחטות אף טאצ',יחידה,1.00,יחידה,false,0,11.90,11.90,true,1,
7290104061417,false,סלט חומוס עם טחינה אחלה 400 גרם,"שטראוס גרופ בע""\מ",IL,חומוס טחינה אחלה,גרמים,400.00,100 גרם,false,0,8.90,2.23,true,1,
7290104061431,false,סלט חומוס עם צנובר אחלה 400 גרם,"שטראוס גרופ בע""\מ",IL,חומוס צנובר אחלה,גרמים,400.00,100 גרם,false,0,8.90,2.23,true,1,
7290104061448,false,סלט חומוס עם חריף אחלה 400 גרם,מיוצר עי קונדיטוריית,IL,חומוס חריף אחלה,גרמים,400.00,100 גרם,false,0,8.90,2.23,true,1,
7290104066566,false,טחינה שומשום מלא אחלה 500 גר',מיוצר עי קונדיטוריית,IL,טחינה אחלה 500גר,גרמים,500.00,100 גרם,false,0,11.90,2.38,true,1,
7290104068539,false,מאסט פליפטופ מלון ואבטיח ללא גרעינים,"שטראוס גרופ בע""מ",IL,מסטיק מאסט,גרמים,28.00,100 גרם,false,0,2.90,10.36,true,1,
=======
7290103702540,false,נייר טואלט מהדרות כדור פורח 30 גלילים טאצ',שניב תעשיות נייר בעמ,IL,נייר טואלט טאצ',יחידה,1.00,יחידה,false,1,21.90,21.90,true,1,
7290103702649,false,מארז חמישייה מגבוני טישו דו שכבתי,שניב תעשיות נייר בעמ,IL,ממחטות עדן חמישי,יחידה,1.00,יחידה,false,1,7.90,7.90,true,1,
7290103702656,false,מגבות מטבח לובלי שישייה,שניב תעשיות נייר בעמ,IL,נייר מגבת,יחידה,1.00,יחידה,false,1,10.90,10.90,true,1,
7290103702779,false,מפיות שולחן איכותיות 150 יח',שניב תעשיות נייר בעמ,IL,מפיות טאצ 150 יח,יחידה,1.00,יחידה,false,1,5.90,5.90,true,1,
7290103703226,false,מטליות לחות לניקוי כללי טאץ,שניב תעשיות נייר בעמ,IL,טאצ' מטליות לחות,יחידה,1.00,יחידה,false,1,7.90,7.90,true,1,
7290103703240,false,טאצ' מטליות לחות לניקוי רצפות,שניב תעשיות נייר בעמ,IL,טאצ' מטליות לחות,יחידה,1.00,יחידה,false,1,8.90,8.90,true,1,
7290103703370,false,טאצ מגבוני טואלט לחים מארז שלישייה,שניב תעשיות נייר בעמ,IL,טאצ' מגבוני טואל,יחידה,1.00,יחידה,false,1,13.90,13.90,true,1,
7290103703455,false,טאצ' ספוג לניקוי כתמים שלישיה,שניב תעשיות נייר בעמ,IL,טאצ' ספוג מבריק,יחידה,1.00,יחידה,false,1,8.90,8.90,true,1,
7290103704155,false,נייר מגבת טאצ' 6 גלילים מהדורת 2021,שניב תעשיות נייר בעמ,IL,נייר מגבת 6 יח',יחידה,1.00,יחידה,false,1,10.90,10.90,true,1,
7290103704162,false,נייר טואלט טאצ' 32 גלילים מהדורה 2021,שניב תעשיות נייר בעמ,IL,טואלט טאצ' 32,יחידה,1.00,יחידה,false,1,27.90,27.90,true,1,
7290103704179,false,מגבות מטבח טאץ`8יח מהדורת 2021,שניב תעשיות נייר בעמ,IL,מגבות נייר טאצ',יחידה,1.00,יחידה,false,1,12.90,12.90,true,1,
7290103704759,false,נייר טואלט כפול 16 גלילים טאצ,,IL,נייר טואלט טאצ',יחידה,1.00,יחידה,false,1,29.90,29.90,true,1,
7290103704766,false,נייר טואלט 24 גליל כפול מהדורת פרח סגול,"שניב תעשיות נייר בע""\מ",IL,נ.טואלט טאצ גליל,יחידה,1.00,יחידה,false,1,37.90,37.90,true,1,
7290103739003,false,נייר טואלט ורוד לבלי שניב 32 גלילים,,,נייר טואלט לאבלי,מטרים,588.00,100 מטר,false,0,29.90,5.09,true,1,
7290103743000,false,נייר טואלט לבן לובלי 32 גלילים שניב,שניב תעשיות נייר בעמ,,נייר טואלט לאבלי,מטרים,588.00,100 מטר,false,0,29.90,5.09,true,1,
7290103746001,false,ממחטות טאצ`חמישייה צבעוני 500 דף,שניב תעשיות נייר בעמ,IL,ממחטות אף טאצ',יחידה,1.00,יחידה,false,0,11.90,11.90,true,1,
7290104061417,false,סלט חומוס עם טחינה אחלה 400 גרם,שטראוס גרופ בעמ/מצונן,IL,חומוס טחינה אחלה,גרמים,400.00,100 גרם,false,0,8.90,2.23,true,1,
7290104061431,false,סלט חומוס עם צנובר אחלה 400 גרם,שטראוס גרופ בעמ/מצונן,IL,חומוס צנובר אחלה,גרמים,400.00,100 גרם,false,0,8.90,2.23,true,1,
7290104061448,false,סלט חומוס עם חריף אחלה 400 גרם,שטראוס גרופ בעמ/מצונן,IL,חומוס חריף אחלה,גרמים,400.00,100 גרם,false,0,8.90,2.23,true,1,
7290104066566,false,סלט טחינה שומשום מלא 500גר אחלה,שטראוס גרופ בעמ/מצונן,IL,טחינה אחלה 500גר,גרמים,500.00,100 גרם,false,0,11.90,2.38,true,1,
7290104068539,false,מאסט פליפטופ מלון ואבטיח ללא גרעינים,שטראוס גרופ בע`מ,IL,מסטיק מאסט,גרמים,28.00,100 גרם,false,0,2.90,10.36,true,1,
>>>>>>> d048ac2f4f281c9d788043ab4e81b61b0dbe3743
7290104360855,false,ספא פארמה קרם לחות לעור שמן 50מ'ל,ספא פארמה,IL,קרם לחות לעור שמ,מיליליטרים,50.00,"100 מ""ל",false,1,14.90,29.80,true,1,
7290104364631,false,ספא פארמה קרם לחות רימונים 50 SPF15מ'ל,ספא פארמה,IL,קרם לחות רימונים,מיליליטרים,50.00,"100 מ""ל",false,1,14.90,29.80,true,1,
7290104364648,false,ספא פארמה קרם זית אינטנסיבי נגד קמטים 50מ,ספא פארמה,IL,קרם לחות שמן זית,מיליליטרים,50.00,"100 מ""ל",false,1,14.90,29.80,true,1,
7290104366949,false,אוליב ק.לחות לשיער שמן זית 500מ'ל,א.פ.חורי,IL,אוליב קרם לחות ל,מיליליטרים,500.00,"100 מ""ל",false,0,14.90,2.98,true,1,
7290104500572,false,אפרופו חטיף תירס איטליאנו אסם 50 גרם,קבוצת אוסם סחר-שות.מוגבלת,IL,אפרופו איטליאנו,גרמים,50.00,100 גרם,false,0,3.90,7.80,true,1,
7290104508943,false,במבה חטיף בוטנים אסם 200 גרם,קבוצת אוסם סחר-שות.מוגבלת,IL,במבה חטיף בוטנים,גרמים,200.00,100 גרם,false,0,7.50,3.75,true,1,
7290104721533,false,רצועות פלפלים קלויים אחלה (400 גרם),שטראוס גרופ בעמ/מצונן,IL,פלפלים קלויים,גרמים,400.00,100 גרם,false,0,11.90,2.98,true,1,
7290104722530,false,תפוצ'יפס בטעם שמנת בצל עלית 200 גרם,"שטראוס פריטו ליי בע""\מ )",IL,תפוצ'יפס שמנת,גרמים,200.00,100 גרם,false,0,8.90,4.45,true,1,
<<<<<<< HEAD
7290104728310,false,"שמנת מתוקה עמידה 38% שומן ""יטבתה"" -מוצר בפיקוח",שטראוס גרופ,IL,שמנת לקצפת 38%,גרמים,250.00,100 גרם,false,0,5.90,2.36,true,1,
7290104729010,false,"לבן בטעם תות יטבתה 100 מ""ל מהדרין",שטראוס גרופ,IL,לבן בטעם תות,גרמים,100.00,100 גרם,false,0,1.20,1.20,true,1,
=======
7290104728310,false,"שמנת מתוקה עמידה 38% שומן ""יטבתה"" -מוצר בפיקוח",שטראוס גרופ בעמ/מצונן,IL,שמנת לקצפת 38%,גרמים,250.00,100 גרם,false,0,5.90,2.36,true,1,
7290104729010,false,"לבן בטעם תות יטבתה 100 מ""ל מהדרין",שטראוס גרופ בעמ (ח),IL,לבן בטעם תות,גרמים,100.00,100 גרם,false,0,1.20,1.20,true,1,
>>>>>>> d048ac2f4f281c9d788043ab4e81b61b0dbe3743
7290104850776,false,מגש אובלי זהב 12 יח,פאלאס,IL,מגש אובלי אלגנט,יחידה,1.00,יחידה,false,0,15.90,15.90,true,1,
7290104850783,false,מגש אובלי עמוק,,IL,מגש אובלי עמוק,יחידה,1.00,יחידה,false,0,15.90,15.90,true,1,
7290104850790,false,מגש אובלי בורדו 12 י,פאלאס,IL,מגש אובלי אלגנט,יחידה,1.00,יחידה,false,0,15.90,15.90,true,1,
7290104850875,false,צלחות ענק זהב פאלאס) (25,פאלאס תעשיות נטו (2014) בעמ,IL,צלחת אלגנט,יחידה,1.00,יחידה,false,0,18.90,18.90,true,1,
7290104850882,false,25צלחות ענק אלגנט כסף,,IL,צלחות ענק אלגנט,יחידה,1.00,יחידה,false,0,18.90,18.90,true,1,
<<<<<<< HEAD
7290104850905,false,צלחות גדולות,,IL,צלחות גדולות,יחידה,1.00,יחידה,false,0,18.90,18.90,true,1,
7290104851223,false,צלחות מרק אלגנט קרם-,פאלאס,IL,צלחת קרם אלגנט,יחידה,1.00,יחידה,false,0,8.90,8.90,true,1,
7290104851230,false,צלחות מרק אלגנט חד פ,פאלאס,IL,צלחת מרק אלגנט,יחידה,1.00,יחידה,false,0,8.90,8.90,true,1,
=======
7290104850905,false,צלחת ענק בורדו פאלאס) (25,פאלאס תעשיות נטו (2014) בעמ,IL,צלחות גדולות,יחידה,1.00,יחידה,false,0,18.90,18.90,true,1,
7290104851223,false,צלחת מרק קרם 25 יח פאלאס,פאלאס תעשיות נטו (2014) בעמ,IL,צלחת קרם אלגנט,יחידה,1.00,יחידה,false,0,8.90,8.90,true,1,
7290104851230,false,צלחת מרק זהב 25 יח פאלאס,פאלאס תעשיות נטו (2014) בעמ,IL,צלחת מרק אלגנט,יחידה,1.00,יחידה,false,0,8.90,8.90,true,1,
>>>>>>> d048ac2f4f281c9d788043ab4e81b61b0dbe3743
7290104851247,false,צלחות מרק אלגנט,,IL,צלחות מרק אלגנט,יחידה,1.00,יחידה,false,0,8.90,8.90,true,1,
7290104851254,false,25 צלחות למרק,,IL,25 צלחות למרק,יחידה,1.00,יחידה,false,0,8.90,8.90,true,1,
7290104851629,false,צלחת לפתן זהב 25 יח פאלאס,פאלאס תעשיות נטו (2014) בעמ,IL,ליפתנית אלגנט,יחידה,1.00,יחידה,false,0,5.90,5.90,true,1,
7290104851636,false,לפתן כסף 25 יח' אלגנ,,IL,ליפתניות אלגנט,יחידה,1.00,יחידה,false,0,5.90,5.90,true,1,
7290104851643,false,ליפתניות אלגנט,,IL,ליפתניות אלגנט,יחידה,1.00,יחידה,false,0,5.90,5.90,true,1,
7290104851681,false,קערית אובלית זהב 25 יח פאלאס,פאלאס תעשיות נטו (2014) בעמ,IL,קערית אובלית זהב,יחידה,1.00,יחידה,false,0,6.90,6.90,true,1,
7290104851698,false,קעריות אלגנט כסף,,IL,קעריות אלגנט כסף,יחידה,1.00,יחידה,false,0,6.90,6.90,true,1,
7290104851704,false,קערית אובלית,,IL,קערית אובלית,יחידה,1.00,יחידה,false,0,6.90,6.90,true,1,
7290104852435,false,נר שבת 140 גרם 36*1 פאלאס (P (8,פאלאס תעשיות נטו (20,IL,נרות שבת 8 יח',יחידה,1.00,יחידה,false,0,2.90,2.90,true,1,
7290104852442,false,נר שבת 140 גרם 36*1 פאלאס (10),פאלאס תעשיות נטו (20,IL,נרות שבת,יחידה,1.00,יחידה,false,0,2.90,2.90,true,1,
7290104852503,false,מגבוני נייר טואלט לחים פאלאס 3 * 40 יחידות,פאלאס תעשיות נטו (2014) בעמ,IL,מגבונים נשטפים,יחידה,1.00,יחידה,false,0,8.90,8.90,true,1,
7290104852794,false,תבנית אלומניום קטנה R29 פאלאס 13 יח,פאלאס תעשיות נטו (2014) בעמ,IL,תבנית אלומיניום,יחידה,1.00,יחידה,false,0,8.90,8.90,true,1,
7290104852800,false,תבנית אלומיניום מלבן,פאלאס,IL,תבנית +R29מכסה,יחידה,1.00,יחידה,false,0,8.90,8.90,true,1,
7290104856884,false,רדיד אלומיום צר פאלאס .,,IL,רדיד אלומיום צר,יחידה,1.00,יחידה,false,1,28.90,28.90,true,1,
7290104856891,false,רדיד אלומיניום רחב פאלאס,,IL,ר.אלומיניום רחב,יחידה,1.00,יחידה,false,1,29.90,29.90,true,1,
7290104858789,false,כוסיות יין- 50 יח פאלאס,פאלאס תעשיות נטו (2014) בעמ,,כוס יין 50 יח',יחידה,1.00,יחידה,false,0,7.90,7.90,true,1,
7290104859632,false,תבניות מאפינס צבעוניות פ,,IL,תבניות מאפינס,יחידה,1.00,יחידה,false,1,7.90,7.90,true,1,
<<<<<<< HEAD
7290104859786,false,תבנית אלומיניום בינו,,IL,תבנית אלומ' R31,יחידה,1.00,יחידה,false,1,6.90,6.90,true,1,
7290104859793,false,תבנית אלומיניום ענקי,,IL,תבנית אלומ' R99,יחידה,1.00,יחידה,false,1,6.90,6.90,true,1,
7290104859809,false,תבנית אלומיניום ארוכ,,IL,תבנית אלומיניום,יחידה,1.00,יחידה,false,1,6.90,6.90,true,1,
7290104859816,false,תבנית אלומיניום מלבן,,,מארז 7 תבניות R2,יחידה,1.00,יחידה,false,0,6.90,6.90,true,1,
7290104859823,false,תבנית אלומיניום עמוק,,IL,תבנית אלומ' R64,יחידה,1.00,יחידה,false,1,6.90,6.90,true,1,
7290104859830,false,8 תבניות אפייה עגולות פא,פאלאס,IL,תבניות עגולות,יחידה,1.00,יחידה,false,1,6.90,6.90,true,1,
7290104960239,false,"תחליב רחצה נקה 7 ארומה לבן 750 מ""ל",טרופיקל דגיל תעשיות קוסמ,IL,תחליב רחצה נקה 7,מיליליטרים,750.00,"100 מ""ל",false,0,9.90,1.32,true,1,
7290104960253,false,"תחליב רחצה נקה 7 לבנדר סגול 750מ""ל",טרופיקל דגיל תעשיות קוסמ,IL,תחליב רחצה נקה 7,מיליליטרים,750.00,"100 מ""ל",false,0,9.90,1.32,true,1,
7290104961205,false,"נקה 7 תחליב רחצה מגע קטיפה מ""לפפון קיווי 750 מ""ל",טרופיקל דגיל תעשיות קוסמ,IL,תחליב רחצה נקה,מיליליטרים,750.00,"100 מ""ל",false,0,9.90,1.32,true,1,
7290104961243,false,"נקה 7 תחליב רחצה מגע קטיפה קוקוס ליים 750 מ""ל",טרופיקל דגיל תעשיות קוסמ,IL,תחליב רחצה,מיליליטרים,750.00,"100 מ""ל",false,0,9.90,1.32,true,1,
7290104961526,false,דאודורנט ספריי גוף טיטניום קלאסיק Titanium Classic,"אמיליה קוסמטיקס בע""מ",IL,טיטניום ספריי,מיליליטרים,150.00,"100 מ""ל",false,0,9.90,6.60,true,1,
7290104961533,false,דאודורנט ספריי גוף טיטניום בלק Titanium Black,אמיליה קוסמטיקס,IL,טיטניום ספריי,מיליליטרים,150.00,"100 מ""ל",false,0,9.90,6.60,true,1,
7290104961540,false,דאודורנט ספריי גוף טיטניום מטאל Titanium Metal,אמיליה קוסמטיקס,IL,טיטניום ספריי,מיליליטרים,150.00,"100 מ""ל",false,0,9.90,6.60,true,1,
7290104962073,false,דאודורנט ספריי גוף טיטניום גולד Titanium Gold,"אמיליה קוסמטיקס בע""מ",IL,דאו.טיטניום,מיליליטרים,180.00,"100 מ""ל",false,0,13.90,7.72,true,1,
7290104962080,false,"טיטניום - דאודורנט ספריי לגבר גולד 150 מ""ל",משווק: קוסמופארם בעמ,IL,דאו.טיטניום,מיליליטרים,150.00,"100 מ""ל",false,0,9.90,6.60,true,1,
7290104962134,false,דאודורנט קרליין רול און נושם לנערות ללא אלומיניום,מיוצר עי : אמיליה קוסמטי,IL,רול און נושם,מיליליטרים,75.00,"100 מ""ל",false,0,11.70,15.60,true,1,
7290104962660,false,"קרליין - נושם דאודורנט ספריי לאישה ללא אלומיניום 200 מ""ל",אמיליה קוסמטיקס בעמ,IL,ספריי נושם,מיליליטרים,200.00,"100 מ""ל",false,0,11.70,5.85,true,1,
7290104962684,false,"קרליין - נושם דאודורנט רול און לאישה ללא אלומיניום 75 מ""ל",מיוצר עי : אמיליה קוסמטי,IL,דאו.קרליין,מיליליטרים,75.00,"100 מ""ל",false,0,11.70,15.60,true,1,
7290104963216,false,סופטקר - אל סבון עדין לתינוק לעור רגיש 1 ליטר,קוסמופארם בע'\'\מ,IL,סופטקר אל סבון,ליטרים,1.00,ליטר,false,1,14.90,14.90,true,1,
7290104963223,false,סופטקר - אל סבון עדין לתינוק לעור רגיש 1 ליטר,קוסמופארם בע'\'\מ,IL,סופטקר אל סבון,ליטרים,1.00,ליטר,false,1,14.90,14.90,true,1,
7290104963650,false,נקה 7 שמפו אל דמע סופטקר 1 ליטר,קוסמופארם בע'\'\מ,IL,סופטקר שמפו,ליטרים,1.00,ליטר,false,1,14.90,14.90,true,1,
=======
7290104859786,false,תבנית אלומניום בינונית R31 פאלאס 7 יח,פאלאס תעשיות נטו (2014) בעמ,IL,תבנית אלומ' R31,יחידה,1.00,יחידה,false,1,6.90,6.90,true,1,
7290104859793,false,תבנית אלומניום ענק R99 פאלאס 4 יח,פאלאס תעשיות נטו (2014) בעמ,IL,תבנית אלומ' R99,יחידה,1.00,יחידה,false,1,6.90,6.90,true,1,
7290104859809,false,תבנית אלומניום אינגליש R88 פאלאס 14 יח,פאלאס תעשיות נטו (2014) בעמ,IL,תבנית אלומיניום,יחידה,1.00,יחידה,false,1,6.90,6.90,true,1,
7290104859816,false,תבנית אלומניום בינונית R2 פאלאס 7 יח,פאלאס תעשיות נטו (2014) בעמ,,מארז 7 תבניות R2,יחידה,1.00,יחידה,false,0,6.90,6.90,true,1,
7290104859823,false,תבנית אלומניום עמוקה R64 פאלאס 8 יח,פאלאס תעשיות נטו (2014) בעמ,IL,תבנית אלומ' R64,יחידה,1.00,יחידה,false,1,6.90,6.90,true,1,
7290104859830,false,תבנית אלומניום עגולה c10 פאלאס 8 יח,פאלאס תעשיות נטו (2014) בעמ,IL,תבניות עגולות,יחידה,1.00,יחידה,false,1,6.90,6.90,true,1,
7290104960239,false,תחליב רחצה בניחוח קמומיל נקה (7507 מל),טרופיקל דגיל תעשיות קוסמ,IL,תחליב רחצה נקה 7,מיליליטרים,750.00,"100 מ""ל",false,0,9.90,1.32,true,1,
7290104960253,false,נקה 7 ארומה תחליב רחצה לבנדר ענוג 750,טרופיקל דגיל תעשיות קוסמ,IL,תחליב רחצה נקה 7,מיליליטרים,750.00,"100 מ""ל",false,0,9.90,1.32,true,1,
7290104961205,false,"נקה 7 תחליב רחצה מגע קטיפה מ""לפפון קיווי 750 מ""ל",טרופיקל דגיל תעשיות קוסמ,IL,תחליב רחצה נקה,מיליליטרים,750.00,"100 מ""ל",false,0,9.90,1.32,true,1,
7290104961243,false,"נקה 7 תחליב רחצה מגע קטיפה קוקוס ליים 750 מ""ל",טרופיקל דגיל תעשיות קוסמ,IL,תחליב רחצה,מיליליטרים,750.00,"100 מ""ל",false,0,9.90,1.32,true,1,
7290104961526,false,דאודורנט ספריי גוף טיטניום קלאסיק Titanium Classic,החברה הדרומית לשיווק בעמ,IL,טיטניום ספריי,מיליליטרים,150.00,"100 מ""ל",false,0,9.90,6.60,true,1,
7290104961533,false,דאודורנט ספריי גוף טיטניום בלק Titanium Black,החברה הדרומית לשיווק בעמ,IL,טיטניום ספריי,מיליליטרים,150.00,"100 מ""ל",false,0,9.90,6.60,true,1,
7290104961540,false,דאודורנט ספריי גוף טיטניום מטאל Titanium Metal,החב הדרומית לשיווק,IL,טיטניום ספריי,מיליליטרים,150.00,"100 מ""ל",false,0,9.90,6.60,true,1,
7290104962073,false,דאודורנט ספריי גוף טיטניום גולד Titanium Gold,החברה הדרומית לשיווק בעמ,IL,דאו.טיטניום,מיליליטרים,180.00,"100 מ""ל",false,0,13.90,7.72,true,1,
7290104962080,false,"טיטניום - דאודורנט ספריי לגבר גולד 150 מ""ל",החברה הדרומית לשיווק בעמ,IL,דאו.טיטניום,מיליליטרים,150.00,"100 מ""ל",false,0,9.90,6.60,true,1,
7290104962134,false,דאודורנט קרליין רול און נושם לנערות ללא אלומיניום,החברה הדרומית לשיווק בעמ,IL,רול און נושם,מיליליטרים,75.00,"100 מ""ל",false,0,11.70,15.60,true,1,
7290104962660,false,"קרליין - נושם דאודורנט ספריי לאישה ללא אלומיניום 200 מ""ל",החברה הדרומית לשיווק בעמ,IL,ספריי נושם,מיליליטרים,200.00,"100 מ""ל",false,0,11.70,5.85,true,1,
7290104962684,false,"קרליין - נושם דאודורנט רול און לאישה ללא אלומיניום 75 מ""ל",החברה הדרומית לשיווק בעמ,IL,דאו.קרליין,מיליליטרים,75.00,"100 מ""ל",false,0,11.70,15.60,true,1,
7290104963216,false,סופטקר - אל סבון עדין לתינוק לעור רגיש 1 ליטר,החברה הדרומית לשיווק בעמ,IL,סופטקר אל סבון,ליטרים,1.00,ליטר,false,1,14.90,14.90,true,1,
7290104963223,false,סופטקר - אל סבון עדין לתינוק לעור רגיש 1 ליטר,החברה הדרומית לשיווק בעמ,IL,סופטקר אל סבון,ליטרים,1.00,ליטר,false,1,14.90,14.90,true,1,
7290104963650,false,נקה 7 שמפו אל דמע סופטקר 1 ליטר,החברה הדרומית לשיווק בעמ,IL,סופטקר שמפו,ליטרים,1.00,ליטר,false,1,14.90,14.90,true,1,
>>>>>>> d048ac2f4f281c9d788043ab4e81b61b0dbe3743
7290105180186,false,"בקבוק מעוצב +ידיות ללא ביספינול 250 מ""ל",אריסטוקרט,IL,בקבוק למעוצב,יחידה,1.00,יחידה,false,0,14.90,14.90,true,1,
7290105180193,false,בקבוק יחיד ללא ביספינול סדרות שונות,אריסטוקרט,IL,בקבוק לתינוק,יחידה,1.00,יחידה,false,0,6.90,6.90,true,1,
7290105180209,false,בקבוק שלישיה גדול איכותי ועמיד במיוחד סדרות שונות,אריסטוקרט,,שלישיית בקבוקים,יחידה,1.00,יחידה,false,0,14.90,14.90,true,1,
7290105180230,false,פלסטרים מצויירים לילדים 30 יחידות,,,פלסטרים מצוירים,יחידה,1.00,יחידה,false,0,5.90,5.90,true,1,
7290105180315,false,ננסי קירצוף רביעייה,אריסטוקרט,CN,4 ננסי קרצוף,יחידה,1.00,יחידה,false,0,4.90,4.90,true,1,
7290105180322,false,בקבוק ספורט קלאסי (322),אריסטוקרט,IL,בקבוק ספורט,יחידה,1.00,יחידה,false,0,9.90,9.90,true,1,
7290105180353,false,"סכין גילוח- עשירייה, עם פס אלוורה",אריסטוקרט,IL,סכין גילוח,יחידה,1.00,יחידה,false,0,6.90,6.90,true,1,
<<<<<<< HEAD
7290105180360,false,מוצץ סיליקון צבעוני שלישייה קטן,אריסטוקרט,TH,מוצץ סיליקון 3יח,יחידה,1.00,יחידה,false,0,14.90,14.90,true,1,
7290105180377,false,מוצץ סיליקון צבעוני רביעייה בינוני-מרכז,אריסטוקרט,TH,מוצץ סיליקון 3יח,יחידה,1.00,יחידה,false,0,14.90,14.90,true,1,
7290105180384,false,מוצץ סיליקון צבעוני שלישייה גדול,אריסטוקרט,TH,מוצץ סיליקון 3יח,יחידה,1.00,יחידה,false,0,14.90,14.90,true,1,
7290105180391,false,בקבוק צר מעוצב- זוג (391),אריסטוקרט,TH,בקבוק צר מעוצב,יחידה,1.00,יחידה,false,0,16.90,16.90,true,1,
7290105180407,false,"בקבוק סטאר רחב, 2+1 מתנה",אריסטוקרט,TH,בקבוק רחב,יחידה,1.00,יחידה,false,0,29.90,29.90,true,1,
7290105180438,false,צמרוני אוזניים עץ 100 יחידות,,IL,צמרוני אוזניים 1,יחידה,1.00,יחידה,false,1,1.00,1.00,true,1,
7290105180445,false,צמרוני אוזניים עץ 300 יחידות,אריסטוקרט,CN,צמרוני אוזניים,יחידה,1.00,יחידה,false,1,2.90,2.90,true,1,
7290105180452,false,צמרוני אוזניים לתינוקות + שסתום 55 יח' איכותי במיוחד,אריסטוקרט,CN,צמורנים 55יח,יחידה,1.00,יחידה,false,0,2.90,2.90,true,1,
7290105180476,false,צימרוני אוזניים פלסטיק 200 יח',אריסטוקרט,CN,צמרוני פלסטיק,יחידה,1.00,יחידה,false,1,3.90,3.90,true,1,
7290105180483,false,צמרוני אוזניים פלסטיק 300 יחידות (483),,IL,צ.אוזניים פלסטיק,יחידה,1.00,יחידה,false,1,4.90,4.90,true,1,
=======
7290105180360,false,מוצץ סיליקון צבעוני שלישייה קטן,אריסטוקרט מ.ב.ליבוא שווק בעמ,TH,מוצץ סיליקון 3יח,יחידה,1.00,יחידה,false,0,14.90,14.90,true,1,
7290105180377,false,מוצץ סיליקון צבעוני רביעייה בינוני-מרכז,אריסטוקרט מ.ב.ליבוא שווק בעמ,TH,מוצץ סיליקון 3יח,יחידה,1.00,יחידה,false,0,14.90,14.90,true,1,
7290105180384,false,מוצץ סיליקון צבעוני שלישייה גדול,אריסטוקרט מ.ב.ליבוא שווק בעמ,TH,מוצץ סיליקון 3יח,יחידה,1.00,יחידה,false,0,14.90,14.90,true,1,
7290105180391,false,בקבוק צר מעוצב- זוג (391),אריסטוקרט מ.ב.ליבוא שווק בעמ,TH,בקבוק צר מעוצב,יחידה,1.00,יחידה,false,0,16.90,16.90,true,1,
7290105180407,false,"בקבוק סטאר רחב, 2+1 מתנה",אריסטוקרט מ.ב.ליבוא שווק בעמ,TH,בקבוק רחב,יחידה,1.00,יחידה,false,0,29.90,29.90,true,1,
7290105180438,false,צמרוני אוזניים עץ 100 יחידות,אריסטוקרט מ.ב.ליבוא שווק בעמ,IL,צמרוני אוזניים 1,יחידה,1.00,יחידה,false,1,1.00,1.00,true,1,
7290105180445,false,צמרוני אוזניים עץ 300 יחידות,אריסטוקרט מ.ב.ליבוא שווק בעמ,CN,צמרוני אוזניים,יחידה,1.00,יחידה,false,1,2.90,2.90,true,1,
7290105180452,false,צמרוני אוזניים לתינוקות + שסתום 55 יח' איכותי במיוחד,אריסטוקרט מ.ב.ליבוא שווק בעמ,CN,צמורנים 55יח,יחידה,1.00,יחידה,false,0,2.90,2.90,true,1,
7290105180476,false,צימרונים אוזניים פלסטי` 200יח`,אריסטוקרט מ.ב.ליבוא שווק בעמ,CN,צמרוני פלסטיק,יחידה,1.00,יחידה,false,1,3.90,3.90,true,1,
7290105180483,false,צמרוני אוזניים פלסטיק 300 יחידות (483),אריסטוקרט מ.ב.ליבוא שווק בעמ,IL,צ.אוזניים פלסטיק,יחידה,1.00,יחידה,false,1,4.90,4.90,true,1,
>>>>>>> d048ac2f4f281c9d788043ab4e81b61b0dbe3743
7290105180681,false,משחת נעליים 75 גרם בשפופרת לחיצה נוח במיוחד,,TR,משחת נעליים,מיליליטרים,75.00,"100 מ""ל",false,0,7.90,10.53,true,1,
7290105180858,false,צמרוני אזניים אולטרה סופט 500 יח',אריסטוקרט,CN,צמרוני אוזניים א,יחידה,1.00,יחידה,false,1,9.90,9.90,true,1,
7290105180865,false,מברשת הלו קיטי הפינס יחי,אריסטוקרט,IL,מברשת הלו קיטי,יחידה,1.00,יחידה,false,0,7.90,7.90,true,1,
7290105180902,false,מברשות שיניים מארז משפחתי 5 יחי' איכותית במיוחד,אריסטוקרט,IL,מברשות שיניים,יחידה,1.00,יחידה,false,1,9.90,9.90,true,1,
7290105180933,false,מטליות מקרופייבר למטבח חמישייה,,IL,מטלית מקרופייבר,יחידה,1.00,יחידה,false,1,6.90,6.90,true,1,
7290105180971,false,מדחום גליום אקולוגי ללא כספית מאושר לשימוש בשבת,אריסטוקרט,IL,מדחום אקולוגי,יחידה,1.00,יחידה,false,1,17.90,17.90,true,1,
7290105181312,false,קסמי שיניים עץ 300 יח' במלחיה,,IL,קיסמי שיניים 300,יחידה,1.00,יחידה,false,1,2.50,2.50,true,1,
7290105181329,false,"שמן תינוקות 400 מ""ל איכותי במיוחד",אריסטוקרט,IL,שמן תינוקות,מיליליטרים,400.00,"100 מ""ל",false,1,15.90,3.98,true,1,
7290105181367,false,מחזיקונים לעגלה זוג איכותי במיוחד,אריסטוקרט,CN,מחזיקונים לעגלה,יחידה,1.00,יחידה,false,1,24.90,24.90,true,1,
7290105181466,false,קסמי שיניים עץ במבוק 500 יחידות,,IL,קיסמי שיניים 500,יחידה,1.00,יחידה,false,1,2.50,2.50,true,1,
7290105181701,false,ספוג רחצה טבעי תלת שכבתי מפנק במיוחד,,IL,ספוג 3 שכבות,יחידה,1.00,יחידה,false,1,5.90,5.90,true,1,
7290105181756,false,מברשת שיניים אצבעון סיליקון לשימוש בשבת +,,,מברשת שיניים אצב,יחידה,1.00,יחידה,false,0,5.90,5.90,true,1,
7290105181763,false,אל סבון מנקה אסלות אוטומטי,,IL,אלסבון לשירותים,יחידה,1.00,יחידה,false,1,9.90,9.90,true,1,
7290105181770,false,שבת ברייט שלישייה הרב לנדא,אריסטוקרט,IL,3 כריות לשבת,יחידה,1.00,יחידה,false,1,8.90,8.90,true,1,
7290105181855,false,"וזלין 100 גרם כשל""פ הרב לנדא אריסטוקרט",הרבל קוסמטיקס,IL,"וזלין כשל""פ",גרמים,100.00,100 גרם,false,1,7.90,7.90,true,1,
7290105181862,false,"סקוטש ברייט שלישיה כשל""פ הרב לנדאו אריסטוקרט",,IL,כריות קרצוף אריס,יחידה,1.00,יחידה,false,1,5.90,5.90,true,1,
7290105181978,false,"מגן תחתון שחור עם אפקט הג'ל, 40 יח' (1978)",,IL,מגן תחתון שחור א,יחידה,1.00,יחידה,false,1,14.90,14.90,true,1,
7290105182036,false,מברשות שיניים סיליקון [מאושרת לשבת],אריסטוקרט,,מב.שיניים סיליקו,יחידה,1.00,יחידה,false,0,12.90,12.90,true,1,
7290105182234,false,"אציטון 250 סמ""ק אריסטוקרט",,IL,אצטון,מיליליטרים,250.00,"100 מ""ל",false,1,6.90,2.76,true,1,
7290105360250,false,קפסולות 09 עשיר וארומטי למכונת נספרסו עלית 10יח',הנסיך- מפעל לייצור ט,IL,קפסולות קפה,גרמים,50.00,100 גרם,false,0,15.50,31.00,true,1,
7290105360328,false,קפסולות אספרסו חזק למכונות נספרסו 10 יח',הנסיך- מפעל לייצור ט,IL,קפסולות מס' 10,גרמים,50.00,100 גרם,false,0,15.50,31.00,true,1,
7290105360335,false,קפסולות אספרסו למכונות נספרסו 50 גר,הנסיך- מפעל לייצור ט,IL,קפסולות מס' 7,גרמים,50.00,100 גרם,false,0,15.50,31.00,true,1,
7290105360755,false,שמן זית כתית מעולה חזק750 מל,מכוורת יד מרדכי שטראוס ב,IL,שמו זית 3 חזק,מיליליטרים,750.00,"100 מ""ל",false,0,32.90,4.39,true,1,
7290105360762,false,"שמן זית 1 עדין 750 מ""ל יד מרדכי",מכוורת יד מרדכי שטראוס ב,IL,שמן זית 1 עדין,מיליליטרים,750.00,"100 מ""ל",false,0,32.90,4.39,true,1,
<<<<<<< HEAD
7290105362339,false,"שמנת לבישול 15% 250 מ""ל יטבתה מהדרין",שטראוס גרופ,IL,שמנת לבישול 15%,מיליליטרים,250.00,"100 מ""ל",false,0,5.90,2.36,true,1,
7290105366023,false,סלט חצילים בטעם כבד אחלה 400 גרם,מיוצר עי קונדיטוריית,IL,חציל בטעם כבד,גרמים,400.00,100 גרם,false,0,11.90,2.98,true,1,
7290105366047,false,טחינה לבנה אחלה 400 גרם,מיוצר עי קונדיטוריית,IL,טחינה לבנה,גרמים,400.00,100 גרם,false,0,11.90,2.98,true,1,
7290105368331,false,מעדן מילקי בטעם תות עם קצפת,מחלבת אחיהוד,IL,מילקי טעם תות,מיליליטרים,170.00,"100 מ""ל",false,0,2.50,1.47,true,1,
7290105368904,false,"שמנת מתוקה להקצפה 32% שומן 250 מ""ל יוטבתה",שטראוס גרופ,IL,שמנת מתוקה32%,מיליליטרים,250.00,"100 מ""ל",false,0,5.50,2.20,true,1,
=======
7290105362339,false,"שמנת לבישול 15% 250 מ""ל יטבתה מהדרין",שטראוס גרופ בעמ/מצונן,IL,שמנת לבישול 15%,מיליליטרים,250.00,"100 מ""ל",false,0,5.90,2.36,true,1,
7290105366023,false,סלט חצילים בטעם כבד אחלה 400 גרם,שטראוס גרופ בעמ/מצונן,IL,חציל בטעם כבד,גרמים,400.00,100 גרם,false,0,11.90,2.98,true,1,
7290105366047,false,טחינה לבנה אחלה (400 גרם),שטראוס גרופ בעמ/מצונן,IL,טחינה לבנה,גרמים,400.00,100 גרם,false,0,11.90,2.98,true,1,
7290105368331,false,מעדן מילקי בטעם תות עם קצפת,שטראוס גרופ בעמ/מצונן,IL,מילקי טעם תות,מיליליטרים,170.00,"100 מ""ל",false,0,2.50,1.47,true,1,
7290105368904,false,"שמנת מתוקה להקצפה 32% שומן 250 מ""ל יוטבתה",שטראוס גרופ בעמ/מצונן,IL,שמנת מתוקה32%,מיליליטרים,250.00,"100 מ""ל",false,0,5.50,2.20,true,1,
>>>>>>> d048ac2f4f281c9d788043ab4e81b61b0dbe3743
7290105431868,false,"פלמוליב ספא קוקוס גרגרים נוזלי 500 מ""ל",הנסיך- מפעל לייצור ט,TR,פלמוליב ספא,מיליליטרים,500.00,"100 מ""ל",false,0,12.90,2.58,true,1,
7290105433961,false,"ליידי ספיד סטיק לסס פרש אסנס ספריי דובדבן, 150 מ""ל",קולגייט-פלמוליב,RU,ליידי ספיד סטיק,מיליליטרים,150.00,"100 מ""ל",false,0,11.90,7.93,true,1,
7290105433985,false,ליידי ספיד סטיק פרש אסנס פריחת הדובדבן סטיק 65 גר,ליידי ספיד סטיק Lady Speed Stick,US,ליידי ספיד סטיק,גרמים,65.00,100 גרם,false,0,11.90,18.31,true,1,
7290105439581,false,מנה מאסטר שף חרדל דיזיון צרפתי 370 גר,רמיה סי.וי.הולנד,FR,חרדל דיז'ון,גרמים,370.00,100 גרם,false,1,9.90,2.68,true,1,
<<<<<<< HEAD
7290105691224,false,אסם חטיפי פריכונים טורטייה שום בצל 60 גרם,"פרח תעשיות מזון בע""מ.",IL,קריספי טורטיה,גרמים,60.00,100 גרם,false,0,5.90,9.83,true,1,
7290105691248,false,אסם חטיפי פריכונים טורטייה תירס 60 גרם,"פרח תעשיות מזון בע""מ.",IL,קריספי טורטיה,גרמים,60.00,100 גרם,false,0,5.90,9.83,true,1,
7290105691934,false,קמח שמרים אסם 1 קילו,תאי פרזידנט פוד פאבל,IL,"קמח שמרים 1 ק""ג",קילוגרמים,1.00,"ק""ג",false,0,7.90,7.90,true,1,
7290105693341,false,מארז עשיריית במבה אסם 25*10 גרם,"אסם השקעות בע""\מ",IL,במבה 10 יח,גרמים,250.00,100 גרם,false,0,14.90,5.96,true,1,
7290105694928,false,אבקת מרק בצל רכיבים טבעיים אסם 220 גרם,"אסם השקעות בע""\מ",IL,מרק בצל,גרמים,220.00,100 גרם,false,0,12.90,5.86,true,1,
7290105695024,false,פתיתים אפויים אורז עם אטריות אסם 500 גרם,"אסם השקעות בע""\מ",IL,פתיתים אפויים,גרמים,500.00,100 גרם,false,0,5.90,1.18,true,1,
7290105695895,false,עוגת הבית דמקה דבש אסם 320 גרם,"אסם תעשיות בע""מ",IL,עוגת דבש דמקה,גרמים,320.00,100 גרם,false,0,9.90,3.09,true,1,
7290105962331,false,סחוג תימני אדום חריף מאוד זהבי הכרם 220 גרם,אף.סי תבליני בגליל ב,IL,סחוג חריף זהבי,גרמים,220.00,100 גרם,false,0,8.90,4.05,true,1,
7290105964564,false,סלט חומוס אחלה 400גר,מיוצר עי קונדיטוריית,IL,סלט חומוס אחלה,גרמים,400.00,100 גרם,false,1,6.90,1.73,true,1,
7290105965738,false,יוגורט לשתיה בטעם תות בננה267 ג' דנונה,מיוצר עי קונדיטוריית,IL,דנונה לשתיה,גרמים,267.00,100 גרם,false,0,3.90,1.46,true,1,
7290105966469,false,"חומץ בלסמי ממודנה יד מרדכי 250 מ""ל",אצטייה ג'וזפה קרמוני,IT,חומץ בלסמי,גרמים,250.00,100 גרם,false,0,13.90,5.56,true,1,
7290105968098,false,סלט קולסלאו אחלה 500 גרם,שטראוס גרופ סלטים,IL,סלט קולסלאו אחלה,גרמים,500.00,100 גרם,false,0,11.90,2.38,true,1,
7290105968654,false,רביולי בטטה פרווה פסטה נונה 400 ג',מיוצר עי קונדיטוריית,IL,רביולי בטטה 400ג,גרמים,400.00,100 גרם,false,0,17.90,4.48,true,1,
=======
7290105691224,false,אסם חטיפי פריכונים טורטייה שום בצל 60 גרם,קבוצת אוסם סחר-שות.מוגבלת,IL,קריספי טורטיה,גרמים,60.00,100 גרם,false,0,5.90,9.83,true,1,
7290105691248,false,אסם חטיפי פריכונים טורטייה תירס 60 גרם,קבוצת אוסם סחר שותפות מוגבלת,IL,קריספי טורטיה,גרמים,60.00,100 גרם,false,0,5.90,9.83,true,1,
7290105691934,false,קמח שמרים אסם 1 קילו,קבוצת אוסם סחר שותפות מוגבלת,IL,"קמח שמרים 1 ק""ג",קילוגרמים,1.00,"ק""ג",false,0,7.90,7.90,true,1,
7290105693341,false,מארז עשיריית במבה אסם 25*10 גרם,קבוצת אוסם סחר שותפות מוגבלת,IL,במבה 10 יח,גרמים,250.00,100 גרם,false,0,14.90,5.96,true,1,
7290105694928,false,אבקת מרק בצל רכיבים טבעיים אסם 220 גרם,קבוצת אוסם סחר שותפות מוגבלת,IL,מרק בצל,גרמים,220.00,100 גרם,false,0,12.90,5.86,true,1,
7290105695024,false,פתיתים אפויים אורז עם אטריות אסם 500 גרם,קבוצת אוסם סחר שותפות מוגבלת,IL,פתיתים אפויים,גרמים,500.00,100 גרם,false,0,5.90,1.18,true,1,
7290105695895,false,עוגת הבית דמקה דבש אסם (320 גרם),קבוצת אוסם סחר-שות.מוגבלת,IL,עוגת דבש דמקה,גרמים,320.00,100 גרם,false,0,9.90,3.09,true,1,
7290105962331,false,סחוג תימני אדום חריף מאוד זהבי הכרם 220 גרם,שטראוס גרופ בעמ/מצונן,IL,סחוג חריף זהבי,גרמים,220.00,100 גרם,false,0,8.90,4.05,true,1,
7290105964564,false,חומוס אחלה 400 גרם. שטראוס,שטראוס גרופ בעמ/מצונן,IL,סלט חומוס אחלה,גרמים,400.00,100 גרם,false,1,6.90,1.73,true,1,
7290105965738,false,יוגורט לשתיה בטעם תות בננה267 ג' דנונה,שטראוס גרופ בעמ/מצונן,IL,דנונה לשתיה,גרמים,267.00,100 גרם,false,0,3.90,1.46,true,1,
7290105966469,false,חומץ בלסמי ממודנה יד מרדכי (250 מל),אצטייה ג'וזפה קרמוני,IT,חומץ בלסמי,גרמים,250.00,100 גרם,false,0,13.90,5.56,true,1,
7290105968098,false,סלט קולסלאו אחלה (500 גרם),שטראוס גרופ בעמ/מצונן,IL,סלט קולסלאו אחלה,גרמים,500.00,100 גרם,false,0,11.90,2.38,true,1,
7290105968654,false,רביולי עם בטטה פרווה שטראוס (400 גרם),שטראוס גרופ בעמ/מצונן,IL,רביולי בטטה 400ג,גרמים,400.00,100 גרם,false,0,17.90,4.48,true,1,
>>>>>>> d048ac2f4f281c9d788043ab4e81b61b0dbe3743
7290106098282,false,"גביע 1/2 אמריקאי ארוז 6 יח כשלפ עד""ח ר.שמאי",,IL,גביעי אחסון 0.5,יחידה,1.00,יחידה,false,0,4.90,4.90,true,1,
7290106260702,false,בסט ס.גילוח 5 להבים אשה,,,בסט ס.גילוח 5 לה,יחידה,1.00,יחידה,false,0,12.90,12.90,true,1,
7290106261211,false,בסט סכ.גילוח אישה 5 יח',ווילי רייזור,IL,בסט סכ.גילוח אשה,יחידה,1.00,יחידה,false,1,4.90,4.90,true,1,
7290106261969,false,בייבי ליין שמן תינוקות 4,,IL,בייבי ליין שמן ת,מיליליטרים,400.00,"100 מ""ל",false,1,12.90,3.23,true,1,
7290106263192,false,אל סבון פרחים נו,,,אל סבון פרחים נו,יחידה,1.00,יחידה,false,0,5.90,5.90,true,1,
7290106263208,false,אל סבון קוקוס נו,,,אל סבון קוקוס נו,יחידה,1.00,יחידה,false,0,5.90,5.90,true,1,
7290106264137,false,מי פה טוטל קאר פארמה 500,בוני קטא,ES,מי פה פארמה קאר,מיליליטרים,500.00,"100 מ""ל",false,1,9.90,1.98,true,1,
7290106264250,false,טלק לכף הרגל מועשר בשמן זית,WORLD CART,IL,טלק לכף הרגל,מיליליטרים,200.00,"100 מ""ל",false,1,12.90,6.45,true,1,
7290106264595,false,קלאסיק מגבונים 72 יחידות,טרופיקל דגיל,IL,קלאסיק מגבונים72,יחידה,1.00,יחידה,false,1,2.90,2.90,true,1,
7290106265660,false,מי פה לילדים פארמה קאר 2,בוני קטא,IL,מי פה לילדים,מיליליטרים,250.00,"100 מ""ל",false,1,9.90,3.96,true,1,
7290106265677,false,מי פה טוטל להלבנה פארמה,בוני קטא,IL,מי פה פארמה להלב,מיליליטרים,500.00,"100 מ""ל",false,1,9.90,1.98,true,1,
7290106266315,false,סבון נוזלי בסט מאסק ורוד,,IL,סבון נוזלי בסט מ,ליטרים,0.00,ליטר,false,1,9.90,9.90,true,1,
7290106267855,false,אקסטרא מרכך כביסה מרוכז,,,אקסטרא מרכך כביס,יחידה,1.00,יחידה,false,0,8.90,8.90,true,1,
7290106269699,false,לסרה מי פנים לרגיש מועשר בתה ירוק ומלפפוני,,IL,מי פנים מועשר ב,מיליליטרים,250.00,"100 מ""ל",false,1,15.90,6.36,true,1,
7290106269705,false,לסרה חלב פנים מועשר בתה ירוק ומלפפונים250מ,,IL,חלב פנים מועשר ב,מיליליטרים,250.00,"100 מ""ל",false,1,15.90,6.36,true,1,
7290106269736,false,לסרה מסיר איפור דו פאזי מועשר בתה ירוק ומל,,IL,מסיר איפור דו פא,מיליליטרים,250.00,"100 מ""ל",false,1,15.90,6.36,true,1,
7290106520066,false,"רבע לשבע שוקולד חלב במילוי אגוזים עלית 160 גרם בד""צ","הגביע מוצרי וופלים בע""\מ",IL,רבע לשבע 160 גרם,גרמים,160.00,100 גרם,false,0,8.90,5.56,true,1,
<<<<<<< HEAD
7290106520288,false,יוגורט פרו חלבון עם תות 2.4% שומן 150 ג' דנונה,"שטראוס בריאות בע""מ",IL,דנונה WOW תות,גרמים,150.00,100 גרם,false,1,3.90,2.60,true,1,
7290106520912,false,"שמנת 9% לבישול יטבתה 250 מ""ל מהדרין",שטראוס גרופ,IL,שמנת לבישול 9%,מיליליטרים,250.00,"100 מ""ל",false,0,5.90,2.36,true,1,
=======
7290106520288,false,יוגורט פרו חלבון עם תות 2.4% שומן 150 ג' דנונה,שטראוס גרופ בעמ/מצונן,IL,דנונה WOW תות,גרמים,150.00,100 גרם,false,1,3.90,2.60,true,1,
7290106520912,false,שמנת לבישול 9% שומן 258גר מהדרין יטבתה,שטראוס גרופ בעמ/מצונן,IL,שמנת לבישול 9%,מיליליטרים,250.00,"100 מ""ל",false,0,5.90,2.36,true,1,
>>>>>>> d048ac2f4f281c9d788043ab4e81b61b0dbe3743
7290106525368,false,גלילי וופל רבע לשבע אין סייד אוט 125 גר,"הגביע מוצרי וופלים בע""\מ",IL,רבע לשבע,גרמים,125.00,100 גרם,false,0,8.90,7.12,true,1,
7290106525399,false,קפסולות 06 ברזיל למכונות נספרסו עלית 10יח',הנסיך- מפעל לייצור ט,IL,קפסולות קפה,גרמים,50.00,100 גרם,false,1,15.50,31.00,true,1,
7290106525405,false,קפסולות קפה עלית נטול קפאין אספרסו) (10,שטראוס קפה בי.וי.,IL,קפסולות נטול מס7,גרמים,50.00,100 גרם,false,0,15.50,31.00,true,1,
7290106526822,false,פריכיות אורז חום מלא תחתית שוקולד חלב 80 גרם,"טחנת האבן תעשיות בע""",IL,פריכיות,גרמים,80.00,100 גרם,false,0,6.90,8.63,true,1,
7290106528567,false,חטיף תירס גריל דוריטוס (185 גרם),"שטראוס פריטו ליי בע""\מ )",IL,דוריטוס גריל,גרמים,185.00,100 גרם,false,1,6.90,3.73,true,1,
7290106528628,false,חטיף תירס בטעם טבעי דוריטוס (185 גרם),"שטראוס פריטו ליי בע""\מ )",IL,דוריטוס Dippas,גרמים,185.00,100 גרם,false,1,6.90,3.73,true,1,
7290106540446,false,כוס פט oz 3 + מיכסים - שקוף,,CN,כוס פט ומכסה,יחידה,1.00,יחידה,false,1,10.90,10.90,true,1,
7290106543263,false,פינוקים כדור פתוח,,CN,פינוקים כדור,יחידה,1.00,יחידה,false,1,12.90,12.90,true,1,
7290106546332,false,קינוח כלנית 20 יחידות,,CN,קינוח כלנית,יחידה,1.00,יחידה,false,1,12.90,12.90,true,1,
7290106546349,false,קינוח רותם 20 יחידות,,CN,קינוח רותם,יחידה,1.00,יחידה,false,1,12.90,12.90,true,1,
7290106546356,false,קינוח מלחייה 6 יחידות,,CN,קינוח מלחייה,יחידה,1.00,יחידה,false,1,5.90,5.90,true,1,
7290106546455,false,קינוח שוהם 12 יחידות,,CN,קינוח שוהם,יחידה,1.00,יחידה,false,1,12.90,12.90,true,1,
7290106546462,false,קינוח משושה 20 יחידות,,CN,קינוח משושה,יחידה,1.00,יחידה,false,1,12.90,12.90,true,1,
7290106546509,false,קינוח מטבל 20 יחידות,,CN,קינוח מטבל,יחידה,1.00,יחידה,false,1,12.90,12.90,true,1,
7290106546578,false,כוס קריסטל oz 8 שקוף 20,,CN,כוס קריסטל z,יחידה,1.00,יחידה,false,1,18.90,18.90,true,1,
7290106547285,false,צלחת קטנה מלוכה 10 יח' קרטון מרובע,,CN,צלחת קטנה מלוכה,יחידה,1.00,יחידה,false,1,6.90,6.90,true,1,
7290106547292,false,צלחת גדולה מלוכה 10 יח' קרטון מרובע,,CN,"צלחת ""מלוכה""",יחידה,1.00,יחידה,false,1,8.90,8.90,true,1,
7290106547308,false,כוסות מלוכה מלוכה 10 יח' קרטון מרובע,,CN,כוסות מלוכה 10יח,יחידה,1.00,יחידה,false,1,5.90,5.90,true,1,
7290106547513,false,פלייסמנט כסף,,,פלייסמנט כסף,יחידה,1.00,יחידה,false,0,14.90,14.90,true,1,
7290106547520,false,פלייסמנט זהב,,,פלייסמנט זהב,יחידה,1.00,יחידה,false,0,14.90,14.90,true,1,
7290106547582,false,קינוח לבבון מיני בסד,,IL,קינוח לבבון מיני,יחידה,1.00,יחידה,false,1,12.90,12.90,true,1,
7290106547599,false,קינוח עלה מיני בסד,,IL,קינוח עלה מיני,יחידה,1.00,יחידה,false,1,12.90,12.90,true,1,
7290106547605,false,קינוח משולשים מיני בסד,,IL,קינוח משולשים מי,יחידה,1.00,יחידה,false,1,12.90,12.90,true,1,
7290106548077,false,חבק קלוע מפיות,,,חבק קלוע מפיות,יחידה,1.00,יחידה,false,0,7.90,7.90,true,1,
7290106548084,false,פנינה חבק מפיות בסד אריז,,IL,פנינה חבק מפיות,יחידה,1.00,יחידה,false,1,7.90,7.90,true,1,
7290106548091,false,זהב חבק מפיות בסד אריזות,,IL,זהב חבק מפיות,יחידה,1.00,יחידה,false,1,7.90,7.90,true,1,
7290106548107,false,כסף חבק מפיות,,,כסף חבק מפיות,יחידה,1.00,יחידה,false,0,7.90,7.90,true,1,
7290106548732,false,צלחות אלגנט לבן-כסף 10יח,,CN,צלחות אלגנט,יחידה,1.00,יחידה,false,1,14.90,14.90,true,1,
7290106548749,false,צלחות אלגנט גדול לבן-כסף,,CN,צלחות אלגנט גדול,יחידה,1.00,יחידה,false,1,21.90,21.90,true,1,
7290106548756,false,צלחות אלגנט ענק לבן-כסף,,CN,צלחות אלגנט ענק,יחידה,1.00,יחידה,false,1,26.90,26.90,true,1,
7290106548763,false,מרקיה אלגנט לבן-כסף 10יח,,CN,מרקיה אלגנט,יחידה,1.00,יחידה,false,1,16.90,16.90,true,1,
7290106548930,false,צלחת קטן אלגנט קרם-זהב 1,,IL,צלחת קטן אלגנט,יחידה,1.00,יחידה,false,1,14.90,14.90,true,1,
7290106548947,false,"צלחת אלגנט ""נייס"" גדול -קרם-זהב",,IL,צלחת גדול אלגנט,יחידה,1.00,יחידה,false,1,21.90,21.90,true,1,
7290106548954,false,צלחת ענק אלגנט קרם-זהב 1,,IL,צלחת ענק אלגנט ק,יחידה,1.00,יחידה,false,1,26.90,26.90,true,1,
7290106548961,false,מרקיה אלגנט קרם-זהב 10,,IL,מרקיה אלגנט,יחידה,1.00,יחידה,false,1,16.90,16.90,true,1,
7290106548978,false,קסרול אלגנט קרם-זהב 10,,IL,קסרול אלגנט,יחידה,1.00,יחידה,false,1,9.90,9.90,true,1,
7290106549111,false,קינוח כוס שוט - שקוף בסד,,IL,קינוח כוס שוט -,יחידה,1.00,יחידה,false,1,12.90,12.90,true,1,
7290106549166,false,כפות נצנץ 40 יחידות,,IL,כפות נצנץ,יחידה,1.00,יחידה,false,1,7.90,7.90,true,1,
7290106549180,false,סכין נצנץ 40 יחידות,,IL,סכין נצנץ,יחידה,1.00,יחידה,false,1,7.90,7.90,true,1,
7290106549197,false,כפיות נצנץ 40 יחידות,,IL,כפיות נצנץ,יחידה,1.00,יחידה,false,1,6.90,6.90,true,1,
7290106549234,false,תבנית נייר אינגליש קצר,,IL,תבנית נייר קצר,יחידה,1.00,יחידה,false,1,1.00,1.00,true,1,
7290106549241,false,תבנית נייר אינגליש נמוך,,IL,תבנית נייר אינגל,יחידה,1.00,יחידה,false,1,1.00,1.00,true,1,
7290106549258,false,תבנית נייר אישי .,,IL,תבנית נייר אישי,יחידה,1.00,יחידה,false,1,0.50,0.50,true,1,
7290106549265,false,"צלחת גדולה ""מלוכה"" 10 יח",,IL,צלחת מלוכה,יחידה,1.00,יחידה,false,1,8.90,8.90,true,1,
7290106549272,false,"צלחת קטנה ""מלוכה"" 10 יח",,IL,צלחת קטנה מלוכה,יחידה,1.00,יחידה,false,1,6.90,6.90,true,1,
7290106549302,false,"כפות ח""פ ארוזות ""נייס""",לפיד,IL,"כפות ח""פ ארוזות",יחידה,1.00,יחידה,false,1,2.90,2.90,true,1,
7290106549319,false,"מזלגות ח""פ ארוזות ""נייס""",לפיד,IL,"מזלגות ח""פ ארוזו",יחידה,1.00,יחידה,false,1,2.90,2.90,true,1,
7290106549326,false,"סכינים ח""פ ארוזות ""נייס""",לפיד,IL,"סכינים ח""פ ארוזו",יחידה,1.00,יחידה,false,1,2.90,2.90,true,1,
7290106549333,false,"כפיות ח""פ ארוזות ""נייס""",לפיד,IL,"כפיות ח""פ ארוזות",יחידה,1.00,יחידה,false,1,2.90,2.90,true,1,
7290106549449,false,קינוח פרפר בסד,,IL,קינוח פרפר,יחידה,1.00,יחידה,false,1,12.90,12.90,true,1,
7290106549463,false,קינוח מעוין בסד,,IL,קינוח מעוין,יחידה,1.00,יחידה,false,1,12.90,12.90,true,1,
<<<<<<< HEAD
7290106572959,false,אפרופו מארז 5 יח' *25 ג' אסם,"אסם השקעות בע""\מ",IL,אפרופו 5 יח,גרמים,125.00,100 גרם,false,0,9.90,7.92,true,1,
7290106572997,false,"קמח שמרים לפיצה ופוקצ'ה אסם 1 ק""ג","קוד יצרן TKMB, משווק",IL,קמח שמרים לפיצה,קילוגרמים,1.00,"ק""ג",false,0,7.90,7.90,true,1,
7290106573574,false,חומוס ירושלמי צבר 400גרם,סלטי צבר,IL,חומוס צבר,גרמים,400.00,100 גרם,false,0,10.90,2.73,true,1,
7290106574793,false,עוגת הבית בטעם שוקו-שוקוצ'יפס 350 ג' אסם,מיוצר עי קונדיטוריית,IL,עוגת הבית,גרמים,350.00,100 גרם,false,0,9.90,2.83,true,1,
7290106574953,false,בייגלה שטוחים כעכים שטוחים עם שומשום,מיוצר עי קונדיטוריית,IL,בייגלה שטוחים,גרמים,300.00,100 גרם,false,0,8.90,2.97,true,1,
7290106574977,false,בייגלה שטוחים כעכים שטוחים עם מלח,מיוצר עי קונדיטוריית,IL,בייגלה שטוחים,גרמים,300.00,100 גרם,false,0,8.90,2.97,true,1,
7290106575257,false,עוגת הבית סופלה בטעם שוקולד 340 ג' אסם,מיוצר עי קונדיטוריית,IL,עוגת סופלה הבית,גרמים,340.00,100 גרם,false,0,9.90,2.91,true,1,
7290106575332,false,פתיתים אפויים פלוס בורגול 400 ג' אסם,"מיוצר ע""י קוד יצרן K",IL,פתיתים פלוס,גרמים,400.00,100 גרם,false,0,5.90,1.48,true,1,
7290106576513,false,סלט חומוס צבר 400 גר,סלטי צבר,IL,חומוס צבר,גרמים,400.00,100 גרם,false,0,8.90,2.23,true,1,
7290106576537,false,חומוס מסעדות צבר 700 גרם,סלטי צבר,IL,חומוס מסעדה צבר,גרמים,700.00,100 גרם,false,0,9.90,1.41,true,1,
7290106576834,false,גלידה לה קרמריה פונטש בננה1.4 ל' נסטלה,תות תעשיות מזון (201,IL,לה קרמריה,ליטרים,1.40,ליטר,false,0,16.90,12.07,true,1,
7290106576919,false,גלידה קרמריה סורבה תות לימון 1.4 ליטר,גלידות נסטלה )נגה גלידות,IL,לח קרמריה,ליטרים,1.40,ליטר,false,0,16.90,12.07,true,1,
7290106576995,false,גלידה סורבה לה קרמריה תות מנגו לייט 1.4 ל' נסטלה,גלידות נסטלה )נגה גלידות,IL,לה קרמריה לייט,ליטרים,1.40,ליטר,false,0,16.90,12.07,true,1,
7290106577039,false,גלידה לה קרמריה שוקו וניל פליק 1.4 ל' נסטלה,תות תעשיות מזון (201,IL,לא קרמריה,ליטרים,1.40,ליטר,false,0,16.90,12.07,true,1,
7290106577282,false,טחינה אמיתית מרובע 400 ג' צבר,סלטי צבר,IL,טחינה צבר,גרמים,400.00,100 גרם,false,0,10.90,2.73,true,1,
=======
7290106572959,false,אפרופו חטיף קלאסי 5חי*25גר,קבוצת אוסם סחר שותפות מוגבלת,IL,אפרופו 5 יח,גרמים,125.00,100 גרם,false,0,9.90,7.92,true,1,
7290106572997,false,קמח שמרים לפיצה ופוקצ`ה אסם 1 קג`,קבוצת אוסם סחר שותפות מוגבלת,IL,קמח שמרים לפיצה,קילוגרמים,1.00,"ק""ג",false,0,7.90,7.90,true,1,
7290106573574,false,חומוס ירושלמי צבר 400גרם,קבוצת אוסם סחר-שות.מוגבלת,IL,חומוס צבר,גרמים,400.00,100 גרם,false,0,10.90,2.73,true,1,
7290106574793,false,עוגת הבית בטעם שוקו-שוקוצ'יפס 350 ג' אסם,קבוצת אוסם סחר שותפות מוגבלת,IL,עוגת הבית,גרמים,350.00,100 גרם,false,0,9.90,2.83,true,1,
7290106574953,false,בייגלה שטוחים כעכים שטוחים עם שומשום,קבוצת אוסם סחר שותפות מוגבלת,IL,בייגלה שטוחים,גרמים,300.00,100 גרם,false,0,8.90,2.97,true,1,
7290106574977,false,בייגלה שטוחים טבעות עם מלח אסם (300 גרם),קבוצת אוסם סחר שותפות מוגבלת,IL,בייגלה שטוחים,גרמים,300.00,100 גרם,false,0,8.90,2.97,true,1,
7290106575257,false,עוגת הבית סופלה בטעם שוקולד 340 ג' אסם,קבוצת אוסם סחר שותפות מוגבלת,IL,עוגת סופלה הבית,גרמים,340.00,100 גרם,false,0,9.90,2.91,true,1,
7290106575332,false,פתיתים אפויים פלוס בורגול 400 ג' אסם,קבוצת אוסם סחר שותפות מוגבלת,IL,פתיתים פלוס,גרמים,400.00,100 גרם,false,0,5.90,1.48,true,1,
7290106576513,false,סלט רק חומוס צבר 400 גרם,קבוצת אוסם סחר שותפות מוגבלת,IL,חומוס צבר,גרמים,400.00,100 גרם,false,0,8.90,2.23,true,1,
7290106576537,false,חומוס מסעדות צבר 700 גרם,קבוצת אוסם סחר שותפות מוגבלת,IL,חומוס מסעדה צבר,גרמים,700.00,100 גרם,false,0,9.90,1.41,true,1,
7290106576834,false,גלידה לה קרמריה פונטש בננה1.4 ל' נסטלה,נגה גלידות שותפות מוגבלת,IL,לה קרמריה,ליטרים,1.40,ליטר,false,0,16.90,12.07,true,1,
7290106576919,false,"לה קרמריה סורבה תות לימו 1.4 ליטר כשל""פ",נגה גלידות שותפות מוגבלת,IL,לח קרמריה,ליטרים,1.40,ליטר,false,0,16.90,12.07,true,1,
7290106576995,false,גלידה סורבה לה קרמריה תות מנגו לייט 1.4 ל' נסטלה,נגה גלידות שותפות מוגבלת,IL,לה קרמריה לייט,ליטרים,1.40,ליטר,false,0,16.90,12.07,true,1,
7290106577039,false,גלידה לה קרמריה שוקו וניל פליק 1.4 ל' נסטלה,נגה גלידות שותפות מוגבלת,IL,לא קרמריה,ליטרים,1.40,ליטר,false,0,16.90,12.07,true,1,
7290106577282,false,טחינה אמיתית מרובע 400 ג' צבר,קבוצת אוסם סחר-שות.מוגבלת,IL,טחינה צבר,גרמים,400.00,100 גרם,false,0,10.90,2.73,true,1,
>>>>>>> d048ac2f4f281c9d788043ab4e81b61b0dbe3743
7290106663558,false,"רוטב טריאקי ורימון יד מרדכי 280מ""ל",אף.סי תבליני בגליל ב,IL,רוטב טריאקי,גרמים,320.00,100 גרם,false,1,8.90,2.78,true,1,
7290106664067,false,לאבנה עם שמן זית וזעתר 10% שטראוס 400 ג',שטראוס גרופ בעמ/מצונן,IL,לאבנה שמן זית,גרמים,400.00,100 גרם,false,1,10.90,2.73,true,1,
7290106667266,false,חטיף תירס חמוץ חריף דוריטוס (185 גרם),"שטראוס פריטו ליי בע""\מ )",IL,דוריטוס,גרמים,185.00,100 גרם,false,1,6.90,3.73,true,1,
7290106668577,false,"מיץ לימון טיבעי 250 מ""ל יד מרדכי",האי נאם סי או אל.טי.,IT,מיץ לימון,גרמים,250.00,100 גרם,false,1,7.90,3.16,true,1,
<<<<<<< HEAD
7290106725874,false,"סירופ מייפל טבעי 236 מ""ל ""יד מרדכי""",יד מרדכי,CA,סירופ מייפל,מיליליטרים,236.00,"100 מ""ל",false,1,34.90,14.79,true,1,
7290106726178,false,יוגורט PRO עם פירות יער 2.4% 10 גרם חלבון בגביע,מיוצר עי קונדיטוריית,IL,דנונה WOW פ.יער,גרמים,150.00,100 גרם,false,1,3.90,2.60,true,1,
7290107280402,false,סנו ג'יט ניקוי כללי ורצפות 2 ל',סנו ג'ט Jet,IL,ג'ט לניקוי כללי,ליטרים,2.00,ליטר,false,0,9.90,4.95,true,1,
7290107280549,false,"סנו - K400 קוטל זבובים ויתושים 300 מ""ל","סנו מפעלי ברונוס בע""מ",IL,400-K ק.יתושים,מיליליטרים,300.00,"100 מ""ל",false,0,9.90,3.30,true,1,
7290107280563,false,ג'ל אוקסיג'ן בייבי סנו 3 ליטר,"איי, בי, אינבוו",IL,אוקסיג'ן בייבי,ליטרים,3.00,ליטר,false,0,24.90,8.30,true,1,
7290107280570,false,סנו - מקסימה ג'ל כביסה מרוכז לכביסה צבעונית 3 ליטר,מיוצר עי קונדיטוריית,IL,ג'ל כביסה,ליטרים,3.00,ליטר,false,0,24.90,8.30,true,1,
7290107280587,false,שלישיית סנובון מוצק דאבל אקשן פריחה ורודה 55 גרם,סנו מפעלי ברונו בעמ,IL,סנובון דאבל אקשן,גרמים,165.00,100 גרם,false,1,9.90,6.00,true,1,
7290107280655,false,"אבקת כביסה בייבי סנו מקסימה 3.25 ק""ג",סנו מקסימה,IL,מקסימה בייבי,קילוגרמים,3.25,"ק""ג",false,0,29.90,9.20,true,1,
7290107280716,false,מלח למדיח להגנה מפני אבנית סנו ספארק Spark,סנו ספארק,IL,ספארק מלח למדיח,קילוגרמים,2.00,"ק""ג",false,1,9.90,4.95,true,1,
7290107280723,false,נוזל לניקוי כלים סנו ספארק Spark בניחוח לימון רענן,סנו כימיקלים,IL,נוזל לכלים לימון,מיליליטרים,700.00,"100 מ""ל",false,0,8.90,1.27,true,1,
7290107280747,false,נוזל לניקוי כלים סנו ספארק Spark קלאסי,סנו כימיקלים,IL,נוזל לכלים קלאסי,מיליליטרים,700.00,"100 מ""ל",false,0,8.90,1.27,true,1,
7290107280761,false,נוזל לניקוי כלים בניחוח לימון רענן סנו ספארק Spark,מיוצר עי קונדיטוריית,IL,נוזל כלים לימון,ליטרים,1.00,ליטר,false,0,9.90,9.90,true,1,
7290107280822,false,סנו ריצפז פרש הום 2 ליטר בניחוח ספא,"סנו מפעלי ברונוס בע""\מ",IL,ריצפז פרש הום,ליטרים,2.00,ליטר,false,0,16.90,8.45,true,1,
7290107646062,false,אבקת מרק בצל רכיבים טבעיים קנור 400 ג',יוניליוור ישראל מזון בע\,IL,מרק בצל,גרמים,400.00,100 גרם,false,1,15.90,3.98,true,1,
7290107648943,false,"ברנפלקס קרנצ'ים מייפל תלמה 375 גרם בד""צ","יוניליוור שפע ישראל בע""\",IL,ברנפלקס קרנצ'ים,גרמים,375.00,100 גרם,false,1,19.90,5.31,true,1,
7290107649100,false,בייגלה טבעות שומשום 300 גרם.,בייגל את בייגל מזון 198),IL,בייגלה טבעות,גרמים,300.00,100 גרם,false,1,7.90,2.63,true,1,
7290107871532,false,מאגדת קרחוני מלון דובדבן נסטלה 10 יחידות,גלידות נסטלה )נגה גלידות,IL,מאגדת קרח,גרמים,750.00,100 גרם,false,7,11.90,1.59,true,1,
7290107871990,false,"פסטה צינורות 500 גרם ""אסם""",פסטה זארה,IT,פסטה צינורות,גרמים,500.00,100 גרם,false,0,4.90,0.98,true,1,
7290107874502,false,ביסלי גריל קדמ. מארז אחיד 10 4*55 גרם,מיוצר עי קונדיטוריית,IL,ביסלי גריל 4 יח,גרמים,220.00,100 גרם,false,1,11.90,5.41,true,1,
7290107875004,false,פופקורן חמאה ודבש מארז12*20גר',אסם,IL,פופקו חמאה ודבש,גרמים,240.00,100 גרם,false,1,17.90,7.46,true,1,
7290107877619,false,מארז במבה במילוי קרם נוגט 5*30ג' אסם,"אסם השקעות בע""\מ",IL,במבה נוגט 5 יח,גרמים,150.00,100 גרם,false,1,11.90,7.93,true,1,
7290107879521,false,קרחון לה פרוטה שרבט תות מאגדת 5יח',גלידות נסטלה )נגה גלידות,IL,מאגדת לה פרוטה,גרמים,350.00,100 גרם,false,1,15.90,4.54,true,1,
7290107879569,false,קרחון לה פרוטה שרבט מנגו מאגדת 5יח',גלידות נסטלה )נגה גלידות,IL,מאגדת לה פרוטה,גרמים,350.00,100 גרם,false,1,15.90,4.54,true,1,
=======
7290106725874,false,"סירופ מייפל טבעי 236 מ""ל ""יד מרדכי""",שטראוס גרופ בעמ,CA,סירופ מייפל,מיליליטרים,236.00,"100 מ""ל",false,1,34.90,14.79,true,1,
7290106726178,false,יוגורט PRO עם פירות יער 2.4% 10 גרם חלבון בגביע,שטראוס גרופ בעמ/מצונן,IL,דנונה WOW פ.יער,גרמים,150.00,100 גרם,false,1,3.90,2.60,true,1,
7290107280402,false,ג`ט לניקוי כללי ורצפות סנו (2 ליטר),החברה הדרומית לשיווק בעמ,IL,ג'ט לניקוי כללי,ליטרים,2.00,ליטר,false,0,9.90,4.95,true,1,
7290107280549,false,"סנו - K400 קוטל זבובים ויתושים 300 מ""ל",החברה הדרומית לשיווק בעמ,IL,400-K ק.יתושים,מיליליטרים,300.00,"100 מ""ל",false,0,9.90,3.30,true,1,
7290107280563,false,סנו אוקסיג`ן ג`ל לכביסה בייבי 3 ל`,החברה הדרומית לשיווק בעמ,IL,אוקסיג'ן בייבי,ליטרים,3.00,ליטר,false,0,24.90,8.30,true,1,
7290107280570,false,סנו - מקסימה ג'ל כביסה מרוכז לכביסה צבעונית 3 ליטר,החברה הדרומית לשיווק בעמ,IL,ג'ל כביסה,ליטרים,3.00,ליטר,false,0,24.90,8.30,true,1,
7290107280587,false,שלישיית סנובון מוצק דאבל אקשן פריחה ורודה 55 גרם,החברה הדרומית לשיווק בעמ,IL,סנובון דאבל אקשן,גרמים,165.00,100 גרם,false,1,9.90,6.00,true,1,
7290107280655,false,"אבקת כביסה בייבי סנו מקסימה 3.25 ק""ג",החברה הדרומית לשיווק בעמ,IL,מקסימה בייבי,קילוגרמים,3.25,"ק""ג",false,0,29.90,9.20,true,1,
7290107280716,false,מלח למדיח להגנה מפני אבנית סנו ספארק Spark,החברה הדרומית לשיווק בעמ,IL,ספארק מלח למדיח,קילוגרמים,2.00,"ק""ג",false,1,9.90,4.95,true,1,
7290107280723,false,נוזל לניקוי כלים סנו ספארק Spark בניחוח לימון רענן,החברה הדרומית לשיווק בעמ,IL,נוזל לכלים לימון,מיליליטרים,700.00,"100 מ""ל",false,0,8.90,1.27,true,1,
7290107280747,false,נוזל לניקוי כלים סנו ספארק Spark קלאסי,החברה הדרומית לשיווק בעמ,IL,נוזל לכלים קלאסי,מיליליטרים,700.00,"100 מ""ל",false,0,8.90,1.27,true,1,
7290107280761,false,נוזל לניקוי כלים בניחוח לימון רענן סנו ספארק Spark,החברה הדרומית לשיווק בעמ,IL,נוזל כלים לימון,ליטרים,1.00,ליטר,false,0,9.90,9.90,true,1,
7290107280822,false,סנו ריצפז פרש הום 2 ליטר בניחוח ספא,החברה הדרומית לשיווק בעמ,IL,ריצפז פרש הום,ליטרים,2.00,ליטר,false,0,16.90,8.45,true,1,
7290107646062,false,אבקת מרק בצל רכיבים טבעיים קנור 400 ג',יוניליוור ישראל שיווק בע`מ,IL,מרק בצל,גרמים,400.00,100 גרם,false,1,15.90,3.98,true,1,
7290107648943,false,"ברנפלקס קרנצ'ים מייפל תלמה 375 גרם בד""צ","יוניליוור ישראל שיווק בע""מ",IL,ברנפלקס קרנצ'ים,גרמים,375.00,100 גרם,false,1,19.90,5.31,true,1,
7290107649100,false,בייגלה טבעות שומשום 300 גרם.,יוניליוור ישראל שיווק בע`מ,IL,בייגלה טבעות,גרמים,300.00,100 גרם,false,1,7.90,2.63,true,1,
7290107871532,false,מאגדת קרחוני מלון דובדבן נסטלה 10 יחידות,נגה גלידות שותפות מוגבלת,IL,מאגדת קרח,גרמים,750.00,100 גרם,false,7,11.90,1.59,true,1,
7290107871990,false,פסטה צינורות מהדרין אסם (500 גרם),קבוצת אוסם סחר שותפות מוגבלת,IT,פסטה צינורות,גרמים,500.00,100 גרם,false,0,4.90,0.98,true,1,
7290107874502,false,ביסלי גריל קדמ. מארז אחיד 10 4*55 גרם,קבוצת אוסם סחר שותפות מוגבלת,IL,ביסלי גריל 4 יח,גרמים,220.00,100 גרם,false,1,11.90,5.41,true,1,
7290107875004,false,פופקורן חמאה ודבש מארז12*20גר',קבוצת אסם סחר שות. מוגבלת,IL,פופקו חמאה ודבש,גרמים,240.00,100 גרם,false,1,17.90,7.46,true,1,
7290107877619,false,מארז במבה במילוי קרם נוגט 5*30ג' אסם,קבוצת אוסם סחר שותפות מוגבלת,IL,במבה נוגט 5 יח,גרמים,150.00,100 גרם,false,1,11.90,7.93,true,1,
7290107879521,false,קרחון לה פרוטה שרבט תות מאגדת 5יח',נגה גלידות שותפות מוגבלת,IL,מאגדת לה פרוטה,גרמים,350.00,100 גרם,false,1,15.90,4.54,true,1,
7290107879569,false,קרחון לה פרוטה שרבט מנגו מאגדת 5יח',נגה גלידות שותפות מוגבלת,IL,מאגדת לה פרוטה,גרמים,350.00,100 גרם,false,1,15.90,4.54,true,1,
>>>>>>> d048ac2f4f281c9d788043ab4e81b61b0dbe3743
7290107879620,false,קרחון שרבט מלון תפוח לה פרוטה נסטלה 70 גרם,גלידות נסטלה )נגה גלידות,IL,גל.לה פרוטה מלון,יחידה,1.00,יחידה,false,1,4.50,4.50,true,1,
7290107930321,false,קונפיטורת יד מרדכי דובדובן 340 גרם,"שטראוס גרופ בע""מ",IL,קונפיטורה דובדבן,גרמים,340.00,100 גרם,false,1,9.90,2.91,true,1,
7290107932080,false,חלב מועשר יוטבתה בבקבוק 3% 1 ליטר,שטראוס גרופ בעמ/מצונן,IL,חלב מועשר 3%,ליטרים,1.00,ליטר,false,1,6.90,6.90,true,1,
7290107936309,false,דנונה יוגורט 7% יווני לבן 130 ג',שטראוס גרופ בעמ/מצונן,IL,יוגורט יווני,גרמים,130.00,100 גרם,false,1,2.90,2.23,true,1,
7290107937641,false,צנצנת קוביות בזוקה גומי לעיסה 58גר,שטראוס גרופ בע`מ,DE,קוביות מסטיק,גרמים,58.00,100 גרם,false,1,6.90,11.90,true,1,
7290107937856,false,קפסולות 11חזק למכונות נספרסו עלית 10יח',הנסיך- מפעל לייצור ט,IL,קפסולות עלית,גרמים,50.00,100 גרם,false,1,15.50,31.00,true,1,
7290107938396,false,שמיניית אקטימל תות דיסני בנים 108 גרם,שטראוס גרופ בעמ/מצונן,IL,אקטימל תות 8יח',מיליליטרים,800.00,"100 מ""ל",false,1,16.90,2.11,true,1,
7290107945165,false,קונפיטורת משמש יד מרדכי 340 גרם,אף.סי תבליני בגליל ב,IL,קונפיטורת משמש,גרמים,340.00,100 גרם,false,1,9.90,2.91,true,1,
7290107950190,false,מעדן חלב דל קלוריות בטעם שוקולד מריר 0.5% שומן,שטראוס גרופ בעמ/מצונן,IL,מעדן דיאט שוקולד,גרמים,130.00,100 גרם,false,1,2.90,2.23,true,1,
7290107950206,false,מעדן דיאט שוקולד שטראוס 130 גרם,שטראוס גרופ בעמ/מצונן,IL,מעדן דיאט שוקולד,גרמים,130.00,100 גרם,false,1,2.90,2.23,true,1,
7290107951104,false,בפלות ופלים ארוכים בטעם שוקולד,"שטראוס גרופ בע""\מ",IL,בפלות טעם שוקולד,גרמים,200.00,100 גרם,false,1,3.90,1.95,true,1,
7290107951111,false,בפלות ופלים ארוכים בטעם לימון,שטראוס גרופ בע`מ,IL,בפלות בטעם לימון,גרמים,200.00,100 גרם,false,1,3.90,1.95,true,1,
7290107951715,false,צנצנת מסטיק מאסט קוביות בטעם ענבים 58 ג' עלית,שטראוס גרופ בע`מ,IL,מסטיק קוביות,גרמים,58.00,100 גרם,false,1,6.90,11.90,true,1,
7290107953559,false,"מארז קפה טורקי עלית לדרך כשל""פ 168 גרם",הנסיך- מפעל לייצור ט,IL,קפה טורקי לדרך,גרמים,168.00,100 גרם,false,1,15.90,9.46,true,1,
7290107954709,false,"קונפיטורת פירות יער ""יד מרדכי"" 340 גר'",שטראוס גרופ בע`מ,IL,קונפיטורה פירות,גרמים,340.00,100 גרם,false,1,9.90,2.91,true,1,
7290107956642,false,"תרסיס שמן זית 150 מ""ל יד מרדכי כשלפ",פארייפאבה אגרואינדוס,ES,תרסיס שמן זית,מיליליטרים,150.00,"100 מ""ל",false,1,14.90,9.93,true,1,
7290107956710,false,מארז מיני מילקי 70 גרם 16 יחידות,שטראוס גרופ בעמ (ח),IL,מיני מילקי 16 יח,קילוגרמים,1.12,"ק""ג",false,1,18.90,16.88,true,1,
7290107956925,false,קפסולות 13 אוגנדה למכונת נספרסו עלית 10יח',שטראוס קפה בי.וי.,IL,קפסולות קפה,גרמים,50.00,100 גרם,false,1,15.50,31.00,true,1,
7290107956932,false,קפסולות אספרסו אידונזיה למכונות 50 גר,שטראוס קפה בי.וי.,IL,קפסולות אינדונזי,גרמים,50.00,100 גרם,false,1,15.50,31.00,true,1,
7290107956963,false,"דנונה וניל 3% תות מארז 12X100מ""ל",שטראוס גרופ בעמ/מצונן,IL,מארז דנונה תות,קילוגרמים,1.20,"ק""ג",false,1,17.90,14.92,true,1,
7290107958035,false,יוגורט במתיקות מעודנת 2% ללא תוספת סוכר- מארז 8 יח,שטראוס גרופ בעמ/מצונן,IL,דנונה מעודן 8 יח,קילוגרמים,1.20,"ק""ג",false,1,17.90,14.92,true,1,
7290107973014,false,"סבון ידיים משאבה פלמוליב חלב ודבש 300 מ""ל",הנסיך- מפעל לייצור ט,TR,סבון ידיים,מיליליטרים,300.00,"100 מ""ל",false,1,8.90,2.97,true,1,
7290107973038,false,"סבון ידיים משאבה פלמוליב אקווריום 300 מ""ל",הנסיך- מפעל לייצור ט,IT,סבון פלמוליב,מיליליטרים,300.00,"100 מ""ל",false,1,8.90,2.97,true,1,
7290107974301,false,ליידי ספיד סטיק - דאודורנט ג'ל לאישה אלוורה 45 גרם,ליידי ספיד סטיק Lady Speed Stick,US,ליידי ספיד סטיק,גרמים,45.00,100 גרם,false,1,11.90,26.44,true,1,
7290107975285,false,דאו לנערות תות מתוק ליידי ספיד סטיק 65 ג,ליידי ספיד סטיק Lady Speed Stick,US,ספיד סטיק תות,גרמים,65.00,100 גרם,false,1,11.90,18.31,true,1,
7290107975292,false,ליידי ספיד סטיק - דאודורנט סטיק נערות ורוד 65 גרם,ליידי ספיד סטיק Lady Speed Stick,US,ספיד סטיק ורוד,גרמים,65.00,100 גרם,false,1,11.90,18.31,true,1,
7290107975346,false,ספיד סטיק - דאודורנט ג'ל לגבר כוח הטבע 85 גרם,קולגייט-פלמוליב,US,ספיד סטיק,גרמים,65.00,100 גרם,false,1,11.90,18.31,true,1,
7290107975360,false,ליידי ספיד סטיק פיור פרשנס ג'ל נשים 65ג',ליידי ספיד סטיק Lady Speed Stick,US,ליידי ספיד סטיק,גרמים,45.00,100 גרם,false,1,11.90,26.44,true,1,
7290107978347,false,איטריות בינוניות מאסטר שף 400 גרם,הדקלאים אגודת שיתופי,PL,איטריות בינוניות,גרמים,400.00,100 גרם,false,1,3.90,0.98,true,1,
7290108197129,false,"כהל 95% 500 מ""ל כשל""",ישראליקר,IL,כוהל 95,מיליליטרים,1.00,"100 מ""ל",false,1,79.90,7990.00,true,1,
7290108350531,false,סנו ספארק נוזל כלים בניחוח קלאסי עם משאבה 1 ל',מיוצר עי קונדיטוריית,IL,ספארק לכלים,ליטרים,1.00,ליטר,false,1,9.90,9.90,true,1,
<<<<<<< HEAD
7290108350555,false,נוזל כלים סנו ספארק Spark היפואלרגני פריחת השקד,סנו ספארק,IL,ספארק לכלים,ליטרים,1.00,ליטר,false,1,9.90,9.90,true,1,
7290108350586,false,נוזל לניקוי כלים סנו ספארק Spark בניחוח לימון רענן,"סנו מפעלי ברונוס בע""\מ",IL,ספארק נוזל לכלים,ליטרים,1.50,ליטר,false,1,11.90,7.93,true,1,
7290108350616,false,סנו - מקסימה מרכך כביסה מרוכז פריחה כחולה 1 ליטר,"סנו מפעלי ברונוס בע""\מ",IL,מרכך מקסימה,ליטרים,1.00,ליטר,false,1,14.90,14.90,true,1,
7290108350623,false,מרכך כביסה סופר מרוכז סופט סילק מקסימה 1 ל' סנו,"סנו מפעלי ברונוס בע""\מ",IL,מרכך מקסימה,ליטרים,1.00,ליטר,false,1,14.90,14.90,true,1,
7290108350739,false,משחת שיניים לילדים בטעם סוכריות ג'לי גילאי 2-6,טרופיקל דגיל תעשיות קוסמ,IL,משחה אורביטול,גרמים,70.00,100 גרם,false,1,6.90,9.86,true,1,
7290108351507,false,מרכך כביסה אינספרישיין סנו מקסימה 4 ליטר,סנו מקסימה,IL,מרכך מקסימה,ליטרים,4.00,ליטר,false,1,21.50,5.38,true,1,
7290108351514,false,מרכך כביסה בלו בלוסום סנו מקסימה 4 ליטר,סנו מקסימה,IL,מרכך מקסימה,ליטרים,4.00,ליטר,false,1,21.50,5.38,true,1,
7290108351538,false,סנופרש הום מבשם לבית בניחוח מרכך כביסה ב,סנו מפעלי ברונוס בעמn,IL,מבשם אוויר לבית,מיליליטרים,200.00,"100 מ""ל",false,1,9.90,4.95,true,1,
7290108351545,false,מטהר אוויר סנו פרש הום בניחוח מרכך,סנו מפעלי ברונוס בעמn,IL,מבשם אוויר סילק,מיליליטרים,200.00,"100 מ""ל",false,1,9.90,4.95,true,1,
7290108351552,false,"סנו - ג'ט לניקוי כללי בתוספת חומץ בניחוח לבנדר 750 מ""ל","סנו מפעלי ברונוס בע""\מ",IL,סנו ג'ט עם חומץ,מיליליטרים,750.00,"100 מ""ל",false,1,9.90,1.32,true,1,
7290108351576,false,"אוקסיג'ן אבקה להסרת כתמים 1.5 ק""ג סנו",גליל כימיקלים,IL,אוקסיג'ן אבקה,קילוגרמים,1.50,"ק""ג",false,1,25.90,17.27,true,1,
7290108351590,false,"סנופרש הום בלו בלוסון בניחוח מרכך כביסה 350 מ""ל",סנו פרש Fresh,IL,סנופרש בלוסם,מיליליטרים,350.00,"100 מ""ל",false,1,9.90,2.83,true,1,
7290108351606,false,מטהר אוויר בלו בלוסום סנו פרש הום 350 מל,סנו מפעלי ברונוס בעמ,IL,סנופרש הום,מיליליטרים,350.00,"100 מ""ל",false,1,9.90,2.83,true,1,
7290108351613,false,סנו ריצפז פרש הום 2 ליטר בניחוח מלון חלומי,"סנו מפעלי ברונוס בע""\מ",IL,ריצפז פרש הום,ליטרים,2.00,ליטר,false,1,16.90,8.45,true,1,
7290108351729,false,נ.לניקוי אסלות סנו גרין פאוור אקולוגי750,מיוצר עי קונדיטוריית,IL,נוזל לניקוי אסלו,מיליליטרים,750.00,"100 מ""ל",false,1,12.90,1.72,true,1,
7290108351750,false,נ.לניקוי רצפות סנו גרין פאוור אקולוגי 2ל,סנו מפעלי ברונוס בעמ,IL,נוזל לניקוי רצפו,ליטרים,2.00,ליטר,false,1,19.90,9.95,true,1,
7290108351804,false,מרכך כביסה סופר מרוכז Gentl Breeze סנו מקסימה 1 ליטר,מיוצר עי קונדיטוריית,IL,מרכך מקסימה,ליטרים,1.00,ליטר,false,1,14.90,14.90,true,1,
7290108351811,false,מרכך כביסה סופר מרוכז Floral touch סנו מקסימה 1 ליטר,מיוצר עי קונדיטוריית,IL,מרכך מקסימה,ליטרים,1.00,ליטר,false,1,14.90,14.90,true,1,
7290108351941,false,סנובון סבון אסלה מוצק RINGS בניחוח יערות שלישיה,SWARZEDZ DRAMERSSA,PL,סבון אסלה 3 יח,גרמים,120.00,100 גרם,false,1,12.90,10.75,true,1,
7290108351972,false,סנופרש הום מבשם לבית בניחוח מלון בוטיק,מיוצר עי קונדיטוריית,IL,מבשם אוויר לבית,מיליליטרים,200.00,"100 מ""ל",false,1,9.90,4.95,true,1,
7290108351989,false,סנופרש הום מבשם לבית בניחוח מלון מפנק,מיוצר עי קונדיטוריית,IL,מבשם אוויר לבית,מיליליטרים,200.00,"100 מ""ל",false,1,9.90,4.95,true,1,
7290108351996,false,"חיטוי בייבי 99.9% לחיטוי וניקוי בסביבת תינוקות 750 מ""ל","סנו מפעלי ברונוס בע""\מ",IL,מתז בייבי מחטא,מיליליטרים,750.00,"100 מ""ל",false,1,12.90,1.72,true,1,
7290108352207,false,מקסימה 40 קפסולות לכביסה בניחוח fresh burst,"גליל כימיקלים, א.ת. צפונ",IL,מקסימה קפסולות,יחידה,1.00,יחידה,false,1,39.90,39.90,true,1,
7290108352221,false,סנופרש הום מבשם נוזלי בניחוח מלון מפנק,סנו מפעלי ברונוס בעמ,IL,סנו פרש הום,מיליליטרים,350.00,"100 מ""ל",false,1,9.90,2.83,true,1,
7290108352283,false,נוזל לחיטוי וניקוי רצפות- סדרת 99.9% סנו 2 ליטר,"סנו מפעלי ברונוס בע""\מ",IL,נוזל לחיטוי רצפה,ליטרים,2.00,ליטר,false,1,16.90,8.45,true,1,
7290108352320,false,"מבשם אויר סנו פרש הום בניחוח כותנה מלטפת 350 מ""ל",מיוצר עי קונדיטוריית,IL,סנופרש הום,מיליליטרים,350.00,"100 מ""ל",false,1,9.90,2.83,true,1,
7290108352351,false,"סנו תרסיס לחיטוי משטחים 99.9% - 400 מ""ל","סנו מפעלי ברונס בע""\מ",IL,תרסיס לחיטוי משט,מיליליטרים,400.00,"100 מ""ל",false,1,22.90,5.73,true,1,
7290108352450,false,ריצפז פרש הום בניחוח מרכך כביסה בלו בלוסום,סנו מפעלי ברונוס בעמ,IL,ריצפז פרש הום,ליטרים,2.00,ליטר,false,1,16.90,8.45,true,1,
7290108352474,false,"סנומוד מטהר אוויר ליידי קוקו סנו 150 מ""ל","סנו מפעלי ברונוס בע""\מ",IL,סנומוד ליידי קוק,מיליליטרים,150.00,"100 מ""ל",false,1,9.90,6.60,true,1,
7290108352481,false,"סנומוד מטהר אוויר נרסיסו סנו 150 מ""ל","סנו מפעלי ברונוס בע""\מ",IL,סנומוד נרסיסוס,מיליליטרים,150.00,"100 מ""ל",false,1,9.90,6.60,true,1,
7290108352825,false,ספוג הפלא נירוסטה סנו סושי 3יח',ltdn s.k.a.tסנו מפעלי בר,CN,ספוג הפלא נירוסט,יחידה,1.00,יחידה,false,1,9.90,9.90,true,1,
7290108353471,false,סנובון מוצק לאסלה DESIGN בניחוח ספא,סנו מפעלי ברונוס בעמ,IL,סבון אסלה דיזיין,גרמים,55.00,100 גרם,false,1,6.90,12.55,true,1,
7290108353747,false,"תחליב רחצה אירוודה, בניחוח טונקה 600 מ""ל קרימה","קוסמופארם בע""\מ",IL,קרמה תחליב רחצה,מיליליטרים,600.00,"100 מ""ל",false,1,16.50,2.75,true,1,
7290108353778,false,"נקה 7 - תחליב רחצה שוודיה בניחוח פיטנגו 750 מ""ל","אמיליה קוסמטיקס בע""מ",IL,תחליב רח.פינטגו,מיליליטרים,750.00,"100 מ""ל",false,1,9.90,1.32,true,1,
7290108353785,false,תחליב רחצה נקה 7 מרוקו בניחוח טונקה 750,"אמיליה קוסמטיקס בע""מ",IL,תחליב רחצה,מיליליטרים,750.00,"100 מ""ל",false,1,9.90,1.32,true,1,
7290108353792,false,"נקה 7 - תחליב רחצה יפן בניחוח פריחת הדובדבן 750 מ""ל","אמיליה קוסמטיקס בע""מ",IL,תחליב רחצה בניחו,מיליליטרים,750.00,"100 מ""ל",false,1,9.90,1.32,true,1,
7290108353808,false,"תחליב רחצה מדגסקר נקה 7 בניחוח אמבר 750 מ""ל","אמיליה קוסמטיקס בע""מ",IL,תחליב רחצה בניחו,מיליליטרים,750.00,"100 מ""ל",false,1,9.90,1.32,true,1,
7290108353990,false,"קרמה - קרם גוף קרמה מאסק 500 מ""ל",טרופיקל דגיל תעשיות,IL,קרם גוף מאסק,מיליליטרים,500.00,"100 מ""ל",false,1,17.90,3.58,true,1,
7290108354003,false,"תחליב רחצה קרמה ג'ינג'ר ולמון גראס 700 מ""ל",קוסמופארם בעמ,IL,תחליב רחצה קרמה,מיליליטרים,700.00,"100 מ""ל",false,1,14.90,2.13,true,1,
7290108354270,false,מרכך כביסה מרוכז בבישום עוצמתי 1 ל' סנו מקסימה,מיוצר עי קונדיטוריית,IL,מרכך מקסימה,ליטרים,1.00,ליטר,false,1,14.90,14.90,true,1,
7290108354973,false,"סבון ידיים קרמה ורד ווניל 300 מ""ל",טרופיקל דגיל תעשיות,IL,סבון ידיים קרמה,מיליליטרים,300.00,"100 מ""ל",false,1,8.90,2.97,true,1,
7290108355130,false,"בייבי כיף שמן גוף לפני שינה 500 מ""ל",קוסמופארם,IL,בייבי כיף שמן,מיליליטרים,500.00,"100 מ""ל",false,1,19.90,3.98,true,1,
7290108355147,false,"תחליב רחצה שמני הזנה נקה 7 750 מ""ל",טרופיקל דגיל תעשיות קוסמ,IL,תחליב רחצה נקה 7,מיליליטרים,750.00,"100 מ""ל",false,1,9.90,1.32,true,1,
7290108355161,false,"מרכך שיער שמני הזנה 750 מ""ל נקה 7","אמיליה קוסמטיקס בע""מ",IL,מרכך נקה 7,מיליליטרים,750.00,"100 מ""ל",false,1,6.90,0.92,true,1,
7290108355253,false,ג'ל רחצה לגבר אקסטרה פרש 800 גם נקה 7 men,"אמיליה קוסמטיקס בע""מ",IL,נקה -7ג'ל רחצה,מיליליטרים,750.00,"100 מ""ל",false,1,8.90,1.19,true,1,
7290108355260,false,"נקה 7-שמפו 3ב1 שמפו ג'ל רחצה וסבון פנים לגבר 750 מ""ל","אמיליה קוסמטיקס בע""מ",IL,נקה7 שמפו/לרחצה,מיליליטרים,750.00,"100 מ""ל",false,1,8.90,1.19,true,1,
7290108355277,false,"נקה 7 - שמפו ומרכך לגבר 2 ב-1 750 מ""ל","אמיליה קוסמטיקס בע""מ",IL,נקה 7 2ב1-,מיליליטרים,750.00,"100 מ""ל",false,1,8.90,1.19,true,1,
7290108355314,false,מרכך לסירוק קל בתוספת רוזמרין,גוד פוד פרודקטס S.p,IL,מרכך לסירוק קל,מיליליטרים,750.00,"100 מ""ל",false,1,12.90,1.72,true,1,
7290108356106,false,כיף תחליב רחצה חלב שקדים 700 מל,החברה הדרומית,IL,כיף תחליב רחצה,מיליליטרים,700.00,"100 מ""ל",false,1,9.90,1.41,true,1,
7290108356113,false,"כיף תחליב רחצה דבש 700 מ""ל-מרכז",קוסמופארם בעמ,IL,כיף תחליב רחצה,מיליליטרים,700.00,"100 מ""ל",false,1,9.90,1.41,true,1,
7290108356168,false,"כיף - תחליב רחצה אוקיינוס 700 מ""ל",גוד פוד פרודקטס S.p,IL,כיף תחליב רחצה,מיליליטרים,700.00,"100 מ""ל",false,1,9.90,1.41,true,1,
7290108356519,false,קרליין שמפו 10למניעת קשקשים 700מל,"קוסמופארם בע""\מ",IL,שמפו 10 קרליין,מיליליטרים,700.00,"100 מ""ל",false,1,10.90,1.56,true,1,
7290108356526,false,"קרליין - שמפו 10 לשיער יבש 700 מ""ל","קוסמופארם בע""\מ",IL,שמפו 10 קרליין,מיליליטרים,700.00,"100 מ""ל",false,1,10.90,1.56,true,1,
7290108356533,false,קרוליין 10 שמפו לשיער מתולתל 700 מל,"קוסמופארם בע""\מ",IL,שמפו 10 קרליין,מיליליטרים,700.00,"100 מ""ל",false,1,10.90,1.56,true,1,
7290108356557,false,"שמפו 10 לשיער למניעת קשקשים 700 מ""ל קרליין","קוסמופארם בע""\מ",IL,שמפו 10 קרליין,מיליליטרים,700.00,"100 מ""ל",false,1,10.90,1.56,true,1,
7290108356564,false,"קרליין - מרכך 10 לשיער רגיל 700 מ""ל","קוסמופארם בע""\מn\",IL,מרכך 10 קרליין,מיליליטרים,700.00,"100 מ""ל",false,1,10.90,1.56,true,1,
7290108357004,false,כיף שמפו ורד ושמן קוקוי לרכות וברק,טרופיקל דגיל תעשיות,IL,שמפו כיף,מיליליטרים,700.00,"100 מ""ל",false,1,11.50,1.64,true,1,
7290108357028,false,"תחליב רחצה כיף ורד ושמן קוקוי 700 מ""ל",קוסמופארם בעמ,IL,כיף תחליב רחצה,מיליליטרים,700.00,"100 מ""ל",false,1,9.90,1.41,true,1,
7290108357189,false,"מבשם ומרכך למייבש הכביסה מקסימה פלורל 750 מ""ל סנו","סנו מפעלי ברונוס בע""\מ",IL,מקסימה למייבש,מיליליטרים,750.00,"100 מ""ל",false,1,14.90,1.99,true,1,
7290108357196,false,"ג'ט פלוס לניקוי כללי בתוספת תמצית עץ התה 750 מ""ל סנו",מיוצר עי קונדיטוריית,IL,סנו ג'ט עץ התה,מיליליטרים,750.00,"100 מ""ל",false,1,9.90,1.32,true,1,
7290108357202,false,סנוקליר לניקוי בניחוח בלו בלוסום 1 ליטר,"סנו מפעלי ברונוס בע""\מ",IL,סנו קליר,ליטרים,1.00,ליטר,false,1,8.90,8.90,true,1,
7290108357240,false,"אוקסיג'ן פאוור תוסף להסרת כתמים קשים 1.4 ק""ג",החברה הדרומית,IL,אוקסיג'ן פאואר,קילוגרמים,1.40,"ק""ג",false,1,36.90,26.36,true,1,
7290108357394,false,"תחליב רחצה קרמה חלב ודבש 700 מ""ל",קוסמופארם בע'\'\מ,IL,תחליב רחצה קרמה,מיליליטרים,700.00,"100 מ""ל",false,1,14.90,2.13,true,1,
7290108357493,false,"תחליב רחצה קרמה וניל ופלפל ורוד 700 מ""ל",גוד פוד פרודקטס S.p,IL,תחליב רחצה קרמה,מיליליטרים,700.00,"100 מ""ל",false,1,14.90,2.13,true,1,
7290108357707,false,"כיף שמפו לשיער רגיל- תפוח זרעי צ'יה 700 מ""ל",גוד פוד פרודקטס S.p,IL,כיף שמפו,מיליליטרים,700.00,"100 מ""ל",false,1,11.50,1.64,true,1,
7290108357714,false,"כיף שמפו לשיער יבש -רימונים ושמן ארגן 700 מ""ל",גוד פוד פרודקטס S.p,IL,כיף שמפו,מיליליטרים,700.00,"100 מ""ל",false,1,11.50,1.64,true,1,
7290108357745,false,"כיף שמפו ומרכך 700 מ""ל 2ב-1 תאנה ומנטה",גוד פוד פרודקטס S.p,IL,כיף 2in1 שמפו,מיליליטרים,700.00,"100 מ""ל",false,1,11.50,1.64,true,1,
7290108357776,false,"כיף מרכך לשיער יבש -רימונים ושמן ארגן 700 מ""ל",גוד פוד פרודקטס S.p,IL,כיף מרכך שיער,מיליליטרים,700.00,"100 מ""ל",false,1,11.50,1.64,true,1,
7290108358087,false,"תחליב רחצה קרמה מאסק 700 מ""ל",גוד פוד פרודקטס S.p,IL,תחליב רחצה קרמה,מיליליטרים,700.00,"100 מ""ל",false,1,14.90,2.13,true,1,
7290108359824,false,"כיף - בייבי כיף קרם 500 מ""ל",קוסמופארם בעמ,IL,קרם גוף בייבי,מיליליטרים,500.00,"100 מ""ל",false,1,19.90,3.98,true,1,
7290108359831,false,"כיף - בייבי כיף שמן 500 מ""ל","מיוצר ומשווק ע""י קוס",IL,בייבי כיף שמן,מיליליטרים,500.00,"100 מ""ל",false,1,19.90,3.98,true,1,
7290108359985,false,סנו - ז'אוול מרסס קצף לניקוי וחינו בניחוח פריחה לבנה 1 ליטר,סנו ז'אוול Javel,IL,ג'אוול קצף ניקוי,ליטרים,1.00,ליטר,false,1,14.90,14.90,true,1,
7290108507911,false,קינואה עם טונה וירקות - מוכן לאכילה,גולדן פרייז קאנינג אל טי,TR,קינואה עם טונה,גרמים,160.00,100 גרם,false,1,13.90,8.69,true,1,
7290108507942,false,ירקות גינה+טונה 160 גרם בית יוסף,גולדן פרייז קאנינג אל טי,TR,ירקות גינה+טונה,גרמים,160.00,100 גרם,false,1,13.90,8.69,true,1,
7290108509212,false,ויליפוד חטיף אורז אפוי בטעם ירקות לתינוקות 50 גר',נמצ'או,TH,חטיף אורז אפוי \,גרמים,50.00,100 גרם,false,1,11.90,23.80,true,1,
7290108509229,false,חטיף אורז בטעם בננה לתינוקות ויליפוד 50 גרם,נמצ'או,TH,חטיף אורז אפוי \,גרמים,50.00,100 גרם,false,1,11.90,23.80,true,1,
7290108509908,false,"מנת השף בשקית-איטריות בטעם ירקות 85 ג' חתם סופר ב""ב",וילי פוד - מנת השף,TH,איטריות ט.ירקות,גרמים,85.00,100 גרם,false,1,3.90,4.59,true,1,
7290108509915,false,"מנת השף בשקית-איטריות בטעם סיני פיקנטי 85 ג' חתם סופר ב""ב",וילי פוד - מנת השף,TH,איטריות טעם סיני,גרמים,85.00,100 גרם,false,1,3.90,4.59,true,1,
7290108509922,false,מנתהשף אטריות להכנה מהירה טעם עוף ויליפוד 85 גרם,וילי פוד - מנת השף,TH,איטריות טעם עוף,גרמים,85.00,100 גרם,false,1,3.90,4.59,true,1,
7290108620023,false,יין קפיטל קברנה סובניון יבש אדום 750 מל,יקבי ציון,IL,יין קפיטל קברנה,מיליליטרים,750.00,"100 מ""ל",false,1,46.90,6.25,true,1,
=======
7290108350555,false,נוזל כלים סנו ספארק Spark היפואלרגני פריחת השקד,החברה הדרומית לשיווק בעמ,IL,ספארק לכלים,ליטרים,1.00,ליטר,false,1,9.90,9.90,true,1,
7290108350586,false,נוזל לניקוי כלים סנו ספארק Spark בניחוח לימון רענן,החברה הדרומית לשיווק בעמ,IL,ספארק נוזל לכלים,ליטרים,1.50,ליטר,false,1,11.90,7.93,true,1,
7290108350616,false,סנו - מקסימה מרכך כביסה מרוכז פריחה כחולה 1 ליטר,החברה הדרומית לשיווק בעמ,IL,מרכך מקסימה,ליטרים,1.00,ליטר,false,1,14.90,14.90,true,1,
7290108350623,false,מרכך כביסה סופר מרוכז סופט סילק מקסימה 1 ל' סנו,החברה הדרומית לשיווק בעמ,IL,מרכך מקסימה,ליטרים,1.00,ליטר,false,1,14.90,14.90,true,1,
7290108350739,false,משחת שיניים לילדים בטעם סוכריות ג'לי גילאי 2-6,טרופיקל דגיל תעשיות קוסמ,IL,משחה אורביטול,גרמים,70.00,100 גרם,false,1,6.90,9.86,true,1,
7290108351507,false,מרכך כביסה אינספרישיין סנו מקסימה 4 ליטר,החברה הדרומית לשיווק בעמ,IL,מרכך מקסימה,ליטרים,4.00,ליטר,false,1,21.50,5.38,true,1,
7290108351514,false,מרכך כביסה בלו בלוסום סנו מקסימה 4 ליטר,החברה הדרומית לשיווק בעמ,IL,מרכך מקסימה,ליטרים,4.00,ליטר,false,1,21.50,5.38,true,1,
7290108351538,false,סנופרש הום מבשם לבית בניחוח מרכך כביסה ב,סנו מפעלי ברונוס בעמn,IL,מבשם אוויר לבית,מיליליטרים,200.00,"100 מ""ל",false,1,9.90,4.95,true,1,
7290108351545,false,מטהר אוויר סנו פרש הום בניחוח מרכך,סנו מפעלי ברונוס בעמn,IL,מבשם אוויר סילק,מיליליטרים,200.00,"100 מ""ל",false,1,9.90,4.95,true,1,
7290108351552,false,"סנו - ג'ט לניקוי כללי בתוספת חומץ בניחוח לבנדר 750 מ""ל",החברה הדרומית לשיווק בעמ,IL,סנו ג'ט עם חומץ,מיליליטרים,750.00,"100 מ""ל",false,1,9.90,1.32,true,1,
7290108351576,false,סנו אוקסיג`ן להסרת כתמים אבקת כביסה 1.5,החברה הדרומית לשיווק בעמ,IL,אוקסיג'ן אבקה,קילוגרמים,1.50,"ק""ג",false,1,25.90,17.27,true,1,
7290108351590,false,"סנופרש הום בלו בלוסון בניחוח מרכך כביסה 350 מ""ל",החברה הדרומית לשיווק בעמ,IL,סנופרש בלוסם,מיליליטרים,350.00,"100 מ""ל",false,1,9.90,2.83,true,1,
7290108351606,false,מטהר אוויר בלו בלוסום סנו פרש הום 350 מל,החברה הדרומית לשיווק בעמ,IL,סנופרש הום,מיליליטרים,350.00,"100 מ""ל",false,1,9.90,2.83,true,1,
7290108351613,false,סנו ריצפז פרש הום 2 ליטר בניחוח מלון חלומי,החברה הדרומית לשיווק בעמ,IL,ריצפז פרש הום,ליטרים,2.00,ליטר,false,1,16.90,8.45,true,1,
7290108351729,false,נ.לניקוי אסלות סנו גרין פאוור אקולוגי750,החברה הדרומית לשיווק בעמ,IL,נוזל לניקוי אסלו,מיליליטרים,750.00,"100 מ""ל",false,1,12.90,1.72,true,1,
7290108351750,false,נ.לניקוי רצפות סנו גרין פאוור אקולוגי 2ל,סנו מפעלי ברונוס בעמ,IL,נוזל לניקוי רצפו,ליטרים,2.00,ליטר,false,1,19.90,9.95,true,1,
7290108351804,false,מרכך כביסה סופר מרוכז Gentl Breeze סנו מקסימה 1 ליטר,החברה הדרומית לשיווק בעמ,IL,מרכך מקסימה,ליטרים,1.00,ליטר,false,1,14.90,14.90,true,1,
7290108351811,false,מרכך כביסה סופר מרוכז Floral touch סנו מקסימה 1 ליטר,החברה הדרומית לשיווק בעמ,IL,מרכך מקסימה,ליטרים,1.00,ליטר,false,1,14.90,14.90,true,1,
7290108351941,false,סנובון סבון אסלה מוצק RINGS בניחוח יערות שלישיה,החברה הדרומית לשיווק בעמ,PL,סבון אסלה 3 יח,גרמים,120.00,100 גרם,false,1,12.90,10.75,true,1,
7290108351972,false,סנופרש הום מבשם לבית בניחוח מלון בוטיק,החברה הדרומית לשיווק בעמ,IL,מבשם אוויר לבית,מיליליטרים,200.00,"100 מ""ל",false,1,9.90,4.95,true,1,
7290108351989,false,סנופרש הום מבשם לבית בניחוח מלון מפנק,החברה הדרומית לשיווק בעמ,IL,מבשם אוויר לבית,מיליליטרים,200.00,"100 מ""ל",false,1,9.90,4.95,true,1,
7290108351996,false,"חיטוי בייבי 99.9% לחיטוי וניקוי בסביבת תינוקות 750 מ""ל",החברה הדרומית לשיווק בעמ,IL,מתז בייבי מחטא,מיליליטרים,750.00,"100 מ""ל",false,1,12.90,1.72,true,1,
7290108352207,false,מקסימה 40 קפסולות לכביסה בניחוח fresh burst,החברה הדרומית לשיווק בעמ,IL,מקסימה קפסולות,יחידה,1.00,יחידה,false,1,39.90,39.90,true,1,
7290108352221,false,סנופרש הום מבשם נוזלי בניחוח מלון מפנק,החברה הדרומית לשיווק בעמ,IL,סנו פרש הום,מיליליטרים,350.00,"100 מ""ל",false,1,9.90,2.83,true,1,
7290108352283,false,נוזל לחיטוי וניקוי רצפות- סדרת 99.9% סנו 2 ליטר,החברה הדרומית לשיווק בעמ,IL,נוזל לחיטוי רצפה,ליטרים,2.00,ליטר,false,1,16.90,8.45,true,1,
7290108352320,false,"מבשם אויר סנו פרש הום בניחוח כותנה מלטפת 350 מ""ל",החברה הדרומית לשיווק בעמ,IL,סנופרש הום,מיליליטרים,350.00,"100 מ""ל",false,1,9.90,2.83,true,1,
7290108352351,false,"סנו תרסיס לחיטוי משטחים 99.9% - 400 מ""ל",החברה הדרומית לשיווק בעמ,IL,תרסיס לחיטוי משט,מיליליטרים,400.00,"100 מ""ל",false,1,22.90,5.73,true,1,
7290108352450,false,ריצפז פרש הום בניחוח מרכך כביסה בלו בלוסום,החברה הדרומית לשיווק בעמ,IL,ריצפז פרש הום,ליטרים,2.00,ליטר,false,1,16.90,8.45,true,1,
7290108352474,false,"סנומוד מטהר אוויר ליידי קוקו סנו 150 מ""ל",החברה הדרומית לשיווק בעמ,IL,סנומוד ליידי קוק,מיליליטרים,150.00,"100 מ""ל",false,1,9.90,6.60,true,1,
7290108352481,false,מטהר אויר סנומוד נרסיסוס נטול גז 150,החברה הדרומית לשיווק בעמ,IL,סנומוד נרסיסוס,מיליליטרים,150.00,"100 מ""ל",false,1,9.90,6.60,true,1,
7290108352825,false,ספוג הפלא נירוסטה סנו סושי 3יח',החברה הדרומית לשיווק בעמ,CN,ספוג הפלא נירוסט,יחידה,1.00,יחידה,false,1,9.90,9.90,true,1,
7290108353471,false,סנובון מוצק לאסלה DESIGN בניחוח ספא,החברה הדרומית לשיווק בעמ,IL,סבון אסלה דיזיין,גרמים,55.00,100 גרם,false,1,6.90,12.55,true,1,
7290108353747,false,"תחליב רחצה אירוודה, בניחוח טונקה 600 מ""ל קרימה",החברה הדרומית לשיווק בעמ,IL,קרמה תחליב רחצה,מיליליטרים,600.00,"100 מ""ל",false,1,16.50,2.75,true,1,
7290108353778,false,"נקה 7 - תחליב רחצה שוודיה בניחוח פיטנגו 750 מ""ל",החברה הדרומית לשיווק בעמ,IL,תחליב רח.פינטגו,מיליליטרים,750.00,"100 מ""ל",false,1,9.90,1.32,true,1,
7290108353785,false,תחליב רחצה נקה 7 מרוקו בניחוח טונקה 750,החברה הדרומית לשיווק בעמ,IL,תחליב רחצה,מיליליטרים,750.00,"100 מ""ל",false,1,9.90,1.32,true,1,
7290108353792,false,"נקה 7 - תחליב רחצה יפן בניחוח פריחת הדובדבן 750 מ""ל",החברה הדרומית לשיווק בעמ,IL,תחליב רחצה בניחו,מיליליטרים,750.00,"100 מ""ל",false,1,9.90,1.32,true,1,
7290108353808,false,"תחליב רחצה מדגסקר נקה 7 בניחוח אמבר 750 מ""ל",החברה הדרומית לשיווק בעמ,IL,תחליב רחצה בניחו,מיליליטרים,750.00,"100 מ""ל",false,1,9.90,1.32,true,1,
7290108353990,false,"קרמה - קרם גוף קרמה מאסק 500 מ""ל",החברה הדרומית לשיווק בעמ,IL,קרם גוף מאסק,מיליליטרים,500.00,"100 מ""ל",false,1,17.90,3.58,true,1,
7290108354003,false,"תחליב רחצה קרמה ג'ינג'ר ולמון גראס 700 מ""ל",קוסמופארם בעמ,IL,תחליב רחצה קרמה,מיליליטרים,700.00,"100 מ""ל",false,1,14.90,2.13,true,1,
7290108354270,false,מרכך כביסה מרוכז בבישום עוצמתי 1 ל' סנו מקסימה,החברה הדרומית לשיווק בעמ,IL,מרכך מקסימה,ליטרים,1.00,ליטר,false,1,14.90,14.90,true,1,
7290108354973,false,"סבון ידיים קרמה ורד ווניל 300 מ""ל",החברה הדרומית לשיווק בעמ,IL,סבון ידיים קרמה,מיליליטרים,300.00,"100 מ""ל",false,1,8.90,2.97,true,1,
7290108355130,false,בייבי כיף שמן גוף לפני השינה 500 מל,החברה הדרומית לשיווק בעמ,IL,בייבי כיף שמן,מיליליטרים,500.00,"100 מ""ל",false,1,19.90,3.98,true,1,
7290108355147,false,תחליב רחצה שמנהי הזנה נקה (7507 מל),טרופיקל דגיל תעשיות קוסמ,IL,תחליב רחצה נקה 7,מיליליטרים,750.00,"100 מ""ל",false,1,9.90,1.32,true,1,
7290108355161,false,"מרכך שיער שמני הזנה 750 מ""ל נקה 7",החברה הדרומית לשיווק בעמ,IL,מרכך נקה 7,מיליליטרים,750.00,"100 מ""ל",false,1,6.90,0.92,true,1,
7290108355253,false,ג'ל רחצה לגבר אקסטרה פרש 800 גם נקה 7 men,"אמיליה קוסמטיקס בע""מ",IL,נקה -7ג'ל רחצה,מיליליטרים,750.00,"100 מ""ל",false,1,8.90,1.19,true,1,
7290108355260,false,"נקה 7-שמפו 3ב1 שמפו ג'ל רחצה וסבון פנים לגבר 750 מ""ל",החברה הדרומית לשיווק בעמ,IL,נקה7 שמפו/לרחצה,מיליליטרים,750.00,"100 מ""ל",false,1,8.90,1.19,true,1,
7290108355277,false,"נקה 7 - שמפו ומרכך לגבר 2 ב-1 750 מ""ל",החברה הדרומית לשיווק בעמ,IL,נקה 7 2ב1-,מיליליטרים,750.00,"100 מ""ל",false,1,8.90,1.19,true,1,
7290108355314,false,מרכך לסירוק קל בתוספת רוזמרין,החברה הדרומית לשיווק בעמ,IL,מרכך לסירוק קל,מיליליטרים,750.00,"100 מ""ל",false,1,12.90,1.72,true,1,
7290108356106,false,כיף תחליב רחצה חלב שקדים 700 מל,החברה הדרומית לשיווק בעמ,IL,כיף תחליב רחצה,מיליליטרים,700.00,"100 מ""ל",false,1,9.90,1.41,true,1,
7290108356113,false,תחליב רחצה כיף ניחוח דבש 700 מל,החברה הדרומית לשיווק בעמ,IL,כיף תחליב רחצה,מיליליטרים,700.00,"100 מ""ל",false,1,9.90,1.41,true,1,
7290108356168,false,תחליב רחצה כיף ניחוח אוקיינס700 מל,החברה הדרומית לשיווק בעמ,IL,כיף תחליב רחצה,מיליליטרים,700.00,"100 מ""ל",false,1,9.90,1.41,true,1,
7290108356519,false,קרליין שמפו 10למניעת קשקשים 700מל,החברה הדרומית לשיווק בעמ,IL,שמפו 10 קרליין,מיליליטרים,700.00,"100 מ""ל",false,1,10.90,1.56,true,1,
7290108356526,false,"קרליין - שמפו 10 לשיער יבש 700 מ""ל",החברה הדרומית לשיווק בעמ,IL,שמפו 10 קרליין,מיליליטרים,700.00,"100 מ""ל",false,1,10.90,1.56,true,1,
7290108356533,false,קרוליין 10 שמפו לשיער מתולתל 700 מל,החברה הדרומית לשיווק בעמ,IL,שמפו 10 קרליין,מיליליטרים,700.00,"100 מ""ל",false,1,10.90,1.56,true,1,
7290108356557,false,"שמפו 10 לשיער למניעת קשקשים 700 מ""ל קרליין",החברה הדרומית לשיווק בעמ,IL,שמפו 10 קרליין,מיליליטרים,700.00,"100 מ""ל",false,1,10.90,1.56,true,1,
7290108356564,false,"קרליין - מרכך 10 לשיער רגיל 700 מ""ל",החברה הדרומית לשיווק בעמ,IL,מרכך 10 קרליין,מיליליטרים,700.00,"100 מ""ל",false,1,10.90,1.56,true,1,
7290108357004,false,כיף שמפו ורד ושמן קוקוי לרכות וברק,החברה הדרומית לשיווק בעמ,IL,שמפו כיף,מיליליטרים,700.00,"100 מ""ל",false,1,11.50,1.64,true,1,
7290108357028,false,"תחליב רחצה כיף ורד ושמן קוקוי 700 מ""ל",החברה הדרומית לשיווק בעמ,IL,כיף תחליב רחצה,מיליליטרים,700.00,"100 מ""ל",false,1,9.90,1.41,true,1,
7290108357189,false,"מבשם ומרכך למייבש הכביסה מקסימה פלורל 750 מ""ל סנו",החברה הדרומית לשיווק בעמ,IL,מקסימה למייבש,מיליליטרים,750.00,"100 מ""ל",false,1,14.90,1.99,true,1,
7290108357196,false,"ג'ט פלוס לניקוי כללי בתוספת תמצית עץ התה 750 מ""ל סנו",החברה הדרומית לשיווק בעמ,IL,סנו ג'ט עץ התה,מיליליטרים,750.00,"100 מ""ל",false,1,9.90,1.32,true,1,
7290108357202,false,סנוקליר לניקוי בניחוח בלו בלוסום 1 ליטר,החברה הדרומית לשיווק בעמ,IL,סנו קליר,ליטרים,1.00,ליטר,false,1,8.90,8.90,true,1,
7290108357240,false,"אוקסיג'ן פאוור תוסף להסרת כתמים קשים 1.4 ק""ג",החברה הדרומית לשיווק בעמ,IL,אוקסיג'ן פאואר,קילוגרמים,1.40,"ק""ג",false,1,36.90,26.36,true,1,
7290108357394,false,"תחליב רחצה וניל ופלפל ורוד קרמה 700מ""ל",החברה הדרומית לשיווק בעמ,IL,תחליב רחצה קרמה,מיליליטרים,700.00,"100 מ""ל",false,1,14.90,2.13,true,1,
7290108357493,false,"תחליב רחצה קרמה וניל ופלפל ורוד 700 מ""ל",החברה הדרומית לשיווק בעמ,IL,תחליב רחצה קרמה,מיליליטרים,700.00,"100 מ""ל",false,1,14.90,2.13,true,1,
7290108357707,false,"כיף שמפו לשיער רגיל- תפוח זרעי צ'יה 700 מ""ל",החברה הדרומית לשיווק בעמ,IL,כיף שמפו,מיליליטרים,700.00,"100 מ""ל",false,1,11.50,1.64,true,1,
7290108357714,false,"כיף שמפו לשיער יבש -רימונים ושמן ארגן 700 מ""ל",החברה הדרומית לשיווק בעמ,IL,כיף שמפו,מיליליטרים,700.00,"100 מ""ל",false,1,11.50,1.64,true,1,
7290108357745,false,"כיף שמפו ומרכך 700 מ""ל 2ב-1 תאנה ומנטה",החברה הדרומית לשיווק בעמ,IL,כיף 2in1 שמפו,מיליליטרים,700.00,"100 מ""ל",false,1,11.50,1.64,true,1,
7290108357776,false,"כיף מרכך לשיער יבש -רימונים ושמן ארגן 700 מ""ל",החברה הדרומית לשיווק בעמ,IL,כיף מרכך שיער,מיליליטרים,700.00,"100 מ""ל",false,1,11.50,1.64,true,1,
7290108358087,false,"תחליב רחצה קרמה מאסק 700 מ""ל",החברה הדרומית לשיווק בעמ,IL,תחליב רחצה קרמה,מיליליטרים,700.00,"100 מ""ל",false,1,14.90,2.13,true,1,
7290108359824,false,"כיף - בייבי כיף קרם 500 מ""ל",החברה הדרומית לשיווק בעמ,IL,קרם גוף בייבי,מיליליטרים,500.00,"100 מ""ל",false,1,19.90,3.98,true,1,
7290108359831,false,בייבי שמן לתינוק לעור עדין כיף (500 מל),החברה הדרומית לשיווק בעמ,IL,בייבי כיף שמן,מיליליטרים,500.00,"100 מ""ל",false,1,19.90,3.98,true,1,
7290108359985,false,סנו - ז'אוול מרסס קצף לניקוי וחינו בניחוח פריחה לבנה 1 ליטר,החברה הדרומית לשיווק בעמ,IL,ג'אוול קצף ניקוי,ליטרים,1.00,ליטר,false,1,14.90,14.90,true,1,
7290108507911,false,קינואה עם טונה וירקות 160 גר ויליפוד,ג. וילי-פוד אינטרנשיונל בע`מ,TR,קינואה עם טונה,גרמים,160.00,100 גרם,false,1,13.90,8.69,true,1,
7290108507942,false,ירקות גינה+טונה 160 גרם בית יוסף,ג.וילי-פוד אינטרנשיונל בעמ,TR,ירקות גינה+טונה,גרמים,160.00,100 גרם,false,1,13.90,8.69,true,1,
7290108509212,false,ויליפוד חטיף אורז אפוי בטעם ירקות לתינוקות 50 גר',ג. וילי-פוד אינטרנשיונל בע`מ,TH,חטיף אורז אפוי \,גרמים,50.00,100 גרם,false,1,11.90,23.80,true,1,
7290108509229,false,חטיף אורז בטעם בננה לתינוקות ויליפוד 50 גרם,ג. וילי-פוד אינטרנשיונל בע`מ,TH,חטיף אורז אפוי \,גרמים,50.00,100 גרם,false,1,11.90,23.80,true,1,
7290108509908,false,"מנת השף בשקית-איטריות בטעם ירקות 85 ג' חתם סופר ב""ב",ג. וילי-פוד אינטרנשיונל בע`מ,TH,איטריות ט.ירקות,גרמים,85.00,100 גרם,false,1,3.90,4.59,true,1,
7290108509915,false,"מנת השף בשקית-איטריות בטעם סיני פיקנטי 85 ג' חתם סופר ב""ב",ג. וילי-פוד אינטרנשיונל בע`מ,TH,איטריות טעם סיני,גרמים,85.00,100 גרם,false,1,3.90,4.59,true,1,
7290108509922,false,מנתהשף אטריות להכנה מהירה טעם עוף ויליפוד 85 גרם,ג. וילי-פוד אינטרנשיונל בע`מ,TH,איטריות טעם עוף,גרמים,85.00,100 גרם,false,1,3.90,4.59,true,1,
7290108620023,false,יין קפיטל קברנה סובניון יבש אדום 750 מל,יקבי ציון (1982) בעמ,IL,יין קפיטל קברנה,מיליליטרים,750.00,"100 מ""ל",false,1,46.90,6.25,true,1,
>>>>>>> d048ac2f4f281c9d788043ab4e81b61b0dbe3743
7290108620030,false,יין קפיטל מרלו יבש אדום 750 מל,יקבי ציון,,יין קפיטל מרלו,יחידה,1.00,יחידה,false,0,46.60,46.60,true,1,
7290108620054,false,יין אסטייט קברנה סובניון יבש אדום 750 מל,יקבי ציון (1982) בעמ,IL,יין אסטייט קברנה,מיליליטרים,750.00,"100 מ""ל",false,1,32.90,4.39,true,1,
7290108620061,false,יין אסטייט שיראז יבש אדום 750 מל,יקבי ציון (1982) בעמ,IL,יין אסטייט שיראז,מיליליטרים,750.00,"100 מ""ל",false,1,32.90,4.39,true,1,
7290108620085,false,"יין אסטייט שרדונה 750 מ""ל",יקבי ציון,IL,יין אסטייט שרדונ,מיליליטרים,750.00,"100 מ""ל",false,1,32.90,4.39,true,1,
7290108620108,false,יין אימפריאל קברנה סובניון אדום 750 מל,יקבי ציון (1982) בעמ,IL,יין אימפריאל קבר,מיליליטרים,750.00,"100 מ""ל",false,1,24.90,3.32,true,1,
7290108620115,false,יין אימפריאל מרלו אדום יבש 750 מל,יקבי ציון (1982) בעמ,IL,יין אימפריאל מרל,מיליליטרים,750.00,"100 מ""ל",false,1,24.90,3.32,true,1,
7290108620122,false,יין אימפריאל קברנה מרלו אדום יבש 750 מל,יקבי ציון (1982) בעמ,IL,יין אימפריאל קבר,מיליליטרים,750.00,"100 מ""ל",false,1,24.90,3.32,true,1,
7290108620160,false,יין אימפריאל סובניון בלאן לבן יבש 750 מל,יקבי ציון (1982) בעמ,IL,יין אימפריאל סוב,מיליליטרים,750.00,"100 מ""ל",false,1,24.90,3.32,true,1,
7290108620177,false,"יין פאלאס בלנד אדום 750 מ""ל",יקבי ציון (1982) בעמ,IL,יין פאלאס בלנד א,מיליליטרים,750.00,"100 מ""ל",false,1,19.90,2.65,true,1,
7290108620207,false,"יין ריזלינג גוורצטרמינר אימפריאל 750 מ""ל",יקבי ציון,IL,יין אימפריאל ריז,מיליליטרים,750.00,"100 מ""ל",false,1,24.90,3.32,true,1,
7290108620214,false,"יין פאלאס בלנד לבן 750 מ""ל",יקבי ציון (1982) בעמ,IL,יין פאלאס בלנד ל,מיליליטרים,750.00,"100 מ""ל",false,1,19.90,2.65,true,1,
7290108620245,false,מיץ ענבים מובחר לבן 100% טבעי 1 ליטר,יקבי ציון,IL,תירוש לבן מובחר,ליטרים,1.00,ליטר,false,1,14.90,14.90,true,1,
7290108620306,false,"יין אימפריאל קברנה סובניון 375 מ""ל",יקבי ציון (1982) בעמ,IL,קברנה סוביניון,מיליליטרים,375.00,"100 מ""ל",false,1,16.90,4.51,true,1,
7290108620313,false,"יקב ציון רוזה אימפריאל,",יקב ציון,IL,אימפריאל רוזה 37,מיליליטרים,375.00,"100 מ""ל",false,1,16.90,4.51,true,1,
7290108620320,false,"יין אימפריאל סובניון בלאן 375 מ""ל",יקב ציון,IL,סוביניון בלאן,מיליליטרים,375.00,"100 מ""ל",false,1,16.90,4.51,true,1,
7290108620351,false,"יין גן עדן מוסקט המבורג יקבי ציון 750 מ""ל",יקבי ציון,IL,יין גן עדן מוסקט,מיליליטרים,750.00,"100 מ""ל",false,1,19.90,2.65,true,1,
7290108620368,false,"יין גן עדן מוסקט אלכסנדרוני יקבי ציון 750 מ""ל",יקבי ציון,IL,יין גן עדן מוסקט,מיליליטרים,750.00,"100 מ""ל",false,1,19.90,2.65,true,1,
7290108620924,false,"דיפלומט קפה 700 מ""ל",יקבי ציון,IL,דיפלומט קפה,מיליליטרים,700.00,"100 מ""ל",false,1,79.90,11.41,true,1,
7290108620931,false,"דיפלומט אוכמניות 700 מ""ל",יקבי ציון,IL,דיפלומט אוכמניות,מיליליטרים,700.00,"100 מ""ל",false,1,79.90,11.41,true,1,
7290108620948,false,ברנדי דיפלומט שוקולד,יקבי ציון,IL,דיפלומט שוקולד,מיליליטרים,700.00,"100 מ""ל",false,1,79.90,11.41,true,1,
<<<<<<< HEAD
7290109351025,false,מלך החומוס חומוסטחינה 40% טחינה גולמית,סלטי צבר,IL,חומוסטחינה צבר,גרמים,400.00,100 גרם,false,1,9.90,2.48,true,1,
7290109352916,false,פריכיות דגנים פיטנס מצופות שוקולד לבן,פרח תעשיות,IL,פיטנס בר פריכיות,גרמים,84.00,100 גרם,false,1,11.90,14.17,true,1,
7290109353494,false,פסטה פרפקטו פארפאלה 500ג' אסם,אסם פרפקטו Perfecto,IT,פארפאלה פרפקטו,גרמים,500.00,100 גרם,false,1,6.90,1.38,true,1,
7290109354057,false,קרחון לה פרוטה שרבט אננס תפוז מאגדת 5 יח',תות תעשיות מזון (201,IL,מאגדת לה פרוטה,גרמים,350.00,100 גרם,false,1,15.90,4.54,true,1,
7290109354972,false,אוסם - פתי בר וניל חלבי ללא גלוטן 200 גרם,מיוצר עי קונדיטוריית,IL,פתי בר ללא גלוטן,גרמים,200.00,100 גרם,false,1,6.90,3.45,true,1,
7290109358482,false,עוגיות קרמוגית במילוי קרם בטעם חלבה,"הגביע מוצרי וופלים בע""\מ",IL,קרמוגית חלבה,גרמים,200.00,100 גרם,false,1,8.90,4.45,true,1,
7290109358765,false,דגני בוקר קראנץ' רולס נוגט 450 גרם,"אסם השקעות בע""\מ",IL,קראנץ' רולס,גרמים,450.00,100 גרם,false,1,19.90,4.42,true,1,
7290109580043,false,"שניצל תירס קלאסי זוגלובק 1.75 ק""ג",זוגלובק,IL,שניצל תירס 1.75ק,קילוגרמים,1.75,"ק""ג",false,1,46.90,26.80,true,1,
7290109580142,false,"נקניקיות מן הצומח זוגלובק 1.75 ק""ג בד""ץ",קריות זול,IL,נקניקיות מן הצומ,קילוגרמים,1.75,"ק""ג",false,1,46.90,26.80,true,1,
7290109580241,false,נאגטס מן הצומח זוגלובק 500 גרם,זוגלובק טבע,IL,נאגטס מן הצומח,קילוגרמים,0.50,"ק""ג",false,1,19.90,39.80,true,1,
7290109580258,false,מארז ח.עוף והודו+סלמי תה 600 גרם קהילות,זוגלובק,IL,נקניק תה+חזהעוף,קילוגרמים,0.60,"ק""ג",false,1,25.90,43.17,true,1,
7290109580302,false,מארז זוג תה מעושן 350+חזה עוף 350 זוגלובק,זוגלובק,IL,זוג תה מעושן+חזה,גרמים,700.00,100 גרם,false,1,25.90,3.70,true,1,
7290109580326,false,נקניקיות עוף זוגלובק 800 גרם בית יוסף,זוגלובק,IL,נקניקיות עוף,גרמים,800.00,100 גרם,false,1,18.90,2.36,true,1,
7290109580357,false,מארז זוג חרמון 300 +חרמון ברביקיו 300 גרם זוגלובק,זוגלובק,IL,זוג חרמון,גרמים,600.00,100 גרם,false,1,25.90,4.32,true,1,
7290109640020,false,גוש טבעוני בטעם מוצרלה 300 גרם,וי גרדן,IL,גוש טבעוני,גרמים,300.00,100 גרם,false,1,19.90,6.63,true,1,
7290109640198,false,מגורדת לפיצה ולאפיה 20% שומן 200 גרם - משומשו,וי גרדן,IL,מגורדת לפיצה,גרמים,200.00,100 גרם,false,1,19.90,9.95,true,1,
7290109640396,false,ממרח שום שמיר על בסיס קוקוס 9% שומן 200 גרם - משומשו,גן שמואל-תעשיות בריאות,IL,"ממרח ע""ב קוקוס",גרמים,200.00,100 גרם,false,1,14.90,7.45,true,1,
7290109640402,false,ממרח בטעם טבעי על בסיס רכיבי קוקוס 9%,גן שמואל-תעשיות בריאות,IL,"ממרח ע""ב קוקוס",גרמים,200.00,100 גרם,false,1,14.90,7.45,true,1,
7290109640464,false,משומשו פתיתים טבעוניים סגנון פרמז'ן 200 גר,גן שמואל-תעשיות בריאות,IL,פתיתים טבעוניים,גרמים,150.00,100 גרם,false,1,19.90,13.27,true,1,
7290109640631,false,לאבנה טבעוני קוקוס200ג,"טרופיקל דגיל בע""מ אז",IL,לאבנה טבעוני,גרמים,200.00,100 גרם,false,1,14.90,7.45,true,1,
7290109640648,false,ממרח בטעם חמאה 150 גרם - משומשו,גן שמואל-תעשיות בריאות,IL,ממרח בטעם חמאה,גרמים,150.00,100 גרם,false,1,10.90,7.27,true,1,
=======
7290109351025,false,מלך החומוס חומוסטחינה 40% טחינה גולמית,קבוצת אוסם סחר שותפות מוגבלת,IL,חומוסטחינה צבר,גרמים,400.00,100 גרם,false,1,9.90,2.48,true,1,
7290109352916,false,פריכיות דגנים פיטנס מצופות שוקולד לבן,קבוצת אוסם סחר שותפות מוגבלת,IL,פיטנס בר פריכיות,גרמים,84.00,100 גרם,false,1,11.90,14.17,true,1,
7290109353494,false,פסטה פרפקטו פארפאלה 500ג' אסם,קבוצת אוסם סחר-שות.מוגבלת,IT,פארפאלה פרפקטו,גרמים,500.00,100 גרם,false,1,6.90,1.38,true,1,
7290109354057,false,קרחון לה פרוטה שרבט אננס תפוז מאגדת 5 יח',נגה גלידות שותפות מוגבלת,IL,מאגדת לה פרוטה,גרמים,350.00,100 גרם,false,1,15.90,4.54,true,1,
7290109354972,false,אוסם - פתי בר וניל חלבי ללא גלוטן 200 גרם,קבוצת אוסם סחר שותפות מוגבלת,IL,פתי בר ללא גלוטן,גרמים,200.00,100 גרם,false,1,6.90,3.45,true,1,
7290109358482,false,עוגיות קרמוגית במילוי קרם בטעם חלבה,קבוצת אוסם סחר שותפות מוגבלת,IL,קרמוגית חלבה,גרמים,200.00,100 גרם,false,1,8.90,4.45,true,1,
7290109358765,false,דגני בוקר קראנץ' רולס נוגט 450 גרם,קבוצת אוסם סחר-שות.מוגבלת,IL,קראנץ' רולס,גרמים,450.00,100 גרם,false,1,19.90,4.42,true,1,
7290109580043,false,"שניצל תירס קלאסי זוגלובק 1.75 ק""ג",נקניק זוגלובק נהריה,IL,שניצל תירס 1.75ק,קילוגרמים,1.75,"ק""ג",false,1,46.90,26.80,true,1,
7290109580142,false,"נקניקיות מן הצומח זוגלובק 1.75 ק""ג בד""ץ",זוגלובק שיווק בעמ,IL,נקניקיות מן הצומ,קילוגרמים,1.75,"ק""ג",false,1,46.90,26.80,true,1,
7290109580241,false,נאגטס מן הצומח זוגלובק 500 גרם,נקניק זוגלובק נהריה,IL,נאגטס מן הצומח,קילוגרמים,0.50,"ק""ג",false,1,19.90,39.80,true,1,
7290109580258,false,מארז ח.עוף והודו+סלמי תה 600 גרם קהילות,זוגלובק שיווק בעמ,IL,נקניק תה+חזהעוף,קילוגרמים,0.60,"ק""ג",false,1,25.90,43.17,true,1,
7290109580302,false,מארז זוג תה מעושן 350+חזה עוף 350 זוגלובק,זוגלובק שיווק בעמ,IL,זוג תה מעושן+חזה,גרמים,700.00,100 גרם,false,1,25.90,3.70,true,1,
7290109580326,false,נקניקיות עוף זוגלובק 800 גרם בית יוסף,זוגלובק שיווק בעמ,IL,נקניקיות עוף,גרמים,800.00,100 גרם,false,1,18.90,2.36,true,1,
7290109580357,false,מארז זוג חרמון 300 +חרמון ברביקיו 300 גרם זוגלובק,זוגלובק שיווק בעמ,IL,זוג חרמון,גרמים,600.00,100 גרם,false,1,25.90,4.32,true,1,
7290109640020,false,גוש טבעוני בטעם מוצרלה 300 גרם,וי גרדן,IL,גוש טבעוני,גרמים,300.00,100 גרם,false,1,19.90,6.63,true,1,
7290109640198,false,מגורדת לפיצה ולאפיה 20% שומן 200 גרם - משומשו,קפוא זן תעשיות מזון בעמ,IL,מגורדת לפיצה,גרמים,200.00,100 גרם,false,1,19.90,9.95,true,1,
7290109640396,false,ממרח שום שמיר על בסיס קוקוס 9% שומן 200 גרם - משומשו,קפוא זן תעשיות מזון בעמ,IL,"ממרח ע""ב קוקוס",גרמים,200.00,100 גרם,false,1,14.90,7.45,true,1,
7290109640402,false,ממרח בטעם טבעי על בסיס רכיבי קוקוס 9%,קפוא זן תעשיות מזון בעמ,IL,"ממרח ע""ב קוקוס",גרמים,200.00,100 גרם,false,1,14.90,7.45,true,1,
7290109640464,false,משומשו פתיתים טבעוניים סגנון פרמז'ן 200 גר,קפוא זן תעשיות מזון בעמ,IL,פתיתים טבעוניים,גרמים,150.00,100 גרם,false,1,19.90,13.27,true,1,
7290109640631,false,משומשו לאבנה טבעונית 9% שומן 200 גר,קפוא זן תעשיות מזון בעמ,IL,לאבנה טבעוני,גרמים,200.00,100 גרם,false,1,14.90,7.45,true,1,
7290109640648,false,ממרח בטעם חמאה 150 גרם - משומשו,קפוא זן תעשיות מזון בעמ,IL,ממרח בטעם חמאה,גרמים,150.00,100 גרם,false,1,10.90,7.27,true,1,
>>>>>>> d048ac2f4f281c9d788043ab4e81b61b0dbe3743
7290110000073,false,קרם פרלין קקאו 375גרם,בטר אנד דיפרנט,IL,קרם פרלין קקאו,גרמים,375.00,100 גרם,false,1,26.90,7.17,true,1,
7290110000097,false,קרם נוגט 375 גרם,בטר אנד דיפרנט,IL,קרם נוגט375גרם,גרמים,375.00,100 גרם,false,1,26.90,7.17,true,1,
7290110000165,false,שמן קוקוס 900 גרם,בטר אנד דיפרנט,IL,שמן קוקוס,גרמים,900.00,100 גרם,false,1,38.90,4.32,true,1,
7290110000288,false,"מיצוי מימי של שזיפים מיובשים 946 מ""ל",היל ויו פאקינג קומפני,XX,"מיץ שזיפים946מ""ל",מיליליטרים,946.00,"100 מ""ל",false,1,22.90,2.42,true,1,
7290110000295,false,סיבילין סיבים תזונתי250ג,בטר אנד דיפרנט,IL,סיבילין סיבים,גרמים,250.00,100 גרם,false,1,22.90,9.16,true,1,
7290110000424,false,"שיבולת שועל 1 ק""ג",בטר אנד דיפרנט,IL,שיבולת שועל,קילוגרמים,0.00,"ק""ג",false,1,6.90,6.90,true,1,
7290110000448,false,סילאן לחיץ טבעי B&D 100%,בטר אנד דיפרנט בעמ,IL,סילאן טבעי B&D,גרמים,385.00,100 גרם,false,1,9.90,2.57,true,1,
7290110000493,false,חמאת בוטנים טבעית קרנצ`י 350 גרם),"בטר אנד דיפרנט בע""מ",IL,חמאת בוטנים,גרמים,350.00,100 גרם,false,1,13.90,3.97,true,1,
7290110000912,false,שקדים מולבנים טחונים 400,בטר אנד דיפרנט,IL,שקדים מולבנים טח,גרמים,400.00,100 גרם,false,1,29.90,7.48,true,1,
7290110000950,false,ממתיק צמחי בצנצנת 800 גר,בטר אנד דיפרנט,IL,ממתיק צמחי בצנצנ,גרמים,800.00,100 גרם,false,1,39.90,4.99,true,1,
7290110000967,false,מתוקקל ממתיק נוזלי לחיץ,בטר אנד דיפרנט,IL,מתוקקל ממתיק,גרמים,390.00,100 גרם,false,1,14.90,3.82,true,1,
7290110001032,false,"ממרח בוטנים מתוק 1 ק""ג",בטר אנד דיפרנט,IL,ממרח בוטנים,קילוגרמים,1.00,"ק""ג",false,1,28.90,28.90,true,1,
7290110001254,false,זרעי צ'יה 250 גרם,,IL,זרעי צ'יה,גרמים,250.00,100 גרם,false,1,9.90,3.96,true,1,
7290110001261,false,זרעי פשתן 200 גרם,,IL,זרעי פשתן,גרמים,200.00,100 גרם,false,1,5.90,2.95,true,1,
7290110001438,false,איטריות דקיקות מקמח כוסמין מלא 200 גרם,גיי אפ פי ייצור מזון,IL,אטריות דקיקות,גרמים,200.00,100 גרם,false,1,8.90,4.45,true,1,
7290110001445,false,איטריות דקות מקמח כוסמין מלא 200 גרם,גיי אפ פי ייצור מזון,IL,אטריות דקות200ג,גרמים,200.00,100 גרם,false,1,8.90,4.45,true,1,
7290110001452,false,איטריות רחבות מקמח כוסמין מלא 200 גרם,גיי אפ פי ייצור מזון,IL,אטריות רחבות כוס,גרמים,200.00,100 גרם,false,1,8.90,4.45,true,1,
7290110001612,false,"ממתיק צמחי בשקית 1 ק""ג",בטר אנד דיפרנט,IL,ממתיק צמחי בשקית,גרמים,1000.00,100 גרם,false,1,39.90,3.99,true,1,
7290110001636,false,קמח אורז מלא 700 גרם,,IL,קמח אורז מלא,גרמים,700.00,100 גרם,false,1,12.50,1.79,true,1,
7290110001643,false,קמח חומוס 700 גרם,,IL,קמח חומוס,גרמים,600.00,100 גרם,false,1,12.50,2.08,true,1,
7290110001667,false,קמח עדשים אדומות 700 גרם,,IL,קמח עדשים אדומות,גרמים,700.00,100 גרם,false,1,12.50,1.79,true,1,
7290110001674,false,עמילן טפיוקה,,,עמילן טפיוקה,יחידה,1.00,יחידה,false,0,9.90,9.90,true,1,
7290110001711,false,מתוקקל ממתיק נוזלי 900 ג,בטר אנד דיפרנט,IL,מתוקקל ממתיק900ג,גרמים,900.00,100 גרם,false,1,29.90,3.32,true,1,
7290110001797,false,חלבון חיטה מרוכז 500 גר,בטר אנד דיפרנט,IL,חלבון חיטה מרוכז,גרמים,500.00,100 גרם,false,1,20.90,4.18,true,1,
7290110001803,false,חלבון אפונה מרוכז 500 גר,בטר אנד דיפרנט,IL,חלבון אפונה,גרמים,500.00,100 גרם,false,1,40.90,8.18,true,1,
7290110001810,false,חלבון סויה מרוכז 500 גר,בטר אנד דיפרנט,IL,חלבון סויה מרוכז,גרמים,500.00,100 גרם,false,1,20.90,4.18,true,1,
7290110001827,false,ממר בוטנים עם קקאו ללא תוספת סוכר 350ג,בטר אנד דיפרנט בעמ,IL,ממרח בוטנים,גרמים,350.00,100 גרם,false,1,13.90,3.97,true,1,
7290110001834,false,"ממרח בוטנים עם קקאו, 350 גרם",בטר אנד דיפרנט,IL,ממרח בוטנים,גרמים,350.00,100 גרם,false,1,13.90,3.97,true,1,
7290110001858,false,"חומץ תפוחים עם חומץ 6% חומציות 250 מ""ל",בטר אנד דיפרנט,IL,חומץ תפוחים250מל,מיליליטרים,250.00,"100 מ""ל",false,1,8.80,3.52,true,1,
7290110001865,false,חומץ תפוחים 6% חומציות 2,בטר אנד דיפרנט,IL,חומץ תפוחים,מיליליטרים,250.00,"100 מ""ל",false,1,7.80,3.12,true,1,
<<<<<<< HEAD
7290110002039,false,חיטה תפוחה+קקאו 400 גרם (שלווה),אורגניק אגרו פודס,IL,חיטה תפוחה 400 ג,יחידה,1.00,יחידה,false,1,14.90,14.90,true,1,
7290110002107,false,דגניות בטעם נוגט ללא גלוטן 550 גרם,,IL,דגניות בטעם נוגט,גרמים,550.00,100 גרם,false,1,21.90,3.98,true,1,
7290110002114,false,דגניות בטעם קרמל מלוח ללא גלוטן 550 גרם,,IL,דגניות בטעם קרמל,גרמים,550.00,100 גרם,false,1,21.90,3.98,true,1,
7290110002206,false,שמן קוקוס מזוכך בטר אנד דיפרנט 500 מ''ל,"בטר אנד דיפרנט בע""מ",IL,שמן קוקוס 500 מ',מיליליטרים,500.00,"100 מ""ל",false,1,21.90,4.38,true,1,
7290110002237,false,סוכר ענבים 650 גרם,,IL,סוכר ענבים,יחידה,1.00,יחידה,false,1,14.90,14.90,true,1,
7290110110369,false,"שישייה בירה קרלסברג LUMA בקבוק 330 מ""ל",מבשלות בירה בינלאומיות ב,IL,קרלסברג לומה 6יח,ליטרים,1.98,ליטר,false,1,34.90,17.63,true,1,
7290110113490,false,"פיוז תה אפרסק 19 קלוריות 500מ""ל",מבשלות בירה בינלאומיות ב,IL,פיוז תה אפרסק,מיליליטרים,500.00,"100 מ""ל",false,1,5.90,1.18,true,1,
7290110114787,false,נביעות+ מים מינרליים בטעם תפוח 1.5 ליטר,נביעות טבע הגליל בעמ,IL,נביעות+תפוח,ליטרים,1.50,ליטר,false,0,6.90,4.60,true,1,
7290110114794,false,נביעות+ מים מינרליים בטעם אפרסק 1.5 ליטר,"נביעות טבע הגליל בע""\מ ,",IL,נביעות+אפרסק,ליטרים,1.50,ליטר,false,0,6.90,4.60,true,1,
7290110114800,false,נביעות+ מים מינרליים בטעם ענבים 1.5 ליטר,פארייפאבה אגרואינדוס,IL,נביעות+ענבים,ליטרים,1.50,ליטר,false,0,6.90,4.60,true,1,
7290110114824,false,נביעות+רכיבי פרי אבטיח 1.5 ליטר פיקדון,"נביעות טבע הגליל בע""\מ",IL,נביעות+טעם אב,ליטרים,1.50,ליטר,false,0,7.90,5.27,true,1,
7290110114855,false,"נביעות מים מינרליים, שישיה 6 * 1.5 ליטר פקדון",נביעות טבע הגליל בעמ,IL,מים נביעות1.5*6ל,ליטרים,9.00,ליטר,false,0,11.70,1.30,true,1,
7290110114893,false,פריגת סחוט טרי תפוז 2 ליטר,היינץ צפון אמריקה מק,IL,מיץ תפוזים,ליטרים,2.00,ליטר,false,0,18.90,9.45,true,1,
7290110114961,false,משקה קל תפוזים פריגת 1.5 ליטר,מבשלות בירה בינלאומיות ב,IL,פריגת תפוזים,ליטרים,1.50,ליטר,false,0,8.30,5.53,true,1,
7290110114985,false,משקה קל אשכוליות פריגת 1.5 ליטר,מבשלות בירה בינלאומיות ב,IL,פריגת אשכוליו,ליטרים,1.50,ליטר,false,0,8.30,5.53,true,1,
7290110114992,false,משקה קל לייט אשכוליות פריגת 1.5 ליטר,מבשלות בירה בינלאומיות ב,IL,פריגת אשכולי,ליטרים,1.50,ליטר,false,0,8.80,5.87,true,1,
7290110115005,false,משקה קל ענבים פריגת 1.5 ליטר,מבשלות בירה בינלאומיות ב,IL,פריגת ענבים,ליטרים,1.50,ליטר,false,0,8.30,5.53,true,1,
7290110115029,false,"פריגת משק""ל תפוח 1.5 ליטר פיקדון",מבשלות בירה בינלאומיות ב,IL,פריגת תפוחים,ליטרים,1.50,ליטר,false,0,8.30,5.53,true,1,
7290110115036,false,משקה קל מנגו פריגת 1.5 ליטר,מבשלות בירה בינלאומיות ב,IL,פריגת מנגו,ליטרים,1.50,ליטר,false,0,8.30,5.53,true,1,
7290110115043,false,משקה קל לימונענע פריגת 1.5 ליטר,מבשלות בירה בינלאומיות ב,IL,"משק""ל פריגת",ליטרים,1.50,ליטר,false,0,8.30,5.53,true,1,
7290110115050,false,פריגת מיקס תות בננה 1.5 ליטר פיקדון,מבשלות בירה בינלאומיות ב,IL,פריגת תות בננ,ליטרים,1.50,ליטר,false,0,8.30,5.53,true,1,
7290110115081,false,פריגת צלול ענבים 1.5 ליטר פיקדון,"מבשלות בירה לישראל בע""\מ",IL,פריגת צלול ענ,ליטרים,1.50,ליטר,false,0,8.20,5.47,true,1,
7290110115104,false,פריגת צלול אפרסק 1.5 ליטר פיקדון,מבשלות בירה בינלאומיות ב,IL,פריגת צלול אפ,ליטרים,1.50,ליטר,false,0,8.20,5.47,true,1,
7290110115111,false,פריגת צלול אננס 1.5 ליטר פיקדון,"מבשלות בירה לישראל בע""\מ",IL,פריגת צלול אנ,ליטרים,1.50,ליטר,false,0,8.20,5.47,true,1,
7290110115128,false,פריגת צלול בטעם לימונענע 1.5 ליטר פיקדון,"מבשלות בירה לישראל בע""\מ",IL,פריגת צלול,ליטרים,1.50,ליטר,false,0,8.20,5.47,true,1,
7290110115203,false,קוקה קולה 1.5 ליטר פיקדון,החברה המרכזית לייצור משק,IL,קוקה קולה,ליטרים,1.50,ליטר,false,0,8.90,5.93,true,1,
7290110115210,false,דיאט קוקה קולה 1.5 ליטר פיקדון,החברה המרכזית לייצור משק,IL,קוקה קולה דיא,ליטרים,1.50,ליטר,false,0,7.80,5.20,true,1,
7290110115227,false,קוקה-קולה זירו בקבוק 1.5 ליטר,החברה המרכזית לייצור משק,IL,קוקה קולה זיר,ליטרים,1.50,ליטר,false,0,8.90,5.93,true,1,
7290110115234,false,קוקה-קולה זירו נטול בקבוק 1.5 ליטר,החברה המרכזית לייצור משק,IL,קולה זירו נטו,ליטרים,1.50,ליטר,false,0,8.90,5.93,true,1,
7290110115241,false,קוקה-קולה זירו לימון בקבוק 1.5 ליטר,החברה המרכזית לייצור משק,IL,קולה זירו לימ,ליטרים,1.50,ליטר,false,0,8.90,5.93,true,1,
7290110115258,false,קוקה-קולה זירו מנגו בקבוק 1.5 ליטר,החברה המרכזית לייצור משק,IL,קולה זירו מנג,ליטרים,1.50,ליטר,false,0,8.90,5.93,true,1,
7290110115265,false,ספרייט לימון ליים 1.5 ליטר-,החברה המרכזית לייצור משק,IL,ספרייט ליים,ליטרים,1.50,ליטר,false,0,8.90,5.93,true,1,
7290110115272,false,ZERO ספרייט 1.5 ליטר פיקדון,החברה המרכזית לייצור משק,IL,ספרייט זירו,ליטרים,1.50,ליטר,false,0,8.90,5.93,true,1,
7290110115289,false,ספרייט 19 קל' לימון-נענע 1.5 ליטר פיקדון,החברה המרכזית לייצור משק,IL,ספרייט נענע,ליטרים,1.50,ליטר,false,0,8.90,5.93,true,1,
7290110115296,false,משקה מוגז אורנג' פאנטה 1.5 ליטר,החברה המרכזית לייצור משק,IL,פאנטה אורנג',ליטרים,1.50,ליטר,false,0,8.20,5.47,true,1,
7290110115302,false,משקה מוגז אורנג' זירו פאנטה 1.5 ליטר,החברה המרכזית לייצור משק,IL,פאנטה זירו או,ליטרים,1.50,ליטר,false,0,8.20,5.47,true,1,
7290110115319,false,פאנטה אקזוטיק 1.5 ליטר פיקדון,החברה המרכזית לייצור משק,IL,פאנטה אקזוטי,ליטרים,1.50,ליטר,false,0,8.20,5.47,true,1,
7290110115333,false,פאנטה תות 1.5 ליטר פיקדון,החברה המרכזית לייצור משק,IL,פאנטה תות,ליטרים,1.50,ליטר,false,0,8.20,5.47,true,1,
7290110115340,false,פאנטה ענבים 1.5 ליטר פיקדון,החברה המרכזית לייצור משק,IL,פאנטה ענבים,ליטרים,1.50,ליטר,false,0,8.20,5.47,true,1,
7290110115364,false,שישייה קוקה קולה 1.5 ליטר פיקדון,החברה המרכזית לייצור משק,IL,קוקה קולה1.5*6ל,ליטרים,9.00,ליטר,false,0,49.90,5.54,true,1,
7290110115388,false,ספרייט ליים שישיות 1.5 ליטר פיקדון,החברה המרכזית לייצור משק,IL,ספרייט ליים1.5*6,ליטרים,9.00,ליטר,false,0,44.90,4.99,true,1,
7290110115395,false,ZERO ספרייט שישיות 1.5 ליטר פיקדון,החברה המרכזית לייצור משק,IL,ספרייט זירו1.5*6,ליטרים,9.00,ליטר,false,0,44.90,4.99,true,1,
7290110115418,false,מארז שישייה קוקה קולה זירו 1.5 ל',החברה המרכזית לייצור משק,IL,קולה זירו1.5*6ל,ליטרים,9.00,ליטר,false,0,46.90,5.21,true,1,
7290110115425,false,FUZE TEA גרין לימונענע -נענע 1.5 ליטר פיקדון,מבשלות בירה בינלאומיות ב,IL,פיוז תה לימון,ליטרים,1.50,ליטר,false,0,8.90,5.93,true,1,
7290110115449,false,אייס תה בטעם מנגו אננס 1.5ל' FUZE TEA,מבשלות בירה בינלאומיות ב,IL,תה מנגו אננס,ליטרים,1.50,ליטר,false,0,8.90,5.93,true,1,
7290110115456,false,"תה קר בטעם אפרסק 19 קלוריות ב- 100 מ""ל",מבשלות בירה בינלאומיות ב,IL,פיוז תה אפרסק,ליטרים,1.50,ליטר,false,0,8.90,5.93,true,1,
7290110115463,false,פיוז טי אפרסק 1.5 ליטר פיקדון,מבשלות בירה בינלאומיות ב,IL,פיוז תה אפרסק,ליטרים,1.50,ליטר,false,0,8.90,5.93,true,1,
7290110115494,false,תה קר בטעם ענבים פיוז טי 1.5 ליטר,מבשלות בירה בינלאומית בע,IL,פיוז תה ענבים,ליטרים,1.50,ליטר,false,0,8.90,5.93,true,1,
7290110115531,false,משקה מוגז תפוח זירו פאנטה 1.5 ליטר,החברה המרכזית לייצור משק,IL,פאנטה זירו תפ,ליטרים,1.50,ליטר,false,0,8.20,5.47,true,1,
7290110115616,false,FUZE tea zero גרין אננס 1.5 ליטר פיקדון,מבשלות בירה בינלאומיות ב,IL,פיוז תה אננס,ליטרים,1.50,ליטר,false,1,8.90,5.93,true,1,
7290110115623,false,משקה פיוז טי זירו ZERO בטעם אפרסק,מבשלות בירה בינלאומיות ב,IL,פיוז תה אפרסק,ליטרים,1.50,ליטר,false,1,8.90,5.93,true,1,
=======
7290110002039,false,חיטה תפוחה עם קקאו 400 גר(שלווה),בטר אנד דיפרנט בעמ,IL,חיטה תפוחה 400 ג,יחידה,1.00,יחידה,false,1,14.90,14.90,true,1,
7290110002107,false,דגניות בטעם נוגט ללא גלוטן 550 גרם,בטר אנד דיפרנט בעמ,IL,דגניות בטעם נוגט,גרמים,550.00,100 גרם,false,1,21.90,3.98,true,1,
7290110002114,false,דגניות בטעם קרמל מלוח ללא גלוטן 550 גרם,בטר אנד דיפרנט בעמ,IL,דגניות בטעם קרמל,גרמים,550.00,100 גרם,false,1,21.90,3.98,true,1,
7290110002206,false,שמן קוקוס מזוכך בטר אנד דיפרנט 500 מ''ל,"בטר אנד דיפרנט בע""מ",IL,שמן קוקוס 500 מ',מיליליטרים,500.00,"100 מ""ל",false,1,21.90,4.38,true,1,
7290110002237,false,סוכר ענבים 650 גרם,,IL,סוכר ענבים,יחידה,1.00,יחידה,false,1,14.90,14.90,true,1,
7290110110369,false,"שישייה בירה קרלסברג LUMA בקבוק 330 מ""ל",החברה המרכזית להפצת משקאות בעמ,IL,קרלסברג לומה 6יח,ליטרים,1.98,ליטר,false,1,34.90,17.63,true,1,
7290110113490,false,"פיוז תה אפרסק 19 קלוריות 500מ""ל",החברה המרכזית להפצת משקאות בעמ,IL,פיוז תה אפרסק,מיליליטרים,500.00,"100 מ""ל",false,1,5.90,1.18,true,1,
7290110114787,false,נביעות+ מים מינרליים בטעם תפוח 1.5 ליטר,החברה המרכזית להפצת משקאות בעמ,IL,נביעות+תפוח,ליטרים,1.50,ליטר,false,0,6.90,4.60,true,1,
7290110114794,false,נביעות+ מים מינרליים בטעם אפרסק 1.5 ליטר,החברה המרכזית להפצת משקאות בעמ,IL,נביעות+אפרסק,ליטרים,1.50,ליטר,false,0,6.90,4.60,true,1,
7290110114800,false,נביעות+ מים מינרליים בטעם ענבים 1.5 ליטר,החברה המרכזית להפצת משקאות בעמ,IL,נביעות+ענבים,ליטרים,1.50,ליטר,false,0,6.90,4.60,true,1,
7290110114824,false,נביעות+רכיבי פרי אבטיח 1.5 ליטר פיקדון,החברה המרכזית להפצת משקאות בעמ,IL,נביעות+טעם אב,ליטרים,1.50,ליטר,false,0,7.90,5.27,true,1,
7290110114855,false,"נביעות מים מינרליים, שישיה 6 * 1.5 ליטר פקדון",החברה המרכזית להפצת משקאות בעמ,IL,מים נביעות1.5*6ל,ליטרים,9.00,ליטר,false,0,11.70,1.30,true,1,
7290110114893,false,מיץ תפוזים מפוסטר סחוט 2 ליטר,החברה המרכזית טלהפצת משקאות בע,IL,מיץ תפוזים,ליטרים,2.00,ליטר,false,0,18.90,9.45,true,1,
7290110114961,false,משקה קל בטעם תפוזים פריגת (1.5 ליטר),החברה המרכזית להפצת משקאות בעמ,IL,פריגת תפוזים,ליטרים,1.50,ליטר,false,0,8.30,5.53,true,1,
7290110114985,false,משקה קל בטעם אשכוליות פריגת (1.5 ליטר),החברה המרכזית להפצת משקאות בעמ,IL,פריגת אשכוליו,ליטרים,1.50,ליטר,false,0,8.30,5.53,true,1,
7290110114992,false,משקה קל בטעם אשכוליות לייט פריגת (1.5 לי,החברה המרכזית להפצת משקאות בעמ,IL,פריגת אשכולי,ליטרים,1.50,ליטר,false,0,8.80,5.87,true,1,
7290110115005,false,משקה קל בטעם ענבים פריגת (1.5 ליטר),החברה המרכזית להפצת משקאות בעמ,IL,פריגת ענבים,ליטרים,1.50,ליטר,false,0,8.30,5.53,true,1,
7290110115029,false,משקה קל בטעם תפוחים פריגת (1.5 ליטר),החברה המרכזית להפצת משקאות בעמ,IL,פריגת תפוחים,ליטרים,1.50,ליטר,false,0,8.30,5.53,true,1,
7290110115036,false,משקה קל בטעם מנגו פריגת (1.5 ליטר),החברה המרכזית להפצת משקאות בעמ,IL,פריגת מנגו,ליטרים,1.50,ליטר,false,0,8.30,5.53,true,1,
7290110115043,false,משקה קל בטעם לימונענע פריגת (1.5 ליטר),החברה המרכזית להפצת משקאות בעמ,IL,"משק""ל פריגת",ליטרים,1.50,ליטר,false,0,8.30,5.53,true,1,
7290110115050,false,משקה קל בטעם תות בננה פריגת (1.5 ליטר),החברה המרכזית להפצת משקאות בעמ,IL,פריגת תות בננ,ליטרים,1.50,ליטר,false,0,8.30,5.53,true,1,
7290110115081,false,פריגת צלול ענבים 1.5 ליטר פיקדון,החברה המרכזית להפצת משקאות בעמ,IL,פריגת צלול ענ,ליטרים,1.50,ליטר,false,0,8.20,5.47,true,1,
7290110115104,false,פריגת צלול אפרסק 1.5 ליטר פיקדון,החברה המרכזית להפצת משקאות בעמ,IL,פריגת צלול אפ,ליטרים,1.50,ליטר,false,0,8.20,5.47,true,1,
7290110115111,false,פריגת צלול אננס 1.5 ליטר פיקדון,החברה המרכזית להפצת משקאות בעמ,IL,פריגת צלול אנ,ליטרים,1.50,ליטר,false,0,8.20,5.47,true,1,
7290110115128,false,פריגת צלול בטעם לימונענע 1.5 ליטר פיקדון,החברה המרכזית להפצת משקאות בעמ,IL,פריגת צלול,ליטרים,1.50,ליטר,false,0,8.20,5.47,true,1,
7290110115203,false,קוקה קולה 1.5 ליטר פיקדון,החברה המרכזית להפצת משקאות בעמ,IL,קוקה קולה,ליטרים,1.50,ליטר,false,0,8.90,5.93,true,1,
7290110115210,false,קוקה קולה דיאט 1.5 ליטר פיקדון,החברה המרכזית להפצת משקאות בעמ,IL,קוקה קולה דיא,ליטרים,1.50,ליטר,false,0,7.80,5.20,true,1,
7290110115227,false,קוקה קולה Zero בקבוק 1.5 ליטר פיקדון,החברה המרכזית להפצת משקאות בעמ,IL,קוקה קולה זיר,ליטרים,1.50,ליטר,false,0,8.90,5.93,true,1,
7290110115234,false,קוקה קולה דיאט זירו 1.5 ליטר פיקדון,החברה המרכזית להפצת משקאות בעמ,IL,קולה זירו נטו,ליטרים,1.50,ליטר,false,0,8.90,5.93,true,1,
7290110115241,false,קוקה קולה דיאט לימון 1.5 ליטר פיקדון,החברה המרכזית להפצת משקאות בעמ,IL,קולה זירו לימ,ליטרים,1.50,ליטר,false,0,8.90,5.93,true,1,
7290110115258,false,קוקה-קולה זירו מנגו בקבוק 1.5 ליטר,החברה המרכזית להפצת משקאות בעמ,IL,קולה זירו מנג,ליטרים,1.50,ליטר,false,0,8.90,5.93,true,1,
7290110115265,false,ספרייט לימון ליים 1.5 ליטר-,החברה המרכזית להפצת משקאות בעמ,IL,ספרייט ליים,ליטרים,1.50,ליטר,false,0,8.90,5.93,true,1,
7290110115272,false,ZERO ספרייט 1.5 ליטר פיקדון,החברה המרכזית להפצת משקאות בעמ,IL,ספרייט זירו,ליטרים,1.50,ליטר,false,0,8.90,5.93,true,1,
7290110115289,false,ספרייט 19 קל' לימון-נענע 1.5 ליטר פיקדון,החברה המרכזית להפצת משקאות בעמ,IL,ספרייט נענע,ליטרים,1.50,ליטר,false,0,8.90,5.93,true,1,
7290110115296,false,גזוז בטעם תפוז פאנטה 1.5 ליטר פיקדון,החברה המרכזית להפצת משקאות בעמ,IL,פאנטה אורנג',ליטרים,1.50,ליטר,false,0,8.20,5.47,true,1,
7290110115302,false,משקה מוגז אורנג' זירו פאנטה 1.5 ליטר,החברה המרכזית להפצת משקאות בעמ,IL,פאנטה זירו או,ליטרים,1.50,ליטר,false,0,8.20,5.47,true,1,
7290110115319,false,פאנטה אקזוטי פירות טרופיים 1.5ל פיקדון,החברה המרכזית להפצת משקאות בעמ,IL,פאנטה אקזוטי,ליטרים,1.50,ליטר,false,0,8.20,5.47,true,1,
7290110115333,false,גזוז בטעם תות פאנטה 1.5 ליטר פיקדון,החברה המרכזית להפצת משקאות בעמ,IL,פאנטה תות,ליטרים,1.50,ליטר,false,0,8.20,5.47,true,1,
7290110115340,false,פאנטה ענבים 1.5 ליטר פיקדון,החברה המרכזית להפצת משקאות בעמ,IL,פאנטה ענבים,ליטרים,1.50,ליטר,false,0,8.20,5.47,true,1,
7290110115364,false,שישייה קוקה קולה 1.5 ליטר פיקדון,החברה המרכזית להפצת משקאות בעמ,IL,קוקה קולה1.5*6ל,ליטרים,9.00,ליטר,false,0,49.90,5.54,true,1,
7290110115388,false,ספרייט לימון ליים 1.5 ליטר מארז שישייה,החברה המרכזית להפצת משקאות בעמ,IL,ספרייט ליים1.5*6,ליטרים,9.00,ליטר,false,0,44.90,4.99,true,1,
7290110115395,false,ספרייט זירו שישיות 1.5 ליטר פיקדון,החברה המרכזית להפצת משקאות בעמ,IL,ספרייט זירו1.5*6,ליטרים,9.00,ליטר,false,0,44.90,4.99,true,1,
7290110115418,false,קוקה קולה זירו 1.5 ליטר מארז שישייה,החברה המרכזית להפצת משקאות בעמ,IL,קולה זירו1.5*6ל,ליטרים,9.00,ליטר,false,0,46.90,5.21,true,1,
7290110115425,false,FUZE TEA גרין לימונענע -נענע 1.5 ליטר פיקדון,החברה המרכזית להפצת משקאות בעמ,IL,פיוז תה לימון,ליטרים,1.50,ליטר,false,0,8.90,5.93,true,1,
7290110115449,false,פיוז-טי תה מנגו אננס 1.5 ליטר פיקדון,החברה המרכזית להפצת משקאות בעמ,IL,תה מנגו אננס,ליטרים,1.50,ליטר,false,0,8.90,5.93,true,1,
7290110115456,false,פיוז-טי תה אפרסק 1.5 ליטר 19 קל פיקדון,החברה המרכזית להפצת משקאות בעמ,IL,פיוז תה אפרסק,ליטרים,1.50,ליטר,false,0,8.90,5.93,true,1,
7290110115463,false,פיוז-טי תה אפרסק 1.5 ליטר פיקדון,החברה המרכזית להפצת משקאות בעמ,IL,פיוז תה אפרסק,ליטרים,1.50,ליטר,false,0,8.90,5.93,true,1,
7290110115494,false,תה קר בטעם ענבים פיוז טי 1.5 ליטר,החברה המרכזית להפצת משקאות בעמ,IL,פיוז תה ענבים,ליטרים,1.50,ליטר,false,0,8.90,5.93,true,1,
7290110115531,false,משקה מוגז תפוח זירו פאנטה 1.5 ליטר,החברה המרכזית להפצת משקאות בעמ,IL,פאנטה זירו תפ,ליטרים,1.50,ליטר,false,0,8.20,5.47,true,1,
7290110115616,false,פיוז-טי תה גרין אננס זירו 1.5 ליטר פיקדו,החברה המרכזית להפצת משקאות בעמ,IL,פיוז תה אננס,ליטרים,1.50,ליטר,false,1,8.90,5.93,true,1,
7290110115623,false,פיוז-טי תה אפרסק זירו 1.5 ליטר פיקדון,החברה המרכזית להפצת משקאות בעמ,IL,פיוז תה אפרסק,ליטרים,1.50,ליטר,false,1,8.90,5.93,true,1,
>>>>>>> d048ac2f4f281c9d788043ab4e81b61b0dbe3743
7290110288761,false,מפיות תלת שכבתי 12 יחי',,IL,מפיות תלת שכבתי,יחידה,1.00,יחידה,false,1,4.90,4.90,true,1,
7290110320683,false,שמיניית משקה יוגורט 1.5% טעם תות יופלה 107 גרם,מיוצר עי קונדיטוריית,IL,משקה יוגורט 8 יח,גרמים,856.00,100 גרם,false,1,15.90,1.86,true,1,
7290110320850,false,פתיתים גבינה חצי קשה מגורדת 28% שומן,תנובה מרכז שיתופי לש,IL,פתיתי עמק,גרמים,200.00,100 גרם,false,1,13.90,6.95,true,1,
7290110320867,false,פתיתים גבינה חצי קשה מגורדת 28% שומן,תנובה מרכז שיתופי לש,IL,פתיתי עמק,גרמים,500.00,100 גרם,false,1,29.90,5.98,true,1,
7290110320935,false,פרוסות מוצרלה 150 גר`קולקשיין תנובה,תנובה מרכז שיתופי לש,IL,פרוסות מוצרלה,גרמים,150.00,100 גרם,false,1,13.90,9.27,true,1,
7290110321277,false,קוטג' בקטנה 5% תנובה 100 גרם מהדרין,פארייפאבה אגרואינדוס,IL,קוטג' בקטנה 5%,גרמים,100.00,100 גרם,false,1,2.50,2.50,true,1,
7290110321284,false,קוטג' בקטנה 9% תנובה 100 גרם מהדרין,פארייפאבה אגרואינדוס,IL,קוטג' בקטנה 9%,גרמים,100.00,100 גרם,false,1,2.50,2.50,true,1,
7290110322014,false,טופו בטעם טבעי תנובה ALTERNATIVE,שוורצקוף& הנקל דיסלד,IL,טופו טבעי300 גרם,גרמים,300.00,100 גרם,false,1,11.50,3.83,true,1,
<<<<<<< HEAD
7290110322946,false,יופלה טיוב יוגורט במרקם חלק בטעם תות בננה כשרות רבנות 348 ג',תנובה חלב,IL,יופלה טיוב 6 יח,גרמים,348.00,100 גרם,false,1,11.90,3.42,true,1,
7290110323097,false,מעדן גבינה עם תות 5% שומן 80 ג' תנובה,תנובה בעמ,IL,תאומים גביע 80גר,גרמים,80.00,100 גרם,false,1,1.40,1.75,true,1,
=======
7290110322946,false,יופלה טיוב יוגורט במרקם חלק בטעם תות בננה כשרות רבנות 348 ג',תנובה - חלב,IL,יופלה טיוב 6 יח,גרמים,348.00,100 גרם,false,1,11.90,3.42,true,1,
7290110323097,false,מעדן גבינה עם מחית תות-תאומים 80 גר`,"תנובה בע""מ ***",IL,תאומים גביע 80גר,גרמים,80.00,100 גרם,false,1,1.40,1.75,true,1,
>>>>>>> d048ac2f4f281c9d788043ab4e81b61b0dbe3743
7290110323714,false,משקה קוקוס שקדים תנובה E אלטרנטיב,מיוצר עי קונדיטוריית,IL,משקה קוקוס שקדים,ליטרים,1.00,ליטר,false,1,9.90,9.90,true,1,
7290110324711,false,ממרח סויה 9% שומן בטעם טבעי תנובה 250 גרם,מיוצר עי קונדיטוריית,IL,ממרח סויה 9%,גרמים,250.00,100 גרם,false,1,8.50,3.40,true,1,
7290110324841,false,מעדן שקדים עם שוקולד מריר תנובה 125 גרם,מיוצר עי קונדיטוריית,IL,מעדן שקדים,גרמים,125.00,100 גרם,false,1,3.90,3.12,true,1,
7290110324858,false,מעדן שקדים בטעם אגוזי לוז תנובה 125 גרם,מיוצר עי קונדיטוריית,IL,מעדן שקדים,גרמים,125.00,100 גרם,false,1,3.90,3.12,true,1,
7290110324926,false,משקה סויה ללא תוספת סוכר E אלטרנטיב,תנובה מרכז שיתופי לש,IL,"משקה סויה ללת""ס",ליטרים,1.00,ליטר,false,1,8.90,8.90,true,1,
7290110325084,false,מאגדת שמינייה מיני קרלו שוניל 8*100גרם,"תנובה בע""מ ***",IL,מיני קרלו 8 יח,גרמים,800.00,100 גרם,false,1,11.90,1.49,true,1,
7290110325169,false,פרוסות גאודה 170 גר`קולקשיין תנובה,תנובה בעמ ***,IL,פרוסות גאודה,גרמים,170.00,100 גרם,false,1,14.90,8.76,true,1,
7290110325305,false,יופלה GO סויה 20 גרם חלבון במתיקות מעודנת תנובה 200 גרם,מיוצר עי קונדיטוריית,IL,מעדן גו סויה,גרמים,200.00,100 גרם,false,1,4.90,2.45,true,1,
7290110325312,false,יופלה GO סויה 20 גרם חלבון בטעם תות תנובה 200 גרם,תנובה בעמ ***,IL,מעדן סויה ביו,גרמים,200.00,100 גרם,false,1,4.90,2.45,true,1,
7290110325510,false,יופלה טיוב יוגורט במרקם חלק בטעם וניל-יוניקור,"תנובה בע""מ ***",IL,יופלה טיוב וניל,גרמים,348.00,100 גרם,false,1,11.90,3.42,true,1,
7290110325619,false,משקה שיבולת שועל תנובה E אלטרנטיב,מיוצר עי קונדיטוריית,IL,משקה שיבולת שועל,ליטרים,1.00,ליטר,false,1,9.90,9.90,true,1,
7290110325701,false,פיראוס צזיקי יווני 9% שומן בשיטת יצור מסורתית על בסיס יוגורט,גוד פוד פרודקטס S.p,IL,צזיקי יווני,גרמים,250.00,100 גרם,false,1,9.90,3.96,true,1,
7290110325893,false,משקה חלב GO מועשר בחלבון בטעם אייס קפה,מיוצר עי קונדיטוריית,IL,אייס קפה GO,מיליליטרים,340.00,"100 מ""ל",false,1,6.90,2.03,true,1,
<<<<<<< HEAD
7290110326333,false,פרוסות גבינה סקנדינבית תנובה 170 גרם,פ.פ.ח. שאביט,IL,גבינה סקנדינבית,גרמים,170.00,100 גרם,false,1,13.90,8.18,true,1,
7290110326906,false,חלב נטול לקטוז 3% שומן תנובה 1 ליטר,מיוצר עי קונדיטוריית,IL,חלב נטול לקטוז,ליטרים,1.00,ליטר,false,1,6.90,6.90,true,1,
7290110326982,false,משקה חלב עם שוקולד קלאסי YOLO 1 ליטר,תנובה מרכז שיתופי לש,IL,יולו משקה חלב,ליטרים,1.00,ליטר,false,1,9.90,9.90,true,1,
7290110326999,false,"משקאות חלב+שוקולד קלאסי 340 מ""ל YOLO בקבוק.",תנובה חלב,IL,יולו משקה חלב,מיליליטרים,340.00,"100 מ""ל",false,1,5.90,1.74,true,1,
=======
7290110326333,false,פרוסות גבינה סקנדינבית 170 גר`קולקשיין,"תנובה בע""מ ***",IL,גבינה סקנדינבית,גרמים,170.00,100 גרם,false,1,13.90,8.18,true,1,
7290110326906,false,חלב נטול לקטוז 3% שומן( 1 ליטר)תנובה,מיוצר עי קונדיטוריית,IL,חלב נטול לקטוז,ליטרים,1.00,ליטר,false,1,6.90,6.90,true,1,
7290110326982,false,משקה חלב עם שוקולד קלאסי יולו 1 ליטר,תנובה מרכז שיתופי לש,IL,יולו משקה חלב,ליטרים,1.00,ליטר,false,1,9.90,9.90,true,1,
7290110326999,false,"משקאות חלב+שוקולד קלאסי 340 מ""ל YOLO בקבוק.",תנובה - חלב,IL,יולו משקה חלב,מיליליטרים,340.00,"100 מ""ל",false,1,5.90,1.74,true,1,
>>>>>>> d048ac2f4f281c9d788043ab4e81b61b0dbe3743
7290110327033,false,משקה סויה תנובה גו מועשר בחלבון במתיקות מופחתת,מיוצר עי קונדיטוריית,IL,משקה סויה מועשר,ליטרים,1.00,ליטר,false,1,10.90,10.90,true,1,
7290110328016,false,משקה סויה מועשר בחלבון בטעם אגוזי לוז 250 גרם,תנובה מרכז שיתופי לש,,משקה סויה,יחידה,1.00,יחידה,false,0,5.90,5.90,true,1,
7290110328610,false,משקה אורז ושקדים בריסטה אלטרנטיב 1 ליטר,תנובה Alternative,IL,משקה אורז ושקדים,ליטרים,1.00,ליטר,false,1,9.90,9.90,true,1,
7290110328627,false,יוגורט יופלה GO במרקם סמיך בטעם בננה קרמל 0%,מיוצר עי קונדיטוריית,IL,יוגורט גו קרמי,גרמים,200.00,100 גרם,false,1,4.90,2.45,true,1,
7290110328641,false,טופו טבעי 500 גר`אלטרנטיב 2*250 גר`,"תנובה בע""מ ***",IL,טופו טבעי,גרמים,500.00,100 גרם,false,1,17.90,3.58,true,1,
7290110328764,false,יוגורט יופלה GO במרקם סמיך עם תות 0%,מיוצר עי קונדיטוריית,IL,יוגורט גו קרמי,גרמים,200.00,100 גרם,false,1,4.90,2.45,true,1,
7290110328771,false,יוגורט יופלה GO במרקם סמיך עם פירות יער 0%,מיוצר עי קונדיטוריית,IL,יוגורט גו קרמי,גרמים,200.00,100 גרם,false,1,4.90,2.45,true,1,
7290110328931,false,פתיתי גבינה צהובה למאפים 500 גרם השף הלבן,"תנובה בע""\מ",IL,פתיתי גבינה 500ג,גרמים,500.00,100 גרם,false,1,24.90,4.98,true,1,
7290110329136,false,מעדן חלב מעושר בחלבון בטעם שוקולד 120 ג' GO,תנובה מרכז שיתופי לש,IL,מעדן חלב גו,גרמים,120.00,100 גרם,false,1,4.50,3.75,true,1,
7290110329303,false,פרוסות בטעם צהובה קלאסית אלטרנטיב 200 גר,תנובה Alternative,IL,פרוסות צהובה,גרמים,200.00,100 גרם,false,1,17.90,8.95,true,1,
7290110329686,false,משקה GO חלב בטעם עוגיות 27 גר`חלבון,מיוצר עי קונדיטוריית,IL,משקה חלב GO,מיליליטרים,340.00,"100 מ""ל",false,1,6.90,2.03,true,1,
7290110329716,false,משקה חלב קר בטעם קפוצ'ינו 230 גרם תנובה,תנובה מרכז שיתופי לש,IL,משקה קפה קר,גרמים,230.00,100 גרם,false,1,6.90,3.00,true,1,
7290110329723,false,משקה חלב קר בטעם לאטה 230 גרם תנובה,תנובה מרכז שיתופי לש,IL,משקה קפה קר לאטה,גרמים,230.00,100 גרם,false,1,6.90,3.00,true,1,
7290110329730,false,"משקה חלב עם שוקולד וקפה בסגנון לאטה 2.7%  230 מ""ל תנובה",תנובה מרכז שיתופי לש,IL,משקה חלב שוקולד,גרמים,230.00,100 גרם,false,1,6.90,3.00,true,1,
7290110329792,false,יוגורט סויה BIO Alternative אפרסק 150 ג' תנובה,מיוצר עי קונדיטוריית,IL,מעדן סויה ביו,גרמים,150.00,100 גרם,false,1,4.40,2.93,true,1,
7290110329808,false,יוגורט סויה BIO Alternative תות 150 ג' תנובה,מיוצר עי קונדיטוריית,IL,מעדן סויה ביו,גרמים,150.00,100 גרם,false,1,4.40,2.93,true,1,
7290110329815,false,סויה BIO מתיקות מעודנת גביע 150 גרם אלטרנטיב,מיוצר עי קונדיטוריית,IL,מעדן סויה ביו,גרמים,150.00,100 גרם,false,1,4.40,2.93,true,1,
7290110329822,false,יוגורט סויה BIO Alternative פירות יער 150 ג' תנובה,מיוצר עי קונדיטוריית,IL,מעדן סויה ביו,גרמים,150.00,100 גרם,false,1,4.40,2.93,true,1,
7290110329839,false,פרוסות צהובה בטעם זיתים 200 ג' אלטרנטיב אלטרנטיב,מיוצר עי קונדיטוריית,IL,פרוסות צהובה,גרמים,200.00,100 גרם,false,1,17.90,8.95,true,1,
7290110329846,false,יוגורט סויה BIO Alternative בטעם טבעי 150 ג' תנובה,מיוצר עי קונדיטוריית,IL,מעדן ביו טבעי,גרמים,150.00,100 גרם,false,1,4.40,2.93,true,1,
7290110550363,false,"פריכיות משולשות תירס, אורז שיבולת שועל, קינואה",אנרג'י Energy - שטראוס,IL,פריכיות משולשות,גרמים,65.00,100 גרם,false,1,11.90,18.31,true,1,
7290110552220,false,יוגורט PRO בטעם תות 0% סוכר לבן 20 גרם חלבון בגביע,שטראוס גרופ בעמ/מצונן,IL,דנונה פרו חלבון,גרמים,200.00,100 גרם,false,1,4.90,2.45,true,1,
7290110552237,false,יוגורט פרו בטעם אפרסק מנגו ללא סוכר 200 ג' דנונה,שטראוס גרופ בעמ/מצונן,IL,דנונה פרו חלבון,גרמים,200.00,100 גרם,false,1,4.90,2.45,true,1,
7290110553425,false,קפה נמס 200 גרם +20% תוספת עלית,שטראוס קפה בי.וי,IL,קפה נמס,גרמים,240.00,100 גרם,false,1,19.90,8.29,true,1,
7290110554095,false,דבש לחיץ 440 גרם,מכוורת יד מרדכי שטראוס ב,IL,דבש לחיץ,גרמים,440.00,100 גרם,false,1,21.90,4.98,true,1,
7290110554583,false,מארז חטיפי צ'יטוס פאפס בטעם גבינה - 10 יחידות,"שטראוס פריטו ליי בע""\מ )",IL,צ'יטוס פאפס 10יח,גרמים,200.00,100 גרם,false,1,10.90,5.45,true,1,
7290110556242,false,"שוקולד מריר פרווה 100 גר' בד""ץ תוצרת חוץ","שטראוס גרופ בע""מ.",FR,שוקולד פרה מריר,גרמים,100.00,100 גרם,false,1,3.90,3.90,true,1,
7290110558222,false,"וואו יוגורט עם שכבה בטעם בנופי פאי 5.4%, 150ג דנונה",שטראוס גרופ בעמ/מצונן,IL,דנונה WOW בנופי,גרמים,150.00,100 גרם,false,1,3.90,2.60,true,1,
7290110558239,false,"וואו יוגורט עם שכבה בטעם קראק פאי 5.4%, 150 ג דנונה",שטראוס גרופ בעמ/מצונן,IL,דנונה WOW,גרמים,150.00,100 גרם,false,1,3.90,2.60,true,1,
7290110558253,false,דנונה שייק נונה ריפרש בננה אננס וצ'יה,שטראוס גרופ בעמ/מצונן,IL,יוגורט ריפרש,גרמים,250.00,100 גרם,false,1,4.90,1.96,true,1,
7290110559748,false,ריל מאגדת שקדים קוקוס ושוקולד מריר שטראוס 105 גרם,"ואמואליס פודס אס.איי,",GR,חטיפי ריל אנרגי,גרמים,105.00,100 גרם,false,1,14.90,14.19,true,1,
7290110559755,false,ריל מאגדת בוטנים פיסטוק וחמוציות שטראוס 105 גרם,"ואמואליס פודס אס.איי,",GR,חטיפי ריל אנרגי,גרמים,105.00,100 גרם,false,1,14.90,14.19,true,1,
7290110559762,false,ריל מאגדת אגוזים תמרים קוקוס שטראוס 105 גרם,"ואמואליס פודס אס.איי,",GR,חטיפי ריל אנרג'י,גרמים,105.00,100 גרם,false,1,14.90,14.19,true,1,
7290110560300,false,"הפריכיות הטעימות חומוס, עדשים שחורות, קינואה ופלפל שחור",אנרג'י Energy - שטראוס,IL,פריכיות אנרג'י,גרמים,30.00,100 גרם,false,1,4.90,16.33,true,1,
7290110560317,false,"הפריכיות הטעימות חומוס, עדשים שחורות, קינואה ומלח ים","פרח תעשיו מזון בע""מ",IL,פריכיות אנרג'י,גרמים,30.00,100 גרם,false,1,4.90,16.33,true,1,
7290110560324,false,"הפריכיות הטעימות תפו""א, אורז, אפונה ומלח ים","פרח תעשיו מזון בע""מ",IL,פריכיות אנרג'י,גרמים,30.00,100 גרם,false,1,4.90,16.33,true,1,
7290110563462,false,חלב 2% דל לקטוז בבקבוק יטבתה 1 ליטר.,שטראוס גרופ בעמ/מצונן,IL,חלב נטול לקטוז,ליטרים,1.00,ליטר,false,1,6.90,6.90,true,1,
7290110565527,false,יוגורט PRO פרו 1.5% 20 גרם חלבון בגביע,שטראוס גרופ בעמ/מצונן,IL,דנונה פרו חלבון,גרמים,200.00,100 גרם,false,1,4.90,2.45,true,1,
7290110565572,false,מארז קפה טורקי עלית לדרך עם הל 168 גרם,שטראוס קפה בי.וי.,IL,קפה טורקי לדרך,גרמים,168.00,100 גרם,false,1,15.90,9.46,true,1,
7290110566975,false,דנונה פרו יוגורט 0% תות עשיר בחלבון 200ג',שטראוס גרופ בעמ/מצונן,IL,דנונה פרו חלבון,גרמים,200.00,100 גרם,false,1,4.90,2.45,true,1,
7290110568238,false,"קצפת צמחית 21% שומן 250 מ""ל יוטבתה",שטראוס גרופ בעמ/מצונן,IL,קצפת צמחית יטבתה,מיליליטרים,250.00,"100 מ""ל",false,1,6.90,2.76,true,1,
7290110568559,false,דוריטוס עלית מארז חמוץ חריף 10 יח' *25 ג',"שטראוס פריטו ליי בע""מ )פ",IL,דוריטוס 10 יח,גרמים,250.00,100 גרם,false,1,10.90,4.36,true,1,
7290110571474,false,אצבעות רבע לשבע טבעוני פופקורן 125גר`,"הגביע מוצרי וופלים בע""\מ",IL,רבע לשבע טבעוני,גרמים,125.00,100 גרם,false,1,8.90,7.12,true,1,
7290110700867,false,המפי להב אנרגי- משחת עיס,,IL,המפי להב אנרגי-,יחידה,1.00,יחידה,false,1,90.00,90.00,true,1,
7290110808204,false,פרולטה קרם ידיים אבוקדו 100מ'ל,,IL,פרולטה קרם ידיים,מיליליטרים,100.00,"100 מ""ל",false,1,9.90,9.90,true,1,
7290110808211,false,פרולטה קרם רב שימושי אבוקדו 300מ'ל,,IL,פרולטה קרם רב שי,מיליליטרים,300.00,"100 מ""ל",false,1,15.90,5.30,true,1,
7290110922351,false,חסידיג'ל ג'ל לעיצוב פיאה,,IL,חסידיג'ל,יחידה,1.00,יחידה,false,1,19.90,19.90,true,1,
7290110922375,false,חסידיש קרם ליעצוב פאות.,,IL,קרם עיצוב פיאות,יחידה,1.00,יחידה,false,1,19.90,19.90,true,1,
7290111301810,false,סרט ראש קשר,WINT,CN,סרט ראש קשר,יחידה,1.00,יחידה,false,1,12.90,12.90,true,1,
<<<<<<< HEAD
7290111340178,false,מטליות לחות ניקול לניקוי כללי בניחוח מרכך כביסה 50 יח',חוגלה קימברלי,IL,מטליות ניקוי,יחידה,1.00,יחידה,false,1,7.90,7.90,true,1,
7290111340185,false,מטליות לחות רצפה ניחוח מרכך כביסה ניקול 10 יחידות,חוגלה קימברלי,IL,מטליות לרצפה,יחידה,1.00,יחידה,false,1,7.90,7.90,true,1,
7290111340260,false,קוטקס תחבושת נורמל פלוס 8 יח,General,IL,תחבושות,יחידה,1.00,יחידה,false,1,3.90,3.90,true,1,
7290111341984,false,לילי - מגבוני נייר טואלט לח פיור רביעייה,קימברלי,IL,נייר טואלט לח4יח,יחידה,1.00,יחידה,false,1,18.90,18.90,true,1,
7290111342004,false,נייר טואלט לילי לח קידס 56 דפים,חוגלה קימברלי,IL,נ.טואלט לח קידס,יחידה,1.00,יחידה,false,1,6.90,6.90,true,1,
7290111342042,false,ניקול כריות יפניות אנטיבקטריאלי 4 יחידות,פלסטו פוליש,IL,כריות יפניות,יחידה,1.00,יחידה,false,1,9.90,9.90,true,1,
7290111342059,false,50 מטליות מיקרופייבר לשטחים אנטיבקטריאלי ניקול,ניקול,IL,מטליות לחות50יח,יחידה,1.00,יחידה,false,1,9.90,9.90,true,1,
7290111342738,false,לילי - מגבוני נייר טואלט לח קידס רביעייה,לילי נייר טואלט חוגלה,IL,נייר טואלט לח4יח,יחידה,1.00,יחידה,false,1,18.90,18.90,true,1,
7290111344206,false,האגיס נטורל קר מגבונים לחים בבישום עדין רביעייה,חוגלה קימברלי,IL,מגבונים האגיס 4*,יחידה,1.00,יחידה,false,1,17.90,17.90,true,1,
7290111344459,false,קוטוקס תחבושות נייט אקסטרא לונג 20 יח',חוגלה קימברלי,CN,תחבושות נייט,יחידה,1.00,יחידה,false,1,15.90,15.90,true,1,
7290111344732,false,קלינקס - טיישו אלרג'י קומפורט ניילון זוגות 140 דף,קימברלי קלארק,IL,קלינקס זוג,יחידה,1.00,יחידה,false,1,9.90,9.90,true,1,
7290111344831,false,קוטקס - מגיני יום אקסטרא פרוטקט נורמל ביג 60 יח',חוגלה קימברלי,CN,מגן תחתון קוטקס,יחידה,1.00,יחידה,false,1,14.90,14.90,true,1,
7290111344855,false,קוטקס - מגיני יום אקסטרא פרוטקט לארג' ביג 52 יח',חוגלה קימברלי,CN,מגן תחתון קוטקס,יחידה,1.00,יחידה,false,1,14.90,14.90,true,1,
7290111345777,false,תחבושת קוטקס כותנה לילה 16 יח' קוטקס,קריות זול,CZ,תחבושות קוטקס,יחידה,1.00,יחידה,false,1,15.90,15.90,true,1,
7290111352959,false,מקלות חמוצים ממולאים בטעם פירות 80 גר' יוגטה,יוגטה yogueta,TR,מקלות חמוצים,גרמים,80.00,100 גרם,false,1,3.90,4.88,true,1,
7290111354298,false,יוגטה שטיח חמוץ חצי מטר קולה 15 גרם,,IL,שטיח חצי מטר בטע,יחידה,1.00,יחידה,false,1,1.00,1.00,true,1,
7290111354335,false,מיני מרשמלו בטעם וניל יוגטה 30 גרם,צ'וקטה,IL,יוגטה מיני מרשמל,יחידה,1.00,יחידה,false,1,1.90,1.90,true,1,
7290111563492,false,סלטי צבר מטבוחה חריפה מרובע 6*400גרם,סלטי צבר,IL,סלט מטבוחה צבר,גרמים,400.00,100 גרם,false,1,10.90,2.73,true,1,
7290111564277,false,פריכיות דקות ונימוחות 3 דגנים פיטנס Fitness,פרח תעשיות בעמ,IL,פריכיות פיטנס,גרמים,120.00,100 גרם,false,1,8.90,7.42,true,1,
7290111564291,false,פריכיות דקות ונימוחות 3 דגנים וקינואה פיטנס Fitness,פרח תעשיות בעמ,IL,פריכיות פיטנס,גרמים,120.00,100 גרם,false,1,8.90,7.42,true,1,
7290111568206,false,ביסלי פארטי מיקס אסם 150 גר',פרו מן יו פתרונות אר,IL,ביסלי פארטי מיקס,גרמים,150.00,100 גרם,false,1,6.90,4.60,true,1,
7290111568275,false,אטריות נודלס אורז רחבות אסם אסייתי 300גרם,תאי פרזידנט,TH,נודלס אטריות,גרמים,300.00,100 גרם,false,1,7.90,2.63,true,1,
=======
7290111340178,false,מטליות לחות ניקול לניקוי כללי בניחוח מרכך כביסה 50 יח',קימברלי קלארק ישראל שיווק בעמ,IL,מטליות ניקוי,יחידה,1.00,יחידה,false,1,7.90,7.90,true,1,
7290111340185,false,מטליות לחות רצפה ניחוח מרכך כביסה ניקול 10 יחידות,קימברלי קלארק ישראל שיווק בעמ,IL,מטליות לרצפה,יחידה,1.00,יחידה,false,1,7.90,7.90,true,1,
7290111340260,false,קוטקס תחבושת נורמל פלוס 8 יח,General,IL,תחבושות,יחידה,1.00,יחידה,false,1,3.90,3.90,true,1,
7290111341984,false,לילי - מגבוני נייר טואלט לח פיור רביעייה,קימברלי קלארק ישראל שיווק בעמ,IL,נייר טואלט לח4יח,יחידה,1.00,יחידה,false,1,18.90,18.90,true,1,
7290111342004,false,מגבוני נייר טואלט לחים 56 דף דיספנסר,קימברלי קלארק ישראל שיווק בעמ,IL,נ.טואלט לח קידס,יחידה,1.00,יחידה,false,1,6.90,6.90,true,1,
7290111342042,false,ניקול כריות יפניות אנטיבקטריאלי 4 יחידות,קימברלי קלארק ישראל שיווק בעמ,IL,כריות יפניות,יחידה,1.00,יחידה,false,1,9.90,9.90,true,1,
7290111342059,false,50 מטליות מיקרופייבר לשטחים אנטיבקטריאלי ניקול,קימברלי קלארק ישראל שיווק בעמ,IL,מטליות לחות50יח,יחידה,1.00,יחידה,false,1,9.90,9.90,true,1,
7290111342738,false,לילי - מגבוני נייר טואלט לח קידס רביעייה,קימברלי קלארק ישראל שיווק בעמ,IL,נייר טואלט לח4יח,יחידה,1.00,יחידה,false,1,18.90,18.90,true,1,
7290111344206,false,האגיס נטורל קר מגבונים לחים בבישום עדין רביעייה,קימברלי קלארק ישראל שיווק בעמ,IL,מגבונים האגיס 4*,יחידה,1.00,יחידה,false,1,17.90,17.90,true,1,
7290111344459,false,קוטוקס תחבושות נייט אקסטרא לונג 20 יח',קימברלי קלארק ישראל שיווק בעמ,CN,תחבושות נייט,יחידה,1.00,יחידה,false,1,15.90,15.90,true,1,
7290111344732,false,קלינקס - טיישו אלרג'י קומפורט ניילון זוגות 140 דף,קימברלי קלארק ישראל שיווק בעמ,IL,קלינקס זוג,יחידה,1.00,יחידה,false,1,9.90,9.90,true,1,
7290111344831,false,קוטקס - מגיני יום אקסטרא פרוטקט נורמל ביג 60 יח',קימברלי קלארק ישראל שיווק בעמ,CN,מגן תחתון קוטקס,יחידה,1.00,יחידה,false,1,14.90,14.90,true,1,
7290111344855,false,קוטקס - מגיני יום אקסטרא פרוטקט לארג' ביג 52 יח',קימברלי קלארק ישראל שיווק בעמ,CN,מגן תחתון קוטקס,יחידה,1.00,יחידה,false,1,14.90,14.90,true,1,
7290111345777,false,תחבושת קוטקס כותנה לילה 16 יח' קוטקס,קימברלי קלארק ישראל שיווק בעמ,CZ,תחבושות קוטקס,יחידה,1.00,יחידה,false,1,15.90,15.90,true,1,
7290111352959,false,מקלות חמוצים ממולאים בטעם פירות 80 גר' יוגטה,ליימן שליסל בעמ,TR,מקלות חמוצים,גרמים,80.00,100 גרם,false,1,3.90,4.88,true,1,
7290111354298,false,יוגטה שטיח חמוץ חצי מטר קולה 15 גרם,ליימן שליסל בעמ,IL,שטיח חצי מטר בטע,יחידה,1.00,יחידה,false,1,1.00,1.00,true,1,
7290111354335,false,מיני מרשמלו בטעם וניל יוגטה 30 גרם,ליימן שליסל בעמ,IL,יוגטה מיני מרשמל,יחידה,1.00,יחידה,false,1,1.90,1.90,true,1,
7290111563492,false,סלטי צבר מטבוחה חריפה מרובע 6*400גרם,קבוצת אוסם סחר-שות.מוגבלת,IL,סלט מטבוחה צבר,גרמים,400.00,100 גרם,false,1,10.90,2.73,true,1,
7290111564277,false,פריכיות דקות ונימוחות 3 דגנים פיטנס Fitness,קבוצת אוסם סחר שותפות מוגבלת,IL,פריכיות פיטנס,גרמים,120.00,100 גרם,false,1,8.90,7.42,true,1,
7290111564291,false,פריכיות דקות ונימוחות 3 דגנים וקינואה פיטנס Fitness,קבוצת אוסם סחר שותפות מוגבלת,IL,פריכיות פיטנס,גרמים,120.00,100 גרם,false,1,8.90,7.42,true,1,
7290111568206,false,ביסלי פארטי מיקס אסם 150 גר',קבוצת אוסם סחר שותפות מוגבלת,IL,ביסלי פארטי מיקס,גרמים,150.00,100 גרם,false,1,6.90,4.60,true,1,
7290111568275,false,אטריות נודלס אורז רחבות אסם אסייתי 300גרם,קבוצת אוסם סחר שותפות מוגבלת,TH,נודלס אטריות,גרמים,300.00,100 גרם,false,1,7.90,2.63,true,1,
>>>>>>> d048ac2f4f281c9d788043ab4e81b61b0dbe3743
7290111650925,false,"סלט תפו""א לימונס 250 גרם",לימון אוכל מוכן לשיו,IL,"סלט תפו""א",גרמים,250.00,100 גרם,false,1,8.70,3.48,true,1,
7290111653315,false,סלט מלפפונים בתחמיץ לימונס 750 גרם,לימון אוכל מוכן לשיו,IL,סלט מלפפונים,גרמים,850.00,100 גרם,false,1,19.90,2.34,true,1,
7290111662409,false,סכין רטרו לבן תבניכל,,IL,סכין רטרו לבן תב,יחידה,1.00,יחידה,false,1,2.90,2.90,true,1,
7290111662577,false,ניילון נצמד + סכין 10*45,,IL,ניילון נצמד,יחידה,1.00,יחידה,false,1,15.90,15.90,true,1,
7290111663093,false,מפיות פרינס סופיה 20 יחי,DOMOS,DE,מפיות פרינס,יחידה,1.00,יחידה,false,1,3.90,3.90,true,1,
7290111663833,false,מנג'ט מס' 3 כסף 60 יחידו,,CN,מנג'ט,יחידה,1.00,יחידה,false,1,4.90,4.90,true,1,
7290111663840,false,מנג'ט מס' 3 זהב 60 יחידו,,CN,מנג'ט,יחידה,1.00,יחידה,false,1,4.90,4.90,true,1,
7290111663857,false,מנג'ט מס' 4 כסף 60 יחידו,,CN,מנג'ט,יחידה,1.00,יחידה,false,1,5.90,5.90,true,1,
7290111663864,false,מנג'ט מס' 4 זהב 60 יחידו,,CN,מנג'ט,יחידה,1.00,יחידה,false,1,5.90,5.90,true,1,
7290111663871,false,מנג'ט מס' 5 כסף 60 יחידו,,CN,מנג'ט,יחידה,1.00,יחידה,false,1,5.90,5.90,true,1,
7290111663888,false,מנג'ט מס' 5 זהב 60 יחידו,,CN,מנג'ט,יחידה,1.00,יחידה,false,1,5.90,5.90,true,1,
7290111664045,false,סכין ורסאי שקוף -אר',,IL,סכין ורסאי שקוף,יחידה,1.00,יחידה,false,1,2.90,2.90,true,1,
7290111664069,false,כפית ורסאי שקוף -אר',,IL,כפית ורסאי שקוף,יחידה,1.00,יחידה,false,1,2.90,2.90,true,1,
7290111664120,false,סכין ורסאי לבן -אר',,IL,סכין ורסאי לבן,יחידה,1.00,יחידה,false,1,2.90,2.90,true,1,
7290111664144,false,כפית ורסאי לבן יחי',,IL,כפית ורסאי לבן,יחידה,1.00,יחידה,false,1,2.90,2.90,true,1,
7290111665080,false,מפיות רויאל עגולות .,,IL,מפיות רויאל עגול,יחידה,1.00,יחידה,false,1,3.90,3.90,true,1,
7290111665097,false,תבנית נייר אינגליש קייק,,IL,תבנית אינגליש,יחידה,1.00,יחידה,false,1,1.00,1.00,true,1,
7290111665912,false,כוס נייר לגלידה 100מל 25,,IL,כוס נייר לגלידה,יחידה,1.00,יחידה,false,1,5.90,5.90,true,1,
7290111665929,false,כוס נייר לגלידה 140מל 25,,IL,כוס נייר לגלידה,יחידה,1.00,יחידה,false,1,6.90,6.90,true,1,
7290111666131,false,קערה פסים קטנה יח,,CN,קערה פסים,יחידה,1.00,יחידה,false,1,4.90,4.90,true,1,
7290111666209,false,כוס ליקר איכותית 50 יח,,IL,כוס ליקר איכותית,יחידה,1.00,יחידה,false,1,7.90,7.90,true,1,
7290111666421,false,קסרול ענן שקוף 25 יחי',,IL,קסרול ענן שקוף,יחידה,1.00,יחידה,false,1,6.90,6.90,true,1,
7290111666438,false,מאפינס מוזהב 12 יח,,CN,מאפינס מוזהב,יחידה,1.00,יחידה,false,1,4.90,4.90,true,1,
7290111666445,false,מאפינס מוכסף 12 יח,,CN,מאפינס מוכסף,יחידה,1.00,יחידה,false,1,4.90,4.90,true,1,
7290111666520,false,קשים פלסטיק שקופים 100 י,,CN,קשים פלסטיק,יחידה,1.00,יחידה,false,1,4.90,4.90,true,1,
7290111870934,false,מרשמלו מסולסל ארוך 18 גר'-מפרץ הרפתקאות,,CN,מרשמלו מסולסל אר,גרמים,432.00,100 גרם,false,1,24.90,5.76,true,1,
7290111931338,false,סבון רחצה פלמוליב לומינוס מועשר בשמנים טבעיים,קולגייט פלמוליב,TR,סבון פלמוליב,מיליליטרים,500.00,"100 מ""ל",false,1,12.90,2.58,true,1,
7290111935817,false,דאו ליידי ספיד סטיק סטיק דרמה פנינה 45 ג,ש.שסטוביץ בעמ,US,ליידי ספיד סטיק,גרמים,45.00,100 גרם,false,1,11.90,26.44,true,1,
7290111936203,false,"ליידי ספיד סטיק דרמה ספריי ויטמין אי 150 מ""ל",ליידי ספיד סטיק Lady Speed Stick,MX,ליידי ספיד סטיק,מיליליטרים,150.00,"100 מ""ל",false,1,11.90,7.93,true,1,
7290111936210,false,דאודורנט ספריי דרמה מכיל תמצית אם הפנינה,ליידי ספיד סטיק Lady Speed Stick,MX,ליידי ספיד סטיק,מיליליטרים,150.00,"100 מ""ל",false,1,11.90,7.93,true,1,
7290111936296,false,"פלמוליב סבון נוזלי בניחוח סנסיישן מסאז' ,750 מ""ל",קולגייט פלמוליב,TR,סבון פלמוליב,מיליליטרים,750.00,"100 מ""ל",false,1,19.50,2.60,true,1,
<<<<<<< HEAD
7290112001221,false,מנקה מכונת כביסה בניחוח נקי ורענן,רקיט בנקיזר,PT,קולון למכונה,מיליליטרים,250.00,"100 מ""ל",false,1,18.90,7.56,true,1,
7290112001436,false,"פיניש מנקה מדיח כלים בניחוח לימון 250 מ""ל",רקיט בנקיזר,PL,פיניש מנקה מדיח,מיליליטרים,250.00,"100 מ""ל",false,1,14.90,5.96,true,1,
7290112003461,false,"אירוויק מקלות ריחניים ורדים וגרניום 80 מ""ל",רקיט בנקיזר,HU,מקלות ריחניים,מיליליטרים,80.00,"100 מ""ל",false,1,15.90,19.88,true,1,
7290112003973,false,"וניש אבקה ורודה מולטי פאואר 1.350 ק""ג א. חסכון חדש להלבנה",רקיט בנקיזר,IT,וניש גולד אבקה,קילוגרמים,1.35,"ק""ג",false,1,29.90,22.15,true,1,
7290112003980,false,וניש תוסף כביסה רב תכליתי לבן 1350 גרם,רקיט בנקיזר,IT,מסיר כתמים אבקה,קילוגרמים,1.35,"ק""ג",false,1,29.90,22.15,true,1,
7290112004314,false,"דטול - תרסיס חיטוי וניקוי בניחוח לימון רימונים 750 מ""ל",רקיט בנקיזר,GB,דטול ספריי ניקוי,מיליליטרים,750.00,"100 מ""ל",false,1,14.90,1.99,true,1,
7290112004413,false,"ספריי וניש קליה להסרת כתמים לבגדים לבנים 750 מ""ל",רקיט בנקיזר,PL,מסיר כתמים ספריי,מיליליטרים,750.00,"100 מ""ל",false,1,14.90,1.99,true,1,
7290112005052,false,וניש תוסף כביסה רב תכליתי לבגדים לבנים,קליה וניש Kalia Vanish,IT,וניש אבקה לכביסה,קילוגרמים,1.50,"ק""ג",false,1,39.90,26.60,true,1,
=======
7290112001221,false,מנקה מכונת כביסה בניחוח נקי ורענן,רקיט בנקיזר (ניר איסט) בעמ,PT,קולון למכונה,מיליליטרים,250.00,"100 מ""ל",false,1,18.90,7.56,true,1,
7290112001436,false,"פיניש מנקה מדיח כלים בניחוח לימון 250 מ""ל",רקיט בנקיזר (ניר איסט) בעמ,PL,פיניש מנקה מדיח,מיליליטרים,250.00,"100 מ""ל",false,1,14.90,5.96,true,1,
7290112003461,false,"אירוויק מקלות ריחניים ורדים וגרניום 80 מ""ל",רקיט בנקיזר (ניר איסט) בעמ,HU,מקלות ריחניים,מיליליטרים,80.00,"100 מ""ל",false,1,15.90,19.88,true,1,
7290112003973,false,"וניש אבקה ורודה מולטי פאואר 1.350 ק""ג א. חסכון חדש להלבנה",רקיט בנקיזר (ניר איסט) בעמ,IT,וניש גולד אבקה,קילוגרמים,1.35,"ק""ג",false,1,29.90,22.15,true,1,
7290112003980,false,"וניש מסיר כתמים אבקה לכביסה 1.35ק""ג לבן",רקיט בנקיזר (ניר איסט) בעמ,IT,מסיר כתמים אבקה,קילוגרמים,1.35,"ק""ג",false,1,29.90,22.15,true,1,
7290112004314,false,"דטול - תרסיס חיטוי וניקוי בניחוח לימון רימונים 750 מ""ל",רקיט בנקיזר (ניר איסט) בעמ,GB,דטול ספריי ניקוי,מיליליטרים,750.00,"100 מ""ל",false,1,14.90,1.99,true,1,
7290112004413,false,"ספריי וניש קליה להסרת כתמים לבגדים לבנים 750 מ""ל",רקיט בנקיזר (ניר איסט) בעמ,PL,מסיר כתמים ספריי,מיליליטרים,750.00,"100 מ""ל",false,1,14.90,1.99,true,1,
7290112005052,false,וניש תוסף כביסה רב תכליתי לבגדים לבנים,רקיט בנקיזר (ניר איסט) בעמ,IT,וניש אבקה לכביסה,קילוגרמים,1.50,"ק""ג",false,1,39.90,26.60,true,1,
>>>>>>> d048ac2f4f281c9d788043ab4e81b61b0dbe3743
7290112012593,false,רוטב מרינדה שום ודבש מעולה 500 ג,,IL,רוטב מרינדה שום,גרמים,500.00,100 גרם,false,1,10.90,2.18,true,1,
7290112012609,false,רוטב טריאקי גינגר ושומשום 500 גר מעולה,,IL,רוטב טריאקי גינג,גרמים,500.00,100 גרם,false,1,10.90,2.18,true,1,
7290112014283,false,רוטב שום לייט מעולה 500 גר,,IL,רוטב שום לייט מע,יחידה,1.00,יחידה,false,1,10.90,10.90,true,1,
7290112192578,false,משחת שיניים פרודונטקס אקסטרה פרש הגנה מלאה,ג'י.אס.קיי קונסיומר,IE,משחת פרודונטקס,מיליליטרים,75.00,"100 מ""ל",false,1,23.90,31.87,true,1,
<<<<<<< HEAD
7290112195784,false,תות שדה קפוא פרוסטי,גרין האוס,IL,תות שדה פרוסטי,גרמים,300.00,100 גרם,false,1,7.90,2.63,true,1,
7290112330352,false,"יוגורט PRO בטעם וניל 0% , 20 גרם חלבון בגביע","שטראוס בריאות בע""\מ",IL,דנונה פרו20 וניל,גרמים,200.00,100 גרם,false,1,4.90,2.45,true,1,
7290112330390,false,דנונה פרו פירות יער 20 גרם חלבון 0% שומן 200 גרם,"שטראוס בריאות בע""\מ",IL,דנונה פרו 0%,גרמים,200.00,100 גרם,false,1,4.90,2.45,true,1,
=======
7290112195784,false,תות שדה קפוא 300 גר` פרוסטי,נ.ת.נ.ג.ב החזקות יעוץ וניהול ב,IL,תות שדה פרוסטי,גרמים,300.00,100 גרם,false,1,7.90,2.63,true,1,
7290112330352,false,"יוגורט PRO בטעם וניל 0% , 20 גרם חלבון בגביע",שטראוס גרופ בעמ/מצונן,IL,דנונה פרו20 וניל,גרמים,200.00,100 גרם,false,1,4.90,2.45,true,1,
7290112330390,false,דנונה פרו פירות יער 20 גרם חלבון 0% שומן 200 גרם,שטראוס גרופ בעמ/מצונן,IL,דנונה פרו 0%,גרמים,200.00,100 גרם,false,1,4.90,2.45,true,1,
>>>>>>> d048ac2f4f281c9d788043ab4e81b61b0dbe3743
7290112332585,false,פריכיות משולש תפוא אורז בתיבול סלק ומלח ים אנרג'י 30 גרם,"פרח תעשיו מזון בע""מ",IL,"פריכיות תפו""א",גרמים,30.00,100 גרם,false,1,4.90,16.33,true,1,
7290112332691,false,פינוקיות עוגיות קרם פסק זמן אגוזים 200 גרם,"הגביע מוצרי וופלים בע""\מ",IL,פינוקיות פסק זמן,גרמים,200.00,100 גרם,false,1,9.90,4.95,true,1,
7290112335487,false,הפריכיות הטעימות קצח ודגנים אנרג'י 135 גרם,אנרג'י Energy - שטראוס,IL,הפריכיות הטעימות,גרמים,135.00,100 גרם,false,1,9.90,7.33,true,1,
7290112335494,false,הפריכיות הטעימות תפוחי אדמה בטעם פוטטוס,"פרח תעשיות מזון בע""\מ",IL,הפריכיות הטעימות,גרמים,135.00,100 גרם,false,1,9.90,7.33,true,1,
7290112335500,false,"פרכיות אנרג'י חומוס,אורז,עדשים שחורות וקינואה 135 גרם","פרח תעשיות מזון בע""\מ",IL,פריכיות טעימות,גרמים,135.00,100 גרם,false,1,9.90,7.33,true,1,
7290112336637,false,סוכריות מאסט Must ללא סוכר יוגורט תות ואוכניות,שטראוס גרופ בע`מ,PL,סוכריות מאסט,גרמים,80.00,100 גרם,false,1,6.90,8.63,true,1,
7290112336644,false,סוכריות מאסט ללא סוכר לימון 80 ג' עלית,שטראוס גרופ בע`מ,PL,סוכריות מאסט,גרמים,80.00,100 גרם,false,1,6.90,8.63,true,1,
7290112336651,false,סוכריות מאסט ללא סוכר ריבת חלב 80 ג' עלית,שטראוס גרופ בע`מ,PL,סוכריות מאסט,גרמים,80.00,100 גרם,false,1,6.90,8.63,true,1,
7290112337474,false,סוכריות מאסט ללא סוכר פטל לימון 80 ג' עלית,שטראוס גרופ בע`מ,PL,סוכריות מאסט,גרמים,80.00,100 גרם,false,1,6.90,8.63,true,1,
7290112337481,false,סוכריות מאסט ללא סוכר קפצ''ינו 80 ג' עלית,שטראוס גרופ בע`מ,PL,סוכריות מאסט,גרמים,80.00,100 גרם,false,1,6.90,8.63,true,1,
7290112338877,false,מעדן גבינה בטעם תות 3% 125ג' סקי,שטראוס גרופ בעמ/מצונן,IL,סקי תות,גרמים,125.00,100 גרם,false,1,3.50,2.80,true,1,
7290112339867,false,גמדים לדרך גבינה לבנה עם מחית תות,שטראוס גרופ בעמ/מצונן,IL,גמדים לדרך,גרמים,100.00,100 גרם,false,1,4.90,4.90,true,1,
7290112339874,false,גמדים לדרך גבינה לבנה עם מחיות תות ובננה,שטראוס גרופ בעמ/מצונן,IL,גמדים לדרך,גרמים,100.00,100 גרם,false,1,4.90,4.90,true,1,
7290112340122,false,הפריכיות הטעימות 3 דגנים אנרג'י 135 גרם,"פרח תעשיות מזון בע""\מ",IL,פריכיות טעימות,גרמים,135.00,100 גרם,false,1,9.90,7.33,true,1,
7290112340252,false,צנצנת מסטיק מאסט בטעם אבטיח מלון 66 ג' עלית,"שטראוס גרופ בע""\מ",IL,מסטיק אבטיח מלון,גרמים,66.00,100 גרם,false,1,6.90,10.45,true,1,
7290112340276,false,פינוקיות עוגיית קרם קפה נמס 200 גרם,"הגביע מוצרי וופלים בע""\מ",IL,פינוקיות קרם קפה,גרמים,200.00,100 גרם,false,1,9.90,4.95,true,1,
7290112340900,false,קפה טורקי האג נטול קפאין 200 גרם,הנסיך- מפעל לייצור ט,,קפה טורקי האג,יחידה,1.00,יחידה,false,0,24.90,24.90,true,1,
7290112342270,false,קפה פלטינום אינטנס מחוזק ב- 10% אספרסו,שטראוס קפה בי.וי,IL,קפה פלטינום,גרמים,125.00,100 גרם,false,1,15.90,12.72,true,1,
7290112343499,false,חטיף צ'יטוס פאפס אפוי בטעם גבינה,"שטראוס פריטו ליי בע""\מ )",IL,חטיף צ'יטוס puff,גרמים,55.00,100 גרם,false,1,2.90,5.27,true,1,
7290112343512,false,צ'יטוס puffs בטעם גבינה 180 גרם,"שטראוס פריטו ליי בע""\מ )",IL,חטיף ציטוסpuffs,גרמים,160.00,100 גרם,false,1,7.90,4.94,true,1,
7290112344410,false,דבש טהור 400 גרם,מכוורת יד מרדכי שטראוס ב,IL,דבש טהור,גרמים,400.00,100 גרם,false,1,16.90,4.23,true,1,
7290112344755,false,מילקי עם 26% פחות סוכר 135 גר}שטראוס{,שטראוס גרופ בעמ/מצונן,IL,מילקי,גרמים,135.00,100 גרם,false,1,2.50,1.85,true,1,
7290112344786,false,קפה פלטינום קלאסיק עלית 200 גרם,הנסיך- מפעל לייצור ט,IL,קפה נמס פלטינום,גרמים,200.00,100 גרם,false,1,19.90,9.95,true,1,
7290112346360,false,בפלות אחת אחת ופל בטעם שוקולד מצופה שוקולד,הגביע מוצרי וופלים ב,GR,בפלות אחת אחת,גרמים,180.00,100 גרם,false,1,9.90,5.50,true,1,
7290112346537,false,עוגיות פינוקיות בטעם טורטית 200 ג' עלית,"הגביע מוצרי ופלים בע""\מ",IL,פינוקיות טורטית,גרמים,200.00,100 גרם,false,1,9.90,4.95,true,1,
7290112346629,false,דנונה בר יוגורט+קורנפלקס מצופה שוקולד חלב ולבן 172 גרם,שטראוס גרופ בעמ/מצונן,IL,דנונה בר,גרמים,172.00,100 גרם,false,1,3.90,2.27,true,1,
7290112346773,false,יוגורט בטעם וניל 0% לייט אנד פרי 10 גרם חלבון בגביע,שטראוס גרופ בעמ/מצונן,IL,דנונה לייט וניל,גרמים,150.00,100 גרם,false,1,3.90,2.60,false,1,
7290112347008,false,גמדים לדרך גבינה לבנה עם מחית תות ושיבולת שועל,שטראוס גרופ בעמ/מצונן,IL,גמדים ארוחת בוקר,גרמים,100.00,100 גרם,false,1,4.90,4.90,true,1,
7290112349705,false,פומודורו רוטב עגבניות קלאסי לפסטה יד מרדכי 350 גרם,אמיליאנה קונסרב סוסייטה,IT,רוטב לפסטה,גרמים,350.00,100 גרם,false,1,9.90,2.83,true,1,
7290112349736,false,בזיליקום רוטב עגבניות לפסטה יד מרדכי 350 גרם,אמיליאנה קונסרב סוסייטה,IT,רוטב עגבניות,גרמים,350.00,100 גרם,false,1,9.90,2.83,true,1,
7290112349743,false,ארביאטה רוטב עגבניות פיקנטי לפסטה 350 ג' יד מרדכי,אמיליאנה קונסרב סוסייטה,IT,רוטב עגבניות,גרמים,350.00,100 גרם,false,1,9.90,2.83,true,1,
7290112349750,false,פיצה רוטב עגבניות לפיצה יד מרדכי 350 גרם,אמיליאנה קונסרב סוסייטה,IT,רוטב עגבניות,גרמים,350.00,100 גרם,false,1,9.90,2.83,true,1,
7290112350312,false,קפסולות 15 קפה יותר למכונות נספרסו עלית 10יח',הנסיך- מפעל לייצור ט,IL,קפסולות קפה,גרמים,50.00,100 גרם,false,1,15.50,31.00,true,1,
7290112350589,false,צ`יקו להכנת משקה צ`יקוריה עלית (65 גרם),שטראוס קפה בי.וי,IL,תחליף קפה צ'יקו,גרמים,65.00,100 גרם,false,1,11.90,18.31,true,1,
7290112351258,false,עוגיית קקאו פינוקיות שחור לבן 200 גר,"הגביע מוצרי ופלים בע""\מ",IL,פינוקיות שחור לב,גרמים,200.00,100 גרם,false,1,9.90,4.95,true,1,
7290112351463,false,שלישיית סוכריות מאסט FRESH פטל לימון 45 ג' עלית,"הליקון גידה בע""\מ",TR,"סוכריות לל""ס",גרמים,45.00,100 גרם,false,1,7.90,17.56,true,1,
7290112351470,false,סוכריות ללא סוכר בטעם תות רימון מאסט פרש,"הליקון גידה בע""\מ",TR,"סוכריות לל""ס",גרמים,45.00,100 גרם,false,1,7.90,17.56,true,1,
7290112355027,false,דנונה פרו 20 גרם חלבון בטעם קרמל מלוח 200 גרם,שטראוס גרופ בעמ/מצונן,IL,דנונה פרו קרמל,גרמים,200.00,100 גרם,false,1,4.90,2.45,true,1,
7290112355102,false,גמדים סקוויז 100 גרם פאוץ סלט פירות 100 גרם,שטראוס גרופ בעמ/מצונן,IL,גמדים לדרך,גרמים,100.00,100 גרם,false,1,4.90,4.90,false,1,
7290112355812,false,מילקי טופ קורנפלקס 141 ג' שטראוס,שטראוס גרופ בעמ/מצונן,IL,מילקי טופ,גרמים,141.00,100 גרם,false,1,3.90,2.77,true,1,
7290112355867,false,מילקי קצפת טופ פיצפוץ86ג,"שטראוס גרופ בע""\מ",IL,מילקי קצפת,גרמים,86.00,100 גרם,false,1,3.50,4.07,true,1,
7290112358127,false,דנונה פרו חלבון+מגנזיום- וניל ועוגיות 200 גרם,שטראוס גרופ בעמ/מצונן,IL,דנונ.פרו+מגנזיום,גרמים,200.00,100 גרם,false,1,5.90,2.95,true,1,
7290112358219,false,רוטב צ`ילי מתוק יד מרדכי (300 גר`),אף.סי תבליני בגליל ב,IL,רוטב צ'ילי מתוק,גרמים,300.00,100 גרם,false,1,8.90,2.97,true,1,
7290112358240,false,רוטב גריל יד מרדכי 300 גרם,שטראוס גרופ בע`מ,IL,רוטב גריל,גרמים,300.00,100 גרם,false,1,8.90,2.97,true,1,
7290112358554,false,מארז קפה נמס מנות אישיות לדרך 50.4 גר,שטראוס גרופ בע`מ,RO,נמס לדרך מארז,גרמים,50.00,100 גרם,false,1,9.90,19.80,true,1,
7290112358561,false,קפה נמס פלטינום קלאסי 47 ג' עלית,שטראוס גרופ בע`מ,PL,קפה פלטינום קלאס,גרמים,47.00,100 גרם,false,1,5.90,12.55,true,1,
7290112359384,false,עלית - קפה נמס אלפחורס ריבת חלב 100 גרם,שטראוס קפה בי.וי,IL,קפה נמס אלפחורס,גרמים,100.00,100 גרם,false,1,13.90,13.90,true,1,
7290112359902,false,"קפה פלטינום ברזיל עלית, 47 גרם",שטראוס גרופ בע`מ,PL,פלטינום ברזיל47ג,גרמים,47.00,100 גרם,false,1,5.90,12.55,true,1,
7290112482341,false,צלחת קטנה קיסר לבן-כסף 10 יח לפיד,פאלאס תעשיות נטו (2014) בעמ,IL,צלחת קטנה קיסר,יחידה,1.00,יחידה,false,1,16.90,16.90,true,1,
7290112482358,false,צלחת גדולה קיסר לבן-קיסר 10 יח לפיד,פאלאס תעשיות נטו (2014) בעמ,IL,צלחת גודלה קיסר,יחידה,1.00,יחידה,false,1,21.90,21.90,true,1,
7290112482365,false,צלחת ענק קיסר לבן-כסף 10 יח לפיד,פאלאס תעשיות נטו (2014) בעמ,IL,צלחת ענק קיסר לב,יחידה,1.00,יחידה,false,1,26.90,26.90,true,1,
7290112482372,false,צלחת מרק קיסר לבן-כסף 10 יח לפיד,פאלאס תעשיות נטו (2014) בעמ,IL,צלחת מרק קיסר,יחידה,1.00,יחידה,false,1,16.90,16.90,true,1,
7290112482389,false,צלחת לפתן קיסר לבן-כסף 10 יח לפיד,פאלאס תעשיות נטו (2014) בעמ,IL,צלחת לפתן קיסר,יחידה,1.00,יחידה,false,1,11.90,11.90,true,1,
7290112482396,false,צלחת קטנה קיסר שחור כסף,פאלאס,IL,צלחת קטנה,יחידה,1.00,יחידה,false,1,16.90,16.90,true,1,
7290112482402,false,צלחת גדולה קיסר שחור-כסף 10 יח לפיד,פאלאס תעשיות נטו (2014) בעמ,IL,צלחת גדולה,יחידה,1.00,יחידה,false,1,21.90,21.90,true,1,
7290112482419,false,צלחת ענק קיסר שחור-כסף 10 יח לפיד,פאלאס תעשיות נטו (2014) בעמ,IL,צלחת ענק,יחידה,1.00,יחידה,false,1,26.90,26.90,true,1,
7290112482426,false,צלחת מרק קיסר שחור-כסף 10 יח לפיד,פאלאס תעשיות נטו (2014) בעמ,IL,צלחת מרק קיסר שח,יחידה,1.00,יחידה,false,1,16.90,16.90,true,1,
7290112482433,false,צלחת לפתן קיסר שחור כסף,,IL,צלחת לפתן קיסר,יחידה,1.00,יחידה,false,1,11.90,11.90,true,1,
7290112483010,false,צלחת קטנה שחור פרח 20 יח,פאלאס,IL,צלחת קטנה שחור פ,יחידה,1.00,יחידה,false,1,14.90,14.90,true,1,
7290112483027,false,צלחת גדול שחור פרח 20 יח,פאלאס,IL,צלחת גדול שחור פ,יחידה,1.00,יחידה,false,1,17.90,17.90,true,1,
7290112483034,false,צלחות מרק פרח שחור ל,פאלאס,IL,מרק שחור פרח,יחידה,1.00,יחידה,false,1,14.90,14.90,true,1,
7290112483058,false,צלחת קטנה קרם פרח 20 יחי,פאלאס,IL,צלחת קטנה קרם פר,יחידה,1.00,יחידה,false,1,14.90,14.90,true,1,
7290112483065,false,צלחת גדול קרם פרח 20 יחי,פאלאס,IL,צלחת גדול קרם פר,יחידה,1.00,יחידה,false,1,17.90,17.90,true,1,
7290112483072,false,צלחות מרק פרח קרם לפ,פאלאס,IL,מרק קרם פרח,יחידה,1.00,יחידה,false,1,14.90,14.90,true,1,
<<<<<<< HEAD
7290112483430,false,כפות חד פעמי 50יחידו,פאלאס,IL,50 כפות שקופות ל,יחידה,1.00,יחידה,false,1,7.90,7.90,true,1,
7290112483447,false,כפיות שקופות לפיד 50,פאלאס,IL,50 כפות שקופות ל,יחידה,1.00,יחידה,false,1,6.90,6.90,true,1,
7290112483454,false,50 מזלגות שקופות לפיד,פאלאס,IL,50 מזלגות שקופות,יחידה,1.00,יחידה,false,1,7.90,7.90,true,1,
7290112483461,false,50 סכינים שקופים לפיד,פאלאס,IL,50 סכינים שקופים,יחידה,1.00,יחידה,false,1,7.90,7.90,true,1,
=======
7290112483430,false,כפות שקופות לפיד 50 יח,פאלאס תעשיות נטו (2014) בעמ,IL,50 כפות שקופות ל,יחידה,1.00,יחידה,false,1,7.90,7.90,true,1,
7290112483447,false,כפיות שקופות לפיד 50 יח,פאלאס תעשיות נטו (2014) בעמ,IL,50 כפות שקופות ל,יחידה,1.00,יחידה,false,1,6.90,6.90,true,1,
7290112483454,false,מזלגות שקופות לפיד 50 יח,פאלאס תעשיות נטו (2014) בעמ,IL,50 מזלגות שקופות,יחידה,1.00,יחידה,false,1,7.90,7.90,true,1,
7290112483461,false,סכינים שקופות לפיד 50 יח,פאלאס תעשיות נטו (2014) בעמ,IL,50 סכינים שקופים,יחידה,1.00,יחידה,false,1,7.90,7.90,true,1,
>>>>>>> d048ac2f4f281c9d788043ab4e81b61b0dbe3743
7290112483867,false,צלחת 7 רוז פנינה לבן 10,,IL,צלחת 7 רוז פנינה,יחידה,1.00,יחידה,false,1,11.90,11.90,true,1,
7290112483874,false,צלחת 9 רוז פנינה לבן 10,,IL,צלחת 9 רוז פנינה,יחידה,1.00,יחידה,false,1,14.90,14.90,true,1,
7290112483881,false,צלחת ענק רוז פנינה ל,,,צלחת 10 רוז פנינ,יחידה,1.00,יחידה,false,0,16.90,16.90,true,1,
7290112483898,false,מרק רוז פנינה לבן 10,,IL,מרק רוז פנינה לב,יחידה,1.00,יחידה,false,1,12.90,12.90,true,1,
7290112483904,false,לפתן רוז פנינה לבן 10,,IL,לפתן רוז פנינה,יחידה,1.00,יחידה,false,1,8.90,8.90,true,1,
7290112483911,false,קסרול רוז פנינה לבן 10,,IL,קסרול רוז פנינה,יחידה,1.00,יחידה,false,1,9.90,9.90,true,1,
7290112484505,false,קערית אובלי קיסר לבן כסף 10 יח`,פאלאס תעשיות נטו (2014) בעמ,IL,קערית אובלי לבן,יחידה,1.00,יחידה,false,1,12.90,12.90,true,1,
7290112486455,false,צלחת קטן אלגנט 20 יחי',פאלאס,IL,צלחת קטן אלגנט,יחידה,1.00,יחידה,false,1,6.90,6.90,true,1,
7290112486462,false,צלחת גדול אלגנט 20 יחי',פאלאס,IL,צלחת גדול אלגנט,יחידה,1.00,יחידה,false,1,11.90,11.90,true,1,
7290112486479,false,צלחת ענק אלגנט 20 יחי',פאלאס,IL,צלחת ענק אלגנט 2,יחידה,1.00,יחידה,false,1,17.90,17.90,true,1,
7290112486493,false,צלחת לפתן אלגנט 20 יחי',פאלאס,IL,צלחת לפתן אלגנט,יחידה,1.00,יחידה,false,1,4.90,4.90,true,1,
7290112486509,false,קערית אובלי אלגנט 20 יחי,פאלאס,IL,קערית אובלי אלגנ,יחידה,1.00,יחידה,false,1,5.90,5.90,true,1,
7290112486516,false,מגש אובלי אלגנט 20 יחי,פאלאס,IL,מגש אובלי אלגנ,יחידה,1.00,יחידה,false,1,21.90,21.90,true,1,
<<<<<<< HEAD
7290112490032,false,"נמס בכוס טעם תירס קנור 31 גרם מארז זוגי בד""צ",יוניליוור ישראל מזון בעמ,IL,נמס בכוס תירס,גרמים,45.00,100 גרם,false,1,4.90,10.89,true,1,
7290112490742,false,מרק עשיר פטריות עם גריסים רכיבים טבעיים 104 ג' קנור,יוניליוור ישראל מזון בע\,IL,מרק עשיר פטריות,גרמים,104.00,100 גרם,false,1,9.90,9.52,true,1,
7290112490827,false,תרסיס ריחני למייבש הכביסה בדין בייבי 500,"זוהר דליה, קיבוץ דליה, 1",IL,תרסיס בדין בייבי,מיליליטרים,500.00,"100 מ""ל",false,1,13.90,2.78,true,1,
7290112490896,false,"קנור רוטב צ'ילי חריף 370 מ""ל PAL",יוניליוור מזון,IL,רוטב צ'ילי חריף,גרמים,370.00,100 גרם,false,1,9.90,2.68,true,1,
7290112491701,false,ברנפלקס בטעם וניל מעודן 20% חלבון Extra Protein,יוניליוור ישראל מזון בעמ,IL,ברנפלקס אקסטרה,גרמים,375.00,100 גרם,false,1,17.90,4.77,true,1,
7290112491770,false,בייגלה דקים דקים מלח ים בייגל בייגל 300 גרם.,בייגל את בייגל מזון 198),IL,בייגלה דקים,גרמים,300.00,100 גרם,false,1,7.90,2.63,true,1,
7290112492449,false,פינוק שמפו שיער רגיל 700 מל-חדש,יוניליוור ישראל טיפוח אי,IL,שמפו לשיער רגיל,מיליליטרים,700.00,"100 מ""ל",false,1,11.90,1.70,true,1,
7290112492456,false,"שמפו פינוק לשיער יבש/פגום 700 מ""ל",יוניליוור ישראל טיפוח אי,IL,שמפו לשיער יבש,מיליליטרים,700.00,"100 מ""ל",false,1,11.90,1.70,true,1,
7290112492463,false,"שמפו ומרכך 2 ב-1 לשיער רגיל פינוק 700 מ""ל.",יוניליוור ישראל טיפו,IL,פינוק שמפו+מרכך,מיליליטרים,700.00,"100 מ""ל",false,0,11.90,1.70,true,1,
7290112492487,false,פינוק שמפו לשיער עם שמן מרוקאי 700 מל,יוניליוור ישראל טיפוח אי,IL,שמפו פינוק,מיליליטרים,700.00,"100 מ""ל",false,1,11.90,1.70,true,1,
7290112492500,false,פינוק שמפו לשיער עם שמן קוקוס 700 מל,"יוניליור ישראל, טיפו",IL,שמפו פינוק,מיליליטרים,700.00,"100 מ""ל",false,1,11.90,1.70,true,1,
7290112492531,false,פינוק מרכך שיער רגיל 700 מל-חדש,יוניליוור פארם,IL,מרכך לשיער רגיל,מיליליטרים,700.00,"100 מ""ל",false,1,11.90,1.70,true,1,
7290112492548,false,"מרכך פינוק עם שמן חוחובה 700 מ""ל",יוניליוור פארם,IL,מרכך פינוק,מיליליטרים,700.00,"100 מ""ל",false,1,11.90,1.70,true,1,
7290112492579,false,פינוק מרכך בתוספת שמן קוקוס 700 מל-חדש,יוניליוור ישראל טיפוח אי,IL,מרכך פינוק,מיליליטרים,700.00,"100 מ""ל",false,1,11.90,1.70,true,1,
7290112492609,false,"תחליב רחצה פינוק 700 מ""ל לבנדר ווניל",יוניליוור ישראל טיפוח אי,IL,תחליב רחצה פינוק,מיליליטרים,700.00,"100 מ""ל",false,1,9.90,1.41,true,1,
7290112492647,false,"פינוק לגבר 3 ב1 שמפו ג'ל רחצה וסבון פנים 700 מ""ל",יוניליוור ישראל טיפוח אי,IL,פינוק רחצה לגבר,מיליליטרים,700.00,"100 מ""ל",false,1,11.90,1.70,true,1,
7290112492746,false,"פינוק מרכך ללא דמעות לסירוק קל לילדים 700 מ""ל",יוניליוור ישראל טיפוח אי,IL,מרכך פינוק ילדים,מיליליטרים,700.00,"100 מ""ל",false,1,9.90,1.41,true,1,
7290112492999,false,קנור מרק עוף אמיתי 400 גרם פרווה,יוניליוור ישראל מזון בע\,IL,מרק בטעם עוף,גרמים,400.00,100 גרם,false,1,9.90,2.48,true,1,
7290112494153,false,תיבולית בניחוח צלי קנור 72 גרם,יוניליוור ישראל מזון בע\,IL,תיבוליות לצלי,גרמים,72.00,100 גרם,false,1,7.90,10.97,true,1,
7290112494238,false,קליק - כדורים חלב תפזורת 65 גרם,יוניליוור ישראל מזון בע\,IL,קליק כדורים,גרמים,65.00,100 גרם,false,1,3.90,6.00,true,1,
7290112494283,false,קליק - מעורב חום לבן תפזורת 65 גרם,יוניליוור ישראל מזון בע\,IL,קליק חום לבן,גרמים,65.00,100 גרם,false,1,3.90,6.00,true,1,
7290112494351,false,תלמה קורנפלקס של אלופים 850 גרם,"יוניליוור שפע ישראל בע""\",IL,קורנפלקס אלופים,גרמים,850.00,100 גרם,false,1,15.90,1.87,true,1,
7290112495044,false,ציפי (פצפוצים) גריין בדצ 500גר,"יוניליור שפע ישראל בע""\מ",IL,קוקומן פצפוצים,גרמים,375.00,100 גרם,false,1,12.90,3.44,true,1,
7290112495143,false,נשנושי קרקר קוקטייל מלוח בייגל בייגל 300 גרם,בייגל את בייגל מזון 198),IL,נשנושי קרקר,גרמים,300.00,100 גרם,false,1,8.90,2.97,true,1,
7290112495280,false,ריבועי ברנפלקס קינמון תלמה 400 גרם,"יוניליוור שפע ישראל בע""\",IL,ברנפלקס קינמון,גרמים,400.00,100 גרם,false,1,19.90,4.98,true,1,
7290112495754,false,"רטבי הלמנס לסלט 300 מ""ל אלף האיים",יוניליוור ישראל מזון בעמ,IL,רוטב אלף האיים,גרמים,305.00,100 גרם,false,1,8.90,2.92,true,1,
7290112495785,false,רוטב לסלט שום הלמנס 300ג,יוניליוור ישראל מזון בעמ,IL,רוטב שום לסלט,גרמים,300.00,100 גרם,false,1,8.90,2.97,true,1,
7290112495792,false,הלמנס רוטב לסלט שום לייט 300 גר',יוניליוור ישראל מזון בעמ,IL,רוטב שום לייט,גרמים,300.00,100 גרם,false,1,8.90,2.97,true,1,
7290112495808,false,"רטבי הלמנס לסלט 300 מ""ל חרדל ודבש",יוניליוור ישראל מזון בעמ,IL,רוטב חרדל ודבש,גרמים,305.00,100 גרם,false,1,8.90,2.92,true,1,
7290112495815,false,"רוטב חרדל ודבש לייט הלמנס 305 גרם בד""צ.",יוניליוור ישראל מזון בעמ,IL,רוטב חרדל ודבש,גרמים,305.00,100 גרם,false,1,8.90,2.92,true,1,
7290112496027,false,סירופ שוקולד אפיכל 580 גרם,יוניליוור ישראל מזון בע\,IL,סירופ בטעם שוקול,גרמים,580.00,100 גרם,false,1,9.90,1.71,true,1,
7290112496034,false,סירופ מייפל אפיכל 580 גרם,יוניליוור ישראל מזון בע\,IL,סירופ בטעם מייפל,גרמים,580.00,100 גרם,false,1,9.90,1.71,true,1,
7290112496218,false,קנור רוטב טריאקי הפחתה של מעל 50% סוכר ונתרן 310 ג',יוניליוור ישראל מזון בעמ,IL,רוטב טריאקי,גרמים,370.00,100 גרם,false,1,9.90,2.68,true,1,
7290112496270,false,"פתית צ'יפס תפו""א בתוספת עגבניות ועשבי תיבול 22 גרם",JLM גלובל פודסn37\ דרך א,GB,פתית צ'יפס,גרמים,22.00,100 גרם,false,1,3.90,17.73,true,1,
=======
7290112490032,false,"נמס בכוס טעם תירס קנור 31 גרם מארז זוגי בד""צ",יוניליוור ישראל שיווק בע`מ,IL,נמס בכוס תירס,גרמים,45.00,100 גרם,false,1,4.90,10.89,true,1,
7290112490742,false,מרק עשיר פטריות עם גריסים רכיבים טבעיים 104 ג' קנור,יוניליוור ישראל שיווק בע`מ,IL,מרק עשיר פטריות,גרמים,104.00,100 גרם,false,1,9.90,9.52,true,1,
7290112490827,false,תרסיס ריחני למייבש הכביסה בדין בייבי 500,יוניליוור ישראל שיווק בע`מ,IL,תרסיס בדין בייבי,מיליליטרים,500.00,"100 מ""ל",false,1,13.90,2.78,true,1,
7290112490896,false,"קנור רוטב צ'ילי חריף 370 מ""ל PAL",יוניליוור ישראל שיווק בע`מ,IL,רוטב צ'ילי חריף,גרמים,370.00,100 גרם,false,1,9.90,2.68,true,1,
7290112491701,false,ברנפלקס בטעם וניל מעודן 20% חלבון Extra Protein,יוניליוור ישראל שיווק בע`מ,IL,ברנפלקס אקסטרה,גרמים,375.00,100 גרם,false,1,17.90,4.77,true,1,
7290112491770,false,בייגלה דקים דקים מלח ים בייגל בייגל 300 גרם.,יוניליוור ישראל שיווק בע`מ,IL,בייגלה דקים,גרמים,300.00,100 גרם,false,1,7.90,2.63,true,1,
7290112492449,false,פינוק שמפו שיער רגיל 700 מל-חדש,"יוניליוור ישראל שיווק בע""מ",IL,שמפו לשיער רגיל,מיליליטרים,700.00,"100 מ""ל",false,1,11.90,1.70,true,1,
7290112492456,false,"שמפו פינוק לשיער יבש/פגום 700 מ""ל",יוניליוור ישראל שיווק בע`מ,IL,שמפו לשיער יבש,מיליליטרים,700.00,"100 מ""ל",false,1,11.90,1.70,true,1,
7290112492463,false,"שמפו ומרכך 2 ב-1 לשיער רגיל פינוק 700 מ""ל.",יוניליוור ישראל שיווק בע`מ,IL,פינוק שמפו+מרכך,מיליליטרים,700.00,"100 מ""ל",false,0,11.90,1.70,true,1,
7290112492487,false,פינוק שמפו לשיער עם שמן מרוקאי 700 מל,יוניליוור ישראל שיווק בע`מ,IL,שמפו פינוק,מיליליטרים,700.00,"100 מ""ל",false,1,11.90,1.70,true,1,
7290112492500,false,פינוק שמפו לשיער עם שמן קוקוס 700 מל,יוניליוור ישראל שיווק בע`מ,IL,שמפו פינוק,מיליליטרים,700.00,"100 מ""ל",false,1,11.90,1.70,true,1,
7290112492531,false,"פינוק קונדישנר לשיער רגיל 700מ""ל",יוניליוור ישראל שיווק בע`מ,IL,מרכך לשיער רגיל,מיליליטרים,700.00,"100 מ""ל",false,1,11.90,1.70,true,1,
7290112492548,false,"מרכך פינוק עם שמן חוחובה 700 מ""ל",יוניליוור ישראל שיווק בע`מ,IL,מרכך פינוק,מיליליטרים,700.00,"100 מ""ל",false,1,11.90,1.70,true,1,
7290112492579,false,פינוק מרכך בתוספת שמן קוקוס 700 מל-חדש,יוניליוור ישראל שיווק בע`מ,IL,מרכך פינוק,מיליליטרים,700.00,"100 מ""ל",false,1,11.90,1.70,true,1,
7290112492609,false,"תחליב רחצה פינוק 700 מ""ל לבנדר ווניל",יוניליוור ישראל שיווק בע`מ,IL,תחליב רחצה פינוק,מיליליטרים,700.00,"100 מ""ל",false,1,9.90,1.41,true,1,
7290112492647,false,"פינוק לגבר 3 ב1 שמפו ג'ל רחצה וסבון פנים 700 מ""ל",יוניליוור ישראל שיווק בע`מ,IL,פינוק רחצה לגבר,מיליליטרים,700.00,"100 מ""ל",false,1,11.90,1.70,true,1,
7290112492746,false,"פינוק מרכך ללא דמעות לסירוק קל לילדים 700 מ""ל",יוניליוור ישראל שיווק בע`מ,IL,מרכך פינוק ילדים,מיליליטרים,700.00,"100 מ""ל",false,1,9.90,1.41,true,1,
7290112492999,false,קנור מרק עוף אמיתי 400 גרם פרווה,יוניליוור ישראל שיווק בע`מ,IL,מרק בטעם עוף,גרמים,400.00,100 גרם,false,1,9.90,2.48,true,1,
7290112494153,false,תיבוליות ניחוח צלי קנור( 72 גרם),יוניליוור ישראל שיווק בע`מ,IL,תיבוליות לצלי,גרמים,72.00,100 גרם,false,1,7.90,10.97,true,1,
7290112494238,false,חטיף כדורים שוקולד חלב קליק (65 גרם),יוניליוור ישראל שיווק בע`מ,IL,קליק כדורים,גרמים,65.00,100 גרם,false,1,3.90,6.00,true,1,
7290112494283,false,חטיף כדורים מעורב חום לבו 65 גר`קליק,יוניליוור ישראל שיווק בע`מ,IL,קליק חום לבן,גרמים,65.00,100 גרם,false,1,3.90,6.00,true,1,
7290112494351,false,קורנפלקס של אלופים תלמה (850 גרם).בדצ,יוניליוור ישראל שיווק בע`מ,IL,קורנפלקס אלופים,גרמים,850.00,100 גרם,false,1,15.90,1.87,true,1,
7290112495044,false,דגני קוקומן פצפוצים תלמה (375 גרם),יוניליוור ישראל שיווק בע`מ,IL,קוקומן פצפוצים,גרמים,375.00,100 גרם,false,1,12.90,3.44,true,1,
7290112495143,false,נשנושי קרקר קוקטייל מלוח בייגל בייגל 300 גרם,יוניליוור ישראל שיווק בע`מ,IL,נשנושי קרקר,גרמים,300.00,100 גרם,false,1,8.90,2.97,true,1,
7290112495280,false,ברנפלקס ריבועי קינמון תלמה (400 גרם),יוניליוור ישראל שיווק בע`מ,IL,ברנפלקס קינמון,גרמים,400.00,100 גרם,false,1,19.90,4.98,true,1,
7290112495754,false,רוטב לסלט אלף האיים הלמנס (305 מל),יוניליוור ישראל שיווק בע`מ,IL,רוטב אלף האיים,גרמים,305.00,100 גרם,false,1,8.90,2.92,true,1,
7290112495785,false,רוטב לסלט שום (300 גרם)הלמנס,יוניליוור ישראל שיווק בע`מ,IL,רוטב שום לסלט,גרמים,300.00,100 גרם,false,1,8.90,2.97,true,1,
7290112495792,false,רוטב הלמנס שום לייט לסלט 305גר כשלפ,יוניליוור ישראל שיווק בע`מ,IL,רוטב שום לייט,גרמים,300.00,100 גרם,false,1,8.90,2.97,true,1,
7290112495808,false,רוטב לסלט חרדל ודבש הלמנס (305 מל),יוניליוור ישראל שיווק בע`מ,IL,רוטב חרדל ודבש,גרמים,305.00,100 גרם,false,1,8.90,2.92,true,1,
7290112495815,false,רוטב לסלט חרדל ודבש לייט (305 גרם)הלמנס,יוניליוור ישראל שיווק בע`מ,IL,רוטב חרדל ודבש,גרמים,305.00,100 גרם,false,1,8.90,2.92,true,1,
7290112496027,false,"סירופ שוקולד לחיץ 580 מ""ל כשל""פ אפיכל",יוניליוור ישראל שיווק בע`מ,IL,סירופ בטעם שוקול,גרמים,580.00,100 גרם,false,1,9.90,1.71,true,1,
7290112496034,false,"סירופ מייפל לחיץ 580 מ""ל כשל""פ אפיכל",יוניליוור ישראל שיווק בע`מ,IL,סירופ בטעם מייפל,גרמים,580.00,100 גרם,false,1,9.90,1.71,true,1,
7290112496218,false,קנור רוטב טריאקי הפחתה של מעל 50% סוכר ונתרן 310 ג',יוניליוור ישראל שיווק בע`מ,IL,רוטב טריאקי,גרמים,370.00,100 גרם,false,1,9.90,2.68,true,1,
7290112496270,false,"פתית צ'יפס תפו""א בתוספת עגבניות ועשבי תיבול 22 גרם",יוניליוור ישראל שיווק בע`מ,GB,פתית צ'יפס,גרמים,22.00,100 גרם,false,1,3.90,17.73,true,1,
>>>>>>> d048ac2f4f281c9d788043ab4e81b61b0dbe3743
7290112496874,false,מעולה גביעי גלידה ממתוקים 30 יחי,,,גביעי גלידה,יחידה,1.00,יחידה,false,0,6.90,6.90,true,1,
7290112497710,false,פינוק בייבי שמפו אל דמע לתינוקות 700 מל,יוניליוור ישראל שיווק בע`מ,IL,בייבי שמפו תינוק,מיליליטרים,700.00,"100 מ""ל",false,1,9.90,1.41,true,1,
7290112497727,false,פינוק בייבי אל סבון אל דמע לתינוקות 700,יוניליוור ישראל שיווק בע`מ,IL,אל סבון בייבי,מיליליטרים,700.00,"100 מ""ל",false,1,9.90,1.41,true,1,
7290112498069,false,#קוקומן ללא גלוטן כשלפ 375ג - חדש,יוניליוור ישראל שיווק בע`מ,IT,קוקומן ללא גלוטן,גרמים,375.00,100 גרם,false,1,16.90,4.51,true,1,
7290112498526,false,"פתית צ'יפס עם בטטה סגולה בטעם שמנת ובצל, 22 גרם",יוניליוור ישראל שיווק בע`מ,GB,פתית צ'יפס בטטה,גרמים,22.00,100 גרם,false,1,3.90,17.73,true,1,
7290112499127,false,שלגון גלידה שוקולד לבן ותות 77 גרם,"מיוצר ע""\י גלידת שטראוס",IL,שלגון גלידה לבן,גרמים,77.00,100 גרם,false,1,9.90,12.86,true,1,
7290112499141,false,סולרו קלאסיק חלבי -וניל תפוח ירוק,שטראוס גרופ גלידות,IL,סולרו בטעם וניל,גרמים,76.00,100 גרם,false,1,9.90,13.03,true,1,
7290112499677,false,מגנום וניל בציפוי שוקולד לבן,"מיוצר ע""\י גלידת שטראוס",IL,מגנום שוקולדלבן,יחידה,1.00,יחידה,false,1,9.90,9.90,true,1,
7290112499837,false,מגנום דואט שוקו לד עם נוגט שטראוס,"מיוצר ע""\י גלידת שטראוס",IL,מגנום דואט שוקול,יחידה,1.00,יחידה,false,1,9.90,9.90,true,1,
7290112499929,false,מגנום שוקולד אימפלס פסח 120מל,"מיוצר ע""\י גלידת שטראוס",IL,מגנום שוקולד,יחידה,1.00,יחידה,false,1,9.90,9.90,true,1,
7290112499936,false,מגנום שקדים אימפלס פסח 125מל,"מיוצר ע""\י גלידת שטראוס",IL,מגנום שקדים,יחידה,1.00,יחידה,false,1,9.90,9.90,true,1,
7290112700971,false,סוכריות סודה שרשרת ענק 57 גר-LOL,Unknown,IL,סוכריות סודה שרש,יחידה,1.00,יחידה,false,1,8.90,8.90,true,1,
7290112870247,false,ממרח פסטו בזיליקום 190 ג' צנצנת,בני דרום,,ממרח פסטו בזיליק,יחידה,1.00,יחידה,false,1,9.90,9.90,true,1,
7290112870254,false,ממרח עגבניות מיובשות יבנה 190 ג',בני דרום,,ממרח עגבניות מיו,יחידה,1.00,יחידה,false,1,9.90,9.90,true,1,
7290112870261,false,ממרח ארטישוק יבנה צנצנת 190 ג',בני דרום,,ממרח ארטישוק צנצ,יחידה,1.00,יחידה,false,1,9.90,9.90,true,1,
7290112870278,false,ממרח טפנד זיתים מרינד יבנה 190 ג' צנצנת,בני דרום,,ממרח טפנד זית מר,יחידה,1.00,יחידה,false,1,9.90,9.90,true,1,
7290112870292,false,ממרח צימיצורי יבנה 190 ג' צנצנת,בני דרום,,ממרח צימיצורי צנ,יחידה,1.00,יחידה,false,1,9.90,9.90,true,1,
7290112870322,false,קרנבל זיתים 560 גר' בני דרום,בני דרום,,תערובת זיתים,יחידה,1.00,יחידה,false,0,9.90,9.90,true,1,
7290112870414,false,ממרח סחוג אדום צנצנת 190ג',בני דרום,,ממרח סחוג צנצנת,יחידה,1.00,יחידה,false,1,9.90,9.90,true,1,
7290112870421,false,ממרח אריסה חריפה בני 190 ג' צנצת,בני דרום,,ממרח אריסה צנצנת,יחידה,1.00,יחידה,false,1,9.90,9.90,true,1,
<<<<<<< HEAD
7290112961372,false,פיטנס חטיפי פריכיות דקות קינמון 60 גרם,"פרח תעשיות מזון בע""\מ",IL,פיטנס פריכיות,גרמים,60.00,100 גרם,false,1,6.90,11.50,true,1,
7290112961440,false,פיטנס חטיפי פריכיות שוקולד מריר 84 גרם,פרח תעשיות,IL,פריכיות פיטנס,גרמים,84.00,100 גרם,false,1,11.90,14.17,true,1,
7290112961464,false,פיטנס חטיפי פריכיות דגנים וחומוס מתובלות,"פרח תעשיות מזון בע""\מ",IL,חטיפי פריכיות,גרמים,60.00,100 גרם,false,1,6.90,11.50,true,1,
7290112962287,false,טבעול שווארמה טבעונית 6*450 גרם,"טבעול תעשיות מזון בע""\מ",IL,שווארמה צמחונית,גרמים,450.00,100 גרם,false,1,24.90,5.53,true,1,
7290112963321,false,גריסיני בייגלה שטוח ללא גלוטן אסם 300גרם,מיוצר עי קונדיטוריית,IL,גרטיפיי בייגלה,גרמים,300.00,100 גרם,false,1,11.90,3.97,true,1,
7290112963918,false,פיטנס חטיפי קרקר דק רוזמרין 140 גרם,נסטלה Nestle,IL,קרקר דק פיטנס,גרמים,140.00,100 גרם,false,1,8.90,6.36,true,1,
7290112964410,false,אסם רוטב אלף האיים חדש לסלט 290 גרם,"אסם תעשיות בע""מ",IL,רוטב אלף האיים,גרמים,290.00,100 גרם,false,1,8.90,3.07,true,1,
7290112964472,false,אסם רוטב שום חדש לסלט 290 גרם,"אסם תעשיות בע""מ",IL,רוטב שום,גרמים,290.00,100 גרם,false,1,8.90,3.07,true,1,
7290112964564,false,"רוטב אלף האיים לייט לסלט אסם 295 מ""ל","אסם תעשיות בע""מ",IL,רוטב אלף האיים,גרמים,295.00,100 גרם,false,1,8.90,3.02,true,1,
7290112965325,false,תבשיל אורז ספרדי אוסם 140 גרם,"אסם תעשיות בע""מ",IL,תבשיל אורז,גרמים,140.00,100 גרם,false,1,7.90,5.64,true,1,
7290112965585,false,פרפקטו פסטה קסרצה אסם 500 גרם,אסם פרפקטו Perfecto,IT,פסטה פרפקטו,גרמים,500.00,100 גרם,false,1,6.90,1.38,true,1,
7290112965660,false,פיטנס - חטיף מולטיגריין מלח פלפל 25 גרם,מיוצר עי קונדיטוריית,IL,חטיף פיטנס מלח,גרמים,25.00,100 גרם,false,1,4.90,19.60,true,1,
7290112965684,false,פיטנס - חטיף מולטיגריין עשבי תיבול 25 גרם,מיוצר עי קונדיטוריית,IL,חטיף פיטנס,גרמים,25.00,100 גרם,false,1,4.90,19.60,true,1,
7290112965707,false,פיטנס - חטיף מולטיגריין צילי מעודן 25 גרם,"אסם השקעות בע""\מ",IL,חטיף פיטנס צ'ילי,גרמים,25.00,100 גרם,false,1,4.90,19.60,true,1,
7290112965745,false,אוסם - ביסלי פריסטייל בצל מעושן 60 גרם,"אסם השקעות בע""\מ",IL,ביסלי פריסטייל,גרמים,60.00,100 גרם,false,1,3.90,6.50,true,1,
7290112966445,false,במבה מתוקה אריזה גדולה 100 ג' אסם,"אסם השקעות בע""\מ",IL,במבה תות,גרמים,100.00,100 גרם,false,1,6.90,6.90,true,1,
7290112966803,false,אסם פודינג אינסטנט שוקולד 95 גרם,"אסם השקעות בע""\מ",IL,פודינג שוקולד,גרמים,88.00,100 גרם,false,1,4.90,5.57,true,1,
7290112966841,false,אינסטנט פודינג בטעם שוקולד מריר 95 גרם,מיוצר עי קונדיטוריית,IL,פודינג שוקולד,גרמים,90.00,100 גרם,false,1,4.90,5.44,true,1,
7290112967848,false,ג'לי תות שדה מופחת סוכר אסם 90 גרם,מיוצר עי קונדיטוריית,IL,ג'לי מופחת סוכר,גרמים,68.00,100 גרם,false,1,4.90,7.21,true,1,
7290112968708,false,"שניצל תירס עדה חרדית טבעול 1.3 ק""ג","טבעול תעשיות מזון בע""\מ",IL,טבעול שניצל תירס,קילוגרמים,1.30,"ק""ג",false,1,39.90,30.69,true,1,
7290112968722,false,טבעול נקניקיות מן הצומח עדה חרדית 1.2קג,"טבעול תעשיות מזון בע""\מ",IL,נקניקיה מן הצומח,קילוגרמים,1.20,"ק""ג",false,1,39.90,33.25,true,1,
7290112968807,false,פיטנס - קרקר דק סלק 140 גרם,מפעל אסם יקנעם,IL,קרקר דק פיטנס,גרמים,140.00,100 גרם,false,1,8.90,6.36,true,1,
7290112968821,false,פיטנס - קרקר דק בטטה 140 גרם,מפעל אסם יקנעם,IL,קרקר דק פיטנס,גרמים,140.00,100 גרם,false,1,8.90,6.36,true,1,
7290112969002,false,"אינסטנט פודינג פיסטוק אסם 80 גרם בד""ץ",מיוצר עי קונדיטוריית,IL,אינסטנט פודינג,גרמים,80.00,100 גרם,false,1,4.90,6.13,true,1,
7290113192218,false,תערובת להכנת מלבי 500 גרם ששון הקולה,"שקדיה גבע תעשיות בע""",IL,מלבי להכנה מהירה,גרמים,500.00,100 גרם,false,1,14.90,2.98,true,1,
7290113192225,false,תערובת להכנה מהירה סופלה שוקולד שקדיה 200 גרם,"י. כהן בע""מ",IL,תערובת להכנה סופ,יחידה,1.00,יחידה,false,1,14.90,14.90,true,1,
7290113192232,false,תערובת להכנת קינוח פנקייק 400 גר' שקדיה,"י. כהן בע""מ",IL,תערובת להכנת פנק,יחידה,1.00,יחידה,false,1,14.90,14.90,true,1,
7290113192324,false,זיתים ירוקים שלמים בינוניים בית השיטה,בית-השיטה עסיס תעשיות מז,IL,זיתים ירוקים,גרמים,560.00,100 גרם,false,1,6.90,1.23,true,1,
7290113192355,false,חרוזית זיתים ירוקים ללא גלעין 275 ג' בית השיטה,בית-השיטה עסיס תעשיות מז,IL,זיתים חרוזית,גרמים,560.00,100 גרם,false,1,6.90,1.23,true,1,
7290113192362,false,זיתים ירוקים טבעות A2 בית השיטה 280 גרם,בית-השיטה עסיס תעשיות מז,IL,טבעות זיתים ירוק,גרמים,560.00,100 גרם,false,1,7.90,1.41,true,1,
7290113192393,false,בית השיטה קוקטייל זיתים א2 336 גרם,בית-השיטה עסיס תעשיות מז,IL,קוקטייל זיתים,גרמים,560.00,100 גרם,false,1,8.90,1.59,true,1,
7290113192478,false,בית השיטה מלפפונים במלח בינוני 10-12 320 גרם,בית-השיטה עסיס תעשיות מז,IL,מלפפונים במלח,גרמים,560.00,100 גרם,false,1,5.90,1.05,true,1,
7290113192485,false,בית השיטה מלפפונים בחומץ בינוני 10-12 290 גרם,בית-השיטה עסיס תעשיות מז,IL,מלפפונים בחומץ,גרמים,560.00,100 גרם,false,1,5.90,1.05,true,1,
7290113192492,false,בית השיטה מלפפונים בחומץ קטנים 1317 290 גרם,בית-השיטה עסיס תעשיות מז,IL,מלפפונים בחומץ,גרמים,560.00,100 גרם,false,1,6.90,1.23,true,1,
7290113192508,false,בית השיטה מלפפונים במלח קטן 1317 320 גרם,בית-השיטה עסיס תעשיות מז,IL,מלפפונים מלח קטן,גרמים,560.00,100 גרם,false,1,6.90,1.23,true,1,
7290113192515,false,בית השיטה מלפפונים במלח קטן מאוד 1825 320 גרם,בית-השיטה עסיס תעשיות מז,IL,מלפפון במלח,גרמים,560.00,100 גרם,false,1,7.90,1.41,true,1,
7290113192522,false,בית השיטה מלפפונים בחומץ קטן מאוד 1825 290 גרם,בית-השיטה עסיס תעשיות מז,IL,מלפפונים בחומץ,גרמים,560.00,100 גרם,false,1,7.90,1.41,true,1,
7290113192539,false,בית השיטה מלפפונים במלח גדול 79 320 גרם,בית-השיטה עסיס תעשיות מז,IL,מלפפון במלח,גרמים,560.00,100 גרם,false,1,3.90,0.70,true,1,
7290113192546,false,"מלפפונים בחומץ רכיבים טבעיים 7-9 ""בית השיטה""",בית-השיטה עסיס תעשיות מז,IL,מלפפון בחומץ,גרמים,560.00,100 גרם,false,1,3.90,0.70,true,1,
7290113192553,false,מלפפונים במלח 13-17 פיקנטי בית השיטה 320 גרם,בית-השיטה עסיס תעשיות מז,IL,מלפפונים במלח,גרמים,560.00,100 גרם,false,1,9.90,1.77,true,1,
7290113192560,false,בית השיטה פלפל שיפקה חריף כבוש 230 גרם,בית-השיטה עסיס תעשיות מז,IL,פלפל שיפקה חריף,גרמים,560.00,100 גרם,false,1,4.90,0.88,true,1,
7290113192577,false,בית השיטה כרוב כבוש א2 12*430גרם חדש,"בית-השיטה תעשיות בע""\מ",IL,כרוב כבוש,גרמים,560.00,100 גרם,false,1,4.90,0.88,true,1,
7290113192881,false,"טורטיה חיטה מופחת קלוריות, קוטר 20 ס""מ - 6 יח'",דין שיווק,TR,טורטיה,גרמים,270.00,100 גרם,false,1,9.90,3.67,true,1,
7290113193000,false,בית השיטה פלפל שיפקונית 230 גרם*,"בית השיטה תעשיות בע""\מ",IL,פלפל שיפקונית,גרמים,230.00,100 גרם,false,1,9.90,4.30,true,1,
7290113193406,false,"קוקטייל טבעות זיתים - זיתים ירוקים, שחורים מרינד","בית השיטה תעשיות בע""\מ",IL,טבעות זיתים,גרמים,560.00,100 גרם,false,1,9.90,1.77,true,1,
7290113194298,false,בית השיטה רצועות סלק חמוץ 215 גרם,"בית השיטה תעשיות בע""\מ",IL,רצועות סלק חמוץ,גרמים,430.00,100 גרם,false,1,7.90,1.84,true,1,
7290113195172,false,בית השיטה רצועות קולורבי בתחמיץ 215 גרם,"בית השיטה תעשיות בע""\מ",IL,רצועות קולורבי,גרמים,430.00,100 גרם,false,1,7.90,1.84,true,1,
7290113195929,false,בית השיטה רצועות גזר בתחמיץ 215 גרם,"בית השיטה תעשיות בע""\מ",IL,רצועות גזר,גרמים,430.00,100 גרם,false,1,7.90,1.84,true,1,
=======
7290112961372,false,פיטנס חטיפי פריכיות דקות קינמון 60 גרם,קבוצת אוסם סחר שותפות מוגבלת,IL,פיטנס פריכיות,גרמים,60.00,100 גרם,false,1,6.90,11.50,true,1,
7290112961440,false,פיטנס חטיפי פריכיות שוקולד מריר 84 גרם,קבוצת אוסם סחר שותפות מוגבלת,IL,פריכיות פיטנס,גרמים,84.00,100 גרם,false,1,11.90,14.17,true,1,
7290112961464,false,פיטנס חטיפי פריכיות דגנים וחומוס מתובלות,קבוצת אוסם סחר שותפות מוגבלת,IL,חטיפי פריכיות,גרמים,60.00,100 גרם,false,1,6.90,11.50,true,1,
7290112962287,false,טבעול שווארמה טבעונית 6*450 גרם,קבוצת אוסם סחר שותפות מוגבלת,IL,שווארמה צמחונית,גרמים,450.00,100 גרם,false,1,24.90,5.53,true,1,
7290112963321,false,גריסיני בייגלה שטוח ללא גלוטן אסם 300גרם,קבוצת אוסם סחר שותפות מוגבלת,IL,גרטיפיי בייגלה,גרמים,300.00,100 גרם,false,1,11.90,3.97,true,1,
7290112963918,false,פיטנס חטיפי קרקר דק רוזמרין 140 גרם,קבוצת אוסם סחר שותפות מוגבלת,IL,קרקר דק פיטנס,גרמים,140.00,100 גרם,false,1,8.90,6.36,true,1,
7290112964410,false,אסם רוטב אלף האיים חדש לסלט 290 גרם,קבוצת אוסם סחר שותפות מוגבלת,IL,רוטב אלף האיים,גרמים,290.00,100 גרם,false,1,8.90,3.07,true,1,
7290112964472,false,אסם רוטב שום חדש לסלט 290 גרם,קבוצת אוסם סחר שותפות מוגבלת,IL,רוטב שום,גרמים,290.00,100 גרם,false,1,8.90,3.07,true,1,
7290112964564,false,רוטב אלף האיים לייט לסלט אסם (295 מל),קבוצת אוסם סחר שותפות מוגבלת,IL,רוטב אלף האיים,גרמים,295.00,100 גרם,false,1,8.90,3.02,true,1,
7290112965325,false,תבשיל אורז ספרדי אוסם 140 גרם,קבוצת אסם סחר שות. מוגבלת,IL,תבשיל אורז,גרמים,140.00,100 גרם,false,1,7.90,5.64,true,1,
7290112965585,false,פרפקטו פסטה קסרצה אסם 500 גרם,קבוצת אוסם סחר שותפות מוגבלת,IT,פסטה פרפקטו,גרמים,500.00,100 גרם,false,1,6.90,1.38,true,1,
7290112965660,false,פיטנס - חטיף מולטיגריין מלח פלפל 25 גרם,קבוצת אוסם סחר שותפות מוגבלת,IL,חטיף פיטנס מלח,גרמים,25.00,100 גרם,false,1,4.90,19.60,true,1,
7290112965684,false,פיטנס - חטיף מולטיגריין עשבי תיבול 25 גרם,קבוצת אוסם סחר שותפות מוגבלת,IL,חטיף פיטנס,גרמים,25.00,100 גרם,false,1,4.90,19.60,true,1,
7290112965707,false,פיטנס - חטיף מולטיגריין צילי מעודן 25 גרם,קבוצת אוסם סחר שותפות מוגבלת,IL,חטיף פיטנס צ'ילי,גרמים,25.00,100 גרם,false,1,4.90,19.60,true,1,
7290112965745,false,אוסם - ביסלי פריסטייל בצל מעושן 60 גרם,קבוצת אוסם סחר שותפות מוגבלת,IL,ביסלי פריסטייל,גרמים,60.00,100 גרם,false,1,3.90,6.50,true,1,
7290112966445,false,במבה מתוקה אריזה גדולה 100 גר`אסם,קבוצת אוסם סחר שותפות מוגבלת,IL,במבה תות,גרמים,100.00,100 גרם,false,1,6.90,6.90,true,1,
7290112966803,false,אינסטנט פודינג בטעם שוקולד אסם (88 גרם),קבוצת אוסם סחר שותפות מוגבלת,IL,פודינג שוקולד,גרמים,88.00,100 גרם,false,1,4.90,5.57,true,1,
7290112966841,false,אינסטנט פודינג בטעם שוקולד מריר 95 גרם,קבוצת אוסם סחר שותפות מוגבלת,IL,פודינג שוקולד,גרמים,90.00,100 גרם,false,1,4.90,5.44,true,1,
7290112967848,false,אבקה להכנת ג`לי בטעם תות אסם (90 גרם) מו,קבוצת אוסם סחר שותפות מוגבלת,IL,ג'לי מופחת סוכר,גרמים,68.00,100 גרם,false,1,4.90,7.21,true,1,
7290112968708,false,"שניצל תירס עדה חרדית טבעול 1.3 ק""ג",קבוצת אוסם סחר שותפות מוגבלת,IL,טבעול שניצל תירס,קילוגרמים,1.30,"ק""ג",false,1,39.90,30.69,true,1,
7290112968722,false,טבעול נקניקיות מן הצומח עדה חרדית 1.2קג,קבוצת אוסם סחר שותפות מוגבלת,IL,נקניקיה מן הצומח,קילוגרמים,1.20,"ק""ג",false,1,39.90,33.25,true,1,
7290112968807,false,80018416694פיטנס חטיפי קרקר דק סלק 150גר,קבוצת אוסם סחר שותפות מוגבלת,IL,קרקר דק פיטנס,גרמים,140.00,100 גרם,false,1,8.90,6.36,true,1,
7290112968821,false,חטיפי קרקר דק בטטה 140 גר` פיטנס,קבוצת אוסם סחר שותפות מוגבלת,IL,קרקר דק פיטנס,גרמים,140.00,100 גרם,false,1,8.90,6.36,true,1,
7290112969002,false,"אינסטנט פודינג פיסטוק אסם 80 גרם בד""ץ",קבוצת אוסם סחר-שות.מוגבלת,IL,אינסטנט פודינג,גרמים,80.00,100 גרם,false,1,4.90,6.13,true,1,
7290113192218,false,תערובת להכנת מלבי 500 גרם ששון הקולה,דין שיווק וקליה 2021 בעמ,IL,מלבי להכנה מהירה,גרמים,500.00,100 גרם,false,1,14.90,2.98,true,1,
7290113192225,false,תערובת להכנה מהירה סופלה שוקולד שקדיה 200 גרם,דין שיווק וקליה 2021 בעמ,IL,תערובת להכנה סופ,יחידה,1.00,יחידה,false,1,14.90,14.90,true,1,
7290113192232,false,תערובת להכנת קינוח פנקייק 400 גר' שקדיה,דין שיווק וקליה 2021 בעמ,IL,תערובת להכנת פנק,יחידה,1.00,יחידה,false,1,14.90,14.90,true,1,
7290113192324,false,זיתים ירוקים שלמים בינוניים בית השיטה,קבוצת אוסם סחר-שות.מוגבלת,IL,זיתים ירוקים,גרמים,560.00,100 גרם,false,1,6.90,1.23,true,1,
7290113192355,false,חרוזית זיתים ירוקים ללא גלעין 275 ג' בית השיטה,קבוצת אוסם סחר שותפות מוגבלת,IL,זיתים חרוזית,גרמים,560.00,100 גרם,false,1,6.90,1.23,true,1,
7290113192362,false,זיתים ירוקים טבעות A2 בית השיטה 280 גרם,קבוצת אוסם סחר שותפות מוגבלת,IL,טבעות זיתים ירוק,גרמים,560.00,100 גרם,false,1,7.90,1.41,true,1,
7290113192393,false,בית השיטה קוקטייל זיתים א2 336 גרם,קבוצת אוסם סחר שותפות מוגבלת,IL,קוקטייל זיתים,גרמים,560.00,100 גרם,false,1,8.90,1.59,true,1,
7290113192478,false,בית השיטה מלפפונים במלח בינוני 10-12 320 גרם,קבוצת אוסם סחר שותפות מוגבלת,IL,מלפפונים במלח,גרמים,560.00,100 גרם,false,1,5.90,1.05,true,1,
7290113192485,false,בית השיטה מלפפונים בחומץ בינוני 10-12 290 גרם,קבוצת אוסם סחר שותפות מוגבלת,IL,מלפפונים בחומץ,גרמים,560.00,100 גרם,false,1,5.90,1.05,true,1,
7290113192492,false,בית השיטה מלפפונים בחומץ קטנים 1317 290 גרם,קבוצת אוסם סחר שותפות מוגבלת,IL,מלפפונים בחומץ,גרמים,560.00,100 גרם,false,1,6.90,1.23,true,1,
7290113192508,false,בית השיטה מלפפונים במלח קטן 1317 320 גרם,קבוצת אוסם סחר שותפות מוגבלת,IL,מלפפונים מלח קטן,גרמים,560.00,100 גרם,false,1,6.90,1.23,true,1,
7290113192515,false,בית השיטה מלפפונים במלח קטן מאוד 1825 320 גרם,קבוצת אוסם סחר שותפות מוגבלת,IL,מלפפון במלח,גרמים,560.00,100 גרם,false,1,7.90,1.41,true,1,
7290113192522,false,בית השיטה מלפפונים בחומץ קטן מאוד 1825 290 גרם,קבוצת אוסם סחר שותפות מוגבלת,IL,מלפפונים בחומץ,גרמים,560.00,100 גרם,false,1,7.90,1.41,true,1,
7290113192539,false,בית השיטה מלפפונים במלח גדול 79 320 גרם,קבוצת אוסם סחר שותפות מוגבלת,IL,מלפפון במלח,גרמים,560.00,100 גרם,false,1,3.90,0.70,true,1,
7290113192546,false,"מלפפונים בחומץ רכיבים טבעיים 7-9 ""בית השיטה""",קבוצת אוסם סחר שותפות מוגבלת,IL,מלפפון בחומץ,גרמים,560.00,100 גרם,false,1,3.90,0.70,true,1,
7290113192553,false,מלפפונים במלח 13-17 פיקנטי בית השיטה 320 גרם,קבוצת אוסם סחר-שות.מוגבלת,IL,מלפפונים במלח,גרמים,560.00,100 גרם,false,1,9.90,1.77,true,1,
7290113192560,false,פלפל חריף כבוש שיפקה בית השיטה (430 גר`),קבוצת אוסם סחר שותפות מוגבלת,IL,פלפל שיפקה חריף,גרמים,560.00,100 גרם,false,1,4.90,0.88,true,1,
7290113192577,false,בית השיטה כרוב כבוש א2 12*430גרם חדש,קבוצת אוסם סחר שותפות מוגבלת,IL,כרוב כבוש,גרמים,560.00,100 גרם,false,1,4.90,0.88,true,1,
7290113192881,false,"טורטיה חיטה מופחת קלוריות, קוטר 20 ס""מ - 6 יח'",דין שיווק וקליה 2021 בעמ,TR,טורטיה,גרמים,270.00,100 גרם,false,1,9.90,3.67,true,1,
7290113193000,false,בית השיטה פלפל שיפקונית 230 גרם*,קבוצת אוסם סחר שותפות מוגבלת,IL,פלפל שיפקונית,גרמים,230.00,100 גרם,false,1,9.90,4.30,true,1,
7290113193406,false,"קוקטייל טבעות זיתים - זיתים ירוקים, שחורים מרינד",קבוצת אוסם סחר שותפות מוגבלת,IL,טבעות זיתים,גרמים,560.00,100 גרם,false,1,9.90,1.77,true,1,
7290113194298,false,בית השיטה רצועות סלק חמוץ 215 גרם,קבוצת אוסם סחר-שות.מוגבלת,IL,רצועות סלק חמוץ,גרמים,430.00,100 גרם,false,1,7.90,1.84,true,1,
7290113195172,false,בית השיטה רצועות קולורבי בתחמיץ 215 גרם,קבוצת אוסם סחר שותפות מוגבלת,IL,רצועות קולורבי,גרמים,430.00,100 גרם,false,1,7.90,1.84,true,1,
7290113195929,false,בית השיטה רצועות גזר בתחמיץ 215 גרם,קבוצת אסם סחר שות. מוגבלת,IL,רצועות גזר,גרמים,430.00,100 גרם,false,1,7.90,1.84,true,1,
>>>>>>> d048ac2f4f281c9d788043ab4e81b61b0dbe3743
7290113199323,false,עלי טורטילוס בוריטו150גר,אלקטי קוראבייכיסיגידה טו,TR,עלי טורטילוס,גרמים,150.00,100 גרם,false,1,4.90,3.27,true,1,
7290113317543,false,סוכריות סודה שרשרת ענק ש,Unknown,IL,סוכריות סודה שרש,יחידה,1.00,יחידה,false,1,7.90,7.90,true,1,
7290114146289,false,"אוליב - תחליב רחצה שמן זית 800 מ""ל",א.פ.חורי,IL,אוליב ת.רחצה שמן,מיליליטרים,800.00,"100 מ""ל",false,0,14.90,1.86,true,1,
7290114310215,false,"שמנת מתוקה 38% רמת הגולן 250 מ""ל ווסטהיים - מוצר בפיקוח",החברה המרכזית טלהפצת משקאות בע,IL,שמנת מתוקה 38%,מיליליטרים,250.00,"100 מ""ל",false,1,6.20,2.48,true,1,
7290114600941,false,מאסטר שף מיונז הולנדי לחיץ 435 גרם,ש. שסטוביץ בע`מ,NL,מיונז לחיץ,גרמים,435.00,100 גרם,false,1,11.90,2.74,true,1,
7290114604895,false,מאסטר שף מיונז ספייסי לחיץ 446 גרם,ש. שסטוביץ בע`מ,NL,ממרח ספייסי לחיץ,גרמים,446.00,100 גרם,false,1,11.90,2.67,true,1,
7290114604901,false,ממרח שום לחיץ מאסטר שף 444 גרם,ש. שסטוביץ בע`מ,NL,ממרח שום לחיץ,גרמים,444.00,100 גרם,false,1,11.90,2.68,true,1,
7290114605342,false,פירסט סמייל רפידות הנקה גודל מדיום 110,צאנזו שאנג קאר פרודק,CN,רפידות הנקה,יחידה,1.00,יחידה,false,1,23.90,23.90,true,1,
7290114657280,false,מיני פופ סוכריה על מקל עם כדור 8גר כוח פי גיי,שמחה זה אנחנו בע`מ,CN,סוכריה על מקל,גרמים,8.00,100 גרם,false,1,8.90,111.25,true,1,
7290114659833,false,סוכריה ג'לי,,,סוכריה ג'לי,יחידה,1.00,יחידה,false,0,2.90,2.90,true,1,
7290115040951,false,"פארמה קאר NO תוש דוחה יתושים 50 מ""ל אלוורה",גורי,IL,דוחה יתושים,מיליליטרים,50.00,"100 מ""ל",false,1,12.90,25.80,true,1,
7290115042535,false,קיסמי אוזניים פלסטיק חור,,IL,קיסמי אוזניים פל,יחידה,1.00,יחידה,false,1,6.90,6.90,true,1,
7290115042573,false,בסט סכין גילוח וויולט מיני לנשים (לנסיעות),,IL,סכין גילוח מיני,יחידה,1.00,יחידה,false,1,13.90,13.90,true,1,
7290115043464,false,ריפרש סבון לידיים לבנדר,Unknown,IL,ריפרש סבון לידיי,ליטרים,0.00,ליטר,false,1,8.90,8.90,true,1,
<<<<<<< HEAD
7290115074734,false,סוכריה על מקל 85 גרם - סמי הכבאי,Unknown,,סוכריה על מקל,יחידה,1.00,יחידה,false,0,6.90,6.90,true,1,
7290115074741,false,סוכריה על מקל 85 גרם - הלו קיטי,Unknown,,סוכריה על מקל,יחידה,1.00,יחידה,false,0,6.90,6.90,true,1,
7290115190014,false,סיגריות מרלבורו רד קצר בוקס,פיליפ מוריס,IL,מרלבורו רד קצר,יחידה,1.00,יחידה,false,1,32.00,32.00,false,1,
7290115190076,false,סיגריות מרלבורו גולד ארוך 100 בוקס,פיליפ מוריס,TR,מרלבורו גולד,יחידה,1.00,יחידה,false,1,32.00,32.00,false,1,
7290115190090,false,סיגריות מרלבורו קצר בוקס בודד,פיליפ מוריס,US,מרלבורו גולד קצר,יחידה,1.00,יחידה,false,1,32.00,32.00,false,1,
7290115190151,false,סיגריות מרלבורו טאצ גולד,פיליפ מוריס,IL,מרלבורו גולד טאץ,יחידה,1.00,יחידה,false,1,28.00,28.00,false,1,
7290115190175,false,פרלמנט סופר סלימס קופסא,פיליפ מוריס,US,פרלמנט סופר סלימ,יחידה,1.00,יחידה,false,1,36.50,36.50,false,1,
7290115190199,false,פרלמנט נייט ארוך חפיסה,פיליפ מוריס,TR,פרלמנט נייט ארוך,יחידה,1.00,יחידה,false,1,36.50,36.50,false,1,
7290115190236,false,סיגריות פרלמנט קצר בלו בודד,פיליפ מוריס,IL,פרלמנט בלו קצר,יחידה,1.00,יחידה,false,1,36.50,36.50,false,1,
7290115190250,false,סיגריות פרלמנט קצר בודד,פיליפ מוריס,US,פרלמנט נייט קצר,יחידה,1.00,יחידה,false,1,36.50,36.50,false,1,
7290115190359,false,סיגריות L.M בלו לייבל קצר,פיליפ מוריס,US,אל אם בלו קצר,יחידה,1.00,יחידה,false,1,31.00,31.00,false,1,
7290115190373,false,סיגריות ל.מ. קפסולהP,פיליפ מוריס,TR,אל אמ פורוורד חפ,יחידה,1.00,יחידה,false,1,31.00,31.00,false,1,
7290115190397,false,סיגריות L.M קצר רד לייבל בודד,פיליפ מוריס,US,אל אם רד קצר חפ,יחידה,1.00,יחידה,false,1,31.00,31.00,false,1,
7290115190458,false,סיגריות נקסט פיין אדג' בודד,פיליפ מוריס,TR,נקסט אדג',יחידה,1.00,יחידה,false,1,25.00,25.00,false,1,
7290115190472,false,סיגריות נקסט פיין אדג',פיליפ מוריס,,נקסט פיין אדג',יחידה,1.00,יחידה,false,0,25.00,25.00,true,1,
7290115190496,false,סיגריות נקסט ארוך בודד,פיליפ מוריס,IL,נקסט פיין ארוך,יחידה,1.00,יחידה,false,1,28.00,28.00,false,1,
7290115190519,false,סיגריות נקסט פיין חפ,פיליפ מוריס,PL,נקסט פיין חפ,יחידה,1.00,יחידה,false,1,28.00,28.00,false,1,
7290115190533,false,סיגריות נקסט ריסס 100 בודד,פיליפ מוריס,TR,נקסט ריסס ארוך,יחידה,1.00,יחידה,false,1,28.00,28.00,false,1,
7290115190571,false,סיגריות נקסט לילך בודד,פיליפ מוריס,US,נקסט לילך,יחידה,1.00,יחידה,false,1,28.00,28.00,false,1,
7290115190595,false,סיגריות נקסט אוריגינ,פיליפ מוריס,PL,נקסט אוריג'ינל,יחידה,1.00,יחידה,false,1,28.00,28.00,false,1,
7290115190656,false,טבק נקסט פיין 40 גרם חפיסה,פיליפ מוריס,PL,טבק נקסט פיין,גרמים,40.00,100 גרם,false,1,72.00,180.00,false,1,
7290115190670,false,טבק נקסט אוריג'ינל 40 גרם חפיסה,פיליפ מוריס,PL,טבק נקסט אורגינל,גרמים,40.00,100 גרם,false,1,72.00,180.00,false,1,
7290115190892,false,סיגריות מרלבורו פיוז'ן קפסולה בודד,פיליפ מוריס,TR,מרלבורו פיוז'ן ח,יחידה,1.00,יחידה,false,1,27.00,27.00,false,1,
7290115190939,false,אל.אם קפסולות קליק חפיסה,פיליפ מוריס,TR,אל אמ קליק קפ.חפ,יחידה,1.00,יחידה,false,1,24.00,24.00,false,1,
7290115190977,false,סיגריות מרלבורו טאץ אדום -בודד,פיליפ מוריס,TR,מרלבורו רד טאץ',יחידה,1.00,יחידה,false,1,28.00,28.00,false,1,
7290115191035,false,מרלבורו סאמר ספלאש קופסא,פיליפ מוריס,RS,מרלבורו סאמר,יחידה,1.00,יחידה,false,1,28.00,28.00,false,1,
7290115200676,false,עוגיות קרמוגית במילוי קרם בטעם קרמל מלוח,"הגביע מוצרי וופלים בע""\מ",IL,קרמוגית קרמל,גרמים,200.00,100 גרם,false,1,8.90,4.45,true,1,
7290115200713,false,במבה קלאסי מארז אחיד 8 50*5 ג',"אסם השקעות בע""\מ",IL,במבה קלאסי 5 יח,גרמים,250.00,100 גרם,false,1,11.90,4.76,true,1,
7290115200881,false,בייגלה שטוחים שומשום מליחות מעודנת אסם 300 גרם,"אסם השקעות בע""\מ",IL,בייגלה שטוחים,גרמים,300.00,100 גרם,false,1,8.90,2.97,true,1,
7290115201680,false,ביסלי בטעם ברביקיו אסם 70 גרם,"אסם השקעות בע""\מ",IL,ביסלי ברביקיו,גרמים,70.00,100 גרם,false,1,3.90,5.57,true,1,
7290115201703,false,ביסלי ברביקיו גדול אסם 200 גרם,מיוצר עי קונדיטוריית,IL,ביסלי ברביקיו,גרמים,200.00,100 גרם,false,1,6.90,3.45,true,1,
7290115201727,false,ביסלי חטיף בטעם בצל אסם 200 גרם,מיוצר עי קונדיטוריית,IL,ביסלי בצל,גרמים,200.00,100 גרם,false,1,6.90,3.45,true,1,
7290115201741,false,ביסלי בטעם בצל אסם 70 גרם,"אסם השקעות בע""\מ",IL,ביסלי בצל,גרמים,70.00,100 גרם,false,1,3.90,5.57,true,1,
7290115202786,false,מנה חמה פאוצ' נדלס.אטר.טעם בקר 70 גרם,תאי פרזידנט,TH,מנה חמה פאוצ',גרמים,70.00,100 גרם,false,1,3.90,5.57,true,1,
7290115202816,false,מנה חמה פאוץ נודלס אטריות טעם עוף 70 גרם,תאי פרזידנט,TH,מנה חמה פאוצ',גרמים,70.00,100 גרם,false,1,3.90,5.57,true,1,
7290115203134,false,פופקו פופקורן במבה אסם 80 גרם,"אסם השקעות בע""\מ",IL,פופקו פופקורן,גרמים,80.00,100 גרם,false,1,3.90,4.88,true,1,
7290115203172,false,במבה PRO מכיל 18 גרם חלבון בשקית,"אסם השקעות בע""\מ",IL,חטיף במבה פרו,גרמים,80.00,100 גרם,false,1,3.90,4.88,true,1,
7290115205176,false,פיטנס - קרקר דק כפרי פיטנס 140 גרם,נסטלה Nestle,IL,קרקר דק פיטנס,גרמים,140.00,100 גרם,false,1,8.90,6.36,true,1,
7290115205312,false,קרקר פיטנס דק עם זיתי קלמטה ועשבי תיבול,"אסם השקעות בע""\מ",IL,קרקר דק פיטנס,גרמים,140.00,100 גרם,false,1,8.90,6.36,true,1,
7290115207941,false,סירופ אננס ויטמינצ'יק 1 ליטר,בית-השיטה עסיס תעשיות מז,IL,ויטמינצ'יק אננס,ליטרים,1.00,ליטר,false,1,18.90,18.90,true,1,
7290115207965,false,סירופ מנגו אפרסק ויטמינצ'יק 1 ליטר,בית-השיטה עסיס תעשיות מז,IL,ויטמינצ'יק מנגו,ליטרים,1.00,ליטר,false,1,18.90,18.90,true,1,
7290115207989,false,סירופ לימון ויטמינצ'יק 1 ליטר,בית-השיטה עסיס תעשיות מז,IL,ויטמינצ'יק לימון,ליטרים,1.00,ליטר,false,1,18.90,18.90,true,1,
7290115208047,false,סירופ פטל ויטמינצ'יק 1 ליטר,בית-השיטה עסיס תעשיות מז,IL,ויטמינצ'יק פטל,ליטרים,1.00,ליטר,false,1,18.90,18.90,true,1,
7290115208061,false,סירופ תפוח ויטמינצ'יק 1 ליטר,בית השיטה עסיס תעשיות מז,IL,ויטמינצ'יק תפוח,ליטרים,1.00,ליטר,false,1,18.90,18.90,true,1,
7290115208320,false,אפרופו חטיף בטעם ביסלי בצל 50 גרם,"אסם השקעות בע""\מ",IL,אפרופו טעם ביסלי,גרמים,50.00,100 גרם,false,1,3.90,7.80,true,1,
7290115209136,false,טבעול חטיפי עוף צמחי העדה החרדית 6*1.2קג,"טבעול תעשיות מזון בע""\מ",IL,טבעול חטיפים צמח,קילוגרמים,1.20,"ק""ג",false,1,39.90,33.25,true,1,
7290115209198,false,במבה אוורירית אסם 80 גרם,"אסם תעשיות בע""מ",IL,במבה אוורירית,גרמים,80.00,100 גרם,false,1,3.90,4.88,true,1,
7290115209358,false,במבה במילוי בראוניז אסם 60 גרם,"אסם השקעות בע""\מ",IL,במבה בראוניז,גרמים,60.00,100 גרם,false,1,3.90,6.50,true,1,
7290115480009,false,"מרכך כביסה מרוכז פרש קונטרול ירוק 900 מ""ל סוד",הנקל סוד,IL,סוד מרכך פרש,מיליליטרים,900.00,"100 מ""ל",false,1,11.90,1.32,true,1,
=======
7290115074734,false,סוכריה על מקל 85 גרם - סמי הכבאי,שמחה זה אנחנו,,סוכריה על מקל,יחידה,1.00,יחידה,false,0,6.90,6.90,true,1,
7290115074741,false,סוכריה על מקל 85 גרם - הלו קיטי,שמחה זה אנחנו,,סוכריה על מקל,יחידה,1.00,יחידה,false,0,6.90,6.90,true,1,
7290115190014,false,סיגריות מרלבורו רד קצר בוקס,פיליפ מוריס בעמ,IL,מרלבורו רד קצר,יחידה,1.00,יחידה,false,1,32.00,32.00,false,1,
7290115190076,false,סיגריות מרלבורו גולד ארוך 100 בוקס,פיליפ מוריס בעמ,TR,מרלבורו גולד,יחידה,1.00,יחידה,false,1,32.00,32.00,false,1,
7290115190090,false,סיגריות מרלבורו קצר בוקס בודד,פיליפ מוריס בעמ,US,מרלבורו גולד קצר,יחידה,1.00,יחידה,false,1,32.00,32.00,false,1,
7290115190151,false,סיגריות מרלבורו טאצ גולד,פיליפ מוריס בעמ,IL,מרלבורו גולד טאץ,יחידה,1.00,יחידה,false,1,28.00,28.00,false,1,
7290115190175,false,פרלמנט סופר סלימס קופסא,פיליפ מוריס בעמ,US,פרלמנט סופר סלימ,יחידה,1.00,יחידה,false,1,36.50,36.50,false,1,
7290115190199,false,פרלמנט נייט ארוך חפיסה) (20,פיליפ מוריס בעמ,TR,פרלמנט נייט ארוך,יחידה,1.00,יחידה,false,1,36.50,36.50,false,1,
7290115190236,false,סיגריות פרלמנט קצר בלו בודד,פיליפ מוריס בעמ,IL,פרלמנט בלו קצר,יחידה,1.00,יחידה,false,1,36.50,36.50,false,1,
7290115190250,false,סיגריות פרלמנט קצר בודד,פיליפ מוריס בעמ,US,פרלמנט נייט קצר,יחידה,1.00,יחידה,false,1,36.50,36.50,false,1,
7290115190359,false,אל.אמ בלו לייבל קצר חפיסה) (20,פיליפ מוריס בעמ,US,אל אם בלו קצר,יחידה,1.00,יחידה,false,1,31.00,31.00,false,1,
7290115190373,false,סיגריות ל.מ. קפסולהP,פיליפ מוריס בעמ,TR,אל אמ פורוורד חפ,יחידה,1.00,יחידה,false,1,31.00,31.00,false,1,
7290115190397,false,סיגריות L.M קצר רד לייבל בודד,פיליפ מוריס בעמ,US,אל אם רד קצר חפ,יחידה,1.00,יחידה,false,1,31.00,31.00,false,1,
7290115190458,false,סיגריות נקסט פיין אדג' בודד,פיליפ מוריס בעמ,TR,נקסט אדג',יחידה,1.00,יחידה,false,1,25.00,25.00,false,1,
7290115190472,false,סיגריות נקסט פיין אדג',פיליפ מוריס בעמ,,נקסט פיין אדג',יחידה,1.00,יחידה,false,0,25.00,25.00,true,1,
7290115190496,false,סיגריות נקסט ארוך בודד,פיליפ מוריס בעמ,IL,נקסט פיין ארוך,יחידה,1.00,יחידה,false,1,28.00,28.00,false,1,
7290115190519,false,סיגריות נקסט פיין חפ,פיליפ מוריס בעמ,PL,נקסט פיין חפ,יחידה,1.00,יחידה,false,1,28.00,28.00,false,1,
7290115190533,false,סיגריות נקסט ריסס 100 בודד,פיליפ מוריס בעמ,TR,נקסט ריסס ארוך,יחידה,1.00,יחידה,false,1,28.00,28.00,false,1,
7290115190571,false,סיגריות נקסט לילך בודד,פיליפ מוריס בעמ,US,נקסט לילך,יחידה,1.00,יחידה,false,1,28.00,28.00,false,1,
7290115190595,false,סיגריות נקסט אוריגינ,פיליפ מוריס בעמ,PL,נקסט אוריג'ינל,יחידה,1.00,יחידה,false,1,28.00,28.00,false,1,
7290115190656,false,נקסט טבק פיין סיגריות חפיסה.,פיליפ מוריס בעמ,PL,טבק נקסט פיין,גרמים,40.00,100 גרם,false,1,72.00,180.00,false,1,
7290115190670,false,נקסט אוריגנל טבק סיגריות חפיס,פיליפ מוריס בעמ,PL,טבק נקסט אורגינל,גרמים,40.00,100 גרם,false,1,72.00,180.00,false,1,
7290115190892,false,סיגריות מרלבורו פיוז'ן קפסולה בודד,פיליפ מוריס בעמ,TR,מרלבורו פיוז'ן ח,יחידה,1.00,יחידה,false,1,27.00,27.00,false,1,
7290115190939,false,אל.אם קפסולות קליק חפיסה,פיליפ מוריס בעמ,TR,אל אמ קליק קפ.חפ,יחידה,1.00,יחידה,false,1,24.00,24.00,false,1,
7290115190977,false,סיגריות מרלבורו טאץ אדום -בודד,פיליפ מוריס בעמ,TR,מרלבורו רד טאץ',יחידה,1.00,יחידה,false,1,28.00,28.00,false,1,
7290115191035,false,מרלבורו סאמר ספלאש קופסא,פיליפ מוריס בעמ,RS,מרלבורו סאמר,יחידה,1.00,יחידה,false,1,28.00,28.00,false,1,
7290115200676,false,עוגיות קרמוגית במילוי קרם בטעם קרמל מלוח,קבוצת אוסם סחר שותפות מוגבלת,IL,קרמוגית קרמל,גרמים,200.00,100 גרם,false,1,8.90,4.45,true,1,
7290115200713,false,במבה קלאסי מארז אחיד 5*50 גר` אסם,קבוצת אוסם סחר שותפות מוגבלת,IL,במבה קלאסי 5 יח,גרמים,250.00,100 גרם,false,1,11.90,4.76,true,1,
7290115200881,false,בייגלה שטוחים שומשום מליחות מעודנת אסם 300 גרם,קבוצת אוסם סחר שותפות מוגבלת,IL,בייגלה שטוחים,גרמים,300.00,100 גרם,false,1,8.90,2.97,true,1,
7290115201680,false,ביסלי חטיף בטעם ברביקין אסם (70 גרם),קבוצת אוסם סחר שותפות מוגבלת,IL,ביסלי ברביקיו,גרמים,70.00,100 גרם,false,1,3.90,5.57,true,1,
7290115201703,false,ביסלי חטיף בטעם ברביקין אסם (200 גרם),קבוצת אוסם סחר שותפות מוגבלת,IL,ביסלי ברביקיו,גרמים,200.00,100 גרם,false,1,6.90,3.45,true,1,
7290115201727,false,ביסלי חטיף בטעם בצל אסם (200 גרם),קבוצת אוסם סחר-שות.מוגבלת,IL,ביסלי בצל,גרמים,200.00,100 גרם,false,1,6.90,3.45,true,1,
7290115201741,false,ביסלי חטיף בטעם בצל אסם (70 גרם),קבוצת אוסם סחר שותפות מוגבלת,IL,ביסלי בצל,גרמים,70.00,100 גרם,false,1,3.90,5.57,true,1,
7290115202786,false,מנה חמה פאוצ' נדלס.אטר.טעם בקר 70 גרם,קבוצת אוסם סחר שותפות מוגבלת,TH,מנה חמה פאוצ',גרמים,70.00,100 גרם,false,1,3.90,5.57,true,1,
7290115202816,false,מנה חמה פאוץ נודלס אטריות טעם עוף 70 גרם,קבוצת אוסם סחר שותפות מוגבלת,TH,מנה חמה פאוצ',גרמים,70.00,100 גרם,false,1,3.90,5.57,true,1,
7290115203134,false,חטיף פופקו פופקורן במבה אסם (80 גרם),קבוצת אוסם סחר שותפות מוגבלת,IL,פופקו פופקורן,גרמים,80.00,100 גרם,false,1,3.90,4.88,true,1,
7290115203172,false,במבה PRO מכיל 18 גרם חלבון בשקית,קבוצת אוסם סחר שותפות מוגבלת,IL,חטיף במבה פרו,גרמים,80.00,100 גרם,false,1,3.90,4.88,true,1,
7290115205176,false,729001032825פיטנס חטיפי קרקר כפרי 140גר.,קבוצת אוסם סחר שותפות מוגבלת,IL,קרקר דק פיטנס,גרמים,140.00,100 גרם,false,1,8.90,6.36,true,1,
7290115205312,false,קרקר פיטנס דק עם זיתי קלמטה ועשבי תיבול,קבוצת אוסם סחר שותפות מוגבלת,IL,קרקר דק פיטנס,גרמים,140.00,100 גרם,false,1,8.90,6.36,true,1,
7290115207941,false,סירופ אננס ויטמינצ'יק 1 ליטר,קבוצת אוסם סחר שותפות מוגבלת,IL,ויטמינצ'יק אננס,ליטרים,1.00,ליטר,false,1,18.90,18.90,true,1,
7290115207965,false,סירופ מנגו אפרסק ויטמינצ'יק 1 ליטר,קבוצת אוסם סחר שותפות מוגבלת,IL,ויטמינצ'יק מנגו,ליטרים,1.00,ליטר,false,1,18.90,18.90,true,1,
7290115207989,false,סירופ לימון ויטמינצ'יק 1 ליטר,קבוצת אוסם סחר שותפות מוגבלת,IL,ויטמינצ'יק לימון,ליטרים,1.00,ליטר,false,1,18.90,18.90,true,1,
7290115208047,false,סירופ פטל ויטמינצ`יק (1 ליטר),קבוצת אוסם סחר שותפות מוגבלת,IL,ויטמינצ'יק פטל,ליטרים,1.00,ליטר,false,1,18.90,18.90,true,1,
7290115208061,false,סירופ תפוח ויטמינצ'יק 1 ליטר,קבוצת אוסם סחר שותפות מוגבלת,IL,ויטמינצ'יק תפוח,ליטרים,1.00,ליטר,false,1,18.90,18.90,true,1,
7290115208320,false,אפרופו חטיף בטעם ביסלי בצל 50 גרם,קבוצת אוסם סחר שותפות מוגבלת,IL,אפרופו טעם ביסלי,גרמים,50.00,100 גרם,false,1,3.90,7.80,true,1,
7290115209136,false,טבעול חטיפי עוף צמחי העדה החרדית 6*1.2קג,קבוצת אוסם סחר שותפות מוגבלת,IL,טבעול חטיפים צמח,קילוגרמים,1.20,"ק""ג",false,1,39.90,33.25,true,1,
7290115209198,false,במבה אוורירית אסם 80 גרם,קבוצת אוסם סחר שותפות מוגבלת,IL,במבה אוורירית,גרמים,80.00,100 גרם,false,1,3.90,4.88,true,1,
7290115209358,false,במבה במילוי בראוניז אסם (60 גרם),קבוצת אוסם סחר שותפות מוגבלת,IL,במבה בראוניז,גרמים,60.00,100 גרם,false,1,3.90,6.50,true,1,
7290115480009,false,"מרכך כביסה מרוכז פרש קונטרול ירוק 900 מ""ל סוד",גורי שיווק בעמ,IL,סוד מרכך פרש,מיליליטרים,900.00,"100 מ""ל",false,1,11.90,1.32,true,1,
>>>>>>> d048ac2f4f281c9d788043ab4e81b61b0dbe3743
7290115671339,false,מיני פינוקיות בראוניז בייגל בוטן עלית 180 ג' עלית,"הגביע מוצרי ופלים בע""\מ",IL,מיני פינוקיות,גרמים,180.00,100 גרם,false,1,9.90,5.50,true,1,
7290115671346,false,מיני פינוקיות טופי קרמל מלוח עלית 180 גרם,"הגביע מוצרי ופלים בע""\מ",IL,מיני פינוקיות,גרמים,180.00,100 גרם,false,1,9.90,5.50,true,1,
7290115671353,false,מיני פינוקיות עוגיות קקאו במילוי קרם בטעם וניל,"הגביע מוצרי ופלים בע""\מ",IL,מיני פינוקיות,גרמים,180.00,100 גרם,false,1,9.90,5.50,true,1,
7290115676037,false,דנונה ריפרש יוגורט עם תות ודומדמניות 1.6% שומן,שטראוס גרופ בעמ/מצונן,IL,יוגורט דנונה,גרמים,250.00,100 גרם,false,1,4.90,1.96,true,1,
7290115720006,false,דאבל לק דובדבן פנימי מנו,,IL,דאבל לק דובדבן פ,יחידה,1.00,יחידה,false,1,1.00,1.00,true,1,
7290115720013,false,דאבל לק אפרסק פנימי מנו,,IL,דאבל לק אפרסק,יחידה,1.00,יחידה,false,1,1.00,1.00,true,1,
7290115720020,false,דאבל לק קולה פנימי מנוס,,IL,דאבל לק קולה פני,יחידה,1.00,יחידה,false,1,1.00,1.00,true,1,
7290115720280,false,בריקס לגו סוריות בטעם פירות גרוס מארז 18 יחידות,גרוסליין,CN,סוכריות לגו,גרמים,216.00,100 גרם,false,1,18.90,8.75,true,1,
7290115720297,false,בריקס יחידה מנוס פודס,,IL,בריקס יחידה,גרמים,12.00,100 גרם,false,1,1.00,8.33,true,1,
7290115720358,false,סוכריות גואל פופ מארז 18 יחי',גרוסליין,CN,סוכריות טבעת,גרמים,225.00,100 גרם,false,1,18.90,8.40,true,1,
7290115720365,false,גואל פופ בטעם תות גרוס,,IL,גואל פופ,יחידה,1.00,יחידה,false,1,1.00,1.00,true,1,
7290115720372,false,גואל פופ בטעם תפוח גרוס,,IL,גואל פופ תפוח,יחידה,1.00,יחידה,false,1,1.00,1.00,true,1,
7290115720389,false,גואל פופ אוכמניות גרוס,,IL,גואל פופ,גרמים,13.00,100 גרם,false,1,1.00,7.69,true,1,
7290115720464,false,סוכריות מוצץ גרוסליי 16*18גר,גרוסליין,BE,סוכריית מוצץ18יח,גרמים,105.00,100 גרם,false,1,18.90,18.00,true,1,
7290115720471,false,סוכריות משרוקית גרוס מארז 18 יחידות,גרוסליין,BE,סוכריית משרוקית,גרמים,170.00,100 גרם,false,1,18.90,11.12,true,1,
7290115720488,false,סוכריות ליפסטיק גרוס מארז 18 יחידות,גרוסליין,BE,סוכריית ליפסטיק,גרמים,170.00,100 גרם,false,1,18.90,11.12,true,1,
7290115720709,false,גואל פופ מארז מארז 18 יחידות,גרוסליין,CN,סוכ.טבעת 18 יח,גרמים,225.00,100 גרם,false,1,18.90,8.40,true,1,
7290115720723,false,גואל פופ דודבן תפוז גרוס,,IL,גואל פופ דודבן ת,יחידה,1.00,יחידה,false,1,1.00,1.00,true,1,
7290115720778,false,דיפ אנד ליק סוכריות דובי על מקל 15 יח',גרוסליין,CN,סוכ.דיפ אנד ליק,גרמים,202.00,100 גרם,false,1,18.90,9.36,true,1,
7290115720891,false,סוכריות בטעמי פירות פאזל 18 יח',גרוסליין,IL,פאזל מארז 18 יחי,יחידה,1.00,יחידה,false,1,18.90,18.90,true,1,
7290115720969,false,סוכריות בטעמי פירות טטריס 18 יח',גרוסליין,IL,טטריס מארז 18 יח,יחידה,1.00,יחידה,false,1,18.90,18.90,true,1,
7290115730012,false,קסרול לבן 10יחידות,,CN,קסרול,יחידה,1.00,יחידה,false,1,10.90,10.90,true,1,
7290115730753,false,תבניות אישיות עם מכס,,,תבנית אישית+מכסה,יחידה,1.00,יחידה,false,0,12.90,12.90,true,1,
7290115730876,false,ליקר ניאון 2OZ איכות,,IL,כוסות ליקר ניאון,יחידה,1.00,יחידה,false,1,5.90,5.90,true,1,
7290115730937,false,כוס מעוטר צבעוני 300,תבניכל,CN,כוס מעוטר 40 יחי,יחידה,1.00,יחידה,false,1,13.90,13.90,true,1,
7290115730944,false,כוס יהלום 25 יחידות,תבניכל,CN,כוס יהלום,יחידה,1.00,יחידה,false,1,7.90,7.90,true,1,
7290115731187,false,מנג'טים מספר 2 זהב 60 יח,,CN,מנג'טים,יחידה,1.00,יחידה,false,1,4.90,4.90,true,1,
7290115731194,false,מנג'טים מספר 2 כסף 60 יח,,CN,מנג'טים,יחידה,1.00,יחידה,false,1,4.90,4.90,true,1,
7290115731507,false,גביעי דוריקינו קטנים 12,,CN,גביעי דוריקינו,יחידה,1.00,יחידה,false,1,7.90,7.90,true,1,
7290115731521,false,גביעי אפולי קטנים 12 יחי,,CN,גביעי אפולי,יחידה,1.00,יחידה,false,1,7.90,7.90,true,1,
7290115731552,false,גביעי קוביקינו קטנים12יח,,CN,גביעי קוביקינו,יחידה,1.00,יחידה,false,1,7.90,7.90,true,1,
7290115731798,false,מארז מגשים עמוק אובלי שק,לפיד,IL,מארז מגשים עמוק,יחידה,1.00,יחידה,false,1,9.90,9.90,true,1,
7290115733228,false,מאפינס ברונזה 12 יח,,CN,מאפינס ברונזה,יחידה,1.00,יחידה,false,1,4.90,4.90,true,1,
7290115733525,false,תבניות עגולות קשיחות,,CN,תבניות עגולות,יחידה,1.00,יחידה,false,1,11.90,11.90,true,1,
7290115733549,false,"תבניות עגולות 25 ס""מ",,CN,תבניות עגולות,יחידה,1.00,יחידה,false,1,13.90,13.90,true,1,
7290115733587,false,תבניות מלבניות בינוניות,,CN,תבניות מלבניות,יחידה,1.00,יחידה,false,1,13.90,13.90,true,1,
7290115733617,false,תבניות אובליות גבוהות,,CN,תבניות אובליות,יחידה,1.00,יחידה,false,1,13.90,13.90,true,1,
7290115733891,false,מגש מחולק ל4 נשנושים זהב,,IL,מגש מחולק ל4 נשנ,יחידה,1.00,יחידה,false,1,6.90,6.90,true,1,
7290115733907,false,מגש מחולק ל4 נשנושים כסף,,IL,מגש מחולק ל4 נשנ,יחידה,1.00,יחידה,false,1,6.90,6.90,true,1,
7290115733945,false,תבנית לזניה+מכסהזהב שחור,,CN,תבנית לזניה 4 יח,יחידה,1.00,יחידה,false,1,11.90,11.90,true,1,
7290115733969,false,תבנית לב +מכסה זהב שחור,,CN,תבנית לב 10יח',יחידה,1.00,יחידה,false,1,11.90,11.90,true,1,
7290115733976,false,זהב שחור-תבנית ריבוע,,CN,תבנית+מכסה8 יח',יחידה,1.00,יחידה,false,1,11.90,11.90,true,1,
7290115736106,false,8 צלחות קטנות ור,,,8 צלחות קטנות ור,יחידה,1.00,יחידה,false,0,9.90,9.90,true,1,
7290115736113,false,8 צלחות קטנות קרם כלנית,,IL,8 צלחות קטנות קר,יחידה,1.00,יחידה,false,1,9.90,9.90,true,1,
7290115736151,false,8 צלחות קטנות נצנץ זהב כ,,IL,8 צלחות קטנות נצ,יחידה,1.00,יחידה,false,1,9.90,9.90,true,1,
7290115736168,false,8 צלחות קטנות נצנץ כסף כ,,IL,8 צלחות קטנות נצ,יחידה,1.00,יחידה,false,1,9.90,9.90,true,1,
7290115736199,false,8 מרקיות ורוד כלנית,,IL,8 מרקיות ורוד כל,יחידה,1.00,יחידה,false,1,12.90,12.90,true,1,
7290115736205,false,8 מרקיות קרם כלנית,,IL,8 מרקיות קרם,יחידה,1.00,יחידה,false,1,12.90,12.90,true,1,
7290115736229,false,8 מרקיות לבן כלנית,,IL,8 מרקיות לבן כלנ,יחידה,1.00,יחידה,false,1,12.90,12.90,true,1,
7290115736250,false,8 מרקיות נצנץ כסף כלנית,,IL,8 מרקיות נצנץ כס,יחידה,1.00,יחידה,false,1,12.90,12.90,true,1,
7290115736281,false,8 צלחות גדולות ורוד כלני,,IL,8 צלחות גדולות כ,יחידה,1.00,יחידה,false,1,19.90,19.90,true,1,
7290115736298,false,8 צלחות גדולות קרם כלני,,IL,8 צלחות גדולות ק,יחידה,1.00,יחידה,false,1,19.90,19.90,true,1,
7290115736335,false,8 צלחות גדולות נצנץ זהב,,IL,8 צלחות גדולות נ,יחידה,1.00,יחידה,false,1,19.90,19.90,true,1,
7290115736342,false,8 צלחות גדולות נצנץ כסף,,IL,8 צלחות גדולות כ,יחידה,1.00,יחידה,false,1,19.90,19.90,true,1,
7290115736373,false,8 צלחות בינוני ורוד כלני,,IL,8 צלחות בינוני ו,יחידה,1.00,יחידה,false,1,15.90,15.90,true,1,
7290115736380,false,8 צלחות בינוני קרם כלנית,,IL,8 צלחות בינוני ק,יחידה,1.00,יחידה,false,1,15.90,15.90,true,1,
7290115736403,false,8 צלחות בינוני לבן כלני,,IL,8 צלחות בינוני ל,יחידה,1.00,יחידה,false,1,15.90,15.90,true,1,
7290115736427,false,8 צלחות בינוני נצנץ זהב,,IL,8 צלחות בינוני נ,יחידה,1.00,יחידה,false,1,15.90,15.90,true,1,
7290115736434,false,8 צלחות בינוני נצנץ כסף,,IL,8 צלחות בינוני נ,יחידה,1.00,יחידה,false,1,15.90,15.90,true,1,
7290115736465,false,6 קסרול ורוד כלנ,,,6 קסרול ורוד כלנ,יחידה,1.00,יחידה,false,0,6.90,6.90,true,1,
7290115736519,false,6 קסרול נצנץ זהב כלנית,,IL,6 קסרול נצנץ זהב,יחידה,1.00,יחידה,false,1,6.90,6.90,true,1,
7290115736526,false,6 קסרול נצנץ כסף כלנית,,IL,6 קסרול נצנץ כסף,יחידה,1.00,יחידה,false,1,6.90,6.90,true,1,
7290115737196,false,צמד קערות לבן כלנית,,IL,צמד קערות לבן,יחידה,1.00,יחידה,false,1,7.90,7.90,true,1,
7290115737202,false,צמד קערות קרם כל,,IL,צמד קערות קרם,יחידה,1.00,יחידה,false,1,7.90,7.90,true,1,
7290115737257,false,צמד קערות שקוף כל,,IL,צמד קערות שקוף,יחידה,1.00,יחידה,false,1,7.90,7.90,true,1,
7290115737264,false,צמד קערות ורוד כלנית,,IL,צמד קערות ורוד,יחידה,1.00,יחידה,false,1,7.90,7.90,true,1,
7290115737288,false,"תבניות עגולות 18 ס""מ",,,תבנית18עגול+מכסה,יחידה,1.00,יחידה,false,0,12.90,12.90,true,1,
7290115737295,false,תבנית עגולה לפשטידה,,,תבנית21עגול +מכ,יחידה,1.00,יחידה,false,0,12.90,12.90,true,1,
7290115737301,false,תבניות עגולות עם מכסה 6,,CN,תבניות עגולות,יחידה,1.00,יחידה,false,1,12.90,12.90,true,1,
7290115737325,false,תבנית טארט מיני + מכסה,תבניכל,CN,תבנית טארט+מכסה,יחידה,1.00,יחידה,false,1,8.90,8.90,true,1,
7290115737332,false,תבנית טארט 11*11 20 יחי,,IL,תבנית טארט 11*11,יחידה,1.00,יחידה,false,1,8.90,8.90,true,1,
7290115737349,false,תבנית מרובעת + מכסה 12 י,תבניכל,CN,תבנית מרובעת,יחידה,1.00,יחידה,false,1,8.90,8.90,true,1,
7290115737356,false,תבנית מלבן 25 יחי תבניכל,,IL,תבנית מלבן 25 יח,יחידה,1.00,יחידה,false,1,8.90,8.90,true,1,
7290115737370,false,תבנית מלבן 18 יחי תבניכל,,IL,תבנית מלבן 18 יח,יחידה,1.00,יחידה,false,1,8.90,8.90,true,1,
7290115737387,false,תבנית מלבן + מכסה 8 יחיד,תבניכל,CN,תבנית מלבן+מכסה,יחידה,1.00,יחידה,false,1,8.90,8.90,true,1,
7290115737394,false,תבנית בוטיק אובל 30יח,תבניכל,CN,תבנית חלה 30 יחי,יחידה,1.00,יחידה,false,1,8.90,8.90,true,1,
7290115737400,false,תבנית חלה 6יחי תבניכל,,IL,תבנית חלה 6יחי,יחידה,1.00,יחידה,false,1,8.90,8.90,true,1,
7290115737417,false,תבנית חלה 5יחי תבניכל,,IL,תבנית חלה 5יחי,יחידה,1.00,יחידה,false,1,8.90,8.90,true,1,
7290115737424,false,תבנית בוטיק חלה 32.5,תבניכל,CN,תבנית חלה,יחידה,1.00,יחידה,false,1,8.90,8.90,true,1,
7290116242361,false,מיני פופ סוכריה על מקל עם כדור 8 גר' מיניונים,Unknown,IL,מיני פופ סוכריה,גרמים,8.00,100 גרם,false,1,8.90,111.25,true,1,
7290116242408,false,מיני פופ סוכריה על מקל עם כדור 8 גר' ריינבוקורן,Unknown,IL,מיני פופ סוכריה,גרמים,8.00,100 גרם,false,1,8.90,111.25,true,1,
7290116242415,false,מיני פופ סוכריה על מקל עם כדור 8גר מפרץ הרפתקאות,Unknown,IL,מיני פופ סוכריה,גרמים,8.00,100 גרם,false,1,8.90,111.25,true,1,
<<<<<<< HEAD
7290116530062,false,רוטב ויניגרט לסלט הלמנס 295 גרם,יוניליוור ישראל מזון בע\,IL,רוטב ויניגרט,גרמים,295.00,100 גרם,false,1,8.90,3.02,true,1,
7290116530185,false,"קורנפלקס דלישקד קרמל מלוח 400 גרם בד""ץ","יוניליוור שפע ישראל בע""\",IL,דלישקד קרמל,גרמים,400.00,100 גרם,false,1,19.90,4.98,true,1,
7290116530871,false,נשנושים מיקס בייגל בייגל 240 גרם,"דרך השוקולד ,1 צפת 13404",IL,חטיף נשנושים,גרמים,240.00,100 גרם,false,1,7.90,3.29,true,1,
7290116530895,false,"תרסיס ריחני למייבש כביסה פינוק כחול בדין 500 מ""ל","זוהר דליה, קיבוץ דליה, 1",IL,תרסיס למייבש,מיליליטרים,500.00,"100 מ""ל",false,1,13.90,2.78,true,1,
7290116531045,false,קורנפלקס דליפקאן 350ג ללא גלוטן,"מולינו ניקולי ,S.p.A ויה",IT,דליפקאן ל.גלוטן,גרמים,350.00,100 גרם,false,1,19.90,5.69,true,1,
7290116531069,false,קנור מרק בצל 100% רכיבים טבעיים 225 גרם,יוניליוור ישראל מזון בע\,IL,מרק בצל,גרמים,225.00,100 גרם,false,1,9.90,4.40,true,1,
7290116531076,false,מרק פטריות רכיבים טבעיים קטן 225 ג' קנור,יוניליוור ישראל מזון בע\,IL,מרק פטריות,גרמים,225.00,100 גרם,false,1,9.90,4.40,true,1,
=======
7290116530062,false,רוטב ויניגרט לסלט הלמנס 295 גרם,יוניליוור ישראל שיווק בע`מ,IL,רוטב ויניגרט,גרמים,295.00,100 גרם,false,1,8.90,3.02,true,1,
7290116530185,false,"קורנפלקס דלישקד קרמל מלוח 400 גרם בד""ץ",יוניליוור ישראל שיווק בע`מ,IL,דלישקד קרמל,גרמים,400.00,100 גרם,false,1,19.90,4.98,true,1,
7290116530871,false,נשנושים מיקס בייגל בייגל 240 גרם,יוניליוור ישראל שיווק בע`מ,IL,חטיף נשנושים,גרמים,240.00,100 גרם,false,1,7.90,3.29,true,1,
7290116530895,false,"תרסיס ריחני למייבש כביסה פינוק כחול בדין 500 מ""ל",יוניליוור ישראל שיווק בע`מ,IL,תרסיס למייבש,מיליליטרים,500.00,"100 מ""ל",false,1,13.90,2.78,true,1,
7290116531045,false,קורנפלקס דליפקאן 350ג ללא גלוטן,יוניליוור ישראל שיווק בע`מ,IT,דליפקאן ל.גלוטן,גרמים,350.00,100 גרם,false,1,19.90,5.69,true,1,
7290116531069,false,קנור מרק בצל 100% רכיבים טבעיים 225 גרם,יוניליוור ישראל שיווק בע`מ,IL,מרק בצל,גרמים,225.00,100 גרם,false,1,9.90,4.40,true,1,
7290116531076,false,מרק פטריות רכיבים טבעיים קטן 225 ג' קנור,יוניליוור ישראל שיווק בע`מ,IL,מרק פטריות,גרמים,225.00,100 גרם,false,1,9.90,4.40,true,1,
>>>>>>> d048ac2f4f281c9d788043ab4e81b61b0dbe3743
7290116531724,false,"חטיף שוגי שוקולד חלב 130 גרם כשל""פ","טחנת האבן תעשיות בע""\מ,",IL,חטיף שוגי שוקולד,גרמים,130.00,100 גרם,false,1,10.00,7.69,true,1,
7290116531793,false,הלמנ'ס רוטב לסלט קיסר 295 גרם,יוניליוור ישראל שיווק בע`מ,IL,רוטב לסלט קיסר,גרמים,295.00,100 גרם,false,1,8.90,3.02,true,1,
7290116531892,false,רוטב ברביקיו מעושן יום עצמאות קנור 350 גרם,יוניליוור ישראל שיווק בעמ,IL,רוטב ברביקיו,גרמים,350.00,100 גרם,false,1,9.90,2.83,true,1,
7290116532011,false,קליק אוקיי נוגט בציפוי שוקולד חלב 35 גרם,יוניליוור ישראל שיווק בע`מ,IL,חטיף קליק נוגט,גרמים,35.00,100 גרם,false,1,3.90,11.14,true,1,
7290116532585,false,דגני בוקר ברנפלקס קרנצ'ים בטעם דבש וקינמון,יוניליוור ישראל שיווק בע`מ,IL,קרנצים בטעם דבש,גרמים,375.00,100 גרם,false,1,19.90,5.31,true,1,
7290116532622,false,"מרכך לשיער בתוספת תמצית גוג'י ברי פינוק 700 מ""ל.",יוניליוור ישראל שיווק בע`מ,IL,מרכך עם גוגי ברי,מיליליטרים,700.00,"100 מ""ל",false,1,11.90,1.70,true,1,
7290116532868,false,פינוק בייבי שמפו אל דמע לתינוקות 900 מל,יוניליוור ישראל שיווק בע`מ,IL,בייבי שמפו,מיליליטרים,900.00,"100 מ""ל",false,1,9.90,1.10,true,1,
7290116760278,false,צלחת גדולה חלק כסף בסד,,IL,צלחת גדולה חלק כ,יחידה,1.00,יחידה,false,1,8.90,8.90,true,1,
7290116760292,false,צלחת גדולה חלק קרם 10 יח,,IL,צלחת גדולה חלק ק,יחידה,1.00,יחידה,false,1,8.90,8.90,true,1,
7290116760568,false,"כפיות ח""פ לגלידה",,,"כפיות ח""פ לגלידה",יחידה,1.00,יחידה,false,0,2.90,2.90,true,1,
7290116868844,false,ראנר D&D 30/150 טורקיז ה,,IL,ראנר 30/150טורקי,יחידה,1.00,יחידה,false,1,39.90,39.90,true,1,
7290116868967,false,ראנר30/100 פונפונים אפור,,IL,ראנר 30/100פונפו,יחידה,1.00,יחידה,false,1,29.90,29.90,true,1,
7290116868974,false,ראנר30/100 פונפונים אפור,,IL,ראנר 30/100פונפו,יחידה,1.00,יחידה,false,1,29.90,29.90,true,1,
7290116910871,false,ממתק ספרי משרוקית 8*20 מ,תאיפן פאן טיים,CN,ממתק ספרי משרוקי,מיליליטרים,8.00,"100 מ""ל",false,1,6.90,86.25,true,1,
7290116911960,false,קנדי טוי טנדר משטרה 8*12,VE PAZRLAMA GIDA GLOBAL,TR,קנדי טוי טנדר מש,גרמים,8.00,100 גרם,false,1,6.90,86.25,true,1,
7290116914879,false,ממתק צעצוע מכונה להרמת סוכריות,קסימן אינגואן,CN,ממתק צעצוע עם סו,יחידה,1.00,יחידה,false,1,10.90,10.90,true,1,
7290116914916,false,ממתק צעצוע קנדי דיספנסר,קסימן אינגואן,CN,ממתק צעצוע קנדי,יחידה,1.00,יחידה,false,1,10.90,10.90,true,1,
7290116915029,false,ממתק צעצוע מסתובב 1 יח',קסימן אינגואן,CN,ממתק צעצוע מסתוב,יחידה,1.00,יחידה,false,1,11.90,11.90,true,1,
7290116930244,false,"שמיניית יוגורט תנובה 1.5% בד""צ 150 גרם",תנובה מרכז שיתופי לש,IL,מארז יוגורט,קילוגרמים,1.20,"ק""ג",false,1,13.90,11.58,true,1,
7290116930459,false,"יופלה שייק מנגו בננה אננס וקוקוס 230 מ""ל",קבוצת המזון אקטשלאר,IL,יופלה שייק,מיליליטרים,230.00,"100 מ""ל",false,1,7.90,3.43,true,1,
7290116930466,false,"משקה SHAKE בננה מנגן פסיפלורה והל 230 מ""ל יופלה",קבוצת המזון אקטשלאר,IL,יופלה שייק,מיליליטרים,230.00,"100 מ""ל",false,1,7.90,3.43,true,1,
7290116930718,false,מעדן תנובה דיאט בטעם שוקולד וקרמל מלוח 0% 150ג' תנובה,"תנובה בע""\מ",IL,מעדן תנובה דיאט,גרמים,150.00,100 גרם,false,1,3.20,2.13,true,1,
7290116931074,false,צהובה פרוסות טל העמק 32% 300 גר,"תנובה בע""מ ***",IL,טל העמק32% 300גר,גרמים,300.00,100 גרם,false,1,24.90,8.30,true,1,
7290116931081,false,מעדן סויה - טופי קרמל 125 גרם אלטרנטיב,תנובה מרכז שיתופי לש,IL,מעדן סויה טופי,גרמים,125.00,100 גרם,false,1,3.50,2.80,true,1,
7290117181850,false,מארז 8 מגשים עגולים גדול למשלוח מנות,,CN,מארז מגשים,יחידה,1.00,יחידה,false,1,5.90,5.90,true,1,
7290117181867,false,מארז 10 מגשים עגולים בינוני למשלוח מנות,,CN,מארז מגשים עגול,יחידה,1.00,יחידה,false,1,4.90,4.90,true,1,
7290117182253,false,"תמצימיץ בטעם תפוח 50 מ""ל","מנדלברג בע""מ",IL,תמצימיץ טעם תפוח,מיליליטרים,50.00,"100 מ""ל",false,1,16.90,33.80,true,1,
7290117182260,false,"תמצימיץ בטעם אננס 50 מ""ל","מנדלברג בע""מ",IL,תמצימיץ טעם אננס,מיליליטרים,50.00,"100 מ""ל",false,1,16.90,33.80,true,1,
7290117182277,false,"תמצימיץ בטעם פטל 50 מ""ל","מנדלברג בע""מ",IL,תמצימיץ בטעם פטל,מיליליטרים,50.00,"100 מ""ל",false,1,16.90,33.80,true,1,
7290117182284,false,"תמצימיץ בטעם ענבים 50 מ""","מנדלברג בע""מ",IL,"תמצימיץ 50 מ""ל",מיליליטרים,50.00,"100 מ""ל",false,1,16.90,33.80,true,1,
7290117760826,false,כפפות ניטריל כחול M פרפקטמדיק 100 יח*,ווינפאק סחר בעמ,,כפפות ניטריל כחו,יחידה,1.00,יחידה,false,0,13.90,13.90,true,1,
7290117760833,false,כפפות ניטריל שחורות L 100 יח',,,כפפות ניטריל כחו,יחידה,1.00,יחידה,false,0,13.90,13.90,true,1,
7290117821459,false,ביצת הפתעה עם סוכ.דינוזא,שמחה,IL,ביצת הפתעה עם סו,יחידה,1.00,יחידה,false,1,6.90,6.90,true,1,
7290117821466,false,ביצת הפתעה עם סוכריות קשות 20 גר`חיות ה,שמחה זה אנחנו בעמ,TR,ביצת הפתעה סוכ.,גרמים,20.00,100 גרם,false,1,6.90,34.50,true,1,
7290117901199,false,טורטיה על גחלים שקדיה 520 גרם,דין שיווק וקליה 2021 בעמ,TR,עלי טורטייה,גרמים,520.00,100 גרם,false,1,9.90,1.90,true,1,
7290117901205,false,טורטיה דגנים בתוספת שומשום ופשתן שקדיה 420 גרם,דין שיווק וקליה 2021 בעמ,TR,טורטיה,גרמים,420.00,100 גרם,false,1,10.90,2.60,true,1,
7290117920626,false,רביעיה סוללות AA,,,רביעיה סוללות AA,יחידה,1.00,יחידה,false,0,6.90,6.90,true,1,
7290117920633,false,רביעיה סוללות AA,,,רביעיה סוללות AA,יחידה,1.00,יחידה,false,0,6.90,6.90,true,1,
7290117920640,false,מארז סוללות 8+4,,,מארז סוללות 8+4,יחידה,1.00,יחידה,false,0,17.90,17.90,true,1,
7290117920671,false,עשיריה סוללות AA,,,עשיריה סוללות AA,יחידה,1.00,יחידה,false,0,14.90,14.90,true,1,
7290117920688,false,עשיריה סוללות AA,,,עשיריה סוללות AA,יחידה,1.00,יחידה,false,0,14.90,14.90,true,1,
7290118420477,false,אסם בייגלה שטוחים בטעם ביסלי בצל 300 גרם,קבוצת אוסם סחר שותפות מוגבלת,IL,בייגלה שטוחים,גרמים,300.00,100 גרם,false,1,8.90,2.97,true,1,
7290589856775,false,נייס שבלולים לשיער,שבלולים בעמ,IL,אביזרים לבית,יחידה,1.00,יחידה,false,0,5.90,5.90,true,1,
7291008084816,false,"תמר מג'הול בד""צ 1 ק""ג",ביכורי השדה הצפון בעמ` 1964,IL,"תמר מג'הול 1 ק""ג",קילוגרמים,1.00,"ק""ג",false,0,18.90,18.90,true,1,
7291044019179,false,סוללות אלקליין C4 1.5V LR6 AA,,IL,סוללות אקליין,יחידה,1.00,יחידה,false,0,5.90,5.90,true,1,
7291044019216,false,סוללות אלקליין AAA יונדאי 4 יח',,IL,סוללות אקליין,יחידה,1.00,יחידה,false,0,5.90,5.90,true,1,
7293556389962,false,שום לבן מובחר יחידה,אראל תוצרת חקלאית בע,IL,שום מובחר יח',יחידה,1.00,יחידה,false,1,10.90,10.90,true,1,
7296051103552,false,"צלחת אופל למרק מעוצבת 8""",,IL,צלחת אופל למרק מ,יחידה,1.00,יחידה,false,1,7.90,7.90,true,1,
7296058000526,false,פריכיות כוסמת פרח 160 גרם,מ.ד אטיאס סוכנויות מזון בע`מ,IL,פרכיות כוסמת,גרמים,160.00,100 גרם,false,0,6.90,4.31,true,1,
7296058110010,false,"פריכיות אורז פרח כשל""פ 110 גר'",מ.ד אטיאס סוכנויות מזון בע`מ,IL,פריכיות אורז 110,גרמים,110.00,100 גרם,false,1,3.90,3.55,true,1,
7296058330012,false,מארז פריכיות אורז מלא פרח 330 גר',פרח תעשיות,IL,פריכיות אורז פרח,גרמים,330.00,100 גרם,false,1,9.90,3.00,true,1,
7296073049654,false,טבעות זיתים ירוקים 560גר,שופרסל,IL,טבעות זיתים,גרמים,560.00,100 גרם,false,0,7.20,1.29,true,1,
7296073195252,false,פריכיות אורז מלא גרין100,"פרח תעשיות מזון בע""\מ",IL,פריכיות אורז מלא,גרמים,100.00,100 גרם,false,0,7.90,7.90,true,1,
7296073205708,false,רוט.פסט.בזיליקום אורג350,אלת'אה אס.פי.איי,IT,רוטב פסטה,גרמים,350.00,100 גרם,false,0,14.90,4.26,true,1,
7296073220442,false,דובדבן קפוא שופרסל 300גר,d.o.o Lukowa,RS,דובדבן,גרמים,300.00,100 גרם,false,0,7.90,2.63,true,1,
7296073222309,false,ג'חנון קפוא שופרסל 650 ג,אופרה,IL,ג'חנון קפוא שופר,גרמים,650.00,100 גרם,false,0,9.90,1.52,true,1,
7296073222323,false,מלווח קפוא שופרסל700ג,אופרה,IL,מלווח קפוא שופרס,גרמים,700.00,100 גרם,false,0,9.90,1.41,true,1,
7296073224662,false,12ביצים חופש אורגניות M,חוות גבעות עולם,IL,ביצי חופש 12 יח,יחידה,1.00,יחידה,false,0,19.90,19.90,true,1,
7296073224679,false,12ביצים חופש אורגני L,חוות גבעות עולם,IL,ביצי חופש 12 יח,יחידה,1.00,יחידה,false,0,19.90,19.90,true,1,
7296073225560,false,"ופלים שוקולד ללת""ס200גרם","מנעמים תעשיות מזון בע""\מ",IL,"ופל שוקולד ללת""ס",גרמים,200.00,100 גרם,false,0,7.90,3.95,true,1,
7296073229698,false,12ביצים אורגנ+L.אומגה3,חוות גבעות עולם,IL,ביצים אורגניות,יחידה,1.00,יחידה,false,0,20.90,20.90,true,1,
7296073244769,false,"סוכר חום דמררה צנצ. 1ק""ג","סוגת תעשיות בע""\מ",IL,סוכר חום דמררה,קילוגרמים,1.00,"ק""ג",false,1,10.90,10.90,true,1,
7296073244806,false,ביצי חופש אורגנS 18 גרין,חוות גבעות עולם,IL,ביצי חופש,יחידה,1.00,יחידה,false,1,19.90,19.90,true,1,
7296073246367,false,תות שדה קפוא 300 גרם,.,RS,תות שדה קפוא,גרמים,300.00,100 גרם,false,12,7.90,2.63,true,1,
7296073247500,false,רביולי גבינה 300 גרם,פסטה נונה,IL,רביולי גבינה,גרמים,300.00,100 גרם,false,1,12.90,4.30,true,1,
7296073247517,false,רביולי בטטה 300 גרם,פסטה נונה,IL,רביולי בטטה,גרמים,300.00,100 גרם,false,1,12.90,4.30,true,1,
7296073266730,false,חומץ אורז אורגני גרין500,DEVELOPMENT YI LIAN,CN,חומץ אורז אורגני,מיליליטרים,500.00,"100 מ""ל",false,1,14.90,2.98,true,1,
7296073283805,false,חתיכות אננס קפוא 300גרם,d.o.o Lukowa,RS,חתיכות אננס קפוא,גרמים,300.00,100 גרם,false,1,7.90,2.63,true,1,
7296073283812,false,קוביות מנגו קפוא 300 ג,d.o.o Lukowa,RS,קוביות מנגו,גרמים,300.00,100 גרם,false,1,7.90,2.63,true,1,
7296073283829,false,מיקס פירות טרופי קפוא 30,d.o.o Lukowa,RS,מיקס פירות טרופי,גרמים,300.00,100 גרם,false,1,7.90,2.63,true,1,
7296073294801,false,פתיתים אורז ללא גלוטן200,אשבול,IL,פתיתים אורז,גרמים,200.00,100 גרם,false,1,13.90,6.95,true,1,
7296073294818,false,פתיתים קוסק.ללא גלוטן200,אשבול,IL,פתיתים קוסקוס,גרמים,200.00,100 גרם,false,1,13.90,6.95,true,1,
7296073323631,false,פריפלצת מחית מנגו בננ120,גו פרוסלבה,ES,מחית פירות,גרמים,120.00,100 גרם,false,1,4.90,4.08,true,1,
7296073323662,false,פריפלצת מיקס פירות120ג,גו פרוסלבה,ES,מחית פירות,גרמים,120.00,100 גרם,false,1,4.90,4.08,true,1,
7296073323679,false,פריפלצת מחית אגס 120ג,גו פרוסלבה,ES,מחית פירות,גרמים,120.00,100 גרם,false,1,4.90,4.08,true,1,
7296073323693,false,פריפלצת מחית תפוח 120 גר,גו פרוסלבה,ES,מחית פירות,גרמים,120.00,100 גרם,false,1,4.90,4.08,true,1,
7296073345732,false,טופו אורגני גרין 300 גרם,כפרי בריא משק ויילר,IL,טופו אורגני,גרמים,300.00,100 גרם,false,1,7.90,2.63,true,1,
7296073345763,false,טופו טעם טבעי 300 גרם,כפרי בריא משק ויילר,IL,טופו טעם טבעי,גרמים,300.00,100 גרם,false,1,6.90,2.30,true,1,
7296073372509,false,משקה אורז אורגני 1 ליטר,ליקואטס וגטאלס,ES,משקה אורז אורגני,ליטרים,1.00,ליטר,false,1,9.90,9.90,true,1,
7296073372523,false,משקה שקדים אורגני 1 ליטר,ליקואטס וגטאלס,ES,משקה שקדים,ליטרים,1.00,ליטר,false,1,9.90,9.90,true,1,
7296073372554,false,משקה ש.שועל אורגני 1ליטר,ליקואטס וגטאלס,ES,משקה שיבולת שועל,ליטרים,1.00,ליטר,false,1,9.90,9.90,true,1,
7296073377269,false,פולי סויה אדממה 454 גרם,,CN,פולי סויה אדממה,גרמים,454.00,100 גרם,false,1,8.90,1.96,true,1,
7296073380887,false,דאו לגבר Boy Beach 150,סאסא קוסמטיקס,,דאו לגבר,יחידה,1.00,יחידה,false,0,8.90,8.90,true,1,
7296073384779,false,פריפלצת אגס גזר דלעת120,פרוסלה,ES,פריפלצת אגס גזר,גרמים,120.00,100 גרם,false,1,4.90,4.08,true,1,
7296073384793,false,פריפלצת דלעת בטטה 120ג,פרוסלה,ES,פריפלצת דלעת,גרמים,120.00,100 גרם,false,1,4.90,4.08,true,1,
7296073389422,false,"שמן זית אורגני 750 מ""ל",,IT,שמן זית אורגני,מיליליטרים,750.00,"100 מ""ל",false,1,39.90,5.32,true,1,
7296073399582,false,"סבון קוביה ירקרק 500 מ""ל",שופרסל,TR,סבון נוזלי,מיליליטרים,500.00,"100 מ""ל",false,1,9.90,1.98,true,1,
7296073420323,false,פריכיות כוסמת אורגנית160,,IL,פריכיות כוסמת,גרמים,160.00,100 גרם,false,1,10.90,6.81,true,1,
7296073420330,false,פריכיות כוסמת ללא מלח160,,IL,פריכיות כוסמת,גרמים,160.00,100 גרם,false,1,10.90,6.81,true,1,
7296073428541,false,מיקס פירות יער חדש 300 ג,D.O.O LAKI,RS,מיקס פירות יער,גרמים,300.00,100 גרם,false,1,7.90,2.63,true,1,
7296073429142,false,פיתה עגולה ללא גלוטן450ג,,IL,"פיתה קפואות לל""ג",גרמים,450.00,100 גרם,false,1,14.90,3.31,true,1,
7296073431121,false,רביולי גבינה פרימיום 300,פסטה נונה,IL,רביולי גבינה פרי,גרמים,300.00,100 גרם,false,1,12.90,4.30,true,1,
7296073431138,false,רביולי בטטה פרימיום 300,פסטה נונה,,רביולי בטטה פרימ,יחידה,1.00,יחידה,false,0,12.90,12.90,true,1,
7296073449041,false,רביולי ארטישוק וגבינות,דורום תעשיות מזון ופסטה,IL,רביולי ארטישוק,גרמים,300.00,100 גרם,false,1,12.90,4.30,true,1,
7296073449522,false,"סבון קוביה ורוד 500 מ""ל",טאהא קימיה,TR,סבון קוביה ורוד,מיליליטרים,500.00,"100 מ""ל",false,1,9.90,1.98,true,1,
7296073449539,false,"סבון קוביה כחול 500 מ""ל",טאהא קימיה,TR,סבון קוביה כחול,מיליליטרים,500.00,"100 מ""ל",false,1,9.90,1.98,true,1,
7296073451501,false,"בורקס תפו""א ללא גלוטן500",גידרון,IL,"בורקס תפו""א",גרמים,500.00,100 גרם,false,1,19.90,3.98,true,1,
7296073452546,false,אוכמניות כחולות קפואות 3,D.O.O LUKOWA,RS,אוכמניות כחולות,גרמים,300.00,100 גרם,false,1,7.90,2.63,true,1,
7296073484660,false,קערה שקופה 28 תהילה,,IL,קערה שקופה 28,יחידה,1.00,יחידה,false,1,8.90,8.90,true,1,
7296073484707,false,קערה 28 תהילה,,IL,קערה 28,יחידה,1.00,יחידה,false,1,8.90,8.90,true,1,
7296073495826,false,טופו צ'ילי גרין 300 גרם,משק ויילר,IL,טופו צ'ילי גרין,גרמים,300.00,100 גרם,false,1,7.90,2.63,true,1,
7296073515531,false,עוגות כוסמין ברבריא,,IL,עוגות כוסמין,יחידה,1.00,יחידה,false,1,19.00,19.00,true,1,
7296073516200,false,בירה בודד בירה בודד,,IL,בירה בודד,מיליליטרים,10.00,"100 מ""ל",false,1,7.90,79.00,true,1,
7296073554516,false,צנוניות בכורי שדה,,IL,צנוניות,יחידה,1.00,יחידה,false,1,9.90,9.90,true,1,
7296073594413,false,רול יסאי ]צמחוני[ בייגלס,,IL,רול יסאי ]צמחוני,יחידה,1.00,יחידה,false,1,23.90,23.90,true,1,
7296073594420,false,רול אמאי=סלמון אפוי+בטטה,,IL,רול אמאי=סלמון א,יחידה,1.00,יחידה,false,1,29.90,29.90,true,1,
7296073594437,false,רול סלמון אפוי+אבוקדו בי,,IL,רול סלמון אפוי+א,יחידה,1.00,יחידה,false,1,31.90,31.90,true,1,
7296073594444,false,רול קומאי=אבוקדו ובטטה+,,IL,רול קומאי=אבוקדו,יחידה,1.00,יחידה,false,1,33.90,33.90,true,1,
7296073594451,false,רול סאקי=סלמון אפוי+בטטה,,IL,רול סאקי=סלמון א,יחידה,1.00,יחידה,false,1,37.90,37.90,true,1,
7296146000186,false,צינורית הפלא+פתילות קטן,ח.כהן,IL,צינוריות+פתילות,יחידה,1.00,יחידה,false,0,11.90,11.90,true,1,
7296146000193,false,פתילות הפלא,,IL,פתילות הפלא,יחידה,1.00,יחידה,false,0,2.90,2.90,true,1,
7296146078246,false,נרות הידורית לשמן פרפין,,IL,זוג הידורית+פת,יחידה,1.00,יחידה,false,0,19.90,19.90,true,1,
7296168205569,false,קוטל יתושים נתלה קרוטק,,IL,קוטל יתושים נתלה,יחידה,1.00,יחידה,false,1,42.90,42.90,true,1,
7297114232745,false,גרבי תינוקות סריגמיש,,IL,גרבי תינוקות סרי,יחידה,1.00,יחידה,false,1,11.90,11.90,true,1,
7297395000156,false,מגן תחתון שחור 22יח`,חן המעיין בעמ,IL,פד שחור,יחידה,1.00,יחידה,false,0,8.90,8.90,true,1,
7297464412774,false,-NICEאביזרי שיער,,IL,-NICEאביזרי שיער,יחידה,1.00,יחידה,false,1,29.90,29.90,true,1,
7297488099890,false,פרוסות בסגנון קלאסי מופחתת שומן טבעוני 200 גרם,"טרופיקל דגיל בע""מ אז",IL,פרוסות קלאסי,גרמים,200.00,100 גרם,false,1,19.90,9.95,true,1,
7297488099906,false,פרוסות בסגנון קלאסי 18% טבעונית 200 גרם,קפוא זן תעשיות מזון בעמ,IL,פרוסות קלאסי,גרמים,200.00,100 גרם,false,1,19.90,9.95,true,1,
7298171177185,false,בקבוק לתינוק פטמה רחבה 2,,IL,בקבוק לתינוק פטמ,יחידה,1.00,יחידה,false,1,16.90,16.90,true,1,
7298171177192,false,זוג בקבוקים לתינוק 250 ד,,IL,זוג בקבוקים לתינ,יחידה,1.00,יחידה,false,1,29.90,29.90,true,1,
7298171177222,false,בקבוק לתינוק + ידית מיקי,,IL,בקבוק לתינוק + י,יחידה,1.00,יחידה,false,1,17.90,17.90,true,1,
7298171177239,false,שלישיית בקבוקים לתינוק 2,,IL,שלישיית בקבוקים,יחידה,1.00,יחידה,false,1,25.90,25.90,true,1,
7298171177253,false,בקבוק ספורט לתינוק מיני,,IL,בקבוק ספורט לתינ,יחידה,1.00,יחידה,false,1,14.90,14.90,true,1,
7298171177260,false,כוס אימון פיית סיליקון מ,,IL,כוס אימון פיית ס,יחידה,1.00,יחידה,false,1,17.90,17.90,true,1,
7298171177277,false,מחלק מנות דיסני 4 תאים,,IL,מחלק מנות דיסני,יחידה,1.00,יחידה,false,1,13.90,13.90,true,1,
7298171195745,false,בקבוק לתינוק + ידית דודו,,IL,בקבוק לתינוק,יחידה,1.00,יחידה,false,1,17.90,17.90,true,1,
7298171195769,false,מחלק מנות לאבקת חלב דודו,,IL,מחלק מנות לאבקת,יחידה,1.00,יחידה,false,1,13.90,13.90,true,1,
7312040017683,false,מארז אבסולוט רגיל(וודקה {}{700 עם כוס,טמפו משקאות בע`מ,SE,וודקה אבסולוט,מיליליטרים,700.00,"100 מ""ל",false,0,49.90,7.13,true,1,
7350041950103,false,"ליקר שרי הרינג 700 מ""ל",פיטר הירינג,SE,ליקר שרי הרינג,מיליליטרים,700.00,"100 מ""ל",false,1,99.90,14.27,true,1,
<<<<<<< HEAD
7380580005255,false,נייס שבלולים לשיער,,IL,אביזרים לבית,יחידה,1.00,יחידה,false,0,7.90,7.90,true,1,
7480588956563,false,נייס שבלולים לשיער,,IL,אביזרים לבית,יחידה,1.00,יחידה,false,0,9.90,9.90,true,1,
7501049936945,false,"שישיית בירה סול בקבוק 330 מ""ל",היינקן,NL,בירה סול 6 יח',ליטרים,1.98,ליטר,false,1,29.90,15.10,true,1,
7502231540896,false,שמרים פליישמן 500 גרם,טחנת קמח דגן לישראל,IL,שמרים פליישמן 500 גרם,גרמים,500.00,100 גרם,false,0,9.90,1.98,true,1,
7610100034084,false,מיונז טומי בשפורפרת 265 גרם,נסטלה שוויץ ס.א,CH,מיונז טומי,גרמים,265.00,100 גרם,false,1,9.90,3.74,true,1,
7610148000287,false,שוקולד מריר שוויצרי 100 גר',סטלה ברונירין,IL,שוקולד מטרהורן מ,יחידה,1.00,יחידה,false,1,5.90,5.90,true,1,
7610148000379,false,שוקולד מטרהורן מריר קינג,,IL,שוקולד מטרהורן מ,יחידה,1.00,יחידה,false,1,5.90,5.90,true,1,
7613030979647,false,דגני בוקר טריקס פירות עולם היורה 480 ג',ג'נרל מילס סאן אדריא,CL,טריקס בטעם פירות,גרמים,480.00,100 גרם,false,1,19.90,4.15,true,1,
7613037686906,false,פיטנס שקדים ודבש 355 גרם מופחת סוכר,נסטלה צרפת איטנקורט,FR,פיטנס שקדים ודבש,גרמים,355.00,100 גרם,false,1,19.90,5.61,true,1,
7613037687132,false,דגני בוקר פיטנס שקדים ודבש 585 גרם,נסטלה צרפת איטנקורט,FR,פיטנס שקדים ודבש,גרמים,585.00,100 גרם,false,1,24.90,4.26,true,1,
7613037811629,false,דגני בוקר קורנפלקס גו פרי 500 גר',שוורצקוף& הנקל דיסלד,GB,גו פרי קורנפלקס,גרמים,500.00,100 גרם,false,1,9.90,1.98,true,1,
7613038268262,false,דגני בוקר צ'יריוס דבש ושקדים במתיקות מעודנת,נסטלה פולין דגני בוק,FR,האני נאט צ'יריוס,גרמים,410.00,100 גרם,false,1,19.90,4.85,true,1,
7613287394323,false,דגני בוקר מולטי צ'יריוס 600 גרם,נסטלה פולין דגני בוק,GB,מולטי צ'יריוס,גרמים,600.00,100 גרם,false,1,19.90,3.32,true,1,
7613287476678,false,דגני בוקר סינימיניס צ'ורוס נסטלה 360 ג',נסטלה אוונקה,PT,סיני מיניס צורוס,גרמים,360.00,100 גרם,false,1,19.90,5.53,true,1,
7622010001858,false,עוגיות אוראו ממולאות קרם וניל 176 גרם.,פי אר ג'\יי אס אי מנדלז,UA,עוגיות אוראו,גרמים,176.00,100 גרם,false,1,7.90,4.49,true,1,
7622201808631,false,אוראו מיני עוגיות ממולאות קרם וניל 67גרם,פי.טי. מונדלז אינדונ,ID,עוגיות אוראו מינ,גרמים,67.00,100 גרם,false,1,4.90,7.31,true,1,
7622210464729,false,אוראו גולדן עוגיות וניל במילוי קרם וניל,מונדלייז,CZ,עוגיות אוראו,גרמים,154.00,100 גרם,false,1,5.90,3.83,true,1,
7622300315283,false,אוראו עוגיות ממולאות קרם וניל 154 גרם,"מונדלז CR פרודקשיין,",CZ,עוגיות אוראו,גרמים,154.00,100 גרם,false,1,5.90,3.83,true,1,
7622300761363,false,עוגיות מיני אוראו במילוי קרם בטעם שוקולד בכוס,פי.טי. מונדלז אינדונ,ID,עוגיות מיני אורא,גרמים,67.00,100 גרם,false,0,4.90,7.31,true,1,
7638900426663,false,סוללת אדוונס פורמולה,אנרג'ייזר,CN,סוללות ADVANCED,יחידה,1.00,יחידה,false,1,19.90,19.90,true,1,
7638900426809,false,סוללות מקס C אנרגייזר2יח,אנרג'יזר Energizer,US,סוללות מקס 2 יח,יחידה,1.00,יחידה,false,1,19.90,19.90,true,1,
7638900426823,false,סוללות מקס D אנרגייזר2יח,אנרג'ייזר,US,סוללות מקס 2 יח,יחידה,1.00,יחידה,false,1,19.90,19.90,true,1,
=======
7380580005255,false,נייס שבלולים לשיער,שבלולים בעמ,IL,אביזרים לבית,יחידה,1.00,יחידה,false,0,7.90,7.90,true,1,
7480588956563,false,נייס שבלולים לשיער,שבלולים בעמ,IL,אביזרים לבית,יחידה,1.00,יחידה,false,0,9.90,9.90,true,1,
7501049936945,false,"שישיית בירה סול בקבוק 330 מ""ל",טמפו משקאות בע`מ,NL,בירה סול 6 יח',ליטרים,1.98,ליטר,false,1,29.90,15.10,true,1,
7502231540896,false,שמרים 500 גרם דגן (פליישמן),טחנות קמח דגן {2006}בעמ,IL,שמרים פליישמן 500 גרם,גרמים,500.00,100 גרם,false,0,9.90,1.98,true,1,
7610100034084,false,מיונז טומי בשפורפרת 265 גרם,ליימן שליסל בע`מ,CH,מיונז טומי,גרמים,265.00,100 גרם,false,1,9.90,3.74,true,1,
7610148000287,false,שוקולד מריר שוויצרי 100 גר',סטלה ברונירין,IL,שוקולד מטרהורן מ,יחידה,1.00,יחידה,false,1,5.90,5.90,true,1,
7610148000379,false,שוקולד מטרהורן מריר קינג,,IL,שוקולד מטרהורן מ,יחידה,1.00,יחידה,false,1,5.90,5.90,true,1,
7613030979647,false,דגני בוקר טריקס פירות עולם היורה 480 ג',קבוצת אוסם סחר שותפות מוגבלת,CL,טריקס בטעם פירות,גרמים,480.00,100 גרם,false,1,19.90,4.15,true,1,
7613037686906,false,פיטנס שקדים ודבש 355 גרם מופחת סוכר,קבוצת אוסם סחר שותפות מוגבלת,FR,פיטנס שקדים ודבש,גרמים,355.00,100 גרם,false,1,19.90,5.61,true,1,
7613037687132,false,דגני בוקר פיטנס שקדים ודבש 585 גרם,קבוצת אוסם סחר שותפות מוגבלת,FR,פיטנס שקדים ודבש,גרמים,585.00,100 גרם,false,1,24.90,4.26,true,1,
7613037811629,false,קורנפלקס גו פרי ללא גלוטן 500 גר`,קבוצת אוסם סחר שותפות מוגבלת,GB,גו פרי קורנפלקס,גרמים,500.00,100 גרם,false,1,9.90,1.98,true,1,
7613038268262,false,דגני בוקר צ'יריוס דבש ושקדים במתיקות מעודנת,קבוצת אוסם סחר שותפות מוגבלת,FR,האני נאט צ'יריוס,גרמים,410.00,100 גרם,false,1,19.90,4.85,true,1,
7613287394323,false,דגני בוקר מולטי צ'יריוס 600 גרם,קבוצת אוסם סחר שותפות מוגבלת,GB,מולטי צ'יריוס,גרמים,600.00,100 גרם,false,1,19.90,3.32,true,1,
7613287476678,false,דגני בוקר סינימיניס צ'ורוס נסטלה 360 ג',קבוצת אוסם סחר שותפות מוגבלת,PT,סיני מיניס צורוס,גרמים,360.00,100 גרם,false,1,19.90,5.53,true,1,
7622010001858,false,עוגיות אוראו ממולאות קרם וניל 176 גרם.,דיפלומט מפיצים (1968) בעמ**,UA,עוגיות אוראו,גרמים,176.00,100 גרם,false,1,7.90,4.49,true,1,
7622201808631,false,אוראו מיני עוגיות ממולאות קרם וניל 67גרם,דיפלומט מפיצים (1968) בעמ**,ID,עוגיות אוראו מינ,גרמים,67.00,100 גרם,false,1,4.90,7.31,true,1,
7622210464729,false,אוראו גולדן עוגיות וניל במילוי קרם וניל,דיפלומט מפיצים (1968) בעמ**,CZ,עוגיות אוראו,גרמים,154.00,100 גרם,false,1,5.90,3.83,true,1,
7622300315283,false,אוראו עוגיות ממולאות קרם וניל 154 גרם,דיפלומט מפיצים (1968) בעמ**,CZ,עוגיות אוראו,גרמים,154.00,100 גרם,false,1,5.90,3.83,true,1,
7622300761363,false,עוגיות מיני אוראו במילוי קרם בטעם שוקולד בכוס,דיפלומט מפיצים (1968) בעמ**,ID,עוגיות מיני אורא,גרמים,67.00,100 גרם,false,0,4.90,7.31,true,1,
7638900426663,false,9 V סוללות אנרג`יזר ריפרש,דנשר (1963) בעמ,CN,סוללות ADVANCED,יחידה,1.00,יחידה,false,1,19.90,19.90,true,1,
7638900426809,false,סוללות אנרגייזר מקס c ריפרש MAX,אנרג'יזר Energizer,US,סוללות מקס 2 יח,יחידה,1.00,יחידה,false,1,19.90,19.90,true,1,
7638900426823,false,סוללות מקס D אנרגייזר2יח,דנשר (1963) בעמ,US,סוללות מקס 2 יח,יחידה,1.00,יחידה,false,1,19.90,19.90,true,1,
>>>>>>> d048ac2f4f281c9d788043ab4e81b61b0dbe3743
7640103867013,false,"שערות סבתא ""תות "" 15 גרם",אסאבא פוד,ID,שערות סבתא15גרם,גרמים,15.00,100 גרם,false,0,3.90,26.00,true,1,
7640170721157,false,מברשת שיניים ילדים יחיד,,IL,מברשת שיניים ילד,יחידה,1.00,יחידה,false,1,8.90,8.90,true,1,
7640170721324,false,מברשת בין השיניים קלזיני,,IL,מברשת בין השיניי,יחידה,1.00,יחידה,false,1,9.90,9.90,true,1,
7690589856667,false,נייס שבלולים לשיער,שבלולים בעמ,IL,אביזרים לבית,יחידה,1.00,יחידה,false,0,12.90,12.90,true,1,
7702018364459,false,ונוס סנאפ אקסטרא סמוט מכשיר גילוח,פרוקטר אנד גמבל,US,מכשיר ונוס סנאפ,יחידה,1.00,יחידה,false,1,26.90,26.90,true,1,
7702018913374,false,דאודורנט גל פאואר בי,פרוקטר & גמבל,US,דאודורנט ג'ל,מיליליטרים,75.00,"100 מ""ל",false,0,14.90,19.87,true,1,
7730956510041,false,אוכמניות .,,IL,אוכמניות,יחידה,1.00,יחידה,false,1,17.90,17.90,true,1,
7750526001786,false,אינקה ציפס ירוקות שורש אוריגינל 142גר,Global Gourmet Produ,PE,חטיף צ'\יפס ירקו,גרמים,142.00,100 גרם,false,1,15.90,11.20,true,1,
7777555500950,false,ספוג רחצה מסאז' הערץ,,IL,ספוג רחצה מסאז',יחידה,1.00,יחידה,false,1,4.90,4.90,true,1,
7777555507898,false,רביעייה ספוג ליפה הום ספ,,IL,רביעייה ספוג ליפ,יחידה,1.00,יחידה,false,1,7.90,7.90,true,1,
<<<<<<< HEAD
7790040420076,false,מיני אלפחורס בון בון 117 גר,ארקור,AR,אלפחורס עוגיות ב,גרמים,117.00,100 גרם,false,1,8.90,7.61,true,1,
7790580108489,false,ממרח בוטנים בון בון 290 גרם,ארקור,AR,ממרח 290 גרם,גרמים,290.00,100 גרם,false,1,9.90,3.41,true,1,
=======
7790040420076,false,מיני אלפחורס בון בון 117 גר,לירון קרביץ יבוא שיווק וסחר,AR,אלפחורס עוגיות ב,גרמים,117.00,100 גרם,false,1,8.90,7.61,true,1,
7790580108489,false,ממרח בוטנים בון בון 290 גרם,לירון קרביץ יבוא שיווק וסחר,AR,ממרח 290 גרם,גרמים,290.00,100 גרם,false,1,9.90,3.41,true,1,
>>>>>>> d048ac2f4f281c9d788043ab4e81b61b0dbe3743
7790580315955,false,סוכריות חמאה זהב קשות 483 גר',,AR,סוכריות חמאה,גרמים,483.00,100 גרם,false,0,14.90,3.08,true,1,
7790580315979,false,סוכריות ממולאות טעם פירות 470ג' מהדרין,לירון קרביץ יבוא שיווק וסחר,IL,סוכריות ממולאות,גרמים,470.00,100 גרם,false,0,14.90,3.17,true,1,
7790580315986,false,סוכריות ממולאות תות 453ג' מהדרין,לירון קרביץ יבוא שיווק וסחר,AR,סוכריות ממולאות,גרמים,470.00,100 גרם,false,0,14.90,3.17,true,1,
7790580315993,false,סוכריות טופי קרם שוקולד 483 גרם,,IL,טופי חלב,גרמים,483.00,100 גרם,false,0,15.90,3.29,true,1,
7790580316013,false,סוכריות טופי חלב 483 גר מהדרין,,IL,טופי חלב,גרמים,483.00,100 גרם,false,0,15.90,3.29,true,1,
<<<<<<< HEAD
7790580328511,false,סוכריות טופי חלב קפה אספרסו 483 גרם,,IL,טופי חלב טעם קפה,גרמים,483.00,100 גרם,false,0,15.90,3.29,true,1,
7798164800019,false,אוכמניות ברי בקופסא,אראל תוצרת חקלאית בע,IL,אוכמניות,יחידה,1.00,יחידה,false,0,17.90,17.90,true,1,
7798304600011,false,אוכמניות טריות,מרינה,IL,אוכמניות יח,גרמים,125.00,100 גרם,false,1,17.90,14.32,true,1,
7798304600042,false,אוכמניות יבוא 125 גר,מרינה,AR,אוכמניות טריות,גרמים,125.00,100 גרם,false,1,17.90,14.32,true,1,
=======
7790580328511,false,סוכריות טופי חלב קפה אספרסו 483 גרם,לירון קרביץ יבוא שיווק וסחר,IL,טופי חלב טעם קפה,גרמים,483.00,100 גרם,false,0,15.90,3.29,true,1,
7798164800019,false,אוכמניות ברי בקופסא,ביכורי השדה הצפון בעמ` 1964,IL,אוכמניות,יחידה,1.00,יחידה,false,0,17.90,17.90,true,1,
7798304600011,false,אוכמניות- טרי 125 גר,בראשית - אגודה שיתופית*שיק 45,IL,אוכמניות יח,גרמים,125.00,100 גרם,false,1,17.90,14.32,true,1,
7798304600042,false,אוכמניות טריות 125 ג,מרינה,AR,אוכמניות טריות,גרמים,125.00,100 גרם,false,1,17.90,14.32,true,1,
>>>>>>> d048ac2f4f281c9d788043ab4e81b61b0dbe3743
7827062224358,false,חזה בקר מעושן 150 גרם,"דליקטס ארטיזנל בע""מ",IL,חזה בקר מעושן,גרמים,150.00,100 גרם,false,1,24.90,16.60,true,1,
7891024030974,false,"קולגייט משחת שיניים טריפל אקשן 75 מ""ל",הנסיך- מפעל לייצור ט,BR,משחת שיניים,מיליליטרים,75.00,"100 מ""ל",false,1,5.90,7.87,true,1,
7891024179482,false,"שטיפת פה קולגייט אופטיק וייט 500מ""ל",יבואן ומשווק: ש. שסט,PL,מי פה קולגייט,מיליליטרים,500.00,"100 מ""ל",false,0,16.90,3.38,true,1,
7900250001006,false,מברשת אובלית שיש,שבלולים בעמ,IL,אביזרים לבית,יחידה,1.00,יחידה,false,0,15.90,15.90,true,1,
7900250001013,false,מברשת שיער פן רחבה,,IL,אביזרים לבית,יחידה,1.00,יחידה,false,0,19.90,19.90,true,1,
8000380192243,false,וופלים מלבנים פריכיים בטעם אגוז 200 גר`,ליימן שליסל בע`מ,AT,וופל אגוז לואקר,גרמים,200.00,100 גרם,false,1,11.90,5.95,true,1,
8000380192250,false,וופלים מלבנים פריכיים בטעם שוקולד 200 גר,ליימן שליסל בע`מ,AT,וופל שוקולד,גרמים,200.00,100 גרם,false,1,11.90,5.95,true,1,
8000392000215,false,ספוג הפלא לניקיון מושלם שמאי,,IL,"ספוג הפלא כשל""פ",יחידה,1.00,יחידה,false,0,2.90,2.90,true,1,
8000392703406,false,סחבה מיקרופייבר עבה וגדולה PVC שמאי,,IL,מטלית מיקרופייבר,יחידה,1.00,יחידה,false,0,7.90,7.90,true,1,
8001090197023,false,שמפו שולדרס קול מנטול חו,,IL,שמפו שולדרס קול,יחידה,1.00,יחידה,false,1,23.90,23.90,true,1,
8001090206930,false,לנור מרכך כביסה מרוכז לבן לתינוק-930,איינשטיין צור-יבוא-יצוא וסחר ב,IL,לנור מרכך בייבי,מיליליטרים,930.00,"100 מ""ל",false,1,9.90,1.06,true,1,
8001090336354,false,חיתולי ביביי דריי מידה 2 ( 46 יח) פמפרס,דיפלומט מפיצים (1986) בע`מ,DE,פמפרס בייבי,יחידה,1.00,יחידה,false,1,29.90,29.90,true,1,
8001090336408,false,חיתולים בייבי דריי מידה 3 38 יח' פמפרס,דיפלומט מפיצים (1986) בע`מ,DE,פמפרס בייבי,יחידה,1.00,יחידה,false,1,29.90,29.90,true,1,
8001090336446,false,חיתולי ביביי דריי מידה 4 ( 34 יח) פמפרס,דיפלומט מפיצים (1986) בע`מ,DE,פמפרס בייבי,יחידה,1.00,יחידה,false,1,29.90,29.90,true,1,
8001090336606,false,פמפרס בייבי דריי חיתולים מידה 6 26 יח,דיפלומט מפיצים (1986) בע`מ,DE,פמפרס בייבי,יחידה,1.00,יחידה,false,1,29.90,29.90,true,1,
8001090727831,false,אריאל אבקת כביסה7קג,פרוקטר אנד גמבל,CZ,אריאל אבקת כביסה,קילוגרמים,7.00,"ק""ג",false,1,59.90,8.56,true,1,
8001090727862,false,אריאל אבקת כביסה7קג,פרוקטר אנד גמבל )ראה קוד,CZ,אריאל אבקת כביסה,קילוגרמים,7.00,"ק""ג",false,1,59.90,8.56,true,1,
8001090832535,false,"שמפו פנטן שמן מרוקאי משקם 660 מ""ל",דיפלומט מפיצים (1986) בע`מ,RO,שמפו פנטן,מיליליטרים,660.00,"100 מ""ל",false,1,18.90,2.86,true,1,
8001090832856,false,"פנטן 660 מ""ל קונדישינר מרוקאי משקם",דיפלומט מפיצים (1986) בע`מ,RO,מרכך פנטן,מיליליטרים,660.00,"100 מ""ל",false,1,18.90,2.86,true,1,
8001090832979,false,"פנטן 660 מ""ל קונדישינר לתלתלים מושלמים",דיפלומט מפיצים (1986) בע`מ,RO,מרכך פנטן,מיליליטרים,660.00,"100 מ""ל",false,1,18.90,2.86,true,1,
8001359108319,false,ספא פארמה קרם יום 50 SPF25מ'ל,ספא פארמה,IL,קרם לחות יום,מיליליטרים,50.00,"100 מ""ל",false,0,14.90,29.80,true,1,
8001359108333,false,ספא פארמה קרם לחות אנטי אייג'ינג 50מ'ל,פאר פארם.,IL,קרם אנטי איי'ינג,מיליליטרים,50.00,"100 מ""ל",false,0,14.90,29.80,true,1,
8001841291086,false,"אבקת כביסה אריאל 5 ק""ג ירוק מעורב.",טאצ וואן בעמ,IL,"אריאל 5 ק""ג",גרמים,5000.00,100 גרם,false,1,39.90,0.80,true,1,
8001841410524,false,שמפו הד&שולדרס קוקוס 600 מל,דיפלומט מפיצים (1968) בעמ,RO,שמפו הד&שולדרס,מיליליטרים,600.00,"100 מ""ל",false,1,22.90,3.82,true,1,
8001841625188,false,סבון כלים פלטינום לימון X3 פעולות להסרת שומנים,דיפלומט מפיצים (1986) בע`מ,GB,פיירי נוזל כלים,מיליליטרים,515.00,"100 מ""ל",false,1,8.90,1.73,true,1,
8001841625461,false,סבון כלים פלטינום X3 פעולות להסרת שומנים,דיפלומט מפיצים (1986) בע`מ,GB,פיירי נוזל כלים,מיליליטרים,515.00,"100 מ""ל",false,1,8.90,1.73,true,1,
8001841722146,false,אולוויז מגן תחתון וליופק נורמל 56 יחידות,דיפלומט,DE,מגן תחתון אולווי,יחידה,1.00,יחידה,false,1,11.90,11.90,true,1,
8001841735832,false,אולוויז מגן תחתון נורמל 3X56 יחידות מארז שלישייה,,,אולוויז מגן נורמ,יחידה,1.00,יחידה,false,0,29.90,29.90,true,1,
8001841960258,false,פיירי פלטינום טבליות למד,,IL,פיירי פלטינום טב,יחידה,1.00,יחידה,false,1,49.90,49.90,true,1,
8001841960289,false,פיירי לניקוי מדיח כלים,,IL,פיירי לניקוי מדי,יחידה,1.00,יחידה,false,1,54.90,54.90,true,1,
8004030102033,false,טונה בשמן זית עם מיץ לימון ופלפל שחור - מארז 3 יח',בולטון אלימנטרי,IT,טונה ריו מרה 3יח,גרמים,240.00,100 גרם,false,1,24.90,10.38,true,1,
8004030344938,false,"ריו מרה טונה בשמן זית 3X80 גרם מתכון חדש כשל""פ","בולטון אלימנטרי בע""\מ",IT,טונה ריו מרה 3יח,גרמים,240.00,100 גרם,false,0,24.90,10.38,true,1,
8005200256587,false,נסטי - תה קר בטעם אפרסק 1.5 ליטר,מפעל סאנפלגרינו S.P.A,IT,נסטי בטעם אפר,ליטרים,1.50,ליטר,false,0,7.90,5.27,true,1,
8005200286584,false,תה קר נסטי מנגו אננס 1.5 ליטר פיקדון,מפעל סאנפלגרינו S.P.A,IT,נסטי מנגו אננ,ליטרים,1.50,ליטר,false,0,7.90,5.27,true,1,
8005200316588,false,תה קר נסטי אפרסק דיאט 1.5 ליטר פיקדון,מפעל סאנפלגרינו s.p.a,IT,נסטי דיאט אפר,ליטרים,1.50,ליטר,false,0,7.90,5.27,true,1,
8005200486526,false,"נסטי, תה קר בטעם אפרסק 500 מל",מפעל סאנפלגרינו S.p.,IT,נסטי בטעם אפרסק,מיליליטרים,500.00,"100 מ""ל",false,0,4.80,0.96,true,1,
<<<<<<< HEAD
8005803010357,false,גריסיני קלאסי - מקלות אפויים עם שמן זית ומלח,"אינסטנטה בע""מ",IT,גריסיני קלאסי,גרמים,125.00,100 גרם,false,1,8.90,7.12,true,1,
8005803010371,false,"גריסיני רוזמרין - מקלות אפויים עם שמן זית, מלח ורוזמרין","אינסטנטה בע""מ",IT,גריסיני רוזמרין,גרמים,125.00,100 גרם,false,1,8.90,7.12,true,1,
=======
8005803010357,false,גריסיני קלאסי - מקלות אפויים עם שמן זית ומלח,ליימן שליסל בע`מ,IT,גריסיני קלאסי,גרמים,125.00,100 גרם,false,1,8.90,7.12,true,1,
8005803010371,false,"גריסיני רוזמרין - מקלות אפויים עם שמן זית, מלח ורוזמרין",ליימן שליסל בע`מ,IT,גריסיני רוזמרין,גרמים,125.00,100 גרם,false,1,8.90,7.12,true,1,
>>>>>>> d048ac2f4f281c9d788043ab4e81b61b0dbe3743
8005803010661,false,"מקלות אפויים עם שמן זית, מלח, ושומשום, 125 גרם, אמור די פאן","הוסטה איטליה, ס.ר.ל.",IT,גריסיני שומשום,גרמים,125.00,100 גרם,false,1,8.90,7.12,true,1,
8006540115251,false,קפסולות ג'ל קולור אריאל,,IL,קפסולות ג'ל קולו,יחידה,1.00,יחידה,false,1,33.90,33.90,true,1,
8006540115299,false,קפסולות ג'ל אריא,,,קפסולות ג'ל אריא,יחידה,1.00,יחידה,false,0,33.90,33.90,true,1,
8006540592496,false,תחבושות אולוויז אולטרא כפול לילה 20 יח,פרוקטר & גמבל,HU,תחבושות כפול ליל,יחידה,1.00,יחידה,false,1,14.90,14.90,true,1,
8076802085738,false,ברילה צ.ק פנה רגטה מס' 73 500 גרם,ברילה גי.אי.אר פרטלי ס.פ,IT,פנה ריגטה ברילה,גרמים,500.00,100 גרם,false,0,6.90,1.38,true,1,
8076802085981,false,ברילה - צ.ק פוזילי חדש 500 גרם,ברילה גי.אי.אר פרטלי ס.פ,IT,פוזילי ברילה,גרמים,500.00,100 גרם,false,0,6.90,1.38,true,1,
8076808060654,false,פסטה פרפלה מספר 65 ברילה 500 גרם,ברילה גי.אי.אר פרטלי ס.פ,IT,פסטה פרפלה ברילה,גרמים,500.00,100 גרם,false,0,6.90,1.38,true,1,
8076808150072,false,ברילה - צ.א ספגטוני מס7 חדש 500 גרם,ברילה גי.אי.אר פרטלי ס.פ,IT,ספגטי ברילה,גרמים,500.00,100 גרם,false,0,6.90,1.38,true,1,
8410076600622,false,חטיפי גרנולה קראנצ'י עם שוקולד מריר נייצ'ר ואלי 210 גרם,ג'נרל מילס סאן אדריאן,ES,נייצר וואלי שוקו,גרמים,210.00,100 גרם,false,0,12.90,6.14,true,1,
8414719407012,false,בודי נאטור רצועות לגוף בתוספת תמצית פרח לוטוס,,,רצועות לגוף בתוס,יחידה,1.00,יחידה,false,0,11.90,11.90,true,1,
8414719407029,false,בודי נאטור רצועות שעווה גוף עם תמצית תה מא,,,רצועות לגוף בתוס,יחידה,1.00,יחידה,false,0,11.90,11.90,true,1,
8414719407036,false,בודי נאטור רצועות שעווה ביקיני ובית שחי עם תמצית סחלב,,,רצועות בתוספת סח,יחידה,1.00,יחידה,false,0,11.90,11.90,true,1,
8414719407104,false,בודי נאטור ק.דפילטור לגוף עם תמצית פרח הלו,,,ק. דפילטור לגוף,יחידה,1.00,יחידה,false,0,11.90,11.90,true,1,
8414719407142,false,בודי נאטור ק.דפילטור פנים עם תמצית פרח הלו,,,ק. דפילטור לפנים,יחידה,1.00,יחידה,false,0,11.90,11.90,true,1,
8414719407203,false,ג'ל להסרת שיער ג,,,ג'ל להסרת שיער ג,יחידה,1.00,יחידה,false,0,17.90,17.90,true,1,
8414719407333,false,קרם ג'ל להסרת שי,,,קרם ג'ל להסרת שי,יחידה,1.00,יחידה,false,0,16.90,16.90,true,1,
8435495805106,false,"ביומט אבקת כביסה בניחוח רענן 5ק""ג",ליימן שליסל בעמ,TR,"ביומט פרש 5 ק""ג",קילוגרמים,5.00,"ק""ג",false,1,29.90,5.98,true,1,
8435495807575,false,תינוקלין מרכך כביסה פרש&גנטל 1 ליטר,ליימן שליסל בעמ,TR,תינוקלין מרכך,ליטרים,1.00,ליטר,false,1,14.90,14.90,true,1,
8436037792953,false,קרם שמן גוף פרחים 250 מל,,ES,קרם שמן גוף,מיליליטרים,250.00,"100 מ""ל",false,1,19.90,7.96,true,1,
8436562150013,false,"וודקה מון בלאן 700 מ""ל",סארל אי.אל.אס,FR,וודקה מון בלאן,מיליליטרים,700.00,"100 מ""ל",false,1,119.00,17.00,true,1,
8595198800553,false,שליבוביץ גולד 3 שנים 700,R JELINEK,IL,שליבוביץ 3 שנים,מיליליטרים,700.00,"100 מ""ל",false,6,129.00,18.43,true,1,
8595198801000,false,שליבוביץ 10 שנים גולד 70,,IL,שליבוביץ 10 שנים,מיליליטרים,700.00,"100 מ""ל",false,1,189.00,27.00,true,1,
8595198805084,false,"קירש 700 מ""ל",,IL,קירש,מיליליטרים,700.00,"100 מ""ל",false,1,159.00,22.71,true,1,
8595198855027,false,כהיל אגסים 'וויליאמס' 70,,IL,כהיל אגסים 'וויל,מיליליטרים,700.00,"100 מ""ל",false,1,159.00,22.71,true,1,
8680861069013,false,מסטיק קנגו בטעמים 24 גר',רומגה אינדוסטרי,TR,מסטיק ריבועים,גרמים,45.00,100 גרם,false,1,1.00,2.22,true,1,
8683130025581,false,"מרכך כביסה מרוכז אקסטרה ענבר בדין 960 מ""ל",יוניליוור ישראל שיווק בע`מ,TR,מרכך בדין אקסטרה,מיליליטרים,960.00,"100 מ""ל",false,1,14.90,1.55,true,1,
8690511002581,false,שמפו HAIR מועשר בארגן750,,IL,שמפו HAIR מועשר,מיליליטרים,750.00,"100 מ""ל",false,1,5.90,0.79,true,1,
8690511002598,false,מרכך HAIR מועשר בארגן725,,IL,מרכך HAIR מועשר,מיליליטרים,725.00,"100 מ""ל",false,1,5.90,0.81,true,1,
8690511405986,false,שמפו HAIR נגד קשקשים 750,,IL,שמפו HAIR נגד קש,מיליליטרים,750.00,"100 מ""ל",false,1,5.90,0.79,true,1,
8690511406006,false,"שמפו 2 בHAIR 1 750 מ""ל",,IL,שמפו 2 בHAIR 1,מיליליטרים,750.00,"100 מ""ל",false,1,5.90,0.79,true,1,
8690511406020,false,שמפו HAIR לשיער שמן 750,,IL,שמפו HAIR לשיער,מיליליטרים,750.00,"100 מ""ל",false,1,5.90,0.79,true,1,
8690511407362,false,שמפו HAIR לשיער צבוע 750,,IL,שמפו HAIR לשיער,מיליליטרים,750.00,"100 מ""ל",false,1,5.90,0.79,true,1,
8690511407744,false,מרכך HAIR לכל סוגי השיער,,IL,מרכך HAIR לכל סו,מיליליטרים,750.00,"100 מ""ל",false,1,5.90,0.79,true,1,
8690558037225,false,מיץ תפוזים טבעי 1 ליטר - קרטון,דימס,TR,מיץ תפוזים 1 לי,ליטרים,1.00,ליטר,false,1,13.90,13.90,true,1,
8690572778326,false,פה ד.ספרי אנטיפרספינט 200 מל 1/12,שוורצקופף והנקל,TR,דאודורנט פה,מיליליטרים,200.00,"100 מ""ל",false,1,8.90,4.45,true,1,
8690572783931,false,"פה - דאודורנט ספריי לגבר אינוויזיבל פאוואר 200 מ""ל",שוורצקופף והנקל,TR,דאודורנט פה,מיליליטרים,200.00,"100 מ""ל",false,1,8.90,4.45,true,1,
8690627121206,false,קפה טורקי מהמט אפנדי,,IL,קפה טורקי מהמט א,גרמים,100.00,100 גרם,false,1,8.90,8.90,true,1,
<<<<<<< HEAD
8690637505607,false,מרכך כביסה מרוכז בדין אקסטרה בניחוח פינוק כחול,יוניליוור סנאיי וי טיקאר,TR,מרכך כביסה בדין,מיליליטרים,960.00,"100 מ""ל",false,1,14.90,1.55,true,1,
8690637505614,false,"מרכך כביסה בדין אקסטרה פינוק קוקוס 960 מ""ל",יוניליוור סנאיי וי טיקאר,TR,מרכך כביסה בדין,מיליליטרים,960.00,"100 מ""ל",false,1,14.90,1.55,true,1,
8690637555084,false,"מרכך כביסה מרוכז אקסטרה פריחת התפוז בדין 960 מ""ל",יוניליוור סנאיי וי טיקאר,TR,מרכך בדין אקסטרא,מיליליטרים,960.00,"100 מ""ל",false,0,14.90,1.55,true,1,
8690637704277,false,"שמפו ומרכך לשיער רגיל 600 מ""ל דאב",יונילוור - תורכיה,TR,שמפו דאב,מיליליטרים,600.00,"100 מ""ל",false,0,12.90,2.15,true,1,
8690637704291,false,שמפו לשיקום אינטנסיבי לשיער פגום,יוניליוור טורקיה. אז,TR,דאב שמפו משקם,מיליליטרים,600.00,"100 מ""ל",false,0,12.90,2.15,true,1,
8690637704376,false,"שמפו לטיפוח יום יומי דאב 600 מ""ל",יוניליוור סנאיי וי טיקאר,TR,שמפו דאב,מיליליטרים,600.00,"100 מ""ל",false,0,12.90,2.15,true,1,
8690637704390,false,"מרכך שיער לטיפוח יום יומי דאב 600 מ""ל",יוניליוור טורקיה. אז,TR,דאב מרכך שיער,מיליליטרים,600.00,"100 מ""ל",false,0,12.90,2.15,true,1,
8690637704413,false,מרכך לשיקום אינטנסיבי לשיער פגום,יוניליוור טורקיה. אז,TR,דאב מרכך משקם,מיליליטרים,600.00,"100 מ""ל",false,0,12.90,2.15,true,1,
8690637704437,false,שמפו עם שמני הזנה לטיפוח לשיער יבש,יוניליוור סנאיי וי טיקאר,TR,שמפו דאב,מיליליטרים,600.00,"100 מ""ל",false,0,12.90,2.15,true,1,
8690637704451,false,מרכך עם שמני הזנה לטיפוח לשיער יבש,יוניליוור טורקיה. אז,TR,דאב מרכך,מיליליטרים,600.00,"100 מ""ל",false,0,12.90,2.15,true,1,
8690637799594,false,תה ירוק ליפטון נענע בסגנון מרוקאי 20יח',בסן בסין סנאיי וי טי,TR,תה ירוק נענע,גרמים,36.00,100 גרם,false,1,13.90,38.61,true,1,
8690637835643,false,"תה ירוק לימונית ולאויזה 30 גרם ""ליפטון""",יונילוור - תורכיה,TR,תה ירוק ליפטון,גרמים,30.00,100 גרם,false,1,13.90,46.33,true,1,
8690637858734,false,ג'ל לניקוי כללי בתוספת אקונומיקה בניחוח לימון,סיף פנטסטיק Cif Fantastic,TR,סיף ג'ל לימון,מיליליטרים,750.00,"100 מ""ל",false,1,8.90,1.19,true,1,
8690637858741,false,ג'ל לניקוי כללי בתוספת אקונומיקה בניחוח רוח ים,סיף פנטסטיק Cif Fantastic,TR,סיף ג'ל רוח ים,מיליליטרים,750.00,"100 מ""ל",false,1,8.90,1.19,true,1,
8690637871061,false,"דאב שמפו עם שמן אבוקדו ותמצית קלנדולה 600 מ""ל",יונילוור - תורכיה,TR,שמפו דאב,מיליליטרים,600.00,"100 מ""ל",false,1,12.90,2.15,true,1,
8690637916991,false,מרכך דאב עם שמן אבוקדו ותמצית קלנדולה600,יונילוור - תורכיה,TR,מרכך שיער דאב,מיליליטרים,600.00,"100 מ""ל",false,1,12.90,2.15,true,1,
8690637946301,false,"בדין - מרכך כביסה אקסטרא בייביי כחול 960 מ""ל",יוניליוור סנאיי וי טיקאר,TR,בדין מרכך בייבי,מיליליטרים,960.00,"100 מ""ל",false,1,14.90,1.55,true,1,
8690637946318,false,"מרכך כביסה בדין מרוכז אקסטרה בייבי טלק 960 מ""ל",יוניליוור סנאיי וי טיקאר,TR,מרכך בדין בייבי,מיליליטרים,960.00,"100 מ""ל",false,1,14.90,1.55,true,1,
8690637971310,false,"מרכך כביסה מרוכז אקסטרה בניחוח יערת הדבש בדין 960 מ""ל",יוניליוור סנאיי וי טיקאר,TR,בדין מרכך אקסטרה,מיליליטרים,960.00,"100 מ""ל",false,1,14.90,1.55,true,1,
8690637976995,false,"מרכך כביסה מרוכז אקסטרה ורוד סחלבים פראי בדין 960 מ""ל",יוניליוור סנאיי וי טיקאר,TR,בדין אקסטרה ורוד,מיליליטרים,960.00,"100 מ""ל",false,1,14.90,1.55,true,1,
8690637987441,false,"מרכך כביסה אקסטרה פרח הכותנה ווניל 960 מ""ל בדין",יוניליוור סנאיי וי טיקאר,TR,בדין מרכך וניל,מיליליטרים,960.00,"100 מ""ל",false,1,14.90,1.55,true,1,
8690770322079,false,שמרים יבשים 450 גר' בראבו,הנמל,TR,שמרים יבשים,גרמים,450.00,100 גרם,false,0,9.90,2.20,true,1,
8690770322598,false,שמרים יבשים פוליבה הנמל 125 גרם,בראבו Bravo,TR,שמרים יבשים,גרמים,125.00,100 גרם,false,0,3.90,3.12,true,1,
=======
8690637505607,false,מרכך כביסה מרוכז בדין אקסטרה בניחוח פינוק כחול,יוניליוור ישראל שיווק בע`מ,TR,מרכך כביסה בדין,מיליליטרים,960.00,"100 מ""ל",false,1,14.90,1.55,true,1,
8690637505614,false,"מרכך כביסה בדין אקסטרה פינוק קוקוס 960 מ""ל",יוניליוור ישראל שיווק בע`מ,TR,מרכך כביסה בדין,מיליליטרים,960.00,"100 מ""ל",false,1,14.90,1.55,true,1,
8690637555084,false,"מרכך כביסה מרוכז אקסטרה פריחת התפוז בדין 960 מ""ל",יוניליוור ישראל שיווק בע`מ,TR,מרכך בדין אקסטרא,מיליליטרים,960.00,"100 מ""ל",false,0,14.90,1.55,true,1,
8690637704277,false,"שמפו ומרכך לשיער רגיל 600 מ""ל דאב","יוניליוור ישראל שיווק בע""מ",TR,שמפו דאב,מיליליטרים,600.00,"100 מ""ל",false,0,12.90,2.15,true,1,
8690637704291,false,שמפו לשיקום אינטנסיבי לשיער פגום,"יוניליוור ישראל שיווק בע""מ",TR,דאב שמפו משקם,מיליליטרים,600.00,"100 מ""ל",false,0,12.90,2.15,true,1,
8690637704376,false,"שמפו לטיפוח יום יומי דאב 600 מ""ל","יוניליוור ישראל שיווק בע""מ",TR,שמפו דאב,מיליליטרים,600.00,"100 מ""ל",false,0,12.90,2.15,true,1,
8690637704390,false,"מרכך שיער לטיפוח יום יומי דאב 600 מ""ל","יוניליוור ישראל שיווק בע""מ",TR,דאב מרכך שיער,מיליליטרים,600.00,"100 מ""ל",false,0,12.90,2.15,true,1,
8690637704413,false,מרכך לשיקום אינטנסיבי לשיער פגום,"יוניליוור ישראל שיווק בע""מ",TR,דאב מרכך משקם,מיליליטרים,600.00,"100 מ""ל",false,0,12.90,2.15,true,1,
8690637704437,false,שמפו עם שמני הזנה לטיפוח לשיער יבש,יוניליוור ישראל שיווק בע`מ,TR,שמפו דאב,מיליליטרים,600.00,"100 מ""ל",false,0,12.90,2.15,true,1,
8690637704451,false,מרכך עם שמני הזנה לטיפוח לשיער יבש,"יוניליוור ישראל שיווק בע""מ",TR,דאב מרכך,מיליליטרים,600.00,"100 מ""ל",false,0,12.90,2.15,true,1,
8690637799594,false,תה ירוק ליפטון נענע בסגנון מרוקאי 20יח',יוניליוור ישראל שיווק בע`מ,TR,תה ירוק נענע,גרמים,36.00,100 גרם,false,1,13.90,38.61,true,1,
8690637835643,false,"תה ירוק לימונית ולאויזה 30 גרם ""ליפטון""",יוניליוור ישראל שיווק בע`מ,TR,תה ירוק ליפטון,גרמים,30.00,100 גרם,false,1,13.90,46.33,true,1,
8690637858734,false,ג'ל לניקוי כללי בתוספת אקונומיקה בניחוח לימון,יוניליוור ישראל שיווק בע`מ,TR,סיף ג'ל לימון,מיליליטרים,750.00,"100 מ""ל",false,1,8.90,1.19,true,1,
8690637858741,false,ג'ל לניקוי כללי בתוספת אקונומיקה בניחוח רוח ים,יוניליוור ישראל שיווק בע`מ,TR,סיף ג'ל רוח ים,מיליליטרים,750.00,"100 מ""ל",false,1,8.90,1.19,true,1,
8690637871061,false,"דאב שמפו עם שמן אבוקדו ותמצית קלנדולה 600 מ""ל",יוניליוור ישראל שיווק בע`מ,TR,שמפו דאב,מיליליטרים,600.00,"100 מ""ל",false,1,12.90,2.15,true,1,
8690637916991,false,מרכך דאב עם שמן אבוקדו ותמצית קלנדולה600,"יוניליוור ישראל שיווק בע""מ",TR,מרכך שיער דאב,מיליליטרים,600.00,"100 מ""ל",false,1,12.90,2.15,true,1,
8690637946301,false,"בדין - מרכך כביסה אקסטרא בייביי כחול 960 מ""ל",יוניליוור ישראל שיווק בע`מ,TR,בדין מרכך בייבי,מיליליטרים,960.00,"100 מ""ל",false,1,14.90,1.55,true,1,
8690637946318,false,"מרכך כביסה בדין מרוכז אקסטרה בייבי טלק 960 מ""ל",יוניליוור ישראל שיווק בע`מ,TR,מרכך בדין בייבי,מיליליטרים,960.00,"100 מ""ל",false,1,14.90,1.55,true,1,
8690637971310,false,"מרכך כביסה מרוכז אקסטרה בניחוח יערת הדבש בדין 960 מ""ל",יוניליוור ישראל שיווק בע`מ,TR,בדין מרכך אקסטרה,מיליליטרים,960.00,"100 מ""ל",false,1,14.90,1.55,true,1,
8690637976995,false,"מרכך כביסה מרוכז אקסטרה ורוד סחלבים פראי בדין 960 מ""ל",יוניליוור ישראל שיווק בע`מ,TR,בדין אקסטרה ורוד,מיליליטרים,960.00,"100 מ""ל",false,1,14.90,1.55,true,1,
8690637987441,false,"מרכך כביסה אקסטרה פרח הכותנה ווניל 960 מ""ל בדין",יוניליוור ישראל שיווק בע`מ,TR,בדין מרכך וניל,מיליליטרים,960.00,"100 מ""ל",false,1,14.90,1.55,true,1,
8690770322079,false,שמרים יבשים 450 גר` בדצ הנמל,הנמל אריזות ושיווק (1984) בעמ,TR,שמרים יבשים,גרמים,450.00,100 גרם,false,0,9.90,2.20,true,1,
8690770322598,false,שמרים יבשים פוליבה הנמל 125 גרם,הנמל אריזות ושיווק (1984) בעמ,TR,שמרים יבשים,גרמים,125.00,100 גרם,false,0,3.90,3.12,true,1,
>>>>>>> d048ac2f4f281c9d788043ab4e81b61b0dbe3743
8690784516440,false,דאק נוזל לניקוי מתקדם בניחוח לבנדה בודד 750מל,"אס.סי.ג'\ונסון מידרכט, ה",NL,דאק נוזל ג'ל,מיליליטרים,750.00,"100 מ""ל",false,1,7.90,1.05,true,1,
8692440001086,false,כוסות פלסטיק חד פעמי 100 יח',"שניב תעשיות נייר בע""",IL,כוסות פלסטיק100י,יחידה,1.00,יחידה,false,1,6.50,6.50,true,1,
8693029032064,false,ממתק מקל חמוץ בטעם תות,,IL,ממתק מקל חמוץ טע,גרמים,25.00,100 גרם,false,1,1.50,6.00,true,1,
8693029032088,false,ממתק מקל חמוץ טעם קולה,,IL,ממתק מקל חמוץ טע,גרמים,25.00,100 גרם,false,1,1.50,6.00,true,1,
8693029032095,false,ממתק מקל חמוץ בטעם אבטיח,,IL,ממתק מקל חמוץ טע,גרמים,25.00,100 גרם,false,1,1.50,6.00,true,1,
8693029032118,false,פרויטבייטס תות 500 גרם,סארבאן קונפקטינרי,,ליקריץ חתוך תות,יחידה,1.00,יחידה,false,0,19.90,19.90,true,1,
8693029032132,false,לקריץ חתוך פרוט בייט,סארבאן קונפקטינרי,,ליקריץ אוכמניות,יחידה,1.00,יחידה,false,0,19.90,19.90,true,1,
8693029032149,false,פרויטבייטס אבטיח 500 גרם,,,ליקריץ חתוך אבטי,יחידה,1.00,יחידה,false,0,19.90,19.90,true,1,
8693029032156,false,ליקריץ חתוך תות רובין,סארבאן קונפקטינרי,IL,ליקריץ חתוך תות,גרמים,500.00,100 גרם,false,1,19.90,3.98,true,1,
8693029034310,false,ליקריץ קוביות תות רובין,אונטד גידה,IL,ליקריץ קוביות תו,גרמים,500.00,100 גרם,false,1,19.90,3.98,true,1,
8693029034334,false,ליקריץ קוביות קולה רובין,,IL,ליקריץ קובי קולה,גרמים,500.00,100 גרם,false,1,19.90,3.98,true,1,
8693029034341,false,ליקריץ קוביות פירות מסוכ,אונטד גידה,IL,ליקריץ פירות מסו,גרמים,500.00,100 גרם,false,1,19.90,3.98,true,1,
8693029034358,false,פריוט קיובס- פירות חמוץ 500 גרם,,IL,ליקריץ פירות,גרמים,500.00,100 גרם,false,1,19.90,3.98,true,1,
8693029034372,false,פרויט קיובס- אוכמניות חמוץ 500 גרם,,IL,ליקריץ קוביות פט,גרמים,500.00,100 גרם,false,1,19.90,3.98,true,1,
8693029034495,false,ליקריץ ספגטי תות מסוכר 1,,IL,ליקריץ ספגטי תות,יחידה,1.00,יחידה,false,1,29.90,29.90,true,1,
8693029034501,false,ליקריץ ספגטי צבעוני מסוכ,,IL,ליקריץ ספגטי צבע,יחידה,1.00,יחידה,false,1,29.90,29.90,true,1,
8693029611689,false,ליקריץ חתוך שחור ממולא ר,,IL,ליקריץ חתוך שחור,יחידה,1.00,יחידה,false,1,19.90,19.90,true,1,
8693495054034,false,פלמוליב ס.נוזלי לומינוס אבוקדו 750 משאבה,קולגייט פלמוליב,TR,פלמוליב ג'ל רחצה,מיליליטרים,750.00,"100 מ""ל",false,1,19.50,2.60,true,1,
8693495054058,false,סבון נוזלי פלמוליב לומינוס עם תמציות שמן מקדמיה,קולגייט פלמוליב,TR,פלמוליב ג'ל רחצה,מיליליטרים,750.00,"100 מ""ל",false,1,19.50,2.60,true,1,
8695092832930,false,דאודורנט,,,דאודורנט,יחידה,1.00,יחידה,false,0,14.90,14.90,true,1,
8695092832954,false,דאודורנט,,,דאודורנט,יחידה,1.00,יחידה,false,0,14.90,14.90,true,1,
8695092832961,false,דאודורנט,,,דאודורנט,יחידה,1.00,יחידה,false,0,14.90,14.90,true,1,
8695092832978,false,דאודורנט,,,דאודורנט,יחידה,1.00,יחידה,false,0,14.90,14.90,true,1,
8695092832985,false,דאודורנט,,,דאודורנט,יחידה,1.00,יחידה,false,0,14.90,14.90,true,1,
8695092833227,false,דאודורנט דודו,,IL,דאודורנט,יחידה,1.00,יחידה,false,1,14.90,14.90,true,1,
8695092833234,false,דאודורנט דודו,,IL,דאודורנט,יחידה,1.00,יחידה,false,1,14.90,14.90,true,1,
8697404115458,false,קופסה עגולה מחולקת תהילה,,IL,קופסה עגולה מחול,יחידה,1.00,יחידה,false,1,5.90,5.90,true,1,
8697418261370,false,מים 0.5ליטר אקווה ביני פקק רגיל בודד,אלמוג ר.א.מ. מזון בעמ,TR,מים מינרליים טבע,יחידה,1.00,יחידה,false,1,1.90,1.90,true,1,
8697418261400,false,מים מינרלים טבעיים 500מל בודד,,IL,מים מינרליים,יחידה,1.00,יחידה,false,1,1.30,1.30,true,1,
8697418261417,false,"רייבר מים 500 מ""ל מארז 12 יח'",קסטל,IL,מים 0.5 ליטר RIV,יחידה,1.00,יחידה,false,1,15.00,15.00,true,1,
<<<<<<< HEAD
8697418261431,false,"רייבר מים 500 מ""ל מארז 12 יח' טורקי",,IL,מארז מים מינרליי,יחידה,1.00,יחידה,false,1,19.50,19.50,true,1,
=======
8697418261431,false,מים 0.5ליטר אקווה בינ פקק רגיל מארז 12יח,אלמוג ר.א.מ. מזון בעמ,IL,מארז מים מינרליי,יחידה,1.00,יחידה,false,1,19.50,19.50,true,1,
>>>>>>> d048ac2f4f281c9d788043ab4e81b61b0dbe3743
8699905720018,false,טופי איחולים רובין,,IL,טופי איחולים,יחידה,1.00,יחידה,false,1,14.90,14.90,true,1,
8699905720025,false,סוכריות בטעם פירות 500 גרם,סארבאן קונפקטינרי,IL,סוכריות קשות בטע,יחידה,1.00,יחידה,false,1,17.90,17.90,true,1,
8699905720032,false,סוכריות בטעם ליקריץ' 500 גרם,סארבאן קונפקטינרי,IL,סוכריות קשות בטע,יחידה,1.00,יחידה,false,1,17.90,17.90,true,1,
8699905720049,false,סוכריות קשות בטעם מנטה ר,סארבאן קונפקטינרי,IL,סוכריות קשות בטע,יחידה,1.00,יחידה,false,1,17.90,17.90,true,1,
8699905720698,false,טופי חמוץ אקסטרים בט,סאדת גידה,,פרוט אקסטרים פיר,יחידה,1.00,יחידה,false,0,9.90,9.90,true,1,
8699905720704,false,טופי חמוץ אקסטרים בט,סאדת גידה,,פרוט אקסטרים פיר,יחידה,1.00,יחידה,false,0,9.90,9.90,true,1,
8710428005755,false,תרכובת מזון לתינוקות על בסיס חלבון סויה איזומיל שלב 1,"אבוט מעבדות רפואיות בע""מ",NL,סימילאק צמחי,גרמים,400.00,100 גרם,false,0,39.90,9.98,true,1,
8710428005762,false,תרכובת מזון לתינוקות על בסיס חלבון סויה איזומיל טף שלב 2,"אבוט מעבדות רפואיות בע""מ",NL,סימילאק צמחי,גרמים,400.00,100 גרם,false,0,39.90,9.98,true,1,
8710447275313,false,דאב קרם ידיים שמן קוקוס וחלב שקדים,יוניליוור ישראל שיווק בעמ,PL,קרם ידיים דאב,מיליליטרים,75.00,"100 מ""ל",false,1,9.90,13.20,true,1,
8710502194825,false,מרבה - עוגיות שוקוצ'יפס כשר למהדרין 150 גרם,ש.שסטוביץ בעמ,NL,עוגיות שוקוצ'יפס,גרמים,150.00,100 גרם,false,1,4.90,3.27,true,1,
8710679158385,false,"ציפס פריטס קלאסי 2.5 ק""ג",,,צ'יפס הולנדי,יחידה,1.00,יחידה,false,0,32.90,32.90,true,1,
8710800961310,false,סוכריות בטעם תות מנטוס 4*375 גרם,פרפטי ואן מלה ברדה,NL,מנטוס תות 4 יח,גרמים,150.00,100 גרם,false,0,9.90,6.60,true,1,
8710847860829,false,"רקסונה - דאודורנט רול און לאישה כותנה 50 מ""ל",יוניליוור פארם,GB,דאו.רקסונה,מיליליטרים,50.00,"100 מ""ל",false,1,12.90,25.80,true,1,
<<<<<<< HEAD
8710847973970,false,"תחליב רחצה דאב אלוורה מי עץ שדר, 750 מ""ל","יוניליוור גרמניה, Gmbh &",DE,תחליב רחצה דאב,מיליליטרים,750.00,"100 מ""ל",false,1,15.90,2.12,true,1,
8710908326691,false,"תחליב רחצה פרח האדמונית דאב 750 מ""ל",יוניליוור גרמניה (בו,DE,תחליב רחצה דאב,מיליליטרים,750.00,"100 מ""ל",false,1,15.90,2.12,true,1,
8712561594240,false,"דאב תחליב רחצה להזנה עמוקה500 מ""ל-מרכז","יוניליוור גרמניה, Gmbh &",DE,תחליב רחצה דאב,מיליליטרים,500.00,"100 מ""ל",false,1,11.90,2.38,true,1,
8712561594608,false,"דאב תחליב רחיצה להזנה עמוקה 750 מ""ל","יוניליוור גרמניה, Gmbh &",DE,תחליב רחצה דאב,מיליליטרים,750.00,"100 מ""ל",false,1,15.90,2.12,true,1,
8712561611183,false,דאב סבון נוזלי 500 תמציות מלפפונים ותה,"יוניליוור גרמניה, Gmbh &",DE,תחליב רחצה דאב,מיליליטרים,500.00,"100 מ""ל",false,1,11.90,2.38,true,1,
8712561611411,false,"תחליב רחצה בניחוח מלפפון ותה ירוק דאב 750 מ""ל","יוניליוור גרמניה, Gmbh &",DE,תחליב רחצה דאב,מיליליטרים,750.00,"100 מ""ל",false,1,15.90,2.12,true,1,
8712561626286,false,"תחליב רחצה דאב זוהר כמשי 750 מ""ל",יוניליוור גרמניה (בו,DE,תחליב רחצה דאב,מיליליטרים,750.00,"100 מ""ל",false,1,15.90,2.12,true,1,
8712561631570,false,"תחליב רחצה קוקוס ויסמין דאב 750 מ""ל",יוניליוור גרמניה (בו,DE,תחליב רחצה דאב,מיליליטרים,750.00,"100 מ""ל",false,1,15.90,2.12,true,1,
=======
8710847973970,false,"תחליב רחצה דאב אלוורה מי עץ שדר, 750 מ""ל",יוניליוור ישראל שיווק בע`מ,DE,תחליב רחצה דאב,מיליליטרים,750.00,"100 מ""ל",false,1,15.90,2.12,true,1,
8710908326691,false,"תחליב רחצה פרח האדמונית דאב 750 מ""ל",יוניליוור ישראל שיווק בע`מ,DE,תחליב רחצה דאב,מיליליטרים,750.00,"100 מ""ל",false,1,15.90,2.12,true,1,
8712561594240,false,"דאב תחליב רחצה להזנה עמוקה500 מ""ל-מרכז",יוניליוור ישראל שיווק בע`מ,DE,תחליב רחצה דאב,מיליליטרים,500.00,"100 מ""ל",false,1,11.90,2.38,true,1,
8712561594608,false,"דאב תחליב רחיצה להזנה עמוקה 750 מ""ל",יוניליוור ישראל שיווק בע`מ,DE,תחליב רחצה דאב,מיליליטרים,750.00,"100 מ""ל",false,1,15.90,2.12,true,1,
8712561611183,false,דאב סבון נוזלי 500 תמציות מלפפונים ותה,יוניליוור ישראל שיווק בע`מ,DE,תחליב רחצה דאב,מיליליטרים,500.00,"100 מ""ל",false,1,11.90,2.38,true,1,
8712561611411,false,"תחליב רחצה בניחוח מלפפון ותה ירוק דאב 750 מ""ל",יוניליוור ישראל שיווק בע`מ,DE,תחליב רחצה דאב,מיליליטרים,750.00,"100 מ""ל",false,1,15.90,2.12,true,1,
8712561626286,false,תחליב רחצה זוהר כמשי דאב (750 מל),יוניליוור ישראל שיווק בע`מ,DE,תחליב רחצה דאב,מיליליטרים,750.00,"100 מ""ל",false,1,15.90,2.12,true,1,
8712561631570,false,"תחליב רחצה קוקוס ויסמין דאב 750 מ""ל",יוניליוור ישראל שיווק בע`מ,DE,תחליב רחצה דאב,מיליליטרים,750.00,"100 מ""ל",false,1,15.90,2.12,true,1,
>>>>>>> d048ac2f4f281c9d788043ab4e81b61b0dbe3743
8714599512159,false,קפה נמס ג'קובס מונארך190,"אל.אל.סי ""גייקובס דא",RU,קפה נמס ג'קובס,גרמים,190.00,100 גרם,false,1,19.90,10.47,true,1,
8714599513835,false,גי'קובס קרונונג נייט אנד דיי - נטול קופיאין,דיפלומט מפיצים (1968) בעמ**,DE,קפה ג'קובס נטול,גרמים,200.00,100 גרם,false,1,29.90,14.95,true,1,
8714789183800,false,קולגייט 360 מברשת שיניים+ מנקה לשון,פארמה דיל (פ.א.ב.) שיווק והפצה,IL,מברשת שיניים,יחידה,1.00,יחידה,false,0,5.90,5.90,true,1,
8714789402918,false,נוזל לניקוי כללי ורצפות בניחוח פרחי בר אג'קס 1.5 ליטר,הנסיך- מפעל לייצור ט,GR,אג'קס לניקוי,ליטרים,1.50,ליטר,false,0,18.90,12.60,true,1,
8714789402932,false,נוזל לניקוי כללי ורצפות בניחוח ורדי בוקר אג'קס 1.5 ליטר,הנסיך- מפעל לייצור ט,GR,אג'קס לניקוי,ליטרים,1.50,ליטר,false,0,18.90,12.60,true,1,
8714789402970,false,נוזל לניקוי כללי ורצפות בניחוח פרחי אביב אגק'ס 1.5 ליטר,הנסיך- מפעל לייצור ט,GR,אג'קס לניקוי,ליטרים,1.50,ליטר,false,0,18.90,12.60,true,1,
8714789582764,false,אג'קס ספריי לניקוי חלונות ומשטחים,הנסיך- מפעל לייצור ט,GR,מרסס לחלונות,מיליליטרים,750.00,"100 מ""ל",false,0,14.90,1.99,true,1,
<<<<<<< HEAD
8715700115641,false,ממרח מיונז לחיץ לייט במרקם קרמי 420 ג' היינץ,"פודליצקי ספ.ז.או.או,.",PL,ממרח במרקם קרמי,גרמים,420.00,100 גרם,false,1,14.90,3.55,true,1,
8715700117805,false,"קטשופ היינץ מתבל עגבניות ללא תוספת סוכר ומלח 425 מ""ל","ה.י היינץ הולדינג בי.וי,",NL,מתבל עגבניות,גרמים,425.00,100 גרם,false,1,11.90,2.80,true,1,
8715700419732,false,מתבל עגבניות היינץ 700 גרם,ה.י. היינץ,NL,מתבל עגבניות,גרמים,700.00,100 גרם,false,0,9.90,1.41,true,1,
8715700422473,false,ממרח לכריכים וסלטים ללא ח. משמרים היינץ 395 גרם,ה.י. היינץ,NL,ממרח היינץ,גרמים,395.00,100 גרם,false,1,14.90,3.77,true,1,
8715700423906,false,היינץ מתבל עגבניות מופחת סוכר ומלח 50/50 550 גרם,היינץ צפון אמריקה מק,NL,מתבל עגבניות,גרמים,555.00,100 גרם,false,1,9.90,1.78,true,1,
8717163658314,false,תחליב רחצה מים מיסלריים היפואלרגני לעור רגיש,יוניליוור גרמניה Gmbh &,DE,תחליב רחצה דאב,מיליליטרים,500.00,"100 מ""ל",false,1,13.90,2.78,true,1,
8717163714850,false,"דאו דאב ספריי קוקוס ויסמין 150 מ""ל","קוסטר אירוסול, גבזה 4140",TR,דאודורנט דאב,מיליליטרים,150.00,"100 מ""ל",false,1,9.90,6.60,true,1,
8717163842669,false,"תחליב רחצה דאב חימר ירוק 500 מ""ל purifying",יוניליוור גרמניה,DE,תחליב רחצה דאב,מיליליטרים,500.00,"100 מ""ל",false,1,13.90,2.78,true,1,
8717163842676,false,"תחליב רחצה חימר ורוד renewing glow דאב 500 מ""ל",יוניליוור גרמניה Gmb,DE,תחליב רחצה דאב,מיליליטרים,500.00,"100 מ""ל",false,1,13.90,2.78,true,1,
8718951001589,false,"ספריי מסיר שומנים במטבח 600 מ""ל ""א'גקס""",הנסיך- מפעל לייצור ט,GR,אגקס מסיר שומנים,מיליליטרים,600.00,"100 מ""ל",false,1,8.90,1.48,true,1,
8718951001596,false,"ספריי ניקוי לאמבטיה 600 מ""ל ""א'גקס""",הנסיך- מפעל לייצור ט,GR,אג'קס לאמבטיה,מיליליטרים,600.00,"100 מ""ל",false,1,8.90,1.48,true,1,
8718951159402,false,"קולגייט משחת שיניים אופטיק וויט - אקסטרה פאוור 75 מ""ל",קולגייט,PL,מ.שיניים קולגייט,מיליליטרים,75.00,"100 מ""ל",false,1,14.90,19.87,true,1,
8718951264618,false,"קולגייט אופטיק וייט פחם צ'רקול משחת שיניים, 75 מ""ל",קולגייט-פלמוליב,PL,משחת קולגייט,מיליליטרים,75.00,"100 מ""ל",false,1,9.90,13.20,true,1,
8718951312722,false,"קולגייט מקס פרש וויט קריסטל משחת שיניים 100 מ""ל",קולגייט פלמוליב,PL,קולגייט מקס וויט,מיליליטרים,100.00,"100 מ""ל",false,1,7.90,7.90,true,1,
8718951313576,false,קולגייט משחת שיניים מקס פרש קול קריסטל 100 מל,קולגייט פלמוליב,IL,משחת קולגייט,מיליליטרים,100.00,"100 מ""ל",false,1,7.90,7.90,true,1,
8718951314009,false,"סבון נוזלי פלמוליב פטל שחור 750 מ""ל",קולגייט פלמוליב,TR,תחליב רחצה,מיליליטרים,750.00,"100 מ""ל",false,1,19.50,2.60,true,1,
8718951319806,false,פלמוליב לגבר גל רחצה ושמפו מרענן 750 משא,פלמוליב Palmolive,TR,ג'ל רחצה לגבר,מיליליטרים,750.00,"100 מ""ל",false,1,19.50,2.60,true,1,
=======
8715700115641,false,ממרח מיונז לחיץ לייט במרקם קרמי 420 ג' היינץ,דיפלומט מפיצים (1968) בעמ**,PL,ממרח במרקם קרמי,גרמים,420.00,100 גרם,false,1,14.90,3.55,true,1,
8715700117805,false,"קטשופ היינץ מתבל עגבניות ללא תוספת סוכר ומלח 425 מ""ל",דיפלומט מפיצים (1968) בעמ**,NL,מתבל עגבניות,גרמים,425.00,100 גרם,false,1,11.90,2.80,true,1,
8715700419732,false,מתבל עגבניות היינץ (700 גרם),דיפלומט מפיצים (1968) בעמ**,NL,מתבל עגבניות,גרמים,700.00,100 גרם,false,0,9.90,1.41,true,1,
8715700422473,false,ממרח לכריכים וסלטים ללא ח. משמרים היינץ 395 גרם,דיפלומט מפיצים (1968) בעמ**,NL,ממרח היינץ,גרמים,395.00,100 גרם,false,1,14.90,3.77,true,1,
8715700423906,false,היינץ מתבל עגבניות מופחת סוכר ומלח 50/50 550 גרם,דיפלומט מפיצים (1968) בעמ**,NL,מתבל עגבניות,גרמים,555.00,100 גרם,false,1,9.90,1.78,true,1,
8717163658314,false,תחליב רחצה מים מיסלריים היפואלרגני לעור רגיש,יוניליוור ישראל שיווק בעמ,DE,תחליב רחצה דאב,מיליליטרים,500.00,"100 מ""ל",false,1,13.90,2.78,true,1,
8717163714850,false,דאודורנט ספריי קוקוס ויסמין( 150 מל),"יוניליוור ישראל שיווק בע""מ",TR,דאודורנט דאב,מיליליטרים,150.00,"100 מ""ל",false,1,9.90,6.60,true,1,
8717163842669,false,"תחליב רחצה דאב חימר ירוק 500 מ""ל purifying",יוניליוור ישראל שיווק בעמ,DE,תחליב רחצה דאב,מיליליטרים,500.00,"100 מ""ל",false,1,13.90,2.78,true,1,
8717163842676,false,"תחליב רחצה חימר ורוד renewing glow דאב 500 מ""ל",יוניליוור ישראל שיווק בעמ,DE,תחליב רחצה דאב,מיליליטרים,500.00,"100 מ""ל",false,1,13.90,2.78,true,1,
8718951001589,false,"ספריי מסיר שומנים במטבח 600 מ""ל ""א'גקס""",הנסיך- מפעל לייצור ט,GR,אגקס מסיר שומנים,מיליליטרים,600.00,"100 מ""ל",false,1,8.90,1.48,true,1,
8718951001596,false,ספריי אמבטיות אג`קס (600 מל)-יבוא מקביל,הנסיך- מפעל לייצור ט,GR,אג'קס לאמבטיה,מיליליטרים,600.00,"100 מ""ל",false,1,8.90,1.48,true,1,
8718951159402,false,"קולגייט משחת שיניים אופטיק וויט - אקסטרה פאוור 75 מ""ל",איינשטיין-צור יבוא-יצוא וסחר ב,PL,מ.שיניים קולגייט,מיליליטרים,75.00,"100 מ""ל",false,1,14.90,19.87,true,1,
8718951264618,false,"קולגייט אופטיק וייט פחם צ'רקול משחת שיניים, 75 מ""ל",איינשטיין-צור יבוא-יצוא וסחר ב,PL,משחת קולגייט,מיליליטרים,75.00,"100 מ""ל",false,1,9.90,13.20,true,1,
8718951312722,false,"קולגייט מקס פרש וויט קריסטל משחת שיניים 100 מ""ל",איינשטיין-צור יבוא-יצוא וסחר ב,PL,קולגייט מקס וויט,מיליליטרים,100.00,"100 מ""ל",false,1,7.90,7.90,true,1,
8718951313576,false,קולגייט משחת שיניים מקס פרש קול קריסטל 100 מל,איינשטיין-צור יבוא-יצוא וסחר ב,IL,משחת קולגייט,מיליליטרים,100.00,"100 מ""ל",false,1,7.90,7.90,true,1,
8718951314009,false,"פלמוליב סבון נוזלי פטל שחור 750 מ""ל",קולגייט פלמוליב,TR,תחליב רחצה,מיליליטרים,750.00,"100 מ""ל",false,1,19.50,2.60,true,1,
8718951319806,false,פלמוליב לגבר גל רחצה ושמפו מרענן 750 משא,ש. שסטוביץ בע`מ,TR,ג'ל רחצה לגבר,מיליליטרים,750.00,"100 מ""ל",false,1,19.50,2.60,true,1,
>>>>>>> d048ac2f4f281c9d788043ab4e81b61b0dbe3743
8718951333048,false,"פלמוליב סבון לידיים למטבח, 300 מ""ל",הנסיך- מפעל לייצור ט,IT,פלמוליב ידיים,מיליליטרים,300.00,"100 מ""ל",false,1,8.90,2.97,true,1,
8718951354807,false,נוזל רצפות אגקס חגיגת הפרחים יסמין 1.5 ל,קולגייט פלמוליב,GR,אג'קס חגיגת פרחי,ליטרים,1.50,ליטר,false,1,18.90,12.60,true,1,
8718951382640,false,פלמוליב גל רחצה חימר דיטוקס משאבה 750,קולגייט פלמוליב,TR,סבון פמוליב,מיליליטרים,750.00,"100 מ""ל",false,1,19.50,2.60,true,1,
8718951382664,false,"פלמוליב ג'ל רחצה חימר ואקליפטוס 750 מ""ל",קולגייט פלמוליב,TR,סבון פמוליב,מיליליטרים,750.00,"100 מ""ל",false,1,19.50,2.60,true,1,
8718951382718,false,"פלמוליב ג`ל רחצה חימר התחדשות 750 מ""ל",קולגייט פלמוליב,TR,סבון פמוליב,מיליליטרים,750.00,"100 מ""ל",false,1,19.50,2.60,true,1,
8718951385290,false,אג`קס ניקוי כללי עוצמת ב -7כחול 2 ליטר,קולגייט פלמוליב,GR,אג'קס ניקוי כללי,ליטרים,2.00,ליטר,false,1,17.90,8.95,true,1,
8718951415836,false,קולגייט מי פה פלאקס פחם לחיוך לבן 500 מל,ש.שסטוביץ בעמ,PL,קולגייט מי פה,מיליליטרים,500.00,"100 מ""ל",false,1,16.90,3.38,true,1,
8719200998001,false,מרגרינה לאפיה ובישול בלי מלח 200 ג' בלו בנד,יוניליוור ישראל מזון בע\,IL,מרגרינה בלובנד,גרמים,200.00,100 גרם,false,1,4.20,2.10,true,1,
8719200998018,false,מחמאה מרגרינה בטעם חמאה בלובנד 200 גרם,"מיוצר ע""\י יוניליוור ישר",IL,מחמאה מרגרינה,גרמים,200.00,100 גרם,false,1,4.20,2.10,true,1,
8719200998032,false,"מרגרינה מזולה גלורי טעם חמאה 250גר 8 יחידות - כשל""פ","מיוצר ע""\י יוניליוור ישר",IL,מזולה טעם חמאה,גרמים,250.00,100 גרם,false,1,6.90,2.76,true,1,
8719200998094,false,"מרגרינה מזולה לאפיה ללא תוספת מלח 200גר - 40 יח' -כשל""פ","מיוצר ע""\י יוניליוור ישר",IL,מזולה לאפייה,גרמים,200.00,100 גרם,false,1,4.90,2.45,true,1,
<<<<<<< HEAD
8720181114458,false,"אקס - דאודורנט ספריי לגבר לבן 150 מ""ל",,IL,דאו ספריי לגבר,יחידה,1.00,יחידה,false,1,9.90,9.90,true,1,
8720181114472,false,"אקס - דאודורנט ספריי לגבר אפולו 150 מ""ל",,IL,דאו ספריי לגבר,מיליליטרים,150.00,"100 מ""ל",false,1,9.90,6.60,true,1,
8720181114489,false,"אקס - דאודורנט ספריי לגבר בלק 150 מ""ל",יוניליוור,IL,דאו ספריי לגבר,מיליליטרים,150.00,"100 מ""ל",false,1,9.90,6.60,true,1,
8720181114496,false,"אקס - דאודורנט ספריי לגבר שוקולד 150 מ""ל",יוניליוור,IL,דאו ספריי לגבר,יחידה,1.00,יחידה,false,1,9.90,9.90,true,1,
8801055707966,false,קפה טייסטר צו'יס נס קפה בריסטה 180ג',נסטלה קוריאה - קפה,KR,טסטרס צ'וייס,גרמים,180.00,100 גרם,false,1,34.90,19.39,true,1,
8801055709427,false,קפה נמס טסטר'ס צ'ויס אלטה ריקה 100 גרם,נסטלה קוריאה - קפה,KR,קפה טסטרס צ'ויס,גרמים,100.00,100 גרם,false,1,19.90,19.90,true,1,
8801055709434,false,קפה נמס טסטר'ס צ'ויס קולומביה 100 גרם,נסטלה קוריאה - קפה,KR,קפה טסטרס צ'ויס,גרמים,100.00,100 גרם,false,1,19.90,19.90,true,1,
=======
8720181114458,false,אקס דאו ספריי לאישה 150 מל(יבוא מקביל,איינשטיין-צור יבוא-יצוא וסחר ב,IL,דאו ספריי לגבר,יחידה,1.00,יחידה,false,1,9.90,9.90,true,1,
8720181114472,false,"אקס - דאודורנט ספריי לגבר אפולו 150 מ""ל",איינשטיין-צור יבוא-יצוא וסחר ב,IL,דאו ספריי לגבר,מיליליטרים,150.00,"100 מ""ל",false,1,9.90,6.60,true,1,
8720181114489,false,"אקס - דאודורנט ספריי לגבר בלק 150 מ""ל",איינשטיין-צור יבוא-יצוא וסחר ב,IL,דאו ספריי לגבר,מיליליטרים,150.00,"100 מ""ל",false,1,9.90,6.60,true,1,
8720181114496,false,"אקס - דאודורנט ספריי לגבר שוקולד 150 מ""ל",איינשטיין-צור יבוא-יצוא וסחר ב,IL,דאו ספריי לגבר,יחידה,1.00,יחידה,false,1,9.90,9.90,true,1,
8801055707966,false,קפה טייסטרס צ`ויס בריסטה נסקפה (180 גרם),קבוצת אוסם סחר שותפות מוגבלת,KR,טסטרס צ'וייס,גרמים,180.00,100 גרם,false,1,34.90,19.39,true,1,
8801055709427,false,קפה נמס טסטר'ס צ'ויס אלטה ריקה 100 גרם,קבוצת אוסם סחר שותפות מוגבלת,KR,קפה טסטרס צ'ויס,גרמים,100.00,100 גרם,false,1,19.90,19.90,true,1,
8801055709434,false,קפה נמס טסטר'ס צ'ויס קולומביה 100 גרם,קבוצת אוסם סחר שותפות מוגבלת,KR,קפה טסטרס צ'ויס,גרמים,100.00,100 גרם,false,1,19.90,19.90,true,1,
>>>>>>> d048ac2f4f281c9d788043ab4e81b61b0dbe3743
8850389105825,false,משקה אלוורה בטעם ענבים סאפה 1 ליטר,סאפה פובליק קומפני לימיט,TH,סאפה ענבים,ליטרים,1.00,ליטר,false,0,11.90,11.90,true,1,
8850389105832,false,סאפה משקה אלוורה בטעם תפוח עם קוביות אלוורה 1 ליטר,סאפה פובליק קומפני לימיט,TH,סאפה תפוחים,ליטרים,1.00,ליטר,false,0,11.90,11.90,true,1,
8850389115336,false,משקה אלוורה בטעם מלון סאפה 1 ליטר,סאפה פובליק קומפני לימיט,TH,משקה אלוורה,ליטרים,1.00,ליטר,false,1,11.90,11.90,true,1,
8888021200256,false,סוללות אנרג'ייזר AA מקס 8 יחידות,יצרן: אנרג'ייזר סינג,SG,שמינית סוללות,יחידה,1.00,יחידה,false,0,19.90,19.90,true,1,
8888021200720,false,סוללות אנרג'ייזר AAA מקס 8 יחידות,יצרן: אנרג'ייזר סינג,SG,8 סוללות AAA,יחידה,1.00,יחידה,false,0,19.90,19.90,true,1,
8901314308436,false,מברשת שיניים קולגייט זיג זג מדיום שישייה,פארמה דיל (פ.א.ב.) שיווק והפצה,IL,שישיית מב. שיניי,יחידה,1.00,יחידה,false,1,11.90,11.90,true,1,
9000100760591,false,"פה - דאודורנט רול און לגבר אינוויזיבל פאוואר 50 מ""ל",שוורצקופף והנקל,DE,דאודורנט פה,מיליליטרים,50.00,"100 מ""ל",false,1,11.90,23.80,true,1,
9000100806657,false,"פה - דאודורנט רול און לאישה בלתי נראה 50 מ""ל",שוורצקופף והנקל,DE,דאודורנט פה,מיליליטרים,50.00,"100 מ""ל",false,0,11.90,23.80,true,1,
9002975393812,false,סוכריות גילי הריבו האפי צירי 70 גרם,"האריבו , ג'\י.אם.בי.אייץ",,סוכריות הריבו,יחידה,1.00,יחידה,false,0,6.90,6.90,true,1,
9002975393829,false,סוכריות גילי הריבו פיציס 70 גרם,"האריבו , ג'\י.אם.בי.אייץ",,סוכריות הריבו,יחידה,1.00,יחידה,false,0,6.90,6.90,true,1,
9002975393843,false,סוכריות גילי הריבו גולדברס 70 גרם,"האריבו , ג'\י.אם.בי.אייץ",,סוכריות הריבו,יחידה,1.00,יחידה,false,0,6.90,6.90,true,1,
9310088007015,false,דיפנד תחבושות אוברנייט בלילה,קימברלי קלארק ישראל שיווק בעמ,CN,תחבושות דיפנד,יחידה,1.00,יחידה,false,0,18.90,18.90,true,1,
9322969000015,false,פריכיות תירס בטעם אורגינל ריל פודס 150 ג',אף.סי תבליני בגליל ב,AU,פריכיות תירס,גרמים,150.00,100 גרם,false,0,13.50,9.00,true,1,
9322969000022,false,"ריל פוד פריכיות תירס עם סויה וזרעי פשתן, ללא גלוטן 150 גרם",אף.סי תבליני בגליל ב,AU,פריכיות תירס,גרמים,150.00,100 גרם,false,0,13.50,9.00,true,1,
9322969000046,false,פריכיות תירס שומשום אורגני ריל פודס 150 ג',אף.סי תבליני בגליל ב,AU,פריכיות תירס,גרמים,150.00,100 גרם,false,0,13.50,9.00,true,1,
9721525290943,false,מנורת לד שולחני נטען בבל,,IL,מנורת לד שולחני,יחידה,1.00,יחידה,false,1,14.90,14.90,true,1,
