code,internal_code,name,manufacturer_name,manufacture_country,manufacturer_item_description,unit_qty,quantity,unit_of_measure,weighted,qty_in_package,price,unit_of_measure_price,allow_discount,status,item_id
17,true,עגבניה,חקלאי,,עגבניה,קילוגרמים,1.00,"ק""ג",true,,4.90,4.9000,true,1,12951
31,true,גזר ארוז,חקלאי,,גזר ארוז,קילוגרמים,1.00,"ק""ג",true,,4.90,4.9000,true,1,12417
45,true,כרוב לבן,חקלאי,,כרוב לבן,קילוגרמים,1.00,"ק""ג",true,,0.00,0.0000,true,1,12455
50,true,כרוב אדום,חקלאי,,כרוב אדום,קילוגרמים,1.00,"ק""ג",true,,0.00,0.0000,true,1,12469
60,true,כרובית,חקלאי,,כרובית,קילוגרמים,1.00,"ק""ג",true,,0.00,0.0000,true,1,12501
90,true,בצל יבש,חקלאי,,בצל יבש,קילוגרמים,1.00,"ק""ג",true,,2.90,2.9000,true,1,12536
95,true,בצל ירוק ארוז,חקלאי,,בצל ירוק ארוז,Unknown,0.00,Unknown,false,1,0.00,0.0000,true,1,12538
97,true,בצל אדום,חקלאי,,בצל אדום,קילוגרמים,1.00,"ק""ג",true,,8.90,8.9000,true,1,12539
110,true,בטטה,חקלאי,,בטטה,קילוגרמים,1.00,"ק""ג",true,,5.90,5.9000,true,1,12314
113,true,ירק כוסברה ארוזה,חקלאי,,ירק כוסברה ארוזה,לא מנהל יחידת מידה,0.00,לא מנהל יחידת מידה,false,1,0.00,0.0000,true,1,12316
114,true,ירק נענע ארוזה,חקלאי,,ירק נענע ארוזה,Unknown,0.00,Unknown,false,1,0.00,0.0000,true,1,12317
130,true,דלעת ארוזה,חקלאי,,דלעת ארוזה,קילוגרמים,1.00,"ק""ג",true,,12.90,12.9000,true,1,12321
140,true,חצילים,חקלאי,,חצילים,קילוגרמים,1.00,"ק""ג",true,,0.00,0.0000,true,1,12323
158,true,פלפל חריף ירוק,חקלאי,,פלפל חריף ירוק,קילוגרמים,1.00,"ק""ג",true,,13.90,13.9000,true,1,12330
160,true,פלפל אדום,חקלאי,,פלפל אדום,קילוגרמים,1.00,"ק""ג",true,,5.50,5.5000,true,1,12332
163,true,פלפל צהוב,חקלאי,,פלפל צהוב,קילוגרמים,1.00,"ק""ג",true,,9.90,9.9000,true,1,12333
167,true,פלפל כתום,חקלאי,,פלפל כתום,קילוגרמים,1.00,"ק""ג",true,,0.00,0.0000,true,1,12335
180,true,קשואים,חקלאי,,קשואים,קילוגרמים,1.00,"ק""ג",true,,0.00,0.0000,true,1,12338
183,true,סברס,חקלאי,,סברס,קילוגרמים,1.00,"ק""ג",true,,0.00,0.0000,true,1,41311
185,true,קישוא זוקיני,חקלאי,,קישוא זוקיני,קילוגרמים,1.00,"ק""ג",true,,14.90,14.9000,true,1,12340
201,true,תירס ארוז,חקלאי,,תירס ארוז,קילוגרמים,1.00,"ק""ג",true,,5.90,5.9000,true,1,12347
250,true,חסה עגולה ארוזה,חקלאי,,חסה עגולה ארוזה,לא מנהל יחידת מידה,0.00,לא מנהל יחידת מידה,false,1,0.00,0.0000,true,1,12378
260,true,חסה ערבית ארוזה,חקלאי,,חסה ערבית ארוזה,לא מנהל יחידת מידה,0.00,לא מנהל יחידת מידה,false,1,0.00,0.0000,true,1,12381
270,true,"לוף לק""ג",חקלאי,,"לוף לק""ג",קילוגרמים,1.00,"ק""ג",true,,0.00,0.0000,true,1,12388
292,true,תפוח אדמה אדום תפזור,חקלאי,,תפוח אדמה אדום תפז .,קילוגרמים,1.00,"ק""ג",true,,0.00,0.0000,true,1,12400
295,true,3תפוח אדמה לבן,חקלאי,,תפוח אדמה לבן,קילוגרמים,1.00,"ק""ג",true,,3.90,3.9000,true,1,12403
297,true,ירק פטרוזליה ארוזה,חקלאי,,ירק פטרוזליה ארוזה,לא מנהל יחידת מידה,0.00,לא מנהל יחידת מידה,false,1,0.00,0.0000,true,1,12405
299,true,ירק סלרי ראש ארוז,חקלאי,,ירק סלרי ראש ארוז,גרמים,500.00,100 גרם,false,1,0.00,0.0000,true,1,12407
312,true,מלון גליה,חקלאי,,מלון גליה,קילוגרמים,1.00,"ק""ג",true,,4.90,4.9000,true,1,12419
318,true,אבטיח,חקלאי,,אבטיח,קילוגרמים,1.00,"ק""ג",true,,3.90,3.9000,true,1,50909
320,true,פטריות חורש ארוז,חקלאי,,פטריות חורש ארוז,קילוגרמים,1.00,"ק""ג",true,1,9.90,9.9000,true,1,12422
324,true,פטריות שמפניון,חקלאי,,פטריות שמפניון,Unknown,0.00,Unknown,false,1,0.00,0.0000,true,1,12426
331,true,תות שדה,חקלאי,,תות שדה 250 גרם,לא מנהל יחידת מידה,0.00,לא מנהל יחידת מידה,false,1,0.01,0.0000,true,1,62572
332,true,תות שדה שפע,חקלאי,,תות שדה שפע,Unknown,0.00,Unknown,false,1,29.90,0.0000,true,1,71882
348,true,שום בתפזורת,חקלאי,,שום טרי בתפזורת,קילוגרמים,1.00,"ק""ג",true,,0.00,0.0000,true,1,12430
374,true,פטריות שמפניון יחידה,חקלאי,,פטריות שמפניון יחידה,גרמים,250.00,100 גרם,false,1,12.90,5.1600,true,1,12435
480,true,תפוזים ארוזים,חקלאי,,תפוזים ארוזים,קילוגרמים,1.00,"ק""ג",true,,0.00,0.0000,true,1,12463
486,true,לימון,חקלאי,,לימון,קילוגרמים,1.00,"ק""ג",true,,9.90,9.9000,true,1,12468
555,true,בננות,חקלאי,,בננות,קילוגרמים,1.00,"ק""ג",true,,0.00,0.0000,true,1,12482
578,true,נקטרינה,חקלאי,,נקטרינה 6,קילוגרמים,1.00,"ק""ג",true,,0.00,0.0000,true,1,23690
586,true,אפרסק,חקלאי,,אפרסק 6,קילוגרמים,1.00,"ק""ג",true,,15.00,15.0000,true,1,12499
589,true,אפרסק לבן,חקלאי,,אפרסק 7 לבן,קילוגרמים,1.00,"ק""ג",true,,0.01,0.0100,true,1,12898
604,true,אגס,חקלאי,,אגס 6,קילוגרמים,1.00,"ק""ג",true,,0.00,0.0000,true,1,12502
623,true,אפרסמון,חקלאי,,אפרסמון 6.5,קילוגרמים,1.00,"ק""ג",true,,0.00,0.0000,true,1,17892
626,true,מנגו,חקלאי,,מנגו,קילוגרמים,1.00,"ק""ג",true,,0.00,0.0000,true,1,50954
636,true,קיווי,חקלאי,,קיווי,קילוגרמים,1.00,"ק""ג",true,,19.90,19.9000,true,1,12515
658,true,תפוח עץ סמית,חקלאי,,תפוח עץ סמית,קילוגרמים,1.00,"ק""ג",true,,10.90,10.9000,true,1,12519
684,true,תפוח עץ מוזהב,חקלאי,,"ת""ע מוזהב 6.5",קילוגרמים,1.00,"ק""ג",true,,0.00,0.0000,true,1,12521
697,true,תפוח עץ סטארקינג,חקלאי,,"ת""ע סטארקינג 6.5",קילוגרמים,1.00,"ק""ג",true,,0.00,0.0000,true,1,19874
735,true,ענב רד גלוב אדום,חקלאי,,ענב רד גלוב אדום,קילוגרמים,1.00,"ק""ג",true,,0.00,0.0000,true,1,12528
738,true,ענבים אדומים,חקלאי,,ענבים אדומים,קילוגרמים,1.00,"ק""ג",true,,35.00,35.0000,true,1,14124
742,true,ענב לבן,חקלאי,,ענב לבן,קילוגרמים,1.00,"ק""ג",true,,0.00,0.0000,true,1,52889
756,true,שזיף,חקלאי,,שזיף,קילוגרמים,1.00,"ק""ג",true,,0.00,0.0000,true,1,13117
760,true,שזיף ירוק,חקלאי,,שזיף ירוק,קילוגרמים,1.00,"ק""ג",true,,0.01,0.0100,true,1,14551
911,true,שרי באשכול,חקלאי,IL,שרי באשכול,קילוגרמים,1.00,"ק""ג",true,,24.90,24.9000,true,1,83073
913,true,עגבניה שרי תמר ליחיד,חקלאי,IL,עגבניה שרי תמר ליחידה,קילוגרמים,0.00,"ק""ג",false,1,19.90,0.0000,true,1,82979
917,true,עגבניה,חקלאי,IL,עגבניה,קילוגרמים,1.00,"ק""ג",true,,12.90,12.9000,true,1,83075
920,true,מלפפון,חקלאי,IL,מלפפון,קילוגרמים,1.00,"ק""ג",true,,7.90,7.9000,true,1,83077
942,true,ענבים לבנים,חקלאי,IL,ענבים לבנים,קילוגרמים,1.00,"ק""ג",true,,26.90,26.9000,true,1,83019
943,true,ענב שחור,חקלאי,IL,ענב שחור,קילוגרמים,1.00,"ק""ג",true,,22.90,22.9000,true,1,84632
945,true,כרוב לבן,חקלאי,IL,כרוב לבן,קילוגרמים,1.00,"ק""ג",true,,6.90,6.9000,true,1,83079
960,true,כרובית ארוזה שקיל,חקלאי,IL,כרובית ארוזה שקיל,קילוגרמים,1.00,"ק""ג",true,,12.90,12.9000,true,1,83027
961,true,כרובית ארוזה יחידה,חקלאי,IL,כרובית ארוזה יחידה,לא מנהל יחידת מידה,0.00,לא מנהל יחידת מידה,false,1,11.90,0.0000,true,1,112559
965,true,ברוקולי שקיל,חקלאי,IL,ברוקולי שקיל,קילוגרמים,1.00,"ק""ג",true,,9.90,9.9000,true,1,83086
974,true,מיקס ירקות בייבי,חקלאי,IL,מיקס ירקות בייבי,Unknown,0.00,Unknown,false,1,9.90,0.0000,true,1,82994
990,true,בצל יבש,חקלאי,IL,בצל יבש,קילוגרמים,1.00,"ק""ג",true,,4.90,4.9000,true,1,83085
995,true,בצל ירוק ארוז,חקלאי,IL,בצל ירוק ארוז,לא מנהל יחידת מידה,0.00,לא מנהל יחידת מידה,false,1,5.90,0.0000,true,1,83010
997,true,בצל אדום,חקלאי,IL,בצל אדום,קילוגרמים,1.00,"ק""ג",true,,6.90,6.9000,true,1,82966
5497,true,מאפה קטן ליחידה גדרו,גדרון,IL,מאפה קטן ליחידה גדרון,יחידה,1.00,יחידה,false,1,3.90,3.9000,true,1,131613
7058,true,חטיפי פיצה יח גדר,גדרון,IL,חטיפי פיצה יח גדרון,יחידה,1.00,יחידה,false,1,3.90,3.9000,true,1,130572
8216,true,בלון בודד קטן -גומי,גמר,,בלון בודד קטן -גומי מטאלי +הליום,יחידה,1.00,יחידה,false,1,5.90,5.9000,true,1,116343
9099,true,בזיליקום,חקלאי,IL,בזיליקום,לא מנהל יחידת מידה,0.00,לא מנהל יחידת מידה,false,1,6.00,0.0000,true,1,83002
9105,true,רוזמרין,חקלאי,IL,רוזמרין,יחידה,1.00,יחידה,false,1,4.90,4.9000,true,1,83003
9110,true,בטטה,חקלאי,IL,בטטה,קילוגרמים,1.00,"ק""ג",true,,5.90,5.9000,true,1,83229
9113,true,כוסברה ארוזה,חקלאי,IL,כוסברה ארוזה,Unknown,0.00,Unknown,false,1,4.90,0.0000,true,1,83006
9114,true,נענע ארוזה,חקלאי,IL,נענע ארוזה,Unknown,0.00,Unknown,false,1,5.00,0.0000,true,1,83007
9131,true,דלעת ארוזה,חקלאי,IL,דלעת ארוזה,קילוגרמים,1.00,"ק""ג",true,,11.90,11.9000,true,1,83082
9135,true,דלורית,חקלאי,IL,דלורית,קילוגרמים,1.00,"ק""ג",true,,3.90,3.9000,true,1,83083
9140,true,חצילים,חקלאי,IL,חצילים,קילוגרמים,1.00,"ק""ג",true,,5.90,5.9000,true,1,83081
9147,true,אפרסמון,חקלאי,IL,אפרסמון,קילוגרמים,1.00,"ק""ג",true,,21.90,21.9000,true,1,83051
9155,true,פלפל כהה,חקלאי,IL,פלפל כהה,קילוגרמים,1.00,"ק""ג",true,,12.90,12.9000,true,1,83071
9158,true,פלפל חריף ירוק,חקלאי,IL,פלפל חריף ירוק,קילוגרמים,1.00,"ק""ג",true,,13.90,13.9000,true,1,83068
9160,true,פלפל אדום,חקלאי,IL,פלפל אדום,קילוגרמים,1.00,"ק""ג",true,,6.90,6.9000,true,1,83072
9163,true,פלפל צהוב,חקלאי,IL,פלפל צהוב,קילוגרמים,1.00,"ק""ג",true,,15.90,15.9000,true,1,83069
9167,true,פלפל כתום,חקלאי,IL,פלפל כתום,קילוגרמים,1.00,"ק""ג",true,,15.90,15.9000,true,1,83070
9170,true,קולורבי,חקלאי,IL,קולורבי,קילוגרמים,1.00,"ק""ג",true,,13.90,13.9000,true,1,83067
9180,true,קשואים,חקלאי,IL,קשואים,קילוגרמים,1.00,"ק""ג",true,,5.90,5.9000,true,1,83062
9184,true,קישוא כדורי,חקלאי,IL,קישוא כדורי,קילוגרמים,1.00,"ק""ג",true,,9.90,9.9000,true,1,83063
9201,true,תירס ארוז,חקלאי,IL,תירס ארוז,קילוגרמים,1.00,"ק""ג",true,,12.90,12.9000,true,1,84060
9224,true,אוכמניות יחידה,חקלאי,IL,אוכמניות יחידה,לא מנהל יחידת מידה,0.00,לא מנהל יחידת מידה,false,1,19.90,0.0000,true,1,115743
9236,true,לבבות חסה,חקלאי,IL,לבבות חסה,לא מנהל יחידת מידה,0.01,לא מנהל יחידת מידה,false,1,12.90,1290.0000,true,1,97185
9250,true,חסה עגולה ארוזה,חקלאי,IL,חסה עגולה ארוזה,לא מנהל יחידת מידה,0.00,לא מנהל יחידת מידה,false,1,7.90,0.0000,true,1,82992
9260,true,חסה ערבית ארוזה,חקלאי,IL,חסה ערבית ארוזה,יחידה,1.00,יחידה,false,1,6.90,6.9000,true,1,82991
9270,true,לוף,חקלאי,IL,לוף,קילוגרמים,1.00,"ק""ג",true,,19.90,19.9000,true,1,83078
9290,true,תפוח אדמה אדום,חקלאי,IL,תפוח אדמה אדום,קילוגרמים,1.00,"ק""ג",true,,6.90,6.9000,true,1,83057
9295,true,תפוח אדמה לבן,חקלאי,IL,תפוח אדמה לבן,קילוגרמים,1.00,"ק""ג",true,,5.90,5.9000,true,1,83056
9296,true,שורש ארוז,חקלאי,IL,שורש ארוז,לא מנהל יחידת מידה,0.00,לא מנהל יחידת מידה,false,1,5.90,0.0000,true,1,83000
9297,true,פטרוזליה ארוזה,חקלאי,IL,פטרוזליה ארוזה,לא מנהל יחידת מידה,0.00,לא מנהל יחידת מידה,false,1,4.90,0.0000,true,1,83009
9299,true,סלרי ראש ארוז,חקלאי,IL,סלרי ראש ארוז,Unknown,0.00,Unknown,false,1,6.90,0.0000,true,1,82999
9306,true,סלרי עלים,חקלאי,IL,סלרי עלים,לא מנהל יחידת מידה,0.00,לא מנהל יחידת מידה,false,1,6.90,0.0000,true,1,83001
9307,true,גינגר ארוז,חקלאי,IL,גינגר ארוז,יחידה,0.00,יחידה,false,1,7.90,0.0000,true,1,82975
9311,true,גזר ארוז,חקלאי,IL,גזר ארוז,קילוגרמים,1.00,"ק""ג",true,,6.90,6.9000,true,1,83084
9331,true,תות שדה במארז כ 250,חקלאי,IL,תות שדה במארז כ 250 גרם,גרמים,250.00,100 גרם,false,1,29.90,11.9600,true,1,83091
9348,true,שום בתפזורת,חקלאי,IL,שום בתפזורת,קילוגרמים,1.00,"ק""ג",true,,34.90,34.9000,true,1,83061
9370,true,שומר,חקלאי,IL,שומר,קילוגרמים,1.00,"ק""ג",true,,13.90,13.9000,true,1,83059
9460,true,חסה סלנובה - ראש,חקלאי,IL,חסה סלנובה - ראש,לא מנהל יחידת מידה,0.00,לא מנהל יחידת מידה,false,1,8.90,0.0000,true,1,114453
9486,true,לימון,חקלאי,IL,לימון,קילוגרמים,1.00,"ק""ג",true,,9.90,9.9000,true,1,83033
9500,true,תפוז מובחר,חקלאי,IL,תפוז מובחר,קילוגרמים,1.00,"ק""ג",true,,6.90,6.9000,true,1,83029
9504,true,תפוז ברשת,חקלאי,IL,תפוז ברשת,קילוגרמים,1.00,"ק""ג",true,,6.90,6.9000,true,1,83030
9510,true,מנדרינה,חקלאי,IL,מנדרינה,קילוגרמים,1.00,"ק""ג",true,,6.90,6.9000,true,1,83031
9522,true,אשכולית לבנה / אדומה,חקלאי,IL,אשכולית לבנה / אדומה,קילוגרמים,1.00,"ק""ג",true,,7.90,7.9000,true,1,83035
9525,true,פומלה,חקלאי,IL,פומלה,קילוגרמים,1.00,"ק""ג",true,,7.90,7.9000,true,1,83032
9555,true,בננות,חקלאי,IL,בננות,קילוגרמים,1.00,"ק""ג",true,,8.90,8.9000,true,1,83049
9560,true,אבוקדו,חקלאי,IL,אבוקדו,קילוגרמים,1.00,"ק""ג",true,,18.90,18.9000,true,1,83053
9568,true,רימון,חקלאי,IL,רימון,קילוגרמים,1.00,"ק""ג",true,,9.90,9.9000,true,1,83042
9578,true,נקטרינה,חקלאי,IL,נקטרינה,קילוגרמים,1.00,"ק""ג",true,,16.90,16.9000,true,1,83020
9604,true,אגס ספדונה,חקלאי,IL,אגס ספדונה,קילוגרמים,1.00,"ק""ג",true,,13.90,13.9000,true,1,83052
9613,true,גויאבה,חקלאי,IL,גויאבה,קילוגרמים,1.00,"ק""ג",true,,19.90,19.9000,true,1,83044
9626,true,מנגו,חקלאי,IL,מנגו,קילוגרמים,1.00,"ק""ג",true,,12.90,12.9000,true,1,83015
9632,true,אנונה,חקלאי,IL,אנונה,קילוגרמים,1.00,"ק""ג",true,,29.90,29.9000,true,1,86515
9637,true,קיווי מובחר,חקלאי,IL,קיווי מובחר,קילוגרמים,1.00,"ק""ג",true,,15.90,15.9000,true,1,83043
9658,true,תפוח עץ סמיט,חקלאי,IL,תפוח עץ סמיט,קילוגרמים,1.00,"ק""ג",true,,14.90,14.9000,true,1,83039
9661,true,תפוח עץ גאלה 6.5,חקלאי,IL,תפוח עץ גאלה 6.5,קילוגרמים,1.00,"ק""ג",true,,12.90,12.9000,true,1,83013
9684,true,תפוח עץ זהוב,חקלאי,IL,תפוח עץ זהוב,קילוגרמים,1.00,"ק""ג",true,,13.90,13.9000,true,1,83041
9697,true,תפוח עץ סטארקינג,חקלאי,IL,תפוח עץ סטארקינג,קילוגרמים,1.00,"ק""ג",true,,14.90,14.9000,true,1,83040
9714,true,תפוח עץ יונתן,חקלאי,IL,תפוח עץ יונתן,קילוגרמים,1.00,"ק""ג",true,,13.90,13.9000,true,1,83037
9756,true,שזיף אדום,חקלאי,IL,שזיף אדום,קילוגרמים,1.00,"ק""ג",true,,24.90,24.9000,true,1,83016
9891,true,ברוקולי ארוז,חקלאי,IL,ברוקולי ארוז,מיליליטרים,1.00,"100 מ""ל",false,1,14.90,1490.0000,true,1,83087
9894,true,"לחמניה כשל""פ - וילי",עינת,,"לחמניה כשל""פ - וילי דוג- חדש",לא מנהל יחידת מידה,0.00,לא מנהל יחידת מידה,false,1,5.90,0.0000,true,1,117118
9928,true,שמיר,חקלאי,IL,שמיר,לא מנהל יחידת מידה,0.00,לא מנהל יחידת מידה,false,1,4.90,0.0000,true,1,101006
9950,true,כרוב אדום,חקלאי,IL,כרוב אדום,קילוגרמים,1.00,"ק""ג",true,,9.90,9.9000,true,1,83080
9965,true,תפוח עץ פינק,חקלאי,IL,תפוח עץ פינק,קילוגרמים,1.00,"ק""ג",true,,19.90,19.9000,true,1,83038
41896,true,"קוקיס מריר מחיר לק""ג","גידרון תעשיות בע""מ",,קוקיס מריר מחיר לקג-גדרון,קילוגרמים,1.00,"ק""ג",true,,49.90,49.9000,true,1,13138
41926,true,קוקיס שוקו,"גידרון תעשיות בע""מ",,קוקיס שוקו,קילוגרמים,1.00,"ק""ג",true,,49.90,49.9000,true,1,14524
90832,true,בייגל רגיל 85גר,"גידרון תעשיות בע""מ",,בייגל רגיל 85גר,גרמים,150.00,100 גרם,false,1,4.90,3.2667,true,1,13173
91211,true,לחמנית חלה מתוקה,גדרון,IL,לחמנית חלה מתוקה,לא מנהל יחידת מידה,0.00,לא מנהל יחידת מידה,false,1,6.90,0.0000,true,1,74012
92614,true,בורקס טורקי פיטריות,"גידרון תעשיות בע""מ",,בורקס טורקי פיטריות מחיר לקג-גדרון,קילוגרמים,1.00,"ק""ג",true,,42.90,42.9000,true,1,12231
94274,true,חצי בגט גדרון א.ק,גדרון,IL,חצי בגט גדרון א.ק,לא מנהל יחידת מידה,0.00,לא מנהל יחידת מידה,false,1,3.90,0.0000,true,1,14404
94373,true,לחם חצי גבטה,"גידרון תעשיות בע""מ",,לחם חצי גבטה,גרמים,150.00,100 גרם,false,1,3.90,2.6000,true,1,15072
96018,true,שנייק קינמון מחיר לק,"גידרון תעשיות בע""מ",,שנייק קינמון מחיר לקג-גדרון,קילוגרמים,1.00,"ק""ג",true,,42.90,42.9000,true,1,12234
97237,true,באגט 45 סמ -גדרון,"גידרון תעשיות בע""מ",,באגט 45 סמ -גדרון,גרמים,330.00,100 גרם,false,1,4.90,1.4848,true,1,12237
97282,true,קוראסון שוקולד ענק 1,"גידרון תעשיות בע""מ",,קוראסון שוקולד ענק 1 יח-גדרון,יחידה,1.00,יחידה,false,1,10.90,10.9000,true,1,13144
97657,true,לחמנית חלה 125גר קפו,"גידרון תעשיות בע""מ",,לחמנית חלה 125גר קפוא-ג.דגון,גרמים,150.00,100 גרם,false,1,4.90,3.2667,true,1,12238
98296,true,לחמנית אצבע,"גידרון תעשיות בע""מ",,לחמנית אצבע,גרמים,70.00,100 גרם,false,1,1.90,2.7143,true,1,14326
99248,true,בורקס גבינה,"גידרון תעשיות בע""מ",,בורקס גבינה מחיר לקג גידרון,קילוגרמים,1.00,"ק""ג",true,,42.90,42.9000,true,1,12240
99255,true,בורקס תפוא,"גידרון תעשיות בע""מ",,בורקס תפוא מחיר לקג -גידרון,קילוגרמים,1.00,"ק""ג",true,,42.90,42.9000,true,1,12241
99385,true,גביניות,"גידרון תעשיות בע""מ",,גביניות מחיר לקג-גידרון,קילוגרמים,1.00,"ק""ג",true,,42.90,42.9000,true,1,12243
99415,true,רוגלך,"גידרון תעשיות בע""מ",,רוגלך מחיר לקג-גידרון,קילוגרמים,1.00,"ק""ג",true,,42.90,42.9000,true,1,12245
99460,true,קוראסון חמאה ענק 1 י,"גידרון תעשיות בע""מ",,קוראסון חמאה ענק 1 יח-גדרון,יחידה,1.00,יחידה,false,1,10.90,10.9000,true,1,13143
99477,true,ק.ביס שוקולד,"גידרון תעשיות בע""מ",,ק.ביס שוקולד מחיר לקג-גידרון,קילוגרמים,1.00,"ק""ג",true,,42.90,42.9000,true,1,12247
99927,true,בורקס בולגרי,"גידרון תעשיות בע""מ",,בורקס בולגרי מחיר לקג-גידרון,קילוגרמים,1.00,"ק""ג",true,,42.90,42.9000,true,1,12249
453781,true,שמרים יבשים 125 גרם,"פאקא תעשיות בע""מ",PT,שמרית שמרים יבשים 125 גרם,גרמים,125.00,100 גרם,false,1,6.90,5.5200,true,1,120769
3102280,true,צמרוני שסתום לתינוק,F.H.P CO LT,CN,צמרוני שסתום לתינוק טוליפס,לא מנהל יחידת מידה,0.00,לא מנהל יחידת מידה,false,1,4.70,0.0000,true,1,119865
4170134,true,בורקס תפוא גדול-גידר,"גידרון תעשיות בע""מ",,בורקס תפוא גדול-גידרון,קילוגרמים,1.60,"ק""ג",false,1,10.90,6.8125,true,1,125681
4170141,true,בורקס גבינה גדול איש,"גידרון תעשיות בע""מ",,בורקס גבינה גדול אישי גידרון,קילוגרמים,1.70,"ק""ג",false,1,10.90,6.4118,true,1,125680
30107014,false,נייר גלגול גדול + פילטר בודד,Unknown,,נייר גלגול גדול +פילטר בודד,יחידה,1.00,יחידה,false,1,10.00,10.0000,true,1,100513
30112902,false,נייר גלגול קטן+פילטר,Unknown,,נייר גלגול קטן+פילטר בודד,יחידה,1.00,יחידה,false,1,8.90,8.9000,false,1,103846
30112919,false,נייר גלגול בינוני + פילטר בודד,Unknown,,נ.ג. בינוני+פילטר בודד,Unknown,0.00,Unknown,false,1,9.50,0.0000,false,1,100517
40084107,false,ביצת שוקולד הפתעה קינדר,פרדי קונדטוריה אס פי,IT,ביצת הפתעה - עשיר בחלב,גרמים,20.00,100 גרם,false,1,7.90,39.5000,true,1,13333
40111216,false,באונטי חטיף קוקוס ושוקולד 57ג',"נארז ע""י : א.ג. גילר",NL,חטיף קוקוס רך מצופה שוקולד חלב באונטי,גרמים,57.00,100 גרם,false,1,6.90,12.1053,true,1,4113
42138105,false,סיגריות וינסטון סלימס כחול בודד,גיי טי אינטרנשיונל,,סיגריות וינסטון סלימס כחול חפיסה בודד,לא מנהל יחידת מידה,0.00,לא מנהל יחידת מידה,false,1,34.30,0.0000,false,1,59126
42138129,false,סיגריות וינסטון סופר סלימס מנטול,Unknown,,סיגריות וינסטון סלימס מנטול חפיסה בודד,לא מנהל יחידת מידה,0.00,לא מנהל יחידת מידה,false,1,34.30,0.0000,false,1,59127
54051140,false,מעדן סויה טעם וניל אלפרו רביעיה * 125 ג',הנסיך- מפעל לייצור ט,BE,מעדן סויה וניל אלפרו רביעייה 500 גרם,גרמים,500.00,100 גרם,false,1,19.90,3.9800,true,1,42740
54051157,false,מעדן סויה טעם שוקו אלפרו רביעיה 125 ג',קריות זול,BE,אלפרו מעדן סויה שוקולד 4*125 מל,גרמים,500.00,100 גרם,false,1,19.90,3.9800,true,1,42741
59039549,false,סיגריות ווג פריזון מנטה בודד,Unknown,,סיגריות ווג פריזון מנטול חפיסה בודד,Unknown,0.00,Unknown,false,1,40.00,0.0000,false,1,73884
59068907,false,סיגריות פאל מאל כחול דמי סלימס,גלוברנס,,סיגריות פאל מאל כחול דמי סלימס בודד,לא מנהל יחידת מידה,0.00,לא מנהל יחידת מידה,false,1,27.30,0.0000,false,1,119270
59068914,false,סיגריות פאל מאל סילבר דמי סלימס,Unknown,,סיגריות פאל מאל סילבר דמני סלימס בודד,לא מנהל יחידת מידה,0.00,לא מנהל יחידת מידה,false,1,27.30,0.0000,false,1,119272
59455233,false,סיגריות ווג ליידי כחול בודד,Unknown,,סיגריות ווג ליידי כחול חפיסה בודד,לא מנהל יחידת מידה,0.00,לא מנהל יחידת מידה,false,1,40.00,0.0000,false,1,79025
59455240,false,סיגריות ווג ליידי לילך בודד,Unknown,,סיגריות ווג ליידי לילך חפיסה בודד,Unknown,0.00,Unknown,false,1,40.00,0.0000,false,1,79026
65600114,false,בייגל רומני,בומבה של בייגלה,,בייגל רומני,יחידה,1.00,יחידה,false,1,6.90,6.9000,true,1,57843
72940754,false,"מילקי מעדן וניל עם קצפת שטראוס 133 מ""ל","שטראוס גרופ בע""\מ",IL,מילקי בטעם וניל,גרמים,133.00,100 גרם,false,1,3.30,2.4812,true,1,8026
72940761,false,"מילקי מעדן שוקולד עם קצפת שטראוס 133 מ""ל",מיוצר עי קונדיטוריית,IL,מילקי בטעם שוקולד,גרמים,133.00,100 גרם,false,1,3.30,2.4812,true,1,8027
72961506,false,יוגורט עם תות 1.5% שומן 125 ג' פרילי,מיוצר עי קונדיטוריית,IL,פרילי תות בגביע 125 גרם,מיליליטרים,125.00,"100 מ""ל",false,1,3.90,3.1200,true,1,8327
72961520,false,"פרילי יוגורט עם אננס 1.5% תנובה 125 מ""ל",מיוצר עי קונדיטוריית,IL,פרילי אננס בגביע 125 גרם,מיליליטרים,125.00,"100 מ""ל",false,1,3.90,3.1200,true,1,8328
72961544,false,"באדי יוגורט בטעם תות שדה 3% תנובה 125 מ""ל",מחלבת אלון תבור,IL,באדי תות 125 גרם,גרמים,125.00,100 גרם,false,1,3.70,2.9600,true,1,8334
72986370,false,"גלידת בן & ג'ריס פיינטים וניל 500מ""ל",מוצרי איכות אמריקאיים,IL,פיינט וניל FT,מיליליטרים,500.00,"100 מ""ל",false,1,29.90,5.9800,true,1,9156
72986424,false,"גלידת בן & ג'ריס פיינטים קרם עוגיות 500מ""ל",מוצרי איכות אמריקאיים בע,IL,"פיינט קרם עוגיות בד""ץ",מיליליטרים,500.00,"100 מ""ל",false,1,29.90,5.9800,true,1,9157
72986448,false,"גלידת בן & ג'ריס פיינטים טופי קראנץ 500מ""ל",מוצרי איכות אמריקאיים בע,IL,גלידת וניל עם חתיכות טופי מצופות שוקולד,מיליליטרים,500.00,"100 מ""ל",false,1,29.90,5.9800,true,1,9158
72986455,false,"גלידה בן& ג'ריס ניו יורק סופר פאדג' צ'אנק 500 מ""ל",מוצרי איכות אמריקאיים בע,IL,פיינט ניו-יורק סופר FT,מיליליטרים,500.00,"100 מ""ל",false,1,29.90,5.9800,true,1,9159
72986479,false,"גלידה שוקולד אגוז עם בננות בן וג'ירי 500 מ""ל",מוצרי איכות אמריקאיים בע,IL,פיינט צאנקי מנקי FT,מיליליטרים,500.00,"100 מ""ל",false,1,29.90,5.9800,true,1,9160
72989395,false,טילון בן&ג'ריס ורמונט-קרם עוגיות 100ג',מוצרי איכות אמריקאיים בע,IL,טילון קרם עוגיות,גרמים,100.00,100 גרם,false,1,13.90,13.9000,true,1,12212
72989425,false,"גלידת בן & ג'ריס פיינטים שוקולד בראוניז 500מ""ל",מוצרי איכות אמריקאיים בע,IL,פיינט שוקולד בראוניס FT,מיליליטרים,500.00,"100 מ""ל",false,1,29.90,5.9800,true,1,21394
72991374,false,סיגריות טיים רד חפיס,דובק,,סיגריות טיים רד חפיסה בודד,Unknown,0.00,Unknown,false,1,30.60,0.0000,false,1,9163
72991497,false,סיגריות נובלס פילטר בודד,"דובק בע""מ",,סיגריות נובלס פילטר חפיסה בודד,יחידה,0.00,יחידה,false,1,30.60,0.0000,false,1,9174
72991886,false,"גלידת דולצ'ה בטעם ריבת חלב עם פאדג' בן וג'ירי 500 מ""ל",מוצרי איכות אמריקאיים בע,IL,פיינט דולצ'ה דה לצ'ה,מיליליטרים,500.00,"100 מ""ל",false,1,29.90,5.9800,true,1,9180
72993637,false,מעדן חלב בטעם שוקולד 125 ג' דני,"שטראוס גרופ בע""\מ",IL,דני שוקולד,גרמים,125.00,100 גרם,false,1,3.90,3.1200,true,1,47757
72994061,false,חטיף פסק זמן GOOD גלילית לבן 40 גרם,שולן צ'\יקולטה גידה סאן.,TR,פסק זמן 2GOOD,גרמים,36.00,100 גרם,false,1,7.50,20.8333,true,1,72035
76136184,false,סיגריות פאל מל סלימס כחול בודד,Unknown,,סיגריות פאל מל סלימס כחול חפיסה בודד,לא מנהל יחידת מידה,0.00,לא מנהל יחידת מידה,false,1,31.40,0.0000,false,1,42219
80001027,false,לואקר טורטינה שוקולד חלב,"כד בני דרום בע""מ",IT,וופל בציפוי שוקולד חלב וממלוא בקרם אגוזים,גרמים,21.00,100 גרם,false,1,5.50,26.1905,true,1,13329
80001287,false,וופל חטיף לואקר אגוז 38 גר',ליימן מותגים,AT,חטיף גרדנה אגוז 38 גרם,גרמים,38.00,100 גרם,false,1,5.50,14.4737,true,1,9501
80001461,false,חטיף גרנדה שוקולד 38 גרם,"א. לואקר קונפקט בע""מ",AT,חטיף גרדנה שוקולד 38 גרם,גרמים,38.00,100 גרם,false,1,5.50,14.4737,true,1,43065
80001485,false,חטיף גרנדה קוקוס 38 גרם,קריניציה ויטמינה אס,IT,לואקר גרדנה קוקוס,גרמים,38.00,100 גרם,false,1,5.50,14.4737,true,1,43066
80001799,false,לואקר טורטינה שוקולד לבן,"כד בני דרום בע""מ",IT,וופל בציפוי שוקולד חלב וממלוא בקרם אגוזים,גרמים,21.00,100 גרם,false,1,5.50,26.1905,true,1,106513
80001911,false,וופל גרדנה במילוי קרם אגוזי לוז ובציפוי שוקולד לבן,ליימן מותגים,AT,חטיף גרדנה לבן 38 גרם,גרמים,38.00,100 גרם,false,1,5.50,14.4737,true,1,113095
80042563,false,רסק עגבניות 700 ג' (צהוב) MUTTI,"איי, בי, אינבוו",IT,רסק עגבניות 700 גרם (צהוב) MUTTI,גרמים,700.00,100 גרם,false,1,12.90,1.8429,true,1,114251
80050025,false,סוכריות טיק טק תפוז 16 גרם,פררו - אלבה,ZA,דחוסות בטעם תפוז,גרמים,16.00,100 גרם,false,1,5.00,31.2500,true,1,9700
80050124,false,סוכריות טיק טק מנטה 16 גרם,פררו - אלבה,ZA,טיק טק מנטה,גרמים,16.00,100 גרם,false,1,5.00,31.2500,true,1,9701
80052760,false,קינדר בואנו Kinder Bueno עם חלב ואגוזי לוז,פררו - אלבה,PL,קינדר בואנו,גרמים,43.00,100 גרם,false,1,8.00,18.6047,true,1,9705
80176732,false,קינדר הפי היפו 28 יחידות,פררו - אלבה,DE,"הפי היפו קקאו, וופל במילוי קרם חלבי וקרם קקאו",גרמים,21.00,100 גרם,false,1,4.90,23.3333,true,1,47113
80177173,false,ממרח שוקולד נוטלה 350 גרם,פררו - אלבה,IT,ממרח שוקולד נוטלה אגוזים 350 גרם,גרמים,350.00,100 גרם,false,1,16.90,4.8286,true,1,9768
80177180,false,שוקולד קינדר קאונטרי 23.5 גרם,ליימן שליסל,IT,שוקולד קינדר קאנטרי 23.5 גרם,גרמים,24.00,100 גרם,false,1,4.90,20.4167,true,1,74480
80177609,false,אצבעות שוקולד קינדר Kinder ארבע יחידות,פררו - אלבה,IT,שוקולד חלב עם תכולת חלב גבוהה במילוי קרם חלבי,גרמים,50.00,100 גרם,false,1,8.90,17.8000,true,1,9769
80177616,false,אצבעות שוקולד קינדר Kinder שמונה יחידות,פררו - אלבה,IT,שוקולד חלב עם תכולת חלב גבוהה במילוי קרם חלבי,גרמים,100.00,100 גרם,false,1,11.90,11.9000,true,1,9770
80273561,false,פלפל שחור במטחנה 45 גר ארומה דה טוסקנה,דרוגיה ואלימנטרי אס.אר.א,,פלפל שחור במטחנה 45 גרם,גרמים,45.00,100 גרם,false,1,14.00,31.1111,true,1,9808
80273592,false,פלפל ארבע עונות 30 גר ארומה דה טוסקנה,דרוגיה ואלימנטרי אס.אר.א,,פלפל 4 העונות במטחנה 35 גרם,גרמים,35.00,100 גרם,false,1,14.90,42.5714,true,1,9810
80273639,false,מלח ים במטחנה 90 גר ארומה דה טוסקנה,דרוגיה ואלימנטרי אס.אר.א,,מלח ים במטחנה 90 גרם,גרמים,90.00,100 גרם,false,1,13.90,15.4444,true,1,9812
80273660,false,שום במטחנה 50 גר ארומה דה טוסקנה,דרוגיה ואלימנטרי אס.אר.א,,שום במטחנה 50 גרם,גרמים,50.00,100 גרם,false,1,14.00,28.0000,true,1,9815
80273677,false,צילי במטחנה 20 גר ארומה דה טוסקנה,דרוגיה ואלימנטרי אס.אר.א,,"צ""ילי במטחנה 20 גרם",גרמים,20.00,100 גרם,false,1,14.00,70.0000,true,1,9816
80310891,false,ג'וי ביצת הפתעה קינדר 20 גרם,קריות זול,ZA,"ביצת קינדר ג""וי 20 גרם",גרמים,20.00,100 גרם,false,1,7.90,39.5000,true,1,134698
80650874,false,שום ופטרוזיליה טוסקנ,דרוגריה ואלימנטרי אס,,תיבול גורמה שום ופטרוזיליה,מיליליטרים,80.00,"100 מ""ל",false,1,14.80,18.5000,true,1,9860
80724353,false,ארטישוק פונטי מתובל,מודנצטי ויה פראדה,IT,ארטישוק מתובל 280 גרם PONTI,גרמים,280.00,100 גרם,false,1,29.90,10.6786,true,1,122825
80761761,false,קינדר בואנו לבן בודד 39 גרם,ליימן שליסל,PL,חטיף וופל קינדר בואנו שוקולד לבן 39 גרם,גרמים,39.00,100 גרם,false,1,8.00,20.5128,true,1,75774
80773429,false,מנטוס בקבוק מעוגל - מסטיק ללא סוכר בטעם תות 60 גרם,"פרפטי ואן מלה ג'\ידה,סאן",TR,מנטוס גומי לעיסה ללא סוכר בטעם תות שדה,גרמים,60.00,100 גרם,false,1,11.90,19.8333,true,1,117684
80773443,false,מנטוס בקבוק מעוגל - מסטיק ללא סוכר בטעם מנטה 60 גרם,"פרפטי ואן מלה ג'\ידה,סאן",TR,מנטוס גומי לעיסה ללא סוכר בטעם מנטה,גרמים,60.00,100 גרם,false,1,11.90,19.8333,true,1,115972
80790990,false,מסטיק מנטוס בבקבוק מעוגל בטעם פירות -מנטה 60 ג',"פרפטי ואן מלה ג'\ידה,סאן",TR,מסטיק מנטוס מנטה עדינה בקבוק מעוגל 60 גר,גרמים,60.00,100 גרם,false,1,11.90,19.8333,true,1,115971
80809265,false,טורטינה בודד חמאת בוטנים 21 ג' לואקר,לואקר,AT,חטיף טורטינה חמאת בוטנים 21 גרם,גרמים,21.00,100 גרם,false,1,5.50,26.1905,true,1,133764
80831402,false,סוכריות מנטוס מנטה עדינה 30 יח' ללא סוכר CLEAN BREATH,פרפטי ואן מלה,NL,סוכרית מנטוס מנטה עדינה ללא סוכר,לא מנהל יחידת מידה,0.00,לא מנהל יחידת מידה,false,1,7.90,0.0000,true,1,127697
80843184,false,מנטוס מסטיק פיור פרש בטעם ענבים 60גר,פרפטי ואן מלה הולנד,TR,מסטיק בקבוקון פיור ענבים 60 גרם,גרמים,60.00,100 גרם,false,1,11.90,19.8333,true,1,131860
80864059,false,וופל גרדנה עם קרם חמאת בוטנים בציפוי שוקולד חלב,ליימן מותגים,AT,גרדנה חמאת בוטנים 38 גרם,גרמים,38.00,100 גרם,false,1,5.50,14.4737,true,1,133765
80864295,false,סוכריות פיור וויט טעם מנטה עדינה 60 ג' מנטוס,"פרפטי ואן מלה ג'ידה,סאן",TR,מנטוס גומי לעיסה ללא סוכר בטעם תות שדה,גרמים,60.00,100 גרם,false,1,11.90,19.8333,true,1,132120
80874652,false,קינדר קארדס 120 גרם - בודד,פררו,IT,קינדר קארדס 25.6 גרם,גרמים,26.00,100 גרם,false,1,6.90,26.5385,true,1,134019
80896081,false,מנטוס בקבוק מעוגל - מסטיק ללא סוכר בטעם אבטיח 60 גרם,"פרפטי ואן מלה ג'\ידה,סאן",TR,מנטוס גומי לעיסה ללא סוכר בטעם אבטיח,גרמים,60.00,100 גרם,false,1,11.90,19.8333,true,1,117685
80913467,false,מנטוס בקבוק מעוגל - מסטיק ללא סוכר בטעם מנטה,פרפטי ואן מלה הולנד,TR,mentos - pure fresh,גרמים,60.00,100 גרם,false,1,11.90,19.8333,true,1,115973
80936848,false,סוכריות טיק טק תות שדה 24 יח',ליימן-שליסל,ZA,טיק טק בטעם תות שדה- מנטה 16 גרם,גרמים,16.00,100 גרם,false,1,5.00,31.2500,true,1,97809
80945468,false,סוכריות פיור וויט טעם מנטה מתוקה 60 ג' מנטוס,"פרפטי ואן מלה ג'ידה,סאן",TR,מנטוס גומי לעיסה ללא סוכר בטעם תות שדה,גרמים,60.00,100 גרם,false,1,11.90,19.8333,true,1,132121
80979128,false,מנטוס מסטיק בקבוק מעוגל בטעם דובדבן,פרפטי ואן מלה הולנד,TR,מסטיק בקבוקון פיור דובדובן 60 גרם,גרמים,60.00,100 גרם,false,1,11.90,19.8333,true,1,131861
80982470,false,מסטיק מנטוס פיור פרוסט בטעם מנטה חזק 60 גר',פרפטי ואן מלה ברדה,TR,מסטיק מנטוס פיור מנטה חזקה 60 ג,גרמים,60.00,100 גרם,false,1,11.90,19.8333,true,1,130700
80986348,false,סוכריות פיור וויט טעם מנטה 60 ג' מנטוס,"פרפטי ואן מלה ג'ידה,סאן",TR,מנטוס גומי לעיסה ללא סוכר בטעם תות שדה,גרמים,60.00,100 גרם,false,1,11.90,19.8333,true,1,132122
85939868,false,ניר קצר לגלגול ללא פילטר,U 4 ROLL,,נייר קצר ללא פילטר,יחידה,0.00,יחידה,false,1,3.00,0.0000,true,1,93852
85942707,false,נייר קצר ללא פילטר עבה PIH,U 4 ROLL,,נייר קצר עבה,Unknown,0.00,Unknown,false,1,3.00,0.0000,false,1,103402
85951730,false,רול פור יו פילטרים ל,U 4 ROLL,,120 פילטרים SLIM PARTY,Unknown,0.00,Unknown,false,1,7.50,0.0000,false,1,80195
85966611,false,נייר גלגול גדול כולל פילטר PIH,רול פור יו,,נייר גלגול גדול כולל פילטר PIH,יחידה,1.00,יחידה,false,1,8.00,8.0000,false,1,126503
85967069,false,נייר גלגול גדול כולל פילטר חום,רול פור יו,,נייר גלגול גדול כולל פילטר חום,יחידה,1.00,יחידה,false,1,10.00,10.0000,false,1,124565
85967076,false,נייר גלגול בינוני כולל פילטר חום,בל פור יו,,נייר בינוני כולל פיל,יחידה,1.00,יחידה,false,1,8.50,8.5000,true,1,126502
87108538,false,סוכריות בטעם תות מנטוס 37.5 גרם,הדקלאים אגודת שיתופי,NL,מנטוס תות 40 גלילים,גרמים,38.00,100 גרם,false,1,5.00,13.1579,true,1,41854
90162602,false,רד בול משקה אנרגיה פקדון 30 אג,רד בול ג'י.אם.בי. אץ,AT,"משקה אנרגיה רד בול 250 מ""ל",מיליליטרים,250.00,"100 מ""ל",false,1,8.90,3.5600,true,1,42148
90162800,false,רד בול משקה אנרגיה ללא סוכר פקדון 30 אג,רד בול ג'י.אם.בי. אץ,AT,רד בול,מיליליטרים,250.00,"100 מ""ל",false,1,8.90,3.5600,true,1,42149
90446269,false,"משקה רד בול אבטיח מוגז פחית 250 מ""ל",ראון פרוכטסאפה,AT,רד בול אבטיח - משקה אנרגיה פונקציונאלי,מיליליטרים,250.00,"100 מ""ל",false,1,8.90,3.5600,true,1,130964
90448867,false,"משקה אנרגיה רד בול ללא פחמימות 250 מ""ל",רד בול,AT,"רד בול ללא פחמימות 250 מ""ל",מיליליטרים,250.00,"100 מ""ל",false,1,8.90,3.5600,true,1,133377
8421367412,false,בובת TY עיניים גדולו,TY,,בובת TY עיניים גדולות פינגווין כחול,לא מנהל יחידת מידה,0.00,לא מנהל יחידת מידה,false,1,29.90,0.0000,true,1,104292
9800800056,false,חטיף שוקולד עם מקלות לחם אנד גו,פררו - אלבה,DE,נוטלה גו בייגלה מלוח,גרמים,52.00,100 גרם,false,1,8.90,17.1154,true,1,112351
11210000094,false,"רוטב ""טבסקו"" על בסיס פלפל אדום 60 מ""ל",מקאילהייני אייבורי,,"רוטב טבסקו 60 מ""ל",מיליליטרים,60.00,"100 מ""ל",false,1,14.90,24.8333,true,1,117
11210007253,false,"רוטב ""טבסקו"" על בסיס פלפל אדום ושום 60 מ""ל",מקאילהייני אייבורי,,"רוטב טבסקו שום ופלפל 60 מ""ל",מיליליטרים,60.00,"100 מ""ל",false,1,12.90,21.5000,true,1,118
11210009387,false,"רוטב ""טבסקו"" על בסיס פלפל ירוק חריף 60 מ""ל",מקאילהייני אייבורי,,"רוטב טבסקו פלפל ירוק 60 מ""ל",מיליליטרים,60.00,"100 מ""ל",false,1,12.90,21.5000,true,1,119
16000281684,false,חטיפי גרנולה קראנצ'י עם פקאן נייצ'ר ואלי 5*42 גרם,ליימן מותגים,,חטיפי גרנולה קראנצי פקאן 210 גרם,גרמים,210.00,100 גרם,false,1,14.90,7.0952,true,1,48645
16000423534,false,חטיפי גרנולה קראנצ'י עם שיבולת שועל ושוקולד מריר נייצ'ר ואלי 5*42 גרם,ג'נרל מילס סאן אדריאן,ES,חטיפי גרנולה קראנצי שיבולת שועל מריר 210,גרמים,210.00,100 גרם,false,1,14.90,7.0952,true,1,76455
16000507777,false,נייטשר ואלי חטיף קראנצ'י שוקולד,ג'נרל מילס,,קראנצי שיבולת שועל שוקולד מריר 42 גרם,גרמים,42.00,100 גרם,false,1,5.90,14.0476,true,1,88374
16000548404,false,חטיפי גרנולה קראנצ'י עם שיבולת שועל ודבש נייצ'ר ואלי 5*42 גרם,ג'נרל מילס סאן אדריאן,ES,"נייטשר וואלי, קראנצ'י שיבולת שועל עם דבש",גרמים,210.00,100 גרם,false,1,14.90,7.0952,true,1,803
16000548497,false,קראנצי שיבולת שועל ודבש בודד 42גר,ג'נרל מילס,,"קראנצ""י שיבולת שועל ודבש בודד 42 גרם",גרמים,42.00,100 גרם,false,1,5.90,14.0476,true,1,21015
16000548503,false,חטיפי גרנולה קראנצ'י עם מייפל וסוכר חום נייצ'ר ואלי 5*42 גרם,ג'נרל מילס סאן אדריאן,ES,חטיפי גרנולה קראנצי מייפל וסוכר חום 210,גרמים,210.00,100 גרם,false,1,14.90,7.0952,true,1,804
16000548596,false,קראנצי מייפל וסוכר חום בודד 42גר,ג'נרל מילס,,"קראנצ""י מייפל סוכר חום בודד 42 גרם",גרמים,42.00,100 גרם,false,1,5.90,14.0476,true,1,21016
16000548909,false,חטיפי גרנולה קראנצ'י במגוון טעמים נייצ'ר ואלי 5*42 גרם,ג'נרל מילס סאן אדריאן,ES,חטיפי גרנולה קראנצי מגוון טעמים 210 גרם,גרמים,210.00,100 גרם,false,1,14.90,7.0952,true,1,806
18000701223,false,"פילסברי, עוגה בטעם שוקולד, תערובת להכנת עוגה בטעם שוקולד. 500 גרם",הדקלאים אגודת שיתופי,IL,תערובת להכנת עוגת שוקולד פילסברי 500 גרם,גרמים,500.00,100 גרם,false,1,20.00,4.0000,true,1,920
22200956932,false,דאודורנט ספיד סטיק גל 24/7 כחול 85 גר,הנסיך- מפעל לייצור ט,US,דאודורנט 24/7 ג'ל כחול ספיד סטיק,מיליליטרים,85.00,"100 מ""ל",false,1,26.90,31.6471,true,1,1612
30000315958,false,קוואקר פרוטאין בננה אגוזים 366 גרם,קוואקר אוטס קומפני,US,קוואקר פרוטאין בננה אגוזים 366 גרם,גרמים,366.00,100 גרם,false,1,29.90,8.1694,true,1,124107
30000315989,false,קוואקר פרוטאין חמוציות ושקדים 372 גרם,קוואקר אוטס קומפני,US,קוואקר פרוטאין חמוציות ושקדים 372 גרם,גרמים,372.00,100 גרם,false,1,26.90,7.2312,true,1,124108
30100487197,false,קיבלר סנדוויץ קרקר גבינה וצדר 39 גרם,"מאכלי עולם ר.ז. בע""מ",,קיבלר קרקר גבינת צדר לבן 39 גרם,גרמים,39.00,100 גרם,false,1,5.50,14.1026,true,1,101205
30100545101,false,קיבלר סנדוויץ קרקר קלאב צדר 39 גרם,"מאכלי עולם ר.ז. בע""מ",,קיבלר קרקר קלאב צדר כתום 39 גרם,גרמים,39.00,100 גרם,false,1,5.50,14.1026,true,1,98694
36000183399,false,"ליטל סווימרס בגד-ים חד פעמי 7-15 ק""ג M האגיס",חוגלה קימברלי,,חיתולי האגיס שחיה מידה S/M,לא מנהל יחידת מידה,0.00,לא מנהל יחידת מידה,false,1,45.90,0.0000,true,1,3432
36000516876,false,ממחטות נייר קלינקס לושן 3 שכבות 75 דף,חוגלה קימברלי,GB,קלינקס לושן 75 - 3 שכבות,יחידה,27.00,יחידה,false,1,13.90,0.5148,true,1,126428
37600207188,false,חמאת בוטנים קלאסי סקיפי 462 גרם,חברת המזון אלגוד,US,חמאת בוטנים סקיפי קלאסי 462 גרם,גרמים,462.00,100 גרם,false,1,21.90,4.7403,true,1,100735
37600297943,false,מטבל סלסה חריף- צ'י צ'י 439 גר,מותגים,US,439גרם CHI-CHISמטבל סלסה חריף,גרמים,439.00,100 גרם,false,1,18.90,4.3052,true,1,134501
37600297967,false,מטבל סלסה בחריפות עדינה צי צי 439 גר,מותגים,US,CHI-CHIS מטבל סלסה בחריפות עדינה 439 גרם,גרמים,439.00,100 גרם,false,1,18.90,4.3052,true,1,134500
38000183690,true,פרינגלס ברביקיו מידי,פרינגלס מניופקצ'ורינ,US,פרינגלס ברביקיו מידי חלבי 74 גרם,גרמים,74.00,100 גרם,false,1,6.90,9.3243,true,1,121282
38000232152,false,פרינגלס חטיפי תפוח אדמה בטעם ברביקיו 158 גרם,פרינגלס מנופקצ'ורינג קומ,US,פרינגלס ברביקיו 158גרם,גרמים,158.00,100 גרם,false,1,13.90,8.7975,true,1,126766
38000232169,false,פרינגלס מידי אורגינל 67 גרם.,פרינגלס מנופקצ'ורינג קונ,US,פרינגלס מידי אורגינל 67גרם,גרמים,67.00,100 גרם,false,1,6.90,10.2985,true,1,126767
38000232176,false,פרינגלס ביג שמנת בצל 158 גרם,פרינגלס מנופקצ'ורינג קונ,US,פרינגלס שמנת בצל 158גרם,גרמים,158.00,100 גרם,false,1,13.90,8.7975,true,1,126765
38000232183,false,פרינגלס ביג אורגינל 149 גרם,פרינגלס מנופקצ'ורינג קונ,US,פרינגלס אורגינל 149 גרם,גרמים,149.00,100 גרם,false,1,13.90,9.3289,true,1,126764
38000845253,false,חטיף צ'יפס פרינגלס מידי שמנת בצל 71 גרם,פרינגלס מנופקצ'ורינג קונ,US,פרינגלס מידי שמנת בצל 71 גרם,גרמים,71.00,100 גרם,false,1,6.90,9.7183,true,1,121280
38527591053,false,קואקר דגנים מרובעים שיבולת שועל וקינמון,קוואקר אוטס קומפני,,דגני קוואקר מרובעים קינמון 411 גרם,גרמים,411.00,100 גרם,false,1,23.90,5.8151,true,1,81941
38527591060,false,דגני קוואקר מרובעים Quaker Squares עם סוכר חום,קוואקר אוטס קומפני,,דגני קוואקר מרובעים סוכר חום 411 גרם,גרמים,411.00,100 גרם,false,1,23.90,5.8151,true,1,82554
40000514480,false,M&M אריזה קטנה's שוקולד אריזה קטנה 48 גרם,M&M אם אנד אם,,סוכריות M&M בטעם שוקולד 48 גרם,גרמים,48.00,100 גרם,false,1,5.90,12.2917,true,1,112276
40000514510,false,M&M אריזה קטנה's בוטנים אריזה קטנה 49 גרם,M&M אם אנד אם,,סוכריות שוקולד M&M בוטנים 49 גרם,גרמים,49.00,100 גרם,false,1,5.90,12.0408,true,1,112010
44600320717,false,פחם קינגספורד אטרגינ,כלורוקס אוקלנד,US,"פחם קינגספורד אורגינל 3.6 ק""ג",קילוגרמים,3.60,"ק""ג",false,1,49.90,13.8611,true,1,133202
46214731552,false,עוגיות שוקולד צ'יפס 37% גודיס 225 גרם,קריניציה ויטמינה אס,NL,מרבה עוגיות עם 37% שוקולד צ'יפס 225 גרם,גרמים,225.00,100 גרם,false,1,12.90,5.7333,true,1,4797
50000015474,false,"מזון חתולים פריסקיז מעדני הים 1.43 ק""ג",פריסקיז,US,פריסקיז דגים 1.42 קג,קילוגרמים,1.42,"ק""ג",false,1,35.90,25.2817,true,1,133661
50000084500,false,מזון יבש לחתול בטעם נתחי ברביקיו פריסקיז Friskies,נסטלה פורינה USA מק,US,פריסקיז מעדני השף 1.42 קג,קילוגרמים,1.42,"ק""ג",false,1,35.90,25.2817,true,1,133662
50000100347,false,"פריסקיז - מעדני החתול מועשר בחלב 1.40 ק""ג",נסטלה פורינה USA מק,US,פריסקיז מעדני החתול מועשר בחלב 1.4קג,קילוגרמים,1.40,"ק""ג",false,1,35.90,25.6429,true,1,133663
50000168583,false,"מזון חתולים פריסקיז אקסטרא קראנץ 1.43 ק""ג","פורינה ארה""\ב",US,פריסקיז אקסטרא קראנץ 1.47 קג,קילוגרמים,1.47,"ק""ג",false,1,35.90,24.4218,true,1,130710
50000225224,false,מזול חתולים פריסקיז פילה הודו ברוטב 156 גרם,נסטלה פורינה USA קר,US,פריסקיז פריים פילה הודו ברוטב 156 גר,גרמים,156.00,100 גרם,false,1,5.90,3.7821,true,1,133671
50000429042,false,מזון חתולים כבד מעודן ועוף פנסי פיסט 85 גרם,נסטלה פורינה USA ג',US,מזון חתולים כבד מעודן ועוף פנסי פיסט 85,גרמים,85.00,100 גרם,false,1,5.90,6.9412,true,1,58152
50000429646,false,פריסקיז פנסי פיסט לח דג אוקיאנוס 85 גרם,נסטלה פורינה USA ג',US,מזון חתולים לח דגים פנסי פיסט 85 גרם,גרמים,85.00,100 גרם,false,1,5.90,6.9412,true,1,5207
50000445691,false,מזול חתולים פריסקיז עוף וסלמון ברוטב 156 גרם,נסטלה פורינה USA קר,US,פריסקיז חתולים נתחי עוף וסלמון ברוטב,גרמים,156.00,100 גרם,false,1,5.90,3.7821,true,1,133665
50000503896,false,פנסי פיסט גרילד סלמון,פורינה,US,פנסי פיסט גרילד סלמון,גרמים,85.00,100 גרם,false,1,5.90,6.9412,true,1,134104
50000574988,true,פנסי פיסט חתלתולים,פורינה,US,פנסי פיסט חתלתולים,גרמים,85.00,100 גרם,false,1,5.90,6.9412,true,1,134101
50000578450,true,פנסי פיסט עוף ברוטב,פורינה,US,פנסי פיסט עוף ברוטב עשיר,גרמים,85.00,100 גרם,false,1,5.90,6.9412,true,1,131086
64144090020,false,"ספריי שמן PAM בטעם שמן זית 141 מ""ל",קונאגרה פודס,,"PAM תרסיס שמן זית 148 מ""ל",מיליליטרים,148.00,"100 מ""ל",false,1,19.50,13.1757,true,1,84372
64144090051,false,"ספריי שמן PAM קנולה אורגינל 148 מ""ל",קונאגרה פודס,,"PAM תרסיס שמן קנולה 148 מ""ל",מיליליטרים,148.00,"100 מ""ל",false,1,19.50,13.1757,true,1,103757
71570009762,false,ג'לי בלי 70 גרם בטעם מיקס טרופי,ג'לי בלי קינדי,TH,גלי בלי בטעם מיקס טרופי 70 גרם,גרמים,70.00,100 גרם,false,1,16.90,24.1429,true,1,133872
71570010089,false,גלי בלי בטעם ליקוריץ,ג'לי בלי קינדי,US,גלי בלי בטעם ליקוריץ 70 גרם,גרמים,70.00,100 גרם,false,1,16.90,24.1429,true,1,133882
71570014025,false,גלי בלי בטעמים שונים,ג'לי בלי קינדי,US,גלי בלי בטעמים שונים בסגנון אמריקאי 70 גרם,גרמים,70.00,100 גרם,false,1,16.90,24.1429,true,1,133883
74299018060,true,הוט ויילס חמישיה,,,הוט ויילס חמישיה,יחידה,1.00,יחידה,false,1,59.90,59.9000,true,1,85153
74570004003,false,גלידה בטעם וניל 473 ג' האגן דאז,האגן-דאז,,"גלידת שמנת משובחת וניל 473 מ""ל",מיליליטרים,473.00,"100 מ""ל",false,1,36.60,7.7378,true,1,9284
74570024001,false,גלידה בטעם תות שדה 473 ג' האגן דאז,האגן-דאז,,"גלידת שמנת תות שדה 473 מ""ל",מיליליטרים,473.00,"100 מ""ל",false,1,36.60,7.7378,true,1,9285
74570174003,false,גלידה בטעם אגוזי מקדמיה 473 ג' האגן דאז,האגן-דאז,,"גלידת שמנת אגוזי מקדמיה 473 מ""ל",מיליליטרים,473.00,"100 מ""ל",false,1,36.60,7.7378,true,1,9287
74570274000,false,גלידה בטעם קרם עוגיות 473 ג' האגן דאז,האגן-דאז,,"גלידת שמנת עוגיות 473 מ""ל",מיליליטרים,473.00,"100 מ""ל",false,1,36.60,7.7378,true,1,9288
74570610051,false,גלידה בטעם שוקולד בלגי 473 ג' האגן דאז,האגן-דאז,,"גלידת שמנת שוקלד בלגי 473 מ""ל",מיליליטרים,473.00,"100 מ""ל",false,1,36.60,7.7378,true,1,9289
76840001767,false,"גלידה בן &ג'ריס וניל עוגיות חמאת בוטנים 500 מ""ל",מוצרי איכות אמריקאיים בע,IL,"גלידה בן&גרי wake & no bake core 500 מ""ל",גרמים,500.00,100 גרם,false,1,29.90,5.9800,true,1,127244
76840001774,false,"גלידה עוגיות חלב עם חתיכות פאדג בן וג'ירי 500 מ""ל",מוצרי איכות אמריקאיים בע,IL,"גלידה בן&גרי שוקולד צפס קור 500מ""ל",גרמים,500.00,100 גרם,false,1,29.90,5.9800,true,1,127243
76840002351,false,גלידה גימי סמור עם מרשמלו קלוי פירורי שוקולד בן וג'ירי 428 ג',מוצרי איכות אמריקאיי,IL,"פיינט בן &גרי 500 מ""לGimme smore",מיליליטרים,500.00,"100 מ""ל",false,1,29.90,5.9800,true,1,131240
76840002542,false,"גלידת בן & ג'ריס פיינט נטפליקס וצ'ילד 500מ""ל",מוצרי איכות אמריקאיים בע,IL,פיינט נטפליקס וצילד,גרמים,500.00,100 גרם,false,1,29.90,5.9800,true,1,127789
76840100125,false,"גלידה בן&ג'ריס צ'אבי וניל פאדג' 550מ""ל",מוצרי איכות אמריקאיים בע,,"גלידה פיינט צאבי האבי 500 מ""ל",מיליליטרים,500.00,"100 מ""ל",false,1,29.90,5.9800,true,1,73711
76840100156,false,"בן אנד גריס גלידת צרי גרסיה 500 מ""ל",מוצרי איכות אמריקאיים בע,,"גלידה צרי גרסיה 500 מ""ל",מיליליטרים,500.00,"100 מ""ל",false,1,29.90,5.9800,true,1,103130
76840100583,false,"גלידת וניל עם בצק עוגיות בן וג'ירי 473 מ""ל",מוצרי איכות אמריקאיים בע,,"גלידה בצק עוגיות 473 מ""ל",מיליליטרים,473.00,"100 מ""ל",false,1,29.90,6.3214,true,1,68903
76840100811,false,בן&גריס פיינט שמנת בטעם ח.בוטנים עם בוטנ,מוצרי איכות אמריקאיים בע,,"גלידה חמאת בוטנים 473 מ""ל",מיליליטרים,473.00,"100 מ""ל",false,1,29.90,6.3214,true,1,90044
76840100989,false,גלידת שוקולד עם מרשמלו קרמל וחתיכות פאדג',מוצרי איכות אמריקאיים בע,IL,גלידת שוקולד עם מרשמלו קרמל וחתיכות פאדג,מיליליטרים,473.00,"100 מ""ל",false,1,29.90,6.3214,true,1,64202
76840102051,false,גלידה בן&ג'ריס פיינט עוגת קינמון 500 גר',מוצרי איכות אמריקאיים בע,,בן וגרי עוגת קינמון,מיליליטרים,473.00,"100 מ""ל",false,1,29.90,6.3214,true,1,56204
76840400027,false,"גלידה בטעם שוקולד כשל""פ",מוצרי איכות אמריקאיים בע,,"גלידה שוקולד 500 מ""ל",מיליליטרים,500.00,"100 מ""ל",false,1,29.90,5.9800,true,1,9345
76840400218,false,"גלידה בן&ג'ריס תות שדה ועוגת גבינה 500מ""ל",מוצרי איכות אמריקאיים בע,,"גלידה עוגת גבינה ותות שדה 473 מ""ל",מיליליטרים,473.00,"100 מ""ל",false,1,29.90,6.3214,true,1,96690
76840620036,false,גלידת בן אנד ג'ריס בטעם שוקולד בראויס,מוצרי איכות אמריקאיים בע,,גלידה שוקולד ציפס ובראוניס עם בצק 500 מל,גרמים,500.00,100 גרם,false,1,29.90,5.9800,true,1,116194
77245110610,false,סוכריות מאסט ללא סוכר בטעם מנטה 80 ג'עלית,MIESZKO S.A - MS. JO,,סוכריות מאסט מנטה ללא סוכר 80 גרם,גרמים,80.00,100 גרם,false,1,11.90,14.8750,true,1,14248
77343000233,false,נרות חימום אורה 50 יחי',"מנורה שי נר בע""מ",IL,נרות חימום אורה 50,יחידה,1.00,יחידה,false,1,11.90,11.9000,true,1,111748
77975036976,false,מטבל עגבניות בחריפות עדינה סניידרס 439 ג',סניידרס אוף האנובר,,מטבל עגבניות בחריפות מעודנת 439 גרם,גרמים,439.00,100 גרם,false,1,18.90,4.3052,true,1,113763
77975091975,false,סניידרס סנדוויץ' בייגלה במילוי קרם בטעם פיצה 226 גר',סניידרס,US,סניידרס סנדוויץ בייגלה במילוי קרם בטעם,יחידה,1.00,יחידה,false,1,19.90,19.9000,true,1,125847
77975094624,false,"סניידרס סנדוויץ בייגלה במילוי חמאת בוטנים , 226 ג'",סניידרס Snyder's,US,שברי בייגלה סניידרס חמאת בוטנים 283 גרם,גרמים,284.00,100 גרם,false,1,19.90,7.0070,true,1,128584
77975094631,false,סניידרס סנדוויץ' בייגלה במילוי קרם בטעם צ'דר 226 גרם,סניידרס לאנס,,"בייגלה סניידרס סנדביץ גבינה צ""דר 226 גרם",גרמים,226.00,100 גרם,false,1,19.90,8.8053,true,1,128583
77975094761,false,סניידרס חטיפים על בסיס קמח חיטה בטעם גבינת צ'דר,סניידרס אוף האנובר,US,סניידרס בטעם צדר 340 גרם,גרמים,340.00,100 גרם,false,1,19.90,5.8529,true,1,130626
77975094778,false,שברי בייגלה סניידרס בטעם דבש חרדל 340 גר,סניידרס אוף האנובר,US,סניידרס דבש חרדל ובצל 340 גרם,גרמים,340.00,100 גרם,false,1,19.90,5.8529,true,1,130950
77975095133,false,שברי בייגלה בטעם פיקנטי 318 ג' סניידרס,סניידרס Snyder's,US,סניידרס שברי בייגלה בטעם פיקנטי 319 גרם,גרמים,319.00,100 גרם,false,1,19.90,6.2382,true,1,134702
80432402931,false,"וויסקי סקוטי, שיבאס ריגאל 12 שנה, 700 מ''ל",מזקקת האחים שיבאס,GB,"וויסקי סקוטי, שיבאס ריגאל 12 שנה, 700 מ''ל",מיליליטרים,700.00,"100 מ""ל",false,1,169.90,24.2714,true,1,101474
80480280048,false,"וודקה גריי גוס 40% 200מ""ל",בקרדי מרטיני,FR,"וודקה גריי גוס 200 מ""ל",מיליליטרים,200.00,"100 מ""ל",false,1,64.90,32.4500,true,1,119596
80518532743,false,חבילת בלונים (50 יח') פסטל בסטרים,NORTHERN,,שקית בלון 50 בלונים,מיליליטרים,0.00,"100 מ""ל",false,1,16.00,0.0000,true,1,9830
85696608044,false,טופו ללא גלוטן 349ג' (כ) Morinaga,Morinaga nutritional,US,טופו ללא גלוטן מרינו 340 גרם,גרמים,340.00,100 גרם,false,1,15.70,4.6176,true,1,101694
613008742348,false,בקבוק אריזונה ג'נסינג ודבש 1 ליטר,"נטורלה גטרנק בע""\מn\",DE,אריזונה גנסנג ודבש בקבוק 1 ליטר,ליטרים,1.00,ליטר,false,1,14.90,14.9000,true,1,127982
613008742409,false,בקבוק אריזונה אפרסק 1 ליטר,"נטורלה גטרנק בע""\מn\",DE,אריזונה אפרסק בקבוק 1 ליטר,ליטרים,1.00,ליטר,false,1,14.90,14.9000,true,1,127981
613008753290,false,"בקבוק אריזונה אפרסק 450 מ""ל",אריזונה Arizona,BG,אריזונה אפרסק 450 מל,מיליליטרים,450.00,"100 מ""ל",false,1,10.90,2.4222,true,1,123168
613008753320,false,"אריזונה ג'ינסנג ודבש בקבוק 450 מ""ל.",לני אנד לארי,BG,אריזונה גינסנג ודבש 450 מל,מיליליטרים,450.00,"100 מ""ל",false,1,10.90,2.4222,true,1,123169
613008753382,false,"בקבוק אריזונה אוכמניות 450 מ""ל",לני אנד לארי,BG,אריזונה אוכמניות 450 מל,מיליליטרים,450.00,"100 מ""ל",false,1,10.90,2.4222,true,1,123167
638102201010,false,חטיף על בסיס חלבון סויה שוקולד וחמאת בוטנים,"אבוט נוטרישן, מעבדות",US,חטיף זון קלאסיק שוקולד חמאת בוטנים,גרמים,50.00,100 גרם,false,1,13.90,27.8000,true,1,124422
638102203090,false,חטיף על בסיס חלבון סויה פאדג' גרהם,"אבוט נוטרישן, מעבדות",US,זון פאדג,Unknown,0.00,Unknown,false,1,13.90,0.0000,true,1,24681
638102532817,false,חטיף על בסיס חלבון סויה עם שוקולד מריר,"אבוט נוטרישן, מעבדות",US,חטיף זון דאבל שוקולד,גרמים,50.00,100 גרם,false,1,13.90,27.8000,true,1,122422
649870166098,false,נייטיב עוף ברוטב חתול 85 גר,נייטיב,TH,נייטיב עוף ברוטב לחתול 85 גרם,גרמים,85.00,100 גרם,false,1,4.90,5.7647,true,1,134233
649870166128,false,נייטיב סלמון ברוטבלחתול 85 גר,נייטיב,TH,נייטיב סלמון ברוטב לחתול 85 גרם,גרמים,85.00,100 גרם,false,1,4.90,5.7647,true,1,134236
651080647519,false,קיסמים עם חוט דנטלי פלאקרס מנטה 35 יחידות,"פלקרס רנור ארה""ב",US,פלאקרס פלוסר חוט דנטלי ירוק -מנטה,יחידה,1.00,יחידה,false,1,12.90,12.9000,true,1,114668
686412282984,false,נתחי טונה לבנה בשמן זית 220 גרם ORTIZ,אורטיז ORTIZ,ES,טונה לבנה בשמן זית (צנצנת)220 גרם ORTIZ,גרמים,220.00,100 גרם,false,1,46.90,21.3182,true,1,128708
693493010788,false,"נאצוס חטיף טורטיה ע""ב תירס ברביקיו 200 ג",או. קיי סניקס,DK,נאצוס בטעם ברביקיו 200 גרם,גרמים,200.00,100 גרם,false,1,16.90,8.4500,true,1,133878
693493010818,false,"נאצוס - חטיף טורטיה ע""ב תירס בטע 200 גר",או. קיי סניקס,DK,נאצוס בטעם טבעי 200 גרם,גרמים,200.00,100 גרם,false,1,16.90,8.4500,true,1,133879
693493150781,false,ערק ערנבים בטעם אננס,אליס בראנפמן,IL,ערק ערנבים בטעם אננס 700 מל,מיליליטרים,700.00,"100 מ""ל",false,1,79.90,11.4143,true,1,133780
721733000739,false,פטרון סילבר טקילה מארז TIN 2016) ) 700,פטרון דיסטרליס,MX,טקילה פטרון סילבר 700 מל,מיליליטרים,700.00,"100 מ""ל",false,1,179.90,25.7000,true,1,128932
728229123590,false,טרה אורגינל חטיף על בסיס ירקות שורש בטעם טבעי 110 גרם,הונדורס צ'יפס יצור א,HN,טרה חטיף על בסיס ירקות שורש בטעם טבעי 110 גרם,גרמים,110.00,100 גרם,false,1,18.90,17.1818,true,1,36817
728229123613,false,טרה חטיף על בסיס תפוח אדמה כחול בטעם טבעי 110 גרם,היין סלסטיאל גרופ,US,טרה חטיף על בסיס תפוח אדמה כחול בטעם טבעי 110 גרם,גרמים,110.00,100 גרם,false,1,18.90,17.1818,true,1,36818
728229123811,false,טרה חטיף על בסיס ירקות שורש בתיבול ים תיכוני 110 גרם,הונדורס צ'יפס יצור א,HN,טרה ירקות ים תיכוני 110 גרם,גרמים,110.00,100 גרם,false,1,18.90,17.1818,true,1,36819
728229130154,false,טרה חטיף על בסיס בטטה וסלק בטעם טבעי 110 גרם,הונדורס צ'יפס יצור א,HN,טרה חטיף על בסיס בטטה וסלק בטעם טבעי 110 גרם,גרמים,110.00,100 גרם,false,1,18.90,17.1818,true,1,62407
728229130444,false,"חטיף על בסיס ירקות שורש עם בטטה, תפו""א כחול וסלק",היין סלסטיאל גרופ,US,טרה ירק תפוא כחול סלק 110 גרם,גרמים,110.00,100 גרם,false,1,18.90,17.1818,true,1,69767
753182231761,false,"משקה אנרגיה BLU ללא תוספת סוכר 250 מ""ל",אקווה ויט,PL,בלו משקה אנרגיה מוגז 250 מל,מיליליטרים,250.00,"100 מ""ל",false,1,8.90,3.5600,true,1,69149
768404001640,false,"גלידה בן&ג'ריס קפה משפחתית 500מ""ל",מוצרי איכות אמריקאיים בע,,"פיינט בטעם קפה בן אנד גרי 500 מ""ל",מיליליטרים,500.00,"100 מ""ל",false,1,29.90,5.9800,true,1,58891
812319014308,false,לה מורנה דובדבן וניל,,DO,לה מורנה דובדבן וניל 5 יחידות,יחידה,5.00,יחידה,false,5,36.90,7.3800,false,1,133614
835811005513,false,"הנמל כללי כוסות לוויסקי, 10 יח'",,,כוסות ויסקי 10 יח,לא מנהל יחידת מידה,0.00,לא מנהל יחידת מידה,false,1,10.90,0.0000,true,1,105531
835811005957,false,מגש הכסף תבנית אלומ` 90 + מכסה 8 יח`,יבוא ושיווק: הנמל אר,IL,"הנמל תבנית אלומניום מלבנית, 8 יחידות",לא מנהל יחידת מידה,0.00,לא מנהל יחידת מידה,false,1,14.90,0.0000,true,1,88309
835811005964,false,"הנמל תבניות אלומיניום מוארכת מארז, 20 יח'",ווינפאק,,תבנית אלומיניום אינגליש 20 יחידות,לא מנהל יחידת מידה,0.00,לא מנהל יחידת מידה,false,1,14.00,0.0000,true,1,87956
835811006060,false,"כוסות אספרסו קטנות 75 מ""ל",הנמל,,כוסות נייר אספרסו 50 יח,Unknown,0.00,Unknown,false,1,7.90,0.0000,true,1,87131
835811009030,false,כפיות 100 יח לבן חדש,,,כפיות לבן 100 יח,Unknown,0.00,Unknown,false,1,13.90,0.0000,true,1,96983
839762000641,false,משקה איילנד מנגו נקטר 1 ל',"פאראגאלה,דה אג'יפשן",EG,איילנד מנגו 1 ליטר,ליטרים,1.00,ליטר,false,1,16.90,16.9000,true,1,21076
839762000658,false,איילנד גויאבה המשקה של חופי סיני 1 ליטר,The Egyptian Co. for,EG,איילנד גויאבה המשקה של חופי סיני 1 ליטר,ליטרים,1.00,ליטר,false,1,16.90,16.9000,true,1,20560
839762002379,false,משקה נקטר מנגו איילנד 350מל,"פאראגאלה,דה אג'יפשן",EG,"איילנד מנגו 350 מ""ל",מיליליטרים,350.00,"100 מ""ל",false,1,8.90,2.5429,true,1,68447
839762002386,false,נקטר איילנד גויאבה 3,"פאראגאלה,דה אג'יפשן",EG,"איילנד גויאבה 350 מ""ל",מיליליטרים,350.00,"100 מ""ל",false,1,8.90,2.5429,true,1,68448
842387000736,false,מטען רכב לגלקסי פרמי,Unknown,,מטען רכב לגלקסי פרמיום 2A,יחידה,1.00,יחידה,false,1,39.90,39.9000,true,1,125912
842426146005,false,ליטל אנד ויילד וניל,,DO,ליטל אנד ויילד וניל 5 יחידות,יחידה,5.00,יחידה,false,5,36.90,7.3800,false,1,133621
856591000062,false,עוגיות מזרחיות עם מלח עבאדי 400 גרם,מאפיית יוסף ושמחה עבאדי,IL,מזרח. מלח 400ג 856591000062,גרמים,400.00,100 גרם,false,1,21.90,5.4750,true,1,22258
856591000109,false,עוגיות מזרחיות פריך במיוחד עבאדי 400 גרם,מאפיית יוסף ושמחה עבאדי,IL,עבאדי עוגיות מזרחיות פריך במיוחד 400 גרם,גרמים,400.00,100 גרם,false,1,21.90,5.4750,true,1,66925
856591000574,false,מיני נשנוש עבאדי טעם טבעי 40 גר,מאפיית יוסף ושמחה עב,IL,מיני נשנוש בטעם טבעי 40 גרם,גרמים,40.00,100 גרם,false,1,3.90,9.7500,true,1,108639
888849008100,false,משקה חלבון קווסט בטע,קווסט נטרישן,US,משקה חלבון קווסט בטעם שוקולד 330מל,מיליליטרים,330.00,"100 מ""ל",false,1,19.90,6.0303,true,1,132242
888849010103,false,משקה חלבון קווסט בטע,קווסט נטרישן,US,משקה חלבון קווסט בטעם קרמל מלוח 330מל,מיליליטרים,330.00,"100 מ""ל",false,1,19.90,6.0303,true,1,132244
1000201100409,false,6 גומיות שחורות בבלי,אימפופיקס,,מארז 6 גומיות שחורות בבליסטר,יחידה,1.00,יחידה,false,1,9.90,9.9000,true,1,88021
3013201300029,false,מחממי אוזניים שחור,IMPOFIX,,מחממי אוזניים שחור,יחידה,1.00,יחידה,false,1,8.90,8.9000,true,1,93110
3014260214692,false,"ג'ל גילוח ג'ילט סירייס לעור רגיש 200 מ""ל",דיפלומט מפיצים (1986) בע`מ,GB,גל גילוח גילט סירייס לעור רגיש ירוק 200,מיליליטרים,20000.00,"100 מ""ל",false,1,15.90,0.0795,true,1,38346
3045140280902,false,שוק.מילקה אגוז/צימוק100ג,מנדלז דויצ'\לנד סנקס פרו,DE,מילקה צימוק אגוז 100 גר,גרמים,100.00,100 גרם,false,1,7.90,7.9000,true,1,2737
3046920010801,false,שוקולד מריר אקסלנס עם אגוזי לוז,לינדט ושפרונגלי קילשברג,FR,שוקולד לינדט אקסלנס הזלנט 100 גרם,גרמים,100.00,100 גרם,false,1,19.90,19.9000,true,1,114367
3046920027281,false,שוקולד מריר אקסלנס במילוי קרמל ומלח ים,לינדט ושפרונגלי קילשברג,FR,שוקולד לינדט אקסלנס קרמלסולט 100 גרם,גרמים,100.00,100 גרם,false,1,19.90,19.9000,true,1,133941
3046920028004,false,לינדט שוקולד אקסלנס מריר 70% 100 גר,לינדט ושפרונגלי קילשברג,FR,לינדט אקסלנס 70% שוקולד מריר 100 גר,גרמים,100.00,100 גרם,false,1,19.90,19.9000,true,1,2741
3046920028363,false,לינדט אקסלנס 85% מוצקי קקאו 100 גרם,לינדט ושפרונגלי קילשברג,FR,שוקולד לינדט אקסלנס 85% 100 גרם,גרמים,100.00,100 גרם,false,1,19.90,19.9000,true,1,24795
3046920029674,false,אקסלנס עם שבבי מלח לינדט (100 גרם),לינדט ושפרונגלי קילשברג,DE,לינדט אקסלנס שוקולד מריר עם נגיעות מלח ים 100 גרם,גרמים,100.00,100 גרם,false,1,19.90,19.9000,true,1,58869
3120581456267,false,"שבלי מ.דה ליני לבן יבש 750 מ""ל",מ.דה ליני,FR,"יין שבלי מ.דה ליני לבן יבש 750 מ""ל",מיליליטרים,750.00,"100 מ""ל",false,1,99.90,13.3200,true,1,128934
3179730011024,false,פרייה מים מינרלים מבעבעים טבעיים,נסטלה ווטרס ספלאי,FR,פרייה מים מינרלים מבעבעים טבעיים 330 מל,מיליליטרים,330.00,"100 מ""ל",false,1,8.90,2.6970,true,1,69422
3387390525960,false,קראנץ' דגני בוקר עם שוקולד חלב נסטלה 500 גרם,קבוצת אוסם סחר שותפות מוגבלת,FR,דגני קראנץ נסטלה 500 גרם,גרמים,500.00,100 גרם,false,1,27.90,5.5800,true,1,50545
3415581114126,false,גלידה האגן דאז קרמל מלוח 430 גרם,האגן-דאז,FR,"גלידת שמנת קרמל מתוק מלוח 500 מ""ל",מיליליטרים,500.00,"100 מ""ל",false,1,36.60,7.3200,true,1,96370
3415581187113,false,גלידה בטעם וניל בראוניס 473 ג' האגן דאז,האגן-דאז,FR,"גלידת שמנת קרמל בראוניס 473 מ""ל",מיליליטרים,473.00,"100 מ""ל",false,1,36.60,7.7378,true,1,3209
3574660026788,true,גונסונס בייבי טלק 20,CILAG GMBH INTERNATI,IT,גונסונס בייבי טלק 200 גרם חדש,Unknown,0.00,Unknown,false,1,20.90,0.0000,true,1,123593
3574660089547,false,טמפונים נורמל קלאסי אובה 32 יחידות,ג'\ונסון אנד ג'\ונסון,GR,אובה טמפונים ללא מוליך נורמל 32 יח',יחידה,1.00,יחידה,false,1,32.90,32.9000,true,1,43078
3574660115154,false,או-בה טמפונים קלאסי סופר 32יח',ג'\ונסון אנד ג'\ונסון,GR,אובה טמפונים ללא מוליך סופר 32 יח',יחידה,1.00,יחידה,false,1,32.90,32.9000,true,1,43080
3574660333466,false,טמפונים מיני פרו קומפורט אובה 32 יחידות,הנסיך- מפעל לייצור ט,DE,אובה מיני טמפונים ללא מוליך 32 יחידות,ליטרים,0.00,ליטר,false,1,32.90,0.0000,true,1,85047
3574661425696,true,גונסונס בייבי תחליב,CILAG GMBH INTERNATI,IT,גונסונס בייבי תחליב 500 חדש,Unknown,0.00,Unknown,false,1,28.90,0.0000,true,1,123596
3574661487328,false,קרפרי מגני תחתון אורגינל פלוס 56 יח',הדקלאים אגודת שיתופי,GR,קארפריי מגיני תחתון אורג'ינל עם שכבה מגינה 58 יח',יחידה,1.00,יחידה,false,1,25.90,25.9000,true,1,125756
3574661487625,false,מגני תחתון פלוס לארג' בניחוח עדין L,הדקלאים אגודת שיתופי,GR,קרפרי פלוס מגן תחתון לארג' 48 יחידות,יחידה,1.00,יחידה,false,1,25.90,25.9000,true,1,125757
3574669907767,true,גונסונס בייבי שמפו ק,CILAG GMBH INTERNATI,IT,גונסונס בייבי שמפו קמומיל 750 מל חדש,Unknown,0.00,Unknown,false,1,25.90,0.0000,true,1,123598
3574669908665,false,גונסונס בייבי אל סבון לפני השינה 750 מל,גונסון אנד גונסון,IT,גונסון בייבי אל סבון לפני שינה 750 חדש,מיליליטרים,750.00,"100 מ""ל",false,1,22.90,3.0533,true,1,123592
3574669909181,true,גונסונס בייבי שמן אל,CILAG GMBH INTERNATI,IT,גונסונס בייבי שמן אלוורה 300 מל חדש,מיליליטרים,300.00,"100 מ""ל",false,1,22.90,7.6333,true,1,123602
3574669909204,false,גונסונס בייבי שמן לתינוק 300 מל,ג'ונסונס Johnson's,IT,גונסונס בייבי שמן 300 מל חדש,מיליליטרים,300.00,"100 מ""ל",false,1,22.90,7.6333,true,1,123377
4000417025005,false,שוקולד מריר במילוי מרציפן ריטר ספורט 100 גרם,ריטר ספורט Ritter sport,DE,שוקולד מריר ממולא מרציפן,גרמים,100.00,100 גרם,false,1,11.90,11.9000,true,1,75602
4000417101211,false,גלילי וופל עם קרם אגוזי לוז בציפוי שוקולד חלב,ליימן שליסל בע`מ,AT,אמיצלי גלילי וופל 150 גרם,גרמים,150.00,100 גרם,false,1,19.90,13.2667,true,1,133564
4002575016253,false,מרציפן מצופה שוקולד זנטיס (100 גרם),הדקלאים אגודת שיתופי,DE,מרציפן מצופה שוקולד 100 גר .,גרמים,100.00,100 גרם,false,1,11.80,11.8000,true,1,3994
4002590000022,false,סוכריות קלפני פירות יער אוכמניות 150 ג',ליימן שליסל בע`מ,DE,קלפני פירות יער 150 גר',גרמים,150.00,100 גרם,false,1,12.90,8.6000,true,1,20999
4002590000046,false,סוכריות בטעם מנטה מרענן קלפני 150 גרם,ליימן שליסל בע`מ,DE,קלפני מנטה מרענן 150 גר',גרמים,150.00,100 גרם,false,1,12.90,8.6000,true,1,12183
4002590703541,false,סוכריות קלפני תות בפחית 150גר,ליימן שליסל בע`מ,DE,קלפני בטעם תות 150 גר',גרמים,150.00,100 גרם,false,1,12.90,8.6000,true,1,106512
4005808366392,false,שפתון ליובש כחול קלאסי לבלו 48 גרם,טרופיקל דגיל תעשיות,DE,לבלו בליסטר כחול,גרמים,1.00,100 גרם,false,1,13.90,1390.0000,true,1,112278
4005808368280,false,שפתון ליובש דובדבן לבלו 48 גרם,טרופיקל דגיל תעשיות,DE,לבלו בליסטר דובדבן,גרמים,1.00,100 גרם,false,1,13.90,1390.0000,true,1,112279
4008033091428,false,פותחן פקלמן,YIWO,,פותחן טקרטור פקלמן,יחידה,1.00,יחידה,false,1,33.90,33.9000,true,1,117417
4009309742426,true,רסק תפוח מנגו אורגני,תות תעשיות מזון (201,DE,נטור פוד רסק תפוחים אורגני 700 גרם,גרמים,700.00,100 גרם,false,1,16.90,2.4143,true,1,118233
4009900402965,false,אורביט וויט בטעם פירות בקבוקון 46מלבניות,"מרס ריגלי ישראל בע""מ",PL,מסטיק אורביט וויט פירות בקבוקון,Unknown,0.00,Unknown,false,1,11.90,0.0000,true,1,88433
4009900403023,false,אורביט וויט בטעם מנטה בקבוקון 46 מלבניות,"מרס ריגלי ישראל בע""מ",PL,מסטיק אורביט וויט קלאסי בקבוקון,גרמים,64.00,100 גרם,false,1,11.90,18.5938,true,1,88434
4009900420129,false,מסטיק אורביט פרופשנל פפרמינט בקבוקון 64 גר',"מרס ריגלי ישראל בע""מ",PL,אורביט פרופשיונל פפרמינט בקבוקון,לא מנהל יחידת מידה,0.00,לא מנהל יחידת מידה,false,1,11.90,0.0000,true,1,121753
4009900479998,false,אורביט וויט אוכמניות בקבוקון 46 מלבניות,"מרס ריגלי ישראל בע""מ",PL,מסטיק אורביט אוכמניות בקבוקון,Unknown,0.00,Unknown,false,1,11.90,0.0000,true,1,101538
4009900482417,false,מסטיק אורביט פירות מנטה בקבוקון באבל מינט 45יח,"מרס ריגלי ישראל בע""מ",PL,מסטיק אורביט בבלמינט בקבוקון 64 גרם,Unknown,0.00,Unknown,false,1,11.90,0.0000,true,1,93345
4009900525138,false,"וויט גומי לעיסה בטעם תות ללא סוכר, 64 ג' אורפיט",מרס ריגלי ישראל בעמ,PL,מסטיק אורביט וויט תות בקבוקון,יחידה,1.00,יחידה,false,1,11.90,11.9000,true,1,126165
4009900531122,false,"מסטיק בטעם מנטה ספירמינט, 64 ג' פרופשיונל אורפיט","מרס ריגלי ישראל בע""מ",PL,אורביט פרופשיונל ספירמינט בקבוקון,לא מנהל יחידת מידה,0.00,לא מנהל יחידת מידה,false,1,11.90,0.0000,true,1,121754
4009900536257,false,מסטיק אורביט רפרשרס ספירמינט בקבוקון ללא סוכר 67 גר',מרס ריגלי קונפקשונרי,PL,מסטיק אורביט רפרשרס ספירמנט 67 ג,גרמים,67.00,100 גרם,false,1,12.90,19.2537,true,1,130701
4009900536288,false,מסטיק אורביט רפרשרס פפרמינט בקבוקון ללא סוכר 67 גר',מרס ריגלי קונפקשונרי,PL,מסטיק אורביט רפרשרס פפרמ 67 ג,גרמים,67.00,100 גרם,false,1,12.90,19.2537,true,1,130702
4009900536486,false,מסטיק אורביט רפרשרס באבלמינט בקבוקון ללא סוכר 67 גר',מרס ריגלי קונפקשונרי,PL,מסטיק אורביט רפרשרס באבלמ 67 ג,גרמים,67.00,100 גרם,false,1,12.90,19.2537,true,1,130703
4009900539685,false,"מסטיק פייב באונס בטעם מנטה בקבוקון, 61.8 גרם","מרס ריגלי ישראל בע""מ",PL,מסטיק פייב באונס בטעם מנטה ללא סוכר,גרמים,62.00,100 גרם,false,1,13.90,22.4194,true,1,132936
4009900539746,false,"מסטיק פייב באונס בטעם אבטיח בקבוקון, 61.8 גרם","מרס ריגלי ישראל בע""מ",PL,מסטיק פייב באונס בטעם אבטיח בקבוקון,גרמים,62.00,100 גרם,false,1,13.90,22.4194,true,1,132937
4009900540551,false,מסטיק אורביט רפרשרס טרופיקל בקבוקון ללא סוכר,מרס ריגלי ישראל בעמ,PL,אורביט ריפרשרס טרופיקל,גרמים,67.00,100 גרם,false,1,12.90,19.2537,true,1,132933
4011800567613,false,מאגדת קורני מילק דרק & ואיט 120 גרם,מיוצר עי קונדיטוריית,DE,חטיף קורני סנדוויץ שחור לבן מארז 4 יח,גרמים,120.00,100 גרם,false,1,13.90,11.5833,true,1,100503
4011800617615,false,קורני ביג שוקולד 50 גר`,משה סידס ובנו בעמ,DE,קורני ביג חטיף דגנים עם שוקולד חלב 50 גרם,גרמים,50.00,100 גרם,false,1,5.90,11.8000,true,1,126188
4011800617714,false,"""קורני"" ביג שוקו בננה50 גרם",מיוצר עי קונדיטוריית,DE,קורני ביג חטיף דגנים עם שוקולד חלב ובננה 50 גרם,גרמים,50.00,100 גרם,false,1,5.90,11.8000,true,1,126187
4011800617813,false,"""קורני"" ביג בראוניס 50 גרם",משה סידס ובנו בעמ,DE,קורני ביג חטיף דגנים בטעם בראוניז 50 גרם,גרמים,50.00,100 גרם,false,1,5.90,11.8000,true,1,126189
4011800617912,false,קורני ביג נאטס אגוזי,משה סידס ובנו בעמ,DE,קורני ביג חטיף דגנים עם אגוזי לוז 50 גרם,גרמים,50.00,100 גרם,false,1,5.90,11.8000,true,1,126190
4011800628512,false,חטיף קורני שוקולד חלב 6 יח 150 גר,מיוצר עי קונדיטוריית,DE,קורני חטיף דגנים עם שוקולד חלב 6 יחידות 150 גרם,גרמים,150.00,100 גרם,false,1,13.90,9.2667,true,1,97583
4011800630515,false,חטיף קורני שוקולד חלב ובננה 6 יח 150 גר,מיוצר עי קונדיטוריית,DE,קורני חטיף דגנים עם שוקולד חלב ובננה 175 גרם,גרמים,150.00,100 גרם,false,1,13.90,9.2667,true,1,97585
4011800633516,false,קורני שוקולד מריר מעולה 58% קקאו 6*1,משה סידס ובנו בעמ,DE,חטיף קורני שוקולד מריר מארז 6 יח,גרמים,138.00,100 גרם,false,1,13.90,10.0725,true,1,96992
4014400900217,false,בונבונריית מרסי מבחר ממתקי שוקולד 400 גרם,קריניציה ויטמינה אס,DE,בונבונריית מרסי מבחר ממתקי שוקולד 400 גרם,גרמים,400.00,100 גרם,false,1,49.90,12.4750,true,1,12270
4014400901191,false,בונבונריית מרסי מבחר ממתקי שוקולד 250 גרם,ליימן שליסל בע`מ,DE,מרסי 250 גרם,גרמים,250.00,100 גרם,false,1,34.90,13.9600,true,1,4131
4014400910063,false,סוכריות חמאה וורטרס אורגינל (135 גרם),ליימן שליסל בע`מ,DE,וורטרס אורגינל סוכריות חמאה 135 גרם,גרמים,135.00,100 גרם,false,1,13.90,10.2963,true,1,69894
4014400914696,false,וורטרס אורגינל סוכריות ללא סוכר 80 גרם,ליימן שליסל בע`מ,DE,סוכריות חמאה וורטר ללא סוכר 80 גרם,גרמים,80.00,100 גרם,false,1,13.90,17.3750,true,1,73139
4014400923711,false,בונבוניירה שוקולד אגוזים טופיפי 125 גרם,ליימן שליסל בע`מ,DE,בונבוניירה טופיפי שוקולד 125 גרם,גרמים,125.00,100 גרם,false,1,17.90,14.3200,true,1,112802
4015400363002,false,טמפקס סופר 20 יחידות,פרוקטר אנד גמבל,DE,טמפקס סופר 20 יח,יחידה,20.00,יחידה,false,1,25.90,1.2950,true,1,133856
4015400363064,false,טמפקס סופר פלוס 20 יח',פרוקטר & גמבל,DE,טמפקס סופר פלוס 20 יח,יחידה,20.00,יחידה,false,1,25.90,1.2950,true,1,133858
4015400498124,false,אולוויז תחבושת (ס) אולטרה נייט 18 יח',פרוקטל אנד גמבל,DE,תחבושות אולוויז אולטרה לילה 18 יח,יחידה,18.00,יחידה,false,1,21.90,1.2167,true,1,134751
4015400755210,false,אולוויז תחבושות סינגל נורמל+ 14 יח',דיפלומט,DE,תחבושות אולוויז סינגל נורמל פלוס 14 יחיד,יחידה,14.00,יחידה,false,1,14.90,1.0643,true,1,113098
4015400755241,false,תחבושות היגייניות אולוויז אולטרה נורמל - 28 יח',דיפלומט מפיצים (1986) בע`מ,UA,תחבושות אולוויז הגיינה נורמל 28 יחידות,לא מנהל יחידת מידה,0.00,לא מנהל יחידת מידה,false,1,23.90,0.0000,true,1,111986
4015600810849,false,גילט דאו קליר גל 70 מל פאוור ראש,פרוקטר אנד גמבל,PL,"ג'ילט דאודורנט קליר ג'ל 70 מ""ל Power rush",מיליליטרים,70.00,"100 מ""ל",false,1,16.90,24.1429,true,1,133647
4017100198151,false,בלזן היט ביסקוויט עם מלית קרם בטעם וניל (41%) 220 גרם,הדקלאים אגודת שיתופי,PL,בלזן היט וניל 220 גרם,גרמים,220.00,100 גרם,false,1,11.90,5.4091,true,1,109277
4017100291005,false,בלזן לייבניז בסקויט חמאה מצופה שוקולד מריר 125 גרם,הדקלאים אגודת שיתופי,DE,בלזן לייבניז בסקויט חמאה מצופה שוקולד מריר,גרמים,125.00,100 גרם,false,1,15.90,12.7200,true,1,113945
4017100364112,false,בלזן היט בסקוויט סנדביץ עם מלית קרם בטעם שוקולד קקאו (41%) 220 גרם,הדקלאים אגודת שיתופי,PL,בלזן היט קקאו 220 גרם,גרמים,220.00,100 גרם,false,1,11.90,5.4091,true,1,106149
4022025001752,true,יין בלו נאן מבעבע כש,,,"יין בלו נאן מבעבע כשר 750 מ""ל",מיליליטרים,750.00,"100 מ""ל",false,1,64.90,8.6533,true,1,132535
4022025002025,false,יין בלו נאן מבעבע גו,בלו נאן,DE,"24K יין בלו נאן גולד כשר 200 מ""ל",מיליליטרים,200.00,"100 מ""ל",false,1,27.90,13.9500,true,1,132541
4022025002087,false,בלו נאן מבעבע רוזה 24 קראט*,היכל היין שקד גולן בעמ,DE,"24K יין בלו נאן רוזה מבעבע כשר 750 מ""ל",מיליליטרים,750.00,"100 מ""ל",false,1,64.90,8.6533,true,1,132540
4022025002254,false,24K יין בלו נאן רוזה,בלו נאן,DE,"24K יין בלו נאן רוזה כשר 200 מ""ל",מיליליטרים,200.00,"100 מ""ל",false,1,27.90,13.9500,true,1,132542
4022025262009,false,בלו נאן כשר גוורץ ריזלינג,היכל היין שקד גולן בעמ,,"יין בלו נאן גוורצטרמינר כשר 750 מ""ל",מיליליטרים,750.00,"100 מ""ל",false,1,59.90,7.9867,true,1,132536
4022025262436,false,יין בלו נאן גוורצטרמ,בלו נאן,DE,"יין בלו נאן גוורצטרמינר כשר 250מ""ל",מיליליטרים,250.00,"100 מ""ל",false,1,27.90,11.1600,true,1,132543
4032900104508,false,אל די סופרסלימס כחול חפיסה,Unknown,,סיגריות אל די סופרסל,לא מנהל יחידת מידה,0.00,לא מנהל יחידת מידה,false,1,28.40,0.0000,false,1,122605
4032900111292,false,סיגריות ווינסטון קומפקט כחול,גלוברנדס גרופ בעמ,UA,סיגריות ווינסטון קומפקט כחול בודד,לא מנהל יחידת מידה,0.00,לא מנהל יחידת מידה,false,1,29.80,0.0000,false,1,123273
4032900112824,false,כאמל קומפקט כחול)תכלת( ח,Unknown,,סיגריות כאמל קומפקט,יחידה,1.00,יחידה,false,1,27.60,27.6000,false,1,123516
4032900112879,false,כאמל קומפקט כחול כהה חפ,Unknown,,סיגריות כאמל קומפקט כחול בודד,יחידה,1.00,יחידה,false,1,27.60,27.6000,false,1,123515
4032900124193,false,כאמל צהוב ארוך PP חפיסה,Unknown,,סיגריות כאמל צהוב ארוך בודד PP,לא מנהל יחידת מידה,0.00,לא מנהל יחידת מידה,false,1,32.00,0.0000,false,1,126911
4032900124254,false,ווינסטון קומפלקט ברי PP חפיסה,גלוברנדס גרופ בעמ,,וינסטון קומפקט ברי PP בודד,יחידה,1.00,יחידה,false,1,29.80,29.8000,false,1,128026
4032900124261,false,ווינסטון קומפלקט ברי PP עשירייה,גלוברנדס בעמ,,וינסטון קומפקט ברי PP פקט,יחידה,1.00,יחידה,false,10,298.00,298.0000,false,1,128025
4033100013348,false,סיגריות אל די כחול ארוך בודד,גלוברנדס בעמ - שיווק סיגריות,,סיגריות אל די כחול ארוך חפיסה בודד,לא מנהל יחידת מידה,0.00,לא מנהל יחידת מידה,false,1,30.20,0.0000,false,1,68009
4033100014468,false,סיגריות אל די אדום ח,גלוברנדס בעמ - שיווק סיגריות,,סיגריות אל די אדום חפיסה בודד,לא מנהל יחידת מידה,0.00,לא מנהל יחידת מידה,false,1,30.20,0.0000,false,1,68008
4033100014499,false,סיגריות אל די כחול בודד,גלוברנדס בעמ - שיווק סיגריות,,סיגריות אל די כחול חפיסה בודד,Unknown,0.00,Unknown,false,1,30.20,0.0000,false,1,68007
4033100014529,false,סיגריות אל די סלים בודד,גלוברנדס בעמ - שיווק סיגריות,,סיגריות אל די סלים חפיסה בודד,יחידה,1.00,יחידה,false,1,29.00,29.0000,false,1,68010
4033100024146,false,סיגריות ווינסטון קוד בודד,גלוברנדס בעמ - שיווק סיגריות,,סיגריות וינסטון קוד חפיסה בודד,לא מנהל יחידת מידה,0.00,לא מנהל יחידת מידה,false,1,32.00,0.0000,false,1,87524
4033100024252,false,סיגריות ווינסטון אקווה בודד,גלוברנדס בעמ - שיווק סיגריות,,סיגריות וינסטון אקווה חפיסה בודד,יחידה,0.00,יחידה,false,1,32.00,0.0000,false,1,87526
4033100038914,false,טבק כאמל צהוב + נייר גלגול 30ג',גלוברנדס בעמ - שיווק סיגריות,,טבק לגלגול קאמל צהוב חפיסה30 גרם,גרמים,30.00,100 גרם,false,1,81.20,270.6667,false,1,96038
4033100046490,false,סיגריות ווינסטון אקווה ארוך בודד,גלוברנדס בעמ - שיווק סיגריות,,סיגריות וינסטון קוד אקווה 100 חפיסה בודד,לא מנהל יחידת מידה,0.00,לא מנהל יחידת מידה,false,1,32.00,0.0000,false,1,94128
4033100047350,false,טבק כאמל כחול + נייר גלגול 30ג',גלוברנדס בעמ - שיווק סיגריות,,טבק לגלגול קאמל כחול חפיסה30 גרם,גרמים,30.00,100 גרם,false,1,81.20,270.6667,false,1,96039
4033100064036,false,וינסטון כחול טבק לגלגול חפיסה,גלוברנדס בעמ - שיווק סיגריות,,טבק לגלגול וינסטון כחול חפיסה30 גרם,גרמים,30.00,100 גרם,false,1,81.20,270.6667,false,1,108474
4043058008778,false,טבק אמריקן ספיריט כחול פאוצ,פלנטה טבק,,טבק לגלגול אמריקן ספיריט כחול חבילה30גר,גרמים,30.00,100 גרם,false,1,88.20,294.0000,false,1,105546
4043058010412,false,טבק אמריקן ספיריט צהוב פאוצ,פלנטה טבק,,טבק לגלגול אמריקן ספיריט צהוב חבילה30גר,גרמים,30.00,100 גרם,false,1,88.20,294.0000,false,1,107178
4640018993350,false,פיניש קוואנטום קפסולות ג'ל למדיח כלים לימון 30 יח',רקיט בנקיזר (ניר איסט) בעמ,PL,פיניש קוואנטום 30 יח קפסולות גיל לימון,גרמים,375.00,100 גרם,false,1,44.90,11.9733,true,1,131165
4710068001692,false,מאסטר קפה בטעם לאטה בפחית 240מ`ל,תאיט מרקטינג אנד דיסטריב,,מאסטר קפה לאטה פחית,מיליליטרים,240.00,"100 מ""ל",false,1,10.50,4.3750,true,1,99425
4710068001715,false,משקה בטעם טירמיסו מאסטר קפה (240 מל),יוני פרזינדנט אנטרפר,,מאסטר קפה טרמיסו פחית 240 מל,מיליליטרים,240.00,"100 מ""ל",false,1,10.50,4.3750,true,1,99487
4710068001739,false,מאסטר קפה בטעם קולומביאני בפחית 240מ`ל,יוני פרזינדנט אנטרפר,,מאסטר קפה משקה קפה קר קלאסיקו 240 מל,מיליליטרים,240.00,"100 מ""ל",false,1,10.50,4.3750,true,1,99426
4710068002798,false,מאסטר קפה בטעם וניל בפחית 240מ`ל,מאיטה פוד אינדוסטריאל קו,,מאסטר קפה לאטה פחית,מיליליטרים,240.00,"100 מ""ל",false,1,10.50,4.3750,true,1,124353
4751007730938,false,שיפרוטים מעושנים בשמן צמחי 240 גר`,דברים טובים סגל בעמ,LV,שימורי שפרוטים מעושנים בשמן צמחי 240גרם,גרמים,240.00,100 גרם,false,1,9.90,4.1250,true,1,128228
4796019790013,false,שמן קוקוס כבישה קרה אורגני גרין קוקו 300,נטורפוד בעמ,,שמן קוקוס אורגני,מיליליטרים,300.00,"100 מ""ל",false,1,24.90,8.3000,true,1,114033
4796019790037,false,שמן קוקוס אורגני כבישה קרה גרין קוקו 1 ל,נטורפוד בעמ,,שמן קוקוס אורגני,ליטרים,1.00,ליטר,false,1,54.90,54.9000,true,1,114078
4891228430085,false,סכיני גילוח שיק אקסטרים קומפורט לגבר 3 להבים 4 יחידות,אנרג'יזר Energizer,CN,סכיני גילוח שייק אקסטרים 3 כחול רביעייה,לא מנהל יחידת מידה,0.00,לא מנהל יחידת מידה,false,1,19.70,0.0000,true,1,31830
4891228430092,false,סכיני גילוח שיק אקסטרים קומפורט לנשים 3 להבים 4 יחידות,אנרג'יזר Energizer,CN,שיק אקסטרים 3 סכיני גילוח לאישה לעור רגיש,לא מנהל יחידת מידה,0.00,לא מנהל יחידת מידה,false,1,19.70,0.0000,true,1,41815
5000054359500,false,פריסקיז פטה כבד ועוף 156גרם,קבוצת אוסם סחר-שות.מוגבלת,US,פריסקיז פטה כבד ועוף 156גרם,גרמים,156.00,100 גרם,false,1,6.90,4.4231,true,1,134163
5000159376655,false,סוכריות SKITTLES פירות קטן 38 גרם אדום,"מרס ריגלי ישראל בע""מ",,סוכריות סקיטלס פירות 38 גרם,גרמים,38.00,100 גרם,false,1,4.50,11.8421,true,1,89802
5000159376792,false,סוכריות סקיטלס Skittles פירות חמוצים,"מרס ריגלי ישראל בע""מ",,סוכריות סקיטלס חמוץ 38 גרם,גרמים,38.00,100 גרם,false,1,4.50,11.8421,true,1,89803
5000159407236,false,מרס חטיף שוקולד עם קרמל 51 גרם,"מרס ריגלי ישראל בע""מ",NL,חטיף שוקולד חלב במילוי נוגט וקרמל מרס,גרמים,51.00,100 גרם,false,1,6.90,13.5294,true,1,49581
5000159414197,false,מלטיזרס-כדורים פריכים בציפוי שוולד חלב 135 גרם,מרס שוקולד צ.אמריקה,NL,מלטיזרס 135גרם,גרמים,135.00,100 גרם,false,1,19.90,14.7407,true,1,133615
5000159461122,false,סניקרס חטיף שוקולד עם בוטנים 50 גרם,"מרס ריגלי ישראל בע""מ",NL,חטיף סניקרס שוקולד 50 גרם,גרמים,50.00,100 גרם,false,1,6.90,13.8000,true,1,91532
5000159541152,false,חטיף טוויקס לבן 46 גרם.,מרס ריגלי ישראל בעמ,DE,טוייקס לבן 46 גרם,גרמים,46.00,100 גרם,false,1,6.90,15.0000,true,1,131638
5000209145514,false,"שטיפת פה ירוק מנטה עדין נשימה רעננה קולגייט פלאקס 250 מ""ל",קולגייט- פלמוליב,BR,קולגייט מי פה פלאקס אייס 250 מל,מיליליטרים,250.00,"100 מ""ל",false,1,19.90,7.9600,true,1,46639
5000219120112,false,פאל מאל כחול ארוך סטרים פילטר עשירייה,גלוברנדס בעמ - שיווק סיגריות,,סיגריות פאל מאל כחול ארוך סטרים פקט 10 י,לא מנהל יחידת מידה,0.00,לא מנהל יחידת מידה,false,1,289.00,0.0000,false,1,109349
5000267014234,false,וויסקי ג'וני ווקר רד לייבל Red label,החברה המרכזית להפצת משקאות בעמ,,"גוני ווקר אדום 700 מ""ל",מיליליטרים,700.00,"100 מ""ל",false,1,119.90,17.1286,true,1,104927
5000267015200,false,וויסקי ג'וני ווקר רד לייבל 200מ''ל,ג'וני ווקר,,"ויסקי גוני ווקר אדום בקבוק 200 מ""ל",מיליליטרים,200.00,"100 מ""ל",false,1,44.90,22.4500,true,1,29658
5000267024233,false,"וויסקי ג'וני בלאק לייבל עם פורר 700מ""ל",החברה המרכזית להפצת משקאות בעמ,,"גוני ווקר שחור 700 מ""ל",מיליליטרים,700.00,"100 מ""ל",false,1,169.90,24.2714,true,1,53858
5000267171654,false,"וויסקי פוקט ג וני ווקר שחור 200מ""ל 40%.",החברה המרכזית להפצת משקאות בעמ,GB,"ג'וני שחור 200 מ""ל פוקט 40% כהל",מיליליטרים,200.00,"100 מ""ל",false,1,69.90,34.9500,true,1,127996
5000289925440,false,גין גורדון בקבוק 700,החברה המרכזית להפצת משקאות-אלכ,,"גין גורדון בקבוק 700 מ""ל",מיליליטרים,700.00,"100 מ""ל",false,1,129.90,18.5571,true,1,108917
5000396037531,true,מקוויטיס ביסקויט מצו,קריניציה ויטמינה אס,,מקוויטיס ביסקויט מצו,Unknown,0.00,Unknown,false,1,12.90,0.0000,true,1,125869
5000396037944,true,מקוויטיס ביסקויט קלא,קריניציה ויטמינה אס,,"מקויטיס, ביסקוויט מקמח חיטה קלאסי 250 גרם",Unknown,0.00,Unknown,false,1,11.90,0.0000,true,1,125870
5010103800051,false,"וויסקי ג'י אנד ביי 200 מ""ל",DIAGEO,,"ויסקי J&B בקבוק 200 מ""ל",מיליליטרים,200.00,"100 מ""ל",false,1,44.90,22.4500,true,1,29659
5010103943024,false,וויסקי ג`יי אנד בי פוקט 40%,החברה המרכזית להפצת משקאות בעמ,GB,"ג'יי אנד בי 200 מ""ל פוקט 40% כהל",מיליליטרים,200.00,"100 מ""ל",false,1,44.90,22.4500,true,1,127995
5010232964211,false,דורקס EXTRA SAFE - קונדומים שקופים עבים,דורקס Durex,TH,קונדומים דורקס אקסטרא סייף 12 יחידות,לא מנהל יחידת מידה,0.00,לא מנהל יחידת מידה,false,1,39.90,0.0000,true,1,19194
5010232964228,false,דורקס THIN FEEL - קונדומים דקים להגברת התחושה,דורקס Durex,TH,"קונדמים קצר ולעניין, דק 12 יחידות",לא מנהל יחידת מידה,0.00,לא מנהל יחידת מידה,false,1,39.90,0.0000,true,1,19195
5010677551397,false,"בקרדי בריזר בטעם לימון ליים 275 מ""ל",בקרדי בריזר Bacardi Breezer,BE,"בריזר - משקה כוהלי מוגז בטעם ליים 275 מ""ל",מיליליטרים,275.00,"100 מ""ל",false,1,18.90,6.8727,true,1,104557
5010677552387,false,"בקרדי בריזר אננס 275 מ""ל בקבוק",בקרדי בריזר Bacardi Breezer,BE,"בריזר - משקה כוהלי מוגז בטעם אננס 275 מ""ל",מיליליטרים,275.00,"100 מ""ל",false,1,18.90,6.8727,true,1,5323
5010677554398,false,בריזר אבטיח בבקבוק בקרדי (275 מל),בקרדי בריזר Bacardi Breezer,BE,"בריזר - משקה כוהלי מוגז בטעם אבטיח 275 מ""ל",מיליליטרים,275.00,"100 מ""ל",false,1,18.90,6.8727,true,1,5325
5010677714006,false,"גין בומבאי ספייר 700 מ""ל",ג'ון דיואר ובניו,ES,ג'ין בומביי ספייר,מיליליטרים,700.00,"100 מ""ל",false,1,129.90,18.5571,true,1,128931
5010677850100,false,"וודקה צרפתית גריי גוס 700מ""ל",בקרדי מרטיני,FR,"וודקה גריי גוס 750 מ""ל",מיליליטרים,700.00,"100 מ""ל",false,1,149.90,21.4143,true,1,122909
5011417576922,false,דורקס גל סיכוך מתחמם,מיוצר עבור רקיט בנקי,TH,"דורקס ג'ל סיכוך מחמם 100 מ""ל",מיליליטרים,100.00,"100 מ""ל",false,1,59.90,59.9000,true,1,130806
5014379009972,false,בירה לאגר באדוויזר פחית 500 מל,הכרם -משקאות חריפים בע`מ,,בירה באדוויזר,מיליליטרים,500.00,"100 מ""ל",false,1,12.90,2.5800,true,1,126560
5029053032658,false,שמיניית ממחטות טישו קלינקס 9 יחידות,קימברלי קלארק ישראל שיווק בעמ,,ממחטות קלינקס א.ס 10 יחידות,לא מנהל יחידת מידה,0.00,לא מנהל יחידת מידה,false,1,10.90,0.0000,true,1,116160
5029053510811,false,תחבושות נורמל פלוס עם כנפיים קוטקס 28 יחידות,קימברלי קלארק ישראל שיווק בעמ,,קוטקס תחבושות עם כנפיים נורמל פלוס 30 יחידות,Unknown,0.00,Unknown,false,1,22.90,0.0000,true,1,5370
5029053510828,false,תחבושות סופר פלוס עם כנפיים קוטקס 22יחידות,קימברלי קלארק ישראל שיווק בעמ,,קוטקס תחבושות עם כנפיים סופר פלוס 22 יחידות,Unknown,0.00,Unknown,false,1,22.90,0.0000,true,1,5371
5029053523446,false,קוטקס - תחבושות אולטרה נייט + כנפיים 20 יח',קימברלי קלארק ישראל שיווק בעמ,,קוטקס תחבושות עם כנפיים נייט 20 יחידות,לא מנהל יחידת מידה,0.00,לא מנהל יחידת מידה,false,1,22.90,0.0000,true,1,5381
5029053535227,false,קוטקס טמפון עם מוליך נורמל 16 יחידות,קימברלי קלארק ישראל שיווק בעמ,,טמפונים קוטקס עם מוליך נורמל 16,לא מנהל יחידת מידה,0.00,לא מנהל יחידת מידה,false,1,27.90,0.0000,true,1,76770
5038483207949,false,דורקס THIN FEEL קונדומים דקים במיוחד,דורקס Durex,TH,קונדומים דורקס אינימט פיל סיכה 12 יחידות,לא מנהל יחידת מידה,0.00,לא מנהל יחידת מידה,false,1,39.90,0.0000,true,1,41512
5038483574386,false,שלשיית קונדומים durex אדום,רקיט בנקיזר הלת'קר,,קונדומים דורקס פדרלייט 3 * 12 יח,לא מנהל יחידת מידה,0.00,לא מנהל יחידת מידה,false,1,14.90,0.0000,true,1,58983
5038483574416,false,קונדום דורקס אקסטרא סייף 3,רקיט בנקיזר הלת'קר,,קונדומים דורקס אקסטרא 3 יחידות,לא מנהל יחידת מידה,0.00,לא מנהל יחידת מידה,false,1,14.90,0.0000,true,1,87756
5038483578780,false,שלישיית קונדומים durex סגול,רקיט בנקיזר הלת'קר,,קונדומים דורקס עלית 3 יחידות,לא מנהל יחידת מידה,0.00,לא מנהל יחידת מידה,false,1,14.90,0.0000,true,1,59475
5038483866566,false,דורקס ULTRA THIN FEEL - קונדומים דקים במיוחד לתחושה מוגברת,דורקס Durex,TH,קונדומים דקים דורקס אולטרה 12 יח,לא מנהל יחידת מידה,0.00,לא מנהל יחידת מידה,false,1,39.90,0.0000,true,1,72231
5056357900925,false,סניקרס חטיף חלבון חמאת בוטנים 57 גרם,פארם אקספרס,US,סניקרס חמאת בוטנים 57 גרם,גרמים,59.00,100 גרם,false,1,17.90,30.3390,true,1,129698
5056357901441,false,אם אנד אם חטיף חלבון בוטנים 51 גרם,פארם אקספרס,GB,חטיף חלבון בוטנים 15 חלבון 51 גרם m&m,גרמים,51.00,100 גרם,false,1,17.90,35.0980,true,1,132213
5056357903834,false,באונטי מעושר בחלבון 52 גרם,מארס יורק אנגליה,GB,חטיף באונטי 18גרם חלבון 52גרם,גרמים,52.00,100 גרם,false,1,17.90,34.4231,true,1,132544
5060221201575,false,חטיף חלבון גרנייד בטעם קרם עוגיות,LTD (UK) GRENADE,GB,חטיף חלבון גרנייד קרם עוגיות 23 חלבון 60,גרמים,60.00,100 גרם,false,1,17.90,29.8333,true,1,132337
5060221201810,false,גרנייד בטעם שוקולד לבן עוגיות,LTD (UK) GRENADE,NL,גרנייד שוקולד לבן עוגיות 60גרם,גרמים,60.00,100 גרם,false,1,17.90,29.8333,true,1,133139
5060221203753,false,חטיף חלבון גרנייד בטעם חמאת בוטנים,LTD (UK) GRENADE,GB,חטיף חלבון גרנייד חמאת בוטנים 21 חלבון,גרמים,60.00,100 גרם,false,1,17.90,29.8333,true,1,132335
5060317322368,false,"UFIT - משקה חלבון בטעם פאדג' בראוניז 330 מ""ל",לאקסה אס.אי,GB,UFIT משקה חלבון בטעם פאדג בראוניז 33,מיליליטרים,330.00,"100 מ""ל",false,1,14.90,4.5152,true,1,133599
5060402908248,false,סניקרס חטיף חלבון 55 גרם,פארם אקספרס,US,סניקרס פרוטאין 55 גרם,גרמים,59.00,100 גרם,false,1,17.90,30.3390,true,1,129699
5060402908286,false,מארס חטיף חלבון 59 גרם,פארם אקספרס,US,מארס פרוטאין 59 גרם,גרמים,59.00,100 גרם,false,1,17.90,30.3390,true,1,129696
5060402909542,false,מארס חטיף חלבון קרמל מלוח 59 גרם,פארם אקספרס,US,מארס קרמל מלוח 59 גרם,גרמים,59.00,100 גרם,false,1,17.90,30.3390,true,1,129697
5060424705368,false,WARRIOR - חטיף חלבון קראנץ' בטעם קרמל מלוח,וורקווין,GB,WARRIOR חטיף קראנץ בטעם קרמל מלוח 64 גר,גרמים,64.00,100 גרם,false,1,14.90,23.2813,true,1,133444
5060424705511,false,WARRIOR - חטיף חלבון קראנץ' בטעם שוקולד וקוקוס,תעשיות מזון בלאבאן,US,WARRIOR חטיף חלבון קראנץ שוקולד וקוקוס,גרמים,64.00,100 גרם,false,1,14.90,23.2813,true,1,134736
5060424705535,false,חטיף חלבון WARRIOR בטעם שוקולד מריר ובוטנים,"KBF תעשיות בע""מ UK",GB,WARRIORשוקולד מריר ובוטנים 20גר חלבון,גרמים,64.00,100 גרם,false,1,14.90,23.2813,true,1,133430
5060517886486,false,"משקה אנרגיה מונסטר אנרג'י בפחית 500 מ""ל",החברה המרכזית להפצת משקאות בעמ,RU,"מונסטר אנרג'י פח 500 מ""ל",מיליליטרים,500.00,"100 מ""ל",false,1,10.90,2.1800,true,1,126424
5060517886516,false,"משקה אנרגיה מונסטר אנרג'י זירו בפחית 500 מ""ל",החברה המרכזית להפצת משקאות בעמ,RU,"מונסטר אנרג'י זירו פח 500 מ""ל",מיליליטרים,500.00,"100 מ""ל",false,1,10.90,2.1800,true,1,126425
5060639128051,false,"משקה אנרגיה מונסטר אולטרה בפחית 500 מ""ל",החברה המרכזית להפצת משקאות בעמ,RS,"מונסטר ULTRA פח 500 מ""ל",מיליליטרים,500.00,"100 מ""ל",false,1,10.90,2.1800,true,1,127994
5060639129102,false,"משקה אנרגיה מונסטר אנרג'י מנגו בפחית 500 מ""ל",החברה המרכזית להפצת משקאות בעמ,RS,"מונסטר Mango Loco פח 500 מ""ל",מיליליטרים,500.00,"100 מ""ל",false,1,10.90,2.1800,true,1,129609
5060751218173,false,"משקה אנרגיה מונסטר אנרג'י piplin punch בפחית 500 מ""ל",החברה המרכזית להפצת משקאות בעמ,IE,"מונסטר פייפליין פאנץ' פח 500 מ""ל",מיליליטרים,500.00,"100 מ""ל",false,1,10.90,2.1800,true,1,133428
5060751219033,false,"משקה אנרגיה מונסטר אנרג'י זירו paradise בפחית 500 מ""ל",החברה המרכזית להפצת משקאות בעמ,IE,"מונסטר ULTRA PARADISE פח 500 מ""ל",מיליליטרים,500.00,"100 מ""ל",false,1,10.90,2.1800,true,1,133429
5060756342781,false,חטיף חלבון WARRIOR בטעם קרם עוגיות,"KBF תעשיות בע""מ UK",GB,WARRIOR קרם עוגיות 20גר חלבון 64גרם,גרמים,64.00,100 גרם,false,1,14.90,23.2813,true,1,133431
5060756343702,false,WARRIORחטיף חלבון קר,תעשיות מזון בלאבאן,US,WARRIORחטיף חלבון קראנץ פטל שוקולד מריר,גרמים,64.00,100 גרם,false,1,14.90,23.2813,true,1,134737
5201004020338,false,גליליות קפריס קרם אגוזים שוקולד 400 גר,משה סידס ובנו בעמ,GR,גלילי וופל במילוי קרם אגוזי לוז וקקאו 400 גרם,גרמים,400.00,100 גרם,false,1,19.90,4.9750,true,1,125247
5201004021328,false,קפריס רולס גלילי וופל במילוי קרם אגוזי לוז וקקאו,אי. ג'יי פאפאדופולוס,GR,גלילי וופל במילוי קרם אגוזי לוז וקקאו 115 גרם,גרמים,115.00,100 גרם,false,1,12.90,11.2174,true,1,133867
5201184066508,false,נר מספר ממותג,שמחה זה אנחנו בעמ,,נר מספר 8,Unknown,0.00,Unknown,false,1,5.00,0.0000,true,1,5515
5201360521241,false,קרואסון במילוי ק.קקאו65ג,אס.סי. צי'פיטה,,קוראסון 7DAYS במילוי אישי 65 גרם,גרמים,65.00,100 גרם,false,1,5.00,7.6923,true,1,125829
5201583750411,false,זירו-סוכריות ללא סוכר בטעם לימון עם סטיב,איתן,GR,סוכריות זירו לימון 32 גרם,גרמים,32.00,100 גרם,false,1,7.90,24.6875,true,1,131737
5201583750510,false,זירו-סוכריות ללא סוכר בטעם תות קרמי,ציון תורגמן בעמ,GR,סוכריות זירו תות חלבי 32 גרם,גרמים,32.00,100 גרם,false,1,7.90,24.6875,true,1,131740
5201583751418,false,סוכריות זירו אייס בלו סטיביה ללא סוכר 32 ג',איתן,GR,סוכריות זירו אייס בלו 32 גרם,גרמים,32.00,100 גרם,false,1,7.90,24.6875,true,1,131739
5201583752118,false,סוכריות ללא סוכר בטעם חמאה במילוי שוקולד,איתן,GR,סוכריות זירו חמאה במילוי ק.שוקולד 32 גרם,גרמים,32.00,100 גרם,false,1,7.90,24.6875,true,1,131738
5208049001452,false,גולדן וירג`יניה ירוק 30 גר`בודד+נייר גל,גלוברנדס בעמ - שיווק סיגריות,,גולדן ירוק 30 ג+ נייר PP פקט חפיסה,יחידה,1.00,יחידה,false,1,70.00,70.0000,false,1,125883
5208049001490,false,גולדן וירגיניה לבן 3,,,גולדן וירגיניה לבן 30 גר+ נייר גלגול P,יחידה,1.00,יחידה,false,1,350.00,350.0000,true,1,125709
5208049001841,false,סיגריות פאל מאל דמי קפסולה,גלוברנדס גרופ בעמ,,פאל מאל דמי קפסולה בודד,יחידה,1.00,יחידה,false,1,27.30,27.3000,false,1,125553
5208049002473,false,קנט ארוך קופסא בודדת,גלוברנדס בעמ,,סיגריות קנט ארוך חפיסה בודד PP,יחידה,1.00,יחידה,false,1,38.40,38.4000,false,1,125712
5208049004781,false,פאל מאל ברי דמי סלימס קופסא,Unknown,,סיגריות,יחידה,1.00,יחידה,false,1,27.30,27.3000,false,1,129102
5208049006594,false,פאל מאל אקסטרה כחול קופסה,גלוברנדס בעמ - שיווק סיגריות,DE,פאל מאל אקסטרה כחול חפיסה,יחידה,1.00,יחידה,false,1,30.20,30.2000,true,1,133891
5208049006624,false,פאל מאל אקסטרה סילבר קופסה,גלוברנדס בעמ - שיווק סיגריות,DE,פאל מאל אקסטרה סילבר חפיסה,יחידה,1.00,יחידה,false,1,30.20,30.2000,true,1,133893
5208049006655,false,פאל מאל אקסטרה מנדרינה קופסה,גלוברנדס בעמ,RO,סיגריות פלמל אקסטרה מנדרינה חפיסה,יחידה,1.00,יחידה,false,1,30.20,30.2000,true,1,134858
5410126006339,false,לוטוס ביסקויט בטעם קרמל 124ג,דיפלומט מפיצים (1968) בעמ**,BE,ביסקויט קרמל לוטוס 124 גר 2*8 עטוף בנפרד,גרמים,124.00,100 גרם,false,1,9.90,7.9839,true,1,101096
5410126116953,false,ממרח ביסקוויט קרמל לוטוס (400 גרם),דיפלומט מפיצים (1968) בעמ**,BE,ממרח עוגיות לוטוס קרמל,גרמים,400.00,100 גרם,false,1,21.90,5.4750,true,1,89096
5410228217732,false,"בירה סטלה ארטואה 440מ""ל פחית.",מנדלז סי.אר. פרודקשן,BE,בירה סטלה ארטואה בפחית 440 מל,מיליליטרים,440.00,"100 מ""ל",false,1,15.90,3.6136,true,1,129610
5410316233446,false,וודקה סמירנוף אדום 2,דיאג'ו סקוטלנד בעמ,,סמירנוף וודקה 200 מל,מיליליטרים,200.00,"100 מ""ל",false,1,29.90,14.9500,true,1,117020
5410316983693,false,וודקה סמירנוף אייס בודד 275 מ``ל.,החברה המרכזית להפצת משקאות בעמ,IT,סמירנוף אייס,מיליליטרים,275.00,"100 מ""ל",false,1,17.90,6.5091,true,1,13104
5410316994019,false,וודקה סמירנוף אדום (700 מל),החברה המרכזית להפצת משקאות-אלכ,US,סמירנוף וודקה 700 מל,מיליליטרים,700.00,"100 מ""ל",false,1,99.90,14.2714,true,1,101622
5411188081852,false,אלפרו משקה סויה בטעם וניל 1 ליטר,הנסיך- מפעל לייצור ט,BE,אלפרו משקה סויה וניל 1ל,ליטרים,1.00,ליטר,false,1,16.90,16.9000,true,1,99381
5411188110835,false,אלפרו חלב סויה שקדים וניל 1ל',הנסיך- מפעל לייצור ט,BE,אלפרו משקה שקדים 1ל,ליטרים,1.00,ליטר,false,1,16.90,16.9000,true,1,91506
5411188112709,false,"משקה קוקוס אלפרו 1 ליטר משקה שקדים לל""ס",הנסיך- מפעל לייצור ט,BE,אלפרו משקה שקדים ללס 1ל,ליטרים,1.00,ליטר,false,1,16.90,16.9000,true,1,102060
5411188115472,false,משקה סויה אלפרו 1 ליטר,הנסיך- מפעל לייצור ט,BE,אלפרו משקה סויה 1ל,ליטרים,1.00,ליטר,false,1,16.90,16.9000,true,1,128328
5411188118732,false,משקה קוקוס ושקדים אלפרו (1 ליטר),הנסיך- מפעל לייצור ט,BE,אלפרו משקה שקדים קוקוס 1ל,ליטרים,1.00,ליטר,false,1,16.90,16.9000,true,1,110809
5411188120742,false,משקה קוקוס אלפרו 1 ליטר שקדים וניל 1 ל',הנסיך- מפעל לייצור ט,BE,אלפרו משקה שקדים וניל 1ל,ליטרים,1.00,ליטר,false,1,16.90,16.9000,true,1,110808
5411188121923,false,"משקה סויה מועשר סידן אלפרו 3*250 מ""ל",הנסיך- מפעל לייצור ט,BE,אלפרו משקה סויה 3*250מל,מיליליטרים,750.00,"100 מ""ל",false,1,16.90,2.2533,true,1,116633
5411188134985,false,אלפרו 3.5% NOT M*LK שיבולת שועל 1 ליטר בית יוסף,שטראוס גרופ בעמ/מצונן,BE,אלפרו 3.5%שומן NOT M*LK ש.שועל ל1,ליטרים,1.00,ליטר,false,1,14.90,14.9000,true,1,132435
5411188135005,false,אלפרו 1.8% NOT M*LK שיבולת שועל 1 ליטר בית יוסף,שטראוס גרופ בעמ/מצונן,BE,אלפרו 1.8%שומן NOT M*LK ש.שועל ל1,ליטרים,1.00,ליטר,false,1,14.90,14.9000,true,1,131847
5411188300328,false,אלפרו משקה סויה עמיד בטעם שוקו 1 ליטר,הנסיך- מפעל לייצור ט,BE,אלפרו משקה סויה שוקו 1ל,ליטרים,1.00,ליטר,false,1,16.90,16.9000,true,1,99384
5413548280189,false,קינדר שוקו בון 1 יחידות 125 גרם,פרימיום-חברה לדברי מתיקה ולמסח,BE,חטיף קינדר שוקו בון 125 גרם,גרמים,125.00,100 גרם,false,1,16.90,13.5200,true,1,5876
5600286004089,false,תפוחונים אורגניים חמצמץ 40 גר,נטורפוד,PT,תפוחונים אורגניים חמצמץ 40 גרם נטורפוד,גרמים,40.00,100 גרם,false,1,9.90,24.7500,true,1,127736
5601010211070,false,סרדין במים רמירז 125 גרם,רמירז אנד קה פילהאוס,PT,שימורי סרדינים במי מלח 100 גרם,גרמים,125.00,100 גרם,false,1,12.00,9.6000,true,1,76730
5601010211087,false,פילה סרדין בשמן זית כתית 100 גר רמירז,רמירז אנד קה פילהאוס,PT,שימורי סרדינים(פילה)בשמן זית,גרמים,100.00,100 גרם,false,1,13.20,13.2000,true,1,73089
5701932026964,false,"הוטפופ גרעיני תירס להכנת פופקורן במיקרוגל בטעם טבעי, בתוספת מלח, 600 גרם",ליימן שליסל בע`מ,US,פופקורן עם מלח הוטפופ 600 גרם,גרמים,600.00,100 גרם,false,1,21.90,3.6500,true,1,6232
5701932026971,false,הוטפופ גרעיני תירס להכנת פופקורן במיקרוגל בטעם חמאה 600 גרם,ליימן שליסל בע`מ,US,הוט חמאה 600 ג') ב(12,גרמים,600.00,100 גרם,false,1,21.90,3.6500,true,1,6233
5701932026995,false,"הוטפופ גרעיני תירס להכנת פופקורן במיקרוגל בטעם טבעי מופחת שומן, 510 גרם",קריניציה ויטמינה אס,US,פופקורן לייט טבעי הוטפופ 510 גרם,גרמים,510.00,100 גרם,false,1,21.90,4.2941,true,1,6234
5710840209437,false,טבק באלי נטורל 40 גר`בודד,סקמדינביין טובקו,,באלי נטוראל 40 גר,גרמים,40.00,100 גרם,false,1,100.00,250.0000,true,1,126090
5710840210013,false,בא לי שג לבן סופר עדין 40גר,סקמדינביין טובקו,,באלי לבן 40 גר,גרמים,40.00,100 גרם,false,1,100.00,250.0000,true,1,126089
5740900403215,true,ממרח לורפק עם מלח 25,ארלה פודס אמבה,DK,ממרח לורפק עם מלח 250,גרמים,250.00,100 גרם,false,1,19.90,7.9600,true,1,120770
5740900403239,true,ממרח לורפק ללא מלח 2,ארלה פודס אמבה,DK,ממרח לורפק בלי מלח 250,גרמים,250.00,100 גרם,false,1,19.90,7.9600,true,1,120772
5900020015181,false,חטיף דגנים שוקולד 6* 23.5 ג' פיטנס,מיוצר עי קונדיטוריית,PL,פיטנס חטיף שוקולד,גרמים,23.00,100 גרם,false,1,4.90,21.3043,true,1,132078
5900020018892,false,חטיף בטעם קרם עוגיות 6*23.5 ג' פיטנס,לוביץ',PL,פיטנס חטיף דגנים קרם עוגיות,גרמים,24.00,100 גרם,false,1,4.90,20.4167,true,1,132068
5900020025647,false,חטיף דגנים פיטנס שוקולד חלב 135 גרם מארז 6 יחידות,קבוצת אוסם סחר שותפות מוגבלת,PL,פיטנס בר דליס שוקולד חלב מאח.9 6*22.5ג,גרמים,135.00,100 גרם,false,1,17.90,13.2593,true,1,108659
5900020026552,false,דגני בוקר האני נאט צ'יריוס בטעם דבש ושקדים,קבוצת אוסם סחר שותפות מוגבלת,FR,דגני האני נאט ציריוס 625 גרם,גרמים,625.00,100 גרם,false,1,27.90,4.4640,true,1,111699
5900020034991,false,דגני בוקר צדפים בטעם שוקולד 450 ג' קראנץ',קבוצת אוסם סחר שותפות מוגבלת,PL,דגני קראנץ צדפים בטעם שוקולד450גרםN9,גרמים,450.00,100 גרם,false,1,27.90,6.2000,true,1,132591
5900020039613,false,חטיף דגנים שקדים ודבש 6*23.5 ג' פיטנס,נסטלה,IT,פיטנס חטיף דגנים שקדים ודבש,גרמים,24.00,100 גרם,false,1,4.90,20.4167,true,1,132069
5900907000583,false,מלפפון בחומץ 920 גרם צנצנת,דברים טובים סגל בעמ,,מלפפונים בחומץ 920גרם,גרמים,920.00,100 גרם,false,1,16.90,1.8370,true,1,46077
5900907000965,false,פטיסון מלפפון בחומץ 910 גר`צנצנת,דברים טובים סגל בעמ,PL,פטיסון בחומץ 910 גרם,גרמים,910.00,100 גרם,false,1,21.90,2.4066,true,1,128237
5900907001429,false,תערובת ירקות בחומץ 910 גרם צנצנת,דברים טובים סגל בעמ,,אסורטי 910גרם,גרמים,910.00,100 גרם,false,1,17.90,1.9670,true,1,46586
5900907001450,false,מלפפון במלח צנצנת 920 גרם,דברים טובים סגל בעמ,PL,מלפפון במלח 910 גרם,גרמים,910.00,100 גרם,false,1,17.90,1.9670,true,1,128235
5900907001474,false,עגבניות אדומות בחומץ 920 גרם צנצנת,דברים טובים סגל בעמ,,עגבניות אדומות בחומץ 920 גרם,גרמים,920.00,100 גרם,false,1,16.90,1.8370,true,1,128227
5900951283963,false,חטיף סניקרס עם חמאת בוטנים Creamy Peanut Butter,"מרס ריגלי ישראל בע""מ",PL,dro סניקרס קרימי ח.בוטנים 36.5,גרמים,37.00,100 גרם,false,1,6.90,18.6486,true,1,132651
5901414200411,false,בלזן היט מיני ביסקוויט סנדוויץ' עם מילוי קרם בטעם שוקולד 130 גרם,ליימן שליסל בע`מ,PL,עוגיות היט מיני קקאו 130 גרם,גרמים,130.00,100 גרם,false,1,9.00,6.9231,true,1,23822
5902198160403,false,XL משקה אנרגיה מוגז ללא סוכר עד 10 קלוריות לפחית 250 מל,"טמפו משקאות בע""\מ",IL,"משקה אנרגיה XL TEN פחית 250 מ""ל",מיליליטרים,250.00,"100 מ""ל",false,1,7.90,3.1600,true,1,114149
5904941750312,false,"משקה אנרגיה BLU מוחיטו בודד 250 מ""ל",בני פאוזי שמשום (2009) בעמ,PL,בלו משקה אנרגיה מוגז 250 מל,מיליליטרים,250.00,"100 מ""ל",false,1,8.90,3.5600,true,1,91078
5904941751302,false,משקה אנרגיה בפחית בלו (250 מל),בני פאוזי שמשום (2009) בעמ,PL,בלו משקה אנרגיה מוגז 250 מל,מיליליטרים,250.00,"100 מ""ל",false,1,8.90,3.5600,true,1,49876
5904941751524,false,"משקה אנרגיה BLU DAY אבטיח בודד 250 מ""ל",בני פאוזי שמשום (2009) בעמ,PL,בלו משקה אנרגיה מוגז 250 מל,מיליליטרים,250.00,"100 מ""ל",false,1,8.90,3.5600,true,1,91079
5904941751920,false,בלו משקה אנרגיה דיי חצי מכמות הקלו250 מל,בני פאוזי שמשום (2009) בעמ,PL,בלו משקה אנרגיה מוגז 250 מל,מיליליטרים,250.00,"100 מ""ל",false,1,8.90,3.5600,true,1,85249
5904941752262,false,משקה אנרגיה בטעם לימון ליים ללא תוספת סוכר,בני פאוזי שמשום (2009) בעמ,PL,בלו משקה אנרגיה מוגז 250 מל,מיליליטרים,250.00,"100 מ""ל",false,1,8.90,3.5600,true,1,128002
5905643070845,false,לפתן חמוציות סדרת אוצרות יער,דברים טובים סגל בעמ,PL,חמוציות בסירופ קל 400 גרם,גרמים,400.00,100 גרם,false,1,11.90,2.9750,true,1,125548
5905643070852,false,פטל בסירופ קל 400 גר,,PL,פטל בסירופ קל 400 גרם,גרמים,400.00,100 גרם,false,1,11.90,2.9750,true,1,125542
5905643070869,false,אוכמניות כחולות בסיר,"קזברוק,ג'.א. קסול",PL,אוכ כחולות בסירופ קל 400 גרם,גרמים,400.00,100 גרם,false,1,11.90,2.9750,true,1,128229
5905643070876,false,פטל שחור בסירופ קל 4,,PL,פטל שחור בסירופ קל 400 גרם,גרמים,400.00,100 גרם,false,1,11.90,2.9750,true,1,124734
5905643070883,false,תות שדה בסירופ קל 40,,PL,תות שדה בסירופ קל 400 גרם,גרמים,400.00,100 גרם,false,1,11.90,2.9750,true,1,124732
5905643070906,false,תערובת פירות בסירופ,העידן האורגני,,תערובת פירות בסירופ קל 400 גרם,גרמים,400.00,100 גרם,false,1,11.90,2.9750,true,1,117551
5905643071644,false,סירופ אוכמניות שחורו,,PL,אוכ שחורות בסירופ קל 400 גרם,גרמים,400.00,100 גרם,false,1,11.90,2.9750,true,1,117552
5906485301012,false,משקה אנרגיה XL מוגז פחית 250 מל,טמפו משקאות בע`מ,IL,אקס אל אנרג'י דרינק משקה אנרגיה מוגז,מיליליטרים,250.00,"100 מ""ל",false,1,7.90,3.1600,true,1,25560
5998623526739,false,יין גוורצטרמינר חצי מתוק סי גראס 750 מ,מ. אקרמן בעמ,HU,"יין גוורצטרמינר סי גראס 750 מ""ל",מיליליטרים,750.00,"100 מ""ל",false,1,49.90,6.6533,true,1,126794
6001067017530,false,מברשת שיניים קולגייט לילדים מגיל שנתיים עד חמש 1 יחידה,יבואן ומשווק: ש. שסט,CN,קולגייט מברשת שיניים ילדים ספיידרמן/ברבי גילאי 2-5,יחידה,1.00,יחידה,false,1,15.90,15.9000,true,1,91198
6001067024446,false,מברשת שיניים אקסטרא קלין קולגייט שלישיה,פארמה דיל (פ.א.ב.) שיווק והפצה,,קולגייט מברשת שיניים אקסטרה קל,Unknown,0.00,Unknown,false,1,18.90,0.0000,true,1,81303
6008165003984,false,סיגריות פאל מאל כחול סטרים פילט בודד,גלוברנדס בעמ - שיווק סיגריות,,סיגריות פאל מל כחול סטרים חפיסה בודד,לא מנהל יחידת מידה,0.00,לא מנהל יחידת מידה,false,1,31.40,0.0000,false,1,94502
6008165274629,false,פאל מאל כחול ארוך סטרים פילטר חפיסה,גלוברנדס בעמ - שיווק סיגריות,,סיגריות פאל מאל כחול ארוך סטרים חפיסה בו,לא מנהל יחידת מידה,0.00,לא מנהל יחידת מידה,false,1,31.40,0.0000,false,1,109350
6253017300012,false,טחינה קראוון המקורית,אחדות ביחר לטחינה ח,IL,טחינה קראוון המקורית 500 גרם,גרמים,500.00,100 גרם,false,1,17.90,3.5800,true,1,86768
6253341100029,false,טחינה עאייש 100% שומ,עומר עאייש שכם,PS,טחינה עאייש 100% שומשום 450 גרם,גרמים,450.00,100 גרם,false,1,13.90,3.0889,true,1,125317
6908235694404,false,אוזניות מיקרופון אוניברסליות,ארטוס,,אוזניות מיקרופון אוניברסליות,יחידה,1.00,יחידה,false,1,29.90,29.9000,true,1,125887
6926572510386,false,סוכריית לקקן גלי ממו,אחים מזרחי,,סוכריית לקקן גלי ממותג,לא מנהל יחידת מידה,0.00,לא מנהל יחידת מידה,false,1,5.50,0.0000,true,1,7718
6928542902795,false,פרש דפי ריענון כחול,שאטו בלוו,CN,פרש דפי ריענון כחול,לא מנהל יחידת מידה,0.00,לא מנהל יחידת מידה,false,1,7.90,0.0000,true,1,32238
6928542902801,false,פרש דפי ריענון מנטה,שאטו בלוו,CN,פרש דפי ריענון מנטה ירוק,לא מנהל יחידת מידה,0.00,לא מנהל יחידת מידה,false,1,7.90,0.0000,true,1,32239
6928542902818,false,דפי רענון מנטה אדום,שאטו בלוו,CN,פרש דפי ריענון תות אדום,לא מנהל יחידת מידה,0.00,לא מנהל יחידת מידה,false,1,7.90,0.0000,true,1,32247
6971060682700,false,קובי פרו טבק 2000 ש,shenzhen shengsi,CN,קובי פרו טבק 2000 שאיפות,יחידה,1.00,יחידה,false,1,79.90,79.9000,false,1,133356
6971578994548,false,HQD סיגריה אלקטרוני,shenzhen shengsi,CN,HQD סיגריה אלקטרונית אוכמניות 1200 שאיפ,יחידה,1.00,יחידה,false,1,99.90,99.9000,false,1,133404
7262626055168,false,זוג קלפים ACE איכותי 6 קופסאות בדיספליי,,,חפיסת קלפי משחק,יחידה,1.00,יחידה,false,1,19.90,19.9000,true,1,129792
7290000005588,false,מיני סופגניה ללא ריב,גדרון,IL,מיני סופגניה ללא ריבה 40 גרם,גרמים,40.00,100 גרם,false,1,3.90,9.7500,true,1,134809
7290000008384,false,דונאטס במגוון טעמים,פילסברי,IL,דונאטס במגוון טעמים,יחידה,1.00,יחידה,false,1,6.90,6.9000,true,1,128288
7290000021000,false,עוגת פס בלק פורסט כש,איתנס,,"עוגת פס בלק פורסט כשל""פ",יחידה,1.00,יחידה,false,1,69.90,69.9000,true,1,112934
7290000023809,false,קלאסיק קברנה סובניון יקבי ברקן (750 מל),יקבי ברקן שיווק והפצה בע,IL,ברקן קלאסיק קברנה סוביניון יין אדום יבש 2015,מיליליטרים,750.00,"100 מ""ל",false,1,39.90,5.3200,true,1,1942
7290000023816,false,קלאסיק אמרלד ריזלינג יקבי ברקן (750 מל),יקבי ברקן שיווק והפצה בע,IL,ברקן קלאסיק אמרלד ריזלינג יין לבן חצי יבש 2016,מיליליטרים,750.00,"100 מ""ל",false,1,39.90,5.3200,true,1,1943
7290000023977,false,קלאסיק מרלו יקבי ברקן (750 מל),יקבי ברקן שיווק והפצה בע,IL,ברקן קלאסיק מרלו יין אדום יבש 2015 750 מל,מיליליטרים,750.00,"100 מ""ל",false,1,39.90,5.3200,true,1,1953
7290000024202,false,רזרב קברנה סובניון יקבי ברקן (750 מל),ברקן שיווק והפצה בעמ,IL,ברקן רזרב יין קברנה סוביניון אדום יבש 750 מל,מיליליטרים,750.00,"100 מ""ל",false,1,54.90,7.3200,true,1,1985
7290000024264,false,רזרב מרלו יקבי ברקן (750 מל),"כרמי צבי - אחים סגל בע""\",IL,ברקן רזרב מרלו,מיליליטרים,750.00,"100 מ""ל",false,1,54.90,7.3200,true,1,1990
7290000024523,false,"תירוש של סגל ,מיץ ענבים , 1 ליטר",כרמי צבי - האחים סגל,IL,מיץ ענבים תירוש סגל 1 ליטר,ליטרים,1.00,ליטר,false,1,18.90,18.9000,true,1,103218
7290000040042,false,יופלה יוגורט תות %3 גביע 150 גרם,"תנובה בע""מ ***",IL,יופלה יוגורט תות %3 גביע 150 גרם,גרמים,150.00,100 גרם,false,1,5.70,3.8000,true,1,3997
7290000040066,false,יופלה יוגורט דובדבן %3 גביע 150 גרם,תנובה מרכז שיתופי לש,IL,יופלה יוגורט דובדבן %3 גביע 150 גרם,גרמים,150.00,100 גרם,false,1,5.70,3.8000,true,1,4047
7290000040080,false,יופלה יוגורט אפרסק %3 גביע 150 גרם,"תנובה בע""מ ***",IL,יופלה יוגורט אפרסק %3 גביע 150 גרם,גרמים,150.00,100 גרם,false,1,5.70,3.8000,true,1,4052
7290000040301,false,תנובה עין גדי קממבר מחלב בקר 24% שומן,תנובה מרכז שיתופי לש,IL,קממבר 24%,גרמים,125.00,100 גרם,false,1,22.90,18.3200,true,1,4179
7290000040318,false,גבינת עדי ברי 24% קולאז` (125 גרם)קולקש,תנובה מרכז שיתופי לש,IL,גבינה רכה בשלה מחלב בקר,גרמים,125.00,100 גרם,false,1,22.90,18.3200,true,1,4181
7290000040974,false,חלב 2% דל לקטוז בקרטון תנובה (1 ליטר),תנובה מרכז שיתופי לש,IL,חלב תנובה דל לקטוז 2% שומן 1 ליטר,ליטרים,1.00,ליטר,false,1,7.90,7.9000,true,1,75284
7290000041858,false,"שמנת חמוצה 15% מועשרת יטבתה 200 מ""ל",שטראוס גרופ בעמ/מצונן,IL,שמנת חמוצה 15% מועשרת מהדרין,מיליליטרים,200.00,"100 מ""ל",false,1,2.90,1.4500,true,1,4390
7290000042015,false,חלב 3% בשקית בדצ תנובה (1 ליטר)פיקוח,תנובה מרכז שיתופי לש,IL,"חלב 3% שקית בד""ץ פיקוח 1 ליטר",ליטרים,1.00,ליטר,false,1,5.43,5.4300,true,1,4414
7290000042435,false,חלב דל שומן 1% בקרטון תנובה (1 ליטר)פיק,תנובה מרכז שיתופי לש,IL,תנובה חלב טרי 1% שומן,ליטרים,1.00,ליטר,false,1,5.86,5.8600,true,1,4451
7290000042640,false,"חלב תנובה עמיד 3% קרטון 250 מ""ל",תנובה מרכז שיתופי לש,IL,תנובה חלב עמיד 3% שומן 250 מל,מיליליטרים,250.00,"100 מ""ל",false,1,3.20,1.2800,true,1,12185
7290000042855,false,"שוקו בשקית 250 מ""ל ""יטבתה""",שטראוס גרופ בעמ/מצונן,,"שוקו יטבתה בשקית 225 מ""ל",מיליליטרים,225.00,"100 מ""ל",false,1,3.50,1.5556,true,1,4478
7290000043012,false,"שוקו עמיד 2% בקרטון 250 מ""ל תנובה",תנובה מרכז שיתופי לש,IL,תנובה שוקו עמיד 2% שומן 250 מל,מיליליטרים,250.00,"100 מ""ל",false,1,5.20,2.0800,true,1,4486
7290000043111,false,תנובה חמאה 200 גרם - מוצר בפיקוח,תנובה מרכז שיתופי לש,IL,חמאה תנובה 200 גרם,גרמים,200.00,100 גרם,false,1,8.50,4.2500,true,1,4487
7290000043814,false,השף הלבן שמנת להקצפה 38% שומן 250 מל - מוצר בפיקוח,תנובה מרכז שיתופי לש,IL,השף הלבן שמנת להקצפה 38% שומן 250 מל,מיליליטרים,250.00,"100 מ""ל",false,1,6.47,2.5880,true,1,4635
7290000043890,false,תנובה רויון לבן מחלב מפסוטר 1.5%,תנובה מרכז שיתופי לש,IL,תנובה רויון לבן מחלב מפסוטר 1.5% 1 ליטר,ליטרים,1.00,ליטר,false,1,13.50,13.5000,true,1,4657
7290000043944,false,כד יוגורט תנובה 4% שומן 1.5 ליטר,מיוצר עי קונדיטוריית,IL,יוגורט 4.5% בכד תנובה 1.5 ליטר,ליטרים,1.50,ליטר,false,1,18.90,12.6000,true,1,4670
7290000045580,false,גבינה מותכת נעמה חורש תנובה 240 גרם,תנובה מרכז שיתופי לש,IL,נעמה גבינה מותכת משולשים 25% שומן,גרמים,240.00,100 גרם,false,1,20.90,8.7083,true,1,4752
7290000045917,false,תנובה פרומעז גבינה מותכת מחלב עיזים 23% שומן,תנובה בעמ ***,IL,תנובה פרומעז גבינה מותכת מחלב עיזים 23% שומן,גרמים,200.00,100 גרם,false,1,28.90,14.4500,true,1,4770
7290000046327,false,גלבוע גבינה צהובה פרוסה 22% תנובה 200 גרם,תנובה מרכז שיתופי לש,IL,גלבוע גבינה צהובה חצי קשה פרוס 22% שומן,גרמים,200.00,100 גרם,false,1,15.50,7.7500,true,1,4804
7290000047546,false,השף הלבן כנען גבינה לבנה דלת נתרן 5% תנובה 500 גרם,תנובה מרכז שיתופי לש,IL,גבינה כנען500 גרם 5% שומן,גרמים,500.00,100 גרם,false,1,26.90,5.3800,true,1,4930
7290000048185,false,גבינה לבנה 5% תנובה 250 גרם מהדרין,מיוצר עי קונדיטוריית,IL,גבינה למריחה 5% תנובה פיקוח 250 גרם,גרמים,250.00,100 גרם,false,1,4.98,1.9920,true,1,4964
7290000048192,false,גבינה לבנה 9% תנובה 250 גרם מהדרין,מחלבת אלון תבור,IL,גבינה למריחה 9% תנובה 250 גרם,גרמים,250.00,100 גרם,false,1,4.90,1.9600,true,1,4965
7290000048413,false,גבינה חמד (25016% גרם)פיראוס תנובה,תנובה מרכז שיתופי לש,IL,פיראוס חמד גבינה כפרית מלוחה 16% שומן,גרמים,250.00,100 גרם,false,1,20.90,8.3600,true,1,4986
7290000048437,false,גבינת צפתית (2005% גרם)פיראוס תנובה,פארייפאבה אגרואינדוס,IL,גבינה צפתית 5% שומן,גרמים,200.00,100 גרם,false,1,17.50,8.7500,true,1,4995
7290000049458,false,גבינה בולגרית עיזים (25016% גרם)פיראוס,תנובה מרכז שיתופי לש,IL,פיראוס פטה עיזים 16% שומן,גרמים,250.00,100 גרם,false,1,30.90,12.3600,true,1,5125
7290000050447,false,"יוגורט ביו בטעם תות YYY יופלה 500 מ""ל",מיוצר עי קונדיטוריית,IL,יופלה תות 3% גביע 500 גרם,גרמים,500.00,100 גרם,false,1,15.50,3.1000,true,1,56329
7290000051307,false,"מארז הפסקת אוכל עם דגני עוגי ומשקה חלב עמיד בטעם וניל 150 מ""ל",תנובה מרכז שיתופי לש,IL,מארז הפסקת אוכל חלב+דגני עוגי,לא מנהל יחידת מידה,0.00,לא מנהל יחידת מידה,false,1,10.90,0.0000,true,1,59642
7290000051710,false,פיראוס גבינת לאבנה אסלית על בסיס יוגורט תנובה 263 גרם,"תנובה, מחלבת אלון תב",IL,פיראוס לאבנה אסלית עם שמן זית וזעתר על בסיס יוגורט,גרמים,263.00,100 גרם,false,1,15.50,5.8935,true,1,62165
7290000052649,false,לאבנה אסלית (5005% גרם)פיראוס תנובה,תנובה מרכז שיתופי לש,IL,פיראוס לאבנה אסלית 5% שומן,גרמים,500.00,100 גרם,false,1,21.90,4.3800,true,1,68506
7290000052717,false,גבינת קוטג' שום שמיר 5% תנובה 250 גרם,מיוצר עי קונדיטוריית,IL,קוטג 5% עם שום שמיר 250 גרם,גרמים,250.00,100 גרם,false,1,6.10,2.4400,true,1,88040
7290000055206,false,גבינה לבנה 5% בטעם בצל מטוגן 250 ג' תנובה,תנובה מרכז שיתופי לש,IL,גבינה לבנה 5% בצל מטוגן 250 גרם,גרמים,250.00,100 גרם,false,1,6.20,2.4800,true,1,81404
7290000055329,false,"משקה בוקר יוגורט 1.5% בטעם תות מלון יופלה 250 מ""ל",תנובה מרכז שיתופי לש,IL,"משקה יוגורט יופלה תות מלון 250 מ""ל",מיליליטרים,250.00,"100 מ""ל",false,1,6.90,2.7600,true,1,77598
7290000055336,false,"משקה יוגורט 1.5% בטעם בננה אפרסק יופלה 250 מ""ל",תנובה מרכז שיתופי לש,IL,"משקה יוגורט יופלה בננה אפרסק 250 מ""ל",מיליליטרים,250.00,"100 מ""ל",false,1,6.90,2.7600,true,1,77599
7290000055343,false,משקה יוגורט יופלה פירות טרופיים 250 גרם,תנובה מרכז שיתופי לש,IL,"משקה יוגורט יופלה טרופי 250 מ""ל",מיליליטרים,250.00,"100 מ""ל",false,1,6.90,2.7600,true,1,77600
7290000055893,false,חמאה משמנת מפוסטרת 200גרם 82% כ.מהדרין - מוצר בפיקוח,תנובה מרכז שיתופי לש,IL,חמאה תנובה 200 גרם,גרמים,200.00,100 גרם,false,1,8.50,4.2500,true,1,92903
7290000056272,false,גבינה לבנה 5% עם זיתים ירוקים 250 ג' תנובה,תנובה מרכז שיתופי לש,IL,גבינה לבנה 5% זיתים 250 גרם,גרמים,250.00,100 גרם,false,1,6.20,2.4800,true,1,81415
7290000056845,false,תנובה חלב טרי 3% שומן 1.5 ליטר - מוצר בפיקוח,פארייפאבה אגרואינדוס,IL,תנובה חלב טרי 3% שומן אריזת נוחות,ליטרים,1.50,ליטר,false,1,9.34,6.2267,true,1,82522
7290000056906,false,מאגדת לבן טבעי 1.5% שומן 8 יח' * 150 ג' יופלה,מחלבת אלון תבור,IL,מאגדת יופלה לבן 1.5% שמינייה,קילוגרמים,1.20,"ק""ג",false,1,19.90,16.5833,true,1,80544
7290000057088,false,עמק גבינה צהובה פרוסה דק דק 28% תנובה 200 גרם,תנובה מרכז שיתופי לש,IL,גבינה עמק 28% דק 200 גרם,גרמים,200.00,100 גרם,false,1,18.90,9.4500,true,1,82254
7290000057118,false,גבינה צהובה עמק 28% שומן ואקום 400 גרם,תנובה מרכז שיתופי לש,IL,גבינת עמק קלאסית חצי קשה פרוסות 28% שומן,גרמים,400.00,100 גרם,false,1,24.90,6.2250,true,1,82365
7290000058030,false,"שמיניית יופלה שטוזים משקה יוגורט תות 100 מ""ל",מיוצר עי קונדיטוריית,IL,יופלה משקה יוגורט תות 800 מל,מיליליטרים,800.00,"100 מ""ל",false,1,21.90,2.7375,true,1,84673
7290000058580,false,קוקילידה בטעם וניל עם עוגיות שוקולד גלידות נסטלה 80 גרם,נגה גלידות שותפות מוגבלת,IL,נסטלה קוקילידה 28*80גרם,גרמים,80.00,100 גרם,false,1,12.50,15.6250,true,1,13203
7290000060071,false,אוסם - חטיפי פריכונים מאורז מלא קלוי 80גר,קבוצת אוסם סחר שותפות מוגבלת,IL,אסם חטיפי פריכונים טבעי 12*80גרם,גרמים,80.00,100 גרם,false,1,9.90,12.3750,true,1,6651
7290000060200,false,פסטה אסם פתיתים אפויים קוסקוס 500גר,קבוצת אוסם סחר שותפות מוגבלת,IL,פתיתים אפויים קוסקוס 500 גרם,גרמים,500.00,100 גרם,false,1,8.90,1.7800,true,1,6675
7290000060248,false,פסטה אסם פתיתים תלתלים 500 גר',קבוצת אוסם סחר שותפות מוגבלת,IT,אסם פסטה תלתלים 12*500גרם,גרמים,500.00,100 גרם,false,1,6.90,1.3800,true,1,6679
7290000060408,false,פסטה אסם פתיתים אפויים טבעות 500 גר,קבוצת אוסם סחר שותפות מוגבלת,IL,אסם פתיתים אפויים טבעות 12*500גרם,גרמים,500.00,100 גרם,false,1,8.90,1.7800,true,1,6689
7290000060576,false,פתיתים אפויים כוכבים אסם (500 גרם),קבוצת אוסם סחר שותפות מוגבלת,IL,אסם פתיתים אפויים כוכבים 12*500גרם,גרמים,500.00,100 גרם,false,1,8.90,1.7800,true,1,6699
7290000060781,false,פרומנטי פתיתים מסולסלים אוסם,קבוצת אוסם סחר שותפות מוגבלת,IT,אסם פסטה מסולסלים לאחר הפסח 12*500גרם,גרמים,500.00,100 גרם,false,1,6.90,1.3800,true,1,6709
7290000060811,false,טילון אקסטרים מטבע ענק שוקולד נסטלה 120 גרם,תות תעשיות מזון (201,IL,אקסטרים ענק מטבע שוקולד 16*120גרם,גרמים,141.00,100 גרם,false,1,12.50,8.8652,true,1,89225
7290000060842,false,פסטה אסם פתיתים צדפים גדולים 500גר,קבוצת אוסם סחר שותפות מוגבלת,IT,אסם פסטה צדפים גדולים 12*500גרם,גרמים,500.00,100 גרם,false,1,6.90,1.3800,true,1,6714
7290000060859,false,פסטה אסם פתיתים צדפים קטנים 500גר,קבוצת אוסם סחר-שות.מוגבלת,IT,אסם פסטה צדפים קטנים 24 20*500גרם,גרמים,500.00,100 גרם,false,1,6.90,1.3800,true,1,6715
7290000060880,false,פסטה ספגטי מספר 8 אסם 500 גרם,קבוצת אוסם סחר שותפות מוגבלת,IT,ספגטי אסם 500 גרם,גרמים,500.00,100 גרם,false,1,6.90,1.3800,true,1,6717
7290000060903,false,פסטה אסם פתיתים אפויים אורז 500גר,קבוצת אוסם סחר שותפות מוגבלת,IL,אסם פתיתים אפויים אורז 12*500גרם,גרמים,500.00,100 גרם,false,1,8.90,1.7800,true,1,6718
7290000060965,false,פסטה אסם אטריות רחבות 400גר,קבוצת אוסם סחר שותפות מוגבלת,IL,אסם אטריות רחבות 12*400גרם,גרמים,400.00,100 גרם,false,1,8.90,2.2250,true,1,6723
7290000061245,false,עוגיות שוקוצ'יפס במילוי שוקולד אסם 220 גרם,קבוצת אוסם סחר-שות.מוגבלת,IL,אסם עוגיות שוקוצ'יפס ממולאות 12*220גרם,גרמים,220.00,100 גרם,false,1,14.90,6.7727,true,1,6788
7290000062952,false,אוסם - מיני קרוטונים למרק ולסלט 250 גרם,קבוצת אוסם סחר שותפות מוגבלת,IL,אסם מיני קרוטונים למרק וסלט 12*250גרם,גרמים,250.00,100 גרם,false,1,18.90,7.5600,true,1,49534
7290000063102,false,קמח עוגה תופח מאליו אסם 350 גרם,קבוצת אוסם סחר שותפות מוגבלת,IL,קמח תופח אסם 350 גרם,גרמים,350.00,100 גרם,false,1,5.90,1.6857,true,1,7000
7290000063157,false,"קמח עוגה תופח מאליו אסם 1 ק""ג",קבוצת אוסם סחר שותפות מוגבלת,IL,"קמח תופח מאליו 1 ק""ג אסם",קילוגרמים,1.00,"ק""ג",false,1,10.90,10.9000,true,1,7010
7290000064758,false,קוסקוס בינוני אמיתי אסם 350 ג',קבוצת אוסם סחר שותפות מוגבלת,IL,אסם קוסקוס אמיתי 12*350גרם,גרמים,350.00,100 גרם,false,1,9.90,2.8286,true,1,15300
7290000065335,false,אוסם - מנה חמה פירה עם ירקות 55 גרם,קבוצת אוסם סחר שותפות מוגבלת,IL,מנה חמה פירה וירקות 12*55גרם,גרמים,55.00,100 גרם,false,1,9.90,18.0000,true,1,7176
7290000065540,false,אוסם - מנה חמה פסטה מוקרמת בטעם עוף 55 גרם,קבוצת אוסם סחר שותפות מוגבלת,IL,מנה חמה פסטה מוקרמת בדץ 12*55גרם,גרמים,55.00,100 גרם,false,1,9.90,18.0000,true,1,7181
7290000065557,false,אוסם - מנה חמה קוסקוס עם ירקות 84 גרם,קבוצת אוסם סחר שותפות מוגבלת,IL,מנה חמה קוסקוס וירקות בדצ 12*84גרם,גרמים,84.00,100 גרם,false,1,9.90,11.7857,true,1,7182
7290000066141,false,ביסלי חטיף בטעם גריל אסם (70 גרם),קבוצת אוסם סחר שותפות מוגבלת,IL,ביסלי גריל 48*70גרם,גרמים,70.00,100 גרם,false,1,6.90,9.8571,true,1,7280
7290000066172,false,ביסלי חטיף בטעם פיצה אסם (70 גרם),קבוצת אוסם סחר-שות.מוגבלת,IL,ביסלי פיצה 24*70גרם,גרמים,70.00,100 גרם,false,1,6.90,9.8571,true,1,7283
7290000066196,false,ביסלי חטיף בטעם גריל אסם (200 גרם),קבוצת אוסם סחר שותפות מוגבלת,IL,ביסלי גריל 25*200גרם,גרמים,200.00,100 גרם,false,1,12.50,6.2500,true,1,7285
7290000066226,false,ביסלי חטיף בטעם פיצה אסם (200 גרם),קבוצת אוסם סחר שותפות מוגבלת,IL,ביסלי פיצה 25*200גרם,גרמים,200.00,100 גרם,false,1,12.50,6.2500,true,1,7288
7290000066318,false,במבה חטיף בוטנים אסם 80 גרם,קבוצת אוסם סחר שותפות מוגבלת,IL,במבה קלאסי 40*80גרם,גרמים,80.00,100 גרם,false,1,7.90,9.8750,true,1,7335
7290000066332,false,אפרופו חטיף תירס אסם (50 גרם),קבוצת אוסם סחר שותפות מוגבלת,IL,אפרופו 36*50גרם,גרמים,50.00,100 גרם,false,1,7.90,15.8000,true,1,7336
7290000066349,false,אפרופו חטיף תירס אסם (100 גרם),קבוצת אוסם סחר-שות.מוגבלת,IL,אפרופו 20*100גרם,גרמים,100.00,100 גרם,false,1,11.90,11.9000,true,1,7337
7290000066431,false,פופקו חטיף פופקורן בטעם חמאה ודבש אסם 80 גרם,קבוצת אוסם סחר שותפות מוגבלת,IL,פופקו חמאה ודבש 40*80גרם,גרמים,80.00,100 גרם,false,1,7.90,9.8750,true,1,7339
7290000067599,false,מנה חמה ספגטי ברוטב בולונז אסם 65 גרם,קבוצת אוסם סחר שותפות מוגבלת,IL,מנה חמה ספגטי בולונז 12*65גרם,גרמים,65.00,100 גרם,false,1,9.90,15.2308,true,1,7470
7290000068138,false,אינסטנט פודינג בטעם וניל אסם 80 גרם,קבוצת אוסם סחר שותפות מוגבלת,IL,אסם פודינג אינסטנט וניל 12*80גרם,גרמים,80.00,100 גרם,false,1,6.50,8.1250,true,1,7556
7290000068343,false,אסם פריכונים פרוסות קלויות מלא,קבוצת אוסם סחר שותפות מוגבלת,IL,אסם פריכונים מאורז מלא 12*140גרם,גרמים,140.00,100 גרם,false,1,9.90,7.0714,true,1,7587
7290000070308,false,אבקת מרק עוף אמיתי בשרי אסם 400 גרם,קבוצת אוסם סחר שותפות מוגבלת,IL,אסם מרק עוף אמיתי חתם סופר כלפ.6*400גרם,גרמים,400.00,100 גרם,false,1,25.90,6.4750,true,1,7801
7290000070353,false,אבקת מרק בצל רכיבים טבעיים אסם 400 גרם,קבוצת אוסם סחר שותפות מוגבלת,IL,"מרק בצל כשל""פ 400 גרם",גרמים,400.00,100 גרם,false,1,32.90,8.2250,true,1,7803
7290000071008,false,בייגלה שטוחים טבעות עם מלח אסם (60 גרם),קבוצת אוסם סחר שותפות מוגבלת,IL,אסם בייגלה שטוחים מלח 24*60גרם,גרמים,60.00,100 גרם,false,1,5.00,8.3333,true,1,72750
7290000072067,false,במבה חטיף בוטנים במילוי קרם חלבה 60 גרם,קבוצת אסם סחר שות. מוגבלת,IL,במבה במילוי קרם חלבה 36*60גרם,גרמים,60.00,100 גרם,false,1,7.90,13.1667,true,1,63923
7290000072623,false,קטשופ אסם בקבוק לחיץ 750 גרם,קבוצת אוסם סחר שותפות מוגבלת,IL,אסם קטשופ בקבוק לחיץ 9*750גרם-חדש,גרמים,750.00,100 גרם,false,1,13.90,1.8533,true,1,7858
7290000072753,false,קפה נמס מגורען טסטרס צ'ויס 200 גרם-,קבוצת אוסם סחר שותפות מוגבלת,,טייסטרס צ'וייס 12*200גרם,גרמים,200.00,100 גרם,false,1,35.90,17.9500,true,1,7862
7290000072777,false,קפה נמס מגורען נטול קפאין טסטרס צ'ויס 200 גרם,קבוצת אוסם סחר שותפות מוגבלת,,טייסטרס צוייס נטול קופאין 12*200גרם,גרמים,200.00,100 גרם,false,1,39.90,19.9500,true,1,7864
7290000072968,false,דגני בוקר סיני מיניס חיטה מלאה וקינמון נסטלה 500 גרם,קבוצת אוסם סחר-שות.מוגבלת,PL,דגני סיני מיניס קינמון 500 גרם,גרמים,500.00,100 גרם,false,1,27.90,5.5800,true,1,8376
7290000073125,false,מנה חמה פסטה ברוטב עגבניות אסם (62 גרם),קבוצת אוסם סחר שותפות מוגבלת,IL,מנה חמה פסטה עם עגבניות ר.טבע. בדץ12*62ג,גרמים,62.00,100 גרם,false,1,9.90,15.9677,true,1,9200
7290000073699,false,סלט חומוס צבר 150 גרם,קבוצת אוסם סחר שותפות מוגבלת,IL,סלטי צבר חומוס חלק 6*150גרם,גרמים,150.00,100 גרם,false,1,6.50,4.3333,true,1,88892
7290000074153,false,ביסקוויט פתי בר שוקולד אסם (500 גרם),קבוצת אוסם סחר שותפות מוגבלת,IL,אסם פתי בר שוקו 12*500גרם,גרמים,500.00,100 גרם,false,1,18.90,3.7800,true,1,9271
7290000074184,false,ביסקוויט פתי בר אסם (500 גרם),קבוצת אוסם סחר שותפות מוגבלת,IL,אסם פתי בר 12*500גרם,גרמים,500.00,100 גרם,false,1,16.90,3.3800,true,1,9275
7290000074245,false,אוסם - קרם קרקר אסם 250 גרם,קבוצת אוסם סחר שותפות מוגבלת,IL,אסם קרם קרקר 12*250גרם,גרמים,250.00,100 גרם,false,1,11.90,4.7600,true,1,9277
7290000074276,false,קרקר פיקנטי טבעון 250 ג' אסם,קבוצת אוסם סחר שותפות מוגבלת,IL,אסם קרקר פיקנטי 12*250גרם,גרמים,250.00,100 גרם,false,1,11.90,4.7600,true,1,9279
7290000074375,false,אוסם - קרקר זהב 150 גרם,קבוצת אוסם סחר שותפות מוגבלת,IL,אסם קרקר זהב 12*150גרם,גרמים,150.00,100 גרם,false,1,10.00,6.6667,true,1,9283
7290000074481,false,קרקר לחמית אגוזים אסם (160 גרם),קבוצת אסם סחר שות. מוגבלת,IL,לחמית אגוזים 12*160גרם,גרמים,160.00,100 גרם,false,1,11.90,7.4375,true,1,80941
7290000075143,false,אסם עוגיות שוקוצ'יפס קלאסי 200 גרם,קבוצת אוסם סחר-שות.מוגבלת,IL,אסם עוגיות שוקוצ'יפס קלאסי 12*200גרם,גרמים,200.00,100 גרם,false,1,14.90,7.4500,true,1,9304
7290000075204,false,קרקר לחמית חיטה מלאה אסם (250 גרם),קבוצת אוסם סחר שותפות מוגבלת,IL,לחמית חיטה מלאה 10*250גרם חדש,גרמים,250.00,100 גרם,false,1,11.90,4.7600,true,1,9305
7290000075693,false,עוגת הבית שמרים בריוש שוקולד אסם 360 גרם,קבוצת אסם סחר שות. מוגבלת,IL,הבית עוגת שמרים בריוש שוקולד 8*360גרם,גרמים,360.00,100 גרם,false,1,20.90,5.8056,true,1,62613
7290000076126,false,אוסם - בייגלה שמיניות קטנות 80 גרם,קבוצת אוסם סחר שותפות מוגבלת,IL,אסם בייגלה שמיניות קטנות 24*80גרם,גרמים,80.00,100 גרם,false,1,5.00,6.2500,true,1,9330
7290000076133,false,בייגלה שמיניות קטנות עם מלח אסם 400 גרם,קבוצת אוסם סחר שותפות מוגבלת,IL,אסם בייגלה שמיניות קטנות 12*400גרם,גרמים,400.00,100 גרם,false,1,14.90,3.7250,true,1,9331
7290000077017,false,עוגיות קרמוגית במילוי קרם שוקולד אסם 200 גרם,קבוצת אוסם סחר שותפות מוגבלת,IL,אסם קרמוגית במילוי שוקולד 12*200גרם,גרמים,200.00,100 גרם,false,1,14.90,7.4500,true,1,9358
7290000077253,false,אוסם - לחמית כפרית עם דגנים מלאים 190 גרם,קבוצת אסם סחר שות. מוגבלת,IL,לחמית כפרית 12*190גרם,גרמים,190.00,100 גרם,false,1,11.90,6.2632,true,1,68559
7290000078762,false,אוסם - חטיפי פריכונים מאורז מלא בטעם דבש 80גר,קבוצת אוסם סחר-שות.מוגבלת,,אסם חטיפי פריכונים אורז ודבש 14*80גרם,גרמים,80.00,100 גרם,false,1,9.90,12.3750,true,1,9477
7290000080758,false,פת קלויה טוסטעים אסם (100 גרם),קבוצת אוסם סחר שותפות מוגבלת,NL,אסם טוסטעים 14*100גרם,גרמים,100.00,100 גרם,false,1,11.60,11.6000,true,1,9872
7290000085159,false,פרורי ביסקוויט בטעם וניל הדר 250 גרם,רזיט שיווק בעמ,,פירורי ביסקויט וניל 300 גר,גרמים,300.00,100 גרם,false,1,5.80,1.9333,true,1,130924
7290000100128,false,פירות קפואים תות 300 גר`סנפרוסט,תנובה ענף ב.ע.ד,IL,פירות קפואים תות,גרמים,300.00,100 גרם,false,1,20.90,6.9667,true,1,119636
7290000100135,false,פירות קפואים סנפרוסט דובדבן 300 גר,תנובה ענף ב.ע.ד,IL,פירות קפואים דובדבן,גרמים,300.00,100 גרם,false,1,20.90,6.9667,true,1,119637
7290000101070,false,עגבניות שרי אשכולות,יושלם,,עגבניות שרי אשכולות,קילוגרמים,1.00,"ק""ג",true,,9.99,9.9900,true,1,56122
7290000101927,false,אוכמניות כחולות מוקפאות סנפרוסט 300 גרם,תנובה ענף ב.ע.ד,IL,אוכמניות כחולות מוקפאות 300 גרם,גרמים,300.00,100 גרם,false,1,20.90,6.9667,true,1,114221
7290000101934,false,מיקס פירות יער מוקפאים 300 גר סנפרוסט,תנובה ענף ב.ע.ד,IL,תערובת פירות יער 300 גרם,גרמים,300.00,100 גרם,false,1,20.90,6.9667,true,1,114222
7290000101941,false,אננס חתוך מוקפא סנפרוסט (300 גרם),תנובה ענף ב.ע.ד,IL,אננס מוקפא 300 גרם,גרמים,300.00,100 גרם,false,1,20.90,6.9667,true,1,114285
7290000101958,false,מנגו חתוך מוקפא סנפרוסט (300 גרם),תנובה ענף ב.ע.ד,IL,מנגו מוקפא 300 גרם,גרמים,300.00,100 גרם,false,1,20.90,6.9667,true,1,114278
7290000104201,false,אפונה עדינה מוקפאת סנפרוסט (600 גרם),תנובה ענף ב.ע.ד,IL,אפונה עדינה סנפרוסט 600 גרם,גרמים,600.00,100 גרם,false,1,22.90,3.8167,true,1,17
7290000104690,false,גרעיני תירס מוקפאים סנפרוסט (800 גרם),תנובה מרכז שיתופי לשיווק תוצרת,IL,תירס גרעינים סנפרוסט 800גרם,גרמים,800.00,100 גרם,false,1,22.90,2.8625,true,1,38
7290000104744,false,כרובית מוקפאת סנפרוסט (800 גרם),תנובה מרכז שיתופי לשיווק תוצרת,IL,כרובית 800 גרם סנפרוסט,גרמים,800.00,100 גרם,false,1,29.90,3.7375,true,1,43
7290000104805,false,גרגרי חומוס מבושלים סנפרוסט (800 גרם),תנובה מרכז שיתופי לשיווק תוצרת,IL,גרגרי חומוס מבושלים קפואים 800 גרם,גרמים,800.00,100 גרם,false,1,22.90,2.8625,true,1,48
7290000104836,false,שעועית ירוקה עדינה שלמה סנפרוסט 600 גרם,תנובה מרכז שיתופי לשיווק תוצרת,IL,שעועית עדינה שלמה 600 גרם סנפרוסט,גרמים,600.00,100 גרם,false,1,24.90,4.1500,true,1,20828
7290000106526,false,לקט חגיגה ירוקה להקפצה 800 גרם סנפרוסט,תנובה ענף ב.ע.ד,IL,ירקות להקפצה חגיגה ירוקה 800גרם,גרמים,800.00,100 גרם,false,1,29.90,3.7375,true,1,124103
7290000107165,false,חטיף סויה אדממה סנפרוסט (400 גרם),תנובה מרכז שיתופי לשיווק תוצרת,IL,חטיף פולי סויה אדממה 400 גרם סנפרוסט,גרמים,400.00,100 גרם,false,1,16.50,4.1250,true,1,33322
7290000107295,false,תפרחות ברוקולי סנפרוסט 800 גרם,תנובה מרכז שיתופי לשיווק תוצרת,IL,ברוקולי מוקפא 800 גרם סנפרוסט,גרמים,800.00,100 גרם,false,1,28.90,3.6125,true,1,63
7290000107615,false,ירקות ואננס להקפצה מנה אסייתית צבעונית ועשירה,"איי, בי, אינבוו",IL,לקט מנה אסייתית צבעונית ועשירה 800גרם,גרמים,800.00,100 גרם,false,1,29.90,3.7375,true,1,124105
7290000107622,false,ירקות ופסטה א-לה איטליה סנפרוסט 800 גרם,"איי, בי, אינבוו",IL,לקט פסטה וירקות א-לה איטליה 800גרם,גרמים,800.00,100 גרם,false,1,29.90,3.7375,true,1,124106
7290000111063,false,מיונז אמיתי תלמה (250 גרם),יוניליוור ישראל שיווק בע`מ,IL,תלמה מיונז אמיתי 250 גרם,גרמים,250.00,100 גרם,false,1,8.90,3.5600,true,1,79
7290000111186,false,"מיונז אמיתי תלמה 500 גרם בד""צ","יוניליוור ישראל שיווק בע""מ",IL,תלמה מיונז אמיתי 500 גרם,גרמים,500.00,100 גרם,false,1,11.90,2.3800,true,1,82
7290000111360,false,חרדל אמיתי חריף 250 גרם בצנצנת כשלפ,יוניליוור ישראל שיווק בע`מ,IL,חרדל אמיתי תלמה,גרמים,250.00,100 גרם,false,1,8.90,3.5600,true,1,86
7290000112220,false,טחינה גולמית שומשום טהור בארכה 500 גרם,קבוצת אוסם סחר שותפות מוגבלת,IL,בארכה טחינה 100% שומשום 12*500גרם,גרמים,500.00,100 גרם,false,1,16.90,3.3800,true,1,127
7290000112503,false,מרק עשיר ירקות קנור 69 גרם - שקיות,יוניליוור ישראל שיווק בע`מ,IL,מרק עשיר ירקות קנור 61 גרם,גרמים,61.00,100 גרם,false,1,11.90,19.5082,true,1,146
7290000112619,false,אבקת מרק עוף אמיתי קנור 400 ג' כשלפ,יוניליוור ישראל שיווק בע`מ,IL,קנור מרק עוף אמיתי 400 גרם,גרמים,400.00,100 גרם,false,1,26.90,6.7250,true,1,160
7290000116884,false,"רוטב ברביקיו קנור 300 גרם בד""צ",יוניליוור ישראל שיווק בע`מ,IL,רוטב ברביקיו קנור,מיליליטרים,300.00,"100 מ""ל",false,1,13.90,4.6333,true,1,13949
7290000116921,false,"קנור רוטב צילי מתוק 300 מ""ל כשלפ",יוניליוור ישראל שיווק בע`מ,IL,רוטב צ'ילי מתוק קנור,מיליליטרים,300.00,"100 מ""ל",false,1,13.90,4.6333,true,1,13950
7290000116945,false,"רוטב סויה קלאסי קנור בד""צ 350 גרם",יוניליוור ישראל שיווק בע`מ,IL,רוטב סויה קלאסי קנור,מיליליטרים,300.00,"100 מ""ל",false,1,14.90,4.9667,true,1,13951
7290000118352,false,לטקס אבקה להכנת לביבות תפוא 170גר כשלפ,יוניליוור ישראל שיווק בע`מ,IL,KNORR 170 GR,גרמים,170.00,100 גרם,false,1,17.90,10.5294,true,1,286
7290000120836,false,מיונז אמיתי הלמנס (394 גרם),"יוניליוור ישראל שיווק בע""מ",CA,hellmanns real מיונז אמיתי הלמנס,גרמים,394.00,100 גרם,false,1,15.90,4.0355,true,1,309
7290000120874,false,מיונז הלמנס לייט מופחת קלוריות 424ג,"יוניליוור ישראלשיווק בע""מ",US,hellmanns light ממרח מופחת קלוריות,גרמים,424.00,100 גרם,false,1,15.90,3.7500,true,1,310
7290000121154,false,גבינה מותכת לייט עם סלמון 7% מון בלאן 120 גרם,נטו מלינדה סחר בע`מ,IL,גבינה מותכת 7% מון בלאן סלמון לייט 120 ג,גרמים,120.00,100 גרם,false,1,13.90,11.5833,true,1,316
7290000134147,false,טעם וריח מוסקט טחון מיכל 40גר,"תבליני טעם וריח בע""מ",IL,"תבליני טעם וריח, מוסקט טחון 100%, 40 גרם",גרמים,40.00,100 גרם,false,1,16.90,42.2500,true,1,16909
7290000134307,false,קינמון טחון 50 גרם טעם וריח,"תבליני טעם וריח בע""מ",IL,"תבליני טעם וריח, 100% קינמון טחון, 50 גרם",גרמים,50.00,100 גרם,false,1,6.90,13.8000,true,1,21541
7290000134314,false,פיצה תערובת תיבול 120 גרם מיכל גדול,"תבליני טעם וריח בע""מ",IL,תבליני טעם וריח תערובת תיבול לפיצה 120 גרם,גרמים,120.00,100 גרם,false,1,10.90,9.0833,true,1,21589
7290000134352,false,קינמון טחון בקופ' 90 גר' טעם וריח,"תבליני טעם וריח בע""מ",IL,"תבליני טעם וריח, 100% קינמון טחון, 90 גרם",גרמים,80.00,100 גרם,false,1,10.90,13.6250,true,1,16023
7290000134550,false,עלי דפנה 20 גר' טעם וריח,"תבליני טעם וריח בע""מ",IL,"תבליני טעם וריח, 100% עלי דפנה, 20 גרם",גרמים,20.00,100 גרם,false,1,6.90,34.5000,true,1,16024
7290000134666,false,רוזמרין 15 גר מיכל ק,תבליני טעם וריח בעמ,IL,"תבליני טעם וריח, 100% רוזמרין, 15 גרם",גרמים,15.00,100 גרם,false,1,7.50,50.0000,true,1,42101
7290000134673,false,זנגויל טחון מיכל 30 גרם,"תבליני טעם וריח בע""מ",IL,"תבליני טעם וריח, 100% זנגביל טחון, 30 גרם",גרמים,30.00,100 גרם,false,1,7.50,25.0000,true,1,42102
7290000134680,false,קימל שלם 40 גר' טעם וריח,תבליני טעם וריח בעמ,IL,"תבליני טעם וריח, 100% מקלות קינמון, 15 גרם",גרמים,40.00,100 גרם,false,1,7.50,18.7500,true,1,42103
7290000134758,false,"תיבול לתפו""א בקופ' 100 גר' טעם וריח","תבליני טעם וריח בע""מ",IL,"תבליני טעם וריח, תערובת תיבול לתפוחי אדמה, 100 גרם",גרמים,100.00,100 גרם,false,1,10.90,10.9000,true,1,42104
7290000134826,false,זעתר מעורב בקופ' 100 גר' טעם וריח,"תבליני טעם וריח בע""מ",IL,"תבליני טעם וריח, תערובת תיבול זעתר , 100 גרם",גרמים,100.00,100 גרם,false,1,10.90,10.9000,true,1,16170
7290000134833,false,כמון טחון בקופ' 100 גר' טעם וריח,"תבליני טעם וריח בע""מ",IL,"תבליני טעם וריח, 100% כמון מזרחי",גרמים,100.00,100 גרם,false,1,10.90,10.9000,true,1,16171
7290000134840,false,כורכום טחון בקופ' 100 גר' טעם וריח,"תבליני טעם וריח בע""מ",IL,"תבליני טעם וריח, 100% כורכום, 100 גרם",גרמים,100.00,100 גרם,false,1,10.90,10.9000,true,1,16312
7290000134857,false,פפריקה מתוקה בקופ' 100 גר' טעם וריח,"תבליני טעם וריח בע""מ",IL,"תבליני טעם וריח, פפריקה מתוקה 100%, 100 גרם",גרמים,100.00,100 גרם,false,1,10.90,10.9000,true,1,16313
7290000134864,false,פפריקה חריפה בקופ' 100 גר' טעם וריח,"תבליני טעם וריח בע""\מ",IL,תבליני טעם וריח פפריקה חריפה 100% 100 גרם,גרמים,100.00,100 גרם,false,1,10.90,10.9000,true,1,16172
7290000134871,false,פלפל שחור טחון בקופ' 100 גר' טעם וריח,"תבליני טעם וריח בע""מ",IL,"תבליני טעם וריח, 100% פלפל שחור טחון, 100 גרם",גרמים,100.00,100 גרם,false,1,14.90,14.9000,true,1,16352
7290000134970,false,חוואיג' בקופ' 100 גר' טעם וריח,"תבליני טעם וריח בע""מ",IL,"תבליני טעם וריח, חוויאג' למרק, 100 גרם",גרמים,100.00,100 גרם,false,1,10.90,10.9000,true,1,16282
7290000134987,false,פלפל שחור גרוס בקופ' 90 גר' טעם וריח,"תבליני טעם וריח בע""מ",,"פלפל שחור גרוס 90 גר ""מכיל",גרמים,90.00,100 גרם,false,1,14.90,16.5556,true,1,16025
7290000135045,false,"XL TEN משקה אנרגיה פתוח ללא סוכר 250 מ""ל","טמפו משקאות בע""\מ",IL,XL TEN משקה אנרגיה בטעם תפוח250מל,מיליליטרים,250.00,"100 מ""ל",false,1,7.90,3.1600,true,1,96640
7290000135052,false,"XL TEN משקה אנרגיה מנגו ללא סוכר 250 מ""ל","טמפו משקאות בע""\מ",IL,משקה אנרגיה XL TEN מנגו פחית 250 מל,מיליליטרים,250.00,"100 מ""ל",false,1,7.90,3.1600,true,1,123137
7290000135151,false,"טמפו סודה למון ליים בקבוק 250 מ""ל",טמפו משקאות בעמ,IL,"סודה נגיעות למון ליים 275 מ""ל",מיליליטרים,275.00,"100 מ""ל",false,1,5.50,2.0000,true,1,126970
7290000136240,false,סודה 1.5 ליטר שישייה בודד,"טמפו משקאות בע""\מ",IL,מי סודה 1.5 ליטר,ליטרים,1.50,ליטר,false,1,4.90,3.2667,true,1,132360
7290000136646,false,בירה שחורה נשר מאלט בקבוק 1.5 ליטר,"טמפו משקאות בע""\מ",IL,בירה נשר מאלט בקבוק 1.5 ליטר,ליטרים,1.50,ליטר,false,1,11.90,7.9333,true,1,132361
7290000136844,false,מארז מים מזוככים אקווה נובה שישיית 2 ליטר,"טמפו משקאות בע""\מ",IL,מים אקווה נובה שישייה בקבוק 2 ליטר,ליטרים,12.00,ליטר,false,6,16.90,1.4083,true,1,132364
7290000137513,false,גלידונית גלידה וניל בציפוי שוקולד 60 יח' קרמיסימו,"גלידת שטראוס בע""\מ, רחוב",IL,גלידונית קרמיסימו 1/60 630 גרם,גרמים,630.00,100 גרם,false,1,57.90,9.1905,true,1,518
7290000137643,false,שלגוני טעמקור בטעם שוקו וניל שטראוס 8*50 גרם,"גלידת שטראוס בע""\מ, רחוב",IL,"שטראוס טעמקור 880 מ""ל",גרמים,500.00,100 גרם,false,1,44.90,8.9800,true,1,519
7290000143286,false,הוואי מרכך לשיער רגיל 700 מל ירוק,טרופיקל דגיל קוסמטיק,IL,הוואי מרכך לשיער רגיל,מיליליטרים,700.00,"100 מ""ל",false,1,14.90,2.1286,true,1,563
7290000144160,false,"שמן זית כתית מעולה ארומתי עץ הזית 750 מ""ל","מרקאולאו, ספרד.אבסה,",IT,שמן זית ארומתי,מיליליטרים,750.00,"100 מ""ל",false,1,36.90,4.9200,true,1,68100
7290000144474,false,שמן עץ הזית קנולה 1 ליטר בריאות מהטבע,סוגת תעשיות בעמ,EE,שמן קנולה מועשר בנוגדי חמצון 1 ליטר,ליטרים,1.00,ליטר,false,1,17.90,17.9000,true,1,576
7290000148380,false,פיסטוקים קלויים קליית גת (200 גרם),ליימן שליסל בעמ,IL,קליית גת פיסטוק קלויים 200 גרם,גרמים,200.00,100 גרם,false,1,24.90,12.4500,true,1,12250
7290000148489,false,"קליית גת גרעיני דלעת קלויים,200 גרם",ליימן שליסל בעמ,IL,"קליית גת גרעיני דלעת קלויים,200 גרם",גרמים,200.00,100 גרם,false,1,11.90,5.9500,true,1,14557
7290000148748,false,קליית גת גרעיני חמניה קלויים ומומלחים200,ליימן שליסל בעמ,IL,"קליית גת חמנייה קלויים, 200 גרם",גרמים,200.00,100 גרם,false,1,8.90,4.4500,true,1,12170
7290000148939,false,שקדים קלויים קליית גת (200 גרם),ליימן שליסל בעמ,IL,שקד קלוי 200 גר' שקית,גרמים,200.00,100 גרם,false,1,25.90,12.9500,true,1,12252
7290000168173,false,"ברנפלקס קרנצ'ים תלמה בד""ץ 375 גרם",יוניליוור ישראל שיווק בעמ,IL,ברנפלקס קרנצים 375 גרם,גרמים,375.00,100 גרם,false,1,25.90,6.9067,true,1,100348
7290000169798,false,"עוגי מופחת סוכר 20% פצפוצי שוקו' 500ג' בד""צ",יוניליוור ישראל שיווק בע`מ,IL,תלמה דגני בוקר עוגי 500 גרם,גרמים,500.00,100 גרם,false,1,24.90,4.9800,true,1,94459
7290000174723,false,שוקולית אבקה להכנת משקה שוקו 500 גרם,הנסיך- מפעל לייצור ט,IL,שוקולית קופסא 500 / 12 קופ'/ 500ג',גרמים,500.00,100 גרם,false,1,16.90,3.3800,true,1,862
7290000176062,false,קפה טורקי בשקית 100 ג' עלית,שטראוס קפה בי.ויn\.,IL,עלית טורקי שקית 100ג/1שק'/100גר',גרמים,100.00,100 גרם,false,1,10.90,10.9000,true,1,872
7290000176413,false,קפה נמס עלית פחית 50 גרם,הנסיך- מפעל לייצור ט,IL,קפה נמס 50 גרם חדש,גרמים,50.00,100 גרם,false,1,11.90,23.8000,true,1,878
7290000176420,false,קפה נמס פחית עלית 200 גרם,פיקסל אם.גי.אם בעמ,IL,קפה נמס עלית 200 גר',גרמים,200.00,100 גרם,false,1,24.90,12.4500,true,1,879
7290000178707,false,חטיף צ`יפס בטעם טבעי תפוצ`יפס (50 גרם),"שטראוס פריטו ליי בע""\מ )",IL,תפו טבעי 50 גר 48 יח - שמיטה,גרמים,50.00,100 גרם,false,1,5.90,11.8000,true,1,916
7290000178721,false,חטיף צ`יפס בטעם טבעי תפוצ`יפס (200 גרם),"שטראוס פריטו ליי בע""\מ )",IL,תפו טבעי 200 גר 12 יח,גרמים,200.00,100 גרם,false,1,15.50,7.7500,true,1,918
7290000186535,false,נייר טואלט תלת שכבתי לבן לילי 32 יחידות,קימברלי קלארק ישראל שיווק בעמ,IL,לילי טריפל קומפורט לבן 32 גלילים,מטרים,53700.00,מטר,false,1,49.90,0.0009,true,1,101448
7290000187860,false,מגבוני טואלט לחים לילי דיספנסר 40יח',קימברלי קלארק ישראל שיווק בעמ,IL,מגבוני טואלט לח לילי,לא מנהל יחידת מידה,0.00,לא מנהל יחידת מידה,false,1,8.90,0.0000,true,1,1004
7290000187921,false,נייר טואלט דו שכבתי לבן לילי 32 יחידות,קימברלי קלארק ישראל שיווק בעמ,IL,לילי פיור נייר טואלט דו שכבתי לבן 32 גלילים,מטרים,58880.00,מטר,false,1,41.90,0.0007,true,1,48942
7290000187938,false,לילי - נייר טואולט נייר טואלט פסטל 32 יח',קימברלי קלארק ישראל שיווק בעמ,,נייר טואלט לילי פסטל 32 גלילים,מטרים,58880.00,מטר,false,1,39.90,0.0007,true,1,48943
7290000187952,false,נייר טואלט תלת שכבתי ורוד לילי 32 יחידות,קימברלי קלארק ישראל שיווק בעמ,,נייר טואלט לילי טריו 32 גלילים,מטרים,53470.00,מטר,false,1,49.90,0.0009,true,1,48945
7290000188355,false,ניקול מגבות נייר לבנות 6 גלילים,קימברלי קלארק ישראל שיווק בעמ,IL,ניקול מגבת 6 בלי בנדלר,מטרים,6400.00,מטר,false,1,14.90,0.0023,true,1,48852
7290000188591,false,קוטקס מגן תחתון יאנג ביג 60 יחידות,קימברלי קלארק ישראל שיווק בעמ,CN,מגיני תחתון יאנג SLIM,לא מנהל יחידת מידה,0.00,לא מנהל יחידת מידה,false,1,22.90,0.0000,true,1,73669
7290000189116,false,תבניות עגולות עבות במיוחד 5 יחידות ניקול,קימברלי קלארק ישראל שיווק בעמ,CN,תבניות עגולות ניקול 6 יחידות,לא מנהל יחידת מידה,0.00,לא מנהל יחידת מידה,false,1,13.90,0.0000,true,1,103300
7290000189499,false,תבניות אפיה עגולות מקרטון ניקול 3 יחידות,קימברלי קלארק ישראל שיווק בעמ,IL,תבנית אפייה קרטון עגולה 3 יחיד,לא מנהל יחידת מידה,0.00,לא מנהל יחידת מידה,false,1,13.90,0.0000,true,1,67109
7290000189505,false,ניקול תבנית אפייה מקרטון אינגליש קייק ניקול 5 יחידות,קימברלי קלארק ישראל שיווק בעמ,IL,תבנית אפייה מקרטון אינגלי,לא מנהל יחידת מידה,0.00,לא מנהל יחידת מידה,false,1,13.90,0.0000,true,1,67717
7290000189536,false,שקיות אשפהעם שרוך 65*52 ניקול 40 יחידות,קימברלי קלארק ישראל שיווק בעמ,TR,שקיות אשפה לפחים גדולים,לא מנהל יחידת מידה,0.00,לא מנהל יחידת מידה,false,1,24.90,0.0000,true,1,30232
7290000189550,false,"שקיות אשפה ענקיות עם שרוך 78 * 90 ס""מ ניקול 2 * 10 יחידות",קימברלי קלארק ישראל שיווק בעמ,IL,שקיות אשפה זוג 20 יחידות,לא מנהל יחידת מידה,0.00,לא מנהל יחידת מידה,false,1,27.90,0.0000,true,1,30109
7290000189659,false,מטליות לחות לרצפה ניקול 10 יח'-מרכז,קימברלי קלארק ישראל שיווק בעמ,IL,ניקול מטליות לחות לניקוי הרצפה 10 יחידות,Unknown,0.00,Unknown,false,1,13.90,0.0000,true,1,62822
7290000190068,false,מפיות אירוח לבן 100 יחי' ניקול,קימברלי קלארק ישראל שיווק בעמ,IL,"מפיות ניקול חלקות לאירוח חד שכבתי, 100 יחידות",Unknown,0.00,Unknown,false,1,8.90,0.0000,true,1,56989
7290000195216,false,נייר אפייה בשקית ניקול 50 יחידות,קימברלי קלארק ישראל שיווק בעמ,,נייר אפיה ניקול 50 יח,לא מנהל יחידת מידה,0.00,לא מנהל יחידת מידה,false,1,12.90,0.0000,true,1,103947
7290000197425,false,חיתולים פרידום דריי שלב 3 האגיס 52 יחידות,קימברלי קלארק ישראל שיווק בעמ,IL,חיתולים פרידום דריי שלב 3,יחידה,1.00,יחידה,false,1,46.90,46.9000,true,1,102928
7290000197432,false,שקיות אוכל סנדביצ'ון ניקול מארז 150X2יח',קימברלי קלארק ישראל שיווק בעמ,IL,סנדוויצון זוגות,לא מנהל יחידת מידה,0.00,לא מנהל יחידת מידה,false,1,16.90,0.0000,true,1,1116
7290000197456,false,חיתולים פרידום דריי שלב 4 האגיס 44 יחידות,קימברלי קלארק ישראל שיווק בעמ,IL,חיתולים פרידום דריי שלב 4,יחידה,1.00,יחידה,false,1,46.90,46.9000,true,1,102929
7290000197463,false,חיתולים פרידום דריי שלב +4 האגיס 40 יחידות,קימברלי קלארק ישראל שיווק בעמ,IL,חיתולי פרידום דריי שלב +4,יחידה,1.00,יחידה,false,1,46.90,46.9000,true,1,103186
7290000197548,false,חיתולים פרידום דריי שלב 5 האגיס 36 יחידות,קימברלי קלארק ישראל שיווק בעמ,IL,חיתולי האגיס פרידום דריי שלב 5,לא מנהל יחידת מידה,0.00,לא מנהל יחידת מידה,false,1,46.90,0.0000,true,1,102930
7290000197678,false,חיתולי האגיס פרידום דריי שלב 6 30 יחידות,קימברלי קלארק ישראל שיווק בעמ,IL,חיתולים פרידום דריי שלב 6,יחידה,1.00,יחידה,false,1,46.90,46.9000,true,1,102931
7290000197753,false,ניילון נצמד אנטי בטקריאלי ניקול 30X2מ',קימברלי קלארק ישראל שיווק בעמ,,ניילון נצמד זוג ניקול,מטרים,3000.00,מטר,false,1,15.90,0.0053,true,1,1120
7290000197883,false,תבנית אלומיניום 100 גדולה ניקול 4 יחידות,קימברלי קלארק ישראל שיווק בעמ,CN,תבנית אלומיניום גדול 4 יחידות,לא מנהל יחידת מידה,0.00,לא מנהל יחידת מידה,false,1,11.90,0.0000,true,1,16284
7290000197951,false,תבניות אלומיניום ענקיות ניקול 3 יחידות,קימברלי קלארק ישראל שיווק בעמ,,תבנית אלומיניום ענק 2 יחידות,לא מנהל יחידת מידה,0.00,לא מנהל יחידת מידה,false,1,12.90,0.0000,true,1,16176
7290000199313,false,תחבושות עם כנפיים נורמל פלוס קוטקס 30 יחידות,קימברלי קלארק ישראל שיווק בעמ,,קוטקס תחבושות לנערות 28 יח,Unknown,0.00,Unknown,false,1,22.90,0.0000,true,1,41567
7290000201795,false,"האגיס מגבונים לתינוק מבושם מארז, שלישיה * 64 יח'",חוגלה קימברלי,IL,האגיס מגבונים לחים שלישיה,יחידה,1.00,יחידה,false,1,18.90,18.9000,true,1,134921
7290000204147,false,רביעיית כרית יפנית עבה ניקול 4 יחידות,קימברלי קלארק ישראל שיווק בעמ,IL,כריות יפניות דו צדדיות ניקול רביעייה,גרמים,280.00,100 גרם,false,1,13.90,4.9643,true,1,36192
7290000207162,false,רוטב עגבניות מרכיב טבעי 100 ג' יכין,זנלכול יכין,IL,יכין רוטב עגבניות מרוכז 100 גרם,גרמים,100.00,100 גרם,false,1,2.20,2.2000,true,1,1386
7290000208022,false,עגבניות 2.5 A מרוסקות 850 גרם יכין,זנלכול יכין,IL,עגבניות מרוסקות יכין 800 גרם,גרמים,800.00,100 גרם,false,1,9.90,1.2375,true,1,40770
7290000208077,false,אפונת גינה גדולה יכין (550 גרם),זנלכול יכין,IL,אפונת גינה יכין 550גרם,גרמים,550.00,100 גרם,false,1,7.90,1.4364,true,1,16030
7290000208114,false,"אפונה וגזר יכין A2 פ""ק בית יוסף",זנלכול יכין,IL,יכין אפונת גינה וגזר 550 גרם,גרמים,550.00,100 גרם,false,1,8.90,1.6182,true,1,1430
7290000208213,false,שעועית לבנה אפויה A2 ברוטב עגבניות יכין 560ג',היינץ צפון אמריקה מק,IL,יכין שעועית לבנה ברוטב עגבניות 580 גרם,גרמים,580.00,100 גרם,false,1,8.90,1.5345,true,1,104439
7290000208329,false,גרעיני תירס מתוק יכין (550 גרם),זנלכול יכין,IL,יכין גרעיני תירס מתוק שימורים 550 גרם,גרמים,560.00,100 גרם,false,1,8.90,1.5893,true,1,12174
7290000208336,false,רסק יכין 240גר 22% יכין בית יוסף,"זנלכל בע""\מ",IL,יכין רוטב עגבניות מרוכז 240 גרם,גרמים,240.00,100 גרם,false,1,4.90,2.0417,true,1,37787
7290000208428,false,גרגרי חומוס שלם 550 גרם יכין,היינץ צפון אמריקה מק,IL,יכין חומוס שלם 550 גרם,גרמים,560.00,100 גרם,false,1,8.90,1.5893,true,1,16032
7290000208947,false,עגבניות מרוסקות יכין (240 גרם),היינץ צפון אמריקה מק,IL,יכין עגבניות מרוסקות 260 גרם,גרמים,240.00,100 גרם,false,1,5.90,2.4583,true,1,37789
7290000209043,false,מיץ לימון משומר לתיבול יכין (1 ליטר),היינץ צפון אמריקה מק,IL,יכין רוטב לימון משומר לתיבול 1 ליטר,ליטרים,1.00,ליטר,false,1,6.90,6.9000,true,1,16244
7290000209371,false,מארז גרעיני תירס מתוק יכין (200x3 גרם),היינץ צפון אמריקה מק,IL,יכין גרעיני תירס מתוק שלישייה 3*165,גרמים,165.00,100 גרם,false,1,14.90,9.0303,true,1,104084
7290000209722,false,רוטב עגבניות 28% יכין (580 גרם)פריכוז,"זנלכל בע""\מ",IL,רסק עגבניות פריכוז 580 יכין,גרמים,580.00,100 גרם,false,1,10.90,1.8793,true,1,12175
7290000209944,false,רוטב לעגבניות בסיס לשקשוקה 240 ג' יכין,"זנלכל בע""\מ",IL,רוטב עגבניות לשקשוקה יכין 240גרם,גרמים,240.00,100 גרם,false,1,5.90,2.4583,true,1,112220
7290000209951,false,רוטב עגבניות לפיצה 260 גרם יכין,"זנלכל בע""\מ",IL,רוטב פיצה 240גרם יכין,גרמים,240.00,100 גרם,false,1,5.90,2.4583,true,1,47767
7290000211169,false,"אורז תאילנדי אחד אחד סוגת 1 ק""ג",האי נאם סי או אל.טי.,IL,"אורז תאילנדי 1 ק""ג",קילוגרמים,1.00,"ק""ג",false,1,8.90,8.9000,true,1,16122
7290000211312,false,סוגת אורז מלא פרסי אחד אחד 1 קג,האי נאם סי או אל.טי.,IL,"אורז מלא ארוך 1 ק""ג",קילוגרמים,1.00,"ק""ג",false,1,11.90,11.9000,true,1,1470
7290000211374,false,"קמח חיטה מלא סוגת 1 ק""ג",טחנת קמח דגן-שטיבל,IL,"קמח מלא 1 ק""ג סוגת",קילוגרמים,1.00,"ק""ג",false,1,8.90,8.9000,true,1,1472
7290000211442,false,אורז בסגנון פרסי קלאסי סוגת (1 קג),האי נאם סי או אל.טי.,IL,"אורז פרסי 1 ק""ג",קילוגרמים,1.00,"ק""ג",false,1,13.90,13.9000,true,1,1475
7290000211503,false,סוכר לבן ארוז בשקית,"סוגת תעשיות בע""\מ",IL,"סוכר לבן ארוז בשקית סוגת 1 ק""ג",קילוגרמים,1.00,"ק""ג",false,1,5.90,5.9000,true,1,1476
7290000211985,false,אורז עגול ריזוטו אחד אחד 1 קג,"סוגת תעשיות בע""\מ",IL,"אורז עגול 1 ק""ג",קילוגרמים,1.00,"ק""ג",false,1,13.90,13.9000,true,1,1485
7290000238029,false,"בצק עלים צרפתי מרודד מעדנות 1 ק""ג",תנובה מרכז שיתופי לשיווק תוצרת,IL,"בצק עלים 1 ק""ג",קילוגרמים,1.00,"ק""ג",false,1,26.90,26.9000,true,1,1940
7290000238036,false,מלאווח מעדנות 6 יח`700 גרם קפוא,תנובה מרכז שיתופי לשיווק תוצרת,IL,מלווח 700 גרם מעדנות,גרמים,700.00,100 גרם,false,1,21.90,3.1286,true,1,1941
7290000238173,false,.בורקס במילוי גבינה 800 גרם מעדנות,מיוצר עי קונדיטוריית,IL,בורקס גבינה מעדנות 800 גרם,גרמים,800.00,100 גרם,false,1,28.90,3.6125,true,1,1944
7290000238180,false,בורקס במילוי תפוא 800 גרם מעדנות,מיוצר עי קונדיטוריית,IL,"בורקס תפו""א מעדנות 800 גרם",גרמים,800.00,100 גרם,false,1,25.90,3.2375,true,1,1945
7290000253220,false,שוקולדצ`יפס לאפייה 260 גר`אופנהיימר,תה ויסוצקי (ישראל) בעמ,IL,נטיפי שוקולד,גרמים,260.00,100 גרם,false,1,13.90,5.3462,true,1,2102
7290000253251,false,נטיפי שוקולד צ`יפס לבן לאפיה 250 גרם,תה ויסוצקי (ישראל) בעמ,IL,שוקולד ציפס אופנהיימר לבן260גר,גרמים,260.00,100 גרם,false,1,15.90,6.1154,true,1,2103
7290000266107,false,כריך בלחמניה סלט טונה220,עינת תעשיות מזון,,כריך שמינייה טונה 225 גרם,גרמים,225.00,100 גרם,false,1,18.20,8.0889,true,1,44411
7290000266206,false,כריך בלחמניה טוניסאי 260,עינת תעשיות מזון,,כריך טוניסאי 250 גרם,גרמים,250.00,100 גרם,false,1,19.90,7.9600,true,1,47099
7290000272696,false,מיץ לימון טבעי משומר 1 ליטר עסיס כלפ,קבוצת אוסם סחר שותפות מוגבלת,IL,עסיס מיץ לימון משומר 12*1ליטר,ליטרים,1.00,ליטר,false,1,13.90,13.9000,true,1,2274
7290000286228,false,ספוגיות לניקוי כללי סנו סושי 6 יחידות,החברה הדרומית לשיווק בעמ,IL,כרית יפנית סנו סושי 1/6,גרמים,70.00,100 גרם,false,1,14.90,21.2857,true,1,2404
7290000286297,false,"אנטי קאלק מסיר אבנית מקומקום סנו 700 מ""ל",החברה הדרומית לשיווק בעמ,IL,אנטי קלאק מסיר אבנית מקומקום 700 מל,מיליליטרים,700.00,"100 מ""ל",false,1,20.00,2.8571,true,1,2407
7290000286549,false,מטליות לניקוי כללי סנו סושי 9 יחידות,החברה הדרומית לשיווק בעמ,IL,"סנו סושי מטליות לניקוי כללי, 9 יחידות",לא מנהל יחידת מידה,0.00,לא מנהל יחידת מידה,false,1,12.90,0.0000,true,1,2413
7290000286761,false,ניילון נצמד סנו סושי פלסטיק מארז 30X2 מ',החברה הדרומית לשיווק בעמ,CN,סנו סושי - צמד ניילון נצמד+,מטרים,3000.00,מטר,false,1,15.90,0.0053,true,1,2416
7290000286921,false,סנוקל רסס וכבס תרסיס אקדח 750 מ``ל,החברה הדרומית לשיווק בעמ,IL,סנו קל ביו רסס וכבס 750 מל,מיליליטרים,750.00,"100 מ""ל",false,1,19.70,2.6267,true,1,65432
7290000287102,false,סנו שטיחים קצף לניקוי שטיחים 600 סמק,החברה הדרומית לשיווק בעמ,IL,"סנו ספריי לשטיחים 600 מ""ל",מיליליטרים,600.00,"100 מ""ל",false,1,31.50,5.2500,true,1,2430
7290000287195,false,"סנו רהיט ספריי עשיר בווקס להברקה 305 מ""ל",החברה הדרומית לשיווק בעמ,IL,"סנו רהיט אירוסול מנקה, מבריק, מגן ודוחה אבק 300 מל",מיליליטרים,305.00,"100 מ""ל",false,1,19.90,6.5246,true,1,2438
7290000287430,false,סנובון צבעוני לאסלה בריח לימון שלישייה,החברה הדרומית לשיווק בעמ,IL,סנובון סבון אסלה בניחוח לימון 3 יחידות,גרמים,165.00,100 גרם,false,1,14.90,9.0303,true,1,24102
7290000288017,false,אקונומיקה בריח לימון סנו ז'אוול 1 ליטר,החברה הדרומית לשיווק בעמ,IL,סנו JAVEL אקונומיקה בריח לימון 1 ליטר,ליטרים,1.00,ליטר,false,1,9.90,9.9000,true,1,2450
7290000288024,false,סנו - ז'אוול אקונומיקה בריח לימון 4 ליטר,החברה הדרומית לשיווק בעמ,IL,אקונומיקה סנו JAVEL לימון 4 ליטר,ליטרים,4.00,ליטר,false,1,17.90,4.4750,true,1,2451
7290000288109,false,"אבקת כביסה מקסימה אפקט ג''אוול 1.25 ק""ג סנו",החברה הדרומית לשיווק בעמ,IL,"אבקת כביסה קומפקט מקסימה 1.25 ק""ג",קילוגרמים,1.25,"ק""ג",false,1,16.90,13.5200,true,1,2454
7290000288253,false,"קוטל חרקים מעופפים K-400 סנו 630 מ""ל",החברה הדרומית לשיווק בעמ,IL,"משמיד מעופפים K400 סמ""ק 630",מיליליטרים,630.00,"100 מ""ל",false,1,28.90,4.5873,true,1,2456
7290000288307,false,סנומט דוחה יתושים- מכשיר+ 30 טבליות,קריות זול,IT,סנומט דוחה יתושים חשמל+ טבליות,Unknown,0.00,Unknown,false,1,30.00,0.0000,true,1,2458
7290000288352,false,"קוטל חרקים וזוחלים K-300 סנו 630 מ""ל",החברה הדרומית לשיווק בעמ,IL,K-300,מיליליטרים,630.00,"100 מ""ל",false,1,28.90,4.5873,true,1,2460
7290000288383,false,"קוטל נמלים ותיקנים K-500 סנו 400 מ""ל",החברה הדרומית לשיווק בעמ,IL,"משמיד זוחלים K500 סנו 400 מ""ל",מיליליטרים,400.00,"100 מ""ל",false,1,28.90,7.2250,true,1,2461
7290000288413,false,סנו-די דוחה יתושים כדורי סנו 50 גרם,החברה הדרומית לשיווק בעמ,IL,"סנו די דוחה יתושים כדורי 50 מ""ל",מיליליטרים,50.00,"100 מ""ל",false,1,22.90,45.8000,true,1,2463
7290000288420,false,"תרסיס דוחה יתושים סנו די 175 מ""ל",החברה הדרומית לשיווק בעמ,IL,סנו די תרסיס דוחה יתושים 175 מל,גרמים,125.00,100 גרם,false,1,22.90,18.3200,true,1,2464
7290000289069,false,סנו - ז'אוול מרסס קצף ניקוי בתוספת אקונומיקה בריח לימון 1 ליטר,החברה הדרומית לשיווק בעמ,IL,קצף ניקוי JAVEL מרסס בריח לימון סנו 1 ל,ליטרים,1.00,ליטר,false,1,18.90,18.9000,true,1,2476
7290000289472,false,סנו סושי רב שקית שקיות אשפה90*76 50י,החברה הדרומית לשיווק בעמ,IL,סושי 50 ש.אשפה גדולות במיוחד,לא מנהל יחידת מידה,0.00,לא מנהל יחידת מידה,false,1,22.70,0.0000,true,1,12976
7290000289748,false,"מסיר שומנים לתנורים פורטה פלוס סנו 750 מ""ל",החברה הדרומית לשיווק בעמ,IL,סנו פורטה פלוס 750 מ''ל,מיליליטרים,750.00,"100 מ""ל",false,1,19.90,2.6533,true,1,2481
7290000292557,false,סנומט מלוי נוזלי דוחה יתושים 45 לילות,החברה הדרומית לשיווק בעמ,IT,"סנומט מילוי נוזלי למכשיר חשמלי, דוחה יתושים",Unknown,0.00,Unknown,false,1,21.90,0.0000,true,1,2515
7290000292564,false,סנו K-2000 תרסיס מיקרו קפסולרי ללא ריח 750 מ”ל,החברה הדרומית לשיווק בעמ,IL,תכשיר מיקרוקפסורי,מיליליטרים,750.00,"100 מ""ל",false,1,39.90,5.3200,true,1,2516
7290000292687,false,סנובון מוצק לניקוי אסלה קלאסיק כחול סנו 3 יחידות,החברה הדרומית לשיווק בעמ,IL,סנובון כחול סבון מוצק לאסלה בניחוח קלאסי 3 יחידות,גרמים,165.00,100 גרם,false,1,22.90,13.8788,true,1,2518
7290000292915,false,רסס ונגב לניקוי כללי תרסיס סנו (750 מל),החברה הדרומית לשיווק בעמ,IL,סנו רסס ונגב - מנקה כל משטח ללא צורך בשטיפה 750 מל,מיליליטרים,750.00,"100 מ""ל",false,1,19.90,2.6533,true,1,2519
7290000293073,false,מקסימה מרכך כביסה ביו לבן סנו 4 ליטר,החברה הדרומית לשיווק בעמ,IL,מקסימה מרכך כביסה ביו 4 ליטר,ליטרים,4.00,ליטר,false,1,26.90,6.7250,true,1,2521
7290000293561,false,"תרסיס להסרת כתמי עובש עם אקונומיקה סנו 750 מ""ל",החברה הדרומית לשיווק בעמ,IL,סנו מסיר עובש,מיליליטרים,750.00,"100 מ""ל",false,1,20.90,2.7867,true,1,2525
7290000293943,false,"מרסס לבן מסיר אבנית 1 ליטר אנטי קאלק ""סנו""",החברה הדרומית לשיווק בעמ,IL,אנטי קאלק מסיר אבנית וחלודה לשימוש כללי 1 ליטר,ליטרים,1.00,ליטר,false,1,19.90,19.9000,true,1,2527
7290000295336,false,סנו מקסימה אבקת כביסה סנסטיב מילוי1.25,החברה הדרומית לשיווק בעמ,IL,אבק.כביסה מקסימה סנסטיב1.25 קג,קילוגרמים,1.25,"ק""ג",false,1,16.90,13.5200,true,1,2540
7290000295404,false,שקיות אשפה עם שרוך 54 * 65 סנו סושי 60 יחידות,החברה הדרומית לשיווק בעמ,IL,סושי 60 ש.אשפה חזקות עם שרוך,לא מנהל יחידת מידה,0.00,לא מנהל יחידת מידה,false,1,23.70,0.0000,true,1,2543
7290000295503,false,זוג שקיות מזון טבע 19*25 סנו סושי 150 יחידות,החברה הדרומית לשיווק בעמ,CN,סנו סושי - שקיות אוכל 2*150,לא מנהל יחידת מידה,0.00,לא מנהל יחידת מידה,false,1,15.90,0.0000,true,1,2545
7290000295558,false,"רדיד אלומיניום רוחב 30 ס""מ סנו סושי 2 יח' 7.5 מטר",החברה הדרומית לשיווק בעמ,TR,"רדיד אלומיניום זוג 15 מ רוחב 30 ס""מ",מטרים,1500.00,מטר,false,1,15.90,0.0106,true,1,16126
7290000302027,false,סיגריות טיים אדום פא,"דובק בע""מ",,סיגריות טיים רד פקט 10 יח,לא מנהל יחידת מידה,0.00,לא מנהל יחידת מידה,false,1,289.00,0.0000,false,1,2692
7290000311869,false,מן-וופלים בטעם שוק ללא תוספת סוכר 180ג,רוקחמן בעמ מפעל לייצור ופלים ו,IL,ופל מן ללא סוכר 180 גרם,גרמים,180.00,100 גרם,false,1,9.90,5.5000,true,1,90348
7290000318127,false,נקניקיות ביס יחיעם (380 גרם),מעדני יחיעם (1993) בעמ,IL,יחיעם נקניקיות ביס 380 גרם,גרמים,380.00,100 גרם,false,1,12.90,3.3947,true,1,2898
7290000318479,false,נקניק פרושוטו בקר יחיעם 100 גרם,מעדני יחיעם ( 1993 ) בע`מ,IL,"יחיעם, פרושוטו , 100 גרם",גרמים,100.00,100 גרם,false,1,29.80,29.8000,true,1,24275
7290000318677,false,נקניק סלמי סרוולט יחיעם 150 גרם,מעדני יחיעם (1993) בעמ,IL,סלמי סרוולט,גרמים,150.00,100 גרם,false,1,25.90,17.2667,true,1,43121
7290000318707,false,נקניק סלמי מעושן יחיעם 500 גרם,מעדני יחיעם ( 1993 ) בע`מ,IL,יחיעם סלמי מעושן 500 גרם,גרמים,500.00,100 גרם,false,1,39.90,7.9800,true,1,2929
7290000318943,false,פסטרמה של פעם מעושן 1.5% יחיעם 200 גרם,מעדני יחיעם ( 1993 ) בע`מ,IL,"יחיעם, פסטרמה של פעם, 200 גרם",גרמים,200.00,100 גרם,false,1,29.90,14.9500,true,1,43123
7290000319063,false,כתף בקר מפולפל יחיעם 150 גרם,מעדני יחיעם (1993) בעמ,IL,כתף בקר מפולפל 150 גרם,גרמים,150.00,100 גרם,false,1,25.90,17.2667,true,1,118324
7290000319131,false,נקניקיות עוף יחיעם 400 גרם,מעדני יחיעם (1993) בעמ,IL,נקניקיות עוף 400 גר יחיעם,גרמים,400.00,100 גרם,false,1,16.60,4.1500,true,1,2958
7290000319520,false,נקניק סלמי צרפתי יחיעם 100 גרם,מעדני יחיעם (1993) בעמ,IL,סלמי צרפתי 100 גרם יחיעם,גרמים,100.00,100 גרם,false,1,22.90,22.9000,true,1,24276
7290000319803,false,קבנוס קלאסי יחיעם (125 גרם),מעדני יחיעם ( 1993 ) בע`מ,IL,"יחיעם, קבנוס קלאסי 125 גרם",גרמים,125.00,100 גרם,false,1,14.90,11.9200,true,1,107985
7290000319834,false,קבנוס פפרוני יחיעם (125 גרם),מעדני יחיעם ( 1993 ) בע`מ,IL,"יחיעם, קבנוס פפרוני , 125 גרם",גרמים,125.00,100 גרם,false,1,14.90,11.9200,true,1,107369
7290000334745,false,"ציפס אמריקאי דקדק תפוגן 1.5 ק""ג",קבוצת אוסם סחר שותפות מוגבלת,IL,תפוגן אמריקן צ'יפס 6*1.5קג,קילוגרמים,1.50,"ק""ג",false,1,29.90,19.9333,true,1,16336
7290000345284,false,תה ויסוצקי קלאסי אריזה ירוקה מרובעת (100 שקיקים),תה ויסוצקי (ישראל) בעמ,IL,100/1.5במעטפה,יחידה,1.00,יחידה,false,1,18.90,18.9000,true,1,3263
7290000345291,false,תה ארל גרי 1.5/ 25 שקיקים ויסוצקי,תה ויסוצקי (ישראל) בעמ,IL,ארל גריי TEAR TAPE - 25,גרמים,38.00,100 גרם,false,1,21.10,55.5263,true,1,3264
7290000346120,false,חליטת קינמון הגן הקסום ויסוצקי 25 יחידות,תה ויסוצקי (ישראל) בעמ,IL,קסם הקינמון-הגן הקסום,גרמים,62.00,100 גרם,false,1,19.90,32.0968,true,1,3287
7290000346137,false,חליטת הילולי פירות הגן הקסום ויסוצקי 25 יחידות,תה ויסוצקי (ישראל) בעמ,IL,"הילולי פירות-""הגן הקסום """,גרמים,62.00,100 גרם,false,1,19.90,32.0968,true,1,3288
7290000346168,false,חליטת שומר הגן הקסום ויסוצקי 25 יחידות,תה ויסוצקי (ישראל) בעמ,IL,חליטת שומר - הגן הקסום,גרמים,37.00,100 גרם,false,1,19.90,53.7838,true,1,24413
7290000346199,false,חליטת פירות יער הגן הקסום ויסוצקי 25 יחידות,תה ויסוצקי (ישראל) בעמ,IL,"פירות היער-""הגן הקסום """,גרמים,67.00,100 גרם,false,1,19.90,29.7015,true,1,3291
7290000346205,false,חליטת קמומיל הגן הקסום ויסוצקי 25 יחידות,תה ויסוצקי (ישראל) בעמ,IL,"קמומיל-""הגן הקסוםC24 ?",גרמים,37.00,100 גרם,false,1,19.90,53.7838,true,1,3292
7290000347738,false,תה ירוק בתוספת עלי נענע 25 שקיקים,תה ויסוצקי (ישראל) בעמ,IL,תה ירוק עם נענע T.T,גרמים,37.00,100 גרם,false,1,26.90,72.7027,true,1,3319
7290000347752,false,תה ירוק לימונית ולואיזה 25 שקיקים *1.5 ג'' ויסוצקי,תה ויסוצקי (ישראל) בעמ,IL,תה ירוק עם לימונית/לואיזה T.T,גרמים,37.00,100 גרם,false,1,26.90,72.7027,true,1,3321
7290000363363,false,קבנוס נקניק מעושן יבש 160 גרם,תנובה מרכז שיתופי לשיווק תוצרת,IL,טירת צבי קבנוס נקניק מעושן יבש 160 גרם,גרמים,160.00,100 גרם,false,1,18.90,11.8125,true,1,3458
7290000364278,false,דקניקים סלסולי סלמי איטלקי משובח טירת צבי 120 גרם,תנובה מרכז שיתופי לשיווק תוצרת,IL,"דקניקים, סלסולי סלמי אטלקי 120 גרם",גרמים,120.00,100 גרם,false,1,17.90,14.9167,true,1,67897
7290000364285,false,דקניקים סלסולי פסטרמה הודו טירת צבי 120 גרם,תנובה מרכז שיתופי לשיווק תוצרת,IL,"טירת צבי, סלסולי הודו אפוי, 120 גרם",גרמים,120.00,100 גרם,false,1,17.90,14.9167,true,1,67898
7290000364858,false,"נקניקיות עוף טרי טירת צבי 1 ק""ג",הנסיך- מפעל לייצור ט,IL,"טירת צבי - נקניקיות עוף 1 ק""ג",קילוגרמים,1.00,"ק""ג",false,1,32.90,32.9000,true,1,3510
7290000364872,false,נקניקיות עוף טירת צבי (400 גרם),טיב טירת צבי 2000,IL,נקניקיות עוף 400 גרם,גרמים,400.00,100 גרם,false,1,16.90,4.2250,true,1,3512
7290000367590,false,פסטרמה כפרית וסלמי פריזר כפרי טירת צבי 2*400 גרם,תנובה מרכז שיתופי לשיווק תוצרת,IL,צמד כפרי פסטרמה סלמי טירת צבי 800 גרם,גרמים,800.00,100 גרם,false,1,33.90,4.2375,true,1,3537
7290000377209,false,בוטנים מטוגנים קליית גת (200 גרם),ליימן שליסל בעמ,IL,בוטנים מטוגנים קליית גת 200 גרם,גרמים,200.00,100 גרם,false,1,9.90,4.9500,true,1,15187
7290000377445,false,נש צ'אנס קליית גת 200 גרם,ליימן שליסל בעמ,IL,נש צ'אנס 200 גר' ב 12,גרמים,200.00,100 גרם,false,1,10.90,5.4500,true,1,15188
7290000377452,false,גרעיני אבטיח קלויים ומלוחים קלית גת 200,הדקלאים אגודת שיתופי,IL,גרעיני אבטיח שק'200 גר',גרמים,200.00,100 גרם,false,1,14.90,7.4500,true,1,12267
7290000377612,false,מיץ תפוזים סחוט טבעי פריגת 400 מל,*החברה המרכזית להפצת משקאותבעמ,IL,פריגת סחוט תפוזים קלאסי,מיליליטרים,400.00,"100 מ""ל",false,1,12.50,3.1250,true,1,3583
7290000408316,false,יוגורט דנונה דל לקטוז 200 גרם,שטראוס גרופ בעמ/מצונן,IL,דנונה ביו 3% 200 גרם,גרמים,200.00,100 גרם,false,1,3.90,1.9500,true,1,4215
7290000408354,false,יוגורט עם אורז מצופה שוקולד קקאו 175 ג' דנונה,שטראוס גרופ בעמ/מצונן,IL,בר דנונה פצפוצים,גרמים,175.00,100 גרם,false,1,6.20,3.5429,true,1,4216
7290000412481,false,נוזל לניקוי אסלות 00 סנו (1 ליטר),החברה הדרומית לשיווק בעמ,IL,סנו 00 מנקה אסלות 1 ליטר,ליטרים,1.00,ליטר,false,1,9.90,9.9000,true,1,4272
7290000416021,false,ממרח בטעם שוקולד השחר העולה (500 גרם),השחר העולה תעשית ממתקים בעמ,IL,ממרח השחר העולה חלבי 500 גרם,גרמים,500.00,100 גרם,false,1,13.90,2.7800,true,1,4369
7290000430102,false,קוביות קרח בשקית מיסטר אייס 2 קילו,אייס קיובס בעמ מיסטר אייס,,קוביות קרח בשקית,יחידה,1.00,יחידה,false,1,14.90,14.9000,true,1,15230
7290000450209,false,נתחי טונה בהירה בשמן פוסידון (108 גרם),נטו מלינדה סחר בע`מ,IL,פוסידון נתחי טונה בהירה בשמן 108 גרם,גרמים,108.00,100 גרם,false,1,7.90,7.3148,true,1,4719
7290000453408,false,בצק פיצה דק מצונן ומוכן לאפייה שמרית 415 גרם,שטראוס גרופ בעמ/מצונן,GR,בצק פיצה דק מצונן ומוכן לאפייה - שמרית,גרמים,150.00,100 גרם,false,1,18.90,12.6000,true,1,125580
7290000453415,false,בצק עלים מצונן ומוכן לאפייה שמרית 300 גרם,שטראוס גרופ בעמ/מצונן,FR,בצק עלים מצונן ומוכן לאפייה - שמרית,גרמים,150.00,100 גרם,false,1,18.90,12.6000,true,1,125578
7290000453422,false,בצק פילו מצונן ומוכן לאפייה שמרית 300 גרם,שטראוס גרופ בעמ/מצונן,GR,בצק פילו מוכן לאפייה - שמרית,גרמים,150.00,100 גרם,false,1,17.90,11.9333,true,1,125579
7290000453798,false,שמרית שמרים יבשים אקטיביים 500 גר',"גי' בי' רכיבים בע""מ",,שמרית שמרים יבשים אקטיביים 500 גרם,גרמים,500.00,100 גרם,false,1,15.90,3.1800,true,1,111328
7290000461724,false,בייגלה שמיניות גדולות שומשום בייגל בייגל,"יוניליוור ישראל שיווק בע""מ",IL,כעכים גדולים עם שומשום בייגל בייגל -,גרמים,400.00,100 גרם,false,1,18.90,4.7250,true,1,4788
7290000462141,false,סחוג אדום תימני מקורי חריף מאוד זהבי 150 גרם,שטראוס גרופ בעמ/מצונן,IL,"זהבי הכרם זחוק תמני חריף, 150 גרם",גרמים,150.00,100 גרם,false,1,9.90,6.6000,true,1,57171
7290000467320,false,מלך החומוס אבו מרוואן 400 גרם,קבוצת אוסם סחר שותפות מוגבלת,IL,צבר חומוס אבו מרוואן 6*400גרם,גרמים,400.00,100 גרם,false,1,14.90,3.7250,true,1,97559
7290000480107,false,קוואקר שיבולת שועל פחית 500 גרם,שטראוס פריטו ליי בעמ,,שיבולת שועל קוואקר פחית 500 גרם,גרמים,500.00,100 גרם,false,1,16.90,3.3800,true,1,4946
7290000480442,false,קוואקר שיבולת שועל בשקית 500 גרם,שטראוס פריטו ליי בע`מ,IL,קוואקר שיבולת שועל שקית 500 גר 16 יח,גרמים,500.00,100 גרם,false,1,15.90,3.1800,true,1,4951
7290000482019,false,שקיות לצליה קוקי 10 יחידות,"ש. שסטוביץ בע""מ",IL,שקיות לצליה קוקי 10 יחידות,לא מנהל יחידת מידה,0.00,לא מנהל יחידת מידה,false,1,16.20,0.0000,true,1,4968
7290000482033,false,שקיות לצליה בתנור ובמיקרוגל קוקי 5 יחידות,הנסיך- מפעל לייצור ט,IL,קוקי שקיות לצליה מהירה ענק 5 יחידות,Unknown,0.00,Unknown,false,1,16.20,0.0000,true,1,4970
7290000484747,false,"ארק עלית 700 מ""ל 40% יקב הגליל*",יקב הגליל יוסף גולד ובניו,,"עלית הארק 40% בקבוק 700 מ""ל",מיליליטרים,700.00,"100 מ""ל",false,1,79.90,11.4143,true,1,111779
7290000497198,false,מארז פיתות עשירייה אסלי,מאפית י את א ברמן בע,IL,ברמן אסלי 10 פיתות 1קג,קילוגרמים,1.00,"ק""ג",false,1,12.90,12.9000,true,1,130744
7290000504025,false,ממתיק סוכרזית פטרייה עלית 300 גרם,אף.סי תבליני בגליל ב,IL,סוכרזית קלאסי 300,גרמים,25.00,100 גרם,false,1,10.90,43.6000,true,1,5385
7290000504278,false,ממתיק סוכרזית אריזת פטנט 700 טבליות,אף.סי תבליני בגליל ב,IL,ממתיק סוכרזית פטנט 700 טבליות,גרמים,57.00,100 גרם,false,1,19.90,34.9123,true,1,5389
7290000518336,false,ממתק צמר גפן מתוק מסיבים תזונתיים,מתוק וקל בעמ,IL,מוש צמר גפן מתוק מסיבים תזונתיים 10 גרם,גרמים,10.00,100 גרם,false,1,7.90,79.0000,true,1,134013
7290000523125,false,מלח הארץ הים האדום 250 ג' עדין,"חברת מלח הארץ אילת בע""\מ",IL,מלח ים אדום דק 250 גרם,גרמים,250.00,100 גרם,false,1,6.90,2.7600,true,1,5623
7290000523224,false,מלח הארץ הים האדום 500 ג' עדין,"חברת מלח הארץ אילת בע""\מ",IL,מלח ים אדום דק 500 גרם,גרמים,500.00,100 גרם,false,1,8.50,1.7000,true,1,5628
7290000523514,false,מלח ים יבש מופחת נתרן מלח הארץ (250 גרם),"חברת מלח הארץ אילת בע""\מ",IL,מלח הארץ 50% מכמות נתרן 250 גרם,גרמים,250.00,100 גרם,false,1,11.90,4.7600,true,1,5631
7290000523521,false,מלח ים מלח הארץ 250 גרם מועשר ביוד,חברת מלח הארץ אילת ב,IL,מלח מועשר ביוד מלחיה 250 גרם,גרמים,250.00,100 גרם,false,1,6.90,2.7600,true,1,5632
7290000525969,false,מיץ תפוזים סחוט רכיבים טבעיים פרימור 1 ליטר,שטראוס גרופ בעמ/מצונן,IL,פרימור מיץ תפוזים 1 ליטר,ליטרים,1.00,ליטר,false,1,19.50,19.5000,true,1,5645
7290000530413,false,המבורגר זהב זוגלובק 400 גרם,נקניק נהריה כשר זוגל,IL,זוגלובק המבורגר זהב 400 גרם,גרמים,400.00,100 גרם,false,1,22.90,5.7250,true,1,5678
7290000530598,false,נקניקיות עוף וינר זוגלובק 500 גרם,נקניק נהריה כשר זוגל,IL,זוגלובק נקניקיות וינר 500 גרם,גרמים,500.00,100 גרם,false,1,17.90,3.5800,true,1,5684
7290000530703,false,פסטרמה חרמון כפרית ונקניק תה מעושן זוגלובק 2*400 גרם,נקניק נהריה כשר זוגל,IL,זוגלובק זוג חרמון הודו ועוף 400+סלמי תה 400 גרם,גרמים,800.00,100 גרם,false,1,34.90,4.3625,true,1,5685
7290000537566,false,נקניקיות עוף טרי 400 ג' זוגלובק,נקניק נהריה כשר זוגל,IL,זוגלובק נקניקיות עוף 400 גרם,גרמים,400.00,100 גרם,false,1,16.90,4.2250,true,1,5766
7290000552118,false,נקניקיות מרגז קפואות טיבון ויל (400 גרם),טיבון ויל אחזקות בעמ,IL,טיבון ויל נקניקיות מרגז 400 גרם,גרמים,400.00,100 גרם,false,1,23.90,5.9750,true,1,6047
7290000552989,false,בשר טחון טיבון ויל 500 גרם,"טיבון ויל אחזקות בע""\מ",IL,טיבון וויל בשר עגל טחון קפוא 500 גרם,גרמים,500.00,100 גרם,false,1,29.90,5.9800,true,1,6056
7290000554471,false,נקניק מוצרלה 22 אחוז 180גרם גד מהדרין,מחלבות גד שיווק 1992 בעמ,IL,גבינת מוצרלה 22% צמה 180 גרם,גרמים,180.00,100 גרם,false,1,19.90,11.0556,true,1,6108
7290000554532,false,גבינה צפתית מעודנת במלח ים 5% 200 ג' גד,מחלבות גד שיווק 1992 בעמ,IL,גד צפתית מעודנת 5% שומן,גרמים,200.00,100 גרם,false,1,16.90,8.4500,true,1,55356
7290000554600,false,מוצרלה מגורדת 22 אחוז 300גרם גד מהדרין,מחלבות גד שיווק 1992 בעמ,IL,גד מוצרלה מגורדת מחלב בקר 22% 300 גרם,גרמים,300.00,100 גרם,false,1,27.90,9.3000,true,1,6109
7290000554686,false,גבינת לאבנה בתוספת שמן זית וזעתר 5% גד 250 גרם,מחלבות גד שיווק 1992 בעמ,IL,גד לאבנה בתוספת שמן זית וזעתר 5%,גרמים,250.00,100 גרם,false,1,16.90,6.7600,true,1,6112
7290000554822,false,ריקוטה גבינה לבנה בסגנון איטלקי 5% גד 250 גרם,מחלבות גד שיווק 1992 בעמ,IL,גבינה ריקוטה גד 250 גרם,גרמים,250.00,100 גרם,false,1,16.90,6.7600,true,1,6118
7290000554839,false,מסקרפונה שמנת מתוקה קשה בסגנון איטלקי 40% גד 250 גרם,מחלבות גד שיווק 1992 בעמ,IL,גבינה מוקצפת מסקרפונה 250 גרם גד,גרמים,250.00,100 גרם,false,1,24.90,9.9600,true,1,6119
7290000572208,false,חלוה בטעם וניל אחווה 100 גרם,שוורצקוף& הנקל דיסלד,IL,אחוה חלוה בטעם וניל 100 גרם,גרמים,100.00,100 גרם,false,1,4.50,4.5000,true,1,6249
7290000572222,false,חלווה בלוק וניל אחוה 500 גרם,שוורצקוף& הנקל דיסלד,IL,אחווה חלוה בטעם וניל 500 גרם,גרמים,500.00,100 גרם,false,1,14.90,2.9800,true,1,6250
7290000572536,false,אחווה חלווה ווניל במגש 400 גר,אחדות ביתחרושת לטחינה חלבה,IL,אחוה חלוה בטעם וניל 400 גרם,גרמים,400.00,100 גרם,false,1,15.90,3.9750,true,1,41506
7290000572543,false,חלוה בטעם שוקו וניל אחווה 400 גרם,אחדות ביתחרושת לטחינה חלבה,IL,אחוה חלוה בטעם שוקו וניל 400 גרם,גרמים,400.00,100 גרם,false,1,14.50,3.6250,true,1,41507
7290000644783,false,נתחי פילה סלמון קפוא קג,תנובה קפואים,,"נתחי פילה סלמון בואקום לק""ג",קילוגרמים,1.00,"ק""ג",true,,105.00,105.0000,true,1,70699
7290000659312,false,דגי תנובה פילה סלומון קפוא בוואקום,תנובה בשר,,"פילה סלמון בואקום לק""ג",קילוגרמים,1.00,"ק""ג",true,,99.00,99.0000,true,1,24595
7290000688077,false,"מי עדן 0.500 מ""ל פקק רגיל",יפאורה שותפות מוגבלת לשיווק,IL,מים מינרליים מי עדן פקק רגיל 0.5 ל',מיליליטרים,500.00,"100 מ""ל",false,1,6.90,1.3800,true,1,42272
7290000688084,false,מי עדן פקק ספורטאים500מל,יפאורה שותפות מוגבלת לשיווק,IL,"מי עדן בקבוק ספורט 500 מ""ל",מיליליטרים,500.00,"100 מ""ל",false,1,6.90,1.3800,true,1,7613
7290000688381,false,מים מינרלים פקק ספורט מי עדן (500x6 מל),יפאורה שותפות מוגבלת לשיווק,,"מי עדן בקבוק אישי שישייה 500 מ""ל",ליטרים,3.00,ליטר,false,1,20.50,6.8333,true,1,7617
7290000801476,false,אקמול לשיכוך כאבים וחום,טבע,,אקמול 14 קפליות,לא מנהל יחידת מידה,0.00,לא מנהל יחידת מידה,false,1,15.50,0.0000,true,1,23836
7290000802886,false,אלרין תרסיס טיפות אף,פריגו,US,"אלרין תרסיס טיפות אף 30 מ""ל מבוגרים",מיליליטרים,30.00,"100 מ""ל",false,1,37.80,126.0000,true,1,132089
7290000805894,false,מזון לחתולים לה קט ע,ביופט בעמ,FR,לה קט מזון יבש מלא לחתולים בוגרים עם עוף 1.5 קג,קילוגרמים,1.50,"ק""ג",false,1,29.90,19.9333,true,1,16420
7290000805900,false,"מזון חתולים לה קט עוף 2.85 ק""ג",דיפלומט מפיצים (1968) בעמ**,FR,לה קט עוף 2.85 קג,קילוגרמים,2.85,"ק""ג",false,1,59.90,21.0175,true,1,131782
7290000805917,false,"מזון חתולים לה קט כבד 2.85 ק""ג",דיפלומט מפיצים (1968) בעמ**,FR,לה קט גריל 2.85 קג,קילוגרמים,2.85,"ק""ג",false,1,59.90,21.0175,true,1,131783
7290000993560,false,עגבניות שרי שוקו \מנומר 500ג' ארוז,צימן עגבניות *לא פעיל*,IL,עגבניות שרי שוקו לב 500 גרם,גרמים,500.00,100 גרם,false,1,7.90,1.5800,true,1,120237
7290001045633,false,פרימור מיץ לימון ונענע סחוט טרי 400מל,שטראוס גרופ בעמ/מצונן,IL,פרימור משקה קל לימונים ונענע 400 מל,מיליליטרים,400.00,"100 מ""ל",false,1,11.90,2.9750,true,1,13335
7290001045657,false,פרימור מיץ תפוחים סחוט מקורר 400מל,שטראוס גרופ בעמ/מצונן,IL,פרימור מיץ תפוחים 100% מיץ צלול מיוצר מרכז 400 מל,מיליליטרים,400.00,"100 מ""ל",false,1,11.90,2.9750,true,1,12167
7290001045688,false,"מיץ תפוזים סחוט פרימור 400 מ""ל",שטראוס גרופ בעמ/מצונן,IL,פרימור מיץ תפוזים סחוט 400 מל,מיליליטרים,400.00,"100 מ""ל",false,1,11.90,2.9750,true,1,13332
7290001121054,false,צמד חמד פסטרמה וסלמי יחיעם 700 גרם,מעדני יחיעם ( 1993 ) בע`מ,IL,צמד חמד סלמי+פסטרמה 700 גר יחיעם,גרמים,700.00,100 גרם,false,1,26.90,3.8429,true,1,123
7290001121238,false,קורנדביף 4% שומן יחיעם (180 גרם).,מעדני יחיעם ( 1993 ) בע`מ,IL,יחיעם קורנד ביף 180 גרם,גרמים,180.00,100 גרם,false,1,25.90,14.3889,true,1,64159
7290001123775,false,שווארמה אמיתית פרגיות טיבון ויל 500 גרם,"טיבול ויל אחזקות בע""",IL,טיבון ויל שווארמה פרגיות מוכן 500 גרם,גרמים,500.00,100 גרם,false,1,34.90,6.9800,true,1,134
7290001124536,false,ארוחת נודלס טעם תירס מג'יק 70 גרם,נטו מלינדה סחר בעמ,SG,מג'יק ארוחת נודלס בטעם תירס 70 גרם,גרמים,70.00,100 גרם,false,1,6.90,9.8571,true,1,119204
7290001201589,false,ביצים ארוזות L מ. לסר) (12 פיקוח,מ לסר בעמ - חברה לשיווק ביצים,,ביצים ארוזות12 יח L,לא מנהל יחידת מידה,0.00,לא מנהל יחידת מידה,false,1,12.05,0.0000,true,1,130760
7290001201596,false,ביצים ארוזות M 12 יחידות,מ לסר בעמ - חברה לשיווק ביצים,,ביצים ארוזות12 יח M,לא מנהל יחידת מידה,0.00,לא מנהל יחידת מידה,false,1,11.15,0.0000,true,1,130761
7290001201824,false,תבנית ביצים 12 יח' לארג' אורגני,מ לסר בעמ - חברה לשיווק ביצים,,אורגני L/12 ביצים,יחידה,12.00,יחידה,false,1,20.90,1.7417,true,1,130764
7290001201862,false,ביצי חופש לארג' 12 יחידות,מ לסר בעמ - חברה לשיווק ביצים,,חופש 12/L ביצים,לא מנהל יחידת מידה,0.00,לא מנהל יחידת מידה,false,1,19.90,0.0000,true,1,130765
7290001216040,false,טחינה גולמית שומשום טהור אל ארז 500 גרם,אגס ירוק מסחר ושירותים,IL,טחינת אל ארז 500 גרם,גרמים,500.00,100 גרם,false,1,17.90,3.5800,true,1,64875
7290001216231,false,טחינה גולמית שומשום מלא אל ארז 500 גרם,אגס ירוק מסחר ושירותים,IL,טחינה מלאה אל ארז 500 גרם,גרמים,500.00,100 גרם,false,1,17.90,3.5800,true,1,65147
7290001230234,false,סיגריות כאמל סופט חפ,גיי טי אינטרנשיונל,,סיגריות כאמל סופט חפיסה בודד,יחידה,0.00,יחידה,false,1,32.00,0.0000,false,1,14555
7290001230331,false,סיגריות כאמל בוקס חפ,Unknown,,סיגריות כאמל בוקס חפיסה בודד,יחידה,0.00,יחידה,false,1,32.00,0.0000,false,1,14556
7290001230739,false,כאמל כחול חפיסה חפיסה,Unknown,,סיגריות כאמל כחול חפיסה בודד,יחידה,0.00,יחידה,false,1,32.00,0.0000,false,1,20118
7290001231932,false,ווינסטון כחול בוקס חפיסה,Unknown,,סיגריות וינסטון כחול בוקס חפיסה בודד,לא מנהל יחידת מידה,0.00,לא מנהל יחידת מידה,false,1,34.30,0.0000,false,1,14545
7290001235938,false,וינסטון כחול ארוך חפיסה,Unknown,,סיגריות וינסטון כחול 100 חפיסה בודד,לא מנהל יחידת מידה,0.00,לא מנהל יחידת מידה,false,1,34.30,0.0000,false,1,48072
7290001265642,false,"מזון חתולים מעדני פטה 1.2 ק""ג מארז 3 יחידות",דיפלומט מפיצים (1968) בעמ**,FR,לה קט מולטיפק מעדני פטה 3*400 גרם,גרמים,400.00,100 גרם,false,1,19.90,4.9750,true,1,131785
7290001305058,false,"פלמוליב - נטורלס תחליב רחצה חלב ודבש 500 מ""ל",הנסיך- מפעל לייצור ט,TR,פלמוליב סבון נוזלי חלב ודבש 750 מל,מיליליטרים,500.00,"100 מ""ל",false,1,19.90,3.9800,true,1,438
7290001305188,false,"נוזל לניקוי כלים בריח לימון פלמוליב 750 מ""ל",יבואן ומשווק: ש. שסט,GR,פלמוליב נוזל לניקוי כלים בריח לימון (כתום) 750 מל,מיליליטרים,750.00,"100 מ""ל",false,1,13.90,1.8533,true,1,441
7290001327180,false,שטראוס קרמיסימו וניל ציפ 1.33 ליטר,"גלידת שטראוס בע""\מ, רחוב",IL,קרמיסימו קרמיסימו בטעם וניל צ'יפ 1.33 ליטר,ליטרים,1.33,ליטר,false,1,33.90,25.4887,true,1,456
7290001327791,false,גלידה קרמיסימו וניל עוגיות 1.33 ליטר,"גלידת שטראוס בע""\מ, רחוב",IL,קרמיסימו קרמיסימו בטעם וניל עוגיות 1.33 ליטר,ליטרים,1.33,ליטר,false,1,33.90,25.4887,true,1,460
7290001407769,false,טחינה גולמית שומשום מלא בארכה 500 גרם,קבוצת אוסם סחר שותפות מוגבלת,IL,בארכה טחינה עם שומשום מלא 12*500גרם,גרמים,500.00,100 גרם,false,1,17.90,3.5800,true,1,38205
7290001419779,false,"וופל קלאסי בטעם שוקולד ""עלמה"" 200 גרם",רזיט שיווק בעמ,,ופלים שוקולד עלמה 200 גרם,גרמים,200.00,100 גרם,false,1,5.50,2.7500,true,1,36902
7290001419793,false,גביעי גלידה מגולגל עלמה גילרו 30 יח',מ.ד אטיאס סוכנויות מזון בע`מ,,גביעי גלידה מגולגלים 12 יח,גרמים,132.00,100 גרם,false,1,12.90,9.7727,true,1,47927
7290001419892,false,"ופל קלאסי בטעם לימון ""עלמה"" 200 גרם",רזיט שיווק בעמ,,ופלים לימון עלמה 200 גרם,גרמים,200.00,100 גרם,false,1,5.50,2.7500,true,1,49307
7290001482186,false,אננס חתוך בסירופ קל ויליפוד 565 גרם,ג.וילי-פוד אינטרנשיונל בעמ,TH,ויליפוד חתיכות אננס בסירופ קל 565 גרם,גרמים,567.00,100 גרם,false,1,6.90,1.2169,true,1,109572
7290001509272,false,שוקיים פטם פרימיום ק,מילועוף,,"שוקיים פטם פרימיום קפוא ארוז לק""ג",קילוגרמים,1.00,"ק""ג",true,,36.90,36.9000,true,1,127141
7290001509296,false,שניצל פרוס פרימיום ק,מילועוף,,"שניצל פרוס פרימיום קפוא ארוז לק""ג",קילוגרמים,1.00,"ק""ג",true,,46.90,46.9000,true,1,127098
7290001509319,false,כנפיים פטם פרימיום ק,מילועוף,,"כנפיים פטם פרימיום קפוא ארוז לק""ג",קילוגרמים,1.00,"ק""ג",true,,21.90,21.9000,true,1,127099
7290001509326,false,פילה פטם ארוז קפוא פרימיום,,,פילה פטם ארוז קפוא פרימיום,קילוגרמים,1.00,"ק""ג",true,,55.00,55.0000,true,1,127101
7290001509340,false,כרעיים פטם ארוז קפוא פרימיום,מילועוף,,"כרעיים מקוצב פרימיום קפוא ארוז לק""ג",קילוגרמים,1.00,"ק""ג",true,,36.90,36.9000,true,1,127100
7290001509357,false,שיפודי פרגית אורז קפוא פרימיום *,מילועוף,,"שיפודי פרגית פרימיום קפוא ארוז לק""ג",קילוגרמים,1.00,"ק""ג",true,,79.00,79.0000,true,1,114930
7290001516522,false,שוארמה פטם פרימיום ק,מילועוף,,"שוארמה פטם פרימיום קפוא ארוז לק""ג",קילוגרמים,1.00,"ק""ג",true,,79.00,79.0000,true,1,127106
7290001588321,false,פטרוזיליה אורגנית,שדות בר,IL,פטרוזיליה אורגנית,יחידה,1.00,יחידה,false,1,6.90,6.9000,true,1,116310
7290001594155,false,"קוקה-קולה בבקבוק אישי 500 מ""ל",החברה המרכזית להפצת משקאות בעמ,IL,"קוקה קולה 500 מ""ל",מיליליטרים,500.00,"100 מ""ל",false,1,9.50,1.9000,true,1,783
7290001594179,false,"פאנטה אורנג' בבקבוק אישי 500 מ""ל",החברה המרכזית להפצת משקאות בעמ,IL,"פאנטה אורנג' 500 מ""ל",מיליליטרים,500.00,"100 מ""ל",false,1,9.50,1.9000,true,1,785
7290001594186,false,"דיאט קוקה-קולה בבקבוק אישי 500 מ""ל",החברה המרכזית להפצת משקאות בעמ,IL,"דיאט קוקה קולה 500 מ""ל",מיליליטרים,500.00,"100 מ""ל",false,1,9.50,1.9000,true,1,786
7290001594230,false,קינלי סודה בבקבוק זכוכית,החברה המרכזית להפצת משקאות בעמ,IL,"קינלי סודה 250 מ""ל",מיליליטרים,250.00,"100 מ""ל",false,1,6.50,2.6000,true,1,788
7290001594377,false,פריגת תפוזים 0.5 ליטר חייב בפקדון,החברה המרכזית להפצת משקאות בעמ,IL,פריגת משקה קל תפוזים 500 מל,מיליליטרים,500.00,"100 מ""ל",false,1,9.50,1.9000,true,1,789
7290001594384,false,פריגת אשכוליות 0.5 ליטר חייב בפקדון,החברה המרכזית להפצת משקאות בעמ,IL,"פריגת משק""ל אשכוליות 0.5 ליטר",מיליליטרים,500.00,"100 מ""ל",false,1,9.50,1.9000,true,1,790
7290001594391,false,"פריגת משקה קל ענבים בבקבוק אישי 500 מ""ל",החברה המרכזית להפצת משקאות בעמ,IL,משקה קל פירות ענבים תפוחים 500 מל,מיליליטרים,500.00,"100 מ""ל",false,1,9.50,1.9000,true,1,791
7290001594520,false,"בירה טובורג רד בקבוק 330 מ""ל",החברה המרכזית להפצת משקאות בעמ,IL,"טובורג בק 330 מ""ל פקדון",מיליליטרים,330.00,"100 מ""ל",false,1,13.90,4.2121,true,1,12253
7290001594568,false,בירה בפחית קרלסברג (500 מל),החברה המרכזית להפצת משקאות בעמ,RO,קלסברג בירה 500 מל,מיליליטרים,500.00,"100 מ""ל",false,1,14.90,2.9800,true,1,794
7290001594575,false,בירה בפחית רד טובורג (500 מל),החברה המרכזית להפצת משקאות בעמ,IL,"טובורג רד פחית 500 מ""ל",מיליליטרים,500.00,"100 מ""ל",false,1,15.50,3.1000,true,1,795
7290001594858,false,מארז שישייה בירה טובורג רד (330x6 מל),החברה המרכזית להפצת משקאות בעמ,,"בירה טובורג רד שישייה בקבוק 330 מ""ל",ליטרים,1.98,ליטר,false,1,49.90,25.2020,true,1,801
7290001594865,false,"שישייה בירה קרלסברג בקבוק 330 מ""ל",החברה המרכזית להפצת משקאות בעמ,,"בירה קרלסברג מארז שישייה בקבוק 330 מ""ל",ליטרים,1.98,ליטר,false,1,49.90,25.2020,true,1,802
7290001670057,false,כפיות לבן 100 יח`הנמל,הנמל אריזות ושיווק (1984) בעמ,IL,הנמל כפיות לבן 100 יחידות,Unknown,0.00,Unknown,false,1,14.90,0.0000,true,1,17838
7290001670071,false,כפות חד פעמי לבן 100 יח',הנמל אריזות ושיווק (1984) בעמ,IL,הנמל כפות לבן 100 יחידות,Unknown,0.00,Unknown,false,1,16.90,0.0000,true,1,12949
7290001670873,false,"צלחות גדולות לבנות קשיח ח""פ הנמל 66יח'",הנמל אריזות ושיווק (1984) בעמ,IL,"הנמל צלחות עבות במיוחד 66 יח', 1 קג",קילוגרמים,1.00,"ק""ג",false,1,54.90,54.9000,true,1,12950
7290001723357,false,2מוצ.סיליקון אורט.בינוני,הדקלאים אגודת שיתופי,DE,טוליפס 2 מוצצי סיליקון אורטודנטי בינוני עם ידיות,Unknown,0.00,Unknown,false,1,26.90,0.0000,true,1,120117
7290001776117,false,כרטיס ברכה,יושלם,,כרטיס ברכה,Unknown,0.00,Unknown,false,1,7.90,0.0000,true,1,60389
7290001780428,false,מאגדת גלידת לייט שוקולד נסטלה 6יח' 312ג',נגה גלידות שותפות מוגבלת,IL,נסטלה שלגון לייט שוקולד מאח בדצ.6 6*52ג,גרמים,312.00,100 גרם,false,1,31.90,10.2244,true,1,16723
7290001780800,false,שלגון קראנץ שוקולד ליבת נוגט נסטלה 100 גרם,נגה גלידות שותפות מוגבלת,,שלגון קראנץ ליבת נוגט,Unknown,0.00,Unknown,false,1,12.50,0.0000,true,1,22340
7290001791776,false,"סנו-די דוחה יתושים רול און עם אלוורה סנו 50 מ""ל",החב. הדרומית לשיווק,IL,סנו די פלוס אלוורה כדורית 50 מל,מיליליטרים,50.00,"100 מ""ל",false,1,22.90,45.8000,true,1,41791
7290001873441,false,המבורגר 320 גר` בלאק אנגוס מוכשר ארוז,טיבון ויל אחזקות בעמ,IL,המבורגר BLACK ANGUS 320 גרם,גרמים,320.00,100 גרם,false,1,31.90,9.9687,true,1,127293
7290001873458,false,סטייק בורגר 320 גר` בלאק אנגוס מוכשר אר,טיבון ויל אחזקות בעמ,IL,סטייק בורגר black angus 320 גרם,גרמים,320.00,100 גרם,false,1,31.90,9.9687,true,1,127294
7290001873472,false,קבב 320 גר` בלאק אנגוס מוכשר ארוז,טיבון ויל אחזקות בעמ,IL,קבב BLACK ANGOS 320 גרם,גרמים,320.00,100 גרם,false,1,31.90,9.9687,true,1,127296
7290001896556,false,כבד פרימיום קפוא ארו,,,כבד פרימיום קפוא ארוז לקג,קילוגרמים,1.00,"ק""ג",true,,24.90,24.9000,true,1,127104
7290001902301,false,חלה מתוקה קלועה 450 גרם,"גידרון תעשיות בע""מ",,חלה מתוקה קלועה,גרמים,560.00,100 גרם,false,1,9.90,1.7679,true,1,15103
7290001902776,false,לחמנית עם דגנים קפוא,"גידרון תעשיות בע""מ",,לחמנית בריאות,גרמים,150.00,100 גרם,false,1,4.90,3.2667,true,1,14575
7290001990094,false,"סוכר חום כהה צנצנת קלאסי סוגת 1ק""ג",האי נאם סי או אל.טי.,IL,סוכר חום קלאסי בצנצנת,קילוגרמים,1.00,"ק""ג",false,1,17.50,17.5000,true,1,16316
7290001990117,false,שומשום סוגת 100 גרם,האי נאם סי או אל.טי.,IL,שומשום 100 גר',גרמים,100.00,100 גרם,false,1,4.50,4.5000,true,1,41844
7290001990148,false,"סוכר גולדן קלאסי בצנצנת סוגת 1 ק""ג",האי נאם סי או אל.טי.,IL,סוכר גולדן קלאסי צנצנת 1 קג,קילוגרמים,1.00,"ק""ג",false,1,13.50,13.5000,true,1,16443
7290002007241,false,סודה לשתיה הנמל 50 גרם,הנמל אריזות ושיווק (1984) בעמ,IL,הנמל סודה לשתייה 50 גרם,גרמים,50.00,100 גרם,false,1,2.30,4.6000,true,1,1182
7290002007500,false,קיסמי שיניים הנמל במבוק 500 יחידות,הנמל אריזות ושיווק 1984 בע`מ,IL,הנמל קסמים חבית 500 יחידות,לא מנהל יחידת מידה,0.00,לא מנהל יחידת מידה,false,1,5.90,0.0000,true,1,1188
7290002007852,false,"תמצית אפייה בטעמים שונים 55 מ""ל הנמל",הנמל אריזות ושיווק 1984 בע`מ,IL,הנמל תמצית בטעם וניל 55 מל,מיליליטרים,55.00,"100 מ""ל",false,1,4.00,7.2727,true,1,1190
7290002007890,false,כוסות חד פעמיות מפלסטיק 100 יח`,הנמל אריזות ושיווק (1984) בעמ,IL,כוס שתיה קרה 100 יח,יחידה,100.00,יחידה,false,1,12.90,0.1290,true,1,1192
7290002007982,false,מזלגות חד פעמי הנמל 100 יחידות,הנמל אריזות ושיווק (1984) בעמ,IL,"הנמל מזלגות, 100 יחידות",Unknown,0.00,Unknown,false,1,16.90,0.0000,true,1,12959
7290002008019,false,סוכריות לקישוט בטעם שוקולד הנמל 200 גרם,הנמל אריזות ושווק בעמ,IL,הנמל סוכריות לקישוט שוקולד 200 גרם,גרמים,200.00,100 גרם,false,1,10.00,5.0000,true,1,28248
7290002008057,false,"תמצית אפייה בטעם רום 55 מ""ל הנמל",ממתקי עלה יצור שיווק,IL,הנמל תמצית אפייה בטעם רום 55 מל,מיליליטרים,55.00,"100 מ""ל",false,1,4.00,7.2727,true,1,1195
7290002008187,false,קשים מתקפלים לשתיה הנמל 40 יחידות,הנמל אריזות ושיווק 1984 בע`מ,CN,קשים מתקפלים לשתיה 40 יח,לא מנהל יחידת מידה,0.00,לא מנהל יחידת מידה,false,1,2.90,0.0000,true,1,1199
7290002008224,false,סוכריות לקישוט צבעונית הנמל 100 ג',הנמל אריזות ושיווק 1984 בע`מ,IL,סוכריות לקישוט צבעוני 100 גרם,גרמים,100.00,100 גרם,false,1,6.90,6.9000,true,1,1201
7290002008309,false,עטרות נייר חום לעוגה מס' 4 הנמל 130יח',הנמל אריזות ושיווק (1984) בעמ,IL,"הנמל עטרות נייר אפייה מספר 4 , 130 יח'",לא מנהל יחידת מידה,0.00,לא מנהל יחידת מידה,false,1,5.20,0.0000,true,1,1203
7290002008361,false,דפים לסנדוויץ הנמל 200 יחידות,הנמל אריזות ושיווק (1984) בעמ,IL,הנמל דפים לסנדוויץ 200 יחידות,יחידה,200.00,יחידה,false,1,13.00,0.0650,true,1,79574
7290002008507,false,נייר אפיה הנמל 50 יחידות,הנמל אריזות ושיווק (1984) בעמ,IL,הנמל נייר אפייה 50 יח',לא מנהל יחידת מידה,0.00,לא מנהל יחידת מידה,false,1,15.00,0.0000,true,1,16445
7290002008743,false,סוכר וניל עשירייה הנמל 100 גרם,הנמל אריזות ושיווק 1984 בע`מ,IL,הנמל סוכר וניל 10 יחידות,גרמים,100.00,100 גרם,false,1,3.50,3.5000,true,1,1210
7290002008750,false,אבקת אפיה עשירייה הנמל 100 גרם,הנמל אריזות ושיווק 1984 בע`מ,IL,הנמל אבקת אפיה 10 יחידות,גרמים,100.00,100 גרם,false,1,3.50,3.5000,true,1,1211
7290002008774,false,שומשום הנמל 200 גרם,הנמל אריזות ושיווק 1984 בע`מ,IL,הנמל שומשום 200 גרם,גרמים,200.00,100 גרם,false,1,8.50,4.2500,true,1,74307
7290002008989,false,קישקשים קשים לשתיה 225יח הנמל,הנמל אריזות ושיווק (1984) בעמ,CN,הנמל קישקשים 225 יחידות,לא מנהל יחידת מידה,0.00,לא מנהל יחידת מידה,false,1,11.90,0.0000,true,1,15297
7290002020189,false,סופגניה מיני רגילה+ריבה,"גידרון תעשיות בע""מ",,מיני סופגניה עם מילוי ריבה 40 גרם,גרמים,40.00,100 גרם,false,1,3.90,9.7500,true,1,49594
7290002020981,false,מיני סופגניה ללא ריבה יח,"גידרון תעשיות בע""מ",,מיני סופגניה ללא ריבה כ 40 גר,גרמים,40.00,100 גרם,false,1,3.90,9.7500,true,1,62136
7290002022152,false,מרשמלו ורוד לבן וסטהיים 100ג36X שקיות בקרטון,כרמית תעשיות ממתקים בעמ,IL,מרשמלו ורוד לבן וסטהיים 100ג36X שקיות בקרטון,גרמים,100.00,100 גרם,false,1,5.90,5.9000,true,1,123046
7290002026303,false,"דולצ'ה דה לצ'ה 150 מ""ל - שורטי",מוצרי איכות אמריקאיי,IL,"דולצ'ה דה לצ'ה 150 מ""ל - שורטי",מיליליטרים,150.00,"100 מ""ל",false,1,13.90,9.2667,true,1,1254
7290002026372,false,טילון בצק עוגיות בן,המאפיה של הרמן,IL,טילון בצק עוגיות בן & גריס 100 גרם,גרמים,100.00,100 גרם,false,1,13.90,13.9000,true,1,118210
7290002026402,false,בראנץ אנד קראנץ בלינצס גבינה 350 גרם,מוצרי איכות אמריקאיים בעמ,IL,בלינצס גבינה חם-בראנצ,גרמים,350.00,100 גרם,false,1,13.90,3.9714,true,1,91975
7290002043065,false,אקסטרה פריכיות אורז חום מלא בציפוי שוקולד מריר 70 גרם,א.ל.ייצור ושיווק תבלינים בעמ,BG,פריכוני אורז חום מלא בציפוי שוקו מריר70ג,גרמים,70.00,100 גרם,false,1,8.90,12.7143,true,1,129506
7290002043096,false,אקסטרה פריכוני אורז בציפוי שוקולד לבן בלגי,א.ל.ייצור ושיווק תבלינים בעמ,BG,פריכוני אורז חום מלא בציפוי שוקו לבן70ג,גרמים,70.00,100 גרם,false,1,8.90,12.7143,true,1,129508
7290002043782,false,אקסטרה צ'יפס אורז חום מלא טקסס ברביקיו 60 גרם,א.ל.ייצור ושיווק תבלינים בעמ,BG,ציפס אורז חום מלא טקסס ברביקיו 60גרם,גרמים,60.00,100 גרם,false,1,7.90,13.1667,true,1,129503
7290002057031,false,זיתים מבוקעים פיקנטי קבוצת יבנה 340 גרם,"קבוצת יבנה מוצרי מזון בע""מ",IL,קבוצת יבנה זיתים מבוקעים 540 גרם,גרמים,540.00,100 גרם,false,1,9.90,1.8333,true,1,1331
7290002057048,false,זית סורי מתובל בשמן קבוצת יבנה 560 גרם,"קבוצת יבנה מוצרי מזון בע""מ",IL,זית סורי מבוקע - A2יבנה ח,גרמים,540.00,100 גרם,false,1,12.50,2.3148,true,1,1332
7290002057055,false,זית סורי שלם בטעם שום יבנה 340 גרם,קבוצת יבנה מוצרי מזון בעמ,IL,"קבוצת יבנה, זית סורי ירוק 540 גרם",גרמים,540.00,100 גרם,false,1,12.50,2.3148,true,1,1333
7290002057123,false,זיתים ירוקים מנזנילו קבוצת יבנה 560 גרם,קבוצת יבנה מוצרי מזון אגודה שי,IL,זיתים ירוקים מנזנילו ללא גלעין 540 יבנה,גרמים,540.00,100 גרם,false,1,10.90,2.0185,true,1,1336
7290002057352,false,מלפפונים במלח ‏9‏-‏7‏ קבוצת יבנה 320 גרם,"קבוצת יבנה מוצרי מזון בע""מ",IL,קבוצת יבנה מלפפונים גדולים במלח 560 גרם,גרמים,540.00,100 גרם,false,1,7.50,1.3889,true,1,1343
7290002057369,false,מלפפונים במלח ‏12‏-‏10‏ קבוצת יבנה 320 גרם,"קבוצת יבנה מוצרי מזון בע""מ",IL,מלפפונים במלח יבנה10-12 540 גרם,גרמים,540.00,100 גרם,false,1,8.90,1.6481,true,1,1344
7290002057376,false,מלפפונים במלח ‏17‏-‏13‏ קבוצת יבנה 320 גרם,"קבוצת יבנה מוצרי מזון בע""מ",IL,13-17 מלפפונים במלח קטן,גרמים,540.00,100 גרם,false,1,11.90,2.2037,true,1,1345
7290002057383,false,מלפפונים במלח ‏25‏-‏18‏ קבוצת יבנה 320 גרם,"קבוצת יבנה מוצרי מזון בע""מ",IL,מלפפונים במלח קטן 18-25 540 גרם,גרמים,540.00,100 גרם,false,1,12.90,2.3889,true,1,1346
7290002057468,false,מלפפונים בחומץ בינוני קבוצת יבנה 560 גרם,"קבוצת יבנה מוצרי מזון בע""מ",IL,מלפפונים בחומץ יבנה10-12 540 גרם,גרמים,540.00,100 גרם,false,1,8.90,1.6481,true,1,15288
7290002057604,false,פלפל חריף שיפקה קבוצת יבנה (540 גרם),קבוצת יבנה מוצרי מזון אגודה שי,IL,קבוצת יבנה פלפל חריף שיפקה 560 גרם,גרמים,540.00,100 גרם,false,1,6.90,1.2778,true,1,1349
7290002057734,false,זיתים חרוזית מושחר קבוצת יבנה 275 גרם,קבוצת יבנה מוצרי מזון אגודה שי,IL,זיתים מושחרים ללא גלעין 540ג יבנה ח,גרמים,540.00,100 גרם,false,1,10.90,2.0185,true,1,1352
7290002079033,false,לחם דגנים לייט פרוס 500 גרם,מאפיית דוידוביץ ובניו בע,IL,לחם דגנים לייט,גרמים,500.00,100 גרם,false,1,14.90,2.9800,true,1,1421
7290002079156,false,פיתות דוידוביץ חמישי,מאפיית דוידוביץ ובני,,פיתה 1/5,יחידה,1.00,יחידה,false,1,5.90,5.9000,true,1,15235
7290002079217,false,מחמצת עם אגוזים שיפון 650 ג',מאפיית דוידוביץ ובני,IL,דוידוביץ מחמצת שיפון מלא אגוזים וחמניות 650 גרם,גרמים,650.00,100 גרם,false,1,13.90,2.1385,true,1,128102
7290002079316,false,חלה רגילה פרוסה 500 גרם,מאפית דוידוביץ ובניו,IL,דוידוביץ חלה מעודנת פרוסה 500 גרם,גרמים,500.00,100 גרם,false,1,10.90,2.1800,true,1,15237
7290002079347,false,חלה קלה פרוסה 500 גרם,מאפיית דוידוביץ ובניו בע,IL,דוידוביץ חלה קלה פרוסה 500 גרם,גרמים,500.00,100 גרם,false,1,15.90,3.1800,true,1,1422
7290002079361,false,לחמניות המבורגר חתוך 6+2*60 ג',מאפיית דוידוביץ ובני,IL,לחמניות המבורגר פרוס 1/8,גרמים,480.00,100 גרם,false,1,16.90,3.5208,true,1,15238
7290002079477,false,לחם אחיד פרוס דוידוב,מאפיית דוידוביץ ובניו בע,IL,דוידוביץ לחם אחיד פרוס 750 גרם,גרמים,750.00,100 גרם,false,1,7.11,0.9480,true,1,15239
7290002079590,false,חלה רגילה עגולה 500גר,מאפיית דוידוביץ,,חלה רגילה**,גרמים,0.00,100 גרם,false,1,5.17,0.0000,true,1,15243
7290002079613,false,דוידוביץ חלה קלועה מתוקה ארוזה 500 גרם,מאפיית דוידוביץ ובני,,חלה קלועה פרג 500 גר .,גרמים,500.00,100 גרם,false,1,14.90,2.9800,true,1,15244
7290002079682,false,לחמניה שמיניות שומשום 120 גרם,דוידוביץ ובניו שיווק ומכירות,,לחמניה שמניה/בייגלה 120 גר,גרמים,120.00,100 גרם,false,1,3.50,2.9167,true,1,15246
7290002079927,false,לחם דגנים מלא דוידוב,מאפיית דוידוביץ ובני,IL,מאפיית דוידוביץ לחם דגנים מלא 750 גרם,גרמים,750.00,100 גרם,false,1,14.90,1.9867,true,1,69068
7290002079996,false,לחם אחיד קל פרוס 750 גרם,מאפיית דוידוביץ ובני,IL,מאפית דוידוביץ לחם אחיד קל 750 גרם,גרמים,750.00,100 גרם,false,1,13.90,1.8533,true,1,1425
7290002128083,false,נרות חנוכה רגיל 44יח-מנורה,אבאל יזמות בעמ,,נרות חנוכה בקופסא 44 יחידות,יחידה,1.00,יחידה,false,1,8.90,8.9000,true,1,118431
7290002128205,false,נרות לא נוטפים 45יח-מנורה,,,נרות חנוכה לוקס,יחידה,1.00,יחידה,false,1,12.90,12.9000,true,1,21029
7290002128335,false,כוסות שתייה חמה50 יח,טיי פרידה,CN,כוסות שתייה חמה50 יח OZ8,יחידה,1.00,יחידה,false,1,14.90,14.9000,true,1,127892
7290002128434,false,נרות שבת אורה 10 יחידות,אבאל יזמות בעמ,IL,נרות שבת אורה מספר 10,יחידה,1.00,יחידה,false,1,4.00,4.0000,true,1,68197
7290002130567,false,דבש דבורים טהור פרחי בר יד מרדכי 350 גרם,מכוורת יד מרדכי שטראוס ב,IL,דבש טהור 350 גרם,גרמים,350.00,100 גרם,false,1,22.50,6.4286,true,1,1514
7290002132011,false,עוגיות מזרחיות עם שומשום עבאדי (400 גר),מאפיית יוסף ושמחה עבאדי,IL,"עבאדי עוגיות מזרחיות שומשום, 400 גרם",גרמים,400.00,100 גרם,false,1,21.90,5.4750,true,1,1518
7290002232964,false,ציפוי לשניצל פז טחון דק 500 גרם דגש,"תירפז בע""מ",IL,ציפוי פז ללא גלוטן 600גרם,גרמים,600.00,100 גרם,false,1,29.90,4.9833,true,1,74432
7290002243410,false,אנג'ל פיתה ביס אסלי 10 יח' 400 ג',מאפיית אנג'ל,,פיתה ביס אסלי 1/10,גרמים,500.00,100 גרם,false,1,11.90,2.3800,true,1,14289
7290002253105,false,שום במגשית 20 שיניים כתושות קפוא 80,קבוצת אוסם סחר-שות.מוגבלת,IL,דורות קוביות שום טרי2 16*80גרם,גרמים,80.00,100 גרם,false,1,15.90,19.8750,true,1,1694
7290002281498,false,גבינה צהובה מגורדת על בסיס חלב 500 ג' ריץ,נטו מילנדה סחר בעמ*,PL,"ריץ', צהובה מגורדת, לפיצה, אפייה ובישול ועוד",גרמים,500.00,100 גרם,false,1,26.90,5.3800,true,1,122525
7290002331018,false,"נביעות מים עם פקק ספורט 500מ""ל",החברה המרכזית להפצת משקאות בעמ,IL,נביעות 500 פ.שטוח פיקדון,מיליליטרים,500.00,"100 מ""ל",false,1,6.90,1.3800,true,1,14375
7290002331025,false,"מים מינרלים נביעות ספורט 500 מ""ל פקדון",החברה המרכזית להפצת משקאות בעמ,IL,נביעות 500 TO GO פקדון,מיליליטרים,500.00,"100 מ""ל",false,1,6.90,1.3800,true,1,1841
7290002331094,false,"מים מינרליים GO TO נביעות 755 מ""ל",החברה המרכזית להפצת משקאות בעמ,IL,"נביעות 755 מ""ל",מיליליטרים,755.00,"100 מ""ל",false,1,7.50,0.9934,true,1,1842
7290002331124,false,נביעות+ מים מינרליים בטעם תפוח,החברה המרכזית להפצת משקאות בעמ,IL,נביעות+ בטעם תפוח 500 מל,מיליליטרים,500.00,"100 מ""ל",false,1,10.50,2.1000,true,1,33899
7290002331155,false,מים נביעות בטעם אפרסק 0.5 ליטר,החברה המרכזית להפצת משקאות בעמ,IL,"נביעות + בטעם אפרסק 500 מ""ל",מיליליטרים,500.00,"100 מ""ל",false,1,10.50,2.1000,true,1,33900
7290002331421,false,"שישיית מים מינרליים GO TO נביעות 755 מ""ל",החברה המרכזית להפצת משקאות בעמ,,"מים נביעות TO-GO שישייה בקבוק 755 מ""ל",ליטרים,4.53,ליטר,false,1,18.90,4.1722,true,1,1848
7290002331490,false,מים מינרלים נביעות (1 ליטר),החברה המרכזית להפצת משקאות בעמ,IL,נביעות 1 ליטר,ליטרים,1.00,ליטר,false,1,8.00,8.0000,true,1,97653
7290002331711,false,נביעות מים מינרלים בטעם ענבים0.5ליטר,החברה המרכזית להפצת משקאות בעמ,IL,"נביעות + בטעם ענבים 500 מ""ל",מיליליטרים,500.00,"100 מ""ל",false,1,10.50,2.1000,true,1,43071
7290002345015,false,סינטה דק דק אל גאוצ'ו 250ג' מינוט,"טיבון ויל אחזקות בע""\מ",IL,סינטה דק דק אלגאוצו,גרמים,250.00,100 גרם,false,1,29.90,11.9600,true,1,116237
7290002345022,false,אנטריקוט דק דק מינוט סטייק אל גאוצ'ו 250 גרם,"טיבון ויל אחזקות בע""\מ",IL,אל גאוצ'ו מינוט סטייק אנטריקוטדקדק 250 גרם,גרמים,250.00,100 גרם,false,1,29.90,11.9600,true,1,116238
7290002348061,false,פטריות שמפיניון חתוכות ויליגר 400 גרם,נטו מילנדה סחר בעמ*,NL,פטריות חתוכות ויליגר400גר,גרמים,400.00,100 גרם,false,1,6.90,1.7250,true,1,1879
7290002348139,false,תחתיות ארטישוק ויליגר (390 גרם),נטו מילנדה סחר בעמ*,EG,ויליגר תחתיות ארטישוק במי מלח 390 גרם,גרמים,400.00,100 גרם,false,1,10.90,2.7250,true,1,1880
7290002371533,false,דקניקים סלסולי פסטרמה דבש טירת צבי 120 גרם,תנובה מרכז שיתופי לשיווק תוצרת,IL,סלסולי פסטרמה דבש 120 גרם,גרמים,120.00,100 גרם,false,1,17.90,14.9167,true,1,95310
7290002371540,false,דקניקים קורנדביף ללא גלוטן טירת צבי 120 גרם,תנובה מרכז שיתופי לשיווק תוצרת,IL,טירת צבי דקניקים קורנדביף 120 גרם,גרמים,120.00,100 גרם,false,1,17.90,14.9167,true,1,95233
7290002371939,false,סרוולד בסגנון צרפתי דליקטיב 120 גרם,תנובה מרכז שיתופי לשיווק תוצרת,IL,סרוולד צרפתי 120 גרם,גרמים,120.00,100 גרם,false,1,29.90,24.9167,true,1,47964
7290002439981,false,קלאסיקו קבב בקר אל גאוצ'ו,"טיבון ויל אחזקות בע""\מ",IL,אל גאוצו קלאסיקו קבב בקר 400 גרם,גרמים,400.00,100 גרם,false,1,26.90,6.7250,true,1,126852
7290002439998,false,קלאסיקו קבב בקר וכבש אלג,טיבון ויל - נטו,IL,קלאסיקו קבב בקר וכבש אל גאוצו 400גרם,גרמים,400.00,100 גרם,false,1,26.90,6.7250,true,1,126853
7290002472087,false,עוגת קצפת פס שוקולד 600ג,"גידרון תעשיות בע""מ",,עוגת קצפת,גרמים,600.00,100 גרם,false,1,44.90,7.4833,true,1,14578
7290002472094,false,עוגת קצפת קרם שניט600גרם,"גידרון תעשיות בע""מ",,עוגת קרם שניט,גרמים,600.00,100 גרם,false,1,44.90,7.4833,true,1,14874
7290002472117,false,פס קצפת קפוצ'ינו 600 גרם,"גידרון תעשיות בע""מ",,עוגת קצפת קפוצינו,גרמים,600.00,100 גרם,false,1,44.90,7.4833,true,1,14327
7290002472148,false,עוגת קצפת בלק פורסט600גר,"גידרון תעשיות בע""מ",,עוגת בלק פורסט,גרמים,600.00,100 גרם,false,1,44.90,7.4833,true,1,14876
7290002472209,false,מאפין שוקו וניל 550 גרם,"גידרון תעשיות בע""מ",,מאפין שוקו וניל 550גר-גדרון,גרמים,560.00,100 גרם,false,1,16.90,3.0179,true,1,13149
7290002472261,false,"עוגת מאפין תפו""ע 550 גרם","גידרון תעשיות בע""מ",,מאפין תפוע 550גר-גדרון,גרמים,560.00,100 גרם,false,1,16.90,3.0179,true,1,13153
7290002472841,false,עוגת סבתא שוקולד 850 גרם,"גידרון תעשיות בע""מ",,עוגת סבתא שוקולד-גדרון,גרמים,820.00,100 גרם,false,1,21.90,2.6707,true,1,13146
7290002485025,false,סלט חומוס מסעדות 500 גרם,"סלטי שמיר 2006 בע""מ",,חומוס מסעדות 500 גרם,גרמים,500.00,100 גרם,false,1,17.90,3.5800,true,1,39931
7290002485063,false,סלט חומוס אבו גוש בי,"סלטי שמיר 2006 בע""מ",,חומוס אבו גוש 500 גרם,גרמים,500.00,100 גרם,false,1,17.90,3.5800,true,1,38419
7290002517269,false,"פלפל שחור שלם 350 גרם ""טעם וריח""",תבליני טעם וריח בעמ,IL,תבליני טעם וריח פלפל שחור שלם 35 גרם,גרמים,35.00,100 גרם,false,1,9.90,28.2857,true,1,42112
7290002517276,false,פלפל אנגלי שלם 25 גר' טעם וריח,תבליני טעם וריח בעמ,IL,תבליני טעם וריח מיכל קטן פלפל אנגלי שלם 25 גרם,גרמים,25.00,100 גרם,false,1,9.90,39.6000,true,1,41758
7290002517337,false,אורגנו עלים 20 גר' טעם וריח,"תבליני טעם וריח בע""מ",IL,תבליני טעם וריח 100% אורגנו 20 גרם,גרמים,20.00,100 גרם,false,1,6.90,34.5000,true,1,40205
7290002517375,false,בזילקום עלים 30 גר' טעם וריח,"תבליני טעם וריח בע""מ",IL,"תבליני טעם וריח, 100% בזיליקום (ריחן), 30 גרם",גרמים,30.00,100 גרם,false,1,6.90,23.0000,true,1,42114
7290002517603,false,תבלין בזיליקום מיכל 10ג',"תבליני טעם וריח בע""מ",IL,"תבליני טעם וריח בזיליקום (ריחן), 10 גרם",גרמים,10.00,100 גרם,false,1,7.50,75.0000,true,1,40773
7290002517634,false,כוזברה 30 גר מיכל קט,תבליני טעם וריח בעמ,IL,תבליני טעם וריח כוסברה 30 גרם,גרמים,30.00,100 גרם,false,1,7.50,25.0000,true,1,40776
7290002517726,false,קינמון מקלות 15 גר' טעם וריח,"תבליני טעם וריח בע""מ",IL,תבליני טעם וריח מקלות קינמון 100%,גרמים,15.00,100 גרם,false,1,7.50,50.0000,true,1,40785
7290002517733,false,תבלין קצח טעם וריח 4,תבליני טעם וריח בעמ,IL,"תבליני טעם וריח, 100% קצח, 40 גרם",גרמים,40.00,100 גרם,false,1,7.50,18.7500,true,1,40786
7290002517801,false,תבלין צ'ילי כתוש - חריף (פלפל קיינה) 30 ג',"תבליני טעם וריח בע""מ",IL,"תבליני טעם וריח, 100% צ'ילי גרוס חריף, 30 גרם",גרמים,30.00,100 גרם,false,1,7.50,25.0000,true,1,40793
7290002542506,false,"בקבוק בירה קורונה 355 מ""ל",קריניציה ויטמינה אס,MX,בירה קורונה אקסטרה 355 מל,מיליליטרים,355.00,"100 מ""ל",false,1,16.90,4.7606,true,1,68987
7290002542773,false,"בירה סטלה ארטואה בקבוק 330 מ""ל","אינבב, ברוורייפליין",BE,סטלה ארטואה בק 330 מל,מיליליטרים,330.00,"100 מ""ל",false,1,14.90,4.5152,true,1,129611
7290002542780,false,"שישייה בירה סטלה ארטואה בקבוק 330X6 מ""ל","אינבב, ברוורייפליין",BE,סטלה ארטואה שישיה 6 בק*330 מל,ליטרים,1.32,ליטר,false,1,59.90,45.3788,true,1,129612
7290002551003,false,נתחי טונה בהירה בשמן סטארקיסט (160 גרם),דיפלומט מפיצים (1968) בעמ**,,טונה בשמן סטארקיסט 160 גרם,גרמים,160.00,100 גרם,false,1,8.90,5.5625,true,1,2136
7290002551010,false,נתחי טונה בהירה במים סטארקיסט (160 גרם),דיפלומט מפיצים (1968) בעמ**,TR,ס.ק טונה במים 160גרם-בי,גרמים,160.00,100 גרם,false,1,8.90,5.5625,true,1,2137
7290002603474,false,פיצת השף מאיטליה רוטב פטריות בטעם כמהין 256 גרם,נטו מילנדה סחר בעמ*,IT,שגב פיצת השף רוטב פטריות בטעם כמהין 220 גרם,גרמים,220.00,100 גרם,false,1,14.90,6.7727,true,1,117756
7290002603481,false,פיצת השף מאיטליה פסטו ועגבניות 256 גרם,נטו מילנדה סחר בעמ*,IT,שגב פיצת השף פסטו ועגבניות 220 גרם,גרמים,200.00,100 גרם,false,1,14.90,7.4500,true,1,117754
7290002627210,false,גפילטע פיש קציצות מדגי קרפיון וכסיף בצנצנת 560 גרם,האי נאם סי או אל.טי.,IL,דלידג גפילטעפיש קציצות מדגי כסיף וקרפיון 560 גרם,גרמים,560.00,100 גרם,false,1,16.90,3.0179,true,1,125336
7290002657866,false,"פילה אמנון""דלידג מהדרין",גואנדונג יוג'יה סיפו,,פילה אמנון דלידג,קילוגרמים,1.00,"ק""ג",true,,38.00,38.0000,true,1,94231
7290002692478,false,"שמן זית כתית מעולה קלאסי מעודן 750 מ""ל עץ הזית","מרקאולאו, ספרד.אבסה,",IT,שמן זית כ.מעולה מעודן,מיליליטרים,750.00,"100 מ""ל",false,1,36.90,4.9200,true,1,32835
7290002715504,false,ארוחת נודלס בטעם עוף מג`יק (70 גרם),נטו מלינדה סחר בע`מ,SG,תבשיל מגיק בכוס עוף 70 גרם,גרמים,70.00,100 גרם,false,1,6.90,9.8571,true,1,2244
7290002715511,false,ארוחת נודלס בטעם בשר מג`יק (70 גרם),נטו מלינדה סחר בע`מ,SG,תבשיל מגיק בכוס בקר 70 גרם,גרמים,70.00,100 גרם,false,1,6.90,9.8571,true,1,2245
7290002715528,false,ארוחת נודלס בטעם ירקות מג`יק (70 גרם),נטו מילנדה סחר בעמ*,SG,ארוחת ירקות - בטעם ירקות,גרמים,70.00,100 גרם,false,1,6.90,9.8571,true,1,2246
7290002715580,false,ארוחת נודלס בטעם סיני חריף מג'יק 70 גרם,נטו מילנדה סחר בעמ*,SG,תבשיל מגיק בכוס ירקות סיני 70 גרם,גרמים,70.00,100 גרם,false,1,6.90,9.8571,true,1,2248
7290002730262,false,נוזל לניקוי כלים קלאסי פלמוליב (750 מל),יבואן ומשווק: ש. שסט,GR,פלמוליב נוזל לניקוי כלים קלאסי 750 מל,מיליליטרים,750.00,"100 מ""ל",false,1,13.90,1.8533,true,1,2281
7290002730521,false,צימרוני אוזניים בלונס בקופסא 200 יח',ש. שסטוביץ בע`מ,GR,בלונס מקלות אוזניים כותנה 200 יח,גרמים,66.00,100 גרם,false,1,8.90,13.4848,true,1,2283
7290002730675,false,"קולגייט משחת שיניים אדומה משפחתי 100 מ""ל",קולגייט-פלמוליב,PL,"משחת שיניים קולגייט אדומה 100 מ""ל",מיליליטרים,100.00,"100 מ""ל",false,1,11.90,11.9000,true,1,2286
7290002730958,false,סבון מוצק בניחוח זיתים ואלוורה פלמוליב 4*100 גרם,הנסיך- מפעל לייצור ט,TR,סבון מוצק בניחוח זיתים ואלוורה פלמוליב 4 יחידות,גרמים,400.00,100 גרם,false,1,19.90,4.9750,true,1,2292
7290002752332,false,"סוכריות מנטוס פירות בגליל, 37.5 גרם",הדקלאים אגודת שיתופי,NL,מנטוס סוכריות לעיסה בטעם פירות 37.5 גרם,גרמים,38.00,100 גרם,false,1,5.00,13.1579,true,1,2296
7290002752349,false,סוכריות מנטוס מנטה 40יח' בגליל 38ג',ליימן שליסל בעמ,NL,גליל מנטוס סוכריות לעיסה בטעם מנטה,גרמים,38.00,100 גרם,false,1,5.00,13.1579,true,1,12176
7290002771111,false,קפה עם הל אל נחלה 250 גרם,קפה אל נחלה בני רפיק,IL,אל נחל'ה קפה קלוי וטחון עם הל 250 גרם,גרמים,250.00,100 גרם,false,1,19.90,7.9600,true,1,2306
7290002771128,false,קפה אלנח'לה בלי הל 250 ג',קפה אל נחלה בני רפיק,IL,קפה תורכי נחלה 250 גרם,גרמים,250.00,100 גרם,false,1,18.90,7.5600,true,1,15310
7290002824183,false,"גבינה לבנה סקי 500 גרם 5% ""שטראוס"" -מוצר בפיקוח",שטראוס גרופ בעמ/מצונן,IL,סקי משפחתי 5%,גרמים,500.00,100 גרם,false,1,9.96,1.9920,true,1,2364
7290002824466,false,יוגורט דנונה ביו לבן 0% שומן 200 גרם,שטראוס גרופ בעמ/מצונן,IL,דנונה ביו 0% 200 גרם,גרמים,200.00,100 גרם,false,1,3.90,1.9500,true,1,2365
7290002824640,false,"גבינת סקי 250 גרם 5% ""שטראוס"" -מוצר בפיקוח",שטראוס גרופ בעמ/מצונן,IL,סקי 5% 250 גרם,גרמים,250.00,100 גרם,false,1,4.98,1.9920,true,1,2367
7290002879237,false,טורטילה צ'יפס ברביקיו 200 פלוטקין,דדוש דניאל,,חטיף ציפס תירס ברביקיו 200 גרם,גרמים,200.00,100 גרם,false,1,12.90,6.4500,true,1,58119
7290002879282,false,ציפס חטיף תירס טבעי סומבררו 200 גרם,אן. וי סנק פוד,,חטיף ציפס תירס רגיל 200 גרם,גרמים,200.00,100 גרם,false,1,14.90,7.4500,true,1,56484
7290002879305,false,מלפפונים קטנים בחומץ,דדוש דניאל,,מלפפונים קטנים בחומץ 860 גרם,גרמים,860.00,100 גרם,false,1,20.90,2.4302,true,1,58012
7290002879435,false,כרוב כבוש גרין ואלי,פרנצוסקה,,כרוב כבוש 900 גרם,גרמים,900.00,100 גרם,false,1,18.70,2.0778,true,1,54834
7290002879640,false,וופל בלגי פלוטקין 100 גרם,ביסקוטר,BE,וופל בלגי 100 גרם פלוטקין,גרמים,100.00,100 גרם,false,1,8.90,8.9000,true,1,133873
7290002900207,false,המבורגר אמיתי 100% 400 גרם-תנובה,הנסיך- מפעל לייצור ט,IL,המבורגר אמיתי 100% בקר 400 גרם,גרמים,400.00,100 גרם,false,1,24.90,6.2250,true,1,2486
7290002904694,false,"טיטניום דאודורנט ספריי לגברים 150 מ""ל",החברה הדרומית לשיווק בעמ,IL,"טיטניום דאודורנט ספריי קלאסי 180 מ""ל",מיליליטרים,180.00,"100 מ""ל",false,1,19.90,11.0556,true,1,2490
7290002929536,false,שלושת האופים קובה למ,האי נאם סי או אל.טי.,IL,"קובה למרק 600 גר """,גרמים,600.00,100 גרם,false,1,17.90,2.9833,true,1,97695
7290002929635,false,טונה ויליגר במים 140 גרם,נטו מילנדה סחר בעמ*,IL,ויליגר נתחי טונה בהירה בשמן 140 גרם,גרמים,140.00,100 גרם,false,1,5.90,4.2143,true,1,106517
7290002929642,false,נתחי טונה בהירה בשמן ויליגר (140x4 גרם),דיאמנט פוד פרודקט קו,TH,ויליגר נתחי טונה בהירה בשמן 560 גרם,גרמים,560.00,100 גרם,false,1,21.90,3.9107,true,1,99300
7290003009312,false,בוטן קלוי 200 גרם שקית קליית גת,הדקלאים אגודת שיתופי,IL,בוטן קלוי 200 גר' שק',גרמים,200.00,100 גרם,false,1,9.90,4.9500,true,1,12265
7290003009329,false,בוטנים אמריקאיים קליית גת (200 גרם),הדקלאים אגודת שיתופי,IL,בוטן אמריק'200 גר'שק (ב(24,גרמים,200.00,100 גרם,false,1,8.90,4.4500,true,1,12178
7290003009336,false,קבוקים קליית גת (200 גרם),הדקלאים אגודת שיתופי,IL,קבוקים 200 גר'שק'ב24,גרמים,200.00,100 גרם,false,1,8.90,4.4500,true,1,13873
7290003009640,false,מיץ תפוזים סחוט רכיבים טבעיים פריגת 1 ליטר,החברה המרכזית טלהפצת משקאות בע,IL,סחוט תפוזים קלאסי 1 ליטר,ליטרים,1.00,ליטר,false,1,19.50,19.5000,true,1,2632
7290003029181,false,משקה יטבתה שוקו' בקבוק 1ל מהדרין,שטראוס גרופ בעמ/מצונן,IL,שוקו 1 ליטר,ליטרים,1.00,ליטר,false,1,12.90,12.9000,true,1,2721
7290003029372,false,יטבתה משקה בטעם בננה %3 בקבוק 1 ליטר,שטראוס גרופ בעמ/מצונן,IL,בננה 1 ליטר,ליטרים,1.00,ליטר,false,1,12.90,12.9000,true,1,2725
7290003029389,false,"משקה חלב בננה פקק ספורט 250 מ""ל יוטבתה",שטראוס גרופ בעמ/מצונן,IL,בננה פקק 250*12,מיליליטרים,250.00,"100 מ""ל",false,1,7.50,3.0000,true,1,2726
7290003029433,false,"משקה יטבתה שוקו פקק 250 מ""ל מהדרין",שטראוס גרופ בעמ/מצונן,IL,"שוקו פקק 250 מ""ל",מיליליטרים,250.00,"100 מ""ל",false,1,7.50,3.0000,true,1,2728
7290003029532,false,מוקה בבקבוק יטבתה 1 ליטר מהדרין,שטראוס גרופ בעמ/מצונן,IL,מוקה 1 ליטר,ליטרים,1.00,ליטר,false,1,12.90,12.9000,true,1,2730
7290003029792,false,"משקה יטבתה שוקו שקיות מהדרין מארז 225X8מ""ל",שטראוס גרופ בעמ/מצונן,,מארז שוקו יטבתה 8 שקיות,ליטרים,1.80,ליטר,false,1,21.90,12.1667,true,1,31569
7290003029815,false,כד חלב 3% יטבתה 2 ליטר מהדרין,שטראוס גרופ בעמ/מצונן,IL,חלב 3% בקבוק 2 ליטר,ליטרים,2.00,ליטר,false,1,17.00,8.5000,true,1,31923
7290003029907,false,משקה חלב אייס קפה 2% יטבתה (1 ליטר,שטראוס גרופ בעמ/מצונן,IL,אייס קפה 1 ליטר,ליטרים,1.00,ליטר,false,1,12.90,12.9000,true,1,34015
7290003055128,false,טישו פיור 100 יח,חיי נייר,IL,טישו פיור 100 יח,יחידה,1.00,יחידה,false,1,3.90,3.9000,true,1,126094
7290003060009,false,"קמח חיטה לבן בהיר טחנות ישראליות 1 ק""ג",טחנות ישראליות,,"קמח חיטה לבן 1 ק""ג סוגת",קילוגרמים,1.00,"ק""ג",false,1,6.70,6.7000,true,1,2794
7290003060023,false,"סולת חיטה 1 ק""ג מטחנות ישראליות",טחנות ישראליות,,"סולת חיטה 1 ק""ג טחנות ישראליות",קילוגרמים,1.00,"ק""ג",false,1,5.90,5.9000,true,1,2795
7290003060030,false,"קמח חיטה מלא רמילוי 1 ק""ג",טחנות ישראליות,,"קמח חיטה מלא בשקית 1 ק""ג",קילוגרמים,1.00,"ק""ג",false,1,5.90,5.9000,true,1,24128
7290003102068,false,צימרוני אוזניים מעץ 100 יח',אינטרסן (1996) בעמ,,צימרוני אוזניים מעץ 100 יח,יחידה,1.00,יחידה,false,1,2.10,2.1000,true,1,79037
7290003102976,false,צימרוני אוזניים פלסטיק בקופסה 200 יחידות,הדקלאים אגודת שיתופי,CN,צימרוני פלסטיק צבעוניים 200 יחידות,יחידה,1.00,יחידה,false,1,4.90,4.9000,true,1,82612
7290003126712,false,יוגורט עיזים מחלב מלא 3.7% משק צוריאל 150 גרם,החברה המרכזית טלהפצת משקאות בע,IL,יוגורט עיזים 3.9% 150 גרם צוריאל,גרמים,150.00,100 גרם,false,1,7.90,5.2667,true,1,35308
7290003131266,false,גרעין שחור קלוי,אוליבלס SA,,גרעין שחור קלוי במשקל,קילוגרמים,1.00,"ק""ג",true,,48.00,48.0000,true,1,116634
7290003131341,false,אלמונדוס,אוליבלס SA,,אלמונדוס במשקל,קילוגרמים,1.00,"ק""ג",true,,59.00,59.0000,true,1,116645
7290003133123,false,לחם זהב עגול אוקראיני 750 ג',מאפיית דוידוביץ ובני,IL,לחם שיפון עגול 750 גר .,גרמים,750.00,100 גרם,false,1,15.90,2.1200,true,1,2864
7290003143139,false,סילאן תמרים קלית גת 900 ג',ליימן שליסל בעמ,IL,סילאן קליית גת 900 גר,גרמים,900.00,100 גרם,false,1,20.90,2.3222,true,1,107202
7290003143146,false,ממרח תמרים קליית גת (450 גרם),הדקלאים אגודת שיתופי,IL,ממרח תמרים קלית גת 450 גר',גרמים,450.00,100 גרם,false,1,6.90,1.5333,true,1,93418
7290003144310,false,תערובת אגוזים וחמוציות קליית גת 150 גרם,ליימן שליסל בעמ,IL,תע'אגוזים וחמוציות 150 גר,גרמים,150.00,100 גרם,false,1,22.90,15.2667,true,1,116613
7290003145751,false,אגוזי קשיו קלויים קליית גת (200 גרם),הדקלאים אגודת שיתופי,IL,"קליית גת אגוזי קלויים, 200 גרם",גרמים,200.00,100 גרם,false,1,24.90,12.4500,true,1,50461
7290003145768,false,בוטנים אמריקאיים 50גר קליית גת,ששון ושות;#039& )ש.ת. תע,IL,בוטן אמריקאי 50X42 גר',גרמים,50.00,100 גרם,false,1,3.00,6.0000,true,1,48924
7290003145959,false,פקאן טבעי קליית גת 150 גרם,ליימן שליסל בעמ,IL,פקאן טבעי 150 גרם,יחידה,150.00,יחידה,false,1,26.90,0.1793,true,1,60877
7290003192013,false,רביולי {בוטן בטעם גר,אוליבלס SA,,רביולי {בוטן בטעם גריל} במשקל,קילוגרמים,1.00,"ק""ג",true,,80.00,80.0000,true,1,116754
7290003192014,false,פקאן טיבעי במשקל,אוליבלס SA,,פקאן טיבעי במשקל,קילוגרמים,1.00,"ק""ג",true,,150.00,150.0000,true,1,116702
7290003192020,false,בונדוק {לוז} קלוי במ,אוליבלס SA,,בונדוק {לוז} קלוי במשקל,קילוגרמים,1.00,"ק""ג",true,,98.00,98.0000,true,1,116755
7290003192021,false,אפונה קלוי במשקל,אוליבלס SA,,אפונה קלוי במשקל,קילוגרמים,1.00,"ק""ג",true,,50.00,50.0000,true,1,116757
7290003192022,false,בוטנים אמריקאים במשק,אוליבלס SA,,בוטנים אמריקאים במשקל,קילוגרמים,1.00,"ק""ג",true,,39.00,39.0000,true,1,116756
7290003192533,false,פיסטוק טיבעי במשקל,אוליבלס SA,IL,פיסטוק טיבעי במשקל,קילוגרמים,1.00,"ק""ג",true,,105.00,105.0000,true,1,116708
7290003208890,false,"וודקה פינלנדיה 200 מ""ל",בראון פורמן,,"וודקה פינלנדיה 200 מ""ל",מיליליטרים,200.00,"100 מ""ל",false,1,39.90,19.9500,true,1,84309
7290003210114,false,מארז טרופיות 40 יחיד,בוסתן,IL,טרופית בוסתן 200 מל,מיליליטרים,200.00,"100 מ""ל",false,1,3.90,1.9500,true,1,124571
7290003211302,false,גרעין לבן קלוי,אוליבלס SA,,גרעין לבן קלוי במשקל,קילוגרמים,1.00,"ק""ג",true,,49.00,49.0000,true,1,116635
7290003211319,false,קבוקים מסוכר,אוליבלס SA,,קבוקים במשקל,קילוגרמים,1.00,"ק""ג",true,,48.00,48.0000,true,1,116644
7290003211357,false,צימוק לבן/חום,אוליבלס SA,,צימוק לבן/חום במשקל,קילוגרמים,1.00,"ק""ג",true,,49.00,49.0000,true,1,116626
7290003211975,false,קשיו קלוי,אוליבלס SA,,קשיו קלוי במשקל,קילוגרמים,1.00,"ק""ג",true,,130.00,130.0000,true,1,116762
7290003211982,false,מנציס,אוליבלס SA,,מנציס במשקל,קילוגרמים,1.00,"ק""ג",true,,80.00,80.0000,true,1,116637
7290003211999,false,פקאן סיני,אוליבלס SA,,פקאן סיני במשקל,קילוגרמים,1.00,"ק""ג",true,,145.00,145.0000,true,1,116646
7290003213016,false,חטיף אורז חריף,אוליבלס SA,,חטיף אורז חריף במשקל,קילוגרמים,1.00,"ק""ג",true,,69.00,69.0000,true,1,116638
7290003213030,false,גרעין אבטיח קלוי,אוליבלס SA,,גרעין אבטיח קלוי במשקל,קילוגרמים,1.00,"ק""ג",true,,80.00,80.0000,true,1,116636
7290003213108,false,פול קליפה קלוי מטוגן,אוליבלס SA,,פול קליפה קלוי מטוגן,קילוגרמים,1.00,"ק""ג",true,,60.00,60.0000,true,1,116639
7290003213344,false,חמוציות,אוליבלס SA,,חמוציות,קילוגרמים,1.00,"ק""ג",true,,49.00,49.0000,true,1,116628
7290003213375,false,שקד טבעי במשקל,אוליבלס SA,,שקד טבעי במשקל,קילוגרמים,1.00,"ק""ג",true,,89.00,89.0000,true,1,116700
7290003213450,false,תמר מגהול במשקל,אוליבלס SA,IL,תמר מגהול במשקל,קילוגרמים,1.00,"ק""ג",true,,65.00,65.0000,true,1,116615
7290003213696,false,בוטנים קלוים,אוליבלס SA,,בוטנים קלוים במשקל,קילוגרמים,1.00,"ק""ג",true,,39.00,39.0000,true,1,116640
7290003213740,false,שקד קלוי,אוליבלס SA,,שקד קלוי במשקל,קילוגרמים,1.00,"ק""ג",true,,130.00,130.0000,true,1,116632
7290003213757,false,קשיו מסוכר,אוליבלס SA,,קשיו מסוכר במשקל,קילוגרמים,1.00,"ק""ג",true,,100.00,100.0000,true,1,116642
7290003213825,false,פיסטוק קלוי במשקל,אוליבלס SA,,פיסטוק קלוי במשקל,קילוגרמים,1.00,"ק""ג",true,,109.00,109.0000,true,1,116761
7290003220526,false,"רוטב צ'ילי חריף 700 מ""ל WOK",תאי פרידה אינדסטרי,,"רוטב WOK צילי חריף 700 מ""ל",מיליליטרים,700.00,"100 מ""ל",false,1,15.90,2.2714,true,1,79844
7290003220595,false,"ווק אורז לסושי 1 ק""ג WOK","מיה תעשיות מזון בע""מ",,"אורז לסושי WOK שקית 1 ק""ג",קילוגרמים,1.00,"ק""ג",false,1,16.40,16.4000,true,1,80106
7290003220748,false,"ווק סויה לתיבול\בהירה WOK 640 מ""ל",ליאנג סאנג האנד הואד,,"רוטב סויה בהירה 640 מ""ל",מיליליטרים,640.00,"100 מ""ל",false,1,15.90,2.4844,true,1,83777
7290003220786,false,"אטריות אורז ללא גלוטן 5 מ""מ 400 ג' WOK",אסיאן סופירה פודס חב,,מקלות אורז מס 5 400 גרם,גרמים,400.00,100 גרם,false,1,9.90,2.4750,true,1,98398
7290003220830,false,"WOK חומץ אורז יסמין 500 מ""ל",דיאמונד פריזרוד פודס,TH,"ווק חומץ אורז יסמין 500מ""ל WOK",מיליליטרים,500.00,"100 מ""ל",false,1,16.90,3.3800,true,1,98376
7290003229109,false,פסטרמה הודו בפפריקה טירת צבי (400 גרם),תנובה מרכז שיתופי לשיווק תוצרת,IL,נקניק הודו אפוי לח בתיבול פפריקה,גרמים,400.00,100 גרם,false,1,32.90,8.2250,true,1,3006
7290003229116,false,פסטרמה הודו בדבש שומן טירת צבי 400 גרם,תנובה מרכז שיתופי לשיווק תוצרת,IL,פסטרמה בדבש טירת צבי 400 גרם,גרמים,400.00,100 גרם,false,1,32.90,8.2250,true,1,3007
7290003229123,false,פסטרמה הודו על גחלים 2% טירת צבי 400 גרם,תנובה מרכז שיתופי לשיווק תוצרת,IL,א.מ פסטרמה גחלים 400 גרם,גרמים,400.00,100 גרם,false,1,32.90,8.2250,true,1,3008
7290003229154,false,נקניק סלמי קוניאק טירת צבי 300 גרם,תנובה מרכז שיתופי לשיווק תוצרת,IL,סלמי קוניאק 300 גרם,גרמים,300.00,100 גרם,false,1,33.90,11.3000,true,1,3010
7290003229192,false,נקניק כתף בקר מעושן 2% טירת צבי 400 גרם,תנובה מרכז שיתופי לשיווק תוצרת,IL,"טירת צבי, פסטרמה כתף בקר מעושנת 400 גרם",גרמים,400.00,100 גרם,false,1,35.90,8.9750,true,1,3011
7290003321155,false,יוגורט בר עם פקאן מצופה שוקולד 183 ג' דנונה,שטראוס גרופ בעמ/מצונן,IL,דנונה קראנצ פקאן,גרמים,175.00,100 גרם,false,1,6.20,3.5429,true,1,3115
7290003400500,false,חטיף הרשי ריזס נאטרייגיס 47 גרם,ליימן מותגים,,שוקולד ריזס קרמל עם בוטנים 47 גרם,גרמים,47.00,100 גרם,false,1,7.90,16.8085,true,1,95711
7290003401369,false,"קרם לחות לשיער חוחובה נטורל פורמולה 400 מ""ל",החברה הדרומית לשיווק בעמ,IL,קרם לחות קלאסי חוחובה,מיליליטרים,400.00,"100 מ""ל",false,1,25.00,6.2500,true,1,3186
7290003401420,false,"קרם לחות לשיער סיליקון כתום נטורל 400 מ""ל",החברה הדרומית לשיווק בעמ,IL,קרם לחות והעיצוב לכל סוגי השיער סיליקון 400 מל,מיליליטרים,400.00,"100 מ""ל",false,1,29.90,7.4750,true,1,3188
7290003402809,false,חטיף הרשי ריזס שוקולד לבן 39 גר,ליימן מותגים,,שוקולד ריזס לבן 39 ג,גרמים,39.00,100 גרם,false,1,7.90,20.2564,true,1,128732
7290003411696,false,מרקיות פלסטיק חד פעמיות 25 יח`,הנמל אריזות ושיווק (1984) בעמ,IL,הנמל מרקיות לבן 25 יחידות,יחידה,0.00,יחידה,false,1,11.90,0.0000,true,1,12988
7290003411726,false,קיסמי שיניים מלחיה הנמל 300יח',הנמל אריזות ושיווק (1984) בעמ,IL,הנמל קסמי שיניים מלחיה 300 יחידות,לא מנהל יחידת מידה,0.00,לא מנהל יחידת מידה,false,1,5.90,0.0000,true,1,16614
7290003423909,false,חטיף קוקיס אנד קרים לבן 43 גרם,ליימן מותגים,,שוקולד הרשיז קוקיז אנד קרים 43 גרם,גרמים,43.00,100 גרם,false,1,7.90,18.3721,true,1,112433
7290003427154,false,"שמן זית כתית מעולה טעם מעודן זיתא 750 מ""ל",תה ויסוצקי (ישראל) בעמ,IL,"זיתא שמן זית כתית מעולה, טעם מעודן 750 מל",מיליליטרים,750.00,"100 מ""ל",false,1,36.90,4.9200,true,1,16224
7290003444009,false,הרשי ריזס חטיף במילוי בוטנים 42 גרם,ליימן מותגים,,שוקולד ריזס חלב 42 גרם,גרמים,42.00,100 גרם,false,1,7.90,18.8095,true,1,112434
7290003450602,false,חרדל אמיתי צהוב בקבוק לחיץ 255 גר,היינץ צפון אמריקה מקבוצת ה.י.היינץ,US,היינץ חרדל לחיץ 255 גרם,גרמים,255.00,100 גרם,false,1,12.90,5.0588,true,1,3245
7290003457861,false,סולרו קלאסיק חלבי - פירות טרופיים,"מיוצר ע""\י גלידת שטראוס",IL,סולרו שלגון סולרו וניל ופירות טרופיים 76 גרם,גרמים,85.00,100 גרם,false,1,12.90,15.1765,true,1,3283
7290003495030,false,מאפה שקדים פרווה,"גידרון תעשיות בע""מ",,מאפה שקדים פרווה,קילוגרמים,1.00,"ק""ג",true,,44.90,44.9000,true,1,83121
7290003521760,false,"אפטרסול ג'ל אלוורה שפורפרת ד""ר פישר 200 מ""ל","פישר תעשיות פרמצביטות בע""מ",IL,"אפטרסול ג""ל אלוורה 200 מ""ל",מיליליטרים,200.00,"100 מ""ל",false,1,29.90,14.9500,true,1,13681
7290003550753,false,נתחי טונה בהירה בשמן פוסידון (108x4 גרם),נטו מילנדה סחר בעמ*,IL,פוסידון נתחי טונה בהירה בשמן,גרמים,432.00,100 גרם,false,1,24.90,5.7639,true,1,101535
7290003578153,false,נתחי טונה בהירה בשמן וילי פוד 160 גר,גולדן פרייז קאנינג א,TH,וילי פוד נתחי טונה בשמן צמחי 160 גרם,גרמים,160.00,100 גרם,false,1,6.90,4.3125,true,1,3404
7290003578177,false,תירס צעיר שלם וילי פוד (410 גרם),ג.וילי-פוד אינטרנשיונל בעמ,TH,תירס גמדי 410 גרם,גרמים,410.00,100 גרם,false,1,7.90,1.9268,true,1,3406
7290003643004,false,אורז בסמטי קלאסי סוגת (1 קג),האי נאם סי או אל.טי.,IL,"אורז בסמטי קלאסי 1 ק""ג",קילוגרמים,1.00,"ק""ג",false,1,16.90,16.9000,true,1,3478
7290003643134,false,סוכר וניל סוגת 100 גרם מארז 10 יחידות,גוד פוד פרודקטס S.p,IL,סוכר וניל סוגת 10 גרם,גרמים,100.00,100 גרם,false,1,3.70,3.7000,true,1,41830
7290003643158,false,קורנפולר שקית 200 ג' סוגת,סוגת תעשיות בעמ,IL,סוגת קורנפלור 200 גרם,גרמים,200.00,100 גרם,false,1,4.50,2.2500,true,1,3479
7290003643387,false,סוכר לבן בצנצנת פלסטיק 1 ק`ג,האי נאם סי או אל.טי.,IL,"סוכר 1 ק""ג בצנצנת",קילוגרמים,1.00,"ק""ג",false,1,10.90,10.9000,true,1,3482
7290003643646,false,"סוכר דמררה קלאסי בצנצנת סוגת 1 ק""ג",האי נאם סי או אל.טי.,IL,סוכר דמררה צנצנת 1 קג,קילוגרמים,1.00,"ק""ג",false,1,13.90,13.9000,true,1,3483
7290003643684,false,אפונה יבשה סוגת 500 גר',האי נאם סי או אל.טי.,IL,אפונה 500 גרם,גרמים,500.00,100 גרם,false,1,7.90,1.5800,true,1,36435
7290003643714,false,חומוס גרגירים 500 גרם סוגת,האי נאם סי או אל.טי.,IL,חומוס 500 גרם,גרמים,500.00,100 גרם,false,1,9.90,1.9800,true,1,41841
7290003643738,false,חיטה סוגת (500 גרם),האי נאם סי או אל.טי.,IL,חיטה 500 גרם,גרמים,500.00,100 גרם,false,1,6.50,1.3000,true,1,41842
7290003643745,false,כוסמת סוגת (500 גרם),האי נאם סי או אל.טי.,IL,כוסמת 500 גרם,גרמים,500.00,100 גרם,false,1,9.90,1.9800,true,1,75055
7290003643752,false,עדשים ירוקים יבש סוגת 500 גר',האי נאם סי או אל.טי.,IL,עדשים ירוקות 500 גר',גרמים,500.00,100 גרם,false,1,9.90,1.9800,true,1,42098
7290003643769,false,עדשים אדומים יבש סוגת 500 גר',"סוגת תעשיות בע""\מ",IL,עדשים אדומות סוגת 500 גרם,גרמים,500.00,100 גרם,false,1,9.90,1.9800,true,1,21066
7290003643776,false,"פופקורן גרעינים סוגת 500 ג' כשל""פ",האי נאם סי או אל.טי.,IL,פופקורן 500 גרם,גרמים,500.00,100 גרם,false,1,6.90,1.3800,true,1,41840
7290003643783,false,קוקוס טחון סוגת 100 גרם,האי נאם סי או אל.טי.,IL,קוקוס 100 גרם,גרמים,100.00,100 גרם,false,1,4.50,4.5000,true,1,30068
7290003643806,false,שעועית לבנה יבשה סוגת (500 גרם),האי נאם סי או אל.טי.,IL,שעועית לבנה 500 גרם,גרמים,500.00,100 גרם,false,1,13.90,2.7800,true,1,38757
7290003643813,false,שעועית אדומה יבשה סוגת 500 גר',האי נאם סי או אל.טי.,IL,שעועית אדומה 500 גרם,גרמים,500.00,100 גרם,false,1,12.90,2.5800,true,1,41843
7290003805501,false,"פתית בסגנון שוודי תלמה בד""צ 300 גרם",יוניליוור ישראל שיווק בע`מ,IL,פתית שוודי קרקר דגנים פריך בסגנון שוודי,גרמים,300.00,100 גרם,false,1,18.20,6.0667,true,1,66301
7290003805587,false,"פתית חיטה מלאה בד""צ 250 גרם-קופסא",יוניליוור ישראל שיווק בע`מ,IL,פתיתי חיטה מלאה קרקר פריך עם חיטה מלאה,גרמים,250.00,100 גרם,false,1,18.20,7.2800,true,1,70349
7290003807482,false,קנור רוטב טריאקי מופחת נתרן 370 גרם,יוניליוור ישראל שיווק בע`מ,IL,קנור רוטב טריאקי 370 גרם,מיליליטרים,300.00,"100 מ""ל",false,1,13.90,4.6333,true,1,41923
7290003896141,false,חטיף ספרדי פיקנטי אלמנדוס 200 גרם,הדקלאים אגודת שיתופי,IL,אלמנדוס 200 גרם (ב(12,גרמים,200.00,100 גרם,false,1,10.90,5.4500,true,1,92725
7290003989539,false,רביולי עם גבינה שטראוס (400 גרם),שטראוס גרופ בעמ/מצונן,IL,רביולי גבינה 400 גרם,גרמים,400.00,100 גרם,false,1,22.90,5.7250,true,1,3972
7290004011345,false,"ספריי קצפת מתוקה מוכנה פרווה ריץ' 238 מ""ל",האי נאם סי או אל.טי.,IT,קצפת מתוקה מוכנה פרווה,גרמים,250.00,100 גרם,false,1,16.70,6.6800,true,1,80409
7290004011796,false,קבבונים בקר קפוא אל גאוצ''ו 400ג',"טיבון ויל אחזקות בע""",IL,אל גאוצו קבבונים 400 גרם,גרמים,400.00,100 גרם,false,1,24.90,6.2250,true,1,69632
7290004011802,false,נקניקיות צ'וריסוס אל גאוצ'ו 400 גר',טיבון ויל אחזקות בעמ,IL,אל גאוצ'ו נקניות צ'וריסוס 400 גרם,גרמים,400.00,100 גרם,false,1,24.90,6.2250,true,1,69633
7290004011819,false,המבורגר ריב אנטריקוט אל גאוצ`ו 360 גר`ק,נטו מלינדה סחר בע`מ,IL,אל גאוצו המבורגר ריב אנטריקוט 360 גרם,גרמים,360.00,100 גרם,false,1,24.90,6.9167,true,1,83109
7290004011826,false,מיני המבורגר ריב אנטריקוט אל גאוצ`ו 360,טיבון ויל אחזקות בעמ,IL,אל גאוצ'ו מיני המבורגר ריב אנטריקוט 320 גרם,גרמים,320.00,100 גרם,false,1,24.90,7.7812,true,1,82247
7290004014407,false,עדשי מ&מ'ס חמאת בוטנים46,מרס נדרלנד,,סוכריות שוקולדM&M חמאת בוטנים 46 גרם,גרמים,46.00,100 גרם,false,1,5.90,12.8261,true,1,110308
7290004020309,false,לחם רוסי פרוס 500 גר,מאפיית עלית,,לחם רוסי פרוס 500 גר .,גרמים,500.00,100 גרם,false,1,18.90,3.7800,true,1,97367
7290004020422,false,לחם אגוזים 500 גרם,מאפיית עלית,,לחם אגוזים 500 גרם,Unknown,0.00,Unknown,false,1,22.90,0.0000,true,1,49959
7290004020439,false,לחם דגנים קל,מאפיית עלית,,לחם דגנים קל,Unknown,0.00,Unknown,false,1,22.90,0.0000,true,1,49958
7290004020477,false,פיתות דל קלוריות 10,מאפיית עלית,,פיתות דל קלוריות 10 יחידות,Unknown,0.00,Unknown,false,1,14.80,0.0000,true,1,49962
7290004020484,false,לחם אחיד פרוס 750 גר,מאפיית עלית,,לחם אחיד פרוס 750 גרם,Unknown,0.00,Unknown,false,1,16.70,0.0000,true,1,49961
7290004020491,false,לחם חיטה נבוטה,יושלם,,לחם חיטה נבוטה,Unknown,0.00,Unknown,false,1,22.90,0.0000,true,1,49960
7290004020620,false,לחם כוסמין 600גרם,מאפיית עלית,,131לחם כוסמין 600גרם,גרמים,600.00,100 גרם,false,1,29.90,4.9833,true,1,111702
7290004063016,false,מלח שולחן מעולה סלית (1 קג)פיקוח,האי נאם סי או אל.טי.,IL,מלח שולחן,קילוגרמים,1.00,"ק""ג",false,1,2.07,2.0700,true,1,4199
7290004063115,false,"מלח מטבח עבה להמלחת בשר ובישול 1 ק""ג 1ק""ג",האי נאם סי או אל.טי.,IL,מלח מטבח,קילוגרמים,1.00,"ק""ג",false,1,2.07,2.0700,true,1,4200
7290004064082,false,מטחנה מלח ים טבעי מלח הארץ 100 גרם,חברת מלח הארץ אילת ב,IL,מטחנת מלח ים 250 גרם,גרמים,250.00,100 גרם,false,1,13.90,5.5600,true,1,111587
7290004064099,false,מטחנה מלח ים מהרי ההימלאיה מלח הארץ 100 גרם,"חברת מלח הארץ אילת בע""\מ",IL,מטחנת מלח הימלאיה 300 גרם,גרמים,250.00,100 גרם,false,1,18.90,7.5600,true,1,111585
7290004068028,false,"יוגורט צזיקי לשתיה 3.5% 500 מ""ל רובין",מחלבות גד שיווק 1992 בעמ,IL,"משקה צזיקי 500 מ""ל גד",מיליליטרים,500.00,"100 מ""ל",false,1,10.90,2.1800,true,1,90034
7290004068035,false,"איירן יוגורט לשתייה 3% גד 500 מ""ל",מחלבות גד שיווק 1992 בעמ,IL,"משקה יוגורט איירן בלקני 500 מ""ל גד",מיליליטרים,500.00,"100 מ""ל",false,1,9.90,1.9800,true,1,90035
7290004068172,false,"יוגורט עיזים בדלי 5% 600 מ""ל רובין",מחלבות גד שיווק 1992 בעמ,IL,גד יוגורט חלב עיזים 2.8% 600 גרם,גרמים,600.00,100 גרם,false,1,18.90,3.1500,true,1,90148
7290004091248,false,וזלין פטרוליום אינטנסיב קאר ג'ל 106 גר',יוניליוור ישראל שיווק בע`מ,US,וזלין ג'ל פטרוליום 100% טהור 106 גרם,גרמים,106.00,100 גרם,false,1,15.90,15.0000,true,1,4223
7290004119225,false,יופלה יוגורט בטעם אננס %3 150 גרם,תנובה מרכז שיתופי לש,IL,יופלה יוגורט אננס 3% גביע 150 גרם,גרמים,150.00,100 גרם,false,1,5.70,3.8000,true,1,4229
7290004120108,false,יופלה דיאט יוגורט דובדבן %0 גביע 150גרם,תנובה מרכז שיתופי לש,IL,יופלה דיאט יוגורט דובדבן %0 גביע 150גרם,גרמים,150.00,100 גרם,false,1,6.00,4.0000,true,1,4234
7290004120566,false,גבינה בולגרית (25024% גרם)פיראוס תנובה,"תנובה בע""מ ***",IL,פיראוס בולגרית 24% שומן 250 גרם,גרמים,250.00,100 גרם,false,1,25.90,10.3600,true,1,4238
7290004120573,false,גבינה בולגרית (25016% גרם)פיראוס תנובה,תנובה מרכז שיתופי לש,IL,גבינה בולגרית מלוחה 16% שומן,גרמים,250.00,100 גרם,false,1,25.90,10.3600,true,1,4239
7290004120634,false,גבינה בולגרית (2505% גרם)פיראוס תנובה,תנובה מרכז שיתופי לש,IL,פיראוס גבינה בולגרית 5% שומן,גרמים,250.00,100 גרם,false,1,25.90,10.3600,true,1,4240
7290004121488,false,יוגורט ביו דיאט 0% אפרסק יופלה (150 גרם),תנובה מרכז שיתופי לש,IL,יופלה יוגורט עם אפרסק 0% שומן 150 גרם,גרמים,150.00,100 גרם,false,1,6.00,4.0000,true,1,4247
7290004122119,false,פתיתי פרמזן לפסטה 23% השף הלבן 100 גרם,"תנובה בע""מ ***",IL,תנובה השף הלבן פתיתי גבע פרמזן 23% שומן,גרמים,100.00,100 גרם,false,1,14.90,14.9000,true,1,16046
7290004122195,false,גוש חלב גבינה צהובה פרוסה 28% תנובה 200 גרם,"תנובה בע""מ ***",IL,גוש חלב פרוסות גבינה צהובה חצי קשה 28% שומן מהדרין,גרמים,200.00,100 גרם,false,1,15.90,7.9500,true,1,15601
7290004122270,false,עמק קלאסית פרוסות גבינה חצי קשה 28% 200 גרם,תנובה מרכז שיתופי לש,IL,עמק קלאסית פרוסות גבינה חצי קשה 28% 200 גרם,גרמים,200.00,100 גרם,false,1,18.90,9.4500,true,1,4254
7290004122676,false,גבינה חמד לייט (2505% גרם)פיראוס תנובה,"תנובה,מחלבת טנא נוגה",IL,פיראוס לייט חמד גבינה כפרית מלוחה 5% שומן,גרמים,250.00,100 גרם,false,1,20.90,8.3600,true,1,38303
7290004122683,false,עמק חטיף אצבעות גבינה חצי קשה 28% שומן,תנובה מרכז שיתופי לש,IL,עמק חטיף אצבעות גבינה חצי קשה 28% שומן,גרמים,172.00,100 גרם,false,1,18.50,10.7558,true,1,43308
7290004124205,false,יופלה דיאט יוגורט תות %0 גביע 150 גרם,תנובה מרכז שיתופי לש,IL,יופלה דיאט יוגורט תות %0 גביע 150 גרם,גרמים,150.00,100 גרם,false,1,6.00,4.0000,true,1,4268
7290004125370,false,"שמנת חמוצה 9% מופחתת שומן תנובה 200 מ""ל מהדרין",תנובה מרכז שיתופי לש,IL,תנובה שמנת חמוצה מופחתת שומן,מיליליטרים,200.00,"100 מ""ל",false,1,4.00,2.0000,true,1,4275
7290004125400,false,"אשל שלי מהדרין 200 מ""ל 4.5% ""תנובה""- מוצר בפיקוח",פארייפאבה אגרואינדוס,IL,תנובה אשל לבן 4.5% שומן,מיליליטרים,200.00,"100 מ""ל",false,1,1.69,0.8450,true,1,4276
7290004125417,false,"גיל 3% שלי 200 מ""ל ""תנובה"" -מוצר בפיקוח",תנובה מרכז שיתופי לש,IL,תנובה גיל לבן 3% 206 גרם,מיליליטרים,200.00,"100 מ""ל",false,1,1.51,0.7550,true,1,4277
7290004125455,false,"שמנת חמוצה 200 מ""ל 15% ""תנובה"" -מוצר בפיקוח",תנובה מרכז שיתופי לש,IL,שמנת אורגינל 15% שומן 200 מל,מיליליטרים,200.00,"100 מ""ל",false,1,2.40,1.2000,true,1,4278
7290004125509,false,"שמנת חמוצה 15% מועשרת תנובה 100 מ""ל",תנובה מרכז שיתופי לש,IL,תנובה שמנת 15% חצי מנה 100 מל,מיליליטרים,100.00,"100 מ""ל",false,1,1.90,1.9000,true,1,4279
7290004125578,false,משקה סויה מעושר בסידן תנובה 1ל',תנובה מרכז שיתופי לש,IL,משקה סויה מועשר בסידן 1 ליטר,ליטרים,1.00,ליטר,false,1,12.90,12.9000,true,1,4280
7290004125585,false,משקה סויה בטעם וניל תנובה 1 ליטר,תנובה מרכז שיתופי לש,IL,משקה סויה על הבוקר וניל 1 ליטר,ליטרים,1.00,ליטר,false,1,13.50,13.5000,true,1,4281
7290004125721,false,"השף הלבן שמנת עמידה לבישול 15% תנובה 250 מ""ל",תנובה מרכז שיתופי לש,IL,"השף הלבן שמנת לבישול ,שמנת עמידה לבישול 15% 250 מל",מיליליטרים,250.00,"100 מ""ל",false,1,9.20,3.6800,true,1,4283
7290004125738,false,שמנת מתוקה להקצפה32% 250מל עמיד השף הלבן,תנובה מרכז שיתופי לש,IL,"שמנת להקצפה 32% 250 מ""ל",מיליליטרים,250.00,"100 מ""ל",false,1,7.90,3.1600,true,1,4284
7290004125776,false,גבינה צהובה קלאסית 28% עמק (400 גרם),"תנובה בע""מ ***",IL,עמק פרוס 28% 400 גרם בקופסא,גרמים,400.00,100 גרם,false,1,32.50,8.1250,true,1,33293
7290004126872,false,משקאות חלב תנובה שוקו בקבוק 250מל,תנובה - חלב,IL,"שוקו תנובה בקבוק 250 מ""ל",מיליליטרים,250.00,"100 מ""ל",false,1,7.00,2.8000,true,1,35041
7290004127077,false,קוטג תנובה 3% גביע 250 גרם מהדרין,מיוצר עי קונדיטוריית,IL,קוטג 3% תנובה 250 גרם,גרמים,250.00,100 גרם,false,1,5.70,2.2800,true,1,4291
7290004127329,false,קוטג תנובה גביע 250 גרם %5 ו.מהדרין,מיוצר עי קונדיטוריית,IL,קוטג 5% תנובה 250 גרם,גרמים,250.00,100 גרם,false,1,5.70,2.2800,true,1,4296
7290004127336,false,קוטג תנובה גביע 250 גרם %9 ו.מהדרין,מיוצר עי קונדיטוריית,IL,קוטג 9% תנובה 250 גרם,גרמים,250.00,100 גרם,false,1,5.70,2.2800,true,1,4297
7290004127800,false,"גבינה לבנה 500 גרם 5% ""תנובה"" -מוצר בפיקוח",מיוצר עי קונדיטוריית,IL,גבינה למריחה 5% פיקוח 500 גרם,גרמים,500.00,100 גרם,false,1,9.96,1.9920,true,1,4306
7290004128333,false,לאבנה על בסיס יוגורט %9 שומן 500 ג' פיראוס,תנובה בעמ ***,IL,פיראוס גבינת לאבנה אסלית 9% שומן,גרמים,500.00,100 גרם,false,1,21.90,4.3800,true,1,14567
7290004128432,false,פתיתים מיוחדים לפיצה על בסיס גבינה 500 ג',תנובה - חלב,IL,פתיתים מיוחדים לפיצה על בסיס גבינה,גרמים,500.00,100 גרם,false,1,24.90,4.9800,true,1,48325
7290004129101,false,גבינת שמנת 25% בטעם טבעי 225 ג' נפוליאון,תנובה מרכז שיתופי לש,IL,גבינת שמנת נפוליאון טבעי 225 גרם,גרמים,225.00,100 גרם,false,1,15.90,7.0667,true,1,4320
7290004129118,false,גבינת שמנת 24% עם זיתים ירוקים 225 ג' נפוליאון,מחלבת אלון תבור,IL,גבינת שמנת נפוליאון זיתים 225 גרם,גרמים,225.00,100 גרם,false,1,15.90,7.0667,true,1,4321
7290004129156,false,גבינת שמנת25% עם שום שמיר 225 ג' נפוליאון,תנובה מרכז שיתופי לש,IL,גבינת שמנת נפוליאון שום שמיר 225 גרם,גרמים,225.00,100 גרם,false,1,15.90,7.0667,true,1,4323
7290004129767,false,"3% 'יופלה לבן מארז שמינייה 1.2 ק""ג",תנובה מרכז שיתופי לש,IL,מאגדת יופלה לבן 3% שמינייה,קילוגרמים,1.20,"ק""ג",false,1,19.90,16.5833,true,1,20840
7290004130794,false,משקה סויה במתיקות מופחתת תנובה (1 ליטר),תנובה מרכז שיתופי לש,IL,משקה סויה מועשר מופחת מתיקות 1 ליטר,ליטרים,1.00,ליטר,false,1,13.50,13.5000,true,1,14143
7290004130916,false,יוגורט יופלה פירות יער בשמנת 3% 150 גרם,תנובה מרכז שיתופי לש,IL,יוגורט יופלה פירות יער שמנת 150 גרם,גרמים,150.00,100 גרם,false,1,5.70,3.8000,true,1,32850
7290004131074,false,"חלב 1 ליטר 3% קרטון ""תנובה""- מוצר בפיקוח",תנובה מרכז שיתופי לש,IL,חלב 3% קרטון מהדרין פיקוח 1 ליטר,ליטרים,1.00,ליטר,false,1,6.23,6.2300,true,1,4336
7290004131456,false,יוגורט ביו 1.5% שומן 200 ג' יופלה,מיוצר עי קונדיטוריית,IL,יופלה לבן 1.5% גביע 200 גרם,גרמים,200.00,100 גרם,false,1,5.00,2.5000,true,1,20842
7290004131814,false,גבינת צפתית מעודנת (2005% גרם)פיראוס ת,פארייפאבה אגרואינדוס,IL,פיראוס צפתית 5% מעודנת 200 גרם,גרמים,200.00,100 גרם,false,1,17.50,8.7500,true,1,23583
7290004132552,false,משקה סויה בטעם טבעי לייט תנובה 1 ליטר,תנובה מרכז שיתופי לש,IL,משקה סויה דיאט 1 ליטר,ליטרים,1.00,ליטר,false,1,13.50,13.5000,true,1,25059
7290004132712,false,חטיף אצבעות גבינת מוצרלה 20% 172 ג' עמק,תנובה מרכז שיתופי לש,IL,עמק חטיף אצבעות גבינת מוצרלה 172 גרם 20%,גרמים,172.00,100 גרם,false,1,18.50,10.7558,true,1,22624
7290004133511,false,יופלה מאגדת לבן 1.5% מעודן 8 יח' * 150 ג',מיוצר עי קונדיטוריית,IL,יופלה שמיניה לבן מעודן 1.5%,קילוגרמים,1.20,"ק""ג",false,1,22.50,18.7500,true,1,23231
7290004135614,false,גבינה בולגרית מעודנת 5% פיראוס 250 גרם,"תנובה בע""מ ***",IL,פיראוס גבינה בולגרית מעודנת 5% שומן,גרמים,250.00,100 גרם,false,1,25.90,10.3600,true,1,46808
7290004136598,false,מארז הפסקת אוכל עם קורנפלקס ומשקה חלב עמיד בטעם וניל,פארייפאבה אגרואינדוס,IL,מארז הפסקת אוכל חלב+דגנים,לא מנהל יחידת מידה,0.00,לא מנהל יחידת מידה,false,1,10.90,0.0000,true,1,45074
7290004137809,false,לאבנה אסלית 5% גביע (250 גרם)פיראוס תנו,"תנובה, מחלבת אלון תב",IL,פיראוס לאבנה אסלית 5% שומן 250 גרם,גרמים,250.00,100 גרם,false,1,14.90,5.9600,true,1,48173
7290004170097,false,עוגת קרנץ' שוקולד 450גרם,גדרון,IL,עוגת קרנץ במילוי דה לה קרם בטעם שוקולד,יחידה,1.00,יחידה,false,1,21.90,21.9000,true,1,128063
7290004170479,false,באגט אותנטי כפרי אפוי,מאפ גדרון,IL,באגט אותנטי כפרי גידרון חצי אפוי,לא מנהל יחידת מידה,0.00,לא מנהל יחידת מידה,false,1,10.90,0.0000,true,1,118469
7290004170882,false,שליש באגט אותנטי,גדרון דגון,IL,שליש באגט אותנטי,יחידה,1.00,יחידה,false,1,6.90,6.9000,true,1,123460
7290004170899,false,שליש באגט אותנטי כפרי יח,גדרון דגון,IL,שליש באגט כפרי אותנטי,יחידה,1.00,יחידה,false,1,6.90,6.9000,true,1,123461
7290004200930,false,זיקוק זוג 15 סמ בשקית,שמחה זה אנחנו בע`מ,,זיקוק זוג 15 סמ בשקית,יחידה,1.00,יחידה,false,1,6.90,6.9000,true,1,92176
7290004200961,false,זיקוק דק 3X בשקית,שמחה זה אנחנו בעמ,,נר זיקוק 3 בשקית,לא מנהל יחידת מידה,0.00,לא מנהל יחידת מידה,false,1,4.90,0.0000,true,1,73414
7290004219079,false,לבבות דקל פרוסות וילי פוד (400 גרם),ג. וילי-פוד אינטרנשיונל בע`מ,EC,ויליפוד לבבות דקל שלמים במי מלח 400 גרם,גרמים,400.00,100 גרם,false,1,12.90,3.2250,true,1,56750
7290004255428,false,נר נשמה בפחית 24 שעות מנורה,"מנורה שי נר בע""מ",IL,נר נשמה מנורה בפחית 24 שעות,יחידה,1.00,יחידה,false,1,2.90,2.9000,true,1,127266
7290004256371,false,ריץ פרוס 400 ג' -צהובה פרוסה,נטו מילנדה סחר בעמ*,PL,גבינה צהובה פרוסה על בסיס חלב,גרמים,400.00,100 גרם,false,1,15.20,3.8000,true,1,124093
7290004554293,false,קרחון אסקימו שטראוס ענבים,גלידות שטראוס בעמ,,אסקימו ענבים,לא מנהל יחידת מידה,0.00,לא מנהל יחידת מידה,false,1,4.90,0.0000,true,1,13196
7290004554330,false,שלגון אסקימו דובדבן שטראוס 75 גרם,"מיוצר ע""\י גלידת שטראוס",IL,גלידת שטראוס קרטיב מחלוטה דובדבן 50 יחידות,גרמים,84.00,100 גרם,false,1,4.90,5.8333,true,1,13197
7290004554354,false,גלידת פנטזיה שמנת שכבות שוקו וניל 1,"גלידת שטראוס בע""\מ, רחוב",IL,פנטסיה שוקולד ווניל חלבי 1 ליטר,ליטרים,1.00,ליטר,false,1,31.90,31.9000,true,1,4747
7290004554798,false,"שלגון מטרה פטל,לימון וענבים","מיוצר ע"" גלידת שטראו",IL,שטראוס מטרה שלגון בטעמי פטל ולימון 80 גרם,גרמים,90.00,100 גרם,false,1,8.90,9.8889,true,1,13198
7290004584351,false,גבינה לבנה סימפוניה עם תוספות 200 ג' חמישית 200,שטראוס גרופ בעמ/מצונן,IL,סימפוניה החמישית,גרמים,200.00,100 גרם,false,1,12.70,6.3500,true,1,4761
7290004584528,false,יוגורט דנונה ביו לבן 1.7% שומן 200 גרם,שטראוס גרופ בעמ/מצונן,IL,דנונה ביו 1.7% 200 גרם,גרמים,200.00,100 גרם,false,1,3.90,1.9500,true,1,4762
7290004585907,false,דני ועדן וניל 1.5% 125ג' שטראוס,שטראוס גרופ בעמ/מצונן,IL,דני וניל,גרמים,125.00,100 גרם,false,1,3.90,3.1200,true,1,4767
7290004731083,false,אל סבון נוזלי ג`ינסנג כיף (1 ליטר),החברה הדרומית לשיווק בעמ,IL,כיף 1 ליטר ג'נסינג,ליטרים,1.00,ליטר,false,1,16.90,16.9000,true,1,23965
7290004731472,false,"שלישיית אלסבון צבעוני כיף 500 מ""ל",החברה הדרומית לשיווק בעמ,IL,כיף שלישיה צבעוני,ליטרים,1.50,ליטר,false,1,24.90,16.6000,true,1,23967
7290004731564,false,"מקסימה מבשם ומרכך למייבש הכביסה בלו בלוסום 750 מ""ל",החברה הדרומית לשיווק בעמ,IL,מבשם ומרכך כביסה למייבש BLUE BLOSSOM,יחידה,1.00,יחידה,false,1,19.90,19.9000,true,1,114861
7290004737443,false,קוקטייל 5 פירות קלאסי 820 גר`,ג.וילי-פוד אינטרנשיונל בעמ,CN,קוקטייל פירות 820 גרם,גרמים,820.00,100 גרם,false,1,9.90,1.2073,true,1,56776
7290004737900,false,חלב כחוש מרוכז וממותק בתוספת שמן צמחי ויליפוד 397 גרם,ג. וילי-פוד אינטרנשיונל בע`מ,LT,חלב מרוכז הולנדי ויליפוד 397 גרם,גרמים,397.00,100 גרם,false,1,11.90,2.9975,true,1,4896
7290004850432,false,אגיסטן אלוורה 20 גרם,פריגו,,אגיסטן אלוורה 20 גרם,לא מנהל יחידת מידה,0.00,לא מנהל יחידת מידה,false,1,30.50,0.0000,true,1,25281
7290004872021,false,קרחון רמזור כלפ 48*80גר,גלידות נסטלה )נגה גלידות,IL,נסטלה קרחון רמזור בדצ 48*80גרם,Unknown,0.00,Unknown,false,1,4.00,0.0000,true,1,13208
7290004872243,false,שלגון בננה מצופה נסטלה 57ג',תות תעשיות מזון (201,IL,שלגון בננה מצופה,Unknown,0.00,Unknown,false,1,7.90,0.0000,true,1,12196
7290004872250,false,שלגון שרבט אבטיח נסטלה 108 גרם,נגה גלידות שותפות מוגבלת,IL,שלגון אבטיח קיץ,Unknown,0.00,Unknown,false,1,8.50,0.0000,true,1,12197
7290004872359,false,"קרחון דובדבן עם סוכריות כשל""פ",נגה גלידות שותפות מוגבלת,IL,שלגון קרח דובדבן,Unknown,0.00,Unknown,false,1,4.00,0.0000,true,1,12198
7290004872731,false,טילון וניל אקסטרים נסטלה 72 גרם,גלידות נסטלה,IL,אקסטרים טילון וניל בדצ 24*72גרם,Unknown,0.00,Unknown,false,1,10.50,0.0000,true,1,13217
7290004872786,false,טילון אקסטרים פקאן ענק,גלידות נסטלה,IL,אקסטרים טילון פקאן בדצ 16*115גרם,גרמים,139.00,100 גרם,false,1,12.50,8.9928,true,1,13219
7290005008184,false,"סבון נוזלי בניחוח חלב שקדים פלמוליב 500 מ""ל",הנסיך- מפעל לייצור ט,TR,פלמוליב סבון נוזלי חלב שקדים 500 מל,מיליליטרים,500.00,"100 מ""ל",false,1,19.90,3.9800,true,1,5287
7290005008191,false,"סבון נוזלי ארומה בניחוח לבנדר פטצ'ולי וילנג ילנג פלמוליב 500 מ""ל",הנסיך- מפעל לייצור ט,TR,500 מל סבון נוזלי פלמוליב so relaxed,מיליליטרים,500.00,"100 מ""ל",false,1,19.90,3.9800,true,1,5288
7290005111761,false,"מזון לכלבים בונזו מזון כלבים בשר 3 ק""ג",דיפלומט מפיצים (1968) בעמ**,FR,"בונזו בשר 3 ק""ג",קילוגרמים,3.00,"ק""ג",false,1,45.90,15.3000,true,1,5419
7290005113222,false,זיתים קוקטייל וגמבה יבנה 350ג',קבוצת יבנה,IL,קבוצת יבנה מיקס זיתים 560 גרם,גרמים,540.00,100 גרם,false,1,11.90,2.2037,true,1,49713
7290005174551,false,סלט חומוס עם צנוברים 125 ג' אחלה,שטראוס גרופ בעמ/מצונן,IL,חומוס יום-יום 125 גרם,גרמים,125.00,100 גרם,false,1,6.40,5.1200,true,1,5448
7290005174575,false,טחינה אחלה יום יום משובחת 125ג',שטראוס גרופ בעמ/מצונן,IL,טחינה 125 משובחת,גרמים,125.00,100 גרם,false,1,6.40,5.1200,true,1,5450
7290005197758,false,"עוגיות חיוכים שוקולד עלית 150 גרם בד""צ",אפיפית נצרת תעשיות ב,IL,חיוכים שוקו 150 בדצ,גרמים,150.00,100 גרם,false,1,6.90,4.6000,true,1,5471
7290005199738,false,גומי מאסט בטעם פפרמינט ריח פה נעים פליפטופ 28 ג' עלית,שטראוס גרופ בע`מ,IL,"מאסט מנטה מרעננת לל""ס 28 גר",גרמים,28.00,100 גרם,false,1,6.00,21.4286,true,1,5480
7290005200786,false,תפוצ'יפס בטעם שמנת בצל עלית 50 גרם,"שטראוס פריטו ליי בע""\מ )",IL,תפו שמנת בצל 50 גר 48 יח - שמיטה,גרמים,50.00,100 גרם,false,1,5.90,11.8000,true,1,5486
7290005201882,false,קפה טורקי בצלופן עלית 200 גרם,הנסיך- מפעל לייצור ט,IL,עלית טורקי שקית 200ג/1שק'/200גר',גרמים,200.00,100 גרם,false,1,18.90,9.4500,true,1,5525
7290005326585,false,ממרח אוליביה פסטו בזיליקום 180 ג',"אוליביה גורמה בע""מ",IL,פסטו בזיליקום אוליביה180גרם,גרמים,180.00,100 גרם,false,1,12.90,7.1667,true,1,119627
7290005380600,false,"פד דביק סטרילי 5X7 ס""מ",פארמה פלסט,EG,פד דבק סטרילי 5*7 סמ 10יח,לא מנהל יחידת מידה,0.00,לא מנהל יחידת מידה,false,1,10.90,0.0000,true,1,132236
7290005418709,false,"נטורל קרם לחות לקיבוע תלתלים גלי 400 מ""ל",החברה הדרומית לשיווק בעמ,IL,"קרם לחות במרקם ג""ל לקיבוע GO C",מיליליטרים,400.00,"100 מ""ל",false,1,30.30,7.5750,true,1,5884
7290005423253,false,"סנו - מקסימה מרסס למייבש כביסה אולטרה פרש 750 מ""ל",החברה הדרומית לשיווק בעמ,IL,סנו מקסימה מרכך למייבש אולטרא פרש 750 מל,מיליליטרים,750.00,"100 מ""ל",false,1,19.90,2.6533,true,1,5897
7290005423635,false,ריצפז נוזל רצפות דוחה תיקנים סנו 2 ליטר,החברה הדרומית לשיווק בעמ,IL,סנו ריצפז פלוס,ליטרים,2.00,ליטר,false,1,26.90,13.4500,true,1,5907
7290005423734,false,מרכך כביסה מרוכז אולטרא פרש סנו מקסימה 4 ליטר,החברה הדרומית לשיווק בעמ,IL,מקסימה מרכך אולטרא פרש 4 ליטר,ליטרים,4.00,ליטר,false,1,26.90,6.7250,true,1,5909
7290005424113,false,מטליות רצפה סנו סושי 4 יחידות,החב. הדרומית לשיווק,,"מטלית רצפה סנו סושי 4 יח """,Unknown,0.00,Unknown,false,1,15.90,0.0000,true,1,5913
7290005424311,false,סנו k רב קוטל זוחלים ומעופפים 475 סמ,החברה הדרומית לשיווק בעמ,IL,משמיד חרקים סנו Kרב קוטל500 מל,מיליליטרים,500.00,"100 מ""ל",false,1,29.90,5.9800,true,1,5916
7290005424403,false,"אל סבון כיף אצות ים קטיפתי 1ליטר,",החברה הדרומית לשיווק בעמ,IL,כיף אל סבון קטיפתי מועשר בלחות 1 ליטר,ליטרים,1.00,ליטר,false,1,16.90,16.9000,true,1,5917
7290005424847,false,"מפיות סופט לבנות לשולחן (150 יח') ""סנו""",החברה הדרומית לשיווק בעמ,TR,"סנו סושי מפיות אירוח חד שכבתיות, 150 יחידות",Unknown,0.00,Unknown,false,1,11.90,0.0000,true,1,5925
7290005425073,false,"מטהר אויר בניחוח יסמין ועץ סאנדלווד סנו 300 מ""ל",החברה הדרומית לשיווק בעמ,IL,דואופרש אפרס,מיליליטרים,300.00,"100 מ""ל",false,1,14.90,4.9667,true,1,5929
7290005425127,false,"חיטוי משטחים 99.9% מתז לשומנים ואבנית 750 מ""ל",החברה הדרומית לשיווק בעמ,IL,סנו מחטא ומשמיד חיידקים עוצמתי 750 מל,לא מנהל יחידת מידה,0.00,לא מנהל יחידת מידה,false,1,16.90,0.0000,true,1,122509
7290005425646,false,קליר נוזל לניקוי חלונות רב תכליתי סנו 1 ליטר,החברה הדרומית לשיווק בעמ,IL,סנוקליר לניקוי והברקה 1 ליטר,ליטרים,1.00,ליטר,false,1,14.90,14.9000,true,1,5934
7290005426230,false,מטלית הפלא לרצפה מיקרופייבר סנו 1יח',החברה הדרומית לשיווק בעמ,,מטלית הפלא לרצפה סנו סושי,Unknown,0.00,Unknown,false,1,14.90,0.0000,true,1,5943
7290005427107,false,סנו - סושי מגבות נייר הפלא 6 יחידות,החברה הדרומית לשיווק בעמ,IL,"סנו סושי 6 מגבות הפלא, 700 גרם",מטרים,6350.00,מטר,false,1,14.90,0.0023,true,1,16841
7290005427749,false,אל סבון נוזלי בניחוח אצות ים עם לחות כיף 2 ליטר,טרופיקל דגיל תעשיות,IL,כיף 2 ליטר אצות ים,ליטרים,2.00,ליטר,false,1,24.90,12.4500,true,1,16563
7290005430480,false,"מטליות פלא מייקרופייבר כחול ""סנוסושי""",החברה הדרומית לשיווק בעמ,,מטלית הפלא סנו סושי למשטח,Unknown,0.00,Unknown,false,1,14.00,0.0000,true,1,36264
7290005430602,false,"סנו אוקסיג'ן ספריי להסרת כתמים עם חמצן פעיל 750 מ""ל",החברה הדרומית לשיווק בעמ,IL,"מסיר כתמים אוקסיג""ן מרסס 750 מ""ל",מיליליטרים,750.00,"100 מ""ל",false,1,21.90,2.9200,true,1,5979
7290005431906,false,מארז קדאיף 82 גר` עדן קינוחים,עדן קינוחים Eden,IL,עדן קדאיף 82 גרם,גרמים,82.00,100 גרם,false,1,7.70,9.3902,true,1,126239
7290005431913,false,עוגת גבינה פירורים עדן קינוחים 92 גרם,עדן קינוחים Eden,IL,עדן עוגת גבינה פירורים 92 גרם,גרמים,92.00,100 גרם,false,1,7.70,8.3696,true,1,126237
7290005431937,false,מעדן טירמיסו 82 גר` עדן קינוחים,עדן קינוחים Eden,IL,עדן טירמיסו 82 גרם,גרמים,82.00,100 גרם,false,1,7.70,9.3902,true,1,126235
7290005559907,false,פיצה משפחתית 100% גבינה מעדנות 500 גרם,תנובה מרכז שיתופי לשיווק תוצרת,IL,פיצה משפחתית גבינה מעדנות 500גרם,גרמים,500.00,100 גרם,false,1,29.90,5.9800,true,1,6145
7290005559914,false,פיצה משפחתית עם 100% גבינה בתוספת זיתים מעדנות 550 גרם,תנובה מרכז שיתופי לשיווק תוצרת,IL,פיצה משפחתית זיתים 550 גרם,גרמים,550.00,100 גרם,false,1,29.90,5.4364,true,1,6146
7290005559990,false,בצק עלים פילאס תורכי 600 גרם קפוא,תנובה מרכז שיתופי לשיווק תוצרת,IL,בצק פילאס תורכי 600 גרם,גרמים,600.00,100 גרם,false,1,26.90,4.4833,true,1,6150
7290005591761,false,דבש טהור מפרחי בר בלחיץ 400 ג' יד מרדכי,מכוורת יד מרדכי שטרא,IL,דבש טהור לחיץ 400 גרם,גרמים,400.00,100 גרם,false,1,26.90,6.7250,true,1,6164
7290005605895,false,פאנטה אקזוטיק 0.5 חייב פקדון,החברה המרכזית להפצת משקאות בעמ,IL,"פנטה אקזוטי 500 מ""ל",מיליליטרים,500.00,"100 מ""ל",false,1,9.50,1.9000,true,1,6187
7290005610196,false,תפוח אדמה לבןבייבי גורמה,אראל תוצרת חקלאית בע,IL,תפוח אדמה בייבי גורמה 1.50 קג,קילוגרמים,1.50,"ק""ג",false,1,14.90,9.9333,true,1,127192
7290005610509,false,צנונית ארוז דוד משה 500ג',תוצרת הנגב אגודה שיתופית חקלאי,IL,צנונית בייבי ארוז,לא מנהל יחידת מידה,0.00,לא מנהל יחידת מידה,false,1,7.90,0.0000,true,1,61776
7290005651427,false,"בונזו מזון לכלבים מולטיפק 1.2 ק""ג מארז 3 יחידות",דיפלומט מפיצים (1968) בעמ**,FR,בונזו מולטיפק 3*400 גר,גרמים,400.00,100 גרם,false,1,17.90,4.4750,true,1,6204
7290005680052,false,טמפונים סופר פלוס אובה 32 יחידות,גונסון אנד גונסון,GR,טמפוני O.B סופר פלוס 32 יח,יחידה,32.00,יחידה,false,1,32.90,1.0281,true,1,6224
7290005718038,false,"שטרודל תפו""ע","גידרון תעשיות בע""מ",,שטרודל תפוע,גרמים,600.00,100 גרם,false,1,26.90,4.4833,true,1,14586
7290005803628,false,קרחון מלון - צבע מאכל טבעי,גלידות נסטלה )נגה גלידות,IL,נסטלה קרחון מלון בדצ 48*80גרם,Unknown,0.00,Unknown,false,1,4.00,0.0000,true,1,12287
7290005838002,false,מעדן גבינה ויוגורט בטעם וניל 88 ג' דניאלה,שטראוס גרופ בעמ/מצונן,IL,דניאלה וניל,גרמים,88.00,100 גרם,false,1,4.90,5.5682,true,1,6451
7290005839108,false,גבינה לבנה סימפוניה עם תוספות 200 ג'+זיתים 5%,שטראוס גרופ בעמ/מצונן,IL,סימפוניה 5% עם זתים,גרמים,200.00,100 גרם,false,1,12.70,6.3500,true,1,6461
7290005839313,false,מילקי Top עם שוקולדה מגולגלת 140 גרם,שטראוס גרופ בעמ/מצונן,IL,מילקי טופ מגולגלת,גרמים,140.00,100 גרם,false,1,5.40,3.8571,true,1,6463
7290005854613,false,שלגון אסקימו תותי פרוט 75 גר',גלידות שטראוס בעמ,,תותי פרוטי,לא מנהל יחידת מידה,0.00,לא מנהל יחידת מידה,false,1,4.90,0.0000,true,1,12202
7290005938238,false,ממרח צ'ימצ'ורי פרסקו 220ג' מצונן,נטו מלינדה סחר בע`מ,IL,פרסקו צ'ימיצ'ורי ממרח בסגנון ארגנטינאי 220 גרם,גרמים,220.00,100 גרם,false,1,22.90,10.4091,true,1,25259
7290005938245,false,ממרח פסטו קלאסי פרסקו 220ג' מצונן,מיוצר עי פרסקו חצבה,IL,פרסקו פסטו קלאסי ממרח בזיליקום וצנובר 220 גרם,גרמים,220.00,100 גרם,false,1,22.90,10.4091,true,1,25162
7290005938627,false,ממרח עגבניות מיובשות פרסקו 220 גרם,נטו מלינדה סחר בע`מ,IL,פרסקו ממרח עגבניות מיובשות 220 גרם,גרמים,220.00,100 גרם,false,1,19.90,9.0455,true,1,70466
7290005966033,false,הר חרמון לבן יקב רמת הגולן (750 מל),היכל היין שקד גולן בעמ,IL,"הר חרמון יין לבן יבש 2020 750 מ""ל",מיליליטרים,750.00,"100 מ""ל",false,1,45.90,6.1200,true,1,6559
7290005966088,false,"יין הר חרמון אדום עברית 750 מ""ל",היכל היין שקד גולן בעמ,IL,הר חרמון אדום 2020 יבש,מיליליטרים,750.00,"100 מ""ל",false,1,45.90,6.1200,true,1,6561
7290005966392,false,גולן קברנה סוביניון750מל,יקבי רמת הגולן קצרין,,"יין גולן קברנה סוביניון 750 מ""ל",מיליליטרים,750.00,"100 מ""ל",false,1,65.00,8.6667,true,1,6576
7290005992018,false,"יוגורט עיזים לשתיה 3% מחלבות גד 500 מ""ל",מחלבות גד שיווק 1992 בעמ,IL,יוגורט עיזים לשתייה 2.8%,מיליליטרים,500.00,"100 מ""ל",false,1,14.90,2.9800,true,1,6615
7290005992575,false,גבינה בולגרית למריחה 5% גד (250 גרם),מחלבות גד שיווק 1992 בעמ,IL,גד גבינה בולגרית מלוחה למריחה 5% שומן,גרמים,250.00,100 גרם,false,1,19.90,7.9600,true,1,6622
7290005996078,false,סלמי סרוולט הונגרי יחיעם 150 גרם,מעדני יחיעם (1993) בעמ,IL,סלמי סרוולט הונגרי 125 ג',גרמים,125.00,100 גרם,false,1,29.90,23.9200,true,1,127052
7290005996740,false,סלמי פפרוני 300 גר יחיעם,מעדני יחיעם (1993) בעמ,IL,סלמי פפרוני יחיעם 300 גרם,גרמים,300.00,100 גרם,false,1,27.90,9.3000,true,1,133546
7290006229427,false,סן בנדטו - מים מינרלים - מארז שישיית 500 מל,טמפו משקאות בע`מ,,"מים סן בנדטו שישייה בקבוק 500 מ""ל",ליטרים,3.00,ליטר,false,1,18.90,6.3000,true,1,12508
7290006241191,false,אגוזי מלך טבעיים קליית גת (150 גרם),הדקלאים אגודת שיתופי,US,אגוז מלך שקית 150 גרם,גרמים,150.00,100 גרם,false,1,19.90,13.2667,true,1,61200
7290006241214,false,שקדים טבעיים קליית גת (200 גרם),הדקלאים אגודת שיתופי,IL,שקד טבעי שקית 200 גרם,גרמים,200.00,100 גרם,false,1,25.90,12.9500,true,1,15192
7290006251275,false,תה ירוק סיני קלאסי ויסוצקי 25 יחידות,תה ויסוצקי (ישראל) בעמ,IL,תה ירוק סיני T.T,גרמים,37.00,100 גרם,false,1,26.90,72.7027,true,1,6944
7290006251374,false,תה ירוק לימונית וג'ינג'ר ויסוצקי 25 יחידות,תה ויסוצקי (ישראל) בעמ,IL,תה ירוק לימונית וג'ינג'ר T.T,גרמים,37.00,100 גרם,false,1,26.90,72.7027,true,1,14199
7290006256089,false,"יין אדום קברנה סוביניון גאטו נגרו 750 מ""ל",היכל היין שקד גולן בעמ,,יין גאטו נגרו קברנה סוביניון750מל,מיליליטרים,750.00,"100 מ""ל",false,1,39.90,5.3200,true,1,6956
7290006256102,false,"יין אדום מרלו גאטו נגרו 750 מ""ל",היכל היין שקד גולן בעמ,,יין גאטו נגרו מרלו 750 מל .,מיליליטרים,750.00,"100 מ""ל",false,1,39.90,5.3200,true,1,131983
7290006265500,false,פטריות שמפיניון ארוז מרינה,קונס`-מרינה פטריות הגליל בעמ*ש,IL,פטריות שמפיניון יחידה,גרמים,250.00,100 גרם,false,1,11.90,4.7600,true,1,55392
7290006271174,false,ג'חנון לאפיה בתנור מעדנות 700 גרם,תנובה מרכז שיתופי לשיווק תוצרת,IL,גחנון לאפיה מעדנות 700 גרם,גרמים,700.00,100 גרם,false,1,21.90,3.1286,true,1,6966
7290006271181,false,ג'חנון אפוי למיקרוגל מעדנות 750 גרם,תנובה מרכז שיתופי לשיווק תוצרת,IL,"ג""חנון אפוי 750 גרם מעדנות",גרמים,750.00,100 גרם,false,1,29.90,3.9867,true,1,6967
7290006271655,false,מיני בורקס במילוי גבינה מעדנות (800 גרם),תנובה מרכז שיתופי לשיווק תוצרת,IL,מיני בורקס גבינה מעדנות 800גרם,גרמים,800.00,100 גרם,false,1,27.90,3.4875,true,1,55560
7290006272072,false,חטיפי פיצה גבינה מעדנות 650 גרם,תנובה קפואים,IL,חטיפי פיצה מעדנות 650 גרם,גרמים,650.00,100 גרם,false,1,36.90,5.6769,true,1,119620
7290006281210,false,טוסט קלאסי 200 גרם,עינת תעשיות,,טוסט בייגל,גרמים,200.00,100 גרם,false,1,17.90,8.9500,true,1,46882
7290006282903,false,עינת סלט ניסואז 315ג,עינת תעשיות מזון,,סלט ניסואז טונה עם ירקות,גרמים,315.00,100 גרם,false,1,22.90,7.2698,true,1,101884
7290006306296,false,רביולי במילוי גבינה לילדים 400 ג' פסטה נונה,דורום תעשיות מזון ופסטה,IL,רביולי במילוי גבינה במיוחד לילדים,גרמים,400.00,100 גרם,false,1,30.90,7.7250,true,1,75836
7290006306319,false,רביולי במילוי בטטה 400 ג' פסטה נונה,דורום תעשיות מזון ופסטה,IL,רביולי במילוי בטטה,גרמים,400.00,100 גרם,false,1,30.90,7.7250,true,1,31271
7290006306326,false,רביולי במילוי פטריות וגבינת פרמזן פסטה נונה 400 ג',דורום תעשיות מזון ופסטה,IL,רביולי במילוי פטריות וגבינת פרמזן,גרמים,400.00,100 גרם,false,1,30.90,7.7250,true,1,31272
7290006322104,false,לחם ריחיים קל פרוס 500גר,מאפיית דוידוביץ ובניו בע,IL,לחם מקמח חיטה מלא ושיפון 500 גרם,גרמים,500.00,100 גרם,false,1,9.90,1.9800,true,1,7015
7290006322111,false,לחמניות ריחיים 80*6 גרם,מאפיית דוידוביץ ובניו בע,IL,מאפיית דוידוביץ 6 לחמניות ריחיים 450 גרם,גרמים,450.00,100 גרם,false,1,13.00,2.8889,true,1,15249
7290006322128,false,לחמניות קלות 6 יח בחבילה,מאפיית דוידוביץ ובניו בע,IL,מאפיית דוידוביץ 6 לחמניות קלות 450 גרם,גרמים,450.00,100 גרם,false,1,11.50,2.5556,true,1,7016
7290006322166,false,לחמניות רגילות 6יח75X'גר,מאפיית דוידוביץ ובניו בע,IL,מאפיית דוידוביץ 6 לחמניות רגילות לסנדוויץ 450 גרם,גרמים,450.00,100 גרם,false,1,11.90,2.6444,true,1,15251
7290006322197,false,לחמנ.הבית כפולות 125X4גר,מאפיית דוידוביץ ובניו בע,IL,מארז 4 לחמניות הבית כפולות 120 גרם,גרמים,120.00,100 גרם,false,1,15.90,13.2500,true,1,133889
7290006322487,false,לחם קוביות קמח מלא 750גר,מאפיית דוידוביץ ובני,IL,לחם קל מקמח מלא קוביות 750 גרם,גרמים,750.00,100 גרם,false,1,17.90,2.3867,true,1,46119
7290006322838,false,לחם מקמח מלא דוידובי,מאפיית דוידוביץ ובניו בע,IL,דוידוביץ לחם מלא 100%,גרמים,750.00,100 גרם,false,1,11.90,1.5867,true,1,89697
7290006322951,false,פיתצקל'ה100% ק.מלא 50*5ג,מאפיית אחדות חיפה,IL,דוידוביץ פיתצק'לה 100% קמח לבן,גרמים,250.00,100 גרם,false,1,5.50,2.2000,true,1,96676
7290006342447,false,גרעיני אבטיח ששון הקולה 200 גרם,דין שיווק וקליה 2021 בעמ,,גרעין אבטיח 200גרם,גרמים,200.00,100 גרם,false,1,18.90,9.4500,true,1,131767
7290006374738,false,קונפיטורה תות יד מרדכי בטעם תות,אף.סי תבליני בגליל ב,IL,קונפיטורת תות 340 גרם,גרמים,340.00,100 גרם,false,1,15.90,4.6765,true,1,15269
7290006390806,false,חצי ג'בטה אפוי קפוא,גידרון,IL,חצי גאבטה לבן,גרמים,150.00,100 גרם,false,1,4.90,3.2667,true,1,14570
7290006390813,false,גאבטה 150 גר,גדרון,IL,גאבטה 150 גר,גרמים,150.00,100 גרם,false,1,5.90,3.9333,true,1,14981
7290006390837,false,בייגל אמריקאי,"גידרון תעשיות בע""מ",,בייגל אמריקאי,לא מנהל יחידת מידה,0.00,לא מנהל יחידת מידה,false,1,5.90,0.0000,true,1,14983
7290006401571,false,אדויל ליקווי ג'ל 16 כמוסות,פייזר,,אדויל ליקויי גל 16 כמוסות,Unknown,0.00,Unknown,false,1,31.50,0.0000,true,1,23835
7290006449955,false,מלפפון בייבי מארז,"מרינה פטריות הגליל בע""מ",IL,מלפפון בייבי ארוז,גרמים,500.00,100 גרם,false,1,9.90,1.9800,true,1,94953
7290006451170,false,שנייק פיצה מחיר לקג-,"גידרון תעשיות בע""מ",IL,שנייק פיצה מחיר לקג-גידרון,קילוגרמים,1.00,"ק""ג",true,,42.90,42.9000,true,1,131829
7290006463104,false,עוגה בחושה שיש 400 ג,"איתנס' עוגות בע""מ",,עוגה בחושה שיש 400 ג כשלפ,גרמים,400.00,100 גרם,false,1,26.90,6.7250,true,1,112767
7290006492432,false,גבינה מוצרלה בייבי 18% גד (150 גרם),מחלבות גד שיווק 1992 בעמ,IL,גבינה מוצרלה בייבי 150 גרם,גרמים,150.00,100 גרם,false,1,16.90,11.2667,true,1,7127
7290006492616,false,גבינה בולגרית מעודנת פרוסות 5% גד 250 גרם,מחלבות גד שיווק 1992 בעמ,IL,פרוסות בולגרית מעודנת 5%,גרמים,250.00,100 גרם,false,1,29.90,11.9600,true,1,23909
7290006492630,false,גבינת פרומעז עיזים 22% גד 180 גרם,מחלבות גד שיווק 1992 בעמ,IL,מחלבות גד גדעז גבינת שמנת מחלב עיזים 20%,גרמים,180.00,100 גרם,false,1,25.90,14.3889,true,1,25172
7290006492685,false,גבינת לאבנה עיזים 5% גד (250 גרם),מחלבות גד שיווק 1992 בעמ,IL,גבינת לאבנה מחלב עיזים 5% שומן,גרמים,250.00,100 גרם,false,1,19.90,7.9600,true,1,31622
7290006492852,false,גבינת עיזים למריחה 5% שומן 250 ג' גד,מחלבות גד שיווק 1992 בעמ,IL,גד גבינה למריחה מחלב עיזים 5% שומן,גרמים,250.00,100 גרם,false,1,19.90,7.9600,true,1,34999
7290006660602,false,מי קוקוס אורגני גרין קוקו קרטונית 1 ליטר,תות תעשיות מזון (201,PH,GREEN COCO מי קוקוס אורגני 1 ליטר,ליטרים,1.00,ליטר,false,1,20.90,20.9000,true,1,121462
7290006664402,false,גבינה לבנה סקי 5% שומן 750 גרם,שטראוס גרופ בעמ/מצונן,IL,סקי% 5 750 גרם,גרמים,750.00,100 גרם,false,1,14.94,1.9920,true,1,7400
7290006664532,false,יוגורט עם תות 3% שומן 150 ג' דנונה,שטראוס גרופ בעמ/מצונן,IL,דנונה תות 3%,גרמים,150.00,100 גרם,false,1,4.50,3.0000,true,1,13095
7290006664655,false,דנונה Actimel יוגורט טבעי 8*100 מ``ל,שטראוס גרופ בעמ/מצונן,IL,אקטימל לבן שמינייה,מיליליטרים,864.00,"100 מ""ל",false,1,26.90,3.1134,true,1,20423
7290006664693,false,יוגורט עם אפרסק 3% שומן 150 ג' דנונה,שטראוס גרופ בעמ/מצונן,IL,דנונה אפרסק 3%,גרמים,150.00,100 גרם,false,1,4.50,3.0000,true,1,14294
7290006681003,false,גלידה תות לימון סורבה 1.33 ל' קרמיסימו,"גלידת שטראוס בע""\מ, רחוב",IL,קרמיסימו קרמיסימו פרווה בטעם תות לימון 1.33 ליטר,ליטרים,1.33,ליטר,false,1,33.90,25.4887,true,1,7403
7290006681065,false,"קסטה שוקו וניל ""שטראוס""","מיוצר ע""\י גלידת שטראוס",IL,שלגון טעמקור XL,גרמים,75.00,100 גרם,false,1,10.90,14.5333,true,1,15275
7290006681553,false,קרמבו בטעם וניל שטראוס 8 יחידות,"גלידות שטראוס בע""מ",IL,"שטראוס קרמבו 80 מ""ל",גרמים,200.00,100 גרם,false,1,19.90,9.9500,true,1,20687
7290006681560,false,קרמבו בטעם מוקה שטראוס 8 יחידות,"גלידות שטראוס בע""מ",IL,"שטראוס קרמבו 80 מ""ל",גרמים,200.00,100 גרם,false,1,19.90,9.9500,true,1,20688
7290006738615,false,קבב פרימיום זהב 100% בשר זוגלובק 400 ג',נקניק נהריה כשר זוגל,IL,זוגלובק קבב זהב 400 גרם,גרמים,400.00,100 גרם,false,1,22.90,5.7250,true,1,47692
7290006739414,false,נקניק סלמי קוניאק זוגלובק 300 גרם,נקניק נהריה כשר זוגל,IL,זוגלובק סלמי קוניאק 300 גרם א.מ.,גרמים,300.00,100 גרם,false,1,29.90,9.9667,true,1,52882
7290006739421,false,נקניק סלמי מעושן איטלקי זוגלובק 300 גרם,נקניק נהריה כשר זוגל,IL,זוגלובק סלמי מעושן איטלקי 300 גרם א.מ.,גרמים,300.00,100 גרם,false,1,29.90,9.9667,true,1,51050
7290006742292,false,פסטרמה הודו בדבש 330 ג' זוגלובק,נקניק נהריה כשר זוגל,IL,זוגלובק פסטרמה הודו בדבש טהור 330 גר,גרמים,330.00,100 גרם,false,1,32.90,9.9697,true,1,61725
7290006742315,false,פסטרמה חזה הודו ברביקיו 2% זוגלובק 330 גרם,נקניק נהריה כשר זוגל,IL,זוגלובק פסטרמה הודו ברביקיו 330 גר,גרמים,330.00,100 גרם,false,1,32.90,9.9697,true,1,61727
7290006764478,false,"בירה נשר מאלט בקבוק זכוכית 330 מ""ל",החברה המרכזית להפצת משקאות בעמ,IL,"בירה נשר מאלט, בקבוק זכוכית 330 מל",Unknown,0.00,Unknown,false,1,8.50,0.0000,true,1,15961
7290006788429,false,"קרליין - נושם סאן רייס דאודורנט רול און לאישה כתום 75 מ""ל",החברה הדרומית לשיווק בעמ,IL,"קרליין, דיאורדורנט נושם רול און כתום SUNRISE75 מל",גרמים,119.00,100 גרם,false,1,16.90,14.2017,true,1,16343
7290006788436,false,"קרליין - נושם פיור דאודורנט רול און לאישה ורוד 75 מ""ל",החברה הדרומית לשיווק בעמ,IL,קרליין דיאודורנט נושם+ רול און וורוד PURE 75 מל,גרמים,119.00,100 גרם,false,1,16.90,14.2017,true,1,16817
7290006788481,false,"קרליין - נושם סאן רייס דאודורנט ספריי לאישה כתום 200 מ""ל",החברה הדרומית לשיווק בעמ,IL,"קרליין דיאורדורנט נושם ספריי כחום SUNRISE200 מ""ל",מיליליטרים,200.00,"100 מ""ל",false,1,16.90,8.4500,true,1,15655
7290006788504,false,"קרליין - נושם אוקסיג'ן דאודורנט ספריי לאישה סגול 200 מ""ל",החברה הדרומית לשיווק בעמ,IL,"קרליין דיאורדורנט נושם ספריי סגול OXYGEN200 מ""ל",מיליליטרים,200.00,"100 מ""ל",false,1,19.90,9.9500,true,1,16201
7290006805850,false,תערובת להכנת פנקייקס פילסברי (500 גרם),הדקלאים אגודת שיתופי,IL,תערובת קלת הכנה לפנקייק ביתי וטעים 450 גרם,גרמים,500.00,100 גרם,false,1,20.00,4.0000,true,1,23239
7290006983176,false,קרקר לחמית שיפון אסם (230 גרם),קבוצת אוסם סחר שותפות מוגבלת,IL,לחמית שיפון 10*230גרם,גרמים,230.00,100 גרם,false,1,11.90,5.1739,true,1,7743
7290006983763,false,עוגת הבית בטעם שוקולד אסם (400 גרם),קבוצת אוסם סחר שותפות מוגבלת,IL,הבית עוגת שוקולד 8*400גרם,גרמים,400.00,100 גרם,false,1,18.90,4.7250,true,1,12601
7290006983787,false,עוגת הבית שוקולד צ'יפס אסם 400 גרם,קבוצת אוסם סחר שותפות מוגבלת,IL,הבית עוגת שוקולד צ'יפס 8*400גרם,גרמים,400.00,100 גרם,false,1,18.90,4.7250,true,1,12602
7290006983794,false,עוגת הבית בטעם תפוז אסם 400 גרם,קבוצת אוסם סחר שותפות מוגבלת,IL,הבית עוגת תפוז 8*400גרם,גרמים,400.00,100 גרם,false,1,18.90,4.7250,true,1,12603
7290006991294,false,מעדן יוגורט מוזלי 35,עינת תעשיות מזון,,מעדן יוגורט מוזלי 355 גרם,גרמים,355.00,100 גרם,false,1,18.90,5.3239,true,1,33614
7290006992390,false,"מטרנה - דייסת וניל פרוביוטי כשל""פ 200 גרם",קבוצת אוסם סחר שותפות מוגבלת,IL,מטרנה דייסת וניל פרוביוטי. כשלפ 12*200ג,גרמים,200.00,100 גרם,false,1,16.90,8.4500,true,1,22330
7290007144729,false,בגט לבן אפוי 330גרם,"גידרון תעשיות בע""מ",,בגט שלם גדרון א.ק,גרמים,330.00,100 גרם,false,1,6.90,2.0909,true,1,12206
7290008086950,false,זובירקס משאבה,גלקסו,,זובירקס משאבה,לא מנהל יחידת מידה,0.00,לא מנהל יחידת מידה,false,1,39.90,0.0000,true,1,134726
7290008175814,false,וילי פוד פטריות שמפיניון חתוך בדץ 400ג,ג.וילי-פוד אינטרנשיונל בעמ,PL,פטריות חתוך 400גרם- בד'צ,גרמים,400.00,100 גרם,false,1,5.50,1.3750,true,1,55336
7290008340618,false,סלמון מעושן מצונן דלידג 100 ג',נטו מילנדה סחר בעמ*,IL,פרלינג סלומון מעושן 100 גרם,גרמים,100.00,100 גרם,false,1,23.90,23.9000,true,1,14249
7290008345576,false,סלט איקרה ביתית לבנה 300 גרם דלידג,נטו מלינדה סחר בע`מ,IL,דלידג סלט איקרה לבנה בטעם ביתי 300 גרם,גרמים,300.00,100 גרם,false,1,22.90,7.6333,true,1,14315
7290008409100,false,אצבעות שניצל בציפוי שומשום מאמא עוף 700 גרם,תנובה גליל שותפות מוגבלת,IL,אצבעות שניצל ציפוי שומשום מאמא ע 700 גרם,גרמים,700.00,100 גרם,false,1,39.90,5.7000,true,1,24625
7290008409124,false,מאמא עוף קפוא שניצל ג'ונגל פריך 700 גרם,תנובה מרכז שיתופי לשיווק תוצרת,IL,שניצל גונגל מאמא עוף 700 גרם,גרמים,700.00,100 גרם,false,1,39.90,5.7000,true,1,25193
7290008409216,false,מאמא עוף קפוא שניצל דק פריך 700 גרם,תנובה מרכז שיתופי לשיווק תוצרת,IL,מאמא עוף שניצל דק פריך 700 גרם,גרמים,700.00,100 גרם,false,1,47.50,6.7857,true,1,57719
7290008409315,false,שניצלונים בציפוי פריך מיני מיני דק מאמא עוף 500 גרם,תנובה מרכז שיתופי לשיווק תוצרת,IL,מיני שניצלונים ציפוי פריך 500 גרם,גרמים,500.00,100 גרם,false,1,32.90,6.5800,true,1,12840
7290008409605,false,כוכבי עוף בציפוי מעודן מאמא עף 700 גרם,תנובה מרכז שיתופי לשיווק תוצרת,IL,כוכבי עוף 700 גרם,גרמים,700.00,100 גרם,false,1,37.90,5.4143,true,1,10203
7290008415071,false,צבר חומוס עם טחינה עגול 150 גרם,קבוצת אוסם סחר שותפות מוגבלת,IL,סלטי צבר חומוס עם טחינה 12*150גרם,גרמים,150.00,100 גרם,false,1,6.50,4.3333,true,1,10255
7290008415514,false,צבר חומוס עם חריף עגול 150 גרם,קבוצת אוסם סחר שותפות מוגבלת,IL,סלטי צבר חומוס עם חריף 12*150גרם,גרמים,150.00,100 גרם,false,1,6.50,4.3333,true,1,10260
7290008464024,false,"בירה גולדסטאר Unfiltered, בירה לא מסוננת, פחית 500 מ""ל","טמפו משקאות בע""מ",IL,"בירה גולדסטאר לא מסונן פחית 500 מ""ל",מיליליטרים,500.00,"100 מ""ל",false,1,14.50,2.9000,true,1,96822
7290008464109,false,"בירה גולדסטאר Unfiltered, בירה לא מסוננת, בקבוק 330 מ""ל","טמפו משקאות בע""מ",IL,"בירה גולדסטאר ל.מסונן בקבוק 330 מ""ל",מיליליטרים,330.00,"100 מ""ל",false,1,13.50,4.0909,true,1,90242
7290008464130,false,"בירה גולדסטאר Unfiltered, בירה לא מסוננת, מארז שישייה, בקבוק 330 מ""ל",טמפו משקאות בעמ,,בירה גולדסטאר ל.מסונן שישייה בקבוק 330 מ,ליטרים,1.98,ליטר,false,1,49.90,25.2020,true,1,90187
7290008464208,false,"בירה מכבי 7.9%, בירה חזקה, בקבוק 330 מ''ל",פארייפאבה אגרואינדוס,IL,"בירה מכבי 7.9%, בירה חזקה, בקבוק 330 מ''ל",מיליליטרים,330.00,"100 מ""ל",false,1,12.50,3.7879,true,1,101627
7290008464222,false,"בירה מכבי 7.9%, בירה חזקה, פחית 500 מ""ל","טמפו משקאות בע""\מ",IL,"בירה מכבי 7.9%, בירה חזקה, פחית 500 מ""ל",מיליליטרים,500.00,"100 מ""ל",false,1,12.50,2.5000,true,1,106160
7290008464345,false,"בירה גולדסטאר, בקבוק 330 מ''ל",פארייפאבה אגרואינדוס,IL,"בירה גולדסטאר, בקבוק 330 מ''ל",מיליליטרים,330.00,"100 מ""ל",false,1,13.50,4.0909,true,1,10327
7290008464468,false,בירה בפחית גולדסטאר (500 מל),פארייפאבה אגרואינדוס,IL,"בירה גולדסטאר, פחית 500 מ""ל",מיליליטרים,500.00,"100 מ""ל",false,1,13.90,2.7800,true,1,10330
7290008464505,false,סאן בנדטו מים מינרלים להחזרה 0.5 ל`,אקווה מינרלה סאן בנדטו ב,IT,סן בנדטו 500 מל שישייה,מיליליטרים,500.00,"100 מ""ל",false,1,6.90,1.3800,true,1,12294
7290008464604,false,"בירה הייניקן פחית 500 מ""ל",טמפו משקאות בע''מ,NL,"בירה היינקן, פחית 500 מ""ל",מיליליטרים,500.00,"100 מ""ל",false,1,15.90,3.1800,true,1,12217
7290008464611,false,"הסודה של טמפו, מי סודה בגיזוז חזק, 275 מל",טמפו משקאות בעמ,IL,"הסודה של טמפו, מי סודה בגיזוז חזק, 275 מל",מיליליטרים,275.00,"100 מ""ל",false,1,5.50,2.0000,true,1,119835
7290008464741,false,"בירה גולדסטאר, מארז שישייה, בקבוק 330 מ''ל","טמפו משקאות בע""\מ",,"בירה גולדסטאר שישייה בקבוק 330 מ""ל",ליטרים,1.98,ליטר,false,1,49.90,25.2020,true,1,10335
7290008464796,false,"בירה היינקן, מארז שישייה, בקבוק 330 מ''ל",טמפו משקאות בע''מ,,"בירה הייניקן שישייה בקבוק 330 מ""ל",ליטרים,1.98,ליטר,false,1,59.90,30.2525,true,1,10337
7290008612074,false,אגד מתמתח 5 ס'מ,פארמה פלסט,EG,"אגד מתמתח 5 ס""מ",לא מנהל יחידת מידה,0.00,לא מנהל יחידת מידה,false,1,9.90,0.0000,true,1,132239
7290008634045,false,"פלסטר שקוף 30 יחידות ""SUNNY PLASTER""",אינטרסן (1996) בעמ,,פלסטר לילדים סאני 30 יחידות,יחידה,1.00,יחידה,false,1,6.90,6.9000,true,1,92401
7290008644112,false,אחלה יום יום סלט מטבוחה יום יום 125 גרם,שטראוס גרופ בעמ/מצונן,IL,סלט מטבוחה יום יום 125 גרם,גרמים,125.00,100 גרם,false,1,6.40,5.1200,true,1,10400
7290008644235,false,מבחר עלי בייבי 120 גרם-טעם הטבע,שטראוס בריאות ירקות טריי,IL,מבחר עלי בייבי 120 גרם שטופים שטראוס,גרמים,120.00,100 גרם,false,1,10.90,9.0833,true,1,10401
7290008645935,false,אחלה חומוס לניגוב 750 גרם,שטראוס גרופ בעמ/מצונן,IL,חומוס 750 אחלה,גרמים,750.00,100 גרם,false,1,11.90,1.5867,true,1,24225
7290008670029,false,"יין אדום מרלו רקנאטי 750 מ""ל",היכל היין שקד גולן בעמ,IL,רקנטי - מרלו 2017 750 מל,מיליליטרים,750.00,"100 מ""ל",false,1,69.90,9.3200,true,1,10428
7290008670142,false,"יין רקנאטי יסמין אדום 2019 750 מ""ל",היכל היין שקד גולן בעמ,IL,רקנטי - יסמין אדום 2017,מיליליטרים,750.00,"100 מ""ל",false,1,45.90,6.1200,true,1,16018
7290008670159,false,"יין רקנאטי יסמין לבן 750 מ""ל",היכל היין שקד גולן בעמ,IL,"יין יסמין לבן רקנאטי 750 מ""ל",מיליליטרים,750.00,"100 מ""ל",false,1,45.90,6.1200,true,1,16019
7290008693134,false,מעדן גבינה ויוגורט בטעם תות 5% שומן 88 ג' דניאלה,שטראוס גרופ בעמ/מצונן,IL,דניאלה תות,גרמים,88.00,100 גרם,false,1,4.90,5.5682,true,1,10495
7290008745239,false,תפוצ'יפס קראנצ' בטעם טבעי עלית 50 גרם,"שטראוס פריטו ליי בע""\מ )",IL,תפו קראנצ טבעי 50 גר 48 יח - שמיטה,גרמים,50.00,100 גרם,false,1,5.90,11.8000,true,1,10590
7290008747547,false,תפוצ'יפס קראנץ' בטעם טבעי עלית 200 גרם,"שטראוס פריטו ליי בע""\מ )",IL,תפו קראנצ טבעי 200 גר 12 יח - שמיטה,גרמים,200.00,100 גרם,false,1,15.50,7.7500,true,1,10601
7290008752244,false,תפוצ'יפס קראנץ' בטעם גריל עלית 50 גרם,"שטראוס פריטו ליי בע""\מ )",IL,תפו קראנצ גריל 50 גר 48 יח - שמיטה,גרמים,50.00,100 גרם,false,1,5.90,11.8000,true,1,10642
7290008753111,false,תפוצ'יפס קראנץ' בטעם מקסיקני עלית 50 גרם,"שטראוס פריטו ליי בע""\מ )",IL,תפו קראנצ מקסיקני 50 גר 48 יח- שמיטה,גרמים,50.00,100 גרם,false,1,5.90,11.8000,true,1,10655
7290008754415,false,גומי מאסט בטעם ספירמינט עדין פליפטופ 28 ג' עלית,שטראוס גרופ בע`מ,IL,מסטיק מאסט ספירמינט עדין 28 גרם,גרמים,28.00,100 גרם,false,1,6.00,21.4286,true,1,33890
7290008757010,false,"שוופס ביטר למון 250 מ""ל זכוכית",יפאורה שותפות מובגלת לשיווק,IL,שוופס ביטר למון 250 מל,מיליליטרים,250.00,"100 מ""ל",false,1,8.50,3.4000,true,1,49450
7290008757034,false,"שוופס סודה זכוכית 250 מ""ל",יפאורה שותפות מוגבלת לשיווק,IL,"שוופס סודה 250 מ""ל זכוכית",מיליליטרים,250.00,"100 מ""ל",false,1,6.90,2.7600,true,1,10688
7290008775816,false,ערגליות עוגיות במילוי שוקולד אסם 300 גרם,קבוצת אוסם סחר שותפות מוגבלת,IL,ערגליות שוקולד 6*300גרם,גרמים,300.00,100 גרם,false,1,13.90,4.6333,true,1,10704
7290008775823,false,ערגליות עוגיות תות שדה אסם 300 גרם,קבוצת אוסם סחר שותפות מוגבלת,IL,ערגליות תות שדה 6*300גרם,גרמים,300.00,100 גרם,false,1,13.90,4.6333,true,1,10705
7290008806305,false,"שלגון פצפצים ""שטראוס""","מיוצר ע"" גלידת שטראו",IL,שלגון פצפצים תות בננה עם סוכרי,גרמים,97.00,100 גרם,false,1,8.90,9.1753,true,1,10796
7290008806961,false,גלידה שוקולד שבבי שוקולד פרה 1.33 ל' קרמיסימו,"גלידת שטראוס בע""\מ, רחוב",IL,קרמיסימו קרמיסימו בטעם שוקולד צ'יפ 1.33 ליטר,ליטרים,1.33,ליטר,false,1,33.90,25.4887,true,1,10802
7290008849661,false,אוליביה ממרח עגבניות מיובשות פיקנטי 180 גרם,טרופיקל דגיל תעשיות,IL,ממרח עגבניות מיובשות פקנטי אוליביה,גרמים,180.00,100 גרם,false,1,12.90,7.1667,true,1,119625
7290008849845,false,ממרח אוליביה אריסה פיקנטי 180 ג',"אוליביה גרומה בע""מ",IL,אריסה פקנטית אוליביה 185גרם,גרמים,185.00,100 גרם,false,1,12.90,6.9730,true,1,119626
7290008880112,false,מצת קליפר,Flamagas SA Barcelon,,מצת קליפר,לא מנהל יחידת מידה,0.00,לא מנהל יחידת מידה,false,1,7.50,0.0000,false,1,105909
7290008909761,false,"קרלסברג בקבוק יחיד 330מ""ל",החברה המרכזית להפצת משקאות בעמ,IL,"קרלסברג בק 330 מ""ל פקדון",מיליליטרים,330.00,"100 מ""ל",false,1,14.90,4.5152,true,1,46697
7290008909853,false,"קוקה קולה זירו בקבוק 500 מ""ל.",החברה המרכזית להפצת משקאות בעמ,IL,"קולה ZERO בקבוק 500 מ""ל",מיליליטרים,500.00,"100 מ""ל",false,1,9.50,1.9000,true,1,47188
7290008975551,false,תחליף חלב מטרנה מהדרין שלב 3 חלבי 700 גרם,קבוצת אוסם סחר שותפות מוגבלת,IL,מטרנה מהדרין שלב 3,גרמים,700.00,100 גרם,false,1,69.90,9.9857,true,1,56474
7290008975780,false,"מזון לכלבים בונזו מזון כלבים גזע קטן 3 ק""ג",דיפלומט מפיצים (1968) בעמ**,FR,בונזו גזע קטן 3 קג,קילוגרמים,3.00,"ק""ג",false,1,49.90,16.6333,true,1,10975
7290009397642,false,מאפין שוקו חמישיה גד,"גידרון תעשיות בע""מ",,מאפיין שוקולד - חמישיה,גרמים,250.00,100 גרם,false,1,9.90,3.9600,true,1,20280
7290009397697,false,מאפין שוקולד ציפס- ח,"גידרון תעשיות בע""מ",,מאפין שוקולד ציפס- חמישיה,גרמים,250.00,100 גרם,false,1,9.90,3.9600,true,1,20617
7290009398021,false,ביס בגט לבן קפוא,"גידרון תעשיות בע""מ",,ביס בגט לבן קפוא,לא מנהל יחידת מידה,0.00,לא מנהל יחידת מידה,false,1,1.90,0.0000,true,1,37586
7290009398113,false,חלה מתוקה,"גידרון תעשיות בע""מ",,חלה מתוקה ח א,גרמים,560.00,100 גרם,false,1,12.90,2.3036,true,1,25103
7290009398830,false,פיתה אסלית גדרון א.ק,יושלם,,פיתה אסלית גדרון א.ק,גרמים,100.00,100 גרם,false,1,2.50,2.5000,true,1,45712
7290009399158,false,פיתה אפויה קפואה מקמ,יושלם,,פיתה אפויה קפואה מקמח מלא,גרמים,100.00,100 גרם,false,1,2.90,2.9000,true,1,56077
7290009399288,false,פס גבינה אפוי,"גידרון תעשיות בע""מ",,פס גבינה אפוי,יחידה,1.00,יחידה,false,1,39.90,39.9000,true,1,57728
7290009957808,false,פרצל אפוי גדרון א.ק,גדרון,IL,פרצל אפוי גדרון א.ק,יחידה,1.00,יחידה,false,1,5.90,5.9000,true,1,130306
7290010117864,false,דוריטוס חטיף תירס בטעם חריף אש עלית 70 גרם,"שטראוס פריטו ליי בע""\מ )",IL,דוריטוס חריף אש 70 גרם,גרמים,70.00,100 גרם,false,1,6.90,9.8571,true,1,95785
7290010117970,false,סבבה בוטנים קלויים מצופים - אריזה אישית,שטראוס פריטו ליי בע`מ,IL,בוטנים אמריקאים סבבה 50 גרם,גרמים,50.00,100 גרם,false,1,3.00,6.0000,true,1,48912
7290010133536,false,סיגריה אלקטרונית חפ,קלאס ספא,CN,סיגריה אלקטרונית ח״פ אייס אוכמניות 3000 שאיפות,יחידה,1.00,יחידה,false,1,99.90,99.9000,true,1,133895
7290010133543,false,סיגריה אלקטרונית חפ,קלאס ספא,CN,סיגריה אלקטרונית ח״פ אייס ענבים 3000 שאיפות,יחידה,1.00,יחידה,false,1,99.90,99.9000,true,1,133896
7290010133550,false,סיגריה אלקטרונית חפ,קלאס ספא,CN,סיגריה אלקטרונית ח״פ אייס תות 3000 שאיפות,יחידה,1.00,יחידה,false,1,99.90,99.9000,true,1,133897
7290010133581,false,סיגריה אלקטרונית סמא,shenzhen hot technol,CN,סיגריה אלקטרונית סמארט תות אייס 3000 שאיפות,יחידה,1.00,יחידה,false,1,99.90,99.9000,true,1,134489
7290010133604,false,סיגריה אלקטרונית סמא,shenzhen hot technol,CN,סיגריה אלקטרונית סמארט ענבים אייס 3000 שאיפות,יחידה,1.00,יחידה,false,1,99.90,99.9000,true,1,134487
7290010133611,false,סיגריה אלקטרונית סמא,shenzhen hot technol,CN,סיגריה אלקטרונית סמארט פירות אייס 3000 ש,יחידה,1.00,יחידה,false,1,99.90,99.9000,true,1,134486
7290010140732,false,טבליות לעיסהטאמס בטע,גלקסמן סמית קליים,,טבליות לעיסהטאמס בטעם פירות יער,גרמים,750.00,100 גרם,false,1,35.20,4.6933,true,1,121350
7290010154005,false,סחוג תימני תבליני ביטון יוחאי (250 גרם),תבליני יוחאי ביטון,IL,סחוג תימני 250 גרם,גרמים,250.00,100 גרם,false,1,16.90,6.7600,true,1,7939
7290010154012,false,לימון בלאדי תבליני ביטון יוחאי (250 גרם),תבליני יוחאי ביטון,IL,לימון כבוש בלאדי 250 גרם,גרמים,250.00,100 גרם,false,1,16.50,6.6000,true,1,7940
7290010154036,false,עמבה תבליני ביטון יוחאי (250 גרם),תבליני יוחאי ביטון,IL,ביטון יוחאי המקורי עמבה סלט מנגו וחילבה 250 גרם,גרמים,250.00,100 גרם,false,1,15.90,6.3600,true,1,23950
7290010154241,false,סלט חזרת ביתית תבליני ביטון יוחאי (250 ג,תבליני יוחאי ביטון,IL,ביטון יוחאי המקורי סלט חזרת 250 גרם,גרמים,250.00,100 גרם,false,1,16.90,6.7600,true,1,16403
7290010154678,false,אריסה מרוקאית תבליני ביטון 250 גרם,תבליני יוחאי ביטון,IL,אריסה מרוקאית 250 גרם,גרמים,250.00,100 גרם,false,1,15.90,6.3600,true,1,119357
7290010154685,false,סלט שום כתוש 250 ג' ביטון יוחאי,תבליני יוחאי ביטון,IL,ביטון יוחאי המקורי סלט שום כתוש 250 גרם,גרמים,250.00,100 גרם,false,1,17.40,6.9600,true,1,119358
7290010173044,false,"יין בר הרי גליל מרלו 750 מ""ל",היכל היין שקד גולן בעמ,IL,"הרי גליל מרלו יין אדום יבש, 750 מל",מיליליטרים,750.00,"100 מ""ל",false,1,45.90,6.1200,true,1,14423
7290010192816,false,תמר מג'הול ללא גלעין 45,תימורת הערבה,IL,תמר מגהול ללא גלעין 45 גרם,גרמים,45.00,100 גרם,false,1,5.90,13.1111,true,1,132729
7290010237531,false,משקה מוגז בטעם קולה פפסי (500 מל),סנו מפעלי ברונוס.,IL,פפסי 500 מל בקבוק,מיליליטרים,500.00,"100 מ""ל",false,1,7.90,1.5800,true,1,24616
7290010237548,false,"פפסי מקס דל קלוריות 500 מ""ל בקבוק",טמפו משקאות בע`מ,IL,פפסי מקס בקבוק 500 מל,מיליליטרים,500.00,"100 מ""ל",false,1,7.90,1.5800,true,1,24617
7290010237562,false,משקה מוגז בטעם תפוזים מירנדה (500 מל),טמפו משקאות בע`מ,IL,מירינדה 500 בקבוק 24 יח',מיליליטרים,500.00,"100 מ""ל",false,1,7.90,1.5800,true,1,58059
7290010237579,false,משקה מוגז בטעם ליים סבן אפ (500 מל),טמפו משקאות בע`מ,IL,סבן אפ 500 בקבוק,מיליליטרים,500.00,"100 מ""ל",false,1,9.50,1.9000,true,1,24618
7290010237685,false,"הייניקן בירה צואר ארוך 330מ""ל",טמפו משקאות בע''מ,IL,"בירה היינקן, בקבוק 330 מ''ל",מיליליטרים,330.00,"100 מ""ל",false,1,15.90,4.8182,true,1,24300
7290010259823,false,מנת השף נודלס בטעם עוף וילי פוד (70 גרם),ג. וילי-פוד אינטרנשיונל בע`מ,TH,מנת השף- מרק עם נודלס בטעם עוף,גרמים,70.00,100 גרם,false,1,6.90,9.8571,true,1,30071
7290010259830,false,מנת השף נודלס בסגנון סיני פיקנטי וילי פוד 70 גרם,ג. וילי-פוד אינטרנשיונל בע`מ,TH,ויליפוד מנת השף נודלס בטעם סיני-פיקנטי 70 גרם,גרמים,70.00,100 גרם,false,1,6.90,9.8571,true,1,30072
7290010328093,false,ממרח חלווה אחווה 400 ג' מהדרין,אחדות בית חרושת לטחי,IL,אחוה ממרח חלוה 400 גרם,גרמים,400.00,100 גרם,false,1,13.90,3.4750,true,1,39004
7290010328246,false,טחינה גולמית שומשום מלא אחווה 500 ג',אחדות ביתחרושת לטחינה חלבה,IL,טחינה שומשום מלא אחווה 500 גרם,גרמים,500.00,100 גרם,false,1,15.90,3.1800,true,1,76315
7290010328253,false,טחינה גולמית משומשום טבעי אחווה 500 גרם,אחדות ביתחרושת לטחינה חלבה,IL,אחוה טחינה גולמית 500 גרם בפלסטיק,גרמים,500.00,100 גרם,false,1,15.90,3.1800,true,1,73886
7290010328468,false,מארז מיני חלווה אחוה בטעמים 18 יחידות 216 גרם,שוורצקוף& הנקל דיסלד,IL,"אחוה חטיפי מיני חלוה פיסטוק, וניל וקקאו 18 יחידות",גרמים,216.00,100 גרם,false,1,12.90,5.9722,true,1,98748
7290010328505,false,"מארז מיני חלווה 15 יחידות לל""ס אחוה 150 גרם",אחדות ביחר לטחינה חל,IL,חטיפי מיני חלוה ללא תוספת סוכר 15 יח' במגש,גרמים,150.00,100 גרם,false,1,10.90,7.2667,true,1,98749
7290010471669,false,יוגורט תות עם קורנפלקס מצופה שוקולד ללא גלוטן 3.9%,שטראוס גרופ בעמ/מצונן,IL,דנונה קראנצ תות קורנפלקס,גרמים,175.00,100 גרם,false,1,6.20,3.5429,true,1,21942
7290010569120,false,חטיף גלידה שמנת בטעם נוגה עם קרם שוקולד,"מיוצר ע""\י גלידת שטראוס",IL,שטראוס חטיף פסק זמן בטעם נוגט ושוקולד 67 גרם,גרמים,73.00,100 גרם,false,1,12.90,17.6712,true,1,22247
7290010577804,false,דקסמול 16 קפליות,דקסל,,דקסמול 16 קפליות,לא מנהל יחידת מידה,0.00,לא מנהל יחידת מידה,false,1,11.90,0.0000,true,1,111225
7290010577965,false,"אדקס 200 מ""ג",דקסל,,"אדקס 200 מ""ג",לא מנהל יחידת מידה,0.00,לא מנהל יחידת מידה,false,1,19.90,0.0000,true,1,111229
7290010609734,false,אייס לי משקה להקפאה בטעמי פירות - מארז 8 יח',דודו הדיל בעמ,IL,"שלוקים אייס לי 800 מ""ל",מיליליטרים,800.00,"100 מ""ל",false,1,6.90,0.8625,true,1,124220
7290010632121,false,כוס אימון עם ידיות ופיה רכה ML360 טוליפס פרמיום,אינטרסן (1996) בעמ,CN,כוס אימון עם ידיות רכות TULIPS,לא מנהל יחידת מידה,0.00,לא מנהל יחידת מידה,false,1,17.90,0.0000,true,1,119875
7290010632534,false,כוסות + מכסים - מארז 6 יח',מולינו ניקולי s.p.a,CN,נובי 6 כוסות עם מכסה,Unknown,0.00,Unknown,false,1,29.90,0.0000,true,1,120118
7290010632558,true,נובי כפית ארוכה,מולינו ניקולי s.p.a,CN,נובי כפיות האכלה 18 יחידות,לא מנהל יחידת מידה,0.00,לא מנהל יחידת מידה,false,1,20.90,0.0000,true,1,119871
7290010650026,false,זנגוויל ארוז (200 גרם-שקית),יוליניבר,CN,גינגר טרי יח,לא מנהל יחידת מידה,0.01,לא מנהל יחידת מידה,false,1,7.90,790.0000,true,1,53896
7290010657254,false,סרדין קזבלנקה בשמן ס,יוניון דה פחריס,,סרדינים בשמן צמחי 125 גרם,גרמים,125.00,100 גרם,false,1,5.50,4.4000,true,1,63142
7290010657292,false,צלפים בחומץ צנצנת 35,פ.ח סאנצאס,,צלפים בחומץ צנצנת 350 גרם,גרמים,350.00,100 גרם,false,1,15.00,4.2857,true,1,80384
7290010657490,false,סרדין קזבלנקה בשמן ח,יוניון דה פחריס,,סרדינים בשמן חריף 125 גרם,גרמים,125.00,100 גרם,false,1,13.00,10.4000,true,1,87226
7290010838219,false,ממתיק על בסיס צמח הסטיביה - שקיות,"קיפל טבליות וממתיקים בע""מ",IL,מרמולייט סטיביה ממתיק 100 שקיות,גרמים,100.00,100 גרם,false,1,32.90,32.9000,true,1,93301
7290010859283,false,פניסטיל גל 30 גרם,נוברטיס,,"פניסטיל ג""ל",Unknown,0.00,Unknown,false,1,39.90,0.0000,true,1,23846
7290010859306,false,"אוטריוין למבוגרים 10 מ""ל",נוברטיס,,אוטריוין מבוגרים,Unknown,0.00,Unknown,false,1,29.90,0.0000,true,1,23843
7290010859320,false,"אוטריוין מנטול 10 מ""ל",נוברטיס,,אוטריוין מנטול,Unknown,0.00,Unknown,false,1,34.00,0.0000,true,1,23844
7290011015374,false,"סחוט תפוחים צלול פריגת 400 מ""ל",היינץ צפון אמריקה מק,IL,"סחוט תפוח צלול 400 מ""ל",מיליליטרים,400.00,"100 מ""ל",false,1,12.50,3.1250,true,1,71492
7290011017866,false,פחית קולה סליק קוקה-קולה (330 מל),החברה המרכזית להפצת משקאות בעמ,IL,"סליק קוקה קולה 330 מ""ל מבצע",מיליליטרים,330.00,"100 מ""ל",false,1,8.50,2.5758,true,1,85685
7290011017873,false,פחית זירו סליק קוקה-קולה (330 מל),החברה המרכזית להפצת משקאות בעמ,IL,"סליק קולה ZERO 330 מ""ל מבצע",מיליליטרים,330.00,"100 מ""ל",false,1,8.50,2.5758,true,1,85686
7290011017880,false,פחית דיאט קולה סליק קוקה-קולה (330 מל),החברה המרכזית להפצת משקאות בעמ,IL,"סליק דק""ק 330 מ""ל מבצע",מיליליטרים,330.00,"100 מ""ל",false,1,8.50,2.5758,true,1,85687
7290011018184,false,תה קר בטעם אפרסק פיוז-טי (500 מל),החברה המרכזית להפצת משקאות בעמ,IL,FUZE tea אפרסק 0.5 ליטר,מיליליטרים,500.00,"100 מ""ל",false,1,9.90,1.9800,true,1,85337
7290011018214,false,פיוז טי תה קר בטעם מנגו אננס,החברה המרכזית להפצת משקאות בעמ,IL,פיוזטי מנגו אננס 0.5 ליטר,מיליליטרים,500.00,"100 מ""ל",false,1,9.90,1.9800,true,1,85340
7290011018443,false,משקה מוגז אורנג` פאנטה (330 מל),החברה המרכזית להפצת משקאות בעמ,IL,"סליק פאנטה אורנג' 330 מ""ל מבצע",מיליליטרים,330.00,"100 מ""ל",false,1,8.50,2.5758,true,1,90137
7290011018474,false,"סומרסבי סיידר תפוחים אלכוהולי 300 מ""ל",החברה המרכזית להפצת משקאות בעמ,HR,"סומרסבי סיידר בקבוק 330 מ""ל",מיליליטרים,330.00,"100 מ""ל",false,1,12.90,3.9091,true,1,101231
7290011018917,false,ק.קולה זירו פרידגפק סליק 330 מל שישייה,החברה המרכזית להפצת משקאות בעמ,IL,"מארז ק""ק ZERO 6 פח FRIDGE-PACK מבצע",ליטרים,1.98,ליטר,false,1,33.90,17.1212,true,1,91251
7290011018924,false,"מארז פחיות דיאט קוקה קולה שישייה 330 מ""ל",החברה המרכזית להפצת משקאות בעמ,IL,דקק 6 פח FRIDGE Pack מבצע,ליטרים,1.98,ליטר,false,1,33.90,17.1212,true,1,91221
7290011051358,false,"שוופס סודה לימון זכוכית 250 מ""ל",יפאורה - שותפות מוגבלת לשיווק,IL,"שוופס סודה לימון 250 מ""ל זכוכית",מיליליטרים,250.00,"100 מ""ל",false,1,6.90,2.7600,true,1,112880
7290011081492,false,גלידה בטעם שלושה שוקולדים 1.33ל' קרמיסימו,"גלידת שטראוס בע""\מ, רחוב",IL,קרמיסימו קרמיסימו בטעם שלושה שוקולדים 1.33 ליטר,ליטרים,1.33,ליטר,false,1,33.90,25.4887,true,1,41661
7290011115203,false,אל סבון מוצק מבושם בניחוח עדין קלאסיק - מארז רביעיה,החברה הדרומית לשיווק בעמ,IL,נקה 7 סבון מוצק ורוד 1/4,גרמים,400.00,100 גרם,false,1,14.90,3.7250,true,1,35442
7290011126209,false,הגן הקסום תה טעם תפוח וקינמון סיידר ויסוצקי 25 יח',תה ויסוצקי (ישראל)בעמ,IL,תפוח וקינמון- סיידר - הגן הקסום,גרמים,67.00,100 גרם,false,1,19.90,29.7015,true,1,37868
7290011131371,false,מוזלי קראנצ`י שקדים ואגוזים גרין (1 קג),ויטליאה ניקולה דו,MK,מוזלי פלוס אגוזים ושקדים 1 קג,קילוגרמים,1.00,"ק""ג",false,1,29.90,29.9000,true,1,59769
7290011131395,false,מוזלי קראנצ`י 30% פירות גרין (1 קג),ויטליאה ניקולה דו,MK,גרין מוזלי קראנצ'י בתוספת 30% פירות 1 קג,קילוגרמים,1.00,"ק""ג",false,1,29.90,29.9000,true,1,59768
7290011132507,false,סן בנדטו- מים מנרליים - מוגז עדין 500 מל,אקווה מינרלה סאן בנדטו ב,IT,סן בנדטו מוגז 500 מל,מיליליטרים,500.00,"100 מ""ל",false,1,5.90,1.1800,true,1,77574
7290011148911,false,פלפלים מתוקים טינקרב,מרינה פטריות הגליל,IL,פלפל טינקרבל יחידה,גרמים,500.00,100 גרם,false,1,9.90,1.9800,true,1,105325
7290011148935,false,מלפפון בייבי יחידה,חקלאי,IL,מלפפון טעם ארוז,לא מנהל יחידת מידה,0.00,לא מנהל יחידת מידה,false,1,9.90,0.0000,true,1,105341
7290011194215,false,מעדן גבינה ויוגורט בטעם בננה 5% שומן 88 ג' דניאלה,שטראוס גרופ בעמ/מצונן,IL,דניאלה מעדן בננה 88 גרם,גרמים,88.00,100 גרם,false,1,5.90,6.7045,true,1,31785
7290011194246,false,קוטג 5% 250 גרם עם סידן שטראוס,שטראוס גרופ בעמ/מצונן,IL,קוטג' 5% 250 גרם,גרמים,250.00,100 גרם,false,1,6.20,2.4800,true,1,32203
7290011235055,false,עלי בזיליקום רבנות,יבולי הבשור,,בזיליקום,לא מנהל יחידת מידה,0.00,לא מנהל יחידת מידה,false,1,6.00,0.0000,true,1,58082
7290011239213,false,עמוס חטיפים מתוקים מ,סוכניות עמוס ממתקים בעמ,,חטיף מתוק מחרום 100 גר,גרמים,100.00,100 גרם,false,1,6.90,6.9000,true,1,49860
7290011239404,false,חטיפים מתוקים טעמים שונים 330גר,סוכנויות עמוס ממתקים בעמ,,חטיפים 330 גרם,גרמים,330.00,100 גרם,false,1,14.90,4.5152,true,1,115541
7290011249748,false,רולים גלילי ופל במילוי קרם שוקולד 100 ג' עלמה,ח.כהן סוכנות מזון ומשקאות בע,,ופל גלילית שוקולד גילרו 100 גרם,גרמים,100.00,100 גרם,false,1,3.50,3.5000,true,1,99418
7290011249755,false,רולים גלילי ופל במילוי קרם אגוזים 100 ג' עלמה,ח.כהן סוכנות מזון ומשקאות בע,,ופלים גלילית אגוזים 100 גרם,גרמים,100.00,100 גרם,false,1,3.50,3.5000,true,1,99417
7290011363178,false,לימוסין בטעם לימון,גלקסמן סמית קליים,,לימוסין בטעם לימון,לא מנהל יחידת מידה,7.50,לא מנהל יחידת מידה,false,1,30.20,4.0267,true,1,38433
7290011378769,false,חטיף חלווה וניל בארכה 126 גרם מארז 7 יחידות,קבוצת אוסם סחר שותפות מוגבלת,IL,בארכה בקטנה מאגדת וניל כלפ.12 7*18גרם,גרמים,120.00,100 גרם,false,1,13.90,11.5833,true,1,86865
7290011438142,false,"משקה יטבתה אייס קפה בבקבוק אישי 350 מ""ל",שטראוס גרופ בעמ/מצונן,IL,"אייס קפה 350 מ""ל",מיליליטרים,350.00,"100 מ""ל",false,1,7.50,2.1429,true,1,41209
7290011447304,false,מטרנה פרימיום חלבי שלב 3 700 גרם חיסכון,קבוצת אוסם סחר שותפות מוגבלת,IL,מטרנה פרימיום שלב 3 חלבי 700 גרם,גרמים,700.00,100 גרם,false,1,69.90,9.9857,true,1,47051
7290011499051,false,פטה כבשים מסורתית 20% בגביע 250 גרם - רובין,מחלבות גד שיווק 1992 בעמ,IL,פטה כבשים גבינה מלוחה במי מלח,גרמים,250.00,100 גרם,false,1,28.90,11.5600,true,1,36940
7290011499105,false,בולגרית מסורתית 5% 250 גרם -רבנות,מחלבות גד שיווק 1992 בעמ,IL,גבינה בולגרית 5% 250 גרם,גרמים,250.00,100 גרם,false,1,27.90,11.1600,true,1,39846
7290011499129,false,גבינה בולגרית מעודנת קוביות קטנות 5% גד 200 גרם,מחלבות גד שיווק 1992 בעמ,IL,קוביות בולגרית מעודנת,גרמים,200.00,100 גרם,false,1,25.90,12.9500,true,1,40459
7290011499303,false,פטה עיזים מעודנת 5% בגביע 250 גרם - רבנות,מחלבות גד שיווק 1992 בעמ,IL,גד בולגרית עיזים מעודנת 5% שומן,גרמים,250.00,100 גרם,false,1,32.90,13.1600,true,1,48336
7290011499341,false,גבינת קשקבל ארוז 26 אחוז 250גרם גד,מחלבות גד שיווק 1992 בעמ,IL,גד קאשקבלו 26% שומן 200 גרם,גרמים,200.00,100 גרם,false,1,29.90,14.9500,true,1,48868
7290011499365,false,גבינת חלומי 24% מחלב בקר גד (200 גרם),מחלבות גד שיווק 1992 בעמ,IL,גד גבינת חלומי קשה מחלב בקר 24% שומן 200 גרם,גרמים,200.00,100 גרם,false,1,23.90,11.9500,true,1,48870
7290011499419,false,גבינה במרקם שמנת בטעם טבעי 5% ניו יורק,מחלבות גד שיווק 1992 בעמ,IL,גד מרקם שמנת ניו יורק 5% 200 גרם,גרמים,200.00,100 גרם,false,1,12.90,6.4500,true,1,56338
7290011499624,false,שמנת 30% ניו יורק טבעי 200 גרם רבנות,מחלבות גד שיווק 1992 בעמ,IL,"גד, גבינת שמנת בטעם טבעי 30% , 200 גרם",גרמים,200.00,100 גרם,false,1,14.90,7.4500,true,1,69724
7290011505417,true,נובי כוס אימון עם פי,מולינו ניקולי s.p.a,CN,נובי כוס אימון עם פיה רכה,לא מנהל יחידת מידה,0.00,לא מנהל יחידת מידה,false,1,29.90,0.0000,true,1,119883
7290011505509,false,מזלגות מהודר עבה במי,הוסטס,,מזלגות מהודר עבה במיוחד 50 יחידות,לא מנהל יחידת מידה,0.00,לא מנהל יחידת מידה,false,1,13.90,0.0000,true,1,120754
7290011515683,false,מאגדת טילון אקסטרים וניל נסטלה 6 יחידות,נגה גלידות שותפות מוגבלת,IL,אקסטרים טילון וניל בדצ מאח.5 6*72גרם,גרמים,432.00,100 גרם,false,1,39.90,9.2361,true,1,41075
7290011515911,false,שלגוני לייט ריבת חלב עם סירופ 6*52 גרם,נגה גלידות שותפות מוגבלת,IL,נסטלה שלג.לייט ריבת חלב בדצ מאח.6 6*52ג,גרמים,312.00,100 גרם,false,1,31.90,10.2244,true,1,54877
7290011598211,false,"סנו - אנטי קאלק מרסס ניקוי כללי 4 ב-1 700 מ""ל",החברה הדרומית לשיווק בעמ,IL,אנטי קאלק מרסס כללי רב שימושי 4 ב 1 700 מל,מיליליטרים,700.00,"100 מ""ל",false,1,21.90,3.1286,true,1,45724
7290011723200,false,טחינה הר ברכה 100% שומשום טהור 500 גר,טחינה הר ברכה בעמ,,טחינת הר ברכה 500גרם,גרמים,500.00,100 גרם,false,1,20.90,4.1800,true,1,94912
7290011765095,false,קרמה מן גל גילוח אלוורה ירוק 200 מל,החברה הדרומית לשיווק בעמ,TR,קרמה מן ג'ל גילוח ירוק אלוורה,מיליליטרים,200.00,"100 מ""ל",false,1,14.90,7.4500,true,1,46841
7290011776763,false,מארז פלפל ירוק חריף,עטרה,,מארז פלפל ירוק חריף באיכות מעולה,גרמים,300.00,100 גרם,false,1,11.90,3.9667,true,1,111996
7290011800840,false,רפי כהן סלט טחינה בלאדי צבר 400 גרם,קבוצת אוסם סחר שותפות מוגבלת,IL,צבר טחינה בלאדי 6*400 גרם,גרמים,400.00,100 גרם,false,1,17.90,4.4750,true,1,59579
7290011870225,false,סוללות פוג'יקום AAA רביעייה,פוג'יקום,,סוללות פוזיקום 4AAA,יחידה,1.00,יחידה,false,1,9.90,9.9000,true,1,114704
7290011870249,false,סוללות *AAA12 פוגיקום,פוגיקום בעמ,,סוללות פוזיקום 12AAA,לא מנהל יחידת מידה,0.00,לא מנהל יחידת מידה,false,1,19.90,0.0000,true,1,114705
7290011870256,false,AA סוללות פוגיקום 4 יחידות,פוגיקום בעמ,,מארז 4 פוגיקום AA,יחידה,1.00,יחידה,false,1,9.90,9.9000,true,1,114775
7290011870270,false,פוג'יקום סוללות מארז 12 יח' AA,פוגיקום בעמ,,סוללות פוזיקום 12AA,לא מנהל יחידת מידה,0.00,לא מנהל יחידת מידה,false,1,19.90,0.0000,true,1,114703
7290011870720,false,סוללה פוגיקום גדול D,פוג'יקום,,סוללות פוזיקום D,יחידה,1.00,יחידה,false,1,23.90,23.9000,true,1,68667
7290011870737,false,סוללה פוגיקום בינוני,פוג'יקום,,סוללות פוזיקום C,יחידה,1.00,יחידה,false,1,21.90,21.9000,true,1,114776
7290011870744,false,9V סוללת פוגיקום מרובעת,פוג'יקום,,סוללות פוזיקום 9V,יחידה,1.00,יחידה,false,1,19.90,19.9000,true,1,68668
7290011877095,false,"רדיד אלומיניום רוחב 45 ס""מ סנו סושי 2*7.5 מטר",החב הדרומית לשיווק,TR,רדיד אלומיניום זוג15מ רוחב45סמ,מטרים,1500.00,מטר,false,1,25.60,0.0171,true,1,46223
7290011877859,false,סנו אינסטלטור חדש פותח סתימות 200ג',החברה הדרומית לשיווק בעמ,IL,"פותח סתימות אינסטלטור 200 גר """,גרמים,200.00,100 גרם,false,1,16.90,8.4500,true,1,48969
7290011947309,false,זיתים מצוננים סורי מבוקע ולימון כבוש זיתא 230 ג',תה ויסוצקי (ישראל) בעמ,IL,זית סורי מבוקע,גרמים,230.00,100 גרם,false,1,14.90,6.4783,true,1,95327
7290011947316,false,זיתא זיתי קלמטה בשמן זית כתית מעולה 215ג,תה ויסוצקי (ישראל) בעמ,IL,זית קלמטה בשמן זית כתית מעולה,גרמים,217.00,100 גרם,false,1,14.90,6.8664,true,1,99148
7290011947781,false,מיקס זית ירוק וזית קלמטה ללא גלעין עם שמן זית כתית מעולה,תה ויסוצקי (ישראל) בעמ,IL,זית ירוק קלמטה ללא גלעין מיקס זיתא190גרם,גרמים,190.00,100 גרם,false,1,14.90,7.8421,true,1,129007
7290011947798,false,זית קלמטה ללא גלעין עם שמן זית כתית מעולה,תה ויסוצקי (ישראל) בעמ,IL,זית קלמטה ללא גלעין זיתא 190 גרם,גרמים,190.00,100 גרם,false,1,14.90,7.8421,true,1,129006
7290011947903,false,מיקס זיתים יווני זיתא 215 ג',תה ויסוצקי (ישראל) בעמ,IL,זיתים מיקס יווני זיתא 215 גרם,גרמים,215.00,100 גרם,false,1,15.50,7.2093,true,1,130659
7290011964344,false,שום גבישי בקופ' 120 גר' טעם וריח,"תבליני טעם וריח בע""מ",IL,תבליני טעם וריח מיכל שום גבישי 120 גרם,גרמים,120.00,100 גרם,false,1,10.90,9.0833,true,1,47465
7290011964542,false,פפריקה מתוקה 400 גר' טעם וריח,"תבליני טעם וריח בע""מ",IL,"תבליני טעם וריח,פפריקה מתוקה 400 גרם",גרמים,400.00,100 גרם,false,1,24.90,6.2250,true,1,55524
7290011964658,false,מלח לימון בקופ' 170 גר' טעם וריח,"תבליני טעם וריח בע""מ",IL,תבליני טעם וריח מלח לימון 100% 170 גרם,גרמים,170.00,100 גרם,false,1,10.90,6.4118,true,1,59364
7290011964689,false,על האש לא מונוסודיום 100 גרם 100 גרם מיכל גדול,"תבליני טעם וריח בע""מ",IL,"תבליני טעם וריח תערובת תיבול על האש, 100 גרם",Unknown,0.00,Unknown,false,1,10.90,0.0000,true,1,67934
7290011964702,false,שווארמה ללא מונסודיום 100 גרם מיכל גדול,"תבליני טעם וריח בע""מ",IL,"תבליני טעם וריח תערובת תיבול לשווארמה, 100 גרם",גרמים,110.00,100 גרם,false,1,10.90,9.9091,true,1,67936
7290011996000,false,טעם אסיה אטריות עגבניות 454 ג',טחנת האבן קואופ בעמ,,אטריות עגבניות 454 גרם,גרמים,454.00,100 גרם,false,1,9.90,2.1806,true,1,54185
7290011996017,false,נודלס אטריות תרד טעמי אסיה (454 גרם),טחנת האבן קואופ בעמ,,אטריות תרד 454 גרם,גרמים,454.00,100 גרם,false,1,9.90,2.1806,true,1,54088
7290011996031,false,אטריות ביצים טעמי אסיה (454 גרם),טחנת האבן קואופ בעמ,,אטריות ביצים 454 גרם,גרמים,454.00,100 גרם,false,1,8.90,1.9604,true,1,54099
7290011996062,false,אורז לבן עגול מתאים להכנת סושי,טחנת האבן קואופ בעמ,,"אורז לסושי 1 ק""ג",קילוגרמים,1.00,"ק""ג",false,1,16.90,16.9000,true,1,53972
7290011996123,false,אצות לסושי נורי גולד 10 יחידות,טחנת האבן קואופ בעמ,,דפי אצות ים נורי 10 יח,גרמים,25.00,100 גרם,false,1,11.90,47.6000,true,1,54924
7290011996185,false,חומץ אורז לבן לסושי טעמי אסיה (250 מל),טחנת האבן קואופ בעמ,,"חומץ אורז 250 מ""ל",מיליליטרים,250.00,"100 מ""ל",false,1,8.50,3.4000,true,1,54200
7290011996222,false,מי קוקוס טעמי אסיה (400 מל),טחנת האבן קואופ בעמ,,"חלב קוקוס אסיה 400 מ""ל",מיליליטרים,400.00,"100 מ""ל",false,1,7.80,1.9500,true,1,57862
7290011996277,false,מחצלת עגולה לגלגול סושי,מזרח ומערב יבוא ושיווק,,מחצלת לסושי אסיה,יחידה,1.00,יחידה,false,1,5.90,5.9000,true,1,54625
7290011996499,false,אטריות אורז דקות טעמי אסיה (400 גרם),טחנת האבן קואופ בעמ,,מקלוני אורז דקים 400 גרם,גרמים,400.00,100 גרם,false,1,9.90,2.4750,true,1,54409
7290011996529,false,אטריות אורז 5 סמ טעמי אסיה (400 גרם),טחנת האבן קואופ בעמ,,"אטריות אורז 5 מ""מ 400 גרם",גרמים,400.00,100 גרם,false,1,9.90,2.4750,true,1,54518
7290011996642,false,טעם אסיה שומשום שחור קלוי 100גר,טחנת האבן קואופ בעמ,,שומשום שחור קלוי 100 גרם,גרמים,100.00,100 גרם,false,1,12.90,12.9000,true,1,54221
7290011996703,false,טעם אסיה אצות וקאמה 100גר,טחנת האבן קואופ בעמ,,אצות וואקאמה מיובשות 100 גרם,גרמים,100.00,100 גרם,false,1,12.00,12.0000,true,1,64866
7290011996758,false,קמח טמפורה כשר מזרח ומערב 500 גר`,טחנת האבן קואופ בעמ,,קמח טמפורה 500 גרם,גרמים,500.00,100 גרם,false,1,11.80,2.3600,true,1,73959
7290011996765,false,"אבקה ווסאבי 70 גרם ""אסיה""",טחנת האבן קואופ בעמ,,וואסבי שפורפרת 43 גרם,גרמים,43.00,100 גרם,false,1,10.90,25.3488,true,1,58561
7290011996789,false,פנקו פירורי לחם בסגנון יפני,טחנת האבן קואופ בעמ,,פירורי לחם יפניים פנקו 200 גרם,גרמים,200.00,100 גרם,false,1,8.90,4.4500,true,1,58972
7290011996819,false,"מקלוני אטריות שעועית 250 גרם ""אסיה""",טחנת האבן קואופ בעמ,,אטריות סיניות מקלוני שעועית 250 גרם,גרמים,250.00,100 גרם,false,1,9.90,3.9600,true,1,57129
7290012116612,false,אורביטול מברשת שיניים סופט 4 יח`,החברה הדרומית לשיווק בעמ,CN,אורביטול מברשת שיניים 1/4,לא מנהל יחידת מידה,0.00,לא מנהל יחידת מידה,false,1,13.90,0.0000,true,1,86663
7290012116629,false,תחליב רול און דוחה יתושים לתינוקות ולילדים סנו די,החברה הדרומית לשיווק בעמ,IL,סנו די תחליב דוחה יתושים לתינוקות ולילדים 50 מל,מיליליטרים,50.00,"100 מ""ל",false,1,22.90,45.8000,true,1,58799
7290012117916,false,אינסטלטור נוזל לפתיחת סתימות סנו 1 ליטר,החברה הדרומית לשיווק בעמ,IL,סנו אינסטלטור נוזלי 1 ליטר,ליטרים,1.00,ליטר,false,1,31.90,31.9000,true,1,87129
7290012226120,false,קבנוס זוגלובק (45x3 גרם),נקניק נהריה כשר זוגל,IL,זוגלובק קבנוס 135 גרם,גרמים,135.00,100 גרם,false,1,12.90,9.5556,true,1,70774
7290012226939,false,קבנוס עם צ'ילי חריף זוגלובק 135 גרם,נקניק נהריה כשר זוגל,IL,זוגלובק קבנוס עם צ'ילי חריף 135 גרם,גרמים,135.00,100 גרם,false,1,12.90,9.5556,true,1,75189
7290012227325,false,סלמי דק דק מעושן איטלקי 120 ג' זוגלובק,זוגלובק שיווק בעמ,IL,זוגלובק סלמי מעושן איטלקי 120 גרם דק דק דק,גרמים,120.00,100 גרם,false,1,15.90,13.2500,true,1,116966
7290012227974,false,פסטרמה הודו בדבש טהור דק דק דק,זוגלובק שיווק בעמ,IL,זוגלובק פסטרמה בדבש 120 גרם דק דק דק,גרמים,120.00,100 גרם,false,1,15.90,13.2500,true,1,116968
7290012227981,false,פסטרמה דק דק ברביקיו 120 ג' זוגלובק,זוגלובק שיווק בעמ,IL,זוגלובק פסטרמה ברביקיו 120 גרם דק דק דק,גרמים,120.00,100 גרם,false,1,15.90,13.2500,true,1,116969
7290012227998,false,פסטרמה דק דק חזה בקר 120 ג' זוגלובק,זוגלובק שיווק בעמ,IL,זוגלובק חזה בקר 120 גרם דק דק דק,גרמים,120.00,100 גרם,false,1,15.90,13.2500,true,1,116967
7290012228261,false,נקנקיות קנקרס הודו ועוף ריינהולד'ס זוגלובק 300 ג',זוגלובק שיווק בעמ,IL,זוגלובק נקניקיות הודו פרמיום קנקרס ריינהולד'ס,גרמים,300.00,100 גרם,false,1,19.90,6.6333,true,1,113043
7290012244018,false,עוג.מוס ר.חלב+שוק.לבן1קג,"גידרון תעשיות בע""מ",,עוגת מוס ריבת חלב,יחידה,1.00,יחידה,false,1,69.90,69.9000,true,1,48305
7290012244056,false,עוגת גבינה ופירורים 900ג,"גידרון תעשיות בע""מ",,עוגת מוס פירורים,גרמים,900.00,100 גרם,false,1,69.90,7.7667,true,1,48310
7290012309311,false,ערמונים קלופים ששון הקולה 100 גרם,דין שיווק וקליה 2021 בעמ,,ערמונים מקולפים 105 גרם,גרמים,105.00,100 גרם,false,1,7.90,7.5238,true,1,133923
7290012313264,false,כרוב כבוש קבוצת יבנה,קבוצת יבנה מוצרי מזון אגודה שי,IL,כרוב כבוש 560 גרם יבנה,גרמים,560.00,100 גרם,false,1,9.90,1.7679,true,1,117699
7290012404177,false,"שוופס Fruits תפוח זכוכית 330 מ""ל",יפאורה שותפות מוגבלת לשיווק,IL,"שוופס מוגז פירות תפוחים 330 מ""ל זכוכית",מיליליטרים,330.00,"100 מ""ל",false,1,9.90,3.0000,true,1,62708
7290012525452,false,טילון אקסטרים נוק אאוט שוקו וניל 70ג',נגה גלידות שותפות מוגבלת,IL,אקסטרים טילון שוקו וניל בדצ 24*70גרם-חדש,גרמים,70.00,100 גרם,false,1,10.50,15.0000,true,1,66628
7290012588570,false,ווטר בוקס מי מעיין 5,בוריסטליג' בוטלינג ק,IE,"ווטר בוקס 500 מ""ל",מיליליטרים,500.00,"100 מ""ל",false,1,6.90,1.3800,true,1,134857
7290012724848,false,פטרוזיליה יח בשקית,"מרינה פטריות הגליל בע""מ",IL,פטרוזיליה ארוז ליח,גרמים,70.00,100 גרם,false,1,4.90,7.0000,true,1,95025
7290012759031,false,חטיף אישי בננה פקאן 50 גר' - ממה,טחנת האבן קואופ בעמ,,חטיף אנרגיה בננה ופקאן ממה אישי 50 גרם,גרמים,50.00,100 גרם,false,1,8.50,17.0000,true,1,66750
7290012759635,false,כדורי תמרים וקקאו 5,ממה חטיפי אנרגיה,IL,כדורי תמרים וקקאו 50גרם,גרמים,50.00,100 גרם,false,1,8.90,17.8000,true,1,119675
7290012759727,false,חטיף בראוניז תמר שוקולד פקאן ופולי קקאו 40 גר' - ממה,טחנת האבן קואופ בעמ,IL,חטיף בראוניז פקאן ופולי קקאו 50 גרם,גרמים,50.00,100 גרם,false,1,8.90,17.8000,true,1,124577
7290012759949,false,חטיף אישי חלבון תמר לוז וצ`יה 50 גר`,טחנת האבן קואופ בעמ,IL,מארז חטיף חלבון תמר קרם לוז יה עם חלבון,גרמים,50.00,100 גרם,false,1,10.90,21.8000,true,1,129008
7290012759956,false,חטיף אישי חלבון תמר פקאן וקשיו 50 גר`,טחנת האבן קואופ בעמ,IL,מארז חטיף חלבון תמר פקאן עם חלבון,גרמים,50.00,100 גרם,false,1,10.90,21.8000,true,1,129009
7290012803215,false,טוסו וופל בלגי ללתס בטעם שוקולד 200 גר`,בטר אנד דיפרנט,IL,ופל בלגי בטעם שוקולד 200 גרם,גרמים,200.00,100 גרם,false,1,10.80,5.4000,true,1,84248
7290012823381,false,מקסימה מרכך כביסה מרוכז סנסטיב בייבי סנו 1 ליטר,החברה הדרומית לשיווק בעמ,IL,מקסימה מרכך כביסה סופר מרוכז סנסטיב 1 ליטר,ליטרים,1.00,ליטר,false,1,21.90,21.9000,true,1,67228
7290012823398,false,מטליות חד פעמיות לניקוי הרצפה בניחוח מרכך כביסה 10יח' סנו,החברה הדרומית לשיווק בעמ,IL,"סנו רצפז, מטליות לחות לניקוי הרצפה,970 גרם",יחידה,1.00,יחידה,false,1,16.90,16.9000,true,1,114859
7290012823602,false,נייר טואלט סופט סילק לבן 32 גלילים סנו,החברה הדרומית לשיווק בעמ,IL,נייר טואלט סופט 32 גלילים,מטרים,58800.00,מטר,false,1,35.90,0.0006,true,1,74039
7290012911170,false,מיסו כהה-מחית פולי סויה,טחנת האבן קואופ בעמ,,"מיסו כהה אסיה 500 מ""ל",מיליליטרים,500.00,"100 מ""ל",false,1,13.00,2.6000,true,1,70640
7290012911187,false,מיסו בהיר-מחית פולי סויה,טחנת האבן קואופ בעמ,,"מיסו בהיר אסיה 500 מ""ל",מיליליטרים,500.00,"100 מ""ל",false,1,13.00,2.6000,true,1,71179
7290012911262,false,"מירין משובח 500 מ""ל",טחנת האבן קואופ בעמ,,"מירין משובח 500 מ""ל",מיליליטרים,500.00,"100 מ""ל",false,1,22.30,4.4600,true,1,80002
7290012911293,false,דפי אורז 22 סמ טעמי אסיה (300 גרם)-ללא,טחנת האבן קואופ בעמ,,"דפי אורז 22 ס""מ 300 גרם",גרמים,300.00,100 גרם,false,1,14.90,4.9667,true,1,68956
7290012911415,false,ממרח קארי ירוק טעמי אסיה (400 גרם),קיי אר אס ספייסי פוד,,ממרח קארי ירוק 400 גרם,גרמים,400.00,100 גרם,false,1,18.00,4.5000,true,1,80871
7290012911422,false,ממרח קארי אדום טעמי אסיה (400 גרם),טחנת האבן קואופ בעמ,,ממרח קארי אדום 400 גרם,גרמים,400.00,100 גרם,false,1,18.00,4.5000,true,1,80370
7290012911439,false,"קארי ממרח צהוב 400 גרם ""אסיה""",טחנת האבן קואופ בעמ,,ממרח קארי צהוב 400 גרם,גרמים,400.00,100 גרם,false,1,18.00,4.5000,true,1,80758
7290012911477,false,קרם קוקוס טעמי אסיה (400 מל),אסיאטיק אגרו אינדסטר,,קרם קוקוס גולד 400 גרם,גרמים,400.00,100 גרם,false,1,9.90,2.4750,true,1,77377
7290012911583,false,רצועות דלעת כבושה קנפיו 100גר,טחנת האבן קואופ בעמ,,רצועות דלעת כבושה קנפיו 100 גרם,גרמים,100.00,100 גרם,false,1,12.00,12.0000,true,1,79438
7290012911675,false,פטריות שטאקה טעמי אסיה (85 גרם),טחנת האבן קואופ בעמ,IL,פטריות שיטאקה אסיה 85 גרם,גרמים,85.00,100 גרם,false,1,17.90,21.0588,true,1,87391
7290012911729,false,"ג'ינג'ר ורוד לסושי 250 גרם ""אסיה""",טחנת האבן קואופ בעמ,,גינגר לסושי אסיה 250 גרם,גרמים,250.00,100 גרם,false,1,8.90,3.5600,true,1,86723
7290012911804,false,שמן שומשום טעמי אסיה (150 מל),גואנגדונג גוד טייסט,,"שמן שומשום אסיה 150 מ""ל",מיליליטרים,150.00,"100 מ""ל",false,1,11.00,7.3333,true,1,76658
7290012911866,false,"דפי אורז מרוב עים 22 ס""מ 300 גרם",טחנת האבן קואופ בעמ,,דפי אורז מרובעים 300 גרם,גרמים,300.00,100 גרם,false,1,17.00,5.6667,true,1,89825
7290012921025,false,"בקבוק בירה מלכה בהירה 330 מ""ל",הכרם - משקאות חריפים בעמ,IL,בירה מלכה בהירה 6.5% כוהל 330 מל,מיליליטרים,330.00,"100 מ""ל",false,1,17.90,5.4242,true,1,81328
7290012921032,false,"בקבוק בירה מלכה אדמונית 330 מ""ל",הכרם - משקאות חריפים בעמ,IL,בירה מלכה אדמונית 5.5% כוהל 330 מל,מיליליטרים,330.00,"100 מ""ל",false,1,17.90,5.4242,true,1,81327
7290012962608,false,"צלחות פלסטיק עבות במיוחד 22 ס""מ-לבן 25 יח'",הוסטס Hostess,,"צלחות פלסטיק עבות במיוחד 25 יחידות 22 ס""",לא מנהל יחידת מידה,0.00,לא מנהל יחידת מידה,false,1,16.90,0.0000,true,1,124583
7290012962974,false,כפית מהודרת עבה במיו,F.T.I,,כפית מהודרת עבה במיוחד 50 יחידות,לא מנהל יחידת מידה,0.00,לא מנהל יחידת מידה,false,1,10.90,0.0000,true,1,121104
7290013068361,false,שמן זית אליעד כתית מ,אליעד בית בד בגולן,IL,שמן זית אליעד כתית מעולה 750 מל,מיליליטרים,750.00,"100 מ""ל",false,1,38.90,5.1867,true,1,125191
7290013068699,false,שמן זית כתית מעולה ע,בית הבד,IL,"שמן זית כתית מעולה עשיר אליעד 750מ""ל",מיליליטרים,750.00,"100 מ""ל",false,1,38.90,5.1867,true,1,127331
7290013068705,false,שמן זית ישראלי כתית750מ,אליעד בית בד בגולן,IL,שמן זית כתית מעולה קטיפתי אליעד750 מל,מיליליטרים,750.00,"100 מ""ל",false,1,38.90,5.1867,true,1,127330
7290013092236,false,רני מנטה להקלה בצרבת,פייזר,,רני מנטה,Unknown,0.00,Unknown,false,1,29.90,0.0000,true,1,118042
7290013092571,false,בפנטן פלוס קרם משחה לפצעים וכוויות 30 גר,GP,,בפנטן פלוס משחה,Unknown,0.00,Unknown,false,1,34.90,0.0000,true,1,111249
7290013117212,false,בורקס פילו במילוי גבינה מעדנות 600 גר,תנובה מרכז שיתופי לשיווק תוצרת,IL,בורקס פילו במילוי גבינה 600 גרם,גרמים,600.00,100 גרם,false,1,23.90,3.9833,true,1,64191
7290013117229,false,"בורקס פילו במילוי תפו""א מעדנות 600 גר",תנובה מרכז שיתופי לשיווק תוצרת,IL,"בורקס פילו במילוי תפו""א 600 גרם",גרמים,600.00,100 גרם,false,1,23.90,3.9833,true,1,64192
7290013144393,false,תמצית אפיה בטעם וניל מימונס (50 מל),א.ל. ייצור ושיווק תבלינים בע`מ,IL,מימונס תמצית אפיה בטעם וניל 50 מל,מיליליטרים,50.00,"100 מ""ל",false,1,5.20,10.4000,true,1,79570
7290013144409,false,תמצית אפיה בטעם רום מימונס (50 מל),א.ל. ייצור ושיווק תבלינים בע`מ,IL,מימונס תמצית אפיה בטעם רום 50 מל,גרמים,50.00,100 גרם,false,1,4.90,9.8000,true,1,79571
7290013144416,false,"תמצית בטעם שקדים מימונס 50 מ""ל",א.ל. ייצור ושיווק תבלינים בע`מ,IL,מימונס תמצית אפיה בטעם שקדים 50 מל,גרמים,50.00,100 גרם,false,1,4.90,9.8000,true,1,96924
7290013144508,false,תמצית אפיה בטעם ורדים 50 מל מימונס,א.ל. ייצור ושיווק תבלינים בע`מ,IL,מימונס תמצית אפיה בטעם ורדים 50 מל,גרמים,50.00,100 גרם,false,1,8.90,17.8000,true,1,67635
7290013145024,true,אגוז מלך טחון מימונס,מיוצר עי קונדיטוריית,IL,מימונס אגוז מלך טחון 100 גרם,גרמים,100.00,100 גרם,false,1,15.90,15.9000,true,1,70089
7290013145048,true,צנוברים,מיוצר עי קונדיטוריית,IL,"מיימונס, צנוברים, 100 גרם",Unknown,0.00,Unknown,false,1,27.90,0.0000,true,1,119818
7290013145055,true,פרג שלם,א.ל ייצור ושיווק תבל,IL,פרג שלם,גרמים,100.00,100 גרם,false,1,6.20,6.2000,true,1,119819
7290013145123,true,שקד מולבן פרוס,מיוצר עי קונדיטוריית,IL,מימונס שקד מולבן פרוס 100 גרם,Unknown,0.00,Unknown,false,1,13.90,0.0000,true,1,74218
7290013145178,true,קוקוס טחון לבן,מיוצר עי קונדיטוריית,IL,"מיימונס, קוקוס טחון לבן, 100 גרם",גרמים,100.00,100 גרם,false,1,4.90,4.9000,true,1,119825
7290013145192,true,שומשום,מיוצר עי קונדיטוריית,IL,"מימונס, שומשום, 100% טהור, 100 גרם",גרמים,100.00,100 גרם,false,1,5.20,5.2000,true,1,119826
7290013145628,false,סוכריות צבעוניות לקישוט מימונס 200 גרם,א.ל. ייצור ושיווק תבלינים בע`מ,IL,סוכריות אדומות לקישוט 200גרם,גרמים,200.00,100 גרם,false,1,8.90,4.4500,true,1,119787
7290013145710,false,מיימונס דובדבנים מסוכרים 100 גרם,א.ל. ייצור ושיווק תבלינים בע`מ,IL,דובדבנים מסוכרים לקישוט ואפייה,גרמים,100.00,100 גרם,false,1,9.90,9.9000,true,1,67643
7290013145840,false,סוכר וניל מימונס 10יח בצלופן,א.ל. ייצור ושיווק תבלינים בע`מ,IL,סוכר וניל 10 יח' בצלופן,גרמים,100.00,100 גרם,false,1,2.60,2.6000,true,1,77090
7290013145857,false,אבקת אפיה מימונס 10יח בצלופן,א.ל. ייצור ושיווק תבלינים בע`מ,IL,אבקת אפיה 100 1/10 גר,גרמים,100.00,100 גרם,false,1,2.50,2.5000,true,1,77091
7290013145864,false,אבקת ג'לטין טהור מיימונס 28 גרם,א.ל. ייצור ושיווק תבלינים בע`מ,IL,"ג""לטין טהור אבקה בד""צ 28 גרם",גרמים,28.00,100 גרם,false,1,11.90,42.5000,true,1,85381
7290013145918,false,אבקת סוכר מימונס (100 גרם),א.ל. ייצור ושיווק תבלינים בע`מ,IL,מימונס אבקת סוכר ללא גלוטן 100 גרם,לא מנהל יחידת מידה,0.00,לא מנהל יחידת מידה,false,1,2.00,0.0000,true,1,119808
7290013145949,false,אבקת סוכר אריזת פטנט 250 גרם,א.ל. ייצור ושיווק תבלינים בע`מ,IL,מימונס אבקת סוכר 250 גרם,גרמים,250.00,100 גרם,false,1,16.90,6.7600,true,1,67313
7290013145970,false,קורנפלור מימונס בשקית 200 ג',א.ל. ייצור ושיווק תבלינים בע`מ,IL,"מיימונס, קורנפלור בשקית 200 גרם",גרמים,200.00,100 גרם,false,1,3.90,1.9500,true,1,119809
7290013151209,false,קורנישון מלפפון בחומ,יוניקורן פיקלס,,קורנישון מלפפון בחומץ 690 גרם,גרמים,690.00,100 גרם,false,1,10.90,1.5797,true,1,90757
7290013153432,false,"פריגת סחוט לימונענע 400 מ""ל",היינץ צפון אמריקה מק,IL,"סחוט לימונענע 400 מ""ל",מיליליטרים,400.00,"100 מ""ל",false,1,12.50,3.1250,true,1,110344
7290013215017,false,פטריות זוגות חוות השמפניון,ביכורי השדה צפון 1994 ג.ד. בעמ,,פטריות שמפניון צמד חמד מארז זוג,יחידה,0.00,יחידה,false,1,25.80,0.0000,true,1,129904
7290013268020,false,מקסימה מרכך כביסה מרוכז בניחוח אולטרא פרש סנו 1 ליטר,החברה הדרומית לשיווק בעמ,IL,מקסימה מרכך כביסה מרוכז אולטרא פרש 1 ליטר,ליטרים,1.00,ליטר,false,1,21.90,21.9000,true,1,67479
7290013268242,false,תרכיז ריחני לניקוי רצפות בריח מלון מפנק ריצפז פרש,החברה הדרומית לשיווק בעמ,IL,נוזל רצפות פרש הום מלון מפנק,ליטרים,2.00,ליטר,false,1,23.90,11.9500,true,1,126134
7290013268884,false,"נוזל רצפות מאסק 2 ליטר ""ריצפז פרש""",החברה הדרומית לשיווק בעמ,IL,ריצפז פרש ניחוח מאסק 2 ליטר,ליטרים,2.00,ליטר,false,1,22.90,11.4500,true,1,71241
7290013268891,false,אוקסיג'ן ג'ל ללא אקונומיקה עם חמצן פעיל סנו 3 ליטר,החברה הדרומית לשיווק בעמ,IL,ג'ל אוקסיג'ן ללא אקונומיקה 3 ליטר,ליטרים,3.00,ליטר,false,1,34.60,11.5333,true,1,75041
7290013269287,false,סנו - מקסימה ג'ל כביסה מרוכז מאסק 3 ליטר,החברה הדרומית לשיווק בעמ,IL,מקסימה ג'ל כביסה מרוכז מאסק 3 ליטר,ליטרים,3.00,ליטר,false,1,35.90,11.9667,true,1,82373
7290013269447,false,סנו סושי אטבי כביסה פרימיום,,,סושי אטבים פרימיום,ליטרים,2.00,ליטר,false,1,9.90,4.9500,true,1,109445
7290013269638,true,ספוג הפלא אקסטרא,טרופיקל דגיל תעשיות,US,סנו סושי - ספוג הפלא EXTRA,יחידה,1.00,יחידה,false,1,13.80,13.8000,true,1,108840
7290013269911,false,"סנו K-333 קוטל חרקים ללא ריח 750מ""ל",החברה הדרומית לשיווק בעמ,IL,K-333,מיליליטרים,750.00,"100 מ""ל",false,1,27.60,3.6800,true,1,84664
7290013310576,false,"כוסות נייר 240-8BOZמ""ל שתיה חם/קר הוסטס 50 יח'",ACSP,CN,כוסות נייר 8 לשתייה חמה 50יח 240מל,יחידה,1.00,יחידה,false,1,11.90,11.9000,true,1,131243
7290013358356,false,פירורי לחם מוזהבים מאסטר שף (320גרם),ש. שסטוביץ בע`מ,IL,פירורי לחם מוזהבים 350 גרם מאסטר שף,גרמים,300.00,100 גרם,false,1,8.50,2.8333,true,1,81409
7290013358363,false,מאסטר שף פרורי לחם פנקו עבים בסגנון יפני 300 גר,קריניציה ויטמינה אס,IL,פירורי לחם יפנים פנקו 300 גרם,גרמים,300.00,100 גרם,false,1,10.10,3.3667,true,1,81363
7290013358370,false,פנקו פירורי לחם מאסטר שף בטעם שום 300 גרם,"מיוצר ע""י מנה י.א בע",IL,פירורי לחם יפנים טעם שום 300 גרם,גרמים,300.00,100 גרם,false,1,10.10,3.3667,true,1,81364
7290013358417,false,מאסטר שף אסייאתי רוטב טריאקי 300 מל כשלפ,קריניציה ויטמינה אס,TH,מאסטר שף רוטב טריאקי אסייאתי 300 מל,מיליליטרים,300.00,"100 מ""ל",false,1,13.90,4.6333,true,1,109352
7290013358431,false,מאסטר שף קרוטונים לסלט עגבניות ובזיליקום,עינת תעשיות מזון אגו,IL,מאסטר שף קרוטונים לסלט עגבניות בזיל 200ג,גרמים,200.00,100 גרם,false,1,14.90,7.4500,true,1,94770
7290013358462,false,"מיני קרוטונים למרק בתיבול שום, בצל ופטרוזיליה","עינת תעשיות מזון, אגשח ב",IL,"מאסטר שף, מיני קרוטונים למרק, 350 גרם",גרמים,350.00,100 גרם,false,1,19.70,5.6286,true,1,94771
7290013358486,false,מאסטר שף פירורים מוזהבים ללא צורך בביצה 300 ג,"מיוצר ע""י מנה י.א בע",IL,פירורי לחם ללא צורך בביצה 300 גרם,גרמים,300.00,100 גרם,false,1,8.90,2.9667,true,1,100028
7290013358516,false,"מיקסלט חמוציות, גרעינים, קטניות ואגוזים",ש. שסטוביץ בע`מ,IL,מיקסלט עם חמוציות 200 גרם,גרמים,200.00,100 גרם,false,1,14.90,7.4500,true,1,101133
7290013358523,false,מאסטר שף שבבי בצל מטוגן 150 גרם,קריניציה ויטמינה אס,NL,מאסטר שף שבבי בצל מטוגן 150 גרם,גרמים,150.00,100 גרם,false,1,14.80,9.8667,true,1,101841
7290013358530,false,מאסטר שף אסייאתי רוטב צ'ילי מתוק 700 מל כשלפ,קריניציה ויטמינה אס,TH,מאסטר שף רוטב צ'ילי מתוק 700 מל,מיליליטרים,700.00,"100 מ""ל",false,1,15.90,2.2714,true,1,109149
7290013440648,false,מאגדת שלגוני אבטיח נסטלה 5 יחידות,נגה גלידות שותפות מוגבלת,IL,שלגוני אבטיח מארז 5 יחידות,גרמים,540.00,100 גרם,false,1,29.90,5.5370,true,1,83400
7290013585233,false,"ספרייט זירו פחית סליק 330 מ""ל",החברה המרכזית להפצת משקאות בעמ,IL,"גזוז בטעם לימון ליים דל קלוריות 330 מ""ל",מיליליטרים,330.00,"100 מ""ל",false,1,8.50,2.5758,true,1,106094
7290013608260,false,מיץ רימונים 100%מיץ סחוט טרי מצונן 1ליט,שטראוס גרופ בעמ/מצונן,IL,7290068700001,ליטרים,1.00,ליטר,false,1,28.50,28.5000,true,1,99779
7290013683595,false,עוגת פס שביל החלב 600 גר,"גידרון תעשיות בע""מ",,עוגת פס שביל חלב,יחידה,1.00,יחידה,false,1,44.90,44.9000,true,1,82473
7290013702418,false,"שוופס מוגז עדין אפרסק זכוכית 330 מ""ל",יפאורה תבורי בעמ,IL,"שוופס מוגז עדין אפרסק 330 מ""ל זכוכית",מיליליטרים,330.00,"100 מ""ל",false,1,9.90,3.0000,true,1,112997
7290013702425,false,"שוופס מוגז עדין פירות יער זכוכית 330 מ""ל",יפאורה תבורי בעמ,IL,"שוופס מוגז עדין פירות יער 330 מ""ל זכוכית",מיליליטרים,330.00,"100 מ""ל",false,1,9.90,3.0000,true,1,112998
7290013702708,false,"שוופס מוגז עדין אננס זכוכית 330 מ""ל",יפאורה תבורי בעמ,IL,"שוופס מוגז עדין אננס 330 מ""ל זכוכית",מיליליטרים,330.00,"100 מ""ל",false,1,9.90,3.0000,true,1,113932
7290013906052,false,נקניקיות פרגיות טירת צבי 300 גרם,תנובה מרכז שיתופי לשיווק תוצרת,IL,נקניקיות פרגיות 300 גרם,גרמים,300.00,100 גרם,false,1,15.90,5.3000,true,1,83876
7290013906441,false,קבנוס טירת צבי 120 גרם,תנובה מרכז שיתופי לשיווק תוצרת,IL,קבנוס נקניק מעושן יבש 120 גרם,גרמים,120.00,100 גרם,false,1,13.90,11.5833,true,1,93843
7290013906458,false,קבנוס בטעם פיקנטי טירת צבי 120 גרם,תנובה מרכז שיתופי לשיווק תוצרת,IL,טירת צבי קבנוס פיקנטי נקניק מעושן יבש 120 גרם,גרמים,120.00,100 גרם,false,1,13.90,11.5833,true,1,97412
7290013906489,false,חטיפי מיני קבנוס טירת צבי 120 גרם,תנובה מרכז שיתופי לשיווק תוצרת,IL,טירת צבי חטיפי מיני קבנוס 120 גרם,גרמים,120.00,100 גרם,false,1,13.90,11.5833,true,1,97413
7290013906519,false,פרושוטו בקר טירת צבי 100 גרם,תנובה מרכז שיתופי לשיווק תוצרת,IL,פרושוטו בקר 100 גרם,גרמים,100.00,100 גרם,false,1,29.90,29.9000,true,1,101732
7290013971203,false,מכונת תספורת BLIZZARD-HC-100,פוגיקום בעמ,,מכונת תספורת BLIZZARD,יחידה,1.00,יחידה,false,1,139.90,139.9000,true,1,96474
7290013971555,false,סוללות 12יח מעורב פוגיקום,פוגיקום בעמ,,מארז פוגיקום 8+4,לא מנהל יחידת מידה,0.00,לא מנהל יחידת מידה,false,1,19.90,0.0000,true,1,96472
7290014002203,false,חליטת לימונית ולואיזה הגן הקסום ויסוצקי 25 יחידות,תה ויסוצקי (ישראל) בעמ,IL,חליטת לימונית לואיזה - הגן הקסום,גרמים,37.00,100 גרם,false,1,19.90,53.7838,true,1,87393
7290014046436,false,נשנושי קבנוס יחיעם (125 גרם),מעדני יחיעם ( 1993 ) בע`מ,IL,יחיעם נשנושי קבנוס 125 גרם,גרמים,125.00,100 גרם,false,1,14.90,11.9200,true,1,90799
7290014079014,false,לבבות קיסר ארוז נספק,"מרינה פטריות הגליל בע""מ",IL,חסה לבבות קיסר,גרמים,300.00,100 גרם,false,1,12.90,4.3000,true,1,94861
7290014079236,false,פטריות פורטובלה מיני סלסלה,קונס`-מרינה פטריות הגליל בעמ*ש,IL,פטריות חורש מיני ארוז,יחידה,1.00,יחידה,false,1,10.90,10.9000,true,1,108782
7290014217003,false,פפריקה מעושנת בקופ' 90 גר' טעם וריח,"תבליני טעם וריח בע""מ",IL,"תבליני טעם וריח, פפריקה בטעם מעושן, 90 גרם",גרמים,90.00,100 גרם,false,1,10.90,12.1111,true,1,86636
7290014217010,false,דגים T130 -BUL בקופ' 90 גר' טעם וריח,"תבליני טעם וריח בע""מ",IL,"תבליני טעם וריח T-BUL תערובת תיבול לדגים, 90 גרם",גרמים,90.00,100 גרם,false,1,15.90,17.6667,true,1,86207
7290014217027,false,עוף T130 -BUL בקופ' 120 גר' טעם וריח,"תבליני טעם וריח בע""מ",IL,"תבליני טעם וריח T-BUL תערובת תיבול לעוף, 120 גרם",גרמים,120.00,100 גרם,false,1,15.90,13.2500,true,1,87658
7290014217065,false,אורגנו עלים בקופ' 30 גר' טעם וריח,"תבליני טעם וריח בע""מ",IL,תבליני טעם וריח אורגנו 100% 30 גרם,Unknown,0.00,Unknown,false,1,10.90,0.0000,true,1,86088
7290014217119,false,תערובת לצ'יפס בקופ' 100 גר' טעם וריח,"תבליני טעם וריח בע""מ",IL,"תבליני טעם וריח תערובת תיבול לצ'יפס, 100 גרם",Unknown,0.00,Unknown,false,1,10.90,0.0000,true,1,102980
7290014217140,false,"מיכל ראס אל חנות 100 גר' ""טעם וריח""","תבליני טעם וריח בע""מ",IL,תבליני טעם וריח ראס אל חנות 100 גרם,גרמים,100.00,100 גרם,false,1,10.90,10.9000,true,1,102983
7290014217157,false,תיבול טוסקנה בקופ' 120 גר' טעם וריח,"תבליני טעם וריח בע""מ",IL,תבליני טעם וריח תערובת תיבול טוסקנה 120 גרם,גרמים,120.00,100 גרם,false,1,10.90,9.0833,true,1,102984
7290014217164,false,תבלין פטרוזיליה מיכל גדול 20 ג',"תבליני טעם וריח בע""מ",IL,תבליני טעם וריח פטרוזיליה 100% 20 גרם,גרמים,20.00,100 גרם,false,1,10.90,54.5000,true,1,102985
7290014217171,false,תערובת תיבול תיבול גריל דג מיכל 100ג',"תבליני טעם וריח בע""מ",IL,תבליני טעם וריח תערובת תיבול גריל דג 100 גרם,Unknown,0.00,Unknown,false,1,10.90,0.0000,true,1,102986
7290014217201,false,"תערובת תיבול סומק 45 גרם ""טעם וריח""","תבליני טעם וריח בע""מ",IL,תבליני טעם וריח מיכל קטן סומק 45 גרם,גרמים,45.00,100 גרם,false,1,7.50,16.6667,true,1,120839
7290014217225,false,גריל עוף בקופ' 120 גר' טעם וריח,"תבליני טעם וריח בע""מ",IL,"תבליני טעם וריח, תערובת תיבול גריל עוף, 120 גרם",גרמים,120.00,100 גרם,false,1,10.90,9.0833,true,1,99017
7290014217263,false,תיבול לפרגית בקופ' 100 גר' טעם וריח,"תבליני טעם וריח בע""מ",IL,"תבליני טעם וריח תערובת תיבול לפרגיות, 100 גרם",גרמים,100.00,100 גרם,false,1,10.90,10.9000,true,1,111261
7290014217362,false,תיבול לקציצות בקופ' 100 גר' טעם וריח,"תבליני טעם וריח בע""מ",IL,תבליני טעם וריח תערובת תיבול לקציצות 100 גרם,Unknown,0.00,Unknown,false,1,10.90,0.0000,true,1,99358
7290014217492,false,תיבול פילדלפיה בקופ' 100 גר' טעם וריח,"תבליני טעם וריח בע""מ",IL,תבליני טעם וריח תערובת תיבול פילדלפיה 100 גרם,גרמים,100.00,100 גרם,false,1,10.90,10.9000,true,1,123076
7290014218932,false,חטיפי פיצה בתוספ זיתים בשקית מעדנות 710 גרם,מיוצר עי קונדיטוריית,IL,חטיפי פיצה בתוספת זיתים בשקית 710 גרם,גרמים,710.00,100 גרם,false,1,34.90,4.9155,true,1,123263
7290014369689,false,"מארז שלוקים 315 מ""ל",גלידת אילו,IL,"מארז שלוקים 315 מ""ל מוגו",מיליליטרים,315.00,"100 מ""ל",false,1,22.90,7.2698,true,1,131333
7290014397835,false,סנו - מט דוחה יתושים נוזלי מכשיר + מילוי 45 לילות,החברה הדרומית לשיווק בעמ,IT,סמארט מכשיר+מילוי 45 לילות,לא מנהל יחידת מידה,0.00,לא מנהל יחידת מידה,false,1,39.90,0.0000,true,1,105989
7290014435704,false,סלמון מעושן פרוס 100ג(שמיר),שבעת הימים - שמיר,,סלמון מעושן 100 גרם,גרמים,100.00,100 גרם,false,1,27.90,27.9000,true,1,132048
7290014435803,false,מטיאס הולנדי (פרובנציאל) עם בצל בשמן 180 גרם,שבעת הימים - שמיר,,מטיאס הולנדי עם בצל בשמן 180 גרם,גרמים,180.00,100 גרם,false,1,21.90,12.1667,true,1,96722
7290014435810,false,נתחי הרינג כבוש עם בצל במרינת חמוץ מתוק שמיר 220 גרם,שבעת הימים - שמיר,,הרינג כבוש עם בצל 180 גרם,גרמים,180.00,100 גרם,false,1,21.90,12.1667,true,1,96724
7290014435834,false,מקרל מעושן פרוס בשמן שמיר 180 גרם,שבעת הימים - שמיר,,מקרל מעושן פרוס בשמן 180 גרם,גרמים,180.00,100 גרם,false,1,28.90,16.0556,true,1,96721
7290014455245,false,גבינת גרנה פדנו משולש 29% 200 גרם בית יוסף,מחלבות גד שיווק 1992 בעמ,IT,גד גרנה פדנו גבינה קשה 29% שומן,גרמים,200.00,100 גרם,false,1,27.90,13.9500,true,1,109927
7290014455252,false,גבינת גרנה פדנו מגורדת 29% גד (100 גרם),מחלבות גד שיווק 1992 בעמ,IT,גד גרנה פדנו גבינה קשה מגוררדת 29% שומן,גרמים,100.00,100 גרם,false,1,14.90,14.9000,true,1,109929
7290014466128,false,"יין הר חרמון אינדיגו 750 מ""ל",מיוצר וממולא על ידי יקב,IL,"יין הר חרמון אינדיגו 750 מ""ל",מיליליטרים,750.00,"100 מ""ל",false,1,45.90,6.1200,true,1,87838
7290014466463,false,הר חרמון מוסקט יקב רמת הגולן (750 מל),היכל היין שקד גולן בעמ,IL,"הר חרמון מוסקטו 2020 750 מ""ל",מיליליטרים,750.00,"100 מ""ל",false,1,45.90,6.1200,true,1,93628
7290014466609,false,יין גמלא מרלו עברית 2018*,היכל היין שקד גולן בעמ,IL,"גמלא השמורה מרלו 2016 יין אדום יבש, 750 מל",מיליליטרים,750.00,"100 מ""ל",false,1,79.90,10.6533,true,1,110282
7290014472136,false,גרעין שחור קלוי ששון הקולה (150 גרם),דין שיווק וקליה 2021 בעמ,IL,גרעין שחור קלוי 150גרם,גרמים,150.00,100 גרם,false,1,7.90,5.2667,true,1,131848
7290014581036,false,"פחם למנגל הלהבה כ2- ק""ג",פחם קוואנגו סחר בעמ,,"פחם להבה 2 ק""ג",קילוגרמים,2.00,"ק""ג",false,1,16.90,8.4500,true,1,106839
7290014603028,false,שלגון סולרו שרבט תות-חלבי,"מיוצר ע""י גלידת שטרא",IL,שלגון סולרו וניל ציפוי תות,גרמים,76.00,100 גרם,false,1,12.90,16.9737,true,1,89072
7290014648906,false,LA BELLEמסיר לק מהציפורניים 100 מל,פארמה דיל (פ.א.ב.) שיווק והפצה,IL,"אציטון לה בל 100 מ""ל",מיליליטרים,100.00,"100 מ""ל",false,1,5.90,5.9000,true,1,127337
7290014692565,false,גרעיני תירס מתוק וילי פוד (320 גרם),ג.וילי-פוד אינטרנשיונל בעמ,HU,ויליפוד גרעיני תירס מתוק 320 גרם,גרמים,320.00,100 גרם,false,1,6.50,2.0313,true,1,109159
7290014738652,false,"ערק ערנבים 700 מ""ל",אליס בראנפמן,IL,"ערק ערנבים 700 מ""ל",מיליליטרים,700.00,"100 מ""ל",false,1,79.90,11.4143,true,1,133778
7290014749245,false,ספיישל רצועות שניצל שומשום עוף טוב 600 גרם,קבוצת אוסם סחר שותפות מוגבלת,IL,עוף טוב ספיישל רצועות שניצל שמשם.12*600ג,גרמים,600.00,100 גרם,false,1,39.90,6.6500,true,1,126621
7290014758148,false,פרוסות גבינה 22% שומן 400 ג' גלבוע,תנובה - חלב,IL,"גלבוע פרוסות גבינה חצי קשה, 22% שומן",גרמים,400.00,100 גרם,false,1,24.90,6.2250,true,1,88607
7290014758162,false,חלב עיזים מלא 3.6% שומן תנובה (1 ליטר),תנובה מרכז שיתופי לש,IL,חלב עיזים קרטון 1 ליטר,ליטרים,1.00,ליטר,false,1,17.90,17.9000,true,1,92462
7290014758681,false,גבינת קוטג`1% בגביע תנובה (250 גרם),מיוצר עי קונדיטוריית,IL,קוטג 1% תנובה 250 גרם,גרמים,250.00,100 גרם,false,1,5.80,2.3200,true,1,89413
7290014759978,false,קצ`קאבל פלח גלעד 200 גר`קולקשיין תנובה,"תנובה בע""מ ***",IL,גלעד גבינת קצ'קבל מחלב כבשים 28% שומן,גרמים,200.00,100 גרם,false,1,28.90,14.4500,true,1,95743
7290014759985,false,פרמזן פלח גבע 23% 200 גר`קולקשיין תנובה,תנובה - חלב,IL,פרמזן פלח 200 גרם קולקשיין,גרמים,200.00,100 גרם,false,1,27.90,13.9500,true,1,95744
7290014759992,false,פלח רוקפור גליל 26% 140 גר`קולקשיין תנו,"תנובה, מחלבת תל יוסף",IL,גבינת רוקפור פלח 140 גרם קולקשיין,גרמים,140.00,100 גרם,false,1,20.90,14.9286,true,1,95347
7290014760141,true,משקה שקדים טרי 1 ליט,תות תעשיות מזון (201,IL,משקה שקדים טרי 1 ליטר,ליטרים,1.00,ליטר,false,1,13.90,13.9000,true,1,108557
7290014761056,false,מעדן שוקולד חלב יולו תנובה 123 גרם,מיוצר עי קונדיטוריית,IL,YOLO מעדן שוקולד חלב מעולה 123 גרם,גרמים,123.00,100 גרם,false,1,5.20,4.2276,true,1,102713
7290014761414,false,יולו מעדן שכבות שוקולד חלב ולבן 123 גר,מיוצר עי קונדיטוריית,IL,YOLO מעדן שכבות שוקולד חלב ולבן 122 גרם,גרמים,123.00,100 גרם,false,1,5.20,4.2276,true,1,102716
7290014762756,false,גבינת שמנת נפוליאון 16% עם בצל תנובה 225 גרם,תנובה - חלב,IL,גבינת שמנת נפוליאון בצל 200 גרם,גרמים,200.00,100 גרם,false,1,15.90,7.9500,true,1,110795
7290014762800,false,מעדן סויה שוקולד גביע 125 גרם אלטרנטיב,תנובה מרכז שיתופי לש,IL,תנובה מעדן סויה שוקולד 2% שומן 125 גרם,גרמים,125.00,100 גרם,false,1,4.50,3.6000,true,1,114871
7290014762831,false,גבינת שמנת נפוליאון 16% עם פלפל חלפיניו תנובה 225 גרם,תנובה מרכז שיתופי לש,IL,גבינת נפוליאון 24% חלפיניו 225 גרם,גרמים,225.00,100 גרם,false,1,15.90,7.0667,true,1,114879
7290014762909,false,פתיתי מוצרלה השף הלבן 10% תוספת מתנה,"תנובה, מחלבת תל יוסף",IL,פתיתי מוצרלה 10% תוספת השף הלבן,גרמים,200.00,100 גרם,false,1,18.90,9.4500,true,1,111363
7290014791664,false,שישיה מי עדן אישי פקק רגיל 500 מל,יפאורה שותפות מוגבלת לשיווק,IL,שישיית מים 0.5 ליטר,ליטרים,3.00,ליטר,false,6,15.90,5.3000,true,1,133439
7290014821057,false,כבל אלומיניום AUX,ארטוס,,כבל AUX - אלומניום,לא מנהל יחידת מידה,0.00,לא מנהל יחידת מידה,false,1,29.90,0.0000,true,1,125893
7290014821064,false,כבל סנכרון אלומניום גלקסי 2 מטר,ארטוס,,כבל גלקסי 2 מטר,יחידה,1.00,יחידה,false,1,29.90,29.9000,true,1,125929
7290014821088,false,כבל אייפון מאושר אפל,,,כבל אייפון מאושר אפל 2.1,יחידה,1.00,יחידה,false,1,49.90,49.9000,true,1,125892
7290014821095,false,מטען רכב אייפון מאוש,,,מטען רכב אייפון מאושר אפל 2.1,יחידה,1.00,יחידה,false,1,79.90,79.9000,true,1,125921
7290014821118,false,מעמד אופנתי לסלולר שחור,,,מעמד אופנתי לסלולר שחור creative dash 1,יחידה,1.00,יחידה,false,1,99.90,99.9000,true,1,125925
7290014821347,false,אוזניות מיקרופות איכ,ארטוס,,אוזניות PURE-METAL,יחידה,1.00,יחידה,false,1,49.90,49.9000,true,1,125918
7290014821507,false,מטען קיר אייפון מאוש,,,מטען קיר אייפון מאושר אפל 2.1,יחידה,1.00,יחידה,false,1,79.90,79.9000,true,1,125922
7290014821569,false,כבל סנכרון אלומניום אייפון 6 2 מטר,ארטוס,,כבל אייפון 2 מטר,יחידה,1.00,יחידה,false,1,39.90,39.9000,true,1,125914
7290014974562,false,גביעי גלידה רגיל טילון עלמה גילרו 24 יח',"א.ג גילרו בע""\מ",IL,עלמה גביעי טילון 24 יח',גרמים,120.00,100 גרם,false,1,9.90,8.2500,true,1,113737
7290014974784,false,בצק סוכר לעיטוף עוגה צבע לבן 750 גר`,רזיט שיווק בעמ,,בצק סוכר לעיטוף עוגה בצבע לבן 750 גרם,גרמים,750.00,100 גרם,false,1,19.90,2.6533,true,1,114361
7290014974876,true,רולים ללא גלוטן בטעם,גילרו,IL,רולים ללא גלוטן בטעם אגוז 40,גרמים,40.00,100 גרם,false,1,8.90,22.2500,true,1,119077
7290015009003,false,מונטנייר חומץ יין לבן 500מל,מנדלז סי.אר. פרודקשן,ES,דניאל חומץ בן יין לבן 500 מל,מיליליטרים,500.00,"100 מ""ל",false,1,18.70,3.7400,true,1,97350
7290015009027,false,"חומץ בלסמי 500 מ""ל ""daniel""",ר. צ'צ'יק,ES,חומץ בלסמי חומציות 6%,מיליליטרים,500.00,"100 מ""ל",false,1,22.90,4.5800,true,1,98212
7290015009041,false,"חומץ תפוחים 500 מ""ל ""daniel""",מנדלז סי.אר. פרודקשן,ES,דניאל חומץ תפוחים 500 מל,מיליליטרים,500.00,"100 מ""ל",false,1,21.90,4.3800,true,1,100282
7290015009225,false,"ריבת חלב מקורים 450 גרם ""DANIEL""",קארו,,ריבת חלב מקורית דניאל 450 גרם,גרמים,450.00,100 גרם,false,1,19.90,4.4222,true,1,113447
7290015009294,false,גבינת פרמיזאנו רזאנו170ג,ביג גראנה,IT,"גבינת פרמיזאנו ראזאנו,גבינה קשה 28.4% שומן",גרמים,170.00,100 גרם,false,1,31.90,18.7647,true,1,114071
7290015009508,false,סירופ מייפל טהור 250 מל,דרק אמבר,US,סירופ מייפל טהור זכוכית דרק אמבר250 מל,מיליליטרים,250.00,"100 מ""ל",false,1,39.90,15.9600,true,1,131200
7290015039253,false,עלי גפן במי מלח ויליפוד 620 גרם,ג. וילי-פוד אינטרנשיונל בע`מ,TR,ויליפוד עלי גפן במי מלח 620 גרם,גרמים,620.00,100 גרם,false,1,12.90,2.0806,true,1,98571
7290015193559,false,מעדני המלך אובלטים מלוחים 300 גרם,אם החיטה,,אובלטים דקיקים מלוחים 300 גרם,גרמים,300.00,100 גרם,false,1,14.90,4.9667,true,1,113707
7290015193566,false,מעדני המלך אובלטים שומשום 300 גרם,אם החיטה,,אובלטים דקיקים שומשום 300 גרם,גרמים,300.00,100 גרם,false,1,14.90,4.9667,true,1,113708
7290015193634,false,אובלטים דקיקים קימל מעדני המלך 300 גר',אם החיטה,,אובלטים קימל 300 גרם,גרמים,300.00,100 גרם,false,1,12.90,4.3000,true,1,115735
7290015193832,false,קרקר עם שומשום ארומה 300 גרם,רזיט שיווק בעמ,IL,קרקר עם שומשום ארומה 300 גרם,גרמים,300.00,100 גרם,false,1,8.50,2.8333,true,1,123578
7290015193849,false,קרקר עם מלח ארומה 300 גרם,רזיט שיווק בעמ,IL,קרקר עם מלח ארומה 300 גרם,גרמים,300.00,100 גרם,false,1,8.50,2.8333,true,1,123579
7290015282390,false,סלט תורכי 200 גרם שמיר,"סלטי שמיר 2006 בע""מ",IL,סלט תורכי-גורמה,גרמים,200.00,100 גרם,false,1,14.90,7.4500,true,1,117849
7290015282581,false,חומוס אבו גוש עם חריף שמיר 200 גרם,"סלטי שמיר 2006 בע""מ",IL,חומוס עם חריף 200 גרם,גרמים,200.00,100 גרם,false,1,13.90,6.9500,true,1,114432
7290015282598,false,חומוס מסעדות גורמה שמיר 200 גרם,"סלטי שמיר 2006 בע""מ",IL,חומוס מסעדות 200 גרם,גרמים,200.00,100 גרם,false,1,13.90,6.9500,true,1,117833
7290015282604,false,טחינה מיוחדת גורמה שמיר 200 גרם,"סלטי שמיר 2006 בע""מ",IL,טחינה מיוחדת 200 גרם,גרמים,200.00,100 גרם,false,1,13.90,6.9500,true,1,114434
7290015282628,false,חציל בטעם כבד גורמה שמיר 200 גרם,"סלטי שמיר 2006 בע""מ",IL,חציל בטעם כבד 200 גרם,גרמים,200.00,100 גרם,false,1,14.90,7.4500,true,1,117839
7290015282635,false,חומוס מסבחה גורמה שמיר 200 גרם,"סלטי שמיר 2006 בע""מ",IL,חומוס מסבחה 200 גרם,גרמים,200.00,100 גרם,false,1,13.90,6.9500,true,1,132052
7290015282642,false,חומוס אבו גוש גורמה שמיר 200 גרם,"סלטי שמיר 2006 בע""מ",IL,חומוס אבו גוש 200 גרם,גרמים,200.00,100 גרם,false,1,13.90,6.9500,true,1,117834
7290015282673,false,חציל במיונז ביתי גורמה שמיר 200 גרם,"סלטי שמיר 2006 בע""מ",IL,חציל במיונז ביתי 200 גרם,גרמים,200.00,100 גרם,false,1,13.90,6.9500,true,1,114433
7290015282680,false,קישוא בטעם כבד גורמה שמיר 200 גרם,"סלטי שמיר 2006 בע""מ",IL,קישוא בטעם כבד 200 גרם,גרמים,200.00,100 גרם,false,1,14.90,7.4500,true,1,132053
7290015282697,false,כרוב אדום שמיר גורמה 200גר,"סלטי שמיר 2006 בע""מ",IL,כרוב אדום 200 גרם,גרמים,200.00,100 גרם,false,1,14.90,7.4500,true,1,117853
7290015282710,false,קוביות סלק גורמה שמיר 200 גרם,"סלטי שמיר 2006 בע""מ",IL,קוביות סלק 200 גרם,גרמים,200.00,100 גרם,false,1,13.90,6.9500,true,1,117851
7290015282727,false,גזר מרוקאי ברוטב פיקנטי אסלי שמיר 200 ג',"סלטי שמיר 2006 בע""מ",IL,גזר מרוקאי פיקנטי 200 גרם,גרמים,200.00,100 גרם,false,1,14.90,7.4500,true,1,117832
7290015282734,false,מטבוחה ביתית גורמה שמיר 200 גרם,"סלטי שמיר 2006 בע""מ",IL,מטבוחה ביתית-גורמה,גרמים,200.00,100 גרם,false,1,14.90,7.4500,true,1,117850
7290015282741,false,חציל תאילנדי אסלי שמיר 200 ג',"סלטי שמיר 2006 בע""מ",IL,חציל תאילנדי 200 גרם,גרמים,200.00,100 גרם,false,1,14.90,7.4500,true,1,117837
7290015282758,false,סלט תירס 200גרם גורמה,"סלטי שמיר 2006 בע""מ",IL,סלט תירס 200 גרם,גרמים,200.00,100 גרם,false,1,14.90,7.4500,true,1,117841
7290015282796,false,"סלט תפו""א שמיר במיונז 200ג'","סלטי שמיר 2006 בע""מ",IL,תפוחי אדמה 200 שמיר,גרמים,200.00,100 גרם,false,1,14.90,7.4500,true,1,117838
7290015324007,false,פלפל שחור גרוס 80 גר' טעם וריח,"תבליני טעם וריח בע""מ",IL,"תבליני טעם וריח, 100% פלפל שחור גרוס, 80 גרם",גרמים,80.00,100 גרם,false,1,11.90,14.8750,true,1,97621
7290015324014,false,"פלפל שחור טחון בשקית 80 גרם ""טעם וריח""","תבליני טעם וריח בע""מ",IL,"תבליני טעם וריח, 100% פלפל שחור טחון, 80 גרם",גרמים,80.00,100 גרם,false,1,11.90,14.8750,true,1,97622
7290015324038,false,פפריקה מתוקה בשמן 100 גרם טעם וריח,"תבליני טעם וריח בע""מ",IL,פפריקה בשמן 80 גרם,גרמים,80.00,100 גרם,false,1,6.90,8.6250,true,1,97623
7290015324045,false,תבלין פפריקה חריפה 80 גר' שק',"תבליני טעם וריח בע""מ",IL,"תבליני טעם וריח, 100% פפריקה חריפה, 80 גרם",גרמים,80.00,100 גרם,false,1,6.90,8.6250,true,1,97624
7290015324052,false,פפריקה מתוקה 80 גר' טעם וריח,"תבליני טעם וריח בע""מ",IL,"תבליני טעם וריח, 100% פפריקה מתוקה, 80 גרם",גרמים,80.00,100 גרם,false,1,6.90,8.6250,true,1,97625
7290015324069,false,גריל עוף 80 גר' טעם וריח,"תבליני טעם וריח בע""מ",IL,"תבליני טעם וריח, תערובת תיבול גריל עוף, 80 גרם",גרמים,80.00,100 גרם,false,1,6.90,8.6250,true,1,97626
7290015324076,false,זעתר מעורב 80 גר' טעם וריח,"תבליני טעם וריח בע""מ",IL,"תבליני טעם וריח, תערובת תיבול זעתר, 80 גרם",גרמים,80.00,100 גרם,false,1,6.90,8.6250,true,1,97651
7290015324083,false,מלח לימון 80 גר' טעם וריח,"תבליני טעם וריח בע""מ",IL,"תבליני טעם וריח, 100% מלח לימון, 80 גרם",גרמים,80.00,100 גרם,false,1,6.90,8.6250,true,1,97627
7290015324090,false,כמון טחון 80 גר' טעם וריח,"תבליני טעם וריח בע""מ",IL,"תבליני טעם וריח, 100% כמון מזרחי, 80 גרם",גרמים,80.00,100 גרם,false,1,6.90,8.6250,true,1,97628
7290015324106,false,כורכום טחון 80 גר' טעם וריח,"תבליני טעם וריח בע""מ",IL,"תבליני טעם וריח, 100% כורכום, 80 גרם",גרמים,80.00,100 גרם,false,1,6.90,8.6250,true,1,97629
7290015324120,false,שום גבישי 80 גר' טעם וריח,"תבליני טעם וריח בע""מ",IL,תבליני טעם וריח שום גבישי 80 גרם,גרמים,80.00,100 גרם,false,1,6.90,8.6250,true,1,97631
7290015324151,false,חוואיג' למרק 80 גר' טעם וריח,"תבליני טעם וריח בע""מ",IL,חוויאג למרק 80 גרם,גרמים,80.00,100 גרם,false,1,6.90,8.6250,true,1,97632
7290015324168,false,שק 80 גרם על האש ללא מונוסטדיום,"תבליני טעם וריח בע""מ",IL,"תבליני טעם וריח, תערובת תיבול על האש, 80 גרם",גרמים,80.00,100 גרם,false,1,6.90,8.6250,true,1,97633
7290015324175,false,תיבול לשווארמה 80 גר' טעם וריח,"תבליני טעם וריח בע""מ",IL,תבליני טעם וריח תערובת תיבול לשווארמה 80 גרם,גרמים,0.00,100 גרם,false,1,6.90,0.0000,true,1,97634
7290015324540,false,טימין מיכל גדול 30 גרם,"תבליני טעם וריח בע""מ",IL,תבליני טעם וריח טימין (קורנית) 30 גרם,גרמים,30.00,100 גרם,false,1,10.90,36.3333,true,1,125532
7290015324564,false,בכוסברה טחונה מיכל גדול 70 גרם,"תבליני טעם וריח בע""מ",IL,תבליני טעם וריח כוסברה טחונה 70 גרם,גרמים,70.00,100 גרם,false,1,10.90,15.5714,true,1,125531
7290015324588,false,פלפל לבן 100 גר` טעם וריח,"תבליני טעם וריח בע""מ",IL,"תבליני טעם וריח מיכל פלפל לבן טחון 100% , 100 גרם",גרמים,100.00,100 גרם,false,1,14.90,14.9000,true,1,127507
7290015324663,false,צ'ילי גרוס חריף אש 70 גרם,"תבליני טעם וריח בע""מ",IL,תבליני טעם וריח צ'ילי גרוס חריף אש 70 גרם,גרמים,70.00,100 גרם,false,1,10.90,15.5714,true,1,129485
7290015366670,false,משחת שיניים בטעם מנטה אקוהפרש (100 מל),גלקסוסמיתקליין,SK,אקווה פרש משחת שיניים מנטה מרענן 100 מל,מיליליטרים,100.00,"100 מ""ל",false,1,8.90,8.9000,true,1,111145
7290015446914,false,חטיף חלבון בטעם שוקו,הרת'סייד פוד סולושיי,NL,חטיף חלבון בטעם שוקולד ציפ 100 גרם,גרמים,100.00,100 גרם,false,1,19.90,19.9000,true,1,132564
7290015446921,false,חטיף חלבון בטעם קרמל,,,חטיף חלבון בטעם קרמל מלוח- 60 גרם,גרמים,60.00,100 גרם,false,1,14.90,24.8333,true,1,132560
7290015519144,false,מטען קיר מיקרו פרימי,ארטוס,,מטען קיר לגלקסי פרימיום 2A,יחידה,1.00,יחידה,false,1,49.90,49.9000,true,1,125913
7290015530682,false,לחמניות קלילות 50גרם,מאפית דוידוביץ,IL,לחמניות קלילות 50גרם *6,גרמים,300.00,100 גרם,false,1,7.90,2.6333,true,1,128074
7290015530774,false,לחם 100%קמח שיפון מל,מאפית דוידוביץ,IL,לחם 100%קמח שיפון מלא 750גרם,גרמים,750.00,100 גרם,false,1,13.90,1.8533,true,1,130274
7290015597937,false,קורנטו קלאסיק וניל עם צימוקים,"מיוצר ע""\י גלידת שטראוס",IL,קורנטו טילון קלאסי בטעם וניל 70 גרם,גרמים,70.00,100 גרם,false,1,10.90,15.5714,true,1,117096
7290015726481,false,עוגת פס מוס שני שוקולדים,גידרון,IL,פס מוס דואט חלבי,יחידה,1.00,יחידה,false,1,59.90,59.9000,true,1,134697
7290015848992,false,"ד""ר פישר - אולטרסול קרם פנים קידס 75 מ""ל 50SPF",פישר מעבדות פרמצבטיות בע,IL,אולטרסול קרם פנים ילדים 75/50,לא מנהל יחידת מידה,0.00,לא מנהל יחידת מידה,false,1,39.90,0.0000,true,1,121002
7290015858106,false,"ממרח פסטו ביתי 180 גרם ""עללחם""",שטראוס גרופ בעמ/מצונן,IL,עללחם פסטו ביתי 100 גרם,גרמים,180.00,100 גרם,false,1,19.90,11.0556,true,1,116340
7290015858113,false,"ממרח עגבניות מיובשות 180 גרם ""טריטרי""",שטראוס גרופ בעמ/מצונן,IL,"עללחם ממרח עגבניות מיובשות, 180 גרם",גרמים,180.00,100 גרם,false,1,19.90,11.0556,true,1,116348
7290015951227,false,"יין גמלא השמורה סירה 2021 750 מ""ל",מיוצר וממולא על ידי יקב,IL,יין גמלא סירה 750 מל,מיליליטרים,750.00,"100 מ""ל",false,1,79.90,10.6533,true,1,129243
7290015951869,false,"יין הר חרמון רוזה 750 מ""ל",מיוצר וממולא על ידי יקב,IL,הר חרמון רוזה,מיליליטרים,750.00,"100 מ""ל",false,1,45.90,6.1200,true,1,119851
7290015968317,false,"סינרים ח""פ לתינוק 20יח טוליפס פרמיום",אינטרסן (1996) בעמ,CN,"סינרים ח""פ לתינוק",לא מנהל יחידת מידה,0.00,לא מנהל יחידת מידה,false,1,25.90,0.0000,true,1,119863
7290015968461,false,כוסות פלסטיק משובחות,F.T.I,,"כוסות פלסטיק משובחות 330 מ""ל 40 יחי",לא מנהל יחידת מידה,0.00,לא מנהל יחידת מידה,false,1,10.90,0.0000,true,1,120696
7290015968508,false,"כוסות פלסטיק לשתיה קרה 180מ""ל",,TR,"כוסות 180 מ""ל פלסטיק לשתיה קרה",יחידה,1.00,יחידה,false,1,8.90,8.9000,true,1,126934
7290015968904,false,מפיות מודפסות 20 יח',W.W.P.Co.Ltd,,"מפיות מודפסות 33*33 ס""מ 20 יח דגם W-773",יחידה,1.00,יחידה,false,1,7.90,7.9000,true,1,114922
7290015996983,false,סוכרלוז סוכרזית 0 קלוריות 100 שקיות,"שטראוס גרופ בע""מ",IL,"סוכרזית, סוכרלוז החדש, 100 גרם",גרמים,100.00,100 גרם,false,1,30.90,30.9000,true,1,122756
7290016081619,false,אוזניית שלט קפיצית ש,,,RETRACTABLE - שלט BT עם אוזניה - צבע שחו,יחידה,1.00,יחידה,false,1,109.00,109.0000,true,1,125903
7290016081626,false,RETRACTABLE - שלט BT,,,RETRACTABLE - שלט BT עם אוזניה - צבע לב,יחידה,1.00,יחידה,false,1,109.00,109.0000,true,1,125902
7290016094039,false,"ד""ר פישר - אולטרסול ספריי שקוף קידס 200 מ""ל 50SPF",פישר מעבדות פרמצבטיות בע,IL,ספריי שקוף לילדים 50 SPF,מיליליטרים,200.00,"100 מ""ל",false,1,44.90,22.4500,true,1,113772
7290016094817,false,"ד""ר פישר - אולטרסול ספריי שמן גזר 200 מ""ל 20SPF",פישר מעבדות פרמצבטיות בע,IL,"ספריי שמן, שמן גזר",מיליליטרים,200.00,"100 מ""ל",false,1,44.90,22.4500,true,1,122547
7290016150391,false,סלק ואקום 500 גרם,חקלאי,IL,סלק בואקום,Unknown,0.00,Unknown,false,1,7.90,0.0000,true,1,125818
7290016197488,false,מטליות מיקרופייבר למשטחים ניקול 3יח',קימברלי קלארק ישראל שיווק בעמ,CN,מטליות מיקרופייבר משטחים,לא מנהל יחידת מידה,0.00,לא מנהל יחידת מידה,false,1,17.90,0.0000,true,1,115571
7290016197495,false,ניקול זוג מטליות הקסם מיקרופייבר לרצפה,קימברלי קלארק ישראל שיווק בעמ,CN,מטליות מיקרופייבר רצפה,לא מנהל יחידת מידה,0.00,לא מנהל יחידת מידה,false,1,25.90,0.0000,true,1,111942
7290016217735,false,חציל על האש 200גרם גורמה,"סלטי שמיר 2006 בע""מ",IL,חציל אש 200,גרמים,200.00,100 גרם,false,1,13.90,6.9500,true,1,117846
7290016217742,false,חציל בטחינה 200גרם גורמה,"סלטי שמיר 2006 בע""מ",IL,חציל אש +טחינה 200,גרמים,200.00,100 גרם,false,1,13.90,6.9500,true,1,117847
7290016217759,false,חציל מרוקאי 200גרם גורמה,"סלטי שמיר 2006 בע""מ",IL,חציל מורוקאי -גורמה,גרמים,200.00,100 גרם,false,1,14.90,7.4500,true,1,132055
7290016217995,false,סלט ביצים עם אבוקדו,"סלטי שמיר 2006 בע""מ",IL,סלט ביצים עם אבוקדו,גרמים,200.00,100 גרם,false,1,20.90,10.4500,true,1,117840
7290016245608,false,לחם משפחתי שחור 1.1קג,,,"לחם משפחתי שחור 1.2 ק""ג",קילוגרמים,1.20,"ק""ג",false,1,20.90,17.4167,true,1,125814
7290016245615,false,לחם שיפון 100% עם אג,מאפיית טעמי הכפר 201,,לחם שיפון 100% עם אגוזים מצופה גרעינים,גרמים,900.00,100 גרם,false,1,20.90,2.3222,true,1,96206
7290016245653,false,לחם שיפון קל חצי משפחתי 550 גרם,"ביכורים מזון ומאפה בע""\מ",,לחם שיפון מלא חצי קסטן,גרמים,600.00,100 גרם,false,1,18.90,3.1500,true,1,97566
7290016245707,false,לחם 7 דגנים בריאות 600 גר,"ביכורים מזון ומאפה בע""\מ",,לחם 7 דגנים 600 גרם,גרמים,600.00,100 גרם,false,1,13.90,2.3167,true,1,97308
7290016245769,true,לחם כוסמין מחמצת בתו,,,לחם כוסמין מחמצת בתוספת פשתן,לא מנהל יחידת מידה,0.00,לא מנהל יחידת מידה,false,1,18.90,0.0000,true,1,120035
7290016245776,false,לחם פרנה מרוקאית 4 י,ביכורים מזון ומאפה בעמ,,לחם פרנה מרוקאית 4 יחידות,לא מנהל יחידת מידה,0.00,לא מנהל יחידת מידה,false,1,14.90,0.0000,true,1,96201
7290016245783,false,פיתה תימנית עבודת יד,מאפיית טעמי הכפר 201,,פיתה תימנית עבודת יד-10 יח,לא מנהל יחידת מידה,0.00,לא מנהל יחידת מידה,false,1,13.90,0.0000,true,1,96183
7290016245806,false,לחמניות המבוגר כוסמין4יח,"ביכורים מזון ומאפה בע""\מ",,מארז לחמניות המבורגר,יחידה,1.00,יחידה,false,1,16.90,16.9000,true,1,125816
7290016245820,false,מארז לחמניות המבורגר,ביכורים מזון ומאפה בעמ,,מארז לחמניות המבורגר 4 יחידות,לא מנהל יחידת מידה,0.00,לא מנהל יחידת מידה,false,1,13.90,0.0000,true,1,117955
7290016245844,false,לחם כפרי עם סובין 60,ביכורים מזון ומאפה בעמ,,לחם כפרי עם סובין 600 גרם,גרמים,600.00,100 גרם,false,1,18.90,3.1500,true,1,117484
7290016245912,false,מאפה אישי 120 גרם,עינת,IL,מאפה אישי 120 גרם,גרמים,120.00,100 גרם,false,1,8.00,6.6667,true,1,133685
7290016270709,false,עגבניות שרי אשכולות,ביכורי השדה צפון 1994 ג.ד. בעמ,IL,שרי קלמר ארוז יח,גרמים,460.00,100 גרם,false,1,12.90,2.8043,true,1,120231
7290016304022,false,מארז 10 לחמניות בשקית 10,מאפיית דווידוביץ ובנ,IL,לחמניות שומשום 0.75 גרם 10 יחידות,לא מנהל יחידת מידה,0.00,לא מנהל יחידת מידה,false,1,12.90,0.0000,true,1,127470
7290016304138,false,לחמניה חי כפולה 120,מאפיית דוידוביץ,,לחמניה חי כפולה 120 גרם,גרמים,250.00,100 גרם,false,1,3.50,1.4000,true,1,109796
7290016304145,false,לחמניה שמיניה 120 גר,מאפיית דוידוביץ,,לחמניה שמיניה 120 גרם,גרמים,250.00,100 גרם,false,1,3.50,1.4000,true,1,109797
7290016304152,false,לחמניה שמינייה ביצים,מאפיית דוידוביץ,,לחמניה שמינייה ביצים 120 גרם,גרמים,250.00,100 גרם,false,1,3.50,1.4000,true,1,109795
7290016304404,false,לחם קוביות 100% כוסמין 600 גרם,מאפיית דוידוביץ ובניו בע,IL,דוידוביץ לחם כוסמין 100% 600 גרם,גרמים,600.00,100 גרם,false,1,11.90,1.9833,true,1,128073
7290016304596,false,לחמניות לסנדביץ 75 גרם,מאפית דוידוביץ ובניו,IL,לחמניות לסנדויץ 10 יח במארז,גרמים,750.00,100 גרם,false,1,13.90,1.8533,true,1,127685
7290016497526,false,בגט אותנטי לבן אפוי 280ג,מאפ גדרון,IL,באגט אותנטי לבן גידרון חצי אפוי,לא מנהל יחידת מידה,0.00,לא מנהל יחידת מידה,false,1,10.90,0.0000,true,1,118468
7290016823073,false,מרווה יח freshlid,"מרינה פטריות הגליל בע""מ",IL,מרווה ארוז יח,גרמים,30.00,100 גרם,false,1,5.90,19.6667,true,1,120243
7290017065007,false,פרוסות גבינה מוצרלה חצי קשה 22% שומן 200 ג' גד,מחלבות גד שיווק 1992 בעמ,IL,גבינה מוצרלה פרוסה גד 150 גרם,גרמים,150.00,100 גרם,false,1,20.90,13.9333,true,1,113462
7290017065137,false,ריקוטה למריחה 5% טבעית 200 גר`מחלבות גד,מחלבות גד שיווק 1992 בעמ,IL,גד ריקוטה למריחה 5% שומן 200 גרם,גרמים,200.00,100 גרם,false,1,10.90,5.4500,true,1,116252
7290017065168,false,גבינה כחולה denish blue cheese 100 גרם,מחלבות גד שיווק 1992 בעמ,DK,גבינה כחולה 30% שומן,גרמים,100.00,100 גרם,false,1,18.90,18.9000,true,1,117797
7290017065236,false,גבינה בולגרית מעודנת 24% גד (250 גרם),מחלבות גד שיווק 1992 בעמ,IL,בולגרית מעודנת 24%,גרמים,250.00,100 גרם,false,1,27.90,11.1600,true,1,117799
7290017065311,false,פרוסות גבינה מוצרלה מעושנת 200 ג',מחלבות גד שיווק 1992 בעמ,IL,גבינת מוצרלה מעושנת פרוסות 200 גרם,גרמים,200.00,100 גרם,false,1,20.90,10.4500,true,1,117801
7290017065434,false,גבינה גאודה פרוסה הולנדית 200 גר',מחלבות גד שיווק 1992 בעמ,NL,גד פרוסות פרוסות גאודה בקר 200 גרם,גרמים,200.00,100 גרם,false,1,22.90,11.4500,true,1,123080
7290017065441,false,גבינה גאודה עיזים פרוסה הולנדית 200 גר',מחלבות גד שיווק 1992 בעמ,NL,פרוסות גאודה עיזים 200 גרם,גרמים,200.00,100 גרם,false,1,33.90,16.9500,true,1,123081
7290017065618,false,גבינת פקורינו פרוס גד 150 גרם,מחלבות גד שיווק 1992 בעמ,ES,גבינה חצי קשה פרוסה מחלב כבשים 36% שומן,גרמים,150.00,100 גרם,false,1,23.90,15.9333,true,1,127048
7290017065731,false,גבינת שמנת 30% ניו יורק +כמהין 200 גרם רבנות,מחלבות גד שיווק 1992 בעמ,IL,"גד, גבינת שמנת בטעם טבעי 30% , 200 גרם",גרמים,200.00,100 גרם,false,1,14.90,7.4500,true,1,130675
7290017065786,false,גבינה אנגלית קשה צ`דר 210 גר`גד,מחלבות גד שיווק 1992 בעמ,IL,צ'דר - גבינה אנגלית קשה מחלב בקר 35% שומן 200 גרם,גרמים,210.00,100 גרם,false,1,23.90,11.3810,true,1,131933
7290017088242,false,מגבונים בייבי בייסיק.,,,מגבונים בייבי בייסיק,לא מנהל יחידת מידה,0.00,לא מנהל יחידת מידה,false,1,4.90,0.0000,true,1,124047
7290017105895,false,גרגרי חומוס להכנת חומוס משובח יכין 560 ג,זנלכל בעמ,IL,גרגרי חומוס להכנת חומוס משובח,גרמים,550.00,100 גרם,false,1,9.90,1.8000,true,1,128366
7290017121093,false,"אריסה חריפה 250 גרם ""עללחם""",שטראוס גרופ בעמ/מצונן,IL,עללחם בפיתה אריסה חריפה 250 גרם,גרמים,250.00,100 גרם,false,1,15.90,6.3600,true,1,117627
7290017142159,false,"שלישיית נתחי טונה בהירה בשמן זית 80 גרם ""עץ הזית""",הנסיך- מפעל לייצור ט,TH,נתחי טונה בהירה בשמן זית 80*3 גרם,גרמים,240.00,100 גרם,false,1,26.90,11.2083,true,1,118306
7290017142418,false,"LUNCH TO GO אורז עם עדשים טונה בשמן זית 160 גרם ""עץ הזית""",יוניקורד ח.צ בעמ,TH,אורז ועדשים עם טונה בשמן זית,גרמים,160.00,100 גרם,false,1,14.90,9.3125,true,1,132261
7290017217031,false,נובי שלישיית כפיות מסיליקון רך,אינטרסן (1996) בעמ,CN,נובי שליששית כפיות מסיליקון רך,לא מנהל יחידת מידה,0.00,לא מנהל יחידת מידה,false,1,30.90,0.0000,true,1,119890
7290017217468,false,שקיות אוכל מנייר הוסט 50 יח',אינטרסן (1996) בעמ,,שקיות אוכל מנייר 50 יחידות,לא מנהל יחידת מידה,0.00,לא מנהל יחידת מידה,false,1,8.90,0.0000,true,1,123680
7290017217727,false,שיפודי במבוק בינוני 100 יחידות בינוני,אינטרסן 1996 בעמ,CN,"שיפודי במבוק יקיטורי 18 ס""מ 100 יחידות",יחידה,1.00,יחידה,false,1,11.90,11.9000,true,1,133382
7290017266060,false,וופל קראנצ`מילוי קרם בטעם שוקולד 175 גר,ח.כהן סוכנות מזון ומשקאות בע,,"וופלים קראנצ לל""ס בטעם שוקולד עלמה 175 ג",גרמים,175.00,100 גרם,false,1,8.50,4.8571,true,1,116977
7290017334448,false,שמן קנולה מזוכך OLEO,א.ד.מ . אנטוורפן,BE,שמן קנולה מזוכך OLEO 1 ליטר,ליטרים,1.00,ליטר,false,1,12.90,12.9000,true,1,129608
7290017334455,false,"אורז פרסי זיפר 1ק""ג",,TH,"אורז פרסי זיפר 1ק""ג",קילוגרמים,1.00,"ק""ג",false,1,9.90,9.9000,true,1,132317
7290017334462,false,אורז יסמין זיפר 1,,TH,"אורז יסמין זיפר 1 ק""ג",קילוגרמים,1.00,"ק""ג",false,1,12.90,12.9000,true,1,132318
7290017440729,false,אולטרסול ספריי שמן קוקוס 200/20 SPF,פישר תעשיות,IL,"ד""ר פישר, אולטרסול, שמן קוקוס SPF20, 200 מ""ל",מיליליטרים,200.00,"100 מ""ל",false,1,44.90,22.4500,true,1,133945
7290017513775,false,פליפז בייגלה מצופה שוקולד חלב מקוויטיס 140 גרם,תה ויסוצקי (ישראל) בעמ,TR,"Flipz, חטיף בייגלה אפוי בציפוי שוקולד חלב, 140 גרם",גרמים,140.00,100 גרם,false,1,9.90,7.0714,true,1,126605
7290017589633,false,"רזרב גולד אדישיין קברנה סוביניון 750 מ""ל",טמפו משקאות בעמ,IL,"קברנה סוביניון מהדורת רזרב גולד 750 מ""ל",מיליליטרים,750.00,"100 מ""ל",false,1,54.90,7.3200,true,1,127762
7290017617459,false,רביעיית טונה בשמן צמחי 120 ג' סטארקיסט,dalmore distilleries,TH,רביעיית טונה סטארקיסט בשמן צמחי 480גרם,גרמים,480.00,100 גרם,false,1,22.90,4.7708,true,1,133587
7290017647425,false,"יין גמלא קברנה סוביניון שנת 2018 750 מ""ל",היכל היין שקד גולן בעמ,,גמלא קברנה סוביניון - בציר 2018,מיליליטרים,750.00,"100 מ""ל",false,1,79.90,10.6533,true,1,127945
7290017647708,false,"רמת הגולן גמלא גוורצטרמינר, 750 מ""ל י יקב רמת הגולן",מיוצר וממולא על ידי יקב,IL,יין גמלא גוורצטרמינר 750 מל,מיליליטרים,750.00,"100 מ""ל",false,1,79.90,10.6533,true,1,132225
7290017647722,false,"רמת הגולן גמלא בלאנקו, 750 מ""ל י יקב רמת הגולן",היכל היין שקד גולן בעמ,IL,יין גמלא בלאנקו 750 מל,מיליליטרים,750.00,"100 מ""ל",false,1,79.90,10.6533,true,1,132226
7290017712260,false,פרמיו פטה סלמון לכלב 150ג',שחורי אריה ואנסטסיה,DE,פרמיו פטה סלמון לכלב 150 ג,גרמים,150.00,100 גרם,false,1,5.90,3.9333,true,1,134315
7290017712284,false,חטיף פרמיו 150 גר ברבקיו,שחורי אריה ואנסטסיה,CN,חטיף פרמיו 150ג בקביקיו,גרמים,150.00,100 גרם,false,1,12.90,8.6000,true,1,134317
7290017724027,false,עוגיות אלפחורס 300 גרם,הלל בן הלל שיווק ומסחר בעמ,IL,עוגיות אלפחורס 300 גרם,גרמים,300.00,100 גרם,false,1,28.90,9.6333,true,1,132163
7290017724034,false,עוגיות סנדוויץ ריבה 250 גר`,הלל בן הלל שיווק ומסחר בעמ,IL,עוגיות סנדוויץ ריבה 250 גרם,גרמים,250.00,100 גרם,false,1,28.90,11.5600,true,1,132070
7290017724058,false,עוגיות מעדן תמר אגוז אקלר,הלל בן הלל שיווק ומסחר בעמ,IL,עוגיות מעדן תמר אגוז250 גרם,גרמים,250.00,100 גרם,false,1,28.90,11.5600,true,1,132071
7290017724225,false,עוגיות בויוס קשקבל א,אקלר,IL,עוגיות בויוס 200 גרם,גרמים,200.00,100 גרם,false,1,28.90,14.4500,true,1,132319
7290017724683,false,עוגיות חמאה ושקדים 200 גר`,אקלר בעמ,IL,עוגיות חמאה שקדים 200 גרם,גרמים,200.00,100 גרם,false,1,28.90,14.4500,true,1,132164
7290017746258,false,מארז רביעיית לחמניות פרנה,מאפיית דוראל,IL,דוידוביץ פרנה לחם מרוקאי מסורתי 400 גרם,גרמים,400.00,100 גרם,false,1,12.90,3.2250,true,1,131268
7290017746708,false,רביעיית לחמניות שמינ,מאפיית דוידוביץ ובני,IL,רביעיית לחמניות שמינייה,יחידה,4.00,יחידה,false,4,14.90,3.7250,true,1,134811
7290017872070,false,מארז מגבונים לחים בניחוח מרענן פרש וואנס שלישייה,"ווטנפס בע""\מn\",IL,פרש וואנס מגבונים נטורל קר שלישייה,יחידה,1.00,יחידה,false,1,9.90,9.9000,true,1,131085
7290017888019,false,"משקה תפוח רימון סלק גינגיר פרות &ווג 350 מ""ל",יפאורה שותפות מוגבלת לשיווק,IL,"FRUIT&VEG תפוח סלק רימון ג'ינג'ר 350 מ""ל",מיליליטרים,350.00,"100 מ""ל",false,1,10.90,3.1143,true,1,123651
7290017888026,false,"משקה אננס תפוח גזר פרות & ווג 350 מ""ל",יפאורה שותפות מוגבלת לשיווק,IL,"FRUIT&VEG אננס תפוח גזר 350 מ""ל",מיליליטרים,350.00,"100 מ""ל",false,1,10.90,3.1143,true,1,123541
7290017888033,false,"משקה בננה מלון נענע פרות &ווג 350 מ""ל",יפאורה שותפות מוגבלת לשיווק,IL,"FRUIT&VEG בננה מלון נענע 350 מ""ל",מיליליטרים,350.00,"100 מ""ל",false,1,10.90,3.1143,true,1,123542
7290017888644,false,"משקה אננס בננה כורכום פרות & ווג 350 מ""ל",יפאורה שותפות מוגבלת לשיווק,IL,"FRUIT&VEG אננס בננה כורכום 350 מ""ל",לא מנהל יחידת מידה,3.30,לא מנהל יחידת מידה,false,1,10.90,3.3030,true,1,127426
7290017888972,false,בקבוק מי עדן פקק ספורט 1 ליטר,יפאורה שותפות מוגבלת לשיווק,IL,מי עדן פקק ספורט 1 ליטר,ליטרים,1.00,ליטר,false,1,8.00,8.0000,true,1,127710
7290018043110,false,אול אין אקסטרא קרם ק,הרת'סייד פוד סולושיי,NL,אול אין אקסטרא קרם קשיו קרמל,גרמים,60.00,100 גרם,false,1,14.90,24.8333,true,1,131897
7290018043134,false,אול אין אקסטרא קרם ש,הרת'סייד פוד סולושיי,NL,אול אין אקסטרא קרם ש לבן,גרמים,60.00,100 גרם,false,1,14.90,24.8333,true,1,131896
7290018043899,false,חטיף חלבון בטעם בוטנ,הרת'סייד פוד סולושיי,NL,חטיף חלבון בטעם בוטנים קרמל- 60 גרם,גרמים,60.00,100 גרם,false,1,14.90,24.8333,true,1,132563
7290018071250,false,כפפות פלסטיק M שחורות אלסטיות 100 יחידות,אינטרסן (1996) בעמ,CN,כפפות פלסטיק שחורות M ללא אבקה 100 יח,יחידה,1.00,יחידה,false,1,14.90,14.9000,true,1,129881
7290018071267,false,כפפות פלסטיק L שחורות אלסטיות 100 יחידות,אינטרסן (1996) בעמ,CN,כפפות פלסטיק שחורות L ללא אבקה 100 יח,יחידה,1.00,יחידה,false,1,14.90,14.9000,true,1,129880
7290018077597,false,בייגל רומני שומשום אפוי,גידרון,IL,בייגל רומני אפוי קפוא עם שומשום,יחידה,1.00,יחידה,false,1,5.90,5.9000,true,1,126876
7290018077603,false,בייגל רומני עם זעתר,גדרון,IL,בייגל רומני עם זעתר א.ק,יחידה,1.00,יחידה,false,1,5.90,5.9000,true,1,126799
7290018077665,false,בייגל רומני גדרון א.,גידרון,IL,בייגל רומני גדרון א.ק,יחידה,1.00,יחידה,false,1,5.90,5.9000,true,1,126877
7290018131077,false,נסטלה מילקה שלגון וניל חדש 71 גרם,פרונרי פולין,PL,שלגון מילקה עם ריפל שוקולד 71 גרם,גרמים,71.00,100 גרם,false,1,12.90,18.1690,true,1,130331
7290018131251,false,אקסטרים מטבע שוקולד לבן וליבת קרם עוגיות 115ג',נגה גלידות שותפות מוגבלת,IL,אקסטרים מ.שקלד.לבן וליבת ק.עוג. 18*115ג,גרמים,128.00,100 גרם,false,1,12.50,9.7656,true,1,126777
7290018131336,false,שלגון ליון בטעם קרמל עם,שוורצקוף& הנקל דיסלד,PL,שלגון ליון קרמל 66גרם,גרמים,66.00,100 גרם,false,1,12.90,19.5455,true,1,130332
7290018131572,false,אימפלס מיני בייטס מילקה 8 יחידות,שוורצקוף& הנקל דיסלד,PL,גלידה מיני בייטס מילקה 85,גרמים,85.00,100 גרם,false,1,9.90,11.6471,true,1,126787
7290018131640,false,קראנץ בלונד עם ליבת נוגט בוטנים 100 גרם,גלידות נסטלה )נגה גלידות,IL,קראנץ שוקולד בלונדי 100 גרם,גרמים,100.00,100 גרם,false,1,12.50,12.5000,true,1,130330
7290018131770,false,שלגון נסטלה מצופה וניל תות 60 גרם,גלידות נסטלה (נגה גל,IL,שלגון וניל מצופה תות 55 גרם,גרמים,55.00,100 גרם,false,1,7.90,14.3636,true,1,129834
7290018131855,false,אקסטרים טילון בראוניז בדצ מאגדת 6*72 גרם נסטלה,נגה גלידות שותפות מוגבלת,IL,מאג אקסטרים טילון בראוניז 432גרם,גרמים,432.00,100 גרם,false,1,39.90,9.2361,true,1,130327
7290018131978,false,טילון נסטלה אוראו 68.5 גרם,פרונרי פולין,PL,טילון אוראו 68.5גרם,גרמים,69.00,100 גרם,false,1,7.90,11.4493,true,1,130333
7290018165010,false,"יין רזרב GOLD EDITION גווצטרמינר ברקן 750 מ""ל",יקבי ברקן שיווק והפצה בע,IL,"גוורצטרמינר רזרב גולד 750 מ""ל",מיליליטרים,750.00,"100 מ""ל",false,1,54.90,7.3200,true,1,127565
7290018165027,false,רזרב גולד אדישיין רוזה 750 מל-יקבי ברק,יקבי ברקן שיווק והפצה בע,IL,"רזרב גולד רוזה 750 מ""ל",מיליליטרים,750.00,"100 מ""ל",false,1,54.90,7.3200,true,1,127566
7290018192658,false,מארז זוג פטריות פורטובלה ושמפיניון מרינה,קונס`-מרינה פטריות הגליל בעמ*ש,IL,פטריות שמפניון צמד חמד איטלקי מארז זוג,גרמים,500.00,100 גרם,false,1,18.90,3.7800,true,1,130099
7290018440193,false,פליפז בייגלה בציפוי קרם בטעם חמאת בוטנים מקוויטיס 140 גרם,תה ויסוצקי (ישראל) בעמ,TR,פליפז בייגלה מצופה חמאת בוטנים 140 ג,גרמים,140.00,100 גרם,false,1,9.90,7.0714,true,1,129606
7290018440209,false,פליפז בייגלה בציפוי פאדג' לבן מקוויטיס 140 גרם,תה ויסוצקי (ישראל) בעמ,TR,"Flipz, חטיף בייגלה אפוי בציפוי שוקולד חלב, 140 גרם",גרמים,140.00,100 גרם,false,1,9.90,7.0714,true,1,129607
7290018440483,false,פליפז בייגלה מצופה בקרמל מלוח ושוקולד מקוויטיס 140 גרם,תה ויסוצקי (ישראל) בעמ,TR,פליפז בייגלה מצופה בקרמל מלוח ושוקולד 14,גרמים,140.00,100 גרם,false,1,9.90,7.0714,true,1,131423
7290018441626,false,גלידת פיינטים מנטה עוגיות 430 ג' בן וג'ירי,מוצרי איכות אמריקאיים בעמ,IL,גלידת שמנת בטעם מנטה עם עוגיות בטעם שוקולד 430 גרם,גרמים,430.00,100 גרם,false,1,29.90,6.9535,true,1,132552
7290018441886,false,"קרם עוגיות 150 מ""ל - דולצ'ה דה לצ'ה",מוצרי איכות אמריקאים,IL,דולצה דה לצה 150מל שורטי,מיליליטרים,150.00,"100 מ""ל",false,1,13.90,9.2667,true,1,132012
7290018471135,false,"ספרינג שייק בננה תמר תפוז זכוכית 330 מ""ל","יפאורה תבורי בע""\מ",IL,"ספרינג שייק בננה תמר תפוז 330 מ""ל",מיליליטרים,330.00,"100 מ""ל",false,1,10.90,3.3030,true,1,131338
7290018471142,false,"ספרינג שייק בננה אננס קוקוס פירות יער זכוכית 330 מ""ל","יפאורה תבורי בע""\מ",IL,ספרינג שייק בננה אננס קוקוס פירות יער 330 מל,מיליליטרים,330.00,"100 מ""ל",false,1,10.90,3.3030,true,1,131339
7290018471913,false,משקה מוגז פירות תפוחים שוופס 1.5 ליטר,יפאורה - שותפות מוגבלת לשיווק,IL,שוופס משקה תפוחים מוגז 1.5 ליטר,ליטרים,1.50,ליטר,false,1,14.50,9.6667,true,1,132367
7290018471944,false,שוופס מוגז פירות לימונייד 1.5 ליטר פיקדון,יפאורה - שותפות מוגבלת לשיווק,IL,שוופס מוגז פירות לימונייד 1.5 ליטר,ליטרים,1.50,ליטר,false,1,14.50,9.6667,true,1,132368
7290018652015,false,נסטלה שלגון סופרולר 75 גרם,פרונרי איברייה,ES,סופרולר 75גרם,גרמים,75.00,100 גרם,false,1,9.90,13.2000,true,1,130334
7290018652190,false,חטיף גלידה קראנץ בר 60 גרם,פרונרי איטליה,IT,קראנץ בר אימפלס 60גרם,גרמים,60.00,100 גרם,false,1,8.90,14.8333,true,1,132838
7290018652770,false,טילון אקסטרים בייגלה מתוק מלוח 115 גרם,נגה גלידות שותפות מוגבלת,IL,טילון גולדה 115גרם,גרמים,115.00,100 גרם,false,1,12.50,10.8696,true,1,132839
7290018652947,false,קראנץ ליבת נוגט+אורז תפוח כלפ28*100ג,גלידות נסטלה,IL,שלגון קראנץ פיסטוק 100 גרם,גרמים,100.00,100 גרם,false,1,12.50,12.5000,true,1,133328
7290018703076,false,חטיף חלבון בטעם דאבל,הרת'סייד פוד סולושיי,NL,חטיף חלבון בטעם דאבל שוקולד- 60 גרם,גרמים,60.00,100 גרם,false,1,14.90,24.8333,true,1,132562
7290018703304,false,אול אין חטיף חלבון ק,,,אול אין חטיף חלבון קרם עוגיות,גרמים,60.00,100 גרם,false,1,14.90,24.8333,true,1,133259
7290018703489,false,אול אין חטיף חלבון,,,אול אין חטיף חלבון בננה טופי אקסטרה 60 גרם,גרמים,60.00,100 גרם,false,1,14.90,24.8333,true,1,133260
7290018848005,false,יין רוזה בפחית 250 מ,דונלי ויני,IT,"יין רוזה בפחית 250 מ""ל",מיליליטרים,250.00,"100 מ""ל",false,1,17.90,7.1600,true,1,132667
7290018848012,false,יין לבן בפחית 250 מ,דונלי ויני,IT,"יין לבן בפחית 250 מ""ל",מיליליטרים,250.00,"100 מ""ל",false,1,17.90,7.1600,true,1,132666
7290018925065,false,מיץ תפוזים סחוט פרימור (2 ליטר),שטראוס גרופ בעמ/מצונן,IL,פרימור סחוט מיץ תפוזים 100% 2 ליטר,ליטרים,2.00,ליטר,false,1,33.50,16.7500,true,1,132460
7290018925072,false,פרימור טרי מיץ לימונים עם נענע 2 ליטר,שטראוס גרופ בעמ/מצונן,IL,פרימור משקה קל לימונים ונענע 2 ליטר,ליטרים,2.00,ליטר,false,1,33.50,16.7500,true,1,132369
7290018925409,false,משקה לימון ואננס 400 מל פרימור,שטראוס גרופ בעמ/מצונן,IL,מיץ לימון ואננס פרימור 400 מל,מיליליטרים,400.00,"100 מ""ל",false,1,11.90,2.9750,true,1,133902
7290018925416,false,פרימור סחוט לימון ופסיפלורה 400 מל,שטראוס גרופ בעמ/מצונן,IL,מיץ לימון ופסיפלורה פרימור 400 מל,מיליליטרים,400.00,"100 מ""ל",false,1,11.90,2.9750,true,1,133901
7290019056065,false,שוופס מוגז עדין פירות יער 1.5 ליטר פיקדון,יפאורה - שותפות מוגבלת לשיווק,IL,שוופס מוגז עדין פירות יער 1.5 ל',ליטרים,1.50,ליטר,false,1,14.50,9.6667,true,1,132370
7290019056096,false,שוופס מוגז עדין אפרסק 1.5 ליטר פיקדון,יפאורה - שותפות מוגבלת לשיווק,IL,שוופס מוגז עדין אפרסק 1.5 ל',ליטרים,1.50,ליטר,false,1,14.50,9.6667,true,1,132371
7290019056119,false,שוופס סודה 1.5 ליטר פיקדון,יפאורה שותפות מוגבלת לשיווק,IL,שוופס סודה 1.5 ל',ליטרים,1.50,ליטר,false,1,6.80,4.5333,true,1,132372
7290019056317,false,שוופס ראשן 1.5 ליטר פיקדון,יפאורה - שותפות מוגבלת לשיווק,IL,שוופס ראשן 1.5 ל',ליטרים,1.50,ליטר,false,1,16.90,11.2667,true,1,132373
7290019056324,false,שוופס טוניק 1.5 ליטר פיקדון,יפאורה - שותפות מוגבלת לשיווק,IL,שוופס טוניק 1.5 ל',ליטרים,1.50,ליטר,false,1,16.90,11.2667,true,1,132451
7290019056959,false,מי עדן בקבוק מתכווץ שקט 1.5 מ``ל,יפאורה - שותפות מוגבלת לשיווק,IL,מי עדן בקבוק 1.5 ליטר,ליטרים,1.50,ליטר,false,1,9.20,6.1333,true,1,132381
7290019056966,false,מי עדן בקבוק פיקדון 1.5 ליטר,תבורי-שותפות מוגבלת לשיווק,IL,מי עדן בקבוק 1.5 ליטר,ליטרים,1.50,ליטר,false,1,9.20,6.1333,true,1,132453
7290019056973,false,מי עדן שישיה בק `1.5ליטר פיקדון,יפאורה - שותפות מוגבלת לשיווק,IL,מי עדן שישייה בקבוק 1.5 ליטר,ליטרים,9.00,ליטר,false,6,20.90,2.3222,true,1,132382
7290019153313,false,"משקהתפוח חמוציות אוכמניות 350 מ""ל פרות & ווג",יפאורה - שותפות מוגבלת לשיווק,IL,"FRUIT&VEG תפוח חמוציות אוכמניות 350 מ""ל",מיליליטרים,350.00,"100 מ""ל",false,1,10.90,3.1143,true,1,133440
7290019232834,false,פליפז בייגלה מצופה קרם עוגיות ושוקולד מקוויטיס 140 גרם,תה ויסוצקי (ישראל) בעמ,TR,בייגלה מצופה קרם עוגיות ושוקולד 140 גרם,גרמים,140.00,100 גרם,false,1,9.90,7.0714,true,1,133432
7290019233046,false,זית קלמטה בלונד מרינד עם שמן זית 215 גרם,תה ויסוצקי (ישראל) בעמ,IL,זית קלמטה בלונד קלמטה מרינד זיתא 215 גרם,גרמים,215.00,100 גרם,false,1,14.90,6.9302,true,1,132618
7290100653586,false,"דאודורנט ג'ל פרש פיוזן 24/7 ליידי ספיד סטיק 65 מ""ל",ליידי ספיד סטיק Lady Speed Stick,US,דאודורנט ליידי ספיד סטיק 24/7 גל פרש פיוזן 65 גרם,גרמים,65.00,100 גרם,false,1,26.90,41.3846,true,1,25066
7290100680650,false,מנה חמה נודלס-אטריות ירקות טעם תאילנדי אסם 76 ג',קבוצת אוסם סחר שותפות מוגבלת,TH,מנה חמה נודל.+ירקות תאילנדי6 6*76גרם,גרמים,76.00,100 גרם,false,1,9.90,13.0263,true,1,24266
7290100680667,false,מנה חמה נודלס בסגנון סצ`ואן אסם (76 גרם),קבוצת אוסם סחר שותפות מוגבלת,TH,מנה חמה נודלס+ירקות ט.סצ'ואן6 6*76גרם,גרמים,76.00,100 גרם,false,1,9.90,13.0263,true,1,24267
7290100680711,false,פירורית זהב אסם זהב 350ג',קבוצת אוסם סחר שותפות מוגבלת,IL,אסם פירורית זהב 12*350גרם,גרמים,350.00,100 גרם,false,1,9.90,2.8286,true,1,31200
7290100680728,false,פירורית רגילה שקית 350 גרם,קבוצת אוסם סחר שותפות מוגבלת,IL,אסם פירורית 20*350גרם,גרמים,350.00,100 גרם,false,1,7.90,2.2571,true,1,31201
7290100685938,false,עוגת הבית דבש ותפוח עץ עם פירורים 400 גר,קבוצת אוסם סחר-שות.מוגבלת,IL,הבית עוגת דבש ותפוח עץ 8*400גרם,גרמים,400.00,100 גרם,false,1,22.90,5.7250,true,1,111937
7290100687109,false,במבה במילוי קרם נוגט 60ג' אסם,קבוצת אוסם סחר-שות.מוגבלת,IL,במבה במילוי נוגט 60 גרם,גרמים,60.00,100 גרם,false,1,7.90,13.1667,true,1,47717
7290100689301,false,אבקת מרק בטעם עוף זך עדיף אסם 400 גרם,קבוצת אוסם סחר שותפות מוגבלת,IL,אסם עדיף זך טעם עוף 6*400גרם,גרמים,400.00,100 גרם,false,1,19.90,4.9750,true,1,46593
7290100700020,false,גריסי פנינה סוגת (500 גרם),האי נאם סי או אל.טי.,IL,גריסי פנינה 500 גרם,גרמים,500.00,100 גרם,false,1,6.50,1.3000,true,1,24144
7290100700075,false,פירורי לחם מוזהבים סוגת (200 גרם),"סוגת תעשיות בע""\מ",IL,פירורי לחם מוזהבים סוגת 200 גרם,גרמים,200.00,100 גרם,false,1,4.50,2.2500,true,1,97260
7290100700273,false,קינואה לבנה 500 ג סו,האי נאם סי או אל.טי.,IL,קינואה 500 גרם,גרמים,500.00,100 גרם,false,1,16.90,3.3800,true,1,61455
7290100700372,false,"אורז בסגנון בסמטי מלא 1 ק""ג",האי נאם סי או אל.טי.,IL,אורז בסמטי מלא 1 קג,קילוגרמים,1.00,"ק""ג",false,1,16.90,16.9000,true,1,70899
7290100700396,false,"סוגת אורז יסמין קלאסי 1 ק""ג",האי נאם סי או אל.טי.,IL,אורז יסמין קלאסי,קילוגרמים,1.00,"ק""ג",false,1,14.90,14.9000,true,1,84237
7290100700587,false,בורגול סוגת (500 גרם),האי נאם סי או אל.טי.,IL,בורגול 500 גרם,גרמים,500.00,100 גרם,false,1,6.50,1.3000,true,1,68948
7290100701331,false,קמח רב תכליתי שטיבל קמח חיטה לבן בהיר,"שטיבל בע""\מ - טחנות קמח",IL,קמח רב תכליתי +1,קילוגרמים,1.00,"ק""ג",false,1,8.90,8.9000,true,1,82177
7290100701874,false,"קמח כוסמין מלא סוגת 1 ק""ג",טחנות קמח שטיבל באר,IL,קמח כוסמין מלא + 14,קילוגרמים,1.00,"ק""ג",false,1,17.90,17.9000,true,1,112595
7290100701881,false,קמח פיצה ופוקצ'ה- קמח חיטה לבן בהיר שטיבל,"שטיבל בע""\מ - טחנת קמח",IL,"קמח פיצה 1 ק""ג - סוגת",קילוגרמים,1.00,"ק""ג",false,1,8.90,8.9000,true,1,82938
7290100703007,false,עדשים שחורות בלוגה סוגת (500 גרם),האי נאם סי או אל.טי.,IL,עדשים שחורות בלוגה,גרמים,500.00,100 גרם,false,1,9.90,1.9800,true,1,121716
7290100850909,false,חטיף תירס נאצ`ו מקסיקני דוריטוס (70 גרם),"שטראוס פריטו ליי בע""\מ",IL,דוריטוס נאצו 70 גרם,גרמים,70.00,100 גרם,false,1,6.90,9.8571,true,1,22397
7290100850916,false,דוריטוס חמוץ חריף מעודן 70 גרם כשר לפסח,"שטראוס פריטו ליי בע""\מ )",IL,דוריטוס חמוץ חריף 70 גר 48 יח,גרמים,70.00,100 גרם,false,1,6.90,9.8571,true,1,22398
7290100850923,false,חטיף תירס גריל דוריטוס (70 גרם),"שטראוס פריטו ליי בע""\מ )",IL,דוריטוס גריל 70 גר 48 יח,גרמים,70.00,100 גרם,false,1,6.90,9.8571,true,1,22399
7290100850930,false,חטיף תירס בטעם טבעי דוריטוס (70 גרם),"שטראוס פריטו ליי בע""\מ )",IL,דוריטוס טבעי 70 גר 48 יח,גרמים,70.00,100 גרם,false,1,6.90,9.8571,true,1,22400
7290100858592,false,אבקת קקאו עלית שקית 150 ג',הנסיך- מפעל לייצור ט,IL,שקית קקאו 150גרם/20שק/150גר,גרמים,150.00,100 גרם,false,1,11.80,7.8667,true,1,38972
7290101486688,false,חטיף דגנים עם שוקולד ללא גלוטן וסוכר פרי 5*20 גרם,טבעית מוצרים מן הטבע בעמ,IL,FREEמאגדת חטיף דגנים עם שוקולד 100 גרם,גרמים,100.00,100 גרם,false,1,19.90,19.9000,true,1,43344
7290101488316,false,ליידי ספיד סטיק - דאודורנט סטיק לאישה ללא סימן ורוד סטיק 65 גרם,ליידי ספיד סטיק Lady Speed Stick,US,דאודורנט ליידי ספיד סטיק ללא סימן שאוור פרש 65 גרם,מיליליטרים,65.00,"100 מ""ל",false,1,32.90,50.6154,true,1,54152
7290101500551,false,סלרי אמריקאי ארוז רבנות,ביכורי השדה הצפון בעמ` 1964,IL,סלרי אמריקאי ארוז,לא מנהל יחידת מידה,0.00,לא מנהל יחידת מידה,false,1,6.90,0.0000,true,1,125494
7290101500568,false,שורש סלרי ארוז,ביכורי השדה הצפון בעמ` 1964,IL,סלרי ראש ארוז,לא מנהל יחידת מידה,0.00,לא מנהל יחידת מידה,false,1,5.90,0.0000,true,1,125495
7290101500575,false,שורש פטרוזיליה,ביכורי השדה הצפון בעמ` 1964,IL,שורש ארוז,לא מנהל יחידת מידה,0.00,לא מנהל יחידת מידה,false,1,5.90,0.0000,true,1,125497
7290101500926,false,עלי תרד ארוז רבנות,ביכורי השדה הצפון בעמ` 1964,,תרד ארוז,Unknown,0.00,Unknown,false,1,14.90,0.0000,true,1,53872
7290101501589,false,שורש ג'ינג'ר טרי יחידה ב,ביכורי השדה צפון 1994 ג.ד. בעמ,IL,גינגר,גרמים,200.00,100 גרם,false,1,10.90,5.4500,true,1,133258
7290101551027,false,קפסולות קפה אספרסו חזק במיוחד 14 עלית 10 יח',הנסיך- מפעל לייצור ט,IL,קפסולות 14 למכונות נספרסו,גרמים,50.00,100 גרם,false,1,19.90,39.8000,true,1,122528
7290101551263,false,סילאן טבעי ללא תוספת סוכר,שטראוס גרופ בע`מ,IL,סילאן טבעי 700 גרם,גרמים,700.00,100 גרם,false,1,24.90,3.5571,true,1,121953
7290101551300,false,סילאן טבעי ללא תוספת סוכר בקבוק לחיץ,מכוורת יד מרדכי שטראוס ב,IL,סילאן טבעי לחיץ 380 גרם,גרמים,380.00,100 גרם,false,1,18.90,4.9737,true,1,121952
7290101551539,true,דנונה פרו 20 גרם בטע,"שטראוס בריאות בע""מ",IL,דנונה פרו 20 גר אפרסק 0% שומן,גרמים,200.00,100 גרם,false,1,6.90,3.4500,true,1,120787
7290101861386,false,"נורופן לילדים בטעם תות 100 מ""ל",רקיט בנקיזר,,"נורופן לילדים תרחיף בטעם תות 100 מ""ל",ליטרים,100.00,ליטר,false,1,24.90,0.2490,true,1,79812
7290101865261,false,נוזל הברקה למדיח כלים פיניש (800 מל),רקיט בנקיזר (ניר איסט) בעמ,PL,"נוזל הברקה למדיח פיניש 800 מ""ל",מיליליטרים,800.00,"100 מ""ל",false,1,25.90,3.2375,true,1,89401
7290101868156,false,סטרפסילס ללא סוכר תות,רקיט בנקיזר,,סטרפסילס תות ללא סוכר,לא מנהל יחידת מידה,0.00,לא מנהל יחידת מידה,false,1,37.40,0.0000,true,1,132427
7290101868446,false,נורופן ג'ל 16 כמוסות,רקיט בנקיזר,,נורופן גל 16 כמוסות A,Unknown,0.00,Unknown,false,1,31.50,0.0000,true,1,111214
7290101868507,false,נורופן לכאבי מחזור,רקיט בנקיזר,,נורופן כאבי מחזור,Unknown,0.00,Unknown,false,1,18.90,0.0000,true,1,111222
7290101982470,false,ממתק רולר 30 מל' בטעמים,עולם הממתקים שיווק,,רולר,לא מנהל יחידת מידה,0.00,לא מנהל יחידת מידה,false,1,6.20,0.0000,true,1,67513
7290101985433,false,הפתעות מארז 5 מעורב,שמחה זה אנחנו בע`מ,,הפתעות לימי הולדת,יחידה,1.00,יחידה,false,1,6.70,6.7000,true,1,93216
7290101989073,false,ממתק גלי,יושלם,,ממתק גלי,לא מנהל יחידת מידה,0.00,לא מנהל יחידת מידה,false,1,9.90,0.0000,true,1,98175
7290102030330,false,תפוצ`יפס אקסטרא מקסיקני 200 גרם +20 תו,"שטראוס פריטו ליי בע""\מ )",IL,תפו קראנצ מקסיקני 200 גר 12 יח - שמיטה,גרמים,200.00,100 גרם,false,1,15.50,7.7500,true,1,42479
7290102390427,false,יוגורט ביו עם קציפת תות 3% שומן 150 ג' מולר,החברה המרכזית טלהפצת משקאות בע,,יוגורט מולר פרופ תות 150 גרם,גרמים,150.00,100 גרם,false,1,6.50,4.3333,true,1,47056
7290102390465,false,יוגורט ביו עם קציפת אפרסק ופסיפלורה 3% שומן 150 ג' מולר,החברה המרכזית טלהפצת משקאות בע,,יוגורט מולר פרופ אפרסק פסיפלורה 150 גרם,גרמים,150.00,100 גרם,false,1,6.50,4.3333,true,1,47059
7290102390489,false,יוגורט ביו עם קציפת לימון 3% שומן 150 ג' מולר,החברה המרכזית טלהפצת משקאות בע,,יוגורט מולר פרופ לימון 150 גרם,גרמים,150.00,100 גרם,false,1,6.50,4.3333,true,1,47061
7290102391844,false,יוגורט ביו עם קציפת פירות יער3% שומן 150 ג' מולר,החברה המרכזית טלהפצת משקאות בע,,יוגורט מולר פרופ פירות יער 150 גרם,גרמים,150.00,100 גרם,false,1,6.50,4.3333,true,1,49544
7290102393039,false,"יוגורט ביו קרמי מיקס פצפוצי שוקולד 7.6% מולר 170 מ""ל",החברה המרכזית טלהפצת משקאות בע,IL,יוגורט מולר מיקס פצפוצי שוקולד 170 גרם,גרמים,170.00,100 גרם,false,1,6.60,3.8824,true,1,66266
7290102397600,false,מיקס יוגורט בתוספת שקדים ובוטנים מקורמלים 170 ג' מולר,החברה המרכזית טלהפצת משקאות בע,IL,Muller mix שקדים ובוטנים בקרמל,גרמים,168.00,100 גרם,false,1,6.60,3.9286,true,1,111843
7290102397617,false,יוגורט ביו קרמי עם כדורים מצופים שוקולד חום לבן,החברה המרכזית טלהפצת משקאות בע,IL,Muller mix כדורי דגנים בציפוי שוקולד,גרמים,168.00,100 גרם,false,1,6.60,3.9286,true,1,111844
7290102398058,false,"חלב שקית 3% פיקוח טרה 1 ליטר בד""צ",*החברה המרכזית להפצת משקאותבעמ,IL,חלב שקית 3%-1 ליטר מהדרין,ליטרים,1.00,ליטר,false,1,5.43,5.4300,true,1,115924
7290102398065,false,חלב טרה בקרטון 2 ליטר מהדרין 3% - מוצר בפיקוח,החברה המרכזית טלהפצת משקאות בע,IL,טרה חלב בקרטון 2 ליטר 3% שומן,ליטרים,2.00,ליטר,false,1,12.46,6.2300,true,1,114690
7290102398072,false,"חלב קרטון 3%-1 ליטר "" טרה"" -מוצר פיקוח",החברה המרכזית טלהפצת משקאות בע,IL,חלב בקרטון 1 ליטר 3% שומן,ליטרים,1.00,ליטר,false,1,6.23,6.2300,true,1,114689
7290102399635,false,"מולר פרופ יוגורט ביו עם קציפת קוקוס ואננס 150 מ""ל",החברה המרכזית טלהפצת משקאות בע,IL,מולר פרופ TROPICAL קוקוס ואננס 3.9% שומן,גרמים,150.00,100 גרם,false,1,6.50,4.3333,true,1,127325
7290103400255,false,סלט קולסלאו 400 ג בדצ ירקות שטראוס טעם ה,שטראוס בריאות ירקות טריי,IL,6*סלט קולסלאו 400 גרם שטראוס טעם הטבע,גרמים,400.00,100 גרם,false,1,9.90,2.4750,true,1,66811
7290103404758,false,סלט כרוב אדום במיונז אחלה 120 גרם,שטראוס גרופ בעמ/מצונן,IL,כרוב 120,גרמים,120.00,100 גרם,false,1,6.40,5.3333,true,1,56392
7290103408206,false,עלי חסה ערבית שטופים 250 גר טעם הטבע,שטראוס בריאות ירקות טריי,IL,עלי חסה בקופסא250 גר שטופים שטראוס,גרמים,250.00,100 גרם,false,1,13.90,5.5600,true,1,65296
7290103681173,false,"יין הר קברנה סובניון יקבי תבור 750 מ""ל.",החברה המרכזית טלהפצת משקאות בע,IL,הר קברנה סוביניון יין אדום יבש 2016 מל,מיליליטרים,750.00,"100 מ""ל",false,1,49.90,6.6533,true,1,122192
7290103681210,false,"יין הר שרדונה מיתוג תנשמת 750 מ""ל",*החברה המרכזית להפצת משקאותבעמ,IL,תבור הר שרדונה 750 מל,מיליליטרים,750.00,"100 מ""ל",false,1,49.90,6.6533,true,1,122189
7290104061417,false,סלט חומוס עם טחינה אחלה 400 גרם,שטראוס גרופ בעמ/מצונן,IL,חומוס טחינה 400 גרם,גרמים,400.00,100 גרם,false,1,12.90,3.2250,true,1,62173
7290104061424,false,סלט חומוס עם זעתר אחלה 400 גרם,שטראוס גרופ בעמ/מצונן,IL,חומוס זעתר 400 גרם,גרמים,400.00,100 גרם,false,1,12.90,3.2250,true,1,62174
7290104061431,false,סלט חומוס עם צנובר אחלה 400 גרם,שטראוס גרופ בעמ/מצונן,IL,חומוס צנובר 400 גרם,גרמים,400.00,100 גרם,false,1,12.90,3.2250,true,1,62175
7290104061448,false,סלט חומוס עם חריף אחלה 400 גרם,שטראוס גרופ בעמ/מצונן,IL,חומוס חריף 400 גרם,גרמים,400.00,100 גרם,false,1,12.90,3.2250,true,1,62176
7290104065934,false,עלי רוקט שטראוס 150 גר`-טעם הטבע,שטראוס בריאות ירקות טריי,IL,עלי רוקט 150 גרם שטופים שטראוס,גרמים,150.00,100 גרם,false,1,10.90,7.2667,true,1,67066
7290104067679,false,סלט טחינה אחלה 400גר,שטראוס גרופ בעמ/מצונן,IL,טחינה 400,גרמים,400.00,100 גרם,false,1,11.90,2.9750,true,1,109625
7290104503184,false,הבית עוגת שבת בראוניס טעם שוקולד ריבת חלב 380 גרם,קבוצת אוסם סחר-שות.מוגבלת,IL,הבית עוגת שבת בראוניס ט.שקלד.ר.חלב8*380ג,גרמים,380.00,100 גרם,false,1,22.90,6.0263,true,1,79893
7290104508943,false,במבה חטיף בוטנים אסם 200 גרם,קבוצת אוסם סחר-שות.מוגבלת,IL,במבה קלאסי 18*200 גרם,גרמים,200.00,100 גרם,false,1,13.90,6.9500,true,1,80898
7290104722530,false,תפוצ'יפס בטעם שמנת בצל עלית 200 גרם,"שטראוס פריטו ליי בע""\מ )",IL,תפו שמנת בצל 200 גר 12 יח - שמיטה,גרמים,200.00,100 גרם,false,1,15.50,7.7500,true,1,70605
7290104729003,false,שמן זית כתית יד מרדכי 750 גרם [מוצר מדבקה],מכוורת יד מרדכי שטרא,IL,שמן זית כתית מעולה 750 מוצר מדבקה,מיליליטרים,750.00,"100 מ""ל",false,1,39.90,5.3200,true,1,121106
7290104961489,false,"סקינגארד - ספריי תחליב לילדים 300 מ""ל SPF50",מיוצר עי : אמיליה קוסמטי,IL,"סקין גארד ספריי תחליב לילדים 300 SPF50 מ""ל",מיליליטרים,300.00,"100 מ""ל",false,1,49.90,16.6333,true,1,127287
7290104964664,false,"סקינגארד - ספריי שקוף בניחוח קוקוס ליים 200 מ""ל SPF30",אמיליה קוסמטיקס בעמ,IL,סקינגארד ניחוח קוקוס 30SPF,מיליליטרים,200.00,"100 מ""ל",false,1,39.90,19.9500,true,1,122945
7290104964671,false,"סקינגארד - ספריי שקוף בניחוח אננס ליצ'י 200 מ""ל SPF30",אמיליה קוסמטיקס בעמ,IL,סקינגארד ניחוח אננס 30SPF,מיליליטרים,200.00,"100 מ""ל",false,1,39.90,19.9500,true,1,122946
7290105108272,true,מטריה מבוגרים,,,מטריה מבוגרים,יחידה,1.00,יחידה,false,1,39.90,39.9000,true,1,134819
7290105360250,false,קפסולות 09 עשיר וארומטי למכונת נספרסו עלית 10יח',הנסיך- מפעל לייצור ט,IL,קפסולות 09 למכונות NESPRESSO,גרמים,50.00,100 גרם,false,1,19.90,39.8000,true,1,89475
7290105360328,false,קפסולות אספרסו חזק למכונות נספרסו 10 יח',הנסיך- מפעל לייצור ט,IL,קפסולות 10 למכונות נספרסו,גרמים,50.00,100 גרם,false,1,19.90,39.8000,true,1,89505
7290105360335,false,קפסולות אספרסו למכונות נספרסו 50 גר,הנסיך- מפעל לייצור ט,IL,קפסולות 07 למכונות NESPRESSO,גרמים,50.00,100 גרם,false,1,19.90,39.8000,true,1,89506
7290105363602,false,מקלות כיף כף קלאסי עלית (40 גרם),שולן צ'\יקולטה גידה סאן.,TR,כיף כף מקלות קלאסי,גרמים,40.00,100 גרם,false,1,6.90,17.2500,true,1,87441
7290105364289,false,מקלות כיף כף פצפוצים עלית 40 גרם,שולן צ'\יקולטה גידה סאן.,TR,כיף כף מקלות פצפוצים,גרמים,40.00,100 גרם,false,1,6.90,17.2500,true,1,87442
7290105364302,false,"עלית חטיף שוקולד כיף כף מקלות אגוזים, 40 גרם",שולן צ'\יקולטה גידה סאן.,TR,כיף כף מקלות אגוזים,גרמים,40.00,100 גרם,false,1,6.90,17.2500,true,1,87443
7290105364678,false,"אקטיביה משקה יוגורט בטעם אפרסק שטראוס 250 מ""ל",שטראוס גרופ בעמ/מצונן,IL,משקה אקטיביה אפרסק 1.2% בודד,מיליליטרים,250.00,"100 מ""ל",false,1,6.60,2.6400,true,1,78014
7290105366993,false,סימפוניה גבינת שמנת פלפל שיפקה 5% שטראוס 200 גרם,שטראוס גרופ בעמ/מצונן,IL,סימפוניה פילפל שיפקה חריף,גרמים,200.00,100 גרם,false,1,12.70,6.3500,true,1,95281
7290105368331,false,מעדן מילקי בטעם תות עם קצפת,שטראוס גרופ בעמ/מצונן,IL,מילקי בטעם תות,גרמים,133.00,100 גרם,false,1,3.30,2.4812,true,1,84116
7290105430458,false,"פלמוליב - תחליב רחצה נטורלס שקדים 750 מ""ל",הנסיך- מפעל לייצור ט,TR,"פלמוליב נטורלס תחליב רחצה חלב שקדים, 750 מל",מיליליטרים,750.00,"100 מ""ל",false,1,22.90,3.0533,true,1,89967
7290105431516,false,מארז חטיף פריי תמרים ובוטנים ללא גלוטן ותוספת סוכר 125 גרם,טבעית מוצרים מן הטבע בעמ,IL,"FREE חטיף תמרים ובוטנים, 5 חטיפים, 125 גרם",גרמים,125.00,100 גרם,false,1,17.90,14.3200,true,1,89969
7290105431868,false,"פלמוליב ספא קוקוס גרגרים נוזלי 500 מ""ל",הנסיך- מפעל לייצור ט,TR,500 מל סבון נוזלי פלמוליב חלב קוקוס,מיליליטרים,500.00,"100 מ""ל",false,1,19.90,3.9800,true,1,95249
7290105436382,false,חטיף פרי תמרים קשיו ללא תוספת סוכר וגלוטן 5 יח,טבעית מוצרים מן הטבע בעמ,IL,"FREE חטיף תמרים ואגוזי קשיו, 5 חטיפים, 125 גרם",גרמים,125.00,100 גרם,false,1,17.90,14.3200,true,1,100560
7290105439581,false,מנה מאסטר שף חרדל דיזיון צרפתי 370 גר,רמיה סי.וי.הולנד,FR,מאסטר שף חרדל דיז'ון צרפתי 370 גרם,גרמים,370.00,100 גרם,false,1,13.90,3.7568,true,1,110939
7290105500151,false,וודקה פינלנדיה רגיל 700,"אלטיה קורפ, הלסינקי,",FI,"פינלנדיה 700 מ""ל",מיליליטרים,700.00,"100 מ""ל",false,1,79.90,11.4143,true,1,85207
7290105500236,false,וויסקי ג'ק דניאלס מס' 7 Brand No,ג'ק דניאלס Jack Daniel's,US,טנסי וויסקי,מיליליטרים,700.00,"100 מ""ל",false,1,129.90,18.5571,true,1,99389
7290105691224,false,אסם חטיפי פריכונים טורטייה שום בצל 60 גרם,קבוצת אוסם סחר-שות.מוגבלת,IL,אסם חטיפי פריכונים טורטיה שום בצל 12*60ג,גרמים,60.00,100 גרם,false,1,8.50,14.1667,true,1,80999
7290105691248,false,אסם חטיפי פריכונים טורטייה תירס 60 גרם,קבוצת אוסם סחר שותפות מוגבלת,IL,אסם חטיפי פריכונים טורטיה תירס 12*60גרם,גרמים,60.00,100 גרם,false,1,8.50,14.1667,true,1,81000
7290105691934,false,קמח שמרים אסם 1 קילו,קבוצת אוסם סחר שותפות מוגבלת,IL,אסם קמח שמרים 10*1קג,קילוגרמים,1.00,"ק""ג",false,1,11.90,11.9000,true,1,86982
7290105695024,false,פתיתים אפויים אורז עם אטריות אסם 500 גרם,קבוצת אוסם סחר שותפות מוגבלת,IL,אסם פתיתים אפויים אורז עם אטריות 12*500ג,גרמים,500.00,100 גרם,false,1,8.90,1.7800,true,1,87558
7290105695321,false,עוגת הבית בראוניס פאדג' אסם 380 גרם,קבוצת אוסם סחר שותפות מוגבלת,IL,הבית עוגת בראוניס פאדג' 8*380גרם,גרמים,380.00,100 גרם,false,1,22.90,6.0263,true,1,84411
7290105695895,false,עוגת הבית דמקה דבש אסם (320 גרם),קבוצת אוסם סחר-שות.מוגבלת,IL,הבית עוגת דמקה דבש 8*320גרם,גרמים,320.00,100 גרם,false,1,16.90,5.2812,true,1,85020
7290105962980,false,כרוב אדום במיונז 400 ג' אחלה,מיוצר עי קונדיטוריית,IL,כרוב סגול במיונז 400 גרם,גרמים,400.00,100 גרם,false,1,11.90,2.9750,true,1,109624
7290105962997,false,חצילים אחלה במיונז 400 גר',שטראוס גרופ ***בעמ,IL,חציל מיונז 400,גרמים,400.00,100 גרם,false,1,11.90,2.9750,true,1,109623
7290105963000,false,סלט מטבוחה 400 ג' אחלה,מיוצר עי קונדיטוריית,IL,מטבוחה 400,גרמים,400.00,100 גרם,false,1,11.90,2.9750,true,1,109619
7290105965738,false,יוגורט לשתיה בטעם תות בננה267 ג' דנונה,שטראוס גרופ בעמ/מצונן,IL,דנונה לשתיה תות בננה 267גר',מיליליטרים,267.00,"100 מ""ל",false,1,6.90,2.5843,true,1,97149
7290105966469,false,חומץ בלסמי ממודנה יד מרדכי (250 מל),אצטייה ג'וזפה קרמוני,IT,חומץ בלסמי יד מרדכי,מיליליטרים,250.00,"100 מ""ל",false,1,16.50,6.6000,true,1,89814
7290105968654,false,רביולי עם בטטה פרווה שטראוס (400 גרם),שטראוס גרופ בעמ/מצונן,IL,רביולי בטטה פרווה 400 גרם,גרמים,400.00,100 גרם,false,1,20.00,5.0000,true,1,86147
7290105968777,false,פריכיות 5 דגנים עם תחתית שוקולד מריר 70 גרם,"טחנת האבן תעשיות בע""",IL,פריכיות אנרגי תחתית ש.מריר OS,גרמים,70.00,100 גרם,false,1,9.90,14.1429,true,1,90667
7290106520066,false,"רבע לשבע שוקולד חלב במילוי אגוזים עלית 160 גרם בד""צ","הגביע מוצרי וופלים בע""\מ",IL,רבע לשבע (ירוק) 160 גר',גרמים,160.00,100 גרם,false,1,16.90,10.5625,true,1,87837
7290106526822,false,פריכיות אורז חום מלא תחתית שוקולד חלב 80 גרם,"טחנת האבן תעשיות בע""",IL,פריכיות אנרגי תחתית ש.חלב OS,גרמים,80.00,100 גרם,false,1,9.90,12.3750,true,1,95506
7290106528567,false,חטיף תירס גריל דוריטוס (185 גרם),"שטראוס פריטו ליי בע""\מ )",IL,דוריטוס גריל 185 גר 12 יח,גרמים,185.00,100 גרם,false,1,11.90,6.4324,true,1,111312
7290106528628,false,חטיף תירס בטעם טבעי דוריטוס (185 גרם),"שטראוס פריטו ליי בע""\מ )",IL,דוריטוס DIPPAS טבעי 185 גר 12 יח,גרמים,185.00,100 גרם,false,1,11.90,6.4324,true,1,111313
7290106528949,false,סלט ערוגות שטראוס 450 גר`-טעם הטבע,שטראוס בריאות ירקות טריי,IL,סלט ערוגות 450 גרם שטראוס טעם הטבע,גרמים,450.00,100 גרם,false,1,13.90,3.0889,true,1,98528
7290106571792,false,קרחון ענבים ויטמנציק נסטלה,גלידות נסטלה )נגה גלידות,IL,ויטמינצ'יק קרחון ענבים 48*80גרם,גרמים,80.00,100 גרם,false,1,4.00,5.0000,true,1,89082
7290106573628,false,חומוס עם טחינה צבר (400 גרם),קבוצת אוסם סחר שותפות מוגבלת,IL,צבר חומוס עם טחינה 12*400גרם,גרמים,400.00,100 גרם,false,1,12.90,3.2250,true,1,91272
7290106573642,false,חומוס צנובר צבר 400 גרם,קבוצת אוסם סחר שותפות מוגבלת,IL,צבר חומוס צנובר 12*400גרם,גרמים,400.00,100 גרם,false,1,12.90,3.2250,true,1,91273
7290106574120,false,שלגון שרבט סוכריות גומיגם נסטלה 90 גרם,נגה גלידות שותפות מוגבלת,IL,גומיגם קרחון שרבט עם סוכריות בפנים42*90ג,גרמים,90.00,100 גרם,false,1,10.50,11.6667,true,1,95884
7290106574953,false,בייגלה שטוחים כעכים שטוחים עם שומשום,קבוצת אוסם סחר שותפות מוגבלת,IL,אסם בייגלה שטוחים שומשום 9*300גרם,גרמים,300.00,100 גרם,false,1,14.90,4.9667,true,1,92976
7290106574977,false,בייגלה שטוחים טבעות עם מלח אסם (300 גרם),קבוצת אוסם סחר שותפות מוגבלת,IL,אסם בייגלה שטוחים עם מלח 9*300גרם,גרמים,300.00,100 גרם,false,1,14.90,4.9667,true,1,92977
7290106575257,false,עוגת הבית סופלה בטעם שוקולד 340 ג' אסם,קבוצת אוסם סחר שותפות מוגבלת,IL,הבית עוגת סופלה בטעם שוקולד 8*340גרם,גרמים,340.00,100 גרם,false,1,15.90,4.6765,true,1,94204
7290106576223,false,"אפרופו שוקולד 40 גרם ""אסם""",קבוצת אוסם סחר שותפות מוגבלת,IL,אפרופו שוקולד 36*40גרם,גרמים,40.00,100 גרם,false,1,7.90,19.7500,true,1,112228
7290106576513,false,סלט רק חומוס צבר 400 גרם,קבוצת אוסם סחר שותפות מוגבלת,IL,צבר חומוס 12*400גרם,גרמים,400.00,100 גרם,false,1,12.90,3.2250,true,1,94312
7290106576537,false,חומוס מסעדות צבר 700 גרם,קבוצת אוסם סחר שותפות מוגבלת,IL,צבר חומוס מסעדה 6*700גרם,גרמים,700.00,100 גרם,false,1,12.70,1.8143,true,1,94432
7290106576797,false,"לה קרמריה גלידת וניל איטלקי כשל""פ 1.4ל'",נגה גלידות שותפות מוגבלת,IL,לה קרמריה וניל איטלקי בדצ 6*1.4ליטר,ליטרים,1.40,ליטר,false,1,31.90,22.7857,true,1,95892
7290106576810,false,גלידה לה קרמריה ריבת חלב 1.4 ל' נסטלה,נגה גלידות שותפות מוגבלת,IL,לה קרמריה ריבת חלב חתס.כלפ.6*1.4ל,ליטרים,1.40,ליטר,false,1,31.90,22.7857,true,1,95893
7290106576858,false,גלידה לה קרמריה תותים בשמנת 1.4 ל' נסטלה,נגה גלידות שותפות מוגבלת,IL,לה קרמריה תותים בשמנת כלפ.6*1.4ליטר,ליטרים,1.40,ליטר,false,1,31.90,22.7857,true,1,95895
7290106576971,false,גלידה לה קרמריה שוקולד בלגי 1.4 ל' נסטלה,נגה גלידות שותפות מוגבלת,IL,לה קרמריה גלידת שוקולד 6*1.4ל,ליטרים,1.40,ליטר,false,1,31.90,22.7857,true,1,95894
7290106576995,false,גלידה סורבה לה קרמריה תות מנגו לייט 1.4 ל' נסטלה,נגה גלידות שותפות מוגבלת,IL,לה קרמריה סורבה לייט תות מנגו 6*1.4ליטר,ליטרים,1.40,ליטר,false,1,31.90,22.7857,true,1,95901
7290106577039,false,גלידה לה קרמריה שוקו וניל פליק 1.4 ל' נסטלה,נגה גלידות שותפות מוגבלת,IL,לה קרמריה שוקו וניל פליק חלבי בדצ 6*1.4ל,לא מנהל יחידת מידה,0.00,לא מנהל יחידת מידה,false,1,31.90,0.0000,true,1,95896
7290106577282,false,טחינה אמיתית מרובע 400 ג' צבר,קבוצת אוסם סחר-שות.מוגבלת,IL,צבר טחינה מרובע 6*400גרם,גרמים,400.00,100 גרם,false,1,13.90,3.4750,true,1,94624
7290106577503,false,סלט חציל במיונז צבר 400 גרם,קבוצת אוסם סחר-שות.מוגבלת,IL,צבר חציל במיונז מרובע 6*400גרם,גרמים,400.00,100 גרם,false,1,13.90,3.4750,true,1,94628
7290106577541,false,צבר כרוב אדום מרובע 400גרם,קבוצת אוסם סחר-שות.מוגבלת,IL,צבר כרוב אדום מרובע 6*400גרם,גרמים,400.00,100 גרם,false,1,13.90,3.4750,true,1,94630
7290106577572,false,מטבוחה אמיתית מרובע 400 ג' צבר,קבוצת אוסם סחר-שות.מוגבלת,IL,צבר מטבוחה מרובע 6*400גרם,גרמים,400.00,100 גרם,false,1,13.90,3.4750,true,1,94631
7290106578692,false,ביסלי במבה מיקס מהדורת אליפות אסם 80 גרם,קבוצת אוסם סחר שותפות מוגבלת,IL,במבה ביסלי מיקס 36*80גרם,גרמים,80.00,100 גרם,false,1,7.90,9.8750,true,1,97594
7290106653504,false,סבבה בוטנים אמריקאים ברביקיו 50 גרם,שטראוס פריטו ליי בע`מ,IL,בוטנים ברביקיו ללא תקשור 50 גר 50,גרמים,50.00,100 גרם,false,1,3.00,6.0000,true,1,95116
7290106653689,false,לקט לסלט אסייתי 350 גר`-טעם הטבע,שטראוס בריאות ירקות טריי,IL,לקט לסלט בסגנון אסייתי 350 גרם שטראוס טע,גרמים,350.00,100 גרם,false,1,11.90,3.4000,true,1,115255
7290106658479,false,עלית וופל בטעם טורטית אגוזים 360גר,"שטראוס גרופ בע""\מ",IL,טורטית מגדים 40 גרם,גרמים,40.00,100 גרם,false,1,6.90,17.2500,true,1,111864
7290106662025,false,תפוציפס טבעי מלח ופלפל 50 גרם,שטראוס פריטו ליי בע`מ,IL,תפו מלח פלפל 50 גר 48 יח - שמיטה,גרמים,50.00,100 גרם,false,1,5.90,11.8000,true,1,113426
7290106663121,false,"עוגה אישית במילוי קרם חלב ""מילקי קייק"" שטראוס",בובארד איטליה אס.פי.איי,IT,עוגת מילקי CAKE אישית 34 גרם,גרמים,34.00,100 גרם,false,1,4.00,11.7647,true,1,107963
7290106667266,false,חטיף תירס חמוץ חריף דוריטוס (185 גרם),"שטראוס פריטו ליי בע""\מ )",IL,דוריטוס חמוץ חריף 185 גר 12 יח,גרמים,185.00,100 גרם,false,1,11.90,6.4324,true,1,111310
7290106668577,false,"מיץ לימון טיבעי 250 מ""ל יד מרדכי",האי נאם סי או אל.טי.,IT,"מיץ לימון טבעי 250 מ""ל",מיליליטרים,250.00,"100 מ""ל",false,1,9.80,3.9200,true,1,107226
7290106668713,false,יוגורט עם פירות יער 3% שומן 150 ג' דנונה,שטראוס גרופ בעמ/מצונן,IL,דנונה פירות יער 3%,גרמים,150.00,100 גרם,false,1,4.50,3.0000,true,1,109292
7290106720626,false,חטיף תירס בטעם גבינה צ`יטוס (80 גרם),"שטראוס פריטו ליי בע""\מ )",IL,ציטוס גבינה 80 ג 48 יח רבנות,גרמים,80.00,100 גרם,false,1,5.90,7.3750,true,1,113739
7290106721920,false,צנצנת מסטיק מאסט בטעם ספירמינט עדין 66 ג' עלית,"שטראוס גרופ בע""\מ.",IL,"צנצנת ספירמינט לל""ס 66 גרם",גרמים,66.00,100 גרם,false,1,11.90,18.0303,true,1,107208
7290106723689,false,עלי תרד בייבי 200 גר`שטראוס טעם הטבע,שטראוס בריאות ירקות טריי,IL,עלי תרד בייבי שטראוס 200 גרם,גרמים,200.00,100 גרם,false,1,10.90,5.4500,true,1,111074
7290106725867,false,סירופ מייפל טהור ללס יד מרדכי 189 גר,שטראוס גרופ בע`מ,CA,"סירופ מייפל טבעי 189 מ""ל",מיליליטרים,189.00,"100 מ""ל",false,1,42.90,22.6984,true,1,110028
7290106727984,false,"כיף כף פצפצים בגביע 135 גרם ""עלית""",שולן צ'\יקולטה גידה סאן.,TR,גביע פצפצים 135 ג' 2016,גרמים,135.00,100 גרם,false,1,14.90,11.0370,true,1,112232
7290106728127,false,חלב טבעי 3.6% יטבתה (1 ליטר),שטראוס גרופ בעמ/מצונן,IL,חלב בבקבוק טבעי 3.6%,ליטרים,1.00,ליטר,false,1,8.50,8.5000,true,1,109979
7290107280020,false,שלישיית מטליות לחות לניקוי כללי סנו סושי 50 יחידות,החברה הדרומית לשיווק בעמ,IL,שלישיה מטליות לחות לניקוי כללי,לא מנהל יחידת מידה,0.00,לא מנהל יחידת מידה,false,1,25.60,0.0000,true,1,92223
7290107280075,true,תבניות אלומיניום לאפ,מיוצר עי קונדיטוריית,CN,"סנו סושי, תבניות אלומיניום מידה L, 130 גרם",Unknown,0.00,Unknown,false,1,9.90,0.0000,true,1,107052
7290107280099,false,שלישיית מגובנים נשטפים באסלה סופט סוד 48 יחידות,החברה הדרומית לשיווק בעמ,IL,"סנו סופט מגבוני טואלט לחים, מארז שלישייה",Unknown,0.00,Unknown,false,1,20.70,0.0000,true,1,99159
7290107280570,false,סנו - מקסימה ג'ל כביסה מרוכז לכביסה צבעונית 3 ליטר,החברה הדרומית לשיווק בעמ,IL,ג'ל כביסה 3 ל' MIX&WASH לכביסה צבעונית,ליטרים,3.00,ליטר,false,1,35.90,11.9667,true,1,101470
7290107280600,false,טבליות למדיח סנו ספארק 100 טבליות במארז,החברה הדרומית לשיווק בעמ,PL,"סנו ספארק, טבליות למדיח, 2000 גרם",לא מנהל יחידת מידה,1.50,לא מנהל יחידת מידה,false,1,56.90,37.9333,true,1,117111
7290107280716,true,מלח למדיח,"מלח הארץ אילת בע""מ",IL,סנו ספארק מלח למדיח 2 קג,קילוגרמים,2.00,"ק""ג",false,1,14.90,7.4500,true,1,107046
7290107280723,false,נוזל לניקוי כלים סנו ספארק Spark בניחוח לימון רענן,החברה הדרומית לשיווק בעמ,IL,סנו ספארק נוזל לניקוי כלים בניחוח לימון רענן,מיליליטרים,700.00,"100 מ""ל",false,1,11.90,1.7000,true,1,103037
7290107280730,false,נוזל לניקוי כלים סנו ספארק Spark בניחוח לבנדר,החברה הדרומית לשיווק בעמ,IL,סנו נוזל לניקוי כלים בניחוח לבנדר עדין 700 מל,מיליליטרים,700.00,"100 מ""ל",false,1,11.90,1.7000,true,1,103038
7290107280747,false,נוזל לניקוי כלים סנו ספארק Spark קלאסי,החברה הדרומית לשיווק בעמ,IL,סנו ספארק נוזל לניקוי כלים קלאסי,מיליליטרים,700.00,"100 מ""ל",false,1,11.90,1.7000,true,1,103039
7290107280761,false,נוזל לניקוי כלים בניחוח לימון רענן סנו ספארק Spark,החברה הדרומית לשיווק בעמ,IL,ספארק משאבה לימון 1ל,ליטרים,1.00,ליטר,false,1,14.90,14.9000,true,1,103254
7290107602099,false,כובע סרוג צבעים,אודס,,כובע סרוג צבעים,יחידה,1.00,יחידה,false,1,24.90,24.9000,true,1,100375
7290107646147,false,"חטיף שוגי קורנפלקס תלמה 156 גרם מארז 6 יחידות בד""צ",יוניליוור ישראל שיווק בע`מ,IL,"שוגי חטיף פתיתי תירס קלויים, 156 גרם",גרמים,156.00,100 גרם,false,1,15.90,10.1923,true,1,117802
7290107646154,false,"חטיף קוקומן פצפוצים תלמה 126 גרם מארז 6 יחידות בד""צ",יוניליוור ישראל שיווק בע`מ,IL,"קוקומן חטיף פצפוצי דגנים בטעם שוקולד, 126 גרם",גרמים,126.00,100 גרם,false,1,15.90,12.6190,true,1,117803
7290107646826,false,"חטיף שוגי שוקו תלמה 156 גרם מארז 6 יחידות בד""צ",יוניליוור ישראל שיווק בע`מ,IL,"שוגי חטיף פתיתי תירס קלויים בטעם שוקולד, 156 גרם",גרמים,156.00,100 גרם,false,1,14.90,9.5513,true,1,117804
7290107647632,false,קורנטו מעדן קפוא טעם וניל,"גלידת שטראוס בע""\מ, רח'\",IL,קורנטו כשלפ וניל,לא מנהל יחידת מידה,0.00,לא מנהל יחידת מידה,false,1,10.90,0.0000,true,1,122561
7290107647816,false,"דגני ברנפלקס ללא תוספת סוכר 500 גרם בד""צ",יוניליוור ישראל שיווק בע`מ,IL,ברנפלקס ללא תוספת סוכר 500 גרם,גרמים,500.00,100 גרם,false,1,25.90,5.1800,true,1,115237
7290107647823,false,"ברנפלקס פתיתי חיטה מלאה וסובין 500 גרם ""תלמה""",יוניליוור ישראל שיווק בע`מ,IL,ברנפלקס בדצ500 גרם,גרמים,500.00,100 גרם,false,1,25.90,5.1800,true,1,115236
7290107649605,false,קליק אקסטרא לארג שוקולד חלב עם פתיתי תירס ודגנים,יוניליוור ישראל שיווק בע`מ,IL,קליק שוקולד חלב קורנפלקס ופצפוצים 85 גרם,גרמים,85.00,100 גרם,false,1,9.90,11.6471,true,1,118207
7290107649681,false,טילון פסק זמן - נוגט קראנץ',"מיוצר ע""\י גלידת שטראוס",IL,קורנטו טילון פסק זמן בטעם נוגט ושוקולד 64 גרם,גרמים,64.00,100 גרם,false,1,10.90,17.0313,true,1,123146
7290107649780,false,שלגון שוקובו שוקו 85,"מיוצר ע""\י גלידת שטראוס",IL,שוקובו שוקו 85 גרם,גרמים,85.00,100 גרם,false,1,12.90,15.1765,true,1,123149
7290107649858,false,טילון סופר מגנום וניל ושוקלד לבן,"מיוצר ע""\י גלידת שטראוס",IL,מגנום טילון שוקולד לבן 100 גרם,גרמים,100.00,100 גרם,false,1,13.50,13.5000,true,1,123776
7290107865197,false,סמארט 4500 שאיפות מל,shenzhen shengsi,CN,סמארט 4500 שאיפות מלון,יחידה,1.00,יחידה,false,1,149.90,149.9000,false,1,133755
7290107865227,false,סמארט 4500 שאיפות פי,shenzhen shengsi,CN,סמארט 4500 שאיפות פירות,יחידה,1.00,יחידה,false,1,149.90,149.9000,false,1,133759
7290107870047,false,טילון אקסטרים115-120 גרם ענק נסטלה 120 גרם,נגה גלידות שותפות מוגבלת,IL,אקסטרים טילון בראוניז מטבע ענק 18*115גרם,גרמים,133.00,100 גרם,false,1,12.50,9.3985,true,1,103175
7290107871990,false,פסטה צינורות מהדרין אסם (500 גרם),קבוצת אוסם סחר שותפות מוגבלת,IT,אסם פסטה צינורות איטלקי 12*500גרם,גרמים,500.00,100 גרם,false,1,6.90,1.3800,true,1,104307
7290107875400,false,גלידה לה קרמריה פיסטוק מוקה 1.4 ל' נסטלה,נגה גלידות שותפות מוגבלת,IL,לה קרמריה פיסטוק מוקה פרווה בדצ6*1.4ליטר,ליטרים,1.40,ליטר,false,1,23.90,17.0714,true,1,102757
7290107879521,false,קרחון לה פרוטה שרבט תות מאגדת 5יח',נגה גלידות שותפות מוגבלת,IL,לה פרוטה מאגדת תות 8 5*70גרם,גרמים,350.00,100 גרם,false,1,28.90,8.2571,true,1,111267
7290107879569,false,קרחון לה פרוטה שרבט מנגו מאגדת 5יח',נגה גלידות שותפות מוגבלת,IL,לה פרוטה מאגדת מנגו 8 5*70גרם,גרמים,350.00,100 גרם,false,1,29.90,8.5429,true,1,111268
7290107879620,false,קרחון שרבט מלון תפוח לה פרוטה נסטלה 70 גרם,גלידות נסטלה )נגה גלידות,IL,לה פרוטה תפוח מלון 36*70גרם,גרמים,70.00,100 גרם,false,1,8.90,12.7143,true,1,110746
7290107879644,false,שלגון לה פרוטה תמר פקאן נסטלה 70ג',המאפיה של הרמן,IL,לה פרוטה בננה תמר פקאן 36*65גרם,גרמים,65.00,100 גרם,false,1,8.90,13.6923,true,1,110745
7290107879668,false,קרחון שרבט תות לה פרוטה נסטלה 70 גרם,נגה גלידות שותפות מוגבלת,IL,לה פרוטה תות 36*70גרם,גרמים,70.00,100 גרם,false,1,8.90,12.7143,true,1,110743
7290107879699,false,קרחון שרבט מנגו לה פרוטה נסטלה 70 גרם,נגה גלידות שותפות מוגבלת,IL,לה פרוטה מנגו 36*70גרם,גרמים,70.00,100 גרם,false,1,8.90,12.7143,true,1,110744
7290107879712,false,שלגון לה פרוטה פירות אדומים 70 גרם,נסטלה גלידות,IL,שרבט לה פרוטה פירות אדומים 70גרם,גרמים,70.00,100 גרם,false,1,8.90,12.7143,true,1,132836
7290107931397,false,כיף כף פצפוצים במילוי שוקולד 40 גרם,שולן צ'\יקולטה גידה סאן.,TR,כיף כף פצפצים,גרמים,40.00,100 גרם,false,1,6.90,17.2500,true,1,111616
7290107932080,false,חלב מועשר יוטבתה בבקבוק 3% 1 ליטר,שטראוס גרופ בעמ/מצונן,IL,חלב בבקבוק 3% מועשר- מהדרין,ליטרים,1.00,ליטר,false,1,8.50,8.5000,true,1,109977
7290107932134,false,חלב מועשר יוטבתה בבקבוק 1% 1 ליטר,שטראוס גרופ בעמ/מצונן,IL,חלב בבקבוק 1% מועשר- מהדרין,ליטרים,1.00,ליטר,false,1,8.50,8.5000,true,1,109978
7290107933155,false,לקט סלנובה 200 גר ירקות שטראוס טעם הטבע,שטראוס בריאות ירקות טריי,IL,לקט סלנובה 200 גרם שטראוס טעם הטבע,גרמים,200.00,100 גרם,false,1,15.90,7.9500,true,1,111117
7290107933315,false,חלב 2% דל לקטוז בבקבוק יטבתה (1 ליטר),שטראוס גרופ בעמ/מצונן,IL,חלב בבקבוק דל לקטוז 2%- מהדרין,ליטרים,1.00,ליטר,false,1,8.50,8.5000,true,1,109980
7290107936309,false,דנונה יוגורט 7% יווני לבן 130 ג',שטראוס גרופ בעמ/מצונן,IL,דנונה יוגורט יווני לבן,גרמים,130.00,100 גרם,false,1,3.40,2.6154,true,1,112394
7290107936965,false,עיגולים עד חצות עם שוקולד חלב 225 גר,ביסקווטרי עוגיות סנט,FR,עד חצות עיגולים,גרמים,225.00,100 גרם,false,1,18.90,8.4000,true,1,115838
7290107937542,false,משקה יוגורט אקטיביה עם תות 1.2% שומן,שטראוס גרופ בעמ/מצונן,IL,משקה אקטיביה תות 1.2% בודד,גרמים,250.00,100 גרם,false,1,6.60,2.6400,true,1,111719
7290107937627,false,מסטיק מאסט Must קוביות ללא סוכר בטעם מנטה עדינה,שטראוס גרופ בע`מ,DE,צנצנת קוביות מנטה עדינה 58 גרם,גרמים,58.00,100 גרם,false,1,11.90,20.5172,true,1,112379
7290107937634,false,צנצנית מסטיק מאסט קוביות פפירמינט 58 ג' עלית,שטראוס גרופ בע`מ,DE,צנצנת קוביות מנטה 58 גרם,גרמים,58.00,100 גרם,false,1,11.90,20.5172,true,1,112361
7290107937641,false,צנצנת קוביות בזוקה גומי לעיסה 58גר,שטראוס גרופ בע`מ,DE,צנצנת קוביות בזוקה 58 גרם,גרמים,58.00,100 גרם,false,1,11.90,20.5172,true,1,112381
7290107937856,false,קפסולות 11חזק למכונות נספרסו עלית 10יח',הנסיך- מפעל לייצור ט,IL,קפסולות 11 למכונות נספרסו,גרמים,50.00,100 גרם,false,1,19.90,39.8000,true,1,112320
7290107938396,false,שמיניית אקטימל תות דיסני בנים 108 גרם,שטראוס גרופ בעמ/מצונן,IL,אקטימל שמיניה תות,מיליליטרים,864.00,"100 מ""ל",false,1,23.50,2.7199,true,1,111838
7290107942355,false,תפוצ`יפס מקלות בטעם טבעי 60 גרם,שטראוס פריטו ליי בע`מ,IL,תפו מקלות טבעי 60 גר 56 יח,גרמים,60.00,100 גרם,false,1,5.90,9.8333,true,1,112520
7290107943369,false,קוואקר שיבולת שועל ללא גלוטן 511 גרם,שטראוס פריטו ליי בע`מ,US,קוואקר שיבולת שועל ללא גלוטן 511 גר 6 יח,גרמים,511.00,100 גרם,false,1,19.90,3.8943,true,1,115296
7290107944472,false,סימפוניה גבינה במרקם שמנת 5% שום שמיר,שטראוס גרופ בעמ/מצונן,IL,סימפוניה שום שמיר 5%,גרמים,200.00,100 גרם,false,1,12.70,6.3500,true,1,112530
7290107945165,false,קונפיטורת משמש יד מרדכי 340 גרם,אף.סי תבליני בגליל ב,IL,קונפיטורת משמש 340 גרם,גרמים,340.00,100 גרם,false,1,15.90,4.6765,true,1,113179
7290107950183,false,מעדן שטראוס דיאט וניל%0.5,שטראוס גרופ בעמ/מצונן,IL,מעדן שטראוס דיאט וניל 2021,גרמים,130.00,100 גרם,false,1,3.50,2.6923,true,1,112397
7290107951104,false,בפלות ופלים ארוכים בטעם שוקולד,"שטראוס גרופ בע""\מ",IL,בפלות שוקולד 200 גרם,גרמים,200.00,100 גרם,false,1,6.90,3.4500,true,1,112577
7290107951111,false,בפלות ופלים ארוכים בטעם לימון,שטראוס גרופ בע`מ,IL,בפלות לימון 200 גרם,גרמים,200.00,100 גרם,false,1,6.90,3.4500,true,1,112580
7290107951715,false,צנצנת מסטיק מאסט קוביות בטעם ענבים 58 ג' עלית,שטראוס גרופ בע`מ,IL,צנצנת קוביות ענבים 58 גרם,גרמים,58.00,100 גרם,false,1,11.90,20.5172,true,1,113173
7290107954976,false,משקה חלב PRO עם קפה 1.5% 25 גרם חלבון בבקבוק,שטראוס גרופ בעמ/מצונן,DE,משקה קפה עם חלבון חלב 350 מיל,מיליליטרים,350.00,"100 מ""ל",false,1,7.50,2.1429,true,1,114791
7290107956642,false,"תרסיס שמן זית 150 מ""ל יד מרדכי כשלפ",פארייפאבה אגרואינדוס,ES,"תרסיס שמן זית 150 מ""ל",מיליליטרים,150.00,"100 מ""ל",false,1,19.90,13.2667,true,1,116381
7290107956901,true,קפסולות אגוזי לוז למ,הנסיך- מפעל לייצור ט,IL,קפסולות אגוזי לוז למכונות NESPRESSO,לא מנהל יחידת מידה,0.00,לא מנהל יחידת מידה,false,1,19.90,0.0000,true,1,118422
7290107956925,true,קפסולות קפה אספרסו 1,הנסיך- מפעל לייצור ט,IL,קפסולות אוגנדה מס' 13,לא מנהל יחידת מידה,0.00,לא מנהל יחידת מידה,false,1,19.90,0.0000,true,1,120636
7290107956932,true,קפסולות אינדונזיה,הנסיך- מפעל לייצור ט,IL,קפסולות קפה עלית אינדונזיה מס' 12,Unknown,0.00,Unknown,false,1,19.90,0.0000,true,1,119971
7290107973014,false,"סבון ידיים משאבה פלמוליב חלב ודבש 300 מ""ל",הנסיך- מפעל לייצור ט,TR,פלמוליב סבון ידיים חלב ודבש 300 מל,מיליליטרים,300.00,"100 מ""ל",false,1,11.90,3.9667,true,1,114612
7290107973038,false,"סבון ידיים משאבה פלמוליב אקווריום 300 מ""ל",הנסיך- מפעל לייצור ט,IT,פלמוליב סבון ידיים אקווריום 300 מל,מיליליטרים,300.00,"100 מ""ל",false,1,11.90,3.9667,true,1,114611
7290107973861,false,מאסטר שף עגבניות קצוצות דק שלישיה 400ג*3 כשלפ,קונסרזיו קאסאלאסקו ד,IT,מאסטר שף עגבניות קצוצות דק מארז שלישייה,גרמים,400.00,100 גרם,false,1,15.90,3.9750,true,1,112216
7290107974066,false,"עלי טורטיה קמח מלא 20ס""מ 8יח' מאסטר שף 320ג'",אלקאטי קורביישיסי גי,ES,עלי טורטיה קמח מלא 320 גרם,גרמים,320.00,100 גרם,false,1,11.30,3.5313,true,1,111782
7290107974073,false,עלי טורטיה קמח לבן 320 גר`מנה מאסטר שף,אלקאטי קורביישיסי גי,ES,מאסטר שף עלי טורטיה קמח לבן 320 גר,גרמים,320.00,100 גרם,false,1,11.30,3.5313,true,1,111780
7290107974080,false,עלי טורטיה קמח לבן 744 גר`מנה מאסטר שף,הדקלאים אגודת שיתופי,ES,מאסטר שף עלי טורטייה קמח חיטה 756 גרם,גרמים,840.00,100 גרם,false,1,19.90,2.3690,true,1,111781
7290107977456,false,"פלמוליב - ג'ל רחצה ושמפו ספורט לגבר 750 מ""ל",קולגייט פלמוליב,TR,"פלמוליב סבון נוזלי ספורט לגבר 750 מ""ל",מיליליטרים,750.00,"100 מ""ל",false,1,22.90,3.0533,true,1,125776
7290107978323,false,איטריות דקיקות מאסטר שף 400 גרם,הדקלאים אגודת שיתופי,PL,"מאסטר שף, אטריות דקיקות, 400 גרם",גרמים,400.00,100 גרם,false,1,6.50,1.6250,true,1,114350
7290107978330,false,מאסטר שף איטריות דקות 400 גרם,הדקלאים אגודת שיתופי,PL,מאסטר שף אטריות דקות 400 גרם,גרמים,400.00,100 גרם,false,1,6.50,1.6250,true,1,114351
7290107979191,false,"תבנית אלומיניום עם נייר אפייה ענק 2 ""קוקי""",ש.שסטוביץ בעמ,CN,קוקי תבנית אלומיניום עם נייר אפייה ענק,יחידה,1.00,יחידה,false,1,13.90,13.9000,true,1,114941
7290108350203,false,"סנו סושי כריות קרצוף+ספוג מקציף 6 יחידות 12X9 ס""מ",החברה הדרומית לשיווק בעמ,US,כריות קרצוף עם ספוג מקציף 6 יחידות,לא מנהל יחידת מידה,0.00,לא מנהל יחידת מידה,false,1,11.90,0.0000,true,1,111802
7290108350531,false,סנו ספארק נוזל כלים בניחוח קלאסי עם משאבה 1 ל',מיוצר עי קונדיטוריית,IL,ספארק משאבה קלאסי 1ל,ליטרים,1.00,ליטר,false,1,14.90,14.9000,true,1,109081
7290108350548,false,סנו ספארק נוזל כלים בניחוח לבנדר עם משאבה 1 ל',החברה הדרומית לשיווק בעמ,IL,סנו נוזל לניקוי כלים בניחוח לבנדר עדין 1 ליטר,ליטרים,1.00,ליטר,false,1,14.90,14.9000,true,1,109082
7290108351156,false,ג'ל ניקוי כללי בתוספת חומץ בריח לבנדר סנו ג'ט 1.5 ליטר,החברה הדרומית לשיווק בעמ,IL,ג'ט + לניקוי כללי ורצפות בתוספת חומץ 1.5 ליטר,ליטרים,1.50,ליטר,false,1,15.90,10.6000,true,1,112727
7290108351552,false,"סנו - ג'ט לניקוי כללי בתוספת חומץ בניחוח לבנדר 750 מ""ל",החברה הדרומית לשיווק בעמ,IL,"סנו ג'ט+ לניקוי כללי בתוספת חומץ מרסס 750 מ""ל",מיליליטרים,750.00,"100 מ""ל",false,1,18.90,2.5200,true,1,116274
7290108351590,false,"סנופרש הום בלו בלוסון בניחוח מרכך כביסה 350 מ""ל",החברה הדרומית לשיווק בעמ,IL,פרש הום בלו,מיליליטרים,350.00,"100 מ""ל",false,1,17.90,5.1143,true,1,114865
7290108351620,false,סנו פרש NO.2 לוכד ריחות רעים,"סנו מפעלי ברונוס בע""\מ",IL,"סנו פרש- NO.2 לוכד ריחות רעים 60 מ""ל",מיליליטרים,60.00,"100 מ""ל",false,1,15.90,26.5000,true,1,115761
7290108351804,false,מרכך כביסה סופר מרוכז Gentl Breeze סנו מקסימה 1 ליטר,החברה הדרומית לשיווק בעמ,IL,מרכך בבישום עוצמתי gentel breeze,ליטרים,1.00,ליטר,false,1,21.90,21.9000,true,1,125412
7290108351811,false,מרכך כביסה סופר מרוכז Floral touch סנו מקסימה 1 ליטר,החברה הדרומית לשיווק בעמ,IL,מרכך כביסה בבישום עוצמתי floral touch,ליטרים,1.00,ליטר,false,1,21.90,21.9000,true,1,125408
7290108351910,false,סנו ספארק טבליות למדיח 30 יחידות,החברה הדרומית לשיווק בעמ,PL,טבליות למדיח 30 יחידות,לא מנהל יחידת מידה,0.00,לא מנהל יחידת מידה,false,1,25.90,0.0000,true,1,122014
7290108352672,false,צמד מטליות הפלא לרצפה מיקרפייבר סנו סושי,החברה הדרומית לשיווק בעמ,CN,"סנו סושי, צמד מטליות במארז, מטלית הפלא לרצפה",Unknown,0.00,Unknown,false,1,21.90,0.0000,true,1,114857
7290108352801,false,"שקיות אשפה לפחים קטנים 45 * 56 ס""מ סנו סושי 100 יחידות",החברה הדרומית לשיווק בעמ,IL,שקיות אשפה לפחים קטנים,לא מנהל יחידת מידה,0.00,לא מנהל יחידת מידה,false,1,21.90,0.0000,true,1,119507
7290108352818,false,מטלית במבוק לניקוי דוחה ריחות רעים,החברה הדרומית לשיווק בעמ,CN,סנו סושי מטלית במבוק לניקוי,לא מנהל יחידת מידה,0.00,לא מנהל יחידת מידה,false,1,9.90,0.0000,true,1,122007
7290108352825,false,ספוג הפלא נירוסטה סנו סושי 3יח',החברה הדרומית לשיווק בעמ,CN,ספוג הפלא נירוסטה,גרמים,44.00,100 גרם,false,1,10.90,24.7727,true,1,120099
7290108352863,false,סנו סושי שקיות צלייה 20יח' מידה L,החברה הדרומית לשיווק בעמ,TR,"סנו סושי- שקיות צלייה, 20 יחידות",יחידה,0.00,יחידה,false,1,9.90,0.0000,true,1,120749
7290108352870,false,סנו סושי שקיות צלייה 10יח' מידה XL,החברה הדרומית לשיווק בעמ,TR,"סנו סושי- שקיות צלייה, 10 יחידות",יחידה,0.00,יחידה,false,1,9.90,0.0000,true,1,120748
7290108353044,false,תב.אפייה מנייר סנו סושי מאפינס גדול 24 י,החברה הדרומית לשיווק בעמ,CN,תבניות אפייה מנייר L,יחידה,1.00,יחידה,false,1,12.90,12.9000,true,1,128098
7290108353099,false,ממחטות אף במארז ניילון סנו סופט 5 יח' * 100 דף,החברה הדרומית לשיווק בעמ,CN,סנו סופט - 500 ממחטות אף דו שכבתיות נשלפות אחת אחת,יחידה,1.00,יחידה,false,1,16.90,16.9000,true,1,125469
7290108353433,false,שטיפת פה לרעננות מתמשכת מנטה עדין Protect & Fresh,"קוסמופארם בע""\מ",IL,שטיפת מי פה אורביטול,מיליליטרים,500.00,"100 מ""ל",false,1,24.70,4.9400,true,1,121410
7290108356113,false,תחליב רחצה כיף ניחוח דבש 700 מל,החברה הדרומית לשיווק בעמ,IL,"כיף תחליב רחצה חלב ודבש, 700 מל",מיליליטרים,700.00,"100 מ""ל",false,1,14.90,2.1286,true,1,121417
7290108356151,false,תחליב רחצה כיף ניחוחמאסק יסמין 700 מל,החברה הדרומית לשיווק בעמ,IL,"כיף תחליב רחצה מאסק ויסמין, 700 מל",מיליליטרים,700.00,"100 מ""ל",false,1,14.90,2.1286,true,1,121420
7290108356168,false,תחליב רחצה כיף ניחוח אוקיינס700 מל,החברה הדרומית לשיווק בעמ,IL,"כיף תחליב רחצה אוקיינוס, 700 מל",מיליליטרים,700.00,"100 מ""ל",false,1,14.90,2.1286,true,1,121419
7290108357707,false,"כיף שמפו לשיער רגיל- תפוח זרעי צ'יה 700 מ""ל",החברה הדרומית לשיווק בעמ,IL,כיף שמפו לשיער רגיל תפוח זרעי ציה 700 מ,מיליליטרים,700.00,"100 מ""ל",false,1,14.90,2.1286,true,1,122276
7290108357714,false,"כיף שמפו לשיער יבש -רימונים ושמן ארגן 700 מ""ל",החברה הדרומית לשיווק בעמ,IL,כיף שמפו לשיער יבש רימונים ושמן ארג700 מ,מיליליטרים,700.00,"100 מ""ל",false,1,14.90,2.1286,true,1,122278
7290108357769,false,"מרכך לשיער רגיל תפוח וזרעי צ'יה 700 מ""ל כיף",החברה הדרומית לשיווק בעמ,IL,כיף מרכך לשיער רגיל תפוח זרעי ציה 700 מ,מיליליטרים,700.00,"100 מ""ל",false,1,14.90,2.1286,true,1,122277
7290108357776,false,"כיף מרכך לשיער יבש -רימונים ושמן ארגן 700 מ""ל",החברה הדרומית לשיווק בעמ,IL,כיף מרכך לשיער יבש רימונים ושמן ארג700 מ,מיליליטרים,700.00,"100 מ""ל",false,1,14.90,2.1286,true,1,122601
7290108359824,false,"כיף - בייבי כיף קרם 500 מ""ל",החברה הדרומית לשיווק בעמ,IL,"לעור רגיש, 500 מל",מיליליטרים,500.00,"100 מ""ל",false,1,25.90,5.1800,true,1,121416
7290108359831,false,בייבי שמן לתינוק לעור עדין כיף (500 מל),החברה הדרומית לשיווק בעמ,IL,בייבי כיף שמן גוף עם לחות מועשרת 500 מל,מיליליטרים,500.00,"100 מ""ל",false,1,25.90,5.1800,true,1,121415
7290108359855,false,"שמפו אל דמע בייבי כיף+משאבה 750 מ""ל",החברה הדרומית לשיווק בעמ,IL,"בייבי כיף שמפו אל דמע, 750 מל",מיליליטרים,750.00,"100 מ""ל",false,1,18.90,2.5200,true,1,121414
7290108502329,true,נתחי טונה בשמן זית 6,ארזינא,TH,נתחי טונה בשמן זית 640 גרם ויליפוד 1/4,גרמים,640.00,100 גרם,false,1,30.90,4.8281,true,1,120799
7290108503043,false,תפוחונים חטיף פלחים מיובשים מארז 22X4ג',ג. וילי-פוד אינטרנשיונל בע`מ,CN,תפוחונים מיובשים מארז 3+1 88 גרם,גרמים,88.00,100 גרם,false,1,14.50,16.4773,true,1,122511
7290108890402,false,כובע סרוג לונג,אודס,,כובע סרוג לונג,יחידה,1.00,יחידה,false,1,29.90,29.9000,true,1,109197
7290108895179,false,"פינגאן 10X10.5 ס""מ",,,"פינגאן 10X10.5 ס""מ",יחידה,1.00,יחידה,false,1,29.90,29.9000,true,1,117409
7290108896350,false,כובע שחור לגבר,IMPOFIX,,כובע שחור לגבר,יחידה,1.00,יחידה,false,1,29.90,29.9000,true,1,112040
7290108896763,false,מברשת שיער אובלי,IMPOFIX,,מברשת שיער אובלי,יחידה,1.00,יחידה,false,1,14.90,14.9000,true,1,114186
7290108941630,false,פשוטוסט-טוסט צהובה 2,עינת,IL,פשוטוסט-טוסט צהובה 215 גרם,גרמים,215.00,100 גרם,false,1,17.90,8.3256,true,1,129287
7290108941692,false,כריך שמיניה סלט ביצי,עינת,IL,כריך שמיניה סלט ביצים,גרמים,240.00,100 גרם,false,1,18.90,7.8750,true,1,131357
7290108941746,false,גבטה טוניסאי 305גרם,עינת,IL,גבטה טוניסאי 305גרם,גרמים,305.00,100 גרם,false,1,27.00,8.8525,true,1,131352
7290108941753,false,גבטה דאבל בשר 295גרם,עינת,IL,גבטה דאבל בשר 295גרם,גרמים,295.00,100 גרם,false,1,27.00,9.1525,true,1,131353
7290108941760,false,כריך גבטה סביח,עינת,IL,גבטה סביח305גרם,גרמים,305.00,100 גרם,false,1,27.00,8.8525,true,1,131356
7290108941791,false,"סלט השוק 1000 מ""ל",עינת,IL,"סלט השוק 1000 מ""ל",מיליליטרים,1000.00,"100 מ""ל",false,1,24.90,2.4900,true,1,131360
7290108941807,false,"סלט רענן 1000 מ""ל",עינת,IL,"סלט רענן 1000 מ""ל",מיליליטרים,1000.00,"100 מ""ל",false,1,24.90,2.4900,true,1,131359
7290108941821,false,"סלט הכפר 1000 מ""ל",עינת,IL,"סלט הכפר 1000 מ""ל",מיליליטרים,1000.00,"100 מ""ל",false,1,24.90,2.4900,true,1,131358
7290109351209,false,קרחון שרבט אננס תפוז לה פרוטה נסטלה 70 גרם,נגה גלידות שותפות מוגבלת,IL,קרחון שרבט לה פרוטה אננס תפוז 70 גרם,גרמים,70.00,100 גרם,false,1,8.90,12.7143,true,1,110748
7290109351957,false,פריכיות פיטנס מיני גדולות שוקולד חלב 100ג',קבוצת אוסם סחר שותפות מוגבלת,BE,פיטנס פריכיות גדולות שקלד.חלב 12*100גרם,גרמים,100.00,100 גרם,false,1,9.90,9.9000,true,1,112469
7290109354057,false,קרחון לה פרוטה שרבט אננס תפוז מאגדת 5 יח',נגה גלידות שותפות מוגבלת,IL,לה פרוטה מאגדת אננס תפוז 8 5*70גרם,גרמים,350.00,100 גרם,false,1,29.90,8.5429,true,1,111769
7290109355504,false,שלגון קראנץ וניל ליבת נוגט נסטלה 100 גרם,נגה גלידות שותפות מוגבלת,IL,נסטלה קראנץ ונל.ליבת נגט.שקלד.לבן28*100ג,גרמים,100.00,100 גרם,false,1,12.50,12.5000,true,1,112606
7290109358482,false,עוגיות קרמוגית במילוי קרם בטעם חלבה,קבוצת אוסם סחר שותפות מוגבלת,IL,אסם קרמוגית במילוי חלבה 12*200גרם,גרמים,200.00,100 גרם,false,1,14.90,7.4500,true,1,122047
7290109358765,false,דגני בוקר קראנץ' רולס נוגט 450 גרם,קבוצת אוסם סחר-שות.מוגבלת,IL,דגני קראנץ רולס 450 גרם,גרמים,450.00,100 גרם,false,1,27.90,6.2000,true,1,113755
7290109580098,false,קבנוס בטעם סרירצ'ה זוגלובק 135 גרם,נקניק זוגלובק נהריה,IL,קבנוס בטעם סרירצה 135 גרם,גרמים,135.00,100 גרם,false,1,12.90,9.5556,true,1,132870
7290110110369,false,"שישייה בירה קרלסברג LUMA בקבוק 330 מ""ל",החברה המרכזית להפצת משקאות בעמ,IL,"קרלסברג LUMA שישייה 330 מ""ל",ליטרים,1.98,ליטר,false,6,59.90,30.2525,true,1,127707
7290110110635,false,ספרייט 0.5 ליים חייב פקדון,החברה המרכזית להפצת משקאות בעמ,IL,"ספרייט בקבוק 500 מ""ל",מיליליטרים,500.00,"100 מ""ל",false,1,9.50,1.9000,true,1,117682
7290110110659,false,"ספרייט לימון ליים פחית 330מ""ל",החברה המרכזית להפצת משקאות בעמ,IL,"סליק ספרייט LIME 330 מ""ל מבצע",מיליליטרים,330.00,"100 מ""ל",false,1,8.50,2.5758,true,1,117681
7290110110765,false,פיוז טי גרין בטעם לימון נענע 500 מל,מבשלות בירה בינלאומי,IL,פיוזטי גרין לימון נענע 0.5 ליטר,מיליליטרים,500.00,"100 מ""ל",false,1,9.90,1.9800,true,1,119242
7290110111557,false,"משקה ספורט איזוטוני בטעם פירות 500 מ""ל פאוורייד",החברה המרכזית להפצת משקאות בעמ,IT,פאוורייד ספורט500מל בטעם פירות,מיליליטרים,500.00,"100 מ""ל",false,1,11.90,2.3800,true,1,121293
7290110111564,false,"משקה ספורט איזוטוני בטעם הדרים ליין 500 מ""ל פאוורייד",החברה המרכזית להפצת משקאות בעמ,IT,פאוורייד ספורט 500מל איזוטוני בטעם הדרים,מיליליטרים,500.00,"100 מ""ל",false,1,11.90,2.3800,true,1,121294
7290110113421,false,"בירה מעוננת קרלסברג luma 330 מ""ל",החברה המרכזית להפצת משקאות בעמ,IL,קרלסברג LUMA בק 330 בודד,מיליליטרים,330.00,"100 מ""ל",false,1,15.90,4.8182,true,1,127708
7290110113926,false,פאנטה ZERO אורנג 0.5 חייב פקדון,החברה המרכזית להפצת משקאות בעמ,IL,"פאנטה ZERO אורנג' 500 מ""ל",מיליליטרים,500.00,"100 מ""ל",false,1,9.50,1.9000,true,1,131655
7290110114183,false,"סחוט UNICORN אננס אגס קיווי תרד וספירולינה פריגת 400 מ""ל",גת,IL,פריגת יוניקורן אננס אגס קווי תרד וספירול,מיליליטרים,400.00,"100 מ""ל",false,1,12.50,3.1250,true,1,133450
7290110114787,false,נביעות+ מים מינרליים בטעם תפוח 1.5 ליטר,החברה המרכזית להפצת משקאות בעמ,IL,נביעות+ בטעם תפוח 1.5 ליטר,ליטרים,1.50,ליטר,false,1,13.90,9.2667,true,1,132383
7290110114794,false,נביעות+ מים מינרליים בטעם אפרסק 1.5 ליטר,החברה המרכזית להפצת משקאות בעמ,IL,נביעות + בטעם אפרסק 1.5 ליטר,ליטרים,1.50,ליטר,false,1,13.90,9.2667,true,1,132384
7290110114800,false,נביעות+ מים מינרליים בטעם ענבים 1.5 ליטר,החברה המרכזית להפצת משקאות בעמ,IL,נביעות + בטעם ענבים 1.5 ליטר,ליטרים,1.50,ליטר,false,1,13.90,9.2667,true,1,132385
7290110114855,false,"נביעות מים מינרליים, שישיה 6 * 1.5 ליטר פקדון",החברה המרכזית להפצת משקאות בעמ,IL,6 נביעות 1.5 ליטר,ליטרים,9.00,ליטר,false,6,20.90,2.3222,true,1,132386
7290110114961,false,משקה קל בטעם תפוזים פריגת (1.5 ליטר),החברה המרכזית להפצת משקאות בעמ,IL,"פריגת תפוזים, 1.5 ליטר",ליטרים,1.50,ליטר,false,1,14.90,9.9333,true,1,132390
7290110114985,false,משקה קל בטעם אשכוליות פריגת (1.5 ליטר),החברה המרכזית להפצת משקאות בעמ,IL,פריגת בטעם אשכוליות 1.5 ליטר,ליטרים,1.50,ליטר,false,1,14.90,9.9333,true,1,132391
7290110115005,false,משקה קל בטעם ענבים פריגת (1.5 ליטר),החברה המרכזית להפצת משקאות בעמ,IL,משקה קל פירות ענבים תפוחים,ליטרים,1.50,ליטר,false,1,14.90,9.9333,true,1,132392
7290110115036,false,משקה קל בטעם מנגו פריגת (1.5 ליטר),החברה המרכזית להפצת משקאות בעמ,IL,"משק""ל מנגו 1.5 ליטר",ליטרים,1.50,ליטר,false,1,14.90,9.9333,true,1,132394
7290110115043,false,משקה קל בטעם לימונענע פריגת (1.5 ליטר),החברה המרכזית להפצת משקאות בעמ,IL,משקה קל פירות לימונענע,ליטרים,1.50,ליטר,false,1,14.90,9.9333,true,1,132444
7290110115050,false,משקה קל בטעם תות בננה פריגת (1.5 ליטר),החברה המרכזית להפצת משקאות בעמ,IL,פריגת טעם תות בננה 1.5 ליטר,ליטרים,1.50,ליטר,false,1,14.90,9.9333,true,1,132395
7290110115296,false,גזוז בטעם תפוז פאנטה 1.5 ליטר פיקדון,החברה המרכזית להפצת משקאות בעמ,IL,פאנטה אורנג' 1.5 ליטר,ליטרים,1.50,ליטר,false,1,13.50,9.0000,true,1,132402
7290110115319,false,פאנטה אקזוטי פירות טרופיים 1.5ל פיקדון,החברה המרכזית להפצת משקאות בעמ,IL,פאנטה אקזוטיק 1.5 ליטר,ליטרים,1.50,ליטר,false,1,13.90,9.2667,true,1,132403
7290110115364,false,שישייה קוקה קולה 1.5 ליטר פיקדון,החברה המרכזית להפצת משקאות בעמ,IL,קוקה קולה שישיות 1.5 ליטר,ליטרים,9.00,ליטר,false,6,59.90,6.6556,true,1,132405
7290110115449,false,פיוז-טי תה מנגו אננס 1.5 ליטר פיקדון,החברה המרכזית להפצת משקאות בעמ,IL,פיוזטי מנגו אננס 1.5 ליטר,ליטרים,1.50,ליטר,false,1,14.50,9.6667,true,1,132407
7290110115456,false,פיוז-טי תה אפרסק 1.5 ליטר 19 קל פיקדון,החברה המרכזית להפצת משקאות בעמ,IL,FUZE tea אפרסק 19 קל' 1.5 ליטר,ליטרים,1.50,ליטר,false,1,14.50,9.6667,true,1,132408
7290110115463,false,פיוז-טי תה אפרסק 1.5 ליטר פיקדון,החברה המרכזית להפצת משקאות בעמ,IL,פיוזטי אפרסק 1.5 ליטר,ליטרים,1.50,ליטר,false,1,14.50,9.6667,true,1,132409
7290110115494,false,תה קר בטעם ענבים פיוז טי 1.5 ליטר,החברה המרכזית להפצת משקאות בעמ,IL,פיוזטי ענבים 1.5 ליטר,ליטרים,1.50,ליטר,false,1,14.50,9.6667,true,1,132411
7290110115654,false,"פיוז טי זירו גרין אננס, 500 מ""ל",החברה המרכזית להפצת משקאות בעמ,IL,פיוזטי ZERO גרין אננס 0.5 ליטר,מיליליטרים,500.00,"100 מ""ל",false,1,9.90,1.9800,true,1,132432
7290110115661,false,"פיוז טי זירו בטעם אפרסק 500 מ""ל",החברה המרכזית להפצת משקאות בעמ,IL,פיוזטי ZERO אפרסק 0.5 ליטר,מיליליטרים,500.00,"100 מ""ל",false,1,9.90,1.9800,true,1,132431
7290110115692,false,משקה קל בטעם מלון עם קוביות אלוורה,החברה המרכזית למשקאו,IL,"פריגת קוביות מלון אלוורה 315 מ""ל",מיליליטרים,315.00,"100 מ""ל",false,1,10.90,3.4603,true,1,133865
7290110115739,false,משקה קל בטעם פינקולדה עם קוביות קוקוס,החברה המרכזית למשקאו,IL,"פריגת קוביות פינקולדה קוקוס 315 מ""ל",מיליליטרים,315.00,"100 מ""ל",false,1,10.90,3.4603,true,1,133864
7290110115777,false,מים מינרליים נביעות 1.5 ל,נביעות,,מים נביעות בקבוק 1.5 ליטר,ליטרים,1.50,ליטר,false,1,8.20,5.4667,true,1,132446
7290110115845,false,קוקה קולה 1.5 ליטר פיקדון,"אינסטנטה בע""מ",IL,קוקה קולה בקבוק 1.5 ליטר,ליטרים,1.50,ליטר,false,1,14.50,9.6667,true,1,132396
7290110115869,false,קוקה קולה זירו 1.5 ליטר פיקדון,תות תעשיות מזון (201,IL,קוקה קולה זירו בקבוק 1.5 ליטר,ליטרים,1.50,ליטר,false,1,13.50,9.0000,true,1,132398
7290110115876,false,קינלי סודה 1.5ליטר-,"אינסטנטה בע""מ",IL,סודה קינלי 1.5 ליטר,ליטרים,1.50,ליטר,false,1,8.20,5.4667,true,1,132404
7290110116385,false,"פחיות סטפאני מרשמלו אבטיח תות זירו 330 מ""ל",החברה המרכזית להפצת משקאות בעמ,IL,קולה קולה זירו סטאפני 330 מל,מיליליטרים,330.00,"100 מ""ל",false,1,9.50,2.8788,true,1,133822
7290110116514,false,פריגת סחוט מיקס תות בננה 400מל,*החברה המרכזית להפצת משקאותבעמ,IL,"MIX תות בננה 400 מ""ל",מיליליטרים,400.00,"100 מ""ל",false,1,11.90,2.9750,true,1,134807
7290110116521,false,"פריגת סחוט מיקס אפרסק משמש 400 מ""ל",*החברה המרכזית להפצת משקאותבעמ,IL,"MIX אפרסק משמש 400 מ""ל",מיליליטרים,400.00,"100 מ""ל",false,1,11.90,2.9750,true,1,134808
7290110116576,false,ספרייט זירו לימון היט בקבוק 0.5,החברה המרכזית להפצת משקאות בעמ,IL,"ספרייט זירו למון היט 500 מ""ל",מיליליטרים,500.00,"100 מ""ל",false,1,9.50,1.9000,true,1,134729
7290110320850,false,פתיתים גבינה חצי קשה מגורדת 28% שומן,תנובה מרכז שיתופי לש,IL,עמק פתיתים 28% שומן 200 גרם,גרמים,200.00,100 גרם,false,1,16.90,8.4500,true,1,115850
7290110320867,false,פתיתים גבינה חצי קשה מגורדת 28% שומן,תנובה מרכז שיתופי לש,IL,עמק פתיתים 28% שומן 500 גרם,גרמים,500.00,100 גרם,false,1,39.90,7.9800,true,1,115335
7290110320935,false,פרוסות מוצרלה 150 גר`קולקשיין תנובה,תנובה מרכז שיתופי לש,IL,תנובה פרוסות מוצרלה 20% שומן 150 גרם,גרמים,150.00,100 גרם,false,1,19.90,13.2667,true,1,115362
7290110321277,false,קוטג' בקטנה 5% תנובה 100 גרם מהדרין,פארייפאבה אגרואינדוס,IL,תנובה קוטג' 5% בקטנה 100 גרם,גרמים,100.00,100 גרם,false,1,2.70,2.7000,true,1,116941
7290110321284,false,קוטג' בקטנה 9% תנובה 100 גרם מהדרין,פארייפאבה אגרואינדוס,IL,תנובה קוטג' 9% בקטנה 100 גרם,גרמים,100.00,100 גרם,false,1,2.70,2.7000,true,1,116942
7290110322014,false,טופו בטעם טבעי תנובה ALTERNATIVE,שוורצקוף& הנקל דיסלד,IL,טופו טבעי 300 גרם,גרמים,300.00,100 גרם,false,1,13.90,4.6333,true,1,119630
7290110322021,false,"תנובה טופו בזיליקום 300 גר' בד""צ",שוורצקוף& הנקל דיסלד,IL,טופו בטעם בזיליקום,גרמים,300.00,100 גרם,false,1,13.90,4.6333,true,1,119629
7290110323066,true,משקה יוגורט מועשר בח,מיוצר עי קונדיטוריית,IL,משקה יוגורט GO 20מועשר בחלבון בננה ואפר,מיליליטרים,236.00,"100 מ""ל",false,1,7.70,3.2627,true,1,121180
7290110323073,false,"משקה יוגורט יופלה גו תות פטל 250 מ""ל - רבנות",מיוצר עי קונדיטוריית,IL,משקה יוגורט יופלה GO 20 מועשר בחלבון תו,מיליליטרים,236.00,"100 מ""ל",false,1,7.70,3.2627,true,1,121181
7290110323301,false,טל העמק בסגנון אמנטל 32% שומן 200 גרם,"תנובה בע""מ ***",IL,גבינה צהובה טל העמק 32% שומן 200 גרם,גרמים,200.00,100 גרם,false,1,19.90,9.9500,true,1,121995
7290110323714,false,משקה קוקוס שקדים תנובה E אלטרנטיב,מיוצר עי קונדיטוריית,IL,משקה קוקוס שקדים תנובה 1 ליטר,ליטרים,1.00,ליטר,false,1,13.90,13.9000,true,1,122291
7290110324841,false,מעדן שקדים עם שוקולד מריר תנובה 125 גרם,מיוצר עי קונדיטוריית,IL,מעדן שקדים עם שוקולד מריר אלטרנטיב 125גר,גרמים,125.00,100 גרם,false,1,5.00,4.0000,true,1,126042
7290110324872,false,גבינה צהובה גלבוע (5% 200 גר`)תנובה,גלבוע - תנובה,IL,גבינת גלבוע 5% שומן 200 גרם,גרמים,200.00,100 גרם,false,1,20.90,10.4500,true,1,126245
7290110324926,false,משקה סויה ללא תוספת סוכר E אלטרנטיב,תנובה מרכז שיתופי לש,IL,משקה סויה ללא תוספת סוכר 1 ליטר,ליטרים,1.00,ליטר,false,1,13.50,13.5000,true,1,126052
7290110325114,false,"משקה יוגורט יופלה גו לייט תות בננה 250 מ""ל - רבנות",מיוצר עי קונדיטוריית,IL,משקה יוגורטGO לייט תות בננה 250 מל,מיליליטרים,250.00,"100 מ""ל",false,1,7.70,3.0800,true,1,125268
7290110325121,false,"משקה יוגורט יופלה גו לייט מנגו אננס 250 מ""ל",תנובה בעמ ***,IL,משקה יוגורטGO לייט מנגו אננס 250מל,מיליליטרים,250.00,"100 מ""ל",false,1,7.70,3.0800,true,1,125267
7290110325169,false,פרוסות גאודה 170 גר`קולקשיין תנובה,תנובה בעמ ***,IL,פרוסות גאודה קולקשיין 170 גרם,גרמים,170.00,100 גרם,false,1,24.90,14.6471,true,1,127059
7290110325305,false,יופלה GO סויה 20 גרם חלבון במתיקות מעודנת תנובה 200 גרם,מיוצר עי קונדיטוריית,IL,מעדן סויהGO 20 גרם חלבון במתיקות מעודנת 200גרם,גרמים,200.00,100 גרם,false,1,7.00,3.5000,true,1,126046
7290110325312,false,יופלה GO סויה 20 גרם חלבון בטעם תות תנובה 200 גרם,תנובה בעמ ***,IL,מעדן סויה GO 20 גרם חלבון בטעם תות 200גרם,גרמים,200.00,100 גרם,false,1,7.00,3.5000,true,1,126045
7290110325619,false,משקה שיבולת שועל תנובה E אלטרנטיב,מיוצר עי קונדיטוריית,IL,משקה שיבולת שועל 1ליטר,ליטרים,1.00,ליטר,false,1,13.90,13.9000,true,1,126624
7290110325893,false,משקה חלב GO מועשר בחלבון בטעם אייס קפה,מיוצר עי קונדיטוריית,IL,תנובה GO אייס קפה 340 מל,מיליליטרים,340.00,"100 מ""ל",false,1,9.90,2.9118,true,1,126629
7290110326210,false,יופלה און טופ פצפוצים תנובה 157 גרם,מיוצר עי קונדיטוריית,IL,יופלה און טופ פצפוצים 157 גרם,גרמים,157.00,100 גרם,false,1,5.70,3.6306,true,1,127061
7290110326227,false,יופלה און טופ קורנפלקס תנובה 157 גרם,מיוצר עי קונדיטוריית,IL,יופלה און טופ קורנפלקס 157 גרם,גרמים,157.00,100 גרם,false,1,5.70,3.6306,true,1,127063
7290110326234,false,יופלה און טופ כוכבים תנובה 157 גרם,מיוצר עי קונדיטוריית,IL,יופלה און טופ כוכבים 157 גרם,גרמים,157.00,100 גרם,false,1,5.70,3.6306,true,1,127062
7290110326241,false,יופלה און טופ גרנולה תנובה 157 גרם,מיוצר עי קונדיטוריית,IL,יופלה און טופ גרנולה 157 גרם,גרמים,157.00,100 גרם,false,1,5.70,3.6306,true,1,127064
7290110326333,false,פרוסות גבינה סקנדינבית 170 גר`קולקשיין,"תנובה בע""מ ***",IL,פרוסות גבינה סקנדינבית קולקשיין 170 גרם,גרמים,200.00,100 גרם,false,1,19.90,9.9500,true,1,128698
7290110327514,false,alternative משקה שיבולת שועל בטעם אגוזי לוז תנובה 1 ליטר,תנובה מרכז שיתופי לש,IL,משקה שיבולת שועל אלטרנטיב אגוזי לוז 1 ל,ליטרים,1.00,ליטר,false,1,13.90,13.9000,true,1,132192
7290110327545,false,יופלה און טופ בטעם תות בתוספת פצפוצים מצופים שוקולד 157 גרם,מיוצר עי קונדיטוריית,IL,יופלה אוןטופ תות תוספת פצפוצים מצופים157,גרמים,157.00,100 גרם,false,1,5.50,3.5032,true,1,132617
7290110327798,false,חטיף חלבון GO - שוקולד 60 ג' חלב נוכרי - רבנות,"בלמונט קונפקציות בע""\מ.",US,GO חטיף חלבון בטעם שוקולד 60 גרם,גרמים,60.00,100 גרם,false,1,14.90,24.8333,true,1,131067
7290110327804,false,חטיף חלבון GO - עוגיות 60 ג' חלב נוכרי - רבנות,"בלמונט קונפקציות בע""\מ.",US,GO חטיף חלבון בטעם בצק עוגיות 60 גרם,גרמים,60.00,100 גרם,false,1,14.90,24.8333,true,1,131068
7290110327811,false,חטיף חלבון GO בטעם בצק קוקוס 20 גר`חלבו,"בלמונט קונפקציות בע""\מ.",US,GO חטיף חלבון עם קוקוס 60 גרם,גרמים,60.00,100 גרם,false,1,14.90,24.8333,true,1,131069
7290110327828,false,חטיף חלבון GO - חמאת בוטנים 60 ג' חלב נוכרי - רבנות,"בלמונט קונפקציות בע""\מ.",US,GO חטיף חלבון עם חמאת בוטנים 60 גרם,גרמים,60.00,100 גרם,false,1,14.90,24.8333,true,1,131070
7290110328016,false,משקה סויה מועשר בחלבון בטעם אגוזי לוז 250 גרם,תנובה מרכז שיתופי לש,IL,"משקה סויה מועשר בחלבון בטעם אגוזי לוז 250 מ""ל",מיליליטרים,250.00,"100 מ""ל",false,1,7.90,3.1600,true,1,130184
7290110328481,false,פתיתי פרמג'יאנו רג'יאנו מחלב בקר 30%,ברטינלי גיאני א.,IT,פתיתי פרמגאנו רגיאנו קולקשיין 100 גרם,גרמים,100.00,100 גרם,false,1,18.90,18.9000,true,1,130690
7290110328580,false,יוגורט תנובה טבעי 5% גביע 200 גרם,מיוצר עי קונדיטוריית,IL,יוגורט תנובה 5% 200 גרם,גרמים,200.00,100 גרם,false,1,3.30,1.6500,true,1,132193
7290110328610,false,משקה אורז ושקדים בריסטה אלטרנטיב 1 ליטר,תנובה Alternative,IL,משקה אורז ושקדים בריסטה אלטרנטיב 1 ליטר,ליטרים,1.00,ליטר,false,1,13.90,13.9000,true,1,131101
7290110328627,false,יוגורט יופלה GO במרקם סמיך בטעם בננה קרמל 0%,מיוצר עי קונדיטוריית,IL,יוגורט GO סמיך 0% בננה קרמל 200 גרם,גרמים,200.00,100 גרם,false,1,6.90,3.4500,true,1,131098
7290110328764,false,יוגורט יופלה GO במרקם סמיך עם תות 0%,מיוצר עי קונדיטוריית,IL,יוגורט GO סמיך 0% תות 200 גרם,גרמים,200.00,100 גרם,false,1,6.90,3.4500,true,1,131097
7290110328771,false,יוגורט יופלה GO במרקם סמיך עם פירות יער 0%,מיוצר עי קונדיטוריית,IL,יוגורט GO סמיך 0% פ. יער 200 גרם,גרמים,200.00,100 גרם,false,1,6.90,3.4500,true,1,131096
7290110328788,false,יוגורט יופלה GO במרקם סמיך בטעם אפרסק 0%,תנובה מרכז שיתופי לש,IL,יוגורט GO סמיך 0% אפרסק 200 גרם,גרמים,200.00,100 גרם,false,1,6.90,3.4500,true,1,131095
7290110329136,false,מעדן חלב מעושר בחלבון בטעם שוקולד 120 ג' GO,תנובה מרכז שיתופי לש,IL,מעדן חלב גו בטעם שוקולד 12 חלבון 120גרם,גרמים,120.00,100 גרם,false,1,5.50,4.5833,true,1,132194
7290110329686,false,משקה GO חלב בטעם עוגיות 27 גר`חלבון,מיוצר עי קונדיטוריית,IL,משקה חלב GO בטעם עוגיות 340 מל,מיליליטרים,340.00,"100 מ""ל",false,1,9.90,2.9118,true,1,132231
7290110329709,false,יוגורט תנובה 0% 200 גרם,מיוצר עי קונדיטוריית,IL,יוגורט תנובה 0% 200 גרם,גרמים,200.00,100 גרם,false,1,3.30,1.6500,true,1,132198
7290110329716,false,משקה חלב קר בטעם קפוצ'ינו 230 גרם תנובה,תנובה מרכז שיתופי לש,IL,"משקה חלב עם קפה קפוצינו 230 מ""ל",מיליליטרים,230.00,"100 מ""ל",false,1,9.90,4.3043,true,1,133421
7290110421083,false,כובע ילדים דמויות,IMPOFIX,,כובע ילדים דמויות,לא מנהל יחידת מידה,0.00,לא מנהל יחידת מידה,false,1,19.90,0.0000,true,1,125690
7290110423674,false,מלקחיים ארוכים למנגל,,,מלקחיים ארוכים למנגל 35 cm,יחידה,1.00,יחידה,false,1,12.90,12.9000,true,1,117420
7290110423728,false,קרש חיתוך עץ+ידית 24,,,קרש חיתוך עץ+ידית 24x33,יחידה,1.00,יחידה,false,1,25.90,25.9000,true,1,117414
7290110423735,false,מחבת איכותי 20 cm,,,מחבת איכותי 20 cm,יחידה,1.00,יחידה,false,1,33.90,33.9000,true,1,117427
7290110424619,false,צעיף נשים פתוח,,,צעיף נשים סגור,יחידה,1.00,יחידה,false,1,29.90,29.9000,true,1,120539
7290110424718,false,פותחן בקבוקים נירוסט,אודס,,פותחן בקבוקים נירוסטה,יחידה,1.00,יחידה,false,1,10.90,10.9000,true,1,117421
7290110424756,false,חולץ יין ענק איכותי,,,חולץ יין ענק איכותי,יחידה,1.00,יחידה,false,1,37.90,37.9000,true,1,117431
7290110472016,false,כבל מטאלי 2 מטר שחורTYPE C,Unknown,,כבל 2 מטר - TYPE C,יחידה,1.00,יחידה,false,1,39.90,39.9000,true,1,126066
7290110472467,false,מתאם למצת TYPE C + כבל טעינה 1.5 מטר,Unknown,,מתאם למצת TYPE C,יחידה,0.00,יחידה,false,1,44.90,0.0000,true,1,125905
7290110472474,false,מתאם קיר TYPE C + כבל טעינה 1.5 מטר,Unknown,,מתאם קיר TYPE C,יחידה,1.00,יחידה,false,1,54.90,54.9000,true,1,125906
7290110473433,false,אוזניות JUST BASS אפ,Unknown,,אוזניות JUST BASS אפור,יחידה,1.00,יחידה,false,1,49.90,49.9000,true,1,125915
7290110473440,false,אוזניות JUST BASS זה,Unknown,,אוזניות JUST BASS זהב,יחידה,1.00,יחידה,false,1,49.90,49.9000,true,1,125917
7290110473501,false,זרוע טלסקופית לרכב שחור TECH GRIP,Unknown,,זרוע לרכב TECH GRIP BLACK,יחידה,1.00,יחידה,false,1,54.90,54.9000,true,1,125931
7290110473594,false,זרוע איכותית לרכב מג,Unknown,,זרוע לרכב ROCKET GRIP BLACK,יחידה,1.00,יחידה,false,1,49.90,49.9000,true,1,125920
7290110474256,false,כבל aux iron man,Unknown,,כבל aux iron man,יחידה,1.00,יחידה,false,1,49.90,49.9000,true,1,125901
7290110474430,false,מתאם לאוזניות מ אפל,Unknown,,מתאם AUX מאושר אפל,יחידה,1.00,יחידה,false,1,79.90,79.9000,true,1,125891
7290110474690,false,כבל USB C לחיבור LI,Unknown,,כבל USB C לחיבור LIGHTNING מאושר אפל,יחידה,1.00,יחידה,false,1,69.90,69.9000,true,1,125900
7290110474713,false,מחזיק סלולר למזגן,Unknown,,מעמד למזגן OPEN WIDE VENT,לא מנהל יחידת מידה,0.00,לא מנהל יחידת מידה,false,1,49.90,0.0000,true,1,125904
7290110474911,false,סוללת גיבוי 20000MAH,,,סוללת גיבוי 20000MAH SOLID POWER,יחידה,1.00,יחידה,false,1,99.00,99.0000,true,1,125935
7290110475109,false,בידורית OSHI 99,,,בידורית OSHI 99,יחידה,1.00,יחידה,false,1,149.00,149.0000,true,1,126648
7290110475116,false,מטען קיר SPEEDY,Unknown,,מטען קיר SPEEDY,יחידה,1.00,יחידה,false,1,79.90,79.9000,true,1,125899
7290110475192,false,SOUND BAR RETROרמקול,,,SOUND BAR RETROרמקול,יחידה,1.00,יחידה,false,1,99.00,99.0000,true,1,126601
7290110476267,false,מטען קיר מאושר אפל 2,Unknown,,מטען קיר מאושר אפל 2,יחידה,1.00,יחידה,false,1,119.00,119.0000,true,1,129886
7290110552237,false,יוגורט פרו בטעם אפרסק מנגו ללא סוכר 200 ג' דנונה,שטראוס גרופ בעמ/מצונן,IL,דנונה פרו 20גר' ללא סוכר אפרסק מנגו,גרמים,200.00,100 גרם,false,1,6.90,3.4500,true,1,132485
7290110553029,false,"אנרג'י קריספס-פריכיות חומוס, עדשים ואפונה עם קייל וסלק","פרח תעשיו מזון בע""מ",IL,פריכיות חלבון קייל חומוס ומלח 60גרם,גרמים,60.00,100 גרם,false,1,12.90,21.5000,true,1,132668
7290110553036,false,קריספס-פריכיות עם אפונה ובטטה סגולה בטעם בצל מקורמל,"פרח תעשיו מזון בע""מ",IL,פריכיות חלבון בטטה סגולה ובצל 60 ג,גרמים,60.00,100 גרם,false,1,12.90,21.5000,true,1,132669
7290110553210,false,בוטנים הוט באפלו ווינגס סבבה עלית 50 גר,שטראוס פריטו ליי בע`מ,IL,סבבה בוטנים הוט באפלו ווינגס 50 גרם,גרמים,50.00,100 גרם,false,1,3.00,6.0000,true,1,133751
7290110553401,false,בינז אייס קופי לאטה,מונסטרלנד לולף,DE,אייס קופי לאטה וניל BEANZ,מיליליטרים,250.00,"100 מ""ל",false,1,11.90,4.7600,true,1,133526
7290110553623,false,צ'יטוס קראנצ'י בטעם צ'דר חלפיניו - חלבי,"שטראוס פריטו ליי בע""\מ )",IL,ציטוס קראנץ צ'דר חלפיניו 80 ג 48 יח,גרמים,80.00,100 גרם,false,1,5.20,6.5000,true,1,133868
7290110554118,false,נודלס מלזי חריף עם טופו וירקות ברוטב קארי ירוק,קפוא-זן תעשיות מזון בעמ - תפוג,IL,נודלס מלזי חריף דלישס 350גרם,גרמים,350.00,100 גרם,false,1,26.90,7.6857,true,1,131965
7290110554453,false,בינז אייס קופי לאטה,מונסטרלנד לולף,DE,אייס קופי לאטה מוקה BEANZ,מיליליטרים,250.00,"100 מ""ל",false,1,11.90,4.7600,true,1,133527
7290110556242,false,"שוקולד מריר פרווה 100 גר' בד""ץ תוצרת חוץ","שטראוס גרופ בע""מ.",FR,שוקולד מריר פרווה בדץ חדש,גרמים,100.00,100 גרם,false,1,8.50,8.5000,true,1,133987
7290110557102,false,מעדן חלב עם שוקולד מועשר בחלבון 150 ג' שטראוס,שטראוס גרופ בעמ/מצונן,IL,מעדן חלב עם שוקולד מועשר בחלבון,גרמים,150.00,100 גרם,false,1,5.50,3.6667,true,1,131822
7290110557393,false,"מילקי שלוק בטעם אייס קפה 276מ""ל",שטראוס גרופ ***בעמ,IL,מארז מילקי שלוק אייס קפה 276 מל,מיליליטרים,276.00,"100 מ""ל",false,1,9.90,3.5870,true,1,133586
7290110558307,false,יוגורט דנונה PRO עם שיבולת שועל במתיקות מעודנת,שטראוס גרופ בעמ/מצונן,IL,דנונה פרו 20 גר עם שיבולת שועל 200גרם,גרמים,200.00,100 גרם,false,1,6.90,3.4500,true,1,133254
7290110559038,false,"מילקשייק שוקו עם סירופ 300מ""ל",שטראוס גרופ ***בעמ,IL,מילקשייק שוקו עם סירופ שוקולד 300 מיל',מיליליטרים,300.00,"100 מ""ל",false,1,9.90,3.3000,true,1,133583
7290110559939,false,דלישס נתחי סויה בסגנון שוארמה 350ג דלישס,קפוא זן תעשיות מזון בעמ,IL,נתחי סויה בסגנון שווארמה ומגדרה דלישס 3,גרמים,350.00,100 גרם,false,1,26.90,7.6857,true,1,133547
7290110560300,false,"הפריכיות הטעימות חומוס, עדשים שחורות, קינואה ופלפל שחור",אנרג'י Energy - שטראוס,IL,פריכיות משולשות- פלפל שחור,גרמים,30.00,100 גרם,false,1,6.90,23.0000,true,1,121262
7290110560317,false,"הפריכיות הטעימות חומוס, עדשים שחורות, קינואה ומלח ים","פרח תעשיו מזון בע""מ",IL,פריכיות משולשות- מלח ים,גרמים,30.00,100 גרם,false,1,6.90,23.0000,true,1,121263
7290110560324,false,"הפריכיות הטעימות תפו""א, אורז, אפונה ומלח ים","פרח תעשיו מזון בע""מ",IL,פריכיות משולשות- אפונה ירוקה,גרמים,30.00,100 גרם,false,1,6.90,23.0000,true,1,121264
7290110563431,false,"משקה קפה קר בסגנון קלאסי 230 מ""ל 1.6% יוטבתה",שטראוס גרופ בעמ/מצונן,AT,משקה קפה קר בסגנון קלאסי 1.6%,מיליליטרים,230.00,"100 מ""ל",false,1,9.90,4.3043,true,1,122490
7290110563448,false,"משקה קפה קר בסגנון מעודן 230 מ""ל 1.6% יוטבתה",שטראוס גרופ בעמ/מצונן,AT,משקה קפה קר בסגנון מעודן 1.6%,מיליליטרים,230.00,"100 מ""ל",false,1,9.90,4.3043,true,1,122491
7290110563462,false,חלב 2% דל לקטוז בבקבוק יטבתה 1 ליטר.,שטראוס גרופ בעמ/מצונן,IL,חלב בבקבוק נטול לקטוז 2%,ליטרים,1.00,ליטר,false,1,8.50,8.5000,true,1,122801
7290110564742,false,"משקה קפה קר בסגנון חזק 230 מ""ל 1.2% יוטבתה",שטראוס גרופ בעמ/מצונן,AT,משקה קפה קר בסגנון חזק -חדש,מיליליטרים,230.00,"100 מ""ל",false,1,9.90,4.3043,true,1,122492
7290110565527,false,יוגורט PRO פרו 1.5% 20 גרם חלבון בגביע,שטראוס גרופ בעמ/מצונן,IL,דנונה פרו 20 גר 1.5% שומן,גרמים,200.00,100 גרם,false,1,6.90,3.4500,true,1,116351
7290110566579,false,דבש לחיץ 200 גרם יד מרדכי,מכוורת יד מרדכי שטרא,IL,דבש בקבוק לחיץ 200 גרם,גרמים,200.00,100 גרם,false,1,13.90,6.9500,true,1,125148
7290110566975,false,דנונה פרו יוגורט 0% תות עשיר בחלבון 200ג',שטראוס גרופ בעמ/מצונן,IL,דנונה פרו 20 גר תות 0% שומן,גרמים,200.00,100 גרם,false,1,6.90,3.4500,true,1,118054
7290110568276,false,"משקה יוטבתה פרו וניל לשתיה 350מ""ל",שטראוס גרופ בעמ/מצונן,DE,משקה וניל עם חלבון חלב 350 מיל,מיליליטרים,350.00,"100 מ""ל",false,1,7.50,2.1429,true,1,119318
7290110570224,false,משקה קפה קר בטעם עוגיות (230 גר`) יטבתה,שטראוס גרופ בעמ/מצונן,AT,משקה קפה קר בטעם עוגיות,מיליליטרים,230.00,"100 מ""ל",false,1,9.90,4.3043,true,1,133582
7290110571382,false,מעדן חלב בטעם וניל מעושר בחלבון 150 ג' שטראוס,שטראוס גרופ בעמ/מצונן,IL,מעדן חלב בטעם וניל מועשר בחלבון,גרמים,150.00,100 גרם,false,1,5.50,3.6667,true,1,133256
7290110572884,false,"קפסולות קפה מספר 20 למכונת אספרס אספרסו, 50 גרם",שטראוס קפה בי.וי.,IL,קפסולות אספרסו 20 שטראוס 50 גרם,גרמים,50.00,100 גרם,false,1,19.90,39.8000,true,1,134856
7290110572969,false,כיף כף פצפצים עלית קרם לבן (40 גר`),שולן צ'\יקולטה גידה סאן.,TR,חטיף כיף כף פצפצים 40 גרם,גרמים,40.00,100 גרם,false,1,6.90,17.2500,true,1,134485
7290110572976,false,כיף כף פצפצים בגביע במילוי קרם בטעם שוקולד לבן,שולן צ'יקולטה גידה ס,TR,כיף כף פצפצים 135 גרם,גרמים,135.00,100 גרם,false,1,14.90,11.0370,true,1,134496
7290110576752,false,טבלאות שוקולד ספלנדיד מריר 70% 100 ג' עלית,שטראוס גרופ בע`מ,BE,ספלנדיד מריר 70% 100 גרם,גרמים,100.00,100 גרם,false,1,12.90,12.9000,true,1,134813
7290110576776,false,טבלאות שוקולד ספלנדיד מריר 85% 100 ג' עלית,שטראוס גרופ בע`מ,BE,ספלנדיד מריר 85% 100 גרם,גרמים,100.00,100 גרם,false,1,12.90,12.9000,true,1,134814
7290110577230,false,משקה חלב בטעם פיסטוק בבקבוק יטבתה 1 ליטר,שטראוס גרופ בעמ/מצונן,IL,משקה חלב בטעם פיסטוק 1 ליטר,ליטרים,1.00,ליטר,false,1,12.90,12.9000,true,1,134691
7290110577247,false,"יטבתה משקה חלב-פיסטוק בבקבוק 350 מ""ל",שטראוס גרופ בעמ/מצונן,IL,משקה חלב בטעם פיסטוק 350 מל,מיליליטרים,350.00,"100 מ""ל",false,1,7.90,2.2571,true,1,134692
7290110730642,false,אייבו- משכך חום וכאבים לילדים,,,אייבו- תרופה ללא מרש,לא מנהל יחידת מידה,0.00,לא מנהל יחידת מידה,false,1,25.90,0.0000,true,1,123164
7290110731960,false,ליינקס תרסיס מדוד לאף,,,תרסיס אף ליינוקס,יחידה,1.00,יחידה,false,1,29.90,29.9000,true,1,125623
7290110856243,false,ציל סיגריה אלקטרונית,Unknown,CN,ציל סיגריה אלקטרונית 2800 שאיפות ענבים,יחידה,1.00,יחידה,false,1,89.90,89.9000,false,1,133529
7290110856250,false,ציל סיגריה אלקטרונית,Unknown,CN,ציל סיגריה אלקטרונית 2800 שאיפות תפוח,יחידה,1.00,יחידה,false,1,89.90,89.9000,false,1,133534
7290110856267,false,ציל סיגריה אלקטרונית,Unknown,CN,ציל סיגריה אלקטרונית 2800 שאיפות אבטיח,יחידה,1.00,יחידה,false,1,89.90,89.9000,false,1,133533
7290110856373,false,ציל סיגריה אלקטרונית,Unknown,CN,ציל סיגריה אלקטרונית 2800 שאיפות תפוח אפרסק,יחידה,1.00,יחידה,false,1,89.90,89.9000,false,1,133532
7290110856380,false,ציל סיגריה אלקטרונית,Unknown,CN,ציל סיגריה אלקטרונית 2800 שאיפות תות בננה,יחידה,1.00,יחידה,false,1,89.90,89.9000,false,1,133531
7290111079122,false,כוס זכוכית כפולה לב,,,כוס זכוכית כפולה לב,יחידה,1.00,יחידה,false,1,49.90,49.9000,true,1,131568
7290111340178,true,מטליות לניקוי כללי ב,עלבד משואות יצחק בעמ,IL,מטליות לניקוי כללי ב,Unknown,0.00,Unknown,false,1,16.90,0.0000,true,1,127632
7290111340185,true,מטליות לניקוי רצפה ב,עלבד משואות יצחק בעמ,IL,ניקול מטליות לחות לניקוי הרצפה 10 יחידות,Unknown,0.00,Unknown,false,1,16.90,0.0000,true,1,126083
7290111341984,false,לילי - מגבוני נייר טואלט לח פיור רביעייה,קימברלי קלארק ישראל שיווק בעמ,GB,לילי לח רביעייה,יחידה,1.00,יחידה,false,1,27.90,27.9000,true,1,125986
7290111343797,false,מטליות לחות לניקוי חלונות 48 יח' ניקול,קימברלי קלארק ישראל שיווק בעמ,IL,מטליות לחות לניקוי חלונות,יחידה,1.00,יחידה,false,1,13.90,13.9000,true,1,131797
7290111343858,false,ניקול מטליות לחות לרצפה אנטיבקרטריאלי 10 יחידות,קימברלי קלארק ישראל שיווק בעמ,IL,ניקול מטליות לחות לרצפה אנטיבקטריאלי 10,לא מנהל יחידת מידה,0.00,לא מנהל יחידת מידה,false,1,16.90,0.0000,true,1,128690
7290111344831,false,קוטקס - מגיני יום אקסטרא פרוטקט נורמל ביג 60 יח',קימברלי קלארק ישראל שיווק בעמ,CN,מגן תחתון קוטקס נורמל 60 יחידות,יחידה,1.00,יחידה,false,1,25.90,25.9000,true,1,132471
7290111345814,false,נייר טואלט לילי נטורל קר 30 גלילים מהדורה,קימברלי קלארק ישראל שיווק בעמ,IL,נייר טואלט לילי נטורל קר 30 גלילים,יחידה,1.00,יחידה,false,1,38.90,38.9000,true,1,133340
7290111346125,false,מארז שלישייה מגבוני דיילי קר ללא בישום *56 יח' האגיס,חוגלה קימברלי שיווק בע`מ,IL,מגבוני האגיס ללא בושם דיילי שלישיה,יחידה,3.00,יחידה,false,3,18.90,6.3000,true,1,134924
7290111346132,false,מארז שלישייה מגבוני סנסטיב קר ללא בישום *56 יח' האגיס,חוגלה קימברלי שיווק בע`מ,IL,מגבוני האגיס סנסטיב קר שלישייה,יחידה,3.00,יחידה,false,3,18.90,6.3000,true,1,134925
7290111346293,false,מגבת נייר ניקול 6 יחידות מהדורה חגיגית,קימברלי קלארק ישראל שיווק בעמ,IL,מגבת נייר ניקול שישייה מהדורה,יחידה,6.00,יחידה,false,1,14.90,2.4833,true,1,133494
7290111350726,false,חטיף נאצוס הוטפופ בסגנון מקסיקני 322 גר,ליימן שליסל בע`מ,US,נאצוס הוטפופ מקסיקני 332 גרם,גרמים,332.00,100 גרם,false,1,17.90,5.3916,true,1,123135
7290111351280,false,תערובת אגוזים קלויים ללא מלח 150 גרם קליית גת,ליימן שליסל,IL,תערובת אגוזים קלויים ללא מלח 150 ג,גרמים,150.00,100 גרם,false,1,22.90,15.2667,true,1,122556
7290111354922,false,מארז סניידרס+הוטפופ,סניידרס,US,סניידרס+הוטפופ 300 גרם,גרמים,300.00,100 גרם,false,1,29.90,9.9667,true,1,134714
7290111563355,false,צבר סלט טורקי מרובע,לחמנו,IL,סלטי צבר סלט טורקי מרובע 6*400גרם,גרמים,400.00,100 גרם,false,1,13.60,3.4000,true,1,117778
7290111563492,false,סלטי צבר מטבוחה חריפה מרובע 6*400גרם,קבוצת אוסם סחר-שות.מוגבלת,IL,סלטי צבר מטבוחה חריפה מרובע 6*400גרם,גרמים,400.00,100 גרם,false,1,13.90,3.4750,true,1,117777
7290111564727,false,עוגיות אסם קרמוגית וקרם אגוזים אסם 200ג',קבוצת אוסם סחר שותפות מוגבלת,IL,אסם קרמוגית במילוי קרם אגוזים12*200ג חדש,גרמים,200.00,100 גרם,false,1,14.90,7.4500,true,1,116783
7290111564956,false,"ביסלי במבה מיקס 200 גרם ""אסם""",קבוצת אוסם סחר שותפות מוגבלת,IL,ביסלי במבה מיקס 18*200גרם,גרמים,200.00,100 גרם,false,1,13.90,6.9500,true,1,115149
7290111565038,false,"לה קרמריה וניל קוקילידה בד""צ 1.4 ל'",נגה גלידות שותפות מוגבלת,IL,לה קרמריה וניל קוקילידה בדצ6*1.4ליטר חדש,ליטרים,1.40,ליטר,false,1,31.90,22.7857,true,1,118416
7290111565502,false,ארטיק אוראו וניל ועוגיות סנדוויץ נסטלה 80 ג',נגה גלידות שותפות מוגבלת,IT,אוראו סנדביץ'אימפלס24*80ג12359343,גרמים,80.00,100 גרם,false,1,12.50,15.6250,true,1,116890
7290111565656,false,במבה במילוי קרם נוגט 150 ג',קבוצת אסם סחר שות. מוגבלת,IL,במבה נוגט 24*150גרם,גרמים,150.00,100 גרם,false,1,13.90,9.2667,true,1,115148
7290111566271,false,טבעול חטיפי תירס 657 גרם קפוא,קבוצת אוסם סחר שותפות מוגבלת,IL,טבעול חטיפי תירס 6*657גרם,גרמים,657.00,100 גרם,false,1,29.90,4.5510,true,1,117296
7290111566318,false,שניצל דק מן הצומח בטעם ביתי 700 גרם,קבוצת אוסם סחר שותפות מוגבלת,IL,טבעול שניצל דק מן הצומח 8*564גרם,גרמים,564.00,100 גרם,false,1,36.90,6.5426,true,1,117309
7290111566332,false,"נקניקיות וינר מן הצומח 680 גרם ""טבעול""",קבוצת אוסם סחר שותפות מוגבלת,IL,טבעול נקניקיות וינר צמחוניות 6*680גרם,גרמים,680.00,100 גרם,false,1,36.90,5.4265,true,1,117300
7290111566547,false,טבעול חזה בגריל צמחוני 99 קלוריות 560ג',קבוצת אוסם סחר שותפות מוגבלת,IL,טבעול חזה בגריל צמחוני 6*560גרם,גרמים,560.00,100 גרם,false,1,34.90,6.2321,true,1,117295
7290111566561,false,"שניצל ברוקולי 99 קלוריות 560 גר' ""טבעול""",קבוצת אוסם סחר שותפות מוגבלת,IL,טבעול שניצל ברוקולי 99 קלוריות 6*560ג,גרמים,560.00,100 גרם,false,1,34.90,6.2321,true,1,117307
7290111566660,false,קציצות עדשים כתומות טבעול 530 גרם,קבוצת אוסם סחר שותפות מוגבלת,IL,טבעול קציצות עדשים כתומות 6*530גרם,גרמים,530.00,100 גרם,false,1,34.90,6.5849,true,1,117303
7290111566714,false,טבעול המבורגר צמחוני 99 קלוריות 600 גרם,קבוצת אוסם סחר שותפות מוגבלת,IL,טבעול המבורגר צמחוני 99 קלוריות 6*600ג,גרמים,600.00,100 גרם,false,1,34.90,5.8167,true,1,117294
7290111566752,false,טבעול שניצל תירס 99 קלוריות 693 גרם,קבוצת אוסם סחר שותפות מוגבלת,IL,טבעול שניצל תירס 99 קלוריות 6*693גרם,גרמים,693.00,100 גרם,false,1,34.90,5.0361,true,1,117311
7290111568206,false,ביסלי פארטי מיקס אסם 150 גר',קבוצת אוסם סחר שותפות מוגבלת,IL,ביסלי פארטי מיקס 24*150גרם,גרמים,150.00,100 גרם,false,1,11.90,7.9333,true,1,118080
7290111878862,true,שקית בלונים 10 יח מ,גמר,,שקית בלונים 10 יח מודפס,לא מנהל יחידת מידה,0.00,לא מנהל יחידת מידה,false,1,11.90,0.0000,true,1,122930
7290111933554,true,מאסטר שף עגבניות קוב,פראנו אנריקו ופיגלי,IT,מאסטר שף עגבניות קוביות שלשות 400גר*3,קילוגרמים,1.20,"ק""ג",false,1,15.90,13.2500,true,1,120808
7290111936296,true,פלמוליב ארומה סנסייש,COLGATE ($) -PALMOLI,TR,פלמוליב ארומה סנסיישן מסאז 750,Unknown,0.00,Unknown,false,1,22.90,0.0000,true,1,123615
7290112330352,false,"יוגורט PRO בטעם וניל 0% , 20 גרם חלבון בגביע",שטראוס גרופ בעמ/מצונן,IL,דנונה פרו 20 גר וניל 0% שומן,גרמים,200.00,100 גרם,false,1,6.90,3.4500,true,1,123558
7290112330390,false,דנונה פרו פירות יער 20 גרם חלבון 0% שומן 200 גרם,שטראוס גרופ בעמ/מצונן,IL,דנונה פרו 20 גר פירות יער 0% שומן,גרמים,200.00,100 גרם,false,1,6.90,3.4500,true,1,123559
7290112330970,false,שייק חלבון+פירות יער350מ,מחלבת יטבתה,IL,"שייק חלבון מי גבינה עם פירות יער 350 מ""ל",מיליליטרים,350.00,"100 מ""ל",false,1,8.50,2.4286,true,1,122288
7290112330994,false,שייק חלבון פרו אפרסק350מ,מחלבת יטבתה,IL,שייק חלבון מי גבינה עם אפרסק דאבל זירו,מיליליטרים,350.00,"100 מ""ל",false,1,8.50,2.4286,true,1,127613
7290112332585,false,פריכיות משולש תפוא אורז בתיבול סלק ומלח ים אנרג'י 30 גרם,"פרח תעשיו מזון בע""מ",IL,פריכיות משולשות-סלק,גרמים,30.00,100 גרם,false,1,6.90,23.0000,true,1,124144
7290112332691,false,פינוקיות עוגיות קרם פסק זמן אגוזים 200 גרם,"הגביע מוצרי וופלים בע""\מ",IL,פינוקיות קרם פסק זמן,גרמים,200.00,100 גרם,false,1,14.90,7.4500,true,1,124283
7290112335043,false,מרשמלו בזוקה עלית 150 גרם ווסטהיים,טופגאם תעשיות ממתקים,IL,מרשמלו בזוקה 150גר וועסטהיים,גרמים,150.00,100 גרם,false,1,7.90,5.2667,true,1,123779
7290112335050,false,מרשמלו וניל 150 גרם ווסטהים,טופגאם תעשיות ממתקים,IL,מרשמלו וניל 150 גר וועסטהיים,גרמים,150.00,100 גרם,false,1,7.90,5.2667,true,1,123780
7290112335487,false,הפריכיות הטעימות קצח ודגנים אנרג'י 135 גרם,אנרג'י Energy - שטראוס,IL,פריכיות טעימות קצח ודגנים 135 גרם,גרמים,135.00,100 גרם,false,1,15.90,11.7778,true,1,123553
7290112335494,false,הפריכיות הטעימות תפוחי אדמה בטעם פוטטוס,"פרח תעשיות מזון בע""\מ",IL,הפריכיות הטעימות פוטטוס,גרמים,135.00,100 גרם,false,1,15.90,11.7778,true,1,123554
7290112336637,false,סוכריות מאסט Must ללא סוכר יוגורט תות ואוכניות,שטראוס גרופ בע`מ,PL,סוכריות ללס יוגורט תות אוכמניות,גרמים,80.00,100 גרם,false,1,11.90,14.8750,true,1,126580
7290112336644,false,סוכריות מאסט ללא סוכר לימון 80 ג' עלית,שטראוס גרופ בע`מ,PL,סוכריות ללס לימון 80 ג חדש,גרמים,80.00,100 גרם,false,1,11.90,14.8750,true,1,126581
7290112336651,false,סוכריות מאסט ללא סוכר ריבת חלב 80 ג' עלית,שטראוס גרופ בע`מ,PL,סוכריות ללס ריבת חלב 80 ג חדש,גרמים,80.00,100 גרם,false,1,11.90,14.8750,true,1,126582
7290112336712,false,יוגורט PRO לבן 0% 21 גרם חלבון בגביע,שטראוס גרופ בעמ/מצונן,IL,דנונה פרו 21 גר 0% שומן,גרמים,200.00,100 גרם,false,1,6.90,3.4500,true,1,122808
7290112339867,true,גמדים סקוויז תות 10,שטראוס,IL,גמדים סקוויז תות 100 גרם,גרמים,100.00,100 גרם,false,1,6.90,6.9000,true,1,128353
7290112339874,true,גמדים סקוויז תות בננ,שטראוס,IL,גמדים סקוויז תות בננה 100,גרמים,100.00,100 גרם,false,1,6.90,6.9000,true,1,128354
7290112340122,false,הפריכיות הטעימות 3 דגנים אנרג'י 135 גרם,"פרח תעשיות מזון בע""\מ",IL,פריכיות טעימות 3 דגנים 135 גרם,גרמים,135.00,100 גרם,false,1,15.90,11.7778,true,1,123556
7290112340245,false,מסטיק מאסט צנצנת בטעם דובדבן 66 גר` מגדי,"שטראוס גרופ בע""\מ",IL,צנצנת MUST דובדבן 66 גר,גרמים,66.00,100 גרם,false,1,11.90,18.0303,true,1,123160
7290112340276,false,פינוקיות עוגיית קרם קפה נמס 200 גרם,"הגביע מוצרי וופלים בע""\מ",IL,פינוקיות קרם קפה נמס,גרמים,200.00,100 גרם,false,1,14.90,7.4500,true,1,124292
7290112342508,false,חטיף דוריטוס צ`יזי טוויסט 70 גרם,"שטראוס פריטו ליי בע""\מ",IL,דוריטוס קול ראנצ 70 גרם,גרמים,70.00,100 גרם,false,1,6.90,9.8571,true,1,134012
7290112343420,false,"משקה חלב עם דגנים מלאים ובננה פרו יטבתה 350מ""ל",שטראוס גרופ בעמ/מצונן,IL,"יטבתה פרו ארוחת בוקר 350 מל לל""ג",מיליליטרים,350.00,"100 מ""ל",false,1,8.50,2.4286,true,1,126127
7290112343499,false,חטיף צ'יטוס פאפס אפוי בטעם גבינה,"שטראוס פריטו ליי בע""\מ )",IL,צ'יטוס PUFFS בטעם גבינה 55 ג 48 יח,גרמים,55.00,100 גרם,false,1,5.90,10.7273,true,1,131906
7290112344724,false,מילקי בטעם שוקולד בלונדי עם קצפת 133גר,שטראוס גרופ בעמ/מצונן,IL,מילקי בטעם שוקולד בלונדי,גרמים,170.00,100 גרם,false,1,3.90,2.2941,true,1,126122
7290112347008,false,גמדים לדרך גבינה לבנה עם מחית תות ושיבולת שועל,שטראוס גרופ בעמ/מצונן,IL,גמדים ארוחת בוקר תות סקוויז,גרמים,100.00,100 גרם,false,1,6.90,6.9000,true,1,126117
7290112348999,false,הפריכיות הטעימות תירס דקות אנרג'י 135 גרם,שטראוס גרופ בע`מ,IL,הפריכיות הטעימות הדקות תירס,גרמים,135.00,100 גרם,false,1,15.90,11.7778,true,1,129657
7290112349606,false,מעדן גבינה ויוגורט תות בננה 88 ג' דניאלה,שטראוס גרופ בעמ/מצונן,IL,דניאלה תות בננה,גרמים,88.00,100 גרם,false,1,4.90,5.5682,true,1,132487
7290112350312,false,קפסולות 15 קפה יותר למכונות נספרסו עלית 10יח',הנסיך- מפעל לייצור ט,IL,קפסולות 15 למכונות NESPRESSO,גרמים,50.00,100 גרם,false,1,19.90,39.8000,true,1,128300
7290112351104,false,שוקולד פרה ממולא פיצפוצי אורז 100 ג' עלית,"שטראוס גרופ בע""\מ",IL,שוקולד פרה פצפוצי אורז 100גרם,גרמים,100.00,100 גרם,false,1,8.90,8.9000,true,1,127431
7290112351128,false,שוקולד פרה סוכריות קופצות וועסטהייים,"שטראוס גרופ בע""\מ",IL,טבלאות שוקולד פרה סוכריות קופצות 90 גרם,גרמים,90.00,100 גרם,false,1,8.90,9.8889,true,1,127987
7290112353412,false,"פריכיות תפו""א, אורז, תירס, אפונה ירוקה, סלק, מלח ים","פרח תעשיו מזון בע""מ",IL,"פריכיות משולש תפא,תירס,אפונה,סלק מלח",גרמים,30.00,100 גרם,false,1,6.90,23.0000,true,1,128390
7290112353566,false,סלט טחינה דליקטס 250 גרם,שטראוס,IL,סלט טחינה דליקטס 250 גרם,גרמים,250.00,100 גרם,false,1,12.90,5.1600,true,1,129869
7290112353887,false,"משקה קפה קר בטעם אגוזים יטבתה 230 מ""ל",האי נאם סי או אל.טי.,AT,משקה קפה קר בטעם אגוזים,מיליליטרים,230.00,"100 מ""ל",false,1,9.90,4.3043,true,1,127614
7290112354174,false,"פסטה רוזה 280 ג""ר ""דלישס"" שטראוס",קפוא-זן תעשיות מזון בעמ - תפוג,IT,פסטה רוזה דלישס 280גרם,גרמים,280.00,100 גרם,false,1,24.90,8.8929,true,1,131966
7290112354204,false,"ספגטי עגבניות 280 גר' ""דלישס"" שטראוס",קפוא-זן תעשיות מזון בעמ - תפוג,IT,ספגטי עגבניות דלישס 280 גרם,גרמים,280.00,100 גרם,false,1,24.90,8.8929,true,1,131967
7290112354945,false,תפוצ'יפס WAVY בטעם טבעי 50 גרם,שטראוס פריטו ליי בע”,IL,תפוציפס טבעי 50 גרם wavy,גרמים,50.00,100 גרם,false,1,5.90,11.8000,true,1,134717
7290112354952,false,תפוצ`יפס פפריקה (50 גרם)היתר מכירה,שטראוס פריטו ליי בע”,IL,תפוציפס פפריקה 50 גרם wavy,גרמים,50.00,100 גרם,false,1,5.90,11.8000,true,1,134718
7290112355027,false,דנונה פרו 20 גרם חלבון בטעם קרמל מלוח 200 גרם,שטראוס גרופ בעמ/מצונן,IL,דנונה פרו 20 גרם בטעם קרמל מלוח,גרמים,200.00,100 גרם,false,1,6.90,3.4500,true,1,129590
7290112355812,false,מילקי טופ קורנפלקס 141 ג' שטראוס,שטראוס גרופ בעמ/מצונן,IL,מילקי טופ קורנפלקס,גרמים,141.00,100 גרם,false,1,5.40,3.8298,true,1,133560
7290112358004,false,פסק זמן חטיף קראנץ עלית( 32 גר`),שולן צ'\יקולטה גידה סאן.,TR,פסק זמן קראנץ' 32 גר,גרמים,32.00,100 גרם,false,1,7.50,23.4375,true,1,129302
7290112358431,false,עד חצות דאבל ביסקוויט עם שוקולד חלב -8 אריזות אישיות,ביסקוויטס טור ד'\אלבון,FR,עד חצות דאבל 200 גרם,גרמים,200.00,100 גרם,false,1,18.90,9.4500,true,1,130960
7290112358554,false,מארז קפה נמס מנות אישיות לדרך 50.4 גר,שטראוס גרופ בע`מ,RO,מארז נמס לדרך,גרמים,50.00,100 גרם,false,1,14.90,29.8000,true,1,128299
7290112490032,true,מרק נמס בכוס תירס 43,יוניליוור ישראל מזון,IL,קנור נמס בכוס מרק תירס 45 גרם,גרמים,43.00,100 גרם,false,1,7.50,17.4419,true,1,120580
7290112490117,false,קליק אקסטרא לארג שוקולד חלב עם וופל ואגוזים,יוניליוור ישראל שיווק בע`מ,IL,קליק שוקולד חלב עם וופל ואגוזים 85 גרם,גרמים,85.00,100 גרם,false,1,9.90,11.6471,true,1,118203
7290112490209,true,נמס בכוס עגבניות קרו,יוניליוור ישראל מזון,IL,נמס בכוס עגבניות קרוטונים ר.טבעי 64 גרם,גרמים,64.00,100 גרם,false,1,7.50,11.7188,true,1,120583
7290112490230,true,נמס בכוס אפונה ר.טבע,יוניליוור ישראל מזון,IL,נמס בכוס מרק אפונה - 100% רכיבים טבעיים,גרמים,50.00,100 גרם,false,1,7.50,15.0000,true,1,120584
7290112490650,false,קונפיטורה תות שדה 340 גרם-צנצנת,יוניליוור ישראל שיווק בע`מ,BE,778 קונפיטורת תות שדה 340 גרם,גרמים,340.00,100 גרם,false,1,15.90,4.6765,true,1,120402
7290112490698,false,קונפיטורה תות שדה לייט 300 גרם-צנצנת,יוניליוור ישראל שיווק בע`מ,BE,קונפיטורה תות שדה לייט 300 גרם,גרמים,300.00,100 גרם,false,1,15.90,5.3000,true,1,120525
7290112490728,false,מרק עשיר ירקות עם בורגול רכיבים טבעיים 95 ג' קנור,יוניליוור ישראל שיווק בע`מ,IL,מרק עשיר ירקות עם בורגול100%רכיבים טבעיי,גרמים,104.00,100 גרם,false,1,12.90,12.4038,true,1,120619
7290112490735,true,מרק עשיר עגבניות עם,יוניליוור ישראל מזון,IL,מרק עשיר עגבניות עם פסטה – 100% רכיבים ט,גרמים,105.00,100 גרם,false,1,12.90,12.2857,true,1,120586
7290112490742,true,מרק עשיר פטריות עם ג,יוניליוור ישראל מזון,IL,מרק עשיר פטריות עם גריסים – 100% רכיבים,גרמים,104.00,100 גרם,false,1,12.90,12.4038,true,1,120587
7290112490759,true,מרק עשיר עוף עם אטרי,יוניליוור ישראל מזון,IL,מרק עשיר עוף עם אטריות – 100% רכיבים טבע,גרמים,74.00,100 גרם,false,1,12.90,17.4324,true,1,120588
7290112491534,false,שוקולד מריר מארז שלי,יוניליוור ישראל מזון,IL,ROSE OF GALILEE חטיפים שונים 300 G,גרמים,300.00,100 גרם,false,1,19.90,6.6333,true,1,133379
7290112492449,false,פינוק שמפו שיער רגיל 700 מל-חדש,"יוניליוור ישראל שיווק בע""מ",IL,PINUK שמפו 2IN1 700 ML,מיליליטרים,700.00,"100 מ""ל",false,1,14.90,2.1286,true,1,127401
7290112492456,false,"שמפו פינוק לשיער יבש/פגום 700 מ""ל",יוניליוור ישראל שיווק בע`מ,IL,PINUK שמפו 2IN1 700 ML,מיליליטרים,700.00,"100 מ""ל",false,1,14.90,2.1286,true,1,127402
7290112492463,false,"שמפו ומרכך 2 ב-1 לשיער רגיל פינוק 700 מ""ל.",יוניליוור ישראל שיווק בע`מ,IL,PINUK שמפו 2IN1 700 ML,מיליליטרים,700.00,"100 מ""ל",false,1,14.90,2.1286,true,1,127403
7290112492531,true,פינוק מרכך שיער רגיל,יוניליוור ישראל טיפו,IL,PINUK מרכך 700 ML,מיליליטרים,700.00,"100 מ""ל",false,1,14.90,2.1286,true,1,126331
7290112492548,true,פינוק מרכך שיער יבש,יוניליוור ישראל טיפו,IL,PINUK מרכך שיער 700 ML,מיליליטרים,700.00,"100 מ""ל",false,1,14.90,2.1286,true,1,126332
7290112492593,true,פינוק תחליב רחצה בני,יוניליוור ישראל טיפו,IL,PINUK סבון נוזלי 700 ML,גרמים,700.00,100 גרם,false,1,14.90,2.1286,true,1,126334
7290112492630,true,פינוק שמפו 3 ב-1 לגב,יוניליוור ישראל טיפו,IL,PINUK סבון נוזלי 700 ML,מיליליטרים,700.00,"100 מ""ל",false,1,14.90,2.1286,true,1,126337
7290112492999,false,קנור מרק עוף אמיתי 400 גרם פרווה,יוניליוור ישראל שיווק בע`מ,IL,קנור מרק טעם עוף 400 גרם,גרמים,400.00,100 גרם,false,1,17.90,4.4750,true,1,126306
7290112493293,true,קנור מרק נמס בכוס יר,יוניליוור ישראל מזון,IL,קנור מרק נמס בכוס ירקות 44גרם - 100% רכי,גרמים,44.00,100 גרם,false,1,7.50,17.0455,true,1,125290
7290112493316,true,מרק היום אפונה קנור,יוניליוור ישראל מזון,IL,מרק היום אפונה קנור 117גרם 100% רכיבים,גרמים,117.00,100 גרם,false,1,12.90,11.0256,true,1,125291
7290112493903,false,מעדן קפוא בטעמים תות לימון ענבים ומשמש,"מיוצר ע""\י גלידת שטראוס",IL,"מאגדת ננסים בטעמים תות, לימון, קולה ומשמש",גרמים,87.00,100 גרם,false,1,12.90,14.8276,true,1,125230
7290112493927,false,גלידה בטעם ריבת חלב 1.33ל' קרמיסימו,"גלידת שטראוס בע""\מ, רחוב",IL,קרמיסימו ריבת חלב 1.33 ליטר,ליטרים,1.33,ליטר,false,1,33.90,25.4887,true,1,126526
7290112493934,false,קרמיסימו מעדן קפוא טעם וניל צרפתי,"גלידת שטראוס בע""\מ, רחוב",IL,קרמיסימו קרמיסימו וניל צרפתי 1.33 ליטר,ליטרים,1.33,ליטר,false,1,33.90,25.4887,true,1,126525
7290112494221,false,חטיף ביסקויט שוקולד חלב קליק (65 גרם),יוניליוור ישראל שיווק בע`מ,IL,קליק ביסקוויט 65 גרם,גרמים,65.00,100 גרם,false,1,9.00,13.8462,true,1,125748
7290112494238,false,חטיף כדורים שוקולד חלב קליק (65 גרם),יוניליוור ישראל שיווק בע`מ,IL,קליק קליק כדורים 65 גרם,גרמים,65.00,100 גרם,false,1,9.00,13.8462,true,1,125751
7290112494283,false,חטיף כדורים מעורב חום לבו 65 גר`קליק,יוניליוור ישראל שיווק בע`מ,IL,קליק חום לבן 65 גרם,גרמים,65.00,100 גרם,false,1,9.00,13.8462,true,1,125750
7290112494313,false,קליק - קורנפלקס תפזורת 65 גרם,יוניליוור ישראל שיווק בע`מ,IL,קליק קליק קורנפלקס 65 גרם,גרמים,65.00,100 גרם,false,1,9.00,13.8462,true,1,125755
7290112494344,false,קורנפלקס של אלופים תלמה (850 גרם)רבנות,יוניליוור ישראל שיווק בע`מ,IL,תלמה קורנפלקס של אלופים דגני בוקר 850 גרם,גרמים,850.00,100 גרם,false,1,24.90,2.9294,true,1,126917
7290112495006,false,כריות דגנים במילוי נוגט בדצ 686 גרם,יוניליוור ישראל שיווק בע`מ,IL,תלמה דגני בוקר כריות נוגט 686 גרם,גרמים,686.00,100 גרם,false,1,29.90,4.3586,true,1,125769
7290112495020,false,כריות צוקולדה בדצ מאוחד 750 גר,יוניליוור ישראל שיווק בע`מ,IL,תלמה דגני בוקר כריות צ'וקולדה 686 גרם,גרמים,686.00,100 גרם,false,1,32.90,4.7959,true,1,125770
7290112495037,false,דגני בוקר בטעם שוקולד כדורים 375 ג' קוקומן,יוניליוור ישראל שיווק בע`מ,IL,קוקומן כדורים 375 גרם,גרמים,375.00,100 גרם,false,1,21.90,5.8400,true,1,125771
7290112495044,false,דגני קוקומן פצפוצים תלמה (375 גרם),יוניליוור ישראל שיווק בע`מ,IL,קוקומן פיצפוצים 375 גרם,גרמים,375.00,100 גרם,false,1,21.90,5.8400,true,1,125772
7290112495105,false,נשנושים טעם שמנת בצל בייגל בייגל 260 גרם,יוניליוור ישראל שיווק בע`מ,IL,נשנושים חטיף אפוי בטעם שמנת בצל 260 גרם,גרמים,260.00,100 גרם,false,1,16.90,6.5000,true,1,125860
7290112495167,false,נשנושי קרקר משולשי שומשום בייגל בייגל 300 גרם,יוניליוור ישראל שיווק בע`מ,IL,נשנושי קרקר משולשי שומשום 300 גרם,גרמים,300.00,100 גרם,false,1,17.90,5.9667,true,1,125856
7290112495228,false,קורנפלקס נגיעות דבש תלמה 448 גרם,יוניליוור ישראל שיווק בע`מ,IL,תלמה קורנפלקס דבש 448 גרם,גרמים,448.00,100 גרם,false,1,19.90,4.4420,true,1,125773
7290112495433,false,דגני דליפקאן תוספת אגוזי פקאן ושקדים 400 גר,יוניליוור ישראל שיווק בע`מ,IL,TELMA דגני מבוגרים 400 GR,גרמים,400.00,100 גרם,false,1,28.90,7.2250,true,1,125262
7290112495471,false,"קורנפלקס תלמה ללא גלוטן 500 גרם כשל""פ","יוניליוור ישראלשיווק בע""מ",IT,TELMA דגני משפחה 500 GR,גרמים,500.00,100 גרם,false,1,24.90,4.9800,true,1,126571
7290112495754,false,רוטב לסלט אלף האיים הלמנס (305 מל),יוניליוור ישראל שיווק בע`מ,IL,הלמנ'ס רוטב אלף האיים 305 גרם,גרמים,305.00,100 גרם,false,1,14.90,4.8852,true,1,126540
7290112495785,false,רוטב לסלט שום (300 גרם)הלמנס,יוניליוור ישראל שיווק בע`מ,IL,הלמנ'ס רוטב שום 300 גרם,גרמים,300.00,100 גרם,false,1,14.90,4.9667,true,1,126542
7290112495792,false,רוטב הלמנס שום לייט לסלט 305גר כשלפ,יוניליוור ישראל שיווק בע`מ,IL,הלמנ'ס רוטב שום לייט 300 גרם,גרמים,300.00,100 גרם,false,1,13.90,4.6333,true,1,133855
7290112495808,false,רוטב לסלט חרדל ודבש הלמנס (305 מל),יוניליוור ישראל שיווק בע`מ,IL,הלמנ'ס רוטב חרדל ודבש 305 מל,גרמים,305.00,100 גרם,false,1,12.90,4.2295,true,1,127335
7290112495822,false,כריות BLACK בטעם שוקולד וניל תלמה 686 גרם,יוניליוור ישראל שיווק בע`מ,IL,תלמה דגני בוקר כריות בלאק 686 גרם,גרמים,686.00,100 גרם,false,1,31.90,4.6501,true,1,126638
7290112496027,false,"סירופ שוקולד לחיץ 580 מ""ל כשל""פ אפיכל",יוניליוור ישראל שיווק בע`מ,IL,EFICOL קינוחים שונים 580 GR,גרמים,580.00,100 גרם,false,1,17.90,3.0862,true,1,126568
7290112496034,false,"סירופ מייפל לחיץ 580 מ""ל כשל""פ אפיכל",יוניליוור ישראל שיווק בע`מ,IL,EFICOL קינוחים שונים 580 GR,גרמים,580.00,100 גרם,false,1,17.90,3.0862,true,1,126567
7290112496270,false,"פתית צ'יפס תפו""א בתוספת עגבניות ועשבי תיבול 22 גרם",יוניליוור ישראל שיווק בע`מ,GB,פתית ציפס עם תפוחי אדמה עגבניות 22 גרם,גרמים,0.00,100 גרם,false,1,5.90,0.0000,true,1,128180
7290112496287,false,פתית - צ'יפס בטטה בטעם טבעי 21 גרם,יוניליוור ישראל שיווק בע`מ,GB,פתית פתית צ'יפס בטטה בטעם טבעי 21 גר',גרמים,0.00,100 גרם,false,1,5.90,0.0000,true,1,128179
7290112496294,false,חטיף פתית צ'יפס עם אפונה ירוקה צהובה וצ'ילי,יוניליוור ישראל שיווק בע`מ,GB,פתית ציפס עם אפונה ירוקה וצהובה 22 גרם,גרמים,0.00,100 גרם,false,1,5.90,0.0000,true,1,128178
7290112496584,false,קליק כריות Black מצופה שוקולד לבן ועוגיות,יוניליוור ישראל שיווק בע`מ,IL,קליק קליק כריות בלאק ושוקולד לבן 65 גרם,גרמים,65.00,100 גרם,false,1,9.00,13.8462,true,1,127986
7290112497123,false,סחלב תערובת להכנת מעדן בטעם סחלב 112גרם,יוניליוור ישראל שיווק בע`מ,IL,קנור סחלב 112 גרם,גרמים,112.00,100 גרם,false,1,14.90,13.3036,true,1,129443
7290112497932,false,נשנושים חטיף בטעם שמנת בצל באריזה אישית 60 ג',יוניליוור ישראל שיווק בע`מ,IL,בייגל בייגל נשנושים חטיף אפוי בטעם שמנת בצל 60 גרם,גרמים,60.00,100 גרם,false,1,5.90,9.8333,true,1,129764
7290112498526,false,"פתית צ'יפס עם בטטה סגולה בטעם שמנת ובצל, 22 גרם",יוניליוור ישראל שיווק בע`מ,GB,פתית ציפס בטטה סגולה 22 גרם,גרמים,22.00,100 גרם,false,1,5.90,26.8182,true,1,132114
7290112498823,false,מיקס עיגול בטעמי וניל וש,"מיוצר ע""\י גלידת שטראוס",IL,גלידה מיקס עיגול כשלפ 70 גרם,גרמים,70.00,100 גרם,false,1,10.90,15.5714,true,1,130322
7290112498878,false,שלגון קורנטו פסק זמן ריבת חלב,"מיוצר ע""\י גלידת שטראוס",IL,קורנטו פסק זמן 69 גרם,גרמים,69.00,100 גרם,false,1,9.90,14.3478,true,1,130339
7290112498915,false,מאגדת מיני מגנום שקדים מובחר שטראוס 250 גרם,"מיוצר ע""\י גלידת שטראוס",IL,מגנום מאגדת מיני מגנום שקדים מובחרים 5 יחידות,גרמים,250.00,100 גרם,false,1,30.90,12.3600,true,1,131176
7290112498922,false,מאגדת מיני מגנום לבן שטראוס 250 גרם,"מיוצר ע""\י גלידת שטראוס",IL,מגנום מאגדת מיני מגנום לבן 5 יחידות,גרמים,250.00,100 גרם,false,1,30.90,12.3600,true,1,131177
7290112498939,false,שלגון בומבה בטעם וניל 80 גרם,"מיוצר ע""\י גלידת שטראוס",IL,שטראוס שלגון בומבה בטעם וניל 80 גרם,גרמים,84.00,100 גרם,false,1,11.90,14.1667,true,1,130338
7290112498946,false,קשת בענן ארטיק ילדים שטראוס 47 גרם,"גלידת שטראוס בע""\מ, רח'\",IL,"מקס ארטיק קשת בענן בטעמי תות, וניל ומרשמלו 47 גרם",גרמים,47.00,100 גרם,false,1,8.90,18.9362,true,1,132673
7290112499080,false,סולרו בר קוקוס שטראוס 65 גרם,"מיוצר ע""\י גלידת שטראוס",IL,גלידת שרבט עם קוקוס 65גרם,גרמים,65.00,100 גרם,false,1,12.90,19.8462,true,1,132672
7290112499097,false,מאגדת מיני מגנום מריר Intense Dark! 240 גרם,"מיוצר ע""\י גלידת שטראוס",IL,מגנום מאגדת מיני מגנום מריר 5 יחידות,גרמים,240.00,100 גרם,false,1,30.90,12.8750,true,1,132674
7290112499110,false,טילון קליק בטעם שוקולד 72 ג' שטראוס,שטראוס גרופ גלידות,IL,קורנטו טילון קליק בטעם שוקולד 72 גרם,גרמים,72.00,100 גרם,false,1,10.90,15.1389,true,1,133154
7290112499127,false,שלגון גלידה שוקולד לבן ותות 77 גרם,"מיוצר ע""\י גלידת שטראוס",IL,מגנום שלגון גלידה שוקולד לבן ותות 77 גרם,גרמים,77.00,100 גרם,false,1,13.50,17.5325,true,1,132671
7290112499141,false,סולרו קלאסיק חלבי -וניל תפוח ירוק,שטראוס גרופ גלידות,IL,סולרו שלגון בטעם וניל ותפוח ירוק,גרמים,74.00,100 גרם,false,1,12.90,17.4324,true,1,133152
7290112499196,false,גלידה בטעם החלב של הקורנפלקס 1.33 ל' קרמיסימו,"גלידת שטראוס בע""\מ, רחוב",IL,קרמיסימו החלב של הקורנפלקס 1.33 ליטר,ליטרים,1.33,ליטר,false,1,29.90,22.4812,true,1,133619
7290112499219,false,שלגון שמנת מופחת שומן וקלוריות בטעם פיסטוק עם ריפל בטעם שוקולד מריר וציפוי חלקי של שוקולד חלב מעולה,"גלידת שטראוס בע""\מ, רחוב",IL,גודיז מאגדת גלידה בטעמי פיסטוק ושוקולד 5 יחידות,גרמים,235.00,100 גרם,false,1,27.90,11.8723,true,1,133155
7290112499226,false,גלידונית פיסטוק ובננהבקלקר 60 יח 700 גרם,"גלידת שטראוס בע""\מ, רחוב",IL,גלידונית כמה כמה בטעמי פיסטוק ובננה 950,מיליליטרים,950.00,"100 מ""ל",false,1,57.90,6.0947,true,1,134719
7290112499257,false,שלגון שוקובו שטראוס,שטראוס גרופ גלידות,IL,שוקובו לבן 85 גרם,גרמים,85.00,100 גרם,false,1,12.90,15.1765,true,1,134865
7290112499639,false,טילון סופר מגנום וניל צ'יפ שוקולד 110 גרם,"מיוצר ע""\י גלידת שטראוס",IL,קורנטו מגנום טילון וניל צ'יפ שוקולד 110 גרם,גרמים,110.00,100 גרם,false,1,13.50,12.2727,true,1,126537
7290112499646,false,"מעדן קפוא בטעם וניל עם וופל 108 גרם ""קורנטו""","מיוצר ע""\י גלידת שטראוס",IL,קורנטו סופר פקאן 108 גרם,גרמים,108.00,100 גרם,false,1,13.50,12.5000,true,1,127207
7290112499677,false,מגנום וניל בציפוי שוקולד לבן,"מיוצר ע""\י גלידת שטראוס",IL,מגנום שלגון שוקולד לבן 85 גרם,גרמים,85.00,100 גרם,false,1,13.50,15.8824,true,1,126531
7290112499691,false,מאגדת מיני מגנום לבן+שקד,"גלידת שטראוס בע""\מ רח'\",IL,מיני מגנום לבן שקדים 250 גרם,גרמים,250.00,100 גרם,false,1,33.90,13.5600,true,1,126528
7290112499738,false,קרחון שרבט פרווה בטעם מלון 90 גרם,"מיוצר ע""\י גלידת שטראוס",IL,מקס שלגון מלון 90 גרם,גרמים,90.00,100 גרם,false,1,8.90,9.8889,true,1,126591
7290112499776,false,גלידת שמנת מופחתת שומן וקלוריות בטעם שוקולד לבן 240 גרם,"גלידת שטראוס בע""\מ, רח'\",IL,GOODIZ חבילות בית 350 ML,גרמים,297.00,100 גרם,false,1,27.90,9.3939,true,1,127201
7290112499837,false,מגנום דואט שוקו לד עם נוגט שטראוס,"מיוצר ע""\י גלידת שטראוס",IL,מגנום שלגון מגנום דואט שוקולד עם נוגט 90 גרם,גרמים,90.00,100 גרם,false,1,13.50,15.0000,true,1,126532
7290112499844,false,מאגדת מיני מגנום דואט שוקולד עם נוגט שטראוס 310 גרם,"מיוצר ע""\י גלידת שטראוס",IL,מגנום מאגדת מיני מגנום דואט שוקולד נוגט 5 יחידות,גרמים,310.00,100 גרם,false,1,30.90,9.9677,true,1,126530
7290112499905,false,טילון קורניטו קליק בטעם מרשמלו 72 גרם,"מיוצר ע""\י גלידת שטראוס",IL,קורנטו טילון קורנטו קליק בטעם מרשמלו 72 גרם,גרמים,72.00,100 גרם,false,1,10.90,15.1389,true,1,127770
7290112499929,false,מגנום שוקולד אימפלס פסח 120מל,"מיוצר ע""\י גלידת שטראוס",IL,מגנום שלגון מגנום שוקולד 85 גרם,גרמים,85.00,100 גרם,false,1,13.50,15.8824,true,1,126533
7290112499936,false,מגנום שקדים אימפלס פסח 125מל,"מיוצר ע""\י גלידת שטראוס",IL,מגנום שלגון מגנום שקדים 85 גרם,גרמים,85.00,100 גרם,false,1,13.50,15.8824,true,1,126534
7290112499943,false,מיני מאגדת מיני מגנום טעמים שונים וניל+שוקו,"מיוצר ע""\י גלידת שטראוס",IL,מגנום מאגדת מיני מגנום קלאסיק שוקולד 5 יחידות,גרמים,250.00,100 גרם,false,1,30.90,12.3600,true,1,126529
7290112499974,false,מאגדת מיני פסק זמן על מקל,"גלידת שטראוס בע""\מ, רח'\",IL,מאגדת מיני פסק זמ 1/5 280 גרם,גרמים,280.00,100 גרם,false,1,30.90,11.0357,true,1,127840
7290112960856,false,טילון אקסטרים115-120 גרם מטבע שוקולד בטעם לוז נוגט נסטלה 115 גרם,נגה גלידות שותפות מוגבלת,IL,נסטל.אקסטרים ליבת ריבת חלב ומטבע 18*115ג,גרמים,128.00,100 גרם,false,1,12.50,9.7656,true,1,122573
7290112961372,false,פיטנס חטיפי פריכיות דקות קינמון 60 גרם,קבוצת אוסם סחר שותפות מוגבלת,IL,פיטנס חטיפי פריכיות דקות קינמון12*60ג,גרמים,60.00,100 גרם,false,1,9.50,15.8333,true,1,121957
7290112961464,false,פיטנס חטיפי פריכיות דגנים וחומוס מתובלות,קבוצת אוסם סחר שותפות מוגבלת,IL,פיטנס חטיפי פריכיות דקות מתובלות 12*60ג,גרמים,60.00,100 גרם,false,1,9.50,15.8333,true,1,121956
7290112962003,false,שלגון קראנץ וניל עוגיות עם שוקולד נסטלה 90 גרם,נגה גלידות שותפות מוגבלת,IL,קראנץ וניל עוגיות 28*90גרם,לא מנהל יחידת מידה,0.00,לא מנהל יחידת מידה,false,1,12.50,0.0000,true,1,122056
7290112962287,false,טבעול שווארמה טבעונית 6*450 גרם,קבוצת אוסם סחר שותפות מוגבלת,IL,שווארמה טבעונית טבעול כשלפ 450גרם,גרמים,450.00,100 גרם,false,1,31.90,7.0889,true,1,126639
7290112962546,false,מאגדת לה פרוטה מלון תפוח 350 גרם 5 יחידות,נגה גלידות שותפות מוגבלת,IL,לה פרוטה מאגדת מלון תפוח 8 5*70גרם,גרמים,4.00,100 גרם,false,1,29.90,747.5000,true,1,122054
7290112962751,false,מעדן קפוא בטעם וניל עם שברי עוגיות וציפוי,שוורצקוף& הנקל דיסלד,IL,אוראו שלגון אימפלס 20*65גרם,גרמים,65.00,100 גרם,false,1,12.90,19.8462,true,1,122578
7290112963918,false,פיטנס חטיפי קרקר דק רוזמרין 140 גרם,קבוצת אוסם סחר שותפות מוגבלת,IL,פיטנס קרקר דק רוזמרין 12*140גרם,גרמים,140.00,100 גרם,false,1,13.90,9.9286,true,1,124453
7290112964410,false,אסם רוטב אלף האיים חדש לסלט 290 גרם,קבוצת אוסם סחר שותפות מוגבלת,IL,אסם רוטב אלף האיים חדש לסלט 9*290גרם,גרמים,290.00,100 גרם,false,1,13.90,4.7931,true,1,124155
7290112964472,false,אסם רוטב שום חדש לסלט 290 גרם,קבוצת אוסם סחר שותפות מוגבלת,IL,אסם רוטב שום חדש לסלט 9*290גרם,גרמים,290.00,100 גרם,false,1,13.90,4.7931,true,1,124158
7290112964625,false,רוטב שום לייט לסלט 310 גרם אסם,קבוצת אוסם סחר שותפות מוגבלת,IL,אסם רוטב שום לייט חדש לסלט 9*310גרם,גרמים,310.00,100 גרם,false,1,13.90,4.4839,true,1,133299
7290112964724,false,המבורגר צמחוני עם המון חלבון 580 גר,קבוצת אוסם סחר שותפות מוגבלת,IL,טבעול המבורגר טבעוני 6*580גרם,גרמים,580.00,100 גרם,false,1,36.90,6.3621,true,1,124456
7290112965165,true,מרק נמס פטריות 34,אסם,IL,אסם זוג מרק נמס פטריות בדצ14*48גרם,גרמים,34.00,100 גרם,false,1,6.90,20.2941,true,1,125298
7290112965363,false,קציצות קינואה וברוקולי טבעול 525 גרם,קבוצת אוסם סחר שותפות מוגבלת,IL,טבעול קציצת קינואה וברוקולי 2019 6*525ג,גרמים,525.00,100 גרם,false,1,36.90,7.0286,true,1,126059
7290112965684,false,פיטנס - חטיף מולטיגריין עשבי תיבול 25 גרם,קבוצת אוסם סחר שותפות מוגבלת,IL,פיטנס חטיף מולטיגריין עשבי תיבול 25גרם,גרמים,25.00,100 גרם,false,1,6.50,26.0000,true,1,129317
7290112966803,false,אינסטנט פודינג בטעם שוקולד אסם (88 גרם),קבוצת אוסם סחר שותפות מוגבלת,IL,אסם פודינג אינסטנט שוקולד 88 גרם,גרמים,88.00,100 גרם,false,1,7.90,8.9773,true,1,126259
7290112967114,false,פיטנס חטיפי פריכיות קטניות ופלפל 60 גרם,קבוצת אוסם סחר שותפות מוגבלת,IL,פיטנס חטיפי פריכיות קטניות ופלפל 60 גר,גרמים,60.00,100 גרם,false,1,9.50,15.8333,true,1,127965
7290112967381,false,פיטנס חטיפי פריכיות קטניות ומלח ים 60 גרם,קבוצת אוסם סחר שותפות מוגבלת,IL,פיטנס חטיפי פריכיות קטניות ומלח ים 60 ג,גרמים,60.00,100 גרם,false,1,9.50,15.8333,true,1,127964
7290112968340,false,צבר חומוס סמיר הגדול 400 גר`,קבוצת אוסם סחר שותפות מוגבלת,IL,צבר חומוס גרוס גס גס 400גרם,גרמים,400.00,100 גרם,false,1,14.90,3.7250,true,1,126896
7290112968449,false,סלט טחינה כרוב אדום 250 גרם,קבוצת אוסם סחר שותפות מוגבלת,IL,סלט כרוב אדום צבר 250גרם,גרמים,250.00,100 גרם,false,1,10.90,4.3600,true,1,126831
7290112968807,false,80018416694פיטנס חטיפי קרקר דק סלק 150גר,קבוצת אוסם סחר שותפות מוגבלת,IL,פיטנס קרקר דק סלק 12*140גרם,גרמים,140.00,100 גרם,false,1,13.90,9.9286,true,1,128388
7290112968821,false,חטיפי קרקר דק בטטה 140 גר` פיטנס,קבוצת אוסם סחר שותפות מוגבלת,IL,פיטנס קרקר דק בטטה 12*140גרם,גרמים,140.00,100 גרם,false,1,13.90,9.9286,true,1,128389
7290113158672,false,כוס זכוכית כפולה 350,,,כוס זכוכית כפולה 350,יחידה,1.00,יחידה,false,1,39.90,39.9000,true,1,129434
7290113192355,true,חרוזית ירוק בית השיט,בית-השיטה עסיס תעשיו,IL,חרוזית ירוק בית השיטה 275גר,גרמים,275.00,100 גרם,false,1,12.90,4.6909,true,1,126370
7290113192393,true,קוקטייל זיתים בית ה,בית-השיטה עסיס תעשיו,IL,קוקטייל זיתים בית השיטה 336גר,גרמים,336.00,100 גרם,false,1,13.90,4.1369,true,1,126374
7290113192478,true,מלפפונים במלח 10-12,בית-השיטה עסיס תעשיו,IL,מלפפונים במלח 10-12 בית השיטה 320גר,גרמים,320.00,100 גרם,false,1,9.90,3.0938,true,1,126382
7290113192485,true,מלפפונים בחומץ 10-12,בית-השיטה עסיס תעשיו,IL,מלפפונים בחומץ 10-12בית השיטה 290גר,גרמים,290.00,100 גרם,false,1,9.90,3.4138,true,1,126383
7290113192508,true,מלפפונים במלח 17-13ב,בית-השיטה עסיס תעשיו,IL,מלפפונים במלח 17-13בית השיטה 320גר,גרמים,320.00,100 גרם,false,1,12.90,4.0313,true,1,126385
7290113192539,true,מלפפונים במלח 7-9 ב,בית-השיטה עסיס תעשיו,IL,מלפפונים במלח 7-9 בית השיטה 320גר,גרמים,320.00,100 גרם,false,1,7.90,2.4688,true,1,126388
7290113192546,true,מלפפונים בחומץ 7-9 ב,בית-השיטה עסיס תעשיו,IL,מלפפונים בחומץ 7-9 בית השיטה 290גר,גרמים,290.00,100 גרם,false,1,7.90,2.7241,true,1,126389
7290113198258,false,פיסטוק ענק קלוי בצנצ,דין שיווק,IL,פיסטוק ענק קלוי בצנצנת 170 גרם,גרמים,170.00,100 גרם,false,1,21.90,12.8824,true,1,134015
7290113198265,false,שקד ענק קלוי בצנצנת,דין שיווק,IL,שקד ענק קלוי בצנצנת 200 גרם,גרמים,200.00,100 גרם,false,1,21.90,10.9500,true,1,134016
7290113198272,false,תערובת פיצוחים פרימי,דין שיווק,IL,תערובת פיצוחים פרימיום בצנצנת 200 גרם,גרמים,200.00,100 גרם,false,1,21.90,10.9500,true,1,134017
7290113198289,false,בוטנים קלויים בצנצנת,דין שיווק,IL,בוטנים קלויים בצנצנת 220 גרם,גרמים,220.00,100 גרם,false,1,17.90,8.1364,true,1,134018
7290113302341,false,חטיף עוף קראנצ'י ורוד בונזו 80 ג',שחורי אריה ואנסטסיה,CN,חטיפי בנוזו עוף ואורז 80 גר,גרמים,80.00,100 גרם,false,1,12.90,16.1250,true,1,134394
7290113452848,false,קטי גומי אבטיח 200 ג,טופגם,IL,קטי גומי אבטיח 200 גרם,גרמים,200.00,100 גרם,false,1,14.90,7.4500,true,1,133657
7290113452855,false,סוכריות גומי יין ארו,טופגם,IL,סוכריות גומי יין ארוז 200 גרם,גרמים,200.00,100 גרם,false,1,14.90,7.4500,true,1,132187
7290113452862,false,סוכריות גומי נחש מוב,טופגם,IL,סוכריות גומי נחש מוברק ארוז 200 גרם,גרמים,200.00,100 גרם,false,1,14.90,7.4500,true,1,132166
7290113452879,false,סוכריות גומי בננה אר,טופגם,IL,סוכריות גומי בננה ארוז 200 גרם,גרמים,200.00,100 גרם,false,1,14.90,7.4500,true,1,132167
7290113452886,false,סוכריות גומי נחש חמו,טופגם,IL,סוכריות גומי נחש חמוץ ארוז 200 גרם,גרמים,200.00,100 גרם,false,1,14.90,7.4500,true,1,132169
7290113452916,false,סוכריות גומי קולה קט,טופגם,IL,סוכריות גומי קולה קטן ארוז 200 גרם,גרמים,200.00,100 גרם,false,1,14.90,7.4500,true,1,132165
7290113452923,false,סוכריות גומי לב אפרס,טופגם,IL,סוכריות גומי לב אפרסק ארוז 200 גרם,גרמים,200.00,100 גרם,false,1,14.90,7.4500,true,1,132188
7290113452930,false,סוכריות גומי דובי מו,טופגם,IL,סוכריות גומי דובי מוברק ארוז 200 גרם,גרמים,200.00,100 גרם,false,1,14.90,7.4500,true,1,132168
7290113452985,false,קטי תות ממולא 150 גר,טופגם,IL,קטי תות ממולא 150 גרם,גרמים,150.00,100 גרם,false,1,14.90,9.9333,true,1,133658
7290113453043,false,סוכריות גומי תות קטן,טופגם,IL,סוכריות גומי תות קטן 200 גרם,גרמים,200.00,100 גרם,false,1,14.90,7.4500,true,1,132189
7290113453050,false,סוכריות גומי תות קטן,טופגם,IL,סוכריות גומי תות קטן מסוכר 200 גרם,גרמים,200.00,100 גרם,false,1,14.90,7.4500,true,1,132190
7290114720885,false,פוג'יקום זוג נורות 75W אור צהוב,פוגיקום בעמ,,75w מארז זוג נורות צהוב,יחידה,1.00,יחידה,false,1,29.90,29.9000,true,1,130785
7290115073676,false,מסכות כירורגיות צבעוני מארז 50 יח(ש),שמחה זה אנחנו בע`מ,CN,מסכות מנתח שחורות 50 יח שמחה זה אנחנו,יחידה,1.00,יחידה,false,1,9.90,9.9000,true,1,128260
7290115077131,false,מסכה לפנים חד פעמי לילדים 40 יח`,שמחה זה אנחנו בעמ,CN,מסכת פנים חדפ ילדים 40 יח צבעוני,יחידה,1.00,יחידה,false,1,8.90,8.9000,true,1,129491
7290115180251,false,יחידות טבק לחימום אמבר PP קרטוש,פיליפ מוריס,,יחידות טבק לחימום אמבר PP חפיסה,יחידה,1.00,יחידה,false,1,27.90,27.9000,false,1,129689
7290115180268,false,יחידות טבק לחימום צהוב PP,פיליפ מוריס,IL,יחידות טבק לחימום צהוב PP בודד,יחידה,1.00,יחידה,false,1,27.90,27.9000,true,1,129326
7290115180275,false,יחידות טבק לחימום טורקיז PP,פיליפ מוריס בעמ,IL,יחידות טבק לחימום טורקיז PP בודד,יחידה,1.00,יחידה,false,1,27.90,27.9000,true,1,129329
7290115180282,false,יחידות טבק לחימום ברונז PP,פיליפ מוריס,IL,יחידות טבק לחימום ברונז PP בודד,יחידה,1.00,יחידה,false,1,27.90,27.9000,true,1,129330
7290115180299,false,יחידות טבק לחימום סיינה PP,פיליפ מוריס,IL,יחידות טבק לחימום סיינה PP בודד,יחידה,1.00,יחידה,false,1,27.90,27.9000,true,1,129333
7290115180688,false,יחידות טבק לחימום סגול PP,פיליפ מוריס,,יחידות טבק לחימום סגול PPבודד,יחידה,1.00,יחידה,false,1,27.90,27.9000,false,1,129217
7290115181500,false,יחידות טבק לחימום הייטס לגונה סוופיט,פיליפ מוריס,,הייטס לגונה סוויפט PP בודד,יחידה,1.00,יחידה,false,10,27.90,27.9000,false,1,132573
7290115181531,false,EHC1 HEETS TEAK SELECTION S50 PRI חפיסה,פיליפ מוריס,RO,PP טבק היטס טיק חפיסה,יחידה,1.00,יחידה,false,1,27.90,27.9000,true,1,133235
7290115190007,false,מרלבורו רד פאקט) (10 חדש,פיליפ מוריס בעמ,,סיגריות PPמרלבורו רד פאקט,יחידה,1.00,יחידה,false,1,342.00,342.0000,false,1,128991
7290115190014,false,סיגריות מרלבורו רד קצר בוקס,פיליפ מוריס בעמ,,סיגריות PPמרלבורו רד חפיסה,יחידה,1.00,יחידה,false,1,36.70,36.7000,false,1,128990
7290115190038,false,סיגריות מרלבורו רד קצר סופט,פיליפ מוריס בעמ,,סיגריות PPמרלבורו רד סופט חפיסה,יחידה,1.00,יחידה,false,1,34.50,34.5000,false,1,128976
7290115190052,false,סיגריות מרלבורו מדיום פלייבור מיקס,פיליפ מוריס בעמ,,סיגריות מרלבורו פלייבור מיקסPP חפיסה בוד,יחידה,1.00,יחידה,false,1,36.70,36.7000,false,1,128748
7290115190076,false,סיגריות מרלבורו גולד ארוך 100 בוקס,פיליפ מוריס בעמ,,סיגריות מרלבורו גולד 100בודד,יחידה,1.00,יחידה,false,1,36.70,36.7000,false,1,129339
7290115190090,false,סיגריות מרלבורו קצר בוקס בודד,פיליפ מוריס בעמ,,סיגריות מרלבורו גולדPP חפיסה,יחידה,1.00,יחידה,false,1,36.70,36.7000,false,1,128962
7290115190113,false,מרלבורו גולד קצר קופסא סופט,פיליפ מוריס בעמ,,סיגריות מרלבורו גולד סופטPP חפיסה,יחידה,1.00,יחידה,false,1,34.50,34.5000,false,1,128984
7290115190137,false,סיגריות מרלבורו טאצ סילבר יחידה,פיליפ מוריס בעמ,,סיגריות מרלבורו פיין טאץPP חפיסה,יחידה,1.00,יחידה,false,1,32.90,32.9000,false,1,128986
7290115190144,false,סיגריות מרלבורו טאצ 1/10,פיליפ מוריס בעמ,,סיגריות מרלבורו טאץPP פאקט,יחידה,1.00,יחידה,false,10,292.00,292.0000,false,1,128979
7290115190151,false,סיגריות מרלבורו טאצ גולד,פיליפ מוריס בעמ,,סיגריות מרלבורו טאץPP חפיסה,יחידה,1.00,יחידה,false,1,32.90,32.9000,false,1,128978
7290115190175,false,פרלמנט סופר סלימס קופסא,פיליפ מוריס בעמ,,סיגריות פרלמנט סופר סלימסPP חפיסה בודד,יחידה,1.00,יחידה,false,1,41.70,41.7000,false,1,128744
7290115190182,false,פרלמנט נייט 100 פאקט) (10 חדש,פיליפ מוריס בעמ,,פרלמנט נייט 100PP פאקט,יחידה,1.00,יחידה,false,10,382.00,382.0000,false,1,130838
7290115190199,false,פרלמנט נייט ארוך חפיסה) (20,פיליפ מוריס בעמ,,פרלמנט נייט 100PP חפיסה,יחידה,1.00,יחידה,false,1,41.70,41.7000,false,1,130837
7290115190212,false,סיגריות פרלמנט בלו 100 BR בודד,פיליפ מוריס בעמ,,סיגריות פרלמנט בלו 100PPחפיסה,יחידה,1.00,יחידה,false,1,41.70,41.7000,false,1,128968
7290115190236,false,סיגריות פרלמנט קצר בלו בודד,פיליפ מוריס בעמ,,סיגריות פרלמנט בלוPP חפיסה,יחידה,1.00,יחידה,false,1,41.70,41.7000,false,1,128964
7290115190250,false,סיגריות פרלמנט קצר בודד,פיליפ מוריס בעמ,,סיגריות פרלמנט נייטPP חפיסה בודד,יחידה,1.00,יחידה,false,1,41.70,41.7000,false,1,128750
7290115190274,false,סיגריות פרלמנט סילבר,פיליפ מוריס בעמ,,סיגריות פרלמנט סילברPP חפיסה,יחידה,1.00,יחידה,false,1,41.70,41.7000,false,1,128980
7290115190335,false,ל.מ.בלו לייבל ארוך בוקס חפיסה,פיליפ מוריס בעמ,,ל.מ בלו 100PP חפיסה,יחידה,1.00,יחידה,false,1,32.20,32.2000,false,1,130934
7290115190359,false,אל.אמ בלו לייבל קצר חפיסה) (20,פיליפ מוריס בעמ,,סיגריות ל.מ בלוPP חפיסה בודד,יחידה,1.00,יחידה,false,1,32.20,32.2000,false,1,128746
7290115190373,false,סיגריות ל.מ. קפסולהP,פיליפ מוריס בעמ,,סיגריות ל.מ. קפסולהPP חפיסה,יחידה,1.00,יחידה,false,1,32.20,32.2000,false,1,128982
7290115190397,false,סיגריות L.M קצר רד לייבל בודד,פיליפ מוריס בעמ,,ל.מ רדPP חפיסה בודד סיגריות,יחידה,1.00,יחידה,false,1,32.20,32.2000,false,1,128741
7290115190410,false,סיגריות L.M סילבר לייבל בודד,פיליפ מוריס בעמ,,סיגריות ל.מ סילברPP חפיסה,יחידה,1.00,יחידה,false,1,32.20,32.2000,false,1,128970
7290115190434,false,סיגריות L.M וייב סלימס בודד,פיליפ מוריס בעמ,IL,סיגריות ל.מ וייבPP חפיסה בודד,יחידה,1.00,יחידה,false,1,32.20,32.2000,false,1,128752
7290115190441,false,נקסט אדג` פקאט 10 יחידות,פיליפ מוריס בעמ,,סיגריות נקסט אדג פקט,יחידה,1.00,יחידה,false,10,250.00,250.0000,false,1,129308
7290115190458,false,סיגריות נקסט פיין אדג' בודד,פיליפ מוריס בעמ,,סיגריות נקסט אדג בודד,יחידה,1.00,יחידה,false,1,25.00,25.0000,false,1,129307
7290115190472,false,סיגריות נקסט פיין אדג',פיליפ מוריס בעמ,,סיגריות נקסט פיין אדגPP חפיסה,יחידה,1.00,יחידה,false,1,25.00,25.0000,false,1,129623
7290115190489,false,נקסט פיין טייסט ארוך פקאט 10 יחידות,פיליפ מוריס בעמ,IL,סיגריות נקסט פיין 100PP פקט,יחידה,1.00,יחידה,false,10,282.00,282.0000,false,1,130171
7290115190496,false,סיגריות נקסט ארוך בודד,פיליפ מוריס בעמ,IL,סיגריות נקסט פיין 100PP חפיסה,יחידה,1.00,יחידה,false,1,31.20,31.2000,false,1,130170
7290115190519,false,סיגריות נקסט פיין חפ,פיליפ מוריס בעמ,,סיגריות נקסט פיין חפיסה,יחידה,1.00,יחידה,false,1,31.20,31.2000,false,1,128972
7290115190533,false,סיגריות נקסט ריסס 100 בודד,פיליפ מוריס בעמ,,סיגריות נקסט ריסס 100בודד,יחידה,1.00,יחידה,false,1,26.00,26.0000,false,1,129336
7290115190557,false,חפיסת סיגריות ריסס פילטר נקסט) (20,פיליפ מוריס בעמ,,סיגריות נקסט ריסס קצרPP חפיסה,יחידה,1.00,יחידה,false,1,26.00,26.0000,false,1,128974
7290115190571,false,סיגריות נקסט לילך בודד,פיליפ מוריס בעמ,,סיגריות נקסט לילךPP חפיסה בודד,יחידה,1.00,יחידה,false,1,31.20,31.2000,false,1,128743
7290115190595,false,סיגריות נקסט אוריגינ,פיליפ מוריס בעמ,,סיגריות נקסט אוריגינלPP חפיסה,יחידה,1.00,יחידה,false,1,31.20,31.2000,false,1,128960
7290115190618,false,מרלבורו רד-טבק לגלגול סיגריות בודד,פיליפ מוריס בעמ,,טבק מרלבורו רדPP חפיסה,יחידה,1.00,יחידה,false,1,82.40,82.4000,true,1,129684
7290115190632,false,מרלבורו גולד-טבק לגלגול סיגריות בודד,פיליפ מוריס בעמ,,טבק מרלבורו גולד חפיסה 30 גרם,גרמים,30.00,100 גרם,false,1,82.40,274.6667,false,1,129625
7290115190656,false,נקסט טבק פיין סיגריות חפיסה.,פיליפ מוריס בעמ,,טבק נקסט פייןPP חפיסה,יחידה,1.00,יחידה,false,1,87.30,87.3000,true,1,129473
7290115190670,false,נקסט אוריגנל טבק סיגריות חפיס,פיליפ מוריס בעמ,,טבק נקסט אוריגינל בודד,יחידה,1.00,יחידה,false,1,87.30,87.3000,true,1,129341
7290115190694,false,טבק צ'סטרפילד פיין וירגינה 5 יח באריזה,פיליפ מוריס,,טבק צסטרפילד פיין וירגינה בודד,יחידה,1.00,יחידה,false,1,69.00,69.0000,true,1,129334
7290115190731,false,טבק צ`סטרפילד אורג`ינל בודד,פיליפ מוריס בעמ,,טבק צסטרפילד אוריגינל 30PP חפיסה,יחידה,1.00,יחידה,false,1,69.00,69.0000,true,1,128988
7290115190892,false,סיגריות מרלבורו פיוז'ן קפסולה בודד,פיליפ מוריס בעמ,IL,סיגריות מרלבורו פיוזן קפסולה בודד,יחידה,1.00,יחידה,false,1,27.00,27.0000,false,1,131242
7290115190939,false,אל.אם קפסולות קליק חפיסה,פיליפ מוריס בעמ,,סיגריות ל.מ קליק קפסולה בודד,יחידה,1.00,יחידה,false,1,25.00,25.0000,false,1,132180
7290115190960,false,מרלבורו טאץ אדום קרטוש,פיליפ מוריס,TR,מרלבורו טאץ אדום פאקט,יחידה,10.00,יחידה,false,10,290.00,29.0000,false,1,133771
7290115191035,false,מרלבורו סאמר ספלאש קופסא,פיליפ מוריס בעמ,RS,מרלבורו סאמר ספלאש חפיסה בודד,יחידה,1.00,יחידה,false,1,29.00,29.0000,false,1,133386
7290115191073,false,נקסט ריץ' ריסס חפיסה,פיליפ מוריס בעמ,RS,נקסט ריץ ריסס חפיסה,יחידה,1.00,יחידה,false,1,26.00,26.0000,true,1,134765
7290115200003,false,פתי בר פינוקי וניל אסם 220 גרם,קבוצת אוסם סחר שותפות מוגבלת,PL,אסם פתי בר פינוקי וניל 220 גרם,גרמים,220.00,100 גרם,false,1,14.90,6.7727,true,1,128182
7290115201550,false,חטיף ביסלי קרנבל מיקס 150 גר אסם,קבוצת אוסם סחר שותפות מוגבלת,IL,ביסלי קרנבל מיקס 24*150גרם,גרמים,150.00,100 גרם,false,1,11.90,7.9333,true,1,128754
7290115201680,false,ביסלי חטיף בטעם ברביקין אסם (70 גרם),קבוצת אוסם סחר שותפות מוגבלת,IL,בסלי ברביקיו 70גרם,גרמים,70.00,100 גרם,false,1,6.90,9.8571,true,1,129266
7290115201703,false,ביסלי חטיף בטעם ברביקין אסם (200 גרם),קבוצת אוסם סחר שותפות מוגבלת,IL,בסלי ברביקיו 200גרם,גרמים,200.00,100 גרם,false,1,12.50,6.2500,true,1,129264
7290115201727,false,ביסלי חטיף בטעם בצל אסם (200 גרם),קבוצת אוסם סחר-שות.מוגבלת,IL,בסלי בצל 200גרם,גרמים,200.00,100 גרם,false,1,12.50,6.2500,true,1,129263
7290115201741,false,ביסלי חטיף בטעם בצל אסם (70 גרם),קבוצת אוסם סחר שותפות מוגבלת,IL,ביסלי בצל 70גרם,גרמים,70.00,100 גרם,false,1,6.90,9.8571,true,1,129265
7290115203134,false,חטיף פופקו פופקורן במבה אסם (80 גרם),קבוצת אוסם סחר שותפות מוגבלת,IL,פופקו פופקורן במבה 80 גרם,גרמים,80.00,100 גרם,false,1,7.90,9.8750,true,1,131183
7290115203172,false,במבה PRO מכיל 18 גרם חלבון בשקית,קבוצת אוסם סחר שותפות מוגבלת,IL,במבה פרו 80גרם,גרמים,80.00,100 גרם,false,1,7.90,9.8750,true,1,133869
7290115205022,false,אוסם - שקדי מרק מקלונים 350 גרם,קבוצת אוסם סחר שותפות מוגבלת,IL,שקדי מרק מקלונים אסם 350 גרם,גרמים,350.00,100 גרם,false,1,15.90,4.5429,true,1,131894
7290115205176,false,729001032825פיטנס חטיפי קרקר כפרי 140גר.,קבוצת אוסם סחר שותפות מוגבלת,IL,פיטנס קרקר דק כפרי 150 גרם,גרמים,150.00,100 גרם,false,1,13.90,9.2667,true,1,132576
7290115205312,false,קרקר פיטנס דק עם זיתי קלמטה ועשבי תיבול,קבוצת אוסם סחר שותפות מוגבלת,IL,קרקר דק פיטנס זיתים 140 גרם,גרמים,140.00,100 גרם,false,1,13.90,9.9286,true,1,133240
7290115205527,false,חטיף מולטיגריין עם עדשים ( 25 גר`) פיטנס,קבוצת אוסם סחר שותפות מוגבלת,IL,פיטנס חטיף מולטגריין עם עדשים 25 גרם,גרמים,25.00,100 גרם,false,1,6.50,26.0000,true,1,133536
7290115205541,false,חטיף מולטיגריין עם חומוס ( 25 גר`) פיטנס,קבוצת אוסם סחר שותפות מוגבלת,IL,פיטנס חטיף מולטיגריין עם חומוס 25 גרם,גרמים,25.00,100 גרם,false,1,6.50,26.0000,true,1,133537
7290115205978,false,פתיבר ואצבעות שוקולד 180 גרם - רבנות,קבוצת אוסם סחר שותפות מוגבלת,PL,אסם פתי בר אצבעות שוקולד 180גרם,גרמים,180.00,100 גרם,false,1,14.90,8.2778,true,1,133447
7290115206890,false,ביסלי חטיף בטעם המבורגר אסם (70 גרם),קבוצת אוסם סחר-שות.מוגבלת,IL,ביסלי המבורגר חדש 70גרם,גרמים,70.00,100 גרם,false,1,6.90,9.8571,true,1,133846
7290115208009,false,סירופ ענבים ויטמינצ'יק 1 ליטר,קבוצת אוסם סחר שותפות מוגבלת,IL,סירופ ויטמינציק ענבים 1 ליטר,ליטרים,1.00,ליטר,false,1,23.90,23.9000,true,1,132644
7290115208047,false,סירופ פטל ויטמינצ`יק (1 ליטר),קבוצת אוסם סחר שותפות מוגבלת,IL,סירופ ויטמינציק פטל 1 ליטר,ליטרים,1.00,ליטר,false,1,23.90,23.9000,true,1,132643
7290115208061,false,סירופ תפוח ויטמינצ'יק 1 ליטר,קבוצת אוסם סחר שותפות מוגבלת,IL,ויטמינציק תפוח 1 ליטר,ליטרים,1.00,ליטר,false,1,23.90,23.9000,true,1,133300
7290115208320,false,אפרופו חטיף בטעם ביסלי בצל 50 גרם,קבוצת אוסם סחר שותפות מוגבלת,IL,אפרופו בטעם ביסלי בצל 50גרם,גרמים,50.00,100 גרם,false,1,7.90,15.8000,true,1,134724
7290115208597,false,קרמוגית מיניס קרמל מלוח אסם 200 גרם,קבוצת אוסם סחר שותפות מוגבלת,IL,אסם קרמוגית מיניס קרמל מלוח 200 גרם,גרמים,200.00,100 גרם,false,1,14.90,7.4500,true,1,133843
7290115209198,false,במבה אוורירית אסם 80 גרם,קבוצת אוסם סחר שותפות מוגבלת,IL,במבה אורירית 80גרם,גרמים,80.00,100 גרם,false,1,7.90,9.8750,true,1,133870
7290115209358,false,במבה במילוי בראוניז אסם (60 גרם),קבוצת אוסם סחר שותפות מוגבלת,IL,במבה במילוי בראוניז 60גרם,גרמים,60.00,100 גרם,false,1,7.90,13.1667,true,1,134721
7290115209372,false,במבה במילוי בראוניז 150 גרם אוסם,קבוצת אוסם סחר שותפות מוגבלת,IL,במבה במילוי בראוניז 150גרם,גרמים,150.00,100 גרם,false,1,13.90,9.2667,true,1,134722
7290115671223,false,מסטיק מאסט פאן אבטיח מנגו צנצנת 58 גרם,שטראוס גרופ בע`מ,DE,מאסט פאן אבטיח מנגו 58 גרם,גרמים,58.00,100 גרם,false,1,11.90,20.5172,true,1,132694
7290115671308,false,מסטיק מאסט פאן תות דובדבן צנצנת 58 גרם,שטראוס גרופ בע`מ,DE,מאסט פאן תות דובדבן 58 גרם,גרמים,58.00,100 גרם,false,1,11.90,20.5172,true,1,132695
7290115671339,false,מיני פינוקיות בראוניז בייגל בוטן עלית 180 ג' עלית,"הגביע מוצרי ופלים בע""\מ",IL,מיני פינוקיות בראוניז בייגל בוטן 180 ג',גרמים,180.00,100 גרם,false,1,14.90,8.2778,true,1,131647
7290115671346,false,מיני פינוקיות טופי קרמל מלוח עלית 180 גרם,"הגביע מוצרי ופלים בע""\מ",IL,מיני פינוקיות טופי קרמל מלוח 180 ג',גרמים,180.00,100 גרם,false,1,14.90,8.2778,true,1,131648
7290115675696,false,דגני בוקר קראנצ'ים שיבולת שועל עם אגוזים ושקדים,שטראוס פריטו ליי בע`מ,PL,קוואקר CRUESLI אגוזים 375 גר 6 יח,גרמים,375.00,100 גרם,false,1,22.90,6.1067,true,1,132657
7290115675702,false,דגני בוקר קראנצ'ים שיבולת שועל עם פירות מיובשים,שטראוס פריטו ליי בע`מ,PL,קוואקר CRUESLI פירות 375 גר 6 יח,גרמים,375.00,100 גרם,false,1,22.90,6.1067,true,1,132658
7290115676051,false,"משקה אקטיביה שיבולת שועל במתיקות מעודנת 250 מ""ל",שטראוס גרופ בעמ/מצונן,IL,"משקה אקטיביה עם ש""ש מתיקות מעודנת",מיליליטרים,265.00,"100 מ""ל",false,1,6.20,2.3396,true,1,131942
7290115676082,false,משקה דנונה פרו 20 יוגורט תות 255 ג' רבנות,שטראוס גרופ בעמ/מצונן,IL,משקה דנונה פרו 20 תות,מיליליטרים,255.00,"100 מ""ל",false,1,7.90,3.0980,true,1,131108
7290115676099,false,משקה דנונה פרו 20 יוגורט וניל 255 ג' רבנות,שטראוס גרופ בעמ/מצונן,IL,משקה דנונה פרו 20 וניל,מיליליטרים,255.00,"100 מ""ל",false,1,7.90,3.0980,true,1,131107
7290115676693,false,תפוצ'יפס מלח חומץ 50 ג' עלית,"שטראוס פריטו ליי בע""\מ )",IL,תפו SALT & VINEGAR י50 גר 48 יח - שמיטה,גרמים,50.00,100 גרם,false,1,5.90,11.8000,true,1,133558
7290115677362,false,"נודלס טריאקי ""דלישס"" שטראוס",קפוא-זן תעשיות מזון בעמ - תפוג,IL,דלישס נודלס טריאקי,גרמים,350.00,100 גרם,false,1,26.90,7.6857,true,1,131968
7290115677423,false,אורז ירוק קארי חריף חריף דלישס 350 גרם,קפוא-זן תעשיות מזון בעמ - תפוג,IL,דלישס אורז קארי ירוק חריף,גרמים,350.00,100 גרם,false,1,26.90,7.6857,true,1,131970
7290115679960,false,ציטוס פופקורן בטעם טבעי 60 ג 24 יח,"שטראוס פריטו ליי בע""\מ )",IL,צ'יטוס פופקורן בטעם טבעי 60 ג 24 יח,גרמים,60.00,100 גרם,false,1,4.90,8.1667,true,1,131425
7290116530482,false,תלמה מארז קורנפלקס אלופים 30 גרם*5 יחידו,יוניליוור ישראל שיווק בע`מ,IL,תלמה מארז קורנפלקס של אלופים 5*30 גרם,גרמים,150.00,100 גרם,false,1,12.90,8.6000,true,1,132013
7290116531045,false,קורנפלקס דליפקאן 350ג ללא גלוטן,יוניליוור ישראל שיווק בע`מ,IT,תלמה דגני בוקר דליפקאן ללא גלוטן 350 גרם,גרמים,350.00,100 גרם,false,1,22.90,6.5429,true,1,132686
7290116531281,false,קליק כריות דאבל בלאק לבן 65 גרם,יוניליוור ישראל שיווק בע`מ,IL,קליק קליק מיקס 65 גרם,גרמים,65.00,100 גרם,false,1,9.00,13.8462,true,1,132218
7290116531496,false,קינמונים דגנים פריכים מצופים קינמון 375,"יוניליוור ישראל שיווק בע""מ",LT,תלמה קינמונים דגני בוקר 375 גרם,גרמים,375.00,100 גרם,false,1,23.90,6.3733,true,1,134498
7290116531939,false,גלידה בשומן צמחי בטעם תות שדה בציפוי מכיל שוקולד,"גלידת שטראוס בע""\מ, רח'",IL,קרמיסימו גלידונית גלידה בטעם תות שדה 60 יחידות,גרמים,638.00,100 גרם,false,1,57.90,9.0752,true,1,133150
7290116532011,false,קליק אוקיי נוגט בציפוי שוקולד חלב 35 גרם,יוניליוור ישראל שיווק בע`מ,IL,קליק חטיף נוגט 35 גרם,גרמים,35.00,100 גרם,false,1,7.50,21.4286,true,1,132858
7290116532264,false,גודיז פרי אפרסק – שלגון מופחת קלוריות עם יוגורט בציפוי בטעם אפרסק,"גלידת שטראוס בע""\מ, רחוב",IL,גודיז פרי אפרסק 300 גרם,גרמים,300.00,100 גרם,false,1,27.90,9.3000,true,1,133156
7290116532271,false,סנדוויץ לייט גודיז שוקולד וניל 270 ג' שטראוס,"גלידת שטראוס בע""\מ, רחוב",IL,גודיז סנדוויץ 270 גרם,גרמים,270.00,100 גרם,false,1,33.90,12.5556,true,1,133157
7290116532462,false,גלידת שמנת קליק בטעמי שוקולד בננה 384 ג' שטראוס,"גלידת שטראוס בע""\מ, רחוב",IL,פיינט קליק שוקולד בננה,מיליליטרים,520.00,"100 מ""ל",false,1,29.90,5.7500,true,1,133359
7290116532479,false,קליק גלידת שמנת בטעמי שוקולד לבן עוגיות 384 ג' שטראוס,"גלידת שטראוס בע""\מ, רחוב",IL,"פיינט קליק שוקולד לבן קרם עוגיות 520 מ""ל",מיליליטרים,520.00,"100 מ""ל",false,1,29.90,5.7500,true,1,133358
7290116532486,false,גלידת שמנת קליק בטעמי וניל קרמל מלוח 384 ג' שטראוס,"גלידת שטראוס בע""\מ, רחוב",IL,פיינט קליק וניל קרמל מלוח,מיליליטרים,520.00,"100 מ""ל",false,1,29.90,5.7500,true,1,133360
7290116930015,false,GO חטיף חלבון חטיף בוטנים קריספי 20 גרם חלבון,"בלמונט קונפקציות בע""\מ.",IL,GO חטיף חלבון קרמל מלוח חמאת בוטנים 60ג,גרמים,60.00,100 גרם,false,1,14.90,24.8333,true,1,133419
7290116930435,false,יופלה גו במרקם סמיך עם דובדבן 0% 200מל,תנובה מרכז שיתופי לש,IL,יוגורט גו סמיך 0% דובדבן,גרמים,150.00,100 גרם,false,1,6.90,4.6000,true,1,133257
7290116930442,false,"משקה SHAKE בננה מנגו תפוז גזר וצ'יה 230 מ""ל יופלה",תנובה - חלב,IL,SHAKE יופלה בננה מנגו תפוז גזר וציה 230,מיליליטרים,230.00,"100 מ""ל",false,1,9.90,4.3043,true,1,133574
7290116930459,false,"יופלה שייק מנגו בננה אננס וקוקוס 230 מ""ל",קבוצת המזון אקטשלאר,IL,SHAKE יופלה בננה אננס וקוקוס 230 מל,מיליליטרים,230.00,"100 מ""ל",false,1,9.90,4.3043,true,1,133577
7290116930466,false,"משקה SHAKE בננה מנגן פסיפלורה והל 230 מ""ל יופלה",קבוצת המזון אקטשלאר,IL,SHAKE יופלה מנגו בננה פסיפלורה והל 230 מ,מיליליטרים,230.00,"100 מ""ל",false,1,9.90,4.3043,true,1,133576
7290116930565,false,"משקה תה קר עם חלב בטעם צ'אי מסאלה 230 מ""ל תנובה",תנובה - חלב,IL,משקה תה קר עם חלב בטעם צאי מסאלה 230מל,מיליליטרים,230.00,"100 מ""ל",false,1,8.90,3.8696,true,1,133580
7290116930626,false,ארוחה בקטנה ציזיקי עם קרקרים 150ג' תנובה,"תנובה בע""מ ***",IL,ארוחה בקטנה ציזיקי עם קרקרים 150 גרם,גרמים,150.00,100 גרם,false,1,7.90,5.2667,true,1,133908
7290116930657,false,"משקה חלב גו בטעם בננה תמר בתוספת שיבולת שועל במרקם חלק 340 מ""ל",תנובה מרכז שיתופי לש,IL,"GO משקה בננה תמר שיבולת שועל 340 מ""ל",מיליליטרים,340.00,"100 מ""ל",false,1,9.90,2.9118,true,1,134744
7290116931104,false,יופלה GO במרקם סמיך עם אננס 0% תנובה 200 גרם,"תנובה בע""מ ***",IL,יופלה גו במרקם סמיך עם אננס 0% 200גרם,גרמים,200.00,100 גרם,false,1,6.50,3.2500,true,1,133906
7290117380178,false,סוויט פוף חטיף מצופה שוקולד חלב,"טחנת האבן תעשיות בע""",IL,סוויט פוף שוקולד חלב 50 גרם,גרמים,50.00,100 גרם,false,1,6.90,13.8000,true,1,134766
7290117380185,false,סוויט פוף חטיף מצופה שוקולד חלב ולבן,"טחנת האבן תעשיות בע""",IL,סוויט פוף שוקולד חלב ולבן 50 גרם,גרמים,50.00,100 גרם,false,1,6.90,13.8000,true,1,134767
7290117821367,false,ביצת הפתעה פלסטיק עם סוכריות קשות 10 גרם טרקטור,PAZARLAMA GIDA GLOBAL,IL,ביצת הפתעה פלסטיק עם סוכריות קשות 10ג S טרקטור,גרמים,10.00,100 גרם,false,1,6.90,69.0000,true,1,133836
7290117821398,false,ביצת הפתעה פלסטיק עם סוכריות קשות 10 גרם כבאית,PAZARLAMA GIDA GLOBAL,IL,ביצת הפתעה פלסטיק עם סוכריות קשות 10ג S כבאית,גרמים,10.00,100 גרם,false,1,6.90,69.0000,true,1,133837
7290117821411,false,ביצת הפתעה פלסטיק עם סוכריות קשות 10 גרם דינוזאור,PAZARLAMA GIDA GLOBAL,IL,ביצת הפתעה פלסטיק עם סוכריות קשות 10ג S דינוזאור,גרמים,10.00,100 גרם,false,1,6.90,69.0000,true,1,133834
7290117821466,false,ביצת הפתעה עם סוכריות קשות 20 גר`חיות ה,שמחה זה אנחנו בעמ,IL,ביצת הפתעה פלסטיק עם סוכריות קשות 20ג L חיות חווה,גרמים,20.00,100 גרם,false,1,8.90,44.5000,true,1,133841
7290118873082,false,בדיקת קורונה שפעת מ,,,בדיקת קורונה שפעת מארז חמישייה,יחידה,1.00,יחידה,false,1,59.90,59.9000,true,1,134812
7296073215455,false,מארז מיקס מלפפון ביי,עטרה,IL,מארז מיקס מלפפון בייבי פלפל טינקרבל שרי,גרמים,480.00,100 גרם,false,1,19.90,4.1458,true,1,133888
7296073345060,false,לחם לבן ללא גלוטן 500 גר,גידרון,IL,לחם פרוס ללא גלוטן גידרון 500 גר,גרמים,500.00,100 גרם,false,1,17.90,3.5800,true,1,129156
7296073345077,false,לחם כפרי ללא גלוטן 500 ג,גידרון,IL,לחם כפרי פרוס ללא גלוטן 500 גר,גרמים,500.00,100 גרם,false,1,17.90,3.5800,true,1,129157
7296073345121,false,לחמניות ללא גלוטן 90*4ג,גידרון,IL,לחמניות אצבע ללא גלוטן 360 גר,גרמים,360.00,100 גרם,false,1,16.90,4.6944,true,1,134505
7296150000028,false,עלי גפן ממולאים באורז 425 גר,אקמאר,,עלי גפן ממולאים באורז 425 גרם,גרמים,425.00,100 גרם,false,1,14.00,3.2941,true,1,58037
7297488037595,false,כובע בוקרים ג'מש,נשם,,כובע בוקרים גמש עם שרוכים,יחידה,1.00,יחידה,false,1,29.90,29.9000,true,1,90866
7297488098152,false,קמח חומוס ללא גלוטן דגש 500 גרם,אף.סי תבליני בגליל ב,IL,דוכן גן שמואל קמח חומוס 500 גרם,גרמים,500.00,100 גרם,false,1,15.90,3.1800,true,1,79161
7297488098220,false,קמח תפוחי אדמה 500 גרם דגש,תות תעשיות מזון (201,IL,דוכן גן שמואל קמח תפוחי אדמה 500 גרם,גרמים,500.00,100 גרם,false,1,10.90,2.1800,true,1,84022
7297488098305,false,"מרק דגש""קמח שקדים""250גרם",תות תעשיות מזון (201,IL,דוכן גן שמואל קמח שקדים 500 גרם,גרמים,250.00,100 גרם,false,1,27.50,11.0000,true,1,84416
7297488099753,false,דגש עוגיות בטעם שוקולד וקוקוס 250 גרם,תות תעשיות מזון (201,IL,עוגיות בטעם שוקולד וקוקוס 250 גרם,גרמים,250.00,100 גרם,false,1,27.90,11.1600,true,1,116948
7297488099760,true,עוגיות בטעם חלבה 250,תות תעשיות מזון (201,IL,בריאות וטבע עוגיות מובחרות עם חלווה 250 גרם,גרמים,250.00,100 גרם,false,1,27.90,11.1600,true,1,118250
7297488099777,true,עוגיות בטעם קאשיו 25,תות תעשיות מזון (201,IL,בריאות וטבע עוגיות מובחרות עם קשיו 250 גרם,גרמים,250.00,100 גרם,false,1,27.90,11.1600,true,1,118251
7297488099784,false,עוגיות בטעם קינמון 250 גרם,תות תעשיות מזון (201,IL,בריאות וטבע עוגיות מובחרות עם קינמון 250 גרם,גרמים,250.00,100 גרם,false,1,27.90,11.1600,true,1,116949
7297488099821,false,גרנולה ללא תוספת סוכר לנמנעים מגלוטן,תות תעשיות מזון (201,IL,בריאות וטבע גרנולה 250 גרם,גרמים,250.00,100 גרם,false,1,15.50,6.2000,true,1,116950
7297488199590,false,פצפוצי אורז לבן תפוח ללא גלוטן,דגש- דוכן גן שמואל,IL,פצפוצי אורז לבן תפוח,גרמים,450.00,100 גרם,false,1,23.90,5.3111,true,1,116945
7297603010328,false,בקבוק אקרילי 500 מל,,,בקבוק אקרילי 500 מל,יחידה,1.00,יחידה,false,1,39.90,39.9000,true,1,134515
7297603014388,false,מלקחיים סיליקון 22 ס,,,מלקחיים סיליקון 22 ס,יחידה,1.00,יחידה,false,1,19.90,19.9000,true,1,131691
7297603017235,false,קנקן זכוכית מעוצב 18,,,קנקן זכוכית מעוצב 18,יחידה,1.00,יחידה,false,1,64.90,64.9000,true,1,134536
7297603018072,false,קנקן זכוכית עגול מעו,,,קנקן זכוכית עגול מעו,יחידה,1.00,יחידה,false,1,59.90,59.9000,true,1,134538
7297603018089,false,קנקן זכוכית עגול מעו,,,קנקן זכוכית עגול מעו,יחידה,1.00,יחידה,false,1,79.90,79.9000,true,1,134539
7297603028835,false,בקבוק אקריל ‎ION ENE,,,בקבוק אקריל ‎ION ENE,יחידה,1.00,יחידה,false,1,39.90,39.9000,true,1,134547
7297603030326,false,מאג סבתא רטרו שחור ל,,,מאג סבתא רטרו שחור ל,יחידה,1.00,יחידה,false,1,12.90,12.9000,true,1,134560
7297603030340,false,מאג סבתא 350 מל,,,מאג סבתא 350 מל,יחידה,1.00,יחידה,false,1,11.90,11.9000,true,1,134562
7297603030357,false,מאג סבתא 4 גווני חו,,,מאג סבתא 4 גווני חו,יחידה,1.00,יחידה,false,1,12.90,12.9000,true,1,134563
7297603030364,false,בול סבתא 4 גווני חו,,,בול סבתא 4 גווני חו,יחידה,1.00,יחידה,false,1,16.90,16.9000,true,1,134564
7297603034027,false,קרמיקה יפנית מגש מל,,,קרמיקה יפנית מגש מלבן 28X16 סמ,יחידה,1.00,יחידה,false,1,29.90,29.9000,true,1,134579
7297603034058,false,קרמיקה יפנית קערית,,,קרמיקה יפנית קערית,יחידה,1.00,יחידה,false,1,6.90,6.9000,true,1,134582
7297603034072,false,קרמיקה יפנית צלחת,,,קרמיקה יפנית צלחת,יחידה,1.00,יחידה,false,1,17.90,17.9000,true,1,134584
7297603034089,false,קרמיקה יפנית צלוחית,,,קרמיקה יפנית צלוחית,יחידה,1.00,יחידה,false,1,12.90,12.9000,true,1,134585
7298074500615,false,ערכה לבדיקת הריון בודד סנסו טסט,סנסו טסט Senso Test,,ערכה לבדיקת הריון בודד סנסו טסט,יחידה,1.00,יחידה,false,1,25.90,25.9000,true,1,125550
7298074501995,false,בליסטקס סטיק אולטרא SPF50,מדיליין פריגו,,בליסטקס הגנה מוגברת spf50,יחידה,1.00,יחידה,false,1,9.90,9.9000,true,1,125775
7298087000959,false,וולטרן אמולגל שפורפר,נוברטיס,,וולטרן אמולגל שפורפרת 50 גרם,גרמים,50.00,100 גרם,false,1,47.00,94.0000,true,1,111216
7441000720599,false,לבבות דקל LA CIMA פח 400 גרם,אינקופלמיטו,EC,שימורי לבבות דקל שלמים(פחית),גרמים,400.00,100 גרם,false,1,14.90,3.7250,true,1,112887
7465603183636,false,סיגר פרינסיפס נטורל,,DO,סיגר פרינסיפס נטורל בודד,יחידה,1.00,יחידה,false,1,12.90,12.9000,false,1,133620
7465603183797,false,סיגר פרינסיפס נטורל,,DO,סיגר פרינסיפס נטורל 5 יחידות,יחידה,5.00,יחידה,false,5,46.90,9.3800,false,1,133622
7501013101348,false,"ג'ומקס מנגו בקבוק 473 מ""ל תריסר",חומקס קומר קומרסאליזדורה,MX,"ג'ומקס מנגו בקבוק 473 מ""ל תריסר",מיליליטרים,473.00,"100 מ""ל",false,1,11.90,2.5159,true,1,125477
7501013101355,false,"נקטר בטעם אפרסק 500 מ""ל JUMEX",חומקס קומר קומרסאליזדורה,MX,"ג'ומקס אפרסק בקבוק 473 מ""ל תריסר",מיליליטרים,473.00,"100 מ""ל",false,1,11.90,2.5159,true,1,125476
7501013101362,false,"נקטר בטעם קוקוס ואננס 500 מ""ל JUMEX",חומקס קומר קומרסאליזדורה,MX,"ג'ומקס קוקוס אננס בקבוק 473 מ""ל תריסר",מיליליטרים,473.00,"100 מ""ל",false,1,11.90,2.5159,true,1,125478
7501013101393,false,"ג'ומקס אננס בקבוק 473 מ""ל תריסר",חומקס קומר קומרסאליזדורה,MX,"ג'ומקס אננס  בקבוק 473 מ""ל תריסר",מיליליטרים,473.00,"100 מ""ל",false,1,11.90,2.5159,true,1,125475
7501013122039,false,ג'ומקס מיץ מנגו קרטונית ליטר תריסר,חומקס קומר קומרסאליזדורה,MX,ג'ומקס מנגו קרטונית ליטר תריסר,ליטרים,1.00,ליטר,false,1,14.90,14.9000,true,1,125472
7501013122053,false,ג'ומקס מיץ אפרסק קרטונית ליטר תריסר,חומקס קומר קומרסאליזדורה,MX,ג'ומקס אפרסק קרטונית ליטר תריסר,ליטרים,1.00,ליטר,false,1,14.90,14.9000,true,1,125471
7501013122114,false,"נקטר משקה אננס בקרטונית ג'ומקס, 1 ל'",חומקס קומר קומרסאליזדורה,MX,ג'ומקס אננס קרטונית ליטר תריסר,ליטרים,1.00,ליטר,false,1,14.90,14.9000,true,1,125470
7501013122992,false,ג'ומקס מיץ קוקוס אננס קרטונית ליטר תריסר,חומקס קומר קומרסאליזדורה,MX,ג'ומקס קוקוס אננס קרטונית ליטר תריסר,ליטרים,1.00,ליטר,false,1,14.90,14.9000,true,1,125473
7501013138184,false,משקה חמוציות יוניקו פרסקו ג'ומקס קרטונית 1 ליטר,חומקס קומר קומרסאליזדורה,MX,ג'ומקס פרסקו חמוציות קרטונית ליטר תריסר,ליטרים,1.00,ליטר,false,1,14.90,14.9000,true,1,131380
7501064191398,false,שישיית בירה קורונה אקסטרא *355 מל,קריניציה ויטמינה אס,MX,בשישיית בירה קורונה אקסטרה 2.13 ל',ליטרים,2.13,ליטר,false,6,49.90,23.4272,true,1,123438
7501064196690,false,"פחית בירה קורונה 355 מ""ל",סרבסריה מידלו,MX,"פחית בירה קורונה 355 מ""ל",מיליליטרים,355.00,"100 מ""ל",false,1,16.90,4.7606,true,1,126512
7503012779405,false,סירופ אגבה כחולה – נטורפוד (גדול),נוטריאגבס דה מקסיקו,MX,סירופ אגבה כחולה אורגני 660 גרם,גרמים,660.00,100 גרם,false,1,30.90,4.6818,true,1,113927
7610113000175,false,"רום בקרדי מוחיטו 700 מ""ל",בקרדי מרטיני,DE,בקרדי מוחיטו 700מל,מיליליטרים,700.00,"100 מ""ל",false,1,79.90,11.4143,true,1,128933
7610113011652,false,בריזר - משקה כוהלי מוגז בטעם תפוח,בקרדי בריזר Bacardi Breezer,BE,"בריזר - משקה כוהלי מוגז בטעם תפוח 275 מ""ל",מיליליטרים,275.00,"100 מ""ל",false,1,18.90,6.8727,true,1,127846
7610113013250,false,"משקה כוהלי על בסיס רום בקרדי 250 מ""ל",בקרדי מרטיני,BE,פחית בקרדי מוחיטו 250 מל,מיליליטרים,250.00,"100 מ""ל",false,1,17.90,7.1600,true,1,131350
7610400068505,false,לינדט לינדור בונבוניירה שוקולד חלב 200 גרם,לינדט ושפרונגלי קילשברג,,בונבוניירה לינדור מילק 200 גרם,גרמים,200.00,100 גרם,false,1,34.90,17.4500,true,1,60626
7610400075770,false,לינדט לה גרנד שוקולד מריר אגוז 150 גרם,לינדט ושפרונגלי קילשברג,CH,לינדט לגרנד דארק הזלנט 150 גרם,גרמים,150.00,100 גרם,false,1,27.90,18.6000,true,1,126429
7610400075787,false,לינדט לה גרנד שוקולד חלב אגוז 150 גרם,לינדט ושפרונגלי קילשברג,CH,לינדט לה גרנד - שוקולד חלב עם אגוזי לוז 150 גר',גרמים,150.00,100 גרם,false,1,27.90,18.6000,true,1,126430
7610400075794,false,לינדט לה גרנד שוקולד לבן ושקדים 150 גרם,לינדט ושפרונגלי,CH,לינדט לגרנד ואיט אלמונד150 גרם,גרמים,150.00,100 גרם,false,1,27.90,18.6000,true,1,126431
7610400091060,false,שוקולד מריר לינדט אקסלנס בתוספת תפוז ושקדים,לינדט ושפרונגלי קילש,,שוקולד לינדט אקסלנס תפוז 100 גרם,גרמים,100.00,100 גרם,false,1,19.90,19.9000,true,1,133940
7613032045753,false,פיטנס דגנים מחיטה מלאה שוקולד 375גרם,קבוצת אוסם סחר שותפות מוגבלת,FR,פיטנס שוקולד 16*375גרם 2017,גרמים,375.00,100 גרם,false,1,23.90,6.3733,true,1,48657
7613034146656,false,מזון לכלבים קטנים בטעם בקר פורינה ONE,שחורי אריה ואנסטסיה,US,ONE מיני אקטיב בקר 1.5קג,קילוגרמים,1.50,"ק""ג",false,1,51.90,34.6000,true,1,133679
7613035618794,false,"פורינה ONE חתול בוגר עוף 3 ק""ג",שחורי אריה ואנסטסיה,US,ONE 3קג חתול בוגר עוף,קילוגרמים,3.00,"ק""ג",false,1,114.90,38.3000,true,1,125718
7613035619050,false,פירולו חמשושים מפלצות 75 מל,שוורצקוף& הנקל דיסלד,ES,חמשושים מפלצות 18*75מל,גרמים,80.00,100 גרם,false,1,10.50,13.1250,true,1,111697
7613036576734,false,קרטיב חמשושים חדש נסטלה 60 גר,נגה גלידות שותפות מוגבלת,ES,נסטלה חמשושים חדש 18*60גרם,גרמים,60.00,100 גרם,false,1,10.50,17.5000,true,1,120296
7613036976657,false,מזון לחתולים פריסקיז פאוצ' הודו,קבוצת אוסם סחר-שות.מוגבלת,HU,פאוץ פריסקיז הודו 85גר,גרמים,85.00,100 גרם,false,1,4.90,5.7647,true,1,134420
7613036976718,false,פריסקיז פאוצ' ברווז ברוטב 26*85גרם,קבוצת אוסם סחר שותפות מוגבלת,FR,פאוץ פריסקיז ברווז 85 גר,גרמים,85.00,100 גרם,false,1,4.90,5.7647,true,1,134423
7613037276091,false,נסטלה מיקס מיני אריזות דגני בוקר 200 גרם,קבוצת אוסם סחר שותפות מוגבלת,FR,נסטלה מיקס מיני אריזות דגני בוקר *200גרם,גרמים,200.00,100 גרם,false,1,20.90,10.4500,true,1,124164
7613037686906,false,פיטנס שקדים ודבש 355 גרם מופחת סוכר,קבוצת אוסם סחר שותפות מוגבלת,FR,פיטנס שקדים ודבש 14*355גרם N9LEM 2019,גרמים,355.00,100 גרם,false,1,23.90,6.7324,true,1,126755
7616500553460,false,שוקולד פריי מהודר מריר תפוז 100 ג',צוקולאט פריי אייץגיץ,CH,פריי שוקולד מריר תפוז 100 גרם,גרמים,100.00,100 גרם,false,1,12.90,12.9000,true,1,46535
7616500630161,false,פריי שוקולד מריר 85% קקאו 100גר,צוקולאט פריי אייץגיץ,CH,פריי שוקולד מריר 85% 100 גרם,גרמים,100.00,100 גרם,false,1,12.90,12.9000,true,1,75877
7622010001858,false,עוגיות אוראו ממולאות קרם וניל 176 גרם.,דיפלומט מפיצים (1968) בעמ**,UA,עוגיות אוראו ממולאות קרם וניל 176 גר',גרמים,176.00,100 גרם,false,1,14.00,7.9545,true,1,111138
7622200007332,true,מילקה יוגורט תות 100,מונדלייז,DE,מילקה יוגורט תות 100 גר,גרמים,100.00,100 גרם,false,1,7.90,7.9000,true,1,134895
7622201127367,false,מילקה אוראו מיניס שוקולד לבן 153 גרם,דיפלומט מפיצים (1968) בעמ**,UA,מילקה אוראו מיניס לבן 153 גרם,גרמים,153.00,100 גרם,false,1,19.90,13.0065,true,1,130820
7622201137052,false,אוראו מיני קוקיס - עוגיות שוקולד צ'יפס ותחתית מצופה שוקולד חלב,דיפלומט מפיצים (1968) בעמ**,ES,מילקה מיני קוקיז 110 גרם,גרמים,110.00,100 גרם,false,1,10.90,9.9091,true,1,130321
7622201401900,false,עוגיות סנסיישן אוראו מילקה 156 גרם,דיפלומט מפיצים (1968) בעמ**,PL,עוגיות מילקה סנסיישן אוראו 156 גרם,גרמים,156.00,100 גרם,false,1,15.90,10.1923,true,1,129208
7622201502515,false,עוגיות מילקה קוקי לופ שוקולד צ'יפס,דיפלומט מפיצים (1968) בעמ**,HU,מילקה קוקי לופ 132 גרם,גרמים,132.00,100 גרם,false,1,15.90,12.0455,true,1,132222
7622201802394,false,שוקולד מילקה חלב מסרונים 100 גרם,מנדלז דויצ'\לנד סנקס פרו,DE,שוקולד חלב מילקה 100 גרם,גרמים,100.00,100 גרם,false,1,7.90,7.9000,true,1,132065
7622201808631,false,אוראו מיני עוגיות ממולאות קרם וניל 67גרם,דיפלומט מפיצים (1968) בעמ**,ID,אוראו מיני כוסות בטעם וניל 67 גרם,גרמים,67.00,100 גרם,false,1,7.90,11.7910,true,1,131387
7622201809188,false,מילקה ביסקויט מצופה שוקולד 150 גר`,מונדלז פרנס ביסקוויט פרו,FR,מילקה ביסקויט 150 גרם,גרמים,150.00,100 גרם,false,1,18.90,12.6000,true,1,130308
7622210269249,false,מילקה שוקולד ציפס אה,מונדלייז,DE,מילקה שוקולד ציפס אהוי 100 גרם,גרמים,100.00,100 גרם,false,1,7.90,7.9000,true,1,134768
7622210637994,false,מיני עוגיות אוראו קראנצ'י בייטס אורגינל,דיפלומט מפיצים (1968) בעמ**,ES,אוראו קראנצ'י בייטס מצופים 110 גרם,גרמים,110.00,100 גרם,false,1,10.90,9.9091,true,1,129770
7622210638021,false,מיני עוגיות אוראו קראנצ'י בייטס מצופים,דיפלומט מפיצים (1968) בעמ**,ES,אוראו קראנצ'י בייטס מצופים 110 גרם,גרמים,110.00,100 גרם,false,1,10.90,9.9091,true,1,129771
7622210644794,false,טבלת שוקולד עם שוקולד לבן 100ג' מילקה,מונדלייז,DE,מילקה דלמטי חום לבן 100 גר,גרמים,100.00,100 גרם,false,1,7.90,7.9000,true,1,134769
7622210826053,false,מילקה שוקולד אוראו סנדוויץ 100 גרם,דיפלומט מפיצים (1968) בעמ**,HU,שוקולד מילקה אוראו סנדביץ 92 גרם,גרמים,92.00,100 גרם,false,1,7.90,8.5870,true,1,129488
7622210835338,false,אוראו עוגיות ממולאות טעם בראוניז 176 גרם,דיפלומט מפיצים (1968) בעמ**,ES,אוראו בראוני 176 גרם,גרמים,176.00,100 גרם,false,1,14.00,7.9545,true,1,122520
7622210999221,false,שוקולד חלב מילקה 10,מונדלייז,DE,מילקה חלב 100 גר,גרמים,100.00,100 גרם,false,1,7.90,7.9000,true,1,134900
7622210999535,false,שוקולד מילקה אקסטרה,מונדלייז,DE,מילקה קקאו 100 גר,גרמים,100.00,100 גרם,false,1,7.90,7.9000,true,1,134901
7622210999597,false,שוקולד מילקה אגוזים,מונדלייז,DE,מילקה אגוזים שלמים 100 גר,גרמים,100.00,100 גרם,false,1,7.90,7.9000,true,1,134902
7622300340285,false,גבינת שמנת 22% שומן 175 ג' פילדלפיה,מונדלז דויצ'לנד פרוד,DE,גבינת שמנת 21% שומן,גרמים,175.00,100 גרם,false,1,17.90,10.2286,true,1,118447
7622300340292,false,גבינת שמנת 11% שומן 175 ג' פילדלפיה,מונדלז דויצ'לנד פרוד,DE,גבינת שמנת מופחתת שומן 11% שומן,גרמים,175.00,100 גרם,false,1,17.90,10.2286,true,1,118448
7622300370367,false,מילקה דיים 100 גר,מונדלייז,DE,מילקה דיים 100 גר,גרמים,100.00,100 גרם,false,1,7.90,7.9000,true,1,134770
7622300489427,false,עוגיות אוראו בציפוי בטעם שוקולד לבן 246 גרם,דיפלומט מפיצים (1968) בעמ**,ES,עוגיות אוראו בציפוי בטעם שוקולד לבן 246 גר',גרמים,246.00,100 גרם,false,1,23.90,9.7154,true,1,117875
7622300503079,false,עוגיות ביסקוויט מצופה שוקולד חלב מילקה 200 גרם,דיפלומט מפיצים (1968) בעמ**,PL,מילקה מו עוגיות ביסקוויט בציפוי שוקולד 200 גר',גרמים,200.00,100 גרם,false,1,15.90,7.9500,true,1,79922
7622300617820,false,מילקה שוקולד חלב במילוי קרם חלב ווניל ושבבי עוגיות אוראו 100 גרם,מנדלז דויצ'\לנד סנקס פרו,DE,שוקולד חלב אוראו מילקה 100 גרם,גרמים,100.00,100 גרם,false,1,7.90,7.9000,true,1,88298
7622300756413,false,גבינת פילדלפיה 20% שומן עם תבלינים 175 ג',מונדלז דויצ'לנד פרוד,DE,פילדלפיה גבינת שמנת עם עשבי תיבול 20% שומן 175 גרם,גרמים,175.00,100 גרם,false,1,17.90,10.2286,true,1,118449
7622300761363,false,עוגיות מיני אוראו במילוי קרם בטעם שוקולד בכוס,דיפלומט מפיצים (1968) בעמ**,ID,אוראו מיני כוסות בטעם שוקולד 61.3 גרם,גרמים,67.00,100 גרם,false,1,7.90,11.7910,true,1,103897
7622400883033,true,מילקה LUFLEE אווריר,מונדלייז,DE,מילקה LUFLEE אוורירי 100 גר,גרמים,100.00,100 גרם,false,1,7.90,7.9000,true,1,134772
7630477891592,false,סטארבקס קפסולות קפה האוס בלנד 10 יחידות,קבוצת אוסם סחר שותפות מוגבלת,CH,סטארבקס קפסולות האוס בלנד 57 גרם,גרמים,57.00,100 גרם,false,1,21.90,38.4211,true,1,133794
7630477891714,false,סטארבקס קפסולות קפה אספרסו 10 יחידות,קבוצת אוסם סחר שותפות מוגבלת,CH,סטארבקס קפסולות אספרסו 57 גרם,גרמים,57.00,100 גרם,false,1,21.90,38.4211,true,1,133795
7640175742614,false,"בומביי ספייר 200 מ""ל",הממלכה המאוחדת,בוטן,גין בומביי 200 מל,מיליליטרים,200.00,"100 מ""ל",false,1,39.90,19.9500,true,1,131650
7702018271788,false,"דאודורנט קליר ג'ילט בניחוח ספורט 70 מ""ל",פארמה דיל (פ.א.ב.) שיווק והפצה,PL,ג'ילט דאודורנט ג'ל sport triumph עד 48 שעות 70 מל,ליטרים,70.00,ליטר,false,1,16.90,0.2414,true,1,133646
7702018978106,false,"ג'ילט - דאודורנט ג'ל לגבר ארטיק אייס 70 מ""ל",פארמה דיל (פ.א.ב.) שיווק והפצה,PL,"ג'ילט דאודורנט קליר ג'ל 70 מ""ל Artic Ice",ליטרים,70.00,ליטר,false,1,16.90,0.2414,true,1,133645
7702018978120,false,"ג'ילט - דאודורנט ג'ל לגבר קול וייב 70 מ""ל",פארמה דיל (פ.א.ב.) שיווק והפצה,PL,"ג'ילט דאודורנט קליר ג'ל 70 מ""ל cool wave",מיליליטרים,70.00,"100 מ""ל",false,1,16.90,24.1429,true,1,57259
7702174068826,false,יוגטה מבחר סוכריות לקקן קשות ממולאות טופי בטעמי יוגורט ופירות 204 גרם,הדקלאים אגודת שיתופי,CO,"לקקן יוגטה בטעם פירות 12 יח """,גרמים,216.00,100 גרם,false,1,13.90,6.4352,true,1,88160
7702174068833,false,יוגטה סוכריות קשות על מקל ממולאות טופי בטעמי גלידת פירות 12 יח' 204 גרם,הדקלאים אגודת שיתופי,CO,לקקן יוגטה אייס קרים 12 יח,גרמים,216.00,100 גרם,false,1,13.90,6.4352,true,1,85277
7702174070201,false,יוגטה לקקן בטעם מסטיק ממולא טופי בטעם תות 12 יח' 204 גרם,הדקלאים אגודת שיתופי,CO,לקקן בטעם מסטיק ממולא טופי בטעם תות 216 גרם,גרמים,216.00,100 גרם,false,1,13.90,6.4352,true,1,88467
7792860006218,false,סוכריות לקקן בייבי דול לריטייר (24 גרם),גוד פוד פרודקטס S.p,AR,"סוכריות בייבי דול, 24 גרם",גרמים,20.00,100 גרם,false,1,2.90,14.5000,true,1,9397
7860001950468,false,מקלף קמפוס,YIWO,,מקלף ירקות,יחידה,1.00,יחידה,false,1,8.90,8.9000,true,1,92562
7890557502484,false,כפכפי הווייאנס סלים,אלפרגאטאס,,כפכפי הוויאנס סלים זהב חלק 37-8,יחידה,1.00,יחידה,false,1,49.90,49.9000,true,1,117592
7890557502507,false,כפכפי הווייאנס סלים,אלפרגאטאס,,כפכפי הוויאנס סלים זהב חלק 41-2,יחידה,1.00,יחידה,false,1,49.90,49.9000,true,1,117604
7890732316479,false,כפכפי הווייאנס סלים,אלפרגאטאס,,כפכפי הוויאנס סלים שחור חלק 35-6,יחידה,1.00,יחידה,false,1,49.90,49.9000,true,1,117597
7890732316486,false,כפכפי הווייאנס סלים,אלפרגאטאס,,כפכפי הוויאנס סלים שחור חלק 37-8,יחידה,1.00,יחידה,false,1,49.90,49.9000,true,1,117599
7891024179482,false,"שטיפת פה קולגייט אופטיק וייט 500מ""ל",יבואן ומשווק: ש. שסט,PL,קולגייט מי פה אופטיק וייט 500 מל,מיליליטרים,500.00,"100 מ""ל",false,1,31.90,6.3800,true,1,88627
7909690466840,false,כפכפי הווייאנס סלים,,,כפכפי הווייאנס סלים גלוס שחור 39-40,יחידה,1.00,יחידה,false,1,79.90,79.9000,true,1,133807
7909690466857,false,כפכפי הווייאנס סלים,,,כפכפי הווייאנס סלים גלוס שחור 41-42,יחידה,1.00,יחידה,false,1,79.90,79.9000,true,1,133808
8000040001106,false,קמפרי ביטר אפרטיף 700מל,החברה המרכזית להפצת משקאות-אלכ,,"קמפרי 700 מ""ל",מיליליטרים,700.00,"100 מ""ל",false,1,129.90,18.5571,true,1,102693
8000215204219,false,משקה אורז ביו אורגני ויטאריז 1 ליטר,בטר אנד דיפרנט,IT,משקה אורז אורגני 1 ליטר,ליטרים,1.00,ליטר,false,1,15.90,15.9000,true,1,71062
8000215204240,false,משקה אורז ושקדים ביו אורגני ויטאריז 1 לי,בטר אנד דיפרנט,IT,משקה שקדים ואורז אורגני 1 ליטר,ליטרים,1.00,ליטר,false,1,15.90,15.9000,true,1,71063
8000215204271,false,ויטריז - משקה שקדים ואורז אישי 200 גר,"נטורפוד בע""מ",IT,"משקה אורז ושקדים ויטריז 200 מ""ל",מיליליטרים,200.00,"100 מ""ל",false,1,4.50,2.2500,true,1,102103
8000215204370,false,"ויטאריז לבישול תחליף שמנת צחית אורגנית 200 מ""ל",נטורפוד בעמ,IT,תחליף שמנת צמחי לבישול אורגני ויטריז 200,מיליליטרים,200.00,"100 מ""ל",false,1,6.50,3.2500,true,1,118290
8000215204394,false,משקה אורז ואגוזי לוז ביו אורגני ויטאריז,בטר אנד דיפרנט,US,משקה אגוזי לוז ואורז אורגני 1 ליטר,ליטרים,1.00,ליטר,false,1,18.90,18.9000,true,1,99502
8000215204561,false,משקה שקדים אורגני וללא גלוטן ויטאסי 1 לי,בטר אנד דיפרנט,IT,ויטאסי משקה שקדים אורגני 1 ליטר,ליטרים,1.00,ליטר,false,1,16.90,16.9000,true,1,121457
8000215204653,false,משקה סויה ויטאסי 1 ליטר,בטר אנד דיפרנט,IT,ויטאסי משקה סויה אורגני,ליטרים,1.00,ליטר,false,1,12.90,12.9000,true,1,126103
8000215204714,false,משקה שיבולת שועל אורגני פרימונה 1 ליטר,בטר אנד דיפרנט,IT,פרימאבנה משקה שיבולת שועל אורגני 1 ליטר,ליטרים,1.00,ליטר,false,1,15.90,15.9000,true,1,99503
8000380003723,false,וופלים גרנד פטיסרי במילוי קרם אגוזים 100,קריניציה ויטמינה אס,IT,לואקר גרנד פטיסרי אגוז 100 גרם,גרמים,100.00,100 גרם,false,1,15.90,15.9000,true,1,9510
8000380003754,false,וופל גראן פטיסרי Gran Pasticceria קפוצ'ינו,ליימן שליסל בעמ,IT,לואקר - וופל במילוי קרם בטעם קפה,גרמים,100.00,100 גרם,false,1,14.90,14.9000,true,1,121094
8000380003761,false,וופל גרנד פטיסרי שוקולד וקוקוס לואקר 100 גרם,קריניציה ויטמינה אס,IT,לואקר גרנד פטיסרי קוקוס 100 גרם,גרמים,100.00,100 גרם,false,1,15.90,15.9000,true,1,9511
8000380004676,false,קוביות וופל סנדוויץ Sandwich עם וניל וחלב,"א. לואקר, קונפקט ג'י",AT,ופל סנדויץ קרם וניל לואקר 200 גרם,גרמים,200.00,100 גרם,false,1,16.90,8.4500,true,1,9512
8000380004911,false,קוביות וופל קואדרטיני Quadratini קרם אגוזים,קריניציה ויטמינה אס,AT,קוארדטיני אגוז 250 גר',גרמים,250.00,100 גרם,false,1,17.90,7.1600,true,1,9513
8000380004966,false,וופל קוארדטיני לואקר קוביות שוקולד 250ג',קריניציה ויטמינה אס,AT,קוארדטיני שוקולד 250 גר',גרמים,250.00,100 גרם,false,1,17.90,7.1600,true,1,9514
8000380007219,false,וופל לואקר ממולא קרם אגוזים 175 גרם,ליימן שליסל בע`מ,AT,לואקר קלאסיק אגוז 175 גרם,גרמים,175.00,100 גרם,false,1,15.90,9.0857,true,1,9515
8000380007257,false,וופל גרדנה במילוי קרם אגוזים מצופה,קריניציה ויטמינה אס,IT,לואקר גרנדה אגוז 200 גר',גרמים,200.00,100 גרם,false,1,18.90,9.4500,true,1,9516
8000380007264,false,וופל לואקר ממולא קרם קקאו 175 גרם,קריניציה ויטמינה אס,AT,לואקר קלאסיק קקאו 175 גרם,גרמים,175.00,100 גרם,false,1,15.90,9.0857,true,1,12710
8000380180721,false,לואקר וופל קקאו במילוי קרם חלבי 175 גר,קריניציה ויטמינה אס,AT,לואקר קלאסיק שוקו-חלב 175 גרם,גרמים,175.00,100 גרם,false,1,15.90,9.0857,true,1,112109
8000380180837,false,וופל גרנד פטיסרי קוקוס לבן מצופה שוקולד לבן לואקר 100 גרם,ליימן שליסל בע`מ,IT,גרנד פטיסרי במילוי קרם קוקוס ובציפוי שוק,גרמים,100.00,100 גרם,false,1,14.20,14.2000,true,1,112038
8000380187119,false,עוגיות במילוי קרם אגוזי לוז לואקר 100 גר,ליימן שליסל בע`מ,AT,עוגיות לואקר אגוזי לוז,גרמים,100.00,100 גרם,false,1,15.90,15.9000,true,1,129034
8000380187249,false,עוגיות עם מילוי קרם שקדים ושוקולד חלב,ליימן שליסל בע`מ,AT,עוגיות לואקר שקדים 100גרם,גרמים,100.00,100 גרם,false,1,15.90,15.9000,true,1,129035
8000380187300,false,עוגיות חמאה עם שוקולד חלב לואקר 120 גר,ליימן שליסל בע`מ,AT,עוגיות לואקר פתיתי שלג 120גרם,גרמים,120.00,100 גרם,false,1,15.90,13.2500,true,1,129036
8000380205400,false,וופלים קואדרטיני חמאת בוטנים לואקר 250 גרם,ליימן שליסל בע`מ,AT,קואדרטיני חמאת בוטנים 250 גרם,גרמים,250.00,100 גרם,false,1,17.90,7.1600,true,1,133617
8000380205523,false,וופלים בטעם חמאת בוטנים לואקר 175 גרם,ליימן שליסל בעמ,AT,לואקר קלאסיק אגוז 175 גרם,גרמים,175.00,100 גרם,false,1,15.90,9.0857,true,1,133616
8000500009673,false,בונבונרייה פררו רושר 300 גרם,פרימיום-חברה לדברי מתיקה ולמסח,IT,בונבוניירה רושר 300 גרם,גרמים,300.00,100 גרם,false,1,49.90,16.6333,true,1,25402
8000500023976,false,בונבוניירת רפאלו פררו (150 גרם),פרימיום-חברה לדברי מתיקה ולמסח,PL,כדור וופל בציפוי קוקוס פריך במילוי קרם ושקד שלם,גרמים,150.00,100 גרם,false,1,26.90,17.9333,true,1,9517
8000500037874,false,בונבונרייה פררו רושר 200 גרם,פרימיום-חברה לדברי מתיקה ולמסח,IT,בונבוניירה רושר אריזה דקורטיבית 200 גרם,גרמים,200.00,100 גרם,false,1,31.90,15.9500,true,1,9521
8000500094976,false,"בונבוניירה פררו רושר רושה קונוס, 212 גרם T17X4",פרימיום-חברה לדברי מתיקה ולמסח,IT,בונב.רושה קונוס 212 גרם,גרמים,212.00,100 גרם,false,1,46.90,22.1226,true,1,87316
8000500192801,false,בונבוניירה רושה 100 גרם,פרימיום-חברה לדברי מתיקה ולמסח,IT,פררו רושה 100 גרי T8X8,גרמים,100.00,100 גרם,false,1,19.90,19.9000,true,1,125822
8000500227848,true,נוטלה בי רדי שישיה 1,קדבורי,IT,נוטלה בי רדי שישיה 132 גרם,גרמים,132.00,100 גרם,false,1,15.90,12.0455,true,1,121275
8000500267035,true,קינדר דליס יחידה בוד,פררו,ZA,קינדר דליס יחידה בודדת,לא מנהל יחידת מידה,0.00,לא מנהל יחידת מידה,false,1,3.90,0.0000,true,1,121398
8000500267103,true,קינדר דליס עשיריה,קדבורי,IT,קינדר דליס עוגת ספוג קקאו במילוי חלבי 390 גרם,גרמים,390.00,100 גרם,false,1,29.90,7.6667,true,1,121274
8000700000050,false,סבון DOVE מוצק לבן רביעיה 4*100 גרם,יוניליוור ישראל שיווק בע`מ,DE,סבון מוצק לבן דאב רביעייה,גרמים,400.00,100 גרם,false,1,20.90,5.2250,true,1,9533
8000786100408,false,"פולנטה מסורתית 1 ק""ג LA GRANDE ROUTA",לה גרנדה רוטה,IT,"פולנטה מסורתית 1 ק""ג LA GRANDE ROUTA",קילוגרמים,1.00,"ק""ג",false,1,18.90,18.9000,true,1,53473
8000920704967,false,"בן אנד ג'ריס צ'אנקי מנקי 150 מ""ל",מוצרי איכות אמריקאיים בעמ,,"גלידה שורטי צאנקי מאנקי 150 מ""ל",מיליליטרים,150.00,"100 מ""ל",false,1,13.90,9.2667,true,1,24399
8000920704974,false,"בן אנד ג'ריס שוקולד בראוניס 150 מ""ל",מוצרי איכות אמריקאיי,,"גלידה שורטי שוקולד בראוניס 150 מ""ל",מיליליטרים,150.00,"100 מ""ל",false,1,13.90,9.2667,true,1,24400
8000920704998,false,"שורטי בצק עוגיות 150 מ""ל",מוצרי איכות אמריקאיים בע,IL,בצק עוגיות 150 מ'ל - שורטי,מיליליטרים,150.00,"100 מ""ל",false,1,13.90,9.2667,true,1,24402
8001160001786,false,"משקה אנרגיה גטורייד ספורט כחול 500מ""ל",אקווה מינרלה סאן בנדטו,IT,"משקה גטורייד בטעם פטל ,מופחת קלוריות.",מיליליטרים,500.00,"100 מ""ל",false,1,12.90,2.5800,true,1,87659
8001160001892,false,"משקה אנרגיה גטורייד ספורט תפוז אדום 500מ""ל",אקווה מינרלה סאן בנדטו,IT,גטורייד ספורט תפוז אדום בקבוק 500 תריסר,מיליליטרים,500.00,"100 מ""ל",false,1,12.90,2.5800,true,1,88901
8001505000313,false,ממרח אגוזי לוז אורגני 270 גרם NICCIOLATA,ריג'וני דה אסינו,IT,נוקיולטה ממרח אגוזי לוז אורגני 270 גרם,גרמים,270.00,100 גרם,false,1,20.90,7.7407,true,1,97992
8001505001105,true,ממרח אגוזי לוז אורגנ,אף.סי תבליני בגליל ב,IT,נוקיולטה ממרח אגוזי לוז אורגני 270 גרם,גרמים,270.00,100 גרם,false,1,20.90,7.7407,true,1,118215
8001620015629,false,"משקה פירות בטעם תפוז ותפוז אדום 400 מ""ל פרוטה",אקווה מינרלה סאן בנדטו ב,IT,משקה פירות פרוטה בטעם תפוז ותפוז אדום,מיליליטרים,400.00,"100 מ""ל",false,1,9.50,2.3750,true,1,132464
8001620015636,false,"משקה פירות פרוטה-מיקס פירות 400 מ""ל סאן בנדטו",אקווה מינרלה סאן בנדטו ב,IT,משקה פירות פרוטה בטעם מיקס פירות,מיליליטרים,400.00,"100 מ""ל",false,1,9.50,2.3750,true,1,130705
8001620018408,false,"משקה פירות בטעם מנגו תפוח 400 מ""ל פרוטה",אקווה מינרלה סאן בנדטו ב,IT,משקה פירות פרוטה בטעם מנגו תפוח,מיליליטרים,400.00,"100 מ""ל",false,1,9.50,2.3750,true,1,132465
8001620019177,false,"סן בנדטו מים מינרלים בטעם ענבים 500 מ""ל",אקווה מינרלה סאן בנדטו ב,IT,סן בנדטו ענבים 400,מיליליטרים,400.00,"100 מ""ל",false,1,9.50,2.3750,true,1,133915
8001841237657,false,מגן תחתון אולוויז פר,פרוקטר & גמבל,DE,מגן תחתון אולוויז פרש נורמל 72 יח,יחידה,72.00,יחידה,false,1,21.90,0.3042,true,1,134734
8001841722146,false,אולוויז מגן תחתון וליופק נורמל 56 יחידות,דיפלומט,DE,מגן תחתון אולוויז וליופק נורמל 56 יחידות,לא מנהל יחידת מידה,0.00,לא מנהל יחידת מידה,false,1,16.90,0.0000,true,1,128600
8002230000012,false,מארז משקה קוקטייל אפ,החברה המרכזית להפצת משקאות בעמ,,ליקר אפרול בקבוק 1 ליטר,ליטרים,1.00,ליטר,false,1,114.90,114.9000,true,1,117027
8002920016903,false,LADORIA עגבניות מרוס,,IT,LADORIA עגבניות מרוסקות שלישיה 400גרם,גרמים,400.00,100 גרם,false,3,16.90,4.2250,true,1,133149
8003340091280,false,לינדט לינדור בונבוניירה 60% מוצקי קקאו 200 גרם,לינדט ושפרונגלי קילשברג,IT,לינדט לינדור כדורי שוקולד מריר 200 ג',גרמים,200.00,100 גרם,false,1,34.90,17.4500,true,1,60627
8003753158648,false,אילי קפסולות אספרסו אינטנסו 10 יח' 57 גרם,דיפלומט מפיצים (1968) בעמ**,FR,קפסולות קפה אינטנסו,גרמים,57.00,100 גרם,false,1,19.90,34.9123,true,1,126908
8004030022010,false,ירקות גינה עם טונה ריו מרה אינסלטיסימי 160 ג',"בולטון אלימנטרי בע""\מ",IT,ריו מר ירקות גינה עם טונה 160 גרם,גרמים,160.00,100 גרם,false,1,19.90,12.4375,true,1,110318
8004030026018,false,"מקסיקני עם טונה ריו מרה אינסלטיסימי, 160 ג'","בולטון אלימנטרי בע""\מ",IT,ריו מרה ירקות בנוסח מקסיקני עם טונה 160 גרם,גרמים,160.00,100 גרם,false,1,19.90,12.4375,true,1,110317
8004030044005,false,נתחי טונה בהירה בשמן זית ריו מרה 112גרם,"בולטון אלימנטרי בע""\מ",IT,ריו מר נתחי טונה בהירה בשמן זית 160 גרם,גרמים,160.00,100 גרם,false,1,18.90,11.8125,true,1,9652
8004030860001,false,ירקות עם קוקוס וטונה ריו מרה אינסלטיסימי 160 ג',"בולטון אלימנטרי בע""\מ",IT,ריו מר ירקות עם קוסקוס וטונה 160 גרם,גרמים,160.00,100 גרם,false,1,19.90,12.4375,true,1,112310
8004690050620,false,L.M פסטה איטלקית לינגוויני 500 גרם,לה מוליזנה קמפובאסן,IT,פסטה איטלקית לינגוויני 500 גרם LM,גרמים,500.00,100 גרם,false,1,8.90,1.7800,true,1,99738
8004690051573,false,ספגטי לה מוליזנה 500 גרם,לה מוליזנה קמפובאסן,IT,ספגטי למוליזנה 500 גרם,גרמים,500.00,100 גרם,false,1,8.90,1.7800,true,1,99739
8004690052044,false,פסטה פנה ריגטה 500 גרם,לה מוליזנה קמפובאסן,IT,פסטה איטלקית פנה זיטי ריגטה 500 גרם LM,גרמים,500.00,100 גרם,false,1,8.90,1.7800,true,1,99740
8004690052600,false,פסטה לאמוליזנה קונכי,למוליזנה,IT,פסטה איטלקית קונכיות ניוקי 500 גרם LM,גרמים,500.00,100 גרם,false,1,8.90,1.7800,true,1,128363
8004690052846,false,L.M פסטה איטלקית פוזילי 500 גרם,לה מוליסנה,IT,פסטה איטלקית פוזילי 500 גרם LM,גרמים,500.00,100 גרם,false,1,8.90,1.7800,true,1,99741
8004690055601,false,L.M פסטה איטלקית צ'ינסי 500 גרם,למוליזנה,IT,פסטה איטלקית צינסי 500 גרם LM,גרמים,500.00,100 גרם,false,1,8.90,1.7800,true,1,129173
8004690057308,false,L.M פסטה איטלקית רדיאטורי 500 גרם,לה מוליסנה,IT,פסטה איטלקית רדיאטורי 500 גרם LM,גרמים,500.00,100 גרם,false,1,8.90,1.7800,true,1,128271
8004690058008,false,L.M פסטה איטלקית ג'מלי 500 גרם,לה מוליזנה קמפובאסן,IT,פסטה איטלקית גמלי 500 גרם LM,גרמים,500.00,100 גרם,false,1,8.90,1.7800,true,1,128268
8004690106600,false,L.M פסטה איטלקית פרפאלה 500 גרם,לה מוליזנה קמפובאסן,IT,פסטה איטלקית פרפאלה 500 גרם LM,גרמים,500.00,100 גרם,false,1,8.90,1.7800,true,1,100441
8004690470022,false,לה מוליזנה ללא גלוטן-פסטה איטלקית ספגטי,למוליזנה,IT,פסטה ספגטי ללג LM גרם401,גרמים,400.00,100 גרם,false,1,14.90,3.7250,true,1,128967
8004690470039,false,לה מוליזנה ללא גלוטן,למוליזנה,IT,פסטה פנה ללג LM גרם400,גרמים,400.00,100 גרם,false,1,14.90,3.7250,true,1,128966
8005110001413,false,מארז זוג רסק עגבניות 140 ג' MUTTI,רסטרטו יבוא ושיווק בעמ,IT,MUTTI רסק עגבניות מארז זוג 140X2 גרם,גרמים,280.00,100 גרם,false,1,8.90,3.1786,true,1,128273
8005110002243,false,רכז עגבניות Doppio Concentr בשפופרת 185 ג' MUTTI,רסטרטו יבוא ושיווק בעמ*אין החז,IT,רכז עגבניות בשפורפרת Doppio MUTTI 185,גרמים,185.00,100 גרם,false,1,8.90,4.8108,true,1,128593
8005110170300,false,עגבניות מרוסקות חתוכות מוטי MUTTI שלישיה *400,רסטרטו יבוא ושיווק בעמ*אין החז,IT,שלישיית עגבניות מרוסקות 400 גר MUTTI,גרמים,400.00,100 גרם,false,1,18.90,4.7250,true,1,114140
8005110171215,false,עגבניות חתוכות 690 POLPAPEZZI ג' (כחול) MUTTI,רסטרטו יבוא ושיווק בעמ,IT,קוביות עגבניות מקולפות במיץ,גרמים,690.00,100 גרם,false,1,14.90,2.1594,true,1,122823
8005110191015,false,רסק עגבניות ובזיליקום MUTTI{ירוק } 700 גרם,רסטרטו יבוא ושיווק בעמ,IT,מחית עגבניות קלה עם בזיליקום בתוספת מלח,גרמים,700.00,100 גרם,false,1,14.90,2.1286,true,1,124524
8005110200014,false,רסק עגבניות 210 ג' CONCENTRATO MUTTI,רסטרטו יבוא ושיווק בעמ,IT,רסק עגבניות בתוספת מלח 22Bx ללא תוספת סוכר,גרמים,210.00,100 גרם,false,1,7.90,3.7619,true,1,114425
8005110550508,true,שימורי עגבניות שרי,,,שימורי עגבניות שרי,Unknown,0.00,Unknown,false,1,9.90,0.0000,true,1,122824
8005110551253,false,רוטב לפיצה להכנת פיצה איטלקית קלאסית,רסטרטו יבוא ושיווק בעמ*אין החז,IT,רוטב לפיצה 400 גרם MUTTI,גרמים,400.00,100 גרם,false,1,9.90,2.4750,true,1,128324
8005469981602,false,פילה אנשובי איטלקי בשמן חמניות 75 גרם,בנדטו סקילה,,פילה אנשובי איטלקי שמן חמניות 75 גרם,גרמים,75.00,100 גרם,false,1,15.90,21.2000,true,1,110096
8006540019672,false,נוזל כלים פיירי פלטי,פרוקטר & גמבל,GB,נוזל כלים פיירי פלטינום 700 מל,מיליליטרים,700.00,"100 מ""ל",false,1,12.90,1.8429,true,1,134728
8006540221068,false,מגן תחתון אלוויז וליופק לונג פלוס 40 יחי',פרוקטר & גמבל,DE,מגן תחתון אולוויז וליופק לונג פלוס 40 יחידות,יחידה,40.00,יחידה,false,1,19.90,0.4975,true,1,134750
8006540221341,false,אולוויז מגן תחתון וליופק לארג' 48 יחידות,,DE,מגן תחתון אולוויז לארג 48 יח,יחידה,1.00,יחידה,false,1,21.90,21.9000,true,1,133099
8006540592434,true,תחבושות אולוויז נורמ,פרוקטר,DE,תחבושות אולוויז נורמל פלוס 28 יח,יחידה,28.00,יחידה,false,1,19.90,0.7107,true,1,133650
8006540592465,false,אולוויז תחבושות לונג 24 יח,פרוקטר & גמבל,DE,תחבושות אולוייז כפול לונג פלוס 24 יח,יחידה,24.00,יחידה,false,1,22.90,0.9542,true,1,133648
8008660210014,false,מעדן משמש מנז אנד גאסר ויסוצקי 300 גרם,תה ויסוצקי (ישראל) בעמ,IT,מעדן משמש מנז אנד גאסר,גרמים,300.00,100 גרם,false,1,17.90,5.9667,true,1,111414
8008660210021,false,מעדן ריבה מנץ אנד גאססר דובדבן 300 גר,תה ויסוצקי (ישראל) בעמ,IT,מנז אנד גאסר מעדן דובדבן 320 גרם,גרמים,300.00,100 גרם,false,1,18.90,6.3000,true,1,111415
8008660210038,false,מעדן ריבה מנץ אנד גאססר תות שדה 300 גר,תה ויסוצקי (ישראל) בעמ,IT,מאנס גאסר מעדן ריבה תות שדה 300 גרם,גרמים,300.00,100 גרם,false,1,18.90,6.3000,true,1,111412
8008660210045,false,מעדן פירות יער מנז אנד גאסר ויסוצקי 300 גרם,תה ויסוצקי (ישראל) בעמ,IT,"מנז אנד גאסר, מעדן פירות יער 300 גרם",גרמים,300.00,100 גרם,false,1,18.90,6.3000,true,1,111413
8010024006010,false,חמאת שקדים 100% השקד נטורפוד 350 גרם,תות תעשיות מזון (201,IT,חמאת שקדים,גרמים,350.00,100 גרם,false,1,39.90,11.4000,true,1,113904
8017938005764,false,מיץ תפוחים אורגני 100% 1 ליטר נטורפוד,נטורפוד בעמ,IT,נטור פוד מיץ תפוחים אורגני 100% טבעי 1 ליטר,ליטרים,1.00,ליטר,false,1,24.20,24.2000,true,1,109936
8024985000062,false,מחית תפוח אורגני 100% פרי 200 גר נטורה,"נטורפוד בע""מ",IT,נטורה נובה מחית תפוח 100% אורגני 200 גרם,גרמים,200.00,100 גרם,false,1,8.90,4.4500,true,1,102505
8024985000079,false,מחית תפוח משמש 100% פרי 200 ג נטורה נובה,נטורפוד בעמ,IT,נטור נובה ביו מחית תפוח משמש 100% אורגני 200 גרם,גרמים,200.00,100 גרם,false,1,10.50,5.2500,true,1,102506
8024985000086,false,נטורה נובה מחית תפוח בננה אורגנית 100% פרי 200 גרם,"נטורפוד בע""מ",IT,נטורה נובה מחית תפוח בננה 100% אורגני 200 גרם,גרמים,200.00,100 גרם,false,1,10.50,5.2500,true,1,98009
8024985000109,false,נטורה נובה מחית אגס אורגנית 100% פרי 200 גרם,נטורפוד בעמ,IT,נטור נובה ביו מחית אגס 100% טבעי 200 גרם,גרמים,200.00,100 גרם,false,1,10.50,5.2500,true,1,98010
8024985002943,false,מחית סמוצ`י תפוח אננס קוקוס אורגנית נטור,נטורפוד בעמ,IT,סמוצ'י תפוח אננס קוקוס אורגניים,גרמים,100.00,100 גרם,false,1,5.90,5.9000,true,1,124464
8024985003988,false,מחית פירות סמוצ`י תפוחים ובננה אורגנית ל,נטורפוד בעמ,IT,סמוצ'י תפוח בננה אורגניים 100 גרם,גרמים,100.00,100 גרם,false,1,5.90,5.9000,true,1,114032
8024985005234,false,מחית פירות סמוצ`י תפוח עץ ומנגו אורגנית,נטורפוד בעמ,IT,סמוצ'י תפוח אפרסק מנגו אורגניים 100 גרם,גרמים,100.00,100 גרם,false,1,5.90,5.9000,true,1,114037
8024985008037,false,מחית פירות סמוצ`י תפוח אורגנית ללא תוספת,"נטורפוד בע""מ",IT,סמוצ'י תפוחים אורגניים 100 גרם,גרמים,100.00,100 גרם,false,1,5.90,5.9000,true,1,102504
8024985008044,false,מחית פירות סמוצ`י אגס אורגנית ללתס נטור,"נטורפוד בע""מ",IT,סמוצ'י אגסים אורגניים 100 גרם,גרמים,100.00,100 גרם,false,1,5.90,5.9000,true,1,102503
8024985008051,false,מחית פירות סמוצ`י פירות אדומים אורגנית ל,"נטורפוד בע""מ",IT,סמוצ'י פירות אדומים אורגניים 100 גרם,גרמים,100.00,100 גרם,false,1,5.90,5.9000,true,1,102502
8024985011204,false,נטורה נובה-סמוזי תפוח תות בננה 100 גרם,נטורה נובה,IT,נטורה נובה סמוצ'י תפוח תות בננה אורגניים 100 גרם,גרמים,350.00,100 גרם,false,1,5.90,1.6857,true,1,133101
8032804430471,false,פליסיה קופסא - סדניני עדשים אדומות 250 גרם,אף.סי תבליני בגליל ב,IT,פליסיה ביו 100% עדשים אדומות בצורת אטריות 250 גרם,גרמים,250.00,100 גרם,false,1,13.90,5.5600,true,1,113926
8032804430501,false,פליסיה פסטה פוזילי אפונה אורגני 250 גרם,אף.סי תבליני בגליל ב,IT,פסטה מקמח אפונה ירוקה פליסיה 250 גרם,גרמים,250.00,100 גרם,false,1,13.90,5.5600,true,1,113925
8033020445973,false,"PIVETTI קמח 00 לכל מטרה 1 ק""ג",פיווטי Pivetti,IT,"קמח\ Antigrumi 1 ק""ג PIVETTI",קילוגרמים,1.00,"ק""ג",false,1,7.50,7.5000,true,1,128275
8033020445980,false,"קמח לפסטה 1 pasta fresca ק""ג 00 PIVETTI",PIVETTI,IT,"קמח לפסטה 1 pasta fresca ק""ג 00 PIVETTI",קילוגרמים,1.00,"ק""ג",false,1,11.90,11.9000,true,1,128278
8033020446000,false,"קמח איטלקי לפיצה ופוקצה 1 ק""ג 00 PIVETTI",פיווטי Pivetti,IT,"קמח איטלקי לפיצה ופוקצה 1 ק""ג 00 PIVETTI",קילוגרמים,1.00,"ק""ג",false,1,9.90,9.9000,true,1,128276
8076800195057,false,ברילה - צ.א ספגטי מס5 חדש 500 גרם,ברילה גי.אי.אר פרטלי ס.פ,IT,ברילה ספגטי מס' 5 500 גרם,גרמים,500.00,100 גרם,false,1,9.90,1.9800,true,1,9875
8076802085738,false,ברילה צ.ק פנה רגטה מס' 73 500 גרם,ברילה גי.אי.אר פרטלי ס.פ,IT,ברילה פסטה פתיתים -פנה רגטה 500 גרם,גרמים,500.00,100 גרם,false,1,9.90,1.9800,true,1,9881
8076802085837,false,ברילה - צ.ק טורטליוני מס83 500 גרם,הנסיך- מפעל לייצור ט,IT,פסטה ברילה טורטיליוני מס 83 500 גרם,גרמים,500.00,100 גרם,false,1,9.90,1.9800,true,1,9882
8076802085936,false,ברילה פסטה צ.ק. קונצילה ריגטה חדש,ברילה גי.אי.אר פרטלי ס.פ,IT,ברילה פסטה פתיתים - קונצילה ריגטה 500 גרם,גרמים,500.00,100 גרם,false,1,9.90,1.9800,true,1,9884
8076802085981,false,ברילה - צ.ק פוזילי חדש 500 גרם,ברילה גי.אי.אר פרטלי ס.פ,IT,ברילה פסטה פתיתים פוזילי 500 גרם,גרמים,500.00,100 גרם,false,1,9.90,1.9800,true,1,9885
8076808060654,false,פסטה פרפלה מספר 65 ברילה 500 גרם,ברילה גי.אי.אר פרטלי ס.פ,IT,ברילה פסטה פתיתים פרפלה 500 גרם,גרמים,500.00,100 גרם,false,1,9.90,1.9800,true,1,9888
8076809512268,false,פסטה גירנדולה טורסדס מספר 34 ברילה 500 גרם,ברילה גי.אי.אר פרטלי ס.פ,IT,ברילה פסטה פתיתים- גירנדולה 500 גרם,גרמים,500.00,100 גרם,false,1,9.90,1.9800,true,1,9893
8076809513395,false,ברילה פומודורו רוטב עגבניות קלאסי 400 גר,ברילה גי.אי.אר פרטלי ס.פ,IT,ברילה רוטב עגבניות קלאסי 400 גרם,גרמים,400.00,100 גרם,false,1,15.90,3.9750,true,1,9895
8076809513654,false,בסיס רוטב עגבניות לבולונז ברילה 400 גרם,ברילה גי.אי.אר פרטלי ס.פ,IT,ברילה רוטב בסיס לפסטה בולונז 400 גרם,גרמים,400.00,100 גרם,false,1,15.90,3.9750,true,1,21997
8076809513692,false,רוטב עגבניות נפולטנה בתוספת ירקות,ברילה גי.אי.אר פרטלי ס.פ,IT,ברילה רוטב עגבניות עם ירקות שורש לפסטה 400 גרם,גרמים,400.00,100 גרם,false,1,15.90,3.9750,true,1,9896
8076809513739,false,ברילה רוטב עגבניות עם בזיליקום 400 גרם,ברילה גי.אי.אר פרטלי ס.פ,IT,ברילה רוטב עגבניות עם בזיליקום לפסטה 400 גרם,גרמים,400.00,100 גרם,false,1,15.90,3.9750,true,1,35110
8076809514774,false,ברילה פפרדלה איטריות ביצים 250 גרם,ברילה גי.אי.אר פרטלי ס.פ,IT,ברילה פסטה פפרדלה ביצים 250 גרם,גרמים,250.00,100 גרם,false,1,19.90,7.9600,true,1,9898
8076809523561,false,ברילה - רוטב פסטה בטעם טוסקנה 400 גרם,ברילה גי.אי.אר פרטלי ס.פ,IT,ברילה רוטב טוסקנה לפסטה 400 גרם,גרמים,400.00,100 גרם,false,1,15.90,3.9750,true,1,57490
8076809545464,false,ברילה פסטה ללא גלוטן צורת ספירלי 400 גר,מולינו אנדריאני אס.א,IT,ברילה פוזילי על בסיס קמח תירס ללא גלוטן 400 גרם,גרמים,400.00,100 גרם,false,1,15.90,3.9750,true,1,109716
8076809547956,false,פסטה ברילה קיפרי 500 גרם,ברילה ג'.אי.אר פרטלי,IT,פסטה ברילה קיפרי 500 גרם,גרמים,500.00,100 גרם,false,1,9.90,1.9800,true,1,127128
8410076600622,false,חטיפי גרנולה קראנצ'י עם שוקולד מריר נייצ'ר ואלי 210 גרם,ג'נרל מילס סאן אדריאן,ES,קראנצי שבבי שוקולד מריר 210 גר,גרמים,210.00,100 גרם,false,1,14.90,7.0952,true,1,97240
8410076800633,false,נייטשר וואלי קראנצי שבבי שוקולד בודד,ליימן שליסל,,קראנצי שיבולת שועל ושוקולד מריר,גרמים,42.00,100 גרם,false,1,5.90,14.0476,true,1,106309
8410104045111,false,"פיניש מלח למדיח כלים 2ק""ג",רקיט בנקיזר (ניר איסט) בעמ,IL,פיניש מלח למדיח כלים 2 קג,קילוגרמים,2.00,"ק""ג",false,1,16.90,8.4500,true,1,10222
8410179100043,false,שמן זית בורחס מעולה750מל,PONTU BORGES ACEITES,ES,"BORGES שמן זית כתית מעולה 750 מ""ל",מיליליטרים,750.00,"100 מ""ל",false,1,38.90,5.1867,true,1,125188
8410182420114,false,"בצלצלי פנינה בחומץ 370 מ""ל",דליסיאס,,בצלצלי פנינה בחומץ 370 גרם,גרמים,370.00,100 גרם,false,1,11.90,3.2162,true,1,68498
8410793282934,false,בירה אסטרייה דאם בקב,"סי סי דאם, אס.אל, בר",ES,"אסטרייה דאם בקבוק בודד 330 מ""ל",מיליליטרים,330.00,"100 מ""ל",false,1,16.90,5.1212,true,1,69050
8411277063049,false,קווה כשרה גאום סרה ב,ג'אום סרה,,"קאווה גום סרה ברוט מבעבע 750 מ""ל",מיליליטרים,750.00,"100 מ""ל",false,1,34.90,4.6533,true,1,75855
8411277205654,false,יין קאווה גום סרה גו,ג'אום סרה,,"קאווה גום סרה זהב 750 מ""ל",מיליליטרים,750.00,"100 מ""ל",false,1,34.90,4.6533,true,1,121219
8411277350118,false,"קאווה ""ג'ום סרה"" חצי יבש",ג'אום סרה,,"קאווה גום סרה חצי יבש 750 מ""ל",מיליליטרים,750.00,"100 מ""ל",false,1,34.90,4.6533,true,1,75856
8411320382967,false,טונה צהובה בשמן זית (צנצנת) 220 גרם,אורטיז ORTIZ,ES,טונה צהובה בשמן זית (צנצנת)220 גרם ORTIZ,גרמים,220.00,100 גרם,false,1,44.90,20.4091,true,1,128281
8423207206488,false,סלים דליס חטיף דגנים מצופה שוקולד חלב מרבה 6*20 גרם,אף.סי תבליני בגליל ב,ES,חטיף דגנים סלים דליס שוקולד חלב 120 גרם,גרמים,120.00,100 גרם,false,1,14.90,12.4167,true,1,101568
8423207206495,false,סלים דליס חטיף דגנים מצופה שוקולד מריר מרבה 6*20 גרם,אף.סי תבליני בגליל ב,ES,חטיף דגנים סלים דליס שוקולד מריר 120 גרם,גרמים,120.00,100 גרם,false,1,14.90,12.4167,true,1,101569
8423207207362,false,חטיפי סלים דליס שוקולד לבן מרבה 6 יחידות,ביסנצ'ורי אס.אל.יו,ES,סלים דליס שוקולד לבן 120 גרם,גרמים,120.00,100 גרם,false,1,14.90,12.4167,true,1,101571
8423207208680,false,חטיף דגנים שוקולד סלים דליס לילדים מרבה 6 יחידות,ביסנצ'ורי אס.אל.יו,ES,סלים דליס קידס חטיף דגנים מצופה שוקולד חלב 120 גר',גרמים,182.00,100 גרם,false,1,14.90,8.1868,true,1,110815
8423207208703,false,חטיפי סלים דליס שוקולד מריר מרבה 6 יחידות,ביסנצ'ורי אס.אל.יו,ES,סלים דליס חטיף דגנים שוקולד מריר 120 גרם,גרמים,182.00,100 גרם,false,1,14.90,8.1868,true,1,110817
8423371000462,false,סאליסול- קוקטייל מיקס 50 גרם,גלוברנדס,ES,סאליסול טו גו קוקטיל מיקס,גרמים,50.00,100 גרם,false,1,7.90,15.8000,true,1,125345
8423371000516,false,סאליסול- בוטנים ושקדים מקורמלים 50 גרם,גלוברנדס,ES,פיצוחים בפחית טו גו בוטנים ושקדים מקורמל,גרמים,50.00,100 גרם,false,1,7.90,15.8000,true,1,127379
8423371000530,false,בוטנים מלוחים סאליסול 60 גרם,SALTS OK,ES,סאליסול טו גו בוטנים עם מלח,גרמים,60.00,100 גרם,false,1,7.90,13.1667,true,1,125346
8423371000653,false,סאליסול- בוטנים מלוחים בדבש 50 גרם,גלוברנדס,ES,סאליסול טו גו בוטנים עם דבש ומלח,גרמים,50.00,100 גרם,false,1,7.90,15.8000,true,1,125348
8423371005078,false,סאליסול- מיקס פיקנטי 50 גרם,גלוברנדס,ES,סאליסול טו גו מיקס פיקנטי,גרמים,50.00,100 גרם,false,1,7.90,15.8000,true,1,125347
8423371005795,false,פיצוחים בפחית טו גו,SALTS OK,ES,סאליסול טו גו קאנטרי מיקס,גרמים,45.00,100 גרם,false,1,7.90,17.5556,true,1,125344
8436575292205,false,ארטיק חמשושים מאגדת 15*12 גר',נגה גלידות שותפות מוגבלת,IL,נסטלה חמשושים מאגדת חדש 6 15*12גרם,לא מנהל יחידת מידה,0.00,לא מנהל יחידת מידה,false,1,22.90,0.0000,true,1,122579
8445290341587,false,פנסי פיסט פטה דג לבן ועוף 85גר,קבוצת אוסם סחר-שות.מוגבלת,US,פנסי פיסט פטה דג לבן ועוף 24*85גרם,גרמים,85.00,100 גרם,false,1,5.90,6.9412,true,1,133920
8445290341655,false,פנסי פיסט פטה עוף 85 גרם,קבוצת אוסם סחר-שות.מוגבלת,US,פנסי פיסט פטה עוף 24*85גרם,גרמים,85.00,100 גרם,false,1,5.90,6.9412,true,1,133921
8595134503302,false,פילטרים לגלגול 6 ממ- ארוך,צפניה ברזילי בעמ,,פילטר 6 ארוך,Unknown,0.00,Unknown,false,1,7.50,0.0000,false,1,121791
8595134503487,false,פילטרים לגילגול 5.3 ארוך PIH,צפניה ברזילי בעמ,,פילטר 5.3 ארוך,יחידה,1.00,יחידה,false,1,7.50,7.5000,true,1,124254
8595134503975,false,נייר גלגול בינוני Black כולל פילטר,צפניה ברזילי בעמ,,נייר בינוני כולל פילטר,לא מנהל יחידת מידה,0.00,לא מנהל יחידת מידה,false,1,7.50,0.0000,false,1,126504
8606018615827,false,גלידת וניל עם שברי עוגיות אוראו 480 גרם,נגה גלידות שותפות מוגבלת,IL,פיינט אוראו 480גרם,גרמים,480.00,100 גרם,false,1,27.90,5.8125,true,1,132850
8606018615841,false,גלידה וניל עם ליבת שוקולד חלב מעולה 480 גרם,נגה גלידות שותפות מוגבלת,IL,פיינט מילקה וניל ליבת שוקולד 480גרם,גרמים,480.00,100 גרם,false,1,27.90,5.8125,true,1,132851
8606018615865,false,פיינט מילקה קרמל ליבת שוקולד 480 גרם,נגה גלידות שותפות מוגבלת,IL,פיינט מילקה קרמל ליבת שוקולד 480גרם,גרמים,480.00,100 גרם,false,1,27.90,5.8125,true,1,132852
8683130012666,false,שלגון מגנום דאבל לבן עוגיות 72 גרם,"מיוצר ע""\י יונילוור סנאי",TR,מגנום דאבל לבן עוגיות 74 גרם,גרמים,74.00,100 גרם,false,1,13.50,18.2432,true,1,133151
8690120060170,false,וופל נאמבר 1 שוקולד חלב 35 גרם,רויאל קנדיס בעמ,TR,וופל נאמבר וואן מצופה שוק חלב 35 גרם,גרמים,35.00,100 גרם,false,1,3.90,11.1429,true,1,130210
8690120060408,false,וופל נאמבר 1 שוקולד אגוזים 35 גרם,רויאל קנדיס בעמ,TR,נאמבר וואן ירוק 32גרם,גרמים,32.00,100 גרם,false,1,3.90,12.1875,true,1,132734
8690504081913,false,מקוויטיס טינס מצופה שוקולד חלב 150 גרם,תה ויסוצקי (ישראל) בעמ,TR,עוגיות טינס מצופה שוקולד חלב 150 גרם,גרמים,150.00,100 גרם,false,1,13.90,9.2667,true,1,117662
8690504081920,false,מקוויטיס טינס מצופה שוקולד מריר 150 גרם,"אולקר ביסקווי סנאי, א.ס.",TR,טינס מצופה שוקולד מריר 150 גרם,גרמים,150.00,100 גרם,false,1,13.90,9.2667,true,1,117661
8690504153740,false,גודייבה שוקולד מריר במילוי קרם גנאש 86 גרם,תה ויסוצקי (ישראל) בעמ,TR,שוקולד מריר במילוי קרם בטעם גנאש שוקולד מריר,גרמים,86.00,100 גרם,false,1,13.90,16.1628,true,1,127320
8690637007705,false,מסטיגם וניל מסטיק על מקל ללא סוכר,"מיוצר ע""י יוניליוור",TR,שטראוס שלגון גלידה מסטיגם בטעם וניל ומסטיק 80 גרם,גרמים,80.00,100 גרם,false,1,8.90,11.1250,true,1,121538
8690637704376,false,"שמפו לטיפוח יום יומי דאב 600 מ""ל","יוניליוור ישראל שיווק בע""מ",TR,דאב שמפו טיפוח יום יומי 600 מל,מיליליטרים,600.00,"100 מ""ל",false,1,23.90,3.9833,true,1,102555
8690637704390,false,"מרכך שיער לטיפוח יום יומי דאב 600 מ""ל","יוניליוור ישראל שיווק בע""מ",TR,דאב מרכך שיער טיפוח יום יומי 600 מל,מיליליטרים,600.00,"100 מ""ל",false,1,23.90,3.9833,true,1,102556
8690637842382,false,מגנום דאבל פרי יער שטראוס 82 גר,"מיוצר ע""\י יונילוור סנאי",TR,מגנום שלגון דאבל פרי יער 76 גרם,גרמים,85.00,100 גרם,false,1,13.50,15.8824,true,1,117085
8690637890666,false,מאגדת מגנום מיני דאבל פיסטוק 6 יח' שטראוס,יוניליוור סנאיי וי ט,TR,מאגדת מיני מגנום 1/6 329 גרם דאבל פיסטוק,גרמים,282.00,100 גרם,false,1,33.90,12.0213,true,1,123140
8690637989612,false,שלגון שמנת בטעם וניל עם ריפל בטעם שוקולד 246 גרם,יונילוור סנאיי וי טיג'\,TR,מגנום מאגדת מיני מגנום דאבל דולצ'ה גולד 6 יחידות,גרמים,246.00,100 גרם,false,1,37.90,15.4065,true,1,130721
8690637989629,false,מגנום דאבל דולצ'ה גולד בטעם וניל עם ריפל בטעם שוקולד 246 גרם,יונילוור סנאיי וי טיג'\,TR,מגנום שלגון מגנום דאבל דולצ'ה גולד 63 גרם,גרמים,63.00,100 גרם,false,1,13.50,21.4286,true,1,130336
8690637997914,false,גלידת מגנום וניל שקדים בכוס אישית 76 גרם,יונילוור סנאיי וי טיג'\,TR,מגנום גלידת שמנת וניל שקדים כוס אישית 57 גרם,גרמים,76.00,100 גרם,false,1,9.90,13.0263,true,1,131653
8690637997921,false,גלידת שמנת וניל קלאסיק בכוס אישית 63 גרם,יונילוור סנאיי וי טיג'\,TR,מגנום גלידת שמנת וניל קלאסיק כוס אישית 63 גרם,גרמים,81.00,100 גרם,false,1,9.90,12.2222,true,1,131654
8690766156381,false,גודייבה שוקולד מריר 90% מוצקי קקאו 90 גרם,תה ויסוצקי (ישראל) בעמ,TR,טבלת שוקולד מריר מעולה 90% מוצקי קקאו,גרמים,90.00,100 גרם,false,1,16.90,18.7778,true,1,127054
8690777202015,false,ירקות כבושים מעורבים וילי פוד 400 גרם,ג. וילי-פוד אינטרנשיונל בע`מ,TR,ירקות כבושים מעורב 700 גר SERA,גרמים,700.00,100 גרם,false,1,14.90,2.1286,true,1,72860
8690777206051,false,חציל קלוי על האש סרה ויליפוד 650 גרם,ג. וילי-פוד אינטרנשיונל בע`מ,TR,סרה חציל קלוי על האש 650 גרם,גרמים,650.00,100 גרם,false,1,14.90,2.2923,true,1,49482
8690777221405,false,פלפל אדום קלוי על האש 650 גר` ויליפוד,ג. וילי-פוד אינטרנשיונל בע`מ,TR,סרה פלפלים אדומים קלויים על האש 650 גרם,גרמים,650.00,100 גרם,false,1,15.30,2.3538,true,1,72863
8694686405857,false,מיטו מזון לחתול 1 קג,שחורי אריה ואנסטסיה,TR,מיטו מזון לחתול 1 קג,קילוגרמים,1.00,"ק""ג",false,1,22.00,22.0000,true,1,131629
8697418280111,false,עלי טורטייה 25 סמ 840 גרם LAVALIA,פרינסיס און וה אונלו,,"עלי טורטייה 25 ס""מ 840 גרם",גרמים,840.00,100 גרם,false,1,27.60,3.2857,true,1,53510
8697418280173,false,עלי טורטייה מחיטה מלאה 840 גרם LAVALIA,פרינסס גידה,TR,"עלי טורטייה מחיטה מלאה 25 ס""מ 840 גרם",גרמים,840.00,100 גרם,false,1,27.60,3.2857,true,1,54199
8697418280333,false,שערות קדאיף מיובשות 500 גרם,פרינסיס און וה אונלו,TR,שערות קדאיף 500 גרם,גרמים,500.00,100 גרם,false,1,20.90,4.1800,true,1,102009
8697530910743,false,סיגריות פאל מאל כחול קצר מטאליק,גלוברנדס בעמ - שיווק סיגריות,,סיגריות פאל מל כחול חפיסה בודד,יחידה,1.00,יחידה,false,1,31.40,31.4000,false,1,46641
8697530910750,false,סיגריות פאל מאל כחול ארוך האוס,גלוברנדס בעמ - שיווק סיגריות,,סיגריות פאל מל כחול ארוך חפיסה בודד,יחידה,0.00,יחידה,false,1,31.40,0.0000,false,1,46642
8697530910781,false,סיגריות פאל מאל אדום מטאליק,גלוברנדס בעמ - שיווק סיגריות,,סיגריות פאל מל אדום חפיסה בודד,יחידה,1.00,יחידה,false,1,31.40,31.4000,false,1,46643
8710447320662,false,דאודורנט ספריי בניחוח אפרסק ולימון ללא אלומיניום,יוניליוור ישראל שיווק בע`מ,IT,DOVE דאו ספריי 50 ML,מיליליטרים,150.00,"100 מ""ל",false,1,19.90,13.2667,true,1,127392
8710502139017,false,עוגיות טריפל שוקולד צ`יפס מרבה (180 גרם),בנקטבקריי מרבה בי.וי,NL,עוגיות טריפל שוקולד ציפס מרבה 180 גרם,גרמים,180.00,100 גרם,false,1,12.90,7.1667,true,1,72215
8710502231018,false,מרבה עוגיות מיני שוקולד צ'יפס 175 גרם,ש. שסטוביץ בע`מ,NL,מיני עוגיות מרבה ש ציפס 175 גרם,גרמים,175.00,100 גרם,false,1,12.90,7.3714,true,1,130320
8710502279010,false,מרבה עוגיות שוקולד צ'יפס מצופות שוקולד 175 גרם,"י.מרבה ישראל בע""מ",NL,מרבה עוגיות שוקולד ציפס מצופות שוקולד,גרמים,175.00,100 גרם,false,1,12.90,7.3714,true,1,129620
8710502405204,false,עוגיות שוקולד צ'יפס עם קרם שוקולד מרבה 175 גרם,קריניציה ויטמינה אס,NL,מרבה עוגיות ממולאות קרם שוקולד,גרמים,175.00,100 גרם,false,1,12.90,7.3714,true,1,83592
8710502470028,false,עוגיות שוקולד צ'יפס ממולאות בקרם נוגט,קריניציה ויטמינה אס,NL,עוגיות שוקולד ציפס נוגטלי מרבה 160 גרם,גרמים,160.00,100 גרם,false,1,12.90,8.0625,true,1,72217
8710908404184,false,דאודורנט ספריי 0% אלומיניום אורגינל דאב,יוניליוור ישראל שיווק בע`מ,IT,DOVE דאו ספריי 150 ML,מיליליטרים,150.00,"100 מ""ל",false,1,19.90,13.2667,true,1,127391
8711327475618,false,מגנום פיינט וניל קלאסיק 260 גר`,"מפעל גלידות בווספרם, רחו",HU,מגנום גלידת שמנת בטעם וניל 440 מל,גרמים,260.00,100 גרם,false,1,30.90,11.8846,true,1,129659
8711327475663,false,מגנום פיינט וניל שוקולד לבן 260 גרם,"מפעל גלידות בווספרם, רחו",HU,מגנום גלידת שמנת בטעם וניל עם שוקולד לבן 440 מל,גרמים,260.00,100 גרם,false,1,30.90,11.8846,true,1,129658
8711327475717,false,מגנום פיינט וניל שקדים 260 גרם,"מפעל גלידות בווספרם, רחו",HU,מגנום גלידת שמנת בטעם וניל עם שקדים 440 מל,גרמים,260.00,100 גרם,false,1,30.90,11.8846,true,1,129660
8711327475762,false,מגנום פיינט שוקולד לבן עוגיות 260 גרם,"מפעל גלידות בווספרם, רחו",HU,מגנום גלידת שמנת שוקולד לבן ועוגיות 440 מל,גרמים,260.00,100 גרם,false,1,30.90,11.8846,true,1,129661
8712000050146,false,"בירה היינקן 0% אלכוהול בקבוק 330 מ""ל","מבשלת היינקן, ריטבלד",NL,"בירה היינקן 0.0 בקבוק 330 מ""ל",מיליליטרים,330.00,"100 מ""ל",false,1,9.90,3.0000,true,1,123778
8712100859939,false,גלידת WICH בצקעוגיות,אווגה,GR,קסטה WICH בצק עוגיות,גרמים,80.00,100 גרם,false,1,13.90,17.3750,true,1,111814
8712561594240,false,"דאב תחליב רחצה להזנה עמוקה500 מ""ל-מרכז",יוניליוור ישראל שיווק בע`מ,DE,דאב תחליב רחצה להזנה עמוקה 500 מל,מיליליטרים,500.00,"100 מ""ל",false,1,19.90,3.9800,true,1,107959
8712561611183,false,דאב סבון נוזלי 500 תמציות מלפפונים ותה,יוניליוור ישראל שיווק בע`מ,DE,דאב תחליב רחצה מלפפון ותה ירוק 500 מל,מיליליטרים,500.00,"100 מ""ל",false,1,19.90,3.9800,true,1,107958
8714599512159,false,קפה נמס ג'קובס מונארך190,"אל.אל.סי ""גייקובס דא",RU,גייקובס מגורען 190 גרם,גרמים,190.00,100 גרם,false,1,28.90,15.2105,true,1,133350
8714789177229,false,רבעיית מברשות שיניים קולגייט אקסטרה קלין 1 יחידה,הנסיך- מפעל לייצור ט,CN,4 מברשות שיניים קולגייט אקסטרה קלין,יחידה,1.00,יחידה,false,1,18.90,18.9000,true,1,21573
8714789582764,false,אג'קס ספריי לניקוי חלונות ומשטחים,הנסיך- מפעל לייצור ט,GR,"אגקס לניקוי חלונות טריגר 750 מ""ל",מיליליטרים,750.00,"100 מ""ל",false,1,16.90,2.2533,true,1,134937
8714789930848,false,"משחת שיניים אופטיק וייט הלבנה מיידית קולגייט 75 מ""ל",איינשטיין-צור יבוא-יצוא וסחר ב,PL,קולגייט משחת שיניים אופטיק הלבנה מיידית 75 מל,מיליליטרים,75.00,"100 מ""ל",false,1,27.60,36.8000,true,1,98536
8715700419732,false,מתבל עגבניות היינץ (700 גרם),דיפלומט מפיצים (1968) בעמ**,NL,היינץ מתבל עגבניות 700 גרם,גרמים,700.00,100 גרם,false,1,14.90,2.1286,true,1,98232
8715800321607,false,חם צוואר צבעוני פרוו,IMPOFIX,,חם צוואר צבעוני פרווה,לא מנהל יחידת מידה,0.00,לא מנהל יחידת מידה,false,1,19.90,0.0000,true,1,125694
8717163647240,false,"אקס דאודורנט ספריי גוף לגבר שוקולד 150 מ""ל",יוניליוור ישראל שיווק בע`מ,TR,אקס דאודורנט ספריי גוף שוקולד 150 מל,מיליליטרים,150.00,"100 מ""ל",false,1,13.90,9.2667,true,1,124016
8717677336616,false,שוקולד מריר עם שקדים ומלח טוניס' שוקולונלי 180 גרם,ליימן שליסל בע`מ,NL,טוניס' שוקולונלי - שוקולד מריר מעולה עם שקדים ומלח,גרמים,180.00,100 גרם,false,1,20.90,11.6111,true,1,133374
8717677336630,false,שוקולד חלב עם שקדים ודבש טוניס' שוקולונלי 180 גרם,ליימן שליסל בע`מ,NL,טוניס' שוקולונלי - שוקולד חלב מעולה עם שקדים ודבש,גרמים,180.00,100 גרם,false,1,20.90,11.6111,true,1,133372
8717677336654,false,טוניס - שוקולד חלב מעולה עם שברי קרמל מלוח,ליימן שליסל בע`מ,NL,טוניס' שוקולונלי - שוקולד חלב עם שברי קרמל מלוח,גרמים,180.00,100 גרם,false,1,20.90,11.6111,true,1,134020
8717677336661,false,טוניס שוקולד מריר מעולה 70% 180 גרם רבנות - נוכרי,ליימן שליסל בע`מ,NL,טוניס' שוקולונלי - שוקולד מריר מעולה 70%,גרמים,180.00,100 גרם,false,1,20.90,11.6111,true,1,133373
8717677338436,false,שוקולד חלב עם אגוזי לוז טוניס' שוקולונלי 180 גרם,ליימן שליסל בע`מ,NL,טוניס' שוקולונלי - שוקולד חלב מעולה,גרמים,180.00,100 גרם,false,1,20.90,11.6111,true,1,133371
8718114724485,false,מיונז לחיץ הלמנס 705,יוניליוור,GB,מיונז הלמנס לחיץ 750 גרם,גרמים,750.00,100 גרם,false,1,24.90,3.3200,true,1,134855
8718951236790,false,"קולגייט טוטאל משחת שיניים קלין מינט לפה בריא 100 מ""ל",קולגייט פלמוליב,PL,טוטל קלין,מיליליטרים,100.00,"100 מ""ל",false,1,19.90,19.9000,true,1,123305
8718951320093,false,זוג מברשות 360 אדוונס וויט שיניים קולגייט,קולגייט-פלמוליב,CN,מברשת שיניים קולגייט 360 אדוונס ווייט זו,יחידה,1.00,יחידה,false,1,37.90,37.9000,true,1,132559
8719200998001,false,מרגרינה לאפיה ובישול בלי מלח 200 ג' בלו בנד,יוניליוור ישראל מזון בע\,IL,בלו בנד עם מלח 200 גרם,גרמים,200.00,100 גרם,false,1,5.50,2.7500,true,1,126520
8719200998018,false,מחמאה מרגרינה בטעם חמאה בלובנד 200 גרם,"מיוצר ע""\י יוניליוור ישר",IL,מרגרינה בטעם חמאה מחמאה 200 גרם,גרמים,200.00,100 גרם,false,1,5.50,2.7500,true,1,72
8720181114489,false,"אקס - דאודורנט ספריי לגבר בלק 150 מ""ל",איינשטיין-צור יבוא-יצוא וסחר ב,GB,"ספריי אקס שחור 150 מ""ל",מיליליטרים,150.00,"100 מ""ל",false,1,13.90,9.2667,true,1,133655
8720181114496,false,"אקס - דאודורנט ספריי לגבר שוקולד 150 מ""ל",איינשטיין-צור יבוא-יצוא וסחר ב,GB,"ספרי גוף אקס שוקולד 150 מ""ל",מיליליטרים,150.00,"100 מ""ל",false,1,13.90,9.2667,true,1,133656
8720573127165,false,סט 4 כוסות מאג פורצל,,,סט 4 כוסות מאג פורצלן 90 מל,יחידה,1.00,יחידה,false,1,24.90,24.9000,true,1,134615
8802241132821,false,חטיף אצות קלויות עם מלח 3 * 13.5 ג',"מאן גו'ן פוד בע""מ",,חטיף אצות 3 יח,גרמים,14.00,100 גרם,false,1,11.90,85.0000,true,1,118061
8815810002043,false,מחמם אוזניים ילדים,IMPOFIX,,מחמם אוזניים ילדים,לא מנהל יחידת מידה,0.00,לא מנהל יחידת מידה,false,1,19.90,0.0000,true,1,125693
8850161160851,false,"קוקו מקס 100% מי קוקוס 350 מ""ל",טויו סייקאן קו.אל.טי.די,TH,"קוקו מקס 100% מי קוקוס 350 מ""ל",מיליליטרים,350.00,"100 מ""ל",false,1,10.50,3.0000,true,1,125851
8850389103111,false,סאפי משקה אלוורה בטעם ענבים 300מל,פארייפאבה אגרואינדוס,TH,"סאפה אלוורה ענבים בקבוק 300 מ""ל",מיליליטרים,300.00,"100 מ""ל",false,1,10.90,3.6333,true,1,43289
8850389103128,false,"משקה קל סאפה בטעם תפוח 300 מ""ל",פארייפאבה אגרואינדוס,TH,"סאפה תפוח בקבוק 300 מ""ל 24 יח",מיליליטרים,300.00,"100 מ""ל",false,1,10.90,3.6333,true,1,43290
8850389104637,false,"משקה קל סאפה אלוורה אפרסק 300 מ""ל",פארייפאבה אגרואינדוס,TH,"סאפה אלוורה אפרסק בקבוק 300 מ""ל",מיליליטרים,300.00,"100 מ""ל",false,1,10.90,3.6333,true,1,62138
8850389105825,false,משקה אלוורה בטעם ענבים סאפה 1 ליטר,סאפה פובליק קומפני לימיט,TH,סאפה משקה אלוורה בטעם ענבים,ליטרים,1.00,ליטר,false,1,18.50,18.5000,true,1,70885
8850389105832,false,סאפה משקה אלוורה בטעם תפוח עם קוביות אלוורה 1 ליטר,סאפה פובליק קומפני לימיט,TH,סאפה תפוח אלוורה בקבוק ליטר,ליטרים,1.00,ליטר,false,1,18.50,18.5000,true,1,73433
8850389105849,false,סאפה משקה אלוורה מופחת קלוריות בטעם אפרסק 1 ליטר,סאפה פובליק קומפני לימיט,TH,סאפה אפרסק אלוורה בקבוק ליטר,ליטרים,1.00,ליטר,false,1,18.50,18.5000,true,1,70886
8850389115312,false,"סאפה אלוורה מלון בקבוק 300 מ""ל",סאפה פובליק קומפני ל,TH,"סאפה אלוורה מלון בקבוק 300 מ""ל",מיליליטרים,330.00,"100 מ""ל",false,1,10.90,3.3030,true,1,117655
8850389115336,false,משקה אלוורה בטעם מלון סאפה 1 ליטר,סאפה פובליק קומפני לימיט,TH,סאפה משקה אלוורה בטעם מלון,ליטרים,1.00,ליטר,false,1,18.50,18.5000,true,1,117656
8850632604259,false,"יוגטה, חיספוסים, ממתק חמוץ בצורת מקלות בטעם תות שדה,50 גרם",ליימן שליסל בע`מ,TH,ממתק תות שדה בצורת מקלות יוגטה 50 גרם,גרמים,50.00,100 גרם,false,1,6.90,13.8000,true,1,67506
8850632604266,false,"יוגטה, ממתק חמוץ בצורת מקלות בטעם קולה, 50 גרם",ליימן שליסל בע`מ,TH,"יוגטה, ממתק חמוץ בצורת מקלות בטעם קולה, 50 גרם",גרמים,50.00,100 גרם,false,1,6.90,13.8000,true,1,67507
8850632604372,false,"יוגטה, חיספוסים בצורת שטיח בטעם תות שדה 50 גרם",ליימן שליסל בע`מ,TH,ממתק תות שדה בצורת שטיח יוגטה 50 גרם,גרמים,50.00,100 גרם,false,1,6.90,13.8000,true,1,67508
8850632604402,false,יוגטה חיספוסים בטעם מעורב תות שדה אבטיח ענבים בננה 50 גרם,ליימן שליסל בע`מ,TH,ממתק תות ענבים בצורת שטיח יוגטה 50 גרם,גרמים,50.00,100 גרם,false,1,6.90,13.8000,true,1,67509
8888021200126,false,סוללות אנרג'יזר מקס AA - מארז 4 יח',אנרג'יזר Energizer,SG,אנרג'ייזר סוללות מקס AA*4,Unknown,0.00,Unknown,false,1,16.90,0.0000,true,1,10886
8888021200164,false,סוללות 1X4 ADVANCED FORMULA AAA ריפרש,אנרג'ייזר,,סוללות אנרגייזר AAA רביעיה,Unknown,0.00,Unknown,false,1,16.90,0.0000,true,1,10887
8901537024014,false,"אורז בסמטי מובחר 1 ק""ג - דוואט) יורה דיעה",ג. וילי-פוד אינטרנשיונל בע`מ,IN,אורז בסמטי 1 DAAWAT קג,קילוגרמים,1.00,"ק""ג",false,1,14.90,14.9000,true,1,73095
8994692446296,false,קונוסים לגלגול 40 חום,צפניה ברזילי בעמ,,קונוס 40 חום,יחידה,1.00,יחידה,false,1,29.90,29.9000,false,1,124568
8994692541038,false,שלישייה קונוסים לגלגול,צפניה ברזילי בעמ,,קונוס לגלגול 3 יחידות,Unknown,0.00,Unknown,false,1,8.90,0.0000,false,1,77992
9002975393836,false,סוכריות גילי הריבו האפי קולה 70 גרם,"האריבו , ג'\י.אם.בי.אייץ",AT,סוכריות גומי בטעם קולה 70 גרם,גרמים,70.00,100 גרם,false,1,8.90,12.7143,true,1,130961
9002975393843,false,סוכריות גילי הריבו גולדברס 70 גרם,"האריבו , ג'\י.אם.בי.אייץ",AT,סוכריות גומי בטעמי פירות דובונים 70 גרם,גרמים,70.00,100 גרם,false,1,8.90,12.7143,true,1,130962
9002975393850,false,סוכריות גילי הריבו וורמס 70 גרם,"האריבו , ג'\י.אם.בי.אייץ",AT,סוכריות גומי בטעמי פירות נחשים 70 גרם,גרמים,70.00,100 גרם,false,1,8.90,12.7143,true,1,130963
9044400841000,false,בובת פז Pez + שלוש יחידות סוכריות למילוי,ר.ב. מוצרי דגנים בעמ,HU,סוכריות פז בובה,גרמים,26.00,100 גרם,false,1,15.90,61.1538,true,1,11553
9310072028743,false,טים טם ביסקוויט במילוי שוקולד 200 גרם,"ארנוטס ביסקוויטס בע""",AU,טים טם אורגינל 200 גר,גרמים,200.00,100 גרם,false,1,24.90,12.4500,true,1,111206
9310072028750,false,חטיף שוקולד דאבל קרם טים טם (200 גרם),"ארנוטס ביסקוויטס בע""",AU,טים טם דאבל 200 גר,גרמים,200.00,100 גרם,false,1,24.90,12.4500,true,1,110834
9322969000046,false,פריכיות תירס שומשום אורגני ריל פודס 150 ג',אף.סי תבליני בגליל ב,AU,ריל פוד פריכיות תירס עם שומשום 150 גרם,גרמים,150.00,100 גרם,false,1,13.90,9.2667,true,1,70637
9421018071508,false,מאד האוס סובינ.בלאן750מל,היכל היין שקד גולן בעמ,NZ,מאד האוס כשר סוביניון בלאן כשר,מיליליטרים,750.00,"100 מ""ל",false,1,64.90,8.6533,true,1,129242
9720188050109,false,ממרח על בסיס סויה בסגנון גבינה טופוטי 225 גרם,החברה המרכזית טלהפצת משקאות בע,IL,טופוטי - ממרח טופו בטעם גבינה - 225 גר,גרמים,225.00,100 גרם,false,1,24.90,11.0667,true,1,12011
