code,internal_code,name,manufacturer_name,manufacture_country,manufacturer_item_description,unit_qty,quantity,unit_of_measure,weighted,qty_in_package,price,unit_of_measure_price,allow_discount,status,item_id
3694228,true,לוגי,Unknown,,לוגי,,0.00,,false,,49.90,0.00,false,1,23342
3694433,true,פיקולו,Unknown,,פיקולו,,0.00,,false,,69.90,0.00,false,1,23343
3694440,true,פיקולינו,Unknown,,פיקולינו,,0.00,,false,,69.90,0.00,false,1,23344
3694594,true,רייס-מרוץ-מורחב,Unknown,,רייס-מרוץ-מורחב,,0.00,,false,,59.90,0.00,false,1,23345
3694617,true,מחוץ לקופסה,Unknown,,מחוץ לקופסה,,0.00,,false,,59.90,0.00,false,1,23346
5077043,true,קלפים-קוקו טאקי,Unknown,,קלפים-קוקו טאקי,,0.00,,false,,59.90,0.00,false,1,5992
5077906,true,אוצר הטבעות,Unknown,,אוצר הטבעות,,0.00,,false,,69.90,0.00,false,1,23347
5579974,true,מקציף חלב שחור,Unknown,,מקציף חלב שחור,,0.00,,false,,299.00,0.00,false,1,25097
5733109,true,מכונית עם שלט,Unknown,,מכונית עם שלט,,0.00,,false,,69.90,0.00,false,1,19995
8000040,true,כובע רחב שוליים-שחור,Unknown,,כובע רחב שוליים-שחור,,0.00,,false,,29.90,0.00,false,1,25865
8000041,true,כ.רחב שוליים-ח.בהיר,Unknown,,כ.רחב שוליים-ח.בהיר,,0.00,,false,,29.90,0.00,false,1,25866
8000042,true,כ.רחב שוליים-ח.כהה,Unknown,,כ.רחב שוליים-ח.כהה,,0.00,,false,,29.90,0.00,false,1,25867
8000061,true,כובע מצחיה-לבן,Unknown,,כובע מצחיה-לבן,,0.00,,false,,24.90,0.00,false,1,25869
10113651,false,בסט טישו בקופסא 150,Unknown,,בסט טישו בקופסא 150,,100.00,יחידה,false,1,7.00,0.07,true,1,19656
10116348,false,מיקס חטיפי עלית 390ג,Unknown,,מיקס חטיפי עלית 390ג,,390.00,100 גרם,false,1,31.90,8.18,true,1,24782
10117864,false,דוריטוס חריף אש 70גר,Unknown,,דוריטוס חריף אש 70גר,,70.00,100 גרם,false,1,7.90,11.29,true,1,9177
10117970,false,סבבה בוטנים 50 גר,Unknown,,סבבה בוטנים 50 גר,,50.00,100 גרם,false,1,3.50,7.00,true,1,5399
10125524,false,עוגת דבש ארוך אנטיקב,Unknown,,עוגת דבש ארוך אנטיקב,,0.00,,false,1,15.90,0.00,false,1,26857
10133574,false,SMART אוכמניות אייס,Unknown,,SMART אוכמניות אייס,,0.00,,false,1,89.90,0.00,false,1,26744
10133581,false,SMART3000 תות אייס,Unknown,,SMART3000 תות אייס,,0.00,,false,1,89.90,0.00,false,1,26742
10133598,false,SMART 3000 Mango,Unknown,,SMART 3000 Mango,,0.00,,false,1,89.90,0.00,false,1,26745
10133604,false,SMART3000 ענבים אייס,Unknown,,SMART3000 ענבים אייס,,0.00,,false,1,89.90,0.00,false,1,26741
10133611,false,SMART3000 פירות אייס,Unknown,,SMART3000 פירות אייס,,0.00,,false,1,89.90,0.00,false,1,26740
10133628,false,SMART 3000 מלון אייס,Unknown,,SMART 3000 מלון אייס,,0.00,,false,1,89.90,0.00,false,1,26746
10237531,false,פפסי 500מל,Unknown,,פפסי 500מל,,500.00,"100 מ""ל",false,1,8.90,1.72,true,1,18851
10237548,false,פפסי מקס בקבוק 500 מ,Unknown,,פפסי מקס בקבוק 500 מ,,500.00,"100 מ""ל",false,1,8.90,1.72,true,1,6138
10237562,false,מירנדה 500מל,Unknown,,מירנדה 500מל,,500.00,"100 מ""ל",false,1,8.90,1.72,true,1,18850
10237579,false,סבן אפ 500מל,Unknown,,סבן אפ 500מל,,500.00,"100 מ""ל",false,1,8.90,1.72,true,1,18849
10237685,false,הייניקן בקבוק 330,Unknown,,הייניקן בקבוק 330,,330.00,"100 מ""ל",false,1,16.90,5.03,true,1,4865
10259977,false,ויליפוד שמן קנולה 1ל,Unknown,,ויליפוד שמן קנולה 1ל,,1.00,1 ליטר,false,1,12.50,12.50,true,1,12207
10328246,false,טחינה שומשום מלא,Unknown,,טחינה שומשום מלא,,500.00,100 גרם,false,1,13.90,2.78,true,1,26725
10464005,false,לורד סלט קוסקוס+ירקו,Unknown,,לורד סלט קוסקוס+ירקו,,350.00,100 גרם,false,1,18.00,5.14,true,1,2818
10464098,false,לורד טוסט צהובה,Unknown,,לורד טוסט צהובה,,220.00,100 גרם,false,1,18.00,8.18,true,1,2827
10464197,false,כריך טונה כשלפ,Unknown,,כריך טונה כשלפ,,0.00,,false,1,18.00,0.00,true,1,9155
10464258,false,כריך פסטרמה-כשלפ,Unknown,,כריך פסטרמה-כשלפ,,0.00,,false,1,18.00,0.00,true,1,3994
10464265,false,כריך ג.צהובה כשלפ,Unknown,,כריך ג.צהובה כשלפ,,0.00,,false,1,18.00,0.00,true,1,9266
10464388,false,לורד מוזלי-בריאות 3%,Unknown,,לורד מוזלי-בריאות 3%,,300.00,100 גרם,false,1,16.00,5.33,true,1,4007
10464968,false,כריך מיני צהובה בדצ,Unknown,,כריך מיני צהובה בדצ,,1.00,יחידה,false,1,11.00,11.00,true,1,13207
10464982,false,לורד סלט פסטה ושרי,Unknown,,לורד סלט פסטה ושרי,,250.00,100 גרם,false,1,18.00,7.20,true,1,13219
10471669,false,דנונה בר תות קורנפלק,Unknown,,דנונה בר תות קורנפלק,,170.00,100 גרם,false,1,6.50,3.82,true,1,4069
10569120,false,גלידה פסק זמןנוגט+קר,Unknown,,גלידה פסק זמןנוגט+קר,,73.00,100 גרם,false,1,11.50,15.75,true,1,4023
10613953,false,דלי מ.לניקוי וחיטוי,Unknown,,דלי מ.לניקוי וחיטוי,,0.00,,false,1,13.90,0.00,false,1,27424
10827480,false,מגבונים לחים פרש72דף,Unknown,,מגבונים לחים FRESH,,72.00,יחידה,false,1,4.90,0.07,true,1,17987
10849505,false,למברוסקו רוסו די לוא,Unknown,,למברוסקו רוסו די לוא,,750.00,"100 מ""ל",false,1,38.00,5.03,true,1,11978
10849512,false,למברוסקו רוזאטו די,Unknown,,למברוסקו רוזאטו די,,750.00,100 גרם,false,1,38.00,5.03,true,1,12773
10849529,false,למברוסקו ביאנקו די ל,Unknown,,למברוסקו ביאנקו די ל,,750.00,"100 מ""ל",false,1,38.00,5.03,false,1,13938
10945146,false,קוטג טרה 140 גר,Unknown,,קוטג טרה 140 גר,,140.00,100 גרם,false,1,5.90,4.21,true,1,16445
10945306,false,חלב טרה קרטון 3% 2ל,Unknown,,חלב טרה קרטון 3% 2ל,,2.00,1 ליטר,false,1,12.46,6.23,true,1,24894
10945481,false,גבינה לבנה טרה 5%,Unknown,,גבינה לבנה טרה 5%,,520.00,100 גרם,false,1,9.96,1.92,true,1,24891
11017866,false,קוקה קולה סליק פחית,Unknown,,קוקה קולה סליק פחית,,330.00,"100 מ""ל",false,1,8.90,2.61,true,1,14772
11017873,false,קולה זירו סליק פחית,Unknown,,קולה זירו סליק פחית,,330.00,"100 מ""ל",false,1,8.90,2.61,true,1,14774
11017880,false,קולה דיאט סליק פחית,Unknown,,קולה דיאט סליק פחית,,330.00,"100 מ""ל",false,1,8.90,2.61,true,1,14773
11018184,false,פיוז טי אפרסק 0.5 ל,Unknown,,פיוז טי אפרסק 0.5 ל,,500.00,"100 מ""ל",false,1,9.90,1.92,true,1,14720
11018214,false,פיוז טי מנגו אננס0.5,Unknown,,פיוז טי מנגו אננס0.5,,500.00,"100 מ""ל",false,1,9.90,1.92,true,1,14723
11018443,false,פאנטה אורנג סליק,Unknown,,פאנטה אורנג סליק,,330.00,"100 מ""ל",false,1,8.90,2.61,true,1,27187
11018832,false,מארז 6 קוקה קולה,Unknown,,מארז 6 קוקה קולה,,1.98,1 ליטר,false,1,27.90,13.18,true,1,18121
11018917,false,מארז 6 קולה ZERO,Unknown,,מארז 6 קולה ZERO,,1.98,1 ליטר,false,1,26.60,12.53,true,1,18122
11018924,false,מארז6 דיאט קוקה קולה,Unknown,,מארז6 דיאט קוקה קולה,,1.98,1 ליטר,false,1,26.60,12.53,true,1,18123
11051358,false,שוופס סודה לימון 250,Unknown,,שוופס סודה לימון 250,,250.00,"100 מ""ל",false,1,6.90,2.64,true,1,7313
11051433,false,שוופס אפרסק 0.5 מוגז,Unknown,,שוופס אפרסק 0.5 מוגז,,500.00,"100 מ""ל",false,1,10.90,2.12,true,1,7703
11051440,false,שוופס פירות יער 0.5,Unknown,,שוופס פירות יער 0.5,,500.00,"100 מ""ל",false,1,10.90,2.12,true,1,7704
11081492,false,קרמיסימו שלושה שוקול,Unknown,,קרמיסימו שלושה שוקול,,1.33,1 ליטר,false,1,25.00,18.80,true,1,9076
11081690,false,קרמיסימו וניל ציפ,Unknown,,קרמיסימו וניל ציפ,,1.33,1 ליטר,false,1,25.00,18.80,true,1,9081
11126469,false,תה קמומיל ודבש,Unknown,,תה קמומיל ודבש,,25.00,יחידה,false,1,25.90,1.04,true,1,27206
11132552,false,בירת פלאונר 330*4,Unknown,,בירת פלאונר 330*4,,1.32,1 ליטר,false,1,34.90,25.53,true,1,26769
11133368,false,מכבי ת.שנדי*6 330 מל,Unknown,,מכבי ת.שנדי*6 330 מל,,1.98,1 ליטר,false,1,49.90,24.29,true,1,26339
11133634,false,פפסי מקס 330*6 כשלפ,Unknown,,פפסי מקס 330*6 כשלפ,,1.98,1 ליטר,false,1,19.90,9.14,true,1,25799
11194215,false,דניאלה בננה 100 גר,Unknown,,דניאלה בננה 100 גר,,150.00,"100 מ""ל",false,1,4.50,3.00,true,1,5840
11194246,false,שטראוס קוטג5% סידן,Unknown,,שטראוס קוטג5% סידן,,250.00,100 גרם,false,1,6.10,2.44,true,1,6270
11239213,false,חטיף מרמלדה,Unknown,,חטיף מרמלדה,,100.00,100 גרם,false,1,6.90,6.90,true,1,27301
11239640,false,חטיף בוטנים,Unknown,,חטיף בוטנים,,100.00,100 גרם,false,1,6.90,6.90,true,1,27302
11239657,false,חטיף שומשום,Unknown,,חטיף שומשום,,100.00,100 גרם,false,1,6.90,6.90,true,1,27303
11239664,false,חטיף קוקוס,Unknown,,חטיף קוקוס,,0.00,,false,1,6.90,0.00,false,1,27304
11256845,false,סט צידניות קשיחות,Unknown,,סט צידניות קשיחות,,0.00,,false,1,199.00,0.00,true,1,22775
11297091,true,פינגאן להכנת קפה,Unknown,,פינגאן להכנת קפה,,0.00,,false,,179.00,0.00,false,1,25085
11297978,true,מכשיר קרפ/ בלינצס,Unknown,,מכשיר קרפ/ בלינצס,,0.00,,false,,139.00,0.00,false,1,25083
11402129,false,ציפס פלחים קילו,Unknown,,ציפס פלחים קילו,,1.00,"1 ק""ג",false,1,18.00,18.00,true,1,26610
11431396,false,צלחות קטן צבעוני,Unknown,,צלחות קטן צבעוני,,25.00,יחידה,false,1,9.90,0.40,false,1,22853
11431419,false,צלחות גדול צבעוני,Unknown,,צלחות גדול צבעוני,,25.00,יחידה,false,1,16.90,0.68,true,1,24015
11438142,false,יטבתה קפה קר בקבוק,Unknown,,יטבתה קפה קר בקבוק,,350.00,"100 מ""ל",false,1,7.50,2.14,true,1,7449
11515683,false,מאגדת אקסטרים וניל,Unknown,,מאגדת אקסטרים וניל,,432.00,100 גרם,false,1,36.90,8.54,true,1,17327
11515911,false,מאגדת לייט ר.חלב,Unknown,,מאגדת לייט ר.חלב,,312.00,100 גרם,false,1,30.90,9.90,true,1,17328
11714871,false,בליסטיקס פטל לימון,Unknown,,בליסטיקס פטל לימון,,4.25,100 גרם,false,1,11.00,258.82,true,1,19386
11778118,false,12 ביצים טריות L בפי,Unknown,,12 ביצים טריות L בפי,,12.00,יחידה,false,1,12.05,1.00,false,1,24840
11778125,false,12 ביצים טריות M בפי,Unknown,,12 ביצים טריות M בפי,,12.00,יחידה,false,1,11.15,0.93,false,1,24841
11778132,false,12 ביצים טריות XL בפ,Unknown,,12 ביצים טריות XL בפ,,12.00,יחידה,false,1,13.10,1.09,false,1,24842
11778354,false,תבנית חופש 20L,Unknown,,תבנית חופש 20L,,20.00,יחידה,false,1,31.90,1.60,true,1,23993
11778378,false,12 ביצים אומגה 3 L,Unknown,,12 ביצים אומגה 3 L,,12.00,יחידה,false,1,21.00,1.75,true,1,24843
11778385,false,ת.ביצים XL אומגה 3,Unknown,,ת.ביצים XL אומגה 3,,12.00,יחידה,false,1,39.00,3.25,true,1,24845
11778491,false,שישית ביצי אומגה,Unknown,,שישית ביצי אומגה,,6.00,יחידה,false,1,14.00,2.33,true,1,24178
11870249,false,פוגיקום 12 סוללוAAA,Unknown,,פוגיקום 12 סוללוAAA,,12.00,יחידה,false,1,19.80,1.65,true,1,14102
11870270,false,פוגיקום 12 סוללותAA,Unknown,,פוגיקום 12 סוללותAA,,12.00,יחידה,false,1,19.80,1.65,true,1,14101
11870720,false,פוגיקום סוללה D,Unknown,,פוגיקום סוללה D,,0.00,,false,1,19.90,0.00,true,1,17997
11870737,false,פוגיקום סוללה C,Unknown,,פוגיקום סוללה C,,0.00,,false,1,19.90,0.00,true,1,17996
11870744,false,פוגיקום סוללה 9וולט,Unknown,,פוגיקום סוללה 9וולט,,0.00,,false,1,14.90,0.00,true,1,16040
11947309,false,זית סורי לימון כבוש,Unknown,,זית סורי לימון כבוש,,230.00,100 גרם,false,1,16.00,6.96,true,1,27207
11947316,false,זיתי קלמטה 215 גרם,Unknown,,זיתי קלמטה 215 גרם,,215.00,100 גרם,false,1,16.00,7.44,true,1,27208
12031137,false,ל.מ מושן נייט,Unknown,,ל.מ מושן נייט,,0.00,,false,1,27.00,0.00,false,1,21850
12031151,false,ל.מ מושן בלו,Unknown,,ל.מ מושן בלו,,0.00,,false,1,27.00,0.00,false,1,21852
12040283,false,ל.מ נייט מושייןPP,Unknown,,ל.מ נייט מושייןPP,,0.00,,false,1,260.00,0.00,false,1,22265
12116629,false,סנודי ילדים רולאון,Unknown,,סנודי ילדים רולאון,,50.00,"100 מ""ל",false,1,22.90,45.80,true,1,19387
12191091,false,מדליק פחם מוצק,Unknown,,מדליק פחם מוצק,,20.00,יחידה,false,1,7.00,0.35,false,1,23314
12227974,false,פסטרמה בדבש דק 120ג,Unknown,,פסטרמה בדבש דק 120ג,,120.00,100 גרם,false,1,18.90,15.75,false,1,26983
12404177,false,שוופס פרוטס תפוח330,Unknown,,שוופס פרוטס תפוח330,,330.00,"100 מ""ל",false,1,9.90,2.91,true,1,11607
12404184,false,שוופס פרוטס לימונ330,Unknown,,שוופס פרוטס לימונ330,,330.00,"100 מ""ל",false,1,9.90,2.91,true,1,16335
12525452,false,אקסטרים טילון ש.וניל,Unknown,,אקסטרים טילון ש.וניל,,70.00,100 גרם,false,1,10.90,15.57,true,1,12039
12553011,false,מדליק פחם נוזלי,Unknown,,מדליק פחם נוזלי,,0.00,,false,1,15.00,0.00,false,1,27140
12576607,false,פרמיר קברנה סוביניון,Unknown,,פרמיר קברנה סוביניון,,750.00,"100 מ""ל",false,1,33.00,4.36,true,1,24403
12588242,false,מים כדורגל 500*6,Unknown,,מים כדורגל 500*6,,3.00,1 ליטר,false,1,11.90,3.37,true,1,26770
12588570,false,ווטר בוקס 500 מל,Unknown,,ווטר בוקס 500 מל,,500.00,"100 מ""ל",false,1,7.90,1.52,true,1,26991
12588617,false,מארז 2 גטורייד+בק,Unknown,,מארז 2 גטורייד+בק,,1.00,1 ליטר,false,1,49.90,49.30,true,1,26771
12588907,false,איילנד גויאבה 300מל,Unknown,,איילנד גויאבה 300מל,,350.00,"100 מ""ל",false,1,9.90,2.74,true,1,27157
12588914,false,איילנד מנגו 300מל,Unknown,,איילנד מנגו 300מל,,350.00,"100 מ""ל",false,1,9.90,2.74,true,1,27158
12600036,false,פחם 2 קג,Unknown,,פחם 2 קג,,2.00,"1 ק""ג",false,1,20.00,10.00,true,1,23235
12759017,false,מארז קשיו שקד פיסטוק,Unknown,,מארז קשיו שקד פיסטוק,,50.00,100 גרם,false,1,9.90,19.80,true,1,26113
12759024,false,מארז חמוציות א.מלך,Unknown,,מארז חמוציות א.מלך,,55.00,100 גרם,false,1,9.90,18.00,true,1,26114
12759031,false,מארז ח.בננה פקאן,Unknown,,מארז ח.בננה פקאן,,51.00,100 גרם,false,1,9.90,19.41,true,1,26115
12759215,false,מארז קינואה אגוזים,Unknown,,מארז קינואה אגוזים,,53.00,100 גרם,false,1,9.90,18.68,true,1,26116
12759468,false,מארז ח.חמאת בוטנים,Unknown,,מארז ח.חמאת בוטנים,,54.00,100 גרם,false,1,9.90,18.33,true,1,26117
12759475,false,חטיף קינואה אננס,Unknown,,חטיף קינואה אננס,,57.00,100 גרם,false,1,9.90,17.37,true,1,26118
12759635,false,רגע פינוק כדורי קקאו,Unknown,,רגע פינוק כדורי קקאו,,60.00,100 גרם,false,1,9.90,16.50,true,1,26119
12759710,false,חטיף בראוניז ת.קוקוס,Unknown,,חטיף בראוניז ת.קוקוס,,56.00,100 גרם,false,1,9.90,17.68,true,1,26120
12759727,false,חטיף בראוניז ת.פקאן,Unknown,,חטיף בראוניז ת.פקאן,,52.00,100 גרם,false,1,9.90,19.04,true,1,26121
12759949,false,חטיף חלבון תמר לוז,Unknown,,חטיף חלבון תמר לוז,,58.00,100 גרם,false,1,9.90,17.07,true,1,26122
12759956,false,חטיף חלבון תמר פקאן,Unknown,,חטיף חלבון תמר פקאן,,59.00,100 גרם,false,1,9.90,16.78,true,1,26123
13117212,false,מעדנות ב. פילו גבינה,Unknown,,מעדנות ב. פילו גבינה,,600.00,100 גרם,false,1,25.90,4.32,true,1,27125
13117229,false,מעדנות ב.פילו תפוא,Unknown,,מעדנות ב.פילו תפוא,,600.00,100 גרם,false,1,25.90,4.32,true,1,27099
13145178,false,קוקוס טחון לבן 100גר,Unknown,,קוקוס טחון לבן 100גר,,100.00,100 גרם,false,1,5.00,5.00,true,1,22071
13145840,false,סוכר וניל 10יחבצלופן,Unknown,,סוכר וניל 10יחבצלופן,,100.00,100 גרם,false,1,3.00,3.00,true,1,22072
13145857,false,אבקת אפיה 10יחבצלופן,Unknown,,אבקת אפיה 10יחבצלופן,,100.00,100 גרם,false,1,3.00,3.00,true,1,22073
13145918,false,אבקת סוכר,Unknown,,אבקת סוכר,,100.00,100 גרם,false,1,3.00,3.00,true,1,22074
13153432,false,פריגת סחוט לימונדה,Unknown,,פריגת סחוט לימונדה,,400.00,"100 מ""ל",false,1,12.90,3.15,true,1,17658
13153616,false,פריגת בוסט סלק 400,Unknown,,פריגת בוסט סלק 400,,400.00,"100 מ""ל",false,1,10.00,2.42,true,1,22080
13267665,false,מאגדת סולרו טרופי,Unknown,,מאגדת סולרו טרופי,,295.00,100 גרם,false,1,27.00,9.15,true,1,26040
13440648,false,מאגדת אבטיח 5יח,Unknown,,מאגדת אבטיח 5יח,,540.00,100 גרם,false,1,26.90,4.98,true,1,17330
13583185,false,5 מטר - מטר,Unknown,,5 מטר - מטר,,0.00,,false,1,10.00,0.00,true,1,15341
13585233,false,ספרייט ZERO סליק,Unknown,,ספרייט ZERO סליק,,330.00,"100 מ""ל",false,1,8.90,2.61,true,1,27188
13585257,false,ספרייט זירו 500 מל,Unknown,,ספרייט זירו 500 מל,,500.00,"100 מ""ל",false,1,9.90,1.92,true,1,17132
13585387,false,קוקה קולה זירו 1ל,Unknown,,קוקה קולה זירו 1ל,,1.00,1 ליטר,false,1,10.90,10.60,true,1,17045
13585394,false,קוקה קולה 1 ל,Unknown,,קוקה קולה 1 ל,,1.00,1 ליטר,false,1,10.90,10.60,true,1,17044
13585653,false,פריגת אסקטרה אננס,Unknown,,פריגת אסקטרה אננס,,420.00,"100 מ""ל",false,1,10.00,2.31,true,1,19065
13585677,false,פריגת אקסטרה מנגו,Unknown,,פריגת אקסטרה מנגו,,420.00,"100 מ""ל",false,1,10.00,2.31,true,1,19056
13585899,false,ויסוצקי ICE לימונית,Unknown,,ויסוצקי ICE לימונית,,350.00,"100 מ""ל",false,1,7.90,2.17,true,1,18027
13586285,false,ויסוצקי ICE נענע,Unknown,,ויסוצקי ICE נענע,,350.00,"100 מ""ל",false,1,7.90,2.17,true,1,18028
13608260,false,מיץ רימונים סחוט טרי,Unknown,,מיץ רימונים סחוט טרי,,1.00,1 ליטר,false,1,22.90,22.60,true,1,25410
13668134,false,צידנית קשיחה 32 ל,Unknown,,צידנית קשיחה 32 ל,,0.00,,false,1,149.00,0.00,false,1,23224
13668141,false,גריקן מים 6 ליטרים,Unknown,,גריקן מים 6 ליטרים,,0.00,,false,1,59.00,0.00,true,1,22605
13668509,false,צידנית קשיחה 11 ל,Unknown,,צידנית קשיחה 11 ל,,0.00,,false,1,99.00,0.00,false,1,23225
13668516,false,קלקר מים לטיולים חדש,Unknown,,קלקר מים לטיולים חדש,,0.00,,false,1,34.90,0.00,false,1,24582
13702418,false,שוופס מוגז עדין אפרס,Unknown,,שוופס מוגז עדין אפרס,,330.00,"100 מ""ל",false,1,8.00,2.33,true,1,18776
13702425,false,שוופס פרוטס פ.יער,Unknown,,שוופס פרוטס פ.יער,,330.00,"100 מ""ל",false,1,9.90,2.91,true,1,18777
13702708,false,שוופס פרוטס אננס 330,Unknown,,שוופס פרוטס אננס 330,,330.00,"100 מ""ל",false,1,9.90,2.91,true,1,18429
13726001,false,לורד טונה שמינייה,Unknown,,לורד טונה שמינייה,,230.00,100 גרם,false,1,18.00,7.83,true,1,14140
13726025,false,לורד ג.צהובה שמינייה,Unknown,,לורד ג.צהובה שמינייה,,210.00,100 גרם,false,1,18.00,8.57,true,1,14141
13726100,false,לורד טוניסאי שמינייה,Unknown,,לורד טוניסאי שמינייה,,250.00,100 גרם,false,1,18.00,7.20,true,1,14138
13726124,false,לורד שניצל שמינייה,Unknown,,לורד שניצל שמינייה,,260.00,100 גרם,false,1,18.00,6.92,true,1,14139
13726179,false,לורד כריך מיני טונה,Unknown,,לורד כריך מיני טונה,,1.00,יחידה,false,1,11.00,11.00,true,1,14279
13847812,false,סטארקיסט בשמן זית,Unknown,,סטארקיסט בשמן זית,,140.00,100 גרם,false,1,10.90,7.79,true,1,22455
13906052,false,טירת צבי נקניקיות,Unknown,,טירת צבי נקניקיות,,300.00,100 גרם,false,1,18.00,6.00,true,1,27082
13906441,false,ט.צבי קבנוס 120 ג,Unknown,,ט.צבי קבנוס 120 ג,,120.00,100 גרם,false,1,13.50,11.25,true,1,20606
13906458,false,ט.צבי קבנוס פיקנטי,Unknown,,ט.צבי קבנוס פיקנטי,,120.00,100 גרם,false,1,13.50,11.25,true,1,25493
13906489,false,חטיפי מיני קבנוס,Unknown,,חטיפי מיני קבנוס,,120.00,100 גרם,false,1,13.50,11.25,true,1,25880
13971555,false,מארז ס.קומבו AA/AAA,Unknown,,מארז ס.קומבו AA/AAA,,0.00,,false,1,19.80,0.00,false,1,21776
14002203,false,חליטת לימונית לואיזה,Unknown,,חליטת לימונית לואיזה,,25.00,יחידה,false,1,25.90,1.04,false,1,27183
14218932,false,חטיפי פיצה עם זיתים,Unknown,,חטיפי פיצה עם זיתים,,710.00,100 גרם,false,1,42.90,6.04,true,1,27243
14256637,false,מוסקטו BUzZ,Unknown,,מוסקטו BUzZ,,750.00,"100 מ""ל",false,1,35.00,4.63,true,1,18431
14459632,false,ציפס טוגן 8*1.5קג,Unknown,,ציפס טוגן 8*1.5קג,,1.50,"1 ק""ג",false,1,24.90,16.60,true,1,27150
14459854,false,ציפס קלאסי 1.5 קג,Unknown,,ציפס קלאסי 1.5 קג,,1.50,"1 ק""ג",false,1,18.00,12.00,true,1,24978
14459939,false,טוגן ציפס 1.7קג,Unknown,,טוגן ציפס 1.7קג,,1.70,"1 ק""ג",false,1,28.90,17.00,true,1,24979
14466128,false,ירדן הר חרמון אינדיג,Unknown,,ירדן הר חרמון אינדיג,,750.00,"100 מ""ל",false,1,44.90,5.95,true,1,15135
14466463,false,הר חרמון מוסקטו,Unknown,,הר חרמון מוסקטו,,750.00,"100 מ""ל",false,1,44.90,5.95,true,1,26352
14466609,false,יין גמלא מרלו,Unknown,,יין גמלא מרלו,,750.00,"100 מ""ל",false,1,80.00,10.63,true,1,24404
14503137,false,כנען אדום -דלתון,Unknown,,כנען אדום -דלתון,,750.00,"100 מ""ל",false,1,50.00,6.63,true,1,18530
14503144,false,כנען לבן - דלתון,Unknown,,כנען לבן - דלתון,,750.00,"100 מ""ל",false,1,50.00,6.63,true,1,21326
14553040,false,תרסיס גז פלפל,Unknown,,תרסיס גז פלפל,,0.00,,false,1,59.00,0.00,false,1,25948
14581036,false,פחם 2 קג להבה,Unknown,,פחם 2 קג להבה,,2.00,"1 ק""ג",false,1,21.90,10.95,false,1,26125
14603028,false,סולרו תות יחידתי,Unknown,,סולרו תות יחידתי,,76.00,100 גרם,false,1,12.90,16.97,true,1,15121
14603776,false,קרמבו וניל 20 יח,Unknown,,קרמבו וניל 20 יח,,584.00,100 גרם,false,1,44.90,7.69,true,1,16493
14603783,false,קרמבו מוקה 20 יח,Unknown,,קרמבו מוקה 20 יח,,584.00,100 גרם,false,1,44.90,7.69,true,1,16494
14758162,false,תנובה חלב עיזים 1ל,Unknown,,תנובה חלב עיזים 1ל,,1.00,1 ליטר,false,1,17.90,17.90,true,1,26479
14758681,false,קוטג תנובה 1% 250ג,Unknown,,קוטג תנובה 1% 250ג,,250.00,100 גרם,false,1,6.00,2.40,true,1,26937
14759084,false,נפוליאון 16% 225גר,Unknown,,נפוליאון 16% 225גר,,225.00,100 גרם,false,1,15.90,7.07,true,1,26922
14759909,false,פ.פטה עזים פיראוס,Unknown,,פ.פטה עזים פיראוס,,250.00,100 גרם,false,1,31.90,12.76,true,1,26965
14759978,false,קצקבל גלעד 27% פלח 2,Unknown,,גבינת קולאז קצקבל,,200.00,100 גרם,false,1,30.00,15.00,true,1,26982
14759985,false,גבינת קולאז פרמזן,Unknown,,גבינת קולאז פרמזן,,200.00,100 גרם,false,1,27.90,13.95,true,1,25878
14759992,false,פלח רוקפור גליל 27%,Unknown,,רוקפור פלח 140ג,,140.00,100 גרם,false,1,21.90,15.64,true,1,26942
14760141,false,משקה שקדים טרי 1 ל,Unknown,,משקה שקדים טרי 1 ל,,1.00,1 ליטר,false,1,14.70,14.70,true,1,22526
14761056,false,YOLO שוקולד חלב,Unknown,,YOLO שוקולד חלב,,123.00,100 גרם,false,1,5.50,4.47,true,1,16822
14761070,false,יולו שוקולד לבן,Unknown,,יולו שוקולד לבן,,123.00,100 גרם,false,1,5.80,4.72,true,1,16821
14761414,false,YOLO שוקולד חלב ולבן,Unknown,,YOLO שוקולד חלב ולבן,,123.00,100 גרם,false,1,5.50,4.47,true,1,16824
14761612,false,YOLO שכבות מריר ולבן,Unknown,,YOLO שכבות מריר ולבן,,122.00,100 גרם,false,1,5.80,4.75,true,1,19256
14762756,false,נפוליאון ע.בצל 225 ג,Unknown,,נפוליאון ע.בצל 225 ג,,225.00,100 גרם,false,1,15.90,7.07,true,1,26704
14762800,false,מעדן סויה ט.שוקולד,Unknown,,מעדן סויה ט.שוקולד,,125.00,"100 מ""ל",false,1,5.30,4.24,true,1,26724
14762831,false,נפוליאון פ. חליפינו,Unknown,,נפוליאון פ. חליפינו,,200.00,100 גרם,false,1,15.90,7.95,true,1,26705
14762909,false,ה.הלבן פתיתי מוצרלה,Unknown,,ה.הלבן פתיתי מוצרלה,,200.00,100 גרם,false,1,19.00,9.50,true,1,26923
14785991,false,רוטב סויה ל.גלוטן,Unknown,,רוטב סויה ל.גלוטן,,500.00,"100 מ""ל",false,1,15.90,3.18,true,1,27298
14791336,false,מי עדן 1 לי,Unknown,,מי עדן 1 ל,,1.00,1 ליטר,false,1,8.90,8.60,true,1,18153
14791572,false,שוופס ענבים מוגז 330,Unknown,,שוופס ענבים מוגז 330,,330.00,"100 מ""ל",false,1,9.90,2.91,true,1,17159
14791626,false,שוופס סודה נענע ליים,Unknown,,שוופס סודה נענע ליים,,250.00,"100 מ""ל",false,1,6.90,2.64,true,1,17090
14791848,false,פרוט ווטר אננס 0.5 ל,Unknown,,פרוט ווטר אננס 0.5 ל,,500.00,"100 מ""ל",false,1,10.90,2.12,false,1,17251
14791879,false,פרוט ווטר אבטיח 0.5,Unknown,,פרוט ווטר אבטיח 0.5,,500.00,"100 מ""ל",false,1,10.90,2.12,true,1,17250
14821057,false,כבל אודיו AUX,Unknown,,כבל אודיו AUX,,0.00,,false,1,32.90,0.00,true,1,20376
14821064,false,כבל סנכרון MICRO USB,Unknown,,כבל סנכרון MICRO USB,,0.00,,false,1,34.90,0.00,true,1,20377
14821088,false,כבל סנכרון+טעינה איפ,Unknown,,כבל סנכרון+טעינה איפ,,0.00,,false,1,49.90,0.00,true,1,20378
14821095,false,מטעו רכב איפון 6,Unknown,,מטעו רכב איפון 6,,0.00,,false,1,79.90,0.00,false,1,20379
14821101,false,מעמד לרכב-לבן,Unknown,,מעמד לרכב-לבן,,0.00,,false,1,99.90,0.00,false,1,15580
14821118,false,מעמד לרכב-שחור,Unknown,,מעמד לרכב-שחור,,0.00,,false,1,99.90,0.00,false,1,15579
14821347,false,אוזניות כפתור ARTOS,Unknown,,אוזניות כפתור ARTOS,,0.00,,false,1,54.90,0.00,false,1,15798
14821507,false,מטען קיר איפון 6,Unknown,,מטען קיר איפון 6,,0.00,,false,1,79.90,0.00,false,1,20380
14821569,false,כבל סנכרון אלומניום,Unknown,,כבל סנכרון אלומניום,,0.00,,false,1,34.90,0.00,false,1,20385
14821682,false,זרוע א. TOUCH צהוב,Unknown,,זרוע א. TOUCH צהוב,,0.00,,false,1,49.00,0.00,false,1,22329
14821699,false,זרוע לרכב,Unknown,,זרוע לרכב,,0.00,,false,1,49.00,0.00,true,1,22296
14890183,false,ציידנית משפ נוספת,Unknown,,ציידנית משפ נוספת,,0.00,,false,1,119.00,0.00,false,1,26449
14910461,false,ערק יודה 40% 700 מל,Unknown,,ערק יודה 40% 700 מל,,700.00,"100 מ""ל",false,1,69.90,9.94,false,1,25086
14961203,false,לורד שווארמה שמינייה,Unknown,,לורד שווארמה שמינייה,,270.00,100 גרם,false,1,18.00,6.67,true,1,15753
14961258,false,לורד-דאבל פסטרמה+בקר,Unknown,,לורד-דאבל פסטרמה+בקר,,240.00,100 גרם,false,1,18.00,7.50,true,1,16770
14961265,false,לורד ביצה קשה שמיניי,Unknown,,לורד ביצה קשה שמיניי,,0.00,,false,1,18.00,0.00,true,1,16769
15008020,false,נרות נשמה,Unknown,,נרות נשמה,,1.00,יחידה,false,1,2.50,2.50,false,1,22863
15008273,false,כוסות פלסטיק,Unknown,,כוסות פלסטיק,,100.00,יחידה,false,1,13.90,0.14,false,1,22860
15008280,false,נייר אפיה 50 דף,Unknown,,נייר אפיה 50 דף,,50.00,יחידה,false,1,12.00,0.24,false,1,22864
15008372,false,כוסות קרטון 50 יח,Unknown,,כוסות קרטון 50 יח,,50.00,יחידה,false,1,12.90,0.26,false,1,22858
15008655,false,כפות 50 יח,Unknown,,כפות 50 יח,,50.00,יחידה,false,1,11.90,0.24,false,1,22854
15008662,false,מזלג 50 יח,Unknown,,מזלג 50 יח,,50.00,יחידה,false,1,10.90,0.22,false,1,22856
15008679,false,סכין 50 יח,Unknown,,סכין 50 יח,,50.00,יחידה,false,1,10.90,0.22,false,1,22857
15008686,false,כפיות 50 יח,Unknown,,כפיות 50 יח,,50.00,יחידה,false,1,8.90,0.18,false,1,22855
15008693,false,צלחות ענק צבעוני,Unknown,,צלחות ענק צבעוני,,25.00,יחידה,false,1,22.90,0.92,false,1,22852
15253321,false,פחם AFRICAN BBQ,Unknown,,פחם AFRICAN BBQ,,1.00,יחידה,false,1,21.90,21.90,false,1,26274
15341004,false,עוגיות שקדים Emma,Unknown,,עוגיות שקדים Emma,,85.00,100 גרם,false,1,9.90,11.65,true,1,19985
15341011,false,עוגיות גרנולה Emma,Unknown,,עוגיות גרנולה Emma,,85.00,100 גרם,false,1,9.90,11.65,true,1,19986
15341028,false,עוגיות שוקו ציפס,Unknown,,עוגיות שוקו ציפס,,85.00,100 גרם,false,1,9.90,11.65,true,1,19987
15341097,false,בייגלה טבעי Emma,Unknown,,בייגלה טבעי Emma,,85.00,100 גרם,false,1,9.90,11.65,true,1,20295
15366670,false,אקווה פרש מ.שיניים,Unknown,,אקווה פרש מ.שיניים,,100.00,"100 מ""ל",false,1,7.90,7.90,true,1,19162
15446242,false,אולאין חטיף ק.עוגיות,Unknown,,אולאין חטיף ק.עוגיות,,50.00,100 גרם,false,1,8.00,16.00,true,1,22077
15446341,false,אולאין ח.בננה טופי,Unknown,,אולאין ח.בננה טופי,,60.00,100 גרם,false,1,8.00,13.33,true,1,22078
15446495,false,אולאין שוקולד פאדג,Unknown,,אולאין שוקולד פאדג,,100.00,100 גרם,false,1,20.00,20.00,true,1,24615
15446921,false,אול אין קרמל מלוח,Unknown,,אול אין קרמל מלוח,,60.00,100 גרם,false,1,8.00,13.33,true,1,24611
15475013,false,פחם 2 קג בשקית נייר,Unknown,,פחם 2 קג בשקית נייר,,2.00,"1 ק""ג",false,1,20.00,10.00,true,1,20221
15493192,false,נביעות+פרי אבטיח0.5,Unknown,,נביעות+פרי אבטיח0.5,,500.00,"100 מ""ל",false,1,9.90,1.92,true,1,20464
15493208,false,נביעות+פרי אננס 0.5,Unknown,,נביעות+פרי אננס 0.5,,500.00,"100 מ""ל",false,1,7.90,1.52,true,1,20465
15500357,false,מדליק פחם נוזלי,Unknown,,מדליק פחם נוזלי,,200.00,יחידה,false,1,15.00,0.08,false,1,22867
15519144,false,מטען קיר GALAXY,Unknown,,מטען קיר GALAXY,,0.00,,false,1,52.90,0.00,true,1,20381
15519205,false,מעמד מגנטי לסלולרי,Unknown,,מעמד מגנטי לסלולרי,,0.00,,false,1,29.90,0.00,false,1,16725
15519298,false,אוהל זוגי CAMP & GO,Unknown,,אוהל זוגי CAMP & GO,,0.00,,false,1,100.00,0.00,true,1,16912
15519304,false,אוהל ל-4 אנשים,Unknown,,אוהל ל-4 אנשים,,0.00,,false,1,129.00,0.00,true,1,16913
15519311,false,אוהל ל-6 אנשים,Unknown,,אוהל ל-6 אנשים,,0.00,,false,1,199.00,0.00,true,1,16914
15519335,false,שק שינה ירוק,Unknown,,שק שינה ירוק,,0.00,,false,1,69.00,0.00,true,1,16915
15519359,false,מיטה מתנפחת ליחיד,Unknown,,מיטה מתנפחת ליחיד,,0.00,,false,1,79.00,0.00,true,1,16916
15519434,false,מזרן קמפינג 0.7,Unknown,,מזרן קמפינג 0.7,,0.00,,false,1,29.00,0.00,true,1,16920
15519526,false,כסא במאי-ירוק,Unknown,,כסא במאי-ירוק,,0.00,,false,1,69.00,0.00,true,1,16923
15519533,false,כסא ים -ירוק\כחול,Unknown,,כסא ים -ירוק\כחול,,0.00,,false,1,69.00,0.00,true,1,21327
15519656,false,צידנית רכה 24ל-אפור,Unknown,,צידנית רכה 24ל-אפור,,0.00,,false,1,49.00,0.00,true,1,16962
15519694,false,חצובה + 2 פנסים,Unknown,,חצובה + 2 פנסים,,0.00,,false,1,299.00,0.00,false,1,17112
15519717,false,פרוזקטור נטען 10W,Unknown,,פרוזקטור נטען 10W,,0.00,,false,1,99.00,0.00,true,1,17900
15519793,false,מחצלת 2*3 CAMP & GO,Unknown,,מחצלת 2*3 CAMP & GO,,0.00,,false,1,50.00,0.00,true,1,16925
15519809,false,מחצלת 3*3 CAMP & GO,Unknown,,מחצלת 3*3 CAMP & GO,,0.00,,false,1,99.00,0.00,true,1,16926
15519816,false,מזרון שטח - חדש,Unknown,,מזרון שטח - חדש,,0.00,,false,1,99.00,0.00,true,1,16971
15597210,false,טילון קורנטו פרווה-מ,Unknown,,טילון קורנטו פרווה-מ,,430.00,100 גרם,false,1,36.00,8.37,true,1,20269
15597937,false,קורנטו קלאסיק חדש,Unknown,,קורנטו קלאסיק חדש,,70.00,100 גרם,false,1,10.00,14.29,true,1,20233
15667769,false,פחם 2 קג הדר השרון,Unknown,,פחם 2 קג הדר השרון,,2.00,"1 ק""ג",false,1,20.00,10.00,true,1,23595
15683814,true,מ. תספורת Blizzard,Unknown,,מ. תספורת Blizzard,,0.00,,false,,129.00,0.00,false,1,18496
15781114,false,מרלו - IMPRESSION,Unknown,,מרלו - IMPRESSION,,750.00,"100 מ""ל",false,1,47.90,6.35,false,1,26108
15781121,false,טפרברג קברנה סובניון,Unknown,,טפרברג קברנה סובניון,,750.00,"100 מ""ל",false,1,47.90,6.35,false,1,26109
15781138,false,שרדונה - IMPRESSION,Unknown,,שרדונה - IMPRESSION,,750.00,"100 מ""ל",false,1,47.90,6.35,false,1,26110
15781152,false,טפרברג רוזה יבש,Unknown,,טפרברג רוזה יבש,,750.00,"100 מ""ל",false,1,47.90,6.35,false,1,26111
15781275,false,טפרברג מוסקטו לבן,Unknown,,טפרברג מוסקטו לבן,,750.00,"100 מ""ל",false,1,37.90,5.01,false,1,26112
15781664,false,אלגרו למברוסקו,Unknown,,אלגרו למברוסקו,,750.00,"100 מ""ל",false,1,49.70,6.63,false,1,26759
15842631,false,כוסות לברד 40 יח,Unknown,,כוסות לברד 40 יח,,40.00,יחידה,false,1,11.90,0.30,false,1,22861
15848909,false,אולטרסול תחליב קידס,Unknown,,אולטרסול תחליב קידס,,250.00,"100 מ""ל",false,1,39.90,15.96,true,1,25760
15848923,false,אולטרסול 30 מבוגרים,Unknown,,אולטרסול 30 מבוגרים,,250.00,"100 מ""ל",false,1,39.90,15.96,true,1,25757
15848978,false,אולטרסול קרם פנים,Unknown,,אולטרסול קרם פנים,,75.00,"100 מ""ל",false,1,29.90,39.87,true,1,22923
15858106,false,מצונן פסטו ביתי 180ג,Unknown,,מצונן פסטו ביתי 180ג,,180.00,100 גרם,false,1,21.90,12.17,false,1,26265
15951869,false,יין הר חרמון רוזה,Unknown,,יין הר חרמון רוזה,,750.00,"100 מ""ל",false,1,44.90,5.95,true,1,26353
15951890,false,יין הר חרמון קברנה,Unknown,,יין הר חרמון קברנה,,750.00,"100 מ""ל",false,1,44.90,5.95,true,1,24405
15988841,false,טבק לנרגילה תפוח 60,Unknown,,טבק לנרגילה תפוח 60,,60.00,100 גרם,false,1,35.00,58.33,false,1,22084
15988889,false,טבק לנרגילה אבטיח 60,Unknown,,טבק לנרגילה אבטיח 60,,60.00,100 גרם,false,1,35.00,58.33,false,1,22085
16006292,false,ספרינג מנגו בננהמלון,Unknown,,ספרינג מנגו בננהמלון,,100.00,"100 מ""ל",false,1,7.90,7.90,true,1,27277
16006322,false,מי עדן 1ליטר בודד,Unknown,,מי עדן 1ליטר בודד,,1.00,1 ליטר,false,1,8.90,8.60,true,1,18055
16006339,false,מי עדן 1ל רביעייה,Unknown,,מי עדן 1ל רביעייה,,4.00,1 ליטר,false,1,12.90,2.92,true,1,18056
16006377,false,שוופס פרוטס תות ליים,Unknown,,שוופס פרוטס תות ליים,,330.00,"100 מ""ל",false,1,9.90,2.91,true,1,17969
16041064,false,ס.התנעה לרכב 12000MA,Unknown,,ס.התנעה לרכב 12000MA,,0.00,,false,1,299.00,0.00,false,1,20031
16081008,false,אוהל פתיחה ל4 אנשים,Unknown,,אוהל פתיחה ל4 אנשים,,0.00,,false,1,199.00,0.00,false,1,17225
16081206,false,ערסל זוגי,Unknown,,ערסל זוגי,,0.00,,false,1,99.00,0.00,true,1,22769
16081213,false,ערסל ישיבה,Unknown,,ערסל ישיבה,,0.00,,false,1,99.00,0.00,true,1,22770
16081237,false,גזיבו 3*3,Unknown,,גזיבו 3*3,,0.00,,false,1,299.00,0.00,true,1,20156
16081244,false,סט 3 כלים לגריל נרוס,Unknown,,סט 3 כלים לגריל נרוס,,0.00,,false,1,39.00,0.00,true,1,17801
16081268,false,מערכת ישיבה במאים,Unknown,,מערכת ישיבה במאים,,0.00,,false,1,99.90,0.00,false,1,18205
16081619,false,אוזניית בלוטות שחור,Unknown,,אוזניית בלוטות שחור,,0.00,,false,1,99.90,0.00,false,1,18104
16081626,false,אוזניית בלוטות לבן,Unknown,,אוזניית בלוטות לבן,,0.00,,false,1,99.90,0.00,false,1,18105
16094008,false,אולטרסול קרם פנים 50,Unknown,,אולטרסול קרם פנים 50,,75.00,"100 מ""ל",false,1,29.90,39.87,true,1,25759
16094015,false,אולטרסול קידס ק.פנים,Unknown,,אולטרסול קידס ק.פנים,,75.00,"100 מ""ל",false,1,29.90,39.87,true,1,20300
16094022,false,אולטרסול ספריי שקוף,Unknown,,אולטרסול ספריי שקוף,,200.00,"100 מ""ל",false,1,39.90,19.95,true,1,24095
16094039,false,אולסטרסול שקוף קידס,Unknown,,אולסטרסול שקוף קידס,,200.00,"100 מ""ל",false,1,39.90,19.95,true,1,24096
16094091,false,ספריי שקוף קידס,Unknown,,ספריי שקוף קידס,,200.00,"100 מ""ל",false,1,39.90,19.95,true,1,19164
16102772,false,צלחות גדול 50 יח,Unknown,,צלחות גדול 50 יח,,50.00,יחידה,false,1,17.90,0.36,false,1,22851
16230888,false,סוללה CR2032 3V,Unknown,,סוללה CR2032 3V,,0.00,,false,1,3.90,0.00,true,1,21885
16246209,false,חלבה וניל 100 ג,Unknown,,חלבה וניל 100 ג,,100.00,100 גרם,false,1,6.90,6.90,false,1,22553
16279658,true,מעיל סוויס שחור,Unknown,,מעיל סוויס שחור,,0.00,,false,,139.00,0.00,false,1,23650
16667769,false,פחם 2 קג הדר השרון,Unknown,,פחם 2 קג הדר השרון,,2.00,"1 ק""ג",false,1,20.00,10.00,true,1,23600
16682083,false,פריניב ת.בננה 400מל,Unknown,,פריניב ת.בננה 400מל,,400.00,"100 מ""ל",false,1,10.90,2.65,true,1,26126
16682090,false,פריניב תמר בננה400,Unknown,,פריניב תמר בננה400,,400.00,"100 מ""ל",false,1,10.90,2.65,true,1,26127
16682144,false,פריניב קיווי תפוח400,Unknown,,פריניב קיווי תפוח400,,400.00,"100 מ""ל",false,1,10.90,2.65,true,1,26128
16682168,false,פריניב תפוזים 400מל,Unknown,,פריניב תפוזים 400מל,,400.00,"100 מ""ל",false,1,10.90,2.65,true,1,26129
16717631,false,מוסקטו PC,Unknown,,מוסקטו PC,,750.00,"100 מ""ל",false,1,50.00,6.63,true,1,24406
16717754,false,יין היובל ישן נושן,Unknown,,יין היובל ישן נושן,,750.00,"100 מ""ל",false,1,26.00,3.43,true,1,24407
16898200,false,נרות חנוכה 44 יחידות,Unknown,,נרות חנוכה 44 יחידות,,44.00,יחידה,false,1,4.90,0.11,true,1,23596
16948158,false,40 מסכות שחורות,Unknown,,40 מסכות שחורות,,40.00,יחידה,false,1,14.30,0.36,false,1,23856
16948189,false,מארז 40 מסכות ילדים,Unknown,,מארז 40 מסכות ילדים,,40.00,יחידה,false,1,18.90,0.47,false,1,24586
17023809,false,ספרינג ס.תפוח*4,Unknown,,ספרינג ס.תפוח*4,,1.00,1 ליטר,false,1,15.90,14.70,true,1,26683
17023816,false,ספרינג פ.טרופיים*4,Unknown,,ספרינג פ.טרופיים*4,,1.00,1 ליטר,false,1,15.90,14.70,true,1,26682
17023823,false,ספרינג תות בננה*4,Unknown,,ספרינג תות בננה*4,,1.00,1 ליטר,false,1,15.90,14.70,true,1,26681
17023854,false,רביעייה שוופס סודה,Unknown,,רביעייה שוופס סודה,,250.00,"100 מ""ל",false,1,19.90,7.48,true,1,26992
17023861,false,ר.שוופס סודה לימון,Unknown,,ר.שוופס סודה לימון,,250.00,"100 מ""ל",false,1,19.90,7.48,true,1,26993
17023878,false,ר.שוופס נענע ליים,Unknown,,ר.שוופס נענע ליים,,250.00,"100 מ""ל",false,1,19.90,7.48,true,1,26994
17088242,false,מגב בייבי בייסיק,Unknown,,מגב בייבי בייסיק,,72.00,יחידה,false,1,4.90,0.07,false,1,26467
17100401,false,כפפות לטקס עם אבקה M,Unknown,,כפפות לטקס עם אבקה M,,100.00,יחידה,false,1,42.00,0.42,true,1,23062
17100418,false,כפפות לטקס עם אבקה L,Unknown,,כפפות לטקס עם אבקה L,,100.00,יחידה,false,1,42.00,0.42,true,1,23061
17275147,false,מאפה קינמון אחווה,Unknown,,מאפה קינמון אחווה,,120.00,100 גרם,false,1,7.50,6.25,true,1,26603
17275598,false,מאפה רוגלך אחווה,Unknown,,מאפה רוגלך אחווה,,120.00,100 גרם,false,1,7.50,6.25,true,1,26604
17275604,false,מאפה שוקוציפס אחווה,Unknown,,מאפה שוקוציפס אחווה,,120.00,100 גרם,false,1,7.50,6.25,true,1,26605
17275697,false,מאפה קקאו אחווה,Unknown,,מאפה קקאו אחווה,,120.00,100 גרם,false,1,7.50,6.25,true,1,26730
17470146,false,שיפודים במבוק עבים,Unknown,,שיפודים במבוק עבים,,100.00,יחידה,false,1,5.50,0.06,true,1,22866
17470252,false,כוסות קרטון 50 יח,Unknown,,כוסות קרטון 50 יח,,50.00,יחידה,false,1,11.90,0.24,false,1,23945
17470320,false,מדליק פחם מוצק,Unknown,,מדליק פחם מוצק,,20.00,יחידה,false,1,7.00,0.35,false,1,22840
17513775,false,בייגלה שוקולד חלב,Unknown,,בייגלה שוקולד חלב,,140.00,100 גרם,false,1,9.90,7.07,true,1,24763
17589565,false,יין קלא גוורץ 750מל,Unknown,,יין קלא גוורץ 750מל,,750.00,"100 מ""ל",false,1,38.00,5.03,true,1,21226
17589633,false,רזרב קברנה סוביניון,Unknown,,רזרב קברנה סוביניון,,750.00,"100 מ""ל",false,1,50.00,6.63,true,1,24408
17599250,false,סוכרזית קלאסי 120 ש,Unknown,,סוכרזית קלאסי 120 ש,,120.00,יחידה,false,1,19.90,0.17,true,1,26562
17617008,false,טונה בשמן 140 ג 3 יח,Unknown,,טונה בשמן 140 ג 3 יח,,140.00,100 גרם,false,1,19.90,14.21,false,1,25885
17617015,false,סטארקיסט טונה במים 3,Unknown,,סטארקיסט טונה במים 3,,140.00,100 גרם,false,1,19.90,14.21,false,1,25886
17617091,false,טונה ס.מ. טוגו פתיתי,Unknown,,טונה ס.מ. טוגו פתיתי,,185.00,100 גרם,false,1,14.50,7.84,true,1,26924
17617107,false,טונה ס.מ. טוגו דגנים,Unknown,,טונה ס.מ. טוגו דגנים,,185.00,100 גרם,false,1,14.50,7.84,true,1,26925
17617381,false,ל.בוקס אורז פיקנטי,Unknown,,ל.בוקס אורז פיקנטי,,200.00,100 גרם,false,1,15.90,7.95,false,1,27314
17617398,false,לאנץ בוקס פסטה,Unknown,,לאנץ בוקס פסטה,,200.00,100 גרם,false,1,15.90,7.95,false,1,27315
17617404,false,ל. בוקס אורז וקינואה,Unknown,,ל. בוקס אורז וקינואה,,200.00,100 גרם,false,1,15.90,7.95,false,1,27316
17617411,false,מיקס סלמון עם אורז,Unknown,,מיקס סלמון עם אורז,,160.00,100 גרם,false,1,15.90,9.94,false,1,27135
17617459,false,טונה ס.ק רביעיות 120,Unknown,,טונה ס.ק רביעיות 120,,120.00,100 גרם,false,1,22.90,19.08,false,1,26354
17617466,false,טונה ס.ק מים 120,Unknown,,טונה ס.ק מים 120,,120.00,100 גרם,false,1,22.90,19.08,false,1,26355
17627205,false,כריך טונה כוסמין,Unknown,,כריך טונה כוסמין,,130.00,100 גרם,false,1,15.00,11.54,true,1,24671
17627335,false,כריך חביתה כוסמין,Unknown,,כריך חביתה כוסמין,,140.00,100 גרם,false,1,15.00,10.71,true,1,24692
17627342,false,כריך גאודה כוסמין,Unknown,,כריך גאודה כוסמין,,100.00,100 גרם,false,1,15.00,15.00,true,1,24670
17627663,false,ראפ טוניסאי,Unknown,,ראפ טוניסאי,,250.00,100 גרם,false,1,23.00,9.20,true,1,23146
17627731,false,לורד סלט יאסו יווני,Unknown,,לורד סלט יאסו יווני,,470.00,100 גרם,false,1,23.00,4.89,true,1,24387
17627755,false,לורד סלט טונה,Unknown,,לורד סלט טונה,,500.00,100 גרם,false,1,23.00,4.60,true,1,24388
17627762,false,לורד סלט גאודה,Unknown,,לורד סלט גאודה,,450.00,100 גרם,false,1,23.00,5.11,true,1,24389
17627779,false,לורד סלט בטטה,Unknown,,לורד סלט בטטה,,380.00,100 גרם,false,1,23.00,6.05,true,1,24390
17627816,false,ראפ עוף סצואן,Unknown,,ראפ עוף סצואן,,220.00,100 גרם,false,1,23.00,10.45,true,1,23148
17627823,false,כריך בריסקט לורד,Unknown,,כריך בריסקט לורד,,350.00,100 גרם,false,1,23.00,6.57,true,1,24391
17627830,false,כריך הודו בריבוע,Unknown,,כריך הודו בריבוע,,330.00,100 גרם,false,1,23.00,6.97,true,1,24392
17627854,false,סלט הקיסר לורד,Unknown,,סלט הקיסר לורד,,0.00,,false,1,23.00,0.00,true,1,24393
17627878,false,כריך סיאסטה לורד,Unknown,,כריך סיאסטה לורד,,260.00,100 גרם,false,1,23.00,8.85,true,1,26852
17627885,false,כריך חביתוש לורד,Unknown,,כריך חביתוש לורד,,260.00,100 גרם,false,1,23.00,8.85,true,1,24395
17627892,false,כריך גאקומלי,Unknown,,כריך גאקומלי,,300.00,100 גרם,false,1,23.00,7.67,true,1,24396
17627915,false,כריך סר סביח,Unknown,,כריך סר סביח,,290.00,100 גרם,false,1,23.00,7.93,true,1,24397
17627922,false,כריך פריקסה,Unknown,,כריך פריקסה,,270.00,100 גרם,false,1,23.00,8.52,true,1,24398
17641744,false,איגלו סטיקס,Unknown,,איגלו סטיקס,,800.00,"100 מ""ל",false,1,6.00,0.75,true,1,22986
17647425,false,יין גמלא קברנה,Unknown,,יין גמלא קברנה,,750.00,"100 מ""ל",false,1,87.90,11.68,true,1,24409
17668017,false,T.A סושי צמחוני,Unknown,,T.A סושי צמחוני,,1.00,יחידה,false,1,29.00,29.00,false,1,26851
17668024,false,סושי דגים,Unknown,,סושי דגים,,1.00,יחידה,false,1,29.00,29.00,false,1,26850
17888019,false,משקה תפוח רימון סלק,Unknown,,משקה תפוח רימון סלק,,350.00,"100 מ""ל",false,1,9.90,2.74,true,1,21624
17888026,false,משקה אננס תפוח וגזר,Unknown,,משקה אננס תפוח וגזר,,350.00,"100 מ""ל",false,1,12.90,3.60,true,1,21625
17888033,false,משקה בננה מלון נענע,Unknown,,משקה בננה מלון נענע,,350.00,"100 מ""ל",false,1,12.90,3.60,true,1,21626
17888354,false,מי עדן 750 בק בודד,Unknown,,מי עדן 750 בק בודד,,750.00,"100 מ""ל",false,1,9.50,1.23,true,1,23371
17888644,false,משקה אננס בננה,Unknown,,משקה אננס בננה,,350.00,"100 מ""ל",false,1,12.90,3.60,true,1,22987
17888972,false,מי עדן 1 ל פ.ספורט,Unknown,,מי עדן 1 ל פ.ספורט,,1.00,1 ליטר,false,1,8.90,8.60,true,1,23379
17917993,false,אולטרסול Free ספרי50,Unknown,,אולטרסול Free ספרי50,,200.00,"100 מ""ל",false,1,39.90,19.95,true,1,24792
17969817,false,כוסות לונג דרינק,Unknown,,כוסות לונג דרינק,,10.00,יחידה,false,1,11.90,1.19,true,1,23377
17971940,false,לורד טוסט פטריות אלפ,Unknown,,לורד טוסט פטריות אלפ,,220.00,100 גרם,false,1,18.00,8.18,true,1,22610
18043110,false,אול אין קשיו קרמל,Unknown,,אול אין קשיו קרמל,,60.00,100 גרם,false,1,8.00,13.33,true,1,24453
18043134,false,אול אין ש.לבן עוגיות,Unknown,,אול אין ש.לבן עוגיות,,60.00,100 גרם,false,1,8.00,13.33,true,1,24454
18043295,false,פראוד ונילה קראנץ,Unknown,,פראוד ונילה קראנץ,,60.00,100 גרם,false,1,13.00,21.67,false,1,25259
18043301,false,אול אין ונילה קראנץ,Unknown,,אול אין ונילה קראנץ,,60.00,100 גרם,false,1,8.00,13.33,true,1,24455
18043592,false,אול אין משקה אפרסק20,Unknown,,אול אין משקה אפרסק20,,500.00,"100 מ""ל",false,1,19.00,3.74,true,1,24432
18043608,false,אול אין משקה פ.יער20,Unknown,,אול אין משקה פ.יער20,,500.00,"100 מ""ל",false,1,19.00,3.74,true,1,24433
18043639,false,פראוד שוקולד קריספ,Unknown,,פראוד שוקולד קריספ,,20.00,100 גרם,false,1,9.90,49.50,false,1,25260
18043899,false,חטיף חלבון ב.קרמל,Unknown,,חטיף חלבון ב.קרמל,,60.00,100 גרם,false,1,8.00,13.33,true,1,25640
18091821,false,פיצה נפוליטנה מעדנות,Unknown,,פיצה נפוליטנה מעדנות,,200.00,100 גרם,false,1,18.90,9.45,true,1,26013
18131039,false,שלגון שוקו עוגיות5יח,Unknown,,שלגון שוקו עוגיות5יח,,360.00,100 גרם,false,1,30.90,8.58,true,1,22461
18131077,false,שלגון מילקה וניל,Unknown,,שלגון מילקה וניל,,71.00,100 גרם,false,1,13.90,19.58,true,1,24208
18131138,false,קרמריה ש.וניל וולנס,Unknown,,קרמריה ש.וניל וולנס,,775.00,100 גרם,false,1,26.90,3.47,true,1,22462
18131251,false,אקסטרים מטבע שוקולד,Unknown,,אקסטרים מטבע שוקולד,,115.00,100 גרם,false,1,12.90,11.22,true,1,22612
18131312,false,קרמריה שוקו וניל,Unknown,,קרמריה שוקו וניל,,1.40,1 ליטר,false,1,25.00,17.86,true,1,22613
18131336,false,ליון שלגון נסטלה,Unknown,,ליון שלגון נסטלה,,66.00,100 גרם,false,1,13.90,21.06,true,1,24210
18131343,false,קרמריה וניל שוקו.חתס,Unknown,,קרמריה וניל שוקו.חתס,,1.40,1 ליטר,false,1,25.00,17.86,true,1,22614
18131428,false,אקסטרים מסקרפונה תות,Unknown,,אקסטרים מסקרפונה תות,,115.00,100 גרם,false,1,12.90,11.22,true,1,22466
18131534,false,מא.מיני בייטס מילקה,Unknown,,מא.מיני בייטס מילקה,,250.00,100 גרם,false,1,24.00,9.60,true,1,22991
18131558,false,מא.מיני בייטס אוראו,Unknown,,מא.מיני בייטס אוראו,,240.00,100 גרם,false,1,24.00,10.00,true,1,22992
18131572,false,מיני בייטס מילקה,Unknown,,מיני בייטס מילקה,,85.00,100 גרם,false,1,12.00,14.12,true,1,22832
18131596,false,מיני בייטס אוראו,Unknown,,מיני בייטס אוראו,,85.00,100 גרם,false,1,12.00,14.12,true,1,22831
18131640,false,קראנץ בלונד,Unknown,,קראנץ בלונד,,100.00,100 גרם,false,1,13.90,13.90,true,1,24207
18131756,false,מאגדת וניל מצופה,Unknown,,מאגדת וניל מצופה,,440.00,100 גרם,false,1,33.90,7.70,true,1,23862
18131770,false,שלגון וניל מצופה,Unknown,,שלגון וניל מצופה,,55.00,100 גרם,false,1,7.90,14.36,true,1,23863
18131794,false,קראנץ וניל ש.מריר,Unknown,,קראנץ וניל ש.מריר,,100.00,100 גרם,false,1,13.90,13.90,true,1,23864
18131817,false,לה פרוטה הדרים אדומי,Unknown,,לה פרוטה הדרים אדומי,,70.00,100 גרם,false,1,9.90,14.14,true,1,23865
18131831,false,מילקה שלגון וניל מאג,Unknown,,מילקה שלגון וניל מאג,,264.00,100 גרם,false,1,36.00,13.64,true,1,24251
18131855,false,מ.אקסטרים בראוניז,Unknown,,מ.אקסטרים בראוניז,,322.00,100 גרם,false,1,36.90,11.46,true,1,24214
18131879,false,מ.אקסטרים ריבת חלב,Unknown,,מ.אקסטרים ריבת חלב,,322.00,100 גרם,false,1,36.90,11.46,true,1,24213
18131893,false,מ.אקסטרים פקאן,Unknown,,מ.אקסטרים פקאן,,322.00,100 גרם,false,1,36.90,11.46,true,1,24215
18131930,false,לה פרוטה בננה,Unknown,,לה פרוטה בננה,,325.00,100 גרם,false,1,30.90,9.51,true,1,23866
18131954,false,לה פרוטה תות,Unknown,,לה פרוטה תות,,350.00,100 גרם,false,1,27.00,7.71,true,1,23867
18131978,false,טילון אוראו,Unknown,,טילון אוראו,,68.50,100 גרם,false,1,9.90,14.45,true,1,24209
18156018,false,אולטרסול Free Kids,Unknown,,אולטרסול Free Kids,,200.00,"100 מ""ל",false,1,39.90,19.95,true,1,24791
18165010,false,ברקן גוורצטרמינר,Unknown,,ברקן גוורצטרמינר,,750.00,"100 מ""ל",false,1,50.00,6.63,true,1,22993
18165027,false,רזרב גולד רוזה 750,Unknown,,רזרב גולד רוזה 750,,750.00,"100 מ""ל",false,1,50.00,6.63,true,1,26776
18165447,false,ברקן רזרב מרלו,Unknown,,ברקן רזרב מרלו,,750.00,"100 מ""ל",false,1,50.00,6.63,true,1,24413
18194928,false,וודקה טראמפ 700מל,Unknown,,וודקה טראמפ 700מל,,700.00,"100 מ""ל",false,1,89.90,12.80,false,1,25963
18198506,false,תפוגן ציפס 1.25 קג,Unknown,,תפוגן ציפס 1.25 קג,,1.25,"1 ק""ג",false,1,31.90,25.52,false,1,26536
18204986,false,שיפודי במבוק 90יח,Unknown,,שיפודי במבוק 90יח,,90.00,יחידה,false,1,4.50,0.05,false,1,23149
18301364,false,טוסטיה פיצה,Unknown,,טוסטיה פיצה,,0.00,,false,1,18.00,0.00,false,1,26844
18343463,false,אלכוגל פורטה 200 מל,Unknown,,אלכוגל פורטה 200 מל,,200.00,"100 מ""ל",false,1,16.90,8.45,true,1,23237
18440193,false,בייגלה חמאת בוטנים,Unknown,,בייגלה חמאת בוטנים,,140.00,100 גרם,false,1,9.90,7.07,true,1,24764
18440209,false,בייגלה פאדג לבן,Unknown,,בייגלה פאדג לבן,,140.00,100 גרם,false,1,9.90,7.07,true,1,24765
18441626,false,פיינט מנטה עוגיות,Unknown,,פיינט מנטה עוגיות,,430.00,100 גרם,false,1,19.90,4.63,true,1,25087
18441886,false,שורטי דולצה דה לצה,Unknown,,שורטי דולצה דה לצה,,150.00,"100 מ""ל",false,1,11.80,7.87,true,1,24896
18471111,false,שוופס ל.מוחיטו 330מל,Unknown,,שוופס ל.מוחיטו 330מל,,330.00,"100 מ""ל",false,1,8.00,2.33,true,1,26680
18471128,false,ספרינג שייק אננס,Unknown,,ספרינג שייק אננס,,330.00,"100 מ""ל",false,1,12.90,3.82,true,1,24425
18471135,false,ספרינג שייק בננה,Unknown,,ספרינג שייק בננה,,330.00,"100 מ""ל",false,1,12.90,3.82,true,1,24426
18471142,false,ספרינג שייק קוקוס,Unknown,,ספרינג שייק קוקוס,,330.00,"100 מ""ל",false,1,12.90,3.82,true,1,24427
18471180,false,משקה תפוח גזר 1ל,Unknown,,משקה תפוח גזר 1ל,,1.00,1 ליטר,false,1,15.90,15.60,true,1,26927
18471197,false,מ.תפוח בננה מלון 1ל,Unknown,,מ.תפוח בננה מלון 1ל,,1.00,1 ליטר,false,1,15.90,15.60,true,1,26928
18471401,false,משקה אננס בננה 1ל,Unknown,,משקה אננס בננה 1ל,,1.00,1 ליטר,false,1,15.90,15.60,true,1,26929
18471548,false,ספרינג ענבים*4,Unknown,,ספרינג ענבים*4,,1.00,1 ליטר,false,1,15.90,14.70,true,1,26684
18471753,false,מ.אלוורה ב.אננס,Unknown,,מ.אלוורה ב.אננס,,350.00,"100 מ""ל",false,1,8.90,2.46,true,1,24693
18471760,false,מ.אלוורה ב.ליצי,Unknown,,מ.אלוורה ב.ליצי,,350.00,"100 מ""ל",false,1,8.90,2.46,true,1,24694
18471777,false,מ.אלוורה ב.פטל,Unknown,,מ.אלוורה ב.פטל,,350.00,"100 מ""ל",false,1,8.90,2.46,true,1,24695
18471784,false,מ.אלוורה ב.קווי,Unknown,,מ.אלוורה ב.קווי,,350.00,"100 מ""ל",false,1,8.90,2.46,true,1,24696
18471913,false,שוופס פ.תפוח 1.5 פ,Unknown,,שוופס פ.תפוח 1.5 פ,,1.50,1 ליטר,false,1,10.90,7.07,true,1,26930
18471920,false,שוופס מ.ענבים 1.5 פ,Unknown,,שוופס מ.ענבים 1.5 פ,,1.50,1 ליטר,false,1,10.90,7.07,true,1,26870
18471944,false,שוופס למונייד 1.5 פ,Unknown,,שוופס למונייד 1.5 פ,,1.50,1 ליטר,false,1,10.90,7.07,true,1,26707
18652015,false,שלגון סופר רולר,Unknown,,שלגון סופר רולר,,75.00,100 גרם,false,1,10.90,14.53,true,1,24211
18652039,false,לה קרמריה ק.מלוח,Unknown,,לה קרמריה ק.מלוח,,1.40,1 ליטר,false,1,26.90,19.21,true,1,24212
18652053,false,ביסקולידה אקסטרה,Unknown,,ביסקולידה אקסטרה,,100.00,100 גרם,false,1,10.90,10.90,true,1,24206
18652190,false,קראנץ בר,Unknown,,קראנץ בר,,60.00,100 גרם,false,1,9.90,16.50,true,1,25641
18652213,false,קראנץ בר מאגדת,Unknown,,קראנץ בר מאגדת,,246.00,100 גרם,false,1,27.00,10.98,true,1,25642
18652657,false,מאגדת מניוגו לייט,Unknown,,מאגדת מניוגו לייט,,312.00,100 גרם,false,1,29.90,9.58,true,1,25643
18652671,false,לה קרמריה שוקו וניל,Unknown,,לה קרמריה שוקו וניל,,700.00,100 גרם,false,1,25.00,3.57,true,1,25644
18652688,false,לה קרמריה פ.טרופיים,Unknown,,לה קרמריה פ.טרופיים,,700.00,100 גרם,false,1,25.00,3.57,true,1,25645
18652695,false,ביסקולידה שוקו בננה,Unknown,,ביסקולידה שוקו בננה,,90.00,100 גרם,false,1,10.90,12.11,true,1,25646
18652718,false,שלגון מילקה אגוזים,Unknown,,שלגון מילקה אגוזים,,71.00,100 גרם,false,1,13.90,19.58,true,1,25647
18652756,false,שתותי טרופי,Unknown,,שתותי טרופי,,55.00,100 גרם,false,1,7.90,14.36,true,1,25648
18652770,false,טילון בייגלה מלוח,Unknown,,טילון בייגלה מלוח,,115.00,100 גרם,false,1,12.50,10.87,true,1,25649
18652817,false,שלגון פרווה ו.עוגיות,Unknown,,שלגון פרווה ו.עוגיות,,55.00,100 גרם,false,1,7.90,14.36,true,1,25650
18652862,false,באבל גאם,Unknown,,באבל גאם,,60.00,100 גרם,false,1,9.90,16.50,true,1,25651
18652886,false,מאגדת מ.שוקו בננה*8,Unknown,,מאגדת מ.שוקו בננה*8,,476.00,100 גרם,false,1,32.00,6.72,true,1,26130
18652909,false,מאגדת קפה ש.פקאן,Unknown,,מאגדת קפה ש.פקאן,,225.00,100 גרם,false,1,29.90,13.29,true,1,25652
18652923,false,מאגדת תות שוקלד לבן,Unknown,,מאגדת תות שוקלד לבן,,225.00,100 גרם,false,1,29.90,13.29,true,1,25653
18652947,false,קראנץ פיסטוק,Unknown,,קראנץ פיסטוק,,109.00,100 גרם,false,1,13.90,12.75,true,1,26301
18703052,false,פראוד עוגיות קראנץ,Unknown,,פראוד עוגיות קראנץ,,29.00,100 גרם,false,1,9.90,34.14,false,1,25261
18703076,false,חטיף חלבון ד.שוקולד,Unknown,,חטיף חלבון ד.שוקולד,,60.00,100 גרם,false,1,8.00,13.33,true,1,25654
18703304,false,אול אין ק.עוגיות,Unknown,,אול אין ק.עוגיות,,50.00,100 גרם,false,1,8.00,16.00,true,1,25902
18703489,false,אול אין בננה טופי,Unknown,,אול אין בננה טופי,,60.00,100 גרם,false,1,8.00,13.33,true,1,25903
18894019,false,בלקוני עוגות חלב,Unknown,,בלקוני עוגות חלב,,350.00,100 גרם,false,1,19.90,5.69,true,1,26679
18894217,false,בלקוני ע. מיקסמקס,Unknown,,בלקוני ע. מיקסמקס,,350.00,100 גרם,false,1,19.90,5.69,true,1,27275
18925065,false,פרימור סחוט תפוז 2 פ,Unknown,,פרימור סחוט תפוז 2 פ,,2.00,1 ליטר,false,1,29.20,14.45,true,1,26738
18949009,false,גרופר תפוזזה 330מל,Unknown,,גרופר תפוזזה 330מל,,330.00,"100 מ""ל",false,1,12.90,3.82,true,1,26131
18949016,false,גרופר תפוחחה 330מל,Unknown,,גרופר תפוחחה 330מל,,330.00,"100 מ""ל",false,1,12.90,3.82,true,1,26132
18949023,false,גרופר לימוננדה 330מל,Unknown,,גרופר לימוננדה 330מל,,330.00,"100 מ""ל",false,1,12.90,3.82,true,1,26133
19038368,false,מארז 6 בלו בצידנית,Unknown,,מארז 6 בלו בצידנית,,1.50,1 ליטר,false,1,29.90,18.73,true,1,26134
19056065,false,שוופס פ.יער 1.5 פ,Unknown,,שוופס פ.יער 1.5 פ,,1.50,1 ליטר,false,1,13.90,9.07,true,1,25143
19056096,false,שוופס מ.אפרסק 1.5פ,Unknown,,שוופס מ.אפרסק 1.5פ,,1.50,1 ליטר,false,1,13.90,9.07,true,1,25144
19056119,false,שוופס סודה 1.5 פ,Unknown,,שוופס סודה 1.5 פ,,1.50,1 ליטר,false,1,8.90,5.73,true,1,25145
19056362,false,תפוזינה ענבים 1.5 פ,Unknown,,תפוזינה ענבים 1.5 פ,,1.50,1 ליטר,false,1,10.90,7.07,true,1,26931
19056379,false,תפוזינה תפוזים 1.5 פ,Unknown,,תפוזינה תפוזים 1.5 פ,,1.50,1 ליטר,false,1,10.90,7.07,true,1,27083
19056515,false,פרוט ו.אננס 1.5 פ,Unknown,,פרוט ו.אננס 1.5 פ,,1.50,1 ליטר,false,1,13.90,9.07,true,1,25146
19056546,false,פרוט ו.אבטיח 1.5 פ,Unknown,,פרוט ו.אבטיח 1.5 פ,,1.50,1 ליטר,false,1,13.90,9.07,true,1,25147
19056553,false,עין גדי 2 ל שישיה פ,Unknown,,עין גדי 2 ל שישיה פ,,12.00,1 ליטר,false,1,13.80,1.00,true,1,26285
19056577,false,ספרינג מנגו 1.5 פ,Unknown,,ספרינג מנגו 1.5 פ,,1.50,1 ליטר,false,1,13.90,9.07,true,1,25148
19056584,false,ספרינג תפוז 1.5 פ,Unknown,,ספרינג תפוז 1.5 פ,,1.50,1 ליטר,false,1,11.90,7.73,true,1,26871
19056638,false,ספרינג ת.בננה 1.5 פ,Unknown,,ספרינג ת.בננה 1.5 פ,,1.50,1 ליטר,false,1,11.90,7.73,true,1,26872
19056645,false,ספרינג ס.תפוח 1.5 פ,Unknown,,ספרינג ס.תפוח 1.5 פ,,1.50,1 ליטר,false,1,11.90,7.73,true,1,26873
19056959,false,מי עדן 1.5 בודד פ,Unknown,,מי עדן 1.5 בודד פ,,1.50,1 ליטר,false,1,9.90,6.40,true,1,25149
19056980,false,מי עדן שמינייה 1.5 פ,Unknown,,מי עדן שמינייה 1.5 פ,,12.00,1 ליטר,false,1,26.00,1.97,true,1,25182
19153221,false,אננס שוופס חצי ליטר,Unknown,,אננס שוופס חצי ליטר,,500.00,"100 מ""ל",false,1,9.90,1.92,true,1,26135
19153238,false,תפוח שוופס חצי ליטר,Unknown,,תפוח שוופס חצי ליטר,,500.00,"100 מ""ל",false,1,9.90,1.92,true,1,26136
19153245,false,לימון שוופס חצי ליטר,Unknown,,לימון שוופס חצי ליטר,,500.00,"100 מ""ל",false,1,9.90,1.92,true,1,26137
19153313,false,פרוט&ווג ת.חמוציות,Unknown,,פרוט&ווג ת.חמוציות,,350.00,"100 מ""ל",false,1,9.90,2.74,true,1,25840
19153368,false,תפוזינה מוחיטו 330,Unknown,,תפוזינה מוחיטו 330,,330.00,"100 מ""ל",false,1,8.90,2.61,true,1,26933
19153382,false,תפוזינה סנגרייה 330,Unknown,,תפוזינה סנגרייה 330,,330.00,"100 מ""ל",false,1,8.90,2.61,true,1,26934
19153399,false,תפוזינה פ.אוזו 330,Unknown,,תפוזינה פ.אוזו 330,,330.00,"100 מ""ל",false,1,7.00,2.03,true,1,26935
19203100,false,ראפ פלאפל,Unknown,,ראפ פלאפל,,0.00,,false,1,18.00,0.00,false,1,26843
19203148,false,מוזלי כשלפ,Unknown,,מוזלי כשלפ,,300.00,100 גרם,false,1,16.00,5.33,true,1,25985
19232834,false,בייגלה ק.עוגיות שוק,Unknown,,בייגלה ק.עוגיות שוק,,140.00,100 גרם,false,1,9.90,7.07,true,1,26607
19310280,false,אול אין סינמון רול,Unknown,,אול אין סינמון רול,,60.00,100 גרם,false,1,8.00,13.33,true,1,27124
19310297,false,פראוד-מצופים שוקולד,Unknown,,פראוד-מצופים שוקולד,,40.00,100 גרם,false,1,11.90,29.75,false,1,27261
19310303,false,פראוד-שקדים מצופים,Unknown,,פראוד-שקדים מצופים,,40.00,100 גרם,false,1,11.90,29.75,false,1,27323
30107014,false,נייר גלגול גדול + פילטר בודד,Unknown,IL,נ.ג סלים+פילטר 32יח,,0.00,,false,1,8.50,0.00,false,1,16530
30112902,false,נייר גלגול קטן+פילטר יח,TECHNOLOGIES REPUBLIC,FR,נייר גלגול קטן+פילטר,,0.00,,false,1,7.00,0.00,false,1,17208
30112919,false,נייר גלגול בינוני + פילטר בודד,Unknown,IL,נ.ג בינוני+פילטר24יח,,0.00,,false,1,7.00,0.00,false,1,16529
40052403,false,קיט קט 4 אצבעות שוקולד חלב,נסטלה Nestle,DE,קיט קאט אצבעות 41.5,,41.50,100 גרם,false,1,6.90,16.63,true,1,18141
40084107,false,ביצת שוקולד הפתעה קינדר,פרדי קונדטוריה אס פי,IT,ביצת הפתעה קינדר,,20.00,100 גרם,false,1,8.90,44.50,true,1,572
40084725,false,קינדר מילק סלייס 28 גרם,פררו טורקיה צ'\יקולטה וו,TR,קינדר מילק סלייס,,28.00,100 גרם,false,1,5.00,17.86,true,1,24382
40099606,false,אורביט סטיקס ספרמינט13ג,ריגלי צרפת,FR,אורביט ספירמינט סטיק,,16.00,100 גרם,false,1,4.50,28.12,true,1,692
40099705,false,"מסטיק אורביט מנטה לל""ס 5יח'",ליימן מותגים,FR,אורביט פפרמינט סטיק,,16.00,100 גרם,false,1,4.50,28.12,true,1,693
40111216,false,באונטי חטיף בודד 57 גרם,"נארז ע""י : א.ג. גילר",NL,באונטי חטיף שוקולד,,57.68,100 גרם,false,1,7.00,12.14,true,1,2994
40144061,false,קנופרס חטיף וופל 25 גרם 24 יח,ליימן שליסל,DE,וופל קנופרס,,25.00,100 גרם,false,1,5.50,22.00,true,1,25089
40677804,false,"יגרמייסטר 200מ""ל",ייגרמיסטר,LV,יגרמייסטר 200 מל,,200.00,"100 מ""ל",false,1,32.90,16.30,false,1,26611
42101666,false,"מסטיק בטעם מנטה ואקליפטוס איירווייבס 35 גרם לל""ס",ריגלי,GB,איירוויז מנטה אקליפט,,39.00,100 גרם,false,1,9.90,25.38,true,1,18220
42113263,false,אורביט סטיקס בודד תות,ריגלי צרפת,FR,אורביט תות סטיק,,16.00,100 גרם,false,1,4.50,28.12,true,1,8275
42138105,false,סיגריות וינסטון סופר סלימס כחול,גיי טי אינטרנשיונל,CH,וינסטון ס.סלימס כחול,,0.00,,false,1,35.50,0.00,false,1,11200
42138129,false,סיגריות וינסטון סופר סלימס מנטול,Unknown,CH,וינסטון ס.ס מנטול,,0.00,,false,1,35.50,0.00,false,1,11201
42139430,false,כאמל שחור חפיסה חפיסה,Unknown,CH,כאמל שחור חפיסה,,0.00,,false,1,33.50,0.00,false,1,16491
42139447,false,סיגריות כאמל לבן חפי,Unknown,CH,כאמל לבן חפיסה,,0.00,,false,1,33.50,0.00,false,1,16492
42154662,false,אורביט באריזת מעטפה ספירמינט מסטיק,ריגלי צרפת,FR,אורביט מעטפה ספירמינ,,35.00,100 גרם,false,1,9.00,25.71,true,1,8285
42174479,false,אורביט מעטפה תות 27 גרם,ריגלי צרפת,FR,אורביט תות מעטפה,,35.00,100 גרם,false,1,9.00,25.71,true,1,17511
42182108,false,מסטיק פייב פפרמינט 12 סטיקס,ריגלי צרפת,FR,פייב מסטיק מנטה,,36.00,100 גרם,false,1,9.90,27.50,true,1,11967
42182115,false,אורביט פייב ספירמינט 12 סטיקס 29 גר,ריגלי צרפת,FR,פייב מסטיק מ.עדינה,,36.00,100 גרם,false,1,9.90,27.50,true,1,11966
42188889,false,אורביט פייב אבטיח 12 סטיקס 29 גר,ריגלי צרפת,FR,פייב מסטיק אבטיח,,36.00,100 גרם,false,1,9.90,27.50,true,1,13385
42212119,false,אורביט פרופשיונל באריזת מעטפה פפרמינט,ריגלי צרפת,FR,אורביט פפרמינט מעטפה,,35.00,100 גרם,false,1,9.00,25.71,true,1,17803
42212287,false,פייב סטיקס אבטיח,Unknown,,פייב סטיקס אבטיח,,14.00,100 גרם,false,1,4.50,32.14,true,1,15416
42212294,false,פייב סטיקס מנטה,Unknown,,פייב סטיקס מנטה,,14.00,100 גרם,false,1,4.50,32.14,true,1,15417
42306788,false,מסטיק בטעם אוכמניות ומנטה איירווייבס 35 גרם,ריגלי,GB,איירוויז אכמניות מנט,,39.00,100 גרם,false,1,9.90,25.38,true,1,18224
49814521,false,צ'ופה צ'ופס גלגל לקק,צ'ופה צ'ופס,ES,צופה צופס לקקן,,1.76,"1 ק""ג",false,1,2.10,1.19,true,1,23226
52070082,false,פאלמאל סופר סלמס ויולט ח,Unknown,CH,פאל מאל ס.ס ויולט טי,,0.00,,false,1,30.50,0.00,false,1,20738
54509955,false,סיגריות מרילנד אדום,חב טבק לנדוויק,LU,מרילנד אדום- חפיסה,,0.00,,false,1,28.50,0.00,false,1,18296
54509962,false,סיגריות מרילנד כחול,חב טבק לנדוויק,LU,מרילנד כחול- חפיסה,,0.00,,false,1,28.50,0.00,false,1,18297
59039549,false,ווג פריזון מנטול חפיסה,Unknown,PL,ווג מנטה חפיסה,,0.00,,false,1,40.00,0.00,false,1,13398
59068907,false,סיגריות פאל מאל כחול דמי סלימס,גלוברנס,PL,פאל מאל כחול דמי סלי,,0.00,,false,1,26.50,0.00,false,1,20578
59068914,false,סיגריות פאל מאל סילבר דמי סלימס,Unknown,PL,פאל מאל סילבר דמי ס,,0.00,,false,1,26.50,0.00,false,1,20579
59455233,false,סיגריות ווג ליידי כח,Unknown,PL,ווג כחול,,0.00,,false,1,40.00,0.00,false,1,13911
59455240,false,ווג סופרסלימס לילך חפיסה,Unknown,PL,ווג לילך חפיסה,,0.00,,false,1,40.00,0.00,false,1,13892
70010215,false,לווצה DELICATO ח.4,Unknown,,לווצה DELICATO ח.4,,10.00,יחידה,false,1,17.90,1.79,true,1,24143
72909768,false,חטיף פסק זמן פור 40 גרם,STRAUSS-ISRAEL,,פסק זמן פליי 40 גר,,40.00,100 גרם,false,1,7.50,18.75,true,1,2043
72917329,false,חטיף אגוזי 45 גר,"שטראוס גרופ בע""מ",IL,אגוזי 45 גרם,,45.00,100 גרם,false,1,6.90,15.33,true,1,469
72917367,false,טעמי חטיף במילוי קרם נוגט וקרמל,"שטראוס גרופ בע""מ",IL,טעמי 40 גר,,40.00,100 גרם,false,1,6.90,17.25,true,1,508
72917589,false,מקופלת חלב 25 גרם,"שטראוס גרופ בע""מ",IL,מקופלת חלב 25,,25.00,100 גרם,false,1,6.90,27.60,true,1,470
72918388,false,חטיף וופל טוויסט עלי,"שטראוס גרופ בע""מ",IL,טוויסט 28 גר,,28.00,100 גרם,false,1,6.90,24.64,true,1,512
72940754,false,"מילקי מעדן וניל עם קצפת שטראוס 133 מ""ל","שטראוס גרופ בע""\מ",IL,מילקי וניל 130,,137.00,"100 מ""ל",false,1,3.40,2.48,true,1,1057
72940761,false,"מילקי מעדן שוקולד עם קצפת שטראוס 133 מ""ל",מיוצר עי קונדיטוריית,IL,מילקי שוקו 130 גר,,130.00,"100 מ""ל",false,1,3.40,2.62,true,1,1058
72940983,false,סלט חומוס 250 גר אחל,אחלה - שטראוס,IL,אחלה חומוס 250 גר,,250.00,100 גרם,false,1,10.00,4.00,true,1,1240
72961506,false,יוגורט עם תות 1.5% שומן 125 ג' פרילי,מיוצר עי קונדיטוריית,IL,פרילי תות 1.5% 125ג,,125.00,100 גרם,false,1,4.20,3.36,true,1,1060
72963104,false,חמאה מפוסטרת תנובה 1,תנובה,IL,תנובה חמאה 100גר,,100.00,100 גרם,false,1,4.20,4.20,false,1,1026
72963128,false,חמאה מהדרין 100 גרם,תנובה,IL,חמאה 100 גרם בדצ,,100.00,100 גרם,false,1,3.94,3.94,false,1,4377
72963753,false,שמנת אורגינל של פעם 27% שומן 200 ג' תנובה,תנובה מרכז שיתופי לש,IL,שמנת של פעם27% 200מל,,200.00,"100 מ""ל",false,1,4.30,2.15,true,1,22513
72983454,false,סיגריות גולף סופר סלימס בודד,דובק,,גולף סופר סלימס חפיס,,0.00,,false,1,32.00,0.00,false,1,5623
72983928,false,קופסה גולף סלימס מנטה,דובק,,גולף סופר סלים חפיסה,,0.00,,false,1,32.00,0.00,false,1,6258
72983997,false,קופסה גולף גולד ארוך בוקס,דובק,,גולף גולד 100 חפיסה,,0.00,,false,1,32.00,0.00,false,1,6638
72984000,false,גולף סילבר 100 פ.ע חפיסה,דובק,,גולף סילבר 100 חפיסה,,0.00,,false,1,32.00,0.00,false,1,6639
72986370,false,"גלידת בן & ג'ריס פיינטים וניל 500מ""ל",מוצרי איכות אמריקאיים,IL,בן&גריס פיינט וניל,,500.00,"100 מ""ל",false,1,19.90,3.98,true,1,9090
72986424,false,"גלידת בן & ג'ריס פיינטים קרם עוגיות 500מ""ל",מוצרי איכות אמריקאיים בע,IL,בן&גריס קרם עוגיות,,500.00,"100 מ""ל",false,1,19.90,3.98,true,1,9091
72986448,false,"גלידת בן & ג'ריס פיינטים טופי קראנץ 500מ""ל",מוצרי איכות אמריקאיים בע,IL,בן&גריס טופי קראנץ,,500.00,"100 מ""ל",false,1,19.90,3.98,true,1,9092
72986455,false,"ניו יורק סופר גלידת שוקולד, חתיכות פאדג' ואגוזים",מוצרי איכות אמריקאיים בע,IL,בן&גריס ניו-יורק סו,,420.00,"100 מ""ל",false,1,19.90,4.74,true,1,9093
72986479,false,"צ'אנקי מנקי גלידת וניל, בננות, חתיכות פאדג' ואגוזים",מוצרי איכות אמריקאיים בע,IL,בן&גריס פיינט צאנקי,,500.00,"100 מ""ל",false,1,19.90,3.98,true,1,9094
72989395,false,טילון ורמונט קרם עוגיות,מוצרי איכות אמריקאיים בע,IL,בן&גריס טילון עוגיה,,100.00,100 גרם,false,1,10.90,10.90,true,1,8843
72989425,false,"גלידת בן & ג'ריס פיינטים שוקולד בראוניז 500מ""ל",מוצרי איכות אמריקאיים בע,IL,בן&גריס פיינט שוקול,,500.00,"100 מ""ל",false,1,19.90,3.98,true,1,9104
72991008,false,חטיף פסק זמן במילוי ופל מגולגל 45 גרם,"שטראוס גרופ בע""מ",IL,פסק זמן מגדים 45 גר,,45.00,100 גרם,false,1,7.50,16.67,true,1,514
72991374,false,סיגריות טיים רד חפיס,דובק,IL,טיים רד חפיסה,,0.00,,false,1,31.00,0.00,false,1,41
72991381,false,סיגריות טיים 100 RED בודד,דובק,IL,טיים רד 100 חפיסה,,0.00,,false,1,31.00,0.00,false,1,42
72991398,false,סיגריות טיים בלו לי,דובק,IL,טיים בלו חפיסה,,0.00,,false,1,31.00,0.00,false,1,43
72991404,false,סיגריות אירופה חפיסה,דובק,IL,אירופה חפיסה,,0.00,,false,1,31.00,0.00,false,1,44
72991411,false,סיגריות ברודווי 80 ח,דובק,IL,ברודווי 80 חפיסה,,0.00,,false,1,31.00,0.00,false,1,45
72991428,false,קופסה ברודווי ארוך,דובק,IL,ברודווי 100 חפיסה,,0.00,,false,1,31.00,0.00,false,1,46
72991459,false,סיגריות גולף לייט בודד,דובק,IL,גולף חפיסה,,0.00,,false,1,32.00,0.00,false,1,47
72991466,false,קופסה גולף גולד ארוך,דובק,IL,גולף ארוך סופט,,0.00,,false,1,32.00,0.00,false,1,48
72991473,false,סיג.שרתון חפיסה,דובק,IL,שרתון חפיסה,,0.00,,false,1,31.00,0.00,false,1,49
72991480,false,סיגריות נלסון חפיסה,דובק,IL,נלסון חפיסה,,0.00,,false,1,31.00,0.00,false,1,50
72991497,false,קופסה נובלס ירוק כהה,קריות זול,IL,נובלס חפיסה,,0.00,,false,1,31.00,0.00,false,1,51
72991503,false,סיגריות נובלס בלנד ח,"דובק בע""מ",IL,נובלס בלנד חפיסה,,0.00,,false,1,31.00,0.00,false,1,52
72991510,false,סיגריות מונטנה פילטר,"דובק בע""מ",IL,מונטנה חפיסה,,0.00,,false,1,32.00,0.00,false,1,53
72991527,false,מוסטאנג רד חפיסה,"דובק בע""מ",IL,מוסטנג חפיסה,,0.00,,false,1,26.50,0.00,false,1,54
72991824,false,טיים בלו ארוך חפיסה,"דובק בע""מ",IL,טיים בלו 100 חפיסה,,0.00,,false,1,31.00,0.00,false,1,55
72991886,false,"גלידת דולצ'ה בטעם ריבת חלב עם פאדג' בן וג'ירי 500 מ""ל",מוצרי איכות אמריקאיים בע,IL,בן&גריס דולצה לצה,,500.00,"100 מ""ל",false,1,19.90,3.98,true,1,9095
72992357,false,חטיף פסק זמן ביג ביי,STRAUSS-ISRAEL,IL,פסק זמן ביג בייט 50,,50.00,100 גרם,false,1,7.50,15.00,true,1,516
72993637,false,מעדן חלב בטעם שוקולד 125 ג' דני,"שטראוס גרופ בע""\מ",IL,דני שוקולד בודד,,125.00,"100 מ""ל",false,1,3.40,2.72,true,1,12292
72994061,false,חטיף פסק זמן GOOD גלילית לבן 40 גרם,שולן צ'\יקולטה גידה סאן.,TR,פסק זמן 2 GOOD,,36.00,100 גרם,false,1,7.50,20.83,true,1,13110
72994122,false,היי ווי בלו חפ.,Unknown,,היי-ווי בלו,,0.00,,false,1,27.00,0.00,false,1,13815
72994139,false,היי-ווי סילבר,Unknown,,היי-ווי סילבר,,0.00,,false,1,27.00,0.00,false,1,13816
72994146,false,היי-ווי רד חפיסה,Unknown,,היי-ווי רד חפיסה,,0.00,,false,1,27.00,0.00,false,1,13814
72994221,false,פסק זמן - גלילית אגוזים 40 גרם,שטראוס גרופ,,פסק זמן גלילית מגדים,,40.00,100 גרם,false,1,7.50,18.75,true,1,20205
72994306,false,סיגריות רויאל אדום בודד,דובק,IL,רויאל אדום -חפיסה,,0.00,,false,1,26.50,0.00,false,1,14790
72994313,false,סיגריות רויאל כחול ח,דובק,IL,רויאל כחול - חפיסה,,0.00,,false,1,26.50,0.00,false,1,14791
72994566,false,רויאל רד,Unknown,,רויאל רד,,0.00,,false,1,26.50,0.00,false,1,25356
72994573,false,רויאל בלו,Unknown,,רויאל בלו,,0.00,,false,1,26.50,0.00,false,1,25357
76136184,false,סיגריות פאל מל סלימס כחול בודד,Unknown,CH,פאל מאל ס.ס כחול טיו,,0.00,,false,1,30.50,0.00,false,1,7450
80001027,false,לואקר טורטינה שוקולד חלב,"כד בני דרום בע""מ",IT,טורטינה וופל שוק 21ג,,21.00,100 גרם,false,1,5.50,26.19,true,1,521
80001072,false,לואקר שוקולד חלב 50,לואקר,IT,לואקר שוקולד חלב,,50.00,100 גרם,false,1,7.20,14.40,true,1,19908
80001089,false,לואקר שוקולד מריר 50,לואקר,IT,לואקר שוקולד מריר,,50.00,100 גרם,false,1,7.20,14.40,true,1,19909
80001256,false,לואקר שוקולד אגוז54 גרם12X,לואקר,IT,לואקר שוקולד אגוז 55,,55.00,100 גרם,false,1,7.20,13.09,true,1,18365
80001287,false,וופל חטיף לואקר אגוז 38 גר',ליימן מותגים,AT,גרדנה וופל לואקר 38ג,,38.00,100 גרם,false,1,5.50,14.47,true,1,523
80001461,false,חטיף גרנדה שוקולד 38 גרם,"א. לואקר קונפקט בע""מ",AT,גרדנה וופל מצופה,,38.00,100 גרם,false,1,5.50,14.47,true,1,6629
80001485,false,חטיף גרנדה קוקוס 38 גרם,קריניציה ויטמינה אס,IT,גרדנה קוקוס,,38.00,100 גרם,false,1,5.50,14.47,true,1,8166
80001799,false,לואקר טורטינה שוקולד לבן,"כד בני דרום בע""מ",IT,טורטינה שוקולד לבן,,21.00,100 גרם,false,1,5.50,26.19,true,1,15936
80001911,false,וופל גרדנה במילוי קרם אגוזי לוז ובציפוי שוקולד לבן,ליימן מותגים,AT,גרדנה ש.לבן 38 גר,,38.00,100 גרם,false,1,5.50,14.47,true,1,18366
80050025,false,סוכריות טיק טק תפוז 16 גרם,פררו - אלבה,ZA,טיק טק תפוז,,16.00,100 גרם,false,1,5.50,34.38,true,1,414
80050124,false,סוכריות טיק טק מנטה 16 גרם,פררו - אלבה,ZA,טיק טק מנטה,,16.00,100 גרם,false,1,5.50,34.38,true,1,415
80050278,false,פררו רושר חטיף כדורים שלישיה 40ג',פררו - אלבה,IT,רושה חטיף שלישיה,,37.50,100 גרם,false,1,9.90,26.40,true,1,474
80052760,false,קינדר בואנו Kinder Bueno עם חלב ואגוזי לוז,פררו - אלבה,PL,קינדר בואנו,,43.00,100 גרם,false,1,8.50,19.77,true,1,524
80052883,false,סוכריות טיק טק מנטה חזק 16 גרם,צ'וקטה,ZA,טיק טק מנטה חזק,,16.00,100 גרם,false,1,5.50,34.38,true,1,23894
80176732,false,קינדר הפי היפו 28 יחידות,פררו - אלבה,DE,הפי היפו 21 גר,,21.00,100 גרם,false,1,5.50,26.19,true,1,6287
80177173,false,ממרח שוקולד נוטלה 350 גרם,פררו - אלבה,IT,נוטלה 350 גר,,350.00,100 גרם,false,1,19.90,5.69,true,1,10531
80177609,false,אצבעות שוקולד קינדר Kinder ארבע יחידות,פררו - אלבה,IT,אצבעות קינדר 50 גר,,50.00,100 גרם,false,1,5.50,11.00,true,1,478
80177616,false,אצבעות שוקולד קינדר Kinder שמונה יחידות,פררו - אלבה,IT,קינדר אצבעות 100גר,,100.00,100 גרם,false,1,11.90,11.90,true,1,479
80310549,false,הפי היפו חטיף קינדר שוקולד לבן 20.5ג',קריות זול,DE,הפי היפו אגוזים,,21.00,100 גרם,false,1,5.50,26.19,true,1,23916
80310891,false,ג'וי ביצת הפתעה קינדר 20 גרם,קריות זול,ZA,קינדר גוי,,0.00,,false,1,8.90,0.00,true,1,7653
80761761,false,קינדר בואנו לבן בודד 39 גרם,ליימן שליסל,PL,קינדר בואנו לבן,,39.00,100 גרם,false,1,8.50,21.79,true,1,13570
80768258,false,קינדר גוי בודד ורוד 20גר,פררו - אלבה,ZA,קינדר גוי ורוד-חדש,,20.00,100 גרם,false,1,8.90,44.50,true,1,16512
80773429,false,מנטוס בקבוק מעוגל - מסטיק ללא סוכר בטעם תות 60 גרם,"פרפטי ואן מלה ג'\ידה,סאן",TR,מסטיק מנטוס תות,,60.00,100 גרם,false,1,11.00,18.33,true,1,20344
80773443,false,מנטוס בקבוק מעוגל - מסטיק ללא סוכר בטעם מנטה 60 גרם,"פרפטי ואן מלה ג'\ידה,סאן",TR,מנטוס מסטיק מ.עדינה,,60.00,100 גרם,false,1,11.00,18.33,true,1,19530
80790990,false,מסטיק מנטוס בבקבוק מעוגל בטעם פירות -מנטה 60 ג',"פרפטי ואן מלה ג'\ידה,סאן",TR,מנטוס מסטיק פירות,,60.00,100 גרם,false,1,11.00,18.33,true,1,19531
80809265,false,וופל לואקר טורטינה חמאת בוטנים 21 גר,לואקר,AT,טורטינה ח.בוטנים 21,,21.00,100 גרם,false,1,5.50,26.19,true,1,26228
80820956,false,לואקר חטיף פטיסרי אג,לואקר,IT,לואקר פטיסרי אגוז,,21.00,100 גרם,false,1,5.50,26.19,true,1,24444
80820970,false,שוקולד חלב ממולא קרם קרמל ועלי וופל פריכ,לואקר,IT,טורטינה קרמל 21ג,,21.00,100 גרם,false,1,5.50,26.19,true,1,24236
80831402,false,סוכריות מנטוס מנטה עדינה 30 יח' ללא סוכר CLEAN BREATH,פרפטי ואן מלה,NL,סוכריות מנטוס,,21.00,100 גרם,false,1,7.90,37.62,true,1,23896
80832560,false,סוכריות מנטוס פירות יער 21 ג' ללא סוכר CLEAN BREATH,פרפטי ואן מלה,TR,מנטוס קלין פירות יער,,21.00,100 גרם,false,1,7.90,37.62,true,1,27080
80833468,false,לואקר חטיף פטיסרי קו,לואקר,IT,לואקר פטיסרי קוקוס,,22.00,100 גרם,false,1,5.50,25.00,true,1,24445
80843184,false,מנטוס מסטיק פיור פרש בטעם ענבים 60גר,פרפטי ואן מלה הולנד,TR,מ.פיורפרש ב.ענבים,,60.00,100 גרם,false,1,11.00,18.33,true,1,24459
80854753,false,סוכריות מנטוס מנטה 30 יח' ללא סוכר CLEAN BREATH,פרפטי ואן מלה,NL,סוכריות מנטוס מנטה,,21.00,100 גרם,false,1,7.90,37.62,true,1,23212
80862130,false,"מנטוס מסטיק פיור פרש - אבטיח 28 גרם (14 יח') חת""ס",פרפטי ואן מלה ברדה,TR,מנטוס פיור אבטיח,,28.00,100 גרם,false,1,6.00,21.43,false,1,23851
80864059,false,וופל גרדנה עם קרם חמאת בוטנים בציפוי שוקולד חלב,ליימן מותגים,AT,גרדנה ח.בוטנים 38ג,,38.00,100 גרם,false,1,5.50,14.47,true,1,26229
80864295,false,סוכריות פיור וויט טעם מנטה עדינה 60 ג' מנטוס,"פרפטי ואן מלה ג'ידה,סאן",TR,מנטוס ב.פיור מ.עדינה,,60.00,100 גרם,false,1,11.00,18.33,true,1,24947
80874652,false,קינדר קארדס 120 גרם - בודד,פררו,IT,קינדר קארדס,,25.60,100 גרם,false,1,5.00,19.53,true,1,26829
80887744,false,מנטוס מסטיק בקבוקון כיס בטעם מנטה,ליימן שליסל,NL,מנטוס בקבוקון מנטה,,28.00,100 גרם,false,1,6.00,21.43,true,1,24460
80896081,false,מנטוס בקבוק מעוגל - מסטיק ללא סוכר בטעם אבטיח 60 גרם,"פרפטי ואן מלה ג'\ידה,סאן",TR,מנטוס מסטיק אבטיח,,60.00,100 גרם,false,1,11.00,18.33,true,1,20345
80913467,false,מנטוס בקבוק מעוגל - מסטיק ללא סוכר בטעם מנטה,פרפטי ואן מלה הולנד,TR,מנטוס מסטיק מנטה,,60.00,100 גרם,false,1,11.00,18.33,true,1,19532
80936848,false,סוכריות טיק טק תות שדה 24 יח',ליימן-שליסל,ZA,טיק טק תות שדה,,16.00,100 גרם,false,1,5.50,34.38,true,1,16118
80945468,false,סוכריות פיור וויט טעם מנטה מתוקה 60 ג' מנטוס,"פרפטי ואן מלה ג'ידה,סאן",TR,מנטוס ב.פיור מ.מתוקה,,60.00,100 גרם,false,1,11.00,18.33,true,1,24948
80954521,false,"מנטוס מסטיק פיור פרש - תות 28 גרם (14 יח') חת""ס",פרפטי ואן מלה ברדה,TR,מנטוס פיור תות,,28.00,100 גרם,false,1,6.00,21.43,false,1,23852
80974482,false,קינדר ג'וי כחול 72 יחידות,פררו - אלבה,ZA,קינדר גוי-חדש,,20.00,100 גרם,false,1,8.90,44.50,true,1,16373
80977070,false,מנטוס מסטיק בקופסה בטעם פירות טרופיים,פרפטי ואן מלה ברדה,TR,מנטוס פיור טרופי,,28.00,100 גרם,false,1,6.00,21.43,false,1,23853
80977278,false,מנטוס מסטיק בקבוקון כיס בטעם פירות מנטה,ליימן שליסל,NL,מנטוס בקבוקון פ.מנטה,,28.00,100 גרם,false,1,6.00,21.43,true,1,24461
80979128,false,מנטוס מסטיק בקבוק מעוגל בטעם דובדבן,פרפטי ואן מלה הולנד,TR,מנטוס בקבוקון דובדבן,,60.00,100 גרם,false,1,11.00,18.33,false,1,25302
80982470,false,מסטיק מנטוס פיור פרוסט בטעם מנטה חזק 60 גר',פרפטי ואן מלה ברדה,TR,מסטיק מנטוס פיור,,60.00,100 גרם,false,1,11.00,18.33,true,1,24242
80986348,false,סוכריות פיור וויט טעם מנטה 60 ג' מנטוס,"פרפטי ואן מלה ג'ידה,סאן",TR,מנטוס ב.פיור ו.מנטה,,0.00,,false,1,11.00,0.00,true,1,24949
80995128,false,מנטוס בקבוק עגול בטעם הדרים בתוספת ויטמינים 60 גרם,פרפטי ואן מלה הולנד,TR,מנטוס בטעם הדרים,,60.00,100 גרם,false,1,11.00,18.33,true,1,27217
87108538,false,סוכריות בטעם תות מנטוס 37.5 גרם,הדקלאים אגודת שיתופי,NL,מנטוס תות גליל,,37.50,100 גרם,false,1,5.00,13.33,true,1,7635
87311396,false,מנטוס ריינבאוו סוכריות לעיסה בטעמי פירות,פרפטי ואן מלה ברדה,NL,מנטוס גליל Rainbow,,37.50,100 גרם,false,1,5.00,13.33,true,1,14849
87354041,false,מנטוס גליל בטעם דובדבן 40גלילים,פרפטי ואן מלה,NL,מנטוס גליל דובדבן,,37.50,100 גרם,false,1,5.00,13.33,true,1,24239
90162602,false,רד בול משקה אנרגיה פקדון 30 אג,רד בול ג'י.אם.בי. אץ,IL,רד בול פחית 250 מל,,250.00,"100 מ""ל",false,1,9.90,3.84,true,1,8306
90162800,false,רד בול משקה אנרגיה ללא סוכר פקדון 30 אג,רד בול ג'י.אם.בי. אץ,AT,רד בול פחית מ.סוכר,,250.00,"100 מ""ל",false,1,9.90,3.84,true,1,8307
90446269,false,"משקה רד בול אבטיח מוגז פחית 250 מ""ל",ראון פרוכטסאפה,AT,רד בול אבטיח - חדש,,330.00,"100 מ""ל",false,1,6.00,1.73,true,1,24561
90448867,false,"משקה אנרגיה רד בול ללא פחמימות 250 מ""ל",רד בול,AT,רד בול ללא.פ 250 מל,,250.00,"100 מ""ל",false,1,9.90,3.84,true,1,26231
90453427,false,"משקה אנרגיה רד בול פיטאיה 250 מ""ל",רד בול,AT,רד בול פיטאיה 250 מל,,250.00,"100 מ""ל",false,1,6.00,2.28,true,1,26232
96198117,false,פישרמנס ספירמינטס ללא סוכר,Unknown,GB,פישרמנס ספירמינט,,0.00,,false,1,9.90,0.00,false,1,27420
96198155,false,פישרמנס אקליפטוס ללא סוכר - כחול לבן,Unknown,,פישרמנס אקלים כחול,,0.00,,false,1,9.90,0.00,false,1,27421
96198162,false,פישרמנס מנטה ללא סוכר - ירוק לבן,Unknown,GB,פישרמנס ירוק לבן,,0.00,,false,1,9.90,0.00,false,1,27422
9073102314,false,"גלידה סורבט שרונס קוקוס 473מ""ל",מוצרי איכות אמריקאיים,IL,סורבה קוקוס,,420.00,"100 מ""ל",false,1,19.90,4.74,true,1,19612
9800800056,false,חטיף שוקולד עם מקלות לחם אנד גו,פררו - אלבה,DE,נוטלה טו גו,,52.00,100 גרם,false,1,8.90,17.12,true,1,20042
12300102131,false,סיגריות כאמל סופט פק,Unknown,CH,פאקט כאמל רך,,0.00,,false,1,320.00,0.00,false,1,3477
12300103138,false,סיגריות כאמל בוקס פק,Unknown,CH,כאמל צהוב בוקס,,0.00,,false,1,320.00,0.00,false,1,3476
12300107136,false,סיגריות כאמל כחול פק,Unknown,CH,כאמל כחול לייט פאקט,,0.00,,false,1,320.00,0.00,false,1,3475
12300111133,false,וינסטון כחול סופט פקט,Unknown,CH,פאקט וינסטון לייט רך,,0.00,,false,1,320.00,0.00,false,1,3471
12300112130,false,סיגריות וינסטון בוקס,Unknown,CH,פאקט וינסטון רגיל,,0.00,,false,1,345.00,0.00,false,1,3478
12300119139,false,ווינסטון כחול בוקס עשירייה,Unknown,CH,פאקט וינסטון לייט,,0.00,,false,1,345.00,0.00,false,1,3473
12300141130,false,כאמל כתום פאקט,Unknown,,כאמל כתום פאקט,,0.00,,false,1,295.00,0.00,false,1,10494
12300159135,false,וינסטון כחול ארוך פאקט,Unknown,CH,וינסטון כחול ארוך,,0.00,,false,1,345.00,0.00,false,1,17998
12300253864,false,סיגריות וינסטון אפור,Unknown,,וינסטון סילבר חפיסה,,0.00,,false,1,33.00,0.00,false,1,99
12300253871,false,פקאט ווינסטון סופר,Unknown,,פקאט ווינסטון סופר,,0.00,,false,1,320.00,0.00,false,1,3472
16000142220,false,נ.וואלי חטיף PROTEIN XL קרמל מלוח,ליימן שליסל,US,נייטשר ואלי ק.מלוח,,60.00,100 גרם,false,1,13.90,23.17,true,1,25638
16000423534,false,חטיפי גרנולה קראנצ'י עם שיבולת שועל ושוקולד מריר נייצ'ר ואלי 5*42 גרם,ג'נרל מילס סאן אדריאן,ES,קראנצי 1/5 ש.שועל,,210.00,100 גרם,false,1,19.00,9.05,true,1,21012
16000507777,false,נייטשר ואלי חטיף קראנצ'י שוקולד,ג'נרל מילס,ES,נייטשר וואלי שוקולד,,42.00,100 גרם,false,1,6.00,14.29,true,1,13800
16000515420,false,נ.וואלי חטיף PROTEIN XL שוקולד ובוטנים,ליימן שליסל,US,נייטשר ואלי שוקולד,,60.00,100 גרם,false,1,13.90,23.17,true,1,25639
16000548404,false,חטיפי גרנולה קראנצ'י עם שיבולת שועל ודבש נייצ'ר ואלי 5*42 גרם,ג'נרל מילס סאן אדריאן,ES,קראנצי שיבולת שועל,,210.00,100 גרם,false,1,19.00,9.05,true,1,12196
16000548497,false,קראנצי שיבולת שועל ודבש בודד 42גר,ג'נרל מילס,,נייטשר וואלי ש.שועל,,42.00,100 גרם,false,1,6.00,14.29,true,1,2165
16000548503,false,חטיפי גרנולה קראנצ'י עם מייפל וסוכר חום נייצ'ר ואלי 5*42 גרם,ג'נרל מילס סאן אדריאן,ES,נייצר וואלי מייפל5י,,210.00,100 גרם,false,1,19.00,9.05,true,1,21008
16000548596,false,חטיף 18 יח מייפל וסוכר חום,ג'נרל מילס,,נייטשר וואלי מייפל,,42.00,100 גרם,false,1,6.00,14.29,true,1,2164
16000548909,false,חטיפי גרנולה קראנצ'י במגוון טעמים נייצ'ר ואלי 5*42 גרם,ג'נרל מילס סאן אדריאן,ES,נייצר וואלי מעורב5י,,210.00,100 גרם,false,1,19.00,9.05,true,1,13823
17170000227,false,סט כלים רב פ. ל-6 ס.,Unknown,,סט כלים רב פ. ל-6 ס.,,0.00,,false,1,69.90,0.00,false,1,24017
18000701223,false,"פילסברי, עוגה בטעם שוקולד, תערובת להכנת עוגה בטעם שוקולד. 500 גרם",הדקלאים אגודת שיתופי,IL,פילסברי ת. לע.שוקולד,,500.00,100 גרם,false,1,19.90,3.98,true,1,21011
18000703494,false,"פילסברי, עוגה בטעם וניל, תערובת להכנת עוגה בטעם וניל. 500 גרם.",הדקלאים אגודת שיתופי,IL,ת.לעוגה בטעם וניל,,500.00,100 גרם,false,1,19.90,3.98,true,1,20273
30100487197,false,קיבלר סנדוויץ קרקר גבינה וצדר 39 גרם,"מאכלי עולם ר.ז. בע""מ",,סנדוויץ קרקר ג. צדר,,39.00,100 גרם,false,1,5.90,15.13,true,1,16848
30100545101,false,קיבלר סנדוויץ קרקר קלאב צדר 39 גרם,"מאכלי עולם ר.ז. בע""מ",,ס.קרקר במילוי צדר,,39.00,100 גרם,false,1,5.90,15.13,true,1,16847
36000516890,false,ממחטות אף עם אלוורה + ויטמין E תלת שכבתי,חוגלה קימברלי,US,קלינקס לושן 3שכבות,,120.00,יחידה,false,1,20.90,0.17,false,1,22821
37600207188,false,חמאת בוטנים קלאסי סקיפי 462 גרם,חברת המזון אלגוד,US,סקיפי ממרח 462 גרם,,462.00,100 גרם,false,1,24.90,5.39,true,1,22062
37600297943,false,מטבל סלסה חריף- צ'י צ'י 439 גר,מותגים,US,סלסה - חריף,,300.00,100 גרם,false,1,17.90,5.97,true,1,26995
37600297967,false,מטבל סלסה בחריפות עדינה ציי צי 439 גר,מותגים,US,סלסה - עדין,,300.00,100 גרם,false,1,17.90,5.97,true,1,26996
38000183690,false,חטיף צ'יפס פרינגלס מידי ברביקיו 71 גרם,פרינגלס מנופקצ'ורינג,US,פרינגלס מידי ברביקיו,,71.00,100 גרם,false,1,6.00,8.45,true,1,20488
38000232152,false,פרינגלס חטיפי תפוח אדמה בטעם ברביקיו 158 גרם,פרינגלס מנופקצ'ורינג קומ,US,פרינגלס ביג ברביקיו,,158.00,100 גרם,false,1,9.90,6.27,true,1,22594
38000232169,false,פרינגלס מידי אורגינל 71 גרם,פרינגלס מנופקצ'ורינג קונ,US,פרינגלס מידי אורגינל,,67.00,100 גרם,false,1,6.00,8.96,true,1,22595
38000232176,false,פרינגלס ביג שמנת בצל 158 גרם,פרינגלס מנופקצ'ורינג קונ,US,פרינגלס ביג שמנת בצל,,158.00,100 גרם,false,1,9.90,6.27,true,1,22596
38000232183,false,פרינגלס ביג אורגינל 149 גרם,פרינגלס מנופקצ'ורינג קונ,US,פרינגלס ביג אורגינל,,149.00,100 גרם,false,1,9.90,6.64,true,1,22597
38000845253,false,חטיף צ'יפס פרינגלס מידי שמנת בצל 71 גרם,פרינגלס מנופקצ'ורינג קונ,US,פרינגלס מידי ש.בצל,,71.00,100 גרם,false,1,6.00,8.45,true,1,18108
38527591053,false,קואקר דגנים מרובעים שיבולת שועל וקינמון,קוואקר אוטס קומפני,US,דגנים מרובעים קינמון,,411.00,100 גרם,false,1,18.90,4.60,true,1,22061
38527591060,false,דגני קוואקר מרובעים Quaker Squares עם סוכר חום,קוואקר אוטס קומפני,US,קוואקר מרובעים בסוכר,,411.00,100 גרם,false,1,18.90,4.60,true,1,26404
40000514480,false,M&M אריזה קטנה's שוקולד אריזה קטנה 48 גרם,M&M אם אנד אם,US,אמ אנד אמס שוקו,,47.78,100 גרם,false,1,6.50,13.60,true,1,18452
40000514510,false,M&M אריזה קטנה's בוטנים אריזה קטנה 49 גרם,M&M אם אנד אם,US,אמ אנד אמס פינאט,,51.70,100 גרם,false,1,6.50,12.57,true,1,18387
41570006726,false,בלו דיאמנד ש.מעושן,Unknown,,בלו דיאמנד ש.מעושן,,150.00,100 גרם,false,1,29.90,19.93,true,1,26997
41570071731,false,בלו דיאמנד ש.קלויים,Unknown,,בלו דיאמנד ש.קלויים,,150.00,100 גרם,false,1,29.90,19.93,true,1,26998
46214731552,false,עוגיות שוקולד צ'יפס 37% גודיס 225 גרם,קריניציה ויטמינה אס,NL,עוגיות שוקולד ציפס,,225.00,100 גרם,false,1,9.90,4.40,true,1,1153
51131978393,false,זוג שפורפרות סופר גלו גל 4 גר,Unknown,,גל סופר גלו 4 גר,,4.00,100 גרם,false,1,20.00,500.00,true,1,18613
51135807514,false,סופר גלו נוזלי 4 שפופרות,Unknown,,סופר גלו 2 גר *4,,4.00,100 גרם,false,1,20.00,500.00,true,1,18614
70382008949,false,מנקה שטיחים,Unknown,,מנקה שטיחים,,296.00,"100 מ""ל",false,1,74.00,25.00,false,1,23857
70382013905,false,מנקה שטיחים ור. בד,Unknown,,מנקה שטיחים ור. בד,,560.00,"100 מ""ל",false,1,74.90,13.38,false,1,24155
70382101237,false,מחדש פנסים נוזלי,Unknown,,מחדש פנסים נוזלי,,539.00,100 גרם,false,1,69.00,12.80,false,1,23858
70970471254,false,מייק לייק - סוכריות ג'לי בינס קרטונית פירות ירוק 141 גרם,ג'\אסט בורן,US,מייק&הייק פירות 141ג,,141.00,100 גרם,false,1,12.90,9.15,true,1,21818
70970471261,false,סוכריות ג'לי בינס פרות טרופים קרטונית 141ג',גאסט בורן,US,מייק & הייק טרופי,,141.00,100 גרם,false,1,12.90,9.15,true,1,22346
70970471278,false,מייק לייק - סוכריות ג'לי בינס קרטונית פירות יער כחול 141 גרם,גאסט בורן,US,מייק אנד הייק פירות,,141.00,100 גרם,false,1,12.90,9.15,true,1,22347
70970471285,false,"סוכריות מייק אייק רד רייג'רס, 141 ג'",ג'אסט בורן,US,בינס דובדבן אדום,,141.00,100 גרם,false,1,12.90,9.15,true,1,26761
70970471308,false,"סוכריות מייק אייק רד רייג'רס, 141 ג'",ג'אסט בורן,US,סוכריות בינס ענבים,,141.00,100 גרם,false,1,12.90,9.15,true,1,26762
70970473562,false,מייק לייק - סוכריות ג'לי בינס קרטונית מגה מיקס 141 גרם,ג'\אסט בורן,US,מייק&הייק מגה מיקס,,141.00,100 גרם,false,1,12.90,9.15,true,1,21819
70970473609,false,סוכריות ג'לי מייק&נייק מגה מיקס חמוץ 141 גר',ג'\אסט בורן,US,מייק&הייק מיקס חמוץ,,141.00,100 גרם,false,1,12.90,9.15,true,1,23002
72600062306,false,הרס חטיף במבה בטעם גבינה 198 גרם,הר פודס,US,הר חטיף גבינה 198 ג,,198.00,100 גרם,false,1,24.90,12.58,true,1,27009
72600062313,false,הר חטיף גבינה בפאלו גבינה כחולה 198 גרם,הר פודס,US,הר חטיף ג.כחולה 198,,198.00,100 גרם,false,1,24.90,12.58,true,1,27010
72600062320,false,הר חטיף גבינה בטעם פיצה 198 גרם,הר פודסn\,US,הר ח.גבינה פיצה 198ג,,198.00,100 גרם,false,1,24.90,12.58,true,1,27011
74570004003,false,גלידה בטעם וניל 473 ג' האגן דאז,האגן-דאז,FR,האגן דאז פיינט וניל,,473.00,"100 מ""ל",false,1,30.00,6.34,true,1,21736
74570024001,false,גלידה בטעם תות שדה 473 ג' האגן דאז,האגן-דאז,FR,האגן דאז פיינט תות,,473.00,"100 מ""ל",false,1,30.00,6.34,true,1,21741
74570174003,false,גלידה בטעם אגוזי מקדמיה 473 ג' האגן דאז,האגן-דאז,FR,האגן דאז מקדמיה,,473.00,"100 מ""ל",false,1,30.00,6.34,true,1,21737
74570274000,false,גלידה בטעם קרם עוגיות 473 ג' האגן דאז,האגן-דאז,FR,האגן דאז ק. עוגיות,,473.00,"100 מ""ל",false,1,30.00,6.34,true,1,21738
74570610051,false,גלידה בטעם שוקולד בלגי 473 ג' האגן דאז,האגן-דאז,FR,האגן דאז שוקולד בלגי,,473.00,"100 מ""ל",false,1,30.00,6.34,true,1,21739
74570703890,false,"גלידה האגן דאז פרלינים 473 מ""ל",האגן-דאז,FR,האגן דאז פרלינים,,473.00,"100 מ""ל",false,1,30.00,6.34,true,1,21734
74570950010,false,גלידה בטעם גבינה ותות 473 ג' האגן דאז,האגן-דאז,FR,פיינט האגן עו גבינה,,473.00,"100 מ""ל",false,1,30.00,6.34,true,1,21740
76501324020,false,סט שלוש צידניות,Unknown,,סט שלוש צידניות,,0.00,,false,1,259.00,0.00,false,1,24080
76840000661,false,פינט באטר טבעוני ללאחלב,Unknown,US,בן&גריס באטר ח.אפוי,,473.00,"100 מ""ל",false,1,33.00,6.98,true,1,20288
76840001767,false,"גלידה בן &ג'ריס וניל עוגיות חמאת בוטנים 500 מ""ל",מוצרי איכות אמריקאיים בע,IL,בן&גריס ake no bake,,423.00,100 גרם,false,1,19.90,4.70,true,1,23210
76840001774,false,"גלידה עוגיות חלב עם חתיכות פאדג בן וג'ירי 500 מ""ל",מוצרי איכות אמריקאיים בע,IL,בן&גריס בצק עוגיות,,431.00,100 גרם,false,1,19.90,4.62,true,1,23211
76840002306,false,חטיף בצק עוגיות בן א,בן אנד גריס,US,בן&גריס ח.ב.עוגיות,,227.00,100 גרם,false,1,24.90,10.97,true,1,24247
76840002351,false,גלידה גימי סמור עם מרשמלו קלוי פירורי שוקולד בן וג'ירי 428 ג',מוצרי איכות אמריקאיי,IL,בן&גריס גימי סמור,,444.00,100 גרם,false,1,19.90,4.48,true,1,23893
76840002535,false,חטיף חצי אפוי בן אנד,בן אנד גריס,US,בן&גריס ח.חצי אפוי,,180.00,100 גרם,false,1,24.90,13.83,true,1,24248
76840002542,false,"גלידת בן & ג'ריס פיינט נטפליקס וצ'ילד 500מ""ל",מוצרי איכות אמריקאיים בע,IL,פיינט חמאת בוטנים,,473.00,"100 מ""ל",false,1,19.90,4.21,true,1,23034
76840100125,false,"בן אנד גריס גלידת צאבי צאבי 500 מ""ל",מוצרי איכות אמריקאיים בע,IL,בן&גריס צאבי האבי,,500.00,"100 מ""ל",false,1,19.90,3.98,true,1,13298
76840100156,false,"בן אנד גריס גלידת צרי גרסיה 500 מ""ל",מוצרי איכות אמריקאיים בע,IL,בן&גריס צרי גרסיה,,441.00,100 גרם,false,1,19.90,4.51,true,1,9097
76840100583,false,"גלידת וניל עם בצק עוגיות בן וג'ירי 473 מ""ל",מוצרי איכות אמריקאיים בע,IL,בן&גריס בצק עוגיות,,500.00,"100 מ""ל",false,1,19.90,3.98,true,1,12687
76840100811,false,גלידה חמאת בוטנים בן וג'ירי 428 ג',מוצרי איכות אמריקאיים בע,IL,בן&גריס פינט באטר ק,,500.00,"100 מ""ל",false,1,19.90,3.98,true,1,15266
76840100989,false,"גלידת פיש פוד בן וג'ירי 473 מ""ל",מוצרי איכות אמריקאיים בע,IL,בן&גריס פיש פוד,,473.00,"100 מ""ל",false,1,19.90,4.21,true,1,11733
76840101542,false,גלידת קרמל סוטרא בן וג'ירי 428 ג',מוצרי איכות אמריקאיים בע,US,בן&גריס קרמל סוטרא,,441.00,100 גרם,false,1,19.90,4.51,true,1,14758
76840102051,false,"גלידת שמנת קרמל וקינמון בן וג'ירי 473 מ""ל",מוצרי איכות אמריקאיים בע,IL,פיינט קינמון באנס,,500.00,"100 מ""ל",false,1,19.90,3.98,true,1,10736
76840400027,false,"גלידה בן&ג'ריס שוקלד משפחתית 500מ""ל",מוצרי איכות אמריקאיים בע,IL,בן&גריס פיינט שוקולד,,420.00,"100 מ""ל",false,1,19.90,4.74,true,1,9098
76840400218,false,"גלידה בן&ג'ריס תות שדה ועוגת גבינה 500מ""ל",מוצרי איכות אמריקאיים בע,IL,בן&גריס גבינה ותות,,431.00,100 גרם,false,1,19.90,4.62,true,1,16060
76840620029,false,גלידת בן אנד ג'ריס בטעם תות שדה,מוצרי איכות אמריקאיים בע,IL,פיינט תות שדה כשלפ,,500.00,"100 מ""ל",false,1,19.90,3.98,true,1,9100
76840620036,false,"גלידה בן&ג'ריס חצי אפוי משפחתית 500מ""ל",מוצרי איכות אמריקאיים בע,IL,בן&גריס חצי אפוי,,433.00,100 גרם,false,1,19.90,4.60,true,1,19971
76840657841,false,גלידה בן&גרי סלייס ב,מוצרי איכות אמריקאים,IL,סלייס בצק עוגיות,,82.00,100 גרם,false,1,12.80,15.61,true,1,22645
77245110610,false,סוכריות מאסט ללא סוכר בטעם מנטה 80 ג'עלית,MIESZKO S.A - MS. JO,PL,מאסט סוכר מנטה 80גר,,80.00,100 גרם,false,1,10.50,13.12,true,1,2615
77975094631,false,סניידרס סנדוויץ' בייגלה במילוי קרם בטעם צ'דר 226 גרם,סניידרס לאנס,US,סניידרס צדר 226גר,,226.00,100 גרם,false,1,17.90,7.92,true,1,23299
77975094761,false,סניידרס חטיפים על בסיס קמח חיטה בטעם גבינת צ'דר,סניידרס אוף האנובר,US,סניידרס צדר,,340.00,100 גרם,false,1,17.90,5.26,true,1,24131
77975094778,false,שברי בייגלה סניידרס בטעם דבש חרדל 340 גר,סניידרס אוף האנובר,US,סניידרס דבש חרדל340,,340.00,100 גרם,false,1,17.90,5.26,true,1,24312
77975095263,false,שברי בייגלה ממחמצת טעם צ'דר,סניידרס,US,סניידרס צדר חדש,,319.00,100 גרם,false,1,17.90,5.61,true,1,27450
80432402931,false,"וויסקי סקוטי, שיבאס ריגאל 12 שנה, 700 מ''ל",מזקקת האחים שיבאס,SE,שיבאס ריגל 700 מל,,700.00,"100 מ""ל",false,1,152.00,21.67,true,1,17138
80480015701,false,רום בקרדי 200,Unknown,US,רום בקרדי 200,,200.00,"100 מ""ל",false,1,36.90,18.30,false,1,25608
80480280048,false,"וודקה גריי גוס 40% 200מ""ל",בקרדי מרטיני,FR,גריי גוס 200 מל,,200.00,"100 מ""ל",false,1,69.90,34.80,true,1,24221
82184090510,false,"וויסקי ג'ק דניאלס 375מ""ל",בראון פורמן,US,גק דניאלס 375 מל,,375.00,"100 מ""ל",false,1,82.90,22.03,true,1,24205
91400000028,false,פ.ריח קל משב רוח ים,Unknown,,פ.ריח קל משב רוח ים,,0.00,,false,1,20.00,0.00,false,1,21106
91400000073,false,קליפורניה פחית מיכל ריח מוצק - דובדבן,דנשר,US,פחית קלפורניה דובדבן,,0.00,,false,1,20.00,0.00,true,1,17657
91400000103,false,פחית ריח קליפ לימון,Unknown,,פחית ריח קליפ לימון,,0.00,,false,1,20.00,0.00,false,1,21107
91400000226,false,קליפורניה פחית מיכל ריח מוצק - מסטיק,דנשר,US,פחית קליפורניה מסטיק,,0.00,,false,1,20.00,0.00,true,1,17656
91400000288,false,קליפורניה פחית מיכל ריח מוצק - וניל,דנשר,US,פחית ריח קליפו וניל,,0.00,,false,1,20.00,0.00,false,1,21108
91400001230,false,פחית ריח קליפ קוקוס,Unknown,,פחית ריח קליפ קוקוס,,0.00,,false,1,20.00,0.00,false,1,21109
91400001292,false,פחית ריח קל רכב חדש,Unknown,,פחית ריח קל רכב חדש,,0.00,,false,1,20.00,0.00,false,1,21110
91400032203,false,פחית ריח ק עשן נמוג,Unknown,,פחית ריח ק עשן נמוג,,0.00,,false,1,20.00,0.00,false,1,21111
91400032210,false,קליפורניה פחית מיכל ריח מוצק -מבשם כביסה,דנשר,US,פ.ריח קל מבשם כביסה,,0.00,,false,1,20.00,0.00,false,1,21112
91400032739,false,קליפורניה פחית מיכל ריח מוצק - אייס,דנשר,US,פחית ריח קליפו אייס,,0.00,,false,1,20.00,0.00,false,1,21113
97643083040,false,"שוקולד רוזמרי נוסטלגי שמרלינג 100 גרם כשל""פ",שמרלינג,CH,רוזמרי נוסטלגיה 100ג,,100.00,100 גרם,false,1,13.90,13.90,true,1,26667
194252705100,false,אייפון 13 לבן,Unknown,,אייפון 13 לבן,,0.00,,false,1,3350.00,0.00,false,1,27324
194252786239,false,אייפון 13 שחור,Unknown,,אייפון 13 שחור,,0.00,,false,1,3350.00,0.00,false,1,27325
194252818381,false,AIRPODS 3 APPLE,Unknown,,AIRPODS 3 APPLE,,0.00,,false,1,729.00,0.00,false,1,25262
251071736388,false,פחמים לנרגילה,Unknown,,פחמים לנרגילה,,0.00,,false,1,5.00,0.00,false,1,17564
302206150016,false,ס.אלקטרוניות בלו ברי,Unknown,,ס.אלקטרוניות בלו ברי,,0.00,,false,1,99.00,0.00,false,1,27110
302206150023,false,ס.אלקטרוניות תות,Unknown,,ס.אלקטרוניות תות,,0.00,,false,1,99.00,0.00,false,1,27109
302206150030,false,ס.אלקטרוניות אבטיח,Unknown,,ס.אלקטרוניות אבטיח,,0.00,,false,1,99.00,0.00,false,1,27101
302206150047,false,ס.אלקטרוניות -ענבים,Unknown,,ס.אלקטרוניות -ענבים,,0.00,,false,1,99.00,0.00,false,1,27107
302206150054,false,ס.אלקטרוניות תפוח,Unknown,,ס.אלקטרוניות תפוח,,0.00,,false,1,99.00,0.00,false,1,27111
305210256712,false,וזלין לשפתיים אורגינל 0.25 אונקיה,"יוניליוור ג'ונסבורו,",US,וזלין מיני לשפתיים,,7.00,100 גרם,false,1,12.90,184.29,false,1,22199
382902561149,true,בדיקת קורונה ביתית5,Unknown,,בדיקת קורונה ביתית5,,5.00,יחידה,false,,159.00,31.80,false,1,24824
608614324422,false,פולי קפה 500ג מולאטו,Unknown,,פולי קפה 500ג מולאטו,,500.00,100 גרם,false,1,39.00,7.80,true,1,22335
608614324439,false,פולי קפה 500ג ריקו,Unknown,,פולי קפה 500ג ריקו,,500.00,100 גרם,false,1,39.00,7.80,true,1,22336
613008742348,false,בקבוק אריזונה ג'נסינג ודבש 1 ליטר,"נטורלה גטרנק בע""\מn\",DE,אריזונה גינסנג ודבש,,1.00,1 ליטר,false,1,10.90,10.60,true,1,23913
613008753290,false,"בקבוק אריזונה אפרסק 450 מ""ל",נובה טרייד אל טי די,BG,אריזונה אפרסק,,450.00,"100 מ""ל",false,1,9.90,2.13,true,1,21643
613008753320,false,"אריזונה ג'ינסנג ודבש בקבוק 450 מ""ל.",אריזונה Arizona,BG,אריזונה גינסנג דבש,,450.00,"100 מ""ל",false,1,9.90,2.13,true,1,21644
613008753382,false,"בקבוק אריזונה אוכמניות 450 מ""ל",אריזונה Arizona,BG,אריזונה אוכמניות,,450.00,"100 מ""ל",false,1,9.90,2.13,true,1,21645
613008755461,false,בקבוק אריזונה אוכמניות 1 ליטר,"נטורלה גטרנק בע""\מn\",BG,אריזונה אוכמניות 1 ל,,1.00,1 ליטר,false,1,10.90,10.60,true,1,23914
619659069193,false,דיסק און קי 32GB,Unknown,,דיסק און קי 32GB,,0.00,,false,1,35.00,0.00,true,1,14853
619659184162,true,כרטיס זכרון 32G,Unknown,,כרטיס זכרון 32G,,0.00,,false,,38.90,0.00,false,1,23661
638102201010,false,חטיף זון קלסיק שוקולד חמאת בוטנים 50 גר,"אבוט נוטרישן, מעבדות",US,זון קלאסיק ח.בוטנים,,50.00,100 גרם,false,1,14.90,29.80,true,1,22977
638102203090,false,חטיף על בסיס חלבון סויה פאדג' גרהם,"אבוט נוטרישן, מעבדות",US,זון קלאסיק פאדג,,50.00,100 גרם,false,1,14.90,29.80,true,1,22978
638102532817,false,חטיף על בסיס חלבון סויה עם שוקולד מריר,"אבוט נוטרישן, מעבדות",US,זון דאבל שוקולד,,45.00,100 גרם,false,1,14.90,33.11,true,1,22979
638102582737,false,חטיף זון פרפקט רול קינמון 50 גרם,"אבוט נוטרישן, מעבדות",US,זון קלאסיק קינמון,,50.00,100 גרם,false,1,14.90,29.80,true,1,22980
641938390711,false,פחם 2 קג הדר השרון,Unknown,,פחם 2 קג הדר השרון,,2.00,"1 ק""ג",false,1,20.00,10.00,true,1,22887
656874247340,false,סיגריה 5000 שאיפות,Unknown,,סיגריה 5000 שאיפות,,0.00,,false,1,99.90,0.00,false,1,26701
656874280262,false,ס.א תות בננה 2500ש,Unknown,,ס.א תות בננה 2500ש,,0.00,,false,1,100.00,0.00,false,1,27462
656874280705,false,ס.אלקט מנגו 2500 ש,Unknown,,ס.אלקט מנגו 2500 ש,,0.00,,false,1,100.00,0.00,false,1,27452
656874281566,false,ס.א פירות טרופיים,Unknown,,ס.א פירות טרופיים,,0.00,,false,1,100.00,0.00,false,1,27458
656874281863,false,ס.אלקט אפרסק 2500ש,Unknown,,ס.אלקט אפרסק 2500ש,,0.00,,false,1,100.00,0.00,false,1,27453
656874282877,false,ס.אלקט אבטיח 2500 ש,Unknown,,ס.אלקט אבטיח 2500 ש,,0.00,,false,1,100.00,0.00,false,1,27451
656874284857,false,ס.אלקט ענבים 2500ש,Unknown,,ס.אלקט ענבים 2500ש,,0.00,,false,1,100.00,0.00,false,1,27459
656874285021,false,ס.א בלו ראאז 2500 ש,Unknown,,ס.א בלו ראאז 2500 ש,,0.00,,false,1,100.00,0.00,false,1,27457
656874286271,false,ס.א תות מנגו 2500ש,Unknown,,ס.א תות מנגו 2500ש,,0.00,,false,1,100.00,0.00,false,1,27454
656874287056,false,ס.א אייס אננס 2500ש,Unknown,,ס.א אייס אננס 2500ש,,0.00,,false,1,100.00,0.00,false,1,27461
656874287261,false,ס.אלק מנטה אייס,Unknown,,ס.אלק מנטה אייס,,0.00,,false,1,100.00,0.00,false,1,27460
656874288121,false,ס.אלקט בננה 2500ש,Unknown,,ס.אלקט בננה 2500ש,,0.00,,false,1,100.00,0.00,false,1,27456
656874288244,false,ס.אלקט מלון 2500ש,Unknown,,ס.אלקט מלון 2500ש,,0.00,,false,1,100.00,0.00,false,1,27455
684678107522,false,גריל גז פיטבוס 2 מבע,Unknown,,גריל גז פיטבוס 2 מבע,,0.00,,false,1,1950.00,0.00,false,1,24665
693493085809,false,מסיכות כירורגיות,Unknown,,מסיכות כירורגיות,,50.00,יחידה,false,1,19.90,0.40,false,1,23158
693493090742,false,חטיף ארצה נגיסי עוף,Unknown,,חטיף ארצה נגיסי עוף,,0.00,,false,1,10.00,0.00,false,1,27428
693493090827,false,חטיף סטיקים ברווז,Unknown,,חטיף סטיקים ברווז,,0.00,,false,1,10.00,0.00,false,1,27427
693493090933,false,חטיף ארצה נגיסי בקר,Unknown,,חטיף ארצה נגיסי בקר,,0.00,,false,1,10.00,0.00,false,1,27430
693493090940,false,חטיף ארצה נגיסי ארנב,Unknown,,חטיף ארצה נגיסי ארנב,,0.00,,false,1,10.00,0.00,false,1,27429
693493104685,false,מסיכות כירורגיות,Unknown,,מסיכות כירורגיות,,50.00,יחידה,false,1,19.90,0.40,false,1,23159
693493104692,false,מסיכות כירורגיות,Unknown,,מסיכות כירורגיות,,50.00,יחידה,false,1,19.90,0.40,false,1,23160
693493111218,false,המלבי של רויטל,Unknown,,המלבי של רויטל,,1.00,יחידה,false,1,7.50,7.50,false,1,26739
693493158930,false,בירה POP UP 330לימון,Unknown,,בירה POP UP 330לימון,,330.00,"100 מ""ל",false,1,8.90,2.61,false,1,27084
716165174011,false,נייר גלגול גדול+פילטר יח,Unknown,ES,RAW נייר גדול ופילטר,,0.00,,false,1,8.50,0.00,true,1,26541
716165174578,false,קונוס גדול קלאסי 3 יח,Unknown,ES,RAW קונוס 3 גדול,,0.00,,false,1,7.00,0.00,true,1,26544
716165176107,false,נייר גלגול בינוני+פילטר,Unknown,ES,נייר בינוני ופילטר,,0.00,,false,1,7.00,0.00,true,1,26543
716165177111,false,קונוס בינוני קלאסי 6 יח,Unknown,ES,RAW קונוס 6 בינוני,,0.00,,false,1,9.00,0.00,true,1,26545
716165202547,false,נייר גלגול קטן+פילטר יח,Unknown,ES,RAW נייר קטן ופילטר,,0.00,,false,1,7.00,0.00,true,1,26542
726754770401,false,פילטר פחם 50pcs/box,Unknown,,פילטר פחם 50pcs/box,,0.00,,false,1,39.90,0.00,true,1,25904
726754770500,false,קונוס אחסון PUFFIZ,Unknown,,קונוס אחסון PUFFIZ,,0.00,,false,1,5.00,0.00,true,1,25905
726754770944,false,PUFFIZ Rolling מגש,Unknown,,PUFFIZ Rolling מגש,,0.00,,false,1,14.90,0.00,true,1,25906
726754770951,false,שקיות אחסון 3.5גרם,Unknown,,שקיות אחסון 3.5גרם,,0.00,,false,1,4.00,0.00,true,1,25907
728229123590,false,טרה אורגינל חטיף על בסיס ירקות שורש בטעם טבעי 110 גרם,הונדורס צ'יפס יצור א,HN,טרה ירקות שורש 110ג,,110.00,100 גרם,false,1,14.90,13.55,true,1,7943
728229123811,false,טרה חטיף על בסיס ירקות שורש בתיבול ים תיכוני 110 גרם,הונדורס צ'יפס יצור א,HN,טרה ציפס ים תיכוני,,110.00,100 גרם,false,1,14.90,13.55,true,1,13203
728229124795,false,"חטיף טרה בטטה כשל""פ 110 גר",היין סלסטייאל גרופ,US,טרה בטטה 110 גרם,,110.00,100 גרם,false,1,14.90,13.55,true,1,25658
728229130444,false,"חטיף על בסיס ירקות שורש עם בטטה, תפו""א כחול וסלק",היין סלסטיאל גרופ,US,טרה ירקות שורש,,110.00,100 גרם,false,1,14.90,13.55,true,1,25434
732494000500,false,קרטורס חטיף פופקורן קרמל 227 גרם,איגל פודס ווקיגאן מפ,US,קרטורס פופקורן קרמל,,277.00,100 גרם,false,1,29.90,10.79,true,1,27067
732494000524,false,קרטורס פופקורן קרמל וגבינה 213 גרם,איגל פודס ווקיגאן מפ,US,קרטורס פופקורן גבינה,,213.00,100 גרם,false,1,29.90,14.04,true,1,27068
734896879845,true,משקפת עיניים בלוח,Unknown,,משקפת עיניים בלוח,,0.00,,false,,12.90,0.00,true,1,25582
734896880209,true,מ.שנורקל מקצועיים,Unknown,,מ.שנורקל מקצועיים,,0.00,,false,,69.90,0.00,true,1,25590
734896880254,true,משקפת שנורקל בלוח,Unknown,,משקפת שנורקל בלוח,,0.00,,false,,29.90,0.00,true,1,25592
734896881183,true,מצוף ספגטי,Unknown,,מצוף ספגטי,,0.00,,false,,19.90,0.00,false,1,26019
736140140725,false,ופורייזר,Unknown,,ופורייזר,,0.00,,false,1,399.90,0.00,true,1,25911
736140161508,false,PUFFIZ Single Wide,Unknown,,PUFFIZ Single Wide,,0.00,,false,1,6.00,0.00,true,1,25912
736140161522,false,PUFFIZ 1¼ נייר גלגול,Unknown,,PUFFIZ 1¼ נייר גלגול,,0.00,,false,1,6.00,0.00,true,1,25913
736140161546,false,PUFFIZ King Size,Unknown,,PUFFIZ King Size,,0.00,,false,1,6.00,0.00,true,1,25914
736140161560,false,נייר גלגול + פילטר,Unknown,,נייר גלגול + פילטר,,0.00,,false,1,10.00,0.00,true,1,25915
736140161584,false,Tips ניר גלגול+פילטר,Unknown,,Tips ניר גלגול+פילטר,,0.00,,false,1,10.00,0.00,true,1,25916
736140161607,false,PUFFIZ Tips Wide,Unknown,,PUFFIZ Tips Wide,,0.00,,false,1,5.00,0.00,true,1,25917
736140161997,false,גריינדר פאפיז 75 ממ,Unknown,,גריינדר פאפיז 75 ממ,,0.00,,false,1,29.90,0.00,true,1,25918
736140162000,false,גריינדר פאפיז 40 ממ,Unknown,,גריינדר פאפיז 40 ממ,,0.00,,false,1,26.90,0.00,true,1,25919
736140162079,false,קופסת אחסון פלסטיק,Unknown,,קופסת אחסון פלסטיק,,0.00,,false,1,10.00,0.00,true,1,25920
753182231761,false,"משקה אנרגיה BLU ללא תוספת סוכר 250 מ""ל",אקווה ויט,PL,בלו משקה אנרגיה זירו,,250.00,"100 מ""ל",false,1,5.00,1.88,true,1,12839
759321648407,true,תחתוני בוקסר L,Unknown,,תחתוני בוקסר L,,0.00,,false,,139.00,0.00,false,1,25396
768404001640,false,"גלידה בן&ג'ריס קפה משפחתית 500מ""ל",מוצרי איכות אמריקאיים בע,IL,בן&גריס פיינט קפה,,420.00,"100 מ""ל",false,1,19.90,4.74,true,1,16927
786150000274,false,"בירה לף בראון בקבוק 330 מ""ל","אינבב, ברוורייפליין",BE,לף בראון בק 330 מל,,330.00,"100 מ""ל",false,1,13.00,3.85,true,1,26345
786150000281,false,"שישייה בירה לף בראון בקבוק 330X6 מ""ל","אינבב, ברוורייפליין",BE,לף בראון*6 330 מל,,1.98,1 ליטר,false,1,55.90,27.32,true,1,26346
800038000388,false,טורטינה 90 ג,Unknown,,טורטינה 90 ג,,90.00,100 גרם,false,1,16.90,18.78,true,1,27289
810607023551,false,פופקורנרס צילי 28 גרם,פיירבנקס,US,פופקורנרס צילי מתוק,,28.00,100 גרם,false,1,9.90,35.36,true,1,26686
835811005322,false,"פחם דרום אמריקאי הנמל 2 ק""ג",הנמל,IT,פחם דרום אמריקאי 2ק,,2.00,"1 ק""ג",false,1,21.90,10.95,true,1,14346
835811008170,false,נרות חנוכה רגיל 44 יח',"איטיליאן פוד, אס.פי.",IL,נרות חנוכה רגיל 44,,44.00,יחידה,false,1,4.90,0.11,true,1,8416
838948005968,false,סוכריות ליקריץ 200 גרם,שניידרס,FR,שניידרס גלילים 200ג,,200.00,100 גרם,false,1,11.90,5.95,true,1,26673
838948006798,false,סוכריות ליקריץ 200 גרם,שניידרס,FR,שניידרס לקריץ 200ג,,200.00,100 גרם,false,1,11.90,5.95,true,1,26672
839762002379,false,"משקה איילנד מנגו 350 מ""ל","פאראגאלה,דה אג'יפשן",EG,איילנד מנגו 350 מל,,350.00,"100 מ""ל",false,1,9.90,2.74,true,1,14351
839762002386,false,"איילנד גויאבה בקבוק 350 מ""ל","פאראגאלה,דה אג'יפשן",EG,איילנד גויאבה 350מל,,350.00,"100 מ""ל",false,1,9.90,2.74,true,1,12710
842387000736,false,מטען רכב לגלקסי פרמי,Unknown,,מטען רכב GALAXY,,0.00,,false,1,44.90,0.00,true,1,20383
856591000574,false,מיני נשנוש עבאדי טעם טבעי 40 גר,מאפיית יוסף ושמחה עב,IL,עבאדי חטיפים 40ג,,40.00,100 גרם,false,1,4.90,12.25,true,1,17136
893594002051,false,"חטיף פופקורן צ`יפס בטעם גבינת צ`דר, 28ג Medora snacks",PepsiCo inc. Frito lay Division,US,פופקורנרס גבינת צדר,,28.00,100 גרם,false,1,9.90,35.36,true,1,26685
893594002068,false,"חטיף פופקורן צ`יפס עם מלח ים,28 ג HANTRONIX",PepsiCo inc. Frito lay Division,US,פופקורנרס מלח ים,,28.00,100 גרם,false,1,9.90,35.36,true,1,26661
1724826114510,false,"יין סטון וואלי זינפנדל 750 מ""ל",איירון סטון,US,סטון וואלי זינפנדל,,750.00,"100 מ""ל",false,1,52.90,7.01,false,1,26102
1724826154516,false,"יין סטון וואלי ק.סוביניון 750 מ""ל",איירון סטון,US,סטון וואלי קברנה,,750.00,"100 מ""ל",false,1,52.90,7.01,false,1,26103
3014260246693,false,סכיני גילוח חד פעמי ונוס סימפלי רביעייה,פרוקטר אנד גמבל,IL,גילט סימפלי ונוס,,4.00,יחידה,false,1,9.90,2.48,true,1,27167
3014260287030,false,סכיני גילוח חד פעמי חמישיה gullette,פרוקטר אנד גמבל,MD,גילט 2 חמישייה,,4.00,100 גרם,false,1,9.90,247.50,true,1,10127
3017621821669,false,פררו 200 גרם,Unknown,,פררו 200 גרם,,200.00,100 גרם,false,1,24.90,12.45,true,1,26777
3030050153552,false,מסיר שיער אלחוטי גוף,Unknown,,מסיר שיער אלחוטי גוף,,0.00,,false,1,199.00,0.00,false,1,24022
3046920010047,false,לינדט שוקולד אקסלנס מריר 78% 100 גר,לינדט ושפרונגלי קילשברג,DE,לינדט אקסלנס 100ג,,100.00,100 גרם,false,1,16.90,16.90,true,1,26426
3046920028004,false,לינדט שוקולד אקסלנס מריר 70% 100 גר,לינדט ושפרונגלי קילשברג,FR,לינדט אקסלנס 70%,,100.00,100 גרם,false,1,19.90,19.90,true,1,12290
3046920028363,false,לינדט אקסלנס 85% מוצקי קקאו 100 גרם,לינדט ושפרונגלי קילשברג,FR,לינדט אקסלנס 85%,,100.00,100 גרם,false,1,19.90,19.90,true,1,26537
3046920029759,false,לינדט אקסלנס 90% מוצקי קקאו 100 גרם,לינדט ושפרונגלי קילשברג,DE,לינדט אקסלנס 90%,,100.00,100 גרם,false,1,16.90,16.90,true,1,26428
3068320014067,false,מים מינרלים אוויאן 750 מל,קריניציה ויטמינה אס,FR,אויאן מים 750,,750.00,"100 מ""ל",false,1,9.90,1.28,true,1,13623
3068320055008,false,מים מינרלים אוויאן 500 מל,קריניציה ויטמינה אס,FR,אויאן מים 500,,500.00,"100 מ""ל",false,1,10.90,2.12,true,1,26138
3086123128323,false,מצת מעוצב BIC-בודד,Unknown,,מצת מעוצב BIC-בודד,,1.00,יחידה,false,1,7.00,7.00,true,1,24538
3120581456267,false,"שבלי מ.דה ליני לבן יבש 750 מ""ל",מ.דה ליני,FR,שבלי מ.דה ליני יבש,,750.00,"100 מ""ל",false,1,109.90,14.61,true,1,24202
3138522089306,false,אוהל 4 פתיחה מהירה,Unknown,,אוהל 4 פתיחה מהירה,,0.00,,false,1,599.00,0.00,false,1,24026
3179730011024,false,פרייה מים מינרלים מבעבעים טבעיים,נסטלה ווטרס ספלאי,FR,פרייה 330 מל,,330.00,"100 מ""ל",false,1,9.00,2.64,true,1,14591
3387390525960,false,קראנץ' דגני בוקר עם שוקולד חלב נסטלה 500 גרם,הנסיך- מפעל לייצור ט,FR,קראנץ דגנים 500 גר,,500.00,100 גרם,false,1,27.90,5.58,true,1,13789
3415581114126,false,גלידה בטעם קרמל מתוק-מלוח 473 ג' האגן דאז,האגן-דאז,FR,פיינט האגן קרמל+מלח,,396.00,100 גרם,false,1,30.00,7.58,false,1,21748
3415581117110,false,"האגן דאז שמנת קרמל ובסקוויטים 500 מ""ל",האגן דאז,FR,פיינט האגן ביס קרמל,,398.00,100 גרם,false,1,30.00,7.54,false,1,21749
3415581187113,false,גלידה בטעם וניל בראוניס 473 ג' האגן דאז,האגן-דאז,FR,האגן דאז קרמל,,473.00,"100 מ""ל",false,1,30.00,6.34,true,1,21735
3415582300924,false,גלידה האגן דאז דואו שוקולד בלגי וניל קרא,האגן-דאז,FR,האגן דאז דואו שוקולד,,353.00,100 גרם,false,1,30.00,8.50,false,1,27203
3415582301921,false,גלידה האגן דאז דואו שוקולד נריר קרמל מלו,האגן-דאז,FR,ה.ד.דואו שוקולד מריר,,353.00,100 גרם,false,1,30.00,8.50,false,1,27204
3415582302928,false,גלידה האגן דאז דואו שוקולד בלגי תות קראנ,האגן-דאז,FR,ה.ד.דואו שוקולד בלגי,,353.00,100 גרם,false,1,30.00,8.50,false,1,27205
3415587149924,false,האגן דאז בראוני מקיא,האגן דאז,FR,האגן דאז בראוני,,386.00,100 גרם,false,1,30.00,7.77,true,1,22994
3415587400186,false,שלגון וניל ואגוזי מק,האגן דאז,,שלגון האגן דאז מקדמ,,104.50,100 גרם,false,1,13.90,13.30,true,1,21037
3415587403057,false,האגן דאז שלגון וניל קרמל שקדים 69 גרם,האגן דאז,FR,האגן דאז שלגון,,70.00,100 גרם,false,1,13.90,19.86,true,1,23729
3415587404054,false,שלגון האגן דאז שוקולד ושקדים,האגן דאז,FR,שלגון האגן שוק ושקד,,104.50,100 גרם,false,1,13.90,13.30,true,1,21038
3415587405181,false,שלגון האגן דאז תות שדה,האגן דאז,FR,שלגון האגן תות שדה,,104.50,100 גרם,false,1,13.90,13.30,true,1,21039
3525490011093,false,"שרדונה לה ג'אמל 750 מ""ל",בדט קלמנט,FR,לה זאמל שרדונה,,750.00,"100 מ""ל",false,1,69.90,9.28,false,1,26104
3525490011109,false,"יין לה ז'אמל רוזה 750 מ""ל (חדש)",בדט קלמנט,FR,יין לה זאמל רוזה,,750.00,"100 מ""ל",false,1,69.90,9.28,false,1,26105
3525490011116,false,"יין לה ז'אמל קברנה סוביניון 750 מ""ל",בדט קלמנט,FR,לה זאמל קברנה,,750.00,"100 מ""ל",false,1,69.90,9.28,false,1,26106
3574660089547,false,טמפונים נורמל קלאסי אובה 32 יחידות,ג'\ונסון אנד ג'\ונסון,GR,או בה נורמל,,32.00,יחידה,false,1,36.50,1.14,true,1,8244
3574660239973,false,או-בה פרוקומפורט 32 יח נורמל,גונסון אנד גונסון,GR,או בה פרו קומפ נורמ,,32.00,יחידה,false,1,37.50,1.17,true,1,12235
3574661485201,false,טמפונים אובה סופר 32 יח' פרוקומפורט,Johnson Toilet-IT,FR,או בה סופר פלוס,,32.00,יחידה,false,1,36.50,1.14,true,1,27176
3574661485218,false,טמפונים נורמל אובה 32 יח' פרוקומפורט,"ש. שסטוביץ בע""\מ",FR,או בה קו.נורמל 32 יח,,32.00,יחידה,false,1,37.50,1.17,true,1,27175
3760125946719,false,רוזה כשר אור דה לה קסטינל,ג'נרל מילס סאן אדריא,FR,רוזה אור פרובאנס,,750.00,"100 מ""ל",false,1,70.00,9.29,true,1,24412
3760235771010,false,"יין דומיין דה בומון שאבלי 750 מ""ל",יקב רמת הגולן,IL,דומיין בומון שאבלי,,750.00,"100 מ""ל",false,1,109.90,14.61,false,1,26107
3800020418130,false,קיט קט קרמל מלוח 42,Unknown,,קיט קט קרמל מלוח 42,,42.00,100 גרם,false,1,6.90,16.43,true,1,23381
3800020423578,false,חטיף שוקולד חלב צאנקי 40 ג' קיט קט,נסטלה בולגריה A.D,BG,קיט קט צאנקי 40גר,,40.00,100 גרם,false,1,6.90,17.25,true,1,11179
3800020472712,false,חטיף קיט קאט צאנקי פופקורן 42 ג',ליימן מותגים,BG,קיט קט צ.פופקורן,,42.00,100 גרם,false,1,6.90,16.43,true,1,24901
3800020491393,false,שוקולד קיט קט צאנקי,תאי פרזידנט פוד פאבל,BG,קיט קט צאנקי,,41.50,100 גרם,false,1,6.90,16.63,true,1,23747
3800034965965,false,פחית ריח מגוון ריחות,Unknown,,פחית ריח מגוון ריחות,,0.00,,false,1,12.90,0.00,true,1,17122
3800034967181,false,מקלות בישום לרכב,Unknown,,מקלות בישום לרכב,,0.00,,false,1,16.90,0.00,false,1,18926
4000417022004,false,ריטר ספורט שוקולד חלב מעולה עם צימוקים ואגוזי לוז 100 גרם,ריטר ספורט Ritter sport,DE,ריטר חלב צ.אגוזים,,100.00,100 גרם,false,1,9.90,9.90,true,1,7384
4000417025005,false,שוקולד מריר במילוי מרציפן ריטר ספורט 100 גרם,ריטר ספורט Ritter sport,DE,ריטר מרציפן,,100.00,100 גרם,false,1,9.90,9.90,true,1,7376
4000417026002,false,שוקולד ריטר ספורט פרלין 100 גרם חלב נוכרי,ריטר ספורט Ritter sport,DE,ריטר פרלין,,100.00,100 גרם,false,1,9.90,9.90,true,1,7385
4000417101211,false,גלילי וופל עם קרם אגוזי לוז בציפוי שוקולד חלב,אמיצ'לי Amicelli,AT,אמיצלי 150 גרם,,150.00,100 גרם,false,1,19.90,13.27,true,1,25437
4000417101310,false,אמיצלי- גלילי וופל עם קרם קקאו בציפי שוק,ליימן שליסל,AT,אמיצלי קקאו ש.חלב,,150.00,100 גרם,false,1,19.90,13.27,true,1,27100
4000417222008,false,שוקולד ריטר ספורט חלב+שברי אגוזים 100 גרם חלב נוכרי,ריטר ספורט Ritter sport,DE,ריטר חלב אגוזים,,100.00,100 גרם,false,1,9.90,9.90,true,1,26513
4000539363108,false,שוקולד לינדור סטיקס 38 גרם,לינדור,DE,לינדור סטיק 38ג,,38.00,100 גרם,false,1,6.90,18.16,true,1,26431
4002590000022,false,סוכריות קלפני פירות יער אוכמניות 150 ג',ליימן מותגים,DE,קלפני פירות יער,,150.00,100 גרם,false,1,12.00,8.00,true,1,5494
4002590000046,false,סוכריות בטעם מנטה מרענן קלפני 150 גרם,ליימן מותגים,DE,קלפני מרענן 150 גר,,150.00,100 גרם,false,1,12.00,8.00,true,1,383
4002590000633,false,סוכריות קלפני פירות 150 גרם,ליימן מותגים,DE,קלפני פירות 150 גר,,150.00,100 גרם,false,1,12.00,8.00,true,1,385
4005808650002,false,שפתון לבלו כחול,ביירסדורץ,IL,לבלו שפתון כחול,,4.80,100 גרם,false,1,13.90,289.58,true,1,19476
4005808650712,false,לבלו שפתון לחות דובדבן,HELLAS BEIERSDORF,DE,לבלו שפתון דובדבן,,4.80,100 גרם,false,1,13.90,289.58,true,1,23648
4006396046932,false,טבק מניטו ירוק 30g מ,Unknown,,טבק לגלגול אורגני,,0.00,,false,1,70.00,0.00,false,1,26984
4006396046963,false,מניטו פיין ירוק אורג,Unknown,,מניטו פיין ירוק אורג,,0.00,,false,1,70.00,0.00,false,1,27085
4008400170428,false,בונבוניירה פררו רושר לב 100 גרם,גוד פוד פרודקטס S.p,PL,פררו רושה לב,,0.00,,false,1,19.90,0.00,true,1,25503
4008400230726,false,ביצת שוקולד הפתעה קינדר ענקית 100ג' בנים,קינדר Kinder,BE,ביצת הפתעה מקסי בנים,,100.00,100 גרם,false,1,29.90,29.90,true,1,25655
4008400284620,false,קינדר - שוקובון 24 יחידות * 46 גרם,Unknown,,קינדר שוקובון 46 גר,,46.00,100 גרם,false,1,7.50,16.30,true,1,20433
4008400290126,false,קינדר פינגווי עוגת ספוג במילוי חלבי 30 ג,פררו טורקיה צ'\יקולטה וו,TR,קינדר פינגווי בודד,,30.00,100 גרם,false,1,5.00,16.67,true,1,24237
4009900379564,false,מסטיק הובה בובה Hubba Bubba טייפ בטעם פירות,הובה בובה Hubba Bubba,GB,הובה בובה טייפ פירות,,71.00,100 גרם,false,1,10.00,14.08,true,1,7028
4009900402965,false,אורביט וויט בטעם פירות בקבוקון 46מלבניות,ריגלי פולין,PL,אורביט וויט פירות בק,,80.00,100 גרם,false,1,13.00,16.25,true,1,15415
4009900403023,false,אורביט וויט בטעם מנטה בקבוקון 46 מלבניות,"ב.א מזון בע""מ",PL,אורביט וויט מנטה בקב,,80.00,100 גרם,false,1,13.00,16.25,true,1,15414
4009900406918,false,מסטיק הובה בובה טייפ טריפל מיקס 56ג',הובה בובה Hubba Bubba,GB,הובה בובה טריפל מיקס,,71.00,100 גרם,false,1,10.00,14.08,true,1,9897
4009900420129,false,מסטיק אורביט פרופשנל פפרמינט בקבוקון 64 גר',מרס נדרלנד,PL,אורביט פפרמינט בקבוק,,80.00,100 גרם,false,1,13.00,16.25,true,1,21081
4009900426039,false,מסטיק מנטה אקליפטוס בקבוקון איירווייבס 64 גרם,איירוויבס Airwaves,PL,איירוייז אקליפטוס בק,,64.00,100 גרם,false,1,13.00,20.31,true,1,18731
4009900426121,false,מסטיק אורביט איירוויז בקבוקון אוכמניות 64ג',איירוויבס Airwaves,PL,איירוויז אוכמניות בק,,64.00,100 גרם,false,1,13.00,20.31,true,1,18716
4009900479998,false,אורביט וויט אוכמניות בקבוקון 46 מלבניות,ריגלי פולין,PL,אורביט אוכמניות בקבו,,80.00,100 גרם,false,1,13.00,16.25,true,1,18037
4009900482417,false,מסטיק אורביט פירות מנטה בקבוקון באבל מינט 45יח,ריגלי פולין,PL,אורביט באבל מינט בקב,,80.00,100 גרם,false,1,13.00,16.25,true,1,15633
4009900514996,false,אורביט בקבוקון תות הסדרה הצבעונית 46 מלב,חברת ריגלי בעמ,PL,אורביט תות בקבוקון,,80.00,100 גרם,false,1,13.00,16.25,true,1,18717
4009900525138,false,"וויט גומי לעיסה בטעם תות ללא סוכר, 64 ג' אורביט",ריגלי,PL,א. וויט תות בקבוקון,,80.00,100 גרם,false,1,13.00,16.25,true,1,22316
4009900531122,false,"מסטיק בטעם מנטה ספירמינט, 64 ג' פרופשיונל אורביט",מרס נדרלנד,PL,אורביט ספירמינט בקבק,,80.00,100 גרם,false,1,13.00,16.25,true,1,21082
4009900534581,false,מסטיק איירוויבז דובדבן ומנטה בקבוקון 64,Unknown,IL,איירוויז דובדבן בקב,,64.00,100 גרם,false,1,13.00,20.31,false,1,22551
4009900534611,false,מסטיק איירוויבז בקבוקון בטעם מלון ומנטה,ריגלי,IL,איירוויז מלון ומנטה,,64.00,100 גרם,false,1,13.00,20.31,false,1,22552
4009900535519,false,מסטיק אורביט רפרשרס ספירמינט ללא סוכר 15.6גר',אורביט,PL,אורביט רפרשרס,,20.00,100 גרם,false,1,5.50,27.50,true,1,23751
4009900535540,false,מסטיק אורביט רפרשרס פפרמינט ללא סוכר 15.6גר',אורביט,PL,אורביט רפרשרס,,20.00,100 גרם,false,1,5.50,27.50,true,1,23753
4009900535823,false,מסטיק אורביט רפרשרס באבלמינט ללא סוכר 15.6גר',אורביט,PL,אורביט רפרשרס,,20.00,100 גרם,false,1,5.50,27.50,true,1,23756
4009900536257,false,מסטיק אורביט רפרשרס ספירמינט בקבוקון ללא סוכר 67 גר',מרס ריגלי קונפקשונרי,PL,אורביט רפרשרס,,50.00,100 גרם,false,1,10.00,20.00,true,1,23757
4009900536288,false,מסטיק אורביט רפרשרס פפרמינט בקבוקון ללא סוכר 67 גר',מרס ריגלי קונפקשונרי,PL,אורביט רפרשרס,,50.00,100 גרם,false,1,10.00,20.00,true,1,23759
4009900536486,false,מסטיק אורביט רפרשרס באבלמינט בקבוקון ללא סוכר 67 גר',מרס ריגלי קונפקשונרי,PL,אורביט רפרשרס,,50.00,100 גרם,false,1,10.00,20.00,true,1,23761
4009900539685,false,"מסטיק פייב באונס בטעם מנטה בקבוקון, 61.8 גרם",ריגלי בעמ רוסיה,PL,פייב באונס מנטה בק,,61.80,100 גרם,false,1,14.90,24.11,true,1,26146
4009900539746,false,"מסטיק פייב באונס בטעם אבטיח בקבוקון, 61.8 גרם",ריגלי בעמ רוסיה,PL,פייב באונס אבטיח בק,,61.80,100 גרם,false,1,14.90,24.11,true,1,26147
4009900540551,false,מסטיק אורביט רפרשרס טרופיקל בקבוקון ללא סוכר,מרס פולין,PL,אורביט ר.טרופיקל,,67.00,100 גרם,false,1,10.00,14.93,true,1,25438
4011800617615,false,1X24X50G קורני ביג שוקולד,שוורטאוור וורקה,DE,קורני ביג שוקו 50,,50.00,100 גרם,false,1,7.50,15.00,true,1,22398
4011800617714,false,"""קורני"" ביג שוקו בננה50 גרם",מיוצר עי קונדיטוריית,DE,קורני ביג שוקו בננה,,50.00,100 גרם,false,1,7.50,15.00,true,1,22399
4011800617813,false,"""קורני"" ביג בראוניס 50 גרם",שוורטאוור וורקה,DE,קורני ביג בראוני,,50.00,100 גרם,false,1,7.50,15.00,true,1,22400
4011800617912,false,קורני ביג נאטס אגוזי,שוורטאוור וורקה,DE,קורני ביג נאטס,,50.00,100 גרם,false,1,7.50,15.00,true,1,22401
4011800618216,false,קורני ביג מילק,Unknown,,קורני ביג מילק,,50.00,100 גרם,false,1,7.50,15.00,true,1,22402
4011800618315,false,קורני ביג דארק & וואיט 40 גר,Unknown,DE,קורני ביג דארק&וואיט,,50.00,100 גרם,false,1,7.50,15.00,true,1,22403
4011800628512,false,חטיף קורני שוקולד חלב 6 יח 150 גר,מיוצר עי קונדיטוריית,DE,קורני שוקולד חלב-6יח,,150.00,100 גרם,false,1,12.00,8.00,false,1,16163
4011800630515,false,חטיף קורני שוקולד חלב ובננה 6 יח 150 גר,מיוצר עי קונדיטוריית,DE,קורני שוקול בננה 6י,,150.00,100 גרם,false,1,12.00,8.00,false,1,16164
4011800633516,false,קורני שוקולד מריר מעולה 58% קקאו 6*1,שוורטאוור וורקה,DE,קורני ש.מריר6יח-מארז,,138.00,100 גרם,false,1,12.00,8.70,true,1,18039
4014400901191,false,בונבונריית מרסי מבחר ממתקי שוקולד 250 גרם,ליימן מותגים,DE,מרסי בונבונירה 250ג,,250.00,100 גרם,false,1,34.50,13.80,true,1,840
4014400907902,false,"וורטרס אורגינל סוכריות חמאה ללא סוכר בקופסה
42 גרם",תות ממתקי איכות,DE,וורטר אורגינל בקופסא,,42.00,100 גרם,false,1,9.00,21.43,true,1,12753
4014400910063,false,סוכריות חמאה וורטרס אורגינל 135 גרם,וורטר'ס אורגינל,DE,וורטר סוכריות 135,,135.00,100 גרם,false,1,13.50,10.00,true,1,19707
4014400914696,false,וורטרס אורגינל סוכריות ללא סוכר 80 גרם,ליימן מותגים,DE,וורטר סוכ ל.סוכר 80ג,,80.00,100 גרם,false,1,12.50,15.62,true,1,13297
4014400920857,false,וורטר אורגינל ללא סוכר בטעם שוקולד-שקית 70 גרם,קריניציה ויטמינה אס,DE,וורטס שוקולד ללס,,70.00,100 גרם,false,1,12.50,17.86,true,1,21936
4014400923711,false,בונבוניירה שוקולד אגוזים טופיפי 125 גרם,ליימן מותגים,DE,טופיפי 125 גר.,,125.00,100 גרם,false,1,17.70,14.16,true,1,18735
4014400925319,false,וורטרס אורגינל פופקורן קרמל 140 גרם,וורטרס Werther's,DE,וורטר פופקורן,,140.00,100 גרם,false,1,17.90,12.79,true,1,23733
4015400690313,false,טמפונים פרל רגולר טמפקס קומפאק 18 יח,פרוקטר אנד גמבל,HU,טמפקס קומפאק רגולר,,18.00,יחידה,false,1,25.90,1.44,true,1,21013
4015400731719,false,תחבושות היגייניות אולוויז יום ולילה Day & Night,פרוקטר אנד גמבל,UA,א.תחבושות לילה חדש,,20.00,יחידה,false,1,23.90,1.20,true,1,18415
4015400755241,false,תחבושות היגייניות אולוויז אולטרה נורמל - 28 יח',פרוקטר אנד גמבל,UA,ת.אולוויז פלוס 28 יח,,28.00,יחידה,false,1,23.90,0.85,true,1,18382
4015400755487,false,תחבושות היגייניות אולוויז אולטרה לונג - 24 יח',פרוקטר אנד גמבל,DE,ת.אולוויז פלוס 24 יח,,24.00,יחידה,false,1,23.90,1.00,true,1,18383
4015600762742,false,שמפו יומיומי למניעת קשקשים הנוסחה הקלאסית,פרוקטר אנד גמבל,RO,שמפו הד&שולדרס קלאסי,,500.00,"100 מ""ל",false,1,24.50,4.90,false,1,22066
4015600762780,false,שמפו וקונדישינר יומיומי למניעת קשקשים הנוסחה הקלאסית 2in1,פרוקטר אנד גמבל,RO,שמפו ה&ש 2ב1 הקלאסי,,500.00,"100 מ""ל",false,1,24.50,4.90,false,1,27271
4015600763022,false,שמפו יומיומי למניעת קשקשים לשיער יבש/פגום לשיער רך כמשי,פרוקטר אנד גמבל,RO,ה&ש שמפו משי 500,,500.00,"100 מ""ל",false,1,24.50,4.90,true,1,27273
4022025001905,false,יין בלו ווין מבעבע זהב כשר 750 מל,היי סישל סוהן טראבן,DE,בלו ווין,,750.00,"100 מ""ל",false,1,70.00,9.29,true,1,23771
4022025261002,false,יין בלו ווין גוורצטרמינר 750 מל,לנגוט טראבן,DE,בלו ווין גוורצטרמינר,,750.00,"100 מ""ל",false,1,60.00,7.96,true,1,23734
4022025262436,false,יין בלו נאן גוורצטרמ,בלו נאן,DE,בלו נאן כשר 250מל,,250.00,"100 מ""ל",false,1,27.90,11.04,false,1,25441
4030600227473,false,דוידוף קלאסיק קופסא,Unknown,,דוידוף קלאסיק OCB,,0.00,,false,1,35.00,0.00,false,1,22243
4030600227503,false,סיגריות דוידוף PP גו,Unknown,,דוידוף גולד OCB,,0.00,,false,1,35.00,0.00,false,1,22244
4030600228562,false,דוידוף סלימס גולד,Unknown,,דוידוף סלימס גולד,,0.00,,false,1,35.00,0.00,false,1,22245
4032900104508,false,אל די סופרסלימס כחול חפיסה,Unknown,TR,אל.די סופרסלימס כחול,,0.00,,false,1,28.00,0.00,false,1,23113
4032900104515,false,אל די סופרסלימס כחול,Unknown,,אל די סופר סלימס*10,,0.00,,false,1,270.00,0.00,false,1,23114
4032900111292,false,ווינסטון קומפלקט כחול חפיסה,Unknown,UA,וינסטון קומפקט כחול,,0.00,,false,1,31.00,0.00,false,1,21698
4032900111308,false,ווינסטון קומפלקט סילבר חפיסה,Unknown,UA,וינסטון קומפקט סילבר,,0.00,,false,1,31.00,0.00,false,1,21699
4032900111315,false,פקט וינסטון קומפקט סילבר,Unknown,UA,וינסטון ק.סילבר פאקט,,0.00,,false,1,300.00,0.00,false,1,21709
4032900111322,false,ווינסטון קומפלקט כחול עשירייה,Unknown,UA,וינסטון קומפ. כחול פ,,0.00,,false,1,300.00,0.00,false,1,21710
4032900112824,false,כאמל קומפקט כחול)תכלת( ח,Unknown,UA,כאמל קומפקט תכלת בהי,,0.00,,false,1,29.50,0.00,false,1,21711
4032900112831,false,כאמל קומפקט תכלת עשירייה,Unknown,UA,כאמל ק.תכלת פאקט,,0.00,,false,1,285.00,0.00,false,1,21712
4032900112862,false,כאמל קומפקט כחול עשירייה,Unknown,UA,כאמל ק.כחול פאקט,,0.00,,false,1,285.00,0.00,false,1,21713
4032900112879,false,כאמל קומפקט כחול כהה חפ,Unknown,UA,כאמל קומפקט כהה,,0.00,,false,1,29.50,0.00,false,1,21714
4032900124193,false,כאמל צהוב ארוך PP חפיסה,Unknown,PL,כאמל צהוב ארוך,,0.00,,false,1,33.00,0.00,false,1,22659
4032900124209,false,סיגריות כאמל צהוב אר,Unknown,PL,כאמל צהוב ארוך,,0.00,,false,1,320.00,0.00,false,1,22660
4032900124254,false,ווינסטון קומפלקט ברי PP חפיסה,Unknown,RO,וינסטון קומפקט ברי,,0.00,,false,1,31.00,0.00,false,1,23083
4032900124261,false,ווינסטון קומפלקט ברי PP עשירייה,Unknown,RO,וינסטון קומפקט*10,,0.00,,false,1,300.00,0.00,false,1,23084
4032900128108,false,טבק נרגילה תפוח 60,Unknown,,טבק נרגילה תפוח 60,,0.00,,false,1,45.00,0.00,false,1,23118
4033100003493,false,ווינסטון כחול סופט סלימס עשירייה,Unknown,CH,וינסטון סלימס כ.פאקט,,0.00,,false,1,345.00,0.00,false,1,17999
4033100003530,false,ווינסטון נטוראל סופט סלימס עשירייה,Unknown,CH,וינסטון ס.סלימס מנטו,,0.00,,false,1,345.00,0.00,false,1,18000
4033100013348,false,סיגריות אל די כחול ארוך בודד,Unknown,TR,אל.די ארוך,,0.00,,false,1,29.50,0.00,false,1,12626
4033100013355,false,אל די ארוך פאקט,Unknown,TR,LD 100 פאקט כחול,,0.00,,false,1,285.00,0.00,false,1,12703
4033100014468,false,סיגריות אל די אדום בודד,Unknown,TR,אל.די אדום,,0.00,,false,1,29.50,0.00,false,1,12625
4033100014475,false,פאקט אל די אדום,Unknown,TR,פאקט אל די אדום,,0.00,,false,1,285.00,0.00,false,1,12629
4033100014499,false,סיגריות אל די כחול ח,Unknown,TR,אל.די כחול חפיסה,,0.00,,false,1,29.50,0.00,false,1,12624
4033100014505,false,פאקט אל די כחול,Unknown,TR,פאקט אל די כחול,,0.00,,false,1,285.00,0.00,false,1,12628
4033100014529,false,סיגריות אל די סלים בודד,Unknown,TR,אל די סלימס חפיסה,,0.00,,false,1,28.00,0.00,false,1,12627
4033100014536,false,סיגריות אל די סלים פ,Unknown,TR,פאקט אל די סלים,,0.00,,false,1,270.00,0.00,false,1,15032
4033100014642,false,סיגריות כאמל שחור פק,Unknown,CH,כאמל שחור פאקט,,0.00,,false,1,320.00,0.00,false,1,18001
4033100014666,false,סיגריות כאמל לבן פקט,Unknown,CH,כאמל לבן פאקט,,0.00,,false,1,320.00,0.00,false,1,18002
4033100024146,false,סיגריות וינסטון CODE בודד,Unknown,CH,וינסטון קוד-חפיסה,,0.00,,false,1,33.50,0.00,false,1,14971
4033100024153,false,סיגריות וינסטון קוד,Unknown,CH,וינסטון קוד-פאקט,,0.00,,false,1,325.00,0.00,false,1,14973
4033100024252,false,וינסטון אקווה לייט קופסה,Unknown,CH,וינסטון אקווה חפיסה,,0.00,,false,1,33.50,0.00,false,1,14972
4033100024269,false,וינסטון קוד אקווה פאקט,Unknown,CH,וינסטון קוד אקווה -פ,,0.00,,false,1,325.00,0.00,false,1,14974
4033100038914,false,טבק כאמל צהוב + נייר גלגול 30ג',Unknown,GB,טבק כאמל צהוב,,0.00,,false,1,90.00,0.00,false,1,16035
4033100046490,false,סיגריות וינסטון 100 אקווה ארוך,יושלם,CH,וינסטון אקווה ארוך,,0.00,,false,1,33.50,0.00,false,1,15827
4033100046506,false,וינסטון אקווה לונג פאקט,Unknown,CH,וינסטון קוד אקווה-פא,,0.00,,false,1,325.00,0.00,false,1,15828
4033100047350,false,טבק לגלגול קאמל כחול,Unknown,GB,טבק כאמל כחול,,0.00,,false,1,90.00,0.00,false,1,16036
4033100064036,false,וינסטון כחול טבק לגלגול חפיסה,Unknown,GB,וינסטון כחול טבק,,0.00,,false,1,85.00,0.00,false,1,17385
4043058008778,false,טבק אמריקן ספיריט כחול פאוצ,פלנטה טבק,DE,אמריקן ספיריט כ. טבק,,0.00,,false,1,95.00,0.00,false,1,16129
4043058010412,false,טבק אמריקן ספיריט צהוב פאוצ,פלנטה טבק,DE,אמריקן ספיריט צ. טבק,,0.00,,false,1,95.00,0.00,true,1,19067
4067700014856,false,ייגרמייסטר-חדש,Unknown,,ייגרמייסטר-חדש,,500.00,"100 מ""ל",false,1,69.90,13.92,true,1,18678
4084500088917,false,"נוזל כלים פיירי לימון 650 מ""ל בד""צ",פרוקטר אנד גמבל,US,פיירי לימון 650 מל,,650.00,"100 מ""ל",false,1,14.00,2.15,true,1,23289
4260399984503,false,מדליק פחם מוצק 48 קוביות,Unknown,IL,מדליק פחם מוצק,,0.00,,false,1,7.00,0.00,false,1,26834
4600659010854,false,"וודקה סטוליצ'ניה 700 מ""ל",איי. אס. לטבייאס בלזם,LV,וודקה סטולי 700,,700.00,100 גרם,false,1,86.00,12.24,true,1,13193
4600680013800,false,קיט קט זברה 4 אצבעות,Unknown,,קיט קט זברה 4 אצבעות,,0.00,,false,1,6.90,0.00,true,1,24905
4602486002071,false,"וודקה בלנקאיה גולד 0.700 מ""ל",מזקקת גאורגייבסקי קר,RU,וודקה בלנקאיה גולד,,700.00,"100 מ""ל",false,1,69.90,9.94,true,1,24440
4603400000043,false,"וודקה רוסקיי סטנדרט 700 מ""ל",רוסקי סטנדרט וודקה,RU,וודקה רוסקי סטנדרט,,700.00,"100 מ""ל",false,1,87.90,12.51,true,1,15903
4603400001521,false,"וודקה רוסקי סטנדרט 200 מ""ל",Unknown,,רוסקי סטנדרט 200 מל,,200.00,"100 מ""ל",false,1,34.90,17.30,false,1,17583
4603928000976,false,"בלוגה נובל וודקה 700 מ""ל+כוס הייבול",מרינסקי ליקרו-וודאצ'ני ז,RU,וודקה בלוגה 700 מל,,700.00,"100 מ""ל",false,1,139.90,19.94,true,1,24321
4710068001692,false,"מאסטר קפה לאטה פחית 240 מ""ל",תאיט מרקטינג אנד דיסטריב,TW,מאסטר קפה לאטה,,250.00,"100 מ""ל",false,1,10.90,4.36,true,1,16408
4710068001715,false,"מאסטר קפה טירמיסו פחית 240 מ""ל",יוני פרזינדנט אנטרפר,TW,מאסטר ק.טירמיסו,,250.00,"100 מ""ל",false,1,10.90,4.36,true,1,16410
4710068001739,false,"מאסטר קפה קולומביאני 250 מ""ל",יוני פרזינדנט אנטרפר,TW,מאסטר קפה קולומביאני,,250.00,"100 מ""ל",false,1,10.90,4.36,true,1,16409
4710068002798,false,מאסטר קפה וונילה פחית 240 מל,מאיטה פוד אינדוסטריאל קו,TW,מאסטר קפה וניל,,250.00,"100 מ""ל",false,1,10.00,4.00,true,1,21817
4710068003313,false,"מאסטר קפה אמריקאנו פחית 240 מ""ל",מאיטה פוד אינדוסטריא,TW,מאסטר קפה אמריקנו,,250.00,"100 מ""ל",false,1,10.90,4.24,true,1,24258
4714739000106,false,מראה פנימית,Unknown,,מראה פנימית,,0.00,,false,1,39.00,0.00,true,1,18612
4750021000904,false,וודקה סטולי פרימיום,איי.אס לטבייאס בלזם,LV,סטולי פרימיום 200,,200.00,"100 מ""ל",false,1,29.90,14.80,false,1,26691
4750021005725,false,"וודקה סטולי כשרה לפסח לל""ג 700 מ""ל",פארייפאבה אגרואינדוס,LV,סטולי כשלפ ל.גלוטן,,700.00,100 גרם,false,1,89.90,12.80,true,1,19994
4823077613630,false,חטיף שוקולד רושן ממולה קרם בורלה 43 גרם,רושן Roshen,UA,ש.רושן קרם ברולה,,43.00,100 גרם,false,1,5.00,11.63,true,1,26267
4823077617041,false,חטיף שוקולד רושן ממולה קרם קרמל 43 גרם,רושן Roshen,UA,רושן ממולא ק.קרמל,,43.00,100 גרם,false,1,5.00,11.63,true,1,26268
4823077621635,false,חטיף שוקולד רושן בטעם חלב 72 גרם,Unknown,UA,וופל רושן בטעם חלב,,72.00,100 גרם,false,1,5.00,6.94,true,1,26270
4823077621642,false,חטיף שוקולד רושן בטעם שוקולד 72 גר,Unknown,,וופל רושן שוקולד,,72.00,100 גרם,false,1,5.00,6.94,true,1,26271
4823077621659,false,חטיף שוקולד רושן בטעם אגוז 72 גר,Unknown,UA,וופל רושן בטעם אגוז,,72.00,100 גרם,false,1,5.00,6.94,true,1,26272
4823077632259,false,חטיף שוקולד רושן עם בוטנים 43 גרם,רושן Roshen,UA,חטיף ש.רושן בוטנים,,43.00,100 גרם,false,1,5.00,11.63,true,1,26269
4823077635793,false,"וופלים דקיקים רושן ""THINS"" בטעם חלב וניל 55 גר",Unknown,UA,וופלים דקיק חלב וניל,,55.00,100 גרם,false,1,6.90,12.55,false,1,27340
4823077635809,false,"וופלים דקיקים רושן ""THINS"" בטעם קקאו 55 גר",Unknown,UA,וופלים דקיקים קקאו,,55.00,100 גרם,false,1,6.90,12.55,false,1,27341
4823077635816,false,"וופלים דקיקים רושן ""THINS"" בטעם אגוזי לוז 55 גר",Unknown,UA,וופל דקיק אגוזי לוז,,55.00,100 גרם,false,1,6.90,12.55,false,1,27342
4895060592307,false,סוכריות נטורל בטעמים בקבוק NUGGELS,איתן-מזון,CN,פלורידה נטורל בקבוק,,43.00,100 גרם,false,1,9.90,23.02,true,1,7050
4895151823518,false,מצת ZENGAS,Unknown,,מצת ZENGAS,,0.00,,false,1,16.90,0.00,false,1,27146
4895151823600,false,מצת ZENGAS - נוסף,Unknown,,מצת ZENGAS - נוסף,,0.00,,false,1,16.90,0.00,false,1,27193
5000157143365,false,מתבל בטעם מיונז וקטשופ היינץ 425 גרם,"פודליצקי ספ.ז.או.או,",PL,מתבל מיונז וקטשופ,,425.00,"100 מ""ל",false,1,16.90,3.98,true,1,27231
5000159376655,false,סוכריות SKITTLES פירות קטן 38 גרם אדום,ריגלי ממתקים,CZ,סקיטלס פירות 38 גר,,39.00,100 גרם,false,1,5.00,12.82,true,1,15420
5000159376792,false,סוכריות סקיטלס Skittles פירות חמוצים,ריגלי ממתקים,CZ,סקיטלס חמוץ 38 גר,,39.00,100 גרם,false,1,5.00,12.82,true,1,15421
5000159407236,false,חטיף מרס שוקולד עם ק,מרס הולנד בי.וי.,NL,מרס חטיף 51 גר,,51.73,100 גרם,false,1,7.00,13.53,true,1,9907
5000159414197,false,מלטיזרס-כדורים פריכים בציפוי שוולד חלב 135 גרם,מרס שוקולד צ.אמריקה,NL,מלטיזרס 135 גרם,,135.00,100 גרם,false,1,20.90,15.48,true,1,26359
5000159459228,false,חטיף שוקולד טוויקס 50 ג',"נארז ע""י : א.ג. גילר",NL,טוויקס 50 גר,,50.84,100 גרם,false,1,7.00,13.77,true,1,15446
5000159460866,false,גלידה חטיף מרס אקסטר,פלדמן,FR,חטיף מארס  XL,,51.00,100 גרם,false,1,11.50,22.55,true,1,26507
5000159460880,false,חטיף סניקרס 53 גרם,פלדמן,FR,חטיף סניקרס  XL,,60.50,100 גרם,false,1,11.50,19.01,true,1,26508
5000159461122,false,חטיף שוקולד סניקרס מקס קרמל 50 ג',"נארז ע""י : א.ג. גילר",NL,סניקרס חטיף שוקולד50,,50.73,100 גרם,false,1,7.00,13.80,true,1,15447
5000159472760,false,שקית שוקולד טוויקס 1,מרסי,NL,טוויקס מ.בשקית 170ג,,170.00,100 גרם,false,1,9.90,5.82,true,1,26670
5000159473200,false,באונטי מ.בשקית 170ג,מרסי,NL,באונטי מ.בשקית 170ג,,170.00,100 גרם,false,1,9.90,5.82,true,1,26669
5000159473866,false,שקית שוקולד סניקרס 1,מרסי,NL,סניקרס מ.שקית 170ג,,170.00,100 גרם,false,1,9.90,5.82,true,1,26668
5000159474771,false,שקית שוקולד מרס 170ג,מרסי,NL,מרס מיני בשקית 170ג,,170.00,100 גרם,false,1,9.90,5.82,true,1,26671
5000159483049,false,גלידה חטיף באונטי אק,פלדמן,FR,חטיף באונטי  XL,,51.60,100 גרם,false,1,11.50,22.29,true,1,26509
5000159484640,false,גלידה חטיף טוויקס אק,פלדמן,FR,חטיף טוויקס   XL,,51.00,100 גרם,false,1,11.50,22.55,true,1,26510
5000159509671,false,סניקרס לבן חטיף קפוא,פלדמן,FR,חטיף סניקרס לבן XL,,60.50,100 גרם,false,1,11.50,19.01,true,1,26511
5000159541152,false,טוויקס חטיף בודד 50 גרם לבן,מרס.גי אם. בי אייץ,DE,טוויקס לבן,,48.00,100 גרם,false,1,7.00,14.58,true,1,25264
5000168199245,false,שוקולד חלב מעולה בתוספת קרמל מלוח פיור גודייבה 90 ג',"אולקר מקבוצת פלאדיס, ציק",TR,ש.חלב עם קרמל מלוח,,90.00,100 גרם,false,1,17.90,19.89,true,1,26461
5000219009295,false,פאל מאל אדום ארוך האוס עשירייה,Unknown,TR,פאל מאל אדום ארוך פ,,0.00,,false,1,297.00,0.00,false,1,15693
5000219023772,false,פאל מאל כחול סטרים פילטר עשיריה,Unknown,TR,פאל מאל כחול סטרים,,0.00,,false,1,297.00,0.00,false,1,15895
5000219120112,false,פאל מאל כחול ארוך סטרים פילטר עשירייה,Unknown,TR,פאל מאל א.סטרים,,0.00,,false,1,297.00,0.00,false,1,17461
5000267014203,false,וויסקי ג'וני ווקר אדום,אלכוהול (איי.בי.בי),GB,גוני ווקר אדום 700,,700.00,"100 מ""ל",false,1,110.00,15.67,false,1,4664
5000267014234,false,וויסקי ג'וני ווקר רד לייבל Red label,ג'וני ווקר Johnnie walker,GB,גוני ווקר אדום 700,,700.00,"100 מ""ל",false,1,110.00,15.67,false,1,23737
5000267024202,false,"וויסקי ג'וני ווקר שחור 700 מ""ל",אלכוהול (איי.בי.בי),GB,גוני ווקר שחור 700,,700.00,"100 מ""ל",false,1,169.00,24.10,false,1,17724
5000267024233,false,"וויסקי ג'וני בלאק לייבל עם פורר 700מ""ל",ג'וני ווקר Johnnie walker,GB,גוני ווקר שחור 700,,700.00,"100 מ""ל",false,1,139.90,19.94,false,1,23640
5000267171579,false,גוני ווקר אדום 200 מ,ג'וני ווקר ובניו,GB,גוני ווקר אדום 200,,200.00,"100 מ""ל",false,1,40.00,19.85,true,1,23071
5000267171654,false,"ויסקי ג'וני ווקר שחור 200 מ""ל",ג'ון ווקר ובניו,GB,גוני ווקר שחור 200,,200.00,"100 מ""ל",false,1,60.00,29.85,true,1,23070
5000289925440,false,גין גורדון בקבוק 700,אלכסנדר גורדון ושות',GB,גין גורדון 700 מל,,700.00,"100 מ""ל",false,1,99.90,14.23,true,1,24441
5000394098756,false,דורסל בייסיק שישייה AA,יוליניבר,BE,דורסל 6 סוללות AA +P,,0.00,,false,1,22.00,0.00,false,1,20952
5000394098886,false,סוללות דורסל פלוס פאוור AAA שישייה,פרוקטר & גמבל,BE,דורסל 6סוללות AAA +P,,0.00,,false,1,22.00,0.00,false,1,20953
5000394140820,false,שישיות סוללות AA פלוס פאוור דורסל,דורסל,BE,דורסל שישיות AA פלוס,,0.00,,false,1,22.00,0.00,false,1,24907
5000394140851,false,רבעיות סוללות דורסל AA פלוס פאוור,פרוקטר אנד גמבל,BE,דורסל רביעיות AAפלוס,,0.00,,false,1,9.90,0.00,false,1,26360
5000394141117,false,רבעיות סוללות דורסל AAA פלוס פאוור,פרוקטר אנד גמבל,BE,דורסל רביעיות AAA פ,,0.00,,false,1,9.90,0.00,false,1,26361
5000394141209,false,שישיות סוללות AAA פלוס פאוור דורסל,דיפלומט,BE,דורסל שישיות AAA +,,0.00,,false,1,22.00,0.00,false,1,24851
5010103943024,false,"גיי אנד בי 200 מ""ל פ",ג'וסטריני אנד ברוקס,GB,גיי אנד בי 200 מל,,200.00,"100 מ""ל",false,1,40.00,19.85,true,1,23069
5010106113493,false,וויסקי בלנטיינס 200,Unknown,,וויסקי בלנטיינס 200,,200.00,"100 מ""ל",false,1,36.90,18.30,true,1,24203
5010232964211,false,דורקס EXTRA SAFE - קונדומים שקופים עבים,דורקס Durex,TH,דורקס Extra Safe 12,,12.00,יחידה,false,1,49.90,4.16,true,1,12638
5010232964228,false,דורקס THIN FEEL - קונדומים דקים להגברת התחושה,דורקס Durex,TH,דורקס Thin Feel 12,,12.00,יחידה,false,1,49.90,4.16,true,1,12634
5010232967588,false,Durex extra safe,Unknown,,Durex extra safe,,0.00,,false,1,20.00,0.00,true,1,5757
5010327000046,false,וויסקי גרנט'ס סקוטי,"וויליאם גראנט ובניו בע""\",GB,וויסקי גרנטס 700,,700.00,"100 מ""ל",false,1,102.00,14.53,true,1,903
5010327208107,false,"גרנטס וויסקי 200מ""ל",וויליאם גרנט,GB,גרנטס 200 מל,,200.00,"100 מ""ל",false,1,29.90,14.80,false,1,26613
5010677551281,false,בקרדי בריזר לימון 275 בקבוק,בקרדי בריזר Bacardi Breezer,BE,בקרדי בריזר לימון275,,275.00,"100 מ""ל",false,1,18.90,6.76,true,1,354
5010677552387,false,"בקרדי בריזר אננס 275 מ""ל בקבוק",בקרדי בריזר Bacardi Breezer,BE,בקרדי בריזר אננס 275,,275.00,"100 מ""ל",false,1,18.90,6.76,true,1,2984
5010677554398,false,"בקרדי בריזר אבטיח 275 מ""ל בקבוק",בקרדי בריזר Bacardi Breezer,BE,בקרדי בריזר אבטיח275,,275.00,"100 מ""ל",false,1,18.90,6.76,true,1,356
5010677850100,false,וודקה גריי גוס בקבוק,בקרדי מרטיני,FR,וודקה גרייגוס 700מל,,700.00,"100 מ""ל",false,1,165.00,23.53,false,1,21641
5011007003005,false,"וויסקי ג'יימסון אירי מזוקק 700 מ""ל",אייריש דיסטילרז,IE,וויסקי גיימסון,,700.00,"100 מ""ל",false,1,139.90,19.94,true,1,10704
5011417567623,false,דורקס חומר סיכה feel,מיוצר עבור רקיט בנקיזר,TH,דורקס חומר סיכה feel,,50.00,"100 מ""ל",false,1,39.90,79.80,false,1,27344
5011417567647,false,"דורקס פליי טינגל 50 מ""ל",מיוצר עבור רקיט בנקיזר,TH,חומר ס.play tingling,,50.00,"100 מ""ל",false,1,39.90,79.80,false,1,27345
5011417577011,false,Durex Ultra Thin,Unknown,,Durex Ultra Thin,,0.00,,false,1,49.90,0.00,true,1,27086
5024546366609,false,"וויסקי 700 מ""ל LAUDERS SCOTCH",מקדוף אינטרנשנל דיסט,GB,ויסקי לאודרס 0.7,,700.00,"100 מ""ל",false,1,89.90,12.80,true,1,24442
5035766044673,false,"סטרונגבואו גולד, סיידר תפוחים אלכוהולי, בקבוק 330 מ''ל",סטרונגבאו Strongbow,BE,סטרונגבאו סיידר תפוח,,330.00,"100 מ""ל",false,1,12.00,3.55,true,1,16665
5035766044772,false,סיידר תפוחים סטרונגבאו 330 בקבוק רביעייה,סטאסן ס.א,BE,רביעיית סטרונגבואו,,1.32,1 ליטר,false,1,44.90,33.11,false,1,16681
5038483207949,false,דורקס THIN FEEL קונדומים דקים במיוחד,דורקס Durex,TH,דורקס Intimate Feel,,12.00,יחידה,false,1,49.90,4.16,true,1,20195
5038483574386,false,שלשיית קונדומים durex אדום,רקיט בנקיזר הלת'קר,,דורקס Thin Feel,,12.00,יחידה,false,1,20.00,1.67,true,1,11121
5038483574416,false,קונדום דורקס אקסטרא סייף 3,רקיט בנקיזר הלת'קר,TH,דורקס Extra Safe,,12.00,יחידה,false,1,20.00,1.67,true,1,10897
5038483578780,false,שלישיית קונדומים durex סגול,רקיט בנקיזר הלת'קר,,דורקס Intimate Feel,,12.00,יחידה,false,1,20.00,1.67,true,1,13560
5038483683248,false,דורקס קונדומים Pleasure Me 3,Unknown,,Durex Pleasure,,0.00,,false,1,20.00,0.00,true,1,27087
5038483867198,false,דורקס קונדומים Featherlite Ultra 3,Unknown,,Fetherlite Ultra 3,,0.00,,false,1,20.00,0.00,true,1,27088
5052197045215,false,Durex Extra Safe 12,Unknown,,Durex Extra Safe 12,,0.00,,false,1,49.90,0.00,true,1,27089
5053744535265,false,ש.משקפות מבוגרים,Unknown,,ש.משקפות מבוגרים,,0.00,,false,1,99.00,0.00,false,1,24285
5056357900925,false,סניקרס חטיף חלבון חמאת בוטנים 57 גרם,פארם אקספרס,US,סניקרס פרוטאין,,57.00,100 גרם,false,1,17.90,31.40,true,1,23869
5056357901427,false,אם אנד אם חטיף חלבון שוקולד 51 גרם,פארם אקספרס,GB,ח.חלבון m&m שוקולד,,51.00,100 גרם,false,1,17.90,35.10,true,1,25090
5056357901441,false,אם אנד אם חטיף חלבון בוטנים 51 גרם,פארם אקספרס,GB,ח.חלבון m&m בוטנים,,51.00,100 גרם,false,1,17.90,35.10,true,1,25091
5056357903834,false,באונטי מעושר בחלבון 52 גרם,מארס יורק אנגליה,GB,באונטי מ.חלבון 52ג,,52.00,100 גרם,false,1,17.90,34.42,true,1,25889
5060122034401,false,"משקה מארס 350 מ""ל",Unknown,GB,משקה מרס 350 מל,,350.00,"100 מ""ל",false,1,13.90,3.97,true,1,26664
5060122034487,false,"משקה באונטי 350 מ""ל",Unknown,,משקה באונטי 350 מל,,350.00,"100 מ""ל",false,1,13.90,3.97,true,1,26665
5060122036849,false,"משקה סניקרס 350 מ""ל",Unknown,GB,משקה סניקרס 350 מל,,350.00,"100 מ""ל",false,1,13.90,3.97,true,1,26666
5060221201391,false,גרנייד בטעם קרמל 60 גרם,LTD (UK) GRENADE,NL,גרנייד קרמל 60 גרם,,60.00,100 גרם,false,1,17.90,29.83,true,1,26362
5060221201575,false,חטיף חלבון גרנייד בטעם קרם עוגיות,LTD (UK) GRENADE,GB,ח.חלבון גרנייד ק.עוג,,60.00,100 גרם,false,1,17.90,29.83,true,1,25092
5060221201605,false,חטיף חלבון גרנייד בטעם באוני פאדג',LTD (UK) GRENADE,GB,ח.חלבון גרנייד פאדג,,60.00,100 גרם,false,1,17.90,29.83,true,1,25093
5060221201810,false,גרנייד בטעם שוקולד לבן עוגיות,LTD (UK) GRENADE,NL,גרנייד ש.לבן 60ג,,60.00,100 גרם,false,1,17.90,29.83,true,1,26363
5060221203753,false,חטיף חלבון גרנייד בטעם חמאת בוטנים,LTD (UK) GRENADE,GB,ח.חלבון גרנייד בוטן,,60.00,100 גרם,false,1,17.90,29.83,true,1,25094
5060221203937,false,גרנייד בטעם שוקוצ'יפס בצק עוגיות,LTD (UK) GRENADE,NL,גרנייד שוקוציפס 60ג,,60.00,100 גרם,false,1,17.90,29.83,true,1,26364
5060221206860,false,חטיף חלבון בטעם קרמל מלוח ושוקולד 60 ג' Grenade,LTD (UK) GRENADE,GB,ח.חלבון גרנייד קרמל,,60.00,100 גרם,false,1,17.90,29.83,true,1,25095
5060317322122,false,"UFIT - משקה חלבון בטעם קרמל מלוח 330 מ""ל",לאקסה אס.אי,GB,מ.חלבון קרמל מלוח,,330.00,"100 מ""ל",false,1,14.90,4.52,true,1,26687
5060317322146,false,"UFIT - משקה חלבוI בטעם שוקולד לבן 330 מ""ל",לאקסה אס.אי,GB,מ.חלבון ש.לבן UFIT,,330.00,"100 מ""ל",false,1,14.90,4.52,true,1,26688
5060402908248,false,סניקרס חטיף חלבון 55 גרם,פארם אקספרס,US,סניקרס פרוטאין 55 ג,,55.00,100 גרם,false,1,17.90,32.55,true,1,23870
5060402908286,false,מארס חטיף חלבון 59 גרם,פארם אקספרס,US,מארס פרוטאין,,59.00,100 גרם,false,1,17.90,30.34,true,1,23871
5060402909542,false,מארס חטיף חלבון קרמל מלוח 59 גרם,פארם אקספרס,US,מארס פרוטאין קרמל,,59.00,100 גרם,false,1,17.90,30.34,true,1,23872
5060424705368,false,WARRIOR - חטיף חלבון קראנץ' בטעם קרמל מלוח,וורקווין,GB,WARRIOR קרמל מלוח,,64.00,100 גרם,false,1,11.90,18.59,true,1,26450
5060424705467,false,WARRIOR - חטיף חלבון קראנץ' בטעם שוקולד לבן,תעשיות מזון בלאבאן,US,WARRIOR ש.לבן,,64.00,100 גרם,false,1,11.90,18.59,true,1,26451
5060424705511,false,WARRIOR - חטיף חלבון קראנץ' בטעם שוקולד וקוקוס,תעשיות מזון בלאבאן,US,WARRIOR שוקולד קוקוס,,64.00,100 גרם,false,1,11.90,18.59,true,1,26452
5060424705535,false,WARRIOR -חטיף חלבון בטעם שוקולד מריר ובוטנים,"KBF תעשיות בע""מ UK",GB,WARRIOR ש.מריר בו,,64.00,100 גרם,false,1,11.90,18.59,true,1,26453
5060517886486,false,"משקה אנרגיה מונסטר אנרג'י בפחית 500 מ""ל",מונסטר אנרג'י Monster Energy,RS,מונסטר אנרגי 500,,500.00,"100 מ""ל",false,1,10.90,2.12,true,1,22470
5060517886516,false,"משקה אנרגיה מונסטר אנרג'י זירו בפחית 500 מ""ל",מונסטר אנרג'י Monster Energy,RS,מונסטר אנרגי זירו,,500.00,"100 מ""ל",false,1,10.90,2.12,true,1,22471
5060517886547,false,משקה אנרגיה מונסטר ר,Monster energy סרביה,RS,מונסטר רוסי 500,,500.00,"100 מ""ל",false,1,10.90,2.12,true,1,22472
5060639128051,false,"משקה אנרגיה מונסטר אולטרה בפחית 500 מ""ל",מונסטר אנרג'י Monster Energy,RS,מונסטר אולטרה 500מל,,500.00,"100 מ""ל",false,1,10.90,2.12,true,1,23153
5060639129102,false,"משקה אנרגיה מונסטר אנרג'י מנגו בפחית 500 מ""ל",מונסטר אנרג'י Monster Energy,RS,מונסטר מנגו לוקו,,500.00,"100 מ""ל",false,1,10.90,2.12,true,1,23873
5060751218173,false,"משקה אנרגיה מונסטר אנרג'י piplin punch בפחית 500 מ""ל",מונסטר אנרג'י לימטד,RS,מונסטר פייפליין פאנץ,,500.00,"100 מ""ל",false,1,10.90,2.12,true,1,26148
5060751219033,false,"משקה אנרגיה מונסטר אנרג'י זירו paradise בפחית 500 מ""ל",מונסטר אנרג'י לימטד,RS,מונסטר אולטרה פר,,500.00,"100 מ""ל",false,1,10.90,2.12,true,1,26149
5060756341005,false,RAW חטיף חלבון ש.שועל קרמל מלוח 75 גרם,Unknown,GB,WARRIOR אפוי ק.מלוח,,75.00,100 גרם,false,1,9.90,13.20,true,1,26454
5060756342781,false,WARRIOR-חטיף חלבון בטעם קרם עוגיות,"KBF תעשיות בע""מ UK",GB,WARRIOR קרם עוגיות,,64.00,100 גרם,false,1,11.90,18.59,true,1,26455
5060756342972,false,WARRIORאפוי ק.עוגיות,Unknown,,WARRIORאפוי ק.עוגיות,,75.00,100 גרם,false,1,9.90,13.20,true,1,26456
5060756343702,false,WARRIOR - חטיף חלבון קראנץ' שוקולד מריר פטל,תעשיות מזון בלאבאן,US,WARRIOR פ.שוקולד,,64.00,100 גרם,false,1,11.90,18.59,true,1,26546
5060902991818,false,ס.א אייס נענע,Unknown,,ס.א אייס נענע,,0.00,,false,1,99.90,0.00,false,1,26960
5060902991870,false,ס.א. אייס אוכמניות,Unknown,,ס.א. אייס אוכמניות,,0.00,,false,1,99.90,0.00,false,1,26964
5060902991887,false,ס.א אייס מלון,Unknown,,ס.א אייס מלון,,0.00,,false,1,99.90,0.00,false,1,26961
5060902991917,false,ס.א. חמוציות,Unknown,,ס.א. חמוציות,,0.00,,false,1,99.90,0.00,false,1,26959
5060902991924,false,ס.א .אייס ענבים,Unknown,,ס.א .אייס ענבים,,0.00,,false,1,99.90,0.00,false,1,26957
5060902991948,false,ס. א.סוכריה,Unknown,,ס. א.סוכריה,,0.00,,false,1,99.90,0.00,false,1,26958
5060902991962,false,ס.א.אייס אפרסק,Unknown,,ס.א.אייס אפרסק,,0.00,,false,1,99.90,0.00,false,1,26962
5060902991993,false,ס.תות בננה 3000 שאיפ,Unknown,,ס.תות בננה 3000 שאיפ,,0.00,,false,1,99.90,0.00,false,1,27177
5060902992013,false,ס.א.אייס אננס,Unknown,,ס.א.אייס אננס,,0.00,,false,1,99.90,0.00,false,1,26963
5099873017623,false,"וויסקי גק דניאלס טנסי אפל 700 מ""ל",ג'ק דניאלס Jack Daniel's,BE,גק דניאלס תפוח,,700.00,"100 מ""ל",false,1,139.00,19.81,false,1,24699
5099873046173,false,וויסקי גק דניאלס 200,ג'ק דניאלס,,גק דניאלס 200מל,,200.00,"100 מ""ל",false,1,44.90,22.30,false,1,25606
5200133120506,false,גליליות וופלים קרם אגוזים וקקאו 150 גרם,קוארטט אס.אי,GR,גליליות גולדן ברייק,,150.00,100 גרם,false,1,9.50,6.33,true,1,20412
5201261201532,false,"רביעית פחית בירה היינקן 500 מ""ל",מבשלת אתונה S.A.\n,IL,רבייעית הייניקן פחית,,2.00,1 ליטר,false,1,48.70,24.35,false,1,27247
5201360521241,false,קרואסון במילוי ק.קקאו65ג,מונדליז טורקיה פוד פ,BG,סבן דייז ק.שוקולד,,65.00,100 גרם,false,1,5.50,8.46,true,1,24766
5201360528769,false,קרואסון אישי במילוי,ציפיטה,,סבן דייז ק.וניל,,65.00,100 גרם,false,1,5.50,8.46,true,1,24767
5201583750411,false,זירו-סוכריות ללא סוכר בטעם לימון עם סטיב,איתן,GR,ZERO סוכריות לימון,,32.00,100 גרם,false,1,8.90,27.81,true,1,24908
5201583751418,false,סוכריות זירו אייס בלו סטיביה ללא סוכר 32 ג',איתן,GR,ZEROסוכריות א.בלו,,32.00,100 גרם,false,1,8.90,27.81,true,1,24909
5201583752118,false,סוכריות ללא סוכר בטעם חמאה במילוי שוקולד,איתן,GR,Z ס.חמאה ק.שוקולד,,36.00,100 גרם,false,1,8.90,24.72,true,1,24910
5201583752217,false,סוכריות ללא סוכר בטעם מנטה במילוי שוקולד,איתן,GR,ZERO.מנטה ק.שוקולד,,36.00,100 גרם,false,1,8.90,24.72,true,1,24911
5208049000639,false,רוטמנס כחול ארוך חפיסה,Unknown,TR,רוטמנס כחול ארוך,,0.00,,false,1,29.00,0.00,false,1,21642
5208049000646,false,רוטמנס כחול ארוך פאקט,Unknown,TR,רוטמנס כ.ארוך פאקט,,0.00,,false,1,277.00,0.00,false,1,25061
5208049000660,false,פאל מאל דאבל קפסולה חפיסה,גלוברנס,PL,פאל מאל הוואנה,,0.00,,false,1,30.50,0.00,false,1,21970
5208049000677,false,פאלמאל דאבל פאקט,Unknown,,פאלמאל דאבל פאקט,,0.00,,false,1,297.00,0.00,false,1,21971
5208049001452,false,גולדן וירגיניה ירוק 30 גר+נייר PP,Unknown,NL,גולדן.ו ירוק 30+נייר,,0.00,,false,1,71.00,0.00,true,1,22241
5208049001483,false,גולדן וירגיניה לבן 30 גר+נייר PP יחידה,Unknown,NL,גולדן.ו לבן 30ג+נייר,,0.00,,false,1,71.00,0.00,true,1,22137
5208049001513,false,גולדן וירגיניה צהוב30 גר+נייר לגלגול יח,Unknown,NL,גולדן.ו צהוב30ג+נייר,,0.00,,false,1,71.00,0.00,true,1,22138
5208049001841,false,סיגריות פאל מאל דמי קפסולה,גלוברנס,PL,פאל מאל דמי קפסולה,,0.00,,false,1,26.50,0.00,false,1,22106
5208049001858,false,פאלמאל דמי קפסולה פאקט,גלוברנס,PL,פאל מאל דמי- פאקט,,0.00,,false,1,257.00,0.00,false,1,22107
5208049002473,false,סיגריות קנט ארוך חפי,Unknown,TR,קנט ארוך חפיסה,,0.00,,false,1,38.50,0.00,false,1,22154
5208049002480,false,סיגריות קנט קלאסי אר,Unknown,TR,קנט ארוך חפיסה קשה,,0.00,,false,1,372.00,0.00,false,1,22155
5208049004408,false,סיגריות רוטמנס סילבר,גלוברנס,IL,רוטמנס סילבר חפיסה,,0.00,,false,1,29.00,0.00,false,1,23634
5208049004415,false,רוטמנס סילבר פאקט,Unknown,,רוטמנס סילבר פאקט,,0.00,,false,1,277.00,0.00,false,1,23635
5208049004781,false,פאל מאל ברי דמי סלימס קופסא,Unknown,,פאל מאל ברי דמי,,0.00,,false,1,26.50,0.00,false,1,23517
5208049004798,false,פאל מאל ברי דמי,Unknown,,פאל מאל ברי דמי,,0.00,,false,1,257.00,0.00,false,1,23518
5208049005719,false,פאל מאל אננס דמ י סלימס חפיסה,Unknown,,ס.דמי אננס מאל חפיסה,,0.00,,false,1,26.50,0.00,false,1,25136
5208049005726,false,פאל מאל אננס דמ י סלימס קרטוש,Unknown,,ס.דמי אננס מאל פאקט,,0.00,,false,1,257.00,0.00,false,1,25139
5208049006594,false,סיגריות פאל מל אקסטרה כחול בודד,Unknown,DE,פאל מאל א.כחול חפיסה,,0.00,,false,1,29.00,0.00,false,1,26714
5208049006600,false,פאל מאל אקסטרה כחול פאקט,Unknown,PL,פאל מאל א.כחול פאקט,,0.00,,false,1,277.00,0.00,false,1,26716
5208049006624,false,פאל מאל אקסטרה סילבר קופסה,Unknown,DE,פאלמאל א.סילבר חפיסה,,0.00,,false,1,29.00,0.00,false,1,26715
5208049006631,false,פאל מאל אקסטרה סילבר פקט,Unknown,PL,פאל מאל א.סילבר פאקט,,0.00,,false,1,277.00,0.00,false,1,26717
5208049006655,false,סיגריות פאל מל אקסטרה מנדרינה בודד,Unknown,RO,פאל מאל א.מנדרינה,,0.00,,false,1,29.00,0.00,false,1,27147
5208049006662,false,פאלמאל אקסטרה מנדרינה פק,Unknown,RO,פ.מאל א.מנדרינה פאקט,,0.00,,false,1,277.00,0.00,false,1,27148
5391523057943,false,סימילאק גולד שלב 3 תרכובת מזון על בסיס חלב,אבוט מעבדות רפואיות,IE,סימילאק גולד שלב 3,,700.00,100 גרם,false,1,94.90,13.56,true,1,26338
5391523058087,false,סימילאק אדבנס פלוס 2 תרכובת מזון על בסיס חלב,טרופיקל דגיל תעשיות,IE,סימילאק אדוונס+שלב2,,700.00,100 גרם,false,1,79.90,11.41,true,1,26337
5410126006339,false,לוטוס ביסקוויט קרמל 124 גרם,לוטוס ביקרי נ.וי,BE,לוטוס ביסקוויט 124ג,,124.00,100 גרם,false,1,11.00,8.87,true,1,16576
5410126006360,false,לוטוס עוגיות סנדוויץ' במילוי לוטוס 150 גר',לוטוס ביקרי בלגיה נ.,BE,לוטוס ע.סנדוויץ 150ג,,150.00,100 גרם,false,1,10.90,7.27,true,1,25096
5410126006377,false,לוטוס עוגיות סנדוויץ במילוי וניל 150 גרם,לוטוס ביקרי בלגיה נ.,BE,לוטוס במילוי וניל,,150.00,100 גרם,false,1,10.90,7.27,true,1,27347
5410316233446,false,וודקה סמירנוף אדום 2,דיאג'ו סקוטלנד בעמ,,וודקה סמירנוף 200 מל,,200.00,"100 מ""ל",false,1,25.00,12.35,true,1,20305
5410316983693,false,"סמירנוף אייס בקבוק 275 מ""ל",סמירנוף אייס Smirnoff ice,IT,סמירנוף אייס,,275.00,"100 מ""ל",false,1,22.00,7.89,true,1,2724
5410316994019,false,"וודקה סמירנוף אדום 700מ""ל",דיאג'ו אופריישנס איט,US,וודקה סמירנוף 700מל,,700.00,"100 מ""ל",false,1,85.00,12.10,true,1,15395
5411081003654,false,"קסטיל בירה רוז 330 מ""ל",מבשלת קסטל ואן הונסב,BE,קסטיל רוז 330 מל,,330.00,"100 מ""ל",false,1,12.00,3.55,true,1,26674
5411188110835,false,אלפרו חלב סויה שקדים וניל 1ל',הנסיך- מפעל לייצור ט,BE,אלפרו משקה שקדים 1 ל,,1.00,1 ליטר,false,1,18.90,18.90,true,1,24777
5411188115366,false,משקה קוקוס אלפרו 1 ליטר משקה שיבולת שועל 1 ליטר,הנסיך- מפעל לייצור ט,BE,אלפרו שיבולת שועל 1ל,,1.00,1 ליטר,false,1,20.90,20.90,true,1,24779
5411188115472,false,משקה סויה אלפרו 1 ליטר,הנסיך- מפעל לייצור ט,BE,אלפרו חלב סויה 1ל,,1.00,1 ליטר,false,1,18.90,18.90,true,1,24778
5411188127697,false,אלפרו משקה בריסטה שיבולת שועל 1 ליטר,הנסיך- מפעל לייצור ט,BE,אלפרו בריסטה ש שועל,,1.00,1 ליטר,false,1,20.90,20.90,true,1,25064
5411188134985,false,אלפרו 3.5% NOT M*LK שיבולת שועל 1 ליטר בית יוסף,הנסיך- מפעל לייצור ט,BE,אלפרו NM 3.5% ש.שועל,,1.00,1 ליטר,false,1,17.90,17.90,true,1,24998
5411188135005,false,אלפרו 1.8% NOT M*LK שיבולת שועל 1 ליטר בית יוסף,הנסיך- מפעל לייצור ט,BE,אלפרו NM ש.שועל 1.8%,,1.00,1 ליטר,false,1,17.90,17.90,true,1,24999
5413149655522,false,"אבקת כביסה שושן צחור 1.25 ק""ג אריאל",פרוקטר אנד גמבל,TR,אריאל א.כ שושן צחור,,1.25,"1 ק""ג",false,1,22.00,17.60,true,1,13790
5450524055997,false,מרילנד אדום -פאקט,Unknown,,מרילנד אדום -פאקט,,0.00,,false,1,275.00,0.00,false,1,18927
5450524056017,false,מרילנד בלו,Unknown,,מרילנד בלו,,0.00,,false,1,275.00,0.00,false,1,25344
5701932026964,false,"הוטפופ גרעיני תירס להכנת פופקורן במיקרוגל בטעם טבעי, בתוספת מלח, 600 גרם",ליימן מותגים,US,הוטפופ מלוח 600 גר,,600.00,100 גרם,false,1,14.90,2.48,true,1,12162
5701932026971,false,הוטפופ גרעיני תירס להכנת פופקורן במיקרוגל בטעם חמאה 600 גרם,ליימן מותגים,US,הוטפופ פופקורן חמאה,,600.00,100 גרם,false,1,14.90,2.48,true,1,1979
5701932026995,false,"הוטפופ גרעיני תירס להכנת פופקורן במיקרוגל בטעם טבעי מופחת שומן, 510 גרם",קריניציה ויטמינה אס,US,הוטפופ לייט 510 גר,,510.00,100 גרם,false,1,14.90,2.92,true,1,25491
5710840126130,false,טבק לעישון באלי תכלת,Unknown,,טבק באלי שאג תכלת,,0.00,,false,1,99.00,0.00,false,1,17829
5710840186615,false,באלי סילבר אמריקן בל,Unknown,,באלי סילבר 40 גר,,0.00,,false,1,99.00,0.00,true,1,25135
5710840209437,false,טבק באלי נטוראל 40 גרם,סקמדינביין טובקו,DK,טבק באלי נטורל 40גר,,0.00,,false,1,99.00,0.00,false,1,22290
5710840210013,false,באלי לבן סופר עדין 40גרם,סקמדינביין טובקו,DK,טבק באלי לבן40גר,,0.00,,false,1,99.00,0.00,false,1,22291
5710840210136,false,טבק באלי ראונדד 40 ג,סקמדינביין טובקו,IL,באלי אדום 40 גר,,0.00,,false,1,99.00,0.00,true,1,22434
5710840210167,false,באלישג וירג'יניה 40 גרם,סקנדינביין טובקו,IL,באלי צהוב 40 גר,,0.00,,false,1,99.00,0.00,false,1,22435
5740900403239,false,ממרח לורפק ללא תוספת מלח 250 גר,ארלה פודס אמבה,DK,לורפק חמאה ללא מלח,,250.00,100 גרם,false,1,20.90,8.36,true,1,27244
5740900403284,false,חמאה ללא מלח 200 גרם לורפק כשרות או קיי,ארלה פודס אמבה,DK,לורפק חמאה ללא מלח,,200.00,100 גרם,false,1,13.20,6.60,true,1,23096
5740900403864,false,חמאה +מלח 200 גרם לורפק כשרות או קיי,ארלה פודס אמבה,DK,לורפק חמאה מלח 200 ג,,200.00,100 גרם,false,1,13.20,6.60,true,1,25623
5900020015181,false,חטיף דגנים שוקולד 6* 23.5 ג' פיטנס,מיוצר עי קונדיטוריית,PL,פיטנס בר אישי שוקולד,,25.00,100 גרם,false,1,6.00,24.00,true,1,13276
5900020018892,false,חטיף בטעם קרם עוגיות 6*23.5 ג' פיטנס,לוביץ',PL,פיטנס קרם עוגיות,,25.00,100 גרם,false,1,6.00,24.00,true,1,25137
5900020025807,false,נסטלה - דגני סיני מיניס 375 גרם,סי. פי. פולין,PL,סיני מיניס 375 גרם,,375.00,100 גרם,false,1,15.90,4.24,true,1,24976
5900020026552,false,דגני בוקר האני נאט צ'יריוס בטעם דבש ושקדים,נסטלה צרפת איטנקורט,FR,האני נאט ציריוס חדש,,625.00,100 גרם,false,1,19.90,3.18,true,1,27184
5900020026859,false,צ'ריוס האני נאט 375 גרם,סי. פי. צרפת,FR,צריוס האני נאט 375ג,,375.00,100 גרם,false,1,15.90,4.24,true,1,25375
5900020039613,false,חטיף דגנים שקדים ודבש 6*23.5 ג' פיטנס,נסטלה,IT,פיטנס שקדים ודבש,,25.00,100 גרם,false,1,6.00,24.00,true,1,25138
5900020041142,false,קורנפלקס פיטנס 500 ג' אסם,נסטלה צרפת איטנקורט,PL,פיטנס קורנפלקס,,500.00,100 גרם,false,1,20.00,4.00,true,1,27160
5900617035882,false,חטיף חלבון נוטרישיין בטעם שוקולד,סיטי תוספי מזון,PL,נוטרישיין טעם שוקולד,,50.00,100 גרם,false,1,12.90,25.80,true,1,26458
5900617035905,false,גו און חטיף חלבון עם קרמל ובוטנים ללא סוכר 50 ג',סיטי תוספי מזון,PL,נוטרישיין קרמל מלוח,,50.00,100 גרם,false,1,12.90,25.80,true,1,26459
5900617035929,false,חטיף חלבון נוטרישיין בטעם וניל תות יער,סיטי תוספי מזון,PL,נוטרישיין וניל ת.יער,,50.00,100 גרם,false,1,12.90,25.80,true,1,26468
5900951283963,false,חטיף סניקרס עם חמאת בוטנים Creamy Peanut Butter,סנו מפעלי ברונוס.,PL,סניקרס ח.בוטנים,,36.50,100 גרם,false,1,7.00,19.18,true,1,25265
5902198160403,false,XL משקה אנרגיה מוגז ללא סוכר עד 10 קלוריות לפחית 250 מל,"טמפו משקאות בע""\מ",IL,משקה אנרגיהXL TEN,,250.00,"100 מ""ל",false,1,8.90,3.44,true,1,19042
5903141006694,false,ווג פריזון מנטול עשירייה,Unknown,PL,ווג פריזון מנטה פאקט,,0.00,,false,1,382.00,0.00,false,1,23060
5903141082766,false,פאל מאל כחול דמי סלימס עשיריה,Unknown,PL,פאל מאל דמי כחול פ,,0.00,,false,1,257.00,0.00,false,1,20576
5903141082780,false,פאל מאל סילבר דמי סלימס עשיריה,Unknown,PL,פאל מאל דמי סילבר פא,,0.00,,false,1,257.00,0.00,false,1,20577
5904941750312,false,"משקה אנרגיה BLU מוחיטו בודד 250 מ""ל",אקו - ביט,PL,בלו מוחיטו 250 מל,,250.00,"100 מ""ל",false,1,8.90,3.44,true,1,15367
5904941751241,false,"משקה אנרגיה BLU דיי סיקס ללא סוכר 250 מ""ל",אקו - ביט,PL,בלו דיי 6 קלוריות,,250.00,"100 מ""ל",false,1,5.00,1.88,true,1,23157
5904941751302,false,"משקה אנרגיה בלו 250 מ""ל- בודד",אקו - ביט,PL,בלו משקה אנרגיה,,250.00,"100 מ""ל",false,1,8.90,3.44,true,1,11611
5904941751371,false,"בלו אקזוטי (מלון תפוח) 250 מ""ל בודד",Unknown,,בלו די אקזוטיק,,250.00,"100 מ""ל",false,1,8.90,3.44,true,1,19641
5904941751524,false,"משקה אנרגיה BLU DAY אבטיח בודד 250 מ""ל",אקו - ביט,PL,בלו די אבטיח 250 מל,,250.00,"100 מ""ל",false,1,8.90,3.44,true,1,15422
5904941751920,false,בלו משקה אנרגיה דיי חצי מכמות הקלו250 מל,אקו - ביט,PL,בלו דיי מ.אנרגיה,,250.00,"100 מ""ל",false,1,8.90,3.44,true,1,13799
5906485301012,false,"משקה אנרגיה XL פחית 250 מ""ל","טמפו משקאות בע""מ",IL,משקה אנרגיהXL,,250.00,"100 מ""ל",false,1,8.90,3.44,true,1,7634
5908302600377,false,כסא ים,Unknown,,כסא ים,,0.00,,false,1,69.00,0.00,false,1,22087
5948530002130,false,ווג סופרסלימס כחול עשירייה,Unknown,PL,ווג לידי כחול פאקט,,0.00,,false,1,382.00,0.00,false,1,13895
5948530002147,false,ווג סופרסלימס לילך עשירייה,Unknown,PL,ווג לידי לילך -פאקט,,0.00,,false,1,382.00,0.00,false,1,13894
5997270730315,false,ש.עצי ריח דובדבן,Unknown,,ש.עצי ריח דובדבן,,0.00,,false,1,10.00,0.00,false,1,21781
5997270730322,false,ש.עצי ריח מסטיק,Unknown,,ש.עצי ריח מסטיק,,0.00,,false,1,10.00,0.00,false,1,21782
5997270730339,false,ש.עצי ריח יהלום שחור,Unknown,,ש.עצי ריח יהלום שחור,,0.00,,false,1,10.00,0.00,false,1,21783
5997270780044,false,ש.עצי ריח וניל,Unknown,,ש.עצי ריח וניל,,0.00,,false,1,10.00,0.00,false,1,21784
5997270780051,false,ש.עצי ריח רכב חדש,Unknown,,ש.עצי ריח רכב חדש,,0.00,,false,1,10.00,0.00,false,1,21785
5997270780068,false,ש.עצי ריח אריג צחור,Unknown,,ש.עצי ריח אריג צחור,,0.00,,false,1,10.00,0.00,false,1,21786
5997270780075,false,ש.עצי ריח קוקוס,Unknown,,ש.עצי ריח קוקוס,,0.00,,false,1,10.00,0.00,false,1,21787
5999071007719,false,מצת אלקטרוני חדש,Unknown,,מצת אלקטרוני חדש,,0.00,,false,1,4.00,0.00,true,1,25250
6001051001514,false,לבלו אוכמניות בודד 5.5מל,אלפא,DE,לבלו שפתון אוכמניות,,4.80,100 גרם,false,1,13.90,289.58,true,1,23658
6001067022558,false,מברשת שיניים קולגייט אקסטרה קלין,קולגייט פלמוליב,CN,קולגייט אקסטרא בודד,,1.00,יחידה,false,1,7.90,7.90,true,1,20930
6008165003984,false,סיגריות פאל מאל כחול סטרים פילט בודד,אמריקן גרדן,TR,פאל מאל כחול טיוב,,0.00,,false,1,30.50,0.00,false,1,15894
6008165271192,false,סיגריות פאל מל ארוך אדום בודד,אמריקן גרדן,TR,פאל מאל אדום ארוך ח,,0.00,,false,1,30.50,0.00,false,1,15692
6008165274629,false,פאל מאל כחול ארוך סטרים פילטר חפיסה,יושלם,TR,פאל מאל טיוב ארוך כח,,0.00,,false,1,30.50,0.00,false,1,17460
6008165276098,false,סיגריות רוטמנס כחול,Unknown,TR,רוטמנס כחול חפיסה,,0.00,,false,1,29.00,0.00,false,1,19763
6008165276128,false,סיגריות רוטמנס כחול,Unknown,TR,רוטמנס כחול פאקט,,0.00,,false,1,277.00,0.00,false,1,25355
6291100603633,false,יורו קייק ק.שוקולד,Unknown,,יורו קייק ק.שוקולד,,0.00,,false,1,5.00,0.00,true,1,27434
6412709021660,false,פינלנדיה 375 מל,Unknown,,פינלנדיה 375 מל,,375.00,"100 מ""ל",false,1,62.90,16.69,true,1,24332
6908235694404,false,אוזניות מיקרופון אוניברסליות,ארטוס,,אוזניות אוניברסליות,,0.00,,false,1,29.90,0.00,false,1,20386
6920388606134,true,לוויתן רכיבה גילונג,Unknown,,לוויתן רכיבה גילונג,,0.00,,false,,59.90,0.00,true,1,25545
6920388623971,true,U וסט שחיה גילונג,Unknown,,U וסט שחיה גילונג,,0.00,,false,,39.90,0.00,true,1,25546
6920388642163,true,גלגל ים חד קרן,Unknown,,גלגל ים חד קרן,,0.00,,false,,29.90,0.00,true,1,25548
6920388644266,true,מצופי ידיים מצוירים,Unknown,,מצופי ידיים מצוירים,,0.00,,false,,12.90,0.00,true,1,25549
6920388661898,true,קיקבורד גילונג,Unknown,,קיקבורד גילונג,,0.00,,false,,19.90,0.00,true,1,25552
6920388661935,true,גלגל חיות גילונג,Unknown,,גלגל חיות גילונג,,0.00,,false,,14.90,0.00,true,1,25554
6920388661966,true,ג.טרופי ידיות אחיזה,Unknown,,ג.טרופי ידיות אחיזה,,0.00,,false,,49.90,0.00,true,1,25555
6920388666848,true,מזרון רשת הונלולו,Unknown,,מזרון רשת הונלולו,,0.00,,false,,99.90,0.00,true,1,25558
6920388667203,true,גלגל ים גילונג,Unknown,,גלגל ים גילונג,,0.00,,false,,19.90,0.00,true,1,25560
6920388667234,true,גלגל הליכון לתינוק,Unknown,,גלגל הליכון לתינוק,,0.00,,false,,39.90,0.00,true,1,25561
6920388667326,true,מזרון אננס ענק,Unknown,,מזרון אננס ענק,,0.00,,false,,99.90,0.00,true,1,25562
6920388667432,true,גלגל פלמינגו ענק,Unknown,,גלגל פלמינגו ענק,,0.00,,false,,59.90,0.00,true,1,25563
6923432585010,false,תרסיס תיקון פנצר,Unknown,,תרסיס תיקון פנצר,,450.00,"100 מ""ל",false,1,15.00,3.33,true,1,18615
6924994135057,false,מארז מסכות 50יח,Unknown,,מארז מסכות 50יח,,50.00,יחידה,false,1,19.90,0.40,false,1,23051
6928542902795,false,פרש דפי ריענון כחול,שאטו בלוו,CN,פרש ד.רענון פפרמינט,,14.40,100 גרם,false,1,8.90,61.81,true,1,25843
6928542902801,false,פרש דפי ריענון מנטה,שאטו בלוו,CN,פרש ד.רענון ספירמנט,,14.40,100 גרם,false,1,8.90,61.81,true,1,25844
6928542902818,false,דפי רענון מנטה אדום,שאטו בלוו,CN,פרש דפי רענון תות,,14.40,100 גרם,false,1,8.90,61.81,true,1,25845
6935347607329,false,כ.הגה M אלקנטרה שחור,Unknown,,כ.הגה M אלקנטרה שחור,,0.00,,false,1,45.00,0.00,true,1,18616
6935347607411,false,מכסה דלק אוניברסלי,Unknown,,מכסה דלק אוניברסלי,,0.00,,false,1,10.00,0.00,true,1,18617
6935347607787,false,מדחס מתכת HD,Unknown,,מדחס מתכת HD,,0.00,,false,1,179.00,0.00,false,1,22975
6941057420349,true,מזרן ים יחיד צבעוני,Unknown,,מזרן ים יחיד צבעוני,,0.00,,false,,79.00,0.00,false,1,24518
6941057459257,true,אבוב מתנפח אינטקס,Unknown,,אבוב מתנפח אינטקס,,0.00,,false,,39.90,0.00,false,1,24519
6941607306239,true,כדור ים ספיידרמן,Unknown,,כדור ים ספיידרמן,,0.00,,false,,19.90,0.00,true,1,25569
6941607306246,true,גלגל ים ספיידרמן,Unknown,,גלגל ים ספיידרמן,,0.00,,false,,19.90,0.00,true,1,25570
6941607306260,true,שרוול ים ספיידרמן,Unknown,,שרוול ים ספיידרמן,,0.00,,false,,19.90,0.00,true,1,25571
6942138926033,true,מזרון טרופי פירות,Unknown,,מזרון טרופי פירות,,0.00,,false,,99.90,0.00,true,1,25572
6942138949919,true,מזרון עם תאים לפחיות,Unknown,,מזרון עם תאים לפחיות,,0.00,,false,,59.90,0.00,true,1,25573
6942138967449,true,גלגל דונאטס שוקולד,Unknown,,גלגל דונאטס שוקולד,,0.00,,false,,49.90,0.00,true,1,25574
6942138981407,true,כדור ים נסיכות,Unknown,,כדור ים נסיכות,,0.00,,false,,19.90,0.00,true,1,25575
6951085364331,false,COOL מנטה אייס,Unknown,,COOL מנטה אייס,,0.00,,false,1,89.00,0.00,false,1,27222
6951085364386,false,COOL אפרסק אייס,Unknown,,COOL אפרסק אייס,,0.00,,false,1,89.00,0.00,false,1,27227
6951085364393,false,COOL אננס אייס,Unknown,,COOL אננס אייס,,0.00,,false,1,89.00,0.00,false,1,27223
6956583171528,false,בריכה מתנפחת ארטוס,Unknown,,בריכה מתנפחת ארטוס,,0.00,,false,1,99.00,0.00,false,1,23233
6971578990625,false,HQD סיגריה אלקטרוני,shenzhen shengsi,CN,ס.א תפוח HQD,,0.00,,false,1,99.00,0.00,false,1,25120
6971578992155,false,HQD שאיפות בננה,Unknown,,HQD שאיפות בננה,,0.00,,false,1,99.00,0.00,false,1,26242
6971578993220,false,ס.א אבטיח אייס HQD,Unknown,,ס.א אבטיח אייס HQD,,0.00,,false,1,99.00,0.00,false,1,25121
6971578993503,false,HQD מיאמי ויייס,Unknown,,HQD מיאמי ויייס,,0.00,,false,1,99.00,0.00,false,1,26248
6971578994272,false,ס.א מנטה אייס HQD,Unknown,,ס.א מנטה אייס HQD,,0.00,,false,1,99.00,0.00,false,1,25122
6971578994289,false,ס.אלקטרונית תות HQD,Unknown,,ס.אלקטרונית תות HQD,,0.00,,false,1,52.90,0.00,false,1,25123
6971578994296,false,ס.א אננס אייס HQD,Unknown,,ס.א אננס אייס HQD,,0.00,,false,1,52.90,0.00,false,1,25124
6971578994302,false,ס.אלקטרונית מלון HQD,Unknown,,ס.אלקטרונית מלון HQD,,0.00,,false,1,52.90,0.00,false,1,25125
6971578994340,false,HQD סיגריה אלקטרוני,shenzhen shengsi,CN,ס.א מנגו אייס HQD,,0.00,,false,1,99.00,0.00,false,1,25126
6971578994425,false,ס.א ענבים HQD,Unknown,,ס.א ענבים HQD,,0.00,,false,1,52.90,0.00,false,1,25127
6971578994548,false,HQD סיגריה אלקטרוני,shenzhen shengsi,CN,ס.א אוכמניות HQD,,0.00,,false,1,99.00,0.00,false,1,25128
6971578996733,false,ס.א פטל אוכמניות HQD,Unknown,,ס.א פטל אוכמניות HQD,,0.00,,false,1,52.90,0.00,false,1,25129
6971578996757,false,סיגריה אלקטרונית גו,shenzhen shengsi,CN,HQD שאיפות גויאבה,,0.00,,false,1,99.00,0.00,false,1,26244
6971578996818,false,HQD סיגריה אלקטרוני,shenzhen shengsi,CN,HQD ליצי,,0.00,,false,1,99.00,0.00,false,1,26247
6971578997181,false,ס.א אוכמניות שחורות,shenzhen shengsi,CN,ס.א אוכמניות שחורות,,0.00,,false,1,99.00,0.00,false,1,25130
6971578998683,false,HQD סיגריה אלקטרוני,shenzhen shengsi,CN,HQD פירות יער,,0.00,,false,1,99.00,0.00,false,1,26245
6972595228357,false,סוללת גיבוי 10000MAH,Unknown,,סוללת גיבוי 10000MAH,,0.00,,false,1,79.00,0.00,false,1,26614
6973729940282,false,ס. CIGGY BAR ב.טעמים,Unknown,,ס. CIGGY BAR ב.טעמים,,0.00,,false,1,89.90,0.00,false,1,26760
6973826700345,false,ס.א אבטיח ותות HQD,Unknown,,ס.א אבטיח ותות HQD,,0.00,,false,1,52.90,0.00,false,1,25131
6973826701229,false,HQD למונדה אוכמניות,Unknown,,HQD למונדה אוכמניות,,0.00,,false,1,99.00,0.00,false,1,26243
6973826701519,false,HQD פטל לימון,Unknown,,HQD פטל לימון,,0.00,,false,1,99.00,0.00,false,1,26246
6974129603401,false,Buzz מסטיק,Unknown,,Buzz מסטיק,,0.00,,false,1,89.90,0.00,false,1,25923
6974129603418,false,Buzz בזוקה,Unknown,,Buzz בזוקה,,0.00,,false,1,89.90,0.00,false,1,25924
6974129603425,false,Buzz שיק פירות,Unknown,,Buzz שיק פירות,,0.00,,false,1,89.90,0.00,false,1,25932
6974129603432,false,Buzz פינה קולדה,Unknown,,Buzz פינה קולדה,,0.00,,false,1,89.90,0.00,false,1,25996
6974129603449,false,buzz תות,Unknown,,buzz תות,,0.00,,false,1,89.90,0.00,false,1,25926
6974129603456,false,Buzz מנגו,Unknown,,Buzz מנגו,,0.00,,false,1,89.90,0.00,false,1,25927
6974129603470,false,Buzz בננה,Unknown,,Buzz בננה,,0.00,,false,1,89.90,0.00,false,1,25933
6974129603487,false,Buzz סוכריה,Unknown,,Buzz סוכריה,,0.00,,false,1,89.90,0.00,false,1,25928
6974129603494,false,Buzz אננס,Unknown,,Buzz אננס,,0.00,,false,1,89.90,0.00,false,1,25929
6974227021206,false,ס.אלקטרונית אוכמניות,Unknown,,ס.אלקטרונית אוכמניות,,0.00,,false,1,49.90,0.00,false,1,25496
6974227021213,false,ס.אלקטרונית אבטיח,Unknown,,ס.אלקטרונית אבטיח,,0.00,,false,1,49.90,0.00,false,1,25497
6974227021220,false,ס.אלקטרונית תות,Unknown,,ס.אלקטרונית תות,,0.00,,false,1,49.90,0.00,false,1,25498
6974227021237,false,ס.אלקטרונית קול בר,Unknown,,ס.אלקטרונית קול בר,,0.00,,false,1,49.90,0.00,false,1,25499
6974227021251,false,ס.אלקטרונית ליצי,Unknown,,ס.אלקטרונית ליצי,,0.00,,false,1,49.90,0.00,false,1,25500
6974227021268,false,ס.אלקטרונית אפרסק,Unknown,,ס.אלקטרונית אפרסק,,0.00,,false,1,49.90,0.00,false,1,25501
6974356170097,false,SWICH מ. אידוי קולה,Unknown,,SWICH מ. אידוי קולה,,0.00,,false,1,99.90,0.00,false,1,27151
6974356170103,false,SWICH מ.אידוי פטל,Unknown,,SWICH מ.אידוי פטל,,0.00,,false,1,99.90,0.00,false,1,27152
6974356170110,false,SWICH מ.אידוי תות ק,Unknown,,SWICH מ.אידוי תות ק,,0.00,,false,1,99.90,0.00,false,1,27153
6974356170127,false,SWICH מ.אידוי אייס,Unknown,,SWICH מ.אידוי אייס,,0.00,,false,1,99.90,0.00,false,1,27154
6974356170134,false,SWICH מ.אידוי תות,Unknown,,SWICH מ.אידוי תות,,0.00,,false,1,99.90,0.00,false,1,27155
6974678291944,false,Qweet ענבים 2500,Unknown,,Qweet ענבים 2500,,0.00,,false,1,59.90,0.00,false,1,26749
6974678291951,false,Qweet אבטיח 2500,Unknown,,Qweet אבטיח 2500,,0.00,,false,1,59.90,0.00,false,1,26750
6974678291968,false,Qweet פטל 2500,Unknown,,Qweet פטל 2500,,0.00,,false,1,59.90,0.00,false,1,26751
6974678291975,false,Qweet מנגו 2500,Unknown,,Qweet מנגו 2500,,0.00,,false,1,59.90,0.00,false,1,26752
6974678291982,false,Qweet אוכמניות 2500,Unknown,,Qweet אוכמניות 2500,,0.00,,false,1,59.90,0.00,false,1,26753
6974678291999,false,Qweetתות וקיווי 2500,Unknown,,Qweetתות וקיווי 2500,,0.00,,false,1,59.90,0.00,false,1,26754
6974678292002,false,Qweet אהבה 66 2500,Unknown,,Qweet אהבה 66 2500,,0.00,,false,1,59.90,0.00,false,1,26755
6974678292019,false,Qweet אל פטרון 2500,Unknown,,Qweet אל פטרון 2500,,0.00,,false,1,59.90,0.00,false,1,26756
6974678292026,false,Qweetלימון תפוז 2500,Unknown,,Qweetלימון תפוז 2500,,0.00,,false,1,59.90,0.00,false,1,26757
6974678292033,false,Qweet דובדבן 2500,Unknown,,Qweet דובדבן 2500,,0.00,,false,1,59.90,0.00,false,1,26758
6974706640027,false,סיגריה אלקטרונית סמא,shenzhen hot technol,CN,SMART3000 אבטיח אייס,,0.00,,false,1,89.90,0.00,false,1,26743
6982435756216,false,COOL תפוח אייס,Unknown,,COOL תפוח אייס,,0.00,,false,1,89.00,0.00,false,1,27224
6982435756223,false,COOL מלון אייס,Unknown,,COOL מלון אייס,,0.00,,false,1,89.00,0.00,false,1,27226
6982435756230,false,COOL אוכמניות לימון,Unknown,,COOL אוכמניות לימון,,0.00,,false,1,89.00,0.00,false,1,27221
6982435756247,false,COOL ענבים אייס,Unknown,,COOL ענבים אייס,,0.00,,false,1,89.00,0.00,false,1,27219
6982435756254,false,COOL תות אייס,Unknown,,COOL תות אייס,,0.00,,false,1,89.00,0.00,false,1,27225
6982435756261,false,COOL אבטיח אייס,Unknown,,COOL אבטיח אייס,,0.00,,false,1,89.00,0.00,false,1,27220
7280138800007,false,"פחם דרום אמריקאי 2 ק""ג",Unknown,,פחם הגחל הדליק חדש,,2.00,"1 ק""ג",false,1,21.90,10.95,true,1,22888
7290000007413,false,כוס חדפ היטל 10אג,Unknown,,כוס חדפ היטל 10אג,,3000.00,יחידה,false,1,0.10,0.00,false,1,2953
7290000008700,false,פיקדון מעין,Unknown,,פיקדון מעין,,0.00,,false,1,0.30,0.00,false,1,25512
7290000010474,false,בקבוק רימונדה 330מל,Unknown,,בקבוק רימונדה 330מל,,330.00,"100 מ""ל",false,1,8.00,2.42,false,1,23354
7290000018004,false,פיקדון בקבוק תנובה,Unknown,,פיקדון בקבוק תנובה,,0.00,,false,1,0.30,0.00,false,1,27178
7290000023083,false,ערק אשקלון בקבוק 700,"יקבי ברקן בע""\מ",IL,ערק אשקלון 700מל,,700.00,"100 מ""ל",false,1,59.90,8.51,true,1,16836
7290000023809,false,"יין קלאסיק קברנה סוביניון ברקן 750 מ""ל",יקבי ברקן שיווק והפצה בע,IL,ברקן קברנה קלאסיק750,,750.00,"100 מ""ל",false,1,38.00,5.03,true,1,4093
7290000023816,false,"יין קלאסיק אמרלד ריזלינג ברקן 750 מ""ל",יקבי ברקן שיווק והפצה בע,IL,ברקן אמרלד ריזלינג,,750.00,"100 מ""ל",false,1,38.00,5.03,true,1,4094
7290000023977,false,"יין קלאסיק מרלו ברקן 750 מ""ל",יקבי ברקן שיווק והפצה בע,IL,ברקן מרלו קלאסיק 750,,750.00,"100 מ""ל",false,1,38.00,5.03,true,1,5356
7290000024264,false,"יין רזרב מרלו ברקן 750 מ""ל","כרמי צבי - אחים סגל בע""\",IL,ברקן רזרב מרלו,,750.00,"100 מ""ל",false,1,50.00,6.63,true,1,7934
7290000024523,false,"תירוש של סגל ,מיץ ענבים , 1 ליטר",כרמי צבי - האחים סגל,IL,תירוש של סגל 1 ליטר,,1.00,1 ליטר,false,1,16.90,16.60,true,1,17820
7290000038925,false,כרטיס 012 MSIM,Unknown,,כרטיס 012 MSIM,,0.00,,false,1,38.60,0.00,true,1,14607
7290000038926,false,טונה אדומה טרייה לקג,Unknown,IL,כרטיסUSIM 012,,0.00,,false,1,38.60,0.00,true,1,14608
7290000039794,false,כרטיס 012 nano sim,Unknown,,כרטיס 012 nano sim,,0.00,,false,1,38.60,0.00,true,1,14970
7290000040042,false,יופלה יוגורט תות 3% שומן 150 גרם,תנובה חלב,IL,יופלה תות 3% 150 מל,,150.00,"100 מ""ל",false,1,5.70,3.80,true,1,4031
7290000040066,false,יופלה יוגורט דובדבן %3 גביע 150 גרם,תנובה מרכז שיתופי לש,IL,יופלה דובדבן 3% 150מ,,150.00,"100 מ""ל",false,1,5.70,3.80,true,1,4032
7290000040080,false,יופלה יוגורט אפרסק 3% שומן 150 גרם,תנובה חלב,IL,יופלה אפרסק,,150.00,"100 מ""ל",false,1,5.70,3.80,true,1,7732
7290000040318,false,גבינת ברי 24% קולאז עדי תנובה 125 ג',תנובה מרכז שיתופי לש,IL,גבינת ברי 24%,,125.00,100 גרם,false,1,22.90,18.32,true,1,26483
7290000040974,false,חלב דל לקטוז 2% תנובה קרטון 1 ליטר,תנובה מרכז שיתופי לש,IL,חלב דל לקטוז 2% 1 ל,,1.00,1 ליטר,false,1,7.40,7.40,true,1,18916
7290000041445,false,קוטג תנובה גביע 250 גרם 5% בדצ,מיוצר עי קונדיטוריית,IL,תנובה קוטג 5% בדצ,,250.00,100 גרם,false,1,6.00,2.40,true,1,4845
7290000041452,false,קוטג תנובה גביע 250 גרם 9% בדצ,תנובה מרכז שיתופי לש,IL,קוטג תנובה גביע 250ג,,250.00,100 גרם,false,1,6.00,2.40,false,1,25791
7290000041858,false,"שמנת חמוצה 15% מועשרת יטבתה 200 מ""ל",שטראוס גרופ,IL,שמנת חמוצה מועשרת15%,,200.00,"100 מ""ל",false,1,2.90,1.45,false,1,1016
7290000042008,false,חלב תנובה טרי 3% שקית 1 ל',"תנובה, מחלבת רחובות",IL,תנובה חלב שקית 3%,,1.00,1 ליטר,false,1,5.43,5.43,false,1,4489
7290000042015,false,"חלב שתייה תנובה בד""צ בשקית 1 ליטר",תנובה מרכז שיתופי לש,IL,תנובה חלב שקית מהדרי,,1.00,1 ליטר,false,1,5.43,5.43,false,1,4368
7290000042022,false,חלב על הבוקר1%קרט+.פקק1ל,תנובה מרכז שיתופי לש,IL,תנובה חלב טעם וניל1%,,1.00,1 ליטר,false,1,9.50,9.50,true,1,4058
7290000042244,false,חלב טרי 3% כד 2 ל' תנובה,"תנובה, מחלבת רחובות",IL,תנובה חלב טרי 2 ליטר,,2.00,1 ליטר,false,1,12.46,6.23,false,1,979
7290000042367,false,חלב טרי 3% בקבוק תנובה 1 ליטר מהדרין,תנובה מרכז שיתופי לש,IL,חלב 3% בקבוק 1 ליטר,,1.00,1 ליטר,false,1,6.23,6.23,false,1,980
7290000042404,false,חלב 3% בשקית יטבתה 1 ליטר מהדרין,שטראוס גרופ,IL,יטבתה חלב 3% שקית 1ל,,1.00,1 ליטר,false,1,7.40,7.40,false,1,982
7290000042411,false,חלב בקרטון 3% יטבתה 1 ל',מחלבת יטבתה,IL,יטבתה חלב 3% 1ל-דרום,,1.00,1 ליטר,false,1,6.23,6.23,false,1,983
7290000042435,false,חלב דל שומן בקרטון+פקק תנובה 1 ליטר,תנובה מרכז שיתופי לש,IL,תנובה חלב בקרטון 1%,,1.00,1 ליטר,false,1,5.86,5.86,false,1,4450
7290000042442,false,"חלב תנובה טרי 3% ""תנובה"" - מוצר בפיקוח",תנובה חלב,IL,תנובה חלב 3% 1 ליטר,,1.00,1 ליטר,false,1,6.23,6.23,false,1,984
7290000042503,false,"חלב עמיד קרטון 3% 1 ליטר בד""צ תנובה",תנובה מרכז שיתופי לש,IL,תנובה חלב עמיד 3%,,1.00,1 ליטר,false,1,8.40,8.40,true,1,985
7290000042541,false,חלב עמיד 1% הומוגני 1 ל',תנובה,IL,חלב עמיד 1% שומן 1ל,,1.00,1 ליטר,false,1,10.00,10.00,true,1,987
7290000042640,false,"חלב תנובה עמיד 3% קרטון 250 מ""ל",תנובה מרכז שיתופי לש,IL,חלב עמיד 3% 250 מל,,250.00,"100 מ""ל",false,1,3.20,1.28,false,1,26481
7290000042855,false,"שוקו בשקית 250 מ""ל ""יטבתה""",שטראוס גרופ,IL,יטבתה שוקו שקית 225,,225.00,"100 מ""ל",false,1,3.50,1.56,true,1,988
7290000043111,false,חמאת תנובה 200ג רבנות,תנובה מרכז שיתופי לש,IL,תנובה חמאה 200 גר,,200.00,100 גרם,false,1,8.30,4.15,false,1,19805
7290000043814,false,השף הלבן שמנת להקצפה 38% שומן 250 מל - מוצר בפיקוח,תנובה מרכז שיתופי לש,IL,השף הלבן שמנת 38%,,250.00,"100 מ""ל",false,1,6.47,2.59,false,1,1017
7290000043890,false,תנובה רויון לבן מחלב מפסוטר 1.5%,תנובה מרכז שיתופי לש,IL,תנובה רויון לבן 1.5%,,1.00,1 ליטר,false,1,13.90,13.90,true,1,12177
7290000045580,false,גבינה מותכת נעמה חורש תנובה 240 גרם,תנובה מרכז שיתופי לש,IL,נעמה כחול-חורש 240,,240.00,100 גרם,false,1,20.00,8.33,true,1,27182
7290000046327,false,גלבוע גבינה צהובה פרוסה 22% תנובה 200 גרם,תנובה מרכז שיתופי לש,IL,ג.צהובה גלבוע 22%,,200.00,100 גרם,false,1,15.40,7.70,true,1,1020
7290000048185,false,גבינה לבנה 5% תנובה 250 גרם מהדרין,מיוצר עי קונדיטוריית,IL,תנובה גבינה לבנה 5%,,250.00,100 גרם,false,1,4.98,1.99,false,1,4061
7290000048192,false,גבינה לבנה 9% תנובה 250 גרם מהדרין,מחלבת אלון תבור,IL,תנובה גבינה לבנה 9%,,250.00,100 גרם,false,1,5.30,2.12,false,1,1021
7290000048307,false,גבינת קוטג' עם זיתים 5% תנובה 250 גרם,מיוצר עי קונדיטוריית,IL,תנובה קוטג זיתים 5%,,250.00,100 גרם,false,1,6.00,2.40,true,1,26863
7290000048437,false,פיראוס צפתית 5% שומן 200 גרם,פארייפאבה אגרואינדוס,IL,פיראוס צפתית %200 5,,200.00,100 גרם,false,1,17.90,8.95,true,1,4795
7290000048937,false,כרטיס Triple SIM 012,Unknown,,כרטיס Triple SIM 012,,0.00,,false,1,38.60,0.00,true,1,18103
7290000051307,false,"מארז הפסקת אוכל עם דגני עוגי ומשקה חלב עמיד בטעם וניל 150 מ""ל",תנובה מרכז שיתופי לש,IL,הפסקת אוכל עוגי-מארז,,150.00,"100 מ""ל",false,1,10.50,7.00,true,1,11293
7290000051352,false,חלב מלא בטעם של פעם 3.4% תנובה קרטון 1 ל',תנובה מרכז שיתופי לש,IL,חלב מלא של פעם 1ל,,1.00,1 ליטר,false,1,9.50,9.50,true,1,26477
7290000051376,false,יוגורט יופלה דיאט אננס 0% שומן 150 גרם,תנובה מרכז שיתופי לש,IL,יופלה דיאט אננס ספור,,150.00,"100 מ""ל",false,1,5.70,3.80,true,1,26235
7290000051710,false,פיראוס גבינת לאבנה אסלית על בסיס יוגורט תנובה 263 גרם,"תנובה, מחלבת אלון תב",IL,פיראוס לבנה עם ש.זית,,263.00,100 גרם,false,1,15.90,6.05,true,1,26255
7290000052304,false,"משקה מוקה בקבוק 340 מ""ל",תנובה,IL,תנובה משקה מוקה340,,340.00,"100 מ""ל",false,1,8.50,2.50,true,1,12069
7290000052311,false,גבינה צהובה עמק לייט 15% שומן 200 גרם,תנובה מרכז שיתופי לש,IL,עמק פרוס בקופסא 15%,,200.00,100 גרם,false,1,18.80,9.40,true,1,26926
7290000052649,false,גבינת לאבנה 5% שומן 500 ג' פיראוס,תנובה מרכז שיתופי לש,IL,פיראוס לאבנה 5% 500ג,,500.00,100 גרם,false,1,22.90,4.58,true,1,26706
7290000052717,false,גבינת קוטג' שום שמיר 5% תנובה 250 גרם,מיוצר עי קונדיטוריית,IL,קוטג שום שמיר 5%,,250.00,100 גרם,false,1,6.00,2.40,true,1,26867
7290000055206,false,גבינה לבנה 5% בטעם בצל מטוגן 250 ג' תנובה,תנובה מרכז שיתופי לש,IL,גבינה לבנה בטעם בצל,,250.00,100 גרם,false,1,6.30,2.52,true,1,14206
7290000055329,false,"משקה בוקר יוגורט 1.5% בטעם תות מלון יופלה 250 מ""ל",תנובה מרכז שיתופי לש,IL,יופלה משקה תות מלון,,250.00,100 גרם,false,1,6.90,2.76,true,1,13665
7290000055336,false,"משקה יוגורט 1.5% בטעם בננה אפרסק יופלה 250 מ""ל",תנובה מרכז שיתופי לש,IL,יופלה משקה בננה אפר,,250.00,100 גרם,false,1,6.90,2.76,true,1,13666
7290000055343,false,משקה יוגורט יופלה פירות טרופיים 250 גרם,תנובה מרכז שיתופי לש,IL,יופלה משקה טרופי,,250.00,100 גרם,false,1,6.90,2.76,true,1,13667
7290000055565,false,שלגונים מצופים 10 כשלפ,תות תעשיות מזון (201,IL,מאגדת מצופים שוקו,,600.00,100 גרם,false,1,32.00,5.33,true,1,8982
7290000055893,false,חמאה משמנת מפוסטרת 200גרם 82% כ.מהדרין - מוצר בפיקוח,תנובה מרכז שיתופי לש,IL,חמאה 200 גרם מהדרין,,200.00,100 גרם,false,1,8.30,4.15,false,1,23909
7290000056272,false,גבינה לבנה 5% עם זיתים ירוקים 250 ג' תנובה,תנובה מרכז שיתופי לש,IL,גבינה לבנה עם זיתים,,250.00,100 גרם,false,1,6.20,2.48,true,1,14202
7290000056845,false,תנובה חלב טרי 3% שומן 1.5 ליטר - מוצר בפיקוח,פארייפאבה אגרואינדוס,IL,תנובה חלב 3% 1.5ל,,1.50,1 ליטר,false,1,9.34,6.23,false,1,14353
7290000057088,false,עמק גבינה צהובה פרוסה דק דק 28% תנובה 200 גרם,תנובה מרכז שיתופי לש,IL,עמק דק דק 28% 200גר,,200.00,100 גרם,false,1,18.80,9.40,true,1,23291
7290000057118,false,גבינה צהובה עמק 28% שומן ואקום 400 גרם,תנובה מרכז שיתופי לש,IL,המעדניה של עמק 400ג,,400.00,100 גרם,false,1,25.20,6.30,true,1,26940
7290000057132,false,יוגורט תנובה טבעי 1.5% גביע 200 גרם,מחלבת אלון תבור,IL,יוגורט תנובה 1.5%,,200.00,100 גרם,false,1,3.60,1.80,true,1,22517
7290000057149,false,יוגורט תנובה טבעי 3% גביע 200 גרם,מיוצר עי קונדיטוריית,IL,יוגורט תנובה 3%,,200.00,100 גרם,false,1,3.60,1.80,true,1,22518
7290000057477,false,חלב בקרטון 3% הומוגני 1.5 ליטר,תנובה מרכז שיתופי לש,IL,חלב טרי 1.5 ליטר,,1.50,1 ליטר,false,1,9.34,6.23,false,1,24793
7290000057552,false,יופלה דיאט עוגת גבינה ותות 0% גביע 150ג',תנובה חלב,IL,יופלה דיאט ע.גבינה,,150.00,100 גרם,false,1,5.70,3.80,true,1,26276
7290000058030,false,"שמיניית יופלה שטוזים משקה יוגורט תות 100 מ""ל",מיוצר עי קונדיטוריית,IL,שטוזים מ.יוגורט תות,,848.00,100 גרם,false,1,23.10,2.72,true,1,26407
7290000058047,false,שמנת להקצפה 38% 500מל מהדרין עמיד השף הלבן,תנובה מרכז שיתופי לש,IL,שמנת 38% מהדרין,,500.00,"100 מ""ל",false,1,12.90,2.58,true,1,26893
7290000058580,false,קוקילידה בטעם וניל עם עוגיות שוקולד גלידות נסטלה 80 גרם,נגה גלידות (גלידות נ,IL,קוקילידה וניל,,80.00,100 גרם,false,1,12.90,16.12,true,1,747
7290000060071,false,אוסם - חטיפי פריכונים מאורז מלא קלוי 80גר,"פרח תעשיות מזון בע""מ.",IL,פריכונים-טבעי,,80.00,100 גרם,false,1,9.90,12.38,true,1,4148
7290000060200,false,פסטה אסם פתיתים אפויים קוסקוס 500גר,"אסם תעשיות בע""מ",IL,פתיתים אפוים קוסקוס,,500.00,100 גרם,false,1,9.90,1.98,true,1,12126
7290000060248,false,פסטה אסם פתיתים תלתלים 500 גר',קריות זול,IT,פסטה אסם תלתלים,,500.00,100 גרם,false,1,7.50,1.50,true,1,26732
7290000060781,false,פסטה אסם פתיתים מסולסלים 500גר,קריות זול,IT,פסטה מסולסלים 500 גר,,500.00,100 גרם,false,1,7.50,1.50,true,1,12146
7290000060811,false,טילון אקסטרים ענק מטבע שוקולד 120 ג',תות תעשיות מזון (201,IL,אקסטרים מטבע ענק,,120.00,100 גרם,false,1,12.90,10.75,true,1,15194
7290000060828,false,פסטה קרניים בינוניות אסם 500 גרם,קריות זול,IT,פסטה קרניים בינוני,,500.00,100 גרם,false,1,7.50,1.50,true,1,22512
7290000060842,false,פסטה אסם פתיתים צדפים גדולים 500גר,קריות זול,IT,פסטה צדפים גדול 500,,500.00,100 גרם,false,1,7.50,1.50,true,1,27248
7290000060859,false,פסטה אסם פתיתים צדפים קטנים 500גר,קריות זול,IT,פסטה צדף קטן 500 גר,,500.00,100 גרם,false,1,7.00,1.40,true,1,26748
7290000060880,false,פסטה ספגטי מספר 8 אסם 500 גרם,קריות זול,IT,ספגטי אסם -500 גר,,500.00,100 גרם,false,1,7.50,1.50,true,1,12147
7290000060903,false,פסטה אסם פתיתים אפויים אורז 500גר,"אסם השקעות בע""\מ",IL,פתיתים אפוים אורז,,500.00,100 גרם,false,1,9.90,1.98,true,1,13786
7290000061061,false,קרקר חיטה עם בצל אסם,"אסם השקעות בע""\מ",IL,קרקר בצל,,250.00,100 גרם,false,1,14.50,5.80,true,1,25981
7290000061085,false,"רוטב צילי מתוק 290 מ""ל-בקבוק","אסם השקעות בע""\מ",IL,רוטב צילי מתוק,,290.00,"100 מ""ל",false,1,14.90,5.14,true,1,25997
7290000061108,false,"רוטב טריאקי 290 מ""ל-בקבוק","אסם השקעות בע""\מ",IL,רוטב טריאקי 290 מל,,290.00,"100 מ""ל",false,1,14.90,5.14,true,1,26862
7290000061245,false,עוגיות שוקולד צ'יפס במילוי קרם בטעם שוקולד,מיוצר עי קונדיטוריית,IL,עוגיות שוקולד ציפס,,220.00,100 גרם,false,1,15.90,7.23,true,1,12149
7290000061764,false,קפה נמס מגורען רד מאג 200 גרם,נסטלה ספרד קפה,ES,רד מאג נסקפה 200,,200.00,100 גרם,false,1,26.90,13.45,true,1,1221
7290000063140,false,שקדי מרק רכיבים טבעיים בשקית 400 ג' אסם,"אסם תעשיות בע""מ",IL,שקדי מרק שקית 400 גר,,400.00,100 גרם,false,1,15.90,3.98,true,1,12164
7290000063157,false,"קמח עוגה תופח מאליו אסם 1 ק""ג","אסם השקעות בע""\מ",IL,קמח עוגה תופח 1 קג,,1.00,"1 ק""ג",false,1,12.50,12.50,true,1,3082
7290000064758,false,קוסקוס בינוני אמיתי אסם 350 ג',"מיוצר ע""י קוד יצרן K",IL,קוסקוס אמיתי בשקית,,350.00,100 גרם,false,1,10.50,3.00,true,1,12132
7290000064871,false,"אוסם - מנה חמה פירה תפו""א עם בצל 56 גרם","אסם תעשיות בע""מ",IL,מנה חמה פירה ובצל,,56.00,100 גרם,false,1,10.00,17.86,true,1,1905
7290000065090,false,מיני קרוטונים מתובלים למרק ולסלט אסם 400 גרם,עינת תעשיות מזון אגו,IL,קרוטונים למרק - מיני,,400.00,100 גרם,false,1,29.90,7.48,true,1,27143
7290000065335,false,אוסם - מנה חמה פירה עם ירקות 55 גרם,"אסם תעשיות בע""מ",IL,מנה חמה פירה+ירקות,,55.00,100 גרם,false,1,10.00,18.18,true,1,1113
7290000065557,false,אוסם - מנה חמה קוסקוס עם ירקות 84 גרם,"אסם תעשיות מזון בע""מ",IL,מנה חמה קוסקוס וירקו,,84.00,100 גרם,false,1,10.00,11.90,true,1,1115
7290000065977,false,חטיפי פריכונים תירס שומשום אסם 80 גרם,"פרח תעשיות מזון בע""מ.",IL,פריכוני תירס שומשום,,80.00,100 גרם,false,1,9.90,12.38,true,1,19807
7290000066134,false,ביסלי חטיף בטעם פלאפל אסם 70 גרם,"אסם השקעות בע""\מ",IL,ביסלי פלאפל 70 גר,,70.00,100 גרם,false,1,7.90,11.29,true,1,602
7290000066141,false,ביסלי חטיף בטעם גריל אסם 70 גרם,"אסם השקעות בע""\מ",IL,ביסלי גריל 70 גר,,70.00,100 גרם,false,1,7.90,11.29,true,1,603
7290000066172,false,ביסלי חטיף בטעם פיצה אסם 70 גרם,"אסם השקעות בע""\מ",IL,ביסלי פיצה 70גר,,70.00,100 גרם,false,1,7.90,11.29,true,1,606
7290000066196,false,ביסלי חטיף בטעם גריל אסם 200 גרם,מיוצר עי קונדיטוריית,IL,ביסלי גריל 200 גר,,200.00,100 גרם,false,1,12.90,6.45,true,1,608
7290000066226,false,ביסלי חטיף בטעם פיצה אסם 200 גרם,מיוצר עי קונדיטוריית,IL,ביסלי פיצה 200 גר,,200.00,100 גרם,false,1,12.90,6.45,true,1,575
7290000066264,false,דובונים חטיף תפוחי אדמה אסם 40 גרם,"אסם השקעות בע""\מ",IL,דובונים היסטרי 40,,40.00,100 גרם,false,1,7.00,17.50,true,1,626
7290000066295,false,במבה מתוקה מחומרים טבעיים 30 גרם,מיוצר עי קונדיטוריית,IL,במבה תות 25 גר,,30.00,100 גרם,false,1,4.50,15.00,true,1,587
7290000066318,false,במבה חטיף בוטנים אסם 80 גרם,"אסם השקעות בע""\מ",IL,במבה אסם 80 גר,,80.00,100 גרם,false,1,7.90,9.88,true,1,589
7290000066332,false,אפרופו חטיף תירס אסם 50 גרם,מיוצר עי קונדיטוריית,IL,אפרופו 50 גר,,50.00,100 גרם,false,1,7.90,15.80,true,1,611
7290000066349,false,אפרופו חטיף תירס אסם 100 גרם,מיוצר עי קונדיטוריית,IL,אפרופו 100 גר,,100.00,100 גרם,false,1,12.50,12.50,true,1,612
7290000066431,false,פופקו חטיף פופקורן בטעם חמאה ודבש אסם 80 גרם,מיוצר עי קונדיטוריית,IL,פופקו תירס 80,,80.00,100 גרם,false,1,7.90,9.88,true,1,548
7290000067070,false,עוג.מיני ממולא.שוקולד300,מיוצר עי קונדיטוריית,IL,עוגיות מיני שוקולד,,300.00,100 גרם,false,1,15.90,5.30,true,1,1155
7290000067537,false,"ביסלי גריל כשל""פ 70 גרם",מיוצר עי קונדיטוריית,IL,ביסלי גריל 70ג,,70.00,100 גרם,false,1,7.50,10.71,true,1,10738
7290000067544,false,אסם פירורית פירורי לחם זהב 200 גרם,עינת תעשיות מזון אגו,IL,פירורית זהב 200 גר,,200.00,100 גרם,false,1,8.50,4.25,true,1,13787
7290000067551,false,"ביסלי בצל כשל""פ 70 גרם",מיוצר עי קונדיטוריית,IL,ביסלי בצל 70גר,,70.00,100 גרם,false,1,7.50,10.71,true,1,10739
7290000067568,false,"ביסלי ברביקיו כשל""פ 70גר",מיוצר עי קונדיטוריית,IL,ביסלי ברביקיו,,70.00,100 גרם,false,1,7.50,10.71,true,1,10737
7290000067599,false,מנה חמה ספגטי ברוטב בולונז אסם 65 גרם,"אסם השקעות בע""\מ",IL,מנה חמה ספגטי בולונז,,65.00,100 גרם,false,1,10.00,15.38,true,1,1116
7290000067735,false,פרפקטו ניוקי בצקיות תפוחי אדמה 500 ג' אסם,גרנדי פסטי,IT,ניוקי פרפקטו,,500.00,100 גרם,false,1,15.90,3.18,true,1,26466
7290000068138,false,אינסטנט פודינג בטעם וניל אסם 80 גרם,מיוצר עי קונדיטוריית,IL,פודינג וניל אסם 80ג,,80.00,100 גרם,false,1,8.50,10.62,true,1,12128
7290000068282,false,מנה חמה תפוח אדמה עם ירקות כשלפ 44גר,"אסם השקעות בע""\מ",IL,מ.ח פירה וירקות כלפ,,47.00,100 גרם,false,1,10.00,21.28,true,1,10640
7290000068299,false,מנה חמה פירה+פטריות47גר,"אסם השקעות בע""\מ",IL,מ.ח פירה ופטרי כלפ,,47.00,100 גרם,false,1,10.00,21.28,true,1,10641
7290000068343,false,אסם פריכונים פרוסות קלויות מלא,"פרח תעשיות מזון בע""מ.",IL,פריכונים אורז מלא140,,140.00,100 גרם,false,1,10.90,7.79,true,1,4150
7290000068770,false,במבה יום הולדת חטיף בוטנים אסם 80 גרם,"אסם השקעות בע""\מ",IL,במבה יום הולדת80,,80.00,100 גרם,false,1,7.90,9.88,true,1,590
7290000070308,false,אבקת מרק עוף אמיתי בשרי אסם 400 גרם,"אסם השקעות בע""\מ",IL,אבקת מרק עוף במיכל,,400.00,100 גרם,false,1,26.90,6.72,true,1,12144
7290000071008,false,בייגלה שטוחים טבעות שטוחות עם מלח,"אסם השקעות בע""\מ",IL,שטוחים עם מלח 60 גר,,60.00,100 גרם,false,1,5.00,8.33,true,1,13191
7290000072067,false,במבה במילוי קרם חלבה 60ג' אסם,מיוצר עי קונדיטוריית,IL,במבה במילוי חלבה,,60.00,100 גרם,false,1,7.90,13.17,true,1,11717
7290000072227,false,רוטב סויה סגנון סיני,"אסם השקעות בע""\מ",IL,רוטב סויה בסגנון סינ,,290.00,"100 מ""ל",false,1,13.90,4.79,true,1,23044
7290000072333,false,בונז'ור לחמנית דגנים 120ג',בונז'ור,,לחמנית דגנים,,0.00,,false,1,3.00,0.00,true,1,17851
7290000072623,false,קטשופ אסם בקבוק לחיץ 750 גרם,"אסם תעשיות בע""מ",IL,קטשופ אסם ב.לחיץ 750,,750.00,100 גרם,false,1,13.90,1.85,true,1,1108
7290000072753,false,קפה נמס מגורען טסטרס צ'ויס 200 גרם-,נסטלה קוריאה - קפה,KR,טסטרס צויס 200 גר,,200.00,100 גרם,false,1,36.00,18.00,true,1,3280
7290000072968,false,דגני בוקר סיני מיניס חיטה מלאה וקינמון נסטלה 500 גרם,נסטלה פולין דגני בוק,PL,סיני מיניס 500 גרם,,500.00,100 גרם,false,1,19.90,3.98,true,1,27181
7290000073125,false,מנה חמה פסטה ברוטב עגבניות אסם 62 גרם,"אסם השקעות בע""\מ",IL,מנה חמה פסטה ועגבניו,,62.00,100 גרם,false,1,10.00,16.13,true,1,1112
7290000073750,false,מנה חמה נודלס אטר+ירקות טעם עוף 70 גרם,PUB FOODS PRESIDENT THAI,TH,מנה חמה נודלס עוף+יר,,70.00,100 גרם,false,1,10.00,14.29,true,1,1916
7290000073767,false,מנה חמה נודלס אטר.+ירקות טעם בקר 70 גרם,PUB FOODS PRESIDENT THAI,TH,מנה חמה נודלס בקר,,70.00,100 גרם,false,1,10.00,14.29,true,1,1109
7290000073774,false,מנה חמה נודלס אטר+ירקות טעם צילי 70 גרם,טאי רזידנט,TH,מנה חמה נודלס פיקנטי,,70.00,100 גרם,false,1,10.00,14.29,true,1,1917
7290000074153,false,ביסקוויט פתי בר שוקולד אסם 500 גרם,מיוצר עי קונדיטוריית,IL,פתי בר שוקו 500 גר,,500.00,100 גרם,false,1,17.90,3.58,true,1,12139
7290000074184,false,ביסקויט פתיבר קלאסי 500 גרם,"אסם השקעות בע""\מ",IL,פתי בר קלאסי 500 גר,,500.00,100 גרם,false,1,16.90,3.38,true,1,12133
7290000074245,false,אוסם - קרם קרקר אסם 250 גרם,"אסם השקעות בע""\מ",IL,קרם קרקר 250 גר,,250.00,100 גרם,false,1,12.50,5.00,true,1,3228
7290000074252,false,קרקר שומשון אסם 250 גרם,"אסם השקעות בע""\מ",IL,קרקר שומשום,,250.00,100 גרם,false,1,12.50,5.00,true,1,3282
7290000074276,false,קרקר פיקנטי טבעון 250 ג' אסם,"אסם השקעות בע""\מ",IL,טיבעון קרקר פיקנטי,,250.00,100 גרם,false,1,13.50,5.40,true,1,3283
7290000074375,false,אוסם - קרקר זהב 150 גרם,"אסם השקעות בע""\מ",IL,קרקר זהב 150 גר,,150.00,100 גרם,false,1,9.50,6.33,true,1,1129
7290000074481,false,לחמית אגוזים אסם 160 גרם,"אסם השקעות בע""\מ",IL,לחמית אגוזים 160גר,,160.00,100 גרם,false,1,13.90,8.69,true,1,19809
7290000075143,false,אוסם - עוגיות שוקוצ'יפס 200 גרם,מיוצר עי קונדיטוריית,IL,עוגיות שוקוציפס 200,,200.00,100 גרם,false,1,15.90,7.95,true,1,1161
7290000075204,false,אוסם - לחמית חיטה מלאה 250 גרם,"אסם השקעות בע""\מ",IL,לחמית חיטה מלאה 250,,250.00,100 גרם,false,1,12.50,5.00,true,1,3772
7290000075693,false,עוגת הבית שמרים בריוש שוקולד אסם 360 גרם,מיוצר עי קונדיטוריית,IL,ע.שמרים בריוש שוקולד,,360.00,100 גרם,false,1,22.90,6.36,true,1,17167
7290000076126,false,אוסם - בייגלה שמיניות קטנות 80 גרם,"אסם השקעות בע""\מ",IL,בייגלה שמיניות 80 גר,,80.00,100 גרם,false,1,5.00,6.25,true,1,644
7290000076133,false,בייגלה שמיניות קטנות עם מלח אסם 400 גרם,"אסם השקעות בע""\מ",IL,בייגלה שמיניות 400 ג,,400.00,100 גרם,false,1,14.90,3.72,true,1,645
7290000077017,false,עוגיות קרמוגית במילוי קרם שוקולד אסם 200 גרם,מיוצר עי קונדיטוריית,IL,קרמוגית שוקולד 200,,200.00,100 גרם,false,1,9.90,4.95,true,1,1162
7290000077253,false,אוסם - לחמית כפרית עם דגנים מלאים 190 גרם,"אסם השקעות בע""\מ",IL,לחמית כפרית 190ג,,190.00,100 גרם,false,1,13.90,7.32,true,1,13729
7290000078762,false,אוסם - חטיפי פריכונים מאורז מלא בטעם דבש 80גר,סנורייס בלגיום אן. ו,GB,פריכונים דבש 80,,80.00,100 גרם,false,1,9.90,12.38,true,1,6946
7290000080758,false,אוסם - טוסטעים פת קלוי 100 גרם,ון דר מולן האלום,NL,טוסטעים פת קלויה,,100.00,100 גרם,false,1,13.20,13.20,true,1,4154
7290000081663,false,"בייגלה טבעות שומשום אסם 300 גרם בד""ץ",מיוצר עי קונדיטוריית,IL,בייגלה שומשום 300 גר,,300.00,100 גרם,false,1,14.90,4.97,true,1,646
7290000083803,false,פ.בקבוק גלוברדנס,Unknown,,פ.בקבוק גלוברדנס,,0.00,,false,1,0.30,0.00,false,1,25358
7290000083807,false,ג.פיקדון רביעייה,Unknown,,ג.פיקדון רביעייה,,0.00,,false,1,1.20,0.00,false,1,26727
7290000098546,false,פיקדון זוג,Unknown,,פיקדון זוג,,0.00,,false,1,0.60,0.00,false,1,865
7290000098678,false,פיקדון שישיה,Unknown,,פיקדון שישיה,,0.00,,false,1,1.80,0.00,false,1,1448
7290000099748,false,פיקדון רבעיייה,Unknown,,פיקדון רבעיייה,,0.00,,false,1,1.20,0.00,false,1,1493
7290000101927,false,אוכמניות כחולות מוקפאות סנפרוסט 300 גרם,"איי, בי, אינבוו",IL,סנפרוסט אוכמניות כחל,,300.00,100 גרם,false,1,22.00,7.33,true,1,27245
7290000104201,false,אפונה עדינה סנפרוסט 600 גרם,"איי, בי, אינבוו",IL,סנפרוסט אפונה עדינה,,600.00,100 גרם,false,1,23.90,3.98,true,1,27236
7290000104676,false,אפונה קפואה סנפרוסט 800 גרם,"איי, בי, אינבוו",IL,סנפורסט אפונה 800גר,,800.00,100 גרם,false,1,22.90,2.86,true,1,25990
7290000104683,false,שעועית ירוקה שלמה סנפרוסט 800 גרם,"סנפרוסט בע""\מ",IL,סנפרוסט שעועית שלמה,,800.00,100 גרם,false,1,26.00,3.25,true,1,25991
7290000104690,false,תירס גרעינים 800 גרם סנפרוסט,"איי, בי, אינבוו",IL,סנפרוסט תירס גרעינים,,800.00,100 גרם,false,1,21.90,2.74,true,1,25993
7290000104720,false,שעועית ירוקה חתוכה סנפרוסט 800 גרם,"סנפרוסט בע""\מ",IL,שעועית חתוכה סנפרוסט,,800.00,100 גרם,false,1,22.90,2.86,true,1,25994
7290000104744,false,כרובית סנפרוסט 800 גרם,"סנפרוסט בע""\מ",IL,סנפרוסט כרובית,,800.00,100 גרם,false,1,30.00,3.75,true,1,26422
7290000104805,false,גרגירי חומוס מבושלים סנפרוסט 800 גרם,"איי, בי, אינבוו",IL,סנפרוסט גרגירי חומוס,,800.00,100 גרם,false,1,23.90,2.99,true,1,27239
7290000104836,false,שעועית ירוקה עדינה שלמה סנפרוסט 600 גרם,"סנפרוסט בע""\מ",IL,סנפרוסט שעועית עדינה,,600.00,100 גרם,false,1,27.90,4.65,true,1,27240
7290000107165,false,חטיף סויה אדממה סנפרוסט 400 גרם,"איי, בי, אינבוו",IL,סנפרוסט חטיף פ.סויה,,400.00,100 גרם,false,1,17.90,4.47,true,1,10123
7290000107295,false,תפרחות ברוקולי סנפרוסט 800 גרם,"איי, בי, אינבוו",IL,סנפרוסט ברוקלי 800גר,,800.00,100 גרם,false,1,29.90,3.74,true,1,25992
7290000110844,false,"כיפלי גריל בד""צ תלמה 70 ג'",יוניליור ישראל מזון,IL,כיפלי גריל בדצ,,70.00,100 גרם,false,1,7.90,11.29,true,1,592
7290000110851,false,חטיף כיפלי בטעם בצל 70גר,יוניליוור מזון,IL,כיפלי בצל בדצ,,70.00,100 גרם,false,1,7.90,11.29,true,1,593
7290000111186,false,"מיונז אמיתי תלמה 500 גרם בד""צ",יוניליוור ישראל מזון בע\,IL,תלמה מיונז 500 גר,,500.00,100 גרם,false,1,13.50,2.70,true,1,12129
7290000113180,false,"כיפלי צ'יפס בד""צ תלמה 50 ג'",יוניליור ישראל מזון,IL,כפלי ציפס בדצ 50 גרם,,50.00,100 גרם,false,1,7.90,15.80,true,1,26876
7290000113203,false,כיפלי צ'יפס קטשופ תלמה 50 ג',יוניליוור ישראל מזון בעמ,IL,כיפלי קטשופ בדצ,,50.00,100 גרם,false,1,7.90,15.80,true,1,12666
7290000116884,false,"רוטב ברביקיו קנור 300 גרם בד""צ",יוניליוור ישראל מזון בע\,IL,רוטב ברביקיו קנור,,350.00,100 גרם,false,1,14.50,4.14,true,1,26877
7290000117720,false,נמס בכוס פטריות קנור 21.5 גרם מארז זוגי,יוניליוור ישראל מזון בע\,IL,קנור נמס בכוס פטריות,,43.00,100 גרם,false,1,9.00,20.93,true,1,6583
7290000135045,false,"XL TEN משקה אנרגיה פתוח ללא סוכר 250 מ""ל","טמפו משקאות בע""\מ",IL,משקה אנרגיה XL תפוח,,250.00,"100 מ""ל",false,1,8.90,3.44,true,1,21614
7290000135052,false,"XL TEN משקה אנרגיה מנגו ללא סוכר 250 מ""ל","טמפו משקאות בע""\מ",IL,משקה אנרגיה XL מנגו,,250.00,"100 מ""ל",false,1,8.90,3.44,true,1,21615
7290000135113,false,משקה אנרגיה XL TEN ללא סוכר בטעם נענע ליים,"טמפו משקאות בע""\מ",IL,XL נענע ליים 250,,250.00,"100 מ""ל",false,1,8.90,3.44,true,1,22454
7290000135151,false,"טמפו סודה למון ליים בקבוק 250 מ""ל",טמפו משקאות בעמ,IL,סודה נגיעות לימון,,275.00,"100 מ""ל",false,1,6.90,2.40,true,1,22983
7290000135168,false,"פפסי מקס ליים פחית צרה מארז שישייה 330 מ""ל","טמפו משקאות בע""מ",AL,פפסי מקס ליים 330*6,,1.98,1 ליטר,false,1,19.90,9.14,false,1,23626
7290000135182,false,"מארז 7 אפ פרי דל קלוריות בטעם לימון ליים פחית צרה 330 מ""ל*6 יח'","טמפו משקאות בע""מ",IL,סבן אפ דיאט 330*6,,1.98,1 ליטר,false,1,26.90,12.68,true,1,25807
7290000135342,false,"מי סודה טמפו בקבוק 500 מ""ל","טמפו משקאות בע""\מ",IL,סודה 500 מל בקבוק,,500.00,"100 מ""ל",false,1,6.90,1.32,true,1,26849
7290000135557,false,בירה גולדסטאר גס ווי,"טמפו משקאות בע""\מ",IL,גולדסטאר WILD 330*6,,1.98,1 ליטר,false,1,44.90,21.77,true,1,26979
7290000135625,false,"רביעיית פחיות בירה גולדסטאר 500 מ""ל","טמפו משקות בע""\מ",IL,גולדסטאר פחית 500 4י,,500.00,"100 מ""ל",false,1,35.90,6.94,true,1,24697
7290000135632,false,"רביעיית פחיות בירה גולדסטאר לא מסונן 500 מ""ל","טמפו משקאות בע""\מ",IL,גולדסטאר UF פחית 4יח,,500.00,"100 מ""ל",false,1,35.90,6.94,true,1,24698
7290000135663,false,"פפסי מקס דובדבן פחית צרה מארז שישייה 330 מ""ל",טמפו משקאות בע''מ,IL,פפסי מ.דובדבן 330*6,,1.98,1 ליטר,false,1,19.90,9.14,true,1,26772
7290000136158,false,פפסי מקס משקה מוגז דל קלוריות בטעם קולה,"טמפו משקאות בע""\מ",IL,פפסי מקס 1.5 ל פ,,1.50,1 ליטר,false,1,12.90,8.40,true,1,25141
7290000136240,false,סודה 1.5 ליטר שישייה בודד,"טמפו משקאות בע""\מ",IL,סודה טמפו 1.5 ל פ,,1.50,1 ליטר,false,1,8.90,5.73,true,1,25142
7290000136639,false,"ערק נח 12 לימונים 200 מ""ל",Unknown,,ערק נח 12 לימונים,,200.00,"100 מ""ל",false,1,39.90,19.80,false,1,25838
7290000136806,false,מארז סודה רביעייה לימון ליים 1.5 ל' טמפו,טמפו משקאות בעמ,IL,סודה למון ליים 1.5*4,,6.00,1 ליטר,false,1,19.90,3.12,true,1,26773
7290000136882,false,"ערק נח 12 200 מ""ל",Unknown,,ערק נח 12 200 מל,,200.00,"100 מ""ל",false,1,39.90,19.80,false,1,25839
7290000144474,false,שמן עץ הזית קנולה 1 ליטר בריאות מהטבע,שמן תעשיות בעמ,EE,שמן בריאות קנולה,,1.00,1 ליטר,false,1,18.00,18.00,true,1,22716
7290000148380,false,פיסטוקים קלוים קליית גת 200 גרם,"ג'י אנד ג'י בע""מ",IL,פיסטוק שקית 200 גרם,,200.00,100 גרם,false,1,23.90,11.95,true,1,807
7290000148489,false,"קליית גת גרעיני דלעת קלויים,200 גרם","ג'י אנד ג'י בע""מ",IL,גרעיני דלעת שקית 200,,200.00,100 גרם,false,1,13.90,6.95,true,1,808
7290000148748,false,קליית גת גרעיני חמניה קלויים ומומלחים200,"ג'י אנד ג'י בע""מ",IL,גרעיני חמניה שקית200,,200.00,100 גרם,false,1,9.00,4.50,true,1,810
7290000161631,false,ח.קליק אין אאוט במילוי נוגט,יוניליוור ישראל מזון בע\,IL,קליק IN נוגט 38 גר,,38.00,100 גרם,false,1,7.50,19.74,true,1,5570
7290000161648,false,חטיף קליק אין אאוט במילו קרם,יוניליוור ישראל מזון בע\,IL,קליק IN חלב 38 גר,,38.00,100 גרם,false,1,7.50,19.74,true,1,5572
7290000170053,false,"שוקולד פרה חלב 100 גרם בד""צ לל""ג","שטראוס גרופ בע""\מ.",IL,פרה שוקולד חלב 100,,100.00,100 גרם,false,1,9.90,9.90,true,1,443
7290000170077,false,שוקולד פרה מריר ללא גלוטן,"שטראוס גרופ בע""\מ.",IL,פרה שוקולד מריר 100ג,,100.00,100 גרם,false,1,9.90,9.90,true,1,444
7290000174099,false,בפלות ופלים בטעם שוקולד 500 גרם,"שטראוס גרופ בע""מ",IL,עלית ופל שוקולד 500ג,,500.00,100 גרם,false,1,17.90,3.58,true,1,1138
7290000174723,false,שוקולית אבקה להכנת משקה שוקו 500 גרם,הנסיך- מפעל לייצור ט,IL,שוקולית 500 גר,,500.00,100 גרם,false,1,17.90,3.58,true,1,3093
7290000176062,false,קפה טורקי בשקית 100 ג' עלית,שטראוס קפה בי.ויn\.,IL,עלית קפה טורקי 100,,100.00,100 גרם,false,1,10.90,10.90,true,1,1218
7290000176420,false,קפה נמס פחית עלית 200 גרם,שטראוס קפה בי.וי,IL,עלית קפה נמס 200,,200.00,100 גרם,false,1,28.00,14.00,true,1,1119
7290000178707,false,תפוצ'יפס בטעם טבעי 50 גרם,"שטראוס פריטו ליי בע""\מ )",IL,תפוציפס טבעי 50 גר,,50.00,100 גרם,false,1,5.90,11.80,true,1,614
7290000178721,false,תפוצ'יפס בטעם טבעי 200 גרם,"שטראוס פריטו ליי בע""\מ )",IL,תפוציפס טבעי 200 גר,,200.00,100 גרם,false,1,10.00,5.00,true,1,616
7290000181103,false,ביסקויט עד חצות חלב200גר,STRAUSS-ISRAEL,IL,עד חצות ביסקוויט 200,,200.00,100 גרם,false,1,18.90,9.45,true,1,1141
7290000187860,false,מגבוני טואלט לחים לילי דיספנסר 40יח',עלבד משואות יצחק בעמ,IL,לילי נייר טואלט לח,,56.00,יחידה,false,1,8.90,0.16,true,1,6130
7290000187921,false,נייר טואלט דו שכבתי לבן לילי 32 יחידות,לילי נייר טואלט חוגלה,IL,לילי נ.ט קלאסי לבן32,,588.00,100 מטר,false,1,46.00,7.82,true,1,12349
7290000187938,false,לילי - נייר טואולט נייר טואלט פסטל 32 יח',לילי נייר טואלט חוגלה,IL,לילי נ.ט פסטל 32גליל,,588.00,100 מטר,false,1,46.00,7.82,true,1,22721
7290000188355,false,מגבות מטבח ניקול לבנה שישייה,קימברלי-קלארק,IL,ניקול מגבת 1/6,,64.80,1 מטר,false,1,13.90,0.21,true,1,12321
7290000189536,false,אשפתון שרוך מתכלה 52/65 ניקול 40 יח',אשפלסט,TR,ניקול שקיות אשפה,,40.00,יחידה,false,1,24.90,0.62,true,1,14980
7290000191539,false,חמישיית ממחטות טישו צבועני לילי 100 יחידות,חוגלה קימברלי,IL,לילי צבעוני טישו 4+1,,5.00,יחידה,false,1,19.90,3.98,true,1,25196
7290000191546,false,ממחטות טישו צבעוני 2 שכבות לילי מארז 100X3יח',חוגלה קימברלי,IL,לילי צבעוני טישו 3יח,,420.00,100 גרם,false,1,12.90,3.07,true,1,6812
7290000191652,false,שלישיית ממחטות אולטרה סופט קלינקס 90 יחידות,חוגלה קימברלי,IL,מגבוני טישו קליניקס,,270.00,יחידה,false,1,13.90,0.05,true,1,13002
7290000195537,false,האגיס - מגבוני האגיס דיילי קר לא מבושם 64 יח' * 4,חוגלה קימברלי,IL,האגיס מגבונים רביעיה,,256.00,יחידה,false,1,26.00,0.10,true,1,12181
7290000197432,false,שקיות אוכל סנדביצ'ון ניקול מארז 150X2יח',"אשפלסט תעשיות בע""מ",IL,סנדוויצון זוג,,300.00,יחידה,false,1,16.90,0.06,true,1,12137
7290000201795,false,"האגיס מגבונים לתינוק מבושם מארז, שלישיה * 64 יח'",חוגלה קימברלי,IL,מג האגיס שלישייה,,32.00,יחידה,false,1,20.90,0.65,true,1,27120
7290000208329,false,גרעיני תירס מתוק 550 גרם יכין,"זנלכל בע""\מ",IL,תירס יכין,,550.00,100 גרם,false,1,7.00,1.27,true,1,4388
7290000209951,false,רוטב עגבניות לפיצה 260 גרם יכין,"זנלכל בע""\מ",IL,רוטב פיצה יכין,,240.00,100 גרם,false,1,6.00,2.50,true,1,14617
7290000211312,false,סוגת אורז מלא פרסי אחד אחד 1 קג,האי נאם סי או אל.טי.,IL,אורז פרסי מלא 1 קג,,1.00,"1 ק""ג",false,1,11.00,11.00,true,1,27292
7290000211442,false,"סוגת אורז פרסי קלאסי שקית 1 ק""ג",האי נאם סי או אל.טי.,IL,אורז פרסי 1 קג,,1.00,"1 ק""ג",false,1,13.90,13.90,true,1,4322
7290000211503,false,סוכר לבן ארוז בשקית,"סוגת תעשיות בע""\מ",IL,סוכר סוגת 1 קג-שקית,,1.00,"1 ק""ג",false,1,6.00,6.00,true,1,1104
7290000238029,false,"בצק עלים צרפתי מרודד מעדנות 1 ק""ג",מיוצר עי קונדיטוריית,IL,מעדנות בצק עלים 1קג,,1.00,"1 ק""ג",false,1,29.00,29.00,true,1,5868
7290000238036,false,מלאווח בקופסא מעדנות 700 גרם,מיוצר עי קונדיטוריית,IL,מעדנות מלוואח 700גר,,700.00,100 גרם,false,1,21.90,3.13,true,1,5869
7290000238173,false,בורקס גבינה מעדנות 800 גרם,מיוצר עי קונדיטוריית,IL,מעדנות בורקס גבינ800,,800.00,100 גרם,false,1,27.90,3.49,true,1,5866
7290000238180,false,בורקס תפוחי אדמה מעדנות 800 גרם,מיוצר עי קונדיטוריית,IL,מעדנות בורקס תפוא800,,800.00,100 גרם,false,1,24.90,3.11,true,1,5867
7290000266107,false,כריך בלחמניה סלט טונה220,עינת תעשיות מזון,IL,כריך טונה,,0.00,,false,1,18.00,0.00,true,1,15950
7290000266206,false,כריך בלחמניה טוניסאי 260,עינת תעשיות מזון,IL,עינת טוניסאי שמינייה,,260.00,100 גרם,false,1,18.00,6.92,true,1,14142
7290000286549,false,מטליות לניקוי כללי סנו סושי 9 יחידות,נועם אורים תעשיות בע,IL,מטליות לכל 9 יח,,9.00,יחידה,false,1,14.80,1.64,false,1,25998
7290000288413,false,סנו-די דוחה יתושים כדורי סנו 50 גרם,גוד פוד פרודקטס S.p,IL,סנו די - רולאון,,50.00,"100 מ""ל",false,1,22.90,45.80,true,1,1829
7290000302027,false,סיגריות טיים אדום פא,"דובק בע""מ",IL,פאקט טיים RED,,0.00,,false,1,300.00,0.00,false,1,3461
7290000302041,false,פאקט טיים ארוך אדום,"דובק בע""מ",IL,פאקט טיים RED 100,,0.00,,false,1,300.00,0.00,false,1,3463
7290000302065,false,ברודווי 80 פאקט,"דובק בע""מ",IL,ברודווי 80,,0.00,,false,1,300.00,0.00,false,1,25333
7290000302089,false,ברודווי ארוך פאקט,"דובק בע""מ",IL,ברודווי 100,,0.00,,false,1,300.00,0.00,false,1,25334
7290000302102,false,מונטנה פילטר עשירייה,"דובק בע""מ",IL,מונטנה פילטר,,0.00,,false,1,310.00,0.00,false,1,25335
7290000302126,false,אירופה פקט סיגריות,"דובק בע""מ",IL,אירופה פאקט,,0.00,,false,1,300.00,0.00,false,1,22826
7290000302188,false,סגריות אירופה פאקט,"דובק בע""מ",IL,שרתון,,0.00,,false,1,300.00,0.00,false,1,25336
7290000302201,false,נלסון פאקט,"דובק בע""מ",IL,נלסון,,0.00,,false,1,300.00,0.00,false,1,25337
7290000302225,false,נובלס ורג'יניה פילטר,"דובק בע""מ",IL,פאקט נובלס פילטר,,0.00,,false,1,300.00,0.00,false,1,3467
7290000302287,false,גולף עשירייה,"דובק בע""מ",IL,גולף,,0.00,,false,1,310.00,0.00,false,1,25338
7290000302294,false,גולף גולד ארוך סופט פאקט,"דובק בע""מ",IL,פאקט גולף 100 GOLD,,0.00,,false,1,310.00,0.00,false,1,3786
7290000302300,false,סיגריות נובלס בלנד פ,"דובק בע""מ",IL,פאקט נובלס בלנד,,0.00,,false,1,300.00,0.00,false,1,3468
7290000302409,false,טיים בלו פאקט,"דובק בע""מ",IL,פאקט טיים BLUE,,0.00,,false,1,300.00,0.00,false,1,3464
7290000302515,false,סיג.מוסטנג פאקט RED,"דובק בע""מ",IL,מוסטנג רד,,0.00,,false,1,260.00,0.00,false,1,25339
7290000302621,false,טיים בלו ארוך פאקט,"דובק בע""מ",IL,פאקט טיים BLUE 100,,0.00,,false,1,300.00,0.00,false,1,3465
7290000302805,false,פאקט גולף סופר סלימס,"דובק בע""מ",,גולף סופר סלימס,,0.00,,false,1,310.00,0.00,false,1,25340
7290000302874,false,גולף סופר סלימס מנטול פק,"דובק בע""מ",,גולף סלימס מנטול,,0.00,,false,1,310.00,0.00,false,1,25341
7290000302881,false,גולף גולד 100 פ.ע עשירייה,קריות זול,,גולף גולד 100 פ.ע,,0.00,,false,1,310.00,0.00,false,1,25342
7290000302898,false,גולף סילבר 100 פ.ע עשירייה,"דובק בע""מ",,גולף סילבר 100 פ.ע,,0.00,,false,1,310.00,0.00,false,1,25343
7290000311203,false,"וופלים בטעם שוקולד ""מן"" 200 גרם",תות ממתקי איכות,IL,מן וופל שוקו 200 גר,,200.00,100 גרם,false,1,6.90,3.45,true,1,6407
7290000311210,false,"וופלים בטעם לימון ""מן"" 200 גרם","רוקחמן בע""מ",IL,מן וופל לימון 200 ג,,200.00,100 גרם,false,1,6.90,3.45,false,1,27338
7290000313160,false,זהבה ושלושת הדובים עוגיות בטעם שוקולד אסם 350 גרם,"הגביע מוצרי וופלים בע""\מ",IL,עוגיות זהבה ו3הדובים,,250.00,100 גרם,false,1,10.90,4.36,true,1,26553
7290000319803,false,קבנוס קלאסי יחיעם 125 גרם,תאי פרזידנט פוד פאבל,IL,יחיעם קבנוס קלאסי125,,125.00,100 גרם,false,1,17.50,14.00,true,1,27096
7290000327020,false,"מארז פפסי פחית צרה 330 מ""ל*6 יח'","מודרן גרופ משקאות בע""\מ",IL,פפסי פחית 330*6 כשלפ,,1.98,1 ליטר,false,1,19.90,9.14,true,1,25798
7290000327037,false,"מארז מירינדה פחית צרה 330 מ""ל*6 יח'",מודרן גרופ משקאות בע,IL,מירנדה 330*6 כשלפ,,1.98,1 ליטר,false,1,26.90,12.68,true,1,25797
7290000327044,false,"מארז סבן אפ פחית צרה 330 מ""ל*6 יח'","מודרן גרופ משקאות בע""\מ",IL,סבן אפ 330*6 כשלפ,,1.98,1 ליטר,false,1,26.90,12.68,true,1,25800
7290000334684,false,תפוגן טבעות בצל 700 גרם,"תעשיות תפוגן בע""\מ",IL,תפוגן טבעות בצל,,700.00,100 גרם,false,1,23.90,3.41,true,1,26736
7290000334745,false,"אמריקאן צ'יפס תפוגן 1.5 ק""ג","תעשיות תפוגן בע""מ",IL,אמריקן ציפס תפוגן,,1.50,"1 ק""ג",false,1,31.90,21.27,false,1,24973
7290000345260,false,תה קלאסיק מעטפות ויסוצקי 25 יחידות,מולינו ניקולי s.p.a,IL,תה ויסוצקי קלאסי 25י,,38.00,100 גרם,false,1,9.00,23.68,true,1,5404
7290000345284,false,תה ויסוצקי קלאסי אריזה ירוקה מרובעת (100 שקיקים),מולינו ניקולי s.p.a,IL,תה קלאסי קופסא 100יח,,150.00,100 גרם,false,1,27.90,18.60,true,1,12150
7290000345536,false,תה נענע ויסוצקי 25 יחידות,מולינו ניקולי s.p.a,IL,תה נענע 25 שקיות,,25.00,יחידה,false,1,21.90,0.88,true,1,5406
7290000347738,false,תה ירוק נענע ויסוצקי 25 יחידות,תה ויסוצקי,IL,ויסוצקי תה ירוק+נענע,,38.00,100 גרם,false,1,21.90,57.63,true,1,5408
7290000347752,false,תה ירוק לימונית ולואיזה 25 שקיקים *1.5 ג'' ויסוצקי,תה ויסוצקי,IL,ויסוצקי ירוק לימונית,,38.00,100 גרם,false,1,21.90,57.63,true,1,14878
7290000363363,false,קבנוס נקניק מעושן יבש 160 גרם,הנסיך- מפעל לייצור ט,IL,ט.צבי קבנוס 160 ג,,160.00,100 גרם,false,1,19.50,12.19,true,1,1254
7290000364261,false,"דקניקים, סלסולי פסטרמה כתף בקר מעושנת 120 גרם",הנסיך- מפעל לייצור ט,IL,ט.צבי סלסולי כתף בקר,,120.00,100 גרם,false,1,19.00,15.83,true,1,18831
7290000364285,false,דקניקים סלסולי פסטרמה הודו טירת צבי 120 גרם,הנסיך- מפעל לייצור ט,IL,ט.צבי סלסולי פס.הודו,,120.00,100 גרם,false,1,19.00,15.83,true,1,15598
7290000364292,false,דקניקים סלסולי פסטרמה הודו על גחלים 1% טירת צבי 120 גרם,הנסיך- מפעל לייצור ט,IL,ט.צבי סלסולי פ. גחלי,,120.00,100 גרם,false,1,19.00,15.83,true,1,15599
7290000364858,false,"נקניקיות עוף טרי טירת צבי 1 ק""ג",הנסיך- מפעל לייצור ט,IL,ט.צבי נקנקיות 1 קג,,1.00,"1 ק""ג",false,1,35.90,35.90,true,1,5862
7290000364872,false,נקניקיות עוף טירת צבי 400 גרם,טיב טירת צבי 2000,IL,ט.צבי נקנקיות עוף400,,400.00,100 גרם,false,1,17.00,4.25,true,1,5861
7290000367590,false,פסטרמה כפרית וסלמי פריזר כפרי טירת צבי 2*400 גרם,טיב טירת צבי 2000,IL,ט.צבי צמד כפרי 800גר,,800.00,100 גרם,false,1,42.00,5.25,true,1,12208
7290000377209,false,בוטן מטוגן קליית גת 200 גרם,"ג'י אנד ג'י בע""מ",IL,בוטן מטוגן 200 גר,,200.00,100 גרם,false,1,11.90,5.95,true,1,824
7290000377445,false,נש צ'אנס קליית גת 200 גרם,"ג'י אנד ג'י בע""מ",IL,נאש צאנס שקית 200 ג,,200.00,100 גרם,false,1,11.00,5.50,true,1,827
7290000377452,false,גרעיני אבטיח קליית גת 200 גרם,הדקלאים אגודת שיתופי,IL,גרעיני אבטיח שקית 20,,200.00,100 גרם,false,1,18.00,9.00,true,1,828
7290000377612,false,מיץ תפוזים סחוט טבעי פריגת 400 מל,גת גבעת חיים,IL,פריגת סחוט תפוז 400,,400.00,"100 מ""ל",false,1,12.90,3.15,true,1,300
7290000408316,false,יוגורט דנונה דל לקטוז 200 גרם,מיוצר עי קונדיטוריית,IL,דנונה ביו טבעי 200גר,,200.00,"100 מ""ל",false,1,4.20,2.10,true,1,3768
7290000408354,false,יוגורט עם אורז מצופה שוקולד קקאו 175 ג' דנונה,"שטראוס בריאות בע""\מ",IL,דנונה בר פיצפוצים180,,175.00,"100 מ""ל",false,1,6.50,3.71,true,1,1039
7290000416021,false,ממרח בטעם שוקולד השחר חלבי 500,השחר העולה,IL,השחר מ.שוקולד,,500.00,100 גרם,false,1,16.00,3.20,true,1,2511
7290000419220,false,לנדוור כחול המקורי קפה טחון טורקי 3*100 גרם 16 יח',קפה לנדוור,IL,קפה טחון טורקי,,300.00,100 גרם,false,1,23.00,7.67,true,1,27296
7290000420325,false,"פופסטאר פופקורן למקירוגל בטעם טבעי 5 שקיות,500 גרם",פרסטון פארמס,US,פופ סטאר טבעי,,500.00,100 גרם,false,1,14.90,2.98,true,1,26566
7290000420332,false,פופסטאר פופקורן למיקרוגל בטעם חמאה 5 יחידות 500 גרם,פרסטון פארמס,US,פופ סטאר חמאה,,500.00,100 גרם,false,1,14.90,2.98,true,1,26567
7290000430102,false,קוביות קרח בשקית מיסטר אייס 2 קילו,"אייס (קיובס) בע""מ -",IL,שקית קרח 2 קג,,2.00,"1 ק""ג",false,1,13.90,6.95,true,1,1473
7290000450209,false,פוסידון טונה בהירה בשמן 77 גרם,"מיוצר עי וליגר בעמ,",IL,טונה פוסידון,,108.00,100 גרם,false,1,6.90,6.39,false,1,21010
7290000453866,false,נטורינה תחליף מרגרינה לבישול ואפיה קוקוס שמרית 200 גרם,גרונבאנג- גרונדנסק א,DK,שמרית נטורינה קוקוס,,200.00,100 גרם,false,1,8.90,4.45,true,1,27168
7290000461625,false,בייגלה שמיניות מלח בייגל בייגל 400 ג',בייגל את בייגל מזון 198),IL,ביגלה שמונה 400 גרם,,400.00,100 גרם,false,1,14.00,3.50,true,1,1150
7290000461656,false,בייגלה מקלות מלוחים בייגל בייגל 400 גרם,בייגל את בייגל מזון 198),IL,בייגלה מקלות 400,,400.00,100 גרם,false,1,14.00,3.50,true,1,3087
7290000462141,false,סחוג אדום תימני מקורי חריף מאוד זהבי 150 גרם,קריניסה ויטמין אס אי,IL,סחוג אדום חריף מאוד,,150.00,100 גרם,false,1,10.00,6.67,true,1,26432
7290000474014,false,חלב מפוסטר 1% שקית 1 ל',Unknown,IL,טרה חלב בשקית 1%,,1.00,1 ליטר,false,1,5.04,5.04,false,1,2056
7290000474021,false,חלב 3% טרה שקית 1 ל' מהדרין,Unknown,IL,טרה חלב בשקית 3% 1ל,,1.00,1 ליטר,false,1,5.43,5.43,false,1,992
7290000474076,false,"חלב קרטון 3%-1 ליטר ""טרה""-מוצר בפיקוח",קריות זול,IL,טרה חלב3% קרטון בדצ1,,1.00,1 ליטר,false,1,6.23,6.23,false,1,3065
7290000474090,false,"חלב בקרטון 1%- 1 ליטר בד""צ - מוצר בפיקוח",מילקו תעשיות בעמ,IL,טרה חלב קרטון1% בדצ1,,1.00,1 ליטר,false,1,5.86,5.86,false,1,995
7290000474373,false,"שמנת חמוצה 15% שומן 200 מ""ל טרה",קריות זול,IL,שמנת חמוצה,,232.00,100 גרם,false,1,2.40,1.03,true,1,22515
7290000474502,false,גבינה לבנה טרה 5% מרכיבים טבעיים,הפריט בפיקוח,IL,טרה גבינה לבנה 5%,,250.00,100 גרם,false,1,4.98,1.99,false,1,6449
7290000474830,false,נעם גבינה צהובה מגורדת 28% טרה 500 גרם,מילקו תעשיות בעמ,IL,גבינה צהובה מגורדת,,500.00,100 גרם,false,1,36.90,7.38,true,1,18229
7290000480107,false,קוואקר שיבולת שועל פחית 500 גרם,וולקרס סנקס לימיטד,GB,קווקר פחית 500 ג,,500.00,100 גרם,false,1,17.50,3.50,true,1,27098
7290000480442,false,קוואקר שיבולת שועל בשקית 500 גרם,פריטו ליי FRITO-LAY,IL,קוואקר 500 גר (שקית,,500.00,100 גרם,false,1,15.90,3.18,true,1,26734
7290000484747,false,עראק עלית 700 מל 40% כהל,יקב הגליל יוסף גולד ובניו,IL,עלית הארק,,700.00,"100 מ""ל",false,1,80.00,11.39,true,1,22922
7290000497112,false,"לחם כהה פרוס וארוז ""ברמן""-מוצר בפיקוח",מאפית י את א ברמן בע,IL,ברמן לחם אחיד פרוס,,750.00,100 גרם,false,1,7.91,1.05,false,1,4189
7290000497198,false,מארז פיתות עשירייה אסלי,מאפית י את א ברמן בע,IL,ברמן אסלי 10 פיתות,,10.00,יחידה,false,1,15.00,1.50,true,1,27286
7290000497204,false,פיתה אסלי ברמן חמישי,מאפית י את א ברמן בע,IL,פיתות בשקית - 5 יח,,500.00,100 גרם,false,1,9.00,1.80,true,1,4191
7290000497228,false,לחמניה רגילה בשקית ברמן 6יח',מאפית י את א ברמן בע,IL,ברמן לחמניות 6יח 75ג,,75.00,100 גרם,false,1,12.90,17.20,true,1,4532
7290000497303,false,"שישיית לחמניות מקמח מלא ""ברמן""",מאפית י את א ברמן בע,IL,לחמניות מקמח מלא 6,,540.00,100 גרם,false,1,14.00,2.59,true,1,27138
7290000497426,false,לחם ברמן לענין פלוס 500 גרם,מאפית י את א ברמן בע,IL,ברמן לחם קל,,500.00,100 גרם,false,1,19.00,3.80,true,1,12545
7290000497532,false,"לחם מקמח מלא""לעניין"" 750 גר'",מאפית י את א ברמן בע,IL,ברמן לחם לעניין 750ג,,750.00,100 גרם,false,1,16.00,2.13,true,1,12212
7290000497570,false,לחם דגנים פלוס ברמן 500 גרם,מאפית י את א ברמן בע,IL,ברמן לחם דגני קלות,,500.00,100 גרם,false,1,19.00,3.80,true,1,4199
7290000497952,false,עוגת בוקר אישית רוגלך120,"י.את.א.ברמן בע""\מ",IL,ברמן מאפה רוגלך,,120.00,100 גרם,false,1,7.50,6.25,true,1,2765
7290000497969,false,עוגת בוקר אישית פרג 120 גרם,"ש.א אנטקוביץ השקעות בע""\",IL,ברמן מאפה פרג,,120.00,100 גרם,false,1,7.50,6.25,true,1,2764
7290000497976,false,עוגת בוקר אישית קקאו 120 גרם,"י.את.א.ברמן בע""\מ",IL,ברמן מאפה קקאו,,120.00,100 גרם,false,1,7.50,6.25,true,1,2760
7290000497983,false,עוגת בקר אישית קינמון 120 גרם,Unknown,,ברמן מאפה קינמון,,120.00,100 גרם,false,1,7.50,6.25,true,1,2763
7290000498034,false,לחם אי פרי קמח כוסמין מלא 750 גר',מאפית י את א ברמן בע,IL,לחם כוסמין E-FREE,,750.00,100 גרם,false,1,20.50,2.73,true,1,26312
7290000498201,false,עוגה אישית שוקולד צ'יפס 120 גר',"י.את.א.ברמן בע""\מ",IL,ברמן מאפה שוק.ציפס,,120.00,100 גרם,false,1,7.50,6.25,true,1,16090
7290000504278,false,ממתיק סוכרזית אריזת פטנט 700 טבליות,אף.סי תבליני בגליל ב,IL,סוכרזית פטנט 700 טבל,,574.00,100 גרם,false,1,19.90,3.47,true,1,1982
7290000521008,false,יין אדום יבש של סגל750מל,"כרמי צבי - אחים סגל בע""\",IL,סגל יין אדום 750 מל,,750.00,100 גרם,false,1,26.00,3.43,true,1,4095
7290000523125,false,מלח הארץ הים האדום 250 ג' עדין,"חברת מלח הארץ אילת בע""\מ",IL,מלח הארץ 250 גר,,250.00,100 גרם,false,1,7.50,3.00,true,1,4647
7290000525969,false,מיץ תפוזים סחוט רכיבים טבעיים פרימור 1 ליטר,"גניר (1992) בע""מ",IL,פרימור תפוזים בקבוק1,,1.00,1 ליטר,false,1,18.00,17.70,true,1,292
7290000560540,false,אדג' ג'ל גילוח כתום לעור רגיש 198גרם,המאפיה של הרמן,US,אדג גל כתום,,210.00,"100 מ""ל",false,1,25.90,12.33,true,1,12434
7290000688077,false,"מי עדן 0.500 מ""ל פקק רגיל",מופק ממקור בזלתי עדן,IL,מי עדן 500 מל שטוח,,500.00,"100 מ""ל",false,1,7.90,1.52,true,1,325
7290000688084,false,מי עדן פקק ספורטאים500מל,"מופק ממקור בזלתי עדן ,1",IL,מי-עדן 500 פקק בודד,,500.00,"100 מ""ל",false,1,7.00,1.34,true,1,326
7290000688381,false,שישיית מי עדן פקק ספורט 0.5 ליטר,"מופק ממקור בזלתי עדן ,1",IL,מי עדן 500 פקק 6יח,,3.00,1 ליטר,false,1,15.90,4.70,true,1,1457
7290000688503,false,"מים מינרלים פקק ספורט מי עדן 6*750 מ""ל","מופק ממקור בזלתי עדן ,1",IL,מי עדן גים 750 6יח,,4.50,1 ליטר,false,1,16.00,3.16,true,1,2552
7290000689180,false,בליסטקס שפתון-סטיק מנטה,מדיליין פריגו,IL,בליסטיקס מנטה,,25.53,100 גרם,false,1,11.00,43.09,true,1,5388
7290000801281,false,ערכה לגריל פזגז,Unknown,,ערכה לגריל פזגז,,0.00,,false,1,99.00,0.00,false,1,24636
7290000807033,false,ערכת חיבור לגריל כלל,Unknown,,ערכת חיבור לגריל כלל,,0.00,,false,1,99.00,0.00,false,1,24637
7290000888000,false,מצת אבן,Unknown,,מצת אבן,,0.00,,false,1,4.00,0.00,false,1,5068
7290000888001,false,מצת אלקטרוני,Unknown,,מצת אלקטרוני,,0.00,,false,1,5.00,0.00,false,1,5069
7290000888011,false,מצת קליפר,Unknown,,מצת קליפר,,0.00,,false,1,8.00,0.00,false,1,9887
7290000888012,false,מצת עגול,Unknown,,מצת עגול,,0.00,,false,1,7.00,0.00,false,1,24094
7290001045169,false,מיץ תפוחי עץ צלול פרימור 1 ליטר,"גניר (1992) בע""מ",IL,פרימור תפוחים צלול 1,,1.00,1 ליטר,false,1,15.00,14.70,true,1,1766
7290001045633,false,פרימור מיץ לימון ונענע סחוט טרי 400מל,פרימור,IL,פרימור לימונענע 400,,400.00,"100 מ""ל",false,1,12.90,3.15,true,1,263
7290001045657,false,פרימור מיץ תפוחים סחוט מקורר 400מל,פרימור,IL,פרימור תפוחים 400מל,,400.00,"100 מ""ל",false,1,12.90,3.15,true,1,265
7290001045688,false,"מיץ תפוזים סחוט פרימור 400 מ""ל",פרימור,IL,פרימור תפוזים 400מל,,400.00,"100 מ""ל",false,1,12.90,3.15,true,1,269
7290001136287,false,"שמפו לשיער רגיל בבושם פרחים נקה 7 750 מ""ל","אמיליה קוסמטיקס בע""מ",IL,נקה 7-שמפו רגיל ירוק,,750.00,"100 מ""ל",false,1,13.90,1.85,true,1,27116
7290001136294,false,"שמפו לשיער יבש בבישום פרחים נקה 7 750 מ""ל","אמיליה קוסמטיקס בע""מ",IL,נקה 7-שמפו יבש אדום,,750.00,"100 מ""ל",false,1,13.90,1.85,true,1,27117
7290001230234,false,סיגריות כאמל סופט חפ,גיי טי אינטרנשיונל,CH,כאמל צהוב סופט חפיסה,,0.00,,false,1,33.00,0.00,false,1,101
7290001230331,false,סיגריות כאמל בוקס חפ,Unknown,CH,כאמל צהוב בוקס,,0.00,,false,1,33.00,0.00,false,1,102
7290001230739,false,כאמל כחול חפיסה חפיסה,Unknown,CH,כאמל כחול חפיסה,,0.00,,false,1,33.00,0.00,false,1,103
7290001231136,false,ווינסטון כחול סופט חפ.,Unknown,CH,וינסטון כחול סופט,,0.00,,false,1,33.00,0.00,false,1,105
7290001231233,false,סיגריות וינסטון בוקס,Unknown,CH,וינסטון אדום חפיסה,,0.00,,false,1,35.50,0.00,false,1,106
7290001231932,false,ווינסטון כחול בוקס חפיסה,Unknown,CH,וינסטון כחול בוקס,,0.00,,false,1,35.50,0.00,false,1,107
7290001234133,false,סיגריות כאמל כתום חפ,Unknown,CH,כאמל כתום חפיסה,,0.00,,false,1,30.50,0.00,false,1,6553
7290001235938,false,וינסטון כחול ארוך חפיסה,Unknown,CH,וינסטון כחול ארוך,,0.00,,false,1,35.50,0.00,false,1,9559
7290001247068,false,קרטונית נקטר ספרינג תות בננה 1 ליטר,יפאורה שותפות מובגלת לשיווק,IL,ספרינג תות בננה 1ל,,0.00,,false,1,7.90,0.00,true,1,27268
7290001247099,false,קרטונית נקטר ספרינג מנגו 1 ליטר,יפאורה שותפות מובגלת לשיווק,IL,ספרינג מנגו קרטון 1ל,,0.00,,false,1,7.90,0.00,true,1,5077
7290001247105,false,קרטונית נקטר ספרינג אפרסק 1 ליטר,יפאורה שותפות מובגלת לשיווק,IL,ספרינג אפרסק קרטון1ל,,0.00,,false,1,7.90,0.00,true,1,27269
7290001247112,false,קרטונית נקטר ספרינג לימונענע 1 ליטר,יפאורה שותפות מובגלת לשיווק,IL,ספרינג לימונענע 1ל,,0.00,,false,1,7.90,0.00,true,1,27270
7290001247129,false,נקטר ספרינג תפוזים קרטונית 1 ל',יפאורה שותפות מובגלת לשיווק,IL,ספרינג תפוז קרטון 1ל,,0.00,,false,1,7.90,0.00,true,1,5078
7290001247143,false,קרטונית נקטר ספרינג תפוחים 1 ליטר,יפאורה שותפות מובגלת לשיווק,IL,ספרינג תפוח קרטון 1ל,,0.00,,false,1,7.90,0.00,true,1,5079
7290001247723,false,"ספרינג נקטר תות בננה פחית 330 מ""ל",יפאורה תבורי בעמ,IL,ספרינג תות בננה,,330.00,"100 מ""ל",false,1,8.90,2.61,true,1,4407
7290001247730,false,"נקטר ספרינג בטעם מנגו פחית 330 מ""ל",יפאורה תבורי בעמ,IL,ספרינג מנגו פחית,,330.00,"100 מ""ל",false,1,8.90,2.61,true,1,4408
7290001274361,false,שלגון גלידל שוקו,Unknown,,שלגון גלידל שוקו,,50.00,100 גרם,false,1,9.90,19.80,true,1,26512
7290001327180,false,שטראוס קרמיסימו וניל ציפ 1.33 ליטר,"גלידת שטראוס בע""\מ, רחוב",IL,קרמיסימו וניל ציפ,,1.33,1 ליטר,false,1,25.00,18.80,true,1,8921
7290001407936,false,בארכה-טחינה גולמית מעודנת בקבוק לחיץ 310 ג',"רושדי תעשיות מזון בע""\מ",IL,בארכה טחינה מעודנת,,310.00,100 גרם,false,1,14.00,4.52,true,1,18102
7290001594025,false,"קוקה קולה זכוכית 350 מ""ל",החברה המרכזית לייצור,IL,קוקה קולה קלאסי 330,,330.00,"100 מ""ל",false,1,9.90,2.91,true,1,244
7290001594032,false,"דיאט קוקה-קולה קלאסי 350 מ""ל",החברה המרכזית לייצור,IL,דיאט קולה קלאסי330,,330.00,"100 מ""ל",false,1,9.90,2.91,true,1,228
7290001594155,false,"קוקה-קולה בבקבוק אישי 500 מ""ל",החברה המרכזית לייצור משקאות,IL,קוקה קולה בקבוק 0.5,,500.00,"100 מ""ל",false,1,9.90,1.92,true,1,235
7290001594179,false,"פאנטה אורנג' בבקבוק אישי 500 מ""ל",החברה המרכזית לייצור משקאות,IL,פאנטה בקבוק 0.5 ל,,500.00,"100 מ""ל",false,1,9.90,1.92,true,1,237
7290001594186,false,דיאט קוקה-קולה בבקבוק אישי,החברה המרכזית לייצור משקאות,IL,קולה דיאט בקבוק 0.5ל,,500.00,"100 מ""ל",false,1,9.90,1.92,true,1,238
7290001594230,false,קינלי סודה בבקבוק זכוכית,החברה המרכזית לייצור,IL,סודה קינלי 250 מל,,250.00,"100 מ""ל",false,1,6.90,2.64,true,1,242
7290001594377,false,פריגת תפוזים 0.5 ליטר חייב בפקדון,מבשלות בירה בינלאומיות ב,IL,פריגת תפוזים 0.5 ל,,500.00,"100 מ""ל",false,1,9.90,1.92,true,1,276
7290001594384,false,פריגת אשכוליות 0.5 ליטר חייב בפקדון,מבשלות בירה בינלאומיות ב,IL,פריגת אשכולית 0.5 ל,,500.00,"100 מ""ל",false,1,9.90,1.92,true,1,277
7290001594391,false,"פריגת משקה קל ענבים בבקבוק אישי 500 מ""ל",מבשלות בירה בינלאומיות ב,IL,פריגת ענבים 0.5 ל,,500.00,"100 מ""ל",false,1,9.90,1.92,true,1,278
7290001594520,false,"בירה טובורג רד בקבוק 330 מ""ל",מבשלות בירה בינלאומיות ב,IL,טובורג RED בק 330 מ,,330.00,"100 מ""ל",false,1,14.00,4.15,true,1,346
7290001594568,false,"קרלסברג פחית 500 מ""ל פקדון",מבשלות בירה בינלאומיות ב,RO,קרלסברג 500 פחית,,500.00,"100 מ""ל",false,1,17.90,3.52,true,1,349
7290001594575,false,"בירה טובורג רד פחית 500 מ""ל",מבשלות בירה בינלאומיות ב,IL,טובורג פחית 500 מל,,500.00,"100 מ""ל",false,1,15.50,3.04,true,1,344
7290001594858,false,"שישייה בירה טובורג רד בקבוק 330 מ""ל",מבשלות בירה בינלאומיות ב,IL,בירה בבקבוק טובורג*6,,1.98,1 ליטר,false,1,39.90,19.24,true,1,3555
7290001594865,false,"שישייה בירה קרלסברג בקבוק 330 מ""ל",מבשלות בירה בינלאומיות ב,IL,קרלסברג 6* 330מל,,1.98,1 ליטר,false,1,39.90,19.24,true,1,3556
7290001778118,false,12 ביצים טריות L,גליקסמן שיווק ביצים,,12 ביצים טריות L,,12.00,יחידה,false,1,12.05,1.00,false,1,25773
7290001778125,false,12 ביצים טריות M,Unknown,,12 ביצים טריות M,,12.00,יחידה,false,1,11.15,0.93,false,1,25774
7290001778422,false,18 ביצים טריות L,Unknown,,18 ביצים טריות L,,18.00,יחידה,false,1,18.05,1.00,false,1,24847
7290001780428,false,גלידיאט שלגון מצופה נסטלה 312 גרם מארז 6 יחידות,גלידות נסטלה )נגה גלידות,IL,מאגדת לייט שוקו,,312.00,100 גרם,false,1,30.90,9.90,true,1,8962
7290001780800,false,שלגון קראנץ שוקולד ליבת נוגט נסטלה 100 גרם,נסטלה גלידות,IL,קראנץ ליבת נוגט,,100.00,100 גרם,false,1,13.90,13.90,true,1,4286
7290001817377,false,צ'יטוס חטיף איקס עיגול פיצה 60 גרם,"שטראוס פריטו ליי בע""\מ )",IL,ציטוס איקס עיגול 60,,60.00,100 גרם,false,1,5.90,9.83,true,1,557
7290001817728,false,צ'יטוס אפוי כאפה בטעם קטשופ 55 גרם,"שטראוס פריטו ליי בע""\מ )",IL,ציטוס כאפה 55 גר,,55.00,100 גרם,false,1,5.90,10.73,true,1,2688
7290001985007,false,שלגון מצופה שוקו שוקו 60יג',שטראוס,,מצופה שוקו שוק יטבתה,,70.00,100 גרם,false,1,7.90,11.29,true,1,754
7290002007029,false,קוקוס טחון 100 ג' הנמל,יבוא ושיווק: הנמל אר,IL,קוקוס 100 גר,,100.00,100 גרם,false,1,3.90,3.90,true,1,19806
7290002007234,false,אבקת סוכר הנמל 100 גרם,"מיוצר וארוז ע""י: ר.ס",IL,אבקת סוכר 100 גר,,100.00,100 גרם,false,1,2.30,2.30,true,1,12373
7290002007852,false,"תמצית אפייה בטעמים שונים 55 מ""ל הנמל",ממתקי עלה יצור ושיוו,IL,תמצית וניל,,50.00,"100 מ""ל",false,1,5.00,10.00,true,1,22056
7290002008743,false,סוכר וניל עשירייה הנמל 100 גרם,"מיוצר וארוז ע""י: ר.ס",IL,סוכר וניל 10 יח,,100.00,100 גרם,false,1,2.90,2.90,true,1,12372
7290002008750,false,אבקת אפיה עשירייה הנמל 100 גרם,"מיוצר ע""י:ר.ס. חברה",IL,אבקת אפיה 10 יח,,100.00,100 גרם,false,1,2.90,2.90,true,1,12375
7290002008774,false,שומשום הנמל 200 גרם,הנמל אריזות ושיווק ב,IL,שומשום 200 גר,,200.00,100 גרם,false,1,8.90,4.45,true,1,22055
7290002019787,false,רוטב עגבניות מרוכז מאוד 260 גרם פריניר,פריניר ( הדס 1987) ב,IL,רסק עגבניות ט.טרי260,,260.00,100 גרם,false,1,4.50,1.73,true,1,22050
7290002019794,false,רוטב עגבניות מרוכז מאוד 100 גרם פריניר,פריניר ( הדס 1987) ב,IL,רסק עגבניות פריניר,,100.00,100 גרם,false,1,2.20,2.20,true,1,1819
7290002026303,false,"גלידת שורטי דולצה דה לצה 150 מ""ל",מוצרי איכות אמריקאיי,IL,שורטי קרם עוגיות,,150.00,"100 מ""ל",false,1,11.80,7.87,true,1,17703
7290002026372,false,טילון בצק עוגיות בן,המאפיה של הרמן,IL,טילון בצק עוגיות,,100.00,100 גרם,false,1,10.90,10.90,true,1,20421
7290002026778,false,"גלידה בן&ג'ריס שמנת וניל קרמל וחתיכות 500מ""ל",מוצרי איכות אמריקאיים בע,IL,בן&גריס קון סויט,,500.00,"100 מ""ל",false,1,19.90,3.98,true,1,18101
7290002026976,false,"בן&גריס שוקולד מילק&קוקיס 500 מ""ל",מוצרי איכות אמריקאיי,IL,בן&גריס פיינט &קוקי,,420.00,"100 מ""ל",false,1,19.90,4.74,true,1,21630
7290002026983,false,"גלידת מוופוריה בטעם שוקולד עם בצק עוגיות 500 ""ל",מוצרי איכות אמריקאיים בע,IL,בן&גריס פיינט ב.עוג,,420.00,"100 מ""ל",false,1,19.90,4.74,true,1,21631
7290002037125,false,חלה פרוסה וודש 500 גרם,מאפית י את א ברמן בע,IL,חלה פרוסה ודש,,500.00,100 גרם,false,1,10.50,2.10,true,1,4173
7290002037309,false,שמיניית לחמניות המבורגר,מאפית י את א ברמן בע,IL,לחמניה המבורגר 2+6,,300.00,100 גרם,false,1,16.00,5.33,true,1,27137
7290002040071,false,קוסקוס עבה שקית 350 גרם הנמל,קוסקוס מזון,IL,קוסקוס עבה הנמל,,350.00,100 גרם,false,1,7.90,2.26,true,1,27294
7290002043065,false,אקסטרה פריכיות אורז חום מלא בציפוי שוקולד מריר 70 גרם,נוהלס ג'\י אס סי.,BG,אקסטרה פריכונ ש.מריר,,70.00,100 גרם,false,1,9.50,13.57,false,1,26074
7290002043072,false,אקסטרה פריכיות אורז חום מלא בציפוי שוקולד חלב 70 גרם,נוהלס ג'\י אס סי.,BG,אקסטרה פריכוני ש.חלב,,70.00,100 גרם,false,1,9.50,13.57,false,1,26075
7290002043096,false,פריכיות אורז חום מלא בציפוי שוקולד לבן בלגי 70 ג',נוהלס ג'\י אס סי.,BG,אקסטרה פריכוני ש.לבן,,70.00,100 גרם,false,1,9.50,13.57,false,1,26076
7290002043218,false,אקסטרה צ'יפס אורז חום מלא מלח 60 גרם,נוהלס ג'\י אס סי.,BG,ציפס אורז מלח 60ג,,60.00,100 גרם,false,1,7.90,13.17,true,1,24223
7290002043782,false,אקסטרה צ'יפס אורז חום מלא טקסס ברביקיו 60 גרם,נוהלס ג'\י אס סי.,BG,ציפס אורז ברביקיו60,,60.00,100 גרם,false,1,7.90,13.17,true,1,24224
7290002057185,false,טבעות זיתים ירוקים קבוצת יבנה 560 גרם,קבוצת יבנה,IL,טבעות זיתים ירוק,,540.00,100 גרם,false,1,10.90,2.02,true,1,26082
7290002107491,false,גבינה לבנה מחלב עיזים למריחה 5% משק צוריאל 250 גרם,מחלבת משק צוריאל,IL,צוריאל עזים למריחה,,250.00,100 גרם,false,1,16.80,6.72,true,1,27095
7290002107798,false,גבינה בולגרית מעודנת 5% משק צוריאל 250 גרם,מחלבת משק צוריאל,IL,צוריאל ג. בולגרית5%,,250.00,100 גרם,false,1,22.90,9.16,true,1,26921
7290002132011,false,עוגיות מזרחיות מלוחות עבאדי 400 גרם,מאפיית יוסף ושמחה עבאדי,IL,עבאדי מזרחיות 400,,400.00,100 גרם,false,1,19.90,4.97,true,1,5109
7290002331018,false,"נביעות מים עם פקק ספורט 500מ""ל",נביעות טבע הגליל בעמ,IL,נביעות 500 מל שטוח,,500.00,"100 מ""ל",false,1,7.90,1.52,true,1,321
7290002331025,false,"מים מינרלים נביעות ספורט 500 מ""ל פקדון",נביעות טבע הגליל בעמ,IL,נביעות ספורט 500מל,,3.00,1 ליטר,false,1,7.90,2.53,true,1,322
7290002331094,false,"מים מינרליים GO TO נביעות 755 מ""ל",נביעות טבע הגליל בעמ,IL,נביעות 755 מל,,755.00,"100 מ""ל",false,1,8.90,1.14,true,1,1992
7290002331124,false,נביעות+ מים מינרליים בטעם תפוח,נביעות טבע הגליל בעמ,IL,נביעות תפוח עדין 0.5,,500.00,"100 מ""ל",false,1,9.90,1.92,true,1,6378
7290002331155,false,מים נביעות בטעם אפרסק 0.5 ליטר,נביעות טבע הגליל בעמ,IL,נביעות אפרסק 0.5 ל,,500.00,"100 מ""ל",false,1,9.90,1.92,true,1,6377
7290002331360,false,"נביעות מים מינרליים טו גו מארז 500X6מ""ל",נביעות טבע,IL,שישיית נביעות ספורט,,3.00,1 ליטר,false,1,16.00,4.73,true,1,1454
7290002331421,false,"שישיית מים מינרליים GO TO נביעות 755 מ""ל",נביעות טבע הגליל בעמ,IL,נביעות 755 מל שישייה,,4.53,1 ליטר,false,1,16.00,3.13,true,1,2767
7290002331490,false,מים מינרליים נביעות 1 ליטר,נביעות טבע הגליל בעמ,IL,נביעות 1 ליטר,,1.00,1 ליטר,false,1,7.90,7.60,true,1,16357
7290002331711,false,נביעות+מים מינרליים בטעם ענבים,נביעות טבע הגליל בעמ,IL,נביעות ענבים 0.5ל,,500.00,"100 מ""ל",false,1,9.90,1.92,true,1,9180
7290002371533,false,דקניקים סלסולי פסטרמה דבש טירת צבי 120 גרם,הנסיך- מפעל לייצור ט,IL,פסטרמה בדבש פרוס דק,,120.00,100 גרם,false,1,19.00,15.83,true,1,25492
7290002374268,false,שמן חמניות מילומור 1 ליטר,שמן תעשיות,IL,שמן חמניות מילומור,,1.00,1 ליטר,false,1,12.90,12.90,true,1,25244
7290002374312,false,"שמן קנולה מילומור 1 ל' עד""ח","נארז ע""י : א.ג. גילר",IL,מילומור שמן קנולה,,1.00,1 ליטר,false,1,12.50,12.50,true,1,13236
7290002502043,false,בונז'ור לחמניה כריך,בונז'ור,,לחמניה לבנה,,120.00,100 גרם,false,1,2.50,2.08,true,1,7864
7290002502067,false,בונג'ור חלה קלועה 560 גרם,בונז'ור,IL,חלה קלועה בונזור,,560.00,100 גרם,false,1,13.90,2.48,false,1,17876
7290002502166,false,בונז'ור חצי באגט 60*,בונז'ור,,בונזור- חצי באגט,,0.00,,false,1,4.50,0.00,true,1,7761
7290002502296,false,בונז'ור לחמניה קלועה קנוי 100 ג',בונז'ור,,לחמניה קלועה,,0.00,,false,1,2.90,0.00,true,1,7863
7290002542506,false,"בקבוק בירה קורונה 355 מ""ל",קריניציה ויטמינה אס,MX,קורונה אקסטרא בירה,,355.00,"100 מ""ל",false,1,17.00,4.70,true,1,12815
7290002542773,false,"בירה סטלה ארטואה בקבוק 330 מ""ל","אינבב, ברוורייפליין",BE,בירה בבקבוק סטלה 330,,330.00,"100 מ""ל",false,1,17.00,5.06,true,1,23854
7290002542780,false,"שישייה בירה סטלה ארטואה בקבוק 330X6 מ""ל","אינבב, ברוורייפליין",BE,בירה בבקבוק סטלה*6,,1.98,1 ליטר,false,1,39.90,19.24,true,1,23855
7290002542841,false,"שישייה בירה לף בלונד בקבוק 330X6 מ""ל","אינבב, ברוורייפליין",BE,לף בלונד 330 מל*6,,1.98,1 ליטר,false,1,59.90,29.34,true,1,26342
7290002542865,false,"שישייה בירה הוגרדן בקבוק 330X6 מ""ל","אינבב, ברוורייפליין",BE,הוגרדן בק 330 מל*6,,1.98,1 ליטר,false,1,59.90,29.34,true,1,26063
7290002543046,false,קלוגס פרוסטיס דגנים וסוכר 750ג',קלוג מנייופרטורינג א,ES,קלוגס פרוסטיס 750,,750.00,100 גרם,false,1,19.90,2.65,true,1,27216
7290002551003,false,טונה בשמן בודד 160 ג' סטארקיסט,סטאר קיסט,IL,סטארקיס בשמן 160ג,,160.00,100 גרם,false,1,8.50,5.31,true,1,1824
7290002551010,false,טונה סטארקיסט במים 160 גרם,"סטארקיסט פודור בע""מ",TR,סטארקיסט טונה במים,,160.00,100 גרם,false,1,8.50,5.31,true,1,4323
7290002608653,false,מאפה טאבון תפוא א.ק,Unknown,,מאפה טאבון תפוא א.ק,,139.00,100 גרם,false,1,12.00,8.63,true,1,20145
7290002608776,false,מאפה עלים גבינה א.ק,Unknown,,מאפה עלים גבינה א.ק,,130.00,100 גרם,false,1,12.00,9.23,true,1,20146
7290002608806,false,מ.עלים שוקו מ.א א.ק,Unknown,,מ.עלים שוקו מ.א א.ק,,130.00,100 גרם,false,1,12.00,9.23,true,1,20147
7290002608837,false,מקל ריקוטה א.ק,Unknown,,מקל ריקוטה א.ק,,120.00,100 גרם,false,1,12.00,10.00,true,1,20148
7290002608868,false,מאפה תפוחים א.ק,Unknown,,מאפה תפוחים א.ק,,130.00,100 גרם,false,1,12.00,9.23,true,1,20170
7290002710004,false,ביצים אורגניות מן הטבע 12 יחידות,מן הטבע בארותיים,IL,ביצי חופש אורגניות L,,12.00,יחידה,false,1,25.00,2.08,true,1,24846
7290002710110,false,ביצי חופש לארג' 12 יחידות,מן הטבע בארותיים,IL,ביצים 12 יח L,,12.00,יחידה,false,1,18.90,1.57,true,1,24844
7290002730675,false,"קולגייט משחת שיניים אדומה משפחתי 100 מ""ל",קולגייט-פלמוליב,PL,קולגייט משחת שיניים,,100.00,"100 מ""ל",false,1,16.50,16.50,true,1,6695
7290002752332,false,"סוכריות מנטוס פירות בגליל, 37.5 גרם",הדקלאים אגודת שיתופי,NL,מנטוס פירות גליל,,37.50,100 גרם,false,1,5.00,13.33,true,1,375
7290002752349,false,סוכריות מנטוס מנטה 40יח' בגליל 38ג',פרפטי ואן מלה,NL,מנטוס מנטה גליל,,37.50,100 גרם,false,1,5.00,13.33,true,1,376
7290002752493,false,רביעיה סוכריות מנטה 4* 16 ג' טיק טק,פררו - אלבה,ZA,טיק טק מנטה רבעיות,,64.00,100 גרם,false,1,11.90,18.59,true,1,7149
7290002753223,false,רביעייה סוכריות תפוז 4*16 ג' טיק טק,פררו - אלבה,ZA,טיק טק תפוז רביעיות,,64.00,100 גרם,false,1,11.90,18.59,true,1,7150
7290002771111,false,קפה עם הל אל נחלה 250 גרם,מולינו ניקולי s.p.a,IL,נחלה קפה עם הל 250,,250.00,100 גרם,false,1,21.90,8.76,true,1,5525
7290002824183,false,"גבינה לבנה סקי 500 גרם 5% ""שטראוס"" -מוצר בפיקוח",מיוצר עי קונדיטוריית,IL,סקי 500 גר %5,,500.00,100 גרם,false,1,9.96,1.99,false,1,1004
7290002824466,false,יוגורט דנונה ביו לבן 0% שומן 200 גרם,"שטראוס בריאות בע""\מ",IL,דנונה ביו 0% 200 גר,,200.00,"100 מ""ל",false,1,4.20,2.10,true,1,4559
7290002824640,false,"גבינת סקי 250 גרם 5% ""שטראוס"" -מוצר בפיקוח",מיוצר עי קונדיטוריית,IL,סקי גבינה 5% 250גר,,250.00,100 גרם,false,1,4.98,1.99,false,1,1005
7290002868996,false,"קוטג' 5% שומן, רכיבים טבעיים, 250 גרם",קריות זול,IL,טרה קוטג מועשר 5%,,250.00,100 גרם,false,1,5.90,2.36,true,1,12210
7290002900207,false,המבורגר אמיתי 100% 400 גרם-תנובה,הנסיך- מפעל לייצור ט,IL,ט.צבי המבורגר אמיתי,,400.00,100 גרם,false,1,26.90,6.72,true,1,13428
7290002900214,false,קבב מזרחי טירת צבי 4,טיב טירת צבי 2000,IL,ט.צבי קבב מזרחי,,450.00,100 גרם,false,1,26.90,5.98,true,1,13429
7290002958130,false,היי ווי אדום,Unknown,,היי-ווי 20 רד,,0.00,,false,1,260.00,0.00,false,1,25330
7290002958147,false,היי-ווי 20 בלו,Unknown,,היי-ווי 20 בלו,,0.00,,false,1,260.00,0.00,false,1,25331
7290002958154,false,היי-ווי 20 סילבר,Unknown,,היי-ווי 20 סילבר,,0.00,,false,1,260.00,0.00,false,1,25332
7290002958192,false,רויאל אדום עשירייה,Unknown,IL,רויאל אדום - פאקט,,0.00,,false,1,260.00,0.00,false,1,14792
7290002958208,false,סיגריות רויאל כחול פ,דובק,IL,רויאל כחול - פאקט,,0.00,,false,1,260.00,0.00,false,1,14793
7290002958307,false,רויאל 100 רד,Unknown,,רויאל 100 רד,,0.00,,false,1,260.00,0.00,false,1,25348
7290002958314,false,רויאל 100 בלו,Unknown,,רויאל 100 בלו,,0.00,,false,1,260.00,0.00,false,1,25349
7290003009312,false,בוטן קלוי קליית גת 200 גרם,הדקלאים אגודת שיתופי,IL,בוטן קלוי 200 גר,,200.00,100 גרם,false,1,11.90,5.95,true,1,822
7290003009329,false,בוטנים אמריקאיים קליית גת 200 גרם,הדקלאים אגודת שיתופי,IL,בוטן אמריקאי שקית200,,200.00,100 גרם,false,1,9.00,4.50,true,1,800
7290003009336,false,קבוקים קליית גת 200 גרם,הדקלאים אגודת שיתופי,IL,קבוקים שקית 200 גרם,,200.00,100 גרם,false,1,9.00,4.50,true,1,823
7290003009640,false,מיץ תפוזים סחוט רכיבים טבעיים פריגת 1 ליטר,פריגת מצוננים,IL,סחוט תפוזים קלאסי1ל,,1.00,1 ליטר,false,1,18.00,17.70,true,1,7974
7290003029181,false,משקה יטבתה שוקו' בקבוק 1ל מהדרין,שטראוס גרופ,IL,יטבתה שוקו בקבוק 1ל,,1.00,1 ליטר,false,1,13.00,13.00,true,1,965
7290003029372,false,משקה חלב בטעם בננה יטבתה 1 ליטר,שטראוס גרופ,IL,יטבתה בננה בקבוק 1ל,,1.00,1 ליטר,false,1,13.00,13.00,true,1,968
7290003029389,false,"משקה חלב בננה פקק ספורט 250 מ""ל יוטבתה",שטראוס גרופ,IL,יטבתה בננה פקק 0.25,,250.00,"100 מ""ל",false,1,7.50,3.00,true,1,215
7290003029433,false,"משקה יטבתה שוקו פקק 250 מ""ל מהדרין",שטראוס גרופ,IL,יטבתה שוקו פקק 250מל,,250.00,"100 מ""ל",false,1,7.50,3.00,true,1,970
7290003029792,false,"משקה יטבתה שוקו שקיות מהדרין מארז 225X8מ""ל",שטראוס גרופ,IL,יטבתה שוקו שקית- 8יח,,1.80,1 ליטר,false,1,23.90,13.28,true,1,5933
7290003029815,false,כד חלב 3% יטבתה 2 ליטר מהדרין,שטראוס גרופ,IL,יטבתה חלב מועשר כד2ל,,2.00,1 ליטר,false,1,17.90,8.95,true,1,10019
7290003029907,false,אייס קפה יטבתה 1 ליטר מהדרין,שטראוס גרופ,IL,יטבתה אייס קפה 1,,1.00,1 ליטר,false,1,13.00,13.00,true,1,22514
7290003060009,false,"קמח חיטה לבן בהיר טחנות ישראליות 1 ק""ג",טחנות ישראליות,IL,קמח לבן בהיר,,1.00,"1 ק""ג",false,1,6.00,6.00,false,1,26609
7290003072828,false,נקניקיות פרנקפורטר 320 גרם טירת צבי,טיב טירת צבי 2000,IL,נקניקיות פרנקפורטר,,320.00,100 גרם,false,1,31.00,9.69,true,1,26894
7290003072835,false,נקניקיות קנאקוורסט דליקטיב,טיב טירת צבי 2000,IL,נקניקיות קנאקוורסט,,320.00,100 גרם,false,1,31.00,9.69,true,1,26895
7290003081684,false,מגבונים עבים ללא ביש,כמיפל,,מגבוני אוונט,,15.00,100 גרם,false,1,5.90,39.33,true,1,19410
7290003126958,false,טופו גבינה גוש בואקום צוריאל 300 ג',א.י.ן תעשיות מזון בע,IL,טופו משק צוריאל,,340.00,100 גרם,false,1,13.00,3.82,true,1,26973
7290003139859,false,פופקורן להכנה במיקרוגל מלח 300 גרם,ליימן שליסל,US,הוטפופ מלוח 300 גרם,,300.00,100 גרם,false,1,14.90,4.97,true,1,1978
7290003141159,false,יוגטה מרשמלו ממתק מוקצף בטעמי תות שדה ווניל 180 גרם,יוגוטה,IL,יוגטה מרשמלו 180ג,,1.00,יחידה,false,1,9.90,9.90,true,1,26139
7290003143276,false,יוגטה מרשמלו ממתק מוקצף בטעם תות שדה 180 גרם,תות ממתקי איכות,IL,יוגטה מרשמלו מגולגל,,1.00,יחידה,false,1,9.90,9.90,true,1,26140
7290003144310,false,תערובת אגוזים וחמוציות קליית גת 150 גרם,ליימן מותגים,IL,תערובת אגוזים 150גר,,150.00,100 גרם,false,1,22.90,15.27,true,1,20460
7290003145508,false,מארז ליצן פורים ליימן שליסל,Unknown,,מ.סביבון לחנוכה 2022,,0.00,,false,1,16.90,0.00,false,1,27228
7290003145560,false,ק.גת שקדים קלויים100,ליימן שליסל,IL,ק.גת שקדים קלויים100,,100.00,100 גרם,false,1,12.90,12.90,true,1,16269
7290003145577,false,ק.גת קשיו קלויים 100,קוד יצרן JG,IL,ק.גת קשיו קלויים 100,,100.00,100 גרם,false,1,12.90,12.90,true,1,16267
7290003145584,false,ק.גת פיסטוק קלוי 100,קוד יצרן JG,IL,ק.גת פיסטוק קלוי 100,,100.00,100 גרם,false,1,12.90,12.90,true,1,16268
7290003145751,false,"קליית גת אגוזי קלויים, 200 גרם",הדקלאים אגודת שיתופי,IL,קשיו קלוי 200 גרם,,200.00,100 גרם,false,1,25.00,12.50,true,1,16251
7290003145768,false,בוטן אמריקאי קלית גת 50 גר,ששון ושות;#039& )ש.ת. תע,IL,בוטן אמריקאי 50 גרם,,50.00,100 גרם,false,1,3.00,6.00,true,1,9713
7290003145782,false,צנובר רכיבים טבעיים קליית גת 100 גרם,הדקלאים אגודת שיתופי,IL,צנובר טבעי 100 גר,,100.00,100 גרם,false,1,26.50,26.50,true,1,27132
7290003208890,false,"וודקה פינלנדיה 200 מ""ל",בראון פורמן,US,וודקה פינלנדיה 200מ,,200.00,"100 מ""ל",false,1,36.90,18.30,true,1,20643
7290003212385,false,עוגיות-אוזניות 350ג,Unknown,,עוגיות-אוזניות 350ג,,350.00,100 גרם,false,1,12.90,3.69,true,1,15810
7290003212392,false,מאפים מלוחים 350גר,Unknown,,מאפים מלוחים 350גר,,350.00,100 גרם,false,1,12.90,3.69,true,1,15809
7290003212408,false,רוגלך שמרים קינמון,Unknown,,רוגלך שמרים קינמון,,400.00,100 גרם,false,1,12.90,3.22,true,1,15808
7290003212415,false,רוגלך שמרים שוקולד,Unknown,,רוגלך שמרים שוקולד,,400.00,100 גרם,false,1,12.90,3.22,true,1,15807
7290003229109,false,פסטרמה הודו בפפריקה טירת צבי 400 גרם,הנסיך- מפעל לייצור ט,IL,ט.צבי פסטרמה פפרי400,,400.00,100 גרם,false,1,37.10,9.28,true,1,5859
7290003229116,false,פסטרמה הודו בדבש שומן טירת צבי 400 גרם,הנסיך- מפעל לייצור ט,IL,ט.צבי פסטרמה בדבש400,,400.00,100 גרם,false,1,35.90,8.98,true,1,1247
7290003229123,false,פסטרמה הודו על גחלים 2% טירת צבי 400 גרם,הנסיך- מפעל לייצור ט,IL,ט.צבי פסטרמ גחלים400,,400.00,100 גרם,false,1,35.90,8.98,true,1,1248
7290003229147,false,נקניק סלמי איטלקי מעושן טירת צבי 300 גרם,הנסיך- מפעל לייצור ט,IL,ט.צבי סלמי איטלקי300,,300.00,100 גרם,false,1,35.00,11.67,true,1,1250
7290003229154,false,נקניק סלמי קוניאק טירת צבי 300 גרם,הנסיך- מפעל לייצור ט,IL,ט.צבי קוניאק מובחר,,300.00,100 גרם,false,1,35.00,11.67,true,1,1251
7290003229192,false,נקניק כתף בקר מעושן 2% טירת צבי 400 גרם,טיב טירת צבי 2000,IL,ט.צבי כתף בקר,,400.00,100 גרם,false,1,42.00,10.50,true,1,7784
7290003321155,false,יוגורט בר עם פקאן מצופה שוקולד 183 ג' דנונה,"שטראוס בריאות בע""\מ",IL,דנונה בר פקאן 180 גר,,175.00,"100 מ""ל",false,1,6.50,3.71,true,1,1037
7290003332007,false,קפה שחור עם הל 250 גרם,סובחי נחלה ובניו,IL,נחלה אדום קפה הל 250,,250.00,100 גרם,false,1,17.90,7.16,true,1,18491
7290003402809,false,חטיף הרשי ריזס שוקולד לבן 39 גר,ליימן מותגים,US,ריזס לבן 39 גר,,39.00,100 גרם,false,1,5.50,14.10,true,1,21829
7290003423909,false,חטיף קוקיס אנד קרים לבן 43 גרם,ליימן מותגים,US,הרשיז לבן עוגיות,,43.00,100 גרם,false,1,7.00,16.28,true,1,9460
7290003427154,false,"שמן זית כתית מעולה טעם מעודן זיתא 750 מ""ל",זיתא תעשיות שמן זיתt\,IL,שמן זית כתית זיתא,,750.00,"100 מ""ל",false,1,36.90,4.92,true,1,12531
7290003434664,false,ביס בר דגנים מלאים עם קינואה וחמוציות בשוקולד מריר 120 גרם,תות ממתקי איכות,IL,ביס בר דגנים מלאים,,120.00,100 גרם,false,1,13.90,11.58,true,1,27297
7290003444009,false,הרשי ריזס חטיף במילוי בוטנים 42 גרם,ליימן מותגים,US,ריזס חמאת בוטנים,,42.00,100 גרם,false,1,5.50,13.10,true,1,9543
7290003457861,false,סולרו קלאסיק חלבי - פירות טרופיים,"מיוצר ע""\י גלידת שטראוס",IL,סולרו פירות טרופיים,,85.00,100 גרם,false,1,12.90,15.18,true,1,759
7290003457991,false,טילון קורנטו וניל עם וופל ואגוזי לוז מסוכרים,"גלידת שטראוס בע""\מ, רחוב",IL,קורנטו קלאסיק -6 יח,,378.00,100 גרם,false,1,36.00,9.52,true,1,8941
7290003643004,false,"סוגת אורז בסמטי קלאסי 1 ק""ג",האי נאם סי או אל.טי.,IL,אורז הודי בסמטי 1קג,,1.00,"1 ק""ג",false,1,17.00,17.00,true,1,5519
7290003643158,false,קורנפולר שקית 200 ג' סוגת,המאפיה של הרמן,IL,סוגת קורנפלור 200ג,,200.00,100 גרם,false,1,4.50,2.25,true,1,22057
7290003643325,false,קוסקוס בינוני סוגת 350 גרם,"אסיף תעשיות מזון בע""\מ",IL,קוסקוס סוגת בינוני,,350.00,100 גרם,false,1,6.00,1.71,true,1,25210
7290003643387,false,"סוכר לבן בצנצנת 1 ק""ג סוגת",האי נאם סי או אל.טי.,IL,סוכר לבן צנצנת 1 קג,,1.00,"1 ק""ג",false,1,9.90,9.90,true,1,4330
7290003643646,false,"סוכר דמררה קלאסי בצנצנת סוגת 1 ק""ג",האי נאם סי או אל.טי.,IL,סוכר דמררה 1 קג,,1.00,"1 ק""ג",false,1,13.90,13.90,true,1,4331
7290003643776,false,"פופקורן גרעינים סוגת 500 ג' כשל""פ",האי נאם סי או אל.טי.,IL,פופקורן 500 גר,,500.00,100 גרם,false,1,8.00,1.60,true,1,22052
7290003643820,false,חומוס ענק יבש סוגת 500 גרם,"סוגת תעשיות בע""\מ",IL,סוגת חומוס ענק,,500.00,100 גרם,false,1,12.00,2.40,true,1,25211
7290003650248,false,פז 2TS מיקס 1ל 17,Unknown,,פז 2TS מיקס 1ל 17,,1.00,1 ליטר,false,1,80.30,80.30,true,1,19
7290003650385,false,פזלון דלתון 4 ל,Unknown,,פזלון דלתון 4 ל,,0.00,,false,1,20.00,0.00,false,1,11771
7290003651078,false,פזכולנט 6 1 ל 17יח,Unknown,,פזכולנט 6 1 ל 17יח,,1.00,1 ליטר,false,1,36.70,36.70,true,1,9667
7290003652129,false,טורבו פז 4ליטר,Unknown,,טורבו פז 4ליטר,,4.00,1 ליטר,false,1,180.50,45.12,true,1,23090
7290003653287,false,נוזל בלמים 0.250ל,Unknown,,נוזל בלמים 0.250ל,,250.00,"100 מ""ל",false,1,39.70,15.88,true,1,27
7290003653409,false,טורבו פז 1ליטר 17יח,Unknown,,טורבו פז 1ליטר 17יח,,1.00,1 ליטר,false,1,69.40,69.40,true,1,11980
7290003655267,false,פזכולנט 6 2 ל 10יח,Unknown,,פזכולנט 6 2 ל 10יח,,2.00,1 ליטר,false,1,67.40,33.70,true,1,29
7290003655281,false,פרו לוב 0.5 ל פח,Unknown,,פרו לוב 0.5 ל פח,,0.00,,false,1,80.30,0.00,true,1,2283
7290003655403,false,פז פאואר סינט 1ל,Unknown,,פז פאואר סינט 1ל,,1.00,1 ליטר,false,1,80.30,80.30,true,1,8283
7290003656219,false,תוסף דיזל פז D-77 30,Unknown,,תוסף דיזל פז D-77 30,,500.00,"100 מ""ל",false,1,59.70,11.94,true,1,23089
7290003656646,false,פז זז ספריי 12יח,Unknown,,פז זז ספריי 12יח,,400.00,"100 מ""ל",false,1,29.00,7.25,true,1,23120
7290003656738,false,סקאיפז ספרי 12יח,Unknown,,סקאיפז ספרי 12יח,,400.00,"100 מ""ל",false,1,29.00,7.25,true,1,9417
7290003657094,false,טופ טק 10W-40ל 17,Unknown,,טופ טק 10W-40ל 17,,1.00,1 ליטר,false,1,56.50,56.50,true,1,8357
7290003657667,false,אוטוגיר 3 0.5 פח,Unknown,,אוטוגיר 3 0.5 פח,,500.00,"100 מ""ל",false,1,39.70,7.94,true,1,8319
7290003657674,false,פז אפ 600 0.5ל,Unknown,,פז אפ 600 0.5ל,,600.00,"100 מ""ל",false,1,98.20,16.37,true,1,8329
7290003658718,false,אוראה 10 ליטר חדש,Unknown,,אוראה 10 ליטר חדש,,10.00,1 ליטר,false,1,65.00,6.50,true,1,15896
7290003659210,false,פז אנרגי 5W-30ל 17,Unknown,,פז אנרגי 5W-30ל 17,,1.00,1 ליטר,false,1,80.30,80.30,true,1,11203
7290003659272,false,פז סופר TT ליטר,Unknown,,פז סופר TT ליטר,,1.00,1 ליטר,false,1,59.50,59.50,true,1,11646
7290003659289,false,טופ טק 40 1 ל (דיזל),Unknown,,טופ טק 40 1 ל (דיזל),,0.00,,false,1,59.50,0.00,true,1,11647
7290003659319,false,פז אקסטרים 20W-50ל,Unknown,,פז אקסטרים 20W-50ל,,1.00,1 ליטר,false,1,40.70,40.70,true,1,11644
7290003659418,false,פז לונג לייף 1ל 17י,Unknown,,פז לונג לייף 1ל 17י,,1.00,1 ליטר,false,1,39.70,39.70,true,1,11777
7290003703173,false,בונז'ור לחמנית כריך ג'בטה 150ג',בונז'ור,,בונזור כריך גבטה,,150.00,100 גרם,false,1,5.50,3.67,true,1,26554
7290003805501,false,"פתית שוודי חסכוני בד""צ 300 גרם",יוניליוור ישראל מזון בע\,IL,פתית שוודי 300גר,,300.00,100 גרם,false,1,21.00,7.00,true,1,6316
7290003806591,false,"דאב - דאודורנט ספריי לאישה מלפפונים 150 מ""ל",ארנסט. רחוב קומבינצק,RU,דאב ספריי מלפפונים,,150.00,"100 מ""ל",false,1,19.90,13.27,false,1,23048
7290003807178,false,"רוטב קנור סויה בסגנון סיני 300 מ""ל",יוניליוור ישראל מזון בע\,IL,רוטב סויה,,300.00,"100 מ""ל",false,1,15.00,5.00,true,1,26884
7290003903955,false,שוקולד קרם חלב 100 גרם,STRAUSS-ISRAEL,IL,פרה שוק. מילוי ק.חלב,,100.00,100 גרם,false,1,9.90,9.90,false,1,460
7290004011338,false,"ספריי קצפת מתוקה מוכנה ריץ' 250 מ""ל",האי נאם סי או אל.טי.,IT,ריץ קצפת מיכל 250מ,,250.00,"100 מ""ל",false,1,13.00,5.20,true,1,15511
7290004014407,false,עדשי מ&מ'ס חמאת בוטנים46,מרס נדרלנד,US,אמ אנד אמס חמאת בוטנ,,49.21,100 גרם,false,1,6.50,13.21,true,1,17654
7290004063115,false,"מלח מטבח עבה להמלחת בשר ובישול 1 ק""ג",האי נאם סי או אל.טי.,IL,מלח גס סלעית 1 קג,,1.00,"1 ק""ג",false,1,2.07,2.07,false,1,17833
7290004078942,false,ליידי ספיד סטיק - דאודורנט ג'ל לאישה 65 גרם,קולגייט-פלמוליב,US,ליידי ספיד דאו-מרענן,,65.00,100 גרם,false,1,27.90,42.92,true,1,18371
7290004119225,false,יופלה יוגורט אננס %3 גביע 150 גרם,תנובה מרכז שיתופי לש,IL,יופלה אננס 3% 150מל,,150.00,"100 מ""ל",false,1,5.70,3.80,true,1,4029
7290004119973,false,קרלו מעדן שוקו רביעיה גביע 1.5% 125 גרם,תנובה מרכז שיתופי לש,IL,קרלו שוקו,,125.00,"100 מ""ל",false,1,4.20,3.36,true,1,7977
7290004120061,false,מעדן חלב בטעם שוקו וניל שוניל 2% קרלו 125 גרם,תנובה מרכז שיתופי לש,IL,קרלו שוניל,,125.00,"100 מ""ל",false,1,4.10,3.28,true,1,1041
7290004120566,false,פיראוס 24% גבינה בולגרית 250 גרם,תנובה חלב,IL,בולגרית פיראוס,,250.00,100 גרם,false,1,26.90,10.76,true,1,26865
7290004120573,false,פיראוס 16% גבינה בולגרית 250 גרם,תנובה מרכז שיתופי לש,IL,פיראוס בולגרית בקר,,250.00,100 גרם,false,1,26.90,10.76,true,1,4034
7290004120634,false,גבינה פיראוס בולגרית 5% 250 גרם,תנובה מרכז שיתופי לש,IL,פיראוס בולגרית %5,,250.00,100 גרם,false,1,26.90,10.76,true,1,1008
7290004120832,false,"חלב 2 ליטר 3% כד ""תנובה""- מוצר בפיקוח",תנובה מרכז שיתופי לש,IL,חלב 3% שומן כד 2ל,,2.00,1 ליטר,false,1,12.46,6.23,false,1,26480
7290004121488,false,יופלה דיאט אפרסק 0% גביע 150 גרם,תנובה מרכז שיתופי לש,IL,יופלה דיאט אפרסק,,150.00,"100 מ""ל",false,1,5.70,3.80,true,1,6452
7290004121853,false,גבינה בולגרית פיראוס 5% קוביות 200 גרם,תנובה מרכז שיתופי לש,IL,בולגרית פיראוס 5%,,200.00,100 גרם,false,1,23.90,11.95,false,1,4791
7290004122119,false,פתיתי פרמזן לפסטה 23% השף הלבן 100 גרם,פ.פ.ח. שאביט,IL,פתיתי פרמזן 100 גר,,100.00,100 גרם,false,1,14.90,14.90,true,1,26864
7290004122195,false,גוש חלב גבינה צהובה פרוסה 28% תנובה 200 גרם,תנובה חלב,IL,גוש חלב-חציקשה מהדרי,,200.00,100 גרם,false,1,15.40,7.70,true,1,6568
7290004122270,false,עמק קלאסית פרוסות גבינה חצי קשה 28% 200 גרם,תנובה מרכז שיתופי לש,IL,עמק פרוס בקופסא %28,,200.00,100 גרם,false,1,18.80,9.40,true,1,1009
7290004122348,false,גבינת עמק לייט פרוס בקופסא 200 גרם,תנובה מרכז שיתופי לש,IL,עמק לייט פרוס %200 9,,200.00,100 גרם,false,1,18.90,9.45,true,1,4037
7290004124205,false,יופלה דיאט יוגורט תות %0 גביע 150 גרם,תנובה מרכז שיתופי לש,IL,יופלה דיאט תות 150מל,,150.00,"100 מ""ל",false,1,5.70,3.80,true,1,4040
7290004124847,false,"קצפת צמחית השף הלבן 500 מ""ל תנובה",תנובה מרכז שיתופי לש,IL,שף לבן קצפת צמחית,,500.00,"100 מ""ל",false,1,18.90,3.78,true,1,6261
7290004125370,false,"שמנת חמוצה 9% מופחתת שומן תנובה 200 מ""ל מהדרין",תנובה מרכז שיתופי לש,IL,שמנת תנובה 9%,,200.00,"100 מ""ל",false,1,4.30,2.15,true,1,22516
7290004125400,false,"אשל שלי מהדרין 200 מ""ל 4.5% ""תנובה""- מוצר בפיקוח",פארייפאבה אגרואינדוס,IL,שלי אשל %200 4.5 מל,,200.00,"100 מ""ל",false,1,1.69,0.84,false,1,4478
7290004125417,false,"גיל 3% שלי 200 מ""ל ""תנובה"" -מוצר בפיקוח",תנובה מרכז שיתופי לש,IL,שלי גיל 3% מהדרין,,200.00,"100 מ""ל",false,1,1.51,0.76,false,1,1043
7290004125455,false,"שמנת חמוצה 200 מ""ל 15% ""תנובה"" -מוצר בפיקוח",תנובה מרכז שיתופי לש,IL,שמנת חמוצה %15 בדצ,,200.00,"100 מ""ל",false,1,2.40,1.20,false,1,4362
7290004125509,false,"שמנת חמוצה 15% מועשרת תנובה 100 מ""ל",תנובה מרכז שיתופי לש,IL,תנובה שמנת חמוצה 100,,100.00,"100 מ""ל",false,1,1.70,1.70,true,1,18906
7290004125578,false,משקה סויה מעושר בסידן תנובה 1ל',תנובה מרכז שיתופי לש,IL,אלטרנטיב סויה 1 ל,,1.00,1 ליטר,false,1,12.40,12.40,true,1,4043
7290004125585,false,משקה סויה בטעם וניל תנובה 1 ליטר,תנובה מרכז שיתופי לש,IL,אלטרנטיב סויה וניל 1,,1.00,1 ליטר,false,1,12.40,12.40,true,1,4044
7290004125721,false,"השף הלבן שמנת עמידה לבישול 15% תנובה 250 מ""ל",תנובה מרכז שיתופי לש,IL,השף הלבן שמנת לבישול,,250.00,"100 מ""ל",false,1,8.90,3.56,true,1,4045
7290004125738,false,שמנת מתוקה להקצפה32% 250מל עמיד השף הלבן,תנובה מרכז שיתופי לש,IL,שמנת עמידה להקצפה,,250.00,"100 מ""ל",false,1,6.90,2.76,true,1,4363
7290004125776,false,גבינה צהובה עמק 28% 400 גרם בקופסא,תנובה חלב,IL,עמק פרוס בקופסה 400,,400.00,100 גרם,false,1,31.80,7.95,true,1,6268
7290004126674,false,טל העמק פרוסות גבינה חצי קשה לייט %9 200 גרם בקופסא,תנובה מרכז שיתופי לש,IL,טל העמק לייט,,200.00,100 גרם,false,1,20.90,10.45,true,1,7775
7290004126759,false,יוגורט דיאט יופלה פירות יער 150 גרם,תנובה חלב,IL,יופלה דיאט פירות 150,,150.00,"100 מ""ל",false,1,5.70,3.80,true,1,4049
7290004126872,false,משקאות חלב תנובה שוקו בקבוק 250מל,תנובה חלב,IL,שוק שוקו 250 מל,,250.00,"100 מ""ל",false,1,6.90,2.76,true,1,6464
7290004127077,false,קוטג תנובה 3% גביע 250 גרם מהדרין,מיוצר עי קונדיטוריית,IL,תנובה קוטג 3%,,250.00,100 גרם,false,1,6.00,2.40,true,1,4364
7290004127329,false,קוטג תנובה גביע 250 גרם %5 ו.מהדרין,מיוצר עי קונדיטוריית,IL,תנובה קוטג 5% 250גר,,250.00,100 גרם,false,1,6.00,2.40,true,1,1010
7290004127336,false,קוטג תנובה גביע 250 גרם %9 ו.מהדרין,מיוצר עי קונדיטוריית,IL,תנובה קוטג 9% בדצ,,250.00,100 גרם,false,1,6.00,2.40,true,1,1011
7290004127800,false,"גבינה לבנה 500 גרם 5% ""תנובה"" -מוצר בפיקוח",מיוצר עי קונדיטוריית,IL,תנובה גבינה לבנה 5%,,500.00,100 גרם,false,1,9.96,1.99,false,1,10124
7290004127817,false,גבינה לבנה 9% שומן 500 ג' תנובה,מיוצר עי קונדיטוריית,IL,תנובה גבינה לבנה 9%,,500.00,100 גרם,false,1,10.50,2.10,false,1,10125
7290004128333,false,לאבנה על בסיס יוגורט %9 שומן 500 ג' פיראוס,תנובה חלב,IL,פיראוס לבנה 9%,,500.00,100 גרם,false,1,22.90,4.58,true,1,26703
7290004129101,false,גבינת שמנת 25% בטעם טבעי 225 ג' נפוליאון,תנובה מרכז שיתופי לש,IL,נפוליאון טבעי %30,,225.00,100 גרם,false,1,15.90,7.07,true,1,1013
7290004129118,false,גבינת שמנת 24% עם זיתים ירוקים 225 ג' נפוליאון,תנובה מרכז שיתופי לש,IL,נפוליאון זיתים %30,,225.00,100 גרם,false,1,15.90,7.07,true,1,1014
7290004129156,false,גבינת שמנת25% עם שום שמיר 225 ג' נפוליאון,תנובה מרכז שיתופי לש,IL,נפוליאון שוםשמיר 250,,225.00,100 גרם,false,1,15.90,7.07,true,1,1015
7290004129545,false,גבינה לבנה 3% 250 גרם ועדת מהדרין,מחלבת אלון תבור,IL,תנובה גבינה לבנה 3%,,250.00,100 גרם,false,1,5.30,2.12,false,1,12176
7290004129736,false,יוגורט במתיקות מעודנת 1.5% שומן 200 ג' יופלה,תנובה מרכז שיתופי לש,IL,יופלה לבן מעודן %1.5,,200.00,"100 מ""ל",false,1,4.90,2.45,true,1,4054
7290004130794,false,משקה סויה במתיקות מופחתת תנובה 1 ליטר,תנובה מרכז שיתופי לש,IL,אלטרנטיב מ.מופחתת 1,,1.00,1 ליטר,false,1,12.40,12.40,true,1,4055
7290004130916,false,יוגורט יופלה פירות יער בשמנת 3% 150 גרם,תנובה מרכז שיתופי לש,IL,יופלה פירות יער בשמנ,,150.00,"100 מ""ל",false,1,5.70,3.80,true,1,6168
7290004131074,false,"חלב 1 ליטר 3% קרטון ""תנובה""- מוצר בפיקוח",תנובה מרכז שיתופי לש,IL,תנובה חלב3% קרט מהדר,,1.00,1 ליטר,false,1,6.23,6.23,false,1,4367
7290004131081,false,חלב תנובה 3% שקית 1 ליטר מהדרין,Unknown,IL,תנובה חלב שקית 3%,,1.00,1 ליטר,false,1,5.43,5.43,false,1,5344
7290004131432,false,יוגורט יופלה לבן ביו 3% 200 גרם,מיוצר עי קונדיטוריית,IL,יופלה לבן 3% 200 גר,,200.00,"100 מ""ל",false,1,4.60,2.30,true,1,4483
7290004131456,false,יוגורט ביו 1.5% שומן 200 ג' יופלה,מיוצר עי קונדיטוריית,IL,יופלה לבן 1.5% 200גר,,200.00,"100 מ""ל",false,1,4.60,2.30,true,1,4484
7290004131814,false,גבינה צפתית 5% מעודנת 200 ג' פיראוס,פארייפאבה אגרואינדוס,IL,פיראוס צפתית 5%,,200.00,100 גרם,false,1,17.90,8.95,true,1,24566
7290004132231,false,"חלב מיוחד לקפה 3% תנובה קרטון 800 מ""ל","תנובה, מחלבת רחובות",IL,תנובה חלב לקפה 0.8 ל,,800.00,"100 מ""ל",false,1,7.90,0.99,true,1,4488
7290004132552,false,משקה סויה בטעם טבעי לייט תנובה 1 ליטר,תנובה מרכז שיתופי לש,IL,אלטרנטיב סויה לייט,,1.00,1 ליטר,false,1,12.40,12.40,true,1,26258
7290004132712,false,חטיף אצבעות גבינת מוצרלה 20% 172 ג' עמק,תנובה מרכז שיתופי לש,IL,אצבעות עמק,,174.00,100 גרם,false,1,18.90,10.86,true,1,26938
7290004132903,false,גבינה לבנה 3% מהדרין תנובה 250 גרם,תנובה מרכז שיתופי לש,IL,גבינה לבנה 3% 250ג,,250.00,100 גרם,false,1,5.30,2.12,false,1,25945
7290004133627,false,משקה חלב בטעם וניל בתוספת ויטמין A+D 3% ליטר,תנובה מרכז שיתופי לש,IL,תנובה חלב על הבוקר3%,,1.00,1 ליטר,false,1,9.50,9.50,true,1,4613
7290004133900,false,קצפת צמחית השף הלבן250מל,סוי מג'יק,IL,השף הלבן קצפת צימחית,,250.00,"100 מ""ל",false,1,11.70,4.68,true,1,6260
7290004135614,false,גבינה בולגרית מעודנת 5% פיראוס 250 גרם,תנובה חלב,IL,פיראוס בולג.מעודן5%,,250.00,100 גרם,false,1,26.90,10.76,true,1,10129
7290004136154,false,"משקה חלב אייס קפה תנובה בבקבוק 340 מ""ל",גוד פוד פרודקטס S.p,IL,תנובה משקה אייס קפה,,340.00,"100 מ""ל",false,1,8.90,2.62,true,1,8916
7290004136598,false,מארז הפסקת אוכל עם קורנפלקס ומשקה חלב עמיד בטעם וניל,פארייפאבה אגרואינדוס,IL,הפסקת אוכל קורנפלק,,150.00,"100 מ""ל",false,1,10.50,7.00,true,1,8167
7290004136857,false,מעדן גלי פטל תנובה 125 גרם,תנובה מרכז שיתופי לש,IL,גלי פטל 0%,,125.00,"100 מ""ל",false,1,3.20,2.56,true,1,10068
7290004136871,false,מעדן ג'לי בטעם אפרסק עם חתיכות תנובה 125 גרם,תנובה מרכז שיתופי לש,IL,גלי אפרסק עם חתיכות,,125.00,"100 מ""ל",false,1,3.20,2.56,true,1,10067
7290004137021,false,"שמנת עמידה לבישול מופחת שומן 10% השף הלבן 250 מ""ל",תנובה מרכז שיתופי לש,IL,השף הלבן ש.לבישול10%,,250.00,"100 מ""ל",false,1,8.90,3.56,true,1,9465
7290004137809,false,פיראוס לאבנה 5% גביע 250 גרם,"תנובה, מחלבת אלון תב",IL,פיראוס לאבנה 5% 250,,250.00,100 גרם,false,1,16.40,6.56,true,1,12307
7290004255213,false,פחם 2 קג מנורה,Unknown,,פחם 2 קג מנורה,,2.00,"1 ק""ג",false,1,21.90,10.95,false,1,26028
7290004554293,false,קרחון אסקימו שטראוס ענבים,שטראוס,IL,קרחון אסקימו ענבים,,84.00,100 גרם,false,1,4.00,4.76,true,1,718
7290004554330,false,שלגון אסקימו דובדבן שטראוס 75 גרם,"מיוצר ע""\י גלידת שטראוס",IL,קרחון אסקימו דובדובן,,84.00,100 גרם,false,1,4.00,4.76,true,1,719
7290004554781,false,קרחון אסקימו שטראוס לימון,שטראוס גלידות,IL,קרחון אסקימו לימון,,84.00,100 גרם,false,1,4.00,4.76,true,1,720
7290004554798,false,"שלגון מטרה פטל,לימון וענבים","מיוצר ע"" גלידת שטראו",IL,מטרה שלגון,,90.00,100 גרם,false,1,7.90,8.78,true,1,3164
7290004584351,false,גבינה לבנה סימפוניה עם תוספות 200 ג' חמישית 200,"שטראוס בריאות בע""\מ",IL,סימפוניה טיבעי 200גר,,200.00,100 גרם,false,1,12.50,6.25,true,1,1018
7290004584528,false,יוגורט דנונה ביו לבן 1.7% שומן 200 גרם,מיוצר עי קונדיטוריית,IL,דנונה ביו 1.5% 200גר,,200.00,"100 מ""ל",false,1,4.20,2.10,true,1,1050
7290004585907,false,דני ועדן וניל 1.5% 125ג' שטראוס,מיוצר עי קונדיטוריית,IL,דני וניל 130 גר,,130.00,"100 מ""ל",false,1,3.40,2.62,true,1,1051
7290004658946,false,יין שרדונה פרייבט קולקשן יקבי כרמל,"כד בני דרום בע""מ",IL,שרדונה לבן יבש,,750.00,"100 מ""ל",false,1,50.00,6.63,true,1,26349
7290004685157,false,לחם שיפון 100% 750 גרם לחם הארץ,מאפית י את א ברמן בע,IL,ברמן לחם הארץ שיפון,,750.00,100 גרם,false,1,19.00,2.53,true,1,12445
7290004685430,false,לחם הארץ כוסמין 100% 500 גרם,מאפית י את א ברמן בע,IL,לחם הארץ,,600.00,100 גרם,false,1,20.00,3.33,true,1,26733
7290004685447,false,לחמניות כוסמין 6 בשקית 450 גרם,מאפית ברמן מקבוצת י. את,IL,לחמניות כוסמין 6 יח,,450.00,100 גרם,false,1,17.00,3.78,true,1,27139
7290004872021,false,קרחון רמזור כלפ 48*80גר,גלידות נסטלה )נגה גלידות,IL,קרחון רמזור,,80.00,100 גרם,false,1,4.00,5.00,true,1,721
7290004872069,false,קרחון לימון כלפ.48*80גרם,גלידות נסטלה )נגה גלידות,IL,קרחון לימון,,80.00,100 גרם,false,1,4.00,5.00,true,1,722
7290004872229,false,"שלגון שוקולד כלפ. 48*67גרם חת""ס",תות תעשיות מזון (201,IL,שלגון שוקולד מצופה,,79.20,100 גרם,false,1,7.90,9.97,true,1,769
7290004872243,false,שלגון בננה מצופה נסטלה 57ג',תות תעשיות מזון (201,IL,שלגון בננה מצופה,,69.00,100 גרם,false,1,7.90,11.45,true,1,771
7290004872250,false,שלגון שרבט אבטיח נסטלה 108 גרם,גלידות נסטלה )נגה גלידות,IL,קרחון אבטיח קיץ,,108.00,100 גרם,false,1,8.90,8.24,true,1,723
7290004872359,false,קרחון דובדבן נסטלה 80 גרם,גלידות נסטלה )נגה גלידות,IL,קרחון דובדבן סוכריות,,80.00,100 גרם,false,1,4.00,5.00,true,1,2428
7290004872731,false,טילון אקסטרים וניל 70ג',גלידות נסטלה,IL,אקסטרים וניל טילון,,72.00,100 גרם,false,1,10.90,15.14,true,1,742
7290004872786,false,טילון פקאן ענק אקסטרים נסטלה 115 גרם,גלידות נסטלה,IL,אקסטרים פקאן ענק,,113.00,100 גרם,false,1,12.90,11.42,true,1,744
7290004914219,false,בקבוק ריח עם מקלות עץ,סאנרייז,,מפיץ ריח מקלות לרכב,,0.00,,false,1,12.00,0.00,true,1,9649
7290004914738,false,סאן קאר מפיץ ריח,Unknown,,סאן קאר,,1.00,יחידה,false,1,5.00,5.00,false,1,25656
7290004943035,false,ציפס משפחתי קפוא 800,Unknown,,ציפס 800 גרם מילוטל,,800.00,100 גרם,false,1,14.50,1.81,true,1,27246
7290005008481,false,ספיד סטיק - דאודורנט ג'ל לגבר ספורט 85 גרם,הנסיך- מפעל לייצור ט,US,ספיד סטיק גל ספורט,,85.00,100 גרם,false,1,27.90,32.82,true,1,23045
7290005020162,false,וויסקי סקוטי בלנטייס פיינסט 700 מל,פרנו,LK,ו.בלנטיינס פיינסט,,700.00,"100 מ""ל",false,1,115.00,16.39,true,1,24204
7290005124686,false,בליסטקס שפתון-תות,מדיליין פריגו,IL,בליסטיקס תות,,4.25,100 גרם,false,1,11.00,258.82,true,1,1892
7290005174551,false,סלט חומוס עם צנוברים 125 ג' אחלה,מיוצר עי קונדיטוריית,IL,אחלה חומוס 125 גר,,125.00,100 גרם,false,1,5.50,4.40,true,1,1236
7290005174575,false,טחינה אחלה יום יום משובחת 125ג',מיוצר עי קונדיטוריית,IL,אחלה טחינה 125 גר,,125.00,100 גרם,false,1,5.50,4.40,true,1,1238
7290005199288,false,מסטיק MUST בטעם פטל לימון ללא סוכר 28 גרם,"שטראוס גרופ בע""מ",IL,מאסט פטל לימון 28גר,,28.00,100 גרם,false,1,6.50,23.21,true,1,3787
7290005199622,false,עד חצות ביסקוויט פרי,STRAUSS-ISRAEL,IL,עד חצות ביסקויט מרי,,200.00,100 גרם,false,1,18.90,9.45,true,1,2044
7290005199738,false,גומי מאסט בטעם פפרמינט ריח פה נעים פליפטופ 28 ג' עלית,"שטראוס גרופ בע""מ",IL,מאסט LL ריח פה 28ג,,28.00,100 גרם,false,1,6.50,23.21,true,1,701
7290005200786,false,תפוצ'יפס בטעם שמנת בצל עלית 50 גרם,"שטראוס פריטו ליי בע""\מ )",IL,תפוציפס שמנת 50גר,,50.00,100 גרם,false,1,5.90,11.80,true,1,623
7290005201882,false,קפה טורקי בצלופן עלית 200 גרם,הנסיך- מפעל לייצור ט,IL,עלית קפה טורקי 200גר,,200.00,100 גרם,false,1,19.50,9.75,true,1,12172
7290005427107,false,סנו - סושי מגבות נייר הפלא 6 יחידות,מיוצר עי קונדיטוריית,IL,סושי 6 מגבות,,6.00,יחידה,false,1,14.00,2.33,true,1,26298
7290005431159,false,תותים בקצפת לייט עדן קינוחים 80 גרם,עדן קינוחים,IL,תותים בקצפת לייט,,80.00,100 גרם,false,1,8.50,10.62,false,1,26279
7290005431883,false,מלבי חלבי עדן קינוחים 165 גרם,עדן קינוחים Eden,IL,מלבי עדן,,165.00,100 גרם,false,1,8.50,5.15,true,1,26277
7290005559907,false,פיצה משפחתית 100% גבינה מעדנות 500 גרם,מיוצר עי קונדיטוריית,IL,מעדנות פיצה משפחתית,,500.00,100 גרם,false,1,29.90,5.98,true,1,5871
7290005559914,false,פיצה משפחתית עם 100% גבינה בתוספת זיתים מעדנות 550 גרם,מיוצר עי קונדיטוריית,IL,מעדנות פיצה משפ.זיתי,,550.00,100 גרם,false,1,29.90,5.44,true,1,5882
7290005559990,false,בצק פילאס תורכי מעדנות 600 גרם,מיוצר עי קונדיטוריית,IL,בצק פילאס תורכי 600,,600.00,100 גרם,false,1,26.90,4.48,true,1,27241
7290005569029,false,שום קלוף ישראלי 170 גרם,יגור חקלאות ועסקים,IL,שום קלוף 120,,170.00,100 גרם,false,1,11.90,7.00,false,1,22293
7290005591761,false,דבש טהור מפרחי בר בלחיץ 400 ג' יד מרדכי,מכוורת יד מרדכי שטראוס ב,IL,דבש טהור לחיץ 400,,400.00,"100 מ""ל",false,1,31.20,7.80,true,1,21009
7290005605895,false,פאנטה אקזוטיק 0.5 חייב פקדון,החברה מרכזית לייצור,IL,פאנטה אקזוטיק 500,,500.00,"100 מ""ל",false,1,9.90,1.92,true,1,243
7290005680052,false,טמפונים סופר פלוס אובה 32 יחידות,גונסון אנד גונסון,GR,או בה סופר פלוס,,32.00,יחידה,false,1,36.50,1.14,true,1,27291
7290005803628,false,קרחון מלון - צבע מאכל טבעי,גלידות נסטלה )נגה גלידות,IL,קרחון מלון,,80.00,100 גרם,false,1,4.00,5.00,true,1,726
7290005838002,false,מעדן גבינה ויוגורט בטעם וניל 88 ג' דניאלה,"שטראוס בריאות בע""מ",IL,דניאלה וניל 100 גר,,150.00,"100 מ""ל",false,1,4.50,3.00,true,1,3770
7290005839108,false,גבינה לבנה סימפוניה עם תוספות 200 ג'+זיתים 5%,"שטראוס בריאות בע""\מ",IL,סימפוניה עם זיתים 5%,,200.00,100 גרם,false,1,12.50,6.25,true,1,1025
7290005839313,false,"מילקי טופ מגולגלת שטראוס 170 מ""ל",מיוצר עי קונדיטוריית,IL,מילקי טופ מגולגלת,,130.00,"100 מ""ל",false,1,5.50,4.23,true,1,1053
7290005854040,false,שלגון אסקימו משמש שטראוס 75 גרם,שטראוס,IL,קרחון אסקימו משמש,,75.00,100 גרם,false,1,4.00,5.33,true,1,11548
7290005854569,false,שלגון בננה מצופה שוקולד,גלידות שטראוס,,מצופה שוקו בננה,,70.00,100 גרם,false,1,7.90,11.29,true,1,776
7290005854606,false,קרחון אסקימו שטראוס אננס,שטראוס,IL,שלגון אסקימו אננס,,84.00,100 גרם,false,1,4.00,4.76,true,1,727
7290005854613,false,שלגון אסקימו תותי פרוט 75 גר',שטראוס,IL,קרחון תותי פרוטי,,84.00,100 גרם,false,1,4.00,4.76,true,1,728
7290005966033,false,"יין לבן הר חרמון 750 מ""ל",יקבי רמת הגולן קצרין,IL,ירדן הר חרמון לבן,,750.00,"100 מ""ל",false,1,44.90,5.95,true,1,3950
7290005966088,false,"יין הר חרמון אדום עברית 750 מ""ל",יקבי רמת הגולן קצרין,IL,ירדן חרמון אדום 750,,750.00,"100 מ""ל",false,1,44.90,5.95,true,1,3997
7290006199010,false,שלגון גלידל ג.תות,Unknown,,שלגון גלידל ג.תות,,77.00,100 גרם,false,1,9.90,12.86,true,1,26514
7290006199188,false,שלגון גלידל א.מוקה,Unknown,,שלגון גלידל א.מוקה,,52.00,100 גרם,false,1,9.90,19.04,true,1,26515
7290006210661,false,בונז'ור באגט 330 גרם,בונז'ור,,בונזור-באגט (אפיה),,0.00,,false,1,6.50,0.00,true,1,7758
7290006210876,false,בונז'ור לחמנית אצבע יח',בונז'ור,,בונזור לחמנית אצבע,,0.00,,false,1,2.50,0.00,true,1,7862
7290006229588,false,בירה איגל לאגר פרימיום חזקה 6.3% 500 מל,"טמפו משקאות בע""מ",IL,איגל בירה זהב %6 3,,500.00,"100 מ""ל",false,1,8.90,1.72,true,1,26051
7290006251275,false,תה ירוק סיני קלאסי ויסוצקי 25 יחידות,תה ויסוצקי,IL,ויסוצקי תה ירוק סיני,,25.00,יחידה,false,1,21.90,0.88,true,1,27209
7290006271174,false,ג'חנון לאפיה בתנור מעדנות 700 גרם,מיוצר עי קונדיטוריית,IL,מעדנות גחנון בצק700,,700.00,100 גרם,false,1,21.90,3.13,true,1,5883
7290006271181,false,ג'חנון אפוי למיקרוגל מעדנות 750 גרם,מיוצר עי קונדיטוריית,IL,מעדנות גחנון אפוי750,,750.00,100 גרם,false,1,28.70,3.83,true,1,5879
7290006272072,false,חטיפי פיצה גבינה מעדנות 650 גרם,"מעדנות בע""\מ",IL,חטיפי פיצה מעדנות,,650.00,100 גרם,false,1,39.90,6.14,true,1,27242
7290006272430,false,בצק עלים חמאה מעדנות 600 גרם,מיוצר עי קונדיטוריית,IL,בצק עלים חמאה,,600.00,100 גרם,false,1,35.00,5.83,true,1,27126
7290006281210,false,טוסט קלאסי 200 גרם,עינת תעשיות,IL,בייגל טוסט קלאסי,,200.00,100 גרם,false,1,18.00,9.00,true,1,8508
7290006282903,false,עינת סלט ניסואז 315ג,עינת תעשיות מזון,,עינת סלט ניסואז 315ג,,315.00,100 גרם,false,1,22.00,6.98,true,1,16849
7290006282972,false,עינת סלט יווני חלבי,עינת תעשיות מזון,,עינת סלט יווני חלבי,,300.00,100 גרם,false,1,22.00,7.33,true,1,16850
7290006463609,false,רול שוקולד אישי ארוז,איתנס,IL,רול שוקולד-כשלפ,,120.00,100 גרם,false,1,10.00,8.33,true,1,16930
7290006463616,false,רול קינמון כשלפ ארו,"איתנס' עוגות בע""מ",IL,רול קינמון-כשלפ,,120.00,100 גרם,false,1,10.00,8.33,true,1,16932
7290006463623,false,פרוסת עוגת שיש כשלפ,"איתנס' עוגות בע""מ",,פרוסת עוגת שיש כשלפ,,80.00,100 גרם,false,1,10.00,12.50,true,1,16931
7290006644480,false,תפוזינה תפוזים 0.5 ליטר,יפאורה שותפות מובגלת לשיווק,IL,תפוזינה תפוז 0.5 ל,,500.00,"100 מ""ל",false,1,8.90,1.72,true,1,4414
7290006644510,false,"מיץ ענבים 500 מ""ל תפוזינה",יפאורה שותפות מובגלת לשיווק,IL,תפוזינה ענבים 0.5 ל,,500.00,"100 מ""ל",false,1,8.90,1.72,true,1,6034
7290006644527,false,תפוזינה תות בננה 0.5 ליטר,יפאורה שותפות מובגלת לשיווק,IL,תפוזינה תות בננה 0.5,,500.00,"100 מ""ל",false,1,8.90,1.72,true,1,4416
7290006651730,false,"ד""ר פישר - אלכוג'ל מגבונים לשמירת היגייניית הידיים 20 יח'","ד""ר פישר Dr fischer",IL,מגבונים להיגיינת היד,,100.00,"100 מ""ל",false,1,12.90,12.90,true,1,22548
7290006664655,false,"אקטימל לבן טבעי מארז 100X8 מ""ל",מיוצר עי קונדיטוריית,IL,אקטימל טבעי*8,,800.00,"100 מ""ל",false,1,26.00,3.25,true,1,5683
7290006681003,false,גלידה תות לימון סורבה 1.33 ל' קרמיסימו,"גלידת שטראוס בע""\מ, רחוב",IL,קרמיסימו תות לימון,,1.33,1 ליטר,false,1,25.00,18.80,true,1,8937
7290006681065,false,"קסטה שוקו וניל ""שטראוס""","מיוצר ע""\י גלידת שטראוס",IL,טעמקור XLוניל עם שוק,,75.00,100 גרם,false,1,10.00,13.33,true,1,2314
7290006681553,false,קרמבו בטעם וניל שטראוס 8 יחידות,"גלידת שטראוס בע""\מ",IL,קרמבו וניל 8 יח,,234.00,100 גרם,false,1,19.90,8.50,true,1,8457
7290006681560,false,קרמבו בטעם מוקה שטראוס 8 יחידות,"גלידת שטראוס בע""מ",IL,קרמבו מוקה 8 יח,,234.00,100 גרם,false,1,19.90,8.50,true,1,8458
7290006681843,false,גלידה לייט פרי 6 יחידות,"גלידת שטראוס בע""מ, ר",IL,לייט מיני פרי מאגדת,,900.00,"100 מ""ל",false,1,27.00,3.00,true,1,8948
7290006742278,false,פסטרמה הודו צלויה על לבנים 330 ג' זוגלובק,נקניק נהריה כשר זוגל,IL,זוגלובק פסט.על לבנים,,330.00,100 גרם,false,1,38.90,11.79,true,1,26980
7290006742292,false,פסטרמה הודו בדבש 330 ג' זוגלובק,נקניק נהריה כשר זוגל,IL,זוגלובק פסטרמה דבש,,330.00,100 גרם,false,1,38.90,11.79,true,1,26981
7290006748009,false,זר פרחים פרימיום,Unknown,,זר פרחים מהודר,,0.00,,false,1,98.10,0.00,true,1,16958
7290006748072,false,"זר פרחים צבעוני ""פרחי דיאן""",פרחי ליידי דיאן,IL,זר פרחים עונתי,,0.00,,false,1,35.00,0.00,true,1,8712
7290006748089,false,יין נחל קריניאן מוני,יקב מוני,IL,עציץ- צמחי תבלין,,0.00,,false,1,9.90,0.00,false,1,19757
7290006748096,false,"זר פרחים מפואר ""פרחי דיאן""",פרחי ליידי דיאן,IL,זר פרחים מיוחד,,0.00,,false,1,49.50,0.00,true,1,8795
7290006748119,false,זר פרחים גרברה יחידה,שונות,IL,זר גרברה,,0.00,,false,1,59.00,0.00,true,1,18492
7290006748133,false,"זר פרחים רגיל ""פרחי דיאן""",פרחי ליידי דיאן,IL,זר פרחים קטן,,0.00,,false,1,24.70,0.00,true,1,8714
7290006748157,false,יין סדרת סלע סוביניו,פרחי ליידי דיאן,IL,זר פרחים בינוני,,0.00,,false,1,30.00,0.00,true,1,8711
7290006748218,false,פרחים בקופסא,Unknown,,פרחים בקופסא,,0.00,,false,1,119.00,0.00,false,1,22338
7290006748225,false,זר פרחים 85 שח,Unknown,,זר מיוחד מס 9,,0.00,,false,1,85.00,0.00,false,1,22339
7290006748232,false,פרח בודד מס 12,Unknown,,פרח בודד מס 12,,0.00,,false,1,9.90,0.00,false,1,22340
7290006748249,false,זר מיוחד מס' 15,שונות,IL,זר מיוחד מס 15,,0.00,,false,1,75.00,0.00,false,1,22341
7290006748911,false,עציץ קטן יחידה,שונות,IL,עציץ קטן,,0.00,,false,1,12.00,0.00,false,1,21356
7290006748928,false,עציץ בינוני יחידה,שונות,IL,עציץ בינוני,,0.00,,false,1,27.00,0.00,false,1,21357
7290006748935,false,עציץ גדול יחידה,שונות,IL,עציץ גדול,,0.00,,false,1,44.00,0.00,false,1,21358
7290006748959,false,עציץ קטן 2 יחידה,שונות,IL,עציץ קטן 2,,0.00,,false,1,17.00,0.00,false,1,21360
7290006748966,false,עציץ בינוני 2 יחידה,שונות,IL,עציץ בינוני 2,,0.00,,false,1,22.00,0.00,false,1,21361
7290006748973,false,עציץ בינוני 3 יחידה,שונות,IL,עציץ בינוני 3,,0.00,,false,1,35.00,0.00,false,1,21362
7290006748980,false,עציץ גדול 2 יחידה,שונות,IL,עציץ גדול 2,,0.00,,false,1,69.00,0.00,false,1,21363
7290006764270,false,רביעיית סודה בטעמים - אשכולית אדומה 1.5 ליטר,טמפו משקאות בע''מn\,IL,סודה אשכולית 1.5*4,,6.00,1 ליטר,false,1,19.90,3.12,true,1,26801
7290006764478,false,"בירה נשר מאלט בקבוק זכוכית 330 מ""ל","טמפו משקאות בע""מ",IL,נשר מאלט 330 בקבוק,,330.00,"100 מ""ל",false,1,9.00,2.64,true,1,3919
7290006805850,false,פילסברי פנקייק תערובת להכנת חביתיות,הדקלאים אגודת שיתופי,IL,תערובת להכנת פנקייקס,,500.00,100 גרם,false,1,19.90,3.98,true,1,27210
7290006983176,false,אוסם - לחמית שיפון 250 גרם,"אסם השקעות בע""\מ",IL,לחמית שיפון,,230.00,100 גרם,false,1,12.50,5.43,true,1,8149
7290006983763,false,עוגת הבית שוקולד 400 גרם אסם.,מיוצר עי קונדיטוריית,IL,עוגת הבית שוקולד 400,,400.00,100 גרם,false,1,18.90,4.72,true,1,5052
7290006983770,false,עוגת הבית שיש אסם 400 גרם,מיוצר עי קונדיטוריית,IL,עוגת הבית שיש בחושה,,400.00,100 גרם,false,1,18.90,4.72,true,1,2692
7290006983787,false,עוגת הבית שוקולד צ'יפס אסם 400 גרם,מיוצר עי קונדיטוריית,IL,עוגת הבית שוקו ציפס,,400.00,100 גרם,false,1,18.90,4.72,true,1,2695
7290006983794,false,עוגת הבית בטעם תפוז אסם 400 גרם,מיוצר עי קונדיטוריית,IL,עוגת הבית תפוז בחושה,,400.00,100 גרם,false,1,18.90,4.72,true,1,2696
7290006991294,false,מעדן יוגורט מוזלי 35,עינת תעשיות מזון,,עינת מוזלי 355 גר,,355.00,100 גרם,false,1,16.00,4.51,true,1,7363
7290008154222,false,שניצלונים עוף טוב 700 גרם,"מוצרי עוף טוב (2001) בע""",IL,עוף טוב שניצלונים,,700.00,100 גרם,false,1,25.90,3.70,true,1,26735
7290008336925,false,פחמים טיבון ויל 2קג,טיבון ויל,,פחמים טיבון ויל 2קג,,2.00,"1 ק""ג",false,1,21.90,10.95,true,1,16911
7290008409100,false,אצבעות שניצל בציפוי שומשום מאמא עוף 700 גרם,תנובה גליל שותפות מוגבלת,IL,אצבעות שניצל שומשום,,700.00,100 גרם,false,1,39.90,5.70,true,1,27238
7290008409124,false,מאמא עוף קפוא שניצל ג'ונגל פריך 700 גרם,תנובה גליל שותפות מוגבלת,IL,שניצל גונגל 700 גר,,700.00,100 גרם,false,1,39.90,5.70,true,1,27237
7290008409216,false,מאמא עוף קפוא שניצל דק פריך 700 גרם,תנובה גליל,IL,שניצל דק בציפוי פריך,,700.00,100 גרם,false,1,48.90,6.99,true,1,12927
7290008409315,false,שניצלונים בציפוי פריך מיני מיני דק מאמא עוף 500 גרם,תנובה גליל,IL,מיני דק שניצלונים,,500.00,100 גרם,false,1,33.00,6.60,true,1,26990
7290008409407,false,שניצל דק צ'יפס מאמא עוף 700 גרם,תנובה גליל שותפות מוגבלת,IL,שניצל דק דק ציפס,,700.00,100 גרם,false,1,48.90,6.99,true,1,26945
7290008409582,false,שניצל עוף אמיתי בציפוי ביתי מאמא עוף 700 גרם,תנובה גליל שותפות מוגבלת,IL,מאמאעוף שניצל א.ביתי,,700.00,100 גרם,false,1,48.90,6.99,true,1,27235
7290008443616,false,"מרכך לשיער יבש אדום נקה 7 750 מ""ל","אמיליה קוסמטיקס בע""מ",IL,נקה 7-מרכך יבש אדום,,750.00,"100 מ""ל",false,1,13.90,1.85,true,1,27119
7290008463966,false,עוגה בטעם דבש אנטיקב,Unknown,,עוגת דבש אנטיקביץ,,0.00,,false,1,10.90,0.00,false,1,26859
7290008464024,false,"בירה גולדסטאר Unfiltered, בירה לא מסוננת, פחית 500 מ""ל","טמפו משקאות בע""מ",IL,גולדסטאר לא מסונן פח,,500.00,"100 מ""ל",false,1,16.90,3.32,true,1,16477
7290008464109,false,"בירה גולדסטאר Unfiltered, בירה לא מסוננת, בקבוק 330 מ""ל","טמפו משקאות בע""מ",IL,גולדסטאר לא מסונן,,330.00,"100 מ""ל",false,1,13.90,4.12,true,1,4575
7290008464208,false,"בירה מכבי 7.9%, בירה חזקה, בקבוק 330 מ''ל",טמפו משקאות בע''מ,IL,מכבי חזקה 7.9% חפ,,330.00,"100 מ""ל",false,1,15.00,4.45,true,1,26054
7290008464222,false,"בירה מכבי 7.9%, בירה חזקה, פחית 500 מ""ל","טמפו משקאות בע""\מ",IL,מכבי 7.9% אלכוהול,,500.00,"100 מ""ל",false,1,12.90,2.52,true,1,17419
7290008464345,false,"בירה גולדסטאר, בקבוק 330 מ''ל",טמפו משקאות בע''מ,IL,גולדסטאר בקבוק 330,,330.00,"100 מ""ל",false,1,14.90,4.42,true,1,338
7290008464468,false,"בירה גולדסטאר, פחית 500 מ""ל","טמפו משקות בע""\מ",IL,גולדסטאר פחית 500,,500.00,"100 מ""ל",false,1,14.00,2.74,true,1,340
7290008464475,false,"בירה מכבי, פחית 500 מ""ל","טמפו משקאות בע""\מ",IL,מכבי פחית 500,,500.00,"100 מ""ל",false,1,13.50,2.64,true,1,341
7290008464604,false,"בירה הייניקן פחית 500 מ""ל",טמפו משקאות בע''מ,NL,הייניקן פחית 500,,500.00,"100 מ""ל",false,1,18.00,3.54,true,1,343
7290008464611,false,"הסודה של טמפו, מי סודה בגיזוז חזק, 275 מל",טמפו משקאות בעמ,IL,סודה טמפו 275 מל,,275.00,"100 מ""ל",false,1,6.90,2.40,true,1,20683
7290008464741,false,"בירה גולדסטאר, מארז שישייה, בקבוק 330 מ''ל","טמפו משקאות בע""\מ",IL,גולדסטאר בקבוק 6יח,,1.98,1 ליטר,false,1,39.90,19.24,true,1,1469
7290008464772,false,מארז שישיית גולדסטאר,Unknown,,מארז שישיית גולדסטאר,,3.00,1 ליטר,false,1,49.90,16.03,true,1,3830
7290008464796,false,"בירה היינקן, מארז שישייה, בקבוק 330 מ''ל",טמפו משקאות בע''מ,IL,הייניקן בקבוק 6*330,,1.98,1 ליטר,false,1,39.90,19.24,true,1,1470
7290008466240,false,עוגת דבש אמה אנטיקבי,אנטיקוביץ,IL,עוגת דבש אמה אנטיקבי,,0.00,,false,1,23.90,0.00,false,1,26860
7290008644112,false,סלט מטבוחה יום יום אחלה 125 גרם,"שטראוס גרופ בע""\מ",IL,אחלה מטבוחה 125 גר,,125.00,100 גרם,false,1,5.50,4.40,true,1,1241
7290008645935,false,חומוס לניגוב אחלה 750 ג',"שטראוס גרופ בע""\מ",IL,אחלה חומוס לניגוב750,,750.00,100 גרם,false,1,10.00,1.33,true,1,18799
7290008670142,false,"יין רקנאטי יסמין אדום 750 מ""ל",יקב רקאנטי,IL,רקאנטי יסמין אדום,,750.00,"100 מ""ל",false,1,44.90,5.95,true,1,10281
7290008670159,false,"יין רקנאטי יסמין לבן 750 מ""ל","יקבי רקנאטי בע""מ",IL,רקאנטי יסמין לבן,,750.00,"100 מ""ל",false,1,44.90,5.95,false,1,26954
7290008690713,false,נקטר חמוציות אושן ספריי פריגת 1 ליטר,מבשלות בירה בינלאומיות ב,IL,פריגת אושן ספרי חמוצ,,1.12,"1 ק""ג",false,1,15.90,13.93,true,1,26499
7290008693134,false,מעדן גבינה ויוגורט בטעם תות 5% שומן 88 ג' דניאלה,"שטראוס בריאות בע""מ",IL,דניאלה תות 100 גר,,150.00,"100 מ""ל",false,1,4.50,3.00,true,1,4572
7290008745239,false,תפוצ'יפס קראנצ' בטעם טבעי עלית 50 גרם,"שטראוס פריטו ליי בע""\מ )",IL,תפוציפס קרנצי 50גר,,50.00,100 גרם,false,1,5.90,11.80,true,1,2370
7290008747431,false,שוקולד פרה במילוי תות50ג,שטראוס גרופ,IL,פרה שוקולד תות50,,50.00,100 גרם,false,1,6.90,13.80,true,1,482
7290008747547,false,תפוצ'יפס קראנץ' בטעם טבעי עלית 200 גרם,"שטראוס פריטו ליי בע""\מ )",IL,תפוציפס אק.טבעי200,,200.00,100 גרם,false,1,10.00,5.00,true,1,634
7290008748384,false,שוקולד ספלנדיד מריר100גר,STRAUSS-ISRAEL,IL,ספלנדיד שוקולד מר כש,,100.00,100 גרם,false,1,12.90,12.90,true,1,846
7290008749343,false,בפלות שחור לבן 400 גרם,STRAUSS-ISRAEL,IL,וופל שחור לבן 400,,400.00,100 גרם,false,1,19.90,4.97,true,1,7346
7290008750264,false,"מסטיק מאסט ציקלס דובדבן 28 גרם לל""ס מגדים","שטראוס גרופ בע""מ",IL,מאסט דובדבן 28,,28.00,100 גרם,false,1,6.50,23.21,true,1,709
7290008750400,false,שוקולד לבן+עוגיות100 גרם,STRAUSS-ISRAEL,IL,פרה ש.לבן עוגיה 100ג,,100.00,100 גרם,false,1,9.90,9.90,true,1,486
7290008750677,false,שוקולד פרה במילוי תות 100 גרם ממולדה,שטראוס גרופ,IL,פרה מגדים תות 100 גר,,100.00,100 גרם,false,1,9.90,9.90,true,1,487
7290008752244,false,תפוצ'יפס קראנץ' בטעם גריל עלית 50 גרם,"שטראוס פריטו ליי בע""\מ )",IL,תפוציפס קראנץ גריל,,50.00,100 גרם,false,1,5.90,11.80,true,1,2723
7290008753111,false,תפוצ'יפס קראנץ' בטעם מקסיקני עלית 50 גרם,"שטראוס פריטו ליי בע""\מ )",IL,תפוציפס אקסט.מקסיקנ,,50.00,100 גרם,false,1,5.90,11.80,true,1,2158
7290008753883,false,בפלות טרפלס+פירורים350גר,STRAUSS-ISRAEL,IL,ופל פירורי טרפלס 350,,350.00,100 גרם,false,1,19.90,5.69,true,1,2603
7290008754415,false,גומי מאסט בטעם ספירמינט עדין פליפטופ 28 ג' עלית,"שטראוס גרופ בע""מ",IL,מאסט LLספירמ,,28.00,100 גרם,false,1,6.50,23.21,true,1,6368
7290008754422,false,גומי מאסט בטעם פפרמינט קלאסי פליפטופ 28 ג' עלית,"שטראוס גרופ בע""מ",IL,מאסט LL קלאסי 28ג,,28.00,100 גרם,false,1,6.50,23.21,true,1,6373
7290008754613,false,רולדת שוקולד מצופה 350גר,STRAUSS-ISRAEL,IL,רולדת שוקולד פרה,,350.00,100 גרם,false,1,18.90,5.40,true,1,2602
7290008757003,false,"שוופס ג'ינג'ר 250 מ""ל זכוכית",שוופס,,שוופס גינגר 250מל,,250.00,"100 מ""ל",false,1,7.90,3.04,true,1,26438
7290008757010,false,"שוופס ביטר למון 250 מ""ל זכוכית",יפאורה שותפות מובגלת לשיווק,IL,שוופס ביטר 250 מל,,250.00,"100 מ""ל",false,1,7.90,3.04,true,1,26439
7290008757027,false,"שוופס טוניק 250 מ""ל זכוכית",יפאורה שותפות מובגלת לשיווק,IL,שוופס טוניק 250 מל,,250.00,"100 מ""ל",false,1,7.90,3.04,true,1,26440
7290008757034,false,"שוופס סודה זכוכית 250 מ""ל",יפאורה שותפות מובגלת לשיווק,IL,שוופס סודה 250 מל,,250.00,"100 מ""ל",false,1,6.90,2.64,true,1,4418
7290008757980,false,קרטונית ספרינג נקטר רימונים 1 ליטר,יפאורה שותפות מובגלת לשיווק,IL,ספרינג נקטר רימונים,,100.00,"100 מ""ל",false,1,7.90,7.90,true,1,27276
7290008775816,false,ערגליות עוגיות במילוי שוקולד אסם 300 גרם,מיוצר עי קונדיטוריית,IL,ערגליות שוקו 300 גר,,300.00,100 גרם,false,1,12.90,4.30,true,1,1175
7290008775823,false,ערגליות עוגיות תות שדה אסם 300 גרם,מיוצר עי קונדיטוריית,IL,ערגליות תות 300 גר,,300.00,100 גרם,false,1,12.90,4.30,true,1,1176
7290008801157,false,"יין מרלו סלקטד כרמל כרמל 750 מ""ל",כרמל מזרחי,IL,סלקטד מרלו,,750.00,"100 מ""ל",false,1,35.00,4.63,true,1,861
7290008801430,false,מיץ ענבים טבעי אדום תירוש,"כד בני דרום בע""מ",IL,תירוש אדום ענבים 750,,750.00,"100 מ""ל",false,1,20.00,2.63,true,1,870
7290008801843,false,"יין קברנה סוביניון סלקטד כרמל 750 מ""ל","כד בני דרום בע""מ",IL,קברנה סובניון-סלקטד,,750.00,"100 מ""ל",false,1,35.00,4.63,true,1,862
7290008801850,false,סלקטד אמרלד ריזלינג לבן חצי יבש 750 מל,אגודת הכורמים הקואופרטיב,IL,אמרלד ריזלינג-סלקטד,,750.00,"100 מ""ל",false,1,35.00,4.63,true,1,863
7290008802291,false,יין מרלו פרייבט קולקשן יקבי כרמל,אגודת הכורמים הקואופרטיב,IL,מרלו P.C,,750.00,"100 מ""ל",false,1,50.00,6.63,true,1,877
7290008802895,false,יין קברנה סוביניון פרייבט קולקשן יקבי כרמל,אגודת הכורמים הקאופורטיב,IL,קברנה סובניון PC 750,,750.00,"100 מ""ל",false,1,50.00,6.63,true,1,7237
7290008805384,false,סלקטד מוסקטו לבן מבעבע 750 מל 2016,אגודת הכורמים הקואופרטיב,IL,ייו מוסקטו סלקטד,,750.00,"100 מ""ל",false,1,35.00,4.63,true,1,19644
7290008805520,false,"יין קברנה/סוביניון סלקטד כרמל 750 מ""ל","כד בני דרום בע""מ",IL,סלקטד קברנה/מרלו אדו,,750.00,"100 מ""ל",false,1,35.00,4.63,true,1,6099
7290008806305,false,"שלגון פצפצים ""שטראוס""","מיוצר ע"" גלידת שטראו",IL,פצפצים-תות בננה וסוכ,,97.00,100 גרם,false,1,8.90,9.18,true,1,777
7290008806961,false,גלידה שוקולד שבבי שוקולד פרה 1.33 ל' קרמיסימו,"גלידת שטראוס בע""\מ, רחוב",IL,קרמיסימו פרה ש.ציפ,,1.33,1 ליטר,false,1,25.00,18.80,true,1,8938
7290008909761,false,"קרלסברג בקבוק יחיד 330מ""ל",מבשלות בירה בינלאומי,IL,קרלסברג בקבוק 330,,330.00,"100 מ""ל",false,1,15.90,4.73,true,1,8564
7290008909853,false,"קוקה קולה זירו בקבוק 500 מ""ל.",החברה המרכזית לייצור משקאות,IL,קוקה קולה 0.5 ZERO,,500.00,"100 מ""ל",false,1,9.90,1.92,true,1,8780
7290008909884,false,"קוקה קולה זירו 350 מ""ל בקבוק זכוכית",החברה המרכזית לייצור משק,IL,קוקה קולה ZERO קלאסי,,350.00,"100 מ""ל",false,1,9.90,2.74,true,1,13063
7290009018004,false,פיקדון בקבוק/פחית בו,Unknown,,פיקדון בקבוק,,0.00,,false,1,0.30,0.00,false,1,25222
7290015475013,false,פחם 2 קג הדר השרון,Unknown,,פחם 2 קג הדר השרון,,2.00,"1 ק""ג",false,1,20.00,10.00,true,1,22913
7290016948127,false,מסכות שחורות 50 יח,Unknown,,מסכות שחורות 50 יח,,50.00,יחידה,false,1,17.90,0.36,false,1,24848
7290018194928,false,וודקה טראמפ כשלפ 700,א.ת.באר טוביה,IL,וודקה טראמפ 700 מל,,700.00,"100 מ""ל",false,1,89.60,12.80,false,1,25829
7290100230145,false,בונז'ור חלה מתוקה 550ג',Unknown,,חלה מתוקה קלועה בונ,,550.00,100 גרם,false,1,15.50,2.82,false,1,17849
7290100235317,false,בונז'ור סמבוסק פיצה אישי 180 גרם,Unknown,,סמבוסק פיצה אישי,,0.00,,false,1,10.00,0.00,false,1,25415
7290100235324,false,בונז'ור עוגת בריוש גבינה 500ג',בונז'ור,IL,עוגת בריוש גבינה,,550.00,100 גרם,false,1,29.90,5.44,true,1,16431
7290100235478,false,בונז'ור לחם דגנים 520ג',בונז'ור,,לחם דגנים אפוי,,520.00,100 גרם,false,1,15.50,2.98,true,1,17842
7290100235492,false,בונז'ור לחם שיפון רוסי 575ג',בונז'ור,,לחם שיפון רוסי,,575.00,100 גרם,false,1,15.90,2.77,true,1,17841
7290100235591,false,בונז'ור לחמניה כריך חטה מלאה 120ג',בונז'ור,,לחמניה ח.מלאה,,120.00,100 גרם,false,1,3.90,3.25,true,1,26555
7290100240137,false,"תרסיס ריחני למייבש כחול בדין 500 מ""ל","זוהר דליה, קיבוץ דליה, 1",IL,בדין כחול ספריי,,500.00,"100 מ""ל",false,1,23.00,4.60,true,1,26878
7290100240632,false,קרקר פתית 200-300ג' 6 דגנים 250 גרם,יוניליוור ישראל מזון בע\,IL,פתית 6 דגנים בדצ,,250.00,100 גרם,false,1,21.00,8.40,true,1,13795
7290100653586,false,"דאודורנט ג'ל פרש פיוזן 24/7 ליידי ספיד סטיק 65 מ""ל",ליידי ספיד סטיק Lady Speed Stick,US,ליידי ס.סטיק 24/7,,65.00,100 גרם,false,1,27.90,42.92,true,1,18398
7290100680650,false,מנה חמה נודלס-אטריות ירקות טעם תאילנדי אסם 76 ג',PUB FOODS PRESIDENT THAI,TH,מנה חמה נודלס+ירקות,,76.00,100 גרם,false,1,10.00,13.16,true,1,14815
7290100680667,false,מנה חמה נודלס-אטריות+ירקות טעם סצ'ואן,PUB FOODS PRESIDENT THAI,TH,מנה חמה נודלס סצואן,,67.00,100 גרם,false,1,10.00,14.93,true,1,13796
7290100680728,false,פירורית רגילה שקית 350 גרם,מיוצר עי קונדיטוריית,IL,אסם פירורית 350 גרם,,350.00,100 גרם,false,1,9.90,2.83,true,1,27299
7290100681138,false,מארז אפרופו חטיף תירס 3 יחידות,"אסם השקעות בע""\מ",IL,מארז אפרופו*3 יח,,450.00,100 גרם,false,1,16.90,3.76,true,1,16086
7290100687109,false,אוסם - במבה במילוי קרם נוגט 60 גרם,"אסם השקעות בע""\מ",IL,במבה במילוי נוגט,,60.00,100 גרם,false,1,7.90,13.17,true,1,9334
7290100689301,false,אבקת מרק בטעם עוף זך עדיף אסם 400 גרם,"אסם השקעות בע""\מ",IL,עדיף זך טעם עוף 400ג,,400.00,100 גרם,false,1,19.90,4.97,true,1,26007
7290100700396,false,"סוגת אורז יסמין קלאסי 1 ק""ג",האי נאם סי או אל.טי.,IL,סוגת אורז יסמין,,1.00,"1 ק""ג",false,1,13.00,13.00,true,1,22732
7290100701331,false,קמח רב תכליתי שטיבל קמח חיטה לבן בהיר,"שטיבל בע""\מ - טחנות קמח",IL,קמח רב תכליתי,,1.00,"1 ק""ג",false,1,8.90,8.90,true,1,25179
7290100703670,false,"קמח כוסמין ללא ניפוי 1 ק""ג סוגת","שטיבל בע""מ",IL,סוגת קמח כוסמין מלא,,1.00,"1 ק""ג",false,1,16.50,16.50,true,1,27293
7290100825716,false,כפפות לטקס 100 Lיח,Unknown,,כפפות לטקס 100 Lיח,,100.00,יחידה,false,1,35.00,0.35,false,1,22736
7290100850909,false,דוריטוס נאצ'ו מקסיקני 70 גרם,"שטראוס פריטו ליי בע""\מ",IL,דוריטוס נאצו 70 גר,,70.00,100 גרם,false,1,7.90,11.29,true,1,13386
7290100850916,false,דוריטוס חמוץ חריף מעודן 70 גרם כשר לפסח,"שטראוס פריטו ליי בע""\מ )",IL,דוריטוס חמוץ חריף 70,,70.00,100 גרם,false,1,7.90,11.29,true,1,9176
7290100850923,false,דוריטוס בטעם גריל 70 גרם,"שטראוס פריטו ליי בע""\מ )",IL,דוריטוס גריל 70ג,,70.00,100 גרם,false,1,7.90,11.29,true,1,9175
7290100850930,false,דוריטוס בטעם טבעי 70 גרם,"שטראוס פריטו ליי בע""\מ )",IL,דוריטוס דיפ טבעי 70ג,,70.00,100 גרם,false,1,7.90,11.29,true,1,9173
7290100853689,false,בראוניס שוקולד עשירה380ג,STRAUSS-ISRAEL,IL,בראוניס שוקולד עשירה,,380.00,100 גרם,false,1,20.50,5.39,true,1,6453
7290101112556,false,פופסיקל אננס,Unknown,,פופסיקל אננס,,82.00,100 גרם,false,1,9.90,12.07,true,1,26516
7290101113164,false,שלגון גלידל ו.עוגיות,Unknown,,שלגון גלידל ו.עוגיות,,48.00,100 גרם,false,1,9.90,20.63,true,1,26517
7290101113522,false,שלגון גלידל שוקלד,Unknown,,שלגון גלידל שוקלד,,52.00,100 גרם,false,1,9.90,19.04,true,1,26518
7290101113539,false,טילון יולו קטן שוקולד לבן עם ליבת שוקולד,פלדמן,IL,טילון יולו ל.שוקולד,,80.00,100 גרם,false,1,9.90,12.38,true,1,26519
7290101113546,false,טילון יולו קטן שוקולד לבן עם עוגיות שוקולד,פלדמן,IL,טילון יולו ע.שוקולד,,80.00,100 גרם,false,1,9.90,12.38,true,1,26520
7290101113553,false,טילון יולו שוקולד חלב עם נטיפי שוקולד גדול,פלדמן,IL,טילון גדול ש.חלב,,112.00,100 גרם,false,1,12.50,11.16,true,1,26521
7290101113560,false,טילון יולו שוקולד לבן עם נטיפי שוקולד גדול,פלדמן,IL,טילון גדול נ.שוקולד,,112.00,100 גרם,false,1,12.50,11.16,true,1,26522
7290101113577,false,טילון יולו שוקולד לבן עם קרם עוגיות גדול,פלדמן,IL,טילון גדול ק.עוגיות,,112.00,100 גרם,false,1,12.50,11.16,true,1,26523
7290101113645,false,פופסיקל פירות טרופי,Unknown,,פופסיקל פירות טרופי,,82.00,100 גרם,false,1,9.90,12.07,true,1,26524
7290101113690,false,יולו שוקולד לבן עם סירופ קרמל בלונד-,Unknown,IL,יולו ש.לבן ק.בלונד,,75.00,100 גרם,false,1,12.50,16.67,true,1,26525
7290101113706,false,יולו שוקולד חלב בציפוי שוקולד חלב וופל -,פלדמן,IL,יולו ש.חלב צ.וופל,,50.00,100 גרם,false,1,12.50,25.00,true,1,26526
7290101113720,false,שלגון יולו שוקולד לבן ועוגיות,פלדמן,IL,יולו ש.לבן ועוגיות,,75.00,100 גרם,false,1,12.50,16.67,true,1,26527
7290101113775,false,שלגון שייק פרי יופלה פריזי תות,פלדמן,IL,יופלה שייק פ.תות,,70.00,100 גרם,false,1,9.90,14.14,true,1,26528
7290101113782,false,שלגון יופלה שייק פרי,פלדמן,IL,יופלה פריזי אננס,,70.00,100 גרם,false,1,9.90,14.14,true,1,26529
7290101113799,false,שלגון שייק פרי יופלה פריזי מנגו,פלדמן,IL,יופלה פריזי מנגו,,70.00,100 גרם,false,1,9.90,14.14,true,1,26530
7290101551027,false,קפסולות קפה אספרסו חזק במיוחד 14 עלית 10 יח',הנסיך- מפעל לייצור ט,IL,עלית ת. נספרסו 14,,10.00,יחידה,false,1,16.50,1.65,true,1,24031
7290101551539,false,יוגורט PRO בטעם אפרסק 0% 20 גרם חלבון בגביע,"שטראוס בריאות בע""מ",IL,דנונה פרו אפרסק 20ג,,200.00,100 גרם,false,1,7.50,3.75,true,1,22523
7290101551584,false,תפוצ'יפס קידס מארז 10 יח' * 20 ג',"שטראוס פריטו ליי בע""מ )פ",IL,תפוציפיס קידס 10*20ג,,200.00,100 גרם,false,1,19.90,9.95,true,1,27287
7290101551638,false,חטיף צ'יטוס כאפה בטעם קטשופ - מארז 10 יח',"שטראוס פריטו ליי בע""מ )פ",IL,ציטוס כאפה 10*20גר,,200.00,100 גרם,false,1,19.90,9.95,true,1,27288
7290101864127,false,"ספריי להסרת כתמים 750 מ""ל וניש קליה",קליה וניש Kalia Vanish,IL,קליה אוקסי ספריי,,750.00,"100 מ""ל",false,1,18.00,2.40,true,1,26006
7290102035007,false,מסטיק מאסט בטעם בזוקה28ג,STRAUSS-ISRAEL,IL,מאסט בזוקה 28,,28.00,100 גרם,false,1,6.00,21.43,true,1,9498
7290102390427,false,יוגורט ביו עם קציפת תות 3% שומן 150 ג' מולר,מולר Muller,IL,מולר תות 3%,,150.00,"100 מ""ל",false,1,4.90,3.27,true,1,9562
7290102391844,false,יוגורט ביו עם קציפת פירות יער3% שומן 150 ג' מולר,מולר Muller,IL,מולר פירות יער,,150.00,100 גרם,false,1,4.90,3.27,false,1,26420
7290102392254,false,חלב בקרטון 1% 2 ליטר טרה,מילקו תעשיות בעמ,IL,חלב בקרטון 1%,,2.00,1 ליטר,false,1,11.72,5.86,true,1,26488
7290102393039,false,"יוגורט ביו קרמי מיקס פצפוצי שוקולד 7.6% מולר 170 מ""ל",קריות זול,IL,מולר mix עם פצפוצי,,170.00,100 גרם,false,1,7.70,4.53,true,1,12667
7290102393060,false,"יוגורט ביו קרמי מיקס גלילי ופל ואגוזים 5.9% מולר 170 מ""ל",קריות זול,IL,מולר mix עם גליליות,,170.00,100 גרם,false,1,7.70,4.53,true,1,12668
7290102393176,false,סימפלי פרוט יוגורט אפרסק 3% שומן 150 ג' מולר,מילקו תעשיות בעמ,IL,סימפלי פרוט אפרסק,,150.00,100 גרם,false,1,4.90,3.27,true,1,13239
7290102393299,false,יוגורט עיזים לשתייה 3% משק צוריאל 500 גרם,מיוצר עי קוד יצרן HG,IL,יוגורט עיזים לשתייה,,500.00,"100 מ""ל",false,1,15.90,3.18,true,1,26332
7290102394463,false,נעם גבינה צהובה פרוסה ואקום 28% טרה 500 גרם,Unknown,IL,גבינה צהובה נעם 500,,533.00,100 גרם,false,1,31.90,5.98,true,1,26556
7290102394821,false,נעם גבינה צהובה פרוסה 28% טרה 200 גרם,מילקו תעשיות בעמ,IL,נעם ג.צהובה דק דק28%,,200.00,100 גרם,false,1,17.90,8.95,true,1,16321
7290102394845,false,נעם גבינה צהובה לייט פרוסה דק דק 9% טרה 200 גרם,מילקו תעשיות בעמ,IL,נעם ג.צהובה דק דק 9%,,200.00,100 גרם,false,1,19.90,9.95,true,1,25076
7290102395477,false,מעדן חלב בטעם שוקולד עם קצפת 123 ג' טרה,Unknown,IL,מו שוקולד עם קצפת,,144.00,100 גרם,false,1,3.30,2.29,true,1,15113
7290102396665,false,נעם גבינה צהובה דק דק 15% טרה 200 גרם,מילקו תעשיות בעמ,IL,נעם גבנצ דק דק 15%,,200.00,100 גרם,false,1,19.50,9.75,true,1,26974
7290102396948,false,חלב טרה 1 ליטר 3% קרטון רבנות,HIQ FOOD PRODUCTS,IL,טרה חלב קרטון 3% 1ל,,1.00,1 ליטר,false,1,6.23,6.23,false,1,17033
7290102396955,false,חלב 3% בקרטון 2 ליטר,HIQ FOOD PRODUCTS,IL,חלב בקרטון 3%,,2.00,1 ליטר,false,1,12.46,6.23,true,1,26489
7290102396962,false,חלב מפוסטר 3%שקית1ליטר,Unknown,IL,תנובה חלב שקית 3%,,1.00,1 ליטר,false,1,5.43,5.43,false,1,17032
7290102397204,false,"גבנ""צ דק דק נעם פתיחה חוזרת 22% 200 גרם",מילקו תעשיות בעמ,IL,נעם צהובה דק דק 22%,,200.00,100 גרם,false,1,19.00,9.50,true,1,27097
7290102397617,false,יוגורט ביו קרמי עם כדורים מצופים שוקולד חום לבן,מולר Muller,IL,מולר מיקס כדורים,,170.00,100 גרם,false,1,7.70,4.53,true,1,19218
7290102397679,false,קוטג' וחצי 5% מהדרין טרה 375 גרם,מילקו,IL,קוטג וחצי טרה 5%,,391.00,100 גרם,false,1,8.80,2.25,true,1,26256
7290102398065,false,חלב טרה בקרטון 2 ליטר מהדרין 3% - מוצר בפיקוח,הפריט בפיקוח,IL,חלב טרה 3% 2ל,,2.00,1 ליטר,false,1,12.46,6.23,true,1,24892
7290102398072,false,"חלב קרטון 3%-1 ליטר "" טרה"" -מוצר פיקוח",הפריט בפיקוח,IL,טרה חלב 3% 1למהדרין,,1.00,1 ליטר,false,1,6.23,6.23,false,1,19556
7290102398096,false,חמאה 200 ג וסטהיים,Unknown,,חמאה 200 ג וסטהיים,,200.00,100 גרם,false,1,7.88,3.94,false,1,24668
7290102398331,false,חלב מועשר דל לקטוז 2% שומן טרה 1 ליטר,Unknown,IL,חלב דל לקטוז,,1.00,1 ליטר,false,1,9.50,9.50,false,1,27366
7290102398560,false,שוקו טרה מועשר בבקבוק 1 ליטר,מילקו תעשיות בעמ,IL,שוקו טרה בבקבוק 1 ל,,1.00,1 ליטר,false,1,13.50,13.50,false,1,26308
7290102398577,false,משקה חלב בטעם שוקו 2% בבקבוק אישי,מילקו תעשיות בעמ,IL,שוקו טרה בבקבוק אישי,,250.00,"100 מ""ל",false,1,7.20,2.88,true,1,26257
7290102398614,false,משקה חלב בטעם בננה טרה 1 ליטר,מילקו תעשיות בעמ,IL,משקה חלב בטעם בננה1ל,,1.00,1 ליטר,false,1,13.50,13.50,false,1,26260
7290102398638,false,משקה חלב בטעם מוקה טרה 1 ליטר,מילקו תעשיות בעמ,IL,משקה חלב בטעם מוקה1ל,,1.00,1 ליטר,false,1,13.50,13.50,false,1,26261
7290102399680,false,חלב 3% בבקבוק 1 ליטר,Unknown,IL,חלב בבקבוק 3% 1 ל,,1.00,1 ליטר,false,1,6.23,6.23,false,1,22823
7290103404758,false,סלט כרוב אדום במיונז אחלה 120 גרם,מיוצר עי קונדיטוריית,IL,אחלה כרוב אדום 120ג,,120.00,100 גרם,false,1,5.50,4.58,true,1,19030
7290103681173,false,"יין הר קברנה סובניון יקבי תבור 750 מ""ל.",מיוצר על ידי יקב תבור,IL,הר קברנה סובי 750מל,,750.00,"100 מ""ל",false,1,40.00,5.29,true,1,21136
7290103681180,false,"יין הר מרלו מיתוג תנשמת 750 מ""ל",מיוצר על ידי יקב תבור,IL,הר מרלו 750 מל,,750.00,"100 מ""ל",false,1,40.00,5.29,true,1,21137
7290103681210,false,"יין הר שרדונה מיתוג תנשמת 750 מ""ל",מיוצר על ידי יקב תבור,IL,הר שרדונה 750 מל,,750.00,"100 מ""ל",false,1,40.00,5.29,true,1,21138
7290103681227,false,"יין הר גוורצטרמינר מיתוג תנשמת 750 מ""ל",מיוצר על ידי יקב תבור,IL,הר גוורצטרמ 750 מל,,750.00,"100 מ""ל",false,1,40.00,5.29,true,1,21139
7290103681241,false,"יין הר מוסקטו מיתוג תנשמת 750 מ""ל",יקב תבור,IL,הר מוסקטו 2019,,750.00,"100 מ""ל",false,1,40.00,5.29,true,1,23163
7290103681739,false,"יין הר תבור לבן 750 מ""ל",מיוצר על ידי יקב תבור,IL,הר לבן 750 מל,,750.00,"100 מ""ל",false,1,40.00,5.29,true,1,26617
7290103701017,false,נייר אפייה נשלף טאצ 50 יחידות כשלפ,"שניב תעשיות נייר בע""",IL,טאצ נייר אפיה,,50.00,יחידה,false,1,9.90,0.20,false,1,26531
7290103701055,false,כוסות קרטון 8 אוז שניב,"שניב תעשיות נייר בע""",,כוס נייר 8 אוז 50יח,,50.00,יחידה,false,1,10.90,0.22,false,1,26532
7290103703684,false,נייר טאולט לובלי 30,Unknown,,נייר טאולט לובלי 30,,0.00,,false,1,31.90,0.00,true,1,27161
7290103703905,false,ממחטות נייר טישו טוט,Unknown,,ממחטות פרשמרקט,,0.00,,false,1,12.90,0.00,false,1,26955
7290103704155,false,נייר מגבת טאצ' 6 גלילים מהדורת 2021,"שניב תעשיות נייר בע""",IL,מגבות טאצ שישייה,,0.00,,false,1,11.90,0.00,true,1,27162
7290104060403,false,מסטיק מאסט בזוקה ענבים 28 ג',שטראוס גרופ,IL,מאסט בזוקה ענבים,,28.00,100 גרם,false,1,6.00,21.43,true,1,11405
7290104061219,false,וופל אצבעות רבע לשבע קרם אגוזים עלית 120ג',"שטראוס גרופ בע""מ",IL,רבע לשבע אגוזים,,120.00,100 גרם,false,1,12.90,10.75,true,1,12942
7290104061417,false,סלט חומוס עם טחינה אחלה 400 גרם,"שטראוס גרופ בע""\מ",IL,אחלה חומוס עם טחינה,,400.00,100 גרם,false,1,13.50,3.38,true,1,19253
7290104061431,false,סלט חומוס עם צנובר אחלה 400 גרם,"שטראוס גרופ בע""\מ",IL,אחלה חומוס צנובר,,400.00,100 גרם,false,1,13.50,3.38,true,1,19254
7290104061448,false,סלט חומוס עם חריף אחלה 400 גרם,מיוצר עי קונדיטוריית,IL,אחלה חומוס חריף,,400.00,100 גרם,false,1,13.50,3.38,true,1,19255
7290104067198,false,ספלנדיד מריר 70%תפוז100ג,STRAUSS-ISRAEL,IL,ספלנדיד תפוז 100 גר,,100.00,100 גרם,false,1,12.90,12.90,true,1,17971
7290104067518,false,כיף כיף לבן מגדים 45 גרם,STRAUSS-ISRAEL,IL,כיף כף לבן מגדים,,45.00,100 גרם,false,1,6.90,15.33,true,1,18511
7290104067679,false,סלט טחינה אחלה 400גר,מיוצר עי קונדיטוריית,IL,טחינה 400 גר,,400.00,100 גרם,false,1,13.80,3.45,true,1,25191
7290104067693,false,אחלה חומוס עם חריף 150 גרם,מיוצר עי קונדיטוריית,IL,אחלה חומוס חריף 150,,150.00,100 גרם,false,1,7.00,4.67,true,1,15906
7290104068539,false,מאסט פליפטופ מלון ואבטיח ללא גרעינים,"שטראוס גרופ בע""מ",IL,מאסט מלון אבטיח 28גר,,28.00,100 גרם,false,1,6.50,23.21,true,1,12661
7290104068546,false,גומי מאסט בטעם לימון קולה ללא סוכר 28 ג' עלית,"שטראוס גרופ בע""מ",IL,מאסט קולה לימון,,28.00,100 גרם,false,1,6.50,23.21,true,1,12990
7290104289613,false,מטריה חצי אוטומטית,Unknown,,מטריה חצי אוטומטית,,0.00,,false,1,15.00,0.00,false,1,19667
7290104289620,false,מטריה חצי אוטומטית,Unknown,,מטריה חצי אוטומטית,,0.00,,false,1,15.00,0.00,false,1,22349
7290104500572,false,אפרופו חטיף תירס איטליאנו אסם 50 גרם,מיוצר עי קונדיטוריית,IL,אפרופו איטליאנו,,50.00,100 גרם,false,1,7.90,15.80,true,1,13625
7290104508332,false,לחמנית בריוש,Unknown,,לחמנית בריוש,,200.00,יחידה,false,1,2.00,0.01,false,1,21891
7290104508943,false,במבה חטיף בוטנים אסם 200 גרם,"אסם השקעות בע""\מ",IL,במבה 200 גר,,200.00,100 גרם,false,1,15.90,7.95,true,1,14039
7290104509247,false,בונז'ור-עוגת קראנץ' שוקולד עשיר 650 גר',בונז'ור,IL,עוגת קראנץ שוקולד,,650.00,100 גרם,false,1,24.90,3.83,true,1,16432
7290104570513,false,"תמר מג'הול בד""ץ 1 ק""ג",פרי וירק טמרה ושותפי,IL,תמר מגהול 1 קילו,,1.00,"1 ק""ג",false,1,19.90,19.90,true,1,25790
7290104690167,false,סט כבלי התנעה דגם600,Unknown,,סט כבלי התנעה דגם600,,0.00,,false,1,54.00,0.00,true,1,18618
7290104691638,false,משפך,Unknown,,משפך,,0.00,,false,1,10.00,0.00,true,1,18619
7290104692369,false,L וילון קדמי משקפים,Unknown,,L וילון קדמי משקפים,,0.00,,false,1,21.90,0.00,true,1,18620
7290104692376,false,XLוילון משקפים אפור,Unknown,,XLוילון משקפים אפור,,0.00,,false,1,30.00,0.00,true,1,18621
7290104692383,false,סוכך שמש לייזר L,Unknown,,סוכך שמש לייזר L,,0.00,,false,1,30.00,0.00,false,1,21965
7290104692444,false,סוכך כסף מתקפל עבה,Unknown,,סוכך כסף מתקפל עבה,,0.00,,false,1,10.00,0.00,true,1,19379
7290104693847,false,קומפרסור פלסטיק מיני,Unknown,,קומפרסור פלסטיק מיני,,0.00,,false,1,69.00,0.00,true,1,18623
7290104693854,false,מדחס אויר חד בוכנה,Unknown,,מדחס אויר חד בוכנה,,0.00,,false,1,95.00,0.00,false,1,22976
7290104694110,false,מאפרה עגולה עם מכסה,Unknown,,מאפרה עגולה עם מכסה,,0.00,,false,1,26.00,0.00,true,1,18624
7290104694233,false,H7 ערכת נורות חרום,Unknown,,H7 ערכת נורות חרום,,0.00,,false,1,31.90,0.00,true,1,18625
7290104694240,false,H4 ערכת נורות חרום,Unknown,,H4 ערכת נורות חרום,,0.00,,false,1,31.90,0.00,true,1,18626
7290104694530,false,מכסה מיכל דלק הברגה,Unknown,,מכסה מיכל דלק הברגה,,0.00,,false,1,25.00,0.00,true,1,18657
7290104694561,false,גילדה קטנה לניקוי,Unknown,,גילדה קטנה לניקוי,,1.00,יחידה,false,1,12.00,12.00,false,1,23428
7290104695315,false,סט כבלי התנעה דגם 950,Unknown,,סט כבלי התנעה,,0.00,,false,1,79.00,0.00,true,1,18627
7290104695322,false,רצועת קשירה 2.5 מ,Unknown,,רצועת קשירה 2.5 מ,,0.00,,false,1,21.90,0.00,true,1,18628
7290104695339,false,רצועת קשירה רצט 5,Unknown,,רצועת קשירה רצט 5,,0.00,,false,1,41.90,0.00,true,1,18629
7290104695568,false,פחית ריח אורגנית,Unknown,,פחית ריח אורגנית,,0.00,,false,1,15.00,0.00,true,1,21084
7290104695759,false,אפוד זוהר תקני צהוב,Unknown,,אפוד זוהר תקני צהוב,,0.00,,false,1,20.00,0.00,true,1,18630
7290104695766,false,אשפתון לרכב,Unknown,,אשפתון לרכב,,0.00,,false,1,12.00,0.00,true,1,18631
7290104695797,false,שלט נהג חדש,Unknown,,שלט נהג חדש,,0.00,,false,1,10.90,0.00,true,1,18632
7290104695803,false,שלט נהגת חדשה,Unknown,,שלט נהגת חדשה,,0.00,,false,1,10.90,0.00,true,1,18633
7290104695865,false,וילון צד משקפים שחור,Unknown,,וילון צד משקפים שחור,,0.00,,false,1,12.90,0.00,true,1,18635
7290104696008,false,ג'ילדה גדולה צהובה מידות 0.2X43X64,Unknown,,גילדה גדולה לניקוי,,1.00,יחידה,false,1,15.00,15.00,false,1,23429
7290104698354,false,מגב יחיד שטוח,Unknown,,מגב יחיד שטוח,,1.00,יחידה,false,1,18.50,18.50,false,1,23575
7290104698378,false,מגב יחיד שטוח,Unknown,,מגב יחיד שטוח,,1.00,יחידה,false,1,18.50,18.50,false,1,23576
7290104698385,false,מגב יחיד שטוח,Unknown,,מגב יחיד שטוח,,1.00,יחידה,false,1,18.50,18.50,false,1,23577
7290104698392,false,מגב יחיד שטוח 24,Unknown,,מגב יחיד שטוח 24,,1.00,יחידה,false,1,18.50,18.50,false,1,25047
7290104698408,false,מגב יחיד שטוח 26,Unknown,,מגב יחיד שטוח 26,,1.00,יחידה,false,1,18.50,18.50,false,1,25048
7290104698415,false,מגב יחיד שטוח,Unknown,,מגב יחיד שטוח,,1.00,יחידה,false,1,18.50,18.50,false,1,23578
7290104699634,false,מגב יחיד שטוח 14,Unknown,,מגב יחיד שטוח 14,,0.00,,false,1,18.50,0.00,false,1,21995
7290104699641,false,מגב יחיד שטוח 16,Unknown,,מגב יחיד שטוח 16,,0.00,,false,1,18.50,0.00,false,1,22002
7290104699658,false,מגב יחיד שטוח 18,Unknown,,מגב יחיד שטוח 18,,0.00,,false,1,18.50,0.00,false,1,22124
7290104699665,false,מגב יחיד שטוח 19,Unknown,,מגב יחיד שטוח 19,,0.00,,false,1,18.50,0.00,false,1,22125
7290104699672,false,מגב יחיד שטוח 20,Unknown,,מגב יחיד שטוח 20,,0.00,,false,1,18.50,0.00,false,1,22126
7290104699689,false,מגב יחיד שטוח 21,Unknown,,מגב יחיד שטוח 21,,0.00,,false,1,18.50,0.00,false,1,22127
7290104699696,false,מגב יחיד שטוח 22,Unknown,,מגב יחיד שטוח 22,,0.00,,false,1,18.50,0.00,false,1,22128
7290104699702,false,מגב יחיד שטוח 24,Unknown,,מגב יחיד שטוח 24,,0.00,,false,1,18.50,0.00,false,1,22129
7290104699719,false,מגב יחיד שטוח 26,Unknown,,מגב יחיד שטוח 26,,0.00,,false,1,18.50,0.00,false,1,22130
7290104699726,false,מגב יחיד שטוח 28,Unknown,,מגב יחיד שטוח 28,,0.00,,false,1,18.50,0.00,false,1,22131
7290104722219,false,עוגת יומולדת ק.שוקולד330,"שטראוס גרופ בע""\מ.",IL,עוגה כושית וק.שוקולד,,330.00,100 גרם,false,1,18.90,5.73,true,1,13940
7290104722530,false,תפוצ'יפס בטעם שמנת בצל עלית 200 גרם,"שטראוס פריטו ליי בע""\מ )",IL,תפוציפס שמנת בצל200,,200.00,100 גרם,false,1,10.00,5.00,true,1,15221
7290104724718,false,שוק.במילוי קרם נוגט100גר,"שטראוס גרופ בע""מ",IL,ש.חלב במילוי נוגט,,100.00,100 גרם,false,1,9.90,9.90,true,1,25974
7290104726484,false,טופי פרצופי תות עלית,"שטראוס גרופ בע""מ",IL,טופי פרצופי תות עלית,,150.00,100 גרם,false,1,6.90,4.60,true,1,19706
7290104728310,false,"שמנת מתוקה עמידה 38% שומן ""יטבתה"" -מוצר בפיקוח",שטראוס גרופ,IL,שמנת עמידה לקצפת,,250.00,100 גרם,false,1,6.47,2.59,false,1,23286
7290104729003,false,"יד מרדכי - שמן זית כתית מעולה 2 קלאסי 750 מ""ל",מכוורת יד מרדכי שטרא,IL,שמן זית יד מרדכי,,750.00,"100 מ""ל",false,1,37.90,5.05,true,1,23843
7290104960239,false,"תחליב רחצה נקה 7 ארומה לבן 750 מ""ל",טרופיקל דגיל תעשיות קוסמ,IL,נקה תחליב 750 לבן,,750.00,"100 מ""ל",false,1,13.90,1.85,true,1,27112
7290104960246,false,"נקה 7 - תחליב רחצה ורד ויסמין 750 מ""ל",טרופיקל דגיל תעשיות קוסמ,IL,נקה תחליב 750 ורוד,,0.00,,false,1,13.90,0.00,true,1,27113
7290104960253,false,"תחליב רחצה נקה 7 לבנדר סגול 750מ""ל",טרופיקל דגיל תעשיות קוסמ,IL,ת.רחצה לבנדר נקה7,,750.00,"100 מ""ל",false,1,13.90,1.85,true,1,27118
7290105360250,false,קפסולות 09 עשיר וארומטי למכונת נספרסו עלית 10יח',הנסיך- מפעל לייצור ט,IL,עלית ת. נספרסו 09,,10.00,יחידה,false,1,16.50,1.65,true,1,24032
7290105360328,false,קפסולות אספרסו חזק למכונות נספרסו 10 יח',הנסיך- מפעל לייצור ט,IL,עלית ת. נספרסו 10,,10.00,יחידה,false,1,16.50,1.65,true,1,24033
7290105360335,false,קפסולות אספרסו למכונות נספרסו 50 גר,הנסיך- מפעל לייצור ט,IL,עלית ת. נספרסו 07,,10.00,יחידה,false,1,16.50,1.65,true,1,24034
7290105361707,false,חטיף כיף כף שוקולד ל,מיוצר עי קונדיטוריית,IL,כיף כף לבן,,45.00,100 גרם,false,1,6.90,15.33,true,1,13619
7290105362339,false,"שמנת לבישול 15% 250 מ""ל יטבתה מהדרין",שטראוס גרופ,IL,יטבתה שמנת בישול 15%,,250.00,"100 מ""ל",false,1,8.90,3.56,true,1,25320
7290105362377,false,חטיף כיף כף חלב מגדי,"שטראוס גרופ בע""מ",IL,כיף כף מגדים 45 גר,,45.00,100 גרם,false,1,6.90,15.33,true,1,18535
7290105363572,false,שוק.פרה ביסקויט מגדים100,STRAUSS-ISRAEL,IL,פרה ביסקוויט מגדים,,100.00,100 גרם,false,1,9.00,9.00,true,1,24216
7290105363602,false,מקלות כיף כף קלאסי עלית 40 גרם,שולן צ'\יקולטה גידה סאן.,TR,כיף כף מקלות שוקולד,,40.00,100 גרם,false,1,7.50,18.75,true,1,14953
7290105364302,false,"עלית חטיף שוקולד כיף כף מקלות אגוזים, 40 גרם",שולן צ'\יקולטה גידה סאן.,TR,כיף כף מקלות אגוזים,,42.00,100 גרם,false,1,7.50,17.86,true,1,14952
7290105364784,false,שוקולד ביסקוויט לבן 100ג,STRAUSS-ISRAEL,IL,פרה ביסקוויט לבן,,100.00,100 גרם,false,1,9.00,9.00,true,1,14847
7290105364883,false,ביסקוויט עד חצות לבן200ג,STRAUSS-ISRAEL,IL,עד חצות לבן 200גר,,200.00,100 גרם,false,1,18.90,9.45,true,1,14466
7290105368331,false,מעדן מילקי בטעם תות עם קצפת,מחלבת אחיהוד,IL,מילקי תות -חדש,,130.00,100 גרם,false,1,3.40,2.62,true,1,26658
7290105368904,false,"שמנת מתוקה להקצפה 32% שומן 250 מ""ל יוטבתה",שטראוס גרופ,IL,יטבתה שמנת עמידה,,250.00,"100 מ""ל",false,1,8.50,3.40,true,1,26975
7290105500151,false,וודקה פינלנדיה בקבוק,"אלטיה קורפ, הלסינקי,",FI,וודקה פינלנדיה 700מ,,700.00,"100 מ""ל",false,1,85.00,12.10,true,1,14794
7290105500236,false,וויסקי ג'ק דניאלס מס' 7 Brand No,ג'ק דניאלס Jack Daniel's,US,גק דניאלס 700מל,,700.00,"100 מ""ל",false,1,139.00,19.81,false,1,18199
7290105500953,false,"וויסקי ג'ק דניאלס דבש 700 מ""ל",ג'ק דניאל'ס,BE,גק דניאלס דבש,,700.00,"100 מ""ל",false,1,139.00,19.81,true,1,24311
7290105501578,false,פ.בומבי 4+צידנית,Unknown,,פ.בומבי 4+צידנית,,1.00,1 ליטר,false,1,49.90,48.70,true,1,26618
7290105501585,false,פ.בקרדי 4+צידנית,Unknown,,פ.בקרדי 4+צידנית,,1.00,1 ליטר,false,1,49.90,48.70,true,1,26619
7290105691224,false,אסם חטיפי פריכונים טורטייה שום בצל 60 גרם,"פרח תעשיות מזון בע""מ.",IL,חטיף טורטיה שום בצל,,60.00,100 גרם,false,1,9.90,16.50,true,1,14268
7290105691248,false,אסם חטיפי פריכונים טורטייה תירס 60 גרם,"פרח תעשיות מזון בע""מ.",IL,חטיף טורטיה תירס,,60.00,100 גרם,false,1,9.90,16.50,true,1,14269
7290105693341,false,מארז עשיריית במבה אסם 25*10 גרם,"אסם השקעות בע""\מ",IL,מארז במבה 25 גר*10,,250.00,100 גרם,false,1,19.90,7.96,true,1,24551
7290105693952,false,פירורית זהב אסם זהב שומשום 200 ג',מיוצר עי קונדיטוריית,IL,פירורית זהב,,200.00,100 גרם,false,1,8.50,4.25,true,1,26885
7290105695321,false,עוגת הבית בראוניס פאדג' אסם 380 גרם,מיוצר עי קונדיטוריית,IL,ע.הבית בראוניס פאדג,,380.00,100 גרם,false,1,22.90,6.03,true,1,17571
7290105695895,false,עוגת הבית דמקה דבש 320 גרם,"אסם תעשיות בע""מ",IL,עוגת דבש דמקה,,320.00,100 גרם,false,1,17.00,5.31,true,1,14688
7290105790262,false,מי פז 1 ליטר 17יח,Unknown,,מי פז 1 ליטר 17יח,,1.00,1 ליטר,false,1,10.90,10.90,true,1,14717
7290105791573,false,תמיסת אוראה 4 ל,Unknown,,תמיסת אוראה 4 ל,,4.00,1 ליטר,false,1,20.00,5.00,true,1,23094
7290105961525,false,שוק.ספלנדיד מריר85% 100ג,"שטראוס גרופ בע""\מ",IL,ספלנדיד ש.מריר 85%,,100.00,100 גרם,false,1,12.90,12.90,true,1,17968
7290105962980,false,כרוב אדום במיונז 400 ג' אחלה,מיוצר עי קונדיטוריית,IL,אחלה כרוב אדום 400ג,,400.00,100 גרם,false,1,13.80,3.45,true,1,19031
7290105963000,false,סלט מטבוחה 400 ג' אחלה,מיוצר עי קונדיטוריית,IL,אחלה מטבוחה 400 גר,,400.00,100 גרם,false,1,13.30,3.32,true,1,25119
7290105964564,false,סלט חומוס אחלה 400גר,מיוצר עי קונדיטוריית,IL,חומוס אחלה 400 גר,,400.00,100 גרם,false,1,9.50,2.38,true,1,23290
7290105965738,false,יוגורט לשתיה בטעם תות בננה267 ג' דנונה,מיוצר עי קונדיטוריית,IL,דנונה משקה תות בננה,,267.00,100 גרם,false,1,5.90,2.21,true,1,16132
7290105968777,false,פריכיות 5 דגנים עם תחתית שוקולד מריר 70 גרם,"טחנת האבן תעשיות בע""",IL,פ.אנרגי שוקלד מריר,,70.00,100 גרם,false,1,10.50,15.00,true,1,15330
7290105990631,false,סלט ירקות יווני,Unknown,,סלט ירקות יווני,,320.00,100 גרם,false,1,23.00,7.19,true,1,17907
7290105990662,false,ס. ירקות וטונה כשלפ,Unknown,,ס. ירקות וטונה כשלפ,,330.00,100 גרם,false,1,23.00,6.97,true,1,17908
7290106262669,false,מגבונים נשטפים באסלה,Unknown,,מגבונים נשטפים באסלה,,60.00,יחידה,false,1,9.00,0.15,true,1,19653
7290106263185,false,אל סבון נוזלי לבנדר,פרימו,,סבון נוזלי לבנדר 1ל,,1.00,1 ליטר,false,1,10.00,10.00,true,1,19655
7290106413139,false,סוכריות גומי בננה אר,פיני גולוסינאס אספני,,סוכריות גומי בננה,,200.00,100 גרם,false,1,12.90,6.45,true,1,17545
7290106413146,false,סוכריות גומי דובי מו,פיני גולוסינאס אספני,,גומי דובנים מוברק,,200.00,100 גרם,false,1,12.90,6.45,true,1,24716
7290106413160,false,סוכריות גומי לב אפרס,פיני גולוסינאס אספני,,לב אפרסק גומי,,200.00,100 גרם,false,1,12.90,6.45,true,1,22156
7290106413290,false,ממתק חמוץ ומסוכר בטע,פיני גולוסינאס אספני,,שטיח תות ופטל,,78.00,100 גרם,false,1,10.90,13.97,true,1,25753
7290106413351,false,שטיחים חמוץ טעם תות,Unknown,,שטיחים חמוץ טעם תות,,78.00,100 גרם,false,1,10.50,13.46,true,1,17543
7290106413795,false,לקריץ אבטיח מסוכר150,Unknown,,לקריץ אבטיח מסוכר150,,150.00,100 גרם,false,1,10.90,7.27,true,1,17542
7290106413818,false,גלי בינס 100 גר,Unknown,,גלי בינס 100 גר,,100.00,100 גרם,false,1,7.50,7.50,true,1,17548
7290106520066,false,"רבע לשבע שוקולד חלב במילוי אגוזים עלית 160 גרם בד""צ","הגביע מוצרי וופלים בע""\מ",IL,רבע לשבע,,150.00,100 גרם,false,1,12.90,8.60,true,1,14982
7290106524439,false,"תפוצ'יפס פופס 60 גרם ""עלית""","שטראוס פריטו ליי בע""\מ )",IL,תפוציפס פופס,,50.00,100 גרם,false,1,5.90,11.80,true,1,20014
7290106525368,false,גלילי וופל רבע לשבע אין סייד אוט 125 גר,"הגביע מוצרי וופלים בע""\מ",IL,רבע שבע שחור לבן,,125.00,100 גרם,false,1,14.50,11.60,true,1,15847
7290106525405,false,קפסולות למכונת נספרסו נטול קפאין,שטראוס קפה בי.וי.,IL,קפסולות נטול קפאין,,1.00,יחידה,false,1,16.50,16.50,true,1,26804
7290106526822,false,פריכיות אורז חום מלא תחתית שוקולד חלב 80 גרם,"טחנת האבן תעשיות בע""",IL,פ.אנרגי ת.ש.חלב,,80.00,100 גרם,false,1,10.50,13.12,true,1,16028
7290106527386,false,אנרגי פריכיות מצופות שוקולד חלב 70ג,"שטראוס גרופ בע""\מ",IL,פרכיות אנרגי מצופות,,70.00,100 גרם,false,1,10.50,15.00,true,1,16027
7290106528567,false,"דוריטוס גריל 185 גרם ""עלית""","שטראוס פריטו ליי בע""\מ )",IL,דוריטוס גריל 185,,185.00,100 גרם,false,1,14.00,7.57,true,1,19762
7290106528628,false,"דוריטוס טבעי 185 גרם ""עלית""","שטראוס פריטו ליי בע""\מ )",IL,דוריטוס טבעי 185,,185.00,100 גרם,false,1,14.00,7.57,true,1,20851
7290106570023,false,"שטוחים שומשום כשל""פ 250ג","אסם השקעות בע""\מ",IL,ב.שטוחים שומשום כשלפ,,250.00,100 גרם,false,1,16.90,6.76,true,1,15035
7290106570177,false,בייגלה שטוחים מלח 250 גר,"אסם השקעות בע""\מ",IL,ב.שטוחים מלח 250גר,,250.00,100 גרם,false,1,16.90,6.76,true,1,15034
7290106571037,false,"מאגדת גומיגם 5יח כשל""פ",גלידות נסטלה )נגה גלידות,IL,גומיגם 5 יח מאגדת,,450.00,100 גרם,false,1,30.90,6.87,true,1,16054
7290106571792,false,קרחון ענבים ויטמנציק נסטלה,גלידות נסטלה )נגה גלידות,IL,קרחון ויטמינציק ענב,,80.00,100 גרם,false,1,4.00,5.00,true,1,15200
7290106574120,false,שלגון שרבט סוכריות גומיגם נסטלה 90 גרם,גלידות נסטלה )נגה גלידות,IL,גומיגם חדש,,90.00,100 גרם,false,1,10.90,12.11,true,1,16232
7290106574953,false,בייגלה שטוחים כעכים שטוחים עם שומשום,מיוצר עי קונדיטוריית,IL,שטוחים שומשום 300ג,,300.00,100 גרם,false,1,14.90,4.97,true,1,15773
7290106574977,false,בייגלה שטוחים כעכים שטוחים עם מלח,מיוצר עי קונדיטוריית,IL,בייגלה שטוחים 300ג,,300.00,100 גרם,false,1,14.90,4.97,true,1,15747
7290106576223,false,"אפרופו שוקולד 40 גרם ""אסם""",מיוצר עי קונדיטוריית,IL,אפרופו שוקולד 40גר,,40.00,100 גרם,false,1,7.90,19.75,true,1,18437
7290106576797,false,"לה קרמריה גלידת וניל איטלקי כשל""פ 1.4ל'",תות תעשיות מזון (201,IL,לה קרמריה גלידת וניל,,1.40,1 ליטר,false,1,26.90,19.21,true,1,16192
7290106576810,false,גלידה לה קרמריה ריבת חלב 1.4 ל' נסטלה,לה קרמריה- נסטלה,IL,לה קרמריה ריבת חלב,,1.40,1 ליטר,false,1,26.90,19.21,true,1,16195
7290106576834,false,גלידה לה קרמריה פונטש בננה1.4 ל' נסטלה,תות תעשיות מזון (201,IL,לה קרמריה פונטש בננה,,1.40,1 ליטר,false,1,26.90,19.21,true,1,16194
7290106576858,false,גלידה לה קרמריה תותים בשמנת 1.4 ל' נסטלה,גלידות נסטלה )נגה גלידות,IL,לה קרמריה תות שמנת,,1.40,1 ליטר,false,1,26.90,19.21,true,1,16199
7290106576971,false,גלידה לה קרמריה שוקולד בלגי 1.4 ל' נסטלה,תות תעשיות מזון (201,IL,לה קרמריה ג.שוקולד,,1.40,1 ליטר,false,1,26.90,19.21,true,1,16198
7290106576995,false,גלידה סורבה לה קרמריה תות מנגו לייט 1.4 ל' נסטלה,גלידות נסטלה )נגה גלידות,IL,לה קרמריה לייט סורבה,,1.40,1 ליטר,false,1,26.90,19.21,true,1,21743
7290106577039,false,גלידה לה קרמריה שוקו וניל פליק 1.4 ל' נסטלה,תות תעשיות מזון (201,IL,לה קרמריה שוקו פליק,,1.40,1 ליטר,false,1,26.90,19.21,true,1,16197
7290106577282,false,טחינה אמיתית מרובע 400 ג' צבר,סלטי צבר,IL,צבר טחינה מרובע400,,400.00,100 גרם,false,1,15.90,3.98,true,1,26304
7290106577480,false,חציל על האש בטחינה400גר,סלטי צבר,IL,צבר חציל על האש400,,400.00,100 גרם,false,1,15.90,3.98,true,1,26321
7290106577503,false,חציל במיונז מרובע 400גרם,סלטי צבר,IL,צבר חציל במיונז 400ג,,400.00,100 גרם,false,1,15.90,3.98,true,1,26303
7290106578692,false,ביסלי במבה מיקס מהדורת אליפות אסם 80 גרם,פרו מן יו פתרונות אר,IL,במבה ביסלי מיקס 80,,80.00,100 גרם,false,1,7.90,9.88,true,1,16215
7290106578821,false,הבית עוגת שמרים קלאסית בטעם שוקולד 350גר.,מיוצר עי קונדיטוריית,IL,עוגת הבית שמרים שוקו,,350.00,100 גרם,false,1,22.90,6.54,true,1,17166
7290106650930,false,קפה טורקי עלית שקית 85 גרם,Unknown,,טורקי 85 גרם,,85.00,100 גרם,false,1,8.90,10.47,false,1,25930
7290106652996,false,מקלות כיף כף קוקוס עלית 40 גרם,סולן בעבור שטראוס,TR,כיף כף מקלות קוקוס,,40.00,100 גרם,false,1,7.50,18.75,true,1,15683
7290106653504,false,סבבה בוטנים אמריקאים ברביקיו 50 גרם,"שטראוס פריטו ליי בע""",IL,סבבה בוטנים ברבקיו,,50.00,100 גרם,false,1,3.50,7.00,true,1,15882
7290106656512,false,וופל טורטית עם קרם ש,שטראוס גרופ,IL,בפלות טורטית 360 גרם,,360.00,100 גרם,false,1,21.00,5.83,true,1,16630
7290106658479,false,עלית וופל בטעם טורטית אגוזים 40ג,"שטראוס גרופ בע""\מ",IL,טורטית 40 גר,,40.00,100 גרם,false,1,6.90,17.25,true,1,18244
7290106660649,false,חטיף ציטוס קראנץ בוט,"שטראוס פריטו ליי בע""\מ )",IL,ציטוס בוטנים,,80.00,100 גרם,false,1,6.60,8.25,true,1,19071
7290106662025,false,תפוציפס טבעי מלח ופלפל 50 גרם,"שטראוס פריטו ליי בע""",IL,תפוציפס טבעי 50גרם,,50.00,100 גרם,false,1,5.90,11.80,true,1,18858
7290106662223,false,"אפיפיות שוקולד לל""ג400ג","שטראוס גרופ בע""\מ",IL,אפיפיות ללג רבנות,,250.00,100 גרם,false,1,18.00,7.20,true,1,18687
7290106662384,false,בונ.איחולים מתוקים 42גרם,תופינית,IL,איחולים מתוקים 42,,42.00,100 גרם,false,1,12.00,28.57,true,1,16882
7290106662964,false,עלית סוכריות נוסטלגיה גומי יין 100גר,טופגאם תעשיות ממתקים,IL,סוכריות גומי יין,,100.00,100 גרם,false,1,6.90,6.90,true,1,17185
7290106663121,false,"עוגה אישית במילוי קרם חלב ""מילקי קייק"" שטראוס",בובארד איטליה אס.פי.איי,IT,מילקי CAKE,,34.00,100 גרם,false,1,4.20,12.35,true,1,17414
7290106664067,false,לאבנה עם שמן זית וזעתר 10% שטראוס 400 ג',הדקלאים אגודת שיתופי,IL,לאבנה שמן זית וזעתר,,400.00,100 גרם,false,1,18.40,4.60,true,1,26026
7290106667266,false,"דוריטוס חמוץ חריף 185 גרם ""עלית""","שטראוס פריטו ליי בע""\מ )",IL,דוריטוס חמוץ חריף,,185.00,100 גרם,false,1,14.00,7.57,true,1,19761
7290106669406,false,רבע לשבע מוס אגוזים100ג,"הגביע מוצרי וופלים בע""\מ",IL,מוס רבע לשבע אגוזים,,100.00,100 גרם,false,1,18.90,18.90,true,1,23397
7290106669857,false,קפסולות אספרסו בטעם וניל עלית 10 יחידות,הנסיך- מפעל לייצור ט,IL,עלית ת. נספרסו וניל,,10.00,יחידה,false,1,16.50,1.65,true,1,24035
7290106720626,false,צ'יטוס קראנצ' בטעם גבינה - חלבי,"שטראוס פריטו ליי בע""\מ )",IL,ציטוס גבינה 80 גר,,80.00,100 גרם,false,1,6.60,8.25,true,1,19072
7290106721906,false,צנצנת בזוקה מגדים ציקלט 66 גרם,"שטראוס גרופ בע""מ",IL,בזוקה צנצנת מסטיקים,,66.00,100 גרם,false,1,8.90,13.48,true,1,17179
7290106721913,false,מסטיק מאסט MUST ללא סוכר בטעם מנטה מרעננת,"שטראוס גרופ בע""מ",IL,מאסט צנצנת ריח פה,,66.00,100 גרם,false,1,8.90,13.48,true,1,17178
7290106721920,false,צנצנת מסטיק מאסט בטעם ספירמינט עדין 66 ג' עלית,"שטראוס גרופ בע""\מ.",IL,מאסט צנצנת ספרמנט,,66.00,100 גרם,false,1,8.90,13.48,true,1,17180
7290106725966,false,מטבעות שוקולד חלבי 42גרם,שטראוס גרופ,IL,מטבעות שוקולד חלב,,42.00,100 גרם,false,1,6.90,16.43,true,1,17499
7290106727984,false,"כיף כף פצפצים בגביע 135 גרם ""עלית""",שולן צ'\יקולטה גידה סאן.,TR,כיףכף גביע פצפצים135,,135.00,100 גרם,false,1,15.90,11.78,true,1,18272
7290106728127,false,חלב טבעי בקבוק3.6% 1ליטר,מחלבת יטבתה,IL,יטבתה חלב טבעי בקבוק,,1.00,1 ליטר,false,1,8.90,8.90,true,1,17605
7290106729421,false,עוגת בראוניז טורטית380ג,"שטראוס גרופ בע""\מ",IL,ע.בראוניז טורטית בדצ,,380.00,100 גרם,false,1,20.50,5.39,true,1,19557
7290107280112,false,נייר טואלט סופט סילק 24 גליל,"סנו מפעלי ברונוס בע""\מ",IL,נייר טואלט סופט 24יח,,24.00,יחידה,false,1,26.90,1.12,true,1,26299
7290107280723,false,נוזל לניקוי כלים סנו ספארק Spark בניחוח לימון רענן,סנו כימיקלים,IL,ספארק 700 לימון,,0.00,,false,1,10.90,0.00,true,1,27114
7290107280761,false,נוזל לניקוי כלים בניחוח לימון רענן סנו ספארק Spark,מיוצר עי קונדיטוריית,IL,ספארק משאבה לימון 1ל,,0.00,,false,1,13.90,0.00,true,1,27115
7290107646147,false,חטיף דגנים שוגי קורנפלקס שישייה * 26 ג',יוניליוור ישראל מזון בעמ,IL,מ.שוגי קורנפלקס שישה,,156.00,100 גרם,false,1,18.00,11.54,true,1,22070
7290107646826,false,שוגי חטיף פתיתי תירס קלויים בטעם שוקולד,יוניליוור ישראל מזון בעמ,IL,מ.שוגי בטעם שוקו,,156.00,100 גרם,false,1,18.00,11.54,true,1,25946
7290107646833,false,שוגי חטיף עם פצפוצי שוקולד לבן ושוקולד חלב,יוניליוור ישראל מזון בעמ,IL,מ.שוגי עם שוקולד לבן,,138.00,100 גרם,false,1,18.00,13.04,true,1,22600
7290107647625,false,מאגדת קורנטו וניל כשר לפ,"מיוצר ע""\י גלידת שטראוס",IL,מאגדת קורנטו כשלפ,,315.00,100 גרם,false,1,36.00,11.43,true,1,21141
7290107647632,false,קורנטו וניל כשר לפסח,"גלידת שטראוס בע""\מ, רח'",IL,טילון קונטו וניל,,63.00,100 גרם,false,1,10.00,15.87,true,1,21142
7290107647649,false,קרחון שרבט פרווה קוקוס אננס,"גלידת שטראוס בע""\מ",IL,סולרו קוקוס אננס יח,,62.00,100 גרם,false,1,8.90,14.35,true,1,21044
7290107647854,false,"שוגי מופחת סוכר תלמה 500 ג' בד""צ",יוניליוור ישראל מזון בעמ,IL,שוגי 20% מופחת סוכר,,500.00,100 גרם,false,1,25.90,5.18,true,1,26946
7290107649681,false,טילון פסק זמן - נוגט קראנץ',"מיוצר ע""\י גלידת שטראוס",IL,קורנטו פסק זמן,,64.00,100 גרם,false,1,10.00,15.62,true,1,21246
7290107649780,false,שלגון שוקובו שוקו 85,"מיוצר ע""\י גלידת שטראוס",IL,שוקובו שוקו,,85.00,100 גרם,false,1,11.50,13.53,false,1,21248
7290107649858,false,טילון מגנוםלבן -גלידת שמנת,"מיוצר ע""\י גלידת שטראוס",IL,טילון מגנום לבן,,100.00,100 גרם,false,1,12.50,12.50,true,1,21763
7290107865203,false,סמארט 4500 שאיפות אב,shenzhen shengsi,CN,סמארט אבטיח אייס,,0.00,,false,1,119.90,0.00,false,1,25429
7290107865234,false,סמארט 4500 שאיפות תו,shenzhen shengsi,CN,סמארט תות אייס,,0.00,,false,1,119.90,0.00,false,1,25430
7290107865241,false,סמארט 4500 שאיפות מנ,shenzhen shengsi,CN,סמארט מנגו אייס,,0.00,,false,1,119.90,0.00,false,1,25431
7290107865258,false,סמארט 4500 שאיפות ענ,shenzhen shengsi,CN,סמארט ענבים אייס,,0.00,,false,1,119.90,0.00,false,1,25432
7290107870047,false,טילון אקסטרים115-120 גרם ענק נסטלה 120 גרם,תות תעשיות מזון (201,IL,אקסטרים ענק בראוניז,,120.00,100 גרם,false,1,12.90,10.75,true,1,16855
7290107871532,false,מאגדת קרחוני מלון דובדבן נסטלה 10 יחידות,גלידות נסטלה )נגה גלידות,IL,מאגדת קרחונים דובדבן,,750.00,100 גרם,false,1,19.90,2.65,true,1,17332
7290107871600,false,חלה קלועה מקמח חיטה,בונז'ור,IL,חלה קלועה חיטה מלא,,560.00,100 גרם,false,1,14.00,2.50,true,1,24988
7290107871723,false,פריכיות גדול שוקו100כשלפ,מיוצר עי קונדיטוריית,BE,פיטנס פריכ שו כלפ,,100.00,100 גרם,false,1,10.90,10.90,true,1,20150
7290107871990,false,"פסטה צינורות 500 גרם ""אסם""",פסטה זארה,IT,פסטה צינורות אסם,,500.00,100 גרם,false,1,7.50,1.50,false,1,26009
7290107875400,false,גלידה לה קרמריה פיסטוק מוקה 1.4 ל' נסטלה,גלידות נסטלה )נגה גלידות,IL,לה קרמריה פיסטוק,,1.40,1 ליטר,false,1,26.90,19.21,true,1,21742
7290107879521,false,קרחוני לה פרוטה La Frutta תות שדה - 5 יח',גלידות נסטלה )נגה גלידות,IL,מאגדת להפרוטה תות,,350.00,100 גרם,false,1,27.90,7.97,true,1,20093
7290107879569,false,קרחון לה פרוטה שרבט מנגו מאגדת 5יח',גלידות נסטלה )נגה גלידות,IL,מאגדת להפרוטה מנגו,,350.00,100 גרם,false,1,27.90,7.97,true,1,20094
7290107879620,false,שלגון לה פרוטה מלון תפוח נסטלה 70ג',גלידות נסטלה )נגה גלידות,IL,לה פרוטה תפוח מלון,,70.00,100 גרם,false,1,9.90,14.14,true,1,17941
7290107879644,false,גלידה לה פרוטה בננה תמר פקאן 70 גר,המאפיה של הרמן,IL,לה פרוטה בננה תמר,,70.00,100 גרם,false,1,9.90,14.14,true,1,17942
7290107879668,false,קרחון לה פרוטה תות 70 ג' נסטלה,גלידות נסטלה )נגה גלידות,IL,לה פרוטה שלגון תות,,70.00,100 גרם,false,1,9.90,14.14,true,1,17810
7290107879699,false,קרחון שרבט מנגו לה פרוטה נסטלה 70 גרם,גלידות נסטלה )נגה גלידות,IL,לה פרוטה שלגון מנגו,,70.00,100 גרם,false,1,9.90,14.14,true,1,17811
7290107879712,false,שלגון לה פרוטה פירות אדומים 70 גרם,נסטלה גלידות,IL,לה פרוטה פ.אדומים,,70.00,100 גרם,false,1,8.90,12.71,true,1,17812
7290107931397,false,כיף כף פצפוצים במילוי שוקולד 40 גרם,שולן צ'\יקולטה גידה סאן.,TR,כיף כף פצפצים 40 גר,,40.00,100 גרם,false,1,7.50,18.75,true,1,18073
7290107931465,false,פריכיות תחתית שוק.לבן70ג,"שטראוס גרופ בע""\מ",IL,אנרגי פ.שוקולד לבן,,70.00,100 גרם,false,1,10.50,15.00,true,1,17699
7290107932080,false,חלב מועשר יוטבתה בבקבוק 3% 1 ליטר,מחלבת יטבתה,IL,חלב בקבוק 3% מועשר,,1.00,1 ליטר,false,1,8.90,8.90,true,1,17607
7290107932127,false,חלב מועשר2% בקבוק 1ליטר,STRAUSS-ISRAEL,IL,חלב בבקבוק 2% מועשר,,1.00,1 ליטר,false,1,8.90,8.90,true,1,26490
7290107932134,false,חלב מועשר יוטבתה בבקבוק 1% 1 ליטר,מחלבת יטבתה,IL,חלב בקבוק 1% מועשר,,1.00,1 ליטר,false,1,8.90,8.90,true,1,17608
7290107933315,false,חלב דל לקטוז בקבוק2% 1ל,מחלבת יטבתה,IL,יטבתה חלב בבקבוק ד.ל,,1.00,1 ליטר,false,1,8.90,8.90,false,1,24893
7290107933643,false,"ארוחה קטנה בבקבוק בננה 250 מ""ל",מחלבת יטבתה,IL,ארוחה בבקבוק בננה,,250.00,"100 מ""ל",false,1,5.90,2.36,true,1,17946
7290107933650,false,ארוחה קטנה בבקבוק תות250,מחלבת יטבתה,IL,ארוחה בבקבוק תות,,250.00,"100 מ""ל",false,1,5.90,2.36,false,1,17947
7290107936309,false,דנונה יוגורט 7% יווני לבן 130 ג',"שטראוס בריאות בע""מ",IL,דנונה יווני לבן,,120.00,100 גרם,false,1,4.00,3.33,true,1,25995
7290107936958,false,עד חצות ביסקוויט אצבעות שוקולד 125 גרם,ביסקוויטס טור ד'\אלבון,FR,מארז עד חצות אצבעות,,125.00,100 גרם,false,1,15.90,12.72,true,1,19767
7290107936965,false,עיגולים עד חצות עם שוקולד חלב 225 גר,ביסקווטרי עוגיות סנט,FR,מארז עד חצות עיגולים,,225.00,100 גרם,false,1,19.50,8.67,true,1,19768
7290107937627,false,מסטיק מאסט Must קוביות ללא סוכר בטעם מנטה עדינה,אסקום קונפקשיין,DE,מאסט צנצנת ספירמינט,,58.00,100 גרם,false,1,8.90,15.34,true,1,18520
7290107937634,false,צנצנית מסטיק מאסט קוביות פפירמינט 58 ג' עלית,אסקום קונפקשיין,DE,מאסט צנצנת פפירמינט,,58.00,100 גרם,false,1,8.90,15.34,true,1,18521
7290107937641,false,צנצנת מסטיק בזוקה קוביות ללא סוכר,אסקום קונפקשיין,DE,מאסט צנצנת בזוקה,,58.00,100 גרם,false,1,8.90,15.34,true,1,18522
7290107937665,false,פרה מיני ביסקוויט,Unknown,,פרה מיני ביסקוויט,,20.00,100 גרם,false,1,3.10,15.50,true,1,22970
7290107938396,false,שמיניית אקטימל תות דיסני בנים 108 גרם,מיוצר עי קונדיטוריית,IL,אקטימל שמיניה תות,,800.00,"100 מ""ל",false,1,26.00,3.25,true,1,27133
7290107940467,false,אקטיביה יוגורט 1.5% שומן 200 ג' דנונה,מיוצר עי קונדיטוריית,IL,אקטיביה 1.5%,,200.00,100 גרם,false,1,4.80,2.40,false,1,22531
7290107942355,false,תפוצ'יפס מקלות בטעם טבעי 60 גרם,"שטראוס פריטו ליי בע""",IL,תפוציפס מקלות טבעי,,60.00,100 גרם,false,1,5.90,9.83,true,1,18596
7290107943048,false,ופל טורטית מוקטן 90,"שטראוס גרופ בע""מ",IL,וופל טורטית 90 גר,,90.00,100 גרם,false,1,7.50,8.33,true,1,18525
7290107944236,false,עוגת רולדה קרם קפה נ,Unknown,,עלית רולדה קפה נמס,,350.00,100 גרם,false,1,18.90,5.40,true,1,24772
7290107944243,false,אפיפיות בטעם שוקולד 200 גרם כשר לפסח,"שטראוס גרופ בע""\מ",IL,אפיפיות200 ג ל.גלוטן,,200.00,100 גרם,false,1,10.00,5.00,true,1,19632
7290107944366,false,גלילי וופל רבע לשבע,"הגביע מוצרי וופלים בע""\מ",IL,רבע לשבע לבן בדצ,,120.00,100 גרם,false,1,12.90,10.75,true,1,18844
7290107944410,false,חלב מועשר 1% יטבתה כד 2ל,שטראוס,IL,חלב 1% בקבוק,,2.00,1 ליטר,false,1,17.00,8.50,false,1,26491
7290107944472,false,סימפוניה גבינה במרקם שמנת 5% שום שמיר,"שטראוס בריאות בע""\מ",IL,סימפוניה שום שמיר 5%,,200.00,100 גרם,false,1,12.50,6.25,true,1,25177
7290107945332,false,בפלות טראפלס בדצ,Unknown,,בפלות טראפלס בדצ,,87.50,100 גרם,false,1,7.50,8.57,true,1,19526
7290107947480,false,אנרגי חטיפי דגנים מצופה אגוזים ושוקולד 6,"שטראוס גרופ בע""\מ",IL,מ.מצופה שוקולד חלב,,168.00,100 גרם,false,1,16.00,9.52,true,1,22079
7290107947497,false,אנרגי תחתית פסז,Unknown,,אנרגי תחתית פסז,,33.00,100 גרם,false,1,5.00,15.15,true,1,20580
7290107947503,false,אנרגי מצופה שוקולד,Unknown,,אנרגי מצופה שוקולד,,28.00,100 גרם,false,1,5.00,17.86,true,1,20581
7290107947992,false,שוקולד אקסטרה חלב 100 גרם,"שטראוס גרופ בע""\מ",IL,שוקולד אקסטרה חלב,,100.00,100 גרם,false,1,9.90,9.90,true,1,20652
7290107948029,false,שוק.אקסטרה צימוק+אגוז100,"שטראוס גרופ בע""\מ",IL,ש.אקסטרה צימוק ושקד,,100.00,100 גרם,false,1,9.00,9.00,true,1,20654
7290107950190,false,מעדן חלב דל קלוריות בטעם שוקולד מריר 0.5% שומן,מיוצר עי קונדיטוריית,IL,מ.שטראוס דיאט שוקולד,,125.00,100 גרם,false,1,4.20,3.36,true,1,27164
7290107950206,false,מעדן חלב דל קלוריות בטעם שוקולד 0% שומן,מיוצר עי קונדיטוריית,IL,מ.שטראוס דיאט שוקולד,,125.00,100 גרם,false,1,4.20,3.36,true,1,27163
7290107951104,false,בפלות ופלים ארוכים בטעם שוקולד,"שטראוס גרופ בע""\מ",IL,בפלות שוקולד 200 גר,,200.00,100 גרם,false,1,6.50,3.25,true,1,18562
7290107951111,false,בפלות ופלים ארוכים בטעם לימון,"א.ג. גילרו בע""\מ",IL,בפלות לימון 200 גר,,200.00,100 גרם,false,1,6.50,3.25,true,1,18563
7290107951548,false,שוקולד בלונדי שקדים100ג,"שטראוס גרופ בע""\מ",IL,בלונדי שוקולד שקדים,,100.00,100 גרם,false,1,10.90,10.90,true,1,19674
7290107951623,false,שוקולד פרה בלונדי קרמל ומלח,"שטראוס גרופ בע""\מ",IL,בלונדי שוקולד קרמל,,100.00,100 גרם,false,1,10.90,10.90,true,1,19675
7290107951715,false,צנצנת מסטיק מאסט קוביות בטעם ענבים 58 ג' עלית,אסקום קונפקשיין,IL,מאסט צנצנת ענבים,,58.00,100 גרם,false,1,8.90,15.34,true,1,18861
7290107954457,false,בראוניז פסק זמן 380 גרם,"שטראוס גרופ בע""\מ",IL,עוגת בראוניז פז בדצ,,380.00,100 גרם,false,1,20.50,5.39,true,1,19597
7290107954976,false,"משקה יטבתה חלבון פרו קפה 350מ""ל",מחלבת יטבתה,DE,משקה יטבתה פ.קפה 350,,300.00,"100 מ""ל",false,1,7.90,2.63,true,1,19598
7290107956826,false,עוגיות שוקוצ'יפס לבן180ג,"שטראוס גרופ בע""\מ",IL,ע.שוקוציפס ת. לבן,,180.00,100 גרם,false,1,12.00,6.67,true,1,19635
7290107956833,false,עוגיות שוקוצ'יפס חלב180ג,"שטראוס גרופ בע""\מ",IL,ע.שוקוציפס ת. חלב,,180.00,100 גרם,false,1,12.00,6.67,true,1,19636
7290107956901,false,קפסולות בטעם אגוזים למכונת נספרסו עלית 10 יחידות,שטראוס קפה בי.וי.,IL,עלית ת.נספרסו א.לוז,,10.00,יחידה,false,1,16.50,1.65,true,1,24036
7290107956925,false,קפסולות 13 אוגנדה למכונת נספרסו עלית 10יח',שטראוס קפה בי.וי.,IL,עלית ת. נספרסו 13,,10.00,יחידה,false,1,16.50,1.65,true,1,24037
7290107956932,false,קפסולות אספרסו אידונזיה למכונות 50 גר,שטראוס קפה בי.וי.,IL,קפסולות 12 אינדונזיה,,10.00,יחידה,false,1,16.50,1.65,false,1,26150
7290107957991,false,מילקי CAKE מיניס קרם חלב בציפוי שוקולד חלב שקית 16X9ג',בובארד איטליה אס.פי.איי,IT,מילקי מינייס,,144.00,100 גרם,false,1,12.90,8.96,true,1,25634
7290107958523,false,רבע לשבע מוס חלבה 100גרם,"הגביע מוצרי וופלים בע""\מ",IL,מוס רבע לשבע חלבה,,100.00,100 גרם,false,1,18.90,18.90,true,1,23399
7290107958677,false,אצבעות שוקולד קרם חלב ו,"שטראוס גרופ בע""\מ",IL,א.שוקולד ועדשים,,96.00,100 גרם,false,1,10.90,11.35,true,1,25454
7290107974066,false,"עלי טורטיה קמח מלא 20ס""מ 8יח' מאסטר שף 320ג'",אלקאטי קורביישיסי גי,ES,עלי טורטיה 5 דגנים,,320.00,100 גרם,false,1,11.90,3.72,true,1,26608
7290108502220,false,"פחם אקולוגי 2 ק""ג","ג'לו השקעות בע""מ",ZA,פחם גלו 2 קג,,2.00,"1 ק""ג",false,1,20.00,10.00,true,1,21794
7290108509359,false,פופקורן בציפוי בטעם קרמל ויליפוד 90 גרם,סנרו ס.א,UA,פופקורן צ.קרמל 90ג,,90.00,100 גרם,false,1,8.90,9.89,true,1,25662
7290108509946,false,טורטייה קטנה ויליפוד,מוטלוקל גידה סאנאי טיקרט,TR,טורטייה 250 גרם,,250.00,100 גרם,false,1,5.90,2.36,false,1,25484
7290108509960,false,נתחי טונה בהירה בשמן זית כתית מעולה - מארז 3 יח',וילי פוד,TH,טונה ש.זית שלישייה,,80.00,100 גרם,false,1,15.90,19.88,false,1,25485
7290108941050,false,כריך בלחמניה טריפל 225ג,Unknown,IL,עינת טריפל בשר שמינ,,220.00,100 גרם,false,1,18.00,8.18,true,1,18533
7290108941067,false,כריך בלחמניה שקשוקה 220,Unknown,IL,כריך שקשוקה,,220.00,100 גרם,false,1,18.00,8.18,true,1,18534
7290108941074,false,טוסט גבינה ופטריות 200 ג,Unknown,IL,טוסט גבינה ופטריות,,200.00,100 גרם,false,1,18.00,9.00,true,1,19190
7290108941203,false,כריך בלחמניה שניצל 270 ג,Unknown,IL,עינת שמינייה שניצל,,270.00,100 גרם,false,1,18.00,6.67,true,1,20608
7290108941210,false,כריך בלחמניה שווארמה250ג,Unknown,IL,עינת שמינייה שווארמה,,250.00,100 גרם,false,1,18.00,7.20,true,1,20609
7290108941630,false,פשוטוסט-טוסט צהובה 2,עינת,IL,פשוטוסט,,215.00,100 גרם,false,1,21.00,9.77,false,1,23602
7290108941692,false,כריך שמיניה סלט ביצי,עינת,IL,כריך סלט ביצים,,0.00,,false,1,18.00,0.00,true,1,25072
7290108941746,false,גבטה טוניסאי 305גרם,עינת,IL,כריך גבטה טוניסאי,,1.00,יחידה,false,1,22.00,22.00,false,1,25964
7290108941753,false,גבטה דאבל בשר 295גרם,עינת,IL,גבטה דאבל בשר,,295.00,100 גרם,false,1,22.00,7.46,false,1,24329
7290108941760,false,כריך גבטה סביח,עינת,IL,כריך גבטה סביח,,1.00,יחידה,false,1,22.00,22.00,false,1,25965
7290108941777,false,גבטה לאבנה ים ת.,Unknown,,גבטה לאבנה ים ת.,,290.00,100 גרם,false,1,22.00,7.59,false,1,24330
7290108941845,false,כריך גבטה גבינות,Unknown,,כריך גבטה גבינות,,1.00,יחידה,false,1,22.00,22.00,false,1,25966
7290109351209,false,שלגון לה פרוטה אננס תפוז נסטלה 70ג',גלידות נסטלה )נגה גלידות,IL,לה פרוטה אננס תפוז,,80.00,100 גרם,false,1,9.90,12.38,true,1,17948
7290109351957,false,פריכיות אורז מלא פיטנס עם שכבת שוקולד חלב,סנורייס בלגיום אן. ו,BE,פיטנס פריכיות שוקולד,,100.00,100 גרם,false,1,11.00,11.00,true,1,20417
7290109351971,false,פריכיות דגנים פיטנס מצופות שוקולד חלב,פרח תעשיות,IL,מ.פיטנס בר פ.שוקולד,,84.00,100 גרם,false,1,17.90,21.31,true,1,19599
7290109355504,false,שלגון קראנץ וניל ליבת נוגט נסטלה 100 גרם,נטו מלינדה-בשר,IL,קראנץ וניל ונוגט,,114.00,100 גרם,false,1,13.90,12.19,true,1,18552
7290109358130,false,לה פרוטה אננס פסיפלורה מנגו מאגדת 5 יח',גלידות נסטלה )נגה גלידות,IL,לה פרוטה אננס פסיפלו,,300.00,100 גרם,false,1,27.90,9.30,true,1,19974
7290109358765,false,דגני בוקר קראנץ' רולס נוגט 450 גרם,"אסם השקעות בע""\מ",IL,קראנץ רולס 450 גרם,,450.00,100 גרם,false,1,27.90,6.20,true,1,26088
7290110110277,false,"סומרסבי סיידר תפוחים אלכוהולי 4*300 מ""ל","קרלסברג קרואטיה , יב",HR,סומרסבי רביעייה,,0.00,,false,1,44.90,0.00,false,1,20487
7290110110352,false,"בירה קרלסברג 330X6מ""ל יבוא",קרלסברג רומניהיבואן:,RO,קרלסברג 0% 330,,330.00,"100 מ""ל",false,1,10.00,2.94,true,1,22540
7290110110635,false,ספרייט 0.5 ליים חייב פקדון,החברה המרכזית לייצור,IL,ספרייט ליים 500 מל,,500.00,"100 מ""ל",false,1,9.90,1.92,true,1,20314
7290110110659,false,"ספרייט לימון ליים פחית 330מ""ל",החברה המרכזית לייצור משק,IL,ספרייט LIME סליק,,330.00,"100 מ""ל",false,1,8.90,2.61,true,1,27189
7290110110765,false,פיוז טי גרין בטעם לימון נענע 500 מל,מבשלות בירה בינלאומי,IL,פיוז טי לימונענע,,500.00,"100 מ""ל",false,1,9.90,1.92,true,1,20589
7290110111557,false,"משקה ספורט איזוטוני בטעם פירות 500 מ""ל פאוורייד",Caslino al Piano pla,IT,פאוורייד בטעם פירות,,500.00,"100 מ""ל",false,1,10.90,2.12,true,1,20990
7290110111564,false,"משקה ספורט איזוטוני בטעם הדרים ליין 500 מ""ל פאוורייד",פאווראייד POWERADE,IT,פאוורייד הדרים,,500.00,"100 מ""ל",false,1,10.90,2.12,true,1,20991
7290110113377,false,מארז רביעיית קוקה קולה 1 ליטר,החברה המרכזית לייצור משק,IL,קוקה קולה 1ל-רביעייה,,4.00,1 ליטר,false,1,39.90,9.68,true,1,24038
7290110113384,false,מארז רביעיות קוקה קולה 1 ליטר ZERO,החברה המרכזית לייצור משק,IL,קולה זירו 1ל רביעייה,,4.00,1 ליטר,false,1,39.90,9.68,true,1,24039
7290110113421,false,"בירה מעוננת קרלסברג luma 330 מ""ל",מבשלות בירה בינלאומיות ב,IL,קרלסברג לומה 330,,330.00,"100 מ""ל",false,1,16.00,4.76,true,1,23166
7290110113476,false,בירה קרלסברג ללא אלכוהול - שישייה,קרלסברג רומניהn\יבואן:מב,RO,קרלסברג 0% שישייה,,1.98,1 ליטר,false,1,51.60,25.15,true,1,26302
7290110113490,false,"פיוז טי אפרסק 19 קלוריות 500 מ""ל",מבשלות בירה בינלאומיות ב,IL,פיוזטי אפרסק 16קל,,500.00,"100 מ""ל",false,1,8.00,1.54,true,1,23911
7290110113520,false,מי טוניק נגיעות הל,Unknown,,מי טוניק נגיעות הל,,200.00,"100 מ""ל",false,1,9.90,4.80,false,1,27255
7290110113551,false,ביטר למון 200 מל,Unknown,,ביטר למון 200 מל,,200.00,"100 מ""ל",false,1,9.90,4.80,false,1,27254
7290110113575,false,טוניק בטעם פירות יער,Unknown,,טוניק בטעם פירות יער,,200.00,"100 מ""ל",false,1,9.90,4.80,false,1,27253
7290110113599,false,סודה נורדיק 250 מל,החברה המרכזית למשקאו,IL,סודה נורדיק 250 מל,,250.00,"100 מ""ל",false,1,6.90,2.64,false,1,27251
7290110113643,false,גינגר אייל 200 מל,Unknown,,גינגר אייל 200 מל,,200.00,"100 מ""ל",false,1,9.90,4.80,false,1,27252
7290110113902,false,בירה טובורג פחית סלי,מבשלות בירה בינלאומי,IL,טובורג פחית 330 מל,,330.00,"100 מ""ל",false,1,10.90,3.21,true,1,24916
7290110114398,false,"נורדיק מיסט סודה לימון עדין 250 מ""ל",החברה המרכזית למשקאו,IL,סודה נורדיק לימון250,,250.00,"100 מ""ל",false,1,6.90,2.64,false,1,27249
7290110114404,false,"נורדיק מיסט סודה תפוח נענע עדין 250 מ""ל",החברה המרכזית למשקאו,IL,סודה נורדיק תפוח נענ,,250.00,"100 מ""ל",false,1,6.90,2.64,false,1,27250
7290110114770,false,פריגת ענבים 40% פחות סוכר 0.5 ליטר חייב,פריגת,,משקל ענבים 40% פ.סוכ,,500.00,"100 מ""ל",false,1,8.00,1.54,true,1,24917
7290110114787,false,נביעות+ מים מינרליים בטעם תפוח 1.5 ליטר,נביעות טבע הגליל בעמ,IL,נביעות+ תפוח 1.5 פ,,1.50,1 ליטר,false,1,13.90,9.07,true,1,25132
7290110114794,false,נביעות+ מים מינרליים בטעם אפרסק 1.5 ליטר,"נביעות טבע הגליל בע""\מ ,",IL,נביעות +אפרסק1.5 פ,,1.50,1 ליטר,false,1,13.90,9.07,true,1,25150
7290110114800,false,נביעות+ מים מינרליים בטעם ענבים 1.5 ליטר,"נביעות טבע הגליל בע""\מ",IL,נביעות +ענבים1.5 פ,,1.50,1 ליטר,false,1,13.90,9.07,true,1,25151
7290110114824,false,נביעות+רכיבי פרי אבטיח 1.5 ליטר פיקדון,"נביעות טבע הגליל בע""\מ",IL,נביעות+פ.אבטיח 1.5 פ,,1.58,"1 ק""ג",false,1,13.90,8.61,true,1,25152
7290110114862,false,מים מינרליים נביעות,נביעות,,נביעות 1.5 שמינייה פ,,12.00,1 ליטר,false,1,26.00,1.97,true,1,25193
7290110114893,false,פריגת סחוט טרי תפוז 2 ליטר,פריגת מצוננים,IL,פריגת סחוט תפוז 2 פ,,2.00,1 ליטר,false,1,32.00,15.85,true,1,26309
7290110114961,false,משקה קל תפוזים פריגת 1.5 ליטר,מבשלות בירה בינלאומיות ב,IL,פריגת תפוזים 1.5 פ,,1.50,1 ליטר,false,1,14.90,9.73,true,1,25153
7290110114985,false,משקה קל אשכוליות פריגת 1.5 ליטר,מבשלות בירה בינלאומיות ב,IL,פריגת אשכוליות 1.5 פ,,1.50,1 ליטר,false,1,14.90,9.73,true,1,25154
7290110115005,false,משקה קל ענבים פריגת 1.5 ליטר,מבשלות בירה בינלאומיות ב,IL,פריגת ענבים 1.5 פ,,1.50,1 ליטר,false,1,14.90,9.73,true,1,25155
7290110115029,false,"פריגת משק""ל תפוח 1.5 ליטר פיקדון",מבשלות בירה בינלאומיות ב,IL,פריגת תפוחים 1.5 פ,,1.50,1 ליטר,false,1,12.00,7.80,true,1,25212
7290110115043,false,משקה קל לימונענע פריגת 1.5 ליטר,מבשלות בירה בינלאומיות ב,IL,פריגת לימונענע 1.5פ,,1.50,1 ליטר,false,1,14.90,9.73,true,1,25156
7290110115050,false,פריגת מיקס תות בננה 1.5 ליטר פיקדון,מבשלות בירה בינלאומיות ב,IL,פריגת מ.תות בננה פ,,1.50,1 ליטר,false,1,14.90,9.73,true,1,25213
7290110115104,false,פריגת צלול אפרסק 1.5 ליטר פיקדון,מבשלות בירה בינלאומיות ב,IL,פריגת צ.אפרסק 1.5 פ,,1.50,1 ליטר,false,1,12.00,7.80,true,1,25157
7290110115111,false,פריגת צלול אננס 1.5 ליטר פיקדון,"מבשלות בירה לישראל בע""\מ",IL,פריגת צ.אננס 1.5 פ,,1.50,1 ליטר,false,1,12.00,7.80,true,1,25158
7290110115180,false,מים מינרלים נביעות 1.5 ליטר,"נביעות טבע הגליל בע""",IL,נביעות 1.5 ל בודד פ,,1.50,1 ליטר,false,1,9.50,6.13,true,1,25194
7290110115203,false,קוקה קולה 1.5 ליטר פיקדון,החברה המרכזית לייצור משק,IL,קוקה קולה 1.5 פ,,1.50,1 ליטר,false,1,14.90,9.73,true,1,25159
7290110115210,false,דיאט קוקה קולה 1.5 ליטר פיקדון,החברה המרכזית לייצור משק,IL,קוקה קולה דיאט 1.5 פ,,1.50,1 ליטר,false,1,14.90,9.73,true,1,25160
7290110115227,false,קוקה-קולה זירו בקבוק 1.5 ליטר,החברה המרכזית לייצור משק,IL,קוקה קולה 1.5 ZERO פ,,1.50,1 ליטר,false,1,14.90,9.73,true,1,25161
7290110115241,false,קוקה-קולה זירו לימון בקבוק 1.5 ליטר,החברה המרכזית לייצור משק,IL,קולה זירו לימון 1.5פ,,1.50,1 ליטר,false,1,14.90,9.73,true,1,25140
7290110115265,false,ספרייט לימון ליים 1.5 ליטר-,החברה המרכזית לייצור משק,IL,ספרייט ליים 1.5 פ,,1.50,1 ליטר,false,1,13.90,9.07,true,1,25162
7290110115272,false,ZERO ספרייט זירו 1.5 ליטר פיקדון,החברה המרכזית לייצור משק,IL,ספרייט זירו 1.5 פ,,1.50,1 ליטר,false,1,12.90,8.40,true,1,25163
7290110115296,false,משקה מוגז אורנג' פאנטה 1.5 ליטר,החברה המרכזית לייצור משק,IL,פאנטה אורנג 1.5 פ,,1.50,1 ליטר,false,1,13.90,9.07,true,1,25165
7290110115302,false,משקה מוגז אורנג' זירו פאנטה 1.5 ליטר,החברה המרכזית לייצור משק,IL,פאנטה אורנג ZERO פ,,1.50,1 ליטר,false,1,10.90,7.07,true,1,25392
7290110115357,false,קינלי סודה 1.5 ליטר פיקדון,החברה המרכזית לייצור משק,IL,קינלי סודה 1.5 פ,,1.50,1 ליטר,false,1,8.90,5.73,true,1,25214
7290110115364,false,שישייה קוקה קולה 1.5 ליטר פיקדון,החברה המרכזית לייצור משק,IL,קוקה קולה 6*1.5ל פ,,9.00,1 ליטר,false,1,57.30,6.17,true,1,25166
7290110115418,false,מארז שישייה קוקה קולה זירו 1.5 ל',החברה המרכזית לייצור משק,IL,קוקה קולה זירו6*1.5פ,,9.00,1 ליטר,false,1,54.10,5.81,true,1,25167
7290110115425,false,FUZE TEA גרין לימונענע -נענע 1.5 ליטר פיקדון,מבשלות בירה בינלאומיות ב,IL,פיוז טי לימונענע1.5פ,,1.50,1 ליטר,false,1,14.90,9.73,true,1,25168
7290110115449,false,אייס תה בטעם מנגו אננס 1.5ל' FUZE TEA,מבשלות בירה בינלאומיות ב,IL,פיוז טי מ.אננס1.5 פ,,1.50,1 ליטר,false,1,14.90,9.73,true,1,25169
7290110115456,false,"תה קר בטעם אפרסק 19 קלוריות ב- 100 מ""ל",מבשלות בירה בינלאומיות ב,IL,פיוזטי אפרסק 1.5 פ,,1.50,1 ליטר,false,1,14.90,9.73,true,1,25170
7290110115463,false,פיוז טי אפרסק 1.5 ליטר פיקדון,מבשלות בירה בינלאומיות ב,IL,פיוז טי אפרסק1.5 פ,,1.50,1 ליטר,false,1,14.90,9.73,true,1,25171
7290110115470,false,תה קר פיוז דייאט אפר,FUZE TEA,,פיוז טי ד.אפרסק1.5 פ,,1.50,1 ליטר,false,1,11.90,7.73,true,1,25172
7290110115494,false,תה קר בטעם ענבים פיוז טי 1.5 ליטר,מבשלות בירה בינלאומית בע,IL,פיוז טי ענבים 1.5 פ,,1.50,1 ליטר,false,1,14.90,9.73,true,1,25173
7290110115531,false,משקה מוגז תפוח זירו פאנטה 1.5 ליטר,החברה המרכזית לייצור משק,IL,פאנטה ZERO תפוח 1.5פ,,1.50,1 ליטר,false,1,10.90,7.07,true,1,26016
7290110115623,false,משקה פיוז טי זירו ZERO בטעם אפרסק,מבשלות בירה בינלאומיות ב,IL,פיוז טי ז.אפרסק 1.5,,1.50,1 ליטר,false,1,14.90,9.73,true,1,25102
7290110115654,false,"תה פיוז זירו גרין אננס 500 מ""ל",מבשלות בירה בינלאומי,IL,פיוז טי ז.גרין 500,,500.00,"100 מ""ל",false,1,8.00,1.54,true,1,25103
7290110115661,false,"פיוז טי זירו בטעם אפרסק 500 מ""ל",מבשלות בירה בינלאומי,IL,פיוז טי ז.אפרסק 500,,500.00,"100 מ""ל",false,1,9.90,1.92,true,1,25104
7290110115692,false,משקה קל בטעם מלון עם קוביות אלוורה,החברה המרכזית למשקאו,TW,פ.קוביות מ.אלוורה,,500.00,"100 מ""ל",false,1,10.90,2.12,true,1,26764
7290110115739,false,פריגת קוביות בטעם פינקולדה עם קוביות ג'ל קוקוס,החברה המרכזית למשקאו,TW,פריגת קוביות קוקוס,,500.00,"100 מ""ל",false,1,10.90,2.12,true,1,26765
7290110115845,false,קוקה קולה 1.5 ליטר פיקדון,"אינסטנטה בע""מ",IL,קוקה קולה 1.5 ל,,1.50,1 ליטר,false,1,14.90,9.73,true,1,25987
7290110115869,false,קוקה קולה זירו 1.5 ליטר פיקדון,תות תעשיות מזון (201,IL,ק.קולה 1.5 ZEROפקדון,,1.50,1 ליטר,false,1,14.90,9.73,true,1,27130
7290110115913,false,"משקה ספורט איזוטוני זירו בטעם אננס 500 מ""ל פאוורייד",Caslino al Piano pla,IT,פאוורייד ZERO אננס,,500.00,"100 מ""ל",false,1,9.90,1.92,true,1,25663
7290110116040,false,פאנטה זירו פירות כחול 1.5 ליטר,החברה המרכזית לייצור משק,IL,פאנטהZERO פ.כחול1.5,,1.50,1 ליטר,false,1,10.90,7.07,true,1,26434
7290110116057,false,"פאנטה ZERO  פירות ירוק 500 מ""ל",החברה המרכזית לייצור,IL,פאנטהZERO פ.כחול0.5,,500.00,"100 מ""ל",false,1,8.00,1.54,true,1,26435
7290110116064,false,פאנטה ZERO פירות ירוק 1.5 ליטר פיקדון,החברה המרכזית לייצור משק,IL,פאנטהZERO פ.ירוק 1.5,,1.50,1 ליטר,false,1,10.90,7.07,true,1,26436
7290110116071,false,ZERO פאנטה פירות יר,החברה המרכזית לייצור,IL,פאנטהZERO פ.ירוק0.5,,500.00,"100 מ""ל",false,1,8.00,1.54,true,1,26437
7290110116163,false,נביעות+מנגו פסיפל500,Unknown,,נביעות+מנגו פסיפל500,,500.00,"100 מ""ל",false,1,9.90,1.92,true,1,26846
7290110116187,false,נביעות+קוקוס אננס500,Unknown,,נביעות+קוקוס אננס500,,500.00,"100 מ""ל",false,1,9.90,1.92,true,1,26845
7290110116200,false,מים 0 קלוריות בטעם לימון-ליים 0.5 ל נביעות,"נביעות טבע הגליל בע""",TW,נביעות+לימון ליים0קל,,500.00,"100 מ""ל",false,1,9.90,1.92,true,1,26848
7290110116224,false,נביעות 0 קלוריות בטעם אשכולית 0.5 ליטר,"נביעות טבע הגליל בע""",TW,נביעות+אשכולית0קלו,,500.00,"100 מ""ל",false,1,9.90,1.92,true,1,26847
7290110116385,false,"פחיות סטפאני מרשמלו אבטיח תות זירו 330 מ""ל",החברה המרכזית לייצור משק,IL,קוקה קולה סטפאני,,330.00,"100 מ""ל",false,1,7.00,2.03,true,1,26565
7290110116484,false,פריגת סחוט מיקס תות בננה 1ליטר,פריגת מצוננים,IL,פריגת ת.בננה 1 ליטר,,1.00,1 ליטר,false,1,19.90,19.60,true,1,27012
7290110116491,false,פריגת סחוט מיקס אפרסק משמש 1ליטר,פריגת מצוננים,IL,פריגת אפרסק משמש,,1.00,1 ליטר,false,1,19.90,19.60,true,1,27013
7290110116514,false,פריגת סחוט מיקס תות בננה 400מל,פריגת,IL,פ.מיקס תות בננה,,400.00,"100 מ""ל",false,1,12.90,3.15,true,1,27092
7290110116521,false,"פריגת סחוט מיקס אפרסק משמש 400 מ""ל",פריגת,IL,פ. אפרסק משמש,,400.00,"100 מ""ל",false,1,12.90,3.15,true,1,27093
7290110116576,false,"ספרייט זירו LEMON HIT בקבוק 500 מ""ל",החברה המרכזית לייצור משק,IL,ספרייט ל.היט 0.5 ל,,500.00,"100 מ""ל",false,1,9.90,1.92,true,1,27014
7290110320744,false,גבינת גרנה פדנו פלח150ג,תנובה חלב,IT,גבינת גרנה פדנו 150ג,,150.00,100 גרם,false,1,25.90,17.27,false,1,26889
7290110320850,false,פתיתים גבינה חצי קשה מגורדת 28% שומן,תנובה מרכז שיתופי לש,IL,פתיתי עמק 200 גרם,,200.00,100 גרם,false,1,16.30,8.15,true,1,26947
7290110320935,false,גבינת מוצרלה תנובה 150ג' פרוסות,תנובה מרכז שיתופי לש,IL,תנובה פרוסות מוצרלה,,150.00,100 גרם,false,1,18.00,12.00,true,1,25883
7290110321031,false,מעדן חלב GO יוגורט מועשר בחלבון טבעי 200 ג' יופלה,"תנובה, מחלבת אלון תב",IL,יופלה GO לבן 200ג,,200.00,100 גרם,false,1,7.40,3.70,true,1,19885
7290110321048,false,יופלהGO מתיקות מעודנ200ג,תנובה חלב,IL,יופלהGO מתיקות מעודנ,,200.00,100 גרם,false,1,7.40,3.70,true,1,19886
7290110321277,false,קוטג' בקטנה 5% תנובה 100 גרם מהדרין,פארייפאבה אגרואינדוס,IL,קוטג בקטנה 5% 100ג,,100.00,100 גרם,false,1,2.70,2.70,true,1,26719
7290110321284,false,קוטג' בקטנה 9% תנובה 100 גרם מהדרין,פארייפאבה אגרואינדוס,IL,קוטג בקטנה 9% 100ג,,100.00,100 גרם,false,1,2.70,2.70,true,1,26720
7290110321680,false,יוגורט GO בטעם תות 20 גרם חלבון בגביע,מיוצר עי קונדיטוריית,IL,יופלה גו GO תות,,200.00,100 גרם,false,1,7.40,3.70,true,1,22521
7290110321697,false,יוגורט GO בטעם אפרסק 20 גרם חלבון בגביע,מיוצר עי קונדיטוריית,IL,יופלה GO אפרסק,,200.00,100 גרם,false,1,7.40,3.70,true,1,26234
7290110321703,false,יוגורט עם פירות יער בתוספת חלבוני חלב 2% שומן,מיוצר עי קונדיטוריית,IL,יופלה GO פירות יער,,200.00,100 גרם,false,1,7.40,3.70,true,1,20613
7290110322014,false,טופו בטעם טבעי תנובה ALTERNATIVE,שוורצקוף& הנקל דיסלד,IL,טופו בטעם טבעי 300 ג,,300.00,100 גרם,false,1,15.70,5.23,true,1,26421
7290110323066,false,משקה יוגורטGOבנ.אפרס250מ,תנובה חלב,IL,יופלה גו משקה בננה,,250.00,"100 מ""ל",false,1,7.90,3.16,true,1,22527
7290110323073,false,משקה יוגורט גו מועשר בחלבון תות-פטל,מיוצר עי קונדיטוריית,IL,יופלה גו משקה תות,,250.00,"100 מ""ל",false,1,7.90,3.16,true,1,22528
7290110323097,false,מעדן גבינה עם תות 5% שומן 80 ג' תנובה,תנובה בעמ,IL,תאומים גביע בודד 80ג,,80.00,100 גרם,false,1,2.70,3.38,true,1,26869
7290110323592,false,יופלה יוגורט עם אפרסק מופחת קלוריות 200 ג' GO,יופלה Yoplait,IL,יוגורט אפ מופחת GO,,200.00,100 גרם,false,1,7.40,3.70,true,1,26406
7290110323714,false,משקה קוקוס שקדים תנובה E אלטרנטיב,מיוצר עי קונדיטוריית,IL,אלטרנטיב שקדים קוקוס,,1.00,1 ליטר,false,1,14.70,14.70,true,1,26259
7290110324841,false,מעדן שקדים עם שוקולד מריר תנובה 125 גרם,מיוצר עי קונדיטוריית,IL,מ.שקדים שוקולד מריר,,125.00,100 גרם,false,1,5.80,4.64,true,1,22355
7290110324926,false,משקה סויה ללא תוספת סוכר E אלטרנטיב,תנובה מרכז שיתופי לש,IL,אלטרנטיב סויה ל.סוכר,,1.00,1 ליטר,false,1,12.40,12.40,true,1,26558
7290110325114,false,"משקה יוגורט יופלה גו לייט תות בננה 250 מ""ל - רבנות",מיוצר עי קונדיטוריית,IL,משקה גו לייט תות,,250.00,"100 מ""ל",false,1,7.90,3.16,true,1,22533
7290110325121,false,"משקה יוגורט יופלה גו לייט מנגו אננס 250 מ""ל","תנובה בע""\מ",IL,יופלה גו מנגו אננס,,250.00,100 גרם,false,1,7.90,3.16,true,1,22534
7290110325169,false,פרוסות גאודה תנובה 170 גרם,תנובה חלב,IL,פרוסות גאודה 170ג,,170.00,100 גרם,false,1,22.50,13.24,false,1,26943
7290110325305,false,יופלה GO סויה 20 גרם חלבון במתיקות מעודנת תנובה 200 גרם,מיוצר עי קונדיטוריית,IL,מ.סויה GO ב.מעודנת,,200.00,100 גרם,false,1,6.90,3.45,true,1,22357
7290110325312,false,יופלה GO סויה 20 גרם חלבון בטעם תות תנובה 200 גרם,"תנובה בע""\מ",IL,מעדן סויה GO תות,,200.00,100 גרם,false,1,6.90,3.45,true,1,22358
7290110325619,false,משקה שיבולת שועל תנובה E אלטרנטיב,מיוצר עי קונדיטוריית,IL,אלטרנטיב שיבול.שועל,,1.00,1 ליטר,false,1,14.70,14.70,true,1,24773
7290110325626,false,"משקה שקדים ללת""ס 1 ליטר",תנובה,IL,משקה שקדים,,1.00,1 ליטר,false,1,14.70,14.70,true,1,26737
7290110325893,false,משקה חלב GO מועשר בחלבון בטעם אייס קפה,מיוצר עי קונדיטוריית,IL,תנובה GO אייס קפה,,340.00,"100 מ""ל",false,1,10.00,2.94,true,1,22754
7290110326210,false,יופלה און טופ פצפוצים תנובה 157 גרם,מיוצר עי קונדיטוריית,IL,יופלה א.טופ פצפוצים,,157.00,100 גרם,false,1,6.00,3.82,false,1,22766
7290110326227,false,יופלה און טופ קורנפלקס תנובה 157 גרם,מיוצר עי קונדיטוריית,IL,און טופ קורנפלקס,,167.00,100 גרם,false,1,6.00,3.59,true,1,24774
7290110326241,false,יופלה און טופ גרנולה תנובה 157 גרם,מיוצר עי קונדיטוריית,IL,יופלה און טופ גרנולה,,157.00,100 גרם,false,1,6.00,3.82,false,1,22787
7290110326333,false,פרוסות גבינה סקנדינבית תנובה 170 גרם,פ.פ.ח. שאביט,IL,פרוסות ג.סקנדינבית,,170.00,100 גרם,false,1,22.50,13.24,false,1,27202
7290110326449,false,חמאה השף הלבן 250 גרם,מולקרי אמרלנד,DE,השף הלבן חמאה,,250.00,100 גרם,false,1,10.40,4.16,false,1,23171
7290110326906,false,חלב נטול לקטוז 3% שומן תנובה 1 ליטר,מיוצר עי קונדיטוריית,IL,תנובה חלב נטול3%,,1.00,1 ליטר,false,1,8.00,8.00,true,1,26478
7290110326999,false,YOLO משקה חלב עם שוקולד קלאסי 340 מל,תנובה חלב,IL,מ.חלב עם שוקולד,,340.00,"100 מ""ל",false,1,8.90,2.62,true,1,23172
7290110327064,false,אייס קפה ש.שועל קרמל 1ל,תנובה,IL,אלטרנטיב קפה קרמל1ל,,1.00,1 ליטר,false,1,13.90,13.90,false,1,26932
7290110327514,false,alternative משקה שיבולת שועל בטעם אגוזי לוז תנובה 1 ליטר,תנובה מרכז שיתופי לש,IL,אלטרנטיב אגוז לוז 1ל,,1.00,1 ליטר,false,1,14.70,14.70,false,1,25884
7290110327798,false,חטיף חלבון GO - שוקולד 60 ג' חלב נוכרי - רבנות,"בלמונט קונפקציות בע""\מ.",US,חטיף חלבון שוקולד GO,,60.00,100 גרם,false,1,14.90,24.83,true,1,24709
7290110327804,false,חטיף חלבון GO - עוגיות 60 ג' חלב נוכרי - רבנות,"בלמונט קונפקציות בע""\מ.",US,חטיף חלבון GOבצק עוג,,60.00,100 גרם,false,1,14.90,24.83,true,1,24710
7290110327811,false,חטיף חלבון GO - קוקוס 60 ג' חלב נוכרי - רבנות,"בלמונט קונפקציות בע""\מ.",US,חטיף חלבון קוקוס GO,,60.00,100 גרם,false,1,14.90,24.83,true,1,24711
7290110327828,false,חטיף חלבון GO - חמאת בוטנים 60 ג' חלב נוכרי - רבנות,"בלמונט קונפקציות בע""\מ.",US,חטיף חלבון GO ח.בוטנ,,60.00,100 גרם,false,1,14.90,24.83,true,1,24712
7290110327880,false,חלב1%מהדרין רמת הגולן 1ל,תות תעשיות מזון (201,IL,תנובה חלב בקרטון 1%,,1.00,1 ליטר,false,1,5.86,5.86,false,1,23513
7290110328016,false,משקה סויה מועשר בחלבון בטעם אגוזי לוז 250 גרם,תנובה מרכז שיתופי לש,IL,גו משקה סויה א.לוז,,250.00,100 גרם,false,1,7.90,3.16,true,1,24255
7290110328474,false,גבינת פרמג'יאנו רג'יאנו 30% מחלב בקר,מנדלז סי.אר. פרודקשן,IT,פלח פרמגאנו רגיאנו,,150.00,100 גרם,false,1,33.90,22.60,false,1,26944
7290110328764,false,יוגורט יופלה GO במרקם סמיך עם תות 0%,מיוצר עי קונדיטוריית,IL,יוגורט גו 0% תות,,200.00,100 גרם,false,1,6.90,3.45,true,1,26252
7290110328771,false,יוגורט יופלה GO במרקם סמיך עם פירות יער 0%,מיוצר עי קונדיטוריית,IL,יוגורט גו 0% פ. יער,,200.00,100 גרם,false,1,6.90,3.45,true,1,26263
7290110328788,false,יוגורט יופלה GO במרקם סמיך בטעם אפרסק 0%,תנובה מרכז שיתופי לש,IL,יוגורט גו 0% אפרסק,,200.00,100 גרם,false,1,6.90,3.45,true,1,26253
7290110328887,false,"חלב תנובה בקבוק 3%, כשרות מהדרין, 1 ליטר",תנובה מרכז שיתופי לש,IL,חלב 3% מהדרין,,1.00,1 ליטר,false,1,6.23,6.23,false,1,26492
7290110329136,false,מעדן חלב מעושר בחלבון בטעם שוקולד 120 ג' GO,תנובה מרכז שיתופי לש,IL,מעדן חלב גו שוקולד,,230.00,100 גרם,false,1,5.80,2.52,false,1,26410
7290110329143,false,מעדן חלב מעושר בחלבון בטעם וניל גביע 120 ג' GO,תנובה מרכז שיתופי לש,IL,מעדן חלב גו וניל,,120.00,100 גרם,false,1,5.80,4.83,false,1,26264
7290110329686,false,"משקה חלב גו בטעם עוגיות 340 מ""ל",מיוצר עי קונדיטוריית,IL,משקה חלב GO עוגיות,,340.00,"100 מ""ל",false,1,10.00,2.94,false,1,26305
7290110329716,false,משקה חלב קר בטעם קפוצ'ינו 230 גרם תנובה,תנובה מרכז שיתופי לש,IL,תנובה קפה קפוצינ230,,230.00,100 גרם,false,1,10.00,4.35,false,1,26077
7290110329723,false,משקה חלב קר בטעם לאטה 230 גרם תנובה,תנובה מרכז שיתופי לש,IL,תנובה קפה לאטה230,,230.00,100 גרם,false,1,10.00,4.35,false,1,26078
7290110329730,false,"משקה חלב עם שוקולד וקפה בסגנון לאטה 2.7%  230 מ""ל תנובה",תנובה מרכז שיתופי לש,IL,תנובה קפה ושוקולד230,,230.00,100 גרם,false,1,10.00,4.35,false,1,26079
7290110329778,false,**חלב תנובה טרי מהדרין קרטון 3% 1ל,תנובה,IL,תנובה חלב קרטון 3%,,1.00,1 ליטר,false,1,6.23,6.23,false,1,24849
7290110471016,false,כבל מטאלי 2 מטר,Unknown,,כבל מטאלי 2 מטר,,0.00,,false,1,29.90,0.00,false,1,20387
7290110472016,false,כבל מטאלי 2 מטר שחורTYPE C,Unknown,,כבל מטאלי 2 מטר,,0.00,,false,1,39.90,0.00,false,1,20425
7290110472023,false,פנס ראש -חדש,Unknown,,פנס ראש -חדש,,0.00,,false,1,25.00,0.00,true,1,19180
7290110472467,false,מתאם למצת TYPE C + כבל טעינה 1.5 מטר,Unknown,,מתאם למצת TYPE C,,0.00,,false,1,44.90,0.00,false,1,20384
7290110472474,false,מתאם קיר TYPE C + כבל טעינה 1.5 מטר,Unknown,,מתאם קיר TYPE C,,0.00,,false,1,54.90,0.00,false,1,20392
7290110472610,false,מנורה לאוהל נטענת,Unknown,,מנורה לאוהל נטענת,,0.00,,false,1,20.00,0.00,true,1,19035
7290110472825,false,מנגל פחמים מקצועי,Unknown,,גריל גדול 70/30,,0.00,,false,1,99.00,0.00,true,1,18774
7290110472856,false,מטען רכב Qualcomm Du,Unknown,,מטען רכב Duet,,0.00,,false,1,54.90,0.00,false,1,20393
7290110473006,true,גלגל ים חד קרן,Unknown,,גלגל ים חד קרן,,0.00,,false,,59.00,0.00,false,1,19462
7290110473112,false,מנגל פח רשת 40*26,Unknown,,מנגל פח רשת 40*26,,0.00,,false,1,39.00,0.00,false,1,21727
7290110473235,false,רמקול EXTREMe כחול,Unknown,,רמקול EXTREMe כחול,,0.00,,false,1,104.90,0.00,false,1,20446
7290110473426,false,אוזניות JUST BASS ור,Unknown,,אוזניות JUST ורוד,,0.00,,false,1,54.90,0.00,false,1,20398
7290110473433,false,אוזניות JUST BASS אפ,Unknown,,אוזניות JUST אפור,,0.00,,false,1,54.90,0.00,false,1,20399
7290110473440,false,אוזניות JUST BASS זה,Unknown,,אוזניות JUST זהב,,0.00,,false,1,54.90,0.00,false,1,20400
7290110473501,false,זרוע טלסקופית לרכב שחור TECH GRIP,Unknown,,ז.טלסקופית לרכב שחור,,0.00,,false,1,54.90,0.00,false,1,20402
7290110473587,false,זרוע מגנטי לרכבSIMPL,Unknown,,SIMPLY GRIP,,0.00,,false,1,44.90,0.00,false,1,20404
7290110473594,false,זרוע איכותית לרכב מג,Unknown,,ROCKET GRIP שחור,,0.00,,false,1,49.90,0.00,false,1,20405
7290110473754,false,ערכת קפה ללא בלון גז,Unknown,,ערכת קפה ללא בלון גז,,0.00,,false,1,89.00,0.00,false,1,20163
7290110473846,true,מתנפח דולפין,Unknown,,מתנפח דולפין,,0.00,,false,,39.90,0.00,true,1,20541
7290110473853,true,מתנפח דונאט גלגל,Unknown,,מתנפח דונאט גלגל,,0.00,,false,,39.90,0.00,false,1,20542
7290110473884,false,אוזניות clean @ clea,Unknown,,אוזניות TWS,,0.00,,false,1,99.00,0.00,false,1,20550
7290110473938,false,שמשייה צהובה,Unknown,,שמשייה צהובה,,0.00,,false,1,29.90,0.00,false,1,21255
7290110474041,false,רפידו מתאם לקיר + כב,Unknown,,רפידו + כבל טעינה,,0.00,,false,1,79.90,0.00,false,1,20696
7290110474256,false,כבל aux iron man,Unknown,,כבל aux iron man,,0.00,,false,1,49.90,0.00,false,1,20697
7290110474409,false,סוללת חי להתנעת רכב,Unknown,,סוללת חי להתנעת רכב,,0.00,,false,1,179.00,0.00,false,1,21051
7290110474416,false,ערכת בישול פרימיום מותג CRUZO עם בלון,ארטוס,,ערכת בישול לשטחCRUZO,,0.00,,false,1,199.00,0.00,false,1,21256
7290110474423,false,אוזניות מאושרות אפל,Unknown,,אוזניות מאושרות אפל,,0.00,,false,1,99.90,0.00,false,1,20963
7290110474430,false,מתאם לאוזניות מ אפל,Unknown,,מתאם לאוזניות מ אפל,,0.00,,false,1,79.00,0.00,false,1,20964
7290110474447,false,אוהל 6 פתיחה מהירה 300X2,Unknown,CN,אוהל לשישה אנשים,,0.00,,false,1,249.00,0.00,false,1,25605
7290110474478,false,כסא קמפינג LIGHTWEIGHT,Unknown,CN,כסא קמפ LIGHTWEIGHT,,0.00,,false,1,99.00,0.00,false,1,21257
7290110474492,false,שולחן קמפינג מתקפל,Unknown,CN,שולחן קמפינג מתקפל,,0.00,,false,1,119.00,0.00,false,1,21144
7290110474508,false,אוהל עמידה,Unknown,,אוהל עמידה,,0.00,,false,1,349.00,0.00,false,1,21258
7290110474515,false,עששית לד 3 וואט,Unknown,,עששית לד 3 וואט,,0.00,,false,1,29.00,0.00,false,1,21259
7290110474560,false,אוזניות מיקרופון NEW AGE SOUND,Unknown,,אוזניות מיקרופון NAS,,0.00,,false,1,49.00,0.00,false,1,21656
7290110474577,false,אוזניות מיקרופון DOU,Unknown,,אוזניות מיקרופוןDOL,,0.00,,false,1,79.00,0.00,false,1,21657
7290110474690,false,כבל USB C לחיבור LI,Unknown,,כבל USB C LIGHTNING,,0.00,,false,1,59.90,0.00,false,1,21659
7290110474706,false,מעמד מגנטי למזגן POWER VENT,Unknown,,מעמד מגנטי למזגן P.V,,0.00,,false,1,49.00,0.00,false,1,21660
7290110474713,false,מחזיק סלולר למזגן,Unknown,,מעמד למזגן OPEN W.V,,0.00,,false,1,49.00,0.00,false,1,21661
7290110474829,false,אבוב מתנפח,Unknown,,אבוב מתנפח,,0.00,,false,1,49.90,0.00,false,1,21797
7290110474928,false,סוללת גיבוי 10000MAH,Unknown,,סוללת גיבוי 10000M,,0.00,,false,1,79.00,0.00,false,1,22008
7290110474935,false,מכונת אספרסו נטענת USB ל,Unknown,CN,מ.אספרסו ניידת לטיול,,0.00,,false,1,199.00,0.00,false,1,21897
7290110474973,false,טאבון פיצה,Unknown,,טאבון פיצה,,0.00,,false,1,199.00,0.00,false,1,25810
7290110475062,false,מנגל ברזילאי,Unknown,,מנגל ברזילאי,,0.00,,false,1,399.00,0.00,false,1,22926
7290110475086,false,כבל טעינה 3 מטר USB,Unknown,,כבל טעינה 3 מטר USB,,0.00,,false,1,29.00,0.00,false,1,22206
7290110475093,false,כ.טעינה 3 מטר TYPE C,Unknown,,כ.טעינה 3 מטר TYPE C,,0.00,,false,1,29.00,0.00,false,1,22207
7290110475116,false,מטען קיר SPEEDY,Unknown,,מטען קיר SPEEDY,,0.00,,false,1,79.00,0.00,false,1,22360
7290110475123,false,רמקול נייד חסין מים,Unknown,,רמקול נייד חסין מים,,0.00,,false,1,149.00,0.00,false,1,25610
7290110475178,false,זרוע איפרה טעינה אלח,Unknown,,זרוע איפרה טעינה אלח,,0.00,,false,1,99.00,0.00,false,1,22362
7290110475406,false,שק שינה זוגי,Unknown,,שק שינה זוגי,,0.00,,false,1,99.00,0.00,true,1,22630
7290110475413,false,אוזניות מיקרופון עם חיבור טייפ סי,Unknown,,אוזניות C SOUND,,0.00,,false,1,79.00,0.00,false,1,22954
7290110475437,false,אוזניות מיקרופון,Unknown,,אוזניות מיקרופון,,0.00,,false,1,59.00,0.00,false,1,23579
7290110475444,false,כסא ים ושולחן צד,Unknown,,כסא ים ושולחן צד,,0.00,,false,1,129.00,0.00,true,1,22776
7290110475451,false,אוהל פתיחה ל-6 אנשים,Unknown,,אוהל פתיחה ל-6 אנשים,,0.00,,false,1,499.00,0.00,true,1,22631
7290110475468,false,אוהל ל-8 אנשים,Unknown,,אוהל ל-8 אנשים,,0.00,,false,1,699.00,0.00,false,1,22777
7290110475482,false,סט כלים לגריל פרמיום,Unknown,,סט כלים לגריל פרמיום,,0.00,,false,1,39.00,0.00,false,1,26854
7290110475529,false,"בוסטר התנעה לרכבים פרטיים ומסחריים 13,000M",Unknown,,בוסטר התנעה לרכבים,,1.00,יחידה,false,1,249.00,249.00,false,1,23431
7290110475567,false,מזרון שטח מתקפל,Unknown,,מזרון שטח מתקפל,,0.00,,false,1,149.00,0.00,false,1,22930
7290110475659,false,מחצלת 4X4,Unknown,,מחצלת 4X4,,0.00,,false,1,129.00,0.00,false,1,24334
7290110475673,false,שלישיית מסכות KN95,Unknown,,שלישיית מסכות KN95,,3.00,יחידה,false,1,15.00,5.00,true,1,22756
7290110475772,false,אוזניות דמוי איירפוד,Unknown,,אוזניות TWS PRO,,0.00,,false,1,99.00,0.00,true,1,22818
7290110475826,false,צידנית ל6 בירות,Unknown,,צידנית ל6 בירות,,0.00,,false,1,10.00,0.00,false,1,22934
7290110475901,false,פרוזקטור לד נטען20W,Unknown,,פרוזקטור לד נטען20W,,0.00,,false,1,99.00,0.00,false,1,23667
7290110475932,false,מעמד מגנטי למזגן,Unknown,,מעמד מגנטי למזגן,,1.00,יחידה,false,1,39.90,39.90,false,1,23433
7290110475953,false,תרמוס 1400 ml ארטוס,Unknown,,תרמוס 1400 ml ארטוס,,0.00,,false,1,99.00,0.00,false,1,25522
7290110475956,false,צידנית טרולי 45 ל,Unknown,,צידנית טרולי 45 ל,,0.00,,false,1,79.00,0.00,false,1,24049
7290110475963,false,"תרמוס עם כוס 1400 מ""ל",Unknown,,תרמוס 1400 ml ארטוס,,0.00,,false,1,99.00,0.00,false,1,23668
7290110476007,false,מצלמת דרך,Unknown,,מצלמת דרך,,1.00,יחידה,false,1,199.00,199.00,false,1,23434
7290110476014,false,זרוע לרכב לדשבורד EL,Unknown,,מעמד מגנטי לרכב,,1.00,יחידה,false,1,39.90,39.90,false,1,23435
7290110476038,false,שלישיית עצי ריח,Unknown,,שלישיית עצי ריח,,1.00,יחידה,false,1,10.00,10.00,false,1,23436
7290110476045,false,שלישיית עצי ריח,Unknown,,שלישיית עצי ריח,,1.00,יחידה,false,1,10.00,10.00,false,1,23437
7290110476052,false,שלישיית עצי ריח,Unknown,,שלישיית עצי ריח,,1.00,יחידה,false,1,10.00,10.00,false,1,23438
7290110476069,false,שלישיית עצי ריח,Unknown,,שלישיית עצי ריח,,1.00,יחידה,false,1,10.00,10.00,false,1,23439
7290110476076,false,שלישיית עצי ריח,Unknown,,שלישיית עצי ריח,,1.00,יחידה,false,1,10.00,10.00,false,1,23440
7290110476083,false,שלישיית עצי ריח,Unknown,,שלישיית עצי ריח,,1.00,יחידה,false,1,10.00,10.00,false,1,23441
7290110476090,false,כסא ים GROUND CHAIR,Unknown,,כסא ים GROUND CHAIR,,0.00,,false,1,129.00,0.00,false,1,23348
7290110476151,false,מדליק פחמים מהיר,Unknown,,מדליק פחמים מהיר,,0.00,,false,1,49.00,0.00,false,1,24051
7290110476205,false,קומבו צידניות,Unknown,,קומבו צידניות,,0.00,,false,1,199.00,0.00,false,1,24613
7290110476229,false,צידנית קשיחה 50 ל,Unknown,,צידנית קשיחה 50 ל,,0.00,,false,1,299.00,0.00,false,1,24052
7290110476267,false,מטען קיר מאושר אפל 2,Unknown,,מטען קיר 20 וואט,,0.00,,false,1,119.00,0.00,false,1,24053
7290110476281,false,מיטת קמפינג מתקפלת,Unknown,,מ.קמפינג מתקפלת,,0.00,,false,1,149.00,0.00,false,1,24055
7290110476298,false,עגלת שטח צבאית,Unknown,,עגלת שטח צבאית,,0.00,,false,1,349.00,0.00,false,1,24144
7290110476373,false,עגלת שטח פרימיום,Unknown,,עגלת שטח פרימיום,,0.00,,false,1,349.00,0.00,false,1,24058
7290110476380,false,ג. 8 מטר חיבור usb,Unknown,,ג. 8 מטר חיבור usb,,0.00,,false,1,149.00,0.00,false,1,24059
7290110476496,false,גרילנדה 8 מטרים,Unknown,,גרילנדה 8 מטרים,,0.00,,false,1,199.90,0.00,false,1,26920
7290110476557,false,תיק עם שלוקר 3 ל,Unknown,,תיק עם שלוקר 3 ל,,0.00,,false,1,79.00,0.00,false,1,24060
7290110476571,false,מטען רכב QC3.0 +PD,Unknown,,מטען רכב QC3.0 +PD,,0.00,,false,1,49.90,0.00,false,1,25377
7290110476588,false,כבל METAL CHARGE אייפון,Unknown,,כבל CHARGE אייפון,,0.00,,false,1,29.00,0.00,false,1,24303
7290110476595,false,כבל METAL CHARGE מיקרו USB,Unknown,,כבל מיקרו usb,,0.00,,false,1,29.00,0.00,false,1,24304
7290110476601,false,כבל מטאלי טייפ סי,Unknown,,כבל טייפ סי,,0.00,,false,1,29.00,0.00,false,1,24310
7290110476618,false,כבל METAL CHARGE טייפ סי לטייפ סי,Unknown,,כבל M.C סי טו סי,,0.00,,false,1,29.00,0.00,false,1,24305
7290110476625,false,כבל טעינה מהירה אייפ,Unknown,,כבל IN CHARGE אייפון,,0.00,,false,1,29.90,0.00,false,1,25378
7290110476632,false,כבל IN CHARGE מיקרו USB,Unknown,,כבל IN CHARGE מיקרו,,0.00,,false,1,29.90,0.00,false,1,25379
7290110476649,false,כבל IN CHARGE טייפ סי,Unknown,,כבל IN CHARGE טיפ סי,,0.00,,false,1,29.90,0.00,false,1,25380
7290110476656,false,כבל טעינה טייפ סי לטייפ סי,Unknown,,כבל IN CHARGE טיפ סי,,0.00,,false,1,29.90,0.00,false,1,25381
7290110476687,false,ר.לאפל ווטש ב.מטאלי,Unknown,,ר.לאפל ווטש ב.מטאלי,,0.00,,false,1,99.00,0.00,false,1,25382
7290110476694,false,ר.לאפל ווטש מ.נילון,Unknown,,ר.לאפל ווטש מ.נילון,,0.00,,false,1,99.00,0.00,false,1,25383
7290110476700,false,ר.לאפל ווטש ב. מטאלי,Unknown,,ר.לאפל ווטש ב. מטאלי,,0.00,,false,1,99.00,0.00,false,1,25384
7290110476717,false,רצועה לאפל ווטש,Unknown,,רצועה לאפל ווטש,,0.00,,false,1,99.00,0.00,false,1,25385
7290110476731,false,כיסוי קשיח לאירפודס,Unknown,,כיסוי קשיח לאירפודס,,0.00,,false,1,49.00,0.00,false,1,25387
7290110476823,true,בריכה מתנפחת 2.5 מטר,Unknown,,בריכה מתנפחת 2.5 מטר,,0.00,,false,,199.00,0.00,false,1,24515
7290110476991,true,רמקול נייד 4*2,Unknown,,רמקול נייד 4*2,,0.00,,false,,69.00,0.00,false,1,25067
7290110477042,true,כסא קמפינג ירח,Unknown,,כסא קמפינג ירח,,0.00,,false,,249.00,0.00,true,1,25578
7290110477080,false,קומפרסור נטען,Unknown,,קומפרסור נטען,,1.00,יחידה,false,1,99.00,99.00,false,1,24919
7290110477110,false,זרוע טלסקופית לרכב,Unknown,,זרוע טלסקופית לרכב,,0.00,,false,1,49.00,0.00,false,1,24920
7290110477127,false,מ.למזגן טעינה אלחוטי,Unknown,,מ.למזגן טעינה אלחוטי,,0.00,,false,1,99.00,0.00,false,1,24921
7290110477134,false,מטען רכב משפחתי,Unknown,,מטען רכב משפחתי,,0.00,,false,1,99.00,0.00,false,1,24922
7290110477158,false,פנס פרוזקטור נטען,Unknown,,פנס פרוזקטור נטען,,0.00,,false,1,99.00,0.00,false,1,24924
7290110477189,false,תאורת נטענת לקמפינג,Unknown,,תאורת נטענת לקמפינג,,0.00,,false,1,49.00,0.00,false,1,25611
7290110477202,true,כסא ים הדפס,Unknown,,כסא ים הדפס,,0.00,,false,,79.00,0.00,true,1,25579
7290110477219,false,אוזניות TWS ARTOS,Unknown,,אוזניות TWS ARTOS,,0.00,,false,1,99.00,0.00,false,1,25456
7290110477240,false,אוזניות חוטיות מדונה,Unknown,,אוזניות חוטיות מדונה,,0.00,,false,1,49.90,0.00,false,1,25388
7290110477295,false,שולחן אלומיניום מתקפל 70*70 COMPACT TABLE,Unknown,,ש.אלומיניום מתקפל,,0.00,,false,1,199.00,0.00,false,1,25612
7290110477301,false,שולחן אלומניום מתקפל,Unknown,,שולחן אלומניום מתקפל,,0.00,,false,1,349.00,0.00,false,1,25613
7290110477318,false,שולחן קמפינג מתקפל,Unknown,,שולחן קמפינג מתקפל,,0.00,,false,1,99.00,0.00,false,1,25614
7290110477325,false,ארון שירות לקמפינג,Unknown,,ארון שירות לקמפינג,,0.00,,false,1,299.00,0.00,false,1,25615
7290110477332,false,אוזניות בלוטוס HEAD,Unknown,,אוזניות בלוטוס HEAD,,0.00,,false,1,199.00,0.00,false,1,25389
7290110477349,false,אוזניות אלחוטיות,Unknown,,אוזניות אלחוטיות,,0.00,,false,1,199.00,0.00,false,1,25390
7290110477356,false,אוהל תעלה,Unknown,,אוהל תעלה,,0.00,,false,1,599.00,0.00,false,1,25616
7290110477455,false,מטען רכב PD,Unknown,,מטען רכב PD,,0.00,,false,1,39.90,0.00,false,1,25391
7290110477578,false,מיכל מים 2 גלון,Unknown,,מיכל מים 2 גלון,,0.00,,false,1,199.00,0.00,false,1,25620
7290110477585,false,סוללת גיבוי מגנטית,Unknown,,סוללת גיבוי מגנטית,,0.00,,false,1,99.00,0.00,false,1,25458
7290110477608,false,ע.קפה וגזיה אלפינית,Unknown,,ע.קפה וגזיה אלפינית,,0.00,,false,1,99.00,0.00,false,1,25621
7290110477615,false,שישה שאקלים,Unknown,,שישה שאקלים,,0.00,,false,1,29.00,0.00,false,1,25622
7290110477639,false,מתאם AUDIO TYPE C,Unknown,,מתאם AUDIO TYPE C,,0.00,,false,1,59.00,0.00,false,1,26623
7290110477660,false,עצי ריח מעוצבים,Unknown,,עצי ריח מעוצבים,,0.00,,false,1,5.90,0.00,false,1,26624
7290110477677,false,כבל 2 מטר,Unknown,,כבל 2 מטר,,0.00,,false,1,29.90,0.00,false,1,26625
7290110477837,false,אוזניות TWS שקופות,Unknown,,אוזניות TWS שקופות,,0.00,,false,1,99.00,0.00,false,1,27016
7290110477851,false,זרוע מגנטית לדשבורד,Unknown,,זרוע מגנטית לדשבורד,,0.00,,false,1,39.90,0.00,false,1,27018
7290110477875,false,זרוע מגנטית למגנט,Unknown,,זרוע מגנטית למגנט,,0.00,,false,1,39.90,0.00,false,1,27019
7290110478186,false,ס.א 6000ש ORO,Unknown,,ס.א 6000ש ORO,,0.00,,false,1,100.00,0.00,false,1,27463
7290110550363,false,פריכיות משולשות קינואה ומלח ים 65 גרם,שטראוס גרופ,IL,פריכיות ק.מלח 65ג,,65.00,100 גרם,false,1,12.90,19.85,true,1,26712
7290110550370,false,פריכיות משולשות קינואה ופלפל שחור 65 גרם,שטראוס גרופ,IL,משולשות קינואה,,65.00,100 גרם,false,1,12.90,19.85,false,1,26627
7290110550646,false,עוגיות עלית שוקוציפס,Unknown,,THINS ע.שוקוציפס,,136.00,100 גרם,false,1,12.00,8.82,true,1,25275
7290110550691,false,שוקולד פרה במילוי פטל 50 גרם,מיוצר עי קונדיטוריית,IL,ח.פרה ממולדה פטל,,50.00,100 גרם,false,1,6.60,13.20,true,1,24926
7290110550707,false,חטיף פרה ממולדה אננס,מיוצר עי קונדיטוריית,IL,ח.פרה ממולדה אננס,,50.00,100 גרם,false,1,6.90,13.80,true,1,24927
7290110551773,false,איחולים מתוקים 137ג,Unknown,,איחולים מתוקים 137ג,,137.00,100 גרם,false,1,26.90,19.64,true,1,25664
7290110552817,false,עלית - צנצנת מאסט בטעם גלידה לימון,אסקום קונפקשיין,DE,מסטיק ג.לימון 58 גר,,58.00,100 גרם,false,1,8.90,15.34,true,1,26710
7290110553029,false,"אנרג'י קריספס-פריכיות חומוס, עדשים ואפונה עם קייל וסלק","פרח תעשיו מזון בע""מ",IL,פריכיות חלבון 60 ג,,60.00,100 גרם,false,1,12.90,21.50,false,1,25486
7290110553036,false,קריספס-פריכיות עם אפונה ובטטה סגולה בטעם בצל מקורמל,"פרח תעשיו מזון בע""מ",IL,פריכת בטטה אפונה 60ג,,60.00,100 גרם,false,1,12.90,21.50,false,1,25487
7290110553098,false,מאגדת חטיפים אנרג'י מיקס צימוקים אגוזים 100X4 גרם,אנרג'י Energy - שטראוס,GB,אנרגי צימוק ש. חלב,,100.00,100 גרם,false,1,19.90,19.90,false,1,26874
7290110553173,false,אנרגי פריכיות אורז בטעם קרמל 50 גרם,סאנורייס בלגיום,IL,פריכיות קרמל,,40.00,100 גרם,false,1,9.50,23.75,false,1,26628
7290110553180,false,אנרגי פריכיות אורז בטעם תפוח קינמון 50 ג,סאנורייס בלגיום,IL,פריכיות תפוח קינמון,,40.00,100 גרם,false,1,9.50,23.75,false,1,26629
7290110553210,false,סבבה בוטנים הוט באפלו ווינגס 51.2 ג',STRAUSS-ISRAEL,IL,סבבה בוטנים הוט 50ג,,50.00,100 גרם,false,1,3.00,6.00,true,1,26630
7290110553401,false,בינז אייס קופי לאטה,מונסטרלנד לולף,DE,.7יס לאטה וניל Beanz,,250.00,"100 מ""ל",false,1,7.60,2.92,true,1,26424
7290110553623,false,צ'יטוס קראנצ'י בטעם צ'דר חלפיניו - חלבי,"שטראוס פריטו ליי בע""\מ )",IL,ציטוס צ.חלפיניו 80ג,,80.00,100 גרם,false,1,6.60,8.25,true,1,26369
7290110554453,false,בינז אייס קופי לאטה,מונסטרלנד לולף,DE,אייס לאטה מוקה Beanz,,250.00,"100 מ""ל",false,1,7.60,2.92,true,1,26425
7290110554477,false,קפסולת אספרסו לאפוגטו טעם מייפל פקאן 50 ג' עלית,שטראוס קפה בי.וי.,IL,ק.א.לאפוגטו מייפל פק,,0.00,,false,1,16.50,0.00,false,1,26370
7290110554545,false,קפסולת אספרסו לאפוגטו טעם קוקוס 50 ג' עלית,שטראוס קפה בי.וי.,IL,ק.א.לאפוגטו עם קוקוס,,0.00,,false,1,16.50,0.00,false,1,26371
7290110554729,false,קפסולות עלית אספרסו 04 תואמות למכונות NESPRESSO,שטראוס קפה בי.וי.,IL,קפסולה 04 NESPRESSO,,10.00,יחידה,false,1,16.50,1.65,true,1,26159
7290110555306,false,רבע לשבע טבעוני סינמון באן עלית 125 גרם,"הגביע מוצרי וופלים בע""\מ",IL,ר.לשבע סינמון באן ט,,125.00,100 גרם,false,1,12.90,10.32,true,1,27021
7290110555337,false,נמס ICE קלאסי 250 מל,מונסטרלנד לולף,DE,נמס ICE קלאסי 250 מל,,250.00,"100 מ""ל",false,1,9.90,3.96,true,1,26835
7290110555344,false,"ICE נמס וניל 250 מ""ל",שטראוס גרופ,IL,נמס ICE וניל 250 מל,,250.00,"100 מ""ל",false,1,9.90,3.96,true,1,26836
7290110555368,false,רבע לשבע טבעוני מרשמלו 125 ג' עלית,"הגביע מוצרי וופלים בע""\מ",IL,רבע לשבע ט.מרשמלו,,125.00,100 גרם,false,1,12.90,10.32,true,1,27022
7290110556242,false,"שוקולד מריר פרווה 100 גר' בד""ץ תוצרת חוץ","שטראוס גרופ בע""מ.",FR,ש.פרה מריר 100ג חדש,,100.00,100 גרם,false,1,9.90,9.90,true,1,26747
7290110557645,false,מאגדת חטיפים אנרג'י מיקס צימוקים חמוציות 100X4 גרם,קונסרב איטליה,GB,אנרגי צימוק וש.לבן,,100.00,100 גרם,false,1,19.90,19.90,false,1,26875
7290110558215,false,"דנונה קראנצ`פיסטוק עם פיצפוץ לבן קראנצי פיסטוק, 173 גרם","שטראוס בריאות בע""\מ",IL,דנונה קראנצ פיסטוק,,173.00,100 גרם,false,1,6.50,3.76,false,1,27256
7290110558284,false,דנונה ביו מולטי שטראוס 200 גרם,"שטראוס בריאות בע""\מ",IL,דנונה ביו מולטי,,200.00,100 גרם,false,1,4.90,2.45,false,1,26897
7290110558314,false,דנונה פרו 20 גרם חלבון ללא סוכר פיסטוק 200 גרם,"שטראוס בריאות בע""\מ",IL,דנונה פרו פיסטוק,,200.00,100 גרם,false,1,7.50,3.75,false,1,26631
7290110559038,false,מילקשייק שוקו+סירופ300מ,מחלבת יטבתה,IL,מילקשייק שוקו+סירופ,,300.00,"100 מ""ל",false,1,9.50,3.17,false,1,26564
7290110559045,false,מילקשייק וניל+סירופ300מ,מחלבת יטבתה,IL,מילקשייק וניל+סירופ,,300.00,"100 מ""ל",false,1,9.50,3.17,false,1,26563
7290110560300,false,"הפריכיות הטעימות חומוס, עדשים שחורות, קינואה ופלפל שחור",אנרג'י Energy - שטראוס,IL,משולשות פלפל שחור,,30.00,100 גרם,false,1,7.50,25.00,true,1,20992
7290110560317,false,"הפריכיות הטעימות חומוס, עדשים שחורות, קינואה ומלח ים","פרח תעשיו מזון בע""מ",IL,משולשות מלח ים,,30.00,100 גרם,false,1,7.50,25.00,true,1,20993
7290110560324,false,"הפריכיות הטעימות תפו""א, אורז, אפונה ומלח ים","פרח תעשיו מזון בע""מ",IL,משולשות אפונה ירוקה,,30.00,100 גרם,false,1,7.50,25.00,true,1,21764
7290110563431,false,"משקה קפה קר בסגנון קלאסי 230 מ""ל 1.6% יוטבתה",האי נאם סי או אל.טי.,AT,אייס קפה יטבתה קלאסי,,230.00,"100 מ""ל",false,1,10.50,4.57,true,1,21146
7290110563448,false,"משקה קפה קר בסגנון מעודן 230 מ""ל 1.6% יוטבתה",האי נאם סי או אל.טי.,AT,אייס קפה יטבתה מעודן,,230.00,"100 מ""ל",false,1,10.50,4.57,true,1,21147
7290110563455,false,חלב דל לקטוז 3% בקבוק 1ל,מחלבת יטבתה,IL,חלב דל לקטוז 3%,,1.00,1 ליטר,false,1,8.90,8.90,false,1,26080
7290110563462,false,חלב 2% דל לקטוז בבקבוק יטבתה 1 ליטר.,מחלבת יטבתה,IL,יטבתה חלב נטול,,1.00,1 ליטר,false,1,9.50,9.50,true,1,25180
7290110563851,false,אנרגי חטיפי דגנים אגוזים ושוקולד חלב מא6,"שטראוס גרופ בע""\מ",IL,מאגדת תחתית חלב,,144.00,100 גרם,false,1,16.00,11.11,true,1,20846
7290110563868,false,אנרגי חטיפי דגנים אגוזים ושוקולד מריר מ6,"שטראוס גרופ בע""\מ",IL,אנרגי מאג תחתית מריר,,144.00,100 גרם,false,1,16.00,11.11,true,1,25827
7290110564360,false,חומוס אחלה הסידרה המובחר 40% טחינה 400 גר',מיוצר עי קונדיטוריית,IL,חומוס עשיר ב40%טחינה,,400.00,100 גרם,false,1,16.00,4.00,true,1,26025
7290110564742,false,"משקה קפה קר בסגנון חזק 230 מ""ל 1.2% יוטבתה",האי נאם סי או אל.טי.,AT,אייס קפה יטבתה חזק,,230.00,"100 מ""ל",false,1,10.50,4.57,true,1,21148
7290110565527,false,יוגורט PRO פרו 1.5% 20 גרם חלבון בגביע,"שטראוס בריאות בע""מ",IL,דנונה פרו 20ג חלבון,,20.00,100 גרם,false,1,7.50,37.50,true,1,20153
7290110565664,false,עוגת בראוניז מריר+קרם380,"שטראוס גרופ בע""\מ",IL,בראוניז ש.מריר וקרם,,380.00,100 גרם,false,1,20.50,5.39,true,1,20803
7290110565923,false,אנרגי תחתית מריר,Unknown,,אנרגי תחתית מריר,,24.00,100 גרם,false,1,5.00,20.83,true,1,20591
7290110565930,false,אנרגי תחתית ש.חלב,Unknown,,אנרגי תחתית ש.חלב,,24.00,100 גרם,false,1,5.00,20.83,true,1,20592
7290110566623,false,קפסולות קולומביה עלית 08 למכונת נספרסו מארז 5X10ג',שטראוס קפה בי.וי.,IL,קפסולות 08 קולומביה,,0.00,,false,1,16.50,0.00,false,1,26372
7290110566975,false,דנונה פרו יוגורט 0% תות עשיר בחלבון 200ג',"שטראוס בריאות בע""\מ",IL,דנונה פרו תות 20ג חל,,20.00,100 גרם,false,1,7.50,37.50,true,1,20419
7290110567255,false,אנרגי בטעם טעמי,Unknown,,אנרגי בטעם טעמי,,28.00,100 גרם,false,1,5.00,17.86,true,1,20595
7290110567309,false,פסק זמן בלונדי קרם חלב45,"שטראוס גרופ בע""\מ",IL,פסק זמן בלונדי ק.חלב,,45.00,100 גרם,false,1,7.50,16.67,true,1,20859
7290110568276,false,משקה וניל פרו Pro מועשר בחלבון 1.5%,מחלבת יטבתה,DE,משקה פרו וניל 350מל,,350.00,"100 מ""ל",false,1,7.90,2.26,true,1,22530
7290110568627,false,עלית - פסק זמן רול שוקולד חלב עם קרם אגוזים 26 גרם,שולן צ'\יקולטה גידה סאן.,TR,פסק זמן רול אגוזים,,28.00,100 גרם,false,1,7.50,26.79,true,1,20967
7290110568924,false,עלית - פסק זמן רול שוקולד חלב עם קרם חלב וקוקוס 26 גרם,שולן צ'\יקולטה גידה סאן.,TR,פסז ק.חלב וקוקוס,,26.00,100 גרם,false,1,7.50,28.85,true,1,20968
7290110570125,false,"משקה קפה קר בטעם אייריש קרים230 מ""ל יוטבתה",אנסטל מילק kg,AT,יטבתה אייס אייריש קר,,230.00,100 גרם,false,1,10.50,4.57,false,1,27023
7290110570224,false,"משקה קפה קר בטעם עוגיות יטבתה 230 מ""ל",אנסטל מילק kg,AT,קפה קר עוגיות,,230.00,100 גרם,false,1,10.50,4.57,false,1,26708
7290110570521,false,סלט חציל פיקנטי יום,"שטראוס גרופ בע""\מ",IL,חציל פיקנטי יום יום,,125.00,100 גרם,false,1,5.00,4.00,false,1,26898
7290110571375,false,"אנרג'י מיקס תערובת צימוקים, תמרים, טופי ושברי פקאן",אנרג'י Energy - שטראוס,GB,אנרגי טופי ופקאן,,100.00,100 גרם,false,1,19.90,19.90,false,1,26890
7290110571399,false,עלית - צנצנת מאסט בטעם גלידה תות,אסקום קונפקשיין,DE,מסטיק ג.תות 58 גרם,,58.00,100 גרם,false,1,8.90,15.34,true,1,26711
7290110571405,false,עלית - מיני פינוקיות בגביע פסק זמן 180 גרם,"הגביע מוצרי ופלים בע""\מ",IL,מיני פי.גביע פסק זמן,,180.00,100 גרם,false,1,15.90,8.83,true,1,27024
7290110571412,false,מיני פינוקיות - פאדג' שוקולד בגביע 180 גרם,"הגביע מוצרי ופלים בע""\מ",IL,מיני פי. בגביע פאדג,,180.00,100 גרם,false,1,15.90,8.83,true,1,27025
7290110571474,false,רבע לשבע טבעוני פופקורן עלית 125 גרם,"הגביע מוצרי וופלים בע""\מ",IL,רבע לשבע פופקורן,,150.00,100 גרם,false,1,12.90,8.60,true,1,26655
7290110572129,false,כיף כף מקלות שוקולד לבן 40 ג' עלית,סולן בעבור שטראוס,TR,כיף כף מ.שוקולד לבן,,40.00,100 גרם,false,1,7.50,18.75,true,1,27026
7290110572884,false,"קפסולות קפה מספר 20 למכונת אספרס אספרסו, 50 גרם",שטראוס קפה בי.וי.,IL,ק. 20למכונותN,,0.00,,false,1,16.50,0.00,true,1,27374
7290110574413,false,עלית - פופקורן בטעם טעמי 70 גרם,סראנו בעבור שטראוס,קפריסין,פופקורן טעמי 70 ג,,70.00,100 גרם,false,1,9.90,14.14,false,1,27375
7290110574420,false,עלית - פופקורן בטעם פסק זמן 70 גרם,סראנו בעבור שטראוס,קפריסין,פופקורן פ זמן 70 ג,,70.00,100 גרם,false,1,9.90,14.14,false,1,27376
7290110577230,false,משקה חלב פיסטוק 1ליטר יטבתה בקבוק,שטראוס גרופ,IL,משקה חלב פיסטוק,,1.00,1 ליטר,false,1,13.00,13.00,false,1,27190
7290110577247,false,"יטבתה משקה חלב-פיסטוק בבקבוק 350 מ""ל",מחלבת יטבתה,IL,משקה חלבפיסטוק 350,,350.00,100 גרם,false,1,7.50,2.14,false,1,27027
7290110577629,false,עלית - רבע לשבע טבעוני טורטית 125 גרם,"הגביע מוצרי וופלים בע""\מ",IL,רבע לשבע טורטית,,150.00,100 גרם,false,1,15.90,10.60,false,1,27377
7290110577636,false,עלית - רבע לשבע טבעוני חמאת בוטנים 125 גרם,"הגביע מוצרי וופלים בע""\מ",IL,רבע לשבע חמאת בוטנים,,150.00,100 גרם,false,1,12.90,8.60,false,1,27378
7290110577711,false,"משקה שייק חלבון מי גבינה עם אפרסק ומנגו350מ""ל יטבתה",מחלבת יטבתה,IL,ש.חלבון פירות יער,,350.00,"100 מ""ל",false,1,8.90,2.54,true,1,27233
7290110577728,false,"משקה שייק חלבון מי גבינה עם פירות יער 350מ""ל יטבתה",מחלבת יטבתה,IL,ש.חלבון אפרסק ומנגו,,350.00,"100 מ""ל",false,1,8.90,2.54,true,1,27179
7290110856243,false,ציל סיגריה אלקטרונית,Unknown,CN,chill-ענבים,,0.00,,false,1,49.90,0.00,false,1,26314
7290110856250,false,ציל סיגריה אלקטרונית,Unknown,CN,chill-תפוח,,0.00,,false,1,49.90,0.00,false,1,26315
7290110856267,false,ציל סיגריה אלקטרונית,Unknown,CN,chill-אבטיח,,0.00,,false,1,49.90,0.00,false,1,26316
7290110856298,false,ציל סיגריה אלקטרונית,Unknown,CN,chill-פירות יער,,0.00,,false,1,49.90,0.00,false,1,26317
7290110856373,false,ציל סיגריה אלקטרונית,Unknown,CN,chill-תפוח אפרסק,,0.00,,false,1,49.90,0.00,false,1,26318
7290110856380,false,ציל סיגריה אלקטרונית,Unknown,CN,chill-תות בננה,,0.00,,false,1,49.90,0.00,false,1,26319
7290110856502,false,ציל סיגריה אלקטרונית,Unknown,CN,ס.אלקטרונת תות אבטיח,,0.00,,false,1,49.90,0.00,false,1,26956
7290110856519,false,ציל סיגריה אלקטרונית,Unknown,CN,chill-פטל,,0.00,,false,1,49.90,0.00,false,1,26320
7290111010262,false,מגבות נייר פייפר טאו,Unknown,,מגבות פרש מרקט 6,,63.48,1 מטר,false,1,11.90,0.19,false,1,26533
7290111010316,false,נייר טואלט 24 גלילים,Unknown,,נייר טואלט 24 גלילים,,860.16,1 מטר,false,1,22.90,0.03,false,1,26534
7290111010620,false,ערק כביר אסלי עם לימ,Unknown,,ערק עם לימונים,,700.00,"100 מ""ל",false,1,54.90,7.80,false,1,25934
7290111010637,false,ערק כביר אסלי עם פסי,Unknown,,ערק כביר פסיפלורה,,700.00,"100 מ""ל",false,1,54.90,7.80,false,1,25935
7290111170058,false,לד פנס פוג'יקום,Unknown,,פנס LED,,0.00,,false,1,39.90,0.00,true,1,19953
7290111170553,false,לד פנס ראש פוג'יקום,Unknown,,פנס ראש,,0.00,,false,1,49.90,0.00,false,1,25669
7290111171048,false,קומפרסור אוויר,Unknown,,קומפרסור אוויר,,0.00,,false,1,149.00,0.00,false,1,22931
7290111341984,false,לילי - מגבוני נייר טואלט לח פיור רביעייה,קימברלי,IL,נייר טואלט לילי לח*4,,160.00,יחידה,false,1,25.90,0.16,true,1,23292
7290111346125,false,מארז שלישייה מגבוני דיילי קר ללא בישום *56 יח' האגיס,קימברלי,IL,מ.האגיס דיילי קר,,0.00,,false,1,20.90,0.00,false,1,27122
7290111346132,false,מארז שלישייה מגבוני סנסטיב קר ללא בישום *56 יח' האגיס,עלבד,IL,מ. האגיס סנסטיב,,0.00,,false,1,20.90,0.00,false,1,27123
7290111350719,false,חטיף נאצוס הוטפופ בסגנון מסעדות 322 גר,ליימן מותגים,US,הוטפופ נאצוס 332גר,,332.00,100 גרם,false,1,18.90,5.69,true,1,27090
7290111350726,false,חטיף נאצוס הוטפופ בסגנון מקסיקני 322 גר,ליימן מותגים,US,הוטפופ נאצוס מקסיקני,,332.00,100 גרם,false,1,18.90,5.69,true,1,27091
7290111351280,false,תערובת אגוזים קלויים ללא מלח 150 גרם קליית גת,קליית גת,IL,תערובת אגוזים קלויים,,150.00,100 גרם,false,1,22.90,15.27,true,1,21834
7290111354083,false,תערובת אגוזים מקורמלים וצימוקים 170 גרם,קליית גת,IL,ת.אגוזים מקורמלים,,170.00,100 גרם,false,1,24.90,14.65,true,1,25464
7290111354090,false,תערובת אגוזים וחמוצי,קליית גת,IL,ת.פיצוחים משוקלדות,,120.00,100 גרם,false,1,24.90,20.75,true,1,25465
7290111354175,false,"רביולי חטיפי בוטנים מצופים בטעם ברביקיו, 110 גרם",קליית גת,IL,רביולי בוטנים מצופים,,120.00,100 גרם,false,1,16.90,14.08,true,1,25466
7290111354182,false,פריכיות אורז צילי 70,קליית גת,IL,פרכיות אורז צילי,,70.00,100 גרם,false,1,16.90,24.14,true,1,25467
7290111354229,false,0ארז9 ק.התנסות,Unknown,,0ארז9 ק.התנסות,,0.00,,false,1,19.90,0.00,true,1,27169
7290111354922,false,מארז סניידרס+הוטפופ,סניידרס,US,מארז סניידרס+הוטפופ,,640.00,100 גרם,false,1,19.90,3.11,true,1,27028
7290111560873,false,בונז'ור לחמניה עגולה 100ג',Unknown,,לחמניית המבורגר,,100.00,100 גרם,false,1,3.00,3.00,true,1,19617
7290111560910,false,אסם וופל בטעם שוקולד200 גרם,Unknown,,וופל שוקולד 200 גרם,,200.00,100 גרם,false,1,7.50,3.75,true,1,19930
7290111563584,false,אקסטרים וניל כשר לפסח 72,גלידות נסטלה )נגה גלידות,IL,טילון כשלפ,,72.00,100 גרם,false,1,10.00,13.89,true,1,20095
7290111564239,false,שלגוני קראנץ' Crunch בטעם וניל - 5 יח',גלידות נסטלה )נגה גלידות,IL,מאגדת קראנץ וניל,,275.00,100 גרם,false,1,32.90,11.96,true,1,19975
7290111564277,false,פריכיות דקות ונימוחות 3 דגנים פיטנס Fitness,פרח תעשיות בעמ,IL,פיטנס פריכיות3 דגנים,,120.00,100 גרם,false,1,14.50,12.08,true,1,19602
7290111564291,false,פריכיות דקות ונימוחות 3 דגנים וקינואה פיטנס Fitness,פרח תעשיות בעמ,IL,פיטנס פ.עם קינואה,,120.00,100 גרם,false,1,14.50,12.08,true,1,19603
7290111564956,false,"ביסלי במבה מיקס 200 גרם ""אסם""",פרו מן יו פתרונות אריזה,IL,ביסלי במבה מיקס200ג,,200.00,100 גרם,false,1,15.90,7.95,true,1,19686
7290111565038,false,"לה קרמריה וניל קוקילידה בד""צ 1.4 ל'",גלידות נסטלה )נגה גלידות,IL,לה קרמריה קוקולידה,,1.40,1 ליטר,false,1,26.90,19.21,true,1,21746
7290111565502,false,ארטיק אוראו וניל ועוגיות סנדוויץ נסטלה 80 ג',נסטלה גלידות,IT,סנדוויץ אוראו,,86.60,100 גרם,false,1,13.90,16.05,true,1,20102
7290111565656,false,במבה במילוי קרם נוגט 150 ג',"אסם תעשיות בע""מ",IL,במבה נוגט 150גר,,150.00,100 גרם,false,1,15.90,10.60,true,1,19687
7290111566127,false,מעדן אוראו קפוא בטעם וניל עם עוגיות בטעם שוקולד,ג'נרל מילס סאן אדריא,IT,מאגדת סנדוויץ אוראו,,198.00,100 גרם,false,1,27.00,13.64,true,1,20104
7290111566271,false,חטיפי תירס טבעול 657 גרם,עיצובים 2020 (4.8),IL,טבעול חטיפי תירס,,657.00,100 גרם,false,1,36.90,5.62,true,1,26559
7290111567759,false,עוגת דבש קלאסית 400 גרם,"אסם תעשיות בע""מ",IL,עוגת הבית דבש קלאסית,,400.00,100 גרם,false,1,17.00,4.25,true,1,20702
7290111568206,false,"מיקס ביסלי, אפרופו ופיצוחים מתובלים",פרו מן יו פתרונות אר,IL,ביסלי פארטי מיקס,,150.00,100 גרם,false,1,15.90,10.60,true,1,20473
7290112000798,false,"דיטול תרסיסי חיטוי וניקוי אנטי בקטריאלי 750 מ""ל",רקיט בנקיזר,US,דטול תרסיס חיטוי,,750.00,"100 מ""ל",false,1,15.90,2.12,true,1,23239
7290112000828,false,דטול - מגבונים חיטוי וניקוי אנטי בקטריאלי 60 יח',רקיט בנקיזר,PL,דטול לחיטוי 60 יחידו,,60.00,יחידה,false,1,15.90,0.26,true,1,23301
7290112000842,false,דטול מגבונים לניקוי כללי בניחות לימון 60 יח',רקיט בנקיזר,PL,דטול מגבונים לניקוי,,60.00,יחידה,false,1,15.90,0.26,true,1,23064
7290112002228,false,"איירוויק ג'ל פחית בניחוח לבנדר, 70 גרם",רקיט בנקיזר,CN,פחית ריח לרכב לוונדר,,1.00,יחידה,false,1,10.00,10.00,false,1,23424
7290112002235,false,פחית גל אירוויק בניחוח ורדים 70 גר,רקיט בנקיזר,CN,פחית ריח לרכב ורדים,,1.00,יחידה,false,1,10.00,10.00,false,1,23425
7290112002259,false,איירויק פחית גל בניחוח מרענן,רקיט בנקיזר,CN,פחית ריח לרכב-מרענן,,1.00,יחידה,false,1,10.00,10.00,false,1,23426
7290112330352,false,"יוגורט PRO בטעם וניל 0% , 20 גרם חלבון בגביע","שטראוס בריאות בע""\מ",IL,דנונה פרו וניל 200ג,,200.00,100 גרם,false,1,7.50,3.75,true,1,24402
7290112330390,false,דנונה פרו פירות יער 20 גרם חלבון 0% שומן 200 גרם,"שטראוס בריאות בע""\מ",IL,דנונה פרו פירות יער,,200.00,100 גרם,false,1,7.50,3.75,true,1,22524
7290112330420,false,דנונה פרו לבן 2.9% שומן 150 גרם,מיוצר עי קונדיטוריית,IL,דנונה פרו לבן 2.9%,,150.00,"100 מ""ל",false,1,5.50,3.67,false,1,22532
7290112330987,false,"שייק חלבון מי גבינה+אפרסק ומנגו 350 מ""ל",מחלבת יטבתה,IL,שייק ח.אפרסק מנגו,,350.00,"100 מ""ל",false,1,8.90,2.54,true,1,22117
7290112331946,false,רבע לשבע טורטית120גרם,"הגביע מוצרי וופלים בע""\מ",IL,רבע לשבע טורטית,,120.00,100 גרם,false,1,12.90,10.75,true,1,20994
7290112332585,false,פריכיות משולש תפוא אורז בתיבול סלק ומלח ים אנרג'י 30 גרם,"פרח תעשיו מזון בע""מ",IL,משולשות תפוא סלק,,30.00,100 גרם,false,1,7.50,25.00,true,1,21766
7290112332653,false,עוגיות סנדוויץ מצופו,STRAUSS-ISRAEL,,עוגיות סנדוויץ מצופv,,240.00,100 גרם,false,1,21.00,8.75,false,1,23670
7290112332691,false,פינוקיות עוגיות קרם פסק זמן אגוזים 200 גרם,"הגביע מוצרי וופלים בע""\מ",IL,פינוקיות פסק זמן,,200.00,100 גרם,false,1,14.50,7.25,true,1,21900
7290112332721,false,וופל שוקולד חלב מאנץ,Unknown,,מאנץ שוקולד חלב,,100.00,100 גרם,false,1,14.90,14.90,true,1,24717
7290112334879,false,בפלות שוקולד 125ג,Unknown,,בפלות שוקולד 125ג,,125.00,100 גרם,false,1,7.50,6.00,true,1,21951
7290112335043,false,כשלפ מרשמלו בזוקה ווסטהיים 150 ג',תות תעשיות מזון (201,IL,מרשמלו בזוקה,,150.00,100 גרם,false,1,8.00,5.33,true,1,21214
7290112335050,false,כשלפ מרשמלו ווסטהיים 150 ג',טופגאם תעשיות ממתקים,IL,מרשמלו וניל קלאסי,,150.00,100 גרם,false,1,8.00,5.33,true,1,21215
7290112335487,false,הפריכיות הטעימות קצח ודגנים אנרג'י 135 גרם,"פרח תעשיות מזון בע""\מ",IL,פ.טעימות קצח ודגנים,,135.00,100 גרם,false,1,15.90,11.78,true,1,21767
7290112335500,false,"פרכיות אנרג'י חומוס,אורז,עדשים שחורות וקינואה 135 גרם","פרח תעשיות מזון בע""\מ",IL,פרכיות טעימות חומוס,,135.00,100 גרם,false,1,15.90,11.78,true,1,21769
7290112336644,false,סוכריות מאסט ללא סוכר לימון 80 ג' עלית,שטראוס גרופ,PL,מאסט סוכריות לימון,,80.00,100 גרם,false,1,10.50,13.12,true,1,22428
7290112336712,false,יוגורט PRO לבן 0% 21 גרם חלבון בגביע,"שטראוס בריאות בע""מ",IL,דנונה פרו 21גר,,200.00,"100 מ""ל",false,1,7.50,3.75,true,1,25775
7290112337474,false,סוכריות מאסט ללא סוכר פטל לימון 80 ג' עלית,שטראוס גרופ,PL,מאסט ס.פטל לימון,,80.00,100 גרם,false,1,10.50,13.12,true,1,22429
7290112339867,false,גמדים לדרך גבינה לבנה עם מחית תות,"שטראוס בריאות בע""\מ",IL,גמדים סקוויז לדרך,,100.00,100 גרם,false,1,6.20,6.20,true,1,25891
7290112339874,false,גמדים לדרך גבינה לבנה עם מחיות תות ובננה,"שטראוס בריאות בע""\מ",IL,גמדים סקוויז ת.בננה,,100.00,100 גרם,false,1,6.20,6.20,true,1,25892
7290112340122,false,הפריכיות הטעימות 3 דגנים אנרג'י 135 גרם,"פרח תעשיות מזון בע""\מ",IL,פ.טעימות 3דגנים-19,,135.00,100 גרם,false,1,15.90,11.78,true,1,21772
7290112340245,false,צנצנת מסטיק מאסט בטעם דובדבן 66 ג' עלית,"שטראוס גרופ בע""\מ",IL,מאסט דובדבן בקבוקון,,66.00,100 גרם,false,1,8.90,13.48,true,1,21669
7290112340276,false,פינוקיות עוגיות קרם קפה 200 גרם,"הגביע מוצרי וופלים בע""\מ",IL,פינוקית קפה נמס,,200.00,100 גרם,false,1,14.50,7.25,true,1,21878
7290112341006,false,מארז מילקי קצפת כפיות שוקולד 176 גרם,"שטראוס גרופ בע""\מ",IL,מארז מילקי קצפת,,172.00,100 גרם,false,1,10.40,6.05,true,1,23355
7290112341112,false,משקה מוקה בבקבוק יטבתה,מחלבת יטבתה,IL,מוקה בקבוק 350 מל,,350.00,"100 מ""ל",false,1,7.50,2.14,true,1,21812
7290112342195,false,כשלפ תפוציפס מקלות טבעי 200 גרם,"שטראוס פריטו ליי בע""\מ )",IL,תפוציפס מקלות טבעי,,200.00,100 גרם,false,1,10.00,5.00,true,1,22450
7290112342393,false,מאסט מון בטעם תפוח 60 גרם,רוג'ר אנד רוג'ר,IL,מאסט מון תפוח 60 גר,,60.00,100 גרם,false,1,12.00,20.00,true,1,22320
7290112342508,false,דוריטוס צ'יזי טוויסט 70 גרם,"שטראוס פריטו ליי בע""\מ",IL,דוריטוס ק.ראנצ 70ג,,70.00,100 גרם,false,1,7.90,11.29,true,1,26656
7290112342621,false,"משקה שוקו בקבוק 350 מ""ל",מחלבת יטבתה,IL,שוקו בקבוק 350 מל,,350.00,100 גרם,false,1,7.50,2.14,true,1,22210
7290112343413,false,"משקה שוקו ספלנדיד יטבתה 350 מ""ל",שטראוס גרופ,IL,שוקו מריר 350 מל,,350.00,"100 מ""ל",false,1,7.50,2.14,true,1,22367
7290112343420,false,"משקה חלב עם דגנים מלאים ובננה פרו יטבתה 350מ""ל",מחלבת יטבתה,IL,יטבתה פרו א.בוקר,,350.00,"100 מ""ל",false,1,8.90,2.54,true,1,22448
7290112343499,false,חטיף צ'יטוס פאפס אפוי בטעם גבינה,"שטראוס פריטו ליי בע""\מ )",IL,ציטוס פאפ גבינה 55ג,,55.00,100 גרם,false,1,5.90,10.73,true,1,25278
7290112344427,false,קפה נמס עלית 100 גרם,שטראוס קפה בי.וי,IL,קפה נמס 100 גרם,,100.00,100 גרם,false,1,15.00,15.00,true,1,23183
7290112344755,false,מילקי שוקולד 26% פחות סוכר 135 גרם,מיוצר עי קונדיטוריית,IL,מילקי 26% פחות סוכר,,135.00,100 גרם,false,1,3.40,2.52,false,1,23672
7290112346537,false,עוגיות פינוקיות בטעם טורטית 200 ג' עלית,"הגביע מוצרי ופלים בע""\מ",IL,פינוקיות בטעם טורטית,,200.00,100 גרם,false,1,14.50,7.25,true,1,22371
7290112346681,false,דנונה משקה יוגורט בטעם פירות יער 267 גר',"שטראוס בריאות בע""\מ",IL,ד.לשתייה פירות יער,,267.00,100 גרם,false,1,6.80,2.55,true,1,27300
7290112347374,false,מילקי cake בטעם פסק זמן,Unknown,,מילקי CAKE פסק זמן,,34.00,100 גרם,false,1,4.30,12.65,true,1,23093
7290112347626,false,כיף כף נשנושים 55,Unknown,,כיף כף נשנושים 55,,55.00,100 גרם,false,1,9.00,16.36,true,1,22430
7290112348029,false,חומוס אסלי דליקטס 250 גרם,שטראוס,IL,חומוס חלק דליקטס,,250.00,100 גרם,false,1,10.00,4.00,true,1,26460
7290112348043,false,סלט חציל במיונז דליקטס 250 גרם,שטראוס,IL,סלט חציל במיונז,,250.00,100 גרם,false,1,13.00,5.20,true,1,26500
7290112348241,false,פסק זמן פטיסרי עם קרם קפה לאטה,שטראוס גרופ,IL,פסק זמן פטיסרי ק.קפה,,35.00,100 גרם,false,1,7.50,21.43,true,1,23383
7290112348548,false,שוקולד פרה לבן מעולה,"תופינית בע""\מ",IL,שוקולד פרה לבן 100ג,,100.00,100 גרם,false,1,9.90,9.90,true,1,22550
7290112349255,false,טורטית נשנושים 55,Unknown,,טורטית נשנושים 55,,55.00,100 גרם,false,1,9.00,16.36,true,1,22431
7290112349262,false,פסק זמן נשנושים 55,Unknown,,פסק זמן נשנושים 55,,55.00,100 גרם,false,1,9.00,16.36,true,1,22432
7290112349347,false,סוכריות פרש בטעם מנטה 15 גרם,שטראוס גרופ,TR,מאסט FRESH מנטה,,15.00,100 גרם,false,1,5.50,36.67,true,1,23009
7290112349354,false,סוכריות פרש בטעם פטל לימון 15 גרם,שטראוס גרופ,TR,מאסט FRESH פטל,,15.00,100 גרם,false,1,5.50,36.67,true,1,23010
7290112349378,false,סוכריות פרש בטעם רימון ותות 15 גרם,"הליקון גידה בע""מ",TR,מאסט FRESH רימון,,15.00,100 גרם,false,1,5.50,36.67,true,1,23011
7290112349651,false,שוקולד פרה מיקס עוגי,STRAUSS-ISRAEL,,פרה עוגיות ואגוזים,,95.00,100 גרם,false,1,9.90,10.42,true,1,23392
7290112350312,false,קפסולות 15 קפה יותר למכונות נספרסו עלית 10יח',הנסיך- מפעל לייצור ט,IL,עלית ת. נספרסו 15,,10.00,יחידה,false,1,16.50,1.65,true,1,24062
7290112350350,false,פסק זמן פטיסרי עם קרם אגוזים,"שטראוס גרופ בע""\מ",IL,פסק זמן פטיסרי אגוזי,,35.00,100 גרם,false,1,7.50,21.43,true,1,23384
7290112351197,false,שוקולד מיקס עוגיות+שקד95,"שטראוס גרופ בע""\מ",IL,פרה עוגיות ושקדים,,95.00,100 גרם,false,1,9.90,10.42,true,1,23390
7290112351210,false,שוקולד פרה מיקס גלילי וופל וקוקוס,"שטראוס גרופ בע""\מ",IL,פרה גלילי ופל+קוקוס,,95.00,100 גרם,false,1,9.00,9.47,true,1,23391
7290112351258,false,עוגיית קקאו פינוקיות שחור לבן 200 גר,"הגביע מוצרי ופלים בע""\מ",IL,פינוקיות שחור לבן,,200.00,100 גרם,false,1,13.50,6.75,true,1,23189
7290112351661,false,וופל שוקולד מריר מאנ,Unknown,,מאנץ שוקולד מריר,,100.00,100 גרם,false,1,14.90,14.90,true,1,24718
7290112351807,false,שוקולד פרה בלונדי חל,Unknown,,בלונדי טבלה חלק 100ג,,100.00,100 גרם,false,1,10.90,10.90,true,1,24241
7290112353412,false,"פריכיות משולשות-תפו""א תירס אפונה סלק ומלח אנרג'י 30 גרם","פרח תעשיו מזון בע""מ",IL,פריכיות משולשות,,30.00,100 גרם,false,1,7.50,25.00,true,1,23190
7290112353566,false,סלט טחינה דליקטס 250 גרם,שטראוס,IL,סלט טחינה דליקטס,,250.00,100 גרם,false,1,13.00,5.20,true,1,26540
7290112353887,false,"משקה קפה קר בטעם אגוזים יטבתה 230 מ""ל",אנסטל מילק kg,AT,משקה קפה קר אגוזים,,230.00,100 גרם,false,1,10.50,4.57,true,1,23020
7290112354945,false,תפוצ'יפס WAVY בטעם טבעי 50 גרם,שטראוס פריטו ליי בע”,IL,תפו wavy טבעי 50 גר,,50.00,100 גרם,false,1,5.90,11.80,true,1,27128
7290112354952,false,תפוצ'יפס WAVY בטעם פפריקה 50 גרם,שטראוס פריטו ליי בע”,IL,תפו WAVY פפריקה 50 ג,,50.00,100 גרם,false,1,5.90,11.80,true,1,27129
7290112355027,false,דנונה פרו 20 גרם חלבון בטעם קרמל מלוח 200 גרם,"שטראוס בריאות בע""\מ",IL,דנונה פרו 20 קרמל,,200.00,100 גרם,false,1,7.50,3.75,false,1,23680
7290112355867,false,מילקי קצפת טופ פיצפוצים 86 גרם,"שטראוס גרופ בע""\מ",IL,מ.קצפת טופ פיצפוץ,,86.00,100 גרם,false,1,5.10,5.93,false,1,26599
7290112355980,false,חלב נטול לקטוז,Unknown,,חלב נטול לקטוז,,2.00,1 ליטר,false,1,17.90,8.95,false,1,26486
7290112356116,false,מאסט FRESH מנדרינה,Unknown,,מאסט FRESH מנדרינה,,15.00,100 גרם,false,1,5.00,33.33,false,1,23682
7290112357618,false,כשלפ מסטיק קוביות בטעם פירות טרופיים 58 ג,אסקום קונפקשיין,DE,מאסט טרופי,,58.00,100 גרם,false,1,12.00,20.69,true,1,22641
7290112358004,false,פסק זמן קראנצ' עלית 32 גרם,שולן צ'\יקולטה גידה סאן.,TR,פסק זמן קראנץ,,32.00,100 גרם,false,1,7.50,23.44,true,1,23385
7290112358158,false,קפסולות אייס קוקוס למכונות NESPRESSO,הנסיך- מפעל לייצור ט,IL,קפסולות אייס ק.קוקוס,,10.00,יחידה,false,1,16.50,1.65,true,1,24418
7290112358554,false,מארז קפה נמס מנות אישיות לדרך 50.4 גר,שטראוס רומניה,RO,מארז נמס לדרך,,50.00,100 גרם,false,1,12.90,25.80,false,1,26313
7290112358561,false,קפה נמס פלטינום קלאסי 47 ג' עלית,"אינסטנטבה בע""\מ",PL,פלטינום קלאסיק 47 ג,,47.00,100 גרם,false,1,7.00,14.89,true,1,23882
7290112358844,false,שוקולד פרה חלב שברי אגוזים 100 גרם,"שטראוס גרופ בע""\מ",IL,ש.פרה חלב ש.אגוזים,,100.00,100 גרם,false,1,9.90,9.90,true,1,24456
7290112359674,false,דוריטוס פלמין הוט לימו70,"שטראוס פריטו ליי בע""\מ )",IL,דוריטוס הוט לימון,,70.00,100 גרם,false,1,6.90,9.86,true,1,24600
7290112359711,false,דוריטוס פלמין הוט 70 גרם,"שטראוס פריטו ליי בע""\מ )",IL,דוריטוס פלמין הוט,,70.00,100 גרם,false,1,6.90,9.86,true,1,24599
7290112490209,false,נמס בכוס מרק עגבניות עם קרוטונים רכיבים טבעיים,יוניליוור ישראל מזון בעמ,IL,מרק נמס בכוס עגבניות,,56.00,100 גרם,false,1,9.00,16.07,true,1,20806
7290112490216,false,מרק נמס בכוס בטעם עוף קנור 100% רכיבים טבעיים,יוניליוור ישראל מזון בעמ,IL,מרק נמס בכוס טעם עוף,,48.00,100 גרם,false,1,9.00,18.75,true,1,20807
7290112490230,false,מרק נמס בכוס אפונה קנור 100% רכיבים טבעיים,יוניליוור ישראל מזון בעמ,IL,מרק נמס בכוס אפונה,,50.00,100 גרם,false,1,9.00,18.00,true,1,20808
7290112490674,false,קונפיטורה דובדבנים 778 50% פרי 340 גר-,יוניליוור מזון,IL,778 קונפיטורת,,340.00,100 גרם,false,1,17.90,5.26,true,1,26721
7290112492449,false,"פינוק - שמפו לשיער רגיל 700 מ""ל",יוניליוור ישראל טיפוח אי,IL,פינוק שמפו שיער רגיל,,700.00,"100 מ""ל",false,1,14.00,2.00,true,1,22871
7290112492456,false,"שמפו פינוק לשיער יבש/פגום 700 מ""ל",יוניליוור ישראל טיפוח אי,IL,פינוק שמפו יבש 700,,700.00,"100 מ""ל",false,1,14.00,2.00,true,1,26881
7290112492487,false,פינוק שמפו לשיער עם שמן מרוקאי 700 מל,יוניליוור ישראל טיפוח אי,IL,פינוק שמפו שמ.מרוקאי,,700.00,"100 מ""ל",false,1,14.00,2.00,false,1,26879
7290112492531,false,פינוק מרכך שיער רגיל 700 מל-חדש,יוניליוור פארם,IL,פינוק מרכך שיער רגיל,,700.00,"100 מ""ל",false,1,14.00,2.00,true,1,22870
7290112492593,false,תחליב רחצה פינוק בניחוח פינוק קלאסי 700,יוניליוור ישראל טיפוח אי,IL,פינוק תח.רחצה קלאסי,,700.00,"100 מ""ל",false,1,14.00,2.00,true,1,22869
7290112492630,false,"שמפו ג'ל רחצה וסבון פנים 3 ב-1 לגבר פינוק 700 מ""ל",יוניליוור ישראל טיפוח אי,IL,פינוק 3 ב-1 לגבר,,700.00,"100 מ""ל",false,1,14.00,2.00,true,1,22872
7290112492678,false,פינוק שמפו לשיער רגיל אריזת נסיעות 100 מ,יוניליוור ישראל טיפוח אי,IL,פ.שמפו לשיער רגיל,,100.00,"100 מ""ל",false,1,6.00,6.00,true,1,24135
7290112492685,false,פינוק מרכך לשיער רגיל אריזת נסיעות 100 מ,יוניליוור ישראל טיפוח אי,IL,פ.מרכך לשיער רגיל,,100.00,"100 מ""ל",false,1,6.00,6.00,false,1,24136
7290112492692,false,פינוק תחליב רחצה קלאסי אריזת נסיעות 100,יוניליוור ישראל טיפוח אי,IL,פינוק תחליב רחצה,,100.00,"100 מ""ל",false,1,6.00,6.00,true,1,23340
7290112493293,false,קנור - נמס ירקות וקרוטונים ר.טבעי 44 גרם,יוניליוור ישראל מזון בעמ,IL,נמס ירקות וקרוטונים,,44.00,100 גרם,false,1,9.00,20.45,true,1,26968
7290112493903,false,גלידת ננסים בארבע טעמים 60 גר,"מיוצר ע""\י גלידת שטראוס",IL,שלגון ננסים,,70.00,100 גרם,false,1,11.00,15.71,true,1,22139
7290112493927,false,גלידה בטעם ריבת חלב 1.33ל' קרמיסימו,"גלידת שטראוס בע""\מ, רחוב",IL,קרמיסימו ריבת חלב,,706.00,100 גרם,false,1,25.00,3.54,true,1,26032
7290112493934,false,גלידת וניל צרפתי קרמיסימו 1.33 ל,"גלידת שטראוס בע""\מ, רחוב",IL,קרמיסימו וניל צרפתי,,706.00,100 גרם,false,1,25.00,3.54,true,1,26033
7290112493965,false,קרמיסימו חלבית בטעם מסטיק וניל 665 גר,"גלידת שטראוס בע""\מ, רחוב",IL,קרמיסימו מסטיגם,,744.00,100 גרם,false,1,25.00,3.36,true,1,26034
7290112494221,false,קליק - ביסקויט תפזורת 65 גרם,יוניליוור ישראל מזון בע\,IL,קליק ביסקויט 65 גר,,65.00,100 גרם,false,1,9.00,13.85,true,1,22184
7290112494238,false,קליק - כדורים חלב תפזורת 65 גרם,יוניליוור ישראל מזון בע\,IL,קליק כדורים 65 גר,,65.00,100 גרם,false,1,9.00,13.85,true,1,22185
7290112494276,false,קליק כריות תפזורת 65 גר,יוניליוור ישראל מזון בע\,IL,קליק כריות 65ג,,65.00,100 גרם,false,1,9.00,13.85,true,1,22186
7290112494283,false,קליק - מעורב חום לבן תפזורת 65 גרם,יוניליוור ישראל מזון בע\,IL,קליק חום לבן 65 גר,,65.00,100 גרם,false,1,9.00,13.85,true,1,22187
7290112494313,false,קליק - קורנפלקס תפזורת 65 גרם,יוניליוור ישראל מזון בע\,IL,קליק קורנפלקס 5ג כש,,65.00,100 גרם,false,1,9.00,13.85,true,1,22188
7290112494344,false,תלמה קורנפלקס של אלופים 850 גרם,"יוניליוור שפע ישראל בע""\",IL,קורנפלקס של אלופים,,850.00,100 גרם,false,1,27.00,3.18,true,1,22709
7290112494351,false,"קורנפלקס אלופים תלמה 850 ג בד""ץ","יוניליוור שפע ישראל בע""\",IL,קורנפלקס אלופים 850,,850.00,100 גרם,false,1,27.00,3.18,true,1,22757
7290112494993,false,דגני בוקר וניל 686ג' כריות,"יוניליוור שפע ישראל בע""\",IL,תלמה כריות וניל,,686.00,100 גרם,false,1,35.90,5.23,false,1,26948
7290112495006,false,כריות נוגט 686 גרם - קופסא,"יוניליוור ישראל מזון בע""",IL,תלמה כריות נוגט,,686.00,100 גרם,false,1,29.90,4.36,false,1,22217
7290112495105,false,נשנושים חטיף בטעם שמנת בצל,בייגל את בייגל מזון 198),IL,נשנושים שמנת בצל,,260.00,100 גרם,false,1,16.90,6.50,false,1,22304
7290112495228,false,"קורנפלקס דבש תלמה 448 ג' בד""צ","יוניליוור שפע ישראל בע""\",IL,תלמה קורנפלקס דבש,,448.00,100 גרם,false,1,22.00,4.91,false,1,22218
7290112495433,false,דגני דליפקאן תוספת אגוזי פקאן ושקדים 400 גר,"יוניליור שפע ישראל בע""\מ",IL,דליפקאן 400 גרם-חדש,,400.00,100 גרם,false,1,27.50,6.88,true,1,22238
7290112495822,false,כריות BLACK בטעם שוקולד וניל תלמה 686 גרם,"יוניליוור שפע ישראל בע""\",IL,כריות Black,,686.00,100 גרם,false,1,35.90,5.23,false,1,26949
7290112496270,false,"פתית צ'יפס תפו""א בתוספת עגבניות ועשבי תיבול 22 גרם",JLM גלובל פודסn37\ דרך א,GB,פתית ציפס תפוא,,22.00,100 גרם,false,1,6.00,27.27,true,1,23836
7290112496287,false,פתית - צ'יפס בטטה בטעם טבעי 21 גרם,JLM גלובל פודסn37\ דרך א,GB,פתית ציפס בטטה,,21.00,100 גרם,false,1,6.00,28.57,true,1,23837
7290112496430,false,קנור נמס בכוס אקסטרה עגבניות+אטריות 37 גרם - רבנות,יוניליוור ישראל מזון בע\,IL,נמס עגבניות ואטריות,,39.00,100 גרם,false,1,5.90,15.13,true,1,24929
7290112496461,false,נמס בכוס אקסטרה מרק ירקות עם המון אטריות,יוניליוור ישראל מזון בע\,IL,נמס בכוס ירקות Xtra,,35.00,100 גרם,false,1,5.90,16.86,true,1,24959
7290112498250,false,תלמה קורנפלקס של אלו,יוניליוור שפע ישראל,IL,קורנפלקס של אלופים,,410.00,100 גרם,false,1,17.90,4.37,true,1,24266
7290112498748,false,מיני סולרו וניל תות שדה 350 גרם,"מיוצר ע""\י גלידת שטראוס",IL,מאגדת מיני סולרו תות,,350.00,100 גרם,false,1,27.00,7.71,true,1,23883
7290112498786,false,קריספי קרמל בננה 76 ג' מגנום,"מיוצר ע""\י גלידת שטראוס",IL,מגנום קריספי קרמל,,76.00,100 גרם,false,1,12.50,16.45,true,1,23885
7290112498816,false,גלידונית בטעם פיסטוק 60,"גלידת שטראוס בע""\מ, רח'\",IL,גלידונית פיסטוק 60יח,,630.00,100 גרם,false,1,50.00,7.94,true,1,24250
7290112498823,false,מיקס עיגול בטעמי וניל וש,"מיוצר ע""\י גלידת שטראוס",IL,מיקס עיגול כשלפ,,70.00,100 גרם,false,1,10.00,14.29,true,1,24066
7290112498878,false,שלגון קורנטו פסק זמן ריבת חלב,"מיוצר ע""י גלידת שטרא",IL,קורנטו פסק זמן,,64.00,100 גרם,false,1,10.00,15.62,true,1,24307
7290112498892,false,אסקימו דובדבן אבטיח,יוניליוור,IL,קרחון דובדבן אבטיח,,75.00,100 גרם,false,1,4.00,5.33,true,1,24245
7290112498908,false,מאגדת קורנטו בננהשוקוציפ,"מיוצר ע""\י גלידת שטראוס",IL,קורנטו מ.בננה שוקו צ,,390.00,100 גרם,false,1,36.00,9.23,true,1,25174
7290112498939,false,שלגון בומבה בטעם וניל 80 גרם,"מיוצר ע""\י גלידת שטראוס",IL,שלגון בומבה,,84.00,100 גרם,false,1,11.50,13.69,true,1,24373
7290112498946,false,קשת בענן ארטיק ילדים שטראוס 47 גרם,"גלידת שטראוס בע""\מ, רח'\",IL,קשת בענן ארטיק חלב,,47.00,100 גרם,false,1,8.90,18.94,true,1,25468
7290112499080,false,סולרו בר קוקוס שטראוס 65 גרם,"מיוצר ע""י גלידת שטרא",IL,סלורו בר קוקוס,,65.00,100 גרם,false,1,11.50,17.69,true,1,25469
7290112499097,false,מאגדת מיני מגנום שוקולד מריר 240 גרם,"מיוצר ע""\י גלידת שטראוס",IL,מאגדת מגנום מ.מריר,,240.00,100 גרם,false,1,28.00,11.67,true,1,25470
7290112499103,false,קורנטו קליק וניל עוגיות 72 ג' שטראוס,"צר ע""\י גלידת שטראוס בע\",IL,קורנטו וניל ק.עוגיות,,72.00,100 גרם,false,1,10.00,13.89,true,1,25850
7290112499110,false,טילון קליק בטעם שוקולד 72 ג' שטראוס,שטראוס גרופ גלידות,IL,קורנטו קליק שוקולד,,70.00,100 גרם,false,1,10.00,14.29,true,1,26493
7290112499127,false,שלגון גלידה שוקולד לבן ותות 77 גרם,"מיוצר ע""\י גלידת שטראוס",IL,מגנום ש.לבן תות,,77.00,100 גרם,false,1,12.50,16.23,true,1,25471
7290112499141,false,סולרו וניל ותפוח ירוק 76 ג' שטראוס,שטראוס גרופ גלידות,IL,סולרו וניל ת.ירוק,,76.00,100 גרם,false,1,12.90,16.97,true,1,25851
7290112499189,false,"גלידת קרמיסימו חד קרן וניל תות, 1.33 ליטר","גלידת שטראוס בע""\מ, רחוב",IL,קרמיסימו חד קרן,,706.00,100 גרם,false,1,25.00,3.54,true,1,26494
7290112499196,false,גלידה בטעם החלב של הקורנפלקס 1.33 ל' קרמיסימו,"גלידת שטראוס בע""\מ, רחוב",IL,קרמיסימו ח.קורנפלקס,,706.00,100 גרם,false,1,25.00,3.54,true,1,26495
7290112499219,false,שלגון שמנת מופחת שומן וקלוריות בטעם פיסטוק עם ריפל בטעם שוקולד מריר וציפוי חלקי של שוקולד חלב מעולה,"גלידת שטראוס בע""\מ, רחוב",IL,גודיז פ.שוקולד,,235.00,100 גרם,false,1,27.00,11.49,true,1,25852
7290112499257,false,שלגון שוקובו עם ציפוי שוקולד לבן 85 גרם,שטראוס גרופ גלידות,IL,שוקובו לבן,,85.00,100 גרם,false,1,11.50,13.53,false,1,26891
7290112499455,false,פינוק תחליב רחצה 700 בתוספת שמן מרוקאי,יוניליוור ישראל טיפוח אי,IL,פינוק ת.רחצה 700,,700.00,"100 מ""ל",false,1,14.00,2.00,true,1,26833
7290112499639,false,טילון סופר מגנום וניל צ'יפ שוקולד 110 גרם,"מיוצר ע""\י גלידת שטראוס",IL,מגנום טילון שוק.ציפ,,110.00,100 גרם,false,1,12.50,11.36,true,1,22488
7290112499646,false,"מעדן קפוא בטעם וניל עם וופל 108 גרם ""קורנטו""","מיוצר ע""\י גלידת שטראוס",IL,קורנטו סופר פקאן,,108.00,100 גרם,false,1,12.50,11.57,true,1,22785
7290112499677,false,מגנום וניל בציפוי שוקולד לבן,"מיוצר ע""\י גלידת שטראוס",IL,מגנום שוקולד לבן,,85.00,100 גרם,false,1,12.50,14.71,true,1,22489
7290112499738,false,קרחון שרבט פרווה בטעם מלון 90 גרם,"מיוצר ע""\י גלידת שטראוס",IL,קרחון שרבט בטעם מלון,,90.00,100 גרם,false,1,7.90,8.78,true,1,22491
7290112499776,false,גלידת שמנת מופחתת שומן וקלוריות בטעם שוקולד לבן 240 גרם,"גלידת שטראוס בע""\מ, רח'\",IL,מאגדת גודיז 3שוקולדי,,24.00,100 גרם,false,1,27.00,112.50,true,1,26039
7290112499813,false,קרחון שרבט בטעם אבטיח פרווה 75 גרם,"גלידת שטראוס בע""\מ, רח'",IL,קרחון אסקימו אבטיח,,75.00,100 גרם,false,1,4.00,5.33,true,1,22795
7290112499837,false,מגנום דואט שוקולד עם נוגט 90 גרם,"מיוצר ע""\י גלידת שטראוס",IL,מ.דאבל שוקולד נוגט,,90.00,100 גרם,false,1,12.50,13.89,true,1,22493
7290112499844,false,מאגדת מיני מגנום דואט שוקולד עם נוגט שטראוס 310 גרם,"מיוצר ע""\י גלידת שטראוס",IL,מגנום מ.דואט ש.נוגט,,310.00,100 גרם,false,1,28.00,9.03,true,1,26035
7290112499851,false,גלידת שמנת בטעם וניל עם פירורי עוגיות 57 גרם,"גלידת שטראוס בע""\מ, רח'",IL,מגנום בטעם בראוניז,,58.00,100 גרם,false,1,11.50,19.83,true,1,22971
7290112499905,false,טילון קורנטו קליק בטעם מרשמלו,"מיוצר ע""\י גלידת שטראוס",IL,קורנטו קליק מרשמלו,,72.00,100 גרם,false,1,10.00,13.89,true,1,22972
7290112499929,false,מגנום שוקולד אימפלס פסח 120מל,"מיוצר ע""\י גלידת שטראוס",IL,שלגון מגנום שוקולד,,85.00,100 גרם,false,1,12.50,14.71,true,1,22495
7290112499936,false,מגנום שקדים אימפלס פסח 125מל,"מיוצר ע""\י גלידת שטראוס",IL,שלגון מגנום שקדים,,85.00,100 גרם,false,1,12.50,14.71,true,1,22496
7290112499943,false,מיני מאגדת מיני מגנום טעמים שונים וניל+שוקו,"מיוצר ע""\י גלידת שטראוס",IL,מ.מיני מ.קלאסיק שוקו,,250.00,100 גרם,false,1,28.00,11.20,true,1,26036
7290112499974,false,מאגדת מיני פסק זמן על מקל,"גלידת שטראוס בע""\מ, רח'\",IL,מאגדת מיני פסק זמן,,280.00,100 גרם,false,1,30.00,10.71,true,1,26038
7290112499981,false,שלגון פסק זמן בטעם נוגט 74 גרם,"גלידת שטראוס בע""\מ, רח'",IL,שלגון פסק זמן,,74.00,100 גרם,false,1,13.00,17.57,true,1,22881
7290112960542,false,בונזור לחם מחמצת קלמטה קנוי 12*480גר,בונז'ור,,לחם מחמצת קלמטה,,480.00,100 גרם,false,1,22.90,4.77,true,1,24989
7290112960566,false,בונזור לחם מחמצת שאור קנוי 12*480גר,בונז'ור,,לחם מחמצת שאור,,480.00,100 גרם,false,1,22.90,4.77,true,1,24990
7290112960580,false,בונזור לחם מחמצת כוסמין 12*480גר קנוי,בונז'ור,,לחם מחמצת כוסמין,,480.00,100 גרם,false,1,22.90,4.77,true,1,21902
7290112960603,false,בונז'ור לחם מחמצת אגוזים צימוקים 480ג',בונז'ור,,לחם מחמצת אגוז צימוק,,480.00,100 גרם,false,1,22.90,4.77,true,1,24991
7290112960719,false,בונז'ור בגט מחמצת רוסטיק 240ג',בונז'ור,,באגט רוסטיק,,240.00,100 גרם,false,1,11.90,4.96,true,1,22499
7290112960856,false,גלידה בשומן צמחי בטעם ריבת חלב ומטבע שוקולד,גלידות נסטלה )נגה גלידות,IL,אקסטרים שוקול+ר.חלב,,115.00,100 גרם,false,1,12.90,11.22,true,1,21268
7290112960986,false,מאגדת דובדבן אננס 700 גר,גלידות נסטלה )נגה גלידות,IL,קרח דובדבן-אננס,,821.00,100 גרם,false,1,18.00,2.19,true,1,22603
7290112961266,false,בייגלה כפיות פיזור איטלקי אסם 300 גרם,"אסם תעשיות בע""מ",IL,בייגלה איטלקי 300 גר,,300.00,100 גרם,false,1,14.90,4.97,true,1,26882
7290112961372,false,פיטנס חטיפי פריכיות דקות קינמון 60 גרם,"פרח תעשיות מזון בע""\מ",IL,פיטנס ח.פריכ קינמון,,60.00,100 גרם,false,1,11.90,19.83,true,1,21269
7290112961464,false,פיטנס חטיפי פריכיות דגנים וחומוס מתובלות,"פרח תעשיות מזון בע""\מ",IL,פיטנס ח.פריכ מתובל,,60.00,100 גרם,false,1,11.90,19.83,true,1,21270
7290112961785,false,לה פרוטה לימונענע תפ,המאפיה של הרמן,IL,לה פרוטה לימונע-תפוח,,70.00,100 גרם,false,1,9.90,14.14,true,1,21057
7290112962003,false,שלגון קראנץ וניל עוגיות עם שוקולד נסטלה 90 גרם,גלידות נסטלה )נגה גלידות,IL,קראנץ וניל עוגיות,,103.20,100 גרם,false,1,13.90,13.47,true,1,21058
7290112962751,false,מעדן קפוא בטעם וניל עם שברי עוגיות וציפוי,פורנארי אריה,IL,שלגון אוראו,,65.00,100 גרם,false,1,13.90,21.38,true,1,21272
7290112962775,false,מאגדת שלגון אוראו 260 ג,פרונרי איברייה ס.ל. אזור,ES,מאגדת שלגוני אוראו,,260.00,100 גרם,false,1,35.00,13.46,true,1,22500
7290112963727,false,בונז'ור עוגת קראנץ' קינמון 650 גרם,בונז'ור,,בונזור ע.קראנץ קנמון,,650.00,100 גרם,false,1,24.90,3.83,true,1,21599
7290112963802,false,קרואסאן שקדים חלבי 113ג' בונז'ור,Unknown,,בונזור קרואסון שקדי,,113.00,100 גרם,false,1,12.00,10.62,true,1,21612
7290112963918,false,פיטנס חטיפי קרקר דק רוזמרין 140 גרם,נסטלה Nestle,IL,פיטנס קרקר רוזמרין,,140.00,100 גרם,false,1,15.90,11.36,true,1,22110
7290112964373,false,אפרופו גבינה 50 גרם,Unknown,IL,אפרופו גבינה,,50.00,100 גרם,false,1,7.90,15.80,true,1,23749
7290112964410,false,אסם רוטב אלף האיים חדש לסלט 290 גרם,"אסם תעשיות בע""מ",IL,רוטב אלף האיים לסלט,,290.00,100 גרם,false,1,14.90,5.14,true,1,23050
7290112964687,false,בונז'ור לחם מחמצת דגנים 12*480גר,בונז'ור,,לחם מחמצת דגנים,,480.00,100 גרם,false,1,22.90,4.77,true,1,24993
7290112965240,false,מרק נמס בטעם עגבניות זוג * 44 ג' אסם,"אסם תעשיות בע""מ",IL,זוג מרק נמס עגבניות,,60.00,100 גרם,false,1,7.50,12.50,true,1,27194
7290112965264,false,אבקת מרק נמס אפונה אסם בדצ 52 גרם מארז זוגי,"אסם תעשיות בע""מ",IL,זוג מרק נמס אפונה,,52.00,100 גרם,false,1,7.50,14.42,true,1,27195
7290112965288,false,מרק נמס ירקות אסם בדצ 56 גרם מארז זוגי,"אסם תעשיות בע""מ",IL,זוג מרק נמס ירקות,,56.00,100 גרם,false,1,7.50,13.39,true,1,27196
7290112965301,false,זוג מרק נמס בטעם עוף עם שקדי מרק רגע חם,"אסם תעשיות בע""מ",IL,זוג מרק נמס טעם עוף,,52.00,100 גרם,false,1,7.50,14.42,true,1,27197
7290112965660,false,פיטנס - חטיף מולטיגריין מלח פלפל 25 גרם,מיוצר עי קונדיטוריית,IL,חטיף מולטי גרין,,25.00,100 גרם,false,1,7.50,30.00,true,1,23886
7290112965684,false,פיטנס - חטיף מולטיגריין עשבי תיבול 25 גרם,מיוצר עי קונדיטוריית,IL,חטיף עשבי תיבול,,25.00,100 גרם,false,1,7.50,30.00,true,1,23887
7290112965745,false,אוסם - ביסלי פריסטייל בצל מעושן 60 גרם,"אסם השקעות בע""\מ",IL,ביסלי בצל מעושן,,60.00,100 גרם,false,1,7.90,13.17,true,1,24527
7290112965783,false,אוסם - ביסלי פריסטייל על האש 60 גרם,"אסם השקעות בע""\מ",IL,ביסלי על האש,,60.00,100 גרם,false,1,7.90,13.17,true,1,24528
7290112965806,false,אוסם - ביסלי פריסטייל חמוץ חריף 60 גרם,"אסם תעשיות בע""מ",IL,ביסלי חמוץ חריף,,60.00,100 גרם,false,1,7.90,13.17,true,1,24529
7290112966803,false,אסם פודינג אינסטנט שוקולד 95 גרם,"אסם השקעות בע""\מ",IL,פודינג שוקולד אסם,,88.00,100 גרם,false,1,8.50,9.66,true,1,22393
7290112967114,false,פיטנס חטיפי פריכיות קטניות ופלפל 60 גרם,"פרח תעשיות מזון בע""\מ",IL,חטיפי פריכיות ופלפל,,60.00,100 גרם,false,1,11.90,19.83,true,1,23024
7290112967381,false,פיטנס חטיפי פריכיות קטניות ומלח ים 60 גרם,"פרח תעשיות מזון בע""\מ",IL,חטיפי פריכיות מלח ים,,60.00,100 גרם,false,1,11.90,19.83,true,1,23025
7290112967510,false,בונזור בייבי חליות 90 ג',בונז'ור,IL,בייבי חליות בונזור,,90.00,100 גרם,false,1,2.90,3.22,true,1,24992
7290112968807,false,פיטנס - קרקר דק סלק 140 גרם,מפעל אסם יקנעם,IL,קרקר דק סלק,,140.00,100 גרם,false,1,15.90,11.36,true,1,23888
7290112968821,false,פיטנס - קרקר דק בטטה 140 גרם,מפעל אסם יקנעם,IL,קרקר דק בטטה,,140.00,100 גרם,false,1,15.90,11.36,true,1,23889
7290113192355,false,חרוזית זיתים ירוקים ללא גלעין 275 ג' בית השיטה,בית-השיטה עסיס תעשיות מז,IL,בית השיטה חרוזית,,275.00,100 גרם,false,1,14.50,5.27,true,1,22841
7290113192362,false,זיתים ירוקים טבעות A2 בית השיטה 280 גרם,בית-השיטה עסיס תעשיות מז,IL,ב.השיטה טבעות זיתים,,280.00,100 גרם,false,1,14.50,5.18,true,1,22842
7290113192379,false,בית השיטה זיתים ירוקים מבוקעים א2 340גר',"בית-השיטה תעשיות בע""\מ",IL,ב.השיטה זיתים ירוקים,,340.00,100 גרם,false,1,12.00,3.53,true,1,22843
7290113192478,false,בית השיטה מלפפונים במלח בינוני 10-12 320 גרם,בית-השיטה עסיס תעשיות מז,IL,ב.השיטה מלפפון במלח,,320.00,100 גרם,false,1,11.50,3.59,true,1,22844
7290113192508,false,בית השיטה מלפפונים במלח קטן 1317 320 גרם,בית-השיטה עסיס תעשיות מז,IL,ב.השיטה מלפפון במלח,,320.00,100 גרם,false,1,12.50,3.91,true,1,22845
7290113192522,false,בית השיטה מלפפונים בחומץ קטן מאוד 1825 290 גרם,בית-השיטה עסיס תעשיות מז,IL,ב.השיטה מלפפון בחומץ,,290.00,100 גרם,false,1,14.00,4.83,false,1,26484
7290113192539,false,בית השיטה מלפפונים במלח גדול 79 320 גרם,בית-השיטה עסיס תעשיות מז,IL,ב.השיטה מלפפון במלח,,320.00,100 גרם,false,1,9.50,2.97,true,1,22846
7290113192546,false,"מלפפונים בחומץ רכיבים טבעיים 7-9 ""בית השיטה""",בית-השיטה עסיס תעשיות מז,IL,ב.השיטה מלפפון בחומץ,,290.00,100 גרם,false,1,9.50,3.28,true,1,27149
7290113198241,false,קשיו ענק קלוי בצנצנת,דין שיווק,IL,קשיו ענק צנצנת,,200.00,100 גרם,false,1,19.90,9.95,true,1,24724
7290113198258,false,פיסטוק ענק קלוי בצנצ,דין שיווק,IL,פסטוק ענק צנצנת,,170.00,100 גרם,false,1,18.90,11.12,true,1,24725
7290113198265,false,שקד קלוי ענק צנצנת,Unknown,,שקד קלוי ענק צנצנת,,200.00,100 גרם,false,1,19.90,9.95,true,1,24726
7290113198272,false,ת.פיצוחים צנצנת,Unknown,,ת.פיצוחים צנצנת,,200.00,100 גרם,false,1,19.90,9.95,true,1,24727
7290113198289,false,בוטנים קלויים צנצנת,Unknown,,בוטנים קלויים צנצנת,,220.00,100 גרם,false,1,16.90,7.68,true,1,24728
7290113199613,false,חטיף שומשום עם שקדים וחמוציות ללא.ס 220 ג' שקדיה,"שקדיה גבע תעשיות בע""",IL,מנצס בצנצנת,,130.00,100 גרם,false,1,16.90,13.00,true,1,25472
7290113199637,false,"חטיף בוטנים גרעיני דלעת חמוציות שומשום זרעי פשתן ציה לל""ס","שקדיה גבע תעשיות בע""",IL,חטיף סויה ק.צנצנת,,140.00,100 גרם,false,1,16.90,12.07,true,1,25473
7290113199859,false,מגש אירוח סוכריות גומי 350 ג' שקדיה,טופגאם תעשיות ממתקים,IL,מ.ארוח סוכריות גומי,,0.00,,false,1,19.90,0.00,false,1,27180
7290113199866,false,מגש אירוח אגוזים קלויים וחטיפים מלוחים מקל 450 ג',דין שיווק,IL,מגש אירוח פיצוחים,,450.00,100 גרם,false,1,39.90,8.87,true,1,27166
7290113242029,false,בקבוק אלכוג'ל 500 מ:ל [20],Unknown,IL,גל אלכוהול 70% 500 ל,,500.00,"100 מ""ל",false,1,21.00,4.20,true,1,22662
7290113420138,false,מטריה הפוכה אפורה,Unknown,,מטריה הפוכה אפורה,,0.00,,false,1,29.90,0.00,false,1,23454
7290113420555,false,מ.הפוכה שחורה אדומה,Unknown,,מ.הפוכה שחורה אדומה,,0.00,,false,1,29.90,0.00,false,1,27380
7290113450530,false,סוכריות אבטיח גומי,Unknown,,סוכריות אבטיח גומי,,200.00,100 גרם,false,1,12.90,6.45,true,1,22157
7290113452848,false,קטי גומי אבטיח 200 ג,טופגם,IL,גומי אבטיח 200 גר,,200.00,100 גרם,false,1,12.90,6.45,true,1,25672
7290113452855,false,סוכריות גומי יין ארו,טופגם,IL,גומי יין תנתה,,200.00,100 גרם,false,1,12.90,6.45,true,1,25673
7290113452862,false,סוכריות גומי נחש מוב,טופגם,IL,נחש מוברק 200גרם,,200.00,100 גרם,false,1,12.90,6.45,true,1,24933
7290113452879,false,סוכריות גומי בננה אר,טופגם,IL,בננה 200גרם,,200.00,100 גרם,false,1,12.90,6.45,true,1,24934
7290113452886,false,סוכריות גומי נחש חמו,טופגם,IL,נחש חמוץ 200גרם,,200.00,100 גרם,false,1,12.90,6.45,true,1,24935
7290113452916,false,סוכריות גומי קולה קט,טופגם,IL,בקבוק קולה 200ג,,200.00,100 גרם,false,1,12.90,6.45,true,1,25674
7290113452923,false,סוכריות גומי לב אפרס,טופגם,IL,לב אפרסק 200 גרם,,200.00,100 גרם,false,1,12.90,6.45,true,1,25675
7290113452930,false,סוכריות גומי דובי מו,טופגם,IL,גומי דובנים מוברק,,200.00,100 גרם,false,1,12.90,6.45,true,1,24936
7290113452947,false,שטיח פירות מתוקים,Unknown,,שטיח פירות מתוקים,,78.00,100 גרם,false,1,10.90,13.97,true,1,25676
7290113452954,false,שטיח חמוץ תות,Unknown,,שטיח חמוץ תות,,78.00,100 גרם,false,1,10.90,13.97,true,1,25677
7290113452985,false,קטי תות ממולא 150 גר,טופגם,IL,לקריץ תות מבריק,,150.00,100 גרם,false,1,12.90,8.60,true,1,25680
7290113453012,false,לקריץ תות מסוכר 150ג,Unknown,,לקריץ תות מסוכר 150ג,,150.00,100 גרם,false,1,12.90,8.60,true,1,25682
7290113453036,false,גלי בינס תנתה,Unknown,,גלי בינס תנתה,,100.00,100 גרם,false,1,10.90,10.90,true,1,25683
7290113453043,false,סוכריות גומי תות קטן,טופגם,IL,תות מוברק 200ג,,200.00,100 גרם,false,1,12.90,6.45,true,1,24714
7290113453050,false,סוכריות גומי תות קטן,טופגם,IL,תות קטן חמוץ,,200.00,100 גרם,false,1,12.90,6.45,true,1,24715
7290113594562,false,שלישיית ב.שוקולד סמי,Unknown,,שלישיית ב.שוקולד סמי,,1.00,יחידה,false,1,18.90,18.90,true,1,26165
7290113594616,false,שלישיית ביצי שוקולד חד קרן,Unknown,,שלישיית ב.שוקולד קרן,,1.00,יחידה,false,1,18.90,18.90,true,1,26167
7290113660182,false,נפנף למנגל ארטוס,Unknown,,נפנף למנגל ארטוס,,0.00,,false,1,4.90,0.00,false,1,24193
7290114310215,false,"שמנת מתוקה 38% רמת הגולן 250 מ""ל ווסטהיים - מוצר בפיקוח",מילקו תעשיות בעמ,IL,שמנת מתוקה 38%,,250.00,"100 מ""ל",false,1,6.47,2.59,true,1,24480
7290114310222,false,חלב מועשר בסידן וויטמין Dי 3% 1.5 ל' טרה,מילקו תעשיות בעמ,IL,ח.מעושר סידן וי.D,,1.50,1 ליטר,false,1,14.00,9.33,false,1,27381
7290114310239,false,חלב נטול לקטוז מועשר בוויטמין D י 2% 1.5 ל' טרה,מילקו תעשיות בעמ,IL,ח.נטול לקטוז וי.D,,1.50,1 ליטר,false,1,14.00,9.33,false,1,27382
7290114310383,false,Muller Froop מולר יוגורט מוקצף בטעם וניל 90 גרם,מולר Muller,IL,Muller Froop וניל,,97.00,100 גרם,false,1,6.00,6.19,false,1,27445
7290114310406,false,מולר פרופ קציפת יוגורט בטעם תות 97 גרם,מולר Muller,IL,Muller Froop תות,,97.00,100 גרם,false,1,6.00,6.19,false,1,27423
7290114310611,false,"משקה חלב בננה בבקבוק פקק ספורט טרה 250 מ""ל",Unknown,IL,טרה משקה בננה,,250.00,"100 מ""ל",false,1,7.20,2.88,true,1,26262
7290114310901,false,גבינה לבנה מהדרין 5%,Unknown,IL,גבינה לבנה 5% 250 ג,,250.00,100 גרם,false,1,4.98,1.99,false,1,24667
7290114310918,false,גבינת קוטג 5% מועשר,Unknown,IL,קוטג 5% 250 ג,,250.00,100 גרם,false,1,5.90,2.36,true,1,24669
7290114310956,false,חלב 3% בבקבוק בדצ 1 ליטר,Unknown,IL,חלב 3% 1 ליטר בקבוק,,1.00,1 ליטר,false,1,6.23,6.23,false,1,24664
7290114311014,false,"משקה חלב אייס קפוצ'ינו פקק ספורט טרה 250 מ""ל",מילקו תעשיות בעמ,IL,טרה אייס קפוצינו250,,250.00,"100 מ""ל",false,1,7.20,2.88,false,1,26952
7290114311021,false,"משקה חלב וניל עוגיות פקק ספורט טרה 250 מ""ל",Unknown,IL,טרה משקה וניל עוגיות,,250.00,"100 מ""ל",false,1,7.20,2.88,false,1,26953
7290114311038,false,"שמנת מתוקה 32% עמידה בבקבוק טרה 250 מ""ל",מילקו תעשיות בעמ,IL,שמנת מתוקה בדצ,,250.00,"100 מ""ל",false,1,6.18,2.47,false,1,26560
7290114311069,false,יוגורט לבן מועשר בחלבון 0% שומן 200 גרם muller active,מולר Muller,IL,מולר אקטיב 25 חלבון,,200.00,100 גרם,false,1,6.90,3.45,false,1,26310
7290114311328,false,חלב מועשר דל לקטוז מעושר בויטמין Dי 2% שומן טרה 1 ליטר,ג'י.אר.אמ.גרופו אלימ,IL,חלב נטול לקטוז,,1.00,1 ליטר,false,1,9.50,9.50,false,1,26637
7290114311434,false,מולר אקטיב יוגורט חלבון קרמל מלוח 200 גרם,מולר Muller,IL,מולר אקטיב קרמל0%,,200.00,100 גרם,false,1,6.50,3.25,false,1,27191
7290114311441,false,מולר אקטיב יוגורט חלבון עוגיות חמאה 200 גרם,מולר Muller,IL,מולר אקטיב עוגיות,,200.00,100 גרם,false,1,6.50,3.25,false,1,27192
7290114311458,false,קרטון חלב 3% מועשר ויטמין די 1ליטר,Unknown,IL,קרטון חלב וויטמין D1,,0.00,,false,1,8.50,0.00,false,1,26810
7290114311496,false,חלב מועשר 1ליטר קרטו,Unknown,IL,קרטון חלב מועשר 1%,,0.00,,false,1,8.50,0.00,false,1,26811
7290114311502,false,משקה חלב בטעם סחלב בבקבוק 1 ליטר,מילקו תעשיות בעמ,IL,משקה חלב סחלב,,1.00,1 ליטר,false,1,12.90,12.90,false,1,27232
7290114600927,false,עלי טורטייה חיטה מלאה מאסטר שף 320 גרם,אלקאטי קורביישיסי גי,ES,מאסטר שף עלי טורטיה,,320.00,100 גרם,false,1,11.90,3.72,true,1,26638
7290114657280,false,מיני פופ סוכריה על מקל עם כדור 8גר כוח פי גיי,שמחה זה אנחנו,CN,מיני סוכריה כדור כוח,,8.00,100 גרם,false,1,14.90,186.25,true,1,26170
7290114659529,false,מיני פופ סוכריה על מקל(5 יח) 40 גר' - LOL,Unknown,CN,מיני פופ סוכריה LOL,,40.00,100 גרם,false,1,14.90,37.25,true,1,26172
7290114720250,false,פוג'יקום מטען סוללות USB אוניברסלי,פוג'יקום,CN,מ.סוללות USBאוניבסלי,,0.00,,false,1,79.90,0.00,false,1,22642
7290114720656,true,גלאי עשן FUJICOM,Unknown,,גלאי עשן FUJICOM,,0.00,,false,,99.00,0.00,false,1,25107
7290114720861,true,טרימר לאף ולאוזניים,Unknown,,טרימר לאף ולאוזניים,,0.00,,false,,69.90,0.00,false,1,25684
7290114825320,false,אוראו רמיקס פטל וניל,Unknown,,אוראו רמיקס פטל וניל,,157.00,100 גרם,false,1,9.90,6.31,true,1,26380
7290114825337,false,אוראו קרם וניל 157ג,Unknown,,אוראו קרם וניל 157ג,,157.00,100 גרם,false,1,9.90,6.31,true,1,26381
7290115043464,false,ריפרש סבון לידיים לבנדר,Unknown,IL,סבון לידיים לבנדר,,1.00,1 ליטר,false,1,10.00,10.00,true,1,26535
7290115074963,false,מסכה חד פעמית קיטי 5 יח',Unknown,IL,מסכה לילד *5 קיטי,,5.00,יחידה,false,1,10.00,2.00,false,1,23519
7290115077131,false,מסכות ילדים צבעוני מעורב 40 יח',מ.פאנג,CN,מארז מסכות ילדים,,40.00,יחידה,false,1,18.90,0.47,false,1,23583
7290115180251,false,יחידות טבק לחימום אמבר PP קרטוש,פיליפ מוריס,PL,טבק לחימום אמבר,,0.00,,false,1,29.00,0.00,false,1,23825
7290115180268,false,יחידות טבק לחימום צהוב PP,פיליפ מוריס,IL,טבק לחימום צהוב,,0.00,,false,1,29.00,0.00,false,1,23615
7290115180275,false,יחידות טבק לחימום טורקיז PP,פיליפ מוריס,IL,טבק לחימום טורקיז,,0.00,,false,1,29.00,0.00,false,1,23612
7290115180282,false,יחידות טבק לחימום ברונז PP,פיליפ מוריס,IL,טבק לחימום ברונז,,0.00,,false,1,29.00,0.00,false,1,23613
7290115180299,false,יחידות טבק לחימום סיינה PP,פיליפ מוריס,IL,טבק לחימום סיינה,,0.00,,false,1,27.50,0.00,false,1,23614
7290115180305,false,יחידות טבק לחימום אמבר PP,פיליפ מוריס,CH,טבק לחימום אמבר פאק,,0.00,,false,1,260.00,0.00,true,1,23826
7290115180312,false,יחידות טבק לחימום צהוב PP קרטוש,פיליפ מוריס,IL,טבק לחימום צהוב פאקט,,0.00,,false,1,260.00,0.00,true,1,23611
7290115180329,false,טבק לחימום טורקיז10י PP,פיליפ מוריס,CH,טבק לחימום טורקיז פא,,0.00,,false,1,260.00,0.00,true,1,23616
7290115180336,false,טבק לחימום ברונז10יח PP,פיליפ מוריס,CH,טבק לחימום ברונז פאק,,0.00,,false,1,260.00,0.00,true,1,23617
7290115180343,false,טבק לחימום סיינה10יח PP,פיליפ מוריס,CH,טבק לחימום סיינה פאק,,0.00,,false,1,260.00,0.00,true,1,23618
7290115180671,false,יחידות טבק לחימום סגול PP קרטוש,פיליפ מוריס,CH,טבק לחימום סגול-פאקט,,0.00,,false,1,260.00,0.00,true,1,23542
7290115180688,false,יחידות טבק לחימום סגול PP,פיליפ מוריס,CH,טבק לחימום סגול,,0.00,,false,1,29.00,0.00,false,1,23541
7290115181494,false,הייטס לגונה סוויפט פ,Unknown,,הייטס לגונה סוויפט פ,,0.00,,false,1,260.00,0.00,false,1,25403
7290115181500,false,יחידות טבק לחימום הייטס לגונה סוופיט,פיליפ מוריס,,הייטס לגונה סוויפט,,0.00,,false,1,29.00,0.00,false,1,25402
7290115181531,false,EHC1 HEETS TEAK SELECTION S50 PRI חפיסה,פיליפ מוריס,RO,היטס טיק חפיסה,,0.00,,false,1,29.00,0.00,false,1,25908
7290115181548,false,היטס טיק פאקט,Unknown,,היטס טיק פאקט,,0.00,,false,1,260.00,0.00,false,1,25909
7290115190007,false,מרלבורו אדום בוקס פא,פיליפ מוריס,TR,PPמרלבורו רד,,0.00,,false,1,365.00,0.00,false,1,23477
7290115190014,false,סיגריות מרלבורו רד קצר בוקס,פיליפ מוריס,IL,מרלבורו קצר חפיסה.,,0.00,,false,1,38.00,0.00,false,1,23478
7290115190021,false,מרלבורו רד קצר סופט פאקט,פיליפ מוריס,IL,PPמרלבורו רד סופט,,0.00,,false,1,345.00,0.00,false,1,23479
7290115190038,false,סיגריות מרלבורו רד קצר סופט,פיליפ מוריס,IL,מרלבורו סופט חפיסה,,0.00,,false,1,35.50,0.00,false,1,23480
7290115190045,false,מרלבורו פלייבור מיקס PP קרטוש,פיליפ מוריס,TR,מרלבורו פלייבור מיקס,,0.00,,false,1,365.00,0.00,false,1,23375
7290115190052,false,סיגריות מרלבורו מדיום פלייבור מיקס,פיליפ מוריס,US,מרלבורו פלייבור מיקס,,0.00,,false,1,38.00,0.00,false,1,23512
7290115190069,false,מרלבורו גולד ארוך פאקט,פיליפ מוריס,IL,מרלבורו גולד ארוך פא,,0.00,,false,1,365.00,0.00,false,1,23609
7290115190076,false,סיגריות מרלבורו גולד ארוך 100 בוקס,פיליפ מוריס,TR,מרלבורו גולד 100PP,,0.00,,false,1,38.00,0.00,false,1,23606
7290115190083,false,מרלבורו גולד קצר פאקט,פיליפ מוריס,IL,מרלבורו גולדPP,,0.00,,false,1,365.00,0.00,false,1,23481
7290115190090,false,סיגריות מרלבורו קצר בוקס בודד,פיליפ מוריס,US,מרלבורו גולד חפיסה,,0.00,,false,1,38.00,0.00,false,1,23482
7290115190106,false,מרלבורו גולד ק.סופט פאקט,פיליפ מוריס,IL,מרלבורו גולד סופטPP,,0.00,,false,1,345.00,0.00,false,1,23483
7290115190113,false,מרלבורו גולד קצר קופסא סופט,פיליפ מוריס,IL,מרלבורו גולד סופט,,0.00,,false,1,35.50,0.00,false,1,23484
7290115190120,false,מרלבורו גולד פיין טאצ' פאקט,פיליפ מוריס,IL,מרלבורו פיין טאץPP,,0.00,,false,1,294.00,0.00,false,1,23485
7290115190137,false,סיגריות מרלבורו טאצ סילבר יחידה,פיליפ מוריס,IL,מרלבורו פיין טאצ-חפי,,0.00,,false,1,32.00,0.00,false,1,23486
7290115190144,false,מרלבורו גולד טאצ' פאקט,פיליפ מוריס,IL,מרלבורו טאץPP,,0.00,,false,1,294.00,0.00,false,1,23487
7290115190151,false,סיגריות מרלבורו טאצ גולד,פיליפ מוריס,IL,מרלבורו ג.טאצ -חפיסה,,0.00,,false,1,32.00,0.00,false,1,23488
7290115190168,false,פרלמנט סופר סלימס PP קרטוש,פיליפ מוריס,TR,פרלמנט סופר סלימסPP,,0.00,,false,1,415.00,0.00,false,1,22919
7290115190175,false,פרלמנט סופר סלימס קופסא,פיליפ מוריס,US,פרלמנט סופר סלימס,,0.00,,false,1,43.50,0.00,false,1,23309
7290115190182,false,פרלמנט נייט ארוך פאקט,פיליפ מוריס,TR,פרלמנט נייט ארוך פאק,,0.00,,false,1,415.00,0.00,false,1,24314
7290115190199,false,פרלמנט נייט ארוך חפיסה,פיליפ מוריס,TR,פרלמנט נייט ארוך חפ.,,0.00,,false,1,43.50,0.00,false,1,24313
7290115190205,false,פרלמנט ארוך בלו RCB פאקט,פיליפ מוריס,TR,פרלמנט בלו 100PP,,0.00,,false,1,415.00,0.00,false,1,23489
7290115190212,false,סיגריות פרלמנט בלו 100 BR בודד,פיליפ מוריס,PL,פרלמנט בלו 100PP,,0.00,,false,1,43.50,0.00,false,1,23490
7290115190229,false,סיגריות פרלמנט בלוPP,פיליפ מוריס,TR,פרלמנט בלוPP,,0.00,,false,1,415.00,0.00,false,1,23491
7290115190236,false,סיגריות פרלמנט קצר בלו בודד,פיליפ מוריס,IL,פרלמנט בלוPP,,0.00,,false,1,43.50,0.00,false,1,23492
7290115190243,false,פרלמנט נייט קצר פאקט,פיליפ מוריס,TR,פרלמנט קצר פאקט,,0.00,,false,1,415.00,0.00,false,1,23463
7290115190250,false,סיגריות פרלמנט קצר בודד,פיליפ מוריס,US,פרלמנט נייטPP חפיסה,,0.00,,false,1,43.50,0.00,false,1,23462
7290115190267,false,סיגריות פרלמנט סילבר,פיליפ מוריס,TR,פרלמנט סילברPP,,0.00,,false,1,415.00,0.00,false,1,23493
7290115190274,false,סיגריות פרלמנט סילבר בודד,פיליפ מוריס,US,פרלמנט סילבר חפיסה,,0.00,,false,1,43.50,0.00,false,1,23494
7290115190328,false,ל.מ. בלו לייבל ארוך פאקט,פיליפ מוריס,TR,ל.מ בלו 100-חדש,,0.00,,false,1,320.00,0.00,false,1,24323
7290115190335,false,ל.מ.בלו לייבל ארוך בוקס חפיסה,פיליפ מוריס,TR,ל.מ לייט -חפיסה חדש,,0.00,,false,1,33.50,0.00,false,1,24322
7290115190342,false,אל אם כחול קצר לייבל,פיליפ מוריס,TR,ל.מ. בלו לייבל קצר,,0.00,,false,1,320.00,0.00,false,1,23374
7290115190359,false,סיגריות L.M בלו לייבל קצר,פיליפ מוריס,US,ל.מ בלוPP חפיסה,,0.00,,false,1,33.50,0.00,false,1,23372
7290115190366,false,סיגריות ל.מ. קפסולהP,פיליפ מוריס,TR,ל.מ. קפסולהPP,,0.00,,false,1,320.00,0.00,false,1,23495
7290115190373,false,סיגריות ל.מ. קפסולהP,פיליפ מוריס,TR,ל.מ פורווד חפיסה.,,0.00,,false,1,33.50,0.00,false,1,23496
7290115190380,false,ל.מ רדPP פאקט סיגריו,פיליפ מוריס,TR,ל.מ רדPP,,0.00,,false,1,320.00,0.00,false,1,23307
7290115190397,false,סיגריות L.M קצר רד לייבל בודד,פיליפ מוריס,US,ל.מ. רד לייבל,,0.00,,false,1,33.50,0.00,false,1,23306
7290115190403,false,אל אם סילבר קצר פאקט,פיליפ מוריס,TR,ל.מ סילברPP,,0.00,,false,1,320.00,0.00,false,1,23497
7290115190410,false,ל.מ. סילבר לייבל חפיסה,פיליפ מוריס,TR,ל.מ. סילבר חפיסה,,0.00,,false,1,33.50,0.00,false,1,23498
7290115190427,false,אל אם וויב סלימס פאקט,פיליפ מוריס,TR,ל.מ וייבPP,,0.00,,false,1,320.00,0.00,false,1,23376
7290115190434,false,סיגריות LM לייט וייב סלימס,פיליפ מוריס,US,ל.מ וייבPP,,0.00,,false,1,33.50,0.00,false,1,23373
7290115190441,false,סיגריות נקסט אדג פקט,פיליפ מוריס,TR,נקסט אדג פאקט,,0.00,,false,1,250.00,0.00,false,1,23610
7290115190458,false,סיגריות נקסט פיין אדג' בודד,פיליפ מוריס,TR,נקסט אדגPP,,0.00,,false,1,25.50,0.00,false,1,23607
7290115190465,false,סיגריות נקסט פיין אד,פיליפ מוריס,TR,נקסט פיין אדג-פאקט,,0.00,,false,1,250.00,0.00,false,1,23827
7290115190472,false,סיגריות נקסט פיין אדג',פיליפ מוריס,TR,נקסט פיין אדג,,0.00,,false,1,25.50,0.00,false,1,23828
7290115190489,false,סיגריות נקסט פיין 10,פיליפ מוריס,TR,נקסט פיין 100 ארוך,,0.00,,false,1,310.00,0.00,false,1,23947
7290115190496,false,סיגריות נקסט ארוך בודד,פיליפ מוריס,IL,נקסט פיין 100 ארוך,,0.00,,false,1,32.50,0.00,false,1,23946
7290115190502,false,סיגריות נקסט פיין 10 יח,פיליפ מוריס,TR,נקסט פייןPP,,0.00,,false,1,310.00,0.00,false,1,23499
7290115190519,false,סיגריות נקסט פיין חפ,פיליפ מוריס,PL,נקסט פיין חפיסה,,0.00,,false,1,32.50,0.00,false,1,23500
7290115190526,false,נקסט ריסס ארוך PP קרטוש,פיליפ מוריס,TR,נקסט ריסס פאקט,,0.00,,false,1,290.00,0.00,false,1,23608
7290115190533,false,סיגריות נקסט ריסס 100 בודד,פיליפ מוריס,TR,נקסט ריסס 100,,0.00,,false,1,30.50,0.00,false,1,23605
7290115190540,false,סיגריות נקסט ריסס קצ,פיליפ מוריס,TR,נקסט ריסס קצרPP,,0.00,,false,1,290.00,0.00,false,1,23501
7290115190557,false,סיגריות נקסט ריסס בודד,פיליפ מוריס,TR,נקסט ריסס חפיסה,,0.00,,false,1,29.50,0.00,false,1,23502
7290115190564,false,נקסט סלימס לילך פאקט,פיליפ מוריס,TR,נקסט לילךPP,,0.00,,false,1,310.00,0.00,false,1,23310
7290115190571,false,סיגריות נקסט לילך בודד,פיליפ מוריס,US,נקסט לילך חפיסה,,0.00,,false,1,32.50,0.00,false,1,23308
7290115190588,false,סיגריות נקסט אורגינל 10 יח,פיליפ מוריס,TR,נקסט אוריגינלPP,,0.00,,false,1,310.00,0.00,false,1,23503
7290115190595,false,סיגריות נקסט אוריגינ,פיליפ מוריס,PL,נקסט אוריגינלPP,,0.00,,false,1,32.50,0.00,false,1,23504
7290115190618,false,טבק מרלבורו רד 30 גרם חפיסה,פיליפס,PL,טבק מרלבורו רד,,30.00,100 גרם,false,1,80.00,266.67,false,1,23830
7290115190632,false,טבק מרלבורו גולד 30 גרם חפיסה,פיליפ מוריס,PL,טבק מרלבורו גולד,,30.00,100 גרם,false,1,80.00,266.67,false,1,23832
7290115190656,false,טבק נקסט פיין 40 גרם חפיסה,פיליפ מוריס,PL,טבק נקסט פיין,,0.00,,false,1,82.00,0.00,false,1,23783
7290115190670,false,טבק נקסט אורגינל אדום,פיליפ מוריס,PL,טבק נקסט אוריגינל,,0.00,,false,1,82.00,0.00,false,1,23620
7290115190694,false,טבק צ'סטרפילד פיין וירג'יניה 30PP,פיליפ מוריס,PL,טבק צסטרפילד פיין,,0.00,,false,1,69.00,0.00,true,1,23619
7290115190731,false,טבק צ'סטרפילד אוריג'ינל 30PP,פיליפס,PL,טבק צסטרפילד אורי,,0.00,,false,1,69.00,0.00,true,1,23506
7290115190748,false,מרלבורו רד סיל,Unknown,,מרלבורו רד סיל,,0.00,,false,1,365.00,0.00,false,1,24068
7290115190755,false,מרלבורו רד סיל חפיסה,פיליפ מוריס,TR,מרלבורו רד סיל,,0.00,,false,1,38.00,0.00,false,1,24069
7290115190762,false,מרלבורו גולד סיל פאקט,פיליפ מוריס,TR,מרלבורו גולד סיל,,0.00,,false,1,365.00,0.00,false,1,24070
7290115190779,false,מרלבורו גולד סיל חפיסה,פיליפ מוריס,TR,מרלבורו גולד סיל,,0.00,,false,1,38.00,0.00,false,1,24071
7290115190885,false,מרלבורו פיוזן קפסולה פקט,פיליפ מוריס,TR,מרלבורו פיוזן פאקט,,0.00,,false,1,270.00,0.00,false,1,24585
7290115190892,false,סיגריות מרלבורו פיוז'ן קפסולה בודד,פיליפ מוריס,IL,מרלבורו פיוזן קפס,,0.00,,false,1,27.00,0.00,false,1,24584
7290115190908,false,טבק נקסט לבן 50ג פקט10יח,פיליפ מוריס,DE,טבקגלגול נקסט פאקט10,,0.00,,false,1,965.00,0.00,false,1,24376
7290115190915,false,טבק נקסט לבן 50ג חפיסה,פיליפ מוריס,DE,טבק נקסט לבן XL,,0.00,,false,1,99.00,0.00,false,1,24375
7290115190922,false,אל אמ קליק קפסולה פאקט,פיליפ מוריס,TR,ל.מ קליק קפסולה-פאקט,,0.00,,false,1,250.00,0.00,false,1,25050
7290115190939,false,אל.אם קפסולות קליק חפיסה,פיליפ מוריס,TR,ל.מ קליק קפסולה,,0.00,,false,1,25.00,0.00,false,1,25049
7290115190960,false,מרלברו טאץ אדום פאקט,פיליפ מוריס,TR,מרלברו טאץ אדום פאקט,,0.00,,false,1,294.00,0.00,false,1,26501
7290115190977,false,סיגריות מרלבורו טאץ אדום -בודד,פיליפ מוריס,TR,מרלבורו טאץ אדום חפי,,0.00,,false,1,33.50,0.00,false,1,26502
7290115191028,false,מרלבורו סאמר ספלאש פאקט,פיליפ מוריס,RS,מ.סאמר ספלאש פאקט,,0.00,,false,1,290.00,0.00,false,1,26017
7290115191035,false,סיגריות מרלבורו סאמר ספלאש בודד,פיליפ מוריס,RS,מרלבורו סאמר ספלאש,,0.00,,false,1,29.00,0.00,false,1,26018
7290115191066,false,נקסט ריץ' ריסס פאקט,פיליפ מוריס,RS,נקסט ריץ פאקטים,,0.00,,false,1,260.00,0.00,false,1,26985
7290115191073,false,נקסט ריץ' ריסס חפיסה,פיליפ מוריס,RS,נקסט ריץ ריסס,,0.00,,false,1,26.00,0.00,false,1,26986
7290115200003,false,פתי בר פינוקי וניל אסם 220 גרם,תאי פרזידנט פוד פאבל,PL,פתי בר פינוקי וניל,,220.00,100 גרם,false,1,15.00,6.82,true,1,23200
7290115200027,false,אסם פתי בר פינוקים שוקו 220 גרם,קריות זול,PL,פתי בר פינוקי שוקו,,220.00,100 גרם,false,1,15.00,6.82,true,1,23201
7290115200188,false,אוסם - מרק נמס עגבניות פיקנטי 25 גרם * 2,"אסם תעשיות בע""מ",IL,ז.מרק נמס עגב.פיקנטי,,50.00,100 גרם,false,1,7.50,15.00,true,1,27198
7290115200300,false,עוגת קרנץ גבינה,Unknown,,עוגת קרנץ גבינה,,600.00,100 גרם,false,1,28.00,4.67,true,1,23202
7290115200324,false,עוגת קרנץ קרמל מלוח,Unknown,,עוגת קרנץ קרמל מלוח,,600.00,100 גרם,false,1,28.00,4.67,true,1,23203
7290115200348,false,עוגת קראנץ אלפחורס,Unknown,,עוגת קראנץ אלפחורס,,600.00,100 גרם,false,1,28.00,4.67,true,1,23204
7290115200782,false,חמישית פיתות בונזור,Unknown,,חמישית פיתות בונזור,,500.00,100 גרם,false,1,9.90,1.98,true,1,23128
7290115201031,false,אסם פתיבר דובוני שוקולד 175 גרם,טרופיקל דגיל תעשיות,PL,פתי בר דובי שוקולד,,175.00,100 גרם,false,1,15.00,8.57,true,1,24243
7290115201680,false,ביסלי בטעם ברביקיו אסם 70 גרם,"אסם השקעות בע""\מ",IL,ביסלי ברביקיו 70 גר,,70.00,100 גרם,false,1,7.90,11.29,true,1,23470
7290115201703,false,ביסלי ברביקיו גדול אסם 200 גרם,מיוצר עי קונדיטוריית,IL,ביסלי ברביקיו 200 גר,,200.00,100 גרם,false,1,12.90,6.45,true,1,23471
7290115201727,false,ביסלי חטיף בטעם בצל אסם 200 גרם,מיוצר עי קונדיטוריית,IL,ביסלי בצל 200 גר,,200.00,100 גרם,false,1,12.90,6.45,true,1,23472
7290115201741,false,ביסלי בטעם בצל אסם 70 גרם,"אסם השקעות בע""\מ",IL,ביסלי בצל 70 גר,,70.00,100 גרם,false,1,7.90,11.29,true,1,23473
7290115201765,false,לחמניית פרנה בונזור,Unknown,,לחמניית פרנה בונזור,,160.00,100 גרם,false,1,7.90,4.94,true,1,24994
7290115201789,false,לחמניית פרנה עגולה,Unknown,,לחמניית פרנה עגולה,,180.00,100 גרם,false,1,7.90,4.39,true,1,24995
7290115202328,false,קוקטייל בולגרית,Unknown,,קוקטייל בולגרית,קילוגרמים,1.00,"ק""ג",true,1,55.00,9.17,false,1,25416
7290115202786,false,מנה חמה פאוץ נודלס אטריות טעם בקר 70 גרם,תאי פרזידנט,TH,מנה חמה טעם בקר,,70.00,100 גרם,false,1,6.50,9.29,true,1,27144
7290115202939,false,מנה חמה רייס נודלס עוף פטריות אסם 50 גרם,מיוצר עי קונדיטוריית,TH,מ.חמה נודלס פטריות,,50.00,100 גרם,false,1,12.90,25.80,false,1,25108
7290115202953,false,אוסם - מנה חמה רייס נודלס קארי צהוב 55 גרם,מיוצר עי קונדיטוריית,TH,מ.חמה נודלס קארי,,55.00,100 גרם,false,1,12.90,23.45,false,1,25109
7290115202977,false,אוסם - מנה חמה רייס נודלס רוטב סויה סיני 55 גרם,מיוצר עי קונדיטוריית,TH,מ. חמה נודלס סויה,,55.00,100 גרם,false,1,12.90,23.45,false,1,25110
7290115203097,false,מקל פילו פטיסייר,Unknown,,מקל פילו פטיסייר,קילוגרמים,1.00,"ק""ג",true,1,65.00,10.83,false,1,26098
7290115203172,false,במבה PRO מכיל 18 גרם חלבון בשקית,"אסם השקעות בע""\מ",IL,במבה פרו 80 גרם,,80.00,100 גרם,false,1,7.90,9.88,false,1,26840
7290115203332,false,"מקל פילו שוקולד בונג'ור 6 ק""ג",Unknown,,מקל פילו שוקולד נ.,קילוגרמים,1.00,"ק""ג",true,1,65.00,10.83,false,1,25828
7290115203905,false,מיני פיתה כוסמין עשירייה בונג'ור 550 ג',בונז'ור,,מיני פיתה כוסמין10יח,,550.00,100 גרם,false,1,20.00,3.64,true,1,26097
7290115204018,false,מנה חמה איטלקי פסטה בסגנון אלפרדו 60 ג' אסם,"אסם תעשיות בע""מ",IL,מנה חמה איטלקי פסטה,,60.00,100 גרם,false,1,10.00,16.67,true,1,24486
7290115204100,false,בונז'ור בגט אוטנטיק כפרי עם דגנים 240 ג',Unknown,,בגט א. כפרי עם דגנים,,240.00,100 גרם,false,1,10.00,4.17,true,1,25507
7290115204315,false,בגט א. קמח מלא ואגוז,Unknown,,בגט א. קמח מלא ואגוז,,240.00,100 גרם,false,1,11.00,4.58,true,1,25509
7290115204339,false,בונז'ור בגט אותנטיק עגבניות ואגוז,Unknown,,בגט א. עגבניות ואגוז,,240.00,100 גרם,false,1,11.00,4.58,true,1,25510
7290115204612,false,ערגליות מיקס שוקותות,"אסם תעשיות בע""מ",IL,ערגליות שוקו תות,,300.00,100 גרם,false,1,12.90,4.30,true,1,24463
7290115204858,false,חלת כוסמין אפוי חלקי,Unknown,,חלת כוסמין אפוי חלקי,,400.00,100 גרם,false,1,22.00,5.50,true,1,26099
7290115205169,false,קוקיס ציפס נוגט-קני,Unknown,,קוקיס ציפס נוגט-קני,קילוגרמים,1.00,"ק""ג",true,1,60.00,0.00,true,1,24617
7290115205176,false,פיטנס - קרקר דק כפרי פיטנס 140 גרם,נסטלה Nestle,IL,פיטנס קרקר THIN כפרי,,150.00,100 גרם,false,1,15.90,10.60,false,1,24940
7290115205312,false,קרקר פיטנס דק עם זיתי קלמטה ועשבי תיבול,"אסם השקעות בע""\מ",IL,פיטנס קרקר קלמטה,,140.00,100 גרם,false,1,15.90,11.36,false,1,26178
7290115205336,false,קוקיס שוקו.ציפס-קני,Unknown,,קוקיס שוקו.ציפס-קני,קילוגרמים,1.00,"ק""ג",true,1,60.00,0.00,true,1,24616
7290115205374,false,בורקס תפוא אישי א.ק,Unknown,,בורקס תפוא אישי א.ק,,315.00,100 גרם,false,1,10.00,3.17,true,1,24653
7290115205459,false,בורקס גבינה אישי א.ק,Unknown,,בורקס גבינה אישי א.ק,,315.00,100 גרם,false,1,10.00,3.17,true,1,24654
7290115205527,false,פיטנס חטיף מולטיגריין עם עדשים 25 גרם,"אסם השקעות בע""\מ",IL,מולטגריין עדשים,,25.00,100 גרם,false,1,7.50,30.00,false,1,26382
7290115205978,false,פתיבר ואצבעות שוקולד 180 גרם - רבנות,"t\ד""\ר ג'\רארד בע""\מn\",PL,פתי בר א.שוקולד,,180.00,100 גרם,false,1,15.00,8.33,true,1,25474
7290115206173,false,אסם פתי בר קרמל 500 גרם חדש,Unknown,IL,אסם פתי בר קרמל,,500.00,100 גרם,false,1,17.90,3.58,true,1,24719
7290115206333,false,אסם עוגיות מיני שוקוצ'יפס 225גרם חדש,"t\אסם השקעות בע""\מ",IL,עוגיות מ.שוקוציפס,,225.00,100 גרם,false,1,12.90,5.73,true,1,25685
7290115206494,false,סופגניה מיני מטוגנת,Unknown,,סופגניה מיני מטוגנת,,45.00,100 גרם,false,1,4.00,8.89,false,1,24817
7290115206531,false,אסם קרמוגית במילוי קרם בייגלה 12*200 גרם,אסם-נסטלה,IL,קרמוגית קרם בייגלה,,200.00,100 גרם,false,1,9.90,4.95,true,1,24943
7290115206661,false,סופגניה מיני מטוגנת עם ריבה בונזור 50 גר',Unknown,,סופגניה מיני ריבה,,45.00,100 גרם,false,1,4.00,8.89,false,1,24818
7290115206852,false,ביסלי צ'יזי סטיקס חדש 70 ג אסם,"אסם השקעות בע""\מ",IL,ביסלי ציזי סטיקס,,70.00,100 גרם,false,1,7.90,11.29,true,1,26841
7290115206890,false,ביסלי המבורגר חדש 70 ג אסם,"אסם השקעות בע""\מ",IL,ביסלי המבורגר,,70.00,100 גרם,false,1,7.90,11.29,true,1,26842
7290115206937,false,מנ.חמה רייס נודלס כשלפ55,תאי פרזידנט,TH,מנה חמה נודלס עוףכלפ,,55.00,100 גרם,false,1,10.90,19.82,false,1,25628
7290115207095,false,קרואסון חמאה א.ק,Unknown,,קרואסון חמאה א.ק,,100.00,100 גרם,false,1,10.00,10.00,true,1,24960
7290115207767,false,אוזני פיל בונז'ור,Unknown,,אזני פיל 6קג,קילוגרמים,1.00,"ק""ג",true,1,55.00,9.17,false,1,26101
7290115207941,false,סירופ אננס ויטמינצ'יק 1 ליטר,בית-השיטה עסיס תעשיות מז,IL,ויטמינציק אננס,,1.00,1 ליטר,false,1,26.90,26.90,true,1,26286
7290115208320,false,אפרופו חטיף בטעם ביסלי בצל 50 גרם,"אסם השקעות בע""\מ",IL,אפרופו ביסלי בצל,,50.00,100 גרם,false,1,7.90,15.80,true,1,27030
7290115208528,false,קרמוגית בטעם טירמיסו,Unknown,,קרמוגית בטעם טירמיסו,,200.00,100 גרם,false,1,15.90,7.95,false,1,27257
7290115208801,false,לחמית דבש ואגוזים אסם 190 גרם,לחמית,IL,לחמית דבש ואגוזים,,190.00,100 גרם,false,1,13.90,7.32,false,1,26643
7290115208849,false,"מנה חמה פסטה מוקרמת ט.עוף בד""צ 55גר","אסם תעשיות בע""מ",IL,מנה חמה פירה בטטה,,51.00,100 גרם,false,1,10.00,19.61,false,1,27211
7290115209198,false,במבה אוורירית אסם 80 גרם,"אסם תעשיות בע""מ",IL,במבה אורירית,,80.00,100 גרם,false,1,7.90,9.88,false,1,26839
7290115209358,false,במבה במילוי קרם בטעם בראוניז,"אסם השקעות בע""\מ",IL,במבה במילוי בראוניז,,60.00,100 גרם,false,1,7.90,13.17,true,1,27031
7290115670585,false,חטיף מקופלת לבנה מגד,Unknown,,מקופלת לבנה 25 מגדים,,25.00,100 גרם,false,1,6.90,27.60,true,1,23687
7290115671001,false,עוג.שוקוציפס חלב טינס136,"שטראוס גרופ בע""\מ",IL,שוקוציפס חלב THINS,,136.00,100 גרם,false,1,12.00,8.82,true,1,25286
7290115671025,false,רבע לשבע מוס קרמל מלו100,"הגביע מוצרי וופלים בע""\מ",IL,רבע לשבע מוס שוקולד,,100.00,100 גרם,false,1,18.90,18.90,true,1,24944
7290115671308,false,מסטיק מאסט פאן תות דובדבן צנצנת 58 גרם,אסקום קונפשטיין,DE,מאסט תות דובדבן 58ג,,58.00,100 גרם,false,1,8.90,15.34,true,1,25289
7290115671339,false,מיני פינוקיות בראוניז בייגל בוטן עלית 180 ג' עלית,"הגביע מוצרי ופלים בע""\מ",IL,מיני פינוקיות ב.ב.ב,,80.00,100 גרם,false,1,15.90,19.88,true,1,24720
7290115671346,false,מיני פינוקיות טופי קרמל מלוח עלית 180 גרם,"הגביע מוצרי ופלים בע""\מ",IL,מיני פינוקיות ט.ק.מ,,80.00,100 גרם,false,1,15.90,19.88,true,1,24721
7290115671353,false,מיני פינוקיות עוגיות קקאו במילוי קרם בטעם וניל,"הגביע מוצרי ופלים בע""\מ",IL,מ.פינוקיות שחור לבן,,180.00,100 גרם,false,1,15.90,8.83,true,1,25290
7290115672183,false,ר.לשבע קרמביס אגוזים,STRAUSS-ISRAEL,,ר.לשבע קרמביס אגוזים,,104.00,100 גרם,false,1,12.90,12.40,true,1,27032
7290115673012,false,ר.לשבע קרמביס שוקולד,STRAUSS-ISRAEL,,ר.לשבע קרמביס שוקולד,,104.00,100 גרם,false,1,12.90,12.40,true,1,27033
7290115673197,false,ריל אנרג'י חטיף תמרים וקוקוס 35 גרם,שטראוס גרופ,GR,ריל חטיף תמרים קוקוס,,35.00,100 גרם,false,1,10.00,28.57,true,1,24450
7290115673203,false,חטיף אנרג'י ריל שקדים ושוקולד מריר,ואמואליס פודס אס.,GR,ריל חטיף שקדים שוקול,,35.00,100 גרם,false,1,10.00,28.57,true,1,24451
7290115673210,false,אנרגי REAL חטיף בוטנים פיסטוק וחמוציות,ואמואליס פודס אס.,GR,ריל חטיף בוטנים פיסט,,35.00,100 גרם,false,1,10.00,28.57,true,1,24452
7290115673777,false,פסק זמן פטיסרי קרמל 35גר,"שטראוס גרופ בע""\מ.",IL,פסק זמן פטיסרי קרמל,,35.00,100 גרם,false,1,7.50,21.43,true,1,24447
7290115674156,false,שוק.מיקס עוגיות+עדשים95ג,"שטראוס גרופ בע""\מ",IL,שוקולד פרה מיקס,,95.00,100 גרם,false,1,9.90,10.42,true,1,24240
7290115674187,false,רבע לשבע מוס פטל 100 גרם,"הגביע מוצרי וופלים בע""\מ",IL,רבע לשבע מוס פטל,,100.00,100 גרם,false,1,18.90,18.90,true,1,24945
7290115674743,false,פיתה צ'יפס מלח ים 170גרם,"אלאדין בייקרס בע""\מ",US,Breadz פיתה מלח ים,,170.00,100 גרם,false,1,13.90,8.18,false,1,25291
7290115674774,false,קרקר אפוי עם זרעי צ'יה וקינואה 170 ג' BREADZ,"אלאדין בייקרס בע""\מ",US,Breadz קרקר קינואה,,170.00,100 גרם,false,1,13.90,8.18,false,1,25292
7290115675559,false,מארז קפה טורקי לדרך 10 יחידות,שטראוס קפה בי.וי.,IL,מארז טורקי לדרך,,70.00,100 גרם,false,1,9.00,12.86,true,1,26887
7290115675580,false,קוואקר חטיף בוטנים עם שיבולת שועל 50 גרם,"שטראוס פריטו ליי בע""\מ )",IL,ח.קוואקר ובוטנים 50ג,,50.00,100 גרם,false,1,7.90,15.80,true,1,25112
7290115675696,false,דגני בוקר קראנצ'ים שיבולת שועל עם אגוזים ושקדים,גלידות שטראוס,PL,קוואקר Cruesli,,375.00,100 גרם,false,1,18.90,5.04,true,1,26409
7290115675733,false,קפסולות אספרסו עם הל למכונות נספרסו 50 ג,שטראוס קפה בי.וי.,IL,ק.אספרסו עם הל מ.N,,0.00,,false,1,16.50,0.00,true,1,27385
7290115675740,false,קפסולות אייס נוגט למכונות NESPRESSO,שטראוס קפה בי.וי.,IL,קפסולות אייס ק.נוגט,,10.00,יחידה,false,1,16.50,1.65,true,1,24419
7290115676037,false,דנונה ריפרש יוגורט עם תות ודומדמניות 1.6% שומן,מיוצר עי קונדיטוריית,IL,דנונה שייק תות,,250.00,100 גרם,false,1,7.50,3.00,true,1,24469
7290115676082,false,משקה דנונה פרו 20 יוגורט תות 255 ג' רבנות,"שטראוס בריאות בע""\מ.",IL,דנונה משקה פרו תות,,255.00,100 גרם,false,1,8.90,3.49,true,1,24471
7290115676099,false,משקה דנונה פרו 20 יוגורט וניל 255 ג' רבנות,"שטראוס בריאות בע""\מ.",IL,דנונה משקה פרו וניל,,255.00,100 גרם,false,1,8.90,3.49,true,1,24472
7290115676693,false,תפוצ'יפס מלח חומץ 50 ג' עלית,"שטראוס פריטו ליי בע""\מ )",IL,תפוציפס מלח חומץ 50ג,,50.00,100 גרם,false,1,5.90,11.80,true,1,26331
7290115676990,false,תפוצ'יפס מלח&חומץ 50 גרם,"שטראוס פריטו ליי בע""\מ )",IL,תפוציפס מלח חומץ,,50.00,100 גרם,false,1,5.90,11.80,true,1,24298
7290115678376,false,מעדן הגולן שוקולד 125 גרם,מיוצר עי קונדיטוריית,IL,מעדן הגולן שוקולד,,125.00,100 גרם,false,1,3.50,2.80,true,1,25624
7290115678635,false,נשנושי גבינה -גבינת שמנת 16%+כעכים שטוחים עם מלח,"מחלבת טבע עז בע""\מ",IL,נשנושי גבינה 25%,,67.00,100 גרם,false,1,13.20,19.70,false,1,25524
7290115678642,false,נשנושי גבינה 16% עם חטיף אפוי עם זיתים 67 ג' שטראוס,"מחלבת טבע עז בע""\מ",IL,נשנושי גבינה 25%,,67.00,100 גרם,false,1,13.20,19.70,false,1,25525
7290115678710,false,מאסט סוכריות ללא סוכר בטעם בזוקה,שטראוס גרופ,TR,סוכריות FRESH בזוקה,,15.00,100 גרם,false,1,5.50,36.67,true,1,24713
7290115679960,false,ציטוס פופקורן בטעם טבעי 60 ג 24 יח,"שטראוס פריטו ליי בע""\מ )",IL,ציטוס פופקורן טבעי60,,60.00,100 גרם,false,1,7.90,13.17,true,1,25294
7290115794441,false,סנפיר כחול,Unknown,,סנפיר כחול,,0.00,,false,1,99.00,0.00,false,1,26384
7290115794465,false,מזרן ים מיני מאוס,Unknown,,מזרן ים מיני מאוס,,0.00,,false,1,169.00,0.00,false,1,26385
7290115794496,false,מזרן ים כתר נסיכות,Unknown,,מזרן ים כתר נסיכות,,0.00,,false,1,169.00,0.00,false,1,26387
7290116242378,false,מיני פופ סוכריה על מקל עם כדור 8גר סמי הכבאי,שמחה זה אנחנו,CN,מיני סוכריה כדור סמי,,8.00,100 גרם,false,1,14.90,186.25,true,1,26182
7290116242392,false,מיני פופ סוכריה על מקל(5 יח) 40 גר' - כוח פי ג'יי,Unknown,CN,מיני פופ סוכריה כח,,40.00,100 גרם,false,1,14.90,37.25,true,1,26184
7290116242408,false,מיני פופ סוכריה על מקל עם כדור 8 גר' ריינבוקורן,Unknown,,מיני סוכריה כ.ריינב,,8.00,100 גרם,false,1,14.90,186.25,true,1,26185
7290116242415,false,מיני פופ סוכריה על מקל עם כדור 8גר מפרץ הרפתקאות,Unknown,CN,מיני סוכריה כ.מפרץ,,8.00,100 גרם,false,1,14.90,186.25,true,1,26186
7290116530109,false,חטיף קליק נוגט ציפוי שוקולד לבן 35 גרם,"טחנת האבן תעשיות בע""\מ,",IL,קליק נוגט שוקולד לבן,,35.00,100 גרם,false,1,7.50,21.43,true,1,24446
7290116531038,false,"שוקולד מריר 60% ורד הגליל 100 גרם כשל""פ",יוניליוור ישראל מזון,IL,טבלה שוקולד מריר,,100.00,100 גרם,false,1,6.90,6.90,true,1,26325
7290116531281,false,קליק מיקס 65 גרם,יוניליוור ישראל מזון,IL,קליק מיקס,,65.00,100 גרם,false,1,9.00,13.85,true,1,25986
7290116531724,false,מאגדת חטיפי שוגי שוק,יוניליוור,IL,חטיף שוגי ש.חלב פסח,,130.00,100 גרם,false,1,15.90,12.23,false,1,25900
7290116531731,false,"חט.שוגי שוק.לבן כשל""פ5יח","טחנת האבן תעשיות בע""\מ,",IL,חטיף שוגי ש.לבן פסח,,130.00,100 גרם,false,1,15.90,12.23,false,1,25901
7290116531939,false,גלידה בשומן צמחי בטעם תות שדה בציפוי מכיל שוקולד,"גלידת שטראוס בע""\מ, רח'",IL,גלידונית תות שדה,,955.00,"100 מ""ל",false,1,50.00,5.24,true,1,25853
7290116531977,false,אקס דאודורנט בודי ספריי סקייטבורד וורדים,"קוסטר אירוסול, גבזה 4140",GB,ספריי סקייטבורד,,150.00,100 גרם,false,1,19.90,13.27,false,1,26812
7290116532011,false,קליק אוקיי נוגט בציפוי שוקולד חלב 35 גרם,תות תעשיות מזון (2014) ב,IL,קליק אוקי 35ג חדש,,35.00,100 גרם,false,1,7.50,21.43,true,1,25626
7290116532264,false,מאגדת גודיז פרי אפרסק יוגורט בציפוי 300 ג' שטראוס,"גלידת שטראוס בע""\מ, רחוב",IL,גודיז אפרסק,,300.00,100 גרם,false,1,27.00,9.00,true,1,25854
7290116532271,false,סנדוויץ לייט גודיז שוקולד וניל 270 ג' שטראוס,"גלידת שטראוס בע""\מ, רחוב",IL,גודיז סנדוויץ,,270.00,"100 מ""ל",false,1,29.90,11.07,true,1,25855
7290116532462,false,גלידת שמנת קליק בטעמי שוקולד בננה 384 ג' שטראוס,"גלידת שטראוס בע""\מ, רחוב",IL,פיינט קליק ש.בננה,,520.00,"100 מ""ל",false,1,24.90,4.79,true,1,26388
7290116532479,false,קליק גלידת שמנת בטעמי שוקולד לבן עוגיות 384 ג' שטראוס,"גלידת שטראוס בע""\מ, רחוב",IL,פיינט קליק ש.לבן,,520.00,"100 מ""ל",false,1,24.90,4.79,true,1,26389
7290116532486,false,גלידת שמנת קליק בטעמי וניל קרמל מלוח 384 ג' שטראוס,"גלידת שטראוס בע""\מ, רחוב",IL,פיינט קליק וניל קרמל,,520.00,"100 מ""ל",false,1,24.90,4.79,true,1,26390
7290116532882,false,נישנושים איירביס בצל 155 גרם,"דרך השוקולד ,1 צפת 13404",IL,נשנושים א.בצל 155ג,,155.00,100 גרם,false,1,16.90,10.90,true,1,27034
7290116532899,false,נשנושים איירביס טעם פלאפל 155 גרם,"דרך השוקולד ,1 צפת 13404",IL,נשנושים א.פלאפל 155ג,,155.00,100 גרם,false,1,16.90,10.90,true,1,27035
7290116532905,false,נישנושים איירביס ברביקיו 155 גרם,"דרך השוקולד ,1 צפת 13404",IL,נשנושים ברביקיו 155ג,,155.00,100 גרם,false,1,16.90,10.90,true,1,27036
7290116910895,false,מיני פופ סוכריה על מקל 5 יח' 40 גר' סמי הכבאי,Unknown,CN,מיני פופ סוכריה סמי,,40.00,100 גרם,false,1,14.90,37.25,true,1,26195
7290116930015,false,חטיף חלבון GO קרמל ח.בוטנים קריספי 20 גרם חלבון,"בלמונט קונפקציות בע""\מ.",US,חטיף חלבון GO ק.מלוח,,60.00,100 גרם,false,1,14.90,24.83,true,1,26391
7290116930022,false,חטיף חלבון GO קרם עוגיות ציפוי קריספי 20 גרם,"בלמונט קונפקציות בע""\מ.",US,חטיף חלבון GO עוגיות,,60.00,100 גרם,false,1,14.90,24.83,true,1,26392
7290116930176,false,חלב 2% שומן בדצ,Unknown,,חלב 2% שומן בדצ,,1.00,1 ליטר,false,1,6.90,6.90,false,1,26649
7290116930282,false,ארוחה בקטנה לאבנה עם קרקרים 150ג' תנובה,תנובה חלב,IL,לאבנה עם קרקרים,,150.00,100 גרם,false,1,8.90,5.93,false,1,26650
7290116930435,false,יוגורט יופלה GO במרקם סמיך עם דובדבן 0%,תנובה מרכז שיתופי לש,IL,יוגורט גו דובדבן,,200.00,100 גרם,false,1,6.90,3.45,false,1,26322
7290116930442,false,יופלה שייק בננה מנגו,תנובה חלב,IL,יופלה SHAKE,,230.00,"100 מ""ל",false,1,11.90,5.17,false,1,26393
7290116930459,false,"יופלה שייק מנגו בננה אננס וקוקוס 230 מ""ל",קבוצת המזון אקטשלאר,IL,יופלה SHAKE,,230.00,"100 מ""ל",false,1,11.90,5.17,false,1,26394
7290116930466,false,"משקה SHAKE בננה מנגן פסיפלורה והל 230 מ""ל יופלה",קבוצת המזון אקטשלאר,IL,יופלה SHAKE,,230.00,"100 מ""ל",false,1,11.90,5.17,false,1,26395
7290116930480,false,"משקה SHAKE בננה קיווי תפוח 230 מ""ל יופלה",קבוצת המזון אקטשלאר,IL,יופלה SHAKE,,230.00,"100 מ""ל",false,1,11.90,5.17,false,1,26396
7290116930558,false,ויסוצקי משקה תה קר עם חלב בטעם צאי קרמל,תנובה חלב,IL,משקה תהצאי קרמל,,230.00,"100 מ""ל",false,1,10.00,4.35,false,1,26443
7290116930565,false,ויסוצקי משקה תה קר עם חלב בטעם צאי מסאלה,תנובה חלב,IL,תה קר צאי מסאלה,,230.00,"100 מ""ל",false,1,10.00,4.35,false,1,26444
7290116930572,false,משקה תה קר עם חלב טע,תנובה חלב,IL,תה קר צאי ורדים,,230.00,"100 מ""ל",false,1,10.00,4.35,false,1,26445
7290116930626,false,ארוחה בקטנה ציזיקי עם קרקרים 150ג' תנובה,תנובה חלב,IL,ציזיקי עם קרקרים,,150.00,100 גרם,false,1,8.90,5.93,false,1,26651
7290116930657,false,"משקה חלב גו בטעם בננה תמר בתוספת שיבולת שועל במרקם חלק 340 מ""ל",תנובה מרכז שיתופי לש,IL,מ.חל. גו ט.בננה תמר,,340.00,100 גרם,false,1,10.00,2.94,false,1,27386
7290116930671,false,חלב לקפה נטול,Unknown,,חלב לקפה נטול,,800.00,"100 מ""ל",false,1,8.90,1.11,false,1,27387
7290116930695,false,חלב נטול לקטוז מ.,Unknown,,חלב נטול לקטוז מ.,,1.00,1 ליטר,false,1,8.90,8.90,false,1,27388
7290116930701,false,מעדן חלב GO מועשר בחלבון בטעם קרמל מלוח,תנובה מרכז שיתופי לש,IL,מעדן קרמל מלוח,,120.00,100 גרם,false,1,5.80,4.83,false,1,26561
7290116931241,false,קוטג 12%,Unknown,,קוטג 12%,,250.00,100 גרם,false,1,6.00,2.40,false,1,27389
7290116931289,false,יופלה גו במרקם סמיך אלפחורס 200מל,תנובה מרכז שיתופי לש,IL,גו סמיך אלפחורס,,200.00,100 גרם,false,1,6.90,3.45,false,1,27449
7290117260890,false,פופקורן בציפוי בטעם קוקוס 90 גרם,אלאלסי,UA,פופקורן קוקוס 90ג,,90.00,100 גרם,false,1,8.90,9.89,true,1,25691
7290117260906,false,פופקורן בציפוי בטעם פירות 90 גרם,אלאלסי,UA,פופקורן פירות 90ג,,90.00,100 גרם,false,1,8.90,9.89,true,1,25692
7290117900451,false,מנציס 160 שקדיה חדש,Unknown,,מנציס 160 שקדיה חדש,,130.00,100 גרם,false,1,16.90,13.00,true,1,26419
7290117900468,false,חטיף סויה קריספי חדש,Unknown,,חטיף סויה קריספי חדש,,140.00,100 גרם,false,1,16.90,12.07,true,1,25581
7290117902608,false,חמוציות אגוזים שקדים,Unknown,,חמוציות אגוזים שקדים,,80.00,100 גרם,false,1,11.90,14.88,true,1,27037
7290117902615,false,אגוזים ושקדים קלויים,Unknown,,אגוזים ושקדים קלויים,,80.00,100 גרם,false,1,11.90,14.88,true,1,27038
7290117902783,false,אגוזי קשיו קלויים,Unknown,,אגוזי קשיו קלויים,,80.00,100 גרם,false,1,11.90,14.88,false,1,27392
7290117902790,false,שקדים קלויים מלוחים,Unknown,,שקדים קלויים מלוחים,,80.00,100 גרם,false,1,11.90,14.88,false,1,27393
7290117902806,false,פיסטוק קלויים מלוחים,Unknown,,פיסטוק קלויים מלוחים,,80.00,100 גרם,false,1,11.90,14.88,false,1,27394
7290118420071,false,במבה ביסלי ברביקיו מיקס 80ג' אסם,"אסם השקעות בע""\מ",IL,במבה ביסלי ברביקיו,,80.00,100 גרם,false,1,7.90,9.88,true,1,27039
7290118420095,false,מקלות פילו תפוח,Unknown,,מקלות פילו תפוח,קילוגרמים,1.00,"ק""ג",true,1,65.00,10.83,false,1,26539
7290118420415,false,אסם קטשופ קלאסי היתר מכירה 750 גרם,"אסם תעשיות מזון בע""מ",IL,אסם קטשופ קלאסי,,750.00,100 גרם,false,1,13.90,1.85,true,1,27274
7290118420491,false,שנק קינמון פרווה,Unknown,,שנק קינמון פרווה,,120.00,100 גרם,false,1,10.00,8.33,true,1,26728
7290118420507,false,שנק קינמון פרווה,Unknown,,שנק קינמון פרווה,,120.00,100 גרם,false,1,10.00,8.33,true,1,26731
7290118420712,false,עוגיות שוקוציפס קרמל מלוח אסם 220 גרם,Unknown,IL,שוקוציפס קרמל מלוח,,200.00,100 גרם,false,1,15.90,7.95,false,1,27259
7290118420811,false,פריכיות מ.דגנים סלק,Unknown,,פריכיות מ.דגנים סלק,,80.00,100 גרם,false,1,15.90,19.88,false,1,27395
7290118420835,false,פריכיות דגנים קינואה,Unknown,,פריכיות דגנים קינואה,,80.00,100 גרם,false,1,15.90,19.88,false,1,27396
7290118420859,false,קרמוגית קרם ברולה,Unknown,,קרמוגית קרם ברולה,,200.00,100 גרם,false,1,15.90,7.95,false,1,27258
7290118421313,false,דונאטס אוכמניות67 ג' בונג'ור,Unknown,,דונאטס אוכמניות,,67.00,100 גרם,false,1,10.00,14.93,false,1,27040
7290118421337,false,דונאטס ממולא עם קרם נוגט אגוזים 71ג' בונג'ור,Unknown,,דונטס ק.נוגט אגוזים,,71.00,100 גרם,false,1,10.00,14.08,false,1,27041
7290118421351,false,דונאטס ממולא במילוי בטעם וניל 70ג' בונג'ור,Unknown,,דונאטס בטעם וניל,,70.00,100 גרם,false,1,10.00,14.29,false,1,27042
7290118421375,false,דונאטס ממולא במילוי בטעם שוקולד 67ג' בונג'ור,Unknown,,דונאטס ממולא שוקולד,,67.00,100 גרם,false,1,10.00,14.93,false,1,27043
7290118421399,false,דונאטס שוקולד בציפוי שוקולד בלגי 55ג' בונג'ור,Unknown,,דונאטס שוקולד ש.בלגי,,55.00,100 גרם,false,1,10.00,18.18,false,1,27044
7290118421436,false,במבה במילוי קרם,Unknown,,במבה במילוי קרם,,60.00,100 גרם,false,1,7.90,13.17,false,1,27260
7291123657858,false,סיגריה DOM-ענבים,Unknown,,סיגריה DOM-ענבים,,0.00,,false,1,89.90,0.00,false,1,26698
7291123657872,false,סיגריה DOM-אבטיח,Unknown,,סיגריה DOM-אבטיח,,0.00,,false,1,89.90,0.00,false,1,26697
7291123657889,false,סיגריה DOM-אוכמיות,Unknown,,סיגריה DOM-אוכמיות,,0.00,,false,1,89.90,0.00,false,1,26696
7291123657896,false,סיגריה DOM-תות,Unknown,,סיגריה DOM-תות,,0.00,,false,1,89.90,0.00,false,1,26693
7291123657902,false,סיגריה DOM-אפרסק,Unknown,,סיגריה DOM-אפרסק,,0.00,,false,1,89.90,0.00,false,1,26695
7291123657919,false,סיגריה DOM-קולה,Unknown,,סיגריה DOM-קולה,,0.00,,false,1,89.90,0.00,false,1,26700
7291123657926,false,סיגריה DOM-תפוח,Unknown,,סיגריה DOM-תפוח,,0.00,,false,1,89.90,0.00,false,1,26694
7291123657933,false,סיגריה DOM-מנגו,Unknown,,סיגריה DOM-מנגו,,0.00,,false,1,89.90,0.00,false,1,26692
7291123657940,false,סיגריה DOM-מנטה,Unknown,,סיגריה DOM-מנטה,,0.00,,false,1,89.90,0.00,false,1,26699
7291123657957,false,סיגריה DOM-מלון,Unknown,,סיגריה DOM-מלון,,0.00,,false,1,89.90,0.00,false,1,26713
7297588031516,false,שמשיה 85 צבעונית,Unknown,,שמשיה 85 צבעונית,,0.00,,false,1,29.00,0.00,false,1,24601
7297588031523,false,שמשיה ארטוס,Unknown,,שמשיה ארטוס,,0.00,,false,1,29.00,0.00,false,1,24583
7297588034074,false,שמשיה גדולה 180,Unknown,,שמשיה גדולה 180,,0.00,,false,1,29.00,0.00,false,1,24602
7312040017683,false,"אבסולוט וודקה, 700 מ''ל",חברת אבסולוט,SE,וודקה אבסולוט 700מל,,700.00,"100 מ""ל",false,1,95.00,13.53,true,1,15396
7501013101348,false,"נקטר בטעם מנגו 500 מ""ל JUMEX",חומקס קומר קומרסאליזדורה,MX,גומקס מנגו 473מל,,473.00,"100 מ""ל",false,1,10.90,2.24,true,1,21976
7501013101355,false,"נקטר בטעם אפרסק 500 מ""ל JUMEX",חומקס קומר קומרסאליזדורה,MX,גומקס אפרסק 473מל,,473.00,"100 מ""ל",false,1,9.90,2.03,true,1,21977
7501013101362,false,"נקטר בטעם קוקוס ואננס 500 מ""ל JUMEX",חומקס קומר קומרסאליזדורה,MX,גומקס ק.אננס 473מל,,473.00,"100 מ""ל",false,1,10.90,2.24,true,1,21978
7501013101393,false,"נקטר בטעם אננס טבעי 500 מ""ל JUMEX",חומקס קומר קומרסאליזדורה,MX,גומקס אננס 473מל,,473.00,"100 מ""ל",false,1,10.90,2.24,true,1,21979
7501013101430,false,יוניקו פרסקו משק.חמוצ473,חומקס קומר קומרסאליזדורה,MX,גומקס פרסקו חמוציות,,473.00,"100 מ""ל",false,1,8.90,1.82,true,1,21980
7501013101447,false,משקה יוניקו פרסקו רי,חומקס קומר קומרסאליז,MX,גומקס פרסקו רימון,,473.00,"100 מ""ל",false,1,8.90,1.82,true,1,21981
7501013122053,false,ג'ומקס מיץ אפרסק קרטונית ליטר תריסר,חומקס קומר קומרסאליזדורה,MX,גומקס אפרסק 1ל,,1.00,1 ליטר,false,1,9.90,9.90,true,1,23207
7501013122114,false,"נקטר משקה אננס בקרטונית ג'ומקס, 1 ל'",חומקס קומר קומרסאליזדורה,MX,גומקס אננס 1ל,,1.00,1 ליטר,false,1,9.90,9.90,true,1,23208
7501013122992,false,ג'ומקס מיץ קוקוס אננס קרטונית ליטר תריסר,חומקס קומר קומרסאליזדורה,MX,גומקס קוקוס אננס,,1.00,1 ליטר,false,1,9.90,9.90,true,1,23209
7501049936945,false,"שישיית בירה סול בקבוק 330 מ""ל",היינקן,NL,בירה סול 330 מל X6,,1.98,1 ליטר,false,1,49.90,24.29,true,1,23029
7501064191398,false,שישיית בירה קורונה אקסטרא *355 מל,קריניציה ויטמינה אס,MX,בירה קורונה שישייה,,2.13,1 ליטר,false,1,39.90,17.89,true,1,23030
7501064196690,false,"פחית בירה קורונה 355 מ""ל",סרבסריה מידלו,MX,פחית קורונה 355,,355.00,"100 מ""ל",false,1,17.00,4.70,true,1,22451
7610400014649,false,לינדור קוביות במילוי קרם שוקולד חלב 100 גרם,לינדט ושפרונגלי קילשברג,CH,לינדט שוקולד חלב,,100.00,100 גרם,false,1,16.90,16.90,true,1,12523
7610400074155,false,לינדט לינדור קוביות במילוי קרם שוקולד 60% מוצקי קקאו 100 גרם,לינדט ושפרונגלי קילשברג,CH,לינדור בודד 60%,,100.00,100 גרם,false,1,16.90,16.90,true,1,26429
7610400075770,false,לינדט לה גרנד שוקולד מריר אגוז 150 גרם,לינדט ושפרונגלי קילשברג,CH,לינדט לגרנד דארק 150,,150.00,100 גרם,false,1,26.90,17.93,true,1,26430
7610400075787,false,לינדט לה גרנד שוקולד חלב אגוז 150 גרם,לינדט ושפרונגלי קילשברג,CH,לינדט לגרנד מילק,,150.00,100 גרם,false,1,30.00,20.00,true,1,26538
7610400091060,false,שוקולד מריר לינדט אקסלנס בתוספת תפוז ושקדים,לינדט ושפרונגלי קילש,CH,לינדט אקסלנס אורנג,,100.00,100 גרם,false,1,16.90,16.90,true,1,26427
7612800209694,false,סיגריות לאקי סטרייק,Unknown,,לאקי סטרייק אדום,,0.00,,false,1,31.50,0.00,false,1,19649
7612800209700,false,לאקי סטרייק אד.פאקט,Unknown,,לאקי סטרייק אד.פאקט,,0.00,,false,1,305.00,0.00,false,1,19650
7613030979647,false,דגני בוקר טריקס פירות עולם היורה 480 ג',ג'נרל מילס סאן אדריא,CL,טריקס 480 גר,,480.00,100 גרם,false,1,33.00,6.88,true,1,25767
7613032045753,false,פיטנס - דגני בוקר שוקולד 375 גרם,נסטלה צרפת איטנקורט,FR,פיטנס שוקולד 375 גר,,375.00,100 גרם,false,1,25.90,6.91,true,1,26723
7613035619050,false,פירולו חמשושים מפלצות 75 מל,שוורצקוף& הנקל דיסלד,ES,חמשושים מצופים חלב,,75.00,"100 מ""ל",false,1,10.90,14.53,true,1,17813
7613035809109,false,פרפקטו רוטב עגבניות ובזיליקום אסם 400 גרם,אסם פרפקטו Perfecto,ES,פרפקטו רוטב ע.בזיליק,,400.00,100 גרם,false,1,12.50,3.12,false,1,26868
7613035809857,false,פרפקטו רוטב עגבניות לפסטה ולבישול אסם 400 גרם,אסם פרפקטו Perfecto,ES,פרפקטו רוטב עגבניות,,400.00,100 גרם,false,1,12.50,3.12,true,1,26866
7613036576734,false,קרטיב חמשושים חדש נסטלה 60 גר,פרונרי איבריה ס.ל,ES,חמשושים בטעמים,,60.00,100 גרם,false,1,10.90,18.17,true,1,20704
7613037204797,false,סטארבקס פולי קפה בלונד אספרסו 450 גר,נסטלה נספרסו,PT,ס.בלונד אספרסו,,450.00,100 גרם,false,1,55.00,12.22,false,1,24420
7613037204889,false,סטארבקס - פולי קפה אספרסו 450 גרם,נסטלה נספרסו,PT,ס.פ.קפה אספרסו,,450.00,100 גרם,false,1,55.00,12.22,false,1,24421
7613037686906,false,פיטנס שקדים ודבש 355 גרם מופחת סוכר,נסטלה צרפת איטנקורט,FR,פיטנס שקדים ודבש,,355.00,100 גרם,false,1,25.90,7.30,true,1,26547
7613287008497,false,סטארבקס - פולי קפה פייק פלייס 450 גרם,נסטלה נספרסו,PT,סטארבקס פייק פלייס,,450.00,100 גרם,false,1,55.00,12.22,false,1,24422
7613287302373,false,סטארבקס קפסולות איטליאן סטייל רוסט 56 גרם,נסטלה שוויץ - קפה,PT,ק.ס.איטלאן סטיל רוסט,,10.00,יחידה,false,1,21.90,2.19,true,1,24381
7613600003796,false,פאל מאל סופרסלימס כחול עשירייה,Unknown,CH,פאל מאל סופרסלימס,,0.00,,false,1,297.00,0.00,false,1,21753
7613600003819,false,פאל מאל סופרסלימס כתום עשירייה,Unknown,CH,פאל מאל סופר סלים,,0.00,,false,1,297.00,0.00,false,1,23059
7622010001858,false,עוגיות אוראו ממולאות קרם וניל 176 גרם.,פי אר ג'\יי אס אי מנדלז,UA,אוראו עוגיות 176 גר,,176.00,100 גרם,false,1,12.90,7.33,true,1,18078
7622201120931,false,שוקולד מילקה אוראו לבן 100 גרם,מונדלז אוקראינה,HU,מילקה ל.אוריאו 100ג,,100.00,100 גרם,false,1,7.90,7.90,true,1,25864
7622201127398,false,מילקה אוראו מיניס אורגינל 153 גרם,פי.אר.ג'יי.אס.סי מונ,UA,מילקה אוראו מיניס,,153.00,100 גרם,false,1,16.90,11.05,true,1,23892
7622201401900,false,עוגיות סנסיישן אוראו מילקה 156 גרם,מונדלז פולסקה פרודקש,PL,עוגיות מילקה,,156.00,100 גרם,false,1,14.00,8.97,true,1,23403
7622201801809,false,מילקה שוקולד חלב עם אגוזים 100 גרם חדש,מנדלז דויצ'\לנד סנקס פרו,DE,מילקה שוקולד אגוז100,,100.00,100 גרם,false,1,7.90,7.90,true,1,24633
7622201802363,false,מילקה טבלת שוקולד חלב וצימוקים ואגוזים 100ג',מנדלז דויצ'\לנד סנקס פרו,DE,מילקה צימוק אגוז100,,100.00,100 גרם,false,1,7.90,7.90,true,1,24632
7622201802394,false,שוקולד מילקה חלב מסרונים 100 גרם,מנדלז דויצ'\לנד סנקס פרו,DE,מילקה שוקולד חלב100,,100.00,100 גרם,false,1,7.90,7.90,true,1,24631
7622201808631,false,אוראו מיני עוגיות ממולאות קרם וניל 67גרם,פי.טי. מונדלז אינדונ,ID,אוראו מיני וניל,,67.00,100 גרם,false,1,5.90,8.81,true,1,27448
7622201809188,false,מילקה ביסקוויט 150 גרם חדש,מונדלז פרנס ביסקוויט פרו,FR,ביסקויט מצופה שוקולד,,150.00,100 גרם,false,1,14.00,9.33,true,1,26950
7622201813390,false,עוגיות מילקה וואפל במילוי קרם קקאו 150 ג,מונדליז סי.אר. ביסקוויט,CZ,וופל במילוי קרם קקאו,,150.00,100 גרם,false,1,14.90,9.93,true,1,24194
7622201819552,false,מילקה דארק שוקולד 85 גרם חדש,מונדלז דויטשלנד סנאק,DE,מילקה דרק 85 ג,,0.00,,false,1,8.90,0.00,true,1,26330
7622210078131,false,שוקולד חלב עם שבבי קרמל מילקה דיים 100 גרם,מנדלז דויצ'\לנד סנקס פרו,DE,מילקה דיים 10גר,,100.00,100 גרם,false,1,7.90,7.90,true,1,20453
7622210137234,false,עוגיות אוראו עם דאבל קרים וניל 170 גר,מונדלייז,ES,אוראו ע.דאבל קרים,,0.00,,false,1,10.00,0.00,true,1,27230
7622210163899,false,שוקולד חלב במילוי סוכריות עדשים,מונדלז דויצ'לנד סנקס,DE,מילקה עדשים 100גר,,100.00,100 גרם,false,1,7.90,7.90,true,1,20483
7622210453327,false,עוגיות שוקוצ'יפס במילוי שוקולד סנסיישן,מנדלז פולסקה פרודקשן,PL,מילקה סנסיישן 156ג,,156.00,100 גרם,false,1,14.90,9.55,true,1,20454
7622210637994,false,מיני עוגיות אוראו קראנצ'י בייטס אורגינל,מונדלז אספניה ג'לאטס,ES,אוראו ביס קראנצי,,110.00,100 גרם,false,1,12.00,10.91,true,1,23404
7622210638021,false,מיני עוגיות אוראו קראנצ'י בייטס מצופים,מונדלז אספניה ג'לאטס,ES,אורו קראנצי בייטס,,110.00,100 גרם,false,1,12.00,10.91,true,1,23405
7622210826053,false,שוקולד מילקה אוראו סנדוויץ 92 גר',גיאורי קאקסז קייאףטי,HU,מילקה אוראו סנדביץ,,92.00,100 גרם,false,1,7.90,8.59,true,1,23389
7622210835338,false,אוראו עוגיות ממולאות טעם בראוניז 176 גרם,מנדלז אספנה גאלטס פר,ES,אוראו בראוניז 176ג,,176.00,100 גרם,false,1,12.90,7.33,true,1,20573
7622300441715,false,עוגיות מילקה ביסקוויט ממולא קרם חלב מצופה למחצה בשוקולד חלב 150 גר',מוביל בעל מוניטין,CZ,עוגי.מילקה שוקו מיני,,150.00,100 גרם,false,1,14.90,9.93,true,1,19896
7622300489427,false,עוגיות אוראו בציפוי בטעם שוקולד לבן 246 גרם,מנדלז אספנה גאלטס פר,ES,אוראו בטעם שוקולדחדש,,146.00,100 גרם,false,1,19.00,13.01,true,1,20543
7622300503079,false,עוגיות ביסקוויט מצופה שוקולד חלב מילקה 200 גרם,מונדלז פולסקה פרודקש,PL,מילקה מו ביסקוויט200,,200.00,100 גרם,false,1,14.00,7.00,true,1,20527
7622300617820,false,מילקה שוקולד חלב במילוי קרם חלב ווניל ושבבי עוגיות אוראו 100 גרם,מנדלז דויצ'\לנד סנקס פרו,DE,מילקה אוראו 100גר,,100.00,100 גרם,false,1,7.90,7.90,true,1,19689
7622300772314,false,אוראו עוגיות ממולאות קרם וניל 66 גרם,מונדלייז,CZ,אוראו 66 גר - חדש,,66.00,100 גרם,false,1,4.50,6.82,true,1,14797
7630477891592,false,סטארבקס קפסולות קפה האוס בלנד 10 יחידות,נסטלה שוויץ - קפה,CH,ק. סטארבקס האוס,,10.00,יחידה,false,1,21.90,2.19,true,1,24074
7630477891639,false,סטארבקס קפסולות קפה ורונה 10 יחידות,נסטלה שוויץ - קפה,CH,ק. סטארבקס ורונה,,10.00,יחידה,false,1,21.90,2.19,true,1,24075
7630477891677,false,סטארבקס קפסולות קפה פייק פלייס 10 יחידות,נסטלה שוויץ - קפה,CH,ק. סטארבקס פייק פ,,10.00,יחידה,false,1,21.90,2.19,true,1,24076
7630477891691,false,סטארבקס קפסולות קפה קולמביה 10 יחידות,נסטלה שוויץ - קפה,CH,ק. סטארבקס קולומביה,,10.00,יחידה,false,1,21.90,2.19,true,1,24077
7630477891714,false,סטארבקס קפסולות קפה אספרסו 10 יחידות,נסטלה שוויץ - קפה,CH,ק. סטארבקס אספרסו,,10.00,יחידה,false,1,21.90,2.19,true,1,24078
7630477891738,false,סטארבקס קפסולות קפה אספרסו בלונד 10 יחיד,נסטלה שוויץ - קפה,CH,ק. סטארבקס א.בלונד,,10.00,יחידה,false,1,21.90,2.19,true,1,24079
7640175742614,false,"בומביי ספייר 200 מ""ל",הממלכה המאוחדת,בוטן,גין בומביי 200,,200.00,"100 מ""ל",false,1,41.90,20.80,false,1,25607
7702018462032,false,סכיני גילוח גילט מאך 3 רביעייה,פרוקטור אנד גמבל,DE,גילט מאך,,4.00,יחידה,false,1,35.00,8.75,true,1,24222
7702018471423,false,גילט פיוזן סטארט סכיני גילוח 4יח,פרןקטר אנד גמבל ברלי,PL,גילט פיוזן רביעיות,,4.00,יחידה,false,1,50.00,12.50,true,1,24268
7702018978120,false,"ג'ילט - דאודורנט ג'ל לגבר קול וייב 70 מ""ל",פרוקטר אנד גמבל,PL,גילט דאו קליר 70 מל,,70.00,"100 מ""ל",false,1,19.90,28.43,true,1,11088
7702018980857,false,גילט סירייס גל גילוח לעור רגיש 75 מל,פרוקטר & גמבל,RO,גילט גילוח סירייס75,,75.00,"100 מ""ל",false,1,10.00,13.33,true,1,18868
7751553004375,false,תערובת קינואה,Unknown,,תערובת קינואה,,210.00,100 גרם,false,1,9.90,4.71,true,1,25816
7792860006218,false,סוכריות לקקנים בייבי דול Baby Doll לריטר,גוד פוד פרודקטס S.p,AR,בייבי דול לקקן 24גר,,24.00,100 גרם,false,1,3.30,13.75,true,1,4654
7840392000362,false,"פחם פרימיום 2 ק""ג",BRICAPER,,פחם 2 קג פרימיום,,2.00,"1 ק""ג",false,1,21.90,10.95,false,1,25967
7861500002818,false,"שישייה בירה לף בראון בקבוק 330X6 מ""ל",Unknown,,לף בראון בק 330 מל,,1.98,1 ליטר,false,1,59.90,29.34,true,1,26343
7891024030974,false,"קולגייט משחת שיניים טריפל אקשן 75 מ""ל",הנסיך- מפעל לייצור ט,BR,קולגייט טריפל אקשן,,75.00,"100 מ""ל",false,1,7.90,10.53,true,1,25881
7891224864607,true,ברזיל שחור 39-40,Unknown,,ברזיל שחור 39-40,,0.00,,false,,59.00,0.00,false,1,20129
8000070003545,false,ק. זהב אורו,Unknown,,ק. זהב אורו,,120.00,100 גרם,false,1,29.90,24.92,true,1,25077
8000070003774,false,קפסולות אספרסו לוואצה אינטנסו 13 16 יח,לואיג'י לוואצה,IT,ק.בורדו אינטסינמנטה2,,120.00,100 גרם,false,1,29.90,24.92,true,1,19198
8000070003798,false,קפסולות אספרסו לוואצה דליסיוזו 8 16 יח,לאוג'י לוואצה אס.פי.אי,IT,ק. כתום דליזיומנטה2,,120.00,100 גרם,false,1,29.90,24.92,true,1,19199
8000070003811,false,קפסולות אספרסו לוואצה פסיונלה 11 16 יח,לואיג'י לוואצה,IT,ק. אדום אפסיונמנטה2,,120.00,100 גרם,false,1,29.90,24.92,true,1,19200
8000070003842,false,קפסולות קרמוסו7 נ.קופאין,לווצה טורינו,IT,ק. כחול קרמה (נטול)2,,120.00,100 גרם,false,1,29.90,24.92,true,1,19201
8000070003880,false,קפסולות קפה קרמה דולצ'ה AMM6 לוואצה 120ג',לווצה טורינו,IT,ק.סגול דולצמנטה 2,,120.00,100 גרם,false,1,29.90,24.92,true,1,19202
8000070003972,false,קפסולות קפה סואבה 5 112,לאוג'י לוואצה אס.פי.אי,IT,קפסולות לילך סוואב2,,120.00,100 גרם,false,1,29.90,24.92,true,1,19206
8000070010215,false,קפסולות ת.נספרסו דלי,Unknown,,קפסולות ת.נספרסו דלי,,10.00,יחידה,false,1,15.90,1.59,true,1,24192
8000070029637,false,פולי לוואצה פיו,Unknown,,פולי לוואצה פיו,,1.00,יחידה,false,1,89.00,89.00,false,1,25299
8000070043381,false,פ.לוואצה פיאנו גוסטו,Unknown,,פולי לוואצה פ. גוסטו,,1.00,יחידה,false,1,69.00,69.00,false,1,25300
8000070053465,false,קפסולות קפה נספרסו חוזק 8 אורו לוואצה 55 גרם,לאוג'י לוואצה אס.פי.אי,IT,לוואצה אורו חוזק 8,,0.00,,false,1,19.90,0.00,true,1,27073
8000070053472,false,לוואצה קרמה גוסטו קלאסיקו מס' 12 קפסולות לקפה 55 גרם,לאוג'י לוואצה אס.פי.אי,IT,לוואצה א.קלאסיקו 12,,0.00,,false,1,19.90,0.00,true,1,27074
8000070053502,false,קפסולות קפה אספרסו ריקו נטול קפאין דרגת חוזק 7,לאוג'י לוואצה אס.פי.אי,IT,לוואצה נטול קפאין 7,,0.00,,false,1,19.90,0.00,true,1,27075
8000070053526,false,קפסולות קפה אספרסו רוסה דרגת חוזק 10,לאוג'י לוואצה אס.פי.אי,IT,לוואצה רוסה חוזק 10,,0.00,,false,1,19.90,0.00,true,1,27076
8000070055254,false,לוואצה קרמה גוסטו פורטה מס' 13 קפסולות לקפה 55 גרם,לואיג'י לוואצה,IT,לוואצה קרמה גוסטו 13,,0.00,,false,1,19.90,0.00,true,1,27077
8000070059832,false,קפסולות קרמה גוסטו ריקו חוזק 11 55 ג' לוואצה,לואיג'י לוואצה,IT,לוואצה גוסטו ריקו 11,,0.00,,false,1,19.90,0.00,true,1,27078
8000070063396,false,ק. סגולה דיוינו 2,Unknown,,ק. סגולה דיוינו 2,,0.00,,false,1,29.90,0.00,true,1,26823
8000070064553,false,קפסולות אספרסו לוואצה רוסה 10 16 יח,לווצה טורינו,IT,לוואצה רוסה AMM10,,0.00,,false,1,29.90,0.00,true,1,26970
8000070064577,false,קפסולות קפה לוואצה קוואליטה אורו חוזק 8,לואיג'י לוואצה,IT,לוואצה אורו AMM8,,0.00,,false,1,29.90,0.00,true,1,26971
8000070081024,false,קפסולות חום ארמוניקו לוואצה 10 יח',Unknown,,נ. לוואצה הרמוניקו 8,,10.00,יחידה,false,1,15.90,1.59,true,1,24083
8000070081031,false,נספרסו לוואצה דיצו10,Unknown,,נספרסו לוואצה דיצו10,,10.00,יחידה,false,1,15.90,1.59,true,1,24084
8000070081093,false,לוואצה ת.נספרסו נטול,Unknown,,לוואצה ת.נספרסו נטול,,10.00,יחידה,false,1,15.90,1.59,true,1,24085
8000070081154,false,קפסולות קפה אספרסו לג'רו 4 10 יחידות,לאוג'\י לוואצה אס.פי.אי,IT,לוואצה ת.נספרסו לגרו,,10.00,יחידה,false,1,15.90,1.59,true,1,24087
8000070086005,false,ק. אדום אפסיונמנטה 3,Unknown,,ק. אדום אפסיונמנטה 3,,120.00,100 גרם,false,1,29.90,24.92,true,1,21691
8000070086012,false,ק. כתום דליזיומנטה 3,Unknown,,ק. כתום דליזיומנטה 3,,120.00,100 גרם,false,1,29.90,24.92,true,1,21692
8000070086029,false,ק.בורדו אינטסינמנטה3,Unknown,,ק.בורדו אינטסינמנטה3,,120.00,100 גרם,false,1,29.90,24.92,true,1,21693
8000070086036,false,קפסולות קרמה נטול3,Unknown,,קפסולות קרמה נטול3,,120.00,100 גרם,false,1,29.90,24.92,true,1,21694
8000070086494,false,ק.סגול דולצמנטה 3,Unknown,,ק.סגול דולצמנטה 3,,120.00,100 גרם,false,1,29.90,24.92,true,1,21695
8000070087200,false,קפסולות לילך סוואב 3,Unknown,,קפסולות לילך סוואב 3,,120.00,100 גרם,false,1,29.90,24.92,true,1,15500
8000070088177,false,ק. סגולה דיוינו,Unknown,,ק. סגולה דיוינו,,120.00,100 גרם,false,1,29.90,24.92,true,1,25078
8000300367836,false,גלידה קראנץ פופס 60,תאי פרזידנט פוד פאבל,IT,קראנץ פופס,,82.00,100 גרם,false,1,11.00,13.41,true,1,18806
8000380000388,false,טורטינה לואקר 90 גרם מארז מהודר,ליימן מותגים,IT,טורטינה מיני 90ג חדש,,90.00,100 גרם,false,1,13.90,15.44,true,1,27426
8000380003723,false,וופל אגוזים בציפוי שוקולד לואקר 100 גרם,קריניציה ויטמינה אס,IT,לואקר פטיסרי אגוז,,100.00,100 גרם,false,1,15.90,15.90,true,1,1166
8000380003761,false,וופל גרנד פטיסרי שוקולד וקוקוס לואקר 100 גרם,קריניציה ויטמינה אס,IT,לואקר פטיסרי קוקוס,,100.00,100 גרם,false,1,15.90,15.90,true,1,1168
8000380004676,false,קוביות וופל סנדוויץ Sandwich עם וניל וחלב,"א. לואקר, קונפקט ג'י",AT,וופל לואקר,,200.00,100 גרם,false,1,16.90,8.45,true,1,12534
8000380004911,false,קוביות וופל קואדרטיני Quadratini קרם אגוזים,קריניציה ויטמינה אס,AT,קואדרטיני אגוז 250 ג,,250.00,100 גרם,false,1,19.50,7.80,true,1,472
8000380004966,false,וופל קוארדטיני לואקר קוביות שוקולד 250ג',קריניציה ויטמינה אס,AT,קואדרטיני קקאו 250 ג,,250.00,100 גרם,false,1,19.50,7.80,true,1,1170
8000380005918,false,וופל קוביות קואדרטיני אגוזים לואקר 125 גרם,ליימן מותגים,,לואקר קואדרטיני אגוז,,125.00,100 גרם,false,1,10.00,8.00,true,1,14985
8000380005963,false,וופל קוארדטיני שוקולד לואקר 125 גרם,מותגים,AT,לואקר קואדרטיני,,125.00,100 גרם,false,1,10.00,8.00,true,1,14984
8000380007219,false,וופלים בטעם אגוזים לואקר 175 גרם,ליימן מותגים,AT,לואקר אגוז 175 גרם,,175.00,100 גרם,false,1,15.90,9.09,true,1,1171
8000380007257,false,וופל גרדנה אגוזים לואקר 200 גרם,קריניציה ויטמינה אס,IT,גרדנה וופל 200 גר,,200.00,100 גרם,false,1,16.90,8.45,true,1,12197
8000380007264,false,וופלים בטעם קקאו לואקר 175 גרם,קריניציה ויטמינה אס,AT,לואקר קקאו 175 גרם,,175.00,100 גרם,false,1,15.90,9.09,true,1,1172
8000380106028,false,טורטינה לואקר וופל שוקולד ואגוזים שישיה 125ג',קריניציה ויטמינה אס,IT,טורטינה שוקולד חלב,,125.00,100 גרם,false,1,22.00,17.60,true,1,20528
8000380144044,false,גרדנה וופל מצופה שוקולד חלב לואקר 200 גרם,"א. לואקר , AG/SpA, ו",IT,וופל גרדנה שוקולד,,200.00,100 גרם,false,1,16.90,8.45,true,1,17174
8000380153442,false,וופל קלאסיק בטעם אגוזים לואקר 90 גרם,ליימן שליסל,IT,ופל לואקר קרם אגוזים,,90.00,100 גרם,false,1,9.50,10.56,true,1,19608
8000380153466,false,וופל קלאסיק בטעם קקאו לואקר 90 גרם,קריניציה ויטמינה אס,IT,וופל לואקר שוקולד,,90.00,100 גרם,false,1,9.50,10.56,true,1,19609
8000380153534,false,מארז וופל שוקולד טורטינה Tortina שוקולד לבן,א. לואקר אס. פי. אי-אי.,IT,טורטינה ש.לבן שישייה,,126.00,100 גרם,false,1,22.00,17.46,true,1,25115
8000380157440,false,שוקולד חלב במילוי קרם אגוזי לוז לואקר 87 גרם,"אינסטנטה בע""מ",IT,לואקר שוקולד אגוז,,85.00,100 גרם,false,1,11.00,12.94,true,1,19529
8000380180721,false,לואקר וופל קקאו במילוי קרם חלבי 175 גר,קריניציה ויטמינה אס,AT,לואקר שוקו חלב,,175.00,100 גרם,false,1,15.90,9.09,true,1,18134
8000380180745,false,וופל קוביות קקאו במילוי קרם חלב לואקר 250 גרם,"א. לואקר, קונפקט ג'י",AT,קואדרטיני שוקו חלב,,250.00,100 גרם,false,1,19.50,7.80,true,1,18135
8000380180783,false,וופל קואדרטיני קקאו וחלב לואקר 125 גרם,ליימן מותגים,IT,קואדרטיני שוקולד חלב,,125.00,100 גרם,false,1,10.00,8.00,true,1,19972
8000380180837,false,וופל גרנד פטיסרי קוקוס לבן מצופה שוקולד לבן לואקר 100 גרם,"אינסטנטה בע""מ",IT,לואקר פטיסרי קוקוס,,100.00,100 גרם,false,1,15.90,15.90,true,1,25084
8000380187119,false,עוגיות במילוי קרם אגוזי לוז לואקר 100 גר,לואקר Loacker,AT,עוגיות לואקר פטיסרי,,100.00,100 גרם,false,1,15.90,15.90,true,1,23401
8000380187249,false,עוגיות עם מילוי קרם שקדים ושוקולד חלב,לואקר Loacker,AT,עוגיות לואקר פטיסרי,,100.00,100 גרם,false,1,15.90,15.90,true,1,23402
8000380187775,false,לואקר וופל גרנדה אגוז 136 גרם,Unknown,,לואקר גרדנה,,136.00,100 גרם,false,1,9.90,7.28,true,1,27079
8000380205400,false,וופלים קואדרטיני חמאת בוטנים לואקר 250 גרם,ליימן מותגים,AT,קואדרטיני ח.בוטנים,,1.00,יחידה,false,1,19.50,19.50,true,1,26222
8000380205523,false,וופלים בטעם חמאת בוטנים לואקר 175 גרם,ליימן מותגים,AT,לואקר ח.בוטנים 175ג,,1.00,יחידה,false,1,15.90,15.90,true,1,26223
8000380206896,false,וופל גרדנה חמאת בוטנים לואקר 200 גרם,ליימן מותגים,IT,גרדנה ח.בוטנים 200ג,,1.00,יחידה,false,1,16.90,16.90,true,1,26224
8000380207183,false,שוקולד לואקר טורטינה חמאת בוטנים 126 גר,ליימן מותגים,IT,טורטינה ח.בוטנים,,1.00,יחידה,false,1,23.90,23.90,true,1,26225
8000500018828,false,שלישיית קינדר שוקולד חצי מטר 100 גרם,קינדר Kinder,IT,שוקולד קינדר אצבעות,,300.00,100 גרם,false,1,28.90,9.63,true,1,25740
8000500023976,false,בונבוניירת רפאלו פררו 150 גרם,פררו - אלבה,PL,רפאלו בונבוניירה,,150.00,100 גרם,false,1,26.90,17.93,true,1,12824
8000500028124,false,קינדר גוי ביצת הפתעה מארז שלישיה,ליימן שליסל,ZA,קינדר גוי שלישייה,,180.00,100 גרם,false,1,22.90,12.72,true,1,12823
8000500037874,false,בונבונרייה פררו רושר 200 גרם,פררו - אלבה,IT,רושה בונבוניירה 200,,200.00,100 גרם,false,1,33.90,16.95,true,1,843
8000500160466,false,פררו רושר קובייה 75 גרם,גוד פוד פרודקטס S.p,IT,פררו רושה 70 גרם,,70.00,100 גרם,false,1,17.90,25.57,false,1,26824
8000500164242,false,רפאלו 70 גרם קופסא עם פרח,קדבורי,PL,רפאלו 70 גרם,,75.00,100 גרם,false,1,17.90,23.87,true,1,26825
8000500172810,false,סוכריות בטעם תות שדה מנטה- מארז רביעייה,פררו - אלבה,EC,טיק טק תות מנטה*4,,64.00,100 גרם,false,1,11.90,18.59,true,1,26399
8000500217740,false,קינדר בואנו מיני 86 גרם,פררו,PL,מ.קינדר בואנו מיני,,86.00,100 גרם,false,1,14.90,17.33,true,1,22373
8000500224281,false,נוטלה בי רדי חטיף קופה,פררו,IT,נוטלה בי רדי 22ג,,22.60,100 גרם,false,1,3.90,17.26,true,1,23696
8000500247150,false,פררו רושה קולקשיין קוקוס מילוי קרם ושקד שלם 172ג',פררו,DE,פררו קולקשיו 172 גר,,172.00,100 גרם,false,1,30.00,17.44,true,1,20458
8000500248331,false,פררו קולקשיין 172גר,Unknown,,פררו קולקשיין 172גר,,172.00,100 גרם,false,1,24.90,14.48,true,1,26826
8000500267035,false,עוגת קינדר אישית 39ג',צ'וקטה,,קינדר דליס בודד,,42.00,100 גרם,false,1,4.00,9.52,true,1,21060
8000500267103,false,קינדר דליס עוגת ספוג קקאו במילוי חלבי*10,קינדר Kinder,IT,קינדר דליס *10,,390.00,100 גרם,false,1,26.90,6.90,true,1,21061
8000500310397,false,נוטלה עוגיות נוטלה בגליל 12יח' - NUTELLA BISCUITTS,נוטלה Nutella,IT,נוטלה ביסקוויט גליל,,166.00,100 גרם,false,1,14.90,8.98,true,1,27400
8000500353738,false,רביעיה סוכריות בטעם מנטה חזק 4 * 16 ג' טחק טק,פררו,ZA,טיק טק מנטה חזק*4,,64.00,100 גרם,false,1,11.90,18.59,true,1,26400
8000500359358,false,מארז שלישיית עוגיות נוטלה באריזה אישית - NUTELLA BISCUITTS,פררו,IT,נוטלה ביסקויט שלישיה,,41.40,100 גרם,false,1,5.00,12.08,true,1,27401
8000500366073,false,נוטלה עוגיות נוטלה בשקית 20 יח'- NUTELLA BISCUITTS,נוטלה Nutella,IT,נוטלה ביסקוויט בשקית,,276.00,100 גרם,false,1,19.90,7.21,true,1,27402
8000500374429,false,גרנד פררו רושה מעטפת שוקולד חלב עם אגוזי לוז,פררו Ferrero,PL,כדור פררו חלב כשלפ,,125.00,100 גרם,false,1,19.90,15.92,true,1,25742
8000500374542,false,שוקולד מריר מעולה אגוזי לוז פררו רושה125,רושר,PL,כדור פררו מריר כשלפ,,125.00,100 גרם,false,1,19.90,15.92,true,1,25743
8000920704967,false,"בן אנד ג'ריס צ'אנקי מנקי 150 מ""ל",מוצרי איכות אמריקאיים,IL,בן&גריס שורטי צנאק,,114.00,100 גרם,false,1,11.80,10.35,true,1,8850
8000920704974,false,"בן אנד ג'ריס שוקולד בראוניס 150 מ""ל",מוצרי איכות אמריקאיים,IL,בן&גריס שורטי שוקול,,108.00,100 גרם,false,1,11.80,10.93,true,1,8848
8000920704998,false,"שורטי בצק עוגיות 150 מ""ל",מוצרי איכות אמריקאיים בע,IL,בן&גריס שורטי עוגיו,,111.00,100 גרם,false,1,11.80,10.63,true,1,8849
8001003202028,false,סוכריות ג'לי בטעם מנטה יוגטה 80 גרם,יוגטה,IT,יוגטה גלי טעם מנטה,,80.00,100 גרם,false,1,6.90,8.62,true,1,26226
8001003202035,false,סוכריות ג'לי בטעם פירות יוגטה 80 גרם,יוגטה,IT,יוגטה גלי טעם פירות,,80.00,100 גרם,false,1,6.90,8.62,true,1,26227
8001090810083,false,"פנטן קונדישנר נוסחה קלאסית 500 מ""ל",פרוקטר אנד גמבל,RO,מרכך פנטן קלאסי 500,,500.00,"100 מ""ל",false,1,23.00,4.60,false,1,27229
8001090833167,false,גל כביסה אריאל בניחוח הרים 2.365 ליטר,פרוקטור אנד גמבל,FR,אריאל גל הרים 2.36,,2.37,1 ליטר,false,1,38.50,16.28,true,1,27272
8001090899224,false,תחבושות אולוויז פלטינום לונג 20 יחידות,פרוקטר אנד גמבל,DE,אולוויז פלטינום לונג,,20.00,יחידה,false,1,23.90,1.20,true,1,27165
8001160001786,false,"משקה אנרגיה גטורייד ספורט כחול 500מ""ל",אקווה מינרלה סאן בנדטו,IT,גטורייד קול בלו,,500.00,"100 מ""ל",false,1,10.90,2.12,true,1,14966
8001160001892,false,"משקה אנרגיה גטורייד ספורט תפוז אדום 500מ""ל",אקווה מינרלה סאן בנדטו,IT,גטורייד פקק תפוז,,500.00,"100 מ""ל",false,1,10.90,2.12,true,1,14967
8001620015612,false,"משקה פירות פרוטה-גזר תפוז לימון 400 מ""ל סאן בנדטו",אקווה מינרלה סאן בנדטו ב,IT,סן בנדטו תפוז גזר400,,400.00,"100 מ""ל",false,1,12.90,3.15,true,1,24423
8001620015629,false,"משקה פירות בטעם תפוז ותפוז אדום 400 מ""ל פרוטה",אקווה מינרלה סאן בנדטו ב,IT,ס.בנדטו ת.אדום 400,,400.00,"100 מ""ל",false,1,9.90,2.40,true,1,25301
8001620015636,false,"משקה פירות פרוטה-מיקס פירות 400 מ""ל סאן בנדטו",אקווה מינרלה סאן בנדטו ב,IT,סן בנדטו מ.פירות,,400.00,"100 מ""ל",false,1,12.90,3.15,true,1,24424
8001620018408,false,"משקה פירות בטעם מנגו תפוח 400 מ""ל פרוטה",אקווה מינרלה סאן בנדטו ב,IT,סן בנדטו מנגו תפוח,,400.00,"100 מ""ל",false,1,12.90,3.15,true,1,25404
8001620019160,false,"סן בנדטו מים מינרלים בטעם אפרסק 500 מ""ל",אקווה מינרלה סאן בנדטו ב,IT,סן בנדטו אפרסק 400מל,,400.00,"100 מ""ל",false,1,12.90,3.15,true,1,26827
8001620019177,false,"סן בנדטו מים מינרלים בטעם ענבים 500 מ""ל",אקווה מינרלה סאן בנדטו ב,IT,סן בנדטו ענבים 400מל,,400.00,"100 מ""ל",false,1,12.90,3.15,true,1,26828
8001730202964,false,קלאסיקו ת. אמודו מיו,Unknown,,קלאסיקו ת. אמודו מיו,,120.00,100 גרם,false,1,28.00,23.33,true,1,20926
8001730203008,false,סופרימו ת. אמודו מיו,Unknown,,סופרימו ת. אמודו מיו,,120.00,100 גרם,false,1,28.00,23.33,true,1,20928
8001730203022,false,דיקפינאטו ת.אמודו מי,Unknown,,דיקפינאטו ת.אמודו מי,,120.00,100 גרם,false,1,28.00,23.33,true,1,20929
8001730203060,false,סופרימו תואם נספרסו,Unknown,,סופרימו תואם נספרסו,,55.00,100 גרם,false,1,17.50,31.82,true,1,21063
8001730203121,false,דיקפנאטו תואם נספרסו,Unknown,,דיקפנאטו תואם נספרסו,,55.00,100 גרם,false,1,17.50,31.82,true,1,21066
8001730204340,false,בנפיסיאו ת.אמודו מיו,Unknown,,בנפיסיאו ת.אמודו מיו,,120.00,100 גרם,false,1,28.00,23.33,true,1,22310
8001841062624,false,פמפרס מגבונים לחים ללא בישום רביעייה,פרוקטר אנד גמבל.,DE,מגבוני פמפרס,,208.00,יחידה,false,1,18.90,0.09,false,1,25603
8001841077949,false,מארז מגבוני פמפרס בניחוח מרענן - רביעייה,פרוקטר אנד גמבל,DE,פמפרס מגבונים,,208.00,יחידה,false,1,18.90,0.09,false,1,25604
8001841625188,false,סבון כלים פלטינום לימון X3 פעולות להסרת שומנים,פרוקטר אנד גמבל,GB,פיירי פלטינום לימון,,515.00,"100 מ""ל",false,1,12.00,2.33,true,1,25804
8001841625461,false,סבון כלים פלטינום X3 פעולות להסרת שומנים,פרוקטר אנד גמבל,GB,פיירי פלטינום אורגינ,,515.00,"100 מ""ל",false,1,12.00,2.33,true,1,24548
8001841716596,false,"ג'ל רחצה ושמפו מרענן האד אנד שולדרס 360 מ""ל","נארז ע""י : א.ג. גילר",FR,הד&שולדרס גל רחצה,,360.00,"100 מ""ל",false,1,19.90,5.53,false,1,27134
8001943549122,false,"צ'וקטה מטבעות שוקולד חלב, 40 גרם",ואל קור קורסניני אס אנ ס,IT,צוקטה מטבעות שוקולד,,40.00,100 גרם,false,1,6.90,17.25,false,1,27213
8002230000012,false,מארז משקה קוקטייל אפ,אלכוהול (איי.בי.בי),IT,אפרול 1 ליטר,,1.00,1 ליטר,false,1,135.00,134.70,true,1,24410
8002270216800,false,סאן פלגרינו בטעם לימון 500 מ,סן פלגרינו,IT,סן פלגרינו ג.לימון,,500.00,"100 מ""ל",false,1,9.90,1.92,true,1,25793
8002270236808,false,סאן פלגרינו בטעם תפוז אדום ופטל 500 מ,סן פלגרינו,IT,סן פלגרינו תפוז ופטל,,500.00,"100 מ""ל",false,1,9.90,1.92,true,1,25795
8002270846472,false,סן פלגרינו מים מינרליים טבעיים מוגזים,סן-פלגרינו,IT,סן פלגרינו 500 מל,,500.00,"100 מ""ל",false,1,11.00,2.14,true,1,15240
8006290803514,false,מים מינרליים מוגזים,"פררלה, ס.פ.א",IT,פררלה מים מינרליים,,330.00,"100 מ""ל",false,1,7.00,2.03,true,1,18528
8032880800243,false,פיקניק הפתעה - אגוזי לוז ומקלות אפויים,"הוסטה איטליה, ס.ר.ל.",IT,פיקניק הפתעה 50 גר,,50.00,100 גרם,false,1,10.00,20.00,true,1,8276
8076809513395,false,ברילה פומודורו רוטב עגבניות קלאסי 400 גר,ברילה גי.אי.אר פרטלי ס.פ,IT,רוטב פומודורו ברילה,,400.00,100 גרם,false,1,14.90,3.72,true,1,22051
8076809513739,false,ברילה רוטב עגבניות עם בזיליקום 400 גרם,ברילה גי.אי.אר פרטלי ס.פ,IT,ברילה רוטב בזילקום,,400.00,100 גרם,false,1,14.90,3.72,true,1,22054
8410076600622,false,חטיפי גרנולה קראנצ'י עם שוקולד מריר נייצ'ר ואלי 210 גרם,ג'נרל מילס סאן אדריאן,ES,נייצר וואלי גרנולה5,,210.00,100 גרם,false,1,19.00,9.05,true,1,25245
8410076800633,false,נייטשר וואלי קראנצי שבבי שוקולד בודד,ליימן שליסל,ES,נייטשר וואלי ש.מריר,,42.00,100 גרם,false,1,6.00,14.29,true,1,16007
8410202330010,false,פ.ריח אורגני לימון,Unknown,,פ.ריח אורגני לימון,,0.00,,false,1,15.00,0.00,true,1,19696
8410202330027,false,פ.ריח אורגני LD וניל,Unknown,,פ.ריח אורגני LD וניל,,0.00,,false,1,15.00,0.00,true,1,21002
8410202330034,false,פ.ריח אורגני קוקוס,Unknown,,פ.ריח אורגני קוקוס,,0.00,,false,1,15.00,0.00,true,1,19697
8410202330119,false,פ.ריח אורגני דובדבן,Unknown,,פ.ריח אורגני דובדבן,,0.00,,false,1,15.00,0.00,true,1,19698
8410202330126,false,פ.ריח אורגני רכב חדש,Unknown,,פ.ריח אורגני רכב חדש,,0.00,,false,1,15.00,0.00,true,1,19699
8410202330140,false,פ.ריח אורגני עשןנמוג,Unknown,,פ.ריח אורגני עשןנמוג,,0.00,,false,1,15.00,0.00,true,1,19700
8410202330263,false,פ.ריח אורגני מסטיק,Unknown,,פ.ריח אורגני מסטיק,,0.00,,false,1,15.00,0.00,true,1,19701
8410202330317,false,פ.ריח אורגני CANDY,Unknown,,פ.ריח אורגני CANDY,,0.00,,false,1,15.00,0.00,true,1,21003
8410202330454,false,פ.ריח אורגני קולבלאק,Unknown,,פ.ריח אורגני קולבלאק,,0.00,,false,1,15.00,0.00,true,1,19702
8410793282934,false,בירה אסטרייה דאם בקב,"סי סי דאם, אס.אל, בר",ES,בירה אסטריה 330 מל,,330.00,"100 מ""ל",false,1,19.90,5.94,true,1,25980
8414775011680,false,נ.כסוף גדול +פילטר,Unknown,,נ.כסוף גדול +פילטר,,0.00,,false,1,9.00,0.00,false,1,22404
8414775012298,false,נייר smk בינוני+פילט,Unknown,,נייר smk בינוני+פילט,,0.00,,false,1,8.00,0.00,false,1,22405
8414775012328,false,נייר פילטר SMK ארוך,Unknown,,נייר smk גדול+פילטר,,0.00,,false,1,9.00,0.00,false,1,22406
8414775013530,false,נייר חום בינוני+פיל,Unknown,,נייר חום בינוני+פיל,,0.00,,false,1,8.00,0.00,false,1,22407
8414775015879,false,נייר פילטר SMK קטן,Unknown,,נייר smk קטן+פילטר,,0.00,,false,1,7.00,0.00,false,1,22409
8414775019365,false,נייר חום גדול+פילטר,Unknown,,נייר חום גדול+פילטר,,0.00,,false,1,9.00,0.00,true,1,22655
8414775019860,false,נייר פיור קטן,Unknown,,נייר פיור קטן,,0.00,,false,1,4.00,0.00,false,1,22410
8414775019945,false,נייר סמוקינג קטן אדו,סמוקינג,ES,נ.ג קטן בלי פילטר.,,0.00,,false,1,4.00,0.00,false,1,22411
8414775019969,false,נייר כסוף קטן,Unknown,,נייר כסוף קטן,,0.00,,false,1,4.00,0.00,false,1,22412
8414775020026,false,פילטר 6 ממ ארוך,Unknown,,פילטר 6 ממ ארוך,,0.00,,false,1,4.00,0.00,true,1,22413
8414775020040,false,פילטר 6 ממ,Unknown,,פילטר 6 ממ,,0.00,,false,1,4.00,0.00,true,1,22414
8423207206488,false,סלים דליס חטיף דגנים מצופה שוקולד חלב מרבה 6*20 גרם,אף.סי תבליני בגליל ב,ES,מ.מרבה שוקולד חלב,,120.00,100 גרם,false,1,14.90,12.42,true,1,22067
8423207206495,false,סלים דליס חטיף דגנים מצופה שוקולד מריר מרבה 6*20 גרם,אף.סי תבליני בגליל ב,ES,מרבה שוקולד מריר חדש,,120.00,100 גרם,false,1,14.90,12.42,true,1,22068
8423207207362,false,חטיפי סלים דליס שוקולד לבן מרבה 6 יחידות,ביסנצ'ורי אס.אל.יו,ES,מרבה שוקולד לבן חדש,,120.00,100 גרם,false,1,14.90,12.42,true,1,25246
8423371000202,false,משפחתי בוטנים מלוחים,Unknown,ES,בוטנים מלוחים 150ג,,150.00,100 גרם,false,1,12.90,8.60,true,1,23363
8423371002312,false,בוטנים צילי סאליסול 150 גרם,סאליסול,ES,בוטנים צילי סאליסול,,150.00,100 גרם,false,1,12.90,8.60,true,1,25303
8423371002725,false,סאליסול- קוקטייל מיקס 100 גרם,גלוברנדס,ES,קוקטייל מיקס 100גר,,100.00,100 גרם,false,1,12.90,12.90,true,1,23364
8423371002749,false,סאליסול- בוטנים ושקדים מקורמלים 135 גרם,גלוברנדס,ES,בוטנים ושקדים מקורמל,,135.00,100 גרם,false,1,12.90,9.56,true,1,23365
8423371005085,false,"מיקס פיקנטי בפחית ""סאליוס"" 100 גרם",גלוברנדס,ES,מיקס פיקנטי 100גר,,100.00,100 גרם,false,1,12.90,12.90,true,1,23367
8423371007089,false,סאליסול- בוטנים מלוחים בדבש 150 גרם,גלוברנדס,ES,בוטנים מלוחים בדבש,,150.00,100 גרם,false,1,12.90,8.60,true,1,23368
8423371007492,false,גרעיני חמניה סאליסול 140 גרם,Unknown,ES,גרעיני חמניה סאליסול,,140.00,100 גרם,false,1,12.90,9.21,true,1,25304
8423371007577,false,פיסטוקים קלויים סאליסול 50 גר,Unknown,,פיסטוקים ק.סאליסול,,50.00,100 גרם,false,1,9.90,19.80,true,1,26503
8423371007584,false,אגוז קשיו קלויים סאליסול 50 גר,Unknown,,א.קשיו ק.סאליסול,,50.00,100 גרם,false,1,9.90,19.80,true,1,26504
8423371007591,false,שקדים קלויים סאליסול 50 גר,Unknown,,שקדים קלויים סאליסול,,50.00,100 גרם,false,1,9.90,19.80,true,1,26505
8423371007614,false,מיקס אגוזים חמוציות וצימוק סאליסול 50 גר,Unknown,ES,תערובת סאליסול,,50.00,100 גרם,false,1,9.90,19.80,true,1,26858
8606018615827,false,גלידת וניל עם שברי עוגיות אוראו 480 גרם,פרונרי סרביה,RS,פיינט אוראו,,480.00,100 גרם,false,1,19.00,3.96,true,1,25744
8606018615841,false,גלידה וניל עם ליבת שוקולד חלב מעולה 480 גרם,פרונרי סרביה,RS,פיינט מילקה וניל,,480.00,100 גרם,false,1,19.00,3.96,true,1,25745
8606018615865,false,פיינט מילקה קרמל ליבת שוקולד 480 גרם,פרונרי סרביה,RS,פיינט מילקה קרמל,,480.00,100 גרם,false,1,19.00,3.96,true,1,25746
8680976425469,false,כסא במאי,Unknown,,כסא במאי,,0.00,,false,1,59.00,0.00,false,1,22105
8683130012666,false,שלגון מגנום דאבל לבן עוגיות 72 גרם,"מיוצר ע""\י יונילוור סנאי",TR,מגנום דאבל ל.עוגיות,,74.00,100 גרם,false,1,12.50,16.89,true,1,25872
8690120060170,false,וופל נאמבר וואן מצופ,טורקו,TR,נאמבר וואן קלאסי,,32.00,100 גרם,false,1,4.90,15.31,true,1,25873
8690120060408,false,וופל נאמבר וואן ירוק,קוניאק גדוה,TR,נאמבר וואן אנד מור,,32.00,100 גרם,false,1,4.90,15.31,true,1,25874
8690637007705,false,מסטיגם וניל מסטיק על מקל ללא סוכר,"מיוצר ע""י יוניליוור",TR,מסטיגם וניל מסטיק,,81.00,100 גרם,false,1,8.90,10.99,true,1,21068
8690637842382,false,מגנום דאבל פרי יער שטראוס 82 גר,"מיוצר ע""\י יונילוור סנאי",TR,מגנום דאבל פרי יער,,85.00,100 גרם,false,1,12.50,14.71,true,1,20237
8690637871245,false,הלמנס מיונז אמיתי 395 גר' בקבוק לחיץ.,"בסטפוד - 3P ארה""ב Fo",TR,הלמנס מיונז 395גר,,395.00,100 גרם,false,1,18.00,4.56,true,1,26883
8690637879395,false,מגנום דאבל פיסטוק 72 גרם,יוניליוור סנאי ןי טי,TR,מגנום דאבל פיסטוק,,72.00,100 גרם,false,1,12.50,17.36,true,1,21313
8690637976995,false,"מרכך כביסה מרוכז אקסטרה ורוד סחלבים פראי בדין 960 מ""ל",יוניליוור סנאיי וי טיקאר,TR,בדין מרכך אקסטרה,,960.00,"100 מ""ל",false,1,18.90,1.97,true,1,26880
8690637989612,false,מאגדת מיני מגנום דולצה גולד 6 יח 246 גרם,יונילוור סנאיי וי טיג'\,TR,מאגדת מגנום מיני,,246.00,100 גרם,false,1,36.00,14.63,true,1,24252
8690637989629,false,מגנום דאבל דולצה גולד 63 גרם,יונילוור סנאיי וי טיג'\,TR,מגנום דולצה גולד,,63.00,100 גרם,false,1,12.50,19.84,true,1,24246
8690637997914,false,גלידת מגנום וניל שקדים בכוס אישית 76 גרם,יונילוור סנאיי וי טיג'\,TR,מגנום כ.וניל שקדים,,57.00,100 גרם,false,1,11.90,20.88,true,1,24722
8690637997921,false,גלידת שמנת וניל קלאסיק בכוס אישית 63 גרם,יונילוור סנאיי וי טיג'\,TR,מגנום בכוס וניל,,65.00,100 גרם,false,1,11.90,18.31,true,1,24723
8690766156367,false,גודייבה שוקולד חלב מעולה 90 גרם,"אולקר מקבוצת פלאדיס,",TR,שוקולד חלב 90 ג,,90.00,100 גרם,false,1,17.90,19.89,true,1,26462
8690766156374,false,גודייבה שוקולד מריר מעולה 72% מוצקי קקאו 72גרם,"אולקר מקבוצת פלאדיס,",TR,ש.מריר 72% קקאו,,90.00,100 גרם,false,1,17.90,19.89,true,1,26463
8690766156381,false,גודייבה שוקולד מריר 90% מוצקי קקאו 90 גרם,"אולקר מקבוצת פלאדיס,",TR,ש.מריר 90% קקאו,,90.00,100 גרם,false,1,17.90,19.89,true,1,26464
8690766156398,false,"שוקולד חלב מעולה בתוספת שברי שקדים קלויים,דבש ומלח 90 גרם","אולקר מקבוצת פלאדיס, ציק",TR,ש.חלב עם שקדים,,90.00,100 גרם,false,1,17.90,19.89,true,1,26465
8697530910743,false,סיגריות פאל מאל כחול קצר מטאליק,Unknown,TR,פאל מאל כחול קצר,,0.00,,false,1,30.50,0.00,false,1,8488
8697530910750,false,סיגריות פאל מאל כחול ארוך האוס,Unknown,TR,פאל מאל כחול ארוך,,0.00,,false,1,30.50,0.00,false,1,8489
8697530910767,false,סיגריות פאל מאל מנטו,Unknown,TR,פאל מאל מנטול חפיסה,,0.00,,false,1,30.50,0.00,false,1,8497
8697530910781,false,סיגריות פאל מאל אדום מטאליק,גלוברנדס,TR,פאל מאל אדום חפיסה,,0.00,,false,1,30.50,0.00,false,1,8487
8697530910941,false,פאל מאל כחול קצר האוס עשירייה,Unknown,TR,פאל מאל כחול קצר,,0.00,,false,1,297.00,0.00,false,1,8501
8697530910958,false,פאל מאל כחול ארוך האוס עשירייה,Unknown,TR,פאקט פאל מאל כחול,,0.00,,false,1,297.00,0.00,false,1,8502
8697530910965,false,פאל מאל מנטול פאקט,Unknown,TR,פאל מאל מנטול פאקט,,0.00,,false,1,297.00,0.00,false,1,21755
8697530910989,false,פאל מאל אדום האוס עשירייה,Unknown,TR,פאקט פאל מאל אדום,,0.00,,false,1,297.00,0.00,false,1,8500
8697530911276,false,סיגריות קנט קצר חפיס,גלוברנדס,TR,קנט קצר חפיסה,,0.00,,false,1,38.50,0.00,false,1,9353
8697530911313,false,סיגריות קנט קלאסי קצ,Unknown,TR,קנט קצר פאקט,,0.00,,false,1,372.00,0.00,false,1,9354
8710103733805,false,מסנן אקווה קלין,Unknown,,מסנן אקווה קלין,,0.00,,false,1,99.00,0.00,false,1,23213
8710103818687,false,מסנן אקווה קלין-חדש,Unknown,,מסנן אקווה קלין-חדש,,0.00,,false,1,99.00,0.00,false,1,24142
8710151571343,false,סיגריות בלאק דוויל ש,אופניק,,בלק דוויל חפיסה,,0.00,,false,1,32.00,0.00,false,1,13809
8710151571350,false,בלאק דוויל שחור,Unknown,,בלאק דוויל שחור,,0.00,,false,1,310.00,0.00,false,1,25347
8710151571367,false,סיגריות בלאק דוויל א,אופניק,,בלאק דוויל אפור,,0.00,,false,1,32.00,0.00,false,1,25359
8710151571374,false,בלאק דוויל אפור,Unknown,,בלאק דוויל אפור,,0.00,,false,1,310.00,0.00,false,1,25360
8710502064814,false,עוגיות מרבה שוקולד ציפס במרקם רך 175 גר,בנקטבקריי מרבה בי.וי,NL,עוגיית מרבה 175 גר,,175.00,100 גרם,false,1,9.90,5.66,true,1,17249
8710502279010,false,מרבה עוגיות שוקולד צ'יפס מצופות שוקולד 175 גרם,"י.מרבה ישראל בע""מ",NL,ע.שוקולד ציפס מצופה,,175.00,100 גרם,false,1,9.90,5.66,true,1,23899
8711327475618,false,"מגנום פיינט וניל קלאסיק 440 מ""ל","מפעל גלידות בווספרם, רחו",HU,מגנום פיינט וניל 260,,260.00,100 גרם,false,1,24.90,9.58,true,1,24225
8711327475663,false,"מגנום פיינט וניל שוקולד לבן 440 מ""ל","מפעל גלידות בווספרם, רחו",HU,מגנום פיינט שוקו לבן,,260.00,100 גרם,false,1,24.90,9.58,true,1,24226
8711327475717,false,מגנום פיינט וניל שקדים 260 גרם,"מפעל גלידות בווספרם, רחו",HU,מגנום פיינט וניל שקד,,260.00,100 גרם,false,1,24.90,9.58,true,1,24227
8711500406071,false,נורה בליסטר 12V,Unknown,,נורה בליסטר 12V,,0.00,,false,1,35.00,0.00,true,1,18644
8711500474803,false,נורה בליסטר 12V H4,Unknown,,נורה בליסטר 12V H4,,0.00,,false,1,25.00,0.00,true,1,18645
8712100859939,false,גלידת WICH בצקעוגיות,אווגה,GR,גלידת WICH בצקעוגיות,,72.00,100 גרם,false,1,12.80,17.78,true,1,18288
8714599513828,false,ג'ייקובס קרוננג מיובש בהקפאה 47.5 גרם צנצנת,מאיר בייגל,RU,קפה גייקובס 47.5 ג,,47.50,100 גרם,false,1,10.00,21.05,true,1,18197
8714599513866,false,"קפה נמס מיובש בהקפאה קרונג צנצנת ג'ייקובס 200 גרם לל""ס",אל.אל.סי גייקובס דאו,RU,גייקובס קרונינג 200,,200.00,100 גרם,false,1,29.90,14.95,true,1,25879
8715144000923,false,קונוס 50 יחידות,Unknown,,קונוס 50 יחידות,,0.00,,false,1,33.00,0.00,false,1,22416
8715144001166,false,קונוס 3 יחידות CONES,Unknown,,קונוס 3 יח,,0.00,,false,1,6.00,0.00,true,1,22427
8715700110141,false,מיונז קרמי היינץ צנצנת 460ג',ה.י.היינץ הולדינג בי.וי,NL,מיונז היינץ 460 גרם,,767.00,100 גרם,false,1,13.00,1.69,true,1,27127
8715700419732,false,מתבל עגבניות היינץ 700 גרם,ה.י. היינץ,NL,קטשופ היינץ 700 גרם,,700.00,100 גרם,false,1,16.90,2.41,true,1,23288
8717163647202,false,"אקס דאודורנט ספריי גוף לגבר אנרכי 150 מ""ל",יוניליוור אנגליה,GB,אקס ספריי,,150.00,"100 מ""ל",false,1,19.90,13.27,true,1,23421
8717163647226,false,"אקס דאודורנט ספריי גוף בלאק 150 מ""ל",ארנסט. רחוב קומבינצק,GB,אקס ספריי גוף בלאק,,150.00,"100 מ""ל",false,1,19.90,13.27,true,1,21931
8717163647240,false,"אקס דאודורנט ספריי גוף לגבר שוקולד 150 מ""ל",יוניליוור גרמניה (בו,GB,אקס ספריי גוף שוקולד,,150.00,"100 מ""ל",false,1,19.90,13.27,true,1,23049
8717163647257,false,"אקס דאודורנט ספריי גוף גולד 150 מ""ל",יוניליוור אנגליה,GB,א.ספרי גוף גולד-חדש,,150.00,"100 מ""ל",false,1,19.90,13.27,true,1,22239
8717163647264,false,"אקס דאודורנט ספריי גוף אייס צ'יל 150 מ""ל",ארנסט. רחוב קומבינצק,GB,אקס ספריי,,150.00,"100 מ""ל",false,1,19.90,13.27,true,1,26662
8717163647301,false,אקס דאודורנט ספריי גולד לגבר 150 מל,יוניליוור אנגליה,GB,אקס ספריי,,150.00,"100 מ""ל",false,1,19.90,13.27,true,1,23422
8717163647318,false,אקס דאודורנט ספריי אורבן לגבר 150 מל,יוניליוור אנגליה,GB,אקס ספריי,,150.00,"100 מ""ל",false,1,19.90,13.27,true,1,23423
8717677336593,false,טוניס שוקולד חלב 180 גרם רבנות - נוכרי,טוניס/שוקולונלי,NL,שוקולד חלב 180ג,,180.00,100 גרם,false,1,19.90,11.06,true,1,25768
8717677336616,false,שוקולד מריר עם שקדים ומלח טוניס' שוקולונלי 180 גרם,טוניס/שוקולונלי,NL,ש.מריר שקדים מלח,,180.00,100 גרם,false,1,19.90,11.06,true,1,25769
8717677336630,false,שוקולד חלב עם שקדים ודבש טוניס' שוקולונלי 180 גרם,טוניס/שוקולונלי,NL,שוקולד חלב שקדים דבש,,180.00,100 גרם,false,1,19.90,11.06,true,1,25770
8717677336654,false,טוניס - שוקולד חלב מעולה עם שברי קרמל מלוח,טוניס/שוקולונלי,NL,טוניס קרמל מלוח,,180.00,100 גרם,false,1,19.90,11.06,true,1,26978
8717677336661,false,טוניס שוקולד מריר מעולה 70% 180 גרם רבנות - נוכרי,טוניס/שוקולונלי,NL,שוקולד מריר 70% 180ג,,180.00,100 גרם,false,1,19.90,11.06,true,1,25771
8717677338436,false,שוקולד חלב עם אגוזי לוז טוניס' שוקולונלי 180 גרם,טוניס/שוקולונלי,NL,שוקולד חלב אגוזי לוז,,180.00,100 גרם,false,1,19.90,11.06,true,1,25772
8719202900927,true,סט כלים לגריל,Unknown,,סט כלים לגריל,,0.00,,false,,39.90,0.00,false,1,22966
8720181043093,false,"דאו אקס ספריי גוף לגבר אפולו 150 מ""ל","יוניליוור אנגליה, דרך קו",GB,אקס ספריי גוף,,150.00,"100 מ""ל",false,1,19.90,13.27,true,1,26663
8720181045639,false,"דאב דאו ספריי א.פ טלק סופט 150 מ""ל","יוניליוור אנגליה, דרך קו",RU,דאב ס.טלק סופט,,150.00,"100 מ""ל",false,1,26.00,17.33,true,1,26888
8720181045912,false,"אקס דאודורנט ספריי גוף אפריקה 150 מ""ל","יוניליוור אנגליה, דרך קו",GB,אקס דאו ספריי,,150.00,"100 מ""ל",false,1,19.90,13.27,true,1,26886
8723400782520,false,מנטוס סוכריות לעיסה בתפזורת בטעם פירות 160 ג',פרפטי ואן מלה,NL,מנטוס פירות -בשקית,,160.00,100 גרם,false,1,14.90,9.31,true,1,20475
8723400782544,false,מנטוס סוכריות לעיסה בתפזורת בטעם מנטה 160 ג',פרפטי ואן מלה,NL,מנטוס מנטה בשקית,,160.00,100 גרם,false,1,14.90,9.31,true,1,20476
8723900935839,false,פאל מאל אדום טבק חפיסה 30 גר,Unknown,,פאל מאל אדום טבק,,0.00,,false,1,64.00,0.00,false,1,20740
8723900935860,false,פאל מאל כחול טבק חפיסה 30 גר,Unknown,NL,פאל מאל כחול טבק,,0.00,,false,1,64.00,0.00,false,1,20741
8806092885967,false,סמארטפון A03 G128,Unknown,,סמארטפון A03 G128,,0.00,,false,1,669.00,0.00,false,1,26830
8806094022278,false,סמסונג s22 ultra,Unknown,,סמסונג s22 ultra,,0.00,,false,1,4190.00,0.00,false,1,27405
8850161160851,false,"קוקו מקס 100% מי קוקוס 350 מ""ל",טויו סייקאן קו.אל.טי.די,TH,מי קוקוס קוקו מקס,,350.00,"100 מ""ל",false,1,9.00,2.49,true,1,21820
8850161167041,false,"קוקו וואי משקה קוקוס 270 מ""ל",טויו טייקאן קו.אל.טי.די,TH,חלק קוקוס קוקו וואי,,270.00,"100 מ""ל",false,1,9.00,3.22,true,1,21821
8850389103111,false,סאפי משקה אלוורה בטעם ענבים 300מל,סאפה פובליק קומפני ל,TH,סאפי אלוורה ענבים,,300.00,"100 מ""ל",false,1,11.50,3.73,true,1,8005
8850389103128,false,"משקה קל סאפה בטעם תפוח 300 מ""ל",סאפה פובליק קומפני ל,TH,סאפי אלוו.תפוח300מל,,300.00,"100 מ""ל",false,1,11.50,3.73,true,1,8004
8850389103159,false,"משקה ליצ'י עם חתיכות גלי קוקוס 320 מ""ל מוגו מוגו",סאפה פובליק קומפני לימיט,TH,מוגו מוגו ליצי,,320.00,"100 מ""ל",false,1,10.90,3.31,true,1,25116
8850389104637,false,"משקה קל סאפה אלוורה אפרסק 300 מ""ל",סאפה פובליק קומפני ל,TH,סאפי אפרסק 300 מל,,300.00,"100 מ""ל",false,1,11.50,3.73,true,1,11486
8850389105825,false,משקה אלוורה בטעם ענבים סאפה 1 ליטר,סאפה פובליק קומפני לימיט,TH,סאפי אלוורה ענבים 1ל,,1.00,1 ליטר,false,1,17.90,17.60,true,1,13102
8850389105832,false,סאפה משקה אלוורה בטעם תפוח עם קוביות אלוורה 1 ליטר,סאפה פובליק קומפני לימיט,TH,סאפי תפוח 1ל,,1.00,1 ליטר,false,1,17.90,17.60,true,1,13382
8850389105849,false,סאפה משקה אלוורה מופחת קלוריות בטעם אפרסק 1 ליטר,סאפה פובליק קומפני לימיט,TH,סאפי אפרסק 1ל,,1.00,1 ליטר,false,1,17.90,17.60,true,1,13838
8850389111352,false,"משקה מלון עם חתיכות גלי קוקוס 320 מ""ל מוגו מוגו",סאפה פובליק קומפני לימיט,TH,מוגו מוגו מלון,,320.00,"100 מ""ל",false,1,10.90,3.31,true,1,25117
8850389115312,false,"סאפה אלוורה מלון בקבוק 300 מ""ל",סאפה פובליק קומפני ל,TH,סאפי מלון 300מל,,300.00,"100 מ""ל",false,1,11.50,3.73,true,1,20291
8850632604259,false,"יוגטה, חיספוסים, ממתק חמוץ בצורת מקלות בטעם תות שדה,50 גרם",ג'נרל קנדי בעמ,TH,חספוסים 50 ג תות,,50.00,100 גרם,false,1,6.50,13.00,true,1,12049
8850632604266,false,"יוגטה, ממתק חמוץ בצורת מקלות בטעם קולה, 50 גרם",ג'נרל קנדי בעמ,TH,חספוסים 50 ג קולה,,50.00,100 גרם,false,1,6.50,13.00,true,1,12032
8850632604372,false,"יוגטה, חיספוסים בצורת שטיח בטעם תות שדה 50 גרם",ג'נרל קנדי בעמ,TH,חספוסים 50 ג ש.תות,,50.00,100 גרם,false,1,6.50,13.00,true,1,12033
8850632604402,false,יוגטה חיספוסים בטעם מעורב תות שדה אבטיח ענבים בננה 50 גרם,"ג'נרל קנדי בע""מ",TH,חספוסים 50 ג ש.מעורב,,50.00,100 גרם,false,1,6.50,13.00,true,1,13283
8850632605201,false,"יוגטה, חיספוסים, ממתק חמוץ בצורת שטיח, בטעם מעורב- תות בננה, תפוח, תפוז, 50 גרם",הדקלאים אגודת שיתופי,TR,חספוסים 50 ג שטיח,,50.00,100 גרם,false,1,6.50,13.00,true,1,13282
8850632606390,false,"יוגטה, חיספוסים, ממתק חמוץ בצורת שטיח בטעם אבטיח, 50 גרם",ג'נרל קנדי בעמ,TH,חספוסים 50 ג יוגטה,,50.00,100 גרם,false,1,6.50,13.00,true,1,23388
8901537076679,false,"אורז בסמטי חום מהדרין ויליפוד 1 ק""ג",האי נאם סי או אל.טי.,IN,אורז בסמטי,,1.00,"1 ק""ג",false,1,15.90,15.90,true,1,27295
9002490100490,false,"משקה אנרגיה רד בול מארז רביעייה*250 מ""ל",רד בול Red Bull,IL,רביעיית רד בול,,1.00,1 ליטר,false,1,39.90,38.70,true,1,7139
9002975393812,false,סוכריות גילי הריבו האפי צירי 70 גרם,"האריבו , ג'\י.אם.בי.אייץ",AT,הריבו האפי צרי,,70.00,100 גרם,false,1,9.90,14.14,false,1,27415
9002975393829,false,סוכריות גילי הריבו פיציס 70 גרם,"האריבו , ג'\י.אם.בי.אייץ",AT,הריבו פיצס 70 גרם,,70.00,100 גרם,false,1,9.90,14.14,false,1,27416
9002975393836,false,סוכריות גילי הריבו האפי קולה 70 גרם,"האריבו , ג'\י.אם.בי.אייץ",AT,הריבו האפי קולה,,70.00,100 גרם,false,1,9.90,14.14,false,1,27417
9002975393843,false,סוכריות גילי הריבו גולדברס 70 גרם,"האריבו , ג'\י.אם.בי.אייץ",AT,הריבו גולדברס 70 גרם,,70.00,100 גרם,false,1,9.90,14.14,false,1,27418
9002975393850,false,סוכריות גילי הריבו וורמס 70 גרם,"האריבו , ג'\י.אם.בי.אייץ",AT,הריבו וורמס 70 גרם,,70.00,100 גרם,false,1,9.90,14.14,false,1,27419
9044400841000,false,סוכריות פז סוגים שונים + 3 מילויים,פופז,HU,פז דמויות מותגים,,25.50,100 גרם,false,1,13.90,54.51,true,1,7446
9044400851672,false,סוכריות פז סוגים שונים + 3 מילויים,פז פרודקשיין יורו,HU,בובת פז מחסנית מילוי,,25.50,100 גרם,false,1,13.90,54.51,true,1,26081
9310072028743,false,טים טם ביסקוויט במילוי שוקולד 200 גרם,"ארנוטס ביסקוויטס בע""",AU,טים טם אורגינל,,200.00,100 גרם,false,1,24.00,12.00,true,1,18053
9310072028750,false,טים טם Tim Tam וופל שוקולד ציפוי כפול,"ארנוטס ביסקוויטס בע""",AU,טים טם דאבל 200,,200.00,100 גרם,false,1,24.00,12.00,true,1,17819
9999910099941,false,אריזה ריקה שקית ניל,Unknown,,אריזה ריקה שקית ניל,,0.00,,false,1,0.00,0.00,true,1,2294
9999920006722,false,החזרת פיקדון 30אג,Unknown,,החזרת פיקדון 30אג,,0.00,,false,1,0.30,0.00,false,1,5661
9999920011785,false,קרמבו וניל-בודד,Unknown,,קרמבו וניל-בודד,,29.00,100 גרם,false,1,3.50,12.07,true,1,6594
9999920011786,false,קרמבו מוקה-בודד,Unknown,,קרמבו מוקה-בודד,,29.00,100 גרם,false,1,3.50,12.07,true,1,6595
9999921008252,false,החזרת פיקדון 1.20שח,Unknown,,החזרת פיקדון 1.20שח,,0.00,,false,1,1.20,0.00,false,1,10996
9999921009332,false,גביניות צימוק -מכירה,Unknown,,גביניות צימוק -מכירה,,0.00,,false,1,3.90,0.00,true,1,11421
9999921009335,false,מאפה מתוק במשקל,Unknown,,מאפה מתוק במשקל,קילוגרמים,1.00,"ק""ג",true,1,55.00,0.00,true,1,17840
9999921010221,false,קרואסון שוקולד פרווה,Unknown,,קרואסון שוקולד פרווה,,0.00,,false,1,11.00,0.00,true,1,12586
9999921010222,false,בורקס גבינה גדול,Unknown,,בורקס גבינה גדול,,0.00,,false,1,11.00,0.00,true,1,12587
9999921010223,false,פילס פיצה גדול,Unknown,,פילס פיצה גדול,,0.00,,false,1,11.00,0.00,true,1,12588
9999921010224,false,בורקס תפוא גדול,Unknown,,בורקס תפוא גדול,,0.00,,false,1,11.00,0.00,true,1,12589
9999921010226,false,פילס גבינה גדול,Unknown,,פילס גבינה גדול,,0.00,,false,1,11.00,0.00,true,1,12591
9999921010227,false,קרואסון חמאה גדול,Unknown,,קרואסון חמאה גדול,,0.00,,false,1,11.00,0.00,true,1,12592
9999921010228,false,בונזור ע.גבינה גדול,Unknown,,בונזור ע.גבינה גדול,,0.00,,false,1,11.00,0.00,true,1,12593
9999921010270,false,ביס חמאה בודד-מכירה,Unknown,,ביס חמאה בודד-מכירה,,0.00,,false,1,3.90,0.00,true,1,12597
9999921010271,false,ביס שוקולד בודד-מכיר,Unknown,,ביס שוקולד בודד-מכיר,,0.00,,false,1,3.90,0.00,true,1,12598
9999921010272,false,ביס רוגעלך בודד-מכיר,Unknown,,ביס רוגעלך בודד-מכיר,,0.00,,false,1,3.90,0.00,true,1,12599
9999921010273,false,בורקס גבינה ביס מכיר,Unknown,,בורקס גבינה ביס מכיר,,0.00,,false,1,3.90,0.00,true,1,12600
9999921010274,false,בורקס תפוא בודד-מכי,Unknown,,בורקס תפוא בודד-מכי,,0.00,,false,1,3.90,0.00,true,1,12601
9999921010616,false,קרואסון חמאה למכירה,Unknown,,קרואסון חמאה למכירה,,0.00,,false,1,11.00,0.00,true,1,12619
9999921010617,false,קרואסון שוקולד-מכירה,Unknown,,קרואסון שוקולד-מכירה,,0.00,,false,1,11.00,0.00,true,1,12620
9999921010618,false,קרואסון שקדים-מכירה,Unknown,,קרואסון שקדים-מכירה,,0.00,,false,1,12.00,0.00,true,1,12621
9999921013509,false,קרואסון שוקולד א.ק,Unknown,,קרואסון שוקולד א.ק,,0.00,,false,1,11.00,0.00,true,1,23127
9999921014331,false,פוקצה עשבי תיבול,Unknown,,פוקצה עשבי תיבול,,0.00,,false,1,11.00,0.00,false,1,26083
9999921014341,false,פוקצה רוטב פיצה,Unknown,,פוקצה רוטב פיצה,,0.00,,false,1,11.00,0.00,false,1,14618
9999921014342,false,פוקצה בצל ופטריות,Unknown,,פוקצה בצל ופטריות,,0.00,,false,1,11.00,0.00,false,1,26084
9999921014343,false,פוקצה עגבניות שום,Unknown,,פוקצה עגבניות שום,,0.00,,false,1,11.00,0.00,true,1,26085
9999921014347,false,פוקצה עשבי תיבול מש,Unknown,,פוקצה עשבי תיבול מש,,0.00,,false,1,17.00,0.00,false,1,17844
9999921014348,false,פוקצה רוטב פיצה משפ,Unknown,,פוקצה רוטב פיצה משפ,,0.00,,false,1,17.00,0.00,false,1,17845
9999921014349,false,פוקצה בצל ופטר מש,Unknown,,פוקצה בצל ופטר מש,,0.00,,false,1,17.00,0.00,false,1,17846
9999921014360,false,פוקצה עגבניות משפחת,Unknown,,פוקצה עגבניות משפחת,,0.00,,false,1,17.00,0.00,false,1,17847
9999921014522,false,פוקצה זעתר,Unknown,,פוקצה זעתר,,0.00,,false,1,11.00,0.00,false,1,14621
9999921015200,false,מאפים מלוחים במשקל,Unknown,,מאפים מלוחים במשקל,קילוגרמים,1.00,"ק""ג",true,1,55.00,0.00,true,1,17856
9999921016010,false,FREEZ קפה,Unknown,,FREEZ קפה,,0.00,,false,1,15.00,0.00,true,1,15515
9999921016105,false,שנק קינמון חלבי-מכר,Unknown,,שנק קינמון חלבי-מכר,,0.00,,false,1,11.00,0.00,true,1,15310
9999921019057,false,בורקס פילו במשקל,Unknown,,בורקס פילו במשקל,קילוגרמים,1.00,"ק""ג",true,1,59.90,0.00,true,1,17880
9999921019060,false,קפה קר,Unknown,,קפה קר,,0.00,,false,1,12.00,0.00,true,1,16145
9999921019477,false,בונזור מקלות חמאה,Unknown,,ב.מקלות חמאה בודד,,0.00,,false,1,6.00,0.00,true,1,16428
9999921019575,false,פיצה זיתים הכנה עצמי,Unknown,,פיצה זיתים הכנה עצמי,,0.00,,false,1,16.00,0.00,true,1,17882
9999921019576,false,פיצה בצל ופטריות,Unknown,,פיצה בצל ופטריות,,0.00,,false,1,16.00,0.00,true,1,17883
9999921019577,false,פיצה עגבניות בצל,Unknown,,פיצה עגבניות בצל,,0.00,,false,1,16.00,0.00,true,1,17884
9999921023437,false,שנק פיצה ביס- מכירה,Unknown,,שנק פיצה ביס- מכירה,,0.00,,false,1,3.90,0.00,true,1,18116
9999921023439,false,ביס נוגט בונזו-מכיר,Unknown,,ביס נוגט בונזו-מכיר,,0.00,,false,1,3.90,0.00,true,1,18118
9999921023450,false,ביס חלבה בונזור,Unknown,,ביס חלבה -מכירה,,0.00,,false,1,3.90,0.00,true,1,18119
9999921023451,false,בורקיטס-בודד למכירה,Unknown,,בורקיטס בודד- מכירה,,0.00,,false,1,3.90,0.00,true,1,18120
9999921024961,false,קפוצינו רגיל תחליף,Unknown,,קפוצינו רגיל תחליף,,0.00,,false,1,13.00,0.00,true,1,18456
9999921024962,false,קפוצינו רגיל תחליף,Unknown,,קפוצינו רגיל תחליף,,0.00,,false,1,13.00,0.00,true,1,18457
9999921024963,false,קפוצינו ג.רגיל תחליף,Unknown,,קפוצינו ג.רגיל תחליף,,0.00,,false,1,15.00,0.00,true,1,18458
9999921024964,false,קפוצינו ג.נטולתחליף,Unknown,,קפוצינו ג.נטולתחליף,,0.00,,false,1,15.00,0.00,true,1,18459
9999921024965,false,לאטה רגיל תחליף,Unknown,,לאטה רגיל תחליף,,0.00,,false,1,14.00,0.00,true,1,18460
9999921024966,false,לאטה גדול תחליף,Unknown,,לאטה גדול תחליף,,0.00,,false,1,16.00,0.00,true,1,18461
9999921024967,false,נס קפה רגיל תחליף,Unknown,,נס קפה רגיל תחליף,,0.00,,false,1,10.00,0.00,true,1,18462
9999921024968,false,נס קפה גדול תחליף,Unknown,,נס קפה גדול תחליף,,0.00,,false,1,12.00,0.00,true,1,18463
9999921024969,false,נס ע.חלב קטן תחליף,Unknown,,נס ע.חלב קטן תחליף,,0.00,,false,1,11.00,0.00,true,1,18464
9999921024970,false,נס ע.חלב גדול תחליף,Unknown,,נס ע.חלב גדול תחליף,,0.00,,false,1,13.00,0.00,true,1,18465
9999921024972,false,שוקו חם-תחליף,Unknown,,שוקו חם-תחליף,,0.00,,false,1,13.00,0.00,true,1,18453
9999921024973,false,לאטה נ.רגיל תחליף,Unknown,,לאטה נ.רגיל תחליף,,0.00,,false,1,14.00,0.00,true,1,18454
9999921024974,false,לאטה נ.גדול תחליף,Unknown,,לאטה נ.גדול תחליף,,0.00,,false,1,16.00,0.00,true,1,18455
9999921025462,false,עוגת גבינה א.ק-מכירה,Unknown,,עוגת גבינה א.ק-מכירה,,0.00,,false,1,11.00,0.00,true,1,18575
9999921025465,false,קרואסון שקדים א.ק-מכ,Unknown,,קרואסון שקדים א.ק-מכ,,0.00,,false,1,11.00,0.00,true,1,18591
9999921025466,false,ק.שוקולד א.ק- למכירה,Unknown,,ק.שוקולד א.ק- למכירה,,0.00,,false,1,11.00,0.00,true,1,18578
9999921027072,false,פיצה בונזור תירס,Unknown,,פיצה בונזור תירס,,0.00,,false,1,11.00,0.00,true,1,18752
9999921027073,false,פיצה בונזור זיתים,Unknown,,פיצה בונזור זיתים,,0.00,,false,1,11.00,0.00,true,1,18753
9999921027074,false,פיצה בונזור מרגריטה,Unknown,,פיצה בונזור מרגריטה,,0.00,,false,1,11.00,0.00,true,1,18754
9999921027571,false,נקניקיית עוף בלחמניה,Unknown,,נקניקיית עוף בלחמניה,,0.00,,false,1,20.00,0.00,true,1,21705
9999921027574,false,נקניקיית בקר בלחמניה,Unknown,,נקניקיית בקר בלחמניה,,0.00,,false,1,20.00,0.00,true,1,23143
9999921028632,false,מקלות אפויים,Unknown,,מקלות אפויים,,0.00,,false,1,4.50,0.00,false,1,19365
9999921029271,false,סמבוסק,Unknown,,סמבוסק,,0.00,,false,1,11.00,0.00,true,1,19816
9999921029329,false,בייגל שומשום,Unknown,,בייגל שומשום,,0.00,,false,1,5.90,0.00,true,1,26087
9999921029660,false,כדור שוקולד,Unknown,,כדור שוקולד,,0.00,,false,1,3.00,0.00,true,1,19817
9999921029872,false,כדוריות שום-שמיר,Unknown,,כדוריות שום-שמיר,קילוגרמים,1.00,"ק""ג",true,1,50.00,0.00,true,1,19627
9999921030427,false,פוקצה פיצה אישית,Unknown,,פוקצה פיצה אישית,,0.00,,false,1,11.00,0.00,false,1,19789
9999921033561,false,קרואסון ביס פינוקים,Unknown,,ק.ביס פינוקים בודד,,0.00,,false,1,6.00,0.00,true,1,26089
9999921033563,false,מיני פוקצה ש.זיתים,Unknown,,מיני פוקצה ש.זיתים,,0.00,,false,1,7.00,0.00,true,1,26090
9999921033565,false,מיני פוקצה בצל,Unknown,,מיני פוקצה בצל,,0.00,,false,1,7.00,0.00,true,1,26091
9999921033566,false,מיני פוקצה פלפלים,Unknown,,מיני פוקצה פלפלים,,0.00,,false,1,7.00,0.00,true,1,26092
9999921033567,false,פוקצה גבינה ושום,Unknown,,פוקצה גבינה ושום,,0.00,,false,1,11.00,0.00,true,1,26093
9999921035515,false,ב.קוראסון ש.חלבי,Unknown,,ב.קוראסון ש.חלבי,,0.00,,false,1,11.00,0.00,true,1,21757
9999921037173,false,מקלות פילו גבינה מכר,Unknown,,מקלות פילו גבינה מכר,,90.00,יחידה,false,1,11.00,0.12,true,1,22312
9999921037330,false,מ.פילו פיצה-למכירה,Unknown,,מ.פילו פיצה-למכירה,,90.00,יחידה,false,1,11.00,0.12,true,1,22443
9999921037331,false,מ.פילו תפוחעץ למכירה,Unknown,,מ.פילו תפוחעץ למכירה,,90.00,יחידה,false,1,11.00,0.12,true,1,22444
9999921037367,false,ע.קוקיס ציפס למכירה,Unknown,,ע.קוקיס ציפס למכירה,קילוגרמים,1.00,"ק""ג",true,1,65.00,0.00,true,1,22445
9999921038213,false,מסכה בודדת KN95,Unknown,,מסכה בודדת KN95,,1.00,יחידה,false,1,7.00,7.00,true,1,22973
9999921038445,false,מסכה כירורגית 1יח,Unknown,,מסכה כירורגית 1יח,,1.00,יחידה,false,1,1.00,1.00,false,1,23217
9999921038739,false,מיני סופגניה משודרגת,Unknown,,מיני סופגניה משודרגת,,45.00,100 גרם,false,1,8.00,17.78,false,1,23528
9999921039278,false,נקניקיה חריפה זוגלו,Unknown,,נקניקיה חריפה זוגלו,,0.00,,false,1,10.00,0.00,true,1,24007
9999921039279,false,נקניקיה רגילה זוגלו,Unknown,,נקניקיה רגילה זוגלו,,0.00,,false,1,10.00,0.00,true,1,24008
9999921039383,false,אוזני המן במשקל,Unknown,,אוזני המן במשקל,קילוגרמים,1.00,"ק""ג",true,1,65.00,0.00,true,1,23758
9999921039385,false,אוזני המן - בודד,Unknown,,אוזני המן - בודד,,0.00,,false,1,4.00,0.00,true,1,23760
9999921039810,false,מארז 100שח,Unknown,,מארז 100שח,,0.00,,false,1,100.00,0.00,false,1,23973
9999921039811,false,מארז 150 שח,Unknown,,מארז 150 שח,,0.00,,false,1,150.00,0.00,false,1,23974
9999921039812,false,מארז 200 שח,Unknown,,מארז 200 שח,,0.00,,false,1,200.00,0.00,false,1,23975
9999921039813,false,מארז 250שח,Unknown,,מארז 250שח,,0.00,,false,1,250.00,0.00,false,1,23976
9999921039900,false,מארז 300שח,Unknown,,מארז 300שח,,0.00,,false,1,300.00,0.00,false,1,23994
9999921039925,false,מוצרי פסח 5 שח,Unknown,,מוצרי פסח 5 שח,,0.00,,false,1,5.00,0.00,false,1,24103
9999921040215,false,עוגיות כשלפ 4 ב 10,Unknown,,עוגיות כשלפ 4 ב 10,,4.00,יחידה,false,1,10.00,2.50,false,1,24195
9999921040646,false,אייס פסיפלורה,Unknown,,אייס פסיפלורה,,0.00,,false,1,14.00,0.00,true,1,24415
9999921040721,false,מאפה תפוא א.ק-מכירה,Unknown,,מאפה תפוא א.ק-מכירה,,0.00,,false,1,11.00,0.00,true,1,24655
9999921040722,false,מאפה גבינה א.ק-מכירה,Unknown,,מאפה גבינה א.ק-מכירה,,0.00,,false,1,11.00,0.00,true,1,24656
9999921040984,false,קוקיס בודד שוקו,Unknown,,קוקיס בודד שוקו,,0.00,,false,1,5.00,0.00,true,1,24682
9999921040986,false,קוקיס בודד ש.ציפס,Unknown,,קוקיס בודד ש.ציפס,,0.00,,false,1,5.00,0.00,true,1,24684
9999921040989,false,ק. בודד ש.ציפס נוגט,Unknown,,ק. בודד ש.ציפס נוגט,,0.00,,false,1,5.00,0.00,true,1,24686
9999921040991,false,קוקיס בודד עם ביגלה,Unknown,,קוקיס בודד עם ביגלה,,0.00,,false,1,5.00,0.00,true,1,24687
9999921041398,false,ק.חמאה אישי א.ק.למכי,Unknown,,ק.חמאה אישי א.ק.למכי,,0.00,,false,1,11.00,0.00,true,1,24961
9999921041564,false,החזר פקדון 1.5 ל,Unknown,,החזר פקדון 1.5 ל,,0.00,,false,1,0.00,0.00,false,1,25081
9999921042292,false,מארז 50 שח,Unknown,,מארז 50 שח,,0.00,,false,1,50.00,0.00,false,1,25517
9999921042365,false,קרואסון פינוקים משוד,Unknown,,קרואסון פינוקים משוד,,0.00,,false,1,20.00,0.00,true,1,25519
9999921042498,false,גוסי בננה מלון תמר,Unknown,,גוסי בננה מלון תמר,,0.00,,false,1,20.00,0.00,true,1,26291
9999921042504,false,גוסי אננס ומנגו,Unknown,,גוסי אננס ומנגו,,0.00,,false,1,20.00,0.00,true,1,26292
9999921042505,false,גוסי תמר ואוכמניות,Unknown,,גוסי תמר ואוכמניות,,0.00,,false,1,20.00,0.00,true,1,26293
9999921043207,false,פולי לוואצה פיו מתנה,Unknown,,פולי לוואצה פיו מתנה,,1.00,יחידה,false,1,89.00,89.00,false,1,25635
9999921043208,false,פ.לוואצה מ.פיאנו גוס,Unknown,,פולי לואצה פיו מתנה,,1.00,יחידה,false,1,69.00,69.00,false,1,25636
9999921043401,false,מארז לחג 50 שח,Unknown,,מארז לחג 50 שח,,0.00,,false,1,50.00,0.00,false,1,25754
9999921043419,false,מארז פורים דניאל,Unknown,,מארז פורים דניאל,,1.00,יחידה,false,1,149.00,149.00,false,1,25762
9999921043493,false,מארז לחג 350 שח,Unknown,,מארז לחג 350 שח,,0.00,,false,1,350.00,0.00,false,1,25783
9999921043531,false,ת.קינואה עם עגבניות,Unknown,,ת.קינואה עם עגבניות,,0.00,,false,1,9.90,0.00,true,1,25832
9999921043532,false,ת.קינואה זוקיני ובצל,Unknown,,ת.קינואה זוקיני ובצל,,0.00,,false,1,9.90,0.00,true,1,25833
9999921043534,false,ת.קינואה חציל זוקיני,Unknown,,ת.קינואה חציל זוקיני,,0.00,,false,1,9.90,0.00,true,1,25834
9999921044690,false,מארז 75 שח,Unknown,,מארז 75 שח,,0.00,,false,1,75.00,0.00,false,1,26919
9999921044889,false,מגש 24יח XLב89.90,Unknown,,מגש 24יח XLב89.90,,250.00,"100 מ""ל",false,1,89.90,35.96,true,1,27145
9999921044902,false,מגש 24יח XLב89.90,Unknown,,מגש 24יח XLב89.90,,250.00,"100 מ""ל",false,1,89.90,35.96,false,1,27159
9999921044930,false,ק.פקדון מספק 0.30אג,Unknown,,ק.פקדון מספק 0.30אג,,0.00,,false,1,0.30,0.00,false,1,27185
9999921044931,false,ק.פקדון מספק 1.20שח,Unknown,,ק.פקדון מספק 1.20שח,,0.00,,false,1,1.20,0.00,false,1,27186
9999921044957,false,גריינדר,Unknown,,גריינדר,,0.00,,false,1,10.00,0.00,false,1,27218
9999942000557,false,פיקדון שלישיה,Unknown,,פיקדון שלישיה,,0.00,,false,1,0.90,0.00,false,1,7292
9999946000178,false,פיקדון בקבוק,Unknown,,פיקדון בקבוק,,0.00,,false,1,0.30,0.00,false,1,5638
9999946001980,false,קפוצינו רגיל-יילו ק,Unknown,,קפוצינו רגיל-יילו ק,,0.00,,false,1,12.00,0.00,true,1,12500
9999946001981,false,קפוצינו גדול-יילו ק,Unknown,,קפוצינו גדול-יילו ק,,0.00,,false,1,14.00,0.00,true,1,12501
9999946001982,false,אספרסו קצר-יילו קפה,Unknown,,אספרסו קצר-יילו קפה,,0.00,,false,1,9.00,0.00,true,1,12502
9999946001983,false,אספרסו כפול-יילו קפה,Unknown,,אספרסו כפול-יילו קפה,,0.00,,false,1,11.00,0.00,true,1,12503
9999946001984,false,לאטה רגיל-יילו קפה,Unknown,,לאטה רגיל-יילו קפה,,0.00,,false,1,13.00,0.00,true,1,12504
9999946001985,false,לאטה גדול-יילו קפה,Unknown,,לאטה גדול-יילו קפה,,0.00,,false,1,15.00,0.00,true,1,12505
9999946001986,false,אמריקאנו-יילו קפה,Unknown,,אמריקאנו-יילו קפה,,0.00,,false,1,12.00,0.00,true,1,12506
9999946001989,false,קפה שחור-יילו קפה,Unknown,,קפה שחור-יילו קפה,,0.00,,false,1,8.00,0.00,true,1,12509
9999946001990,false,נס קפה רגיל-ילו קפה,Unknown,,נס קפה רגיל-ילו קפה,,0.00,,false,1,9.00,0.00,true,1,12510
9999946001991,false,נס קפה גדול-יילו,Unknown,,נס קפה גדול-יילו,,0.00,,false,1,11.00,0.00,true,1,12511
9999946001992,false,נס על חלב קטן-יילו,Unknown,,נס על חלב קטן-יילו,,0.00,,false,1,10.00,0.00,true,1,12512
9999946001993,false,נס על חלב גדול-יילו,Unknown,,נס על חלב גדול-יילו,,0.00,,false,1,12.00,0.00,true,1,12513
9999946001995,false,שוקו חם -יילו קפה,Unknown,,שוקו חם -יילו קפה,,0.00,,false,1,12.00,0.00,false,1,12514
9999946001996,false,תה חם -יילו קפה,Unknown,,תה חם -יילו קפה,,0.00,,false,1,8.00,0.00,true,1,12515
9999946002000,false,גרניטה -יילו קפה,Unknown,,גרניטה -יילו קפה,,0.00,,false,1,14.00,0.00,true,1,12519
9999946002019,false,מקיאטו רגיל-יילו קפה,Unknown,,מקיאטו רגיל-יילו קפה,,0.00,,false,1,10.00,0.00,true,1,12529
9999946002020,false,מקיאטו כפול-יילו קפה,Unknown,,מקיאטו כפול-יילו קפה,,0.00,,false,1,12.00,0.00,true,1,12530
9999946002191,false,גרניטה דיאט-יילו קפה,Unknown,,גרניטה דיאט-יילו קפה,,0.00,,false,1,14.00,0.00,false,1,12677
9999946002930,false,גרניטה בדצ-יילו קפה,Unknown,,גרניטה בדצ-יילו קפה,,0.00,,false,1,14.00,0.00,true,1,24156
9999946006103,false,משלוח עד הבית,Unknown,,משלוח עד הבית,,0.00,,false,1,20.00,0.00,false,1,22765
9999946006122,false,אספרסו ארוך-יילו קפה,Unknown,,אספרסו ארוך-יילו קפה,,0.00,,false,1,9.00,0.00,true,1,22874
9999946006242,false,פיקדון שמינייה,Unknown,,פיקדון שמינייה,,0.00,,false,1,2.40,0.00,false,1,23848
9999946006493,false,היטל שקית 10אג,Unknown,,היטל שקית 10אג,,0.00,,false,1,0.10,0.00,false,1,24958
9999946006640,false,פיקדון בקבוק קולה,Unknown,,פיקדון בקבוק קולה,,0.00,,false,1,0.30,0.00,false,1,25947
9999946006669,false,גלידה סנדיי+תוספות,Unknown,,גלידה סנדיי+תוספות,,1.00,יחידה,false,1,12.00,12.00,true,1,26283
9999946006670,false,גלידה סנדיי,Unknown,,גלידה סנדיי,,1.00,יחידה,false,1,10.00,10.00,true,1,26284
9999946006671,false,פיקדון בקבוק יינות,Unknown,,פיקדון בקבוק יינות,,0.00,,false,1,0.30,0.00,false,1,26306
