code,internal_code,name,manufacturer_name,manufacture_country,manufacturer_item_description,unit_qty,quantity,unit_of_measure,weighted,qty_in_package,price,unit_of_measure_price,allow_discount,status,item_id
96,true,משלוח אינטרנטי.,,,משלוח אינטרנטי.,יחידה,0.00,יחידה,false,,29.00,0.0000,true,1,34417
161,true,קישוא עגול,,,קישוא עגול,קילוגרמים,1.00,"ק""ג",true,,12.90,12.9000,true,1,50761
163,true,פטריות שמפיניון תפזו,,,פטריות שמפיניון תפזו,קילוגרמים,1.00,"ק""ג",true,,39.90,39.9000,true,1,50762
301,true,בקבוק ריק חוזר בירה,,,בקבוק ריק חוזר בירה,יחידה,0.00,יחידה,false,,1.20,0.0000,true,1,6864
374,true,פטריות שמפניון,,,פטריות שמפניון,יח',1.00,יח',false,,8.90,8.9000,true,1,50765
1009,true,בגט שלם,,,בגט שלם,יח',1.00,יח',false,,4.90,4.9000,true,1,2426
1014,true,בגט רוסטיק,,,בגט רוסטיק,יח',1.00,יח',false,,8.50,8.5000,true,1,2428
1073,true,סופגניה גדולה בודדת,,,סופגניה גדולה בודדת,יחידה,0.00,יחידה,false,,3.50,0.0000,true,1,2435
1091,true,צנונית בייבי,,,צנונית בייבי,גרמים,400.00,100 גרם,false,,5.90,0.0148,true,1,35543
1095,true,בייבי בטטה,,,בייבי בטטה,יח',1.00,יח',false,,6.90,6.9000,true,1,50768
1486,true,פומלה אדומה,,,פומלה אדומה,קילוגרמים,1.00,"ק""ג",true,,6.90,6.9000,true,1,50780
1488,true,אשכולית אדומה,,,אשכולית אדומה,קילוגרמים,1.00,"ק""ג",true,,6.90,6.9000,true,1,50781
1494,true,תפו`א לבן תפזורת,,,תפו`א לבן תפזורת,קילוגרמים,1.00,"ק""ג",true,,4.90,4.9000,true,1,50786
1495,true,תפו`א אדום תפזורת,,,תפו`א אדום תפזורת,קילוגרמים,1.00,"ק""ג",true,,5.90,5.9000,true,1,50787
1500,true,פלפל כתום,,,פלפל כתום,קילוגרמים,1.00,"ק""ג",true,,8.90,8.9000,true,1,50790
1501,true,עגבניות,,,עגבניות,קילוגרמים,1.00,"ק""ג",true,,5.90,5.9000,true,1,50791
1502,true,מלפפונים,,,מלפפונים,קילוגרמים,1.00,"ק""ג",true,,5.90,5.9000,true,1,50792
1503,true,גזר ארוז,,,גזר ארוז,קילוגרמים,1.00,"ק""ג",true,,3.90,3.9000,true,1,50793
1504,true,סלק,,,סלק,קילוגרמים,1.00,"ק""ג",true,,4.90,4.9000,true,1,50794
1505,true,כרוב לבן,,,כרוב לבן,קילוגרמים,1.00,"ק""ג",true,,4.90,4.9000,true,1,50795
1506,true,כרוב אדום,,,כרוב אדום,קילוגרמים,1.00,"ק""ג",true,,5.90,5.9000,true,1,50796
1507,true,כרובית,,,כרובית,קילוגרמים,1.00,"ק""ג",true,,8.90,8.9000,true,1,50797
1510,true,קישואים,,,קישואים,קילוגרמים,1.00,"ק""ג",true,,7.90,7.9000,true,1,50798
1511,true,חצילים,,,חצילים,קילוגרמים,1.00,"ק""ג",true,,5.90,5.9000,true,1,50799
1513,true,פלפל ירוק,,,פלפל ירוק,קילוגרמים,1.00,"ק""ג",true,,7.90,7.9000,true,1,50800
1514,true,פלפל בהיר,,,פלפל בהיר,קילוגרמים,1.00,"ק""ג",true,,7.90,7.9000,true,1,50801
1515,true,פלפל חריף,,,פלפל חריף,קילוגרמים,1.00,"ק""ג",true,,7.90,7.9000,true,1,50802
1516,true,פלפל אדום,,,פלפל אדום,קילוגרמים,1.00,"ק""ג",true,,8.90,8.9000,true,1,50803
1518,true,מלון,,,מלון,קילוגרמים,1.00,"ק""ג",true,,5.90,5.9000,true,1,50805
1519,true,בצל יבש,,,בצל יבש,קילוגרמים,1.00,"ק""ג",true,,3.90,3.9000,true,1,50806
1521,true,קולורבי,,,קולורבי,קילוגרמים,1.00,"ק""ג",true,,7.90,7.9000,true,1,50807
1522,true,חסה ערבית,,,חסה ערבית,יח',1.00,יח',false,,4.90,4.9000,true,1,50808
1525,true,חציל ננסי,,,חציל ננסי,קילוגרמים,1.00,"ק""ג",true,,16.90,16.9000,true,1,50809
1527,true,פטרוזיליה גומי,,,פטרוזיליה גומי,יח',1.00,יח',false,,3.50,3.5000,true,1,35544
1528,true,כוסברה גומי,,,כוסברה גומי,יח',1.00,יח',false,,3.50,3.5000,true,1,35545
1529,true,שמיר גומי,,,שמיר גומי,יח',1.00,יח',false,,3.50,3.5000,true,1,35546
1530,true,נענע גומי,,,נענע גומי,יח',1.00,יח',false,,3.50,3.5000,true,1,35547
1535,true,תפו`א אדום ארוז,,,תפו`א אדום ארוז,קילוגרמים,1.00,"ק""ג",true,,4.90,4.9000,true,1,50814
1541,true,ארטישוק,,,ארטישוק,קילוגרמים,1.00,"ק""ג",true,,5.90,5.9000,true,1,50818
1542,true,ערמונים,,,ערמונים,קילוגרמים,1.00,"ק""ג",true,,14.90,14.9000,true,1,50819
1545,true,שום ארוז ייבוא יח',,,שום ארוז ייבוא יח',יח',1.00,יח',false,,4.90,4.9000,true,1,50822
1547,true,שומר,,,שומר,קילוגרמים,1.00,"ק""ג",true,,4.90,4.9000,true,1,50824
1550,true,תפו`א לבן ארוז,,,תפו`א לבן ארוז,קילוגרמים,1.00,"ק""ג",true,,3.90,3.9000,true,1,50825
1551,true,לימון,,,לימון,קילוגרמים,1.00,"ק""ג",true,,8.90,8.9000,true,1,50826
1552,true,תפוז,,,תפוז,קילוגרמים,1.00,"ק""ג",true,,5.90,5.9000,true,1,50827
1553,true,ענב לבן,,,ענב לבן,קילוגרמים,1.00,"ק""ג",true,,16.90,16.9000,true,1,50828
1555,true,תפוז ארוז,,,תפוז ארוז,קילוגרמים,1.00,"ק""ג",true,,3.90,3.9000,true,1,50830
1556,true,בננה מובחרת,,,בננה מובחרת,קילוגרמים,1.00,"ק""ג",true,,8.90,8.9000,true,1,50831
1557,true,צנון,,,צנון,קילוגרמים,1.00,"ק""ג",true,,5.90,5.9000,true,1,50832
1560,true,דלעת ארוזה,,,דלעת ארוזה,קילוגרמים,1.00,"ק""ג",true,,9.90,9.9000,true,1,50835
1561,true,תפוח עץ זהוב,,,תפוח עץ זהוב,קילוגרמים,1.00,"ק""ג",true,,10.90,10.9000,true,1,50836
1562,true,תפוח עץ יונתן,,,תפוח עץ יונתן,קילוגרמים,1.00,"ק""ג",true,,12.90,12.9000,true,1,50837
1563,true,תפוח עץ חרמון,,,תפוח עץ חרמון,קילוגרמים,1.00,"ק""ג",true,,11.90,11.9000,true,1,50838
1564,true,תפוח עץ סמיט,,,תפוח עץ סמיט,קילוגרמים,1.00,"ק""ג",true,,10.90,10.9000,true,1,50839
1568,true,רימון,,,רימון,קילוגרמים,1.00,"ק""ג",true,,9.90,9.9000,true,1,50842
1570,true,קלמנטינה,,,קלמנטינה,קילוגרמים,1.00,"ק""ג",true,,5.90,5.9000,true,1,50843
1571,true,פלפל שושקה,,,פלפל שושקה,קילוגרמים,1.00,"ק""ג",true,,13.90,13.9000,true,1,50844
1572,true,אבוקדו מובחר,,,אבוקדו מובחר,קילוגרמים,1.00,"ק""ג",true,,9.90,9.9000,true,1,50845
1573,true,מנגו,,,מנגו,קילוגרמים,1.00,"ק""ג",true,,9.90,9.9000,true,1,50846
1574,true,בטטה מתוקה,,,בטטה מתוקה,קילוגרמים,1.00,"ק""ג",true,,8.90,8.9000,true,1,50847
1576,true,אגסים,,,אגס,קילוגרמים,1.00,"ק""ג",true,,11.90,11.9000,true,1,50848
1581,true,פלפל צהוב,,,פלפל צהוב,קילוגרמים,1.00,"ק""ג",true,,8.90,8.9000,true,1,50850
1588,true,תירס ארוז,,,תירס ארוז,קילוגרמים,1.00,"ק""ג",true,,7.90,7.9000,true,1,50854
1590,true,משורית סרט 1590 ממ,,,פומלה,קילוגרמים,1.00,"ק""ג",true,,7.90,7.9000,true,1,50855
1591,true,ענב אדום,,,ענב אדום,קילוגרמים,1.00,"ק""ג",true,,16.90,16.9000,true,1,50856
1595,true,חציל בלדי,,,חציל בלדי,קילוגרמים,1.00,"ק""ג",true,,7.90,7.9000,true,1,50859
1601,true,סלרי חתוך ליח,,,סלרי חתוך ליח,יח',1.00,יח',false,,6.90,6.9000,true,1,47732
1603,true,אבוקדו ברשת,,,אבוקדו ברשת,קילוגרמים,1.00,"ק""ג",true,,18.90,18.9000,true,1,50861
1604,true,אפרסמון 7.0,,,אפרסמון,קילוגרמים,1.00,"ק""ג",true,,10.90,10.9000,true,1,50862
1607,true,תפו`א קטן אפיה ארוז,,,תפו`א קטן אפיה ארוז,קילוגרמים,1.00,"ק""ג",true,,3.90,3.9000,true,1,50865
1608,true,זנגוויל\גינגיר תפזור,,,זנגוויל\גינגיר תפזור,קילוגרמים,1.00,"ק""ג",true,,22.90,22.9000,true,1,50866
1610,true,שרי אשכולות לקג,,,שרי אשכולות לקג,קילוגרמים,1.00,"ק""ג",true,,15.90,15.9000,true,1,50867
1613,true,דלורית,,,דלורית,קילוגרמים,1.00,"ק""ג",true,,5.90,5.9000,true,1,50869
1615,true,בצל אדום,,,בצל אדום,קילוגרמים,1.00,"ק""ג",true,,5.90,5.9000,true,1,50871
1617,true,אננס,,,אננס,יח',1.00,יח',false,,34.90,34.9000,true,1,50872
1618,true,אפרסמון קרמבו,,,אפרסמון קרמבו,קילוגרמים,1.00,"ק""ג",true,,18.90,18.9000,true,1,50873
1619,true,פומלית,,,פומלית,קילוגרמים,1.00,"ק""ג",true,,6.90,6.9000,true,1,50874
1620,true,קיווי,,,קיווי,קילוגרמים,1.00,"ק""ג",true,,19.90,19.9000,true,1,50875
1632,true,קישוא זוקיני ירוק,,,קישוא זוקיני ירוק,קילוגרמים,1.00,"ק""ג",true,,9.90,9.9000,true,1,50877
1645,true,תפוח עץ גלה,,,תפוח עץ גלה,קילוגרמים,1.00,"ק""ג",true,,10.90,10.9000,true,1,50883
1667,true,לוף תפזורת,,,לוף תפזורת,קילוגרמים,1.00,"ק""ג",true,,13.90,13.9000,true,1,50888
1683,true,תפוח עץ פינק קריפס,,,תפוח עץ פינק קריפס,קילוגרמים,1.00,"ק""ג",true,,15.90,15.9000,true,1,50895
1708,true,גזר תפזורת,,,גזר תפזורת,קילוגרמים,1.00,"ק""ג",true,,4.90,4.9000,true,1,50906
3500,true,עוף טרי כולל פירוק,,,עוף טרי שלם,קילוגרמים,1.00,"ק""ג",true,,18.90,18.9000,true,1,26501
3501,true,כרעיים עוף טרי,,,כרעיים עוף טרי,קילוגרמים,1.00,"ק""ג",true,,26.90,26.9000,true,1,26502
3502,true,חזה עוף טרי,,,חזה עוף טרי,קילוגרמים,1.00,"ק""ג",true,,31.90,31.9000,true,1,26503
3507,true,שניצל עוף פרוס טרי,,,שניצל עוף פרוס טרי,קילוגרמים,1.00,"ק""ג",true,,36.90,36.9000,true,1,26506
3517,true,שוקיים פטם טרי,,,שוקיים פטם טרי,קילוגרמים,1.00,"ק""ג",true,,28.90,28.9000,true,1,26513
3520,true,ירכיים עוף טרי,,,ירכיים עוף טרי,קילוגרמים,1.00,"ק""ג",true,,26.90,26.9000,true,1,26514
3531,true,גרון הודו נקבה טרי,,,גרון הודו נקבה טרי,קילוגרמים,1.00,"ק""ג",true,,29.90,29.9000,true,1,26519
3534,true,סטייק פרגית טרי,,,סטייק פרגית טרי,קילוגרמים,1.00,"ק""ג",true,,49.90,49.9000,true,1,26521
3535,true,פילה עוף טרי,,,פילה עוף טרי,קילוגרמים,1.00,"ק""ג",true,,34.90,34.9000,true,1,26522
4015,true,קוקוס ראש,,,קוקוס ראש,יח',1.00,יח',false,,5.90,5.9000,true,1,50956
6013,true,"תרומה פתחון לב 10 ש""",,,"תרומה פתחון לב 10 ש""",יחידה,0.00,יחידה,false,,10.00,0.0000,true,1,385180
5678585,true,ענב סקרלוטה,,,ענב סקרלוטה,קילוגרמים,1.00,"ק""ג",true,,24.90,24.9000,true,1,50971
32147230,false,"מיץ לימון משומר 200מ""ל(לימונית אקסטרא)",ג'נרל מילס סאן אדריא,,מיץ לימון סיצילייה 2,מיליליטרים,200.00,"100 מ""ל",false,,6.90,0.0345,true,1,5443
40052403,false,קיט קט 4 אצבעות שוקולד חלב,נסטלה Nestle,,קיט קט אצבעות 40 גרם,גרמים,40.00,100 גרם,false,,3.90,0.0975,true,1,41935
72940754,false,"מילקי מעדן וניל עם קצפת שטראוס 133 מ""ל","שטראוס גרופ בע""\מ",,"מילקי וניל 170 מ""ל",מיליליטרים,170.00,"100 מ""ל",false,,2.90,0.0171,true,1,23207
72940761,false,"מילקי מעדן שוקולד עם קצפת שטראוס 133 מ""ל",מיוצר עי קונדיטוריית,,מילקי שוקולד מהדרין,מיליליטרים,170.00,"100 מ""ל",false,,2.90,0.0171,true,1,23208
72940952,false,מעדן מילקי בטעם שוקולד עם אקסטרה קצפת,"שטראוס גרופ בע""\מ",,מילקי אקסטראה קצפת מ,מיליליטרים,110.00,"100 מ""ל",false,,3.80,0.0345,true,1,23209
72940983,false,סלט חומוס 250 גר אחל,מיוצר עי קונדיטוריית,,אחלה חומוס 250ג,גרמים,250.00,100 גרם,false,,6.90,0.0276,true,1,23211
72941041,false,מעדן מילקי מיני בטעם שוקולד עם קצפת,"שטראוס גרופ בע""\מ",,מיני מילקי שוקולד 70,מיליליטרים,70.00,"100 מ""ל",false,,2.50,0.0357,true,1,23212
72945308,false,קוביות שמרים לאפיה שמרית 2*25 ג',"פאקא תעשיות בע""\מ",,שמרית קוביות שמרים ל,גרמים,50.00,100 גרם,false,,3.50,0.0700,true,1,23213
72961209,false,"שמנת חמוצה 15% 200מל בד""צ תנובה",תנובה מרכז שיתופי לש,,"שמנת חמוצהבד""צ תנובה",מיליליטרים,200.00,"100 מ""ל",false,,2.28,0.0114,true,1,25687
72961223,false,"גילה 3% תנובה 200 מ""ל",תנובה מרכז שיתופי לש,,"גיל 3% בד""צ 200 מ""ל",מיליליטרים,200.00,"100 מ""ל",false,,1.44,0.0072,true,1,25689
72961544,false,"באדי יוגורט בטעם תות שדה 3% תנובה 125 מ""ל",מחלבת אלון תבור,,באדי תות 125מל,מיליליטרים,125.00,"100 מ""ל",false,,2.90,0.0232,true,1,25693
72964422,false,יוגורט פרחים 4.5% שומן 200 גרם,מחלבת תנובה,,תנובה יוגורט פרחים 4,מיליליטרים,200.00,"100 מ""ל",false,,2.90,0.0145,true,1,25701
72986240,false,באדי מעדן חלב בטעם שוקולד תנובה 125 גרם,מחלבת אלון תבור,,באדי שוקו בדץ 125מל,מיליליטרים,125.00,"100 מ""ל",false,,2.90,0.0232,true,1,25703
80042556,false,POLPA עגבניות חתוכות דק 400 גרם MUTTI,"איי, בי, אינבוו",,עגבניות MUTTI מרוסקו,גרמים,400.00,100 גרם,false,,5.90,0.0148,true,1,175384
80176800,false,נוטלה ממרח שוקולד 750 גרם,פררו תעשיות איטליה ס,,ממרח שוקולד נוטלה 75,גרמים,750.00,100 גרם,false,,25.90,0.0345,true,1,41457
80177173,false,ממרח שוקולד נוטלה 350 גרם,פררו - אלבה,,ממרח נוטלה קקאו עם א,גרמים,350.00,100 גרם,false,,14.90,0.0426,true,1,41458
80773429,false,מנטוס בקבוק מעוגל - מסטיק ללא סוכר בטעם תות 60 גרם,"פרפטי ואן מלה ג'\ידה,סאן",,מסטיק מנטוס בקבוק בט,גרמים,60.00,100 גרם,false,,10.90,0.1817,true,1,12549
80913467,false,מנטוס בקבוק מעוגל - מסטיק ללא סוכר בטעם מנטה,פרפטי ואן מלה הולנד,,מסטיק מנטוס בקבוק בט,גרמים,60.00,100 גרם,false,,10.90,0.1817,true,1,12575
88888000,true,Temp SuperDept,,,Temp SuperDept,,0.00,,false,,0.00,0.0000,true,1,52095
88888001,true,יסוד,,,יסוד,,0.00,,false,,0.00,0.0000,true,1,52096
88888002,true,לחם ותחליפיו,,,לחם ותחליפיו,,0.00,,false,,0.00,0.0000,true,1,52097
88888003,true,דגנים,,,דגנים,,0.00,,false,,0.00,0.0000,true,1,52098
88888004,true,מחלקה טרייה,,,מחלקה טרייה,,0.00,,false,,0.00,0.0000,true,1,52099
88888005,true,שימורים,,,שימורים,,0.00,,false,,0.00,0.0000,true,1,52100
88888006,true,רקים תבשילים ותוספים,,,מרקים/תבשילים/תוספים,,0.00,,false,,0.00,0.0000,true,1,52101
88888007,true,דגים טריים,,,דגים טריים,,0.00,,false,,0.00,0.0000,true,1,52102
88888008,true,/פתיתים/אטריות/נודלס,,,/פתיתים/אטריות/נודלס,,0.00,,false,,0.00,0.0000,true,1,52103
88888009,true,וקולד/דבש/ריבות/חלבה,,,וקולד/דבש/ריבות/חלבה,,0.00,,false,,0.00,0.0000,true,1,52104
88888010,true,קפה ושוקו,,,קפה ושוקו,,0.00,,false,,0.00,0.0000,true,1,52105
88888012,true,תרכיזים/סירופים,,,תרכיזים/סירופים,,0.00,,false,,0.00,0.0000,true,1,52106
88888013,true,בעלי חיים,,,בעלי חיים,,0.00,,false,,0.00,0.0000,true,1,52107
88888014,true,תה,,,תה,,0.00,,false,,0.00,0.0000,true,1,52108
88888015,true,תינוקות וילדים,,,תינוקות וילדים,,0.00,,false,,0.00,0.0000,true,1,52109
88888016,true,עזרי מזון ובישול,,,עזרי מזון ובישול,,0.00,,false,,0.00,0.0000,true,1,52110
88888017,true,תבלינים ארוזים,,,תבלינים ארוזים,,0.00,,false,,0.00,0.0000,true,1,52111
88888018,true,בית מאפה,,,בית מאפה,,0.00,,false,,0.00,0.0000,true,1,52112
88888019,true,חומרי ניקוי,,,חומרי ניקוי,,0.00,,false,,0.00,0.0000,true,1,52113
88888020,true,חד פעמי,,,חד פעמי,,0.00,,false,,0.00,0.0000,true,1,52114
88888021,true,מעדניית סלטים,,,מעדניית סלטים,,0.00,,false,,0.00,0.0000,true,1,52115
88888022,true,היגיינה וטיפוח הגוף,,,היגיינה וטיפוח הגוף,,0.00,,false,,0.00,0.0000,true,1,52116
88888023,true,ביצים,,,ביצים,,0.00,,false,,0.00,0.0000,true,1,52117
88888024,true,בירות,,,בירות,,0.00,,false,,0.00,0.0000,true,1,52118
88888025,true,מעדנייה חלבית,,,מעדנייה חלבית,,0.00,,false,,0.00,0.0000,true,1,52119
88888026,true,פיצוחים ארוזים,,,פיצוחים ארוזים,,0.00,,false,,0.00,0.0000,true,1,52120
88888027,true,קטניות ואורז,,,קטניות ואורז,,0.00,,false,,0.00,0.0000,true,1,52121
88888028,true,חטיפים,,,חטיפים,,0.00,,false,,0.00,0.0000,true,1,52122
88888029,true,קים ונקניקיות ארוזים,,,קים ונקניקיות ארוזים,,0.00,,false,,0.00,0.0000,true,1,52123
88888030,true,גלידות,,,גלידות,,0.00,,false,,0.00,0.0000,true,1,52124
88888031,true,"פירות ירקות ללא מע""מ",,,"פירות ירקות ללא מע""מ",,0.00,,false,,0.00,0.0000,true,1,52125
88888032,true,יבשים פיצוחים ארוז,,,פירות יבשים ארוז,,0.00,,false,,0.00,0.0000,true,1,52126
88888033,true,סלטים ארוזים,,,סלטים ארוזים,,0.00,,false,,0.00,0.0000,true,1,52127
88888034,true,יצוחיה/תבלינים במשקל,,,יצוחיה/תבלינים במשקל,,0.00,,false,,0.00,0.0000,true,1,52128
88888035,true,קוסמטיקה,,,קוסמטיקה,,0.00,,false,,0.00,0.0000,true,1,52129
88888036,true,קופונים/מתנות,,,קופונים/מתנות,,0.00,,false,,0.00,0.0000,true,1,52130
88888037,true,"פירות יבשים ללא מע""מ",,,"פירות יבשים ללא מע""מ",,0.00,,false,,0.00,0.0000,true,1,52131
88888038,true,עיתונים,,,עיתונים,,0.00,,false,,0.00,0.0000,true,1,52132
88888039,true,ציוד משרדי,,,ציוד משרדי,,0.00,,false,,0.00,0.0000,true,1,52133
88888040,true,שתיה קלה,,,שתיה קלה,,0.00,,false,,0.00,0.0000,true,1,52134
88888041,true,מיץ סחוט טרי,,,מיץ סחוט טרי,,0.00,,false,,0.00,0.0000,true,1,52135
88888042,true,קפואים,,,קפואים,,0.00,,false,,0.00,0.0000,true,1,52136
88888044,true,מוצרי חלב ותחליפיו,,,מוצרי חלב ותחליפיו,,0.00,,false,,0.00,0.0000,true,1,52137
88888046,true,בריאות וטבע,,,בריאות,,0.00,,false,,0.00,0.0000,true,1,52138
88888047,true,עוגות ועוגיות,,,עוגות ועוגיות,,0.00,,false,,0.00,0.0000,true,1,52139
88888048,true,רטבים ואסייתי,,,רטבים ואסייתי,,0.00,,false,,0.00,0.0000,true,1,52140
88888049,true,מוצרי אימפלס,,,מוצרי אימפלס,,0.00,,false,,0.00,0.0000,true,1,52141
88888050,true,שוקולד ומתוקים,,,שוקולד ומתוקים,,0.00,,false,,0.00,0.0000,true,1,52142
88888051,true,מעדניית דגים,,,מעדניית דגים,,0.00,,false,,0.00,0.0000,true,1,52143
88888052,true,אפייה,,,אפייה,,0.00,,false,,0.00,0.0000,true,1,52144
88888053,true,תרופות ותוספי תזונה,,,תרופות ותוספי תזונה,,0.00,,false,,0.00,0.0000,true,1,52145
88888054,true,אוכל מוכן,,,אוכל מוכן,,0.00,,false,,0.00,0.0000,true,1,52146
88888055,true,מוצרי נייר,,,מוצרי נייר,,0.00,,false,,0.00,0.0000,true,1,52147
88888056,true,עוגות מצוננות,,,עוגות מצוננות,,0.00,,false,,0.00,0.0000,true,1,52148
88888057,true,משקאות חריפים,,,משקאות חריפים,,0.00,,false,,0.00,0.0000,true,1,52149
88888059,true,סיגריות,,,סיגריות,,0.00,,false,,0.00,0.0000,true,1,52150
88888060,true,"פירות וירקות עם מע""מ",,,"פירות וירקות עם מע""מ",,0.00,,false,,0.00,0.0000,true,1,52151
88888061,true,לוגיסטי,,,לוגיסטי,,0.00,,false,,0.00,0.0000,true,1,52152
88888062,true,"פיקדון ללא מע""מ",,,"פיקדון ללא מע""מ",,0.00,,false,,0.00,0.0000,true,1,52153
88888063,true,מעדניית חמוצים,,,מעדניית חמוצים,,0.00,,false,,0.00,0.0000,true,1,52154
88888064,true,ב.ע.ד קפואים,,,ב.ע.ד קפואים,,0.00,,false,,0.00,0.0000,true,1,52155
88888065,true,דגים מעושנים ארוזים,,,דגים מעושנים ארוזים,,0.00,,false,,0.00,0.0000,true,1,52156
88888066,true,מעדניית נקניקים,,,מעדניית נקניקים,,0.00,,false,,0.00,0.0000,true,1,52157
88888067,true,בסטות,,,בסטות,,0.00,,false,,0.00,0.0000,true,1,52158
88888069,true,כביסה,,,כביסה,,0.00,,false,,0.00,0.0000,true,1,52159
88888070,true,טיפוח השיער,,,טיפוח השיער,,0.00,,false,,0.00,0.0000,true,1,52160
88888071,true,היגיינת הפה,,,היגיינת הפה,,0.00,,false,,0.00,0.0000,true,1,52161
88888072,true,יינות,,,יינות,,0.00,,false,,0.00,0.0000,true,1,52162
88888095,true,טופמרקט,,,טופמרקט,,0.00,,false,,0.00,0.0000,true,1,52163
88888097,true,קודים כללים,,,קודים כללים,,0.00,,false,,0.00,0.0000,true,1,52164
88888099,true,פריטים לא קיימים,,,פריטים לא קיימים,,0.00,,false,,0.00,0.0000,true,1,52165
88888100,true,מנה ביגוד -יבוא לבית,,,אריזות,,0.00,,false,,0.00,0.0000,true,1,52166
88888101,true,מנה ביגוד -יבוא לבית,,,מנה ביגוד -יבוא לבית,,0.00,,false,,0.00,0.0000,true,1,52170
88888102,true,זמנה שילוט-יבוא לבית,,,זמנה שילוט-יבוא לבית,,0.00,,false,,0.00,0.0000,true,1,52180
88888200,true,זמנה שילוט-יבוא לבית,,,פריטים חדשים בהמתנה,,0.00,,false,,0.00,0.0000,true,1,79834
88888365,true,INTERNET,,,INTERNET,,0.00,,false,,0.00,0.0000,true,1,1
88888920,true,"תרומות -ללא מע""מ",,,"תרומות -ללא מע""מ",,0.00,,false,,0.00,0.0000,true,1,412178
88888931,true,ציוד משרדי- אריזה,,,ביגוד- אריזה,,0.00,,false,,0.00,0.0000,true,1,344317
90162602,false,רד בול משקה אנרגיה פקדון 30 אג,רד בול ג'י.אם.בי. אץ,,משקה אנרגיה RED BULL,מיליליטרים,250.00,"100 מ""ל",false,,5.90,0.0236,true,1,5222
10900678148,false,דיאמונד רדיד אלומיניום נון סטיק,דיימונד,,רדיד אלומיניום נון ס,יחידה,0.00,יחידה,false,,14.90,0.0000,true,1,258920
11210000094,false,"רוטב ""טבסקו"" על בסיס פלפל אדום 60 מ""ל",מקאילהייני אייבורי,,טבסקו,מיליליטרים,60.00,"100 מ""ל",false,,10.90,0.1817,true,1,37922
16000281684,false,חטיפי גרנולה קראנצ'י עם פקאן נייצ'ר ואלי 5*42 גרם,ליימן מותגים,,חטיף שיבולת שועל מלא,גרמים,210.00,100 גרם,false,,19.50,0.0929,true,1,12599
16000423534,false,חטיפי גרנולה קראנצ'י עם שיבולת שועל ושוקולד מריר נייצ'ר ואלי 5*42 גרם,ג'נרל מילס סאן אדריאן,,חטיף קראנצי שיבולת ש,גרמים,210.00,100 גרם,false,,19.50,0.0929,true,1,12600
16000548404,false,חטיפי גרנולה קראנצ'י עם שיבולת שועל ודבש נייצ'ר ואלי 5*42 גרם,ג'נרל מילס סאן אדריאן,,חטיף קראנצי גרנולה ש,גרמים,210.00,100 גרם,false,,19.50,0.0929,true,1,12604
16000548503,false,חטיפי גרנולה קראנצ'י עם מייפל וסוכר חום נייצ'ר ואלי 5*42 גרם,ג'נרל מילס סאן אדריאן,,חטיף קראנצי גרנולה מ,גרמים,210.00,100 גרם,false,,19.50,0.0929,true,1,12606
16000548909,false,חטיפי גרנולה קראנצ'י במגוון טעמים נייצ'ר ואלי 5*42 גרם,ג'נרל מילס סאן אדריאן,,חטיף קראנצי גרנולה מ,גרמים,210.00,100 גרם,false,,19.50,0.0929,true,1,12609
16229924263,false,"ארוי-די קרם קוקוס 250 מ""ל",תאי אגרי פוד פובליק קו'\,,"קרם קוקוס 250 מ""ל.",מיליליטרים,250.00,"100 מ""ל",false,,8.90,0.0356,true,1,3347
25675120044,false,מקלות חמצוצים תפוח עץ פשקז 100 גרם,פשקס קנדי,,חמצוצים מקלות תפוח ע,גרמים,100.00,100 גרם,false,,8.90,0.0890,true,1,3761
38000232152,false,פרינגלס חטיפי תפוח אדמה בטעם ברביקיו 158 גרם,פרינגלס מנופקצ'ורינג קומ,,פרינגלס ביג ברביקיו,גרמים,158.00,100 גרם,false,,8.90,0.0563,true,1,26730
38000232183,false,פרינגלס ביג אורגינל 149 גרם,פרינגלס מנופקצ'ורינג קונ,,פרינגלס ביג אורגינל,גרמים,158.00,100 גרם,false,,8.90,0.0563,true,1,26732
38527591060,false,דגני קוואקר מרובעים Quaker Squares עם סוכר חום,קוואקר אוטס קומפני,,דגני בוקר מרובעים קו,גרמים,412.00,100 גרם,false,,19.90,0.0483,true,1,24151
40000514480,false,M&M אריזה קטנה's שוקולד אריזה קטנה 48 גרם,M&M אם אנד אם,,עדשי שוקולד M&M שוקו,גרמים,48.00,100 גרם,false,,4.90,0.1021,true,1,20653
40000514510,false,M&M אריזה קטנה's בוטנים אריזה קטנה 49 גרם,M&M אם אנד אם,,בוטנים 49 גרם M&M עד,גרמים,49.00,100 גרם,false,,4.90,0.1000,true,1,20654
46214372250,false,"עוגיות שטרודל פריכות תפו""ע וצימוקים",קריות זול,,מרבה עוגיות שטרודל פ,גרמים,225.00,100 גרם,false,,7.90,0.0351,true,1,21199
46214731552,false,עוגיות שוקולד צ'יפס 37% גודיס 225 גרם,קריניציה ויטמינה אס,,מרבה עוגיות שוקולד צ,גרמים,225.00,100 גרם,false,,7.90,0.0351,true,1,21201
55369902564,false,אפלסנקס רביעיות רסק תפוחי עץ ללא תוספת סוכר עברית,ליהי אורצ'דאניק,,אפלסנקס רסק תפוחי עץ,גרמים,452.00,100 גרם,false,,13.90,0.0308,true,1,36872
64144090020,false,"ספריי שמן PAM בטעם שמן זית 141 מ""ל",ליימן מותגים,,תרסיס שמן זית פאם 14,גרמים,148.00,100 גרם,false,,17.90,0.1209,true,1,12642
64144090051,false,"ספריי שמן PAM קנולה אורגינל 148 מ""ל",קונאגרה פודס,,תרסיס שמן קנולה פאם,מיליליטרים,148.00,"100 מ""ל",false,,17.90,0.1209,true,1,12643
70177177669,false,חליטה למון גינגר 30 גרם טווינינג,אר. טווינינגס אנד קומפני,,טווינינג חליטה למון,גרמים,30.00,100 גרם,false,,17.90,0.5967,true,1,13685
70177177683,false,חליטה קמומיל האני 30 גרם טווינינג,אר. טווינינגס אנד קומפני,,טווינינג חליטה קמומי,גרמים,30.00,100 גרם,false,,17.90,0.5967,true,1,13687
72600062306,false,חטיף הר פודס בטעם גבינה 198 גרם,הר פודס,,הר חטיף גבינת 198 גר,גרמים,198.00,100 גרם,false,,19.90,0.1005,true,1,159253
77975036976,false,מטבל עגבניות בחריפות עדינה סניידרס 439 ג',סניידרס אוף האנובר,,סניידרס מטבל סלסה בח,גרמים,439.00,100 גרם,false,,16.90,0.0385,true,1,12650
77975094631,false,סניידרס סנדוויץ' בייגלה במילוי קרם בטעם צ'דר 226 גרם,סניידרס Snyder's,,סניידרס בייגלה סנדוו,גרמים,266.00,100 גרם,false,,15.90,0.0598,true,1,142376
77975094761,false,סניידרס חטיפים על בסיס קמח חיטה בטעם גבינת צ'דר,סניידרס אוף האנובר,,סניידרס צ'דר 340 גרם,גרמים,340.00,100 גרם,false,,15.90,0.0468,true,1,142377
611745285685,true,אבוקדו בשל יח,,,אבוקדו בשל יח,גרמים,470.00,100 גרם,false,,15.90,0.0338,true,1,50972
728229123811,false,טרה חטיף על בסיס ירקות שורש בתיבול ים תיכוני 110 גרם,הונדורס צ'יפס יצור א,,טרה צ'יפס חטיף ים ת,גרמים,110.00,100 גרם,false,,15.50,0.1409,true,1,5480
753182231761,false,"משקה אנרגיה BLU ללא תוספת סוכר 250 מ""ל",אקווה ויט,,בלו סיקס ללא סוכר 25,מיליליטרים,250.00,"100 מ""ל",false,,4.50,0.0180,true,1,1812
835811003588,false,צלחות קלאסי גדול לבן 65 יח' הנמל,,,צלחות קלאסי לבן גדול,יחידה,0.00,יחידה,false,,34.90,0.0000,true,1,367470
835811004431,false,מארז ממחטות טישו משי 100X5 יח',,,מארז ממחטות נייר טי,יח',5.00,יח',false,,9.90,1.9800,true,1,275674
835811005803,false,שקיות אשפה עם ידיות 25 יח' X90-מרכז,תעשיות והשקעה אל רסא,,הנמל שקיות אשפה עם י,יחידה,0.00,יחידה,false,,12.90,0.0000,true,1,7566
835811005940,false,מגש הכסף תבנית אלומ` גדולה + מכסה 8 יח`,,,תבנית גדולה עם מכסה,יחידה,0.00,יחידה,false,,11.90,0.0000,true,1,7570
835811006497,false,אבקת סוכר 500 גרם הנמל,ר.ס. חברה ליבוא וייצ,,אבקת סוכר 500 גר,גרמים,500.00,100 גרם,false,,8.90,0.0178,true,1,7605
835811006534,false,"כוסות קרטון לשתיה חמה 475 מ""ל",הנמל,,כוסות קרטון 50 יח 16,יחידה,0.00,יחידה,false,,23.90,0.0000,true,1,7608
835811007180,false,פופ קורן הנמל 500 גר,יבוא ושיווק: הנמל אר,,פופ קורן הנמל 500 גר,גרמים,500.00,100 גרם,false,,5.90,0.0118,true,1,7637
835811007258,false,שעועית לבנה הנמל 500,נארז על ידי: הנמל אר,,שעועית הנמל 500 גרם,גרמים,500.00,100 גרם,false,,7.90,0.0158,true,1,7643
835811008347,false,גפרור מיוחד ענק הנמל 1 יחידה,הנמל,,גפרור ענק,יחידה,0.00,יחידה,false,,5.90,0.0000,true,1,7659
835811008767,false,גריסי פנינה מרובע הנ,הנמל,,גריסי פנינה מרובע הנ,גרמים,500.00,100 גרם,false,,4.90,0.0098,true,1,7668
835811008996,false,"כוסות חד פעמי קרטון 295 מ""ל",אכוף,,כוסות קרטון 10 אוז,יחידה,0.00,יחידה,false,,15.90,0.0000,true,1,7679
835811009016,false,כוסות מקרטון 4 אונז,הנמל,,כוסות קרטון 50 יח 4O,יחידה,0.00,יחידה,false,,7.90,0.0000,true,1,7681
877300001170,false,פפריקה מתוקה 150 גרם,נפטון Neptune,,פפריקה מתוקה 150 גרם,גרמים,150.00,100 גרם,false,,10.90,0.0727,true,1,34761
877300001392,false,תערובת תיבול לגריל עוף,נפטון Neptune,,תבלין גריל עוף 150 ג,גרמים,150.00,100 גרם,false,,10.90,0.0727,true,1,34770
877300002160,false,רוטב צ'ילי מתוק 370 גרם,נפטון מוצרי מזון (1990),,רוטב צ`ילי מתוק 370ג,גרמים,340.00,100 גרם,false,,13.00,0.0382,true,1,34788
877300003280,false,רוטב סויה צנצנת 340 גרם,נפטון מוצרי מזון (1990),,רוטב סויה 350 גרם,גרמים,350.00,100 גרם,false,,13.00,0.0371,true,1,34804
877300009367,false,ממרח פסטו קלאסי בזיל,,,ממרח פסטו בזיליקום נ,גרמים,180.00,100 גרם,false,,12.90,0.0717,true,1,34850
877300009848,false,מלח לימון 150 גרם נפ,,,מלח לימון 150 גרם נפ,גרמים,150.00,100 גרם,false,,10.90,0.0727,true,1,34855
3014260228842,false,"קצף גילוח ג'ילט לעור רגיל 200 מ""ל",דיפלומט מפיצים (1968) בעמ,,קצף גילוח רגיל ג'ילט,מיליליטרים,200.00,"100 מ""ל",false,,14.90,0.0745,true,1,26771
3046920029759,false,אקסלנס שוקולד מריר 90% לינדט (100 גרם),לינדט ושפרונגלי קילשברג,,לינדט אקסלנס 90% 100,גרמים,100.00,100 גרם,false,,14.90,0.1490,true,1,13714
3073781162790,false,גבינה מותכת בייבי בל 120 גרם,א. סיימן סחר בעמ,,בייבי בל 24% אדום 12,גרמים,120.00,100 גרם,false,,22.90,0.1908,true,1,460769
3073781177220,false,גבינה בייבי בל אדום 120 גר`,א. סיימן סחר בעמ,,גבינת בייבי בל רול 1,גרמים,102.00,100 גרם,false,,21.90,0.2147,true,1,537381
3161911229199,false,חמאה צרפתית רכה למריחה אל & ויר 250 גרם,א. סיימן סחר בעמ,,אלוויר חמאה רכה 250ג,גרמים,250.00,100 גרם,false,,21.90,0.0876,true,1,16719
3178530402353,false,עוגות מיני מדלן קלאסי סאן מישל 175 גרם,סאן מישל ביסוויט,,עוגיות רכות מיני מדל,גרמים,175.00,100 גרם,false,,12.90,0.0737,true,1,16730
3178530407938,false,עוגיות מיני מדליין עם שוקוצ'יפס סאן מישל 175 גרם,א. סיימן סחר בעמ,,עוגיות שוקולד צ'יפס,גרמים,175.00,100 גרם,false,,12.90,0.0737,true,1,16732
3178530417357,false,בראוניז שוקולד לבן סנט מישל 210 גרם,א. סיימן סחר בעמ,,בראוניז שוקולד לבן ס,גרמים,210.00,100 גרם,false,,16.90,0.0805,true,1,301653
3245412211393,false,שוקולד חלב מעולה קרפ,,FR,שוקולד חלב מעולה קרפ,גרמים,300.00,100 גרם,false,,7.90,0.0263,true,1,486442
3270190151654,false,שוקולד מריר מעולה עם,,FR,שוקולד מריר מעולה עם,גרמים,100.00,100 גרם,false,,5.90,0.0590,true,1,485841
3270190174936,false,שוקולד חלב עם תכולת,,FR,שוקולד חלב עם תכולת,גרמים,100.00,100 גרם,false,,5.90,0.0590,true,1,485857
3560070232963,false,קרפור-חליטת פירות יע,,,קרפור-חליטת פירות יע,גרמים,40.00,100 גרם,false,,6.90,0.1725,true,1,569677
3560070582884,false,קרפור סטייליס עם שוק,,,קרפור סטייליס עם שוק,גרמים,300.00,100 גרם,false,,8.90,0.0297,true,1,555907
3560070701407,false,שוקולד מריר מעולה עם,,FR,שוקולד מריר מעולה עם,גרמים,100.00,100 גרם,false,,5.90,0.0590,true,1,485842
3560070720859,false,שוקולד מריר מעולה 72,,FR,שוקולד מריר מעולה 72,גרמים,80.00,100 גרם,false,,4.90,0.0613,true,1,485825
3560070852086,false,קרפור-תה ירוק בטעם נ,,,קרפור-תה ירוק בטעם נ,גרמים,40.00,100 גרם,false,,6.90,0.1725,true,1,569692
3560070852116,false,קרפור-תה ירוק נענע 5,,,קרפור-תה ירוק נענע 5,גרמים,80.00,100 גרם,false,,6.90,0.0863,true,1,569693
3560070888115,false,קרפור-חליטת טיליה 25,,,קרפור-חליטת טיליה 25,גרמים,42.50,100 גרם,false,,6.90,0.1624,true,1,569663
3560070888122,false,קרפור-חליטת קמומיל 2,,,קרפור-חליטת קמומיל 2,גרמים,30.00,100 גרם,false,,6.90,0.2300,true,1,569648
3560070928194,false,קרפור-חליטת לואיזה 2,,,קרפור-חליטת לואיזה 2,גרמים,32.50,100 גרם,false,,6.90,0.2123,true,1,569649
3560070928347,false,קרפור-חליטת רויבוש ו,,,קרפור-חליטת רויבוש ו,גרמים,40.00,100 גרם,false,,6.90,0.1725,true,1,569678
3560071013127,false,קרפור סטייליס עם שוק,,,קרפור סטייליס עם שוק,גרמים,300.00,100 גרם,false,,8.90,0.0297,true,1,555924
3560071013196,false,קרפור סטייליס בטעם ט,,,קרפור סטייליס בטעם ט,גרמים,500.00,100 גרם,false,,9.90,0.0198,true,1,555925
3560071016074,false,פתיתי תירס קלויים קר,,,קרפור קורונפלקס 500,גרמים,500.00,100 גרם,false,,7.90,0.0158,true,1,555956
3560071341947,false,שמן זית כתית מעולה ב,,FR,שמן זית כתית מעולה ב,מיליליטרים,750.00,"100 מ""ל",false,,11.50,0.0153,true,1,554984
3560071431914,false,קפסולות קפה קרפור עו,,FR,קפסולות קפה קרפור עו,גרמים,52.00,100 גרם,false,,7.90,0.1519,true,1,556713
3560071432034,false,קפסולות קפה נטול קרפ,,FR,קפסולות קפה נטול קרפ,גרמים,52.00,100 גרם,false,,7.90,0.1519,true,1,556743
3560071432096,false,קפסולות קפה קרפור עו,,FR,קפסולות קפה קרפור עו,גרמים,52.00,100 גרם,false,,7.90,0.1519,true,1,556745
3560071432331,false,קפסולות קפה לאוס קרפ,,FR,קפסולות קפה לאוס קרפ,גרמים,52.00,100 גרם,false,,7.90,0.1519,true,1,556752
3560071432362,false,קפסולות קפה קניה קרפ,,FR,קפסולות קפה קניה קרפ,גרמים,52.00,100 גרם,false,,7.90,0.1519,true,1,556753
3600523652259,false,"לוריאל - אלביב מרכך קולור פרוטקט 550 מ""ל",לוריאל ישראל קוסמטיקס בעמ,,מרכך קולור אלביב 550,מיליליטרים,550.00,"100 מ""ל",false,,14.90,0.0271,true,1,12292
3600523652280,false,"לוריאל אלביב שמפו מועשר ב 6 שמנים, 550 מ""ל",לוריאל ישראל קוסמטיקס בעמ,,שמפו 6 שמנים אלביב 5,מיליליטרים,550.00,"100 מ""ל",false,,14.90,0.0271,true,1,12295
3600523652297,false,"מרכך לשיער אלביב זהב 6 שמנים , 550 מ""ל",לוריאל ישראל קוסמטיקס בעמ,,מרכך 6 שמנים אלביב 5,מיליליטרים,550.00,"100 מ""ל",false,,14.90,0.0271,true,1,12296
3614224050986,false,"אדידס - דאודורנט ספריי לגבר אדיפאוור 72 שעות 150 מ""ל","ב.א מזון בע""מ",,דאודורנט ספריי לגבר,מיליליטרים,150.00,"100 מ""ל",false,,12.90,0.0860,true,1,107003
3661163970448,false,"אדידס דאודורנט ספריי מקס פרש לגברים 200 מ""ל",מיוצר עי קונדיטוריית,,דאו' ספריי לגבר פרש,מיליליטרים,200.00,"100 מ""ל",false,,15.90,0.0795,true,1,5566
3800020403631,false,קיט קט וופל פריך עם קרם בוטנים (19%) בציפוי שוקולד חלב (61.8%),קבוצת אוסם סחר שותפות מוגבלת,,קיט קט צ'אנקי חמאת ב,גרמים,42.00,100 גרם,false,,3.90,0.0929,true,1,41940
3800020423578,false,חטיף שוקולד חלב צאנקי 40 ג' קיט קט,קבוצת אוסם סחר שותפות מוגבלת,,קיט קט צאנקי 40 גרם,גרמים,40.00,100 גרם,false,,3.90,0.0975,true,1,41942
4000417026002,false,שוקולד ריטר ספורט פרלין 100 גרם חלב נוכרי,ריטר ספורט Ritter sport,,שוקולד חלב ממולא קרם,גרמים,100.00,100 גרם,false,,8.90,0.0890,true,1,12667
4002448019480,false,"סיליט באנג מסיר שומנים רב שימושי 750 מ""ל",רקיט בנקיזר (ניר איסט) בעמ,,סיליט באנג ספריי מסי,מיליליטרים,750.00,"100 מ""ל",false,,14.90,0.0199,true,1,20805
4005900036483,false,"ניוואה - דאודורנט ספריי לגבר שקוף בלק וווי 150 מ""ל",בטר אנד דיפרנט,,ניוואה דאודורנט ספרי,מיליליטרים,150.00,"100 מ""ל",false,,14.90,0.0993,true,1,51160
4005900036568,false,ניוואה דאודורנט רולאון ספריי לאישה בלק אנד וויט 150 מ''ל,אלפא- ב.ד.ף בעמ,,ניוואה דאודורנט ספרי,מיליליטרים,150.00,"100 מ""ל",false,,14.90,0.0993,true,1,51162
4009300522935,false,תה ירוק לימונית ולואיזה פומפדור 20 יחידות,"איטיליאן פוד, אס.פי.",,פומפדור תה ירוק לימו,גרמים,30.00,100 גרם,false,,16.90,0.5633,true,1,21317
4009300524588,false,חליטת צמחים פומפדור פירות יער 20 יחידות,ש. שסטוביץ בע`מ,,פומפדור חליטת פירות,גרמים,60.00,100 גרם,false,,15.90,0.2650,true,1,21319
4009309740422,false,רסק תפוחים אורגני – נטורפוד 700 גרם,נטורפוד בעמ,,רסק תפוחים אורגני 70,גרמים,700.00,100 גרם,false,,15.90,0.0227,true,1,109112
4009900013581,false,מסטיק אורביט סטיקס מארז חמישייה ללס בטע,"מרס ריגלי ישראל בע""מ",,אורביט סטיקס ספירמינ,גרמים,65.00,100 גרם,false,,9.90,0.1523,true,1,20660
4009900402965,false,אורביט וויט בטעם פירות בקבוקון 46מלבניות,"מרס ריגלי ישראל בע""מ",,אורביט וויט פירות בק,גרמים,64.00,100 גרם,false,,10.50,0.1641,true,1,20670
4009900403023,false,אורביט וויט בטעם מנטה בקבוקון 46 מלבניות,"מרס ריגלי ישראל בע""מ",,אורביט וויט מנטה בקב,גרמים,64.00,100 גרם,false,,10.50,0.1641,true,1,20671
4009900420129,false,מסטיק אורביט פרופשנל פפרמינט בקבוקון 64 גר',"מרס ריגלי ישראל בע""מ",,אורביט פרופשייונל פפ,גרמים,64.00,100 גרם,false,,10.50,0.1641,true,1,20678
4009900455299,false,"סוכרית ג'לי אדומה 174 גרם ""סקיטלס""","מרס ריגלי ישראל בע""מ",,סקיטלס פירות 174 גר,גרמים,174.00,100 גרם,false,,7.90,0.0454,true,1,20685
4009900465304,false,סוכריות סקיטלס פירות חמוצים 174 גרם,"מרס ריגלי ישראל בע""מ",,סקיטלס פירות חמוצים,גרמים,174.00,100 גרם,false,,7.90,0.0454,true,1,20688
4009900531122,false,"מסטיק בטעם מנטה ספירמינט, 64 ג' פרופשיונל אורפיט","מרס ריגלי ישראל בע""מ",,אורביט פרופשייונל ספ,גרמים,64.00,100 גרם,false,,10.50,0.1641,true,1,20730
4009900531573,false,סוכריות סקיטלס סמודיס בטעמי יוגורט ופירות,"מרס ריגלי ישראל בע""מ",,סקיטלס סמודיס 174 גר,גרמים,174.00,100 גרם,false,,7.90,0.0454,true,1,20731
4011800567613,false,מאגדת קורני מילק דרק & ואיט 120 גרם,מיוצר עי קונדיטוריית,,חטיף דגנים סנדוויץ ש,גרמים,120.00,100 גרם,false,,11.90,0.0992,true,1,13739
4011800628512,false,חטיף קורני שוקולד חלב 6 יח 150 גר,מיוצר עי קונדיטוריית,,חטיף דגנים עם שוקולד,גרמים,150.00,100 גרם,false,,11.90,0.0793,true,1,13744
4011800630515,false,חטיף קורני שוקולד חלב ובננה 6 יח 150 גר,מיוצר עי קונדיטוריית,,חטיף דגנים עם שוקולד,גרמים,150.00,100 גרם,false,,11.90,0.0793,true,1,13746
4014400901412,false,מרסי בונבוניירה שוק`מריר 250 גר כשלפ,ליימן שליסל בע`מ,,מרסי מריר 250 גרם,גרמים,250.00,100 גרם,false,,24.90,0.0996,true,1,12701
4014400904390,false,סוכריות טופי ממולא חלב סטורק 325 גרם,קריניציה ויטמינה אס,,סוכריות וולמליש 325ג,גרמים,325.00,100 גרם,false,,14.90,0.0458,true,1,12707
4014400910063,false,סוכריות חמאה וורטרס אורגינל (135 גרם),ליימן שליסל בע`מ,,סוכריות חמאה וורטר 1,גרמים,135.00,100 גרם,false,,8.90,0.0659,true,1,12711
4014400913910,false,וורטרס אורגינל סוכריות חמאה ממולאות קרם קרמל בשקית,ליימן שליסל בע`מ,,125 סוכריות וורטר קר,גרמים,125.00,100 גרם,false,,8.90,0.0712,true,1,12712
4014400920857,false,וורטר אורגינל ללא סוכר בטעם שוקולד-שקית 70 גרם,קריניציה ויטמינה אס,,וורטרס ללא סוכר טעם,גרמים,70.00,100 גרם,false,,8.90,0.1271,true,1,12720
4014400923711,false,בונבוניירה שוקולד אגוזים טופיפי 125 גרם,ליימן שליסל בע`מ,,טופיפי בונבונירה שוק,גרמים,125.00,100 גרם,false,,11.90,0.0952,true,1,12721
4014400929010,false,וופל מיני קנופרס 200 גר 10 גר*20 יחידות,ליימן שליסל בע`מ,,וופל מיני קנופרס 200,גרמים,200.00,100 גרם,false,,19.90,0.0995,true,1,386522
4015000031394,false,"ספטיל - משחה להסרת כתמים 200 מ""ל",גורי שיווק בעמ,,מסיר כתמים ספטיל 200,גרמים,200.00,100 גרם,false,,15.90,0.0795,true,1,34864
4015400564034,false,מגן תחתון אולוויז מגה פק לונג פלוס 58 יחידות,דיפלומט מפיצים (1986) בע`מ,,מגן תחתון לונג פלוס,יחידה,0.00,יחידה,false,,18.90,0.0000,true,1,26871
4015400564454,false,מגני תחתון אולוויז לארג' עם ניחוח מגה פק,דיפלומט מפיצים (1986) בע`מ,,מגן תחתון לארג מגה פ,יחידה,0.00,יחידה,false,,18.90,0.0000,true,1,26875
4015400990482,false,אבקת כביסה אריאל קולור 3 ק`ג,דיפלומט מפיצים (1986) בע`מ,,אבקת כביסה אריאל קול,קילוגרמים,3.00,"ק""ג",false,,34.90,11.6333,true,1,26951
4017100160417,false,בלזן גלילי וופל במילוי קרם בטעם וניל 75 גר',ליימן שליסל בע`מ,,בלזן וופל קרמי וניל,גרמים,75.00,100 גרם,false,,8.90,0.1187,true,1,41953
4018722100133,false,איטריות כוסמין וביצים אורגניות למרק 250ג,נטורפוד בעמ,,אלב גולד - איטריות כ,גרמים,250.00,100 גרם,false,,13.90,0.0556,true,1,109094
4018722102656,false,ספגטי כוסמין אורגני 500 גרם,נטורפוד בעמ,,אלב גולד - ספגטי כוס,גרמים,500.00,100 גרם,false,,14.90,0.0298,true,1,109151
4025700001962,false,מילקה טבלה 100 גר' לבן 1/22 (4248023),דיפלומט מפיצים (1968) בעמ**,,מילקה שוקולד לבן 100,גרמים,100.00,100 גרם,false,,6.90,0.0690,true,1,69767
4065698201166,false,דונאטס מילקה אריזת זוג בלדי,בלדי בעמ,,זוג דונאטס מילקה,גרמים,146.00,100 גרם,false,,15.90,0.1089,true,1,245808
4065698201180,false,דונאטס מילקה יחידה,בלדי בעמ,,דונאטס מילקה יחידה,גרמים,73.00,100 גרם,false,,7.90,0.1082,true,1,245822
4210201262183,false,מברשת שיניים חשמלית ויטליטי Vitality נטענת,דיפלומט מפיצים (1968) בעמ,,אורל בי מברשת חשמלית,יחידה,0.00,יחידה,false,,100.90,0.0000,true,1,71186
4640018993374,false,קפסולות ג'יל רגיל קואנטום 45 יח' פיניש,רקיט בנקיזר (ניר איסט) בעמ,,פיניש קוואנטום לימון,יחידה,0.00,יחידה,false,,50.90,0.0000,true,1,66505
4640018993398,false,פיניש קוואנטום 60 יח' קפסולות ג'ל למדיח כלים,רקיט בנקיזר (ניר איסט) בעמ,,פיניש קוואנטום למדיח,יחידה,0.00,יחידה,false,,60.90,0.0000,true,1,66506
4800888190529,false,דאב - דאודורנט סטיק לאישה טאלק סופט 50 גרם,יוניליוור ישראל שיווק בע`מ,,דאו' סטיק טאלק סופט,גרמים,50.00,100 גרם,false,,14.90,0.2980,true,1,10082
5000396037531,false,מקוויטיס ביסקוויט מצופה שוקולד חלב 200 גרם,תה ויסוצקי (ישראל)בעמ,,מקוויטיס מצופה שוקול,גרמים,200.00,100 גרם,false,,10.90,0.0545,true,1,24581
5000396037548,false,מקוויטיס ביסקוויט מצופה שוקולד מריר 200 גרם,תה ויסוצקי (ישראל)בעמ,,מקוויטיס מצופה שוקול,גרמים,200.00,100 גרם,false,,10.90,0.0545,true,1,24582
5010123703547,false,ליסטרין פרש בורסט 500 מל-יבוא מקביל,בית הצעצוע בעמ,,מי פה פרש בוסט ליסטר,מיליליטרים,500.00,"100 מ""ל",false,,14.90,0.0298,true,1,51791
5010677551397,false,"בקרדי בריזר בטעם לימון ליים 275 מ""ל",בקרדי בריזר Bacardi Breezer,,בקרדי בריזר ליים,מיליליטרים,275.00,"100 מ""ל",false,,13.90,0.0505,true,1,9279
5014271350424,false,מעדן ארבעה פירות ללא תוספת סוכר 284 גרם,סאן דלפור - שמבור,,סאן דלפור מעדן ארבע,גרמים,284.00,100 גרם,false,,20.90,0.0736,true,1,16769
5014271360423,false,"מעדן תפוזים לל""ס סאן דלפור 284 גרם",סאן דלפור - שמבור,,סאן דלפור מעדן תפוז,גרמים,284.00,100 גרם,false,,20.90,0.0736,true,1,16770
5029053523446,false,קוטקס - תחבושות אולטרה נייט + כנפיים 20 יח',קימברלי קלארק ישראל שיווק בעמ,,תחבושות אולטרה נייט+,יחידה,0.00,יחידה,false,,17.90,0.0000,true,1,8807
5029054220085,false,האגיס - מגבוני האגיס אקסטרה קר לא מבושם 56 יח' * 4,קימברלי קלארק ישראל שיווק בעמ,,האגיס אקסטרה קר מגבו,יחידה,0.00,יחידה,false,,24.90,0.0000,true,1,8825
5060751219033,false,"משקה אנרגיה מונסטר אנרג'י זירו paradise בפחית 500 מ""ל",החברה המרכזית להפצת משקאות בעמ,,מונסטר אולטרה פרדייז,מיליליטרים,500.00,"100 מ""ל",false,,6.90,0.0138,true,1,419827
5201004021328,false,קפריס רולס גלילי וופל במילוי קרם אגוזי לוז וקקאו,אי. ג'יי פאפאדופולוס,,קפריס רולס קלאסיק 11,גרמים,115.00,100 גרם,false,,8.90,0.0774,true,1,131917
5203064007625,false,עוגיות שוקולד צ'יפס 180 גרם תומר,,,תומר עוגיות שוקו צ'י,גרמים,180.00,100 גרם,false,,8.90,0.0494,true,1,272374
5410126116953,false,ממרח ביסקוויט קרמל לוטוס (400 גרם),דיפלומט מפיצים (1968) בעמ**,,לוטוס ממרח ביסקוויט,גרמים,400.00,100 גרם,false,,20.90,0.0522,true,1,5272
5410126716016,false,"עוגיות לוטוס ביסקויט קרמל בד""צ 250 גרם",דיפלומט מפיצים (1968) בעמ**,,ביסקוויט בטעם קרמל ל,גרמים,250.00,100 גרם,false,,11.90,0.0476,true,1,5274
5410291021991,false,ממרח אגוזי לוז עם קקאו צ`וקטה (700 גרם),ש. שסטוביץ בע`מ,,צ`וקטה ממרח אגוזי לו,גרמים,700.00,100 גרם,false,,18.90,0.0270,true,1,41976
5410291022776,false,צ`וקטה ממרח אגוזי לוז עם קקאו 700 גר`,ש. שסטוביץ בע`מ,,צ`וקטה ממרח אגוזי לו,גרמים,700.00,100 גרם,false,,18.90,0.0270,true,1,41981
5411081008192,false,"בירה קסטיל רוז 330 מ""ל פחית",מבשלת קסטל ואן הונסב,,בירה קסטיל רוז' 300,מיליליטרים,330.00,"100 מ""ל",false,,11.90,0.0361,true,1,568897
5411188110835,false,אלפרו חלב סויה שקדים וניל 1ל',הנסיך- מפעל לייצור ט,,אלפרו משקה שקדים 1 ל,ליטרים,1.00,ליטר,false,,13.90,13.9000,true,1,21368
5411188126195,false,אלפרו משקה שקדים אורגני 1ל מפוקח סקאל,שטראוס גרופ בע`מ,,אלפרו משקה שקדים אור,ליטרים,1.00,ליטר,false,,13.90,13.9000,true,1,21390
5411188134985,false,אלפרו 3.5% NOT M*LK שיבולת שועל 1 ליטר בית יוסף,שטראוס גרופ בעמ/מצונן,,אלפרו 3.5% שומן NOT,ליטרים,1.00,ליטר,false,,12.90,12.9000,true,1,193115
5411188135005,false,אלפרו 1.8% NOT M*LK שיבולת שועל 1 ליטר בית יוסף,שטראוס גרופ בעמ/מצונן,,אלפרו 1.8% שומן NOT,ליטרים,1.00,ליטר,false,,12.90,12.9000,true,1,197338
5411188513483,false,"סויה לבישול 14% שומן אלפרו 250 מ""ל",שטראוס גרופ בעמ/מצונן,,אלפרו סויה לבישול 14,מיליליטרים,250.00,"100 מ""ל",false,,9.90,0.0396,true,1,345561
5413121355082,false,שוקולד בלגי מריר משובח 72 פרסטיז 100 גרם,BCG,,שוקולד בלגי מריר 72%,גרמים,100.00,100 גרם,false,,11.90,0.1190,true,1,527261
5413149922907,false,"אבקת כביסה קולור וסטייל 5 ק""ג אריאל",דיפלומט מפיצים (1986) בע`מ,,אריאל אבקת כביסה קול,קילוגרמים,5.00,"ק""ג",false,,45.90,9.1800,true,1,27254
5413149922938,false,"אריאל אבקת כביסה שושן צחור, 5 ק""ג",דיפלומט מפיצים (1986) בע`מ,,אריאל אבקת כביסה שוש,קילוגרמים,5.00,"ק""ג",false,,45.90,9.1800,true,1,27255
5420066370018,false,טראפל בלגי קקאו 150 גרם,,,טראפל שוקולד בלגי קק,גרמים,150.00,100 גרם,false,,14.90,0.0993,true,1,528429
5601008200444,false,עוגיות גודיס טבעות מצופות שוקולד חלב מרבה 150 גרם,הנסיך- מפעל לייצור ט,,גודיס עוגיות טבעת מצ,גרמים,150.00,100 גרם,false,,6.90,0.0460,true,1,21393
5601008200468,false,עוגיות גודיס טבעות מצופות שוקולד לבו מרבה 150 גרם,קריניציה ויטמינה אס,,גודיס עוגיות טבעת מצ,גרמים,150.00,100 גרם,false,,6.90,0.0460,true,1,21395
5701932026964,false,"הוטפופ גרעיני תירס להכנת פופקורן במיקרוגל בטעם טבעי, בתוספת מלח, 600 גרם",ליימן שליסל בע`מ,,הוט פופ .פופקורן עם,גרמים,600.00,100 גרם,false,,14.90,0.0248,true,1,12731
5701932026971,false,הוטפופ גרעיני תירס להכנת פופקורן במיקרוגל בטעם חמאה 600 גרם,ליימן שליסל בע`מ,,הוט פופ פופקורן בטעם,גרמים,600.00,100 גרם,false,,14.90,0.0248,true,1,12732
5711953106583,false,גבינת שמנת בטעם טבעי 200 גרם ארלה,שטראוס גרופ בעמ/מצונן,,ארלה גבינת שמנת טבעי,גרמים,200.00,100 גרם,false,,15.90,0.0795,true,1,23226
5711953148347,false,גבינת שמנת בטעם טבעי 300 גרם ארלה,שטראוס גרופ בעמ (ח),,גבינת שמנת טבעי ארלה,גרמים,300.00,100 גרם,false,,23.90,0.0797,true,1,554776
5740900403215,false,ממרח חמאה דנית לורפק עם מלח 250 גרם,שטראוס גרופ בעמ/מצונן,,ממרח לורפק עם מלח 25,גרמים,250.00,100 גרם,false,,16.90,0.0676,true,1,23229
5740900403239,false,ממרח חמאה דנית לורפק ללא מלח 250 גרם,שטראוס גרופ בעמ/מצונן,,ממרח לורפק ללא מלח 2,גרמים,250.00,100 גרם,false,,16.90,0.0676,true,1,23231
5740900403246,false,ממרח לורפק ללא תוספת מלח 500 גר,שטראוס גרופ בעמ/מצונן,,ממרח לורפק ללא מלח 5,גרמים,500.00,100 גרם,false,,28.90,0.0578,true,1,23232
5740900403253,false,ממרח מחמאת לורפק עם מלח 500 ג',שטראוס גרופ בעמ/מצונן,,ממרח לורפק עם מלח 50,גרמים,500.00,100 גרם,false,,28.90,0.0578,true,1,23233
5740900403260,false,ממרח מחמאת לורפק ללא מלח 27% פחות שומן,שטראוס גרופ בעמ/מצונן,,ממרח לורפק ללא מלח מ,גרמים,250.00,100 גרם,false,,16.90,0.0676,true,1,23234
5740900403284,false,חמאה ללא מלח 200 גרם לורפק כשרות או קיי,שטראוס גרופ בעמ/מצונן,,חמאת לורפק ללא מלח 2,גרמים,200.00,100 גרם,false,,10.90,0.0545,true,1,88831
5900020015174,false,פיטנס חטיפי אנרגיה דגנים בטעם שוקולד נסטלה 6*23.5 גרם,קבוצת אוסם סחר-שות.מוגבלת,,פיטנס חטיף דגנים שוק,גרמים,141.00,100 גרם,false,,14.90,0.1057,true,1,18390
5900020018908,false,פיטנס חטיפי אנרגיה דגנים בטעם קרם עוגיות נסטלה 6*23.5 גרם,קבוצת אוסם סחר-שות.מוגבלת,,פיטנס חטיף דגנים קרם,גרמים,141.00,100 גרם,false,,14.90,0.1057,true,1,18391
5900020020710,false,מארז חטיף דגנים קראנץ' בטעם שוקו וניל נסטלה,קבוצת אוסם סחר שותפות מוגבלת,,חטיף דגנים קראנץ בר,גרמים,150.00,100 גרם,false,,16.90,0.1127,true,1,18393
5900020022325,false,חטיף סיני מיניס Cini Minis בטעם קינמון - 6 במארז,קבוצת אוסם סחר שותפות מוגבלת,,חטיף דגנים סיני מיני,גרמים,150.00,100 גרם,false,,16.90,0.1127,true,1,18396
5900020024770,false,פיטנס - דליס חטיף דגנים שוקולד אגוז 22.50 גרם * 6,קבוצת אוסם סחר שותפות מוגבלת,,פיטנס בר דליס שוקולד,גרמים,135.00,100 גרם,false,,14.90,0.1104,true,1,18397
5900020026552,false,דגני בוקר האני נאט צ'יריוס בטעם דבש ושקדים,קבוצת אוסם סחר שותפות מוגבלת,,האני נאט ציריוס נסטל,גרמים,625.00,100 גרם,false,,24.90,0.0398,true,1,18405
5900020029669,false,פיטנס - חטיף דגנים פירות יער 23.50 גרם * 6,קבוצת אוסם סחר שותפות מוגבלת,,פיטנס חטיף דגנים פיר,גרמים,141.00,100 גרם,false,,14.90,0.1057,true,1,18407
5900020032454,false,מארז חטיף פיטנס עוגיות 8 X 23.5 גרם,קבוצת אוסם סחר שותפות מוגבלת,,חטיף דגנים עוגיות פ,גרמים,188.00,100 גרם,false,,16.90,0.0899,true,1,166363
5900020032539,false,מארז חטיף פיטנס שוקולד 8 X 23.5 גרם,קבוצת אוסם סחר שותפות מוגבלת,,חטיף דגנים שוקולד פ,גרמים,188.00,100 גרם,false,,16.90,0.0899,true,1,166377
5900020036407,false,ליון דגני בוקר שוקולד וקרמל נסטלה 480 גרם,קבוצת אוסם סחר שותפות מוגבלת,,דגני בוקר שוקולד וקר,גרמים,480.00,100 גרם,false,,24.90,0.0519,true,1,64456
5900020039620,false,פיטנס חטיף דגנים שקדים ודבש פרווה 8 6*23 ג,קבוצת אוסם סחר שותפות מוגבלת,,חטיף דגנים שקדים ודב,גרמים,141.00,100 גרם,false,,14.90,0.1057,true,1,240217
5900627063233,false,טבליות למדיח הכל ב-1 פיניש מקס 50 יחידות,רקיט בנקיזר (ניר איסט) בעמ,,50 יח AIO טבליות פינ,גרמים,800.00,100 גרם,false,,39.90,0.0499,true,1,20870
5902768862553,true,עוגיות בוגטי שוקולד,,,עוגיות בוגטי שוקולד,גרמים,155.00,100 גרם,false,,5.90,0.0381,true,1,49901
5902768862683,true,עוגיות טוויט שוקולד,,,עוגיות טוויט שוקולד,גרמים,155.00,100 גרם,false,,5.90,0.0381,true,1,49902
5904941751302,false,משקה אנרגיה בפחית בלו (250 מל),בני פאוזי שמשום (2009) בעמ,,בלו משקה אנרגיה 250,מיליליטרים,250.00,"100 מ""ל",false,,4.50,0.0180,true,1,1814
5904941751715,false,משקה אנרגיה Blu פחיתבטעם חמוציות 250מל,בני פאוזי שמשום (2009) בעמ,,בלו משקה אנרגיה קרנב,מיליליטרים,250.00,"100 מ""ל",false,,4.50,0.0180,true,1,1816
5906485301012,false,משקה אנרגיה XL מוגז פחית 250 מל,"טמפו משקאות בע""מ",,אקס אל משקה אנרגיה 2,מיליליטרים,250.00,"100 מ""ל",false,,4.50,0.0180,true,1,9289
5997321701806,false,אבקה למניעת אבנית במכונת כביסה 2 ב-1,רקיט בנקיזר (ניר איסט) בעמ,,"קלגון אבקה 1 ק""ג",קילוגרמים,1.00,"ק""ג",false,,30.90,30.9000,true,1,20873
6111094000259,false,קוסקוס דארי בינוני 500 גר`,תומר ייבוא ושיווק מוצרי מזון [,,קוסקוס בינוני דארי 5,גרמים,500.00,100 גרם,false,,8.90,0.0178,true,1,24929
6224009175192,false,"תות שדה 1 ק""ג קפוא ב",O.K FRUIT,,"תות שדה 1 ק""ג קפוא ב",קילוגרמים,1.00,"ק""ג",false,,14.90,14.9000,true,1,51556
6910191800287,false,אצות נורי בלו 10 דף (ננגטונג),מזרח ומערב יבוא ושיווק,,אצות נורי לסושי מזרח,גרמים,25.00,100 גרם,false,,11.90,0.4760,true,1,47578
6912977000140,false,אטריות שעועית 250 גר' ( Yantai)ללא גלוטן(כ),מזרח ומערב יבוא ושיווק,,אטריות שעועית ללא גל,גרמים,250.00,100 גרם,false,,8.90,0.0356,true,1,47579
7290000000626,false,ברוקולי ארוז במגשית,,,ברוקולי ארוז במגשית,יח',1.00,יח',false,,9.90,9.9000,true,1,281689
7290000001056,false,לחם אחיד 750 גרם,,,לחם אחיד 750 גרם,גרמים,750.00,100 גרם,false,,4.90,0.0065,true,1,4456
7290000001104,false,פטריות חורש מיני ארוז 200 ג',"בכורי השדה צפון1994 ג.ד. בע""מ",,פטריות חורש ארוז,יח',1.00,יח',false,,9.90,9.9000,true,1,44790
7290000001579,true,סלרי אמריקאי כשר,,,סלרי אמריקאי כשר,יח',1.00,יח',false,,6.90,6.9000,true,1,47743
7290000004655,false,מוצרלה מעושנת גד 22%,,,מוצרלה מעושנת גד 22%,קילוגרמים,1.00,"ק""ג",true,,80.00,80.0000,true,1,14566
7290000004792,false,בולגרית מעודנת גד 5%,,,בולגרית מעודנת גד 5%,קילוגרמים,1.00,"ק""ג",true,,56.00,56.0000,true,1,14569
7290000004815,false,מוצרלה גד 22% במשקל,,,מוצרלה גד 22% במשקל,קילוגרמים,1.00,"ק""ג",true,,80.00,80.0000,true,1,14570
7290000004976,false,גבינות שמנת זיתים גד,,,גבינות שמנת זיתים גד,קילוגרמים,1.00,"ק""ג",true,,47.00,47.0000,true,1,14577
7290000009350,false,בשר טחון טרי,,,בשר טחון טרי,קילוגרמים,1.00,"ק""ג",true,,37.90,37.9000,true,1,541294
7290000009351,false,בשר טחון חלק טרי,,,בשר טחון חלק טרי,קילוגרמים,1.00,"ק""ג",true,,37.90,37.9000,true,1,541453
7290000009352,false,בשר טחון פרימיום טרי,,,בשר טחון פרימיום טרי,קילוגרמים,1.00,"ק""ג",true,,49.90,49.9000,true,1,541580
7290000009358,false,כתף בקר טרי,,,כתף בקר טרי,קילוגרמים,1.00,"ק""ג",true,,64.90,64.9000,true,1,541848
7290000009362,false,צלי כתף טרי,,,צלי כתף טרי,קילוגרמים,1.00,"ק""ג",true,,89.90,89.9000,true,1,542035
7290000009481,false,כתף ע.ע כשר,,,כתף ע.ע כשר,קילוגרמים,1.00,"ק""ג",true,,49.90,49.9000,true,1,554777
7290000010494,false,אוזני פיל בונז'ור,,,אוזני פיל בונז'ור,קילוגרמים,1.00,"ק""ג",true,,21.00,21.0000,true,1,33990
7290000011250,false,שמנת שום שמיר המושב,,,שמנת שום שמיר המושב,קילוגרמים,1.00,"ק""ג",true,,40.00,40.0000,true,1,14787
7290000011593,false,שזיף,,,שזיף,קילוגרמים,1.00,"ק""ג",true,,17.90,17.9000,true,1,50958
7290000013006,false,פסטרמה מקסיקנית זוגל,,,פסטרמה מקסיקנית 1% ז,קילוגרמים,1.00,"ק""ג",true,,80.00,80.0000,true,1,38872
7290000013174,false,פסטרמה של פעם זוגלוב,,,פסט. של פעם 2% זוגלו,קילוגרמים,1.00,"ק""ג",true,,82.00,82.0000,true,1,38876
7290000023809,false,קלאסיק קברנה סובניון יקבי ברקן (750 מל),יקבי ברקן שיווק והפצה בע,,קלאסיק קברנה סובניון,מיליליטרים,750.00,"100 מ""ל",false,,32.90,0.0439,true,1,9310
7290000023977,false,קלאסיק מרלו יקבי ברקן (750 מל),יקבי ברקן שיווק והפצה בע,,קלאסיק מרלו 750מל.,מיליליטרים,750.00,"100 מ""ל",false,,32.90,0.0439,true,1,9317
7290000024523,false,"תירוש של סגל ,מיץ ענבים , 1 ליטר",כרמי צבי - האחים סגל,,תירוש של סגל 1 ליטר,ליטרים,1.00,ליטר,false,,13.90,13.9000,true,1,9328
7290000025786,false,דניס נקי טרי,,,דניס נקי טרי,קילוגרמים,1.00,"ק""ג",true,,69.90,69.9000,true,1,47930
7290000026806,false,קרפיון נקי טרי,,,קרפיון נקי טרי,קילוגרמים,1.00,"ק""ג",true,,34.90,34.9000,true,1,47932
7290000026813,false,אמנון טרי נקי,,,אמנון טרי נקי,קילוגרמים,1.00,"ק""ג",true,,36.90,36.9000,true,1,47933
7290000027995,false,פילה סלמון טרי,,,פילה סלמון טרי,קילוגרמים,1.00,"ק""ג",true,,129.90,129.9000,true,1,47953
7290000032665,false,רוטב עגבניות 28% 580ג' פרי זה,זנלכל בעמ,,רוטב עגבניות 28% ברי,גרמים,580.00,100 גרם,false,,7.52,0.0130,true,1,8614
7290000035324,false,בולגרית חלב נוכרי פי,,,בולגרית חלב נוכרי פי,קילוגרמים,1.00,"ק""ג",true,,41.00,41.0000,true,1,25619
7290000036291,false,צפתית מעודנת מהדרין,,,צפתית מעודנת מהדרין,קילוגרמים,1.00,"ק""ג",true,,58.00,58.0000,true,1,25621
7290000040080,false,יוגורט יופלה אפרסק 3% שומן 150 גרם,"תנובה בע""מ ***",,יופלה אפרסק מאוהב 3%,מיליליטרים,150.00,"100 מ""ל",false,,4.90,0.0327,true,1,25707
7290000040301,false,תנובה עין גדי קממבר מחלב בקר 24% שומן,תנובה מרכז שיתופי לש,,תנובה גבינת קממבר עי,גרמים,125.00,100 גרם,false,,16.90,0.1352,true,1,25708
7290000040974,false,חלב 2% דל לקטוז בקרטון תנובה (1 ליטר),תנובה מרכז שיתופי לש,,חלב תנובה קרטון דל ל,ליטרים,1.00,ליטר,false,,7.10,7.1000,true,1,25712
7290000041407,false,"גיל קטן 3% תנובה 125 מ""ל בד""ץ",תנובה מרכז שיתופי לש,,"גיל 3% בד""צ 125 מ""ל",מיליליטרים,125.00,"100 מ""ל",false,,0.90,0.0072,true,1,25713
7290000041445,false,קוטג תנובה גביע 250 גרם 5% בדצ,מיוצר עי קונדיטוריית,,"קוטג' 5% תנובה בד""צ",גרמים,250.00,100 גרם,false,,5.50,0.0220,true,1,25714
7290000041452,false,גבינת קוטג`9% מהדרין תנובה (250 גרם),תנובה מרכז שיתופי לש,,"קוטג' תנובה בד""צ 9%",גרמים,250.00,100 גרם,false,,5.50,0.0220,true,1,25715
7290000042015,false,חלב 3% בשקית בדצ תנובה (1 ליטר)פיקוח,תנובה מרכז שיתופי לש,,חלב תנובה טרי שקית,יחידה,0.00,יחידה,false,,5.15,0.0000,true,1,25717
7290000042435,false,חלב דל שומן 1% בקרטון תנובה (1 ליטר)פיק,תנובה מרכז שיתופי לש,,חלב תנובה בקרטון 1%,ליטרים,1.00,ליטר,false,,5.55,5.5500,true,1,25723
7290000042442,false,"חלב תנובה טרי 3% ""תנובה"" - מוצר בפיקוח",תנובה בעמ ***,,חלב תנובה בקרטון רבנ,ליטרים,1.00,ליטר,false,,5.94,5.9400,true,1,25724
7290000042640,false,"חלב תנובה עמיד 3% קרטון 250 מ""ל",תנובה מרכז שיתופי לש,,חלב תנובה עמיד 3% מה,מיליליטרים,250.00,"100 מ""ל",false,,2.90,0.0116,true,1,25728
7290000042855,false,"שוקו בשקית 250 מ""ל ""יטבתה""",שטראוס גרופ בעמ/מצונן,,יטבתה שוקו שקית 225,מיליליטרים,225.00,"100 מ""ל",false,,2.90,0.0129,true,1,23240
7290000043012,false,"שוקו עמיד 2% בקרטון 250 מ""ל תנובה",תנובה מרכז שיתופי לש,,שוק שוקו עמיד 2% בקר,מיליליטרים,250.00,"100 מ""ל",false,,4.90,0.0196,true,1,25730
7290000043814,false,השף הלבן שמנת להקצפה 38% שומן 250 מל - מוצר בפיקוח,תנובה מרכז שיתופי לש,,שף לבן שמנת לקצפת עמ,מיליליטרים,250.00,"100 מ""ל",false,,6.18,0.0247,true,1,25733
7290000043890,false,תנובה רויון לבן מחלב מפסוטר 1.5%,תנובה מרכז שיתופי לש,,ריויון 1.5% 1ל,ליטרים,1.00,ליטר,false,,10.90,10.9000,true,1,25734
7290000043944,false,כד יוגורט תנובה 4% שומן 1.5 ליטר,מיוצר עי קונדיטוריית,,יוגורט כדים תנובה 1.,ליטרים,1.50,ליטר,false,,15.90,10.6000,true,1,25735
7290000044880,false,יוגורט בטעם תות שדה 3% באדי (500 גרם),מיוצר עי קונדיטוריית,,באדי תות 3% 500מל,מיליליטרים,500.00,"100 מ""ל",false,,8.90,0.0178,true,1,25741
7290000045580,false,גבינה מותכת נעמה חורש תנובה 240 גרם,תנובה מרכז שיתופי לש,,נעמה גבינת מותכת 25%,גרמים,240.00,100 גרם,false,,17.90,0.0746,true,1,25744
7290000045771,false,יוגורט לבן 4% תנובה (3 ליטר),תנובה מרכז שיתופי לש,,יוגורט כדים תנובה 3,ליטרים,3.00,ליטר,false,,29.90,9.9667,true,1,25745
7290000046020,false,"גלבוע 22% שקילה}גבנ""צ{*.",תנובה מרכז שיתופי לש,,גלבוע 22% במשקל,קילוגרמים,1.00,"ק""ג",true,,40.40,40.4000,true,1,25625
7290000046327,false,גלבוע גבינה צהובה פרוסה 22% תנובה 200 גרם,תנובה מרכז שיתופי לש,,גלבוע גבינה פרוסה 22,גרמים,200.00,100 גרם,false,,12.60,0.0630,true,1,25747
7290000046549,false,גבינת מוצרלה 20% במשקל,תנובה מרכז שיתופי לש,,מוצרלה חריץ תנובה במ,קילוגרמים,1.00,"ק""ג",true,,75.00,75.0000,true,1,25630
7290000046563,false,קולאג 23% פרמזן חריץ תנובה,תנובה מרכז שיתופי לש,,גבע פרמזן תנובה במשק,קילוגרמים,1.00,"ק""ג",true,,109.00,109.0000,true,1,25632
7290000047034,false,רוקפור (26% גליל) חריץ תנובה,תנובה מרכז שיתופי לש,,רוקפור גליל במשקל,קילוגרמים,1.00,"ק""ג",true,,120.00,120.0000,true,1,25635
7290000047485,false,גבינה בולגרית במשקל,תנובה מרכז שיתופי לש,,בולגרית פיראוס 24% ב,קילוגרמים,1.00,"ק""ג",true,,55.90,55.9000,true,1,25637
7290000048185,false,גבינה לבנה 5% תנובה 250 גרם מהדרין,מיוצר עי קונדיטוריית,,גבינה לבנה רכה 5% תנ,גרמים,250.00,100 גרם,false,,4.75,0.0190,true,1,25751
7290000048192,false,גבינה לבנה 9% תנובה 250 גרם מהדרין,מחלבת אלון תבור,,גבינה לבנה רכה 9% בד,גרמים,250.00,100 גרם,false,,4.70,0.0188,true,1,25752
7290000048437,false,גבינת צפתית (2005% גרם)פיראוס תנובה,פארייפאבה אגרואינדוס,,פיראוס צפתית 5% 200,גרמים,200.00,100 גרם,false,,13.90,0.0695,true,1,25755
7290000052311,false,גבינה צהובה עמק לייט 15% שומן 200 גרם,תנובה מרכז שיתופי לש,,עמק מהדרין 15% 200 ג,גרמים,200.00,100 גרם,false,,15.80,0.0790,true,1,25777
7290000052649,false,לאבנה אסלית (5005% גרם)פיראוס תנובה,תנובה מרכז שיתופי לש,,פיראוס לאבנה 5% 500ג,גרמים,500.00,100 גרם,false,,19.90,0.0398,true,1,25779
7290000052946,false,מארז יוגורט יופלה לבן מעודן בדצ 8*150,תנובה מרכז שיתופי לש,,יופלה בדץ מעודן 8*15,ליטרים,1.20,ליטר,false,,19.90,16.5833,true,1,25782
7290000055015,false,פיראוס גבינת פטה כבשים 5% תנובה 250 גרם,תנובה מחלבת טנא נוגה,,פיראוס גבינת פטה כבש,גרמים,250.00,100 גרם,false,,26.90,0.1076,true,1,25791
7290000055329,false,"משקה בוקר יוגורט 1.5% בטעם תות מלון יופלה 250 מ""ל",תנובה מרכז שיתופי לש,,יופלה משקה יוגורט תו,מיליליטרים,250.00,"100 מ""ל",false,,5.50,0.0220,true,1,25793
7290000055343,false,משקה יוגורט יופלה פירות טרופיים 250 גרם,תנובה מרכז שיתופי לש,,יופלה משקה יוגורט טר,מיליליטרים,250.00,"100 מ""ל",false,,5.50,0.0220,true,1,25795
7290000055350,false,גבינה צהובה חריץ עמק 28% במשקל,תנובה מרכז שיתופי לש,,עמק קלאסית 28% במשקל,קילוגרמים,1.00,"ק""ג",true,,42.70,42.7000,true,1,25642
7290000055893,false,חמאה משמנת מפוסטרת 200גרם 82% כ.מהדרין - מוצר בפיקוח,תנובה מרכז שיתופי לש,,חמאה מהדרין תנובה 20,גרמים,200.00,100 גרם,false,,7.88,0.0394,true,1,25801
7290000056845,false,תנובה חלב טרי 3% שומן 1.5 ליטר - מוצר בפיקוח,פארייפאבה אגרואינדוס,,חלב תנובה בקרטון 3%,ליטרים,1.50,ליטר,false,,8.91,5.9400,true,1,25809
7290000056883,false,שמיניית יוגורט יופלה 3% טעמים שונים 150 גרם,תנובה מרכז שיתופי לש,,יופלה טעמים משתנים 3,קילוגרמים,1.20,"ק""ג",false,,29.90,24.9167,true,1,25810
7290000056951,false,"תנובה, השף הלבן, שמנת לבישול 15% שומן 500 מל",תנובה מרכז שיתופי לש,,שף לבן שמנת לבישול +,מיליליטרים,500.00,"100 מ""ל",false,,15.90,0.0318,true,1,25814
7290000057088,false,עמק גבינה צהובה פרוסה דק דק 28% תנובה 200 גרם,תנובה מרכז שיתופי לש,,עמק דק דק 28% 200גר,גרמים,200.00,100 גרם,false,,15.90,0.0795,true,1,25817
7290000057118,false,גבינה צהובה עמק 28% שומן ואקום 400 גרם,תנובה מרכז שיתופי לש,,עמק סמי 28% 400 גר,גרמים,400.00,100 גרם,false,,20.90,0.0522,true,1,25818
7290000057149,false,יוגורט תנובה טבעי 3% גביע 200 גרם,מיוצר עי קונדיטוריית,,תנובה יוגורט טבעי 3%,גרמים,200.00,100 גרם,false,,3.50,0.0175,true,1,25820
7290000057552,false,יופלה דיאט עוגת גבינה ותות 0% גביע 150ג',תנובה - חלב,,יופלה דיאט ע.גבינה ו,מיליליטרים,150.00,"100 מ""ל",false,,4.90,0.0327,true,1,25823
7290000058030,false,"שמיניית יופלה שטוזים משקה יוגורט תות 100 מ""ל",מיוצר עי קונדיטוריית,,יופלה שטוזים משקה יו,מיליליטרים,800.00,"100 מ""ל",false,,20.90,0.0261,true,1,25825
7290000058047,false,שמנת להקצפה 38% 500מל מהדרין עמיד השף הלבן,תנובה מרכז שיתופי לש,,שף לבן שמנת מתוקה מה,מיליליטרים,500.00,"100 מ""ל",false,,11.90,0.0238,true,1,25826
7290000058979,false,גיל בטעם תות 3% שומן 125 ג' תנובה,תנובה מרכז שיתופי לש,,"גיל בטעם תות בד""צ 3%",גרמים,125.00,100 גרם,false,,1.50,0.0120,true,1,25832
7290000060088,false,בייגלה מקלות עם מלח אסם (400 גרם),קבוצת אוסם סחר שותפות מוגבלת,,בייגלה אסם מקלות מלו,גרמים,400.00,100 גרם,false,,9.90,0.0248,true,1,18419
7290000060200,false,פסטה אסם פתיתים אפויים קוסקוס 500גר,קבוצת אוסם סחר שותפות מוגבלת,,פתיתים אפויים קוסקוס,גרמים,500.00,100 גרם,false,,6.90,0.0138,true,1,18423
7290000060217,false,פסטה מקרוני מספר 7 אסם (500 גרם),קבוצת אוסם סחר שותפות מוגבלת,,פסטה מקרוני אסם 500,גרמים,500.00,100 גרם,false,,5.90,0.0118,true,1,18424
7290000060248,false,פסטה אסם פתיתים תלתלים 500 גר',קבוצת אוסם סחר שותפות מוגבלת,,פסטה תלתלים אסם 500,גרמים,500.00,100 גרם,false,,5.90,0.0118,true,1,18425
7290000060316,false,פרפקטו ספגטי מס' 8 אסם 500 גרם,קבוצת אוסם סחר שותפות מוגבלת,,פסטה ספגטי פרפקטו 50,גרמים,500.00,100 גרם,false,,6.90,0.0138,true,1,18427
7290000060330,false,פרפקטו פרפקטו ספיראלי גירף 500 גר,קבוצת אוסם סחר שותפות מוגבלת,,פסטה ספירלי פרפקטו 5,גרמים,500.00,100 גרם,false,,6.90,0.0138,true,1,18429
7290000060408,false,פסטה אסם פתיתים אפויים טבעות 500 גר,קבוצת אוסם סחר שותפות מוגבלת,,פתיתים אפויים טבעות,גרמים,500.00,100 גרם,false,,6.90,0.0138,true,1,18431
7290000060415,false,"פסטה פרפקטו לאזניה 500 ג' ""אסם""",קבוצת אוסם סחר שותפות מוגבלת,,לזאניה פרפקטו 500 ג,גרמים,500.00,100 גרם,false,,12.90,0.0258,true,1,18432
7290000060576,false,פתיתים אפויים כוכבים אסם (500 גרם),קבוצת אוסם סחר שותפות מוגבלת,,פתיתים אפויים כוכבים,גרמים,500.00,100 גרם,false,,6.90,0.0138,true,1,18438
7290000060781,false,פרומנטי פתיתים מסולסלים אוסם,קבוצת אוסם סחר שותפות מוגבלת,,פסטה מסולסלים אסם 50,גרמים,500.00,100 גרם,false,,5.90,0.0118,true,1,18439
7290000060828,false,פסטה קרניים בינוניות אסם (500 גרם),קבוצת אוסם סחר שותפות מוגבלת,,פסטה קרניים בינוניות,גרמים,500.00,100 גרם,false,,5.90,0.0118,true,1,18440
7290000060842,false,פסטה אסם פתיתים צדפים גדולים 500גר,קבוצת אוסם סחר שותפות מוגבלת,,פסטה צדפים גדולים אס,גרמים,500.00,100 גרם,false,,5.90,0.0118,true,1,18441
7290000060880,false,פסטה ספגטי מספר 8 אסם 500 גרם,קבוצת אוסם סחר שותפות מוגבלת,,ספגטי אסם 500 גרם,גרמים,500.00,100 גרם,false,,5.90,0.0118,true,1,18444
7290000060903,false,פסטה אסם פתיתים אפויים אורז 500גר,קבוצת אוסם סחר שותפות מוגבלת,,פתיתים אפויים אורז א,גרמים,500.00,100 גרם,false,,6.90,0.0138,true,1,18445
7290000060965,false,פסטה אסם אטריות רחבות 400גר,קבוצת אוסם סחר שותפות מוגבלת,,אטריות רחבות אסם 400,גרמים,400.00,100 גרם,false,,6.90,0.0173,true,1,18448
7290000061025,false,בולגרית המושבה 5% במ,,,בולגרית המושבה 5% במ,קילוגרמים,1.00,"ק""ג",true,,48.00,48.0000,true,1,14798
7290000061061,false,קרקר חיטה עם בצל אסם,קבוצת אוסם סחר שותפות מוגבלת,,אסם קרקר בצל 250גרם,גרמים,250.00,100 גרם,false,,9.90,0.0396,true,1,18450
7290000061108,false,"רוטב טריאקי 290 מ""ל-בקבוק",קבוצת אוסם סחר שותפות מוגבלת,,רוטב טריאקי אסם 290,מיליליטרים,290.00,"100 מ""ל",false,,9.90,0.0341,true,1,18452
7290000061245,false,עוגיות שוקוצ'יפס במילוי שוקולד אסם 220 גרם,קבוצת אוסם סחר-שות.מוגבלת,,אסם עוגיות שוקוצ'יפס,גרמים,220.00,100 גרם,false,,9.90,0.0450,true,1,18454
7290000061278,false,גבינת שמנת טבעית המו,,,גבינת שמנת טבעית המו,קילוגרמים,1.00,"ק""ג",true,,40.00,40.0000,true,1,14803
7290000062952,false,אוסם - מיני קרוטונים למרק ולסלט 250 גרם,קבוצת אוסם סחר שותפות מוגבלת,,מיני קרוטונים למרק ו,גרמים,250.00,100 גרם,false,,13.90,0.0556,true,1,18463
7290000063140,false,שקדי מרק רכיבים טבעיים בשקית 400 ג' אסם,קבוצת אוסם סחר שותפות מוגבלת,,שקדי מרק רכיבים טבעי,גרמים,400.00,100 גרם,false,,10.90,0.0273,true,1,18468
7290000063157,false,"קמח עוגה תופח מאליו אסם 1 ק""ג",קבוצת אוסם סחר שותפות מוגבלת,,קמח עוגה תופח מאליו,קילוגרמים,1.00,"ק""ג",false,,7.90,7.9000,true,1,18469
7290000064758,false,קוסקוס בינוני אמיתי אסם 350 ג',קבוצת אוסם סחר שותפות מוגבלת,,קוסקוס אמיתי אסם 350,גרמים,350.00,100 גרם,false,,7.90,0.0226,true,1,18479
7290000065090,false,מיני קרוטונים מתובלים למרק ולסלט אסם 400 גרם,קבוצת אוסם סחר שותפות מוגבלת,,מיני קרוטונים למרק ו,גרמים,400.00,100 גרם,false,,20.90,0.0522,true,1,18481
7290000066141,false,ביסלי חטיף בטעם גריל אסם (70 גרם),קבוצת אוסם סחר שותפות מוגבלת,,ביסלי גריל 70 גר'.,גרמים,70.00,100 גרם,false,,3.90,0.0557,true,1,18493
7290000066196,false,ביסלי חטיף בטעם גריל אסם (200 גרם),קבוצת אוסם סחר שותפות מוגבלת,,ביסלי גריל 200גרם,גרמים,200.00,100 גרם,false,,6.90,0.0345,true,1,18498
7290000066226,false,ביסלי חטיף בטעם פיצה אסם (200 גרם),קבוצת אוסם סחר שותפות מוגבלת,,ביסלי טעם פיצה 200גר,גרמים,200.00,100 גרם,false,,6.90,0.0345,true,1,18501
7290000066264,false,דובונים חטיף תפוחי אדמה אסם (40 גרם),קבוצת אוסם סחר שותפות מוגבלת,,דובונים 40גרם,גרמים,40.00,100 גרם,false,,4.50,0.1125,true,1,18502
7290000066295,false,אסם במבה תות מחומרים טבעיים 30גר,קבוצת אוסם סחר שותפות מוגבלת,,במבה מתוקה מחומרים ט,גרמים,30.00,100 גרם,false,,2.90,0.0967,true,1,18503
7290000066318,false,במבה חטיף בוטנים אסם 80 גרם,קבוצת אוסם סחר שותפות מוגבלת,,במבה קלאסי 80 גרם,גרמים,80.00,100 גרם,false,,4.50,0.0563,true,1,18505
7290000066332,false,אפרופו חטיף תירס אסם (50 גרם),קבוצת אוסם סחר שותפות מוגבלת,,אפרופו 50 גרם,גרמים,50.00,100 גרם,false,,5.00,0.1000,true,1,18506
7290000066349,false,אפרופו חטיף תירס אסם (100 גרם),קבוצת אוסם סחר-שות.מוגבלת,,אפרופו 100גרם,גרמים,100.00,100 גרם,false,,8.90,0.0890,true,1,18507
7290000066431,false,פופקו חטיף פופקורן בטעם חמאה ודבש אסם 80 גרם,קבוצת אוסם סחר שותפות מוגבלת,,פופקו חמאה ודבש 80גר,גרמים,80.00,100 גרם,false,,4.90,0.0613,true,1,18508
7290000067544,false,פירורית זהב פירורי לחם אסם 200 גרם,קבוצת אוסם סחר שותפות מוגבלת,,אסם פירורית פירורי ל,גרמים,200.00,100 גרם,false,,6.50,0.0325,true,1,18517
7290000068138,false,אינסטנט פודינג בטעם וניל אסם 80 גרם,קבוצת אוסם סחר שותפות מוגבלת,,אסם פודינג אינסטנט ו,גרמים,80.00,100 גרם,false,,5.50,0.0688,true,1,18527
7290000068701,false,אסם שקדי מרק רכיבים טבע.מיכל 400 גרם,קבוצת אוסם סחר שותפות מוגבלת,,שקדי מרק במיכל אסם 4,גרמים,400.00,100 גרם,false,,15.90,0.0398,true,1,18538
7290000068787,false,במבה יום הולדת חטיף בוטנים אסם 25 גרם,קבוצת אוסם סחר שותפות מוגבלת,,במבה יום הולדת 25גרם,גרמים,25.00,100 גרם,false,,2.50,0.1000,true,1,18540
7290000069258,false,פסטה פרפקטו פנה ריגאטה 500 ג' אסם,קבוצת אוסם סחר-שות.מוגבלת,,פנה ריגאטה פרפקטו 50,גרמים,500.00,100 גרם,false,,6.90,0.0138,true,1,18544
7290000070308,false,אבקת מרק עוף אמיתי בשרי אסם 400 גרם,קבוצת אוסם סחר שותפות מוגבלת,,מרק עוף אמיתי אסם 40,גרמים,400.00,100 גרם,false,,16.90,0.0422,true,1,18555
7290000070322,false,אבקת מרק פטריות רכיבים טבעיים אסם 400 גרם,קבוצת אוסם סחר שותפות מוגבלת,,אבקת מרק פטריות רכיב,גרמים,400.00,100 גרם,false,,19.90,0.0497,true,1,18556
7290000071008,false,בייגלה שטוחים טבעות עם מלח אסם (60 גרם),קבוצת אוסם סחר שותפות מוגבלת,,בייגלה אסם שטוחים מל,גרמים,60.00,100 גרם,false,,3.50,0.0583,true,1,18566
7290000072067,false,במבה חטיף בוטנים במילוי קרם חלבה 60 גרם,קבוצת אסם סחר שות. מוגבלת,,במבה במילוי קרם חלבה,גרמים,60.00,100 גרם,false,,4.50,0.0750,true,1,18567
7290000072623,false,קטשופ אסם בקבוק לחיץ 750 גרם,קבוצת אוסם סחר שותפות מוגבלת,,אסם קטשופ בקבוק לחיץ,גרמים,750.00,100 גרם,false,,10.90,0.0145,true,1,18573
7290000072753,false,קפה נמס מגורען טסטרס צ'ויס 200 גרם-,קבוצת אוסם סחר שותפות מוגבלת,,נס קפה טייסטרס צ'ויס,גרמים,200.00,100 גרם,false,,29.90,0.1495,true,1,18576
7290000072760,false,נסקפה טייסטרס צויס 100 גר אוריגנל,קבוצת אוסם סחר שותפות מוגבלת,,טייסטרס צ'וייס 100גר,גרמים,100.00,100 גרם,false,,27.90,0.2790,true,1,18577
7290000072777,false,קפה נמס מגורען נטול קפאין טסטרס צ'ויס 200 גרם,קבוצת אוסם סחר שותפות מוגבלת,,טייסטרס צוייס נטול ק,גרמים,200.00,100 גרם,false,,36.90,0.1845,true,1,18578
7290000072968,false,דגני בוקר סיני מיניס חיטה מלאה וקינמון נסטלה 500 גרם,קבוצת אוסם סחר-שות.מוגבלת,,סיני מיניס דגני נסטל,יחידה,500.00,יחידה,false,,24.90,0.0498,true,1,18584
7290000073125,false,מנה חמה פסטה ברוטב עגבניות אסם (62 גרם),קבוצת אוסם סחר שותפות מוגבלת,,מנה חמה פסטה עם עגבנ,גרמים,62.00,100 גרם,false,,5.90,0.0952,true,1,18585
7290000073767,false,מנה חמה נודלס אטר.+ירקות טעם בקר 70 גרם,קבוצת אוסם סחר שותפות מוגבלת,,מנה חמה נודלס בטעם ב,גרמים,70.00,100 גרם,false,,5.90,0.0843,true,1,18589
7290000074153,false,ביסקוויט פתי בר שוקולד אסם (500 גרם),קבוצת אוסם סחר שותפות מוגבלת,,אסם פתי בר שוקו 500ג,גרמים,500.00,100 גרם,false,,13.90,0.0278,true,1,18594
7290000074184,false,ביסקוויט פתי בר אסם (500 גרם),קבוצת אוסם סחר שותפות מוגבלת,,אסם פתי בר 500גרם.,גרמים,500.00,100 גרם,false,,10.90,0.0218,true,1,18596
7290000074245,false,אוסם - קרם קרקר אסם 250 גרם,קבוצת אוסם סחר שותפות מוגבלת,,אסם קרם קרקר 250גרם,גרמים,250.00,100 גרם,false,,8.90,0.0356,true,1,18597
7290000074252,false,אסם קרקר שומשום 250 גרם,קבוצת אוסם סחר שותפות מוגבלת,,אסם קרקר שומשום 250ג,גרמים,250.00,100 גרם,false,,9.90,0.0396,true,1,18598
7290000074375,false,אוסם - קרקר זהב 150 גרם,קבוצת אוסם סחר שותפות מוגבלת,,אסם קרקר זהב 150גרם,גרמים,150.00,100 גרם,false,,7.50,0.0500,true,1,18602
7290000074764,false,קרקר הזהב אסם 900 גרם,קבוצת אוסם סחר שותפות מוגבלת,,קרקר זהב אסם 900 גרם,גרמים,900.00,100 גרם,false,,22.90,0.0254,true,1,18610
7290000075693,false,עוגת הבית שמרים בריוש שוקולד אסם 360 גרם,קבוצת אסם סחר שות. מוגבלת,,עוגת שמרים בריוש שוק,גרמים,360.00,100 גרם,false,,15.90,0.0442,true,1,18615
7290000076126,false,אוסם - בייגלה שמיניות קטנות 80 גרם,קבוצת אוסם סחר שותפות מוגבלת,,אסם בייגלה שמיניות ק,גרמים,80.00,100 גרם,false,,3.50,0.0438,true,1,18616
7290000076133,false,בייגלה שמיניות קטנות עם מלח אסם 400 גרם,קבוצת אוסם סחר שותפות מוגבלת,,בייגלה אסם שמיניות ק,גרמים,400.00,100 גרם,false,,9.90,0.0248,true,1,18617
7290000077017,false,עוגיות קרמוגית במילוי קרם שוקולד אסם 200 גרם,קבוצת אוסם סחר שותפות מוגבלת,,אסם קרמוגית במילוי ש,גרמים,200.00,100 גרם,false,,10.90,0.0545,true,1,18621
7290000078212,false,קרוטונים מתובלים למרק אסם (250 גרם),קבוצת אוסם סחר שותפות מוגבלת,,קרוטונים מתובלים אסם,גרמים,250.00,100 גרם,false,,13.90,0.0556,true,1,18625
7290000079233,false,קרם קרקר דיאטטי דל נתרן 250 גרם,קבוצת אוסם סחר שותפות מוגבלת,,אסם קרם קרקר דל נתרן,גרמים,250.00,100 גרם,false,,9.90,0.0396,true,1,18628
7290000079344,false,מוצרלה נועם רכיבים ט,,,גבינת מוצרלה נעם 22%,קילוגרמים,1.00,"ק""ג",true,,74.00,74.0000,true,1,6288
7290000079412,false,אמנטל נעם מהדרין במש,,,אמנטל נעם מהדרין במש,קילוגרמים,1.00,"ק""ג",true,,58.00,58.0000,true,1,6289
7290000089274,false,נקניק מעושן מעדנייה,,,נקניק מעושן מעדנייה,קילוגרמים,1.00,"ק""ג",true,,37.90,37.9000,true,1,18250
7290000095408,false,נעם 28% חריץ מעדניה,,,נעם 28% חריץ מעדניה,קילוגרמים,1.00,"ק""ג",true,,41.90,41.9000,true,1,6293
7290000095422,false,נעם22%חריץ מעדניה טר,,,גבינת נועם 22% חריץ,קילוגרמים,1.00,"ק""ג",true,,39.90,39.9000,true,1,6295
7290000100018,false,גביניות,,,גביניות,קילוגרמים,1.00,"ק""ג",true,,42.00,42.0000,true,1,2494
7290000100609,false,קוביות אנטיפסטי להקפצה סנפרוסט 600 גרם,תנובה ענף ב.ע.ד,,קוביות אנטיפסטי להקפ,גרמים,600.00,100 גרם,false,,19.90,0.0332,true,1,25454
7290000100615,false,5 יח' חליות לחמניו,,,5 יח' חליות לחמניו,יח',1.00,יח',false,,11.90,11.9000,true,1,2507
7290000101934,false,מיקס פירות יער מוקפאים 300 גר סנפרוסט,"איי, בי, אינבוו",,מיקס פירות יער 300 ג,גרמים,300.00,100 גרם,false,,12.90,0.0430,true,1,25462
7290000103365,false,מרק ירקות עשיר סנפרוסט (550 גרם),תנובה מרכז שיתופי לשיווק תוצרת,,סנפרוסט מרק ירקות 50,גרמים,500.00,100 גרם,false,,16.90,0.0338,true,1,25468
7290000103433,false,"לקט ירקות לתנור 800 גרם ""סנפרוסט""",תנובה מרכז שיתופי לשיווק תוצרת,,לקט ירקות לתנור 800,גרמים,800.00,100 גרם,false,,21.90,0.0274,true,1,25473
7290000103457,false,מיני כרובית סנפרוסט (600 גרם),"סנפרוסט בע""\מ",,מיני כרובית 600 גרם,גרמים,600.00,100 גרם,false,,15.90,0.0265,true,1,25475
7290000103471,false,מיני ברוקולי סנפרוסט 600 גרם,תנובה ענף ב.ע.ד,,סנפרוסט מיני ברוקולי,גרמים,600.00,100 גרם,false,,15.90,0.0265,true,1,25476
7290000103839,false,מרק כתום עשיר בירקות סנפרוסט (572 גרם),תנובה מרכז שיתופי לשיווק תוצרת,,סנפרוסט מרק כתום קפו,גרמים,572.00,100 גרם,false,,16.90,0.0295,true,1,25498
7290000103846,false,מרק אפונה עשיר בירקות סנפרוסט (572 גרם),תנובה מרכז שיתופי לשיווק תוצרת,,סנפרוסט מרק אפונה קפ,גרמים,570.00,100 גרם,false,,17.20,0.0302,true,1,25499
7290000103877,false,מרק שעועית עשיר בירקות סנפרוסט (644 גרם),תנובה מרכז שיתופי לשיווק תוצרת,,סנפרוסט מרק שעועית ק,גרמים,644.00,100 גרם,false,,17.50,0.0272,true,1,25501
7290000104188,false,שעועית אדומה מוקפאת מבושלת מוכנה לאכילה,תנובה מרכז שיתופי לשיווק תוצרת,,סנפרוסט שעועית אדומה,גרמים,800.00,100 גרם,false,,15.90,0.0199,true,1,25505
7290000104201,false,אפונה עדינה מוקפאת סנפרוסט (600 גרם),"איי, בי, אינבוו",,אפונה עדינה סנפרוסט,גרמים,600.00,100 גרם,false,,16.90,0.0282,true,1,25506
7290000104218,false,סנפרוסט במיה 600 גרם,תנובה מרכז שיתופי לשיווק תוצרת,,סנפרוסט במיה 600גר,גרמים,600.00,100 גרם,false,,15.90,0.0265,true,1,25507
7290000104690,false,גרעיני תירס מוקפאים סנפרוסט (800 גרם),תנובה מרכז שיתופי לשיווק תוצרת,,תירס גרעינים 800גר,גרמים,800.00,100 גרם,false,,16.90,0.0211,true,1,25512
7290000104713,false,פול ירוק קפוא סנפורסט 800 גרם,תנובה מרכז שיתופי לשיווק תוצרת,,פול ירוק 800גר,גרמים,800.00,100 גרם,false,,20.90,0.0261,true,1,25514
7290000104744,false,כרובית מוקפאת סנפרוסט (800 גרם),תנובה מרכז שיתופי לשיווק תוצרת,,כרובית 800גר,גרמים,800.00,100 גרם,false,,23.90,0.0299,true,1,25517
7290000104751,false,"כרוב ניצנים 800 גרם ""סנפרוסט""",תנובה מרכז שיתופי לשיווק תוצרת,,כרוב ניצנים 800גר,גרמים,800.00,100 גרם,false,,19.90,0.0249,true,1,25518
7290000104775,false,מדליוני תרד סנפרוסט (800 גרם),תנובה מרכז שיתופי לשיווק תוצרת,,תרד מדליונים 800גר,גרמים,800.00,100 גרם,false,,21.90,0.0274,true,1,25520
7290000104799,false,שעועית לבנה מבושלת סנפרוסט (800 גרם),תנובה מרכז שיתופי לשיווק תוצרת,,שעועית לבנה מבושלת 8,גרמים,800.00,100 גרם,false,,14.90,0.0186,true,1,25521
7290000104805,false,גרגירי חומוס מבושלים סנפרוסט 800 גרם,תנובה מרכז שיתופי לשיווק תוצרת,,גרגירי חומוס קפוא 80,גרמים,800.00,100 גרם,false,,14.90,0.0186,true,1,25522
7290000104874,false,לקט מוקפא לקוסקוס סנפרוסט (800 גרם),תנובה מרכז שיתופי לשיווק תוצרת,,לקט קוסקוס 800גר,גרמים,800.00,100 גרם,false,,21.90,0.0274,true,1,25526
7290000105145,false,צלעות מחפוד קפוא מס`,,,צלעות מחפוד קפוא מס`,קילוגרמים,1.00,"ק""ג",true,,44.90,44.9000,true,1,46838
7290000105190,false,פילה מדומה מחפוד קפו,,,פילה מדומה מחפוד קפו,קילוגרמים,1.00,"ק""ג",true,,59.90,59.9000,true,1,46842
7290000107295,false,תפרחות ברוקולי סנפרוסט 800 גרם,תנובה מרכז שיתופי לשיווק תוצרת,,תפרחות ברוקולי 800ג,גרמים,800.00,100 גרם,false,,25.90,0.0324,true,1,25538
7290000107615,false,ירקות ואננס להקפצה מנה אסייתית צבעונית ועשירה,"איי, בי, אינבוו",,סנפרוסט מנה אסייתי צ,גרמים,800.00,100 גרם,false,,19.90,0.0249,true,1,25540
7290000111063,false,מיונז אמיתי תלמה (250 גרם),"יוניליוור ישראל שיווק בע""מ",,מיונז אמיתי 250 ג צנ,גרמים,250.00,100 גרם,false,,6.90,0.0276,true,1,10092
7290000111186,false,"מיונז אמיתי תלמה 500 גרם בד""צ","יוניליוור ישראל שיווק בע""מ",,מיונז אמיתי תלמה 500,גרמים,500.00,100 גרם,false,,9.90,0.0198,true,1,10095
7290000111353,false,מיונז אמיתי תלמה (1 קג),"יוניליוור ישראל שיווק בע""מ",,מיונז 1 קג,קילוגרמים,1.00,"ק""ג",false,,16.90,16.9000,true,1,10097
7290000112220,false,טחינה גולמית שומשום טהור בארכה 500 גרם,קבוצת אוסם סחר שותפות מוגבלת,,בארכה טחינה 100% שומ,גרמים,500.00,100 גרם,false,,13.90,0.0278,true,1,18634
7290000112237,false,"טחינה גולמית שומשום טהור בארכה 1 ק""ג","רושדי תעשיות מזון בע""\מ",,בארכה טחינה 100% שומ,קילוגרמים,1.00,"ק""ג",false,,22.90,22.9000,true,1,18635
7290000112619,false,אבקת מרק עוף אמיתי קנור 400 ג' כשלפ,יוניליוור ישראל שיווק בע`מ,,מרק עוף אמיתי לתיבול,גרמים,400.00,100 גרם,false,,14.90,0.0373,true,1,10104
7290000116204,false,"אבקת מרק דגש בטעם עוף 1ק""ג קנור","יוניליוור ישראל שיווק בע""מ",,מרק דגש עוף קנור 1 ק,קילוגרמים,1.00,"ק""ג",false,,13.90,13.9000,true,1,10116
7290000117720,false,נמס בכוס פטריות קנור 21.5 גרם מארז זוגי,"יוניליוור ישראל שיווק בע""מ",,מרק נמס בכוס פטריות,גרמים,43.00,100 גרם,false,,6.90,0.1605,true,1,10125
7290000120874,false,מיונז הלמנס לייט מופחת קלוריות 424ג,יוניליוור ישראל שיווק בעמ,,מיונז הלמנס לייט 424,גרמים,424.00,100 גרם,false,,10.90,0.0257,true,1,10137
7290000121093,false,גבינה מותכת לייט בטעם שוויצרי 7% מון בלאן 120 גר',האי נאם סי או אל.טי.,,מון בלאן שויצרית 7%,גרמים,120.00,100 גרם,false,,11.90,0.0992,true,1,16786
7290000122607,false,עמק לייט 9% חריץ כשר,,,עמק לייט 9% חריץ כשר,קילוגרמים,1.00,"ק""ג",true,,70.00,70.0000,true,1,25653
7290000134147,false,טעם וריח מוסקט טחון מיכל 40גר,"תבליני טעם וריח בע""מ",,טעם וריח מוסקט טחון,גרמים,40.00,100 גרם,false,,12.90,0.3225,true,1,42379
7290000134673,false,זנגויל טחון מיכל 30 גרם,"תבליני טעם וריח בע""מ",,תבלין זנגביל טעם ורי,גרמים,30.00,100 גרם,false,,6.00,0.2000,true,1,42390
7290000134826,false,זעתר מעורב בקופ' 100 גר' טעם וריח,"תבליני טעם וריח בע""מ",,תבלין זעתר טעם וריח,גרמים,100.00,100 גרם,false,,9.00,0.0900,true,1,42394
7290000134833,false,כמון טחון בקופ' 100 גר' טעם וריח,"תבליני טעם וריח בע""מ",,טעם וריח ת.כמון במיכ,גרמים,100.00,100 גרם,false,,9.00,0.0900,true,1,42395
7290000134840,false,כורכום טחון בקופ' 100 גר' טעם וריח,"תבליני טעם וריח בע""מ",,טעם וריח ת.כורכום במ,גרמים,100.00,100 גרם,false,,9.00,0.0900,true,1,42396
7290000134857,false,פפריקה מתוקה בקופ' 100 גר' טעם וריח,"תבליני טעם וריח בע""מ",,טעם וריח ת.פפריקה מת,גרמים,100.00,100 גרם,false,,9.00,0.0900,true,1,42397
7290000134987,false,פלפל שחור גרוס בקופ' 90 גר' טעם וריח,"תבליני טעם וריח בע""מ",,טעם וריח פלפל שחור ג,גרמים,90.00,100 גרם,false,,13.90,0.1544,true,1,42401
7290000135465,false,"מי סודה 500 מ""ל - מארז 12 בקבוקים","טמפו משקאות בע""\מ",,מארז תריסר סודה טמפו,ליטרים,6.00,100 ליטר,false,,30.90,5.1500,true,1,176327
7290000136240,false,סודה 1.5 ליטר שישייה בודד,"טמפו משקאות בע""\מ",,טמפו סודה 1.5 ליטר,ליטרים,1.50,ליטר,false,,2.90,1.9333,true,1,244106
7290000136264,false,מי טוניק גזוז 1.5 ל' טמפו,"טמפו משקאות בע""\מ",,טמפו מי טוניק 1.5 ל,ליטרים,1.50,ליטר,false,,11.00,7.3333,true,1,243934
7290000136288,false,"סירופ בטעם תפוחים ג'ויסר סיידר הגליל 330 מ""ל","טמפו משקאות בע""\מ",,סיידר הגליל JUICER ס,מיליליטרים,330.00,"100 מ""ל",false,,13.30,0.0403,true,1,490137
7290000136516,false,משקה בטעם מנגו פסיפלורה תריסר 1.5 ל' ג'אמפ,טמפו משקאות בע`מ,,ג`אמפ פסיפלורה 1.5 ל,ליטרים,1.50,ליטר,false,,7.90,5.2667,true,1,244004
7290000136523,false,ג`אמפ משקה קל ענבים 1.5 ליטר פיקדון,"טמפו משקאות בע""\ם.",,ג`אמפ ענבים 1.5 ליטר,ליטרים,1.50,ליטר,false,,7.90,5.2667,true,1,244034
7290000136561,false,משקה בטעם תות בננה תריסר 1.5 ל' ג'אמפ,"טמפו משקאות בע""\מ",,ג`אמפ תות בננה 1.5 ל,ליטרים,1.50,ליטר,false,,7.90,5.2667,true,1,244035
7290000136585,false,משקה בטעם תפוזים תריסר 1.5 ל' ג'אמפ,"טמפו משקאות בע""\ם.",,ג`אמפ תפוז 1.5 ליטר,ליטרים,1.50,ליטר,false,,7.90,5.2667,true,1,244019
7290000136646,false,בירה נשר מאלט ללא אלכוהול 1.5 ליטר,"טמפו משקאות בע""\מ",,נשר מאלט 1.5 ליטר,ליטרים,1.50,ליטר,false,,8.90,5.9333,true,1,243797
7290000136752,false,סבן אפ דיאט מארז שישייה 1.5 ל' FREE,"טמפו משקאות בע""\מ",,סבן אפ דיאט 6*1.5 לי,ליטרים,9.00,ליטר,false,,37.90,4.2111,true,1,244691
7290000136776,false,שישיית פפסי מקס דל קלוריות 1.5 ליטר,טמפו משקאות בע`מ,,פפסי מקס 6*1.5 ליטר,ליטרים,9.00,ליטר,false,,37.90,4.2111,true,1,244834
7290000136790,false,טמפו מי סודה 6*1.5 ליטר פיקדון,"טמפו משקאות בע""\מ",,טמפו סודה 6*1.5 ליטר,ליטרים,9.00,ליטר,false,,17.70,1.9667,true,1,244091
7290000136813,false,סודה בטעם אננס מארז רביעייה 1.5 ל' טמפו,טמפו משקאות בע''מn\,,טמפו סודה אננס 1.5 ל,ליטרים,6.00,ליטר,false,,11.50,1.9167,true,1,244136
7290000136844,false,מארז מים מזוככים אקווה נובה שישיית 2 ליטר,"טמפו משקאות בע""\מ",,אקווה נובה 6*2 ליטר,ליטרים,12.00,ליטר,false,,11.90,0.9917,true,1,243879
7290000136875,false,שישיית מים מינרליים מוגזים סן בנדטו 1.5 ליטר,סאן בנדטו San Benedetto,,סאן בנדטו מים מינרלי,ליטרים,9.00,ליטר,false,,17.90,1.9889,true,1,244076
7290000144160,false,"שמן זית כתית מעולה ארומתי עץ הזית 750 מ""ל","מרקאולאו, ספרד.אבסה,",,שמן זית כתית מעולה א,מיליליטרים,750.00,"100 מ""ל",false,,33.90,0.0452,true,1,29341
7290000144467,false,שמן חמניות מועשר בנוגדי חמצון 1 ל' עץ הזית,"נארז ע""י : א.ג. גילר",,שמן חמניות בריאות מה,ליטרים,1.00,ליטר,false,,15.90,15.9000,true,1,29344
7290000144474,false,שמן עץ הזית קנולה 1 ליטר בריאות מהטבע,סוגת תעשיות בעמ,,שמן קנולה בריאות עץ,ליטרים,1.00,ליטר,false,,15.90,15.9000,true,1,29345
7290000146669,false,הוואי - סבון מוצק שמיים כחולים 100 גרם רביעייה,טרופיקל דגיל קוסמטיק,,סבון מוצק שמיים כחול,גרמים,400.00,100 גרם,false,,11.90,0.0298,true,1,8079
7290000146676,false,הוואי - סבון מוצק לגבר 100 גרם רביעייה,טרופיקל דגיל קוסמטיק,,סבון מוצק לגבר הוואי,גרמים,400.00,100 גרם,false,,11.90,0.0298,true,1,8080
7290000146683,false,הוואי - סבון מוצק אפקט דאודורנט 100 גרם רביעייה,טרופיקל דגיל קוסמטיק,,סבון מוצק אפקט דאודו,גרמים,400.00,100 גרם,false,,11.90,0.0298,true,1,8081
7290000146997,false,משחת שיניים לילדים מסטיק טום וג'רי 50 מל,טרופיקל דגיל קוסמטיק,,משחת שיניים טום וגרי,מיליליטרים,50.00,"100 מ""ל",false,,6.90,0.1380,true,1,8086
7290000148380,false,פיסטוקים קלויים קליית גת (200 גרם),ליימן שליסל בעמ,,פיסטוק קלוי 200 גרם,גרמים,200.00,100 גרם,false,,21.50,0.1075,true,1,12735
7290000148618,false,קשיו מטוגן שקית קליית גת 200 גרם,ליימן שליסל בעמ,,אגוז קשיו מטוגן 200,גרמים,200.00,100 גרם,false,,18.00,0.0900,true,1,12737
7290000148748,false,קליית גת גרעיני חמניה קלויים ומומלחים200,ליימן שליסל בעמ,,גרעיני חמניה 200 גרם,גרמים,200.00,100 גרם,false,,6.90,0.0345,true,1,12738
7290000151885,false,נקניק הודו יחידה עוף טוב 700ג',קבוצת אוסם סחר שותפות מוגבלת,,נקניק הודו יחידה 700,גרמים,700.00,100 גרם,false,,14.90,0.0213,true,1,19663
7290000152608,false,נקניק סלמי תה ענק במ,קריות זול,,תה עוף טוב,קילוגרמים,1.00,"ק""ג",true,,47.00,47.0000,true,1,19608
7290000158105,false,שניצל עוף מיני דינוזאור ללא אנטיביוטיקה מ100% ר.טבעי,קבוצת אסם סחר שות. מוגבלת,,עוף טוב שניצל עוף מי,גרמים,700.00,100 גרם,false,,24.90,0.0356,true,1,19687
7290000168173,false,"ברנפלקס קרנצ'ים תלמה בד""ץ 375 גרם",יוניליוור ישראל שיווק בעמ,,ברנפלקס קרנצים תלמה,גרמים,375.00,100 גרם,false,,20.90,0.0557,true,1,10251
7290000169538,false,"נמס בכוס עגבניות וקרוטונים מרק כשרות בד""ץ 62 ג' קנור",יוניליוור ישראל שיווק בע`מ,,נמס בכוס עגבניות וקר,גרמים,62.00,100 גרם,false,,6.90,0.1113,true,1,10271
7290000174723,false,שוקולית אבקה להכנת משקה שוקו 500 גרם,הנסיך- מפעל לייצור ט,,שוקולית 500 גרם,גרמים,500.00,100 גרם,false,,11.90,0.0238,true,1,22174
7290000175760,false,מנציגו כבשים ויליפו,,,מנציגו כבשים ויליפו,קילוגרמים,1.00,"ק""ג",true,,96.00,96.0000,true,1,2765
7290000176079,false,קפה טורקי עם הל עלית (100 גרם),הנסיך- מפעל לייצור ט,,טורקי עלית קפה עם הל,גרמים,100.00,100 גרם,false,,8.90,0.0890,true,1,22177
7290000176420,false,קפה נמס פחית עלית 200 גרם,פיקסל אם.גי.אם בעמ,,קפה נמס עלית פחית 20,גרמים,200.00,100 גרם,false,,19.90,0.0995,true,1,22183
7290000178707,false,חטיף צ`יפס בטעם טבעי תפוצ`יפס (50 גרם),"שטראוס פריטו ליי בע""\מ )",,תפוציפס טבעי 50 גרם,גרמים,50.00,100 גרם,false,,3.90,0.0780,true,1,24154
7290000186535,false,נייר טואלט תלת שכבתי לבן לילי 32 יחידות,קימברלי קלארק ישראל שיווק בעמ,,לילי נייר טואלט טריו,מטרים,537.00,מטר,false,,41.90,0.0780,true,1,8835
7290000187921,false,נייר טואלט דו שכבתי לבן לילי 32 יחידות,קימברלי קלארק ישראל שיווק בעמ,,"נייר טואלט ""לילי"" לב",מטרים,588.00,מטר,false,,39.90,0.0679,true,1,8850
7290000187938,false,לילי - נייר טואולט נייר טואלט פסטל 32 יח',קימברלי קלארק ישראל שיווק בעמ,,"נייר טואלט ""לילי"" פס",מטרים,588.00,מטר,false,,39.90,0.0679,true,1,8851
7290000188270,false,ממחטות אף אולטרה סופט קלינקס 2*80 יחידות,קימברלי קלארק ישראל שיווק בעמ,,קליניקס ממחטות אף או,יחידה,0.00,יחידה,false,,15.90,0.0000,true,1,8857
7290000188355,false,ניקול מגבות נייר לבנות 6 גלילים,קימברלי קלארק ישראל שיווק בעמ,,מגבות מטבח ניקול לבנ,מטרים,64.80,מטר,false,,12.90,0.1991,true,1,8858
7290000188553,false,קוטקס מגן תחתון יאנג ביג 60 יחידות,קימברלי קלארק ישראל שיווק בעמ,,מגן תחתון סילק נורמל,יחידה,0.00,יחידה,false,,16.90,0.0000,true,1,8863
7290000189277,false,תבניות מלבניות עבות וחזקות ניקול 3 יחידות,קימברלי קלארק ישראל שיווק בעמ,,ניקול תבניות מלבניות,יחידה,0.00,יחידה,false,,9.90,0.0000,true,1,8878
7290000189482,false,תבניות אפיה מרובעות מקרטון ניקול 4 יחידות,קימברלי קלארק ישראל שיווק בעמ,,ניקול תבנית אפייה מק,יחידה,0.00,יחידה,false,,9.90,0.0000,true,1,8881
7290000190150,false,מפיות מודפסות תלת שכבתיות ניקול 20 יחידות,קימברלי קלארק ישראל שיווק בעמ,,מפיות תלת שכבתיות ני,יחידה,0.00,יחידה,false,,7.90,0.0000,true,1,8898
7290000192581,false,מגבת נייר גליל כפול ניקול 12=6 גליל,קימברלי קלארק ישראל שיווק בעמ,,מגבת כפולה ניקול 6=1,מטרים,129.70,מטר,false,,19.90,0.1534,true,1,8926
7290000193205,false,תחבושות עם כנפיים ללילה נטורל לילי 20 יחידות,קימברלי קלארק ישראל שיווק בעמ,,תחבושות אולטרה לילה,יחידה,0.00,יחידה,false,,15.90,0.0000,true,1,8932
7290000193472,false,מגן תחתון נורמל נטורל לילי 60 יחידות,קימברלי קלארק ישראל שיווק בעמ,,מגן תחתון נטורל נורמ,יחידה,0.00,יחידה,false,,15.90,0.0000,true,1,8934
7290000193656,false,תחבושות עם כנפיים סופר פלוס לילי 24 יחידות,קימברלי קלארק ישראל שיווק בעמ,,תחבושות נטורל אולטרה,יחידה,0.00,יחידה,false,,15.90,0.0000,true,1,8939
7290000194208,false,כרעיים עוף חלק רב מח,,,כרעיים עוף חלק רב מח,קילוגרמים,1.00,"ק""ג",true,,32.90,32.9000,true,1,46867
7290000194239,false,מחפוד-חזה עוף קפוא מ,,,מחפוד-חזה עוף קפוא מ,קילוגרמים,1.00,"ק""ג",true,,32.90,32.9000,true,1,46868
7290000194253,false,כנפיים עוף קפוא ארוז,,,כנפיים עוף קפוא ארוז,קילוגרמים,1.00,"ק""ג",true,,13.90,13.9000,true,1,51491
7290000194260,false,מחפוד-שוקיים עוף קפו,,,מחפוד-שוקיים עוף קפו,קילוגרמים,1.00,"ק""ג",true,,34.90,34.9000,true,1,46869
7290000194307,false,מחפוד-כבד עוף קפוא מ,,,מחפוד-כבד עוף קפוא מ,קילוגרמים,1.00,"ק""ג",true,,32.90,32.9000,true,1,46872
7290000194345,false,שניצל עוף ארוז מחפוד,,,שניצל עוף ארוז מחפוד,קילוגרמים,1.00,"ק""ג",true,,34.90,34.9000,true,1,46874
7290000195537,false,האגיס - מגבוני האגיס דיילי קר לא מבושם 64 יח' * 4,קימברלי קלארק ישראל שיווק בעמ,,מגבוני האגיס דיילי ק,יחידה,0.00,יחידה,false,,18.90,0.0000,true,1,8964
7290000196763,false,"שקיות אשפה חזקות במיוחד עם שרוך 52 * 65 ס""מ ניקול 40 יחידות",קימברלי קלארק ישראל שיווק בעמ,,ניקול השקית החזקה,יחידה,0.00,יחידה,false,,21.90,0.0000,true,1,8974
7290000197326,false,רדיד אלומיניום ניקול זוגות 7.5*2קצר,קימברלי קלארק ישראל שיווק בעמ,,ניקול רדיד אלומיניום,מטרים,15.00,מטר,false,,10.90,0.7267,true,1,8988
7290000197432,false,שקיות אוכל סנדביצ'ון ניקול מארז 150X2יח',קימברלי קלארק ישראל שיווק בעמ,,ניקול שקיות אוכל זוג,יחידה,0.00,יחידה,false,,12.90,0.0000,true,1,8993
7290000197463,false,חיתולים פרידום דריי שלב +4 האגיס 40 יחידות,קימברלי קלארק ישראל שיווק בעמ,,האגיס פרידום דריי של,יחידה,0.00,יחידה,false,,42.90,0.0000,true,1,8995
7290000197470,false,שקיות רב שימושיות מתכלות ניקול 250 יחידות,קימברלי קלארק ישראל שיווק בעמ,,"ניקול שקיות רב""ש 250",יחידה,0.00,יחידה,false,,13.80,0.0000,true,1,8996
7290000197548,false,חיתולים פרידום דריי שלב 5 האגיס 36 יחידות,קימברלי קלארק ישראל שיווק בעמ,,האגיס פרידום דריי של,יחידה,0.00,יחידה,false,,42.90,0.0000,true,1,8999
7290000197678,false,חיתולי האגיס פרידום דריי שלב 6 30 יחידות,קימברלי קלארק ישראל שיווק בעמ,,האגיס פרידום דריי ש,יחידה,0.00,יחידה,false,,42.90,0.0000,true,1,9001
7290000197999,false,רדיד אלומיניום עבה ניקול זוגי 30X7.5מ',קימברלי קלארק ישראל שיווק בעמ,,ניקול רדיד אלומיניום,מטרים,15.00,מטר,false,,15.90,1.0600,true,1,9009
7290000198031,false,פסטרמה פרגיות ללחמני,,,פסטרמה פרגיות ללחמני,קילוגרמים,1.00,"ק""ג",true,,80.00,80.0000,true,1,118106
7290000201856,false,חיתולי פרימיום שלב 4+ טיטולים) (38,קימברלי קלארק ישראל שיווק בעמ,,טיטולים פרימיום שלב,יחידה,0.00,יחידה,false,,30.90,0.0000,true,1,9021
7290000201863,false,חיתולי פרימיום שלב 5 טיטולים) (34,קימברלי קלארק ישראל שיווק בעמ,,טיטולים פרימיום שלב,יחידה,0.00,יחידה,false,,30.90,0.0000,true,1,9022
7290000201870,false,חיתולי פרימיום שלב 6 טיטולים) (30,קימברלי קלארק ישראל שיווק בעמ,,טיטולים פרימיום שלב,יחידה,0.00,יחידה,false,,30.90,0.0000,true,1,9023
7290000201979,false,האגיס מגבונים ללא בישום רביעייה מהדורה,קימברלי קלארק ישראל שיווק בעמ,,מגבוני האגיס מהדורה,יח',288.00,יח',false,,18.90,0.0656,true,1,9024
7290000204307,false,מטלית רב שימושית בגליל ניקול 40 יחידות,קימברלי קלארק ישראל שיווק בעמ,,מטליות ניקול 40 רב ש,יחידה,0.00,יחידה,false,,20.90,0.0000,true,1,9045
7290000207063,false,רסק עגבניות פריכוז 28% 240 גרם יכין,היינץ צפון אמריקה מק,,רוטב עגבניות פריכוז,גרמים,240.00,100 גרם,false,,3.90,0.0162,true,1,8616
7290000207162,false,רוטב עגבניות מרכיב טבעי 100 ג' יכין,זנלכול יכין,,רוטב עגבניות 100 גרם,גרמים,100.00,100 גרם,false,,2.20,0.0220,true,1,8619
7290000207438,false,עגבניות מקולפות חתוכות לקוביות,זנלכול יכין,,עגבניות לקוביות יכין,גרמים,800.00,100 גרם,false,,9.90,0.0124,true,1,8620
7290000208022,false,עגבניות 2.5 A מרוסקות 850 גרם יכין,זנלכול יכין,,עגבניות מרוסקות יכין,גרמים,800.00,100 גרם,false,,9.90,0.0124,true,1,8623
7290000208114,false,"אפונה וגזר יכין A2 פ""ק בית יוסף",זנלכול יכין,,אפונת גינה וגזר יכין,גרמים,330.00,100 גרם,false,,8.90,0.0270,true,1,8628
7290000208138,false,סירופ דיאט בטעם ענבים יכין (1 ליטר),זנלכול יכין,,סירופ דייאט ענבים יכ,ליטרים,1.00,ליטר,false,,16.90,16.9000,true,1,8630
7290000208145,false,גרעיני תירס מתוק לייט 550 גרם יכין,זנלכול יכין,,גרעיני תירס לייט יכי,גרמים,335.00,100 גרם,false,,9.90,0.0296,true,1,8631
7290000208213,false,שעועית לבנה אפויה A2 ברוטב עגבניות יכין 560ג',היינץ צפון אמריקה מק,,שעועית לבנה ברוטב עג,גרמים,355.00,100 גרם,false,,8.90,0.0251,true,1,8633
7290000208220,false,שעועית צ`ילי מקסיקני חריף יכין (550 גרם),היינץ צפון אמריקה מק,,שעועית צילי חריף יכי,גרמים,355.00,100 גרם,false,,9.90,0.0279,true,1,8634
7290000208312,false,גרעיני תירס מתוק בואקום יכין 400 גר',"זנלכל בע""\מ",,גרעיני תירס מתוק יכי,גרמים,400.00,100 גרם,false,,6.90,0.0173,true,1,8638
7290000208329,false,גרעיני תירס מתוק יכין (550 גרם),זנלכול יכין,,גרעיני תירס מתוק יכי,גרמים,335.00,100 גרם,false,,8.90,0.0266,true,1,8639
7290000208336,false,רסק יכין 240גר 22% יכין בית יוסף,"זנלכל בע""\מ",,רוטב עגבניות יכין 24,גרמים,240.00,100 גרם,false,,4.50,0.0188,true,1,8640
7290000208350,false,עגבניות מרוסקות עם בצל יכין (800 גרם),זנלכול יכין,,עגבניות מרוסקות עם ב,גרמים,800.00,100 גרם,false,,9.90,0.0124,true,1,8642
7290000208367,false,עגבניות מרוסקות בזיליקום יכין A2.5 בית יוסף,זנלכול יכין,,עגבניות מרוסקות בזיל,גרמים,800.00,100 גרם,false,,9.90,0.0124,true,1,8643
7290000208404,false,A2 פול מצרי 550 גרם יכין,זנלכול יכין,,פול מצרי יכין 550 גר,גרמים,350.00,100 גרם,false,,8.90,0.0254,true,1,8644
7290000208428,false,גרגרי חומוס שלם 550 גרם יכין,היינץ צפון אמריקה מק,,חומוס שלם יכין 550 ג,גרמים,290.00,100 גרם,false,,8.90,0.0307,true,1,8645
7290000208800,false,תירס קיד גרעיני תירס מתוק יכין (400 גרם),זנלכול יכין,,תירס קיד מתוק יכין 4,גרמים,400.00,100 גרם,false,,6.90,0.0173,true,1,8652
7290000208893,false,גרעיני תירס מתוק לייט 400 גרם יכין,היינץ צפון אמריקה מק,,תירס לייט יכין 400 ג,גרמים,400.00,100 גרם,false,,6.90,0.0173,true,1,8654
7290000208930,false,עגבניות מרוסקות בתוספת שום 240 גרם יכין,זנלכול יכין,,עגבניות מרוסקות עם ש,גרמים,260.00,100 גרם,false,,5.50,0.0212,true,1,8655
7290000208947,false,עגבניות מרוסקות יכין (240 גרם),היינץ צפון אמריקה מק,,עגבניות מרוסקות יכין,יחידה,260.00,יחידה,false,,5.50,0.0212,true,1,8656
7290000208978,false,רוטב עגבניות (10028% גרם)פריכוז יכין,זנלכול יכין,,רוטב עגבניות פריכוז,גרמים,100.00,100 גרם,false,,2.90,0.0290,true,1,8657
7290000209012,false,חומץ 1ליטר יכין הדרים,"זנלכל בע""\מ",,חומץ הדרים 5% יכין 1,ליטרים,1.00,ליטר,false,,5.90,5.9000,true,1,8659
7290000209043,false,מיץ לימון משומר לתיבול יכין (1 ליטר),היינץ צפון אמריקה מק,,מיץ לימון משומר יכין,ליטרים,1.00,ליטר,false,,4.90,4.9000,true,1,8660
7290000209388,false,תירס מתוק לייט יכין 200 גרם מארז 3 יח',זנלכול יכין,,תירס לייט שלישיה יכי,גרמים,420.00,100 גרם,false,,14.90,0.0355,true,1,8670
7290000209517,false,סירופ דיאט בטעם לימון יכין (1 ליטר),היינץ צפון אמריקה מק,,סירופ דייאט לימון יכ,ליטרים,1.00,ליטר,false,,16.90,16.9000,true,1,8672
7290000209906,false,עגבניות מרוסקות בתוספת בצל 240 גרם יכין,זנלכול יכין,,עגבניות מרוסקות עם ב,גרמים,260.00,100 גרם,false,,5.50,0.0212,true,1,8682
7290000209951,false,רוטב עגבניות לפיצה 260 גרם יכין,"זנלכל בע""\מ",,רוטב עגבניות לפיצה י,מיליליטרים,260.00,"100 מ""ל",false,,5.50,0.0212,true,1,8685
7290000211169,false,"אורז תאילנדי אחד אחד סוגת 1 ק""ג",האי נאם סי או אל.טי.,,אורז תאילנדי 1 ק'ג,קילוגרמים,1.00,"ק""ג",false,,6.90,6.9000,true,1,17303
7290000211374,false,"קמח חיטה מלא סוגת 1 ק""ג",טחנת קמח דגן-שטיבל,,"קמח מלא סוגת 1 ק""ג",קילוגרמים,1.00,"ק""ג",false,,6.90,6.9000,true,1,17305
7290000211442,false,אורז בסגנון פרסי קלאסי סוגת (1 קג),האי נאם סי או אל.טי.,,סוגת אורז פרסי קלאסי,קילוגרמים,1.00,"ק""ג",false,,10.90,10.9000,true,1,17307
7290000211503,false,סוכר לבן ארוז בשקית,"סוגת תעשיות בע""\מ",,"סוכר סוגת לבן 1 ק""ג",קילוגרמים,1.00,"ק""ג",false,,4.50,4.5000,true,1,17308
7290000211985,false,אורז עגול ריזוטו אחד אחד 1 קג,"סוגת תעשיות בע""\מ",,סוגת אורז עגול 1קג,קילוגרמים,1.00,"ק""ג",false,,9.90,9.9000,true,1,17311
7290000212579,false,וופלים מצופים מנעמים 800 גרם מארז 40 יחידות,ח.כהן סוכנות מזון ומשקאות,,ופל מצופה שוקולד מנע,גרמים,800.00,100 גרם,false,,15.70,0.0196,true,1,36054
7290000238029,false,"בצק עלים צרפתי מרודד מעדנות 1 ק""ג",תנובה מרכז שיתופי לשיווק תוצרת,,"בצק עלים 1ק""ג",קילוגרמים,1.00,"ק""ג",false,,17.90,17.9000,true,1,35615
7290000238036,false,מלאווח מעדנות 6 יח`700 גרם קפוא,תנובה מרכז שיתופי לשיווק תוצרת,,מעדנות מלווח 700גר,גרמים,700.00,100 גרם,false,,15.90,0.0227,true,1,35616
7290000238173,false,.בורקס במילוי גבינה 800 גרם מעדנות,מיוצר עי קונדיטוריית,,בורקס גבינה מעדנות 8,גרמים,800.00,100 גרם,false,,19.90,0.0249,true,1,35617
7290000238180,false,בורקס במילוי תפוא 800 גרם מעדנות,מיוצר עי קונדיטוריית,,"בורקס תפו""א 800גר",גרמים,800.00,100 גרם,false,,14.90,0.0186,true,1,35618
7290000243566,false,שמן קנולה בריאות עץ הזית (750 מל),סוגת תעשיות בעמ,,שמן קנולה בריאות עץ,מיליליטרים,750.00,"100 מ""ל",false,,11.90,0.0159,true,1,29351
7290000245782,false,סוד סופט מרכך כביסה ורוד 4 ליטר,גורי שיווק בעמ,,מרכך כביסה סוד ורוד,ליטרים,4.00,ליטר,false,,16.90,4.2250,true,1,34897
7290000253220,false,שוקולדצ`יפס לאפייה 260 גר`אופנהיימר,תה ויסוצקי (ישראל) בעמ,,שוקולד צ'יפס אופנהיי,גרמים,260.00,100 גרם,false,,10.90,0.0419,true,1,24588
7290000262031,false,נייר טואלט מולט לבבות 32 גלילים,קימברלי קלארק ישראל שיווק בעמ,,נייר טואלט מולט לב 3,מטרים,563.00,מטר,false,,30.90,0.0549,true,1,9050
7290000262413,false,חיתולי האגיס אקסטרה קייר מידה 5 34 יחידות,קימברלי קלארק ישראל שיווק בעמ,,האגיס אקסטרה קייר מי,יחידה,0.00,יחידה,false,,48.90,0.0000,true,1,9056
7290000272696,false,מיץ לימון טבעי משומר 1 ליטר עסיס כלפ,קבוצת אוסם סחר שותפות מוגבלת,,מיץ לימון משומר עסיס,ליטרים,1.00,ליטר,false,,9.50,9.5000,true,1,18641
7290000272726,false,חומץ רכיבים רכיבים טבעיים 5% עסיס 1 ליטר,קבוצת אוסם סחר שותפות מוגבלת,,חומץ טבעי 5% עסיס 1,ליטרים,1.00,ליטר,false,,5.90,5.9000,true,1,18642
7290000286228,false,ספוגיות לניקוי כללי סנו סושי 6 יחידות,החברה הדרומית לשיווק בעמ,,סנו סושי שישיות כריו,יחידה,0.00,יחידה,false,,11.90,0.0000,true,1,29687
7290000286549,false,מטליות לניקוי כללי סנו סושי 9 יחידות,החברה הדרומית לשיווק בעמ,,סנו סושי מטליות לכל,יחידה,0.00,יחידה,false,,11.90,0.0000,true,1,29696
7290000287102,false,סנו שטיחים קצף לניקוי שטיחים 600 סמק,החברה הדרומית לשיווק בעמ,,סנו שמפו שטיחים אירו,מיליליטרים,600.00,"100 מ""ל",false,,21.90,0.0365,true,1,29708
7290000287621,false,"אנטי קאלק נוזל לניקוי אסלות סנו 750 מ""ל",החברה הדרומית לשיווק בעמ,,סנו אנטי קאלק W.C מנ,מיליליטרים,750.00,"100 מ""ל",false,,11.90,0.0159,true,1,29718
7290000288024,false,סנו - ז'אוול אקונומיקה בריח לימון 4 ליטר,החברה הדרומית לשיווק בעמ,,סנו ז'אוול בריח לימו,ליטרים,4.00,ליטר,false,,16.90,4.2250,true,1,29723
7290000288642,false,מקסימה מרכך כביסה סנסיטיב בייבי סנו 4 ליטר,החברה הדרומית לשיווק בעמ,,מרכך כביסה סנו מקסימ,ליטרים,4.00,ליטר,false,,22.90,5.7250,true,1,29738
7290000289472,false,סנו סושי רב שקית שקיות אשפה90*76 50י,החברה הדרומית לשיווק בעמ,,סנו סושי שקיות HD 76,יחידה,0.00,יחידה,false,,20.90,0.0000,true,1,29748
7290000289595,false,"אורביטול משחת שיניים לילדים בטעם תות שדה 145 מ""ל",טרופיקל דגיל תעשיות קוסמ,,משחה לילדים טעם תות,מיליליטרים,145.00,"100 מ""ל",false,,7.90,0.0545,true,1,29751
7290000291963,false,אקונומיקה סמיכה בריח לימון סנו ז'אוול 1 ליטר,החברה הדרומית לשיווק בעמ,,סנו ז'אוול סמיכה לימ,יחידה,0.00,יחידה,false,,7.90,0.0000,true,1,29761
7290000292533,false,סנו גל לניקוי כללי על בסיס שמן אורנים 1ל,החברה הדרומית לשיווק בעמ,,סנו ג'ל לניקוי כללי,ליטרים,1.00,ליטר,false,,16.90,16.9000,true,1,29767
7290000293073,false,מקסימה מרכך כביסה ביו לבן סנו 4 ליטר,החברה הדרומית לשיווק בעמ,,מרכך כביסה סנו מקסימ,ליטרים,4.00,ליטר,false,,22.90,5.7250,true,1,29775
7290000293820,false,"קרמה מן שמפו וג'ל גל רחצה אקטיב בלוק 700מ""ל",החברה הדרומית לשיווק בעמ,,שמפו וג'ל רחצה קרבון,מיליליטרים,700.00,"100 מ""ל",false,,18.90,0.0270,true,1,29780
7290000294780,false,אקונומיקה סמיכה בריח לימון סנו ז'אוול 4 ליטר,החברה הדרומית לשיווק בעמ,,סנו ז'אוול סמיכה 4 ל,ליטרים,4.00,ליטר,false,,16.90,4.2250,true,1,29789
7290000295404,false,שקיות אשפה עם שרוך 54 * 65 סנו סושי 60 יחידות,החברה הדרומית לשיווק בעמ,,שקיות אשפה נשלפות סנ,יחידה,0.00,יחידה,false,,22.90,0.0000,true,1,29796
7290000295503,false,זוג שקיות מזון טבע 19*25 סנו סושי 150 יחידות,החברה הדרומית לשיווק בעמ,,סנו סושי צמד שקיות א,יחידה,0.00,יחידה,false,,14.90,0.0000,true,1,29797
7290000300900,false,שניצל תירס מרכיבים טבעיים טבעול 750 גרם,קבוצת אוסם סחר שותפות מוגבלת,,שניצל תירס טבעול רכי,גרמים,750.00,100 גרם,false,,24.90,0.0332,true,1,19706
7290000303598,false,שעועית לבנה ברוטב עגבניות פרי הגליל 570 גרם,ויטה -פרי גליל (החדשה) בעמ,,שעועית לבנה אפויה פר,גרמים,570.00,100 גרם,false,,5.90,0.0104,true,1,8275
7290000305882,false,אס הרינג עם ירקות ברוטב עגבניות 120 גרם,דיפלומט מפיצים (1968) בעמ**,,אס דגים עם ירקות ברו,גרמים,120.00,100 גרם,false,,4.90,0.0408,true,1,26641
7290000313160,false,זהבה ושלושת הדובים עוגיות בטעם שוקולד אסם 350 גרם,קבוצת אוסם סחר שותפות מוגבלת,,חברים זהבה ושלושת הד,גרמים,250.00,100 גרם,false,,8.50,0.0340,true,1,18643
7290000313184,false,עוגיות חברים גן חיות וניל אסם 250 גר',קבוצת אוסם סחר שותפות מוגבלת,,חברים ביסקויט גן חיו,גרמים,250.00,100 גרם,false,,8.50,0.0340,true,1,18644
7290000313290,false,אסם נודלס נודלס איטריות מסולסלות 200גר,קבוצת אוסם סחר שותפות מוגבלת,,נודלס אטריות מסולסלו,יחידה,200.00,יחידה,false,,8.90,0.0445,true,1,18646
7290000315140,false,קורנפלקס קמח מלא בד''ץ תלמה 500 גרם,יוניליוור ישראל שיווק בע`מ,,קורנפלקס מלא תלמה בד,גרמים,500.00,100 גרם,false,,18.90,0.0378,true,1,10282
7290000318127,false,נקניקיות ביס יחיעם (380 גרם),מעדני יחיעם (1993) בעמ,,נקניקיות ביס 380 גרם,גרמים,380.00,100 גרם,false,,10.90,0.0287,true,1,15519
7290000318899,false,נקניק סלמי פיין יחיע,מעדני יחיעם 1993 בעמ,,נקניק סלמי פיין יחיע,קילוגרמים,1.00,"ק""ג",true,,46.00,46.0000,true,1,15502
7290000319124,false,סלמי סרוולט מאפ יחיעם 250 גרם,מעדני יחיעם ( 1993 ) בע`מ,,סלמי סרוולט 250 גרם,גרמים,250.00,100 גרם,false,,34.90,0.1396,true,1,15538
7290000321750,false,"פילה אמנון 5-7 בד""צ",,,"פילה אמנון 5-7 בד""צ",קילוגרמים,1.00,"ק""ג",true,,29.90,29.9000,true,1,53154
7290000334684,false,תפוגן טבעות בצל לתנור 700 גרם,קבוצת אוסם סחר שותפות מוגבלת,,טבעות בצל 700 גרם,גרמים,700.00,100 גרם,false,,17.90,0.0256,true,1,19720
7290000334745,false,"ציפס אמריקאי דקדק תפוגן 1.5 ק""ג",קבוצת אוסם סחר שותפות מוגבלת,,"אמריקאן ציפס 1.5 ק""ג",קילוגרמים,1.50,"ק""ג",false,,24.90,16.6000,true,1,19721
7290000342856,false,מרכך כביסה כחול בדין (4 ליטר),"יוניליוור ישראל שיווק בע""מ",,בדין מרכך כביסה כחול,ליטרים,4.00,ליטר,false,,19.90,4.9750,true,1,10304
7290000345260,false,תה קלאסיק מעטפות ויסוצקי 25 יחידות,תה ויסוצקי (ישראל) בעמ,,תה ויסוצקי קלאסיק 25,גרמים,37.50,100 גרם,false,,6.90,0.1840,true,1,24596
7290000345284,false,תה ויסוצקי קלאסי אריזה ירוקה מרובעת (100 שקיקים),תה ויסוצקי (ישראל) בעמ,,תה ויסוצקי 1.5 קלאסי,גרמים,150.00,100 גרם,false,,15.90,0.1060,true,1,24598
7290000345307,false,תה ארל גרי 1.5/ 50 שקיקים ויסוצקי,תה ויסוצקי (ישראל) בעמ,,תה ארל גריי 1.5/50,גרמים,75.00,100 גרם,false,,28.90,0.3853,true,1,24600
7290000346199,false,חליטת פירות יער הגן הקסום ויסוצקי 25 יחידות,תה ויסוצקי (ישראל) בעמ,,תה פירות יער 25 שקיק,גרמים,67.50,100 גרם,false,,17.90,0.2652,true,1,24612
7290000346960,false,תה ויסוצקי נענע 1.7 גרם 50יח',תה ויסוצקי (ישראל) בעמ,,תה נענע 50 שקיקים 1.,גרמים,75.00,100 גרם,false,,28.90,0.3853,true,1,24618
7290000347738,false,תה ירוק בתוספת עלי נענע 25 שקיקים,תה ויסוצקי (ישראל) בעמ,,תה ירוק נענע 25 שקיק,גרמים,37.50,100 גרם,false,,23.90,0.6373,true,1,24619
7290000363486,false,נקניק תה טירת צבי מע,תנובה בשר,,נקניק תה טירת צבי מע,קילוגרמים,1.00,"ק""ג",true,,50.00,50.0000,true,1,25293
7290000364261,false,"דקניקים, סלסולי פסטרמה כתף בקר מעושנת 120 גרם",תנובה מרכז שיתופי לשיווק תוצרת,,סלסולי כתף בקר 120 ג,גרמים,120.00,100 גרם,false,,12.80,0.1067,true,1,25329
7290000364278,false,דקניקים סלסולי סלמי איטלקי משובח טירת צבי 120 גרם,תנובה מרכז שיתופי לשיווק תוצרת,,סלסולי סלמי איטלקי מ,גרמים,120.00,100 גרם,false,,12.80,0.1067,true,1,25330
7290000364292,false,דקניקים סלסולי פסטרמה הודו על גחלים 1% טירת צבי 120 גרם,תנובה מרכז שיתופי לשיווק תוצרת,,סלסולי פסטרמה גחלים,גרמים,120.00,100 גרם,false,,12.80,0.1067,true,1,25332
7290000364858,false,"נקניקיות עוף טרי טירת צבי 1 ק""ג",הנסיך- מפעל לייצור ט,,נקניקיות עוף טרי 1 ק,קילוגרמים,1.00,"ק""ג",false,,22.90,22.9000,true,1,25337
7290000364872,false,נקניקיות עוף טירת צבי (400 גרם),טיב טירת צבי 2000,,נקניקיות עוף 400 גרם,גרמים,400.00,100 גרם,false,,11.90,0.0298,true,1,25338
7290000365107,false,כתף בקר מפולפל{טירת צבי},תנובה קפואים,,כתף בקר מפולפל ט.צבי,קילוגרמים,1.00,"ק""ג",true,,90.00,90.0000,true,1,25300
7290000365398,false,חזה הודו בדבשטירת צבי,תנובה בשר,,חזה הודו בדבש ט.צבי,קילוגרמים,1.00,"ק""ג",true,,79.00,79.0000,true,1,25304
7290000365756,false,פסטרמה על גחלים ד.ש משקל,תנובה קפואים,,פסט. עלגחלים ד.ש.ט.צ,קילוגרמים,1.00,"ק""ג",true,,79.00,79.0000,true,1,25306
7290000367590,false,פסטרמה כפרית וסלמי פריזר כפרי טירת צבי 2*400 גרם,תנובה מרכז שיתופי לשיווק תוצרת,,צמד כפרי נק.סלמי+פסט,גרמים,800.00,100 גרם,false,,25.40,0.0317,true,1,25341
7290000369341,false,לבנה אבו גוש ירוק15%משקל,גבינות אמיר ניצן בעמ,,לאבנה אבו גוש ניצן מ,קילוגרמים,1.00,"ק""ג",true,,50.00,50.0000,true,1,6154
7290000369709,false,חמאה עירונית בתוספת ריחן ושום טרי גבינות ניצן 100 גרם,גבינות אמיר ניצן בעמ,,ניצן חמאה ט.שונים 10,גרמים,100.00,100 גרם,false,,12.90,0.1290,true,1,6161
7290000370161,false,גבינת צ'דר בשלה שקיל,,,גבינת צ'דר בשלה שקיל,קילוגרמים,1.00,"ק""ג",true,,95.00,95.0000,true,1,2779
7290000371571,false,פסט.פרגיות לבאגט ט.צ,,,פסט.פרגיות לבאגט ט.צ,קילוגרמים,1.00,"ק""ג",true,,79.00,79.0000,true,1,25313
7290000408316,false,יוגורט דנונה דל לקטוז 200 גרם,שטראוס גרופ בעמ/מצונן,,דנונה טבעי 3% 200מל,מיליליטרים,200.00,"100 מ""ל",false,,3.70,0.0185,true,1,23243
7290000408354,false,יוגורט עם אורז מצופה שוקולד קקאו 175 ג' דנונה,שטראוס גרופ בעמ/מצונן,,דנונה קראנצ' פצפוצים,מיליליטרים,175.00,"100 מ""ל",false,,4.60,0.0263,true,1,23244
7290000412481,false,נוזל לניקוי אסלות 00 סנו (1 ליטר),החברה הדרומית לשיווק בעמ,,מנקה אסלות 1 ליטר 00,ליטרים,1.00,ליטר,false,,7.90,7.9000,true,1,29808
7290000416021,false,ממרח בטעם שוקולד השחר העולה (500 גרם),השחר העולה תעשית ממתקים בעמ,,ממרח שוקולד השחר 500,גרמים,500.00,100 גרם,false,,13.90,0.0278,true,1,28862
7290000416045,false,ממרח בטעם שוקולד השחר העולה (1 קג),השחר העולה תעשית ממתקים בעמ,,ממרח שוקולד השחר 1 ק,קילוגרמים,1.00,"ק""ג",false,,24.90,24.9000,true,1,28864
7290000416076,false,"צימקאו לאפייה וציפוי השחר 400 גרם כשל""פ",השחר העולה תעשית ממתקים בעמ,,צימקאו לאפיה 400 גר',גרמים,400.00,100 גרם,false,,10.90,0.0273,true,1,28865
7290000416618,false,"ממרח שוקולד פרווה השחר 400 גרם כשל""פ",השחר העולה תעשית ממתקים בעמ,,ממרח שוקולד פרווה הש,גרמים,400.00,100 גרם,false,,11.90,0.0298,true,1,28872
7290000416632,false,"ממרח שוקולד פרווה השחר 1 ק""ג כשל""פ",השחר העולה תעשית ממתקים בעמ,,ממרח שוקולד פרווה הש,קילוגרמים,1.00,"ק""ג",false,,23.90,23.9000,true,1,28873
7290000416878,false,אבקת קקאו השחר העולה (500 גרם),השחר העולה תעשית ממתקים בעמ,,קקאו 500 גר',גרמים,500.00,100 גרם,false,,20.90,0.0418,true,1,28877
7290000419220,false,לנדוור כחול המקורי קפה טחון טורקי 3*100 גרם 16 יח',ש.שסטוביץ בעמ,,לנדוור כחול המקורי ק,גרמים,300.00,100 גרם,false,,17.90,0.0597,true,1,18649
7290000420325,false,"פופסטאר פופקורן למקירוגל בטעם טבעי 5 שקיות,500 גרם","דנשר (1963) בע,מ",,פופסטאר פופקורן טבעי,גרמים,500.00,100 גרם,false,,12.90,0.0258,true,1,5730
7290000420332,false,פופסטאר פופקורן למיקרוגל בטעם חמאה 5 יחידות 500 גרם,"דנשר (1963) בע,מ",,פופסטאר פופקורן חמאה,גרמים,500.00,100 גרם,false,,12.90,0.0258,true,1,5731
7290000453019,false,שמרים טריים לאפייה שקית שמרית 50 ג',שטראוס גרופ בעמ/מצונן,,שמרית שמרים טריים לא,גרמים,50.00,100 גרם,false,,4.50,0.0900,true,1,23245
7290000453125,false,שמרית שמרים טריים לאפיה +משפר אפיה 100ג,שטראוס גרופ בעמ/מצונן,,שמרית שמרים טריים לא,גרמים,100.00,100 גרם,false,,7.40,0.0740,true,1,23246
7290000453866,false,נטורינה תחליף מרגרינה לבישול ואפיה קוקוס שמרית 200 גרם,שטראוס גרופ בעמ/מצונן,,נטורינה קוקוס שטראוס,גרמים,200.00,100 גרם,false,,7.50,0.0375,true,1,23250
7290000453880,false,מרגרינה ללא מלח לאפיה ובישול שמרית 200גר,שטראוס גרופ בעמ (ח),,מרגרינה ללא מלח לאפי,גרמים,200.00,100 גרם,false,,4.90,0.0245,true,1,23252
7290000461625,false,בייגלה שמיניות מלח בייגל בייגל 400 ג',יוניליוור ישראל שיווק בע`מ,,ביגלה 8 8 400גר,גרמים,400.00,100 גרם,false,,9.90,0.0248,true,1,10307
7290000461700,false,בייגלה שמיניות גדולות מלוחות 400 גרם,יוניליוור ישראל שיווק בע`מ,,ביגלה שמיניות גדולות,גרמים,400.00,100 גרם,false,,11.90,0.0298,true,1,10309
7290000467153,false,מלך החומוס סמיר הגדול 400 גרם צבר,קבוצת אוסם סחר שותפות מוגבלת,,צבר חומוס סמיר הגדול,גרמים,400.00,100 גרם,false,,13.90,0.0348,true,1,19732
7290000467320,false,מלך החומוס אבו מרוואן 400 גרם,קבוצת אוסם סחר שותפות מוגבלת,,צבר חומוס אבו מרוואן,גרמים,400.00,100 גרם,false,,13.90,0.0348,true,1,19733
7290000472821,false,גבינה צהובה 28% הר,,,גבינה צהובה 28% הר,קילוגרמים,1.00,"ק""ג",true,,31.00,31.0000,true,1,486752
7290000474090,false,"חלב בקרטון 1%- 1 ליטר בד""צ - מוצר בפיקוח",*החברה המרכזית להפצת משקאותבעמ,,טרה חלב בקרטון 1% 1ל,ליטרים,1.00,ליטר,false,,5.59,5.5900,true,1,6345
7290000474502,false,גבינה לבנה טרה 5% מרכיבים טבעיים,*החברה המרכזית להפצת משקאותבעמ,,טרה גבינה לבנה 5% 25,גרמים,250.00,100 גרם,false,,4.75,0.0190,true,1,6354
7290000474830,false,נעם גבינה צהובה מגורדת 28% טרה 500 גרם,*החברה המרכזית להפצת משקאותבעמ,,נעם גבינה צהובה מגור,גרמים,500.00,100 גרם,false,,29.90,0.0598,true,1,6356
7290000480107,false,קוואקר שיבולת שועל פחית 500 גרם,שטראוס פריטו ליי בעמ,,"קוואקר מהיר אטוס לל""",גרמים,500.00,100 גרם,false,,13.90,0.0278,true,1,24157
7290000481029,false,10 פיתות בטעם ביתי דגנית עין בר,דגנית עין בר תעשיות מזון ואפיה,,פיתות 10 יחידות בטעם,קילוגרמים,1.00,"ק""ג",false,,10.90,10.9000,true,1,55153
7290000481531,false,דגנית עין בר לחמניות אצבע מחיטה מלאה בשקית 750 ג',דגנית עין בר תעשיות מזון ואפיה,,לחמניות 10 יחידות חי,גרמים,750.00,100 גרם,false,,13.90,0.0185,true,1,4462
7290000481883,false,דגנית עין בר מארז לחמניות 10 יח'*75 ג',דגנית עין בר תעשיות מזון ואפיה,,10 לחמניות דגנית,גרמים,750.00,100 גרם,false,,13.90,0.0185,true,1,4466
7290000493183,false,אבקת רוטב פטריות לבשר-30 גרם,קבוצת אוסם סחר שותפות מוגבלת,,אסם אבקת רוטב פטריות,גרמים,30.00,100 גרם,false,,3.90,0.1300,true,1,18684
7290000518176,false,ממתיק מתוק וקל 250 שקיות,מתוק וקל בע`מ,,מתוק וקל ענק 250 שקי,גרמים,250.00,100 גרם,false,,17.50,0.0700,true,1,15789
7290000518220,false,ממתיק סוכרה דיאט 100 יחידות,מתוק וקל בעמ,,סוכרה דיאט 100 יח,גרמים,80.00,100 גרם,false,,24.90,0.3112,true,1,15791
7290000523125,false,מלח הארץ הים האדום 250 ג' עדין,"חברת מלח הארץ אילת בע""\מ",,מלח ים יבש הארץ 250,גרמים,250.00,100 גרם,false,,5.90,0.0236,true,1,24622
7290000523521,false,מלח ים מלח הארץ 250 גרם מועשר ביוד,חברת מלח הארץ אילת ב,,מלח מעושר ביוד הארץ,גרמים,250.00,100 גרם,false,,5.90,0.0236,true,1,24623
7290000523804,false,"מלח עדין צנצנת 1 ק""ג מלח הארץ","חברת מלח הארץ אילת בע""\מ",,מלח עדין בצנצנת הארץ,קילוגרמים,1.00,"ק""ג",false,,7.50,7.5000,true,1,24624
7290000525969,false,מיץ תפוזים סחוט רכיבים טבעיים פרימור 1 ליטר,שטראוס גרופ בעמ/מצונן,,פרימור מיץ תפוזים 1ל,ליטרים,1.00,ליטר,false,,15.90,15.9000,true,1,23261
7290000530031,false,סלמי פיין צר זוגלובק,זוגלובק,,סלמי פיין צר זוגלובק,קילוגרמים,1.00,"ק""ג",true,,60.00,60.0000,true,1,38892
7290000530062,false,נקניק מעושן איטלקי במשקל,זוגלובק שיווק בעמ,,סלמי מעו. איטלקי זוג,קילוגרמים,1.00,"ק""ג",true,,82.00,82.0000,true,1,38894
7290000530192,false,זוגלובק סרבלד נקניק מעדניה,נקניק זוגלובק נהריה,,נקניק סרבלד זוגלובק,קילוגרמים,1.00,"ק""ג",true,,123.00,123.0000,true,1,38898
7290000530260,false,נקניק מרטדלה רחב במשקל,זוגלובק שיווק בעמ,,נקניק מורטדלה זוגלוב,קילוגרמים,1.00,"ק""ג",true,,38.00,38.0000,true,1,38899
7290000530369,false,פסטרמה גולן חזה הודו מעושן מעדניה,נקניק זוגלובק נהריה,,פסט. גולן 3% זוגלובק,קילוגרמים,1.00,"ק""ג",true,,80.00,80.0000,true,1,38901
7290000530703,false,פסטרמה חרמון כפרית ונקניק תה מעושן זוגלובק 2*400 גרם,נקניק נהריה כשר זוגל,,זוג תה 400 + חרמון 4,גרמים,800.00,100 גרם,false,,27.90,0.0349,true,1,38940
7290000531410,false,פסטרממיה בדבש טהור במשקל,נקניק זוגלובק נהריה,,פסט. בדבש טהור 3% זו,קילוגרמים,1.00,"ק""ג",true,,80.00,80.0000,true,1,38904
7290000532400,false,פסטרמה חזה הודו ברביקיו זוגלובק,נקניק זוגלובק נהריה,,ברביקיו חזה הודו זוג,קילוגרמים,1.00,"ק""ג",true,,80.00,80.0000,true,1,38905
7290000532721,false,כתף בקר מעושן בפלפל טורו מעדניה,נקניק זוגלובק נהריה,,כתף בקר מפולפל טורו,קילוגרמים,1.00,"ק""ג",true,,110.00,110.0000,true,1,38907
7290000533353,false,"בצק עלים מרודד זוגלובק 1 ק""ג",מאפיית אריאל וגידרון,,זוגלובק בצק עלים 1קג,קילוגרמים,1.00,"ק""ג",false,,13.90,13.9000,true,1,38945
7290000534800,false,פסטרמה הודו רומני מעדניה,נקניק זוגלובק נהריה,,פסטרמה רומנית 4% זוג,קילוגרמים,1.00,"ק""ג",true,,80.00,80.0000,true,1,38913
7290000534824,false,פסטרמה חרמון-חזה הודו זוגלובק,נקניק זוגלובק נהריה,,חרמון 3% זוגלובק במש,קילוגרמים,1.00,"ק""ג",true,,53.00,53.0000,true,1,38914
7290000537566,false,נקניקיות עוף טרי 400 ג' זוגלובק,נקניק נהריה כשר זוגל,,נקניקיות עוף טרי 400,גרמים,400.00,100 גרם,false,,11.50,0.0288,true,1,38957
7290000537603,false,"נקניקיות עוף 1 ק""ג זוגלובק.",זוגלובק שיווק בעמ,,"נקנקיות עוף 1 ק""ג -ז",קילוגרמים,1.00,"ק""ג",false,,24.90,24.9000,true,1,38958
7290000552194,false,קישקע קפוא טיבון ויל (500 גרם),טיבון ויל אחזקות בעמ,,קישקע קפוא 500 גרם,גרמים,500.00,100 גרם,false,,12.90,0.0258,true,1,16796
7290000552569,false,סטייקבורגר בקר טיבון ויל 400 גרם,"טיבון ויל אחזקות בע""\מ",,סטייק בורגר 400 ג'-ט,גרמים,400.00,100 גרם,false,,17.90,0.0447,true,1,16797
7290000554457,false,גבינה צפתית 5% 350 גרם - רבנות,מחלבות גד שיווק 1992 בעמ,,גד צפתית מיני 5% 350,גרמים,350.00,100 גרם,false,,19.90,0.0569,true,1,14625
7290000560540,false,אדג`פרו ג`ל לגילוח עור רגיש כתום220,המאפיה של הרמן,,ג'ל גילוח כתום לעור,מיליליטרים,200.00,"100 מ""ל",false,,15.90,0.0795,true,1,5741
7290000561189,false,חמוציות 200 גר`פיצוחי חממה,בוטנת בעמ,,חמוציות 200 גרם,גרמים,200.00,100 גרם,false,,10.00,0.0500,true,1,1425
7290000561202,false,גרעינים חמניה 200 גרם פיצוחי חממה,בוטנת בעמ חברה לקלייה ואריזת פ,,גרעין חמניה קלוי 200,גרמים,200.00,100 גרם,false,,6.90,0.0345,true,1,1427
7290000561714,false,צנובר פיצוחי חממה (100 גרם),בוטנת בעמ חברה לקלייה ואריזת פ,,צנובר 100 גרם,גרמים,100.00,100 גרם,false,,24.90,0.2490,true,1,1452
7290000574035,false,לחם אחיד פרוס דגנית עין בר (750 גרם),דגנית עין בר תעשיות מזון ואפיה,,לחם אחיד פרוס דגנית,גרמים,750.00,100 גרם,false,,7.11,0.0095,true,1,4472
7290000574141,false,לחם חיטה מלא 750ג' דגנית עין בר,דגנית עין בר תעשיות מזון ואפיה,,לחם חיטה מלאה דגנית,גרמים,750.00,100 גרם,false,,14.90,0.0199,true,1,4478
7290000574172,false,לחם קל מחיטה מלאה 750 ג' דגנית עין בר,דגנית עין בר תעשיות מזון ואפיה,,לחם קל חיטה מלאה דגנ,גרמים,750.00,100 גרם,false,,13.90,0.0185,true,1,4480
7290000574455,false,לחם חיטה מלא פלוס כוסמין 750 ג' דגנית עין בר,דגנית עין בר תעשיות מזון ואפיה,,לחם חיטה מלא+כוסמין,גרמים,750.00,100 גרם,false,,14.90,0.0199,true,1,4492
7290000598472,false,סלמון מנות נורבגי בו,,,סלמון מנות נורבגי בו,קילוגרמים,1.00,"ק""ג",true,,89.90,89.9000,true,1,51526
7290000611860,false,חזה עוף שלם טרי ארוז,ח.י. מעדני גורמה בעמ,,חזה עוף שלם טרי ארוז,קילוגרמים,1.00,"ק""ג",true,,31.90,31.9000,true,1,37959
7290000644783,false,נתחי פילה סלמון קפוא קג,תנובה קפואים,,דגי תנובה נתחי פילה,קילוגרמים,1.00,"ק""ג",true,,89.90,89.9000,true,1,26485
7290000646299,false,פילה נסיכת הנילוס 100% דג קפוא תנובה,תנובה מרכז שיתופי לשיווק תוצרת,,פילה נסיכה 100% דגי,קילוגרמים,1.00,"ק""ג",true,,54.90,54.9000,true,1,169192
7290000652177,false,נתחי פילה נסיכה 100% דג קפוא תנובה,תנובה מרכז שיתופי לשיווק תוצרת,,נתחי פילה נסיכה 100%,קילוגרמים,1.00,"ק""ג",true,,69.90,69.9000,true,1,90041
7290000652542,false,פילה אמנון 5-7 100% דג- תנובה,תנובה קפואים,,פילה אמנון 5-7 100%,קילוגרמים,1.00,"ק""ג",true,,34.90,34.9000,true,1,90013
7290000659312,false,דגי תנובה פילה סלומון קפוא בוואקום,תנובה בשר,,דגי תנובה פילה סלמון,קילוגרמים,1.00,"ק""ג",true,,79.90,79.9000,true,1,26495
7290000662817,false,סלמון מעושן 100 גרם נורבגי מדג טרי,דגיים קפואים,,סלמון מעושן פרוס 100,גרמים,100.00,100 גרם,false,,18.90,0.1890,true,1,135766
7290000663036,false,פילה אמנון קפוא ללא עור 100% דג תנובה,תנובה מרכז שיתופי לשיווק תוצרת,,פילה אמנון ללא עור 1,קילוגרמים,1.00,"ק""ג",true,,44.90,44.9000,true,1,169178
7290000680123,false,כנפיים עוף טרי ארוז,,,כנפיים עוף טרי ארוז,קילוגרמים,1.00,"ק""ג",true,,10.90,10.9000,true,1,49950
7290000680147,false,כרעיים עוף טרי ארוז,,,כרעיים עוף טרי ארוז,קילוגרמים,1.00,"ק""ג",true,,26.90,26.9000,true,1,49952
7290000680154,false,שניצל עוף טרי ארוז,,,שניצל עוף טרי ארוז,קילוגרמים,1.00,"ק""ג",true,,36.90,36.9000,true,1,49953
7290000680161,false,חזה עוף שלם טרי ארוז,,,חזה עוף שלם טרי ארוז,קילוגרמים,1.00,"ק""ג",true,,31.90,31.9000,true,1,49954
7290000680451,false,כבד עוף טרי ארוז.,,,כבד עוף טרי ארוז.,קילוגרמים,1.00,"ק""ג",true,,19.90,19.9000,true,1,49959
7290000680529,false,שניצל עוף טרי ארוז,,,שניצל עוף טרי ארוז,קילוגרמים,1.00,"ק""ג",true,,36.90,36.9000,true,1,49964
7290000681304,false,כרעיים עוף טרי מחפוד,,,כרעיים עוף טרי מחפוד,קילוגרמים,1.00,"ק""ג",true,,32.90,32.9000,true,1,49968
7290000681328,false,מחפוד שוקיים עוף טרי,,,מחפוד שוקיים עוף טרי,קילוגרמים,1.00,"ק""ג",true,,34.90,34.9000,true,1,49970
7290000681342,false,לבבות עוף טרי מחפוד,,,לבבות עוף טרי מחפוד,קילוגרמים,1.00,"ק""ג",true,,34.90,34.9000,true,1,49972
7290000681366,false,כנפיים עוף מחפוד ב-ק,,,כנפיים עוף מחפוד ב-ק,קילוגרמים,1.00,"ק""ג",true,,14.90,14.9000,true,1,49974
7290000681380,false,שניצל עוף טרי מחפוד,,,שניצל עוף טרי מחפוד,קילוגרמים,1.00,"ק""ג",true,,34.90,34.9000,true,1,49976
7290000688381,false,מים מינרלים פקק ספורט מי עדן (500x6 מל),יפאורה שותפות מוגבלת לשיווק,,מי עדן פקק ספורט 6*5,ליטרים,3.00,ליטר,false,,13.90,4.6333,true,1,11466
7290000688503,false,"מים מינרלים פקק ספורט מי עדן 6*750 מ""ל",יפאורה שותפות מוגבלת לשיווק,,מי עדן ג'ים 6*750מל,ליטרים,4.50,ליטר,false,,15.90,3.5333,true,1,11469
7290000692227,false,נוזל כלים פלמוליב צילינדר קלאסי 1 ליטר,יבואן ומשווק: ש. שסט,,פלמוליב לכלים קלאסי-,יחידה,0.00,יחידה,false,,13.90,0.0000,true,1,21418
7290000707512,false,פטם חזה פרוס ארוז קפ,,,פטם חזה פרוס ארוז קפ,קילוגרמים,1.00,"ק""ג",true,,39.90,39.9000,true,1,563684
7290000739247,false,פסטרמה איטלקית זוגלו,,,פסט. איטלקית זוגלובק,קילוגרמים,1.00,"ק""ג",true,,80.00,80.0000,true,1,38923
7290000740212,false,נקניקיות ג'מבו שקיל,,,נקניקיות ג'מבו שקיל,קילוגרמים,1.00,"ק""ג",true,,19.90,19.9000,true,1,38924
7290000796793,false,בשר ראש בקר קפוא כשר,,,בשר ראש בקר קפוא כשר,קילוגרמים,1.00,"ק""ג",true,,79.90,79.9000,true,1,560023
7290000900436,false,טירת צבי פסטרמה איטל,,,פסט.איטלקית ט.צבי מע,קילוגרמים,1.00,"ק""ג",true,,79.00,79.0000,true,1,25317
7290000910291,false,פלפל צ`ילי,,,פלפל צ`ילי,גרמים,100.00,100 גרם,false,,7.90,0.0790,true,1,46599
7290001041123,false,שקדים מולבנים פרוסים מיה 100 גרם,מיה תעשיות מזון מ.ת.מ. בעמ,,מיה שקד מולבן פרוס 1,גרמים,100.00,100 גרם,false,,10.90,0.1090,true,1,14849
7290001041178,false,"אפונה ירוקה מיה 1 ק""ג",מיה תעשיות מזון מ.ת.מ. בעמ,,"אפונה 1 ק""ג",קילוגרמים,1.00,"ק""ג",false,,7.90,7.9000,true,1,14854
7290001041185,false,"פופקורן גרעינים מיה 1 ק""ג",מיה תעשיות מזון מ.ת.מ. בעמ,,פופקורן 1 ק'ג,קילוגרמים,1.00,"ק""ג",false,,9.90,9.9000,true,1,14855
7290001041192,false,"עדשים אדומים יבשים מיה 1 ק""ג",מיה תעשיות מזון מ.ת.מ. בעמ,,עדשים אדומות 1 ק'ג,קילוגרמים,1.00,"ק""ג",false,,10.90,10.9000,true,1,14856
7290001041208,false,"עדשים ירוקים יבשים מיה 1 ק""ג",מיה תעשיות מזון מ.ת.מ. בעמ,,עדשים ירוקות 1 ק'ג,קילוגרמים,1.00,"ק""ג",false,,12.90,12.9000,true,1,14857
7290001041215,false,"חיטה מיה 1 ק""ג",מיה תעשיות מזון מ.ת.מ. בעמ,,חיטה 1 ק'ג,קילוגרמים,1.00,"ק""ג",false,,6.90,6.9000,true,1,14858
7290001041277,false,פירורי לחם רגיל מיה 400ג ',מיה תעשיות מזון מ.ת.מ בעמ,,פרורי לחם 400 גרם,גרמים,400.00,100 גרם,false,,5.90,0.0148,true,1,14861
7290001121054,false,צמד חמד פסטרמה וסלמי יחיעם 700 גרם,מעדני יחיעם ( 1993 ) בע`מ,,יחיעם צמד חמד 700 גר,גרמים,700.00,100 גרם,false,,24.90,0.0356,true,1,15557
7290001121849,false,פסטרמה ברביקיו יחיעם 250 גרם ר.טבעיים,מעדני יחיעם ( 1993 ) בע`מ,,יחיעם פסטרמה הודו טב,גרמים,250.00,100 גרם,false,,24.50,0.0980,true,1,15564
7290001123775,false,שווארמה אמיתית פרגיות טיבון ויל 500 גרם,"טיבול ויל אחזקות בע""",,שווארמה פרגיות 500 ג,גרמים,500.00,100 גרם,false,,19.90,0.0398,true,1,16806
7290001201510,false,ביצים ארוזות M מ. לסר) (30 פיקוח,מ לסר בעמ - חברה לשיווק ביצים,,30 ביצים M מ.לסר,יחידה,0.00,יחידה,false,,27.87,0.0000,true,1,13625
7290001201589,false,ביצים ארוזות L מ. לסר) (12 פיקוח,מ לסר בעמ - חברה לשיווק ביצים,,12 ביצים L מ.לסר,יחידה,0.00,יחידה,false,,12.05,0.0000,true,1,13628
7290001201596,false,ביצים ארוזות M 12 יחידות,מ לסר בעמ - חברה לשיווק ביצים,,12 ביצים M מ.לסר,יחידה,0.00,יחידה,false,,11.15,0.0000,true,1,13629
7290001201619,false,תבנית ביצים 18 יחידות M,מ לסר בעמ - חברה לשיווק ביצים,,18 ביצים M מ.לסר,יחידה,0.00,יחידה,false,,16.72,0.0000,true,1,13630
7290001201824,false,תבנית ביצים 12 יח' לארג' אורגני,מ לסר בעמ - חברה לשיווק ביצים,,12 ביצים L אורגני מ,יחידה,0.00,יחידה,false,,21.90,0.0000,true,1,13637
7290001201862,false,ביצי חופש לארג' 12 יחידות,מ לסר בעמ - חברה לשיווק ביצים,,12 ביצים חופש L מ. ל,יחידה,0.00,יחידה,false,,17.90,0.0000,true,1,13640
7290001216040,false,טחינה גולמית שומשום טהור אל ארז 500 גרם,אגס ירוק מסחר ושירותים,,טחינה אל ארז 100% שו,גרמים,500.00,100 גרם,false,,15.90,0.0318,true,1,34857
7290001216057,false,"טחינה שומשום טהור אל ארז 1 ק""ג",אגס ירוק מסחר ושירותים,,טחינה אל ארז 100% שו,קילוגרמים,1.00,"ק""ג",false,,29.90,29.9000,true,1,34858
7290001216101,false,"טחינה שומשום מלא אל ארז 1 ק""ג",סוגת תעשיות בעמ,,טחינה אל ארז 100% שו,קילוגרמים,1.00,"ק""ג",false,,32.90,32.9000,true,1,538482
7290001216231,false,טחינה גולמית שומשום מלא אל ארז 500 גרם,אגס ירוק מסחר ושירותים,,טחינה מלאה 100% שומש,גרמים,500.00,100 גרם,false,,16.90,0.0338,true,1,34862
7290001245705,false,אקונומיקה מבושמת 4 ליטר טאצ',סאסאטק אגשח בעמ,,אקונומיקה מבושמת 4 ל,ליטרים,4.00,ליטר,false,,10.90,2.7250,true,1,37991
7290001245712,false,אקונומיקה 4 ליטר טאצ,סאסאטק אגשח בעמ,,אקונומיקה טאצ' 4 ליט,ליטרים,4.00,ליטר,false,,10.90,2.7250,true,1,37992
7290001245736,false,ג'ל כביסה כחול טאצ' 3 ליטר סלקט,סאסאטק אגשח בעמ,,ג'ל כביסה כחול 3 ליט,ליטרים,1.00,ליטר,false,,17.90,17.9000,true,1,37994
7290001245798,false,נוזל כלים לימון 18% 1.6 ליטר טאצ',סאסאטק אגשח בעמ,,נוזל כלים לימון 18%,ליטרים,1.60,ליטר,false,,10.90,6.8125,true,1,37996
7290001245828,false,נוזל כלים קלאסי טאצ' 18% 1.6 ליטר,סאסאטק אגשח בעמ,,נוזל כלים קלאסי 18%,ליטרים,1.60,ליטר,false,,10.90,6.8125,true,1,37998
7290001245897,false,נוזל רצפות יסמין 4 ליטר טאצ`,סאסאטק אגשח בעמ,,נוזל רצפות יסמין 4 ל,ליטרים,4.00,ליטר,false,,13.90,3.4750,true,1,38005
7290001245958,false,מרכך כביסה ורוד 4 ליטר טאצ',סאסאטק אגשח בעמ,,מרכך כביסה טאצ' ורוד,ליטרים,4.00,ליטר,false,,13.90,3.4750,true,1,38010
7290001245965,false,מרכך כביסה כחול 4 ליטר טאצ',סאסאטק אגשח בעמ,,מרכך כביסה טאצ' כחול,ליטרים,4.00,ליטר,false,,13.90,3.4750,true,1,38011
7290001245972,false,מרכך כביסה לבן 4 ליטר טאצ',סאסאטק אגשח בעמ,,מרכך כביסה טאצ' לבן,ליטרים,4.00,ליטר,false,,13.90,3.4750,true,1,38012
7290001245989,false,מרכך כביסה 4 ליטר טאצ' סגול,סאסאטק אגשח בעמ,,מרכך כביסה טאצ' סגול,ליטרים,4.00,ליטר,false,,13.90,3.4750,true,1,38013
7290001246078,false,מרכך מרוכך פרפיום סנשואל( 1 ליטר)טאצ`,סאסאטק אגשח בעמ,,מרכך פרימיום סנשואל,ליטרים,1.00,ליטר,false,,12.90,12.9000,true,1,38016
7290001246092,false,"תרסיס מסיר שומנים 750 מ""ל טאצ.",סאסאטק אגשח בעמ,,תרסיס מסיר שומנים 75,מיליליטרים,750.00,"100 מ""ל",false,,12.90,0.0172,true,1,38018
7290001246122,false,"תרסיס ניקוי כללי+ אקונומיקה 750 מ""ל טאצ",סאסאטק אגשח בעמ,,תרסיס לניקוי כללי 75,מיליליטרים,750.00,"100 מ""ל",false,,12.90,0.0172,true,1,38021
7290001246320,false,"ג'ל אסלות לימון טאצ' 750 מ""ל",,,ג'ל אסלות לימון טאצ',מיליליטרים,750.00,"100 מ""ל",false,,9.90,0.0132,true,1,38026
7290001246351,false,נוזל רצפות לבנדר 4 ליטר טאצ,סאסאטק אגשח בעמ,,נוזל רצפות לבנדר 4 ל,ליטרים,4.00,ליטר,false,,13.90,3.4750,true,1,38029
7290001246979,false,אקופרינד-נוזל כלים 1 ליטר לימון,סאסאטק,,אקופרנד - נוזל כלים,ליטרים,1.00,ליטר,false,,14.90,14.9000,true,1,109198
7290001247068,false,קרטונית נקטר ספרינג תות בננה 1 ליטר,יפאורה שותפות מוגבלת לשיווק,,ספרינג תות בננה קרטו,ליטרים,1.00,ליטר,false,,6.90,6.9000,true,1,11483
7290001247099,false,קרטונית נקטר ספרינג מנגו 1 ליטר,יפאורה שותפות מובגלת לשיווק,,ספרינג מנגו קרטונית,ליטרים,1.00,ליטר,false,,6.90,6.9000,true,1,11485
7290001247105,false,קרטונית נקטר ספרינג אפרסק 1 ליטר,יפאורה שותפות מובגלת לשיווק,,ספרינג נקטר אפרסק 1ל,ליטרים,1.00,ליטר,false,,6.90,6.9000,true,1,11486
7290001247143,false,קרטונית נקטר ספרינג תפוחים 1 ליטר,יפאורה שותפות מובגלת לשיווק,,ספרינג תפוח קרטונית,ליטרים,1.00,ליטר,false,,6.90,6.9000,true,1,11490
7290001305188,false,"נוזל לניקוי כלים בריח לימון פלמוליב 750 מ""ל",יבואן ומשווק: ש. שסט,,פלמוליב לכלים פריחת,מיליליטרים,750.00,"100 מ""ל",false,,11.90,0.0159,true,1,21430
7290001343845,false,תערובת מיזלי עם פירות מיובשים 1 קג,דין שיווק וקליה 2021 בעמ,,גרנולה שיבולת שועל ע,קילוגרמים,1.00,"ק""ג",false,,18.90,18.9000,true,1,4614
7290001407547,false,טחינה גולמית משומשום מלא פי 6 בארכה 500ג',קבוצת אוסם סחר שותפות מוגבלת,,בארכה טחינה שומשום מ,גרמים,500.00,100 גרם,false,,14.90,0.0298,true,1,18695
7290001407769,false,טחינה גולמית בארכה שומשום מלא 500 גרם,קבוצת אוסם סחר שותפות מוגבלת,,בארכה טחינה עם שומשו,גרמים,500.00,100 גרם,false,,14.90,0.0298,true,1,18698
7290001407936,false,בארכה-טחינה גולמית מעודנת בקבוק לחיץ 310 ג',קבוצת אוסם סחר שותפות מוגבלת,,בארכה טחינה מעודנת 3,גרמים,310.00,100 גרם,false,,10.90,0.0352,true,1,18703
7290001419779,false,"וופל קלאסי בטעם שוקולד ""עלמה"" 200 גרם",רזיט שיווק בעמ,,וופל עלמה קלאסי 200,גרמים,200.00,100 גרם,false,,2.90,0.0145,true,1,41253
7290001459928,false,"גזר גמדי 800 גרם ארוז בד""ץ עדה חרדית",פספרוסט,,גזר גמדי בלדי 800 גר,גרמים,800.00,100 גרם,false,,11.90,0.0149,true,1,552711
7290001459935,false,"אפונה 800 גרם בד""ץ עדה חרדית",פספרוסט,,אפונה בלדי 800 גרם,גרמים,800.00,100 גרם,false,,11.90,0.0149,true,1,552681
7290001468890,false,אלכוהול 70% נאמן 100,נאמן לאורך זמן בעמ,,אלכוהול 70% נאמן 100,מיליליטרים,100.00,"100 מ""ל",false,,4.50,0.0450,true,1,15869
7290001491096,false,תה ירוק בתוספת לימונית ולואיזה 50 שקיקים ויסוצקי,תה ויסוצקי (ישראל) בעמ,,תה ירוק בתוספת לימונ,גרמים,75.00,100 גרם,false,,45.90,0.6120,true,1,24628
7290001567708,false,נקניקיות וינר 400 גר`ללא ח`מ,מעדני יחיעם ( 1993 ) בע`מ,,נקניקיות עוף 400 גר`,גרמים,400.00,100 גרם,false,,9.90,0.0248,true,1,15567
7290001591734,false,נקניקיה מרגז בסגנון מרוקאי טיבון ויל 500 גרם,נטו מילנדה סחר בעמ*,,נקניקיות מרגז בסגנון,גרמים,500.00,100 גרם,false,,22.90,0.0458,true,1,376008
7290001594230,false,קינלי סודה בבקבוק זכוכית,החברה המרכזית להפצת משקאות בעמ,,סודה קינלי 250 מ'ל,מיליליטרים,250.00,"100 מ""ל",false,,2.90,0.0116,true,1,6841
7290001594858,false,מארז שישייה בירה טובורג רד (330x6 מל),החברה המרכזית להפצת משקאות בעמ,,טובורג רד בקבוק פקדו,ליטרים,1.98,ליטר,false,,43.90,22.1717,true,1,6859
7290001670057,false,כפיות לבן 100 יח`הנמל,הנמל אריזות ושיווק (1984) בעמ,,.סכום ח.פ.כפיות 100י,יחידה,0.00,יחידה,false,,12.90,0.0000,true,1,7723
7290001670255,false,כוס קרטון שתייה חמה 8B 50 יח',הנמל אריזות ושיווק (1984) בעמ,,כוסות שתיה חמה 50 יח,יח',50.00,יח',false,,8.90,0.1780,true,1,7733
7290001713150,false,סנט מוריץ מתז אקונומיקה Bleach קצף לימון 1 ליטר,קומפלקס כימיקלים בעמ,,אקונומיקה קצף ניקוי,ליטרים,1.00,ליטר,false,,9.90,9.9000,true,1,20094
7290001713242,false,עלמה שקיות אשפה 25 יחידות 75*90 עם ידית,קומפלקס כימקלים בעמ`,,"שקיות אשפה 25 י""ח 75",יחידה,0.00,יחידה,false,,12.90,0.0000,true,1,383612
7290001791349,false,אקונומיקה פיסגה ריחנית סנו (4 ליטר),החברה הדרומית לשיווק בעמ,,אקונומיקה ריחנית פסג,ליטרים,4.00,ליטר,false,,11.90,2.9750,true,1,29839
7290001813478,false,"עוגיות חיוכים וניל עלית 900 גרם מארז 6 יחידות בד""צ","אפיפית נצרת (1971) בע""\מ",,חיוכים חגיגה וניל 90,גרמים,900.00,100 גרם,false,,19.90,0.0221,true,1,22218
7290001817728,false,צ'יטוס אפוי כאפה בטעם קטשופ 55 גרם,"שטראוס פריטו ליי בע""\מ )",,ציטוס כאפה 55 גרם,גרמים,55.00,100 גרם,false,,3.50,0.0636,true,1,24161
7290001990094,false,"סוכר חום כהה צנצנת קלאסי סוגת 1ק""ג",האי נאם סי או אל.טי.,,סוכר חום בצנצנת קלאס,קילוגרמים,1.00,"ק""ג",false,,14.90,14.9000,true,1,17314
7290001990117,false,שומשום סוגת 100 גרם,האי נאם סי או אל.טי.,,שומשום 100 גרם,גרמים,100.00,100 גרם,false,,3.90,0.0390,true,1,17315
7290001990148,false,"סוכר גולדן קלאסי בצנצנת 1 ק""ג סוגת",האי נאם סי או אל.טי.,,סוכר גולדן קלאסי בצנ,קילוגרמים,1.00,"ק""ג",false,,12.90,12.9000,true,1,17316
7290001990261,false,"חומוס סוגת 1 ק""ג","סוגת תעשיות בע""\מ",,"סוגת חומוס 1 ק""ג",קילוגרמים,1.00,"ק""ג",false,,14.90,14.9000,true,1,17317
7290001990414,false,"עדשים אדומות סוגת 1 ק""ג","סוגת תעשיות בע""\מ",,סוגת עדשים אדומים 1,קילוגרמים,1.00,"ק""ג",false,,14.90,14.9000,true,1,17322
7290001990421,false,"פופקורן גרעינים סוגת 1 ק""ג","סוגת תעשיות בע""\מ",,"סוגת פופקורן 1 ק""ג",קילוגרמים,1.00,"ק""ג",false,,9.90,9.9000,true,1,17323
7290002007234,false,אבקת סוכר הנמל 100 גרם,הנמל אריזות ושיווק 1984 בע`מ,,אבקת סוכר 100ג,גרמים,100.00,100 גרם,false,,1.90,0.0190,true,1,7752
7290002007975,false,צלחות פלסטיק קטנות חד פעמיות 50 יח,הנמל אריזות ושיווק (1984) בעמ,,צלחות קטן 50יח,יחידה,0.00,יחידה,false,,12.90,0.0000,true,1,7774
7290002007999,false,צלחות פלסטיק גדולות חד פעמיות 50 יח,הנמל אריזות ושיווק (1984) בעמ,,צלחות גדול 50יח הנמל,יחידה,0.00,יחידה,false,,15.90,0.0000,true,1,7776
7290002008187,false,קשים מתקפלים לשתיה הנמל 40 יחידות,הנמל אריזות ושיווק 1984 בע`מ,,קש לשתיה מתקפל 40יח,יחידה,0.00,יחידה,false,,1.90,0.0000,true,1,7788
7290002008347,false,קורנפלור 500 גרם הנמל,הנמל אריזות ושיווק (1984) בעמ,,קורנפלור 500 גרם,גרמים,500.00,100 גרם,false,,6.90,0.0138,true,1,7794
7290002008507,false,נייר אפיה הנמל 50 יחידות,הנמל אריזות ושיווק (1984) בעמ,,נייר אפיה 50יח,יחידה,0.00,יחידה,false,,8.90,0.0000,true,1,7799
7290002008750,false,אבקת אפיה עשירייה הנמל 100 גרם,הנמל אריזות ושיווק 1984 בע`מ,,אבקת אפיה 10*10 גרם,גרמים,100.00,100 גרם,false,,2.90,0.0290,true,1,7805
7290002043218,false,אקסטרה צ'יפס אורז חום מלא מלח 60 גרם,א.ל ייצור ושיווק תבלינים בעמ,,אקסטרא צ'יפס מלח ואו,גרמים,60.00,100 גרם,false,,8.50,0.1417,true,1,142497
7290002043782,false,אקסטרה צ'יפס אורז חום מלא טקסס ברביקיו 60 גרם,א.ל.ייצור ושיווק תבלינים בעמ,,צ'יפס טקסס ברבקיו אק,גרמים,60.00,100 גרם,false,,8.50,0.1417,true,1,96815
7290002053538,false,נודלס בסגנון תאילנדי 25 תוספת אוריינטל 500 גרם,גורי מוצרי צריכה (1991) בעמ,,נודלס אוריינט 400 גר,גרמים,500.00,100 גרם,false,,13.90,0.0278,true,1,3441
7290002057031,false,זיתים מבוקעים פיקנטי קבוצת יבנה 340 גרם,"קבוצת יבנה מוצרי מזון בע""מ",,זיתים מבוקעים פיקנטי,גרמים,560.00,100 גרם,false,,8.90,0.0159,true,1,44729
7290002057093,false,זיתים מנזנילו גדול קבוצת יבנה 340 גרם,"קבוצת יבנה מוצרי מזון בע""מ",,זית מנזלינו גדול מנז,גרמים,540.00,100 גרם,false,,7.90,0.0146,true,1,44734
7290002057123,false,זיתים ירוקים מנזנילו קבוצת יבנה 560 גרם,קבוצת יבנה מוצרי מזון אגודה שי,,זיתים חרוזית ירוק קב,גרמים,275.00,100 גרם,false,,9.90,0.0360,true,1,44737
7290002057185,false,טבעות זיתים ירוקים קבוצת יבנה 560 גרם,קבוצת יבנה מוצרי מזון אגודה שי,,טבעות זיתים ירוקים ק,גרמים,540.00,100 גרם,false,,9.50,0.0176,true,1,44743
7290002057352,false,מלפפונים במלח ‏9‏-‏7‏ קבוצת יבנה 320 גרם,"קבוצת יבנה מוצרי מזון בע""מ",,מלפפונים במלח 7-9 ק,גרמים,560.00,100 גרם,false,,6.90,0.0123,true,1,44751
7290002057376,false,מלפפונים במלח ‏17‏-‏13‏ קבוצת יבנה 320 גרם,"קבוצת יבנה מוצרי מזון בע""מ",,מלפפון במלח 13-17 קב,גרמים,560.00,100 גרם,false,,9.90,0.0177,true,1,44753
7290002057437,false,פלפל שיפקונית קבוצת יבנה 225 גרם,קבוצת יבנה מוצרי מזון,,שיפקונית קבוצת יבנה,גרמים,560.00,100 גרם,false,,9.90,0.0177,true,1,115973
7290002057451,false,מלפפונים בחומץ ‏9‏-‏7 קבוצת יבנה 290 גרם,קבוצת יבנה מוצרי מזון אגודה שי,,מלפפון בחומץ 7-9 קבו,גרמים,560.00,100 גרם,false,,6.90,0.0123,true,1,44757
7290002057475,false,מלפפונים בחומץ ‏17‏-‏13 קבוצת יבנה 290 גרם,קבוצת יבנה מוצרי מזון אגודה שי,,מלפפון בחומץ 13-17 ק,גרמים,560.00,100 גרם,false,,9.90,0.0177,true,1,28083
7290002065555,false,שישיית לחמנייה הכי רכה בהפסקה אנג'ל 450 גרם,מאפיית שלמה א. אנג'\ל בע,,6 לחמניות רכות אנגל,גרמים,450.00,100 גרם,false,,11.50,0.0256,true,1,35432
7290002105565,false,טחון הודו 500 גרם מחפוד מהדרין,עוף ירושלים שיווק בעמ,,טחון הודו 500 גרם מח,גרמים,500.00,100 גרם,false,,13.90,0.0278,true,1,47083
7290002105671,false,טחון עוף 500 גר' קפוא מחפוד,עוף ירושלים שיווק בעמ,,טחון עוף 500 גר מחפו,גרמים,500.00,100 גרם,false,,13.90,0.0278,true,1,47084
7290002105756,false,טחון בקר בתוספת חלבון מן הצומח מחפוד,עוף ירושלים שיווק בעמ,,"טחון בקר 1 ק""ג מחפוד",קילוגרמים,1.00,"ק""ג",false,,39.90,39.9000,true,1,47088
7290002107071,false,גבינת פטה עיזים מעודנת 16% משק צוריאל 200 גרם,החברה המרכזית טלהפצת משקאות בע,,צוריאל פטה עיזים מעו,גרמים,200.00,100 גרם,false,,23.90,0.1195,true,1,6374
7290002107491,false,גבינה לבנה מחלב עיזים למריחה 5% משק צוריאל 250 גרם,*החברה המרכזית להפצת משקאותבעמ,,צוריאל גבינת עזים למ,גרמים,250.00,100 גרם,false,,14.90,0.0596,true,1,6376
7290002107798,false,גבינה בולגרית מעודנת 5% משק צוריאל 250 גרם,*החברה המרכזית להפצת משקאותבעמ,,צוריאל בולגרית מעודנ,גרמים,250.00,100 גרם,false,,20.90,0.0836,true,1,6377
7290002109372,false,בורקס פילו אצבעות בולגרי 700 ג' שלושת האופים,שלושת האופים שגמור,,בורקס פילו אצבעות בו,גרמים,700.00,100 גרם,false,,19.90,0.0284,true,1,16828
7290002109488,false,קבב 100% אמיתי טיבון ויל 440 גרם,"טיבון ויל אחזקות בע""\מ",,קבב אמיתי 100% 440 ג,גרמים,440.00,100 גרם,false,,17.90,0.0407,true,1,16830
7290002111085,false,"רוטב עגבניות 22% ""פרי מבורך"" 100 גרם","זנלכל בע""\מ",,רוטב עגבניות 22% פרי,גרמים,100.00,100 גרם,false,,2.20,0.0220,true,1,8691
7290002111313,false,עגבניות קוביות A2.5 פרי מבורך 800ג' בדצ,פרי מבורך,,עגבניות קוביות פרי מ,גרמים,800.00,100 גרם,false,,9.90,0.0124,true,1,8695
7290002111511,false,אפונת גינה וגזר פרי מבורך 550 גרם,"זנלכל בע""\מ",,אפונה וגזר פרי מבורך,גרמים,550.00,100 גרם,false,,7.90,0.0144,true,1,8699
7290002129479,false,פיצה איטלקית דקה שלושת האופים 320 גר,האי נאם סי או אל.טי.,,פיצה איטלקית דקה שלש,גרמים,320.00,100 גרם,false,,16.90,0.0528,true,1,551903
7290002130567,false,דבש דבורים טהור פרחי בר יד מרדכי 350 גרם,מכוורת יד מרדכי שטראוס ב,,דבש טהור מפרחי בר בצ,גרמים,350.00,100 גרם,false,,18.90,0.0540,true,1,22228
7290002157953,false,מארז נתחי טונה בהירה בשמן קנולה - 4 יחידות,נטו מלינדה סחר בע`מ,,טונה בשמן קנולה וילי,גרמים,560.00,100 גרם,false,,18.90,0.0337,true,1,16836
7290002195054,false,המבורגר קפוא בלדי (400 גרם),יוליניבר,,המבורגר בלדי 400ג,גרמים,400.00,100 גרם,false,,12.90,0.0323,true,1,35301
7290002195085,false,קבב מזרחי קפוא בלדי (400 גרם),יוליניבר,,קבב מזרחי 400 גר בלד,גרמים,400.00,100 גרם,false,,12.90,0.0323,true,1,35303
7290002253006,false,שום טרי כתוש צנצנת דורות 200 גרם,קבוצת אוסם סחר-שות.מוגבלת,,דורות שום כתוש טרי 2,גרמים,200.00,100 גרם,false,,15.90,0.0795,true,1,19737
7290002253105,false,שום במגשית 20 שיניים כתושות קפוא 80,קבוצת אוסם סחר-שות.מוגבלת,,דורות מגשית קוביות ש,גרמים,80.00,100 גרם,false,,9.90,0.1238,true,1,19740
7290002253150,false,קוביות בזיליקום קצוץ דורות 70 גרם,קבוצת אוסם סחר שותפות מוגבלת,,בזיליקום טרי קצוץ 70,גרמים,70.00,100 גרם,false,,9.90,0.1414,true,1,19741
7290002253167,false,פטרוזיליה טרייה קצוצה מוקפאת 70 גרם,קבוצת אוסם סחר שותפות מוגבלת,,פטרוזליה טרייה קצוצה,גרמים,70.00,100 גרם,false,,10.50,0.1500,true,1,19742
7290002255130,false,"סיגרים במילוי תפו""א",,,"סיגרים במילוי תפו""א",גרמים,800.00,100 גרם,false,,22.90,0.0286,true,1,51566
7290002255215,false,"עלים לסיגרים מרובע בד""צ",חטיפי אלקיים בעמ ~~~,,עלים לסיגר 500ג,גרמים,500.00,100 גרם,false,,9.90,0.0198,true,1,51569
7290002263661,false,מיץ לימון 100% טבעי( 250 מל) תבליני מ,א.ל.ייצור ושיווק תבלינים בעמ,,מיץ לימון 100% טבעי,מיליליטרים,250.00,"100 מ""ל",false,,7.90,0.0316,true,1,64810
7290002278528,false,כריות ניקוי שבתכלין ביאנקו שייני 2 יחידות,מ.א.ייצור ויבוא מטליות בעמ,,כריות ניקוי כלים לשב,יחידה,0.00,יחידה,false,,7.90,0.0000,true,1,13477
7290002291046,false,המבורגר מסעדות 480 גרם הקצביה בלדי,יוליניבר,,בלדי המבורגר מסעדות,גרמים,480.00,100 גרם,false,,22.90,0.0477,true,1,35307
7290002317081,false,זיתים נטולי גלעין +20% 670ג A2 מטולה,שימורי מוטולה בעמ,,זיתים נטולי גלעין 20,גרמים,670.00,100 גרם,false,,10.90,0.0163,true,1,24409
7290002317296,false,פלפל חריף שיפקה 670ג 20%+A2 מטולה,שימורי מוטולה בעמ,,פלפל שיפקה + 20% מוט,גרמים,550.00,100 גרם,false,,9.90,0.0180,true,1,24422
7290002317319,false,מלפפון 650ג בחומץ +20% 7-9 A2 מטולה,שימורי מוטולה בעמ,,מלפפון בחומץ 7-9 20%,גרמים,670.00,100 גרם,false,,9.90,0.0148,true,1,24424
7290002317579,false,זיתים טבעות ירוק 560ג A2 מטולה,שימורי מוטולה בעמ,,טבעות זיתים ירוקים מ,גרמים,560.00,100 גרם,false,,10.90,0.0195,true,1,24438
7290002317616,false,זיתים מרינט 17-19 560ג A2 מטולה,שימורי מוטולה בעמ,,זיתים חתוכים מרינט 1,גרמים,560.00,100 גרם,false,,10.90,0.0195,true,1,24440
7290002317753,false,זית טבעות ירוק בצנצנת זכוכית מוטולה,אבאל יזמות בעמ,,טבעות זיתים ירוקים ב,גרמים,560.00,100 גרם,false,,10.90,0.0195,true,1,24445
7290002319016,false,אבקת אפיה עשיריות מיה 100 גרם,מיה תעשיות מזון מ.ת.מ. בעמ,,אבקת אפיה 10 יח' מיה,גרמים,100.00,100 גרם,false,,1.90,0.0190,true,1,14888
7290002319023,false,סוכר וניל עשיריות מיה 100 גרם,מיה תבליני החיים ירושלים בע`מ,,1/10 סוכר וניל,גרמים,100.00,100 גרם,false,,1.90,0.0190,true,1,14889
7290002319054,false,פרג טחון מיה 100 גרם,מיה תעשיות מזון מ.ת.מ. בעמ,,פרג טחון 100ג,גרמים,100.00,100 גרם,false,,4.90,0.0490,true,1,14892
7290002319061,false,קוקוס טחון מיה (100 גרם),מיה תעשיות מזון מ.ת.מ. בעמ,,.קוקוס טחון 100 גר.,גרמים,100.00,100 גרם,false,,3.90,0.0390,true,1,14893
7290002319078,false,שומשום 100 גרם מיה,מיה תעשיות מזון מ.ת.מ. בעמ,,שומשום 100ג,גרמים,100.00,100 גרם,false,,3.90,0.0390,true,1,14894
7290002319115,false,חומוס גדול יבש מיה 500 גר',מיה תעשיות מזון מ.ת.מ. בעמ,,חומוס גדול מיה 500 ג,גרמים,500.00,100 גרם,false,,8.90,0.0178,true,1,14897
7290002319122,false,גריסים יבשים מיה 500 גר',מיה תעשיות מזון מ.ת.מ. בעמ,,גריסים מיה 500 גרם,גרמים,500.00,100 גרם,false,,4.90,0.0098,true,1,14898
7290002319139,false,שעועית לבנה יבשה מיה 500 ג',מיה תעשיות מזון מ.ת.מ. בעמ,,שעועית מיה 500 גרם,גרמים,500.00,100 גרם,false,,7.90,0.0158,true,1,14899
7290002319146,false,שעועית אדומה מיה (500 גרם),מיה תעשיות מזון מ.ת.מ. בעמ,,שעועית אדומה מיה 500,גרמים,500.00,100 גרם,false,,8.90,0.0178,true,1,14900
7290002319160,false,אפונה ירוקה יבשה מיה 500 ג',מיה תעשיות מזון מ.ת.מ. בעמ,,אפונה יבשה מיה 500 ג,גרמים,500.00,100 גרם,false,,4.90,0.0098,true,1,14901
7290002319191,false,עדשים ירוקים יבשים מיה 500 גר',מיה תעשיות מזון מ.ת.מ. בעמ,,עדשים ירוקים מיה 500,גרמים,500.00,100 גרם,false,,6.90,0.0138,true,1,14904
7290002319221,false,חיטה מיה (500 גרם),מיה תעשיות מזון מ.ת.מ. בעמ,,חיטה מיה 500 גרם,גרמים,500.00,100 גרם,false,,5.50,0.0110,true,1,14907
7290002319610,false,שקדים טחונים מיה 100 גרם,מיה תעשיות מזון מ.ת.מ. בעמ,,שקדים טחונים 100 גרם,גרמים,100.00,100 גרם,false,,10.90,0.1090,true,1,14925
7290002319740,false,אגוזי מלך טחונים מיה 100 גרם,מיה תעשיות מזון מ.ת.מ. בעמ,,אגוז טחון 100 גרם,גרמים,100.00,100 גרם,false,,10.90,0.1090,true,1,14934
7290002319771,false,תמצית אפיה בטעם וניל מיה (50 מל),מיה תעשיות מזון מ.ת.מ. בעמ,,תמצית אפיה וניל,מיליליטרים,50.00,"100 מ""ל",false,,2.90,0.0580,true,1,14936
7290002327059,false,"בצק עלים 1 ק""ג שלושת האופים קהילות",נטו מלינדה סחר בע`מ,,בצק עלים 1 ק`ג,קילוגרמים,1.00,"ק""ג",false,,19.90,19.9000,true,1,16855
7290002327073,false,בורקס גבינה 800 גר' שלושת האופים קהילות,נטו מלינדה סחר בע`מ,,בורקס גבינה 800 גרם,גרמים,800.00,100 גרם,false,,19.90,0.0249,true,1,16857
7290002331360,false,"נביעות מים מינרליים טו גו מארז 500X6מ""ל",החברה המרכזית להפצת משקאות בעמ,,נביעות TO GO שישייה,ליטרים,3.00,ליטר,false,,14.90,4.9667,true,1,6883
7290002331421,false,"שישיית מים מינרליים GO TO נביעות 755 מ""ל",החברה המרכזית להפצת משקאות בעמ,,נביעות 6*755מל,ליטרים,4.53,ליטר,false,,16.90,3.7307,true,1,6884
7290002331490,false,מים מינרלים נביעות (1 ליטר),החברה המרכזית להפצת משקאות בעמ,,נביעות 1 ליטר,ליטרים,1.00,ליטר,false,,2.90,2.9000,true,1,6887
7290002344032,false,סחבות מיקרופייבר מא,,,סחבות מיקרופייבר מא,יחידה,0.00,יחידה,false,,12.90,0.0000,true,1,510163
7290002360285,false,חליטת צמחים פומפדור קמומיל 20 יחידות,ש. שסטוביץ בע`מ,,פומפדור חליטת קמומיל,גרמים,30.00,100 גרם,false,,15.90,0.5300,true,1,21436
7290002371526,false,דקניקים סלסולי פסטרמה שום וצילי פיקנטי טירת צבי 120 גרם,תנובה מרכז שיתופי לשיווק תוצרת,,טירת צבי סלסולי פסטר,גרמים,120.00,100 גרם,false,,12.80,0.1067,true,1,25344
7290002371533,false,דקניקים סלסולי פסטרמה דבש טירת צבי 120 גרם,תנובה מרכז שיתופי לשיווק תוצרת,,טירת צבי סלסולי פסטר,גרמים,120.00,100 גרם,false,,12.80,0.1067,true,1,25345
7290002371540,false,דקניקים קורנדביף ללא גלוטן טירת צבי 120 גרם,תנובה מרכז שיתופי לשיווק תוצרת,,טירת צבי קורנדביף דק,גרמים,120.00,100 גרם,false,,12.80,0.1067,true,1,25346
7290002374268,false,שמן חמניות מזוכך ללא כולסטרול 1 ליטר,סוגת תעשיות בעמ,,שמן חמניות מילומור 1,ליטרים,1.00,ליטר,false,,9.90,9.9000,true,1,29355
7290002374312,false,שמן קנולה מזוכך 6% מילומור (1 ליטר),"נארז ע""י : א.ג. גילר",,שמן קנולה מילומור 1,ליטרים,1.00,ליטר,false,,11.90,11.9000,true,1,29356
7290002374640,false,שמן בריאות קנולה פלוס אומגה 3 עץ הזית 1 ליטר,סוגת תעשיות בעמ,,שמן קנולה פלוס אומגה,ליטרים,1.00,ליטר,false,,16.90,16.9000,true,1,29358
7290002407348,false,שמן זית ג`השאן כתית מעולה 750 מל`,משק משפחת ג'השאן,,שמן זית כתית מעולה ג,מיליליטרים,750.00,"100 מ""ל",false,,29.90,0.0399,true,1,5036
7290002517337,false,אורגנו עלים 20 גר' טעם וריח,"תבליני טעם וריח בע""מ",,תבלין אורגנו בשקית ט,גרמים,20.00,100 גרם,false,,6.80,0.3400,true,1,42414
7290002517726,false,קינמון מקלות 15 גר' טעם וריח,"תבליני טעם וריח בע""מ",,תבלין מקל קינמון טעם,גרמים,15.00,100 גרם,false,,7.40,0.4933,true,1,42428
7290002517863,false,תבלין ציפורן טחון 80ג',"תבליני טעם וריח בע""מ",,תבלין ציפורן טחון טע,גרמים,40.00,100 גרם,false,,8.00,0.2000,true,1,42438
7290002542780,false,"שישייה בירה סטלה ארטואה בקבוק 330X6 מ""ל","אינבב, ברוורייפליין",,סטלה ארטואה בקבוק 6*,ליטרים,1.98,ליטר,false,,35.90,18.1313,true,1,171689
7290002543046,false,דגני בוקר קלוגס פרוסטיס 750 גרם,דיפלומט מפיצים (1968) בעמ**,,פרוסטיס דגני קלוגס 7,גרמים,750.00,100 גרם,false,,15.90,0.0212,true,1,5285
7290002628088,false,טחון הודו 500גרם קפוא ארוז,בלדי בע`מ,,טחון הודו קפוא 500 ג,גרמים,500.00,100 גרם,false,,10.90,0.0218,true,1,274808
7290002628293,false,טחון עוף קפוא 500 גרם בלדי,בלדי בע`מ,,טחון עוף קפוא 500 גר,גרמים,500.00,100 גרם,false,,10.90,0.0218,true,1,35309
7290002651116,false,גחנון חמסי ארוז 1 קג,מאפיית אריאל,,"גחנון חמסי 1 ק""ג",קילוגרמים,1.00,"ק""ג",false,,15.90,15.9000,true,1,16910
7290002651123,false,מלאווח חמסי ארוז 1 ק,מאפיית אריאל,,"מלווח חמסי 1 ק""ג",קילוגרמים,1.00,"ק""ג",false,,15.90,15.9000,true,1,16911
7290002692393,false,שמן קנולה מזוכך מועשר עץ הזית (1 ליטר),סוגת תעשיות בעמ,,שמן קנולה מועשר עץ ה,ליטרים,1.00,ליטר,false,,15.90,15.9000,true,1,29360
7290002692478,false,"שמן זית כתית מעולה קלאסי מעודן 750 מ""ל עץ הזית","מרקאולאו, ספרד.אבסה,",,שמן זית כתית מעולה מ,מיליליטרים,750.00,"100 מ""ל",false,,33.90,0.0452,true,1,29362
7290002692768,false,"תרסיס שמן קנולה מזוכך ללא תוספת גז עץ הזית 200 מ""ל",טרנסומס פוד איי בי,,תרסיס שמן קנולה עץ ה,מיליליטרים,200.00,"100 מ""ל",false,,15.90,0.0795,true,1,29365
7290002703310,false,צנצנת דבש עין חרוד 5,,,צנצנת דבש עין חרוד 5,גרמים,500.00,100 גרם,false,,21.90,0.0438,true,1,47437
7290002703358,false,צנצנת דבש זכוכית 350 גרם,עין חרוד,,צנצנת דבש עין חרוד 3,גרמים,350.00,100 גרם,false,,15.90,0.0454,true,1,47438
7290002703402,false,דבש לחיץ עין חרוד 400 גרם,,,דבש עין חרוד 400 גרם,גרמים,400.00,100 גרם,false,,19.90,0.0497,true,1,47439
7290002703662,false,סילאן 100% טבעי צנצנ,,,סילאן 100% טבעי צנצנ,גרמים,900.00,100 גרם,false,,19.90,0.0221,true,1,47443
7290002730262,false,נוזל לניקוי כלים קלאסי פלמוליב (750 מל),יבואן ומשווק: ש. שסט,,פלמוליב לכלים קלאסי,מיליליטרים,750.00,"100 מ""ל",false,,11.90,0.0159,true,1,21440
7290002730811,false,"משחת שיניים ג'ל פסים מרעננים קולגייט 100 מ""ל",הנסיך- מפעל לייצור ט,,משחת שיניים גל משפחת,מיליליטרים,100.00,"100 מ""ל",false,,13.10,0.1310,true,1,21447
7290002735014,false,מלווח ארוז יינון 800 גר`,קפוא-זן תעשיות מזון בעמ - תפוג,,ינון מלווח ארוז 800,גרמים,800.00,100 גרם,false,,13.90,0.0174,true,1,20425
7290002735021,false,ג`חנון ארוז 750 גר`יינון,קפוא-זן תעשיות מזון בעמ - תפוג,,ינון גחנון ארוז 750,גרמים,750.00,100 גרם,false,,13.90,0.0185,true,1,20426
7290002735113,false,בורקס גבינה ינון 800 גר`,קפוא-זן תעשיות מזון בעמ - תפוג,,בורקס גבינה ינון 800,גרמים,800.00,100 גרם,false,,15.90,0.0199,true,1,20427
7290002735120,false,"בורקס תפו""א ינון 800 גרם",קפוא-זן תעשיות מזון בעמ - תפוג,,"בורקס תפו""א ינון 800",גרמים,800.00,100 גרם,false,,13.90,0.0174,true,1,20428
7290002735274,false,ג'חנון אפוי ינון 600 גרם,קפוא-זן תעשיות מזון בעמ - תפוג,,ינון גחנון אפוי 600,גרמים,600.00,100 גרם,false,,14.90,0.0248,true,1,20431
7290002757139,false,מלוואח 700 גר' שלושת האופים קהילות,נטו מלינדה סחר בע`מ,,שלושת האופים מלוואח,גרמים,700.00,100 גרם,false,,12.90,0.0184,true,1,16930
7290002757511,false,דלידג קציצות דג לבישול 750 גר קהילות,נטו מלינדה סחר בע`מ,,דלידג קציצות דג לביש,גרמים,750.00,100 גרם,false,,30.90,0.0412,true,1,16933
7290002757535,false,בורקס פילו אצבעות גבינה שלושת האופים 700 גרם,שלושת האופים שגמור,,בורקס פילו אצבעות גב,גרמים,700.00,100 גרם,false,,19.90,0.0284,true,1,16935
7290002787884,false,"מקלות פילו תפו""א 600 גרם שלושת האופים",נטו מלינדה סחר בע`מ,,שלושת האופים מקלות פ,גרמים,600.00,100 גרם,false,,19.90,0.0332,true,1,16966
7290002805151,false,סיף פנטסטיק לרצפות בניחוח סחלבים 4ל',"יוניליוור ישראל שיווק בע""מ",,סיף פנטסטיק לרצפות ב,ליטרים,4.00,ליטר,false,,24.90,6.2250,true,1,10322
7290002814290,false,קצף מרוכז blanco בניחוח לימון משמיד 99.9% חיידקים סנט מוריץ 1 ליטר,קומפלקס כימיקלים בעמ,,קצף מרוכז 1 ליטר בלנ,ליטרים,1.00,ליטר,false,,10.90,10.9000,true,1,81077
7290002824183,false,"גבינה לבנה סקי 500 גרם 5% ""שטראוס"" -מוצר בפיקוח",שטראוס גרופ בעמ/מצונן,,גבינה לבנה 5% סקי 50,גרמים,500.00,100 גרם,false,,9.50,0.0190,true,1,23269
7290002824466,false,יוגורט דנונה ביו לבן 0% שומן 200 גרם,שטראוס גרופ בעמ/מצונן,,דנונה יוגורט ביו 0%,מיליליטרים,200.00,"100 מ""ל",false,,3.70,0.0185,true,1,23270
7290002824640,false,"גבינת סקי 250 גרם 5% ""שטראוס"" -מוצר בפיקוח",שטראוס גרופ בעמ/מצונן,,גבינה 5% סקי 250 גרם,גרמים,250.00,100 גרם,false,,4.75,0.0190,true,1,23271
7290002825722,false,כרוב אדום במיונז אחלה (500 גרם),שטראוס גרופ בעמ/מצונן,,אחלה כרוב אדום 500ג,גרמים,500.00,100 גרם,false,,12.90,0.0258,true,1,23273
7290002827306,false,נקניקיות עוף ירושלים מחפוד 400 ג',עוף ירושלים שיווק בעמ,,עוף ירושלים נקניקיות,גרמים,400.00,100 גרם,false,,10.90,0.0273,true,1,47111
7290002868996,false,"קוטג' 5% שומן, רכיבים טבעיים, 250 גרם",*החברה המרכזית להפצת משקאותבעמ,,טרה קוטג מועשר 5% 25,גרמים,250.00,100 גרם,false,,5.40,0.0216,true,1,6382
7290002871248,false,"בירה טובורג רד בקבוק 500 מ""ל חוזר",החברה המרכזית להפצת משקאות בעמ,,בירה טובורג רד בקבוק,מיליליטרים,500.00,"100 מ""ל",false,,7.90,0.0158,true,1,6906
7290002881247,false,פרוסות אננס בסירופ קל תומר 850 גרם,תומר יבוא ושיווק מוצרי מזון (1,,אננס שלם פרוסות תומר,גרמים,850.00,100 גרם,false,,7.50,0.0088,true,1,24952
7290002881261,false,"ליצ'י שלם 565 גרם ""תומר""",גיבונג אינדסקיאלס,,ליצי שלם תומר 565 גר,גרמים,565.00,100 גרם,false,,8.90,0.0158,true,1,24954
7290002881742,false,לבבות דקל פרוסות תומר 400 גרם,תומר ייבוא ושיווק מוצרי מזון [,,לבבות דקל פרוסות תומ,גרמים,400.00,100 גרם,false,,7.90,0.0198,true,1,24975
7290002909880,false,"פולי סויה - אדממה - 400 גרם (בד""ץ עדה חרדית)",בלדי בעמ,,פולי סויה אדממה בלדי,גרמים,400.00,100 גרם,false,,6.90,0.0173,true,1,35313
7290002909989,false,"שעועית ירוקה חתוכה 800 גר' בד""ץ (ממותג)",פספרוסט,,שעועית ירוקה חתוכה ב,גרמים,800.00,100 גרם,false,,11.90,0.0149,true,1,552765
7290002909996,false,"שעועית צהובה שלמה 800 גר' בד""ץ (ממותג)",,,שעועית צהובה שלמה בל,גרמים,800.00,100 גרם,false,,11.90,0.0149,true,1,552780
7290002921240,false,"קרבונה שמפוזר לניקוי שטיחים וריפוד יעקבי 650 מ""ל","יעקב יעקבי ובניו בע""מ",,שמפוזר מסיר כתים משט,מיליליטרים,650.00,"100 מ""ל",false,,27.90,0.0429,true,1,11296
7290002923466,false,בקר קפוא טחון לקציצות וקבב נטו (1 קג),טיבון ויל אחזקות בעמ,,טחון בקר 1 ק`ג,קילוגרמים,1.00,"ק""ג",false,,30.90,30.9000,true,1,16974
7290002929642,false,נתחי טונה בהירה בשמן ויליגר (140x4 גרם),דיאמנט פוד פרודקט קו,,טונה בשמן ויליגר רבי,גרמים,560.00,100 גרם,false,,19.90,0.0355,true,1,16982
7290002971986,false,קמח שיפון מלא 1 קג שטיבל ללא צורך בניפוי,טחנות קמח שטיבל בש בעמ,,קמח שיפון ללא צורך ב,קילוגרמים,1.00,"ק""ג",false,,7.90,7.9000,true,1,9225
7290002972365,false,קמח תופח שטיבל 13 ללא צורך בניפוי 1 קג,טחנות קמח שטיבל בש בעמ,,קמח תופח ללא צורך בנ,קילוגרמים,1.00,"ק""ג",false,,8.50,8.5000,true,1,9228
7290002973669,false,"קמח שטיבל ללחם 2 ללא ניפוי 1 ק""ג",טחנת קמח דגן-שטיבל,,קמח לחם ללא צורך בני,קילוגרמים,1.00,"ק""ג",false,,7.90,7.9000,true,1,99700
7290002973812,false,קמח כוסמין (80% 1 קג)ללא צורך בניפוי ש,טחנות קמח שטיבל בש בעמ,,קמח כוסמין 80% ללא צ,קילוגרמים,1.00,"ק""ג",false,,14.90,14.9000,true,1,104067
7290002973829,false,קמח כוסמין לבן( 1 קג) ללא צורך ניפוי ש,טחנות קמח שטיבל בש בעמ,,קמח כוסמין לבן ללא צ,קילוגרמים,1.00,"ק""ג",false,,14.90,14.9000,true,1,104068
7290002986652,false,גטניו פתי בר שוקו 470 גרם,"אחים גטניו בע""מ",,גטניו - פתיבר שוקו 4,גרמים,470.00,100 גרם,false,,9.90,0.0211,true,1,41276
7290002987963,false,"חומוס אחלה 1 ק""ג שטראוס",שטראוס גרופ בעמ/מצונן,,אחלה חומוס 1קג,קילוגרמים,1.00,"ק""ג",false,,13.90,13.9000,true,1,23274
7290003026036,false,"ד""ר פישר - קמיל בלו סנסיטיב אל סבון עדין לתינוק 1 ליטר","פישר תעשיות פרמבצטיות בע""מ",,קמיל בלו סנסיטיב מוע,יחידה,0.00,יחידה,false,,33.90,0.0000,true,1,29077
7290003026319,false,"קמיל בלו משחת החתלה לתינוק ד""ר פישר 120 גרם","פישר תעשיות פרמצביטות בע""מ",,קמיל משחה לתינוק 120,גרמים,120.00,100 גרם,false,,18.90,0.1575,true,1,29081
7290003029181,false,משקה יטבתה שוקו' בקבוק 1ל מהדרין,שטראוס גרופ בעמ/מצונן,,יטבתה שוקו בקבוק 1ל,ליטרים,1.00,ליטר,false,,11.90,11.9000,true,1,23278
7290003029372,false,יטבתה משקה בטעם בננה %3 בקבוק 1 ליטר,שטראוס גרופ בעמ/מצונן,,יטבתה משקה חלב בננה,ליטרים,1.00,ליטר,false,,11.90,11.9000,true,1,23281
7290003029532,false,מוקה בבקבוק יטבתה 1 ליטר מהדרין,שטראוס גרופ בעמ/מצונן,,יטבתה מוקה 1ל,ליטרים,1.00,ליטר,false,,11.90,11.9000,true,1,23285
7290003029792,false,"משקה יטבתה שוקו שקיות מהדרין מארז 225X8מ""ל",שטראוס גרופ בעמ/מצונן,,יטבתה מהדרין שוקו שק,ליטרים,1.80,ליטר,false,,18.90,10.5000,true,1,23287
7290003029815,false,חלב מועשר 3% בכד יטבתה 2 ליטר,שטראוס גרופ בעמ/מצונן,,חלב מועשר בכד2 ליטר,ליטרים,2.00,ליטר,false,,14.90,7.4500,true,1,23288
7290003029907,false,משקה חלב אייס קפה 2% יטבתה (1 ליטר,שטראוס גרופ בעמ/מצונן,,יטבתה אייס קפה 1ל,ליטרים,1.00,ליטר,false,,11.90,11.9000,true,1,23290
7290003054190,false,מסטמכר לחם שיפון עם שלושה דגנים 500ג,מרום את קונפינו,,לחם שיפון 3 דגנים מס,גרמים,500.00,100 גרם,false,,13.90,0.0278,true,1,5294
7290003054657,false,חרדל ריין דיז'ון אקסטרה פורטה 370 גרם,דיפלומט מפיצים (1968) בעמ**,,חרדל דיג'ון אקסטרא פ,גרמים,370.00,100 גרם,false,,10.90,0.0295,true,1,5298
7290003072811,false,נקניקיות בראטוורסט מבשר בקר והודו,טיב טירת צבי 2000,,טירת צבי נקניקיות בר,גרמים,320.00,100 גרם,false,,19.90,0.0622,true,1,25373
7290003075102,false,רגב לאבנה בגביע 11% 1קג,מחלבת רג'ב,,רגב לאבנה 11% בגביע,קילוגרמים,1.00,"ק""ג",false,,34.90,34.9000,true,1,35120
7290003075553,false,לבנה רג'ב 11% 500 גרם,מחלבת רג'\ב,,רגב 11% לאבנה 500 ג,גרמים,500.00,100 גרם,false,,17.90,0.0358,true,1,35122
7290003075805,false,גב. ברינזה רג'ב15% 400ג,מחלבת רג'\ב,,רגב ברינזה 20% 400 ג,גרמים,400.00,100 גרם,false,,24.00,0.0600,true,1,35125
7290003107216,false,קמח לבן בהיר 1 קג דגן מוביל,טחנות קמח דגן (2006) בעמ,,"קמח לבן דגן 1 ק""ג",קילוגרמים,1.00,"ק""ג",false,,6.50,6.5000,true,1,9234
7290003107223,false,טחנת קמח דגן סולת 1קג,טחנות קמח דגן (2006) בעמ,,"סולת חיטה דגן 1 ק""ג",קילוגרמים,1.00,"ק""ג",false,,6.50,6.5000,true,1,9235
7290003107315,false,סולת בשקית טחנת קמח דגן (1 קג),טחנות קמח דגן (2006) בעמ,,"סולת דגן 1 ק""ג",קילוגרמים,1.00,"ק""ג",false,,4.50,4.5000,true,1,9238
7290003107346,false,קמח חיטה לבן בדץ טחנת קמח דגן (1 קג),טחנות קמח דגן (2006) בעמ,,קמח חיטה לבן דגן 1 ק,קילוגרמים,1.00,"ק""ג",false,,4.50,4.5000,true,1,9240
7290003126712,false,יוגורט עיזים מחלב מלא 3.7% משק צוריאל 150 גרם,*החברה המרכזית להפצת משקאותבעמ,,צוריאל יוגורט עיזים,מיליליטרים,150.00,"100 מ""ל",false,,5.90,0.0393,true,1,6388
7290003126958,false,טופו גבינה גוש בואקום צוריאל 300 ג',*החברה המרכזית להפצת משקאותבעמ,,צוריאל גבינה גוש טופ,גרמים,300.00,100 גרם,false,,11.90,0.0397,true,1,6389
7290003141159,false,יוגטה מרשמלו ממתק מוקצף בטעמי תות שדה ווניל 180 גרם,ליימן שליסל בעמ,,יוגטה מרשמלו 180 גר',גרמים,180.00,100 גרם,false,,6.90,0.0383,true,1,41993
7290003143139,false,סילאן תמרים קלית גת 900 ג',"טעמי הגליל בע""\מ",,קליית גת סילאן 900ג,גרמים,900.00,100 גרם,false,,13.90,0.0154,true,1,12768
7290003143146,false,ממרח תמרים קליית גת (450 גרם),הדקלאים אגודת שיתופי,,ממרח תמרים 450 גרם,גרמים,450.00,100 גרם,false,,6.50,0.0144,true,1,12769
7290003143276,false,יוגטה מרשמלו ממתק מוקצף בטעם תות שדה 180 גרם,ליימן שליסל בעמ,,יוגטה מרשמלו מגולגל,גרמים,180.00,100 גרם,false,,6.90,0.0383,true,1,41997
7290003145959,false,פקאן טבעי קליית גת 150 גרם,ליימן שליסל בעמ,,אגוז פקאן טבעי 150 ג,גרמים,150.00,100 גרם,false,,19.90,0.1327,true,1,12792
7290003163939,false,מעדני הטלה נקניקיות,לאטי עזרא בעמ,,"נקניקיות גריל 1.5 ק""",קילוגרמים,1.50,"ק""ג",false,,24.90,16.6000,true,1,16996
7290003185719,false,קבב רומני טיבון ויל 500 גרם,טיבון ויל אחזקות בעמ,,קבב רומני 500 גרם,גרמים,500.00,100 גרם,false,,17.90,0.0358,true,1,16997
7290003189076,false,פיצרלה הצהובה הטובה מגורדת 22% כפיר 500 גרם,צי תעשיות מזון יבנה,,פיצרלה חלבון צמחי,גרמים,500.00,100 גרם,false,,15.90,0.0318,true,1,18261
7290003217014,false,פיתות תנעמי בטעם ביתי דגנית עין בר) (5,דגנית עין בר תעשיות מזון ואפיה,,5 פיתות מזרחיות תנעמ,גרמים,500.00,100 גרם,false,,6.90,0.0138,true,1,4503
7290003217052,false,פיתות כפריות קלות 5 יח`דגנית,דגנית עין בר תעשיות מזון ואפיה,,5 פיתות כפריות קלות,גרמים,500.00,100 גרם,false,,7.90,0.0158,true,1,4505
7290003220403,false,מעדני המלך- קרקר מלוח 110 גרם,מגדנית הדר,,מעדני המלך קרקר עם מ,גרמים,110.00,100 גרם,false,,2.90,0.0264,true,1,41283
7290003220830,false,"WOK חומץ אורז יסמין 500 מ""ל",דיאמונד פריזרוד פודס,,חומץ אורז לסושי 500,מיליליטרים,500.00,"100 מ""ל",false,,14.90,0.0298,true,1,274777
7290003220977,false,מעדני המלך ביסקוויט חצי ירח מצופה 175 גר,רזיט שיווק בעמ,,מעדני מלך ירח חצי מצ,גרמים,175.00,100 גרם,false,,5.90,0.0337,true,1,143867
7290003229116,false,פסטרמה הודו בדבש שומן טירת צבי 400 גרם,תנובה מרכז שיתופי לשיווק תוצרת,,א.מ פסטרמה בדבש 400,גרמים,400.00,100 גרם,false,,26.90,0.0672,true,1,25379
7290003229123,false,פסטרמה הודו על גחלים 2% טירת צבי 400 גרם,תנובה מרכז שיתופי לשיווק תוצרת,,א.מ. פסטרמה על גחלים,גרמים,400.00,100 גרם,false,,26.90,0.0672,true,1,25380
7290003229192,false,נקניק כתף בקר מעושן 2% טירת צבי 400 גרם,תנובה מרכז שיתופי לשיווק תוצרת,,א.מ. כתף בקר מעושן 4,גרמים,400.00,100 גרם,false,,26.90,0.0672,true,1,25384
7290003229215,false,פסטרמה איטלקית 3.5% טירת צבי 360 גרם,תנובה מרכז שיתופי לשיווק תוצרת,,פסטרמה איטלקית 360 ג,גרמים,360.00,100 גרם,false,,27.90,0.0775,true,1,25386
7290003251308,false,"אציטון משובח 100 מ""",שוורץ,,"אציטון משובח 100 מ""",מיליליטרים,100.00,"100 מ""ל",false,,3.90,0.0390,true,1,21180
7290003268252,false,לחם חיטה מלא לילדים 750 ג' דגנית עין בר,דגנית עין בר תעשיות מזון ואפיה,,לחם חיטה מלא ללא גרע,גרמים,750.00,100 גרם,false,,13.90,0.0185,true,1,4507
7290003268429,false,לחם ירוק מקמח מלא דגנית עין בר (750 גרם),דגנית עין בר תעשיות מזון ואפיה,,לחם מקמח מלא דגנית 7,גרמים,750.00,100 גרם,false,,14.90,0.0199,true,1,4508
7290003287260,false,צ'וריסוס הקצביה 600 גרם בלדי,בלדי בע`מ,,צוריסוס קצביה ארוז 6,גרמים,600.00,100 גרם,false,,28.90,0.0482,true,1,35317
7290003318100,false,וופל בטעם שוקולד מנעמים 200 ג',ח.כהן סוכנות מזון ומשקאות,,ופל שוקו מנעמים 200,גרמים,200.00,100 גרם,false,,3.90,0.0195,true,1,36057
7290003321155,false,יוגורט בר עם פקאן מצופה שוקולד 183 ג' דנונה,שטראוס גרופ בעמ/מצונן,,דנונה קראנצ' ששבי פק,מיליליטרים,183.00,"100 מ""ל",false,,4.60,0.0251,true,1,23291
7290003332007,false,קפה שחור עם הל נח`לה אדום (250 גרם),סובחי נחלה ובניו בעמ,,קפה נחלה סובחי 250ג,גרמים,250.00,100 גרם,false,,13.90,0.0556,true,1,33770
7290003332045,false,קפה שחור בלי הל נח`לה אדום (250 גרם),סובחי נחלה ובניו בעמ,,קפה נחלה סובחי 250 ג,גרמים,250.00,100 גרם,false,,13.90,0.0556,true,1,33773
7290003411689,false,לפתניות פלסטיק חד פעמיות 25 יח`,הנמל אריזות ושיווק (1984) בעמ,,לפתניות 25 יח,יחידה,0.00,יחידה,false,,4.90,0.0000,true,1,7851
7290003411696,false,מרקיות פלסטיק חד פעמיות 25 יח`,הנמל אריזות ושיווק (1984) בעמ,,מרקיות חד פעמי 25 יח,יחידה,0.00,יחידה,false,,9.90,0.0000,true,1,7852
7290003411993,false,גפרורים הנמל 10 יחידות,הנמל אריזות ושיווק (1984) בעמ,,גפרורים 10 יחידות,יחידה,0.00,יחידה,false,,2.90,0.0000,true,1,7863
7290003438006,false,ממרח אולביה פסטו וצנובר איטלקי 190ג',תה ויסוצקי (ישראל) בעמ,,אוליביה ממרח פסטו אי,גרמים,180.00,100 גרם,false,,13.90,0.0772,true,1,52035
7290003438013,false,7290003אוליביה ממרח זיתים ירוקים 190 גרם,תה ויסוצקי (ישראל) בעמ,,אוליביה ממרח זיתים א,גרמים,190.00,100 גרם,false,,13.90,0.0732,true,1,52036
7290003438020,false,אוליביה ממרח עגבניות מיובשות (190 גרם),תה ויסוצקי (ישראל) בעמ,,אוליביה ממרח עגבניות,גרמים,190.00,100 גרם,false,,13.90,0.0732,true,1,52037
7290003438853,false,אוליביה ממרח אריסה חריפה 185 גר ',תה ויסוצקי (ישראל) בעמ,,אוליביה ממרח אריסה ח,גרמים,185.00,100 גרם,false,,13.90,0.0751,true,1,52040
7290003450602,false,חרדל אמיתי צהוב בקבוק לחיץ 255 גר,היינץ צפון אמריקה מקבוצת ה.י.היינץ,,חרדל אמיתי צהוב בקבו,גרמים,255.00,100 גרם,false,,8.90,0.0349,true,1,5304
7290003461677,false,"חומוס אסלי 1 ק""ג}שמיר{","סלטי שמיר 2006 בע""מ",,"חומוס אסלי 1 ק""ג",קילוגרמים,1.00,"ק""ג",false,,11.90,11.9000,true,1,17694
7290003514007,false,מנה שקדי מרק מנה 400 גרם,ש.שסטוביץ בעמ,,שקדי מרק מנה 400 גרם,גרמים,400.00,100 גרם,false,,7.90,0.0198,true,1,21457
7290003521074,false,סרקל מרכך שיער לילדים דר. פישר (1 ליטר),"פישר תעשיות פרמבצטיות בע""מ",,סרקל מרכך שיער לילדי,יחידה,0.00,יחידה,false,,29.90,0.0000,true,1,29085
7290003550753,false,נתחי טונה בהירה בשמן פוסידון (108x4 גרם),"מיוצר עי וליגר בעמ,",,טונה בהירה בשמן פוסי,גרמים,308.00,100 גרם,false,,19.90,0.0646,true,1,17025
7290003643004,false,אורז בסמטי קלאסי סוגת (1 קג),האי נאם סי או אל.טי.,,"סוגת אורז בסמטי 1 ק""",קילוגרמים,1.00,"ק""ג",false,,13.90,13.9000,true,1,17324
7290003643127,false,עשיריה אבקת אפיה 10*10 גרם סוגת,גוד פוד פרודקטס S.p,,אבקת אפיה 10 יח' במא,גרמים,100.00,100 גרם,false,,1.90,0.0190,true,1,17325
7290003643134,false,סוכר וניל סוגת 100 גרם מארז 10 יחידות,גוד פוד פרודקטס S.p,,סוגת סוכר וניל 10 יח,גרמים,100.00,100 גרם,false,,2.50,0.0250,true,1,17326
7290003643165,false,סוגת קורנפלור 500 גרם,סוגת תעשיות בעמ,,קונפלור 500 גרם,גרמים,500.00,100 גרם,false,,4.90,0.0098,true,1,17329
7290003643387,false,"סוכר אריזת פלסטיק 1 ק""ג סוגת",האי נאם סי או אל.טי.,,סוכר לבן בצנצנת סוגת,קילוגרמים,1.00,"ק""ג",false,,7.90,7.9000,true,1,17335
7290003643646,false,"סוכר דמררה קלאסי בצנצנת סוגת 1 ק""ג",האי נאם סי או אל.טי.,,סוכר דמררה בצנצנת חו,קילוגרמים,1.00,"ק""ג",false,,12.90,12.9000,true,1,17336
7290003643684,false,אפונה יבשה סוגת 500 גר',האי נאם סי או אל.טי.,,אפונה יבשה 500 גרם,גרמים,500.00,100 גרם,false,,5.90,0.0118,true,1,17337
7290003643714,false,חומוס גרגירים 500 גרם סוגת,האי נאם סי או אל.טי.,,חומוס 500 גרם,גרמים,500.00,100 גרם,false,,7.90,0.0158,true,1,17339
7290003643738,false,חיטה סוגת (500 גרם),האי נאם סי או אל.טי.,,סוגת חיטה 500 גר,גרמים,500.00,100 גרם,false,,4.90,0.0098,true,1,17340
7290003643745,false,כוסמת סוגת (500 גרם),האי נאם סי או אל.טי.,,כוסמת 500 גרם,גרמים,500.00,100 גרם,false,,7.90,0.0158,true,1,17341
7290003643752,false,עדשים ירוקים יבש סוגת 500 גר',האי נאם סי או אל.טי.,,עדשים ירוקות 500 גרם,גרמים,500.00,100 גרם,false,,7.90,0.0158,true,1,17342
7290003643769,false,עדשים אדומים יבש סוגת 500 גר',"סוגת תעשיות בע""\מ",,עדשים אדומות 500 גרם,גרמים,500.00,100 גרם,false,,7.90,0.0158,true,1,17343
7290003643776,false,"פופקורן גרעינים סוגת 500 ג' כשל""פ",האי נאם סי או אל.טי.,,סוגת פופקורן 500 גרם,גרמים,500.00,100 גרם,false,,4.90,0.0098,true,1,17344
7290003643783,false,קוקוס טחון סוגת 100 גרם,האי נאם סי או אל.טי.,,קוקוס 100 גר,גרמים,100.00,100 גרם,false,,3.90,0.0390,true,1,17345
7290003643806,false,שעועית לבנה יבשה סוגת (500 גרם),האי נאם סי או אל.טי.,,שעועית לבנה 500 גרם,גרמים,500.00,100 גרם,false,,10.90,0.0218,true,1,17346
7290003681303,false,שעועית מעורבת יבשה מיה 500 גר',מיה תעשיות מזון מ.ת.מ. בעמ,,שעועית מעורבת 500 גר,גרמים,500.00,100 גרם,false,,7.90,0.0158,true,1,14964
7290003681334,false,"קוקוס 400 גרם מיה בד""צ",מיה תעשיות מזון מ.ת.מ. בעמ,,קוקוס 400 גר. בדצ,גרמים,400.00,100 גרם,false,,11.90,0.0298,true,1,14965
7290003681341,false,קונפיטורה תות מיה 340 גרם,מיה תעשיות מזון מ.ת.מ בעמ,,מיה קונפיטורה תות 34,גרמים,340.00,100 גרם,false,,8.90,0.0262,true,1,14966
7290003681716,false,גריסי פנינה מיה (500 גרם),מיה תעשיות מזון מ.ת.מ. בעמ,,גריסי פנינה 500 גרם,גרמים,500.00,100 גרם,false,,4.90,0.0098,true,1,14982
7290003706167,false,בצל ירוק ארוז,,,בצל ירוק ארוז,יח',1.00,יח',false,,5.90,5.9000,true,1,35558
7290003718627,false,"פול ירוק 400 ג' בית יוסף כשל""פ",בלדי בעמ,,פול ירוק בלדי 400 גר,גרמים,400.00,100 גרם,false,,11.90,0.0298,true,1,552725
7290003726615,false,"טופו ויילר 300 גרם ""שטראוס""",שטראוס גרופ בעמ/מצונן,,טופו ויילר 300 גרם.,גרמים,300.00,100 גרם,false,,10.90,0.0363,true,1,23294
7290003781850,false,גבינת קשקבל פרוסות 200 גרם ויליפוד.,ג.וילי-פוד אינטרנשיונל **גבינו,,גבינת קשקבל פרוסות 2,גרמים,200.00,100 גרם,false,,19.90,0.0995,true,1,221141
7290003804382,false,תיבוליות פטריות קנור (8 יח`- 72 גרם),יוניליוור ישראל שיווק בע`מ,,תיבולית פטריות קנור,גרמים,72.00,100 גרם,false,,7.90,0.1097,true,1,10344
7290003805501,false,"פתית בסגנון שוודי תלמה בד""צ 300 גרם",יוניליוור ישראל שיווק בע`מ,,פתית שוודי חסכוני בד,גרמים,300.00,100 גרם,false,,16.90,0.0563,true,1,10356
7290003976607,false,אקונומיקה סמיכה לבנדר 4 ליטר עם פקק ביטח,סאסאטק אגשח בעמ,,ג'ל אקונומיקה סמיכה,ליטרים,4.00,ליטר,false,,11.90,2.9750,true,1,90879
7290003976614,false,אקונומיקה סמיכה פרחים 4 ליטר עם פקק ביטח,סאסאטק אגשח בעמ,,ג'ל אקונומיקה סמיכה,ליטרים,4.00,ליטר,false,,11.90,2.9750,true,1,90866
7290003989539,false,רביולי עם גבינה שטראוס (400 גרם),שטראוס גרופ בעמ/מצונן,,EAT GOOD רביולי גבינ,גרמים,400.00,100 גרם,false,,19.90,0.0497,true,1,23298
7290004011284,false,בסיס להכנת קצפת צמחי ריץ` (212 מל),ריצ' פרודקטס קורפריי,,ריצ בסיס להכנת קצפת,מיליליטרים,212.00,"100 מ""ל",false,,6.90,0.0325,true,1,17029
7290004011819,false,המבורגר ריב אנטריקוט אל גאוצ`ו 360 גר`ק,נטו מלינדה סחר בע`מ,,אל גאוצו המבורגר ריב,גרמים,360.00,100 גרם,false,,21.90,0.0608,true,1,17040
7290004014407,false,עדשי מ&מ'ס חמאת בוטנים46,מרס נדרלנד,,פינאטבאטר M&M עדשי ש,גרמים,46.00,100 גרם,false,,4.90,0.1065,true,1,20767
7290004030018,false,"פריניב מיץ לימון סחוט פרי לתיבול 500 מ""ל",הנסיך- מפעל לייצור ט,,מיץ לימון סחוט פרי פ,מיליליטרים,500.00,"100 מ""ל",false,,6.90,0.0138,true,1,49452
7290004063016,false,מלח שולחן מעולה סלית (1 קג)פיקוח,האי נאם סי או אל.טי.,,"מלח שולחן סלית 1 ק""ג",קילוגרמים,1.00,"ק""ג",false,,1.70,1.7000,true,1,15462
7290004063115,false,"מלח מטבח עבה להמלחת בשר ובישול 1 ק""ג 1ק""ג",האי נאם סי או אל.טי.,,מלח מטבח גס לבישול כ,קילוגרמים,1.00,"ק""ג",false,,1.70,1.7000,true,1,15463
7290004064174,false,"תבלין מלח ההימלאיה דק בצנצנת 1 ק""ג","חברת מלח הארץ אילת בע""\מ",,מלח ההימלאיה דק בצנצ,קילוגרמים,1.00,"ק""ג",false,,16.90,16.9000,true,1,15465
7290004064358,false,"מלח דק זורם בקלות מלח הארץ קרטון 1 ק""ג","חברת מלח הארץ אילת בע""\מ",,מלח דק זורם בקלות בק,קילוגרמים,1.00,"ק""ג",false,,4.90,4.9000,true,1,15469
7290004068172,false,"יוגורט עיזים בדלי 5% 600 מ""ל רובין",מחלבות גד שיווק 1992 בעמ,,גד יוגורט עיזים 5% 6,מיליליטרים,600.00,"100 מ""ל",false,,16.90,0.0282,true,1,14639
7290004078270,false,נוזל לניקוי כלים בריח לימון פלמוליב 1 ליטר,יבואן ומשווק: ש. שסט,,פלמוליב לכלים לימון-,יחידה,0.00,יחידה,false,,13.90,0.0000,true,1,21478
7290004078690,false,"אגקס נוזל לניקוי אסלות מרענן 750 מ""ל",הנסיך- מפעל לייצור ט,,אגקס כלורון נוזל לני,מיליליטרים,750.00,"100 מ""ל",false,,14.90,0.0199,true,1,21480
7290004119133,false,כד יוגורט תנובה 6.5% שומן 1.5 ליטר,מיוצר עי קונדיטוריית,,יוגורט כדים תנובה 7%,ליטרים,1.50,ליטר,false,,16.90,11.2667,true,1,25865
7290004119973,false,קרלו מעדן שוקו רביעיה גביע 1.5% 125 גרם,תנובה מרכז שיתופי לש,,קרלו שוקולדה 3% 125מ,מיליליטרים,125.00,"100 מ""ל",false,,2.90,0.0232,true,1,25869
7290004120061,false,מעדן חלב בטעם שוקו וניל שוניל 2% קרלו 125 גרם,תנובה מרכז שיתופי לש,,קרלו שוניל 3% 125מל,מיליליטרים,125.00,"100 מ""ל",false,,2.90,0.0232,true,1,25870
7290004120566,false,גבינה בולגרית (25024% גרם)פיראוס תנובה,"תנובה בע""מ ***",,פיראוס בולגרית 24% 2,גרמים,250.00,100 גרם,false,,20.90,0.0836,true,1,25878
7290004120573,false,גבינה בולגרית (25016% גרם)פיראוס תנובה,תנובה מרכז שיתופי לש,,פיראוס בולגרית בקר 1,גרמים,250.00,100 גרם,false,,20.90,0.0836,true,1,25879
7290004120634,false,גבינה בולגרית (2505% גרם)פיראוס תנובה,תנובה מרכז שיתופי לש,,פיראוס בולגרית 5% 25,גרמים,250.00,100 גרם,false,,20.90,0.0836,true,1,25880
7290004120832,false,"חלב 2 ליטר 3% כד ""תנובה""- מוצר בפיקוח",תנובה מרכז שיתופי לש,,"חלב תנובה טרי 3% בד""",ליטרים,2.00,ליטר,false,,11.88,5.9400,true,1,25882
7290004121525,false,יופלה מאגדת פרי 4 תות 4 אפרסק 3% 8 יח'*150 ג',תנובה מרכז שיתופי לש,,יופלה אפרסק תות 3% 8,קילוגרמים,1.20,"ק""ג",false,,29.90,24.9167,true,1,25884
7290004121839,false,גבינת פטה כבשים (25020% גרם)פיראוס בול,תנובה מרכז שיתופי לש,,פיראוס פטה כבשים 20%,גרמים,250.00,100 גרם,false,,26.90,0.1076,true,1,25886
7290004122195,false,גוש חלב גבינה צהובה פרוסה 28% תנובה 200 גרם,"תנובה בע""מ ***",,גוש חלב פרוס 28% 200,גרמים,200.00,100 גרם,false,,13.50,0.0675,true,1,25890
7290004122270,false,עמק קלאסית פרוסות גבינה חצי קשה 28% 200 גרם,תנובה מרכז שיתופי לש,,עמק פרוס סגירה חוזרת,גרמים,200.00,100 גרם,false,,15.80,0.0790,true,1,25891
7290004122348,false,גבינה צהובה מופחתת שומן 9% עמק (200 גרם),תנובה מרכז שיתופי לש,,עמק לייט 9% 200ג,גרמים,200.00,100 גרם,false,,16.80,0.0840,true,1,25892
7290004122676,false,גבינה חמד לייט (2505% גרם)פיראוס תנובה,תנובה מרכז שיתופי לש,,פיראוס חמד לייט 5% 2,גרמים,250.00,100 גרם,false,,17.90,0.0716,true,1,25894
7290004122683,false,עמק חטיף אצבעות גבינה חצי קשה 28% שומן,תנובה מרכז שיתופי לש,,עמק אצבעות 172ג,גרמים,172.00,100 גרם,false,,15.90,0.0924,true,1,25895
7290004124847,false,"קצפת צמחית השף הלבן 500 מ""ל תנובה",תנובה מרכז שיתופי לש,,שף לבן קצפת צמחית 24,מיליליטרים,500.00,"100 מ""ל",false,,13.90,0.0278,true,1,25905
7290004125370,false,"שמנת חמוצה 9% מופחתת שומן תנובה 200 מ""ל מהדרין",תנובה מרכז שיתופי לש,,תנובה שמנת מופחתת 9%,מיליליטרים,200.00,"100 מ""ל",false,,3.90,0.0195,true,1,25907
7290004125400,false,"אשל שלי מהדרין 200 מ""ל 4.5% ""תנובה""- מוצר בפיקוח",פארייפאבה אגרואינדוס,,"אשל 4.5% בד""צ מהדרין",מיליליטרים,200.00,"100 מ""ל",false,,1.58,0.0079,true,1,25908
7290004125417,false,"גיל 3% שלי 200 מ""ל ""תנובה"" -מוצר בפיקוח",תנובה מרכז שיתופי לש,,"גיל 3% בד""צ מהדרין",מיליליטרים,200.00,"100 מ""ל",false,,1.44,0.0072,true,1,25909
7290004125455,false,"שמנת חמוצה 200 מ""ל 15% ""תנובה"" -מוצר בפיקוח",תנובה מרכז שיתופי לש,,תנובה שמנת אורגינל מ,מיליליטרים,200.00,"100 מ""ל",false,,2.28,0.0114,true,1,25910
7290004125462,false,"שמנת חמוצה 15% תנובה 500 מ""ל מהדרין",תנובה מרכז שיתופי לש,,תנובה שמנת חמוצה 15%,מיליליטרים,500.00,"100 מ""ל",false,,5.70,0.0114,true,1,25911
7290004125509,false,"שמנת חמוצה 15% מועשרת תנובה 100 מ""ל",תנובה מרכז שיתופי לש,,תנובה שמנת חצי מנה 1,מיליליטרים,100.00,"100 מ""ל",false,,1.70,0.0170,true,1,25912
7290004125578,false,משקה סויה מועשר בסידן 1 ל`תנובה,תנובה מרכז שיתופי לש,,משקה סויה תנובה מועש,ליטרים,1.00,ליטר,false,,9.90,9.9000,true,1,25913
7290004125585,false,משקה סויה בטעם וניל תנובה 1 ליטר,תנובה מרכז שיתופי לש,,סויה תנובה משקה סויה,ליטרים,1.00,ליטר,false,,9.90,9.9000,true,1,25914
7290004125721,false,"השף הלבן שמנת עמידה לבישול 15% תנובה 250 מ""ל",תנובה מרכז שיתופי לש,,שף לבן שמנת לבישול 1,מיליליטרים,250.00,"100 מ""ל",false,,8.50,0.0340,true,1,25916
7290004125738,false,שמנת מתוקה להקצפה32% 250מל עמיד השף הלבן,תנובה מרכז שיתופי לש,,שף לבן שמנת להקצפה 3,מיליליטרים,250.00,"100 מ""ל",false,,6.50,0.0260,true,1,25917
7290004125776,false,גבינה צהובה קלאסית 28% עמק (400 גרם),"תנובה בע""מ ***",,עמק גבינה קשה פרוסה,גרמים,400.00,100 גרם,false,,27.80,0.0695,true,1,25918
7290004126674,false,טל העמק פרוסות גבינה חצי קשה לייט %9 200 גרם בקופסא,תנובה מרכז שיתופי לש,,עמק טל לייט 9% 200ג,גרמים,200.00,100 גרם,false,,18.30,0.0915,true,1,25921
7290004127077,false,קוטג תנובה 3% גביע 250 גרם מהדרין,מיוצר עי קונדיטוריית,,קוטג תנובה 3% 250 ג,גרמים,250.00,100 גרם,false,,5.50,0.0220,true,1,25924
7290004127329,false,קוטג תנובה גביע 250 גרם %5 ו.מהדרין,מיוצר עי קונדיטוריית,,קוטג' 5% תנובה מהדרי,גרמים,250.00,100 גרם,false,,5.50,0.0220,true,1,25925
7290004127336,false,קוטג תנובה גביע 250 גרם %9 ו.מהדרין,מיוצר עי קונדיטוריית,,קוטג' תנובה מהדרין 9,גרמים,250.00,100 גרם,false,,5.50,0.0220,true,1,25926
7290004127800,false,"גבינה לבנה 500 גרם 5% ""תנובה"" -מוצר בפיקוח",מיוצר עי קונדיטוריית,,תנובה גבינה לבנה 5%,גרמים,500.00,100 גרם,false,,9.50,0.0190,true,1,25928
7290004127817,false,גבינה לבנה 9% שומן 500 ג' תנובה,מיוצר עי קונדיטוריית,,תנובה גבינה לבנה 9%,גרמים,500.00,100 גרם,false,,9.20,0.0184,true,1,25929
7290004127862,false,"גבינה לבנה 750 גרם 5% ""תנובה"" - מוצר בפיקוח",תנובה מרכז שיתופי לש,,תנובה גבינה למריחה מ,גרמים,750.00,100 גרם,false,,13.90,0.0185,true,1,25930
7290004128333,false,לאבנה על בסיס יוגורט %9 שומן 500 ג' פיראוס,תנובה בעמ ***,,פיראוס לאבנה גביע %9,גרמים,500.00,100 גרם,false,,19.90,0.0398,true,1,25933
7290004129156,false,גבינת שמנת25% עם שום שמיר 225 ג' נפוליאון,תנובה מרכז שיתופי לש,,נפוליאון שום שמיר 25,גרמים,225.00,100 גרם,false,,13.90,0.0618,true,1,25939
7290004130794,false,משקה סויה במתיקות מופחתת תנובה (1 ליטר),תנובה מרכז שיתופי לש,,סויה תנובה טבעי במתי,ליטרים,1.00,ליטר,false,,9.90,9.9000,true,1,25946
7290004130916,false,יוגורט יופלה פירות יער בשמנת 3% 150 גרם,תנובה מרכז שיתופי לש,,יופלה בטעם פירות יער,גרמים,150.00,100 גרם,false,,4.90,0.0327,true,1,25947
7290004131074,false,"חלב 1 ליטר 3% קרטון ""תנובה""- מוצר בפיקוח",תנובה מרכז שיתופי לש,,חלב תנובה הומוגני מה,ליטרים,1.00,ליטר,false,,5.94,5.9400,true,1,25949
7290004135058,false,שמיניית קרלו מיני שוקולד 100 גרם מהדרין,תנובה מרכז שיתופי לש,,קרלו מהדרין מיני שוק,מיליליטרים,800.00,"100 מ""ל",false,,13.90,0.0174,true,1,25978
7290004135614,false,גבינה בולגרית מעודנת 5% פיראוס 250 גרם,"תנובה בע""מ ***",,פיראוס בולגרית מעודנ,גרמים,250.00,100 גרם,false,,20.90,0.0836,true,1,25983
7290004136857,false,מעדן ג`לי בטעם פטל תנובה (125 גרם),תנובה מרכז שיתופי לש,,ג'לי תנובה פטל 125מל,מיליליטרים,125.00,"100 מ""ל",false,,2.50,0.0200,true,1,25991
7290004137021,false,"שמנת עמידה לבישול מופחת שומן 10% השף הלבן 250 מ""ל",תנובה מרכז שיתופי לש,,שף לבן שמנת לבישול 1,מיליליטרים,250.00,"100 מ""ל",false,,7.90,0.0316,true,1,25995
7290004137311,false,גבינה צהובה מופחתת שומן 9% עמק (400 גרם),"תנובה בע""מ ***",,עמק לייט משפחתית 9%,גרמים,400.00,100 גרם,false,,29.90,0.0747,true,1,25996
7290004150129,false,טחינה פיקנטי פרימיום 300 גרם שמיר,"סלטי שמיר 2006 בע""\מ",,טחינה ביתית 300 גרם,גרמים,300.00,100 גרם,false,,14.90,0.0497,true,1,548079
7290004199791,false,כפפות M לטקס עם איבוק עדין 100 יח- SAFE TOUCH,אינטרסן (1996) בעמ,,כפפות לאטקס סייף טאצ,יחידה,0.00,יחידה,false,,22.90,0.0000,true,1,68568
7290004230364,false,שגב מקלות בורקס פילו גבינה צרפתי 600 גר,נטו מלינדה סחר בע`מ,,שגב מקלות בורקס פילו,גרמים,600.00,100 גרם,false,,19.90,0.0332,true,1,17067
7290004324858,false,קבב כבש טיבון ויל 500 גרם,"טיבון ויל אחזקות בע""",,קבב כבש 500 גרם,גרמים,500.00,100 גרם,false,,17.90,0.0358,true,1,17087
7290004492274,false,בייגלה טבעות מלוחות בייגל בייגל 400 גרם,"יוניליוור ישראל שיווק בע""מ",,טבעות מלוחות 400 גר,גרמים,400.00,100 גרם,false,,9.90,0.0248,true,1,10386
7290004492762,false,"נשנושים תירס אפוי טעם טבעי בייגל בייגל 325 גרם בד""צ",יוניליוור ישראל שיווק בע`מ,,נשנושים תירס 325 גר,גרמים,325.00,100 גרם,false,,11.90,0.0366,true,1,10391
7290004537241,false,אפונת גינה שדה בשקית,בסט מייסטר,,אפונת גינה קפואה 800,גרמים,800.00,100 גרם,false,,11.90,0.0149,true,1,51588
7290004537258,false,אפונה וגזר 800 גר שד,,,אפונה וגזר 800 גר שד,גרמים,800.00,100 גרם,false,,11.90,0.0149,true,1,51589
7290004584306,false,רבעיית גמדים בטעם תות בננה * 100 ג' שטראוס,שטראוס גרופ בעמ/מצונן,,גמדים תות בננה 4*100,מיליליטרים,400.00,"100 מ""ל",false,,11.10,0.0277,true,1,23300
7290004584351,false,גבינה לבנה סימפוניה עם תוספות 200 ג' חמישית 200,שטראוס גרופ בעמ/מצונן,,סימפוניה חמישית 200ג,גרמים,200.00,100 גרם,false,,11.50,0.0575,true,1,23301
7290004584528,false,יוגורט דנונה ביו לבן 1.7% שומן 200 גרם,שטראוס גרופ בעמ/מצונן,,דנונה יוגורט טבעי 1.,מיליליטרים,200.00,"100 מ""ל",false,,3.70,0.0185,true,1,23302
7290004731472,false,"אל סבון צבעוני כיף שלישיה* 500 מ""ל",החברה הדרומית לשיווק בעמ,,שלישיית אלסבון צבעונ,ליטרים,1.50,ליטר,false,,19.90,13.2667,true,1,29889
7290004944049,false,טחינה אסלי שמיר 400 גרם,"סלטי שמיר 2006 בע""מ",,טחינה אסלי 400 גרם,גרמים,400.00,100 גרם,false,,10.90,0.0273,true,1,17705
7290005008184,false,"סבון נוזלי בניחוח חלב שקדים פלמוליב 500 מ""ל",הנסיך- מפעל לייצור ט,,סבון נוזלי חלב שקדים,מיליליטרים,500.00,"100 מ""ל",false,,15.90,0.0318,true,1,21484
7290005008191,false,"סבון נוזלי ארומה בניחוח לבנדר פטצ'ולי וילנג ילנג פלמוליב 500 מ""ל",הנסיך- מפעל לייצור ט,,סבון נוזלי ארומה סגו,מיליליטרים,500.00,"100 מ""ל",false,,15.90,0.0318,true,1,21485
7290005084355,false,סנסודין משחת שיניים דואל קר פלואוריד 75,גלקסו סמית קליין,,משחת שיניים דואל קר,מיליליטרים,75.00,"100 מ""ל",false,,21.90,0.2920,true,1,3820
7290005174551,false,סלט חומוס עם צנוברים 125 ג' אחלה,שטראוס גרופ בעמ/מצונן,,אחלה חומוס 125ג,גרמים,125.00,100 גרם,false,,4.90,0.0392,true,1,23305
7290005174575,false,טחינה אחלה יום יום משובחת 125ג',שטראוס גרופ בעמ/מצונן,,אחלה טחינה 125גר,גרמים,125.00,100 גרם,false,,4.90,0.0392,true,1,23307
7290005200786,false,תפוצ'יפס בטעם שמנת בצל עלית 50 גרם,"שטראוס פריטו ליי בע""\מ )",,תפוציפס שמנת ובצל 50,גרמים,50.00,100 גרם,false,,3.90,0.0780,true,1,24164
7290005201882,false,קפה טורקי בצלופן עלית 200 גרם,הנסיך- מפעל לייצור ט,,טורקי עלית 200 גר',גרמים,200.00,100 גרם,false,,15.90,0.0795,true,1,22254
7290005287206,false,רביעיית טונה בשמן סטארקיסט 160 גרם,דיפלומט מפיצים (1968) בעמ**,,טונה בשמן סטארקיסט ר,גרמים,640.00,100 גרם,false,,24.90,0.0389,true,1,26659
7290005287213,false,"רביעיית טונה בשמן סטארקיסט 160 גרם בד""צ",דיפלומט מפיצים (1968) בעמ**,,טונה בשמן סטארקיסט ב,גרמים,640.00,100 גרם,false,,24.90,0.0389,true,1,26660
7290005287251,false,רביעיית טונה במים סטארקיסט 160 גרם,דיפלומט מפיצים (1968) בעמ**,,טונה במים סטארקיסט ר,גרמים,640.00,100 גרם,false,,24.90,0.0389,true,1,26662
7290005326585,false,ממרח אוליביה פסטו בזיליקום 180 ג',"אוליביה גורמה בע""מ",,אוליביה פסטו בזיליקו,גרמים,180.00,100 גרם,false,,12.90,0.0717,true,1,26003
7290005384851,false,וילי פוד מיץ לימון בדץ 200מל,קריות זול,,מיץ לימון משומר וילי,מיליליטרים,200.00,"100 מ""ל",false,,2.90,0.0145,true,1,2902
7290005403972,false,תחתיות ארטישוק 400 ג,,,תחתיות ארטישוק 400 ג,גרמים,400.00,100 גרם,false,,15.90,0.0398,true,1,51601
7290005423253,false,"סנו - מקסימה מרסס למייבש כביסה אולטרה פרש 750 מ""ל",החברה הדרומית לשיווק בעמ,,סנו מקסימה למייבש או,מיליליטרים,750.00,"100 מ""ל",false,,17.90,0.0239,true,1,29907
7290005423567,false,מטליות ניקוי רב שימושיות בגליל סנו סושי 40 יחידות,החברה הדרומית לשיווק בעמ,,סנו סושי מטלית לכל 3,יחידה,0.00,יחידה,false,,20.00,0.0000,true,1,29918
7290005423871,false,שלישיית משחת שיניים מנטול אורביטול 145 גרם,טרופיקל דגיל תעשיות קוסמ,,משחת שיניים אורביטול,גרמים,435.00,100 גרם,false,,16.90,0.0389,true,1,29922
7290005424700,false,סנו - פורטה פלוס מרסס מסיר שומנים 1 ליטר,החברה הדרומית לשיווק בעמ,,פורטה פלוס - קצף ברי,מיליליטרים,1.00,"100 מ""ל",false,,17.90,17.9000,true,1,29935
7290005425127,false,"חיטוי משטחים 99.9% מתז לשומנים ואבנית 750 מ""ל",החברה הדרומית לשיווק בעמ,,מתז 99.9% מנקה שומני,מיליליטרים,750.00,"100 מ""ל",false,,12.90,0.0172,true,1,274934
7290005426193,false,ספוגית הפלא סנו סושי 6 יחידות,החברה הדרומית לשיווק בעמ,,סנו סושי ספוג הפלא,יחידה,0.00,יחידה,false,,11.90,0.0000,true,1,29967
7290005429279,false,סנו מקסימה קומפקט קומפקט אפקט גאוול 6 ק,החברה הדרומית לשיווק בעמ,,אבקת כביסה סנו מקסימ,קילוגרמים,6.00,"ק""ג",false,,49.90,8.3167,true,1,30024
7290005430602,false,"סנו אוקסיג'ן ספריי להסרת כתמים עם חמצן פעיל 750 מ""ל",החברה הדרומית לשיווק בעמ,,סנו אוקסיג'ן מסיר כת,מיליליטרים,750.00,"100 מ""ל",false,,17.90,0.0239,true,1,30029
7290005431913,false,עוגת גבינה פירורים עדן קינוחים 92 גרם,עדן קינוחים Eden,,קינוחי עדן עוגת גבינ,גרמים,92.00,100 גרם,false,,6.90,0.0750,true,1,26017
7290005559907,false,פיצה משפחתית 100% גבינה מעדנות 500 גרם,תנובה מרכז שיתופי לשיווק תוצרת,,פיצה משפחתית גבינה 5,גרמים,500.00,100 גרם,false,,19.90,0.0398,true,1,35627
7290005559914,false,פיצה משפחתית עם 100% גבינה בתוספת זיתים מעדנות 550 גרם,תנובה מרכז שיתופי לשיווק תוצרת,,פיצה משפחתית זיתים 5,גרמים,550.00,100 גרם,false,,19.90,0.0362,true,1,35628
7290005559990,false,בצק עלים פילאס תורכי 600 גרם קפוא,תנובה מרכז שיתופי לשיווק תוצרת,,בצק פילאס תורכי מעדנ,גרמים,600.00,100 גרם,false,,19.90,0.0332,true,1,35632
7290005576010,false,חסה מהדרין גלאט עלים,רביבים עלי דשא בעמ,,חסה מהדרין,יח',1.00,יח',false,,7.90,7.9000,true,1,44810
7290005576027,false,פטרוזיליה גלאט עלים - יח,רביבים עלי דשא בעמ,,פטרוזיליה גלאט עלים,יח',1.00,יח',false,,6.90,6.9000,true,1,44811
7290005576034,false,כוסברה גלאט עלים - יח',רביבים עלי דשא בעמ,,כוסברה מהדרין,יח',1.00,יח',false,,6.90,6.9000,true,1,44812
7290005576041,false,שמיר גלאט יחידה,רביבים עלי דשא בעמ,,שמיר מהדרין,יח',1.00,יח',false,,6.90,6.9000,true,1,44813
7290005576058,false,נענע מהדרין,,,נענע מהדרין,יח',1.00,יח',false,,6.90,6.9000,true,1,44814
7290005576065,false,סלרי גלאט יחידה,רביבים עלי דשא בעמ,,סלרי מהדרין,יח',1.00,יח',false,,7.90,7.9000,true,1,44815
7290005576089,false,בצל ירוק גלאט יחידה,רביבים עלי דשא בעמ,,בצל ירוק מהדרין,יח',1.00,יח',false,,7.90,7.9000,true,1,44817
7290005576096,false,כרוב לבן שלם גלאט עלים,רביבים עלי דשא בעמ,,כרוב לבן גלאט,קילוגרמים,1.00,"ק""ג",true,,15.90,15.9000,true,1,44802
7290005591761,false,דבש טהור מפרחי בר בלחיץ 400 ג' יד מרדכי,מכוורת יד מרדכי שטרא,,דבש טהור מפרחי בר בל,גרמים,400.00,100 גרם,false,,20.90,0.0522,true,1,22255
7290005610011,false,תפוחי אדמה אדום ארוז,קטיף.,,תפו`א אדום דוד משה,קילוגרמים,1.00,"ק""ג",true,,5.90,5.9000,true,1,50966
7290005610127,false,תפוח אדמה גורמה דוד משה,אראל תוצרת חקלאית בע,,תפו`א גורמה לבן דוד,קילוגרמים,1.00,"ק""ג",true,,7.90,7.9000,true,1,50968
7290005610196,false,תפוח אדמה לבןבייבי גורמה,אראל תוצרת חקלאית בע,,תפו`א בייבי גורמה,קילוגרמים,1.00,"ק""ג",true,,6.90,6.9000,true,1,50969
7290005719189,false,לחם מחמצת שיפון אגוז,,,לחם מחמצת שיפון אגו,יח',1.00,יח',false,,17.90,17.9000,true,1,2700
7290005838002,false,מעדן גבינה ויוגורט בטעם וניל 88 ג' דניאלה,שטראוס גרופ בעמ/מצונן,,דניאלה מעדן גבינה 15,מיליליטרים,150.00,"100 מ""ל",false,,4.10,0.0273,true,1,23309
7290005838613,false,קרם גבינה 3% בטעם וניל סקי (125 גרם),שטראוס גרופ בעמ/מצונן,,גבינה וניל 3% סקי 12,גרמים,125.00,100 גרם,false,,3.90,0.0312,true,1,23310
7290005838972,false,סקי יום יום גבינה לבנה %5 125 גרם,שטראוס גרופ בעמ/מצונן,,גבינת יום יום 5% סקי,גרמים,125.00,100 גרם,false,,3.50,0.0280,true,1,23311
7290005839078,false,שמיניית יוגורט לבן 3% ביו דנונה 150 גרם,שטראוס גרופ בעמ/מצונן,,דנונה ביו מארז חסכון,קילוגרמים,1.20,"ק""ג",false,,16.90,14.0833,true,1,23312
7290005839108,false,גבינה לבנה סימפוניה עם תוספות 200 ג'+זיתים 5%,שטראוס גרופ בעמ/מצונן,,סימפוניה עם זיתים 5%,גרמים,200.00,100 גרם,false,,11.50,0.0575,true,1,23313
7290005839313,false,מילקי Top עם שוקולדה מגולגלת 140 גרם,שטראוס גרופ בעמ/מצונן,,מילקי טופ מגולגלת 14,מיליליטרים,142.00,"100 מ""ל",false,,4.90,0.0345,true,1,23314
7290005896453,false,"בירה מכבי 7.9%, בירה חזקה, בקבוק חוזר 500 מ''ל",פארייפאבה אגרואינדוס,,בירה מכבי 7.9 בקבוק,מיליליטרים,500.00,"100 מ""ל",false,,8.50,0.0170,true,1,9398
7290005901379,false,המבורגר מעדני המנגל,,,המבורגר מעדני המנגל,גרמים,400.00,100 גרם,false,,12.90,0.0323,true,1,51606
7290005901409,false,"""טעים טעים"" נקניקיות",,,"""טעים טעים"" נקניקיות",גרמים,500.00,100 גרם,false,,28.90,0.0578,true,1,51609
7290005901447,false,"""טעים טעים"" שווארמה",,,"""טעים טעים"" שווארמה",גרמים,300.00,100 גרם,false,,26.90,0.0897,true,1,51613
7290005902055,false,מגב גומי `רב מגבת,דגש,,מגב גומי `רב מגבת,יחידה,0.00,יחידה,false,,59.90,0.0000,true,1,47638
7290005992575,false,גבינה בולגרית למריחה 5% גד (250 גרם),מחלבות גד שיווק 1992 בעמ,,גד בולגרית למריחה 5%,גרמים,250.00,100 גרם,false,,15.90,0.0636,true,1,14647
7290006185501,false,"פנינה רוזנבלום -אל סבון נוזלי ורוד,1 ליטר","פנינה רוזנבלום בע""מ",,אל סבון נוזלי ורוד פ,יחידה,0.00,יחידה,false,,8.90,0.0000,true,1,18139
7290006229427,false,סן בנדטו - מים מינרלים - מארז שישיית 500 מל,טמפו משקאות בע`מ,,"סאן בנדטו 6*500 מ""ל",ליטרים,3.00,ליטר,false,,11.90,3.9667,true,1,9414
7290006241191,false,אגוזי מלך טבעיים קליית גת (150 גרם),הדקלאים אגודת שיתופי,,אגוזי מלך 150 גרם קל,גרמים,150.00,100 גרם,false,,17.50,0.1167,true,1,12804
7290006251107,false,תה מסאלה צ'אי ויסוצקי 25 יחידות,תה ויסוצקי (ישראל) בעמ,,תה מסאלה ויסוצקי 2/2,גרמים,50.00,100 גרם,false,,18.90,0.3780,true,1,24656
7290006251275,false,תה ירוק סיני קלאסי ויסוצקי 25 יחידות,תה ויסוצקי (ישראל) בעמ,,תה ירוק סיני,גרמים,37.50,100 גרם,false,,23.90,0.6373,true,1,24658
7290006272072,false,חטיפי פיצה גבינה מעדנות 650 גרם,תנובה קפואים,,חטיפי פיצה מעדנות 65,גרמים,650.00,100 גרם,false,,29.90,0.0460,true,1,35642
7290006272430,false,בצק עלים חמאה חלבי מעדנות (600 גרם),מיוצר עי קונדיטוריית,,בצק עלים חמאה 600 גר,גרמים,600.00,100 גרם,false,,28.90,0.0482,true,1,35644
7290006342645,false,טורטיה גדולה שקדיה 840 גרם 12 יחידות,דין שיווק וקליה 2021 בעמ,,טורטייה 840 גרם,גרמים,840.00,100 גרם,false,,14.90,0.0177,true,1,4638
7290006374738,false,קונפיטורה תות יד מרדכי בטעם תות,אף.סי תבליני בגליל ב,,קונפיטורת תות יד מור,גרמים,340.00,100 גרם,false,,11.90,0.0350,true,1,22262
7290006449955,false,מלפפון בייבי מארז,"מרינה פטריות הגליל בע""מ",,מלפפון בייבי,יח',1.00,יח',false,,8.90,8.9000,true,1,187205
7290006492432,false,גבינה מוצרלה בייבי 18% גד (150 גרם),מחלבות גד שיווק 1992 בעמ,,גד בייבי מוצרלה 150ג,גרמים,170.00,100 גרם,false,,13.90,0.0818,true,1,14665
7290006492630,false,גבינת פרומעז עיזים 22% גד 180 גרם,מחלבות גד שיווק 1992 בעמ,,גד גבינת גליל גד עזי,גרמים,180.00,100 גרם,false,,22.40,0.1244,true,1,14667
7290006492685,false,גבינת לאבנה עיזים 5% גד (250 גרם),מחלבות גד שיווק 1992 בעמ,,גד לאבנה עזים 3% 250,גרמים,250.00,100 גרם,false,,16.90,0.0676,true,1,14669
7290006492852,false,גבינת עיזים למריחה 5% 250 גרם רובין,מחלבות גד שיווק 1992 בעמ,,גד גבינת עיזים למריח,גרמים,250.00,100 גרם,false,,16.50,0.0660,true,1,14670
7290006511157,false,פטריות שמפניון שלמות וילי פוד (400 גרם),ג.וילי-פוד אינטרנשיונל בעמ,,פטריות שלמות שמפיניו,גרמים,230.00,100 גרם,false,,6.90,0.0300,true,1,2906
7290006511751,false,פטריות שמפניון חתוך ויליפוד 290X3 ג' בד”צ,ג.וילי-פוד אינטרנשיונל בעמ,,פטריות חתוכות ויליפו,גרמים,870.00,100 גרם,false,,11.90,0.0137,true,1,2909
7290006532008,false,צ'יפס טעים טעים 1.8,,,צ'יפס טעים טעים 1.8,קילוגרמים,1.80,"ק""ג",false,,22.90,12.7222,true,1,51616
7290006532398,false,סטייק צ'יפס טעים 1.8,,,סטייק צ'יפס טעים 1.8,קילוגרמים,1.80,"ק""ג",false,,21.90,12.1667,true,1,51617
7290006644510,false,"מיץ ענבים 500 מ""ל תפוזינה",יפאורה שותפות מוגבלת לשיווק,,משקה ענבים Move תפוז,מיליליטרים,500.00,"100 מ""ל",false,,5.40,0.0108,true,1,11541
7290006652027,false,במבה חטיף בוטנים אסם 20*15 גרם,קבוצת אוסם סחר שותפות מוגבלת,,במבה יום הולדת מאח.1,גרמים,300.00,100 גרם,false,,23.90,0.0797,true,1,18713
7290006653765,false,פרפקטו פסטה פטוצ'יני אסם 500 גרם,קבוצת אוסם סחר שותפות מוגבלת,,פטוציני פרפקטו 500 ג,גרמים,500.00,100 גרם,false,,6.90,0.0138,true,1,18715
7290006653819,false,קוסקוס אמיתי דק בשקית 350 גרם,קבוצת אוסם סחר שותפות מוגבלת,,קוסקוס דק בשקית אסם,גרמים,350.00,100 גרם,false,,7.90,0.0226,true,1,18716
7290006664037,false,גמדים סופר ארוחת בוקר דגנים 4*100גר,שטראוס גרופ בעמ/מצונן,,גמדים ארוחת בוקר 4*1,מיליליטרים,400.00,"100 מ""ל",false,,11.10,0.0277,true,1,23317
7290006664051,false,"אקטימל לבן 1.51 ק""ג מארז 14 יחידות",שטראוס גרופ בעמ/מצונן,,אקטימל טבעי 14*100מל,ליטרים,1.40,ליטר,false,,29.90,21.3571,true,1,23318
7290006664402,false,גבינה לבנה סקי 5% שומן 750 גרם,שטראוס גרופ בעמ/מצונן,,שטראוס גבינה 5% 750ג,גרמים,750.00,100 גרם,false,,13.60,0.0181,true,1,23322
7290006664532,false,יוגורט עם תות 3% שומן 150 ג' דנונה,שטראוס גרופ בעמ/מצונן,,דנונה תות 3% 150מל,גרמים,150.00,100 גרם,false,,3.90,0.0260,true,1,23323
7290006664655,false,דנונה Actimel יוגורט טבעי 8*100 מ``ל,שטראוס גרופ בעמ/מצונן,,אקטימל טבעי 8*100מל,מיליליטרים,800.00,"100 מ""ל",false,,19.90,0.0249,true,1,23325
7290006664693,false,יוגורט עם אפרסק 3% שומן 150 ג' דנונה,שטראוס גרופ בעמ/מצונן,,דנונה אפרסק 3% 150מל,גרמים,150.00,100 גרם,false,,3.90,0.0260,true,1,23326
7290006664990,false,"יוגורט דנונה ביו לבן 1.7% שומן 8*150 מ""ל",שטראוס גרופ בעמ/מצונן,,דנונה ביו מארז חיסכו,קילוגרמים,1.20,"ק""ג",false,,16.90,14.0833,true,1,23328
7290006704016,false,בזיליקום ארוז יחידה,,,בזיליקום ארוז יחידה,יח',1.00,יח',false,,5.90,5.9000,true,1,35562
7290006704108,false,קורנית /טימין יח',מרינה,,קורנית /טימין יח',יח',1.00,יח',false,,5.90,5.9000,true,1,41544
7290006704511,false,"תפו""א גמדי אדום למיקרו מרינה 750ג'","מרינה פטריות הגליל בע""מ",,תפוא ננסי מיקרוגל,גרמים,750.00,100 גרם,false,,6.90,0.0092,true,1,35565
7290006704733,false,אספרגוס יחידה קמעונאי,סרז'טו,,אספרגוס ארוז,יח',1.00,יח',false,,31.90,31.9000,true,1,41547
7290006739407,false,שניצל תירס לייט זוגלובק (630 גרם),נקניק נהריה כשר זוגל,,שניצל תירס לייט 630,גרמים,600.00,100 גרם,false,,21.90,0.0365,true,1,38989
7290006739421,false,נקניק סלמי מעושן איטלקי זוגלובק 300 גרם,נקניק נהריה כשר זוגל,,סלמי מעושן איטלקי ז,גרמים,300.00,100 גרם,false,,26.90,0.0897,true,1,38991
7290006739445,false,שניצל תירס קלאסי 750 ג' זוגלובק,נקניק נהריה כשר זוגל,,שניצל תירס קלאסי 750,גרמים,750.00,100 גרם,false,,21.90,0.0292,true,1,38992
7290006741363,false,בורקס תפוחי אדמה זוגלובק 800 גרם,מאפיית אריאל וגידרון,,"זוגלובק בורקס תפו""א",גרמים,800.00,100 גרם,false,,13.90,0.0174,true,1,39005
7290006742278,false,פסטרמה הודו צלויה על לבנים 330 ג' זוגלובק,נקניק נהריה כשר זוגל,,פסטרממיה צלויה על לב,גרמים,330.00,100 גרם,false,,27.90,0.0845,true,1,39014
7290006742292,false,פסטרמה הודו בדבש 330 ג' זוגלובק,נקניק נהריה כשר זוגל,,פסטרממיה בדבש 1% 330,גרמים,330.00,100 גרם,false,,27.90,0.0845,true,1,39015
7290006764072,false,"בירה גולדסטאר בקבוק 500 מ""ל חוזר","טמפו משקאות בע""\מ",,גולדסטאר בירה בק חוז,מיליליטרים,500.00,"100 מ""ל",false,,7.90,0.0158,true,1,9418
7290006784308,false,"PURE מבשם אוויר ניחוח חופשה בפרובנס 400 מ""ל",קומפלקס כימיקלים,,"מבשם אוויר 400 מ""ל נ",מיליליטרים,400.00,"100 מ""ל",false,,9.90,0.0248,true,1,240754
7290006784469,false,"PURE מבשם אוויר ניחוח חופשה במיקונוס 400 מ""ל",קומפלקס כימיקלים,,"מבשם אוויר 400 מ""ל נ",מיליליטרים,400.00,"100 מ""ל",false,,9.90,0.0248,true,1,240769
7290006788467,false,"קרליין - נושם אקטיב דאודורנט ספריי לאישה בורדו 200 מ""ל",החברה הדרומית לשיווק בעמ,,דאו' תרסיס נושם בורד,מיליליטרים,200.00,"100 מ""ל",false,,12.90,0.0645,true,1,30065
7290006908377,false,שקד טבעי 150 גר פיצוחי חממה,בוטנת בעמ,,שקד טבעי 150 גר` פיצ,גרמים,150.00,100 גרם,false,,13.90,0.0927,true,1,1477
7290006983152,false,קרוטונים מתובלים למרק אסם (400 גרם),קבוצת אוסם סחר שותפות מוגבלת,,קרוטונים מתובלים אסם,גרמים,400.00,100 גרם,false,,17.90,0.0447,true,1,18719
7290006983787,false,עוגת הבית שוקולד צ'יפס אסם 400 גרם,קבוצת אוסם סחר שותפות מוגבלת,,עוגת הבית שוקוציפס 4,גרמים,400.00,100 גרם,false,,11.90,0.0298,true,1,18726
7290006992185,false,"מטרנה - דייסת אורז פרוביוטי כשל""פ 200 גרם",קבוצת אוסם סחר שותפות מוגבלת,,מטרנה דייסת אורז פרו,גרמים,200.00,100 גרם,false,,13.50,0.0675,true,1,18730
7290008101318,false,קריספ פירורי לחם זהוב 300 גרם מיימונס,א.ל ייצור ושיווק תבלינים בעמ,,פירורי לחם זהוב קלאס,גרמים,300.00,100 גרם,false,,6.90,0.0230,true,1,457337
7290008102469,false,קריספ פירורי לחם זהוב 800 גרם מיימונס,א.ל ייצור ושיווק תבלינים בעמ,,פירורי לחם זהוב קלאס,גרמים,800.00,100 גרם,false,,12.90,0.0161,true,1,457411
7290008116541,false,שטיפת פה ליסטרין מנטה קריר 500 מ`ל,ג'\ונסון אנד ג'\ונסון,,מי פה ליסטרין בטעם מ,מיליליטרים,500.00,"100 מ""ל",false,,22.90,0.0458,true,1,29482
7290008154222,false,עוף טוב שניצלונים 700 גרם,קבוצת אוסם סחר-שות.מוגבלת,,שניצלונים עוף טוב 70,גרמים,700.00,100 גרם,false,,13.90,0.0199,true,1,19773
7290008268301,false,אוכמניות יחידה,בראשית,,אוכמניות,גרמים,120.00,100 גרם,false,,10.90,0.0908,true,1,47870
7290008340618,false,סלמון מעושן מצונן דלידג 100 ג',נטו מילנדה סחר בעמ*,,סלמון 100 מעושן מצונ,גרמים,100.00,100 גרם,false,,19.90,0.1990,true,1,17112
7290008343572,false,אגרול סיני 1 קג -שלושת האופים,נטו מלינדה סחר בע`מ,,אגרול סיני 1 ק`ג שלו,קילוגרמים,1.00,"ק""ג",false,,14.90,14.9000,true,1,17121
7290008344258,false,המבורגר מיזרחי 400 גר`טיבונוויל,"טיבון ויל אחזקות בע""\מ",,המבורגר מזרחי 400 ג',גרמים,400.00,100 גרם,false,,17.90,0.0447,true,1,17129
7290008344272,false,המבורגר 100% טיבון ויל 400 גרם,טיבון ויל אחזקות בעמ,,המבורגר 100% 400 ג'-,גרמים,400.00,100 גרם,false,,17.90,0.0447,true,1,17131
7290008345583,false,סלט איקרה ביתית ורודה דלידג (300 גרם),נטו מלינדה סחר בע`מ,,300 איקרה ביתית ורוד,גרמים,300.00,100 גרם,false,,19.90,0.0663,true,1,17136
7290008409100,false,אצבעות שניצל בציפוי שומשום מאמא עוף 700 גרם,תנובה גליל שותפות מוגבלת,,אצבעות שניצל ציפוי ש,גרמים,700.00,100 גרם,false,,30.90,0.0441,true,1,25552
7290008409407,false,שניצל דק דק צ`יפס מאמא עוף (700 גרם),תנובה גליל שותפות מוגבלת,,מאמא עוף שניצל דק צי,גרמים,700.00,100 גרם,false,,35.90,0.0513,true,1,25564
7290008462204,false,חרדל דיז'ון מקורי נטו מאי 380 גרם,א. סיימן סחר בעמ,,חרדל דיזון מקורי 380,גרמים,380.00,100 גרם,false,,17.90,0.0471,true,1,17144
7290008464741,false,"בירה גולדסטאר, מארז שישייה, בקבוק 330 מ''ל","טמפו משקאות בע""\מ",,"גולדסטאר ח""פ בקבוק 6",ליטרים,1.98,ליטר,false,,37.90,19.1414,true,1,9465
7290008636926,false,קקאו הולנדי בשקית מיה 500 גרם,מיה תעשיות מזון מ.ת.מ. בעמ,,קקאו הולנדי 500גר. ב,גרמים,500.00,100 גרם,false,,13.90,0.0278,true,1,15022
7290008636988,false,גרעיני חמניות קלופים 100 גר' מיה,מיה תעשיות מזון מ.ת.מ. בעמ,,מיה גרעיני חמניות קל,גרמים,100.00,100 גרם,false,,3.50,0.0350,true,1,15028
7290008636995,false,גרעיני דלעת קלופים מיה 100 גרם,מיה תעשיות מזון מ.ת.מ. בעמ,,מיה גרעיני דלעת קלופ,גרמים,100.00,100 גרם,false,,6.90,0.0690,true,1,15029
7290008644235,false,מבחר עלי בייבי 120 גרם-טעם הטבע,שטראוס בריאות ירקות טריי,,עלי בייבי 120 ג ירקו,גרמים,120.00,100 גרם,false,,9.90,0.0825,true,1,23331
7290008644945,false,סלט המושבה שטראוס 450 גר`-טעם הטבע,שטראוס בריאות ירקות טריי,,סלט המושבה 450 ג ירק,גרמים,450.00,100 גרם,false,,10.90,0.0242,true,1,23333
7290008693134,false,מעדן גבינה ויוגורט בטעם תות 5% שומן 88 ג' דניאלה,שטראוס גרופ בעמ/מצונן,,דניאלה תות מעדן גבינ,מיליליטרים,150.00,"100 מ""ל",false,,4.10,0.0273,true,1,23335
7290008713900,false,לחם שיפון עגול פרוס אחדות (750 גרם),מאפיית אנג'\ל אורנים מאפ,,לחם שיפון עגול אנגל,גרמים,750.00,100 גרם,false,,13.90,0.0185,true,1,35475
7290008745239,false,תפוצ'יפס קראנצ' בטעם טבעי עלית 50 גרם,"שטראוס פריטו ליי בע""\מ )",,תפוציפס קראנץ טבעי 5,גרמים,50.00,100 גרם,false,,3.90,0.0780,true,1,24166
7290008747547,false,תפוצ'יפס קראנץ' בטעם טבעי עלית 200 גרם,"שטראוס פריטו ליי בע""\מ )",,תפוציפס קראנץ טבעי 2,גרמים,200.00,100 גרם,false,,9.90,0.0495,true,1,24168
7290008752244,false,תפוצ'יפס קראנץ' בטעם גריל עלית 50 גרם,"שטראוס פריטו ליי בע""\מ )",,תפוציפס קראנץ גריל 5,גרמים,50.00,100 גרם,false,,3.90,0.0780,true,1,24170
7290008753111,false,תפוצ'יפס קראנץ' בטעם מקסיקני עלית 50 גרם,"שטראוס פריטו ליי בע""\מ )",,תפוציפס מקסיקני 50גר,גרמים,50.00,100 גרם,false,,3.90,0.0780,true,1,24171
7290008757072,false,משקה מוגז בטעם תות שוופס (330 מל),יפאורה - שותפות מוגבלת לשיווק,,שוופס פחית תות 330 מ,מיליליטרים,330.00,"100 מ""ל",false,,4.50,0.0136,true,1,11561
7290008757980,false,קרטונית ספרינג נקטר רימונים 1 ליטר,יפאורה שותפות מוגבלת לשיווק,,ספרינג רימונים 1ל,ליטרים,1.00,ליטר,false,,6.90,6.9000,true,1,11579
7290008775816,false,ערגליות עוגיות במילוי שוקולד אסם 300 גרם,קבוצת אוסם סחר שותפות מוגבלת,,ערגליות שוקולד 300 ג,גרמים,300.00,100 גרם,false,,9.90,0.0330,true,1,18736
7290008775823,false,ערגליות עוגיות תות שדה אסם 300 גרם,קבוצת אוסם סחר שותפות מוגבלת,,ערגליות תות שדה 300,גרמים,300.00,100 גרם,false,,9.90,0.0330,true,1,18737
7290008792264,false,מפיות טישיו טאצ' 100יח',שניב תעשיות נייר בעמ,,מפיות טאצ' 100,יחידה,0.00,יחידה,false,,4.90,0.0000,true,1,24459
7290008802291,false,יין מרלו פרייבט קולקשן יקבי כרמל,אגודת הכורמים הקואופרטיב,,"יין P.C מרלו 750מ""",מיליליטרים,750.00,"100 מ""ל",false,,39.90,0.0532,true,1,525
7290008849470,false,ממרח פלפל צ'ומה אוליביה 185 גרם,תה ויסוצקי (ישראל)בעמ,,אוליביה ממרח פלפל צו,גרמים,185.00,100 גרם,false,,13.90,0.0751,true,1,52045
7290008975551,false,תחליף חלב מטרנה מהדרין שלב 3 חלבי 700 גרם,קבוצת אוסם סחר שותפות מוגבלת,,מטרנה מהדרין שלב 3,גרמים,700.00,100 גרם,false,,49.90,0.0713,true,1,18741
7290009018004,false,פיקדון בקבוק/פחית בו,Unknown,,פיקדון בקבוק/פחית בו,יחידה,0.00,יחידה,false,,0.30,0.0000,true,1,66
7290009018011,false,פיקדון בקבוק/פחיות ש,,,פיקדון בקבוק/פחיות ש,יחידה,0.00,יחידה,false,,1.80,0.0000,true,1,64
7290009018264,false,פיקדון בקבוק/פחית רב,,,פיקדון בקבוק/פחית רב,יחידה,0.00,יחידה,false,,1.20,0.0000,true,1,105
7290009023480,false,פיקדון בקבוק 12 יח,,,פיקדון בקבוק 12 יח,יחידה,0.00,יחידה,false,,3.60,0.0000,true,1,49320
7290010002214,false,תבלין צ'ילי גרוס תבליני מימון 80 גרם,א.ל. ייצור ושיווק תבלינים בע`מ,,מימון צילי גרוס 80 ג,גרמים,80.00,100 גרם,false,,11.90,0.1488,true,1,261
7290010002399,false,תבלין בזיליקום תבליני מימון 40 גרם,א.ל. ייצור ושיווק תבלינים בע`מ,,מימון בזיליקום 40 גר,גרמים,40.00,100 גרם,false,,9.50,0.2375,true,1,274
7290010002443,false,תבלין רוזמרין תבליני מימון 40 גרם,א.ל. ייצור ושיווק תבלינים בע`מ,,מימון רוזמרין במיכל,גרמים,40.00,100 גרם,false,,9.50,0.2375,true,1,278
7290010002696,false,אקסטרה צ'יפס אורז חום מלא שמנת בצל 60 גרם,א.ל ייצור ושיווק תבלינים בעמ,,אקסטרא צ'יפס אורז חו,גרמים,60.00,100 גרם,false,,8.50,0.1417,true,1,457440
7290010003693,false,פפריקה מתוקה בשקית תבליני מימון 80 גרם,א.ל. ייצור ושיווק תבלינים בע`מ,,מימון פפריקה מתוקה ש,גרמים,80.00,100 גרם,false,,5.90,0.0738,true,1,291
7290010003709,false,פלפל שחור טחון בשקית תבליני מימון 50 גרם,א.ל. ייצור ושיווק תבלינים בע`מ,,מימון פלפל שחור טחון,גרמים,50.00,100 גרם,false,,7.90,0.1580,true,1,292
7290010003754,false,כמון טחון בשקית תבליני תבליני מימון 50 גרם,א.ל. ייצור ושיווק תבלינים בע`מ,,מימון כמון טחון שקית,גרמים,50.00,100 גרם,false,,5.90,0.1180,true,1,293
7290010003761,false,כורכום טחון בשקית תבליני מימון 80 גרם,א.ל. ייצור ושיווק תבלינים בע`מ,,מימון כורכום טחון שק,גרמים,80.00,100 גרם,false,,5.90,0.0738,true,1,294
7290010003792,false,מלח לימון בשקית תבליני מימון 100 גרם,א.ל. ייצור ושיווק תבלינים בע`מ,,מימון מלח לימון שקית,גרמים,100.00,100 גרם,false,,5.90,0.0590,true,1,297
7290010003808,false,זעתר ושומשום בשקית תבליני מימון (80 גרם),א.ל. ייצור ושיווק תבלינים בע`מ,,מימון זעתר ושומשום ש,גרמים,80.00,100 גרם,false,,5.90,0.0738,true,1,298
7290010045051,false,עוגיות מלבן שקדים לחמי (200 גרם),קונדטוריות לחמי,,עוגיות מלבן שקדים לח,גרמים,200.00,100 גרם,false,,18.90,0.0945,true,1,24684
7290010066513,false,נתחי טונה בשמן צמחי רביעיה *158ג' פילטונה,תעשיות פילטונה בעמ,,נתחי טונה בשמן צמחי,גרמים,632.00,100 גרם,false,,22.90,0.0362,true,1,26591
7290010066520,false,נתחי טונה בהירה בשמן קנולה 160 גר G.Q,פילטונה תעשיות בעמ,,טונה בשמן קנולה פילט,גרמים,158.00,100 גרם,false,,6.00,0.0380,true,1,26592
7290010066575,false,נתחי טונה במים רביעיה *158ג' פילטונה,תעשיות פילטונה בעמ,,נתחי טונה במים פילטו,גרמים,632.00,100 גרם,false,,22.90,0.0362,true,1,26593
7290010066582,false,נתחי טונה בשמן קנולה רביעיה * 158 ג' פילטונה,תעשיות פילטונה בעמ,,נתחי טונה בשמן קנולה,גרמים,632.00,100 גרם,false,,22.90,0.0362,true,1,26594
7290010066599,false,רביעיית נתחי טונה בשמן זית פילטונה 158X4 גרם,תעשיות פילטונה בעמ,,נתחי טונה בשמן זית פ,גרמים,632.00,100 גרם,false,,26.90,0.0426,true,1,26595
7290010116980,false,שוקולית אבקה להכנת משקה שוקו שקית 850,הנסיך- מפעל לייצור ט,,שוקולית 850 גרם,גרמים,850.00,100 גרם,false,,15.90,0.0187,true,1,22295
7290010117864,false,דוריטוס חטיף תירס בטעם חריף אש עלית 70 גרם,"שטראוס פריטו ליי בע""\מ )",,דוריטוס חריף אש 70 ג,גרמים,70.00,100 גרם,false,,3.60,0.0514,true,1,24178
7290010118328,false,חטיף צ`יפס בטעם טבעי תפוצ`יפס (40x6 גרם),"שטראוס פריטו ליי בע""מ",,תפוצ'יפס טבעי 6*40 ג,גרמים,240.00,100 גרם,false,,12.90,0.0538,true,1,24182
7290010119240,false,מארז תפוצ'יפס טבעי 216 גרם 12 יחידות,"שטראוס פריטו ליי בע""\מ )",,מארז תפוציפס טבעי 12,גרמים,216.00,100 גרם,false,,14.90,0.0690,true,1,24183
7290010129553,false,עוגיות רולדה תמרים דולצ`ה ויטה (600 גרם),שיבולים יצור ושיווק מוצרי מאפה,,עוגיות רולדה תמרים 6,גרמים,600.00,100 גרם,false,,19.90,0.0332,true,1,20184
7290010153510,false,בורגול יבש מיה 500 גר',מיה תעשיות מזון מ.ת.מ. בעמ,,בורגול מיה 500 גרם,גרמים,500.00,100 גרם,false,,5.50,0.0110,true,1,15035
7290010153770,false,ציפוי לשניצל פיקנטי מיה 500 גרם,מיה תעשיות מזון מ.ת.מ. בעמ,,ציפוי לשניצל פיקנטי,גרמים,500.00,100 גרם,false,,8.90,0.0178,true,1,15049
7290010154241,false,סלט חזרת ביתית תבליני ביטון יוחאי (250 ג,נטו מלינדה סחר בע`מ,,סלט חזרת ביטון 250 ג,גרמים,250.00,100 גרם,false,,13.90,0.0556,true,1,17150
7290010154265,false,פלפל צ`ומה תבליני ביטון יוחאי (250 גרם),תבליני יוחאי ביטון,,פלפל צ`ומה ביטון 250,גרמים,250.00,100 גרם,false,,13.90,0.0556,true,1,17151
7290010154678,false,אריסה מרוקאית תבליני ביטון 250 גרם,תבליני יוחאי ביטון,,יוחאי ביטון אריסה מר,גרמים,250.00,100 גרם,false,,13.90,0.0556,true,1,17161
7290010154685,false,סלט שום כתוש 250 ג' ביטון יוחאי,תבליני ביטון יוחאי,,סלט שום כתוש 250 גר',גרמים,250.00,100 גרם,false,,13.90,0.0556,true,1,17162
7290010192007,false,פטרוזיליה,,,פטרוזיליה,יח',1.00,יח',false,,3.50,3.5000,true,1,35570
7290010192021,false,כוסברה ארוז,,,כוסברה,יח',1.00,יח',false,,3.50,3.5000,true,1,35572
7290010192038,false,שורש פטרוזיליה ארוז,,,שורש פטרוזיליה ארוז,יח',1.00,יח',false,,5.90,5.9000,true,1,35573
7290010192045,false,נענע יחידה,חקלאי,,נענע יחידה,יח',1.00,יח',false,,3.50,3.5000,true,1,35574
7290010192052,false,סלרי עלים (אמריקאי),,,סלרי עלים (אמריקאי),יח',1.00,יח',false,,5.90,5.9000,true,1,35575
7290010192069,false,סלרי ראש יחידה,קטיף.,,סלרי ראש ארוז,יח',1.00,יח',false,,5.90,5.9000,true,1,35576
7290010192083,false,מנגולד ארוז,,,מנגולד ארוז,יח',1.00,יח',false,,6.90,6.9000,true,1,35577
7290010237784,false,בירה שנדי בתוספת משקה לימון ליים - שישייה,"טמפו משקאות בע""\מ",,מכבי שנדי לימון ליים,ליטרים,1.98,ליטר,false,,30.90,15.6061,true,1,9487
7290010259991,false,צנימים מיוחדים בטעם טבעי 250 ג',ג. וילי-פוד אינטרנשיונל בע`מ,,"צנימים בד""ץ וילי פוד",גרמים,250.00,100 גרם,false,,7.90,0.0316,true,1,2934
7290010429554,false,"שמן זית כתית מעולה יד מרדכי 2 קלאסי, 750 מ""ל",מכוורת יד מרדכי שטראוס ב,,שמן זית כתית מעולה 2,מיליליטרים,750.00,"100 מ""ל",false,,33.90,0.0452,true,1,22300
7290010471669,false,יוגורט תות עם קורנפלקס מצופה שוקולד ללא גלוטן 3.9%,שטראוס גרופ בעמ/מצונן,,דנונה קראנצ' יוגורט,מיליליטרים,175.00,"100 מ""ל",false,,4.60,0.0263,true,1,23336
7290010472307,false,"שמיניית משקה גמדים תות בננה דיסני 108 מ""ל",שטראוס גרופ בעמ/מצונן,,גמדים לשתיה תות בננה,מיליליטרים,864.00,"100 מ""ל",false,,19.90,0.0230,true,1,23339
7290010472390,false,מארז 8 יחידות מעדן דני בטעם שוקולד 1.5%,שטראוס גרופ בעמ/מצונן,,מארז דני שוקולד 8*,מיליליטרים,1000.00,"100 מ""ל",false,,16.90,0.0169,true,1,23340
7290010548514,false,קוביות עשבי תיבול לבישול איטלקי דורות 70 גרם,קבוצת אוסם סחר שותפות מוגבלת,,דורות עשבי תיבול לבי,גרמים,70.00,100 גרם,false,,10.00,0.1429,true,1,19782
7290010627004,false,טחינה גולמית מסורתית ירושלים 500 ג',תה ויסוצקי (ישראל) בעמ,,טחינה ירושלים 500 גר,גרמים,500.00,100 גרם,false,,14.90,0.0298,true,1,24686
7290010650064,false,פטריות יער מיובשות חוות תקוע 25 גרם,ביכורי השדה צפון 1994 ג.ד. בעמ,,פטריות יער מיובשות 2,גרמים,25.00,100 גרם,false,,9.90,0.3960,true,1,50982
7290010650255,false,לקט פטריות למרק חוות תקוע 25 גרם,חוות פטריות תקוע,,לקט פטריות מיובשות ל,גרמים,40.00,100 גרם,false,,16.90,0.4225,true,1,50989
7290010711550,false,דלי איטלקי עם פיה יוגב,מ.א.ייצור ויבוא מטליות בעמ,,דלי שטיפה עם פיה ( 1,יחידה,0.00,יחידה,false,,11.90,0.0000,true,1,13502
7290010711901,false,מיקרופייבר שלישייה לרצפה שייני,מ.א. יצור ויבוא מטליות בעמ`,,שייני מטליות מיקרופי,יחידה,0.00,יחידה,false,,15.90,0.0000,true,1,13508
7290010711918,false,שייני מטליות מיקרופייבר לניקוי כללי חמישיה,מ.א. יצור ויבוא מטליות בעמ`,,מ.א מטליות מיקרופייב,יחידה,0.00,יחידה,false,,6.90,0.0000,true,1,13509
7290010718634,false,"פנינה רוזנבלום -אל סבון נוזלי לבן,1 ליטר","פנינה רוזנבלום בע""מ",,אל סבון נוזלי לבן פנ,יחידה,0.00,יחידה,false,,8.90,0.0000,true,1,18149
7290010766949,false,ממרח תחתיות ארטישוק 180ג' אוליביה,תה ויסוצקי (ישראל)בעמ,,אוליביה ממרח ארטישוק,גרמים,180.00,100 גרם,false,,13.90,0.0772,true,1,52056
7290010922949,false,תות שדה קפוא 250 גרם - Shake It,"הבו-קדו בע""\מn\",,תות שדה קפוא שייק אי,גרמים,250.00,100 גרם,false,,10.00,0.0400,true,1,516942
7290010945306,false,חלב טרה קרטון 2 ליטר מהדרין*%*3,החברה המרכזית טלהפצת משקאות בע,,טרה חלב בקרטון 3% 2,ליטרים,2.00,ליטר,false,,11.88,5.9400,true,1,6414
7290010945450,false,גבינה לבנה 3% 250 גר מועשר בסידן וויטמין,*החברה המרכזית להפצת משקאותבעמ,,טרה גבינה לבנה מהדרי,גרמים,250.00,100 גרם,false,,4.75,0.0190,true,1,6416
7290011015862,false,סירופ דיאט 750 מל בטעם לימונענע פריגת,החברה המרכזית להפצת משקאות בעמ,,סירופ דיאט לימונענע,מיליליטרים,750.00,"100 מ""ל",false,,21.60,0.0288,true,1,7010
7290011017866,false,פחית קולה סליק קוקה-קולה (330 מל),החברה המרכזית להפצת משקאות בעמ,,קוקה קולה פחית סליק,מיליליטרים,330.00,"100 מ""ל",false,,5.50,0.0167,true,1,7031
7290011017873,false,פחית זירו סליק קוקה-קולה (330 מל),החברה המרכזית להפצת משקאות בעמ,,ZERO קולה פחית סליק,מיליליטרים,330.00,"100 מ""ל",false,,5.50,0.0167,true,1,7032
7290011051433,false,"שוופס מוגז עדין בטעם אפרסק 500 מ""ל",יפאורה - שותפות מוגבלת לשיווק,,שוופס מוגז עדין אפרס,מיליליטרים,500.00,"100 מ""ל",false,,6.20,0.0124,true,1,11590
7290011051440,false,שוופס מוגז עדין פירות יער 0.5 ליטר,יפאורה תבורי בעמ,,שוופס מוגז עדין פ.יע,מיליליטרים,500.00,"100 מ""ל",false,,6.20,0.0124,true,1,11591
7290011110079,false,בזיליקום.,,,בזיליקום.,יח',1.00,יח',false,,6.90,6.9000,true,1,47883
7290011126452,false,הגן הקסום תה בטעם קמומיל ונענע ויסוצקי 25 יחידות,תה ויסוצקי (ישראל) בעמ,,תה קמומיל ונענע 1.5ג,גרמים,37.50,100 גרם,false,,17.90,0.4773,true,1,24698
7290011133375,false,בירה שנדי בתוספת משקה אפרסק - שישייה,"טמפו משקאות בע""מ",,מכבי שנדי אפרסק בקבו,ליטרים,1.98,ליטר,false,,30.90,15.6061,true,1,9505
7290011148911,false,פלפלים מתוקים טינקרב,מרינה פטריות הגליל,,פלפלים מתוקים טינקרב,גרמים,300.00,100 גרם,false,,9.90,0.0330,true,1,35580
7290011194215,false,מעדן גבינה ויוגורט בטעם בננה 5% שומן 88 ג' דניאלה,שטראוס גרופ בעמ/מצונן,,"דניאלה בננה 150 מ""ל",מיליליטרים,150.00,"100 מ""ל",false,,4.10,0.0273,true,1,23343
7290011194246,false,קוטג 5% 250 גרם עם סידן שטראוס,שטראוס גרופ בעמ/מצונן,,קוטג שטראוס 5% עם סי,גרמים,250.00,100 גרם,false,,5.90,0.0236,true,1,23344
7290011236649,false,"נטיפי שוקולד ציפס אמיתי 300 גר' 54% מוצקי קקאו (בד""ץ)",דין שיווק וקליה 2021 בעמ,,שוקולד צ'יפס בלגי שק,גרמים,300.00,100 גרם,false,,9.90,0.0330,true,1,4656
7290011249748,false,רולים גלילי ופל במילוי קרם שוקולד 100 ג' עלמה,ח.כהן סוכנות מזון ומשקאות בע,,גילרו רולים שוקו 100,גרמים,100.00,100 גרם,false,,3.90,0.0390,true,1,41323
7290011254254,false,נטיפי שוקולד צ'יפס בטעם שוקולד מיה 300 גרם,מיה תעשיות מזון מ.ת.מ. בעמ,,שוקולד ציפס 300גר,גרמים,300.00,100 גרם,false,,8.90,0.0297,true,1,15087
7290011378769,false,חטיף חלווה וניל בארכה 126 גרם מארז 7 יחידות,קבוצת אוסם סחר שותפות מוגבלת,,בארכה בקטנה מאגדת ונ,גרמים,120.00,100 גרם,false,,11.90,0.0992,true,1,18749
7290011379018,false,מארז משפחתי שמפיניון 500 ג' מרינה,ביכורי השדה צפון 1994 ג.ד. בעמ,,פטריות צמד חמד,גרמים,500.00,100 גרם,false,,16.90,0.0338,true,1,41552
7290011447373,false,תחליף חלב מטרנה מהדרין שלב 2 חלבי 700 גרם,קבוצת אוסם סחר שותפות מוגבלת,,מטרנה מהדרין שלב 2,גרמים,700.00,100 גרם,false,,49.90,0.0713,true,1,18763
7290011499105,false,בולגרית מסורתית 5% 250 גרם -רבנות,מחלבות גד שיווק 1992 בעמ,,גד בולגרית 5% 250ג,גרמים,250.00,100 גרם,false,,21.90,0.0876,true,1,14673
7290011499129,false,גבינה בולגרית מעודנת קוביות קטנות 5% גד 200 גרם,מחלבות גד שיווק 1992 בעמ,,גד בולגרית מעודנת קו,גרמים,200.00,100 גרם,false,,19.90,0.0995,true,1,14675
7290011499365,false,גבינת חלומי 24% מחלב בקר גד (200 גרם),מחלבות גד שיווק 1992 בעמ,,גד חלומי 24% 200ג,גרמים,200.00,100 גרם,false,,19.90,0.0995,true,1,14683
7290011499624,false,שמנת 30% ניו יורק טבעי 200 גרם רבנות,מחלבות גד שיווק 1992 בעמ,,גד ניו יורק גבינת שמ,גרמים,200.00,100 גרם,false,,12.90,0.0645,true,1,14688
7290011518561,false,"אקטימל תות 1.51 ק""ג מארז 14 יחידות",שטראוס גרופ בעמ/מצונן,,אקטימל תות משפחתי 14,ליטרים,1.40,ליטר,false,,29.90,21.3571,true,1,23355
7290011530525,false,מיקס פירות קפואים שייק איט צהוב - 3*150 ג',"הבו-קדו בע""מ",,שייק איט יום שלישי 4,גרמים,450.00,100 גרם,false,,30.90,0.0687,true,1,70198
7290011575755,false,דבק סופר גלו ג`ל 3 גר`יעקובי,יעקבי- סופר גלו Super Glue,,סופר גלו ג'ל 3 גר',יחידה,0.00,יחידה,false,,10.90,0.0000,true,1,11333
7290011587123,false,קרם קוקוס תומר 400 מ,Thai coconut co ltd,,קרם קוקוס תומר 400 מ,מיליליטרים,400.00,"100 מ""ל",false,,7.90,0.0198,true,1,25022
7290011587598,false,פילה אנשובי בשמן תומר (45 גרם),תומר ייבוא ושיווק מוצרי מזון [,,פילה אנשובי תומר 45,גרמים,45.00,100 גרם,false,,5.90,0.1311,true,1,25036
7290011593087,false,"שמן זית כתית מעולה 750 מ""ל סבא חביב",בני פאוזי שמשום (2009) בעמ,,סבא חביב שמן זית כתי,מיליליטרים,750.00,"100 מ""ל",false,,30.90,0.0412,true,1,274017
7290011598211,false,"סנו - אנטי קאלק מרסס ניקוי כללי 4 ב-1 700 מ""ל",החברה הדרומית לשיווק בעמ,,מנקה כללי אנטיקאלק 7,מיליליטרים,700.00,"100 מ""ל",false,,17.90,0.0256,true,1,30152
7290011615260,false,"טורטייה 20 ס""מ קוטר וילי פוד 540 גר",ג.וילי פוד אינטרנשיונל בעמ,,"עלי טורטיה בד""ץ וילי",גרמים,540.00,100 גרם,false,,9.90,0.0183,true,1,2944
7290011695286,false,קיסם הפלא אריזה ורודה 250,נאמן לאורך זמן בעמ,,קיסמי שיניים נאמן 20,יחידה,0.00,יחידה,false,,7.90,0.0000,true,1,15924
7290011723200,false,טחינה הר ברכה 100% שומשום טהור 500 גר,טחינה הר ברכה בעמ,,טחינה הר ברכה טחינה,גרמים,500.00,100 גרם,false,,19.90,0.0398,true,1,41333
7290011765620,false,"נוזל כלים סנו גרין פאוור אקולוגי 750 מ""ל",סנו מפעלי ברונוס בעמ,,"נוזל כלים 750 מ""ל GR",מיליליטרים,750.00,"100 מ""ל",false,,9.90,0.0132,true,1,68865
7290011860271,false,ביסבול כדורי פירה מתפוחי אדמה תפוגן 700 גרם,קבוצת אוסם סחר שותפות מוגבלת,,תפוגן ביס בול טבעי 7,גרמים,700.00,100 גרם,false,,15.90,0.0227,true,1,19797
7290011877859,false,סנו אינסטלטור חדש פותח סתימות 200ג',החברה הדרומית לשיווק בעמ,,סנו אינסטלטור פותח ס,מיליליטרים,200.00,"100 מ""ל",false,,15.90,0.0795,true,1,30190
7290011877866,false,"מקסימה אבקת כביסה בניחוח מאסק סנו 6 ק""ג",החברה הדרומית לשיווק בעמ,,אבקת כביסה סנו מקסימ,קילוגרמים,6.00,"ק""ג",false,,49.90,8.3167,true,1,30191
7290011947309,false,זיתים מצוננים סורי מבוקע ולימון כבוש זיתא 230 ג',תה ויסוצקי (ישראל) בעמ,,זית סורי מבוקע עם לי,גרמים,215.00,100 גרם,false,,13.90,0.0647,true,1,24710
7290011964344,false,שום גבישי בקופ' 120 גר' טעם וריח,"תבליני טעם וריח בע""מ",,שום גבישי 120 גר' במ,גרמים,120.00,100 גרם,false,,11.50,0.0958,true,1,42443
7290011964658,false,מלח לימון בקופ' 170 גר' טעם וריח,"תבליני טעם וריח בע""מ",,תבלין מלח לימון טעם,גרמים,170.00,100 גרם,false,,10.00,0.0588,true,1,42449
7290011964689,false,על האש לא מונוסודיום 100 גרם 100 גרם מיכל גדול,"תבליני טעם וריח בע""מ",,תבלין על האש ללא מונ,גרמים,100.00,100 גרם,false,,9.70,0.0970,true,1,42450
7290011964702,false,שווארמה ללא מונסודיום 100 גרם מיכל גדול,"תבליני טעם וריח בע""מ",,תבלין לשווארמה ללא מ,גרמים,100.00,100 גרם,false,,9.70,0.0970,true,1,42452
7290012025839,false,מטבוחה אסלי שמיר 400 גרם,"סלטי שמיר 2006 בע""מ",,שמיר מטבוחה אסלי 400,גרמים,400.00,100 גרם,false,,10.90,0.0273,true,1,17732
7290012086113,false,עגבניות שרי אשכולות מארז,ביכורי השדה הצפון בעמ` 1964,,עגבניות שרי,גרמים,500.00,100 גרם,false,,7.90,0.0158,true,1,51000
7290012116025,false,שמפו פיית הפרפרים לסירוק קל מכיל רוזמרין,החברה הדרומית לשיווק בעמ,,שמפו כיף פיות 750 מל,מיליליטרים,750.00,"100 מ""ל",false,,11.90,0.0159,true,1,30197
7290012116063,false,כיף אלסבון פיות מועשר בתמציות קמומיל 750,טרופיקל דגיל תעשיות,,אל סבון כיף פיות בתמ,מיליליטרים,750.00,"100 מ""ל",false,,11.90,0.0159,true,1,30199
7290012116612,false,אורביטול מברשת שיניים סופט 4 יח`,החברה הדרומית לשיווק בעמ,,מארז מברשות שיניים א,יחידה,0.00,יחידה,false,,11.90,0.0000,true,1,30208
7290012117541,false,מקסימה מרכך כביסה מרוכז צהוב סנו 1 ליטר,החברה הדרומית לשיווק בעמ,,סנו מקסימה מרכך קומפ,יחידה,0.00,יחידה,false,,18.90,0.0000,true,1,30234
7290012191053,true,המנגליסט גפרור ארוך,,,המנגליסט גפרור ארוך,יחידה,0.00,יחידה,false,,5.90,0.0000,true,1,146342
7290012226120,false,קבנוס זוגלובק (45x3 גרם),נקניק נהריה כשר זוגל,,*מבצע* זוגלובק קבנוס,גרמים,135.00,100 גרם,false,,9.90,0.0733,true,1,39028
7290012227981,false,פסטרמה דק דק ברביקיו 120 ג' זוגלובק,זוגלובק שיווק בעמ,,פסטרמה ברביקיו זוגלו,גרמים,120.00,100 גרם,false,,11.90,0.0992,true,1,39074
7290012313141,false,מלפפונים פרוסות במלח קבוצת יבנה 330 גרם,קבוצת יבנה מוצרי מזון אגודה שי,,פרוסות מלפפון במלח י,גרמים,540.00,100 גרם,false,,6.50,0.0120,true,1,44780
7290012313240,false,מיקס זית ירוק וקלמטה קבוצת יבנה 560 גרם,קבוצת יבנה מוצרי מזון בעמ,,מיקס זית ירוק וקלמטה,גרמים,560.00,100 גרם,false,,10.90,0.0195,true,1,115974
7290012372209,false,קמח חיטה לבן מנופה רובינפלד,,,קמח חיטה לבן מנופה ר,קילוגרמים,1.00,"ק""ג",false,,7.90,7.9000,true,1,471256
7290012372247,false,"קמח מנופה כוסמין לבן רוביפנלד 1 ק""ג","סופר קמח רובינפלד בע""מ",,קמח כוסמין לבן רובינ,קילוגרמים,1.00,"ק""ג",false,,16.90,16.9000,true,1,466644
7290012454172,false,סוכריות ללא תוספת סוכר בטעם תות מיה 80 גרם,מיה תעשיות מזון מ.ת.מ. בעמ,,סוכריות ללא סוכר בטע,גרמים,80.00,100 גרם,false,,5.90,0.0738,true,1,15127
7290012522581,false,טבעול שניצל תירס ללא גלוטן טבעול 664 גרם,קבוצת אוסם סחר-שות.מוגבלת,,טבעול שניצל תירס ללא,גרמים,664.00,100 גרם,false,,19.90,0.0300,true,1,19805
7290012561337,false,כורכום טרי כתוש קפוא דורות 70 גר,מוצרי שום ותיבול דורות,,כורכום טרי כתוש דורו,גרמים,180.00,100 גרם,false,,10.00,0.0556,true,1,191497
7290012645112,false,יוגורט עיזים 2.8% בדלי חלב הארץ 750 גרם,שטראוס גרופ בעמ/מצונן,,יוגורט עיזים בדלי 75,מיליליטרים,750.00,"100 מ""ל",false,,18.90,0.0252,true,1,23363
7290012803451,false,טוסו שוקולד מריר 62% מוצקי קקאו ללא תוספת סוכר 100 גרם,"דנשר (1963) בע,מ",,טוסו שוקלד מריר 62%,גרמים,100.00,100 גרם,false,,8.90,0.0890,true,1,5922
7290012823398,false,מטליות חד פעמיות לניקוי הרצפה בניחוח מרכך כביסה 10יח' סנו,החברה הדרומית לשיווק בעמ,,ריצפז מטליות לחות בנ,יחידה,0.00,יחידה,false,,11.90,0.0000,true,1,30279
7290012884986,false,צ`יפס לתנור עד 4% שומן תפוגן (1.5 קג),קבוצת אוסם סחר שותפות מוגבלת,,תפוגן ציפס לתנור עד,קילוגרמים,1.50,"ק""ג",false,,24.90,16.6000,true,1,19815
7290012983276,false,סילאן תמרים כנרת 900 ג',תה ויסוצקי (ישראל) בעמ,,חצר כנרת-סילאן 900ג,גרמים,900.00,100 גרם,false,,12.90,0.0143,true,1,46454
7290013027399,false,לחם קמח מלא קל בתוספת שיפון 750 ג' אנג'ל,מאפיית שלמה א. אנג'\ל בע,,לחם 100 בתוספת שיפון,גרמים,750.00,100 גרם,false,,13.90,0.0185,true,1,35494
7290013083685,false,תחליף חלב מטרנה אקסטרה קר שלב 3 חסכון 700 גרם,קבוצת אוסם סחר-שות.מוגבלת,,מטרנה אקסטרה קר שלב,גרמים,700.00,100 גרם,false,,58.90,0.0841,true,1,18769
7290013117212,false,בורקס פילו במילוי גבינה 600 גר`מעדנות,תנובה מרכז שיתופי לשיווק תוצרת,,בורקס פילו גבינה מעד,גרמים,600.00,100 גרם,false,,18.90,0.0315,true,1,35649
7290013117526,false,בצק שמרים מרודד למאפים מתוקים מעדנות 900 גרם,תנובה מרכז שיתופי לשיווק תוצרת,,מעדנות בצק שמרים למא,גרמים,900.00,100 גרם,false,,19.90,0.0221,true,1,35658
7290013144171,false,"תערובת עוגת שוקולד 560 גרם ""מיימונס""",א.ל.ייצור ושיווק תבלינים בעמ,,תערובת עוגת שוקולד 5,גרמים,560.00,100 גרם,false,,15.90,0.0284,true,1,15354
7290013144232,false,מיימונס פודינג בטעם וניל 80 גרם,א.ל. ייצור ושיווק תבלינים בע`מ,,פודינג וניל מימונס 8,גרמים,80.00,100 גרם,false,,3.90,0.0487,true,1,15360
7290013144317,false,מימונס ג'וני גלילית וופל למילוי 18 יחידות,א.ל. ייצור ושיווק תבלינים בע`מ,,ג`וני - גלילית וופל,גרמים,400.00,100 גרם,false,,21.90,0.0547,true,1,15365
7290013144751,false,סירופ בטעם מייפל מימונס 500 גרם,א.ל. ייצור ושיווק תבלינים בע`מ,,מימונס סירופ בטעם מי,מיליליטרים,500.00,"100 מ""ל",false,,13.90,0.0278,true,1,15379
7290013145130,false,"שקד מולבן חצוי 100 גרם ""מיימונס",א.ל. ייצור ושיווק תבלינים בע`מ,,מימונס שקד מולבן חצו,גרמים,100.00,100 גרם,false,,12.90,0.1290,true,1,15396
7290013145161,false,פקאן מסוכר מיימונס 100 גרם.,א.ל. ייצור ושיווק תבלינים בע`מ,,מימונס פקאן מסוכר 10,גרמים,100.00,100 גרם,false,,18.90,0.1890,true,1,15398
7290013145192,false,שומשום מיימונס 100 גרם,א.ל. ייצור ושיווק תבלינים בע`מ,,שומשום 100גר,גרמים,100.00,100 גרם,false,,4.90,0.0490,true,1,15400
7290013145215,false,שומשום מימונס (400 גרם),א.ל.ייצור ושיווק תבלינים בעמ,,שומשום 400גר,גרמים,400.00,100 גרם,false,,14.90,0.0373,true,1,15401
7290013145390,false,מימונס שוקולד צ'יפס מהדרין 250 גר,א.ל. ייצור ושיווק תבלינים בע`מ,,מימונס שוקולד ציפס מ,גרמים,250.00,100 גרם,false,,8.90,0.0356,true,1,15405
7290013145406,false,שוקולד צ'יפס לבן מיימונס 250 גרם,א.ל. ייצור ושיווק תבלינים בע`מ,,מימונס שוקולד ציפס ל,גרמים,250.00,100 גרם,false,,9.90,0.0396,true,1,15406
7290013145437,false,שוקולד מריר מעולה ציפס מימונס 250 ג',א.ל. ייצור ושיווק תבלינים בע`מ,,מימונס שוקולד ציפס 4,גרמים,250.00,100 גרם,false,,12.90,0.0516,true,1,15408
7290013145444,false,שוקולד מריר מעולה ציפס 66% מימונס 250 ג',א.ל. ייצור ושיווק תבלינים בע`מ,,מימונס שוקולד ציפס 6,גרמים,250.00,100 גרם,false,,14.90,0.0596,true,1,15409
7290013145529,false,סוכריות צבעוניות לקישוט מיימונס 90 גרם,א.ל. ייצור ושיווק תבלינים בע`מ,,מימונס סוכריות צבעונ,גרמים,90.00,100 גרם,false,,5.50,0.0611,true,1,15412
7290013145628,false,מימונס סוכריות צבעוניות לקישוט 200 גרם,א.ל. ייצור ושיווק תבלינים בע`מ,,סוכריות צבעוניות לקי,גרמים,200.00,100 גרם,false,,8.90,0.0445,true,1,15417
7290013145826,false,פודניג בטעם וניל לבן במיוחד מימונס 80 ג',א.ל. ייצור ושיווק תבלינים בע`מ,,מימונס פודינג בטעם ו,גרמים,80.00,100 גרם,false,,3.90,0.0487,true,1,15429
7290013145840,false,סוכר וניל מימונס 10יח בצלופן,א.ל. ייצור ושיווק תבלינים בע`מ,,מימונס סוכר וניל 10*,גרמים,100.00,100 גרם,false,,2.50,0.0250,true,1,15431
7290013145857,false,אבקת אפיה מימונס 10יח בצלופן,א.ל. ייצור ושיווק תבלינים בע`מ,,אבקת אפיה 10* 10 גרם,גרמים,100.00,100 גרם,false,,2.50,0.0250,true,1,15432
7290013145918,false,אבקת סוכר מיימונס 100 גרם,א.ל. ייצור ושיווק תבלינים בע`מ,,אבקת סוכר 100 גרם,גרמים,100.00,100 גרם,false,,2.00,0.0200,true,1,15436
7290013145963,false,שמרים יבשים בוואקום מיימונס 125 גרם,א.ל. ייצור ושיווק תבלינים בע`מ,,מימונס שמרים יבשים ב,גרמים,125.00,100 גרם,false,,5.50,0.0440,true,1,15440
7290013146083,false,מיימונס מלית חלבה 400 גרם,א.ל ייצור ושיווק תבלינים בעמ,,מלית חלבה 400 גרם,גרמים,400.00,100 גרם,false,,15.90,0.0398,true,1,15448
7290013146304,false,קורנפלור 500 גרם מימונס.,א.ל.ייצור ושיווק תבלינים בעמ,,מימונס קורנפלור 500,גרמים,500.00,100 גרם,false,,6.90,0.0138,true,1,15453
7290013203182,false,שרי מנומר -ליקופן,,,שרי מנומר -ליקופן,גרמים,200.00,100 גרם,false,,9.90,0.0495,true,1,51001
7290013220042,false,מיקס טרופי א.מ שרון (500 גרם),א.מ. שרון שיווק (2014) בעמ,,מיקס טרופי 400 גרם ב,גרמים,400.00,100 גרם,false,,19.90,0.0497,true,1,51678
7290013268037,false,מקסימה מרכך כביסה מרוכז בניחוח לבנדר פצ'ולי סנו 1 ליטר,החברה הדרומית לשיווק בעמ,,סנו מקסימה פצ'ולי מר,יחידה,0.00,יחידה,false,,18.90,0.0000,true,1,30305
7290013269003,false,מרכך כביסה סופר מרוכז בייבי לתינוקות ולעור רגיש,החברה הדרומית לשיווק בעמ,,סנו מקסימה קר בייבי,ליטרים,1.00,ליטר,false,,19.90,19.9000,true,1,30345
7290013269287,false,סנו - מקסימה ג'ל כביסה מרוכז מאסק 3 ליטר,החברה הדרומית לשיווק בעמ,,מקסימה מאסק גל כביסה,ליטרים,3.00,ליטר,false,,33.90,11.3000,true,1,30352
7290013269621,false,ריצפז פרש לניקוי רצפות בניחוח מלון בוטיק,החברה הדרומית לשיווק בעמ,,ריצפז פרש הום בניחוח,ליטרים,2.00,ליטר,false,,21.90,10.9500,true,1,30359
7290013269706,false,"סנובון ג'ל לאסלה אוקיאנוס נתלה 55מ""ל",החברה הדרומית לשיווק בעמ,,סנובון ג'ל אסלה ריח,מיליליטרים,55.00,"100 מ""ל",false,,6.90,0.1255,true,1,30365
7290013269751,false,מטליות לחותריצפז פרש לניקוי ריצפה בניחות מלון בוטיק 10 יח' סנו,החברה הדרומית לשיווק בעמ,,ריצפז מטליות לחות לנ,יחידה,0.00,יחידה,false,,11.90,0.0000,true,1,30366
7290013269850,false,נייר אפיה אקולוגי סנו סושי 50 יחידות,החברה הדרומית לשיווק בעמ,,סנו סושי נייר אפיה א,יחידה,0.00,יחידה,false,,14.90,0.0000,true,1,30370
7290013269867,false,סנו סושי זוג מפות אירוח צבעים שונים,החברה הדרומית לשיווק בעמ,,סנו סושי זוג מפות אי,יחידה,0.00,יחידה,false,,8.90,0.0000,true,1,30371
7290013284662,false,רוטב פיצה פיתה לילדים 240 ג' פריניר,ח.כהן סוכנות מזון ומשקאות בע,,רוטב פיצה פיתה פריני,גרמים,240.00,100 גרם,false,,4.90,0.0204,true,1,41347
7290013358356,false,פירורי לחם מוזהבים מאסטר שף (320גרם),ש. שסטוביץ בע`מ,,מאסטר שף פירורי לחם,גרמים,350.00,100 גרם,false,,6.90,0.0197,true,1,21504
7290013358486,false,מאסטר שף פירורים מוזהבים ללא צורך בביצה 300 ג,"מיוצר ע""י מנה י.א בע",,מאסטר שף פירורים מו,גרמים,300.00,100 גרם,false,,6.90,0.0230,true,1,21514
7290013358547,false,מאסטר שף אסייאתי רוטב צ'ילי חריף 700 מל כשלפ,קי.אר.אס. ספייסי פוד,,מאסטר שף רוטב צ'ילי,מיליליטרים,700.00,"100 מ""ל",false,,11.90,0.0170,true,1,21520
7290013358806,false,מנה מאגדת פריכיות אורז עם מלח 264 גרם,ש. שסטוביץ בע`מ,,מאגדת פריכיות עם מלח,גרמים,264.00,100 גרם,false,,11.90,0.0451,true,1,21526
7290013366634,false,כרמל יבולים חסה סלנו,ביכורי השדה הצפון בעמ` 1964,,חסה סלנובה,יח',1.00,יח',false,,11.90,11.9000,true,1,47764
7290013389077,false,"עלי טורטיה מקמח חיטה 25ס""מ 8יח' תומר 420 ג'",Azteca foods europe,,6 טורטיות חיטה תומר,גרמים,425.00,100 גרם,false,,7.90,0.0186,true,1,25102
7290013412966,false,רבעיית מגבונים תולי 72*4 יחידות,שקד תבל בעמ,,תולי מגבונים לחים 4*,יחידה,0.00,יחידה,false,,9.90,0.0000,true,1,29534
7290013424976,false,תות שדה שלם קפוא 500 ג' פילד גוד,אלפה פרוסט,,תות שדה שלם קפוא 500,גרמים,500.00,100 גרם,false,,11.90,0.0238,true,1,147444
7290013531346,false,סירופ דיאט בטעם לימונענע יכין 1 ליטר,זנלכול יכין,,סירופ דיאט לימונענע,ליטרים,1.00,ליטר,false,,16.90,16.9000,true,1,8729
7290013580009,false,המבורגר זהב 400 גרם הקצביה בלדי,בלדי בעמ,,המבורגר זהב 400 גרם,גרמים,400.00,100 גרם,false,,15.90,0.0398,true,1,35362
7290013585233,false,"ספרייט זירו פחית סליק 330 מ""ל",החברה המרכזית להפצת משקאות בעמ,,פחית סליק 330 מל ZER,מיליליטרים,330.00,"100 מ""ל",false,,5.50,0.0167,true,1,7083
7290013585387,false,בקבוק זירו קוקה-קולה (1 ליטר),החברה המרכזית להפצת משקאות בעמ,,קולה זירו 1 ליטר,ליטרים,1.00,ליטר,false,,6.90,6.9000,true,1,7095
7290013585394,false,בקבוק קוקה-קולה (1 ליטר),החברה המרכזית להפצת משקאות בעמ,,קוקה קולה 1 ליטר,ליטרים,1.00,ליטר,false,,7.50,7.5000,true,1,7096
7290013675545,false,"שניצל כלי תחבורה ""מאמא עוף"" 700 גרם",תנובה גליל שותפות מוגבלת,,שניצל כלי תחבורה 700,גרמים,700.00,100 גרם,false,,30.90,0.0441,true,1,25603
7290013677679,false,סודה לשתיה בשקית מיה 80 גרם,מיה תעשיות מזון מ.ת.מ. בעמ,,סודה לשתיה בשקית 80,גרמים,80.00,100 גרם,false,,3.90,0.0487,true,1,15187
7290013677846,false,כוסמת מיה (1 קג),מיה תעשיות מזון מ.ת.מ. בעמ,,כוסמת 1 ק'ג,קילוגרמים,1.00,"ק""ג",false,,12.90,12.9000,true,1,15196
7290013702050,false,"שוופס וואטר ענבים 500מ""ל",יפאורה שותפות מוגבלת לשיווק,,שוופס ענבים ווטר 0.5,מיליליטרים,500.00,"100 מ""ל",false,,5.50,0.0110,true,1,11638
7290013724960,false,שקדים בציפוי שוקולד בקופסא שקדיה 140 גרם,דין שיווק וקליה 2021 בעמ,,שקדים בציפוי שוקולד,גרמים,140.00,100 גרם,false,,10.90,0.0779,true,1,4679
7290013848345,false,מארז מטליות לחיטוי וניקוי יסודי אנטיבקטריאלי 99.9%,החברה הדרומית לשיווק בעמ,,מטליות לחות לחיטוי י,יחידה,0.00,יחידה,false,,22.90,0.0000,true,1,30381
7290013906212,false,"נקנקיות וינר טירת 1 ק""ג טירת צבי",תנובה מרכז שיתופי לשיווק תוצרת,,טירת צבי נקניקיות וי,קילוגרמים,1.00,"ק""ג",false,,22.90,22.9000,true,1,25391
7290013906489,false,חטיפי מיני קבנוס טירת צבי 120 גרם,תנובה מרכז שיתופי לשיווק תוצרת,,טירת צבי חטיפי מיני,גרמים,120.00,100 גרם,false,,9.90,0.0825,true,1,25404
7290013906687,false,פסט' צמד כפרית ברביקיו ודבש 300X2ג' טירת צבי,תנובה מרכז שיתופי לשיווק תוצרת,,טירת צבי צמד כפרית ב,גרמים,600.00,100 גרם,false,,24.90,0.0415,true,1,25408
7290013906694,false,נקניקיות שקית קילו וחצי טירת צבי,תנובה מרכז שיתופי לשיווק תוצרת,,"נקניקיות עוף 1.5 ק""ג",קילוגרמים,1.50,"100 ק""ג",false,,34.90,23.2667,true,1,339433
7290013906700,false,"נקניקיות הודו טירת צבי כשרות הרב מחפוד 1.5 ק""ג",תנובה מרכז שיתופי לשיווק תוצרת,,"נקניקיות הודו 1.5 ק""",קילוגרמים,1.50,"100 ק""ג",false,,35.90,23.9333,true,1,339419
7290014002197,false,חליטת קמומיל ולימונית הגן הקסום ויסוצקי 25 יחידות,תה ויסוצקי (ישראל) בעמ,,תה חליטת קמומיל ולימ,גרמים,37.50,100 גרם,false,,17.90,0.4773,true,1,24748
7290014002203,false,חליטת לימונית ולואיזה הגן הקסום ויסוצקי 25 יחידות,תה ויסוצקי (ישראל) בעמ,,תה חליטת לימונית ולו,גרמים,37.50,100 גרם,false,,17.90,0.4773,true,1,24749
7290014046047,false,פסטרמת מעודנת ברביקיו 2יח*300גר,מעדני יחיעם ( 1993 ) בע`מ,,יחיעם צמד פסטרמה 600,גרמים,600.00,100 גרם,false,,21.90,0.0365,true,1,15589
7290014059085,false,"משחת שיניים סנסודיין 75 מ""ל פרימיום לשיקום והגנה","סמית קליין ביצ'ם בע""",,משחה לשיקום והגנה סנ,מיליליטרים,75.00,"100 מ""ל",false,,24.90,0.3320,true,1,3897
7290014079014,false,לבבות קיסר ארוז נספק,"מרינה פטריות הגליל בע""מ",,לבבות קיסר,גרמים,300.00,100 גרם,false,,10.90,0.0363,true,1,35583
7290014083813,false,וילי פוד מריגה שפרוטים מעושנים בשמן 190ג,ג. וילי-פוד אינטרנשיונל בע`מ,,בריוולס וילניס שפרוט,גרמים,190.00,100 גרם,false,,7.90,0.0416,true,1,2990
7290014094505,false,אורז בסמתי טהור אהרוני 1 ק''ג,דין שיווק וקליה 2021 בעמ,,אהרוני אורז בסמטי 1,קילוגרמים,1.00,"ק""ג",false,,9.90,9.9000,true,1,4716
7290014094642,false,אגוזי קשיו טבעיים ששון הקולה (250 גרם),דין שיווק וקליה 2021 בעמ,,קשיו טבעי 250 גר' שש,גרמים,250.00,100 גרם,false,,24.90,0.0996,true,1,4727
7290014094895,false,אגוזים קלופים בשקית ששון הקולה 150 גרם,דין שיווק וקליה 2021 בעמ,,אגוז מלך 150גר ששון,גרמים,150.00,100 גרם,false,,10.90,0.0727,true,1,4738
7290014095861,false,שיבולת שועל דקה בשקית שקדיה 500 גרם,דין שיווק וקליה 2021 בעמ,,שיבולת שועל דקה קווא,גרמים,500.00,100 גרם,false,,4.90,0.0098,true,1,4742
7290014095960,false,שיבולת שועל עבה בשקית שקדיה 500 גרם,דין שיווק וקליה 2021 בעמ,,שיבולת שועל עבה קווא,גרמים,500.00,100 גרם,false,,4.90,0.0098,true,1,4745
7290014204560,false,"פנינהרוזנבלום- סבון נוזלי לידיים שלישיה,3*500 מ""ל","פנינה רוזנבלום בע""מ",,סבון נוזלי פנינה רוז,ליטרים,1.50,ליטר,false,,10.90,7.2667,true,1,18186
7290014217065,false,אורגנו עלים בקופ' 30 גר' טעם וריח,"תבליני טעם וריח בע""מ",,טעם וריח אורגנו מיכל,גרמים,30.00,100 גרם,false,,10.10,0.3367,true,1,42459
7290014217164,false,תבלין פטרוזיליה מיכל גדול 20 ג',"תבליני טעם וריח בע""מ",,תבלין פטרויליה טעם ו,גרמים,20.00,100 גרם,false,,10.80,0.5400,true,1,42464
7290014217225,false,גריל עוף בקופ' 120 גר' טעם וריח,"תבליני טעם וריח בע""מ",,טעם וריח גריל עוף מי,גרמים,120.00,100 גרם,false,,10.80,0.0900,true,1,42466
7290014217539,false,תערובת סוכר וקינמון בתוספת וניל מיכל 150 גרם,תבליני טעם וריח בעמ,,תערובת וניל סוכר וקי,גרמים,150.00,100 גרם,false,,10.90,0.0727,true,1,42477
7290014218932,false,חטיפי פיצה בתוספ זיתים בשקית מעדנות 710 גרם,מיוצר עי קונדיטוריית,,חטיפי פיצה בתוספת זי,גרמים,710.00,100 גרם,false,,27.90,0.0393,true,1,35708
7290014435896,false,סלט סלמון עם מיונז שמיר 180 גרם,שבעת הימים - שמיר,,סלט סלמון עם מיונז 1,גרמים,180.00,100 גרם,false,,21.00,0.1167,true,1,17761
7290014459137,false,"תפוגן סטייק צ'יפס 1.5 ק""ג אסם",קבוצת אוסם סחר שותפות מוגבלת,,תפוגן סטייק ציפס 1.5,קילוגרמים,1.50,"ק""ג",false,,23.90,15.9333,true,1,19825
7290014459373,false,"צ'יפס קראנצ'י לתנור קפוא תפוגן 1.5ק""ג",קבוצת אוסם סחר שותפות מוגבלת,,תפוגן ציפס קראנצי 1.,קילוגרמים,1.50,"ק""ג",false,,24.90,16.6000,true,1,19830
7290014459472,false,"תפוגן צ יפס קלאסי 2ק""ג (תפוגן)",קבוצת אוסם סחר שותפות מוגבלת,,תפוגן צ`יפס קלאסי 2,קילוגרמים,2.00,"ק""ג",false,,24.90,12.4500,true,1,19832
7290014459632,false,"צ'יפס טוגן תפוגן 1.5 ק""ג",קבוצת אוסם סחר שותפות מוגבלת,,"טוגן 1.5 ק""ג",קילוגרמים,1.50,"ק""ג",false,,16.90,11.2667,true,1,19835
7290014472501,false,פיסטוק קלוי ענק פרימיום ששון הקולה 250 גרם,דין שיווק וקליה 2021 בעמ,,פיסטוק קלוי ענק 250,גרמים,250.00,100 גרם,false,,25.90,0.1036,true,1,4772
7290014472525,false,תערובת פיצוחים פרימיום ששון הקולה 250 גרם,דין שיווק וקליה 2021 בעמ,,תערובת פיצוחים מובחר,גרמים,250.00,100 גרם,false,,19.90,0.0796,true,1,4774
7290014503137,false,יין אדום יבש יובלים יקב דלתון (750 מל),הכרם - משקאות חריפים בעמ,,כנען אדום-דלתון 750,מיליליטרים,750.00,"100 מ""ל",false,,38.90,0.0519,true,1,7358
7290014525306,false,חטיפי סלים דליס קריספי אוכמניות מרבה 125 גרם,סלים דליס Slim Delis,,חטיף מרבה קריספי אוכ,גרמים,125.00,100 גרם,false,,10.90,0.0872,true,1,21552
7290014673359,false,מלח לימון תבליני מימון (400 גרם),א.ל. ייצור ושיווק תבלינים בע`מ,,מלח לימון 400 גר,גרמים,400.00,100 גרם,false,,21.90,0.0547,true,1,361
7290014673434,false,פלפל שחור גרוס דק שקית תבליני מימון 80גרם,א.ל.ייצור ושיווק תבלינים בעמ,,פלפל שחור גרוס דק בש,גרמים,80.00,100 גרם,false,,8.90,0.1113,true,1,368
7290014674004,false,קריספ פירורי לחם שומשום ומלח ים 300 גרם מיימונס,א.ל ייצור ושיווק תבלינים בעמ,,פירורי לחם עם שומשום,גרמים,300.00,100 גרם,false,,7.90,0.0263,true,1,457352
7290014692305,false,גבינת קממבר EURO CHEESE ויליפוד 125 גרם,ג.וילי-פוד אינטרנשיונל **גבינו,,גבינת קממבר 125 גרם,גרמים,125.00,100 גרם,false,,14.90,0.1192,true,1,2994
7290014731264,false,ספלאש כוסות 180CC לשתייה קרה 100 יחידות,רם,,כוסות לשתיה קרה חד פ,יח',100.00,יח',false,,6.90,0.0690,true,1,28152
7290014731271,false,כוסות שתיה קרה 80 יח,,,כוסות שתיה קרה 80 יח,יחידה,0.00,יחידה,false,,5.90,0.0000,true,1,514104
7290014748613,false,מקלוני דגים בציפוי צ'יפס דג טוב 600 גרם,קבוצת אוסם סחר שותפות מוגבלת,,דג טוב מקלוני דגים ב,גרמים,600.00,100 גרם,false,,28.90,0.0482,true,1,19886
7290014749887,false,שניצל דק ענק קריספי קלאסי עוף טוב 720 גרם,קבוצת אוסם סחר שותפות מוגבלת,,שניצל עוף דקיק ענקיס,גרמים,720.00,100 גרם,false,,30.90,0.0429,true,1,155153
7290014758100,false,מאגדת יוגורט ביו 3% שומן 8 יח' *150ג' תנובה,מיוצר עי קונדיטוריית,,יוגורט תנובה 3% 8*15,קילוגרמים,1.20,"ק""ג",false,,16.90,14.0833,true,1,26032
7290014758117,false,מאגדת יוגורט ביו 1.5% שומן 8 יח' *150 ג' תנובה,מיוצר עי קונדיטוריית,,יוגורט תנובה 1.5% 8*,קילוגרמים,1.20,"ק""ג",false,,16.90,14.0833,true,1,26033
7290014758162,false,חלב עיזים מלא 3.6% שומן תנובה (1 ליטר),תנובה מרכז שיתופי לש,,חלב תנובה עיזים מלא,ליטרים,1.00,ליטר,false,,14.90,14.9000,true,1,26035
7290014759084,false,גבינת שמנת נפוליאון 16% מופחת שומן תנובה 225 גרם,תנובה מרכז שיתופי לש,,נפוליאון 16% 225גר,גרמים,225.00,100 גרם,false,,13.90,0.0618,true,1,26040
7290014759701,false,"מאגדת שמינייה יופלה מעודן בד""צ בנגיעות וניל",עדן קינוחים בעמ,,יופלה יוגורט מעודן ט,קילוגרמים,1.20,"ק""ג",false,,19.90,16.5833,true,1,26046
7290014759985,false,פרמזן פלח גבע 23% 200 גר`קולקשיין תנובה,תנובה - חלב,,גבינה קשה מחלב בקר 2,גרמים,200.00,100 גרם,false,,23.90,0.1195,true,1,26050
7290014760141,false,משקה שקדים טרי תנובה (1 ליטר),"תנובה בע""מ ***",,תנובה משקה שקדים טרי,יחידה,0.00,יחידה,false,,12.90,0.0000,true,1,26053
7290014760448,false,גבינה צהובה גלבוע 400 גרם 22% שומן תנובה,מחלבת בית יצחק,,גלבוע 22% 400 גרם,גרמים,400.00,100 גרם,false,,23.90,0.0597,true,1,26056
7290014760912,false,גבינה צהובה 28% מהדרין גוש חלב (400 גרם),תנובה מרכז שיתופי לש,,גוש חלב 28% מהדרין 4,גרמים,400.00,100 גרם,false,,25.10,0.0628,true,1,26060
7290014761056,false,מעדן שוקולד חלב יולו תנובה 123 גרם,מיוצר עי קונדיטוריית,,יולו שוקולד חלב מעול,גרמים,122.00,100 גרם,false,,4.90,0.0402,true,1,26062
7290014761063,false,מעדן שוקולד מריר יולו תנובה 123 גרם,מיוצר עי קונדיטוריית,,יולו שוקולד מריר מעו,גרמים,122.00,100 גרם,false,,4.90,0.0402,true,1,26063
7290014761070,false,מעדן שוקולד לבן יולו תנובה 123 גרם,מיוצר עי קונדיטוריית,,יולו שוקולד לבן מעול,גרמים,122.00,100 גרם,false,,4.90,0.0402,true,1,26064
7290014761193,false,יוגורט עם פירות יער 1.5% שומן 125 ג' פרילי,תנובה מרכז שיתופי לש,,פרילי פירות יער 1.5%,גרמים,125.00,100 גרם,false,,3.50,0.0280,true,1,26065
7290014761414,false,יולו מעדן שכבות שוקולד חלב ולבן 123 גר,מיוצר עי קונדיטוריית,,יולו מעדן שכבות שוקו,גרמים,122.00,100 גרם,false,,4.90,0.0402,true,1,26073
7290014761612,false,מעדן שכבות שוקולד מריר ולבן יולו 122 גרם,מיוצר עי קונדיטוריית,,יולו שכבות שוקולד מר,גרמים,122.00,100 גרם,false,,4.90,0.0402,true,1,26077
7290014762756,false,גבינת שמנת נפוליאון 16% עם בצל תנובה 225 גרם,תנובה - חלב,,נפוליאון 16% עם בצל,גרמים,225.00,100 גרם,false,,13.90,0.0618,true,1,26092
7290014762800,false,מעדן סויה שוקולד גביע 125 גרם אלטרנטיב,תנובה מרכז שיתופי לש,,גביע מעדן סויה בטעם,גרמים,125.00,100 גרם,false,,3.90,0.0312,true,1,26097
7290014762831,false,גבינת שמנת נפוליאון 16% עם פלפל חלפיניו תנובה 225 גרם,תנובה מרכז שיתופי לש,,גבינת שמנת נפוליאון,גרמים,225.00,100 גרם,false,,13.90,0.0618,true,1,26098
7290014762909,false,פתיתי מוצרלה השף הלבן 10% תוספת מתנה,"תנובה, מחלבת תל יוסף",,פתיתי מוצרלה 200 גר`,גרמים,200.00,100 גרם,false,,15.90,0.0795,true,1,26102
7290014762947,false,לאבנה גלילית 11% שומן 750 ג' פיראוס,תנובה,,לאבנה גלילית פיראוס,גרמים,750.00,100 גרם,false,,23.90,0.0319,true,1,26104
7290014791725,false,"שוופס מוגז פירות תפוחים 500 מ""ל",יפאורה - שותפות מוגבלת לשיווק,,משקה מוגז תפוחים שוו,מיליליטרים,500.00,"100 מ""ל",false,,5.90,0.0118,true,1,11683
7290014855434,false,מגבונים בייביסיטר פרפורמנס מבושם רביעיה,בייביסיטר Babysitter,,בייביסיטר פרפורמנס מ,יחידה,0.00,יחידה,false,,15.90,0.0000,true,1,29548
7290014855458,false,מגבוני בייביסיטר פרפורמנס ללא בישום מארז 72X4יח',בייביסיטר Babysitter,,מגבוני בייבי פרפורמנ,יחידה,0.00,יחידה,false,,15.90,0.0000,true,1,29549
7290014905160,false,"הפי מטהר אוויר פניני ריח בניחוחות, 130 גרם","יעקב יעקבי ובניו בע""מ",,הפי פניני ריח תפוז\ו,גרמים,130.00,100 גרם,false,,11.90,0.0915,true,1,11373
7290014910515,false,שימורי דגים שפרוטים מעושנים בשמן צמחי 250 גרם,יורוסטנדרט בעמ,,שפרוטים מעושנים רויא,גרמים,250.00,100 גרם,false,,11.90,0.0476,true,1,11231
7290014940901,false,לחם פשוט מלא לילדים פרוס אנג`ל (750 גרם),מאפיית שלמה א. אנג'\ל בע,,לחם פשוט מלא אנגל 75,גרמים,750.00,100 גרם,false,,14.90,0.0199,true,1,35504
7290014945210,false,צימרוני אוזניים עץ 300 י,מ.א.ייצור ויבוא מטליות בעמ,,צמרוני עץ 300 יח בשק,יח',300.00,יח',false,,3.50,0.0117,true,1,104611
7290015009126,false,עלי טורטייה מקמח מלא 420 גר 25 סמ,לווליה,,עלי טורטייה קמח מלא,גרמים,420.00,100 גרם,false,,15.00,0.0357,true,1,47914
7290015009300,false,עלי טורטייה מקמח תירס 360 גרם,פרינסס,,עלי טורטייה עם קמח ת,גרמים,360.00,100 גרם,false,,15.00,0.0417,true,1,454394
7290015129251,false,איטריות גל קונג`אק בצורת פסטה פטוצ`יני ס,אף.סי תבליני בגליל ב,,סקיני - פסטה פטוצ'ינ,גרמים,270.00,100 גרם,false,,11.90,0.0441,true,1,108940
7290015139250,false,"שוקולד מריר פצפוצי אורז כרמית 85 גרם לל""ס",כרמית תעשיות ממתקים בעמ,,חופשי שוקולד מריר עם,גרמים,85.00,100 גרם,false,,5.90,0.0694,true,1,38665
7290015150088,false,מחית עגבניות קלה גרנד איטליה 700 גרם,תה ויסוצקי (ישראל) בעמ,,מחית עגבניות בלה איט,גרמים,700.00,100 גרם,false,,11.90,0.0170,true,1,24785
7290015150118,false,שלישיית עגבניות חתוכות דק גרנד איטליה 400 גרם,תה ויסוצקי (ישראל) בעמ,,עגבניות חתוכות דק בל,גרמים,400.00,100 גרם,false,,16.90,0.0422,true,1,24788
7290015156776,false,מחית פירות טרופיים חטיפטף ללא תוספת סוכר,גורי מוצרי צריכה (1991) בעמ,,פאוץ' פרינוק פירות ט,גרמים,120.00,100 גרם,false,,5.90,0.0492,true,1,3665
7290015178174,false,ממרח אוליביה - פסטו בטעם פרמז'ן 180 גרם,יוניליוור גרמניה Gm,,אוליביה פסטו פרמז'ן,גרמים,180.00,100 גרם,false,,12.90,0.0717,true,1,114736
7290015282000,false,איקרא אדומה SEVEN SEAS 200 גרם,שבעת הימים - שמיר,,איקרה אדומה סלטי שמי,גרמים,200.00,100 גרם,false,,13.90,0.0695,true,1,17763
7290015282024,false,איקרא לבנה SEVEN SEAS 200 גרם,"סלטי שמיר 2006 בע""מ",,איקרה לבנה סלטי שמיר,גרמים,200.00,100 גרם,false,,13.90,0.0695,true,1,17765
7290015282598,false,חומוס מסעדות גורמה שמיר 200 גרם,"סלטי שמיר 2006 בע""מ",,חומוס מסעדות,גרמים,200.00,100 גרם,false,,10.90,0.0545,true,1,17783
7290015282673,false,חציל במיונז ביתי גורמה שמיר 200 גרם,"סלטי שמיר 2006 בע""מ",,חציל במיונז ביתי,גרמים,200.00,100 גרם,false,,10.90,0.0545,true,1,17790
7290015282741,false,חציל תאילנדי אסלי שמיר 200 ג',"סלטי שמיר 2006 בע""מ",,חציל תילאנדי סלטי שמ,גרמים,200.00,100 גרם,false,,12.90,0.0645,true,1,17796
7290015324014,false,"פלפל שחור טחון בשקית 80 גרם ""טעם וריח""","תבליני טעם וריח בע""מ",,טעם וריח פלפל שחור ט,גרמים,80.00,100 גרם,false,,12.40,0.1550,true,1,42480
7290015324083,false,מלח לימון 80 גר' טעם וריח,"תבליני טעם וריח בע""מ",,טעם וריח מלח לימון ש,גרמים,80.00,100 גרם,false,,6.50,0.0813,true,1,42486
7290015328685,false,מנורה לד 9 וולט,,,מנורת לד 9 וולט,יחידה,0.00,יחידה,false,,8.90,0.0000,true,1,13251
7290015347259,false,פירורי לחם מוזהבים מיה 400 גרם,מיה תעשיות מזון מ.ת.מ בעמ,,פירורי לחם מוזהבים 4,גרמים,400.00,100 גרם,false,,5.90,0.0148,true,1,15224
7290015347273,false,נטיפי שוקולד לאפייה שוקולדמריר 250גר,מיה תעשיות מזון מ.ת.מ. בעמ,,נטיפי שוקולד מריר לא,גרמים,250.00,100 גרם,false,,9.90,0.0396,true,1,15226
7290015347488,false,"סוכר דמררה חום שקית מיה 1 ק""ג",מיה תעשיות מזון מ.ת.מ. בעמ,,סוכר דמררה בשקית מיה,קילוגרמים,1.00,"ק""ג",false,,8.90,8.9000,true,1,15241
7290015347525,false,צ'יפס בטטה עם שום ורוזמרין מיה 100 גרם,מיה תעשיות מזון מ.ת.מ. בעמ,,ציפס בטטה עם שום ורו,גרמים,80.00,100 גרם,false,,8.90,0.1113,true,1,15242
7290015366663,false,"משחת שיניים מנטה עדין אקווה פרש 100 מ""ל",גלקסוסמיתקליין,,מש.שיניים מנטה עדין,גרמים,100.00,100 גרם,false,,7.90,0.0790,true,1,3963
7290015437646,false,לה פסטה מיחת עגבניות 680 גרם,רגיה,,מחית עגבניות איטלקיו,גרמים,680.00,100 גרם,false,,9.90,0.0146,true,1,545582
7290015572033,false,שרי צהוב,,,שרי צהוב,יח',1.00,יח',false,,9.90,9.9000,true,1,46613
7290015603546,false,"שימורי קרם קוקוס 17-19% 400 מ""ל (ASIATIC)(כ)",מזרח ומערב יבוא ושיווק,,שימורי קרם קוקוס 17-,מיליליטרים,400.00,"100 מ""ל",false,,8.90,0.0223,true,1,47598
7290015603591,false,גינגר ורוד כבוש ללא מונוסודיום 160 גרם,מזרח ומערב יבוא ושיווק,,ג'ינג'ר ורוד כבוש לל,גרמים,160.00,100 גרם,false,,7.90,0.0494,true,1,548260
7290015652407,false,פיסטוק קלוי ששון הקולה (250 גרם),דין שיווק וקליה 2021 בעמ,,פיסטוק קלוי ששון הקו,גרמים,250.00,100 גרם,false,,20.00,0.0800,true,1,4826
7290015766005,false,שרי וויטני יחידה,,,שרי וויטני יחידה,גרמים,500.00,100 גרם,false,,9.90,0.0198,true,1,51003
7290015766029,false,עגבניות שרי כתומות 4,אראל תוצרת חקלאית בע,,שרי כתום יח',גרמים,460.00,100 גרם,false,,9.90,0.0215,true,1,51004
7290015855082,false,ברוקולי ארוז,א.אדמה (2007) בעמ,,ברוקולי מיני,יח',1.00,יח',false,,9.90,9.9000,true,1,35584
7290015855143,false,שיני שום קלופות בנספ,א.אדמה (2007) בעמ,,שום קלוף,גרמים,170.00,100 גרם,false,,11.90,0.0700,true,1,49373
7290015855181,false,גינג`ר יחידה טרי,א.אדמה (2007) בעמ,,ג'ינג'ר ארוז,יח',1.00,יח',false,,8.90,8.9000,true,1,49374
7290015855938,false,עלי בייבי 250 גרם ארוז א.אדמה,א.אדמה (2007) בעמ,,עלי בייבי 250 גר' אד,גרמים,300.00,100 גרם,false,,11.90,0.0397,true,1,141747
7290015872096,false,חומוס אסלי שמיר 700 גרם,"סלטי שמיר 2006 בע""מ",,חומוס אסלי שמיר 700,גרמים,700.00,100 גרם,false,,8.90,0.0127,true,1,17806
7290016006339,false,מים מינרלים מי עדן (1x4 ליטר),יפאורה שותפות מוגבלת לשיווק,,מי עדן רביעייה 1 ליט,ליטרים,4.00,ליטר,false,,10.90,2.7250,true,1,11710
7290016006346,false,שוופס סודה 0.5 ליטר מארז שישייה,יפאורה שותפות מובגלת לשיווק,,שוופס סודה שישייה 0.,ליטרים,3.00,ליטר,false,,13.90,4.6333,true,1,11711
7290016096675,false,מארז טונה בשמן זית שלישייה 80 גרם,תעשיות פילטונה בעמ,,טונה בשמן זית פילטונ,גרמים,240.00,100 גרם,false,,17.90,0.0746,true,1,26610
7290016096811,false,רביעיית ממרח טונה פילטונה 160 גר'*4,תעשיות פילטונה בעמ,,ממרח טונה פילטונה רב,גרמים,160.00,100 גרם,false,,19.90,0.1244,true,1,113298
7290016096934,false,מארז זוגות סלט טונה 2*160 ג' פילטונה,תעשיות פיל טונה בעמ,,סלט טונה 2 יח' פילטו,גרמים,320.00,100 גרם,false,,11.90,0.0372,true,1,164544
7290016104615,false,סילאן סירופ תמרים פוליבה צנצנת 900 ג',,,סילאן תמרים 900 גרם,גרמים,900.00,100 גרם,false,,12.90,0.0143,true,1,13290
7290016114300,false,נייר טואלט דו שכבתי אורך כפול לבן לילי 16 גלילים,קימברלי קלארק ישראל שיווק בעמ,,לילי גליל כפול 16 גל,מטרים,588.00,מטר,false,,34.90,0.0594,true,1,9079
7290016150117,false,סלק אדום מקולף ומבושל500,ביג פוד כחול לבן בעמ*שיק 30 יו,,מעדן סלק בוואקום 500,גרמים,500.00,100 גרם,false,,5.90,0.0118,true,1,47290
7290016150711,false,נוזל קוקוס פחית 400 גר` AVEL,אבאל יזמות בעמ,,AVEL נוזל קוקוס תאיל,מיליליטרים,400.00,"100 מ""ל",false,,5.90,0.0148,true,1,48955
7290016162219,false,כדורי שוקולד פרווה קפולסקי (280 גרם),תופינים מקבוצת קפולסקי,,כדורי שוקולד פרווה,גרמים,280.00,100 גרם,false,,30.90,0.1104,true,1,39976
7290016197488,false,מטליות מיקרופייבר למשטחים ניקול 3יח',קימברלי קלארק ישראל שיווק בעמ,,מטלית קסם לשיש מארז,יחידה,0.00,יחידה,false,,15.00,0.0000,true,1,9092
7290016197495,false,ניקול זוג מטליות הקסם מיקרופייבר לרצפה,קימברלי קלארק ישראל שיווק בעמ,,מטלית קסם לרצפה מארז,יחידה,0.00,יחידה,false,,16.90,0.0000,true,1,9093
7290016197839,false,ניקול השקית החזקה 20 יח' XL,קימברלי קלארק ישראל שיווק בעמ,,ניקול השקית החזקה XL,יחידה,0.00,יחידה,false,,23.90,0.0000,true,1,9099
7290016246018,false,חטיף מיקס פינוקיות חלבה בארכה 20ג*9,קבוצת אוסם סחר שותפות מוגבלת,,בארכה מיקס פינוקיות,גרמים,200.00,100 גרם,false,,11.90,0.0595,true,1,18799
7290016246209,false,"חטיף חלבה וניל 100 גרם ""בארכה""",קבוצת אוסם סחר שותפות מוגבלת,,בארכה חטיף חלבה וניל,גרמים,100.00,100 גרם,false,,3.90,0.0390,true,1,18802
7290016246490,false,בארכה חלבה קלאסית 400 גרם,רושדי תעשיות מזון בע,,בארכה חלבה קלאסית 40,גרמים,400.00,100 גרם,false,,10.50,0.0263,true,1,18808
7290016319309,false,סבון נוזלי מאסק קלאסי+משאבה פמלי 1 ל,הנסיך- מפעל לייצור ט,,אל סבון מאסק+משאבה פ,ליטרים,1.00,ליטר,false,,10.90,10.9000,true,1,6018
7290016321661,false,פרש וואנס SENSITIVE מגבונים ללא בישום רביעייה 72 יחידות,עלבד משואות יצחק,,מגבוני פרש וואנס רבי,יחידה,0.00,יחידה,false,,15.90,0.0000,true,1,6048
7290016321883,false,פרשוואנס נייר טואלט מתכלה לילדים -מארז שלישייה,עלבד משואות יצחק בעמ,,פרשוואנס נייר טואלט,יחידה,0.00,יחידה,false,,13.50,0.0000,true,1,6051
7290016321890,false,פרשוואנס נייר טואלט מתכלה למבוגרים -מארז שלישייה,עלבד משואות יצחק בעמ,,פרשוואנס נייר טואלט,יחידה,0.00,יחידה,false,,13.50,0.0000,true,1,6052
7290016334500,false,לבבות חסה זוגות בשקי,ביכורי השדה צפון 1994 ג.ד. בעמ,,לבבות חסה זוגות בשקי,יח',1.00,יח',false,,9.90,9.9000,true,1,47794
7290016387674,false,כרית הברקה וקרצוף בלאק מגיק,מ.א.ייצור ויבוא מטליות בעמ,,כרית הברקה וקרצוף לנ,יחידה,0.00,יחידה,false,,8.90,0.0000,true,1,535042
7290016437621,false,חיתולי האגיס פרידום דריי pants מידה 4 36 יחידות,קימברלי קלארק ישראל שיווק בעמ,,האגיס פרידום דריי 3,יחידה,0.00,יחידה,false,,43.90,0.0000,true,1,9111
7290016437645,false,חיתולי האגיס פרידום דריי pants מידה 5 34 יחידות,קימברלי קלארק ישראל שיווק בעמ,,האגיס פרידום דריי 32,יחידה,0.00,יחידה,false,,43.90,0.0000,true,1,9112
7290016509342,false,סוד מארז טריו כדוריות לאסלה כחול אקטיבי אקונומיקה,גורי שיווק בעמ,,סוד מארז שלישיה כדור,גרמים,150.00,100 גרם,false,,16.90,0.1127,true,1,34915
7290016509786,false,פרסיל גל לכביסה לבנה וצבעונית-ירוק 2.5 ל,גורי שיווק בעמ,,פרסיל ג'ל 2.5 ליטר י,ליטרים,2.50,ליטר,false,,34.90,13.9600,true,1,34921
7290016509823,false,ג'ל לכביסה לבנה וצבעונית בניחוח רענן,גורי שיווק בעמ,,פרסיל ג'ל 2.5 ליטר ב,ליטרים,2.50,ליטר,false,,34.90,13.9600,true,1,34925
7290016509830,false,ג'ל כביסה לבגדי תינוקות ובעלי עור רגיש Sensitive,גורי שיווק בעמ,,פרסיל ג'ל 2.5 ליטר ב,ליטרים,2.50,ליטר,false,,34.90,13.9600,true,1,34926
7290016509847,false,פרסיל ג'ל לכביסה כהה בלאק 2.5 ליטר,גורי שיווק בעמ,,פרסיל ג'ל 2.5 ליטר ב,ליטרים,2.50,ליטר,false,,34.90,13.9600,true,1,34927
7290016682373,false,משקה קל לימונדה בלאדי 2 ליטר פריניב,תנובה - פריניב,,פרי ניב סחוט לימונדה,ליטרים,2.00,ליטר,false,,18.80,9.4000,true,1,242635
7290016865943,false,אטריות ביצים פטוציני אוריינט 400 גרם,גורי מוצרי צריכה 1991 בעמ,,אטריות ביצים פטוצ'ינ,גרמים,400.00,100 גרם,false,,13.90,0.0348,true,1,3674
7290016866650,false,"פרודונטקס - משחת שיניים אוריג'ינל 75 מ""ל",פרודונטקס Parodontax,,מש.שיניים אוריגינל פ,מיליליטרים,75.00,"100 מ""ל",false,,31.90,0.4253,true,1,4031
7290016867114,false,לחם קל מכוסמין מלא 500 גר`דר מרק,המאפה של דר מרק בריאות באפייה,,לחם כוסמין קל מלא 50,גרמים,500.00,100 גרם,false,,17.90,0.0358,true,1,217895
7290016867145,false,"מארז פיתות קלות קמח מלא 6 יחידות ד""ר מרק",המאפה של דר מרק בריאות באפייה,,פיתות קלות קמח מלא 3,גרמים,360.00,100 גרם,false,,13.90,0.0386,true,1,217986
7290016967074,false,לחם חיטה מלאה עם גרעינים ודגנים,מאפיית שלמה א. אנג'\ל בע,,חיטה מלאה אנגל 750 ג,גרמים,750.00,100 גרם,false,,16.90,0.0225,true,1,35510
7290016998207,false,לקט קסם השדה נטורזה,ביכורי השדה צפון 1994 ג.ד. בעמ,,לקט קסם השדה 350 גר,גרמים,350.00,100 גרם,false,,10.90,0.0311,true,1,153165
7290016998238,false,כרוב לבן קצוץ נטורזה,ביכורי השדה צפון 1994 ג.ד. בעמ,,כרוב לבן קצוץ 400 גר,גרמים,400.00,100 גרם,false,,8.90,0.0223,true,1,153167
7290016998245,false,מיקס שורשים נטורזה 4,ביכורי השדה צפון 1994 ג.ד. בעמ,,מיקס שורשים 400 גר,גרמים,400.00,100 גרם,false,,9.90,0.0248,true,1,153168
7290016998276,false,גזר חתוך דק נטורזה 2,ביכורי השדה צפון 1994 ג.ד. בעמ,,גזר חתוך דק 250 גר,גרמים,250.00,100 גרם,false,,6.90,0.0276,true,1,153171
7290016998320,false,לבבות קיסר נטורזה יח,ביכורי השדה צפון 1994 ג.ד. בעמ,,לבבות קיסר מארז,יח',1.00,יח',false,,11.90,11.9000,true,1,153176
7290017023212,false,"שוויפס מוגז פירות תפוח מארז רביעייה* 330 מ""ל",יפאורה שותפות מוגבלת לשיווק,,רביעיית משקה שוופס ב,ליטרים,1.32,ליטר,false,,13.90,10.5303,true,1,11730
7290017023229,false,רביעיית פחיות שוופס מוגז פירות תות ליים 330 מל.,יפאורה שותפות מוגבלת לשיווק,,רביעיית משקה שוופס ב,ליטרים,1.32,ליטר,false,,13.90,10.5303,true,1,11731
7290017023663,false,"שוופס מיץ פירות לימונייד פחית מארז 330X4מ""ל",יפאורה שותפות מוגבלת לשיווק,,רביעיית משקה שוופס ל,ליטרים,1.32,ליטר,false,,13.90,10.5303,true,1,11747
7290017023854,false,מי סודה בקבוקים אישיים - מארז 4 יח',יפאורה שותפות מוגבלת לשיווק,,"שוופס סודה 250 מ""ל ר",ליטרים,1.00,ליטר,false,,9.90,9.9000,true,1,11756
7290017058573,false,פרוסות פלפל חלפיניו בחומץ 340 גרם תומר,תומר יבוא ושיווק מוצרי מזון (1,,פרוסות פלפל חלפיניו,גרמים,340.00,100 גרם,false,,6.90,0.0203,true,1,25206
7290017065007,false,פרוסות גבינה מוצרלה חצי קשה 22% שומן 200 ג' גד,מחלבות גד שיווק 1992 בעמ,,מוצרלה פרוסה חצי קש,גרמים,200.00,100 גרם,false,,17.90,0.0895,true,1,14721
7290017065137,false,ריקוטה למריחה 5% טבעית 200 גר`מחלבות גד,מחלבות גד שיווק 1992 בעמ,,גבינה ריקוטה למריחה,גרמים,200.00,100 גרם,false,,9.90,0.0495,true,1,14724
7290017068350,false,עדשים שחורות בלוגה מיה 500 גרם,מיה תעשיות מזון מ.ת.מ בעמ,,עדשים שחורות בלוגה מ,גרמים,500.00,100 גרם,false,,7.90,0.0158,true,1,336041
7290017068374,false,שמרים יבשים בואקום מיה 500 גרם,מיה תעשיות מזון מ.ת.מ. בעמ,,מיה שמרים בוואקום 50,גרמים,500.00,100 גרם,false,,10.90,0.0218,true,1,15284
7290017068916,false,סוכריות ג`לי טבעות בציפוי סוכר 350גר,מיה תעשיות מזון מ.ת.מ. בעמ,,ג'לי טבעות בציפוי סו,גרמים,350.00,100 גרם,false,,14.90,0.0426,true,1,91838
7290017088105,false,טיטולי בייביסיטר מידה 3 38 יח,די.פי.אל תעשיות מוצר,,ביייביסיטר נוחות מיד,יח',40.00,יח',false,,34.90,0.8725,true,1,29565
7290017088112,false,חיתולי בייביסיטר נוחות מידה 4 36 יח',די.פי.אל תעשיות מוצר,,ביייביסיטר נוחות מיד,יח',36.00,יח',false,,34.90,0.9694,true,1,29566
7290017088129,false,טיטולי בייביסיטר מידה 4+ 34 יח,די.פי.אל תעשיות מוצר,,ביייביסיטר נוחות מיד,יח',40.00,יח',false,,34.90,0.8725,true,1,29567
7290017088631,false,רבעיית מגבונים תולי ללא בישום 72*4 יחידות,שקד תבל בעמ,,מגבון Tooly רביעייה,יחידה,0.00,יחידה,false,,9.90,0.0000,true,1,61647
7290017088914,false,מגבונים בייביסיטר מבושם מארז שישייה,שקד תבל בעמ,,מגבונים מבושם בייביס,יחידה,0.00,יחידה,false,,16.90,0.0000,true,1,98316
7290017094830,false,סלט גזר ברוטב פיקנטי אסלי שמיר 400 ג',"סלטי שמיר 2006 בע""מ",,סלט גזר ברוטב פיקנטי,גרמים,400.00,100 גרם,false,,12.90,0.0323,true,1,17829
7290017094847,false,סלט תפוחי אדמה אסלי שמיר 400 ג',"סלטי שמיר 2006 בע""מ",,סלט תפוח אדמה אסלי 4,גרמים,400.00,100 גרם,false,,10.90,0.0273,true,1,17830
7290017094861,false,חומוס עם רוטב מסבחה אסלי שמיר 400 ג',"סלטי שמיר 2006 בע""מ",,חומוס עם רוטב מסבחה,גרמים,400.00,100 גרם,false,,10.90,0.0273,true,1,17831
7290017105550,false,רביעיית רסק עגבניות 100% יכין 4X100 גרם,היינץ צפון אמריקה מק,,מאגדת רסק עגבניות יכ,גרמים,400.00,100 גרם,false,,11.90,0.0298,true,1,8761
7290017105895,false,גרגרי חומוס להכנת חומוס משובח יכין 560 ג,זנלכל בעמ,,גרגרי חומוס מסעדות י,גרמים,550.00,100 גרם,false,,9.90,0.0180,true,1,82325
7290017121086,false,"אריסה ביתית מתוקה עללחם, 250 גרם",שטראוס גרופ בעמ/מצונן,,אריסה מתוקה ביתית על,גרמים,250.00,100 גרם,false,,14.90,0.0596,true,1,332835
7290017142128,false,"שמן זית כתית מעולה קלאסי עץ הזית 750 מ""ל",סוגת תעשיות בעמ,,שמן זית כתית מעולה ק,מיליליטרים,750.00,"100 מ""ל",false,,33.90,0.0452,true,1,29377
7290017142289,false,תרסיס שמן חמניות 200 מל ללא תוספת גז עץ,י.ב טכנולוגיות אריזה בעמ,,תרסיס שמן חמניות עץ,מיליליטרים,200.00,"100 מ""ל",false,,15.90,0.0795,true,1,29386
7290017142401,false,"LUNCH TO GO קינואה לבנה ואדומה טונה בשמן זית 160 גרם ""עץ הזית""",ג'נרל מילס סאן אדריא,,קינואה לבנה ואדומה ע,גרמים,160.00,100 גרם,false,,13.90,0.0869,true,1,101085
7290017142500,false,תרסיס שמן זית כתית מעולה בטעם שום 150מל,קומטמפ קומפניה פורטו,,תרסיס שמן זית כתית ב,מיליליטרים,150.00,"100 מ""ל",false,,19.90,0.1327,true,1,519300
7290017239200,false,סלמון נורווגי מעושן,,,סלמון נורווגי מעושן,יח',100.00,יח',false,,14.90,0.1490,true,1,149406
7290017266046,false,מארז וופל קראנצ' אישי 30 יחידות עלמה,ח.כהן סוכנות מזון ומשקאות בע,,חטיף וופל קראנצ במיל,גרמים,600.00,100 גרם,false,,17.90,0.0298,true,1,41421
7290017304885,false,לחם שיפון מחיטה מלאה ללא תוספת סוכר 750 ג' אנג'ל,מאפיית שלמה א. אנג'\ל בע,,לחם שיפון וחיטה מלאה,גרמים,750.00,100 גרם,false,,16.90,0.0225,true,1,35516
7290017374390,false,סט שירותים טורינו,מ.א.ייצור ויבוא מטליות בעמ,,סט לשרותים TORINO (,יחידה,0.00,יחידה,false,,24.90,0.0000,true,1,13589
7290017457574,false,כדוריות סבון נתלה לאסלה בניחוח פרחים - 3 יח',גורי שיווק בעמ,,סוד סבון 4 כדוריות ל,גרמים,150.00,100 גרם,false,,16.90,0.1127,true,1,34935
7290017457611,false,גל כביסה סוד טוטאל ירוק 2.5 ליטר,גורי שיווק בעמ,,ג'ל כביסה ירוק סוד,ליטרים,2.50,ליטר,false,,24.90,9.9600,true,1,71319
7290017457932,false,סוד מרכך כביסה מרוכז פרש קונטרול כחול,גורי שיווק בעמ,,מרכך כביסה מרוכז סוד,מיליליטרים,900.00,"100 מ""ל",false,,12.90,0.0143,true,1,105996
7290017677804,false,"רוטב סויה קיקומן ללא חומרים משמרים 444 מ""ל",דיפלומט מפיצים (1968) בעמ**,,קיקומן רוטב סויה ללא,מיליליטרים,444.00,"100 מ""ל",false,,19.90,0.0448,true,1,5347
7290017724058,false,עוגיות מעדן תמר אגוז אקלר,הלל בן הלל שיווק ומסחר בעמ,,עוגיות מעדן תמר אגוז,גרמים,250.00,100 גרם,false,,23.90,0.0956,true,1,331876
7290017724201,false,עוגיות ואן גוך ללא סוכר אקלר,הלל בן הלל שיווק ומסחר בעמ,,"עוגיות ואן גוך לל""תס",גרמים,200.00,100 גרם,false,,23.90,0.1195,true,1,331987
7290017724294,false,עוגיות גרנולה צ`יפס חמוציות ללס 200 גר`,אקלר בעמ,,עוגיות גרנולה צ'יפס,גרמים,200.00,100 גרם,false,,23.90,0.1195,true,1,331992
7290017812380,false,תירוש מיץ ענבים אדום,,,תירוש מיץ ענבים אדום,מיליליטרים,750.00,"100 מ""ל",false,,12.90,0.0172,true,1,649
7290017812571,false,מיץ ענבים תירוש אדום 100% טבעי כרמל 1 ליטר,אגודת הכורמים -כרמל מזרחי,,תירוש מיץ ענבים אדום,ליטרים,1.00,ליטר,false,,19.90,19.9000,true,1,52310
7290017812588,false,מיץ ענבים תירוש לבן 100% טבעי כרמל 1 ליטר,אגודת הכורמים -כרמל מזרחי,,תירוש מיץ ענבים לבן,ליטרים,1.00,ליטר,false,,19.90,19.9000,true,1,52311
7290017812847,false,"יין כרמל סלקטד פרנץ' גוורצטרמינר, 750 מ""ל","כד בני דרום בע""מ",,סלקטד פרנץ קולומברד,מיליליטרים,750.00,"100 מ""ל",false,,29.90,0.0399,true,1,119600
7290017816012,false,קרם קרקר כוסמין מקור הכוסמין 250 גר,גורי מוצרי צריכה (1991) בעמ,,קרם קרקר מקור הכוסמי,גרמים,250.00,100 גרם,false,,14.90,0.0596,true,1,306938
7290017816111,false,פתי בר הכוסמין המקורי 220 גר`,גורי מוצרי צריכה (1991) בעמ,,פתי בר מקור הכוסמין,גרמים,220.00,100 גרם,false,,11.90,0.0541,true,1,306922
7290017816135,false,פריכיות כוסמין מקור הכוסמין 90 גר,גורי מוצרי צריכה (1991) בעמ,,פריכיות כוסמין ללא ת,גרמים,90.00,100 גרם,false,,9.90,0.1100,true,1,306953
7290017872001,false,"קרם החתלה פרשוואנס שמן זית ופרופוליס 100 סמ""ק","דנשר (1963) בע,מ",,משחת החתלה פרשוואנס,מיליליטרים,100.00,"100 מ""ל",false,,12.50,0.1250,true,1,69558
7290017872049,false,"פמלי אל סבון בניחוח לוונדר ארומטי- שלישייה 500 מ""ל",אברנסל קוסמטיקס,,פמלי אל סבון שלישייה,ליטרים,1.50,ליטר,false,,14.90,9.9333,true,1,74678
7290017872056,false,פמלי אל סבון 3*1 הסדרה הלבנה-מעורב 500 גרם*3,אברנסל קוסמטיקס,,פמלי אל סבון סידרה ל,מיליליטרים,500.00,"100 מ""ל",false,,14.90,0.0298,true,1,74679
7290017872193,false,טוסו עוגיות שקדים וקינמון ללא סוכר 200 גרם,"הגביע מוצרי וופלים בע""\מ",,עוגיות שקדים וקינמון,גרמים,200.00,100 גרם,false,,14.90,0.0745,true,1,72736
7290017888095,false,"רביעיית פחיות שוופס מוגז עדין פירות יער 330 מ""ל.",יפאורה שותפות מוגבלת לשיווק,,רביעיית מ.עדין שוופס,ליטרים,1.32,ליטר,false,,9.90,7.5000,true,1,11773
7290017888101,false,"שוויפס מוגז עדין אפרסק מארז רביעייה* 330 מ""ל",יפאורה שותפות מוגבלת לשיווק,,רביעיית מ.עדין שוופס,ליטרים,1.32,ליטר,false,,9.90,7.5000,true,1,11774
7290017888729,false,שוופס סודה בקבוק 1 ל',יפאורה שותפות מוגבלת לשיווק,,שוופס סודה 1 ליטר,ליטרים,1.00,ליטר,false,,4.50,4.5000,true,1,68945
7290017928098,false,בייגלה שטוח מלח 330 גר` מאיר בייגל,מאיר את בייגל,,בייגלה שטוח מלח מאיר,גרמים,330.00,100 גרם,false,,11.90,0.0361,true,1,221263
7290017928524,false,בייגלה שטוח ניגובים מלח 330 ג' מאיר בייגל,מאיר את בייגל,,בייגלה שטוח ניגובים,גרמים,300.00,100 גרם,false,,11.90,0.0397,true,1,227695
7290017928807,false,בייגלה אצבעות שומשום מאיר בייגל 300 גרם,מאיר את בייגל,,אצבעות שומשום מאיר ב,גרמים,300.00,100 גרם,false,,11.90,0.0397,true,1,5363
7290017928821,false,מאיר בייגל מקלות גריסיני קלאסי 200 גרם,מאיר את בייגל,,מקלות גריסיני קלאסי,גרמים,200.00,100 גרם,false,,11.90,0.0595,true,1,5365
7290017941233,false,סכינים 40 יח' עבה במ,,,סכינים 40 יח' עבה במ,יחידה,0.00,יחידה,false,,7.90,0.0000,true,1,134086
7290017941264,false,מזלגות 40 יח' עבה במ,,,מזלגות 40 יח' עבה במ,יחידה,0.00,יחידה,false,,7.90,0.0000,true,1,134089
7290017941363,false,להבונים 50 יח' 4 שעו,,,להבונים 50 יח' 4 שעו,יחידה,0.00,יחידה,false,,10.90,0.0000,true,1,200681
7290017941400,false,כוסות 4OZ אספרסו 50,,,כוסות 4OZ אספרסו 50,יחידה,0.00,יחידה,false,,9.90,0.0000,true,1,169787
7290017941455,false,כוסות 9oz לשתיה חמה,,,כוסות 9oz לשתיה חמה,יחידה,0.00,יחידה,false,,14.90,0.0000,true,1,152511
7290017941462,false,כוסות שתיה חמה 8B י,,,כוסות שתיה חמה 8B י,יחידה,0.00,יחידה,false,,9.90,0.0000,true,1,142415
7290017941530,false,WIZ כוסות TO GO שתיה חמה 16יח,,,כוסות TO-GO לשתייה ח,יחידה,0.00,יחידה,false,,12.90,0.0000,true,1,152247
7290017941677,false,מארז תבניות רוסטר בנ,,,מארז תבניות רוסטר בנ,יחידה,0.00,יחידה,false,,12.90,0.0000,true,1,133417
7290017941776,false,מארז צלחות מהודר 20+,,,מארז צלחות מהודר 20+,יחידה,0.00,יחידה,false,,55.90,0.0000,true,1,129534
7290017941790,false,ניילון נצמד 30*30 עם,,,ניילון נצמד 30*30 עם,מטרים,30.00,מטר,false,,8.90,0.2967,true,1,185316
7290017941820,false,כוסות שתיה קרה כחול,,,כוסות שתיה קרה כחול,יחידה,0.00,יחידה,false,,13.90,0.0000,true,1,124665
7290017941943,false,שיפודי במבוק עובי 3,,,שיפודי במבוק עובי 3,יחידה,0.00,יחידה,false,,2.90,0.0000,true,1,136524
7290017947105,false,לחם אנג'ל בסגנון אמריקה 500 גרם,מאפיית שלמה א. אנג'\ל בע,,לחם בסגנון אמריקה אנ,גרמים,500.00,100 גרם,false,,14.90,0.0298,true,1,35517
7290017947464,false,שמיניית פיתות כוסמין אנג'ל 8*50 גרם,מאפיית שלמה א.אנג'\ל בע\,,שמיניית פיתות כוסמין,גרמים,400.00,100 גרם,false,,15.90,0.0398,true,1,95621
7290017947495,false,לחמניות כוסמין 6 יח(450 גר`)אנג`ל,"איטיליאן פוד, אס.פי.",,6 לחמניות כוסמין אנג,גרמים,450.00,100 גרם,false,,15.90,0.0353,true,1,112424
7290017947891,false,לחם אנג'ל כוסמין וחיטה מלאה 750 גרם,מאפיית שלמה א. אנג'\ל בע,,לחם כוסמין וחיטה מלא,גרמים,750.00,100 גרם,false,,16.90,0.0225,true,1,35518
7290017947921,true,מארז לחמניות המבורגר,,,מארז לחמניות המבורגר,גרמים,450.00,100 גרם,false,,14.90,0.0331,true,1,70861
7290017947938,false,מיני לחמניות המבורגר בסגנון אמריקה 400 ג' אנג'ל,מאפיית שלמה א. אנג'\ל בע,,8 לחמניות המבורגר בס,גרמים,4000.00,100 גרם,false,,14.90,0.0037,true,1,112992
7290018098578,false,המבורגר טבעונינ BEEF FREE,גורי מוצרי צריכה (1991) בעמ,,המבורגר 230 גרם BEEF,גרמים,230.00,100 גרם,false,,21.90,0.0952,true,1,494764
7290018156124,false,"אל סבון קמיל צבעוני ד""ר פישר שלישיה* 500 מ""ל","פישר תעשיות פרמבצטיות בע""מ",,"אל סבון קמיל 500 מ""ל",ליטרים,1.50,ליטר,false,,19.90,13.2667,true,1,119654
7290018237922,false,שניצלונים ציפוי צ'יפס עוף טוב 700 גרם,קבוצת אוסם סחר שותפות מוגבלת,,שניצלונים ציפוי ציפס,גרמים,700.00,100 גרם,false,,19.90,0.0284,true,1,518844
7290018237939,false,שניצלונים ציפוי שומשום עוף טוב 700 גרם,קבוצת אוסם סחר שותפות מוגבלת,,שניצלונים ציפוי שומש,גרמים,700.00,100 גרם,false,,19.90,0.0284,true,1,518859
7290018294901,false,"יין מונלייט אדום יבש 750 מ""ל כרמל",יקבי כרמל Carmel Winery,,יין מונלייט אדום יבש,מיליליטרים,750.00,"100 מ""ל",false,,34.90,0.0465,true,1,523667
7290018294918,false,"יין מונלייט מוסקטו ורוד מבעבע 750 מ""ל",אגודת הכורמים -כרמל מזרחי,,יין מונלייט סמוק מבע,מיליליטרים,750.00,"100 מ""ל",false,,34.90,0.0465,true,1,523668
7290018359495,false,תירס מהשדה בלי תוספת סוכר יכין 550 גרם,היינץ צפון אמריקה מק,,תירס מהשדה בלי תוספת,גרמים,550.00,100 גרם,false,,8.90,0.0162,true,1,100984
7290018359686,false,יכין חומוס גדול 550 גר A2,היינץ צפון אמריקה מק,,חומוס ענק יכין 550 ג,גרמים,550.00,100 גרם,false,,9.90,0.0180,true,1,205894
7290018359877,false,רסק עגבניות ליקופן טבעי 3*200גר יכין.,זנלכל בעמ,,רסק עגבניות טבעי יכי,גרמים,600.00,100 גרם,false,,15.90,0.0265,true,1,312939
7290018359884,false,פולפה ליקופן טבעית 2*400גר יכין A1.,זנלכול יכין,,פולפה ליקופן טבעית י,גרמים,800.00,100 גרם,false,,16.90,0.0211,true,1,312897
7290018359938,false,"רוטב עגבניות לשקשוקה יכין, 400 גרם",זנלכול יכין,,רוטב עגבניות לשקשוקה,גרמים,400.00,100 גרם,false,,11.90,0.0298,true,1,506479
7290018359952,false,רוטב עגבניות לפסטה יכין 400 גרם,זנלכול יכין,,רוטב עגבניות לפסטה י,גרמים,400.00,100 גרם,false,,11.90,0.0298,true,1,506481
7290018440438,false,Calvo טונה בשמן זית פתיחה קלה 3 * 65 גרם,תה ויסוצקי (ישראל) בעמ,,טונה easy flip בשמן,גרמים,195.00,100 גרם,false,,25.90,0.1328,true,1,526195
7290018440445,false,טונה קאלוו בשמן זית 160 גר,"קאלוו קונסרבס ס.ל.יו. ,",,נתחי טונה בהירה בשמן,גרמים,160.00,100 גרם,false,,16.90,0.1056,true,1,487690
7290018471210,false,ספרינג נקטר אגס סברס תפוח 1ליטר קרטוני,יפאורה שותפות מוגבלת לשיווק,,קרטונית אגס תפוח וסב,ליטרים,1.00,ליטר,false,,6.90,6.9000,true,1,139935
7290018471937,false,שוופס מוגז פירות תות ליים 1.5 ליטר פיקדון,יפאורה - שותפות מוגבלת לשיווק,,שוופס מוגז פירות תות,ליטרים,1.50,ליטר,false,,9.50,6.3333,true,1,244921
7290018471951,false,שוופס מוגז פירות אשכולית אדומה 1.5 ליטר פיקדון,יפאורה - שותפות מוגבלת לשיווק,,שוופס פרוטס אשכולית,ליטרים,1.50,ליטר,false,,9.50,6.3333,true,1,244949
7290018500361,false,"לחם שחור פרוס 900 גרם ""אנג'ל"" -מוצר בפיקוח",מאפיית שלמה א. אנג'\ל בע,,לחם אחיד פרוס מאפיית,גרמים,900.00,100 גרם,false,,8.32,0.0092,true,1,514192
7290018540329,false,שקית פיתה פיתה בלדי 800 ג' אנג'ל,מאפיית שלמה א. אנג'\ל בע,,פיתה פיתה אנגל 880 ג,יח',10.00,יח',false,,12.90,1.2900,true,1,129572
7290018571064,false,"מקלוני טופי 450 גרם ""מיה""",מיה תעשיות מזון מ.ת.מ. בעמ,,מקלוני טופי מיה 450,גרמים,450.00,100 גרם,false,,14.90,0.0331,true,1,135906
7290018626078,false,"צלחות קטנות ""7 שקוף",,,"צלחות קטנות ""7 שקוף",יחידה,0.00,יחידה,false,,10.90,0.0000,true,1,133432
7290018626108,false,קערות אובליות שקוף 5,,,קערות אובליות שקוף 5,יחידה,0.00,יחידה,false,,10.90,0.0000,true,1,133448
7290018626283,false,פיצה מרגריטה אדום גר,***אדום גרופ למזון שיווק***,,פיצה מרגריטה 350 גרם,גרמים,350.00,100 גרם,false,,11.90,0.0340,true,1,191538
7290018626290,false,פיצה מרגריטה עגבניות ובזיליקום 400ג.,***אדום גרופ למזון שיווק***,,פיצה מרגריטה עגבניות,גרמים,420.00,100 גרם,false,,11.90,0.0283,true,1,197409
7290018626306,false,פיצה מרגריטה פטריות 400ג,***אדום גרופ למזון שיווק***,,פיצה מרגריטה פיטריות,גרמים,400.00,100 גרם,false,,11.90,0.0298,true,1,197410
7290018626528,false,ניילון נצמד 30*150 ע,,,ניילון נצמד 30*150 ע,מטרים,150.00,מטר,false,,18.90,0.1260,true,1,160970
7290018626597,false,צימרונים לאוזנים איכ,,,צימרונים לאוזנים איכ,יחידה,0.00,יחידה,false,,4.90,0.0000,true,1,192513
7290018626887,false,WIZ כוסות יהלום שחור 40 יח',,,כוסות P.P יהלום שוחר,יחידה,0.00,יחידה,false,,9.90,0.0000,true,1,192580
7290018626894,false,WIZ כוסות יהלום כסף 40 יח',,,כוסות P.P יהלום כסף,יחידה,0.00,יחידה,false,,9.90,0.0000,true,1,192581
7290018626917,false,מפיות תלת שכבתיות 20,,,מפיות תלת שכבתיות 20,יחידה,0.00,יחידה,false,,4.90,0.0000,true,1,215522
7290018626924,false,מפיות תלת שכבתיות 20,,,מפיות תלת שכבתיות 20,יחידה,0.00,יחידה,false,,4.90,0.0000,true,1,215523
7290018626955,false,מפיות תלת שכבתיות 20,,,מפיות תלת שכבתיות 20,יחידה,0.00,יחידה,false,,4.90,0.0000,true,1,215538
7290018835005,false,אקסטרה צ'יפס אורז חום מלא מלח פלפל שמן זית 60 גרם,א.ל. ייצור ושיווק תבלינים בע`מ,,אקסטרא צ'יפס אורז חו,גרמים,60.00,100 גרם,false,,8.50,0.1417,true,1,457455
7290018886175,false,כפיות עבות 50 יח' ש,,,כפיות עבות 50 יח' ש,יחידה,0.00,יחידה,false,,9.90,0.0000,true,1,192542
7290018886182,false,כפיות עבות 50 יח' ק,,,כפיות עבות 50 יח' ק,יחידה,0.00,יחידה,false,,9.90,0.0000,true,1,192543
7290018886212,false,מזלגות עבות 50 יח',,,מזלגות עבות 50 יח',יחידה,0.00,יחידה,false,,9.90,0.0000,true,1,192546
7290018886236,false,WIZ כפות עבות שקוף 50 יח',,,כפות עבות 50 יח' שק,יחידה,0.00,יחידה,false,,9.90,0.0000,true,1,192548
7290018886328,false,פת דגנים שיפון מאפים,סונקו,,פת דגנים שיפון 340 ג,גרמים,340.00,100 גרם,false,,11.90,0.0350,true,1,224232
7290018886991,false,שמן קנולה מזוכך 1לי- בית יוסף,סקנולה,,שמן קנולה אלומות 1 ל,ליטרים,1.00,ליטר,false,,10.90,10.9000,true,1,212871
7290018893456,false,צ'וקטה עוגות אישיות במילוי קרם ובציפוי בטעם שוקולד 300 גרם,"פרדי קונדיטוריה אס,פי.אי",,צ'וקטה עוגות אישיות,יחידה,300.00,יחידה,false,,10.90,0.0363,true,1,198392
7290018893616,false,מארז צוקטה שוקולד מריר 48% 6*100 גר,ש. שסטוביץ בע`מ,,שישיית צוקטה שוקולד4,גרמים,600.00,100 גרם,false,,18.90,0.0315,true,1,251993
7290018893708,false,עוגיות סנדוויץ' במילוי קרם בטעם שוקולד,ש.שסטוביץ בעמ,,צ'וקטה עוגיות סנדביץ,גרמים,250.00,100 גרם,false,,7.90,0.0316,true,1,430106
7290018893807,false,צוקטה בטעם שוקולד מריר 60% 3 יח' 300 גרם,אייברקקאו אס אי. יו,,מארז שוקולד מריר 60%,גרמים,300.00,100 גרם,false,,10.90,0.0363,true,1,306768
7290018893814,false,צ'וקטה חמישיית שוקולד מריר 48%,הדקלאים אגודת שיתופי,,צ'וקטה שוקולד 48% 5*,גרמים,500.00,100 גרם,false,,15.90,0.0318,true,1,239838
7290018893906,false,עוגיות סנדוויץ' במילוי קרם בטעם וניל,ש.שסטוביץ בעמ,,צ'וקטה עוגיות סנדביץ,גרמים,250.00,100 גרם,false,,7.90,0.0316,true,1,430107
7290018894019,false,עוגות אישיות במילוי קרם חלבי ובציפוי קרם קקאו,ש. שסטוביץ בע`מ,,עוגות אישיות מיקס מק,גרמים,350.00,100 גרם,false,,14.90,0.0426,true,1,442325
7290018921265,false,"אפקטיב קר תחליב רחצה מועשר בתמצית אלוורה 700 מ""ל","פישר תעשיות פרמצבטיות בע""מ",,תחליב רחצה לגוף מועש,מיליליטרים,700.00,"100 מ""ל",false,,16.90,0.0241,true,1,282504
7290018921609,false,"ד""ר פישר - קמיל בלו קרם החתלה קלנדולה 120 גרם","פישר תעשיות פרמצבטיות בע""מ",,קמיל בלו קרם החתלה ק,גרמים,120.00,100 גרם,false,,21.90,0.1825,true,1,534904
7290018925065,false,מיץ תפוזים סחוט פרימור (2 ליטר),שטראוס גרופ בעמ/מצונן,,פרימור מיץ תפוזים סח,ליטרים,2.00,ליטר,false,,27.90,13.9500,true,1,264601
7290018925089,false,"מיץ פרימור תפו""ע צלול סחוט 2 ליטר-",שטראוס גרופ בעמ/מצונן,,פרימור מיץ תפוחים צל,ליטרים,2.00,ליטר,false,,27.90,13.9500,true,1,264602
7290018925102,false,משקה קל ענבים פרימור 1.5 ליטר,גניר (1992) בעמ,,פרימור משקה קל ענבים,ליטרים,1.50,ליטר,false,,8.90,5.9333,true,1,243631
7290018925126,false,משקה קל תפוחי עץ פרימור 1.5 ליטר,גניר (1992) בעמ,,פרימור משקה קל תפוחי,ליטרים,1.50,ליטר,false,,8.90,5.9333,true,1,243616
7290018925133,false,פרימור משקה קל מנגו ‏5‏.‏1‏ ליטר,פרימור,,פרימור משקה קל מנגו,ליטרים,1.50,ליטר,false,,8.90,5.9333,true,1,243673
7290018925164,false,משקה קל תות בננה פרימור 1.5 ליטר,פרימור,,פרימור משקה קל תות ב,ליטרים,1.50,ליטר,false,,8.90,5.9333,true,1,243602
7290018929032,false,שייני 150 שקיות סנדו,,,150 שקיות סנדוויץ' H,100 יח',450.00,100 יח',false,,9.90,0.0220,true,1,538066
7290018989005,false,שלישיית פולפה עגבניות טבעי יכין 400X3 גרם,זנלכול יכין,,פולפה טבעית יכין 3*,קילוגרמים,1.20,"ק""ג",false,,16.90,14.0833,true,1,312911
7290018989081,false,יכין חומוס הבית להכנת חומוס טרי 410 גי,זנלכל בעמ,,חומוס הבית יכין 400,גרמים,400.00,100 גרם,false,,7.90,0.0198,true,1,503786
7290019014010,false,טאצ' נוזל רצפות לגונה 4 ליטר,סאסאטק אגשח בעמ,,נוזל רצפות לגונה טאצ,ליטרים,4.00,ליטר,false,,13.90,3.4750,true,1,303865
7290019031000,false,WIZ מארז חמישיית ניי,,,WIZ מארז חמישיית ניי,יחידה,0.00,יחידה,false,,10.90,0.0000,true,1,298250
7290019031062,false,תבנית R-2 מלבנית 7 י,,,תבנית R-2 מלבנית 7 י,יחידה,0.00,יחידה,false,,9.90,0.0000,true,1,366501
7290019031079,false,תבנית R-29 מרובעת קט,,,תבנית R-29 מרובעת קט,יחידה,0.00,יחידה,false,,9.90,0.0000,true,1,366502
7290019031086,false,תבנית R-31 גדולה 7 י,,,תבנית R-31 גדולה 7 י,יחידה,0.00,יחידה,false,,9.90,0.0000,true,1,366503
7290019031093,false,תבנית R-64 בינונית 7,,,תבנית R-64 בינונית 7,יחידה,0.00,יחידה,false,,9.90,0.0000,true,1,366504
7290019031109,false,תבנית R-88 אינגליש 1,,,תבנית R-88 אינגליש 1,יחידה,0.00,יחידה,false,,9.90,0.0000,true,1,366505
7290019031123,false,WIZ תבניות אלומיניום עגול 5 יח חזקות,,,תבנית אלומינים A-14,יחידה,0.00,יחידה,false,,9.90,0.0000,true,1,366507
7290019031222,false,כוסות 12OZ לשתייה חמ,,,כוסות 12OZ לשתייה חמ,יחידה,0.00,יחידה,false,,11.90,0.0000,true,1,382814
7290019031314,false,קערות אובליות לבנות,,,קערות אובליות לבנות,יחידה,0.00,יחידה,false,,6.90,0.0000,true,1,350483
7290019031321,false,"מרקיות 7"" לבנות 25 י",,,"מרקיות 7"" לבנות 25 י",יחידה,0.00,יחידה,false,,9.90,0.0000,true,1,350484
7290019031345,false,צלחות גדולות 9 לבן 2,,,צלחות גדולות 9 לבן 2,יחידה,0.00,יחידה,false,,12.90,0.0000,true,1,306895
7290019031369,false,"צלחות גדולות 9"" קרם",,,"צלחות גדולות 9"" קרם",יחידה,0.00,יחידה,false,,14.90,0.0000,true,1,350515
7290019031406,false,רביעיית מגבונים לחים,,,רביעיית מגבונים לחים,יחידה,0.00,יחידה,false,,9.90,0.0000,true,1,382545
7290019031413,false,נייר טואלט לח שלישיי,,,נייר טואלט לח שלישיי,יחידה,0.00,יחידה,false,,11.90,0.0000,true,1,382460
7290019031444,false,אשפתון 65X54 XL חזקו,,,אשפתון 65X54 XL חזקו,יחידה,0.00,יחידה,false,,17.90,0.0000,true,1,423957
7290019031543,false,שמן זית כתית מעולה א,,,שמן זית כתית מעולה א,מיליליטרים,750.00,"100 מ""ל",false,,29.90,0.0399,true,1,382150
7290019056027,false,שוופס מוגז פירות תפוחים ללא סוכר 1.5 ליטר פיקדון,יפאורה - שותפות מוגבלת לשיווק,,שוופס מוגז פירות תפו,ליטרים,1.50,ליטר,false,,8.50,5.6667,true,1,244963
7290019056041,false,שוופס מוגז פירות לימונייד ללא סוכר 1.5 ליטר פיקדון,יפאורה - שותפות מוגבלת לשיווק,,שוופס מוגז פירות ללא,ליטרים,1.50,ליטר,false,,8.50,5.6667,true,1,244978
7290019056058,false,שוופס מוגז עדין תפוח ליים 1.5 ליטר פיקדון,יפאורה - שותפות מוגבלת לשיווק,,שוופס מוגז עדין תפוח,ליטרים,1.50,ליטר,false,,8.50,5.6667,true,1,244077
7290019056065,false,שוופס מוגז עדין פירות יער 1.5 ליטר פיקדון,יפאורה - שותפות מוגבלת לשיווק,,שוופס מוגז עדין פירו,ליטרים,1.50,ליטר,false,,8.50,5.6667,true,1,244092
7290019056072,false,שוופס מוגז עדין אננס 1.5 ליטר פיקדון,יפאורה - שותפות מוגבלת לשיווק,,שוופס מוגז עדין אננס,ליטרים,1.50,ליטר,false,,8.50,5.6667,true,1,244120
7290019056089,false,שוופס מוגז עדין ענבי ריזלינג 1.5 ליטר פיקדון,יפאורה - שותפות מוגבלת לשיווק,,שוופס מוגז עדין טעם,ליטרים,1.50,ליטר,false,,8.50,5.6667,true,1,244121
7290019056096,false,שוופס מוגז עדין אפרסק 1.5 ליטר פיקדון,יפאורה - שותפות מוגבלת לשיווק,,שוופס מוגז עדין אפרס,ליטרים,1.50,ליטר,false,,8.50,5.6667,true,1,244137
7290019056164,false,שוופס סודה 1.5 ליטר רביעייה פיקדון,יפאורה - שותפות מוגבלת לשיווק,,שוופס סודה 4*1.5ליטר,ליטרים,6.00,ליטר,false,,12.10,2.0167,true,1,243893
7290019056171,false,שוופס סודה לימון 1.5 ליטר רביעייה פיקדון,יפאורה - שותפות מוגבלת לשיווק,,שוופס סודה לימון 4*1,ליטרים,6.00,ליטר,false,,12.10,2.0167,true,1,243935
7290019056188,false,מארז רביעיית סודה בטעם נענע ליים 1.5 ל' שוופס,יפאורה - שותפות מוגבלת לשיווק,,שוופס סודה נענע ליים,ליטרים,6.00,ליטר,false,,12.10,2.0167,true,1,243949
7290019056201,false,מארז רביעיית סודה בטעם פירות יער 1.5 ל' שוופס,יפאורה - שותפות מוגבלת לשיווק,,שוופס פירות יער סודה,ליטרים,6.00,ליטר,false,,12.10,2.0167,true,1,244005
7290019056263,false,שוופס מים בטעמים אפרסק 1.5 ליטר פיקדון,יפאורה - שותפות מוגבלת לשיווק,,שוופס וואטר אפרסק 1.,ליטרים,1.50,ליטר,false,,8.50,5.6667,true,1,243798
7290019056300,false,משקה בטעם ביטר לימון 1.5 ל' שוויפס,יפאורה - שותפות מוגבלת לשיווק,,שוופס ביטר לימון 1.5,ליטרים,1.50,ליטר,false,,12.50,8.3333,true,1,245048
7290019056317,false,משקה בטעם ראשן 1.5 ל' שוופס,יפאורה - שותפות מוגבלת לשיווק,,שוופס ראשן 1.5 ליטר,ליטרים,1.50,ליטר,false,,12.50,8.3333,true,1,245049
7290019056324,false,משקה בטעם טוניק 1.5 ל' שוופס,יפאורה - שותפות מוגבלת לשיווק,,שוופס מי טוניק 1.5 ל,ליטרים,1.50,ליטר,false,,12.50,8.3333,true,1,245063
7290019056430,false,משקה קל תפוזינה 1.5 ליטר תפוזים לייט,יפאורה - שותפות מוגבלת לשיווק,,תפוזינה תפוז 1.5 ליט,ליטרים,1.50,ליטר,false,,7.90,5.2667,true,1,243521
7290019056508,false,פרוט ווטר ענבים 1.5 ליטר פיקדון,יפאורה - שותפות מוגבלת לשיווק,,פרוט ווטר ענבים 1.5,ליטרים,1.50,ליטר,false,,8.90,5.9333,true,1,243659
7290019056515,false,פרוט ווטר אננס 1.5 ליטר פיקדון,יפאורה - שותפות מוגבלת לשיווק,,פרוט ווטר אננס 1.5 ל,ליטרים,1.50,ליטר,false,,8.90,5.9333,true,1,243700
7290019056522,false,מים בטעם תות 1.5 ל' פרוט וואטר,יפאורה - שותפות מוגבלת לשיווק,,פרוט ווטר תות 1.5 לי,ליטרים,1.50,ליטר,false,,8.90,5.9333,true,1,243727
7290019056539,false,fruit water פרוט ווטר אפרסק 1.5 ליטר-,יפאורה שותפות מוגבלת לשיווק,,פרוט ווטר אפרסק 1.5,ליטרים,1.50,ליטר,false,,8.90,5.9333,true,1,243741
7290019056546,false,fruit water פרוט ווטר אבטיח 1.5 ליטר-,יפאורה - שותפות מוגבלת לשיווק,,פרוט ווטר אבטיח 1.5,ליטרים,1.50,ליטר,false,,8.90,5.9333,true,1,243742
7290019056553,false,שישיית מים מינרלים עין גדי 2 ליטר,יפאורה - שותפות מוגבלת לשיווק,,עין גדי מים מינרלים,ליטרים,12.00,ליטר,false,,13.30,1.1083,true,1,245318
7290019056577,false,ספרינג קל מנגו 1.5 ליטר פיקדון,יפאורה - שותפות מוגבלת לשיווק,,ספרינג מנגו 1.5 ליטר,ליטרים,1.50,ליטר,false,,8.50,5.6667,true,1,242882
7290019056584,false,משקה קל תפוזים ספרינג 1.5 ליטר,יפאורה - שותפות מוגבלת לשיווק,,ספרינג תפוזים 1.5 לי,ליטרים,1.50,ליטר,false,,8.50,5.6667,true,1,242925
7290019056591,false,משקה קל ענבים ספרינג 1.5 ליטר,יפאורה - שותפות מוגבלת לשיווק,,ספרינג ענבים 1.5 ליט,ליטרים,1.50,ליטר,false,,8.50,5.6667,true,1,242952
7290019056638,false,משקה קל ספרינג 1.5 ליטר תות בננה,יפאורה - שותפות מוגבלת לשיווק,,ספרינג תות בננה 1.5,ליטרים,1.50,ליטר,false,,8.50,5.6667,true,1,242982
7290019056829,false,משקה קל קריסטל (2 ליטר)מוגז תפוזים,יפאורה - שותפות מוגבלת לשיווק,,קריסטל תפוזים 2 ליטר,ליטרים,2.00,ליטר,false,,7.90,3.9500,true,1,245192
7290019056973,false,מי עדן שישיה בק `1.5ליטר פיקדון,יפאורה - שותפות מוגבלת לשיווק,,מי עדן 6*1.5 ליטר,ליטרים,9.00,ליטר,false,,12.90,1.4333,true,1,245236
7290019153252,false,שוופס סודה תפוח 1.5 ליטר רביעייה פיקדון,יפאורה - שותפות מוגבלת לשיווק,,שוופס סודה תפוח 4*1.,ליטרים,6.00,ליטר,false,,12.10,2.0167,true,1,436051
7290019153269,false,שוופס סודה אננס 1.5 ליטר רביעייה פיקדון,יפאורה - שותפות מוגבלת לשיווק,,שוופס סודה אננס 4*1.,ליטרים,6.00,ליטר,false,,12.10,2.0167,true,1,436052
7290019153375,false,משקה קל תפוזינה 1.5 ליטר מוחיטו,יפאורה - שותפות מוגבלת לשיווק,,תפוזינה מוחיטו 1.5 ל,ליטרים,1.50,ליטר,false,,8.50,5.6667,true,1,466544
7290019297543,false,חמאת בוטנים 510 גר` דין שיווק,דין שיווק וקליה 2021 בעמ,,חמאת בוטנים שקדיה 51,גרמים,510.00,100 גרם,false,,9.90,0.0194,true,1,4926
7290019297628,false,שקד טבעי בשקית ששון הקולה 150 גרם,דין שיווק וקליה 2021 בעמ,,שקד טבעי 150 גרם ששו,גרמים,150.00,100 גרם,false,,13.90,0.0927,true,1,4932
7290019393016,false,"קמח חיטה לבן ללא צורך בניפוי 1 ק""ג האופה",אבאל יזמות בעמ,,קמח חיטה לבן מנופה,קילוגרמים,1.00,"ק""ג",false,,8.90,8.9000,true,1,564741
7290019393054,false,"קמח כוסמין 80% ללא צורך בניפוי 1 ק""ג האופה",אבאל יזמות בעמ,,קמח כוסמין 80% מנופה,קילוגרמים,1.00,"ק""ג",false,,16.90,16.9000,true,1,564714
7290100240144,false,בדין תרסיס למייבש הכביסה ורוד 500מל,יוניליוור ישראל שיווק בע`מ,,בדין תרסיס למייבש כב,מיליליטרים,500.00,"100 מ""ל",false,,16.90,0.0338,true,1,10440
7290100249598,false,רוטב לעוף בטעם שום ודבש קנור (320 גרם),יוניליוור ישראל שיווק בע`מ,,רוטב לעוף שום ודבש ב,גרמים,310.00,100 גרם,false,,10.50,0.0339,true,1,10503
7290100412831,false,תחליב רחצה אנטי אייג'ינג בניחוח וניל טרופי,"אמיליה קוסמטיקס בע""מ",,תחליב רחצה אנטי איגי,מיליליטרים,700.00,"100 מ""ל",false,,15.90,0.0227,true,1,29607
7290100653463,false,"פלמוליב - ארומה ג'ל רחצה מסאז' 500 מ""ל",קולגייט פלמוליב,,סבון נוזלי ספא מסאג',מיליליטרים,500.00,"100 מ""ל",false,,15.90,0.0318,true,1,21567
7290100658338,false,"נוזל לניקוי כלים אוקסי פלוס פלמוליב 750 מ""ל",הנסיך- מפעל לייצור ט,,פלמוליב לכלים אוקסי-,מיליליטרים,750.00,"100 מ""ל",false,,11.90,0.0159,true,1,21574
7290100680711,false,פירורית זהב אסם זהב 350ג',קבוצת אוסם סחר שותפות מוגבלת,,אסם פירורית זהב 350,גרמים,350.00,100 גרם,false,,8.90,0.0254,true,1,18814
7290100680728,false,פירורית רגילה שקית 350 גרם,קבוצת אוסם סחר שותפות מוגבלת,,פירורית רגילה שקית 3,גרמים,350.00,100 גרם,false,,7.90,0.0226,true,1,18815
7290100681015,false,אינסטנט פודינג בטעם ריבת חלב אסם 84 גרם,קבוצת אוסם סחר שותפות מוגבלת,,אסם פודינג אינסטנט ר,גרמים,84.00,100 גרם,false,,5.50,0.0655,true,1,18817
7290100681138,false,מארז אפרופו חטיף תירס 3 יחידות,קבוצת אוסם סחר שותפות מוגבלת,,אפרופו מאח 3*50 גר',גרמים,150.00,100 גרם,false,,12.90,0.0860,true,1,18819
7290100684139,false,פסטה מיני מקרוני אסם (500 גרם),קבוצת אוסם סחר שותפות מוגבלת,,מיני מקרוני אסם 500,גרמים,500.00,100 גרם,false,,5.90,0.0118,true,1,18830
7290100685242,false,במבה מתוקה מחומרים טבעיים סרט 30 גרם,קבוצת אוסם סחר-שות.מוגבלת,,במבה מתוקה מחומרים ט,גרמים,30.00,100 גרם,false,,2.90,0.0967,true,1,18837
7290100686171,false,מארז מולטיפק ביסלי גריל 6 יח 35 גר ליח,קבוצת אוסם סחר שותפות מוגבלת,,ביסלי גריל מאח.8 6*3,גרמים,210.00,100 גרם,false,,12.90,0.0614,true,1,18847
7290100687109,false,במבה במילוי קרם נוגט 60ג' אסם,קבוצת אוסם סחר-שות.מוגבלת,,במבה במילוי קרם נוגט,גרמים,60.00,100 גרם,false,,4.50,0.0750,true,1,18850
7290100700020,false,גריסי פנינה סוגת (500 גרם),האי נאם סי או אל.טי.,,סוגת גריסי פנינה 500,גרמים,500.00,100 גרם,false,,4.90,0.0098,true,1,17352
7290100700075,false,פירורי לחם מוזהבים סוגת (200 גרם),"סוגת תעשיות בע""\מ",,פירורי לחם מוזהבים ש,גרמים,200.00,100 גרם,false,,3.90,0.0195,true,1,17353
7290100700372,false,"אורז בסגנון בסמטי מלא 1 ק""ג",האי נאם סי או אל.טי.,,אורז בסמטי מלא 1 ק'ג,קילוגרמים,1.00,"ק""ג",false,,13.90,13.9000,true,1,17362
7290100700389,false,"אורז אדום סוגת 1 ק""ג","סוגת תעשיות בע""\מ",,אורז אדום 1 ק'ג,קילוגרמים,1.00,"ק""ג",false,,12.90,12.9000,true,1,17363
7290100700396,false,"אורז יסמין קלאסי סוגת 1 ק""ג",האי נאם סי או אל.טי.,,סוגת אורז יסמין קלאס,קילוגרמים,1.00,"ק""ג",false,,11.90,11.9000,true,1,17364
7290100701157,false,אורז להכנת סושי סוגת (1 קג),"סוגת תעשיות בע""\מ",,אורז סושי 1 קג,קילוגרמים,1.00,"ק""ג",false,,11.90,11.9000,true,1,17373
7290100701577,false,קמח לחם קמח חיטה לבן שטיבל,טחנות קמח שטיבל באר שבע,,קמח לחם מועשר בויטמי,קילוגרמים,1.00,"ק""ג",false,,6.90,6.9000,true,1,17383
7290100701874,false,"קמח כוסמין מלא סוגת 1 ק""ג",טחנות קמח שטיבל באר,,"קמח כוסמין סוגת 1 ק""",קילוגרמים,1.00,"ק""ג",false,,15.90,15.9000,true,1,17387
7290100701881,false,קמח פיצה ופוקצ'ה- קמח חיטה לבן בהיר שטיבל,"שטיבל בע""\מ - טחנת קמח",,קמח פיצה ופוקצה סוגת,קילוגרמים,1.00,"ק""ג",false,,6.90,6.9000,true,1,17388
7290100702260,false,קוסקוס דק סוגת 350 גרם,"אסיף תעשיות מזון בע""\מ",,קוסקוס דק סוגת 350 ג,גרמים,350.00,100 גרם,false,,4.90,0.0140,true,1,17393
7290100702277,false,סוגת קוסקוס עבה 350 גרם,"אסיף תעשיות מזון בע""",,קוסקוס עבה סוגת 350,גרמים,350.00,100 גרם,false,,4.90,0.0140,true,1,17394
7290100702611,false,פתיתים אפויים אורז 500 גרם סוגת,"אסיף תעשיות מזון בע""\מ",,פתיתים אפויים אורז ס,גרמים,500.00,100 גרם,false,,5.90,0.0118,true,1,17407
7290100702628,false,פתיתים אפויים קוסקוס סוגת 500 גרם,"אסיף תעשיות מזון בע""\מ",,פתיתים אפויים קוסקוס,גרמים,500.00,100 גרם,false,,5.90,0.0118,true,1,17408
7290100702635,false,פתיתים אפויים כוכבים סוגת 500 גרם,"אסיף תעשיות מזון בע""",,פתיתים אפויים כוכבים,גרמים,500.00,100 גרם,false,,5.90,0.0118,true,1,17409
7290100702994,false,סוכר דמררה קלאסי בשקית סוגת 500 גרם,"סוגת תעשיות בע""מ",,סוכר דמררה בשקית סוג,גרמים,500.00,100 גרם,false,,6.90,0.0138,true,1,17436
7290100703564,false,"פתיתי שיבולת שועל עבה 500 גרם ""סוגת""",סוגת תעשיות בעמ,,שיבולת שועל עבה סוגת,גרמים,500.00,100 גרם,false,,5.90,0.0118,true,1,17461
7290100703625,false,קמח חיטה לבן ללא צורך בניפוי,סוגת תעשיות בעמ,,קמח לבן ללא ניפוי סו,קילוגרמים,1.00,"ק""ג",false,,7.90,7.9000,true,1,17464
7290100703649,false,"קמח חיטה 80% ללא צורך בניפוי סוגת 1 ק""ג",סוגת תעשיות בעמ,,קמח מלא חיטה 80% ללא,קילוגרמים,1.00,"ק""ג",false,,7.90,7.9000,true,1,17466
7290100703861,false,"תערובת קסם לחלה ללא צורך בניפוי סוגת 1 ק""ג","שטיבל בע""\מ - טחנות קמח",,קמח תערובת קסם לחלה,קילוגרמים,1.00,"ק""ג",false,,7.90,7.9000,true,1,17472
7290100703922,false,פופקורן להכנה במיקרוגל בטעם טבעי - מארז 6 שקיות,סוגת תעשיות בעמ,,מארז פופקורן למיקרוג,גרמים,540.00,100 גרם,false,,9.90,0.0183,true,1,17477
7290100704660,false,"קינואה מיקס סוגת, 500 גרם","סוגת תעשיות בע""\מ",,קינואה מיקס סוגת 500,גרמים,500.00,100 גרם,false,,12.80,0.0256,true,1,161955
7290100850909,false,חטיף תירס נאצ`ו מקסיקני דוריטוס (70 גרם),"שטראוס פריטו ליי בע""\מ",,דוריטוס נאצו מקסיקני,גרמים,70.00,100 גרם,false,,3.60,0.0514,true,1,24185
7290100850916,false,דוריטוס חמוץ חריף מעודן 70 גרם כשר לפסח,"שטראוס פריטו ליי בע""\מ )",,דוריטוס חמוץ חריף 70,גרמים,70.00,100 גרם,false,,3.60,0.0514,true,1,24186
7290100850923,false,חטיף תירס גריל דוריטוס (70 גרם),"שטראוס פריטו ליי בע""\מ )",,דוריטוס גריל 70 גרם,גרמים,70.00,100 גרם,false,,3.60,0.0514,true,1,24187
7290100850930,false,חטיף תירס בטעם טבעי דוריטוס (70 גרם),"שטראוס פריטו ליי בע""\מ )",,דוריטוס טבעי 70 גרם,גרמים,70.00,100 גרם,false,,3.60,0.0514,true,1,24188
7290100921609,false,סוד סבון לאסלה 4 כדוריות בניחוח אוקיינוס 50 ג',גורי שיווק בעמ,,סוד סבון 4 כדוריות ל,גרמים,50.00,100 גרם,false,,8.90,0.1780,true,1,34961
7290100921623,false,מנקה אסלה סוד 4 כדוריות נתלה אקונומיקה נתלה 50 ג',גורי שיווק בעמ,,סוד סבון 4 כדוריות ל,גרמים,50.00,100 גרם,false,,8.90,0.1780,true,1,34963
7290100922651,false,הוואי - סבון מוצק מי קוקוס 100 גרם רביעייה,טרופיקל דגיל קוסמטיק,,סבון מוצק מי קוקוס ה,גרמים,400.00,100 גרם,false,,11.90,0.0298,true,1,8174
7290100924204,false,"פרסיל אבקה לכביסה רגיל 8 ק""ג",גורי שיווק בעמ,,פרסיל אבקת כביסה 8 ק,קילוגרמים,8.00,"ק""ג",false,,50.90,6.3625,true,1,34971
7290100924464,false,כדוריות סבון נתלה לאסלה עם אקונומיקה - 3 יח',גורי שיווק בעמ,,סוד סבון 4 כדוריות ל,גרמים,150.00,100 גרם,false,,16.90,0.1127,true,1,34977
7290101113904,false,מארז מנבו וניל 12 יח' פלדמן,פלקו בעמ חברה ישראלית,,מנבו וניל 12 יח 288,גרמים,288.00,100 גרם,false,,20.90,0.0726,true,1,562790
7290101488248,false,"ליידי ספיד סטיק - דאודורנט רול און לאישה ורוד פרש פיושן 50 מ""ל",ליידי ספיד סטיק Lady Speed Stick,,דאו' רולאון ורוד ליי,מיליליטרים,50.00,"100 מ""ל",false,,16.50,0.3300,true,1,21581
7290101488286,false,"ליידי ספיד סטיק - דאודורנט ספריי לאישה 24/7 פרש פיוזן ורוד 150 מ""ל",ליידי ספיד סטיק Lady Speed Stick,,דאו' ספריי ורוד לייד,מיליליטרים,150.00,"100 מ""ל",false,,16.50,0.1100,true,1,21582
7290101551263,false,סילאן טבעי 700 גרם יד מרדכי,"שטראוס גרופ בע""מ",,סילאן טבעי יד מרדכי,גרמים,700.00,100 גרם,false,,21.90,0.0313,true,1,22381
7290101551539,false,יוגורט PRO בטעם אפרסק 0% 20 גרם חלבון בגביע,שטראוס גרופ בעמ/מצונן,,דנונה פרו 20 אפרסק 2,גרמים,200.00,100 גרם,false,,5.90,0.0295,true,1,23403
7290101551584,false,תפוצ'יפס קידס מארז 10 יח' * 20 ג',"שטראוס פריטו ליי בע""מ )פ",,מארז תפוצ'יפס קידס 1,גרמים,200.00,100 גרם,false,,12.90,0.0645,true,1,24193
7290101551638,false,חטיף צ'יטוס כאפה בטעם קטשופ - מארז 10 יח',"שטראוס פריטו ליי בע""מ )פ",,מארז צ'יטוס כאפה 10*,גרמים,200.00,100 גרם,false,,12.90,0.0645,true,1,24197
7290101863410,false,"סיליט באנג ספריי ניקוי עוצמתי מכיל אקונומיקה 750 מ""ל",רקיט בנקיזר (ניר איסט) בעמ,,סיליט באנג ספריי אקו,מיליליטרים,750.00,"100 מ""ל",false,,14.90,0.0199,true,1,20908
7290101864127,false,ספריי להסרת כתמים וניש קליה (750 מל),רקיט בנקיזר (ניר איסט) בעמ,,קליה אוקסי ספריי 750,מיליליטרים,750.00,"100 מ""ל",false,,16.90,0.0225,true,1,20912
7290101865261,false,נוזל הברקה למדיח כלים פיניש (800 מל),רקיט בנקיזר (ניר איסט) בעמ,,פיניש הברקה 800 מל,מיליליטרים,800.00,"100 מ""ל",false,,19.90,0.0249,true,1,20919
7290101868460,false,"אבקת כביסה קולון 101 8 ק""ג",רקיט בנקיזר (ניר איסט) בעמ,,אבקת כביסה קולון 101,קילוגרמים,8.00,"ק""ג",false,,54.90,6.8625,true,1,20947
7290101869788,false,"אירוויק ספריי אוטומטי מילוי בניחוח אואזיס 250 מ""ל*",רקיט בנקיזר (ניר איסט) בעמ,,איירוויק מילוי מבשם,מיליליטרים,250.00,"100 מ""ל",false,,15.90,0.0636,true,1,20968
7290102302246,false,גבינת גאודה הולנדית 200 גרם,מיוצר עי קונדיטוריית,,גבינת גאודה 200 גר',גרמים,200.00,100 גרם,false,,22.90,0.1145,true,1,17190
7290102390427,false,יוגורט ביו עם קציפת תות 3% שומן 150 ג' מולר,החברה המרכזית טלהפצת משקאות בע,,מולר פרופ תות 3% 150,גרמים,150.00,100 גרם,false,,4.90,0.0327,true,1,6444
7290102390465,false,יוגורט ביו עם קציפת אפרסק ופסיפלורה 3% שומן 150 ג' מולר,החברה המרכזית טלהפצת משקאות בע,,מולר פרופ אפרסק פסיפ,גרמים,150.00,100 גרם,false,,4.90,0.0327,true,1,6445
7290102390489,false,יוגורט ביו עם קציפת לימון 3% שומן 150 ג' מולר,*החברה המרכזית להפצת משקאותבעמ,,מולר פרופ לימון 3% 1,גרמים,150.00,100 גרם,false,,4.90,0.0327,true,1,6447
7290102391844,false,יוגורט ביו עם קציפת פירות יער3% שומן 150 ג' מולר,החברה המרכזית טלהפצת משקאות בע,,מולר פרופ לבן+קציפת,גרמים,150.00,100 גרם,false,,4.90,0.0327,true,1,6454
7290102392094,false,חלב עיזים 3.7% בקרטון משק צוריאל 1 ליטר,החברה המרכזית טלהפצת משקאות בע,,צוריאל חלב עיזים 1ל,ליטרים,1.00,ליטר,false,,15.50,15.5000,true,1,6457
7290102392254,false,"חלב בקרטון 1% 2 ליטר בד""צ - מוצר בפיקוח",*החברה המרכזית להפצת משקאותבעמ,,טרה חלב 1% 2ל,ליטרים,2.00,ליטר,false,,11.18,5.5900,true,1,6460
7290102393169,false,"יוגורט סימפלי פרוט בטעם תות 3% מולר 150 מ""ל",*החברה המרכזית להפצת משקאותבעמ,,מולר סימפלי פרוט תות,גרמים,150.00,100 גרם,false,,4.90,0.0327,true,1,6480
7290102393268,false,"גבינה לבנה 5% שומן, רכיבים טבעיים 750 גרם",*החברה המרכזית להפצת משקאותבעמ,,טרה גבינה לבנה אריזת,גרמים,750.00,100 גרם,false,,13.90,0.0185,true,1,6483
7290102393299,false,יוגורט עיזים לשתייה 3% משק צוריאל 500 גרם,*החברה המרכזית להפצת משקאותבעמ,,צוריאל יוגורט עיזים,מיליליטרים,500.00,"100 מ""ל",false,,11.90,0.0238,true,1,6484
7290102393947,false,סימפלי פרוט יוגורט בטעם קיווי 3% שומן 150 ג' מולר,*החברה המרכזית להפצת משקאותבעמ,,מולר סימפלי פרוט קיו,מיליליטרים,150.00,"100 מ""ל",false,,4.90,0.0327,true,1,6490
7290102394258,false,גליל גבינת עיזים מה עז 9% משק צוריאל 180 גרם,*החברה המרכזית להפצת משקאותבעמ,,צוריאל מה עז 9% 180ג,גרמים,180.00,100 גרם,false,,20.90,0.1161,true,1,6494
7290102394463,false,נעם גבינה צהובה פרוסה ואקום 28% טרה 500 גרם,החברה המרכזית טלהפצת משקאות בע,,נעם גבינה צהובה וואק,גרמים,500.00,100 גרם,false,,25.90,0.0518,true,1,6501
7290102394845,false,נעם גבינה צהובה לייט פרוסה דק דק 9% טרה 200 גרם,*החברה המרכזית להפצת משקאותבעמ,,נעם גבינה צהובה דק ד,גרמים,200.00,100 גרם,false,,16.90,0.0845,true,1,6506
7290102395224,false,שמיניית יוגורט ביו ביאנקו 1.7% מולר 150 גרם,*החברה המרכזית להפצת משקאותבעמ,,מולר נטורל 1.7% 8*15,קילוגרמים,1.20,"ק""ג",false,,16.90,14.0833,true,1,6514
7290102395378,false,נעם גבינה צהובה פרוסה ואקום 28% טרה 360 גרם,*החברה המרכזית להפצת משקאותבעמ,,נעם גבינה צהובה ואקו,גרמים,360.00,100 גרם,false,,19.90,0.0553,true,1,6518
7290102395446,false,מעדן חלב בטעם וניל עם קצפת 123 ג' טרה,*החברה המרכזית להפצת משקאותבעמ,,מוו וניל קצפת 123מל,מיליליטרים,123.00,"100 מ""ל",false,,2.90,0.0236,true,1,6521
7290102395477,false,מעדן חלב בטעם שוקולד עם קצפת 123 ג' טרה,*החברה המרכזית להפצת משקאותבעמ,,מוו שוקולד קצפת 123מ,מיליליטרים,123.00,"100 מ""ל",false,,2.90,0.0236,true,1,6524
7290102396399,false,מארז 8 יחידות מעדן חלב בטעם שוקולד 1.5%,*החברה המרכזית להפצת משקאותבעמ,,מוו מעדן שוקולד 100*,גרמים,800.00,100 גרם,false,,13.40,0.0168,true,1,6542
7290102396443,false,מעדן בטעם וניל 1.5% שומן מוו (125 גרם),*החברה המרכזית להפצת משקאותבעמ,,מוו מעדן וניל 1.5% 1,גרמים,125.00,100 גרם,false,,2.90,0.0232,true,1,6547
7290102396672,false,גבינה צהובה נעם דק דק 9% פתח סגור 360 ג,*החברה המרכזית להפצת משקאותבעמ,,נעם צהובה דק דק 9% 3,גרמים,360.00,100 גרם,false,,25.90,0.0719,true,1,6556
7290102397204,false,גבינה צהובה נעם דק דק פתח סגור 200 גר,*החברה המרכזית להפצת משקאותבעמ,,נעם צהובה דק דק 22%,גרמים,200.00,100 גרם,false,,15.50,0.0775,true,1,6582
7290102397310,false,מעדן מיני בטעם שוקולד קצפת מוו מאגדת 8 יח' * 70 ג',החברה המרכזית טלהפצת משקאות בע,,מאגדת שמינייה מיני מ,מיליליטרים,944.00,"100 מ""ל",false,,11.50,0.0122,true,1,6586
7290102397679,false,קוטג' וחצי טרה 5% מרכיבים טבעיים,*החברה המרכזית להפצת משקאותבעמ,,קוטג' וחצי 5% 375 גר,גרמים,375.00,100 גרם,false,,6.90,0.0184,true,1,6611
7290102397730,false,פרוסות גבינה אמנטל חצי קשה 30% שומן 200 ג' נעם,*החברה המרכזית להפצת משקאותבעמ,,גבינת אמנטל נעם פתיח,גרמים,200.00,100 גרם,false,,16.90,0.0845,true,1,6616
7290102397891,false,גבינה ניו יורק מותכת %16 4*25 גרם,החברה המרכזית טלהפצת משקאות בע,,רביעייה גבינה מותכת,גרמים,100.00,100 גרם,false,,7.50,0.0750,true,1,6624
7290102398065,false,חלב טרה בקרטון 2 ליטר מהדרין 3% - מוצר בפיקוח,*החברה המרכזית להפצת משקאותבעמ,,טרה חלב קרטון 3% מהד,יחידה,0.00,יחידה,false,,11.88,0.0000,true,1,6633
7290102398072,false,"חלב קרטון 3%-1 ליטר "" טרה"" -מוצר פיקוח",החברה המרכזית טלהפצת משקאות בע,,טרה חלב בקרטון 3% 1ל,ליטרים,1.00,ליטר,false,,5.94,5.9400,true,1,6634
7290102398560,false,משקה שוקו מועשר בבקבוק 1 ליטר טרה,החברה המרכזית טלהפצת משקאות בע,,שוקו טרה מועשר בבקבו,ליטרים,1.00,ליטר,false,,11.90,11.9000,true,1,6667
7290102398614,false,משקה חלב טרה ט. בננה 1ליטר בקבוק,*החברה המרכזית להפצת משקאותבעמ,,משקה חלב בטעם בננה 1,ליטרים,1.00,ליטר,false,,11.90,11.9000,true,1,6669
7290102398638,false,משקה חלב טרה ט.מוקה 1ליטר בקבוק,החברה המרכזית טלהפצת משקאות בע,,משקה חלב בטעם מוקה 1,ליטרים,1.00,ליטר,false,,11.90,11.9000,true,1,6670
7290102398669,false,משקה חלב אייס קפוצ'ינו טרה 1 ליטר,החברה המרכזית טלהפצת משקאות בע,,אייס קפוצ'ינו מווו ט,ליטרים,1.00,ליטר,false,,11.90,11.9000,true,1,78976
7290102398782,false,.משקה סויה קלאסי 1ל בקבוק משק צוריא,*החברה המרכזית להפצת משקאותבעמ,,משקה סויה קלאסי משק,ליטרים,1.00,ליטר,false,,9.90,9.9000,true,1,6676
7290102398805,false,משקה סויה בטעם וניל 1ל בקבוק משק צוריא,החברה המרכזית טלהפצת משקאות בע,,משקה סויה בטעם וניל,ליטרים,1.00,ליטר,false,,9.90,9.9000,true,1,6678
7290102398836,false,משקה שקדים קלאסי 1 ליטר משק צוריאל,החברה המרכזית טלהפצת משקאות בע,,משקה שקדים קלאסי משק,ליטרים,1.00,ליטר,false,,11.90,11.9000,true,1,6680
7290102399772,false,מולר ספרדבל-ממרח חמאת מולר במליחות עדינה 250 גרם,החברה המרכזית טלהפצת משקאות בע,,מולר ממרח חמאה במליח,גרמים,250.00,100 גרם,false,,15.90,0.0636,true,1,76823
7290102399796,false,מעדן יוגורט לבן מועשר בחלבון 200 ג' מולר אקטיב,*החברה המרכזית להפצת משקאותבעמ,,יוגורט חלבון לבן 250,גרמים,200.00,100 גרם,false,,5.90,0.0295,true,1,72767
7290102399802,false,יוגורט עם תות מולר אקטיב מועשר בחלבון 200 גר',החברה המרכזית טלהפצת משקאות בע,,יוגורט חלבון תות 20,גרמים,200.00,100 גרם,false,,5.90,0.0295,true,1,72768
7290102399819,false,יוגורט עם פירות יער מולר אקטיב מועשר בחלבון 200 גר',החברה המרכזית טלהפצת משקאות בע,,יוגורט חלבון פ.יער 2,גרמים,200.00,100 גרם,false,,5.90,0.0295,true,1,72769
7290102399857,false,מולר אקטיב לייט 20 גרם חלבון 0% שומן עם תות 200 גרם,החברה המרכזית טלהפצת משקאות בע,,יוגורט מולר אקטיב לי,גרמים,150.00,100 גרם,false,,5.90,0.0393,true,1,86149
7290103400194,false,כרוב לבן 400 ג בדצ ירקות שטראוס טעם הטבע,שטראוס בריאות ירקות טריי,,כרוב לבן 400 ג בדצ י,גרמים,400.00,100 גרם,false,,8.90,0.0223,true,1,23427
7290103400255,false,סלט קולסלאו 400 ג בדצ ירקות שטראוס טעם ה,שטראוס בריאות ירקות טריי,,סלט קולסלאו 400 ג בד,גרמים,400.00,100 גרם,false,,8.90,0.0223,true,1,23429
7290103401429,false,קפה קצב ברזילאי אוריגינס 200 גר,הנסיך- מפעל לייצור ט,,קפה אוריגינס קצב ברז,גרמים,200.00,100 גרם,false,,24.90,0.1245,true,1,22399
7290103408206,false,עלי חסה ערבית שטופים 250 גר טעם הטבע,ביכורי השדה הצפון בעמ` 1964,,עלי חסה ערבית שטופים,גרמים,250.00,100 גרם,false,,9.90,0.0396,true,1,23435
7290103700195,false,שאפו רדיד אלומיניום צר 30*7.5 2יח',"שניב תעשיות נייר בע""",,טאצ רדיד אלומיניום ק,מטרים,15.00,מטר,false,,11.90,0.7933,true,1,24463
7290103700386,false,טאצ כריות יפניות מארז שישיה,שניב תעשיות נייר בעמ,,טאצ' כריות יפניות 6י,יחידה,0.00,יחידה,false,,9.90,0.0000,true,1,24466
7290103700393,false,טאצ' כריות יפניות עבות עם תעלות 4 יח',שניב תעשיות נייר בעמ,,טאצ' כריות יפניות עב,יחידה,0.00,יחידה,false,,8.90,0.0000,true,1,24467
7290103700652,false,טאצ' ספוג הפלא מארז שישייה,שניב תעשיות נייר בעמ,,טאצ' ספוג הפלא 6יח,יחידה,0.00,יחידה,false,,9.90,0.0000,true,1,24468
7290103700997,false,נייר טואלט לובלי 40 גלילים,שניב תעשיות נייר בעמ,,לאבלי נייר טואלט 40,מטרים,716.00,מטר,false,,38.90,0.0543,true,1,24471
7290103701017,false,נייר אפיה נשלף טאצ 50 יחידות כשלפ,שניב תעשיות נייר בעמ,,טאצ' נייר אפייה נשלף,יחידה,0.00,יחידה,false,,9.90,0.0000,true,1,24472
7290103701130,false,"מארז מטליות מייקרופייבר לניקוי כללי ""טאצ'""",שניב,,טאצ מטליות מקרופייבר,יחידה,0.00,יחידה,false,,13.90,0.0000,true,1,24476
7290103701147,false,טאצ' רדיד אלומיניום 200 מטר,שניב תעשיות,,טאצ רדידי אלומיניום,מטרים,60.90,מטר,false,,35.90,0.5895,true,1,24477
7290103702298,false,טאצ' אשפתון עבה בגליל 77*90 50 יח',"שניב תעשיות נייר בע""",,טאצ אשפתון בגליל 50,יחידה,0.00,יחידה,false,,15.90,0.0000,true,1,24489
7290103702779,false,מפיות שולחן איכותיות 150 יח',שניב תעשיות נייר בעמ,,מפיות אירוח טאצ` 15,יחידה,0.00,יחידה,false,,8.90,0.0000,true,1,24500
7290103703219,false,דלי מטליות לחות לניקוי כללי בניחוח לימון טאצ',סאסאטק אגשח בעמ,,טאצ' מטליות לחות לני,יחידה,0.00,יחידה,false,,20.90,0.0000,true,1,38150
7290103703233,false,מטליות טאצ' לחות תפוח לניקוי כללי דלי,סאסאטק אגשח בעמ,,טאצ' מטליות לחות לני,יחידה,0.00,יחידה,false,,20.90,0.0000,true,1,38151
7290103703240,false,טאצ' מטליות לחות לניקוי רצפות,שניב תעשיות נייר בעמ,,טאצ' מטליות לחות לרי,יח',10.00,יח',false,,9.90,0.9900,true,1,24506
7290103703370,false,טאצ מגבוני טואלט לחים מארז שלישייה,שניב תעשיות נייר בעמ,,טאצ' מגבוני נייר טוא,יח',3.00,יח',false,,14.90,4.9667,true,1,24507
7290103703578,false,נייר טואלט לוולי תלת שכבתי 32 גלילים,שניב תעשיות נייר בעמ,,לובלי נייר טואלט תלת,יחידה,0.00,יחידה,false,,42.90,0.0000,true,1,24510
7290103704155,false,נייר מגבת טאצ' 6 גלילים מהדורת 2021,שניב תעשיות נייר בעמ,,מגבות נייר 6 גלילים,מטרים,63.00,מטר,false,,10.90,0.1730,true,1,177882
7290103704162,false,נייר טואלט טאצ' 32 גלילים מהדורה 2021,שניב תעשיות נייר בעמ,,נייר טואלט טאצ' 32 ג,יח',0.00,יח',false,,28.90,0.0000,true,1,143792
7290103704179,false,מגבות מטבח טאץ`8יח מהדורת 2021,שניב תעשיות נייר בעמ,,מגבות נייר 8 גלילים,מטרים,83.00,מטר,false,,13.90,0.1675,true,1,176629
7290103704186,false,מגבות מטבח כפול טאצ`מהדורת 2021 6 יחידות,שניב תעשיות נייר בעמ,,מגבות טאצ' גליל כפול,יחידה,0.00,יחידה,false,,19.90,0.0000,true,1,303822
7290103704193,false,מגבות מטבח 8 יח כפול טאצ`מהדורת2021,שניב תעשיות נייר בעמ,,מגבות טאצ' גליל כפול,יחידה,0.00,יחידה,false,,24.90,0.0000,true,1,303836
7290103704575,false,נייר טואלט טאצ' פרימיום 48 גלילים,שניב תעשיות נייר בעמ,,נייר טואלט טאצ' 48 י,יחידה,0.00,יחידה,false,,39.90,0.0000,true,1,143806
7290103704766,false,נייר טואלט 24 גליל כפול מהדורת פרח סגול,"שניב תעשיות נייר בע""\מ",,נייר טואלט 24 גליל,יחידה,0.00,יחידה,false,,42.90,0.0000,true,1,461671
7290103746001,false,ממחטות טאצ`חמישייה צבעוני 500 דף,שניב תעשיות נייר בעמ,,ממחטות טאצ' חמישייה,יחידה,0.00,יחידה,false,,11.90,0.0000,true,1,24522
7290104061431,false,סלט חומוס עם צנובר אחלה 400 גרם,שטראוס גרופ בעמ/מצונן,,אחלה חומוס צנובר 400,גרמים,400.00,100 גרם,false,,10.90,0.0273,true,1,23439
7290104061448,false,סלט חומוס עם חריף אחלה 400 גרם,שטראוס גרופ בעמ/מצונן,,אחלה חומוס חריף 400ג,גרמים,400.00,100 גרם,false,,10.90,0.0273,true,1,23440
7290104062599,false,מארז 8 יחידות מעדן גמדים בטעמי תות ובננה,שטראוס גרופ בעמ/מצונן,,גמדים תות בננה 8*100,מיליליטרים,800.00,"100 מ""ל",false,,18.90,0.0236,true,1,23441
7290104065187,false,אבקה להכנת משקה קפה בטעם מוקה,"שטראוס גרופ בע""מ",,קפה נמס עלית בטעם מו,גרמים,200.00,100 גרם,false,,19.90,0.0995,true,1,22427
7290104065934,false,עלי רוקט שטראוס 150 גר`-טעם הטבע,ביכורי השדה הצפון בעמ` 1964,,שטראוס עלי רוקט 150ג,גרמים,150.00,100 גרם,false,,9.90,0.0660,true,1,23442
7290104066566,false,סלט טחינה שומשום מלא 500גר אחלה,שטראוס גרופ בעמ/מצונן,,אחלה טחינה 500ג,גרמים,500.00,100 גרם,false,,13.80,0.0276,true,1,23444
7290104500572,false,אפרופו חטיף תירס איטליאנו אסם 50 גרם,קבוצת אוסם סחר-שות.מוגבלת,,אפרופו איטלקי 36*50ג,גרמים,50.00,100 גרם,false,,5.00,0.1000,true,1,18860
7290104501661,false,אינסטנט פודינג בטעם וניל צרפתי אסם 80 גרם,קבוצת אוסם סחר-שות.מוגבלת,,אסם פודינג בטעם וניל,גרמים,80.00,100 גרם,false,,5.50,0.0688,true,1,18861
7290104501807,false,בונג`ור מיני מאפינס שוקו 40גר,**קבוצת אוסם סחר-שות.מוגבלת,,בונז'ור מיני מאפינס,גרמים,200.00,100 גרם,false,,8.90,0.0445,true,1,34089
7290104504228,false,מיני דובונים אסם 100 גרם מארז 5 יחידות,קבוצת אוסם סחר-שות.מוגבלת,,דובונים קדמ.מארז אחי,גרמים,100.00,100 גרם,false,,13.90,0.1390,true,1,18866
7290104509247,false,בונג`ור עוגת קראנץ ט.שוקולד עדיר 650גר,**קבוצת אוסם סחר-שות.מוגבלת,,עוגת קראנץ' שוקולד 6,גרמים,650.00,100 גרם,false,,26.50,0.0408,true,1,34092
7290104570131,false,תמר מג'הול ששון ושות,,,"תמר מג'הול 1 ק""ג",קילוגרמים,1.00,"ק""ג",false,,17.90,17.9000,true,1,42955
7290104570162,false,תמרים ללא חרצנים בואקום 500 גרם,מ.ד אטיאס סוכנויות מזון בע`מ,,תמר כבוש 500 גרם,גרמים,500.00,100 גרם,false,,9.90,0.0198,true,1,42956
7290104721762,false,מארז שלשות קפה טורקי עלית 85 ג',"שטראוס גרופ בע""מ",,טורקי עלית 3*85 גר'.,גרמים,255.00,100 גרם,false,,18.90,0.0741,true,1,22438
7290104722530,false,תפוצ'יפס בטעם שמנת בצל עלית 200 גרם,"שטראוס פריטו ליי בע""\מ )",,תפוציפס שמנת בצל 200,גרמים,200.00,100 גרם,false,,9.90,0.0495,true,1,24229
7290104726262,false,רביעייה מעדן דני שוקולד דיסני לבנים 125 גרם,שטראוס גרופ בעמ/מצונן,,דני שוקולד לשתייה מא,מיליליטרים,500.00,"100 מ""ל",false,,10.90,0.0218,true,1,23459
7290104726712,false,מארז 8 יחידות מעדן מילקי בטעם שוקולד עם קצפת,שטראוס גרופ בעמ/מצונן,,מילקי שמינייה מארז 8,קילוגרמים,1.06,"ק""ג",false,,19.90,18.7736,true,1,23460
7290104728310,false,"שמנת מתוקה עמידה 38% שומן ""יטבתה"" -מוצר בפיקוח",שטראוס גרופ בעמ/מצונן,,יטבתה שמנת עמידה לקצ,מיליליטרים,250.00,"100 מ""ל",false,,6.00,0.0240,true,1,23465
7290104960970,false,דאודורנט ספריי טיטניום מטאל Titanium Metal,אמיליה קוסמטיקס בעמ,,דאו' ספריי מטאל טיטנ,מיליליטרים,180.00,"100 מ""ל",false,,15.90,0.0883,true,1,30483
7290104961540,false,דאודורנט ספריי גוף טיטניום מטאל Titanium Metal,החברה הדרומית לשיווק בעמ,,טיטניום דאודורנט ספר,מיליליטרים,150.00,"100 מ""ל",false,,11.90,0.0793,true,1,30497
7290104963650,false,נקה 7 שמפו אל דמע סופטקר 1 ליטר,החברה הדרומית לשיווק בעמ,,סופטקר שמפו אלדמע 1,ליטרים,1.00,ליטר,false,,17.90,17.9000,true,1,30544
7290104963667,false,שמפו ותחליב רחצה אל דמע סופט קר 1 ליטר,החברה הדרומית לשיווק בעמ,,סופטקר 2ב-1 אלסבון ו,יחידה,0.00,יחידה,false,,17.90,0.0000,true,1,30545
7290105360762,false,"שמן זית 1 עדין 750 מ""ל יד מרדכי",מכוורת יד מרדכי שטראוס ב,,שמן זית 1 עדין כתית,מיליליטרים,750.00,"100 מ""ל",false,,33.90,0.0452,true,1,22461
7290105362339,false,"שמנת לבישול 15% 250 מ""ל יטבתה מהדרין",שטראוס גרופ בעמ/מצונן,,יטבתה שמנת לבישול 15,מיליליטרים,250.00,"100 מ""ל",false,,7.90,0.0316,true,1,23470
7290105363602,false,מקלות כיף כף קלאסי עלית (40 גרם),שולן צ'\יקולטה גידה סאן.,,כיף כף מקלות קלאסי 4,גרמים,40.00,100 גרם,false,,4.90,0.1225,true,1,22466
7290105364289,false,מקלות כיף כף פצפוצים עלית 40 גרם,שולן צ'\יקולטה גידה סאן.,,כיף כף מקלות פצפוצים,גרמים,40.00,100 גרם,false,,4.90,0.1225,true,1,22467
7290105366023,false,סלט חצילים בטעם כבד אחלה 400 גרם,שטראוס גרופ בעמ/מצונן,,אחלה חציל בטעם כבד 4,גרמים,400.00,100 גרם,false,,14.90,0.0373,true,1,23473
7290105366993,false,סימפוניה גבינת שמנת פלפל שיפקה 5% שטראוס 200 גרם,שטראוס גרופ בעמ/מצונן,,סימפוניה פלפל שיפקה,גרמים,200.00,100 גרם,false,,11.50,0.0575,true,1,23480
7290105368331,false,מעדן מילקי בטעם תות עם קצפת,שטראוס גרופ בעמ/מצונן,,"מילקי תות 170 מ""ל",מיליליטרים,170.00,"100 מ""ל",false,,2.90,0.0171,true,1,23491
7290105368904,false,"שמנת מתוקה להקצפה 32% שומן 250 מ""ל יוטבתה",שטראוס גרופ בעמ/מצונן,,יטבתה שמנת עמידה לקצ,מיליליטרים,250.00,"100 מ""ל",false,,7.50,0.0300,true,1,23500
7290105368928,false,שמנת חמוצה יטבתה %9 200 מל גביע מהדרין,שטראוס גרופ בעמ/מצונן,,יטבתה שמנת 9% 200מל,מיליליטרים,200.00,"100 מ""ל",false,,2.90,0.0145,true,1,23501
7290105369130,false,סימפוניה גבינת שמנת בצל ירוק 5% שטראוס 200 גרם,שטראוס גרופ בעמ/מצונן,,סימפוניה שטראוס בצל,גרמים,200.00,100 גרם,false,,11.50,0.0575,true,1,23504
7290105430458,false,"פלמוליב - תחליב רחצה נטורלס שקדים 750 מ""ל",הנסיך- מפעל לייצור ט,,תחליב רחצה שקדים משא,מיליליטרים,750.00,"100 מ""ל",false,,19.90,0.0265,true,1,21626
7290105434050,false,ספיד סטיק - דאודורנט סטיק לגבר XL ירוק רגיולר 85 גרם,קולגייט פלמוליב,,דאו' ירוק רגיולר ספי,גרמים,85.00,100 גרם,false,,14.90,0.1753,true,1,21649
7290105439499,false,מאסטר שף מאסטר שף מיונז 480 גר כשלפ,רמיה סי.וי. הולנד,,מיונז הולנדי מאסטר ש,גרמים,480.00,100 גרם,false,,11.90,0.0248,true,1,21662
7290105439581,false,מנה מאסטר שף חרדל דיזיון צרפתי 370 גר,רמיה סי.וי.הולנד,,מאסטר שף מאסטר שף חר,מיליליטרים,370.00,"100 מ""ל",false,,10.90,0.0295,true,1,21664
7290105691248,false,אסם חטיפי פריכונים טורטייה תירס 60 גרם,קבוצת אוסם סחר שותפות מוגבלת,,חטיפי פריכונים טורטי,גרמים,60.00,100 גרם,false,,7.90,0.1317,true,1,18887
7290105691897,false,קוסקוס פלוס עם קמח חיטה מלא,קבוצת אוסם סחר שותפות מוגבלת,,קוסקוס עם חיטה מלאה,גרמים,350.00,100 גרם,false,,8.90,0.0254,true,1,18892
7290105691934,false,קמח שמרים אסם 1 קילו,קבוצת אוסם סחר שותפות מוגבלת,,"קמח שמרים אסם 1 ק""ג",קילוגרמים,1.00,"ק""ג",false,,8.90,8.9000,true,1,18893
7290105693341,false,מארז עשיריית במבה אסם 25*10 גרם,קבוצת אוסם סחר שותפות מוגבלת,,במבה מאח.15 10*25גרם,גרמים,250.00,100 גרם,false,,14.90,0.0596,true,1,18901
7290105695024,false,פתיתים אפויים אורז עם אטריות אסם 500 גרם,קבוצת אוסם סחר שותפות מוגבלת,,פתיתים אפויים אורז ע,גרמים,500.00,100 גרם,false,,6.90,0.0138,true,1,18910
7290105964564,false,חומוס אחלה 400 גרם. שטראוס,שטראוס גרופ בעמ/מצונן,,אחלה חומוס אחלה 400ג,גרמים,400.00,100 גרם,false,,7.90,0.0198,true,1,23511
7290105968777,false,פריכיות 5 דגנים עם תחתית שוקולד מריר 70 גרם,"טחנת האבן תעשיות בע""",,פריכיות תחתית שוקלד,גרמים,70.00,100 גרם,false,,7.90,0.1129,true,1,22505
7290106520066,false,"רבע לשבע שוקולד חלב במילוי אגוזים עלית 160 גרם בד""צ","הגביע מוצרי וופלים בע""\מ",,רבע לשבע 160 גרם,גרמים,160.00,100 גרם,false,,10.90,0.0681,true,1,22507
7290106520912,false,שמנת לבישול 9% שומן 258גר מהדרין יטבתה,שטראוס גרופ בעמ/מצונן,,יטבתה שמנת לבישול 9%,מיליליטרים,250.00,"100 מ""ל",false,,7.90,0.0316,true,1,23535
7290106521926,false,קפה טורקי בצלופן עלית 150 גרם,שטראוס קפה בי.ויn\.,,קפה טורקי עלית 150 ג,גרמים,150.00,100 גרם,false,,12.90,0.0860,true,1,22515
7290106524439,false,חטיף פופס תפוצ`יפס (60 גרם),"שטראוס פריטו ליי בע""\מ )",,תפוציפס פופס 60 גרם,גרמים,60.00,100 גרם,false,,3.90,0.0650,true,1,24248
7290106526822,false,פריכיות אורז חום מלא תחתית שוקולד חלב 80 גרם,"טחנת האבן תעשיות בע""",,פריכיות עם תחתית שוק,גרמים,80.00,100 גרם,false,,7.90,0.0988,true,1,22532
7290106571921,false,פיטנס עוגיות עם חמוציות נסטלה (180 גרם),קבוצת אוסם סחר שותפות מוגבלת,,פיטנס עוגיות חמוציות,גרמים,180.00,100 גרם,false,,11.90,0.0661,true,1,18931
7290106572027,false,קרקר לחמית חמישה דגנים אסם (190 גרם),קבוצת אוסם סחר-שות.מוגבלת,,לחמית חמישה דגנים אס,גרמים,190.00,100 גרם,false,,8.90,0.0468,true,1,18933
7290106572065,false,חטיפי טורטיה בטעם חמוץ מתוק אסם (60 גרם),קבוצת אוסם סחר שותפות מוגבלת,,טורטיה בטעם תירס חמו,גרמים,60.00,100 גרם,false,,7.90,0.1317,true,1,18934
7290106574953,false,בייגלה שטוחים כעכים שטוחים עם שומשום,קבוצת אוסם סחר שותפות מוגבלת,,אסם בייגלה שטוחים שו,גרמים,300.00,100 גרם,false,,10.90,0.0363,true,1,18954
7290106574977,false,בייגלה שטוחים טבעות עם מלח אסם (300 גרם),קבוצת אוסם סחר שותפות מוגבלת,,אסם בייגלה שטוחים עם,גרמים,300.00,100 גרם,false,,10.90,0.0363,true,1,18955
7290106575257,false,עוגת הבית סופלה בטעם שוקולד 340 ג' אסם,קבוצת אוסם סחר שותפות מוגבלת,,עוגת הבית סופלה בטעם,גרמים,340.00,100 גרם,false,,11.90,0.0350,true,1,18958
7290106575431,false,עוגת הבית סופלה בטעם שוקולד וניל 340 ג',קבוצת אוסם סחר-שות.מוגבלת,,עוגת הבית סופלה בטעם,גרמים,340.00,100 גרם,false,,11.90,0.0350,true,1,18962
7290106576513,false,סלט רק חומוס צבר 400 גרם,קבוצת אוסם סחר שותפות מוגבלת,,צבר חומוס 400 גרם,גרמים,400.00,100 גרם,false,,8.90,0.0223,true,1,19934
7290106576537,false,חומוס מסעדה צבר (700 גרם),קבוצת אוסם סחר שותפות מוגבלת,,צבר חומוס מסעדה 700,גרמים,700.00,100 גרם,false,,10.90,0.0156,true,1,19935
7290106577282,false,טחינה אמיתית מרובע 400 ג' צבר,קבוצת אוסם סחר-שות.מוגבלת,,צבר מרובע טחינה 400ג,גרמים,400.00,100 גרם,false,,12.90,0.0323,true,1,19936
7290106577572,false,מטבוחה אמיתית מרובע 400 ג' צבר,קבוצת אוסם סחר-שות.מוגבלת,,צבר מרובע מטבוחה 40,גרמים,400.00,100 גרם,false,,12.90,0.0323,true,1,19943
7290106578692,false,ביסלי במבה מיקס מהדורת אליפות אסם 80 גרם,קבוצת אוסם סחר שותפות מוגבלת,,במבה ביסלי מיקס 36*8,גרמים,80.00,100 גרם,false,,4.50,0.0563,true,1,18977
7290106578821,false,הבית עוגת שמרים קלאסית בטעם שוקולד 350גר.,קבוצת אוסם סחר שותפות מוגבלת,,עוגת הבית שמרים קלאס,גרמים,350.00,100 גרם,false,,16.90,0.0483,true,1,18978
7290106652996,false,כיף כף מקלות קוקוס חלבי 40 גר',סולן בעבור שטראוס,,כיף כף מקלות קוקוס 4,גרמים,40.00,100 גרם,false,,4.90,0.1225,true,1,567853
7290106654099,false,מילקי CAKE עוגות אישיות במילוי קרם חלב,בובארד איטליה אס.פי.איי,,עוגות אישיות מילקי ק,גרמים,272.00,100 גרם,false,,19.90,0.0732,true,1,23548
7290106662025,false,תפוציפס טבעי מלח ופלפל 50 גרם,שטראוס פריטו ליי בע`מ,,תפוציפס טבעי מלח פלפ,גרמים,50.00,100 גרם,false,,3.90,0.0780,true,1,24284
7290106663091,false,"לאבנה 9 % עם שמן זית 500 גר' ""שטראוס""",שטראוס גרופ בעמ/מצונן,,שטראוס לאבנה 9% 500,גרמים,500.00,100 גרם,false,,17.90,0.0358,true,1,23574
7290106663558,false,"רוטב טריאקי ורימון יד מרדכי 280מ""ל",אף.סי תבליני בגליל ב,,יד מרדכי רוטב טריאקי,מיליליטרים,280.00,"100 מ""ל",false,,13.90,0.0496,true,1,22604
7290106664067,false,לאבנה עם שמן זית וזעתר 10% שטראוס 400 ג',שטראוס גרופ בעמ/מצונן,,שטראוס לאבנה שמן זית,גרמים,400.00,100 גרם,false,,14.90,0.0373,true,1,23578
7290106664555,false,"רוטב שמנת עם עגבניות 9% שומן 250 מ""ל יוטבתה",שטראוס גרופ בעמ/מצונן,,יטבתה רוטב שמנת עם ע,מיליליטרים,250.00,"100 מ""ל",false,,9.90,0.0396,true,1,23580
7290106668577,false,"מיץ לימון טבעי 250 מ""ל ""יד מרדכי""",האי נאם סי או אל.טי.,,מיץ לימון טבעי יד מר,מיליליטרים,250.00,"100 מ""ל",false,,7.80,0.0312,true,1,22623
7290106668713,false,יוגורט עם פירות יער 3% שומן 150 ג' דנונה,שטראוס גרופ בעמ/מצונן,,דנונה פירות יער3% 15,מיליליטרים,150.00,"100 מ""ל",false,,3.90,0.0260,true,1,23584
7290106669857,false,קפסולות אספרסו בטעם וניל עלית 10 יחידות,הנסיך- מפעל לייצור ט,,עלית קפסולות בטעם ונ,גרמים,50.00,100 גרם,false,,16.90,0.3380,true,1,22636
7290106720626,false,חטיף תירס בטעם גבינה צ`יטוס (80 גרם),"שטראוס פריטו ליי בע""\מ )",,ציטוס גבינה 80 גרם,גרמים,80.00,100 גרם,false,,4.90,0.0613,true,1,24311
7290106721920,false,צנצנת מסטיק מאסט בטעם ספירמינט עדין 66 ג' עלית,"שטראוס גרופ בע""\מ.",,מאסט צנצנת ספירמינט,גרמים,66.00,100 גרם,false,,9.90,0.1500,true,1,22651
7290106723689,false,עלי תרד בייבי 200 גר`שטראוס טעם הטבע,ביכורי השדה הצפון בעמ` 1964,,שטראוס תרד בייבי 200,גרמים,200.00,100 גרם,false,,9.90,0.0495,true,1,23591
7290106725867,false,סירופ מייפל טהור ללס יד מרדכי 189 גר,"שטראוס גרופ בע""מ",,יד מרדכי סירופ מייפל,מיליליטרים,189.00,"100 מ""ל",false,,30.90,0.1635,true,1,22686
7290106729650,false,יוגורט עם תות מאגדת 8 יח' * 150ג' דנונה,שטראוס גרופ בעמ/מצונן,,דנונה יוגורט תות 8יח,קילוגרמים,1.20,"ק""ג",false,,24.90,20.7500,true,1,23616
7290107280020,false,שלישיית מטליות לחות לניקוי כללי סנו סושי 50 יחידות,החברה הדרומית לשיווק בעמ,,סנו סושי מגבונים לני,יחידה,0.00,יחידה,false,,19.90,0.0000,true,1,30571
7290107280099,false,שלישיית מגובנים נשטפים באסלה סופט סוד 48 יחידות,החברה הדרומית לשיווק בעמ,,סנו סופט מגבוני טואל,יחידה,0.00,יחידה,false,,15.90,0.0000,true,1,30577
7290107280105,false,מגבוני אף רכים במיוחד סנו סופט 120 יח,החברה הדרומית לשיווק בעמ,,סופט ממחטות אף בקופס,יחידה,0.00,יחידה,false,,10.90,0.0000,true,1,30578
7290107280341,false,ריצפז מטליות לחות לניקוי הרצפה בניחוח מלון מפנק,החברה הדרומית לשיווק בעמ,,ריצפז מטליות לחות לנ,יחידה,0.00,יחידה,false,,11.90,0.0000,true,1,30584
7290107280396,false,"סנו - ג'ט מרסס לניקוי יסודי במטבח 750 מ""ל",החברה הדרומית לשיווק בעמ,,סנו ג'ט מתז למטבח 75,מיליליטרים,750.00,"100 מ""ל",false,,12.90,0.0172,true,1,30586
7290107280563,false,סנו אוקסיג`ן ג`ל לכביסה בייבי 3 ל`,החברה הדרומית לשיווק בעמ,,סנו ג'ל אוקסיג'ן ביי,ליטרים,3.00,ליטר,false,,30.90,10.3000,true,1,30595
7290107280570,false,סנו - מקסימה ג'ל כביסה מרוכז לכביסה צבעונית 3 ליטר,החברה הדרומית לשיווק בעמ,,מקסימה ג'ל כביסה מיק,ליטרים,3.00,ליטר,false,,33.90,11.3000,true,1,30596
7290107280600,false,טבליות למדיח סנו ספארק 100 טבליות במארז,החברה הדרומית לשיווק בעמ,,סנו ספארק טבליות למד,יחידה,0.00,יחידה,false,,60.90,0.0000,true,1,30599
7290107280709,false,ספארק נוזל הברקה למדיח סנו (700 מל),החברה הדרומית לשיווק בעמ,,סנו ספארק נוזל הברקה,מיליליטרים,700.00,"100 מ""ל",false,,14.90,0.0213,true,1,30605
7290107280716,false,מלח למדיח להגנה מפני אבנית סנו ספארק Spark,החברה הדרומית לשיווק בעמ,,סנו ספארק מלח למדיח,קילוגרמים,2.00,"ק""ג",false,,12.90,6.4500,true,1,30606
7290107280761,false,נוזל לניקוי כלים בניחוח לימון רענן סנו ספארק Spark,החברה הדרומית לשיווק בעמ,,ספארק נוזל לכלים לימ,יחידה,0.00,יחידה,false,,11.90,0.0000,true,1,30612
7290107646154,false,"חטיף קוקומן פצפוצים תלמה 126 גרם מארז 6 יחידות בד""צ","יוניליוור ישראל שיווק בע""מ",,חטיף קוקומן פצפוצים,גרמים,126.00,100 גרם,false,,12.90,0.1024,true,1,10619
7290107646925,false,ברנפלקס אקסטרה פייבר ללתס 410 גר`תלמה,יוניליוור ישראל שיווק בע`מ,,ברנפלקס אקסטרה פייבר,גרמים,410.00,100 גרם,false,,21.90,0.0534,true,1,10650
7290107647731,false,קוקומן חום לבן 20% פחות סוכר 375 גרם ב,יוניליוור ישראל שיווק בע`מ,,קוקומן חום לבן 20% ת,גרמים,375.00,100 גרם,false,,19.90,0.0531,true,1,10672
7290107647854,false,"שוגי מופחת סוכר תלמה 500 ג' בד""צ",יוניליוור ישראל שיווק בע`מ,,שוגי 20% סוכר תלמה ב,גרמים,500.00,100 גרם,false,,19.90,0.0398,true,1,10682
7290107871990,false,פסטה צינורות מהדרין אסם (500 גרם),קבוצת אוסם סחר שותפות מוגבלת,,פסטה צינורות אסם 500,גרמים,500.00,100 גרם,false,,5.90,0.0118,true,1,19004
7290107875004,false,פופקורן חמאה ודבש מארז12*20גר',קבוצת אסם סחר שות. מוגבלת,,פופקו חמאה ודבש מארז,גרמים,240.00,100 גרם,false,,18.90,0.0787,true,1,19031
7290107875271,false,ביסלי ברביקיו קדמ. מארז אחיד10 4*55 גרם,קבוצת אוסם סחר שותפות מוגבלת,,ביסלי ברבקיו מארז 4*,גרמים,220.00,100 גרם,false,,12.90,0.0586,true,1,19037
7290107876889,false,אוסם - במבה במילוי קרם נוגט 45 גרם,קבוצת אוסם סחר שותפות מוגבלת,,במבה במילוי קרם נוגט,גרמים,45.00,100 גרם,false,,4.50,0.1000,true,1,19063
7290107877619,false,מארז במבה במילוי קרם נוגט 5*30ג' אסם,קבוצת אוסם סחר שותפות מוגבלת,,במבה במילוי קרם נוגט,גרמים,150.00,100 גרם,false,,13.90,0.0927,true,1,19072
7290107931397,false,כיף כף פצפוצים במילוי שוקולד 40 גרם,שולן צ'\יקולטה גידה סאן.,,כיף כף פצפצים 40גר`,גרמים,40.00,100 גרם,false,,4.90,0.1225,true,1,22715
7290107932080,false,חלב 3% מועשר בבקבוק יטבתה (1 ליטר),שטראוס גרופ בעמ/מצונן,,יטבתה חלב בבקבוק 3%,ליטרים,1.00,ליטר,false,,7.70,7.7000,true,1,23629
7290107932134,false,חלב מועשר 1% בבקבוק יטבתה (1 ליטר),שטראוס גרופ בעמ/מצונן,,יטבתה חלב בבקבוק 1%,ליטרים,1.00,ליטר,false,,7.70,7.7000,true,1,23631
7290107933155,false,לקט סלנובה 200 גר ירקות שטראוס טעם הטבע,שטראוס בריאות ירקות טריי,,לקט סלנובה 200 גרם,גרמים,200.00,100 גרם,false,,12.90,0.0645,true,1,23632
7290107933193,false,סלק בוואקום מבושל שטראוס (500 גרם),ביכורי השדה הצפון בעמ` 1964,,שטראוס סלק מבושל בוו,גרמים,500.00,100 גרם,false,,7.90,0.0158,true,1,23633
7290107936309,false,דנונה יוגורט 7% יווני לבן 130 ג',שטראוס גרופ בעמ/מצונן,,דנונה יווני לבן 130,גרמים,130.00,100 גרם,false,,3.30,0.0254,true,1,23652
7290107936958,false,עד חצות ביסקוויט אצבעות שוקולד 125 גרם,ביסקוויטס טור ד'\אלבון,,עד חצות אצבעות 125 ג,גרמים,125.00,100 גרם,false,,9.90,0.0792,true,1,22752
7290107939027,false,גזר דק דק 250 גר שטראוס ירקות טעם הטבע,ביכורי השדה הצפון בעמ` 1964,,גזרדק דק 250 גרם בד`,גרמים,250.00,100 גרם,false,,7.90,0.0316,true,1,23667
7290107940030,false,"חומוס אחלה מופחת שומן 650 גרם ""אחלה""","שטראוס גרופ ***בע""מ",,חומוס אחלה 650 גר,גרמים,650.00,100 גרם,false,,8.90,0.0137,true,1,23680
7290107940467,false,אקטיביה יוגורט קרמי 1.5% דנונה (200 גרם),שטראוס גרופ בעמ/מצונן,,דנונה אקטיביה יוגורט,גרמים,200.00,100 גרם,false,,3.90,0.0195,true,1,23686
7290107941273,false,טעם הטבע חומוס מבושל שטראוס (475 גרם),ביכורי השדה הצפון בעמ` 1964,,חומוס מבושל 475 גרם,גרמים,475.00,100 גרם,false,,11.90,0.0251,true,1,23697
7290107943192,false,"שמנת חמוצה מהערבה 27% שומן 200 מ""ל יטבתה",שטראוס גרופ בעמ/מצונן,,יטבתה שמנת 27% 200מ,מיליליטרים,200.00,"100 מ""ל",false,,3.90,0.0195,true,1,23724
7290107944472,false,סימפוניה גבינה במרקם שמנת 5% שום שמיר,שטראוס גרופ בעמ/מצונן,,סימפוניה 5% שום שמיר,גרמים,200.00,100 גרם,false,,11.50,0.0575,true,1,23731
7290107951715,false,צנצנת מסטיק מאסט קוביות בטעם ענבים 58 ג' עלית,"שטראוס גרופ בע""מ",,מאסט צנצנת קוביות ענ,גרמים,58.00,100 גרם,false,,9.90,0.1707,true,1,22888
7290107956901,false,קפסולות בטעם אגוזים למכונת נספרסו עלית 10 יחידות,שטראוס קפה בי.וי.,,עלית קפסולות אספרסו,גרמים,150.00,100 גרם,false,,16.90,0.1127,true,1,22962
7290107956925,false,קפסולות 13 אוגנדה למכונת נספרסו עלית 10יח',שטראוס קפה בי.וי.,,עלית קפסולות אוגנדה,גרמים,50.00,100 גרם,false,,16.90,0.3380,true,1,22963
7290107957991,false,מילקי CAKE מיניס קרם חלב בציפוי שוקולד חלב שקית 16X9ג',בובארד איטליה אס.פי.איי,,"מילקי מייניס 9*16 מ""",גרמים,144.00,100 גרם,false,,13.90,0.0965,true,1,23891
7290107958035,false,יוגורט במתיקות מעודנת 2% ללא תוספת סוכר- מארז 8 יח,שטראוס גרופ בעמ/מצונן,,8 דנונה מתיקות מעודנ,קילוגרמים,1.20,"ק""ג",false,,18.50,15.4167,true,1,23892
7290107973014,false,"סבון ידיים משאבה פלמוליב חלב ודבש 300 מ""ל",הנסיך- מפעל לייצור ט,,פלמוליב סבון ידיים ח,מיליליטרים,300.00,"100 מ""ל",false,,9.90,0.0330,true,1,21702
7290107973809,false,שימורי עגבניות קוביות 400 ג' מאסטר שף,פראנו אריקו ופיגלי ס.פ.א,,קוביות עגבניות מאסטר,גרמים,400.00,100 גרם,false,,4.90,0.0123,true,1,21713
7290107973861,false,מאסטר שף עגבניות קצוצות דק שלישיה 400ג*3 כשלפ,קונסרזיו קאסאלאסקו ד,,עגבניות קצוצות דק מא,קילוגרמים,1.20,"ק""ג",false,,15.90,13.2500,true,1,21714
7290107974066,false,"עלי טורטיה קמח מלא 20ס""מ 8יח' מאסטר שף 320ג'",אלקאטי קורביישיסי גי,,עלי טורטיה קמח מלא מ,גרמים,320.00,100 גרם,false,,9.90,0.0309,true,1,21719
7290107974073,false,מנה עלי טורטיה קמח לבן מ.שף 20 סמ 320 גר,אלקאטי קורביישיסי גי,,עלי טורטיה קמח לבן מ,גרמים,320.00,100 גרם,false,,9.90,0.0309,true,1,21720
7290107974080,false,עלי טורטיה קמח לבן 744 גר`מנה מאסטר שף,אלקאטי קורביישיסי גי,,עלי טורטיה קמח לבן מ,גרמים,820.00,100 גרם,false,,16.90,0.0206,true,1,21721
7290107974813,false,"אורז יסמין 1 ק""ג מאסטר שף",טאומי אינטרפרייד,,אורז יסמין מאסטר שף,קילוגרמים,1.00,"ק""ג",false,,9.90,9.9000,true,1,21730
7290107974820,false,ממרח בטעם ספייסי מיונז מאסטר שף 250 גרם,רמיה סי.וי.הולנד,,מאסטר שף ממרח מתובל,גרמים,252.00,100 גרם,false,,7.90,0.0313,true,1,21731
7290107978323,false,איטריות דקיקות מאסטר שף 400 גרם,הדקלאים אגודת שיתופי,,איטריות דקיקות מאסטר,גרמים,400.00,100 גרם,false,,5.90,0.0148,true,1,21768
7290107978330,false,איטריות דקות מאסטר שף 400 גרם,הדקלאים אגודת שיתופי,,איטריות דקות מאסטר ש,גרמים,400.00,100 גרם,false,,5.90,0.0148,true,1,21769
7290107978453,false,חטיף בטעם גריל קראנצ,ש. שסטוביץ בע`מ,,קראנצו'ס גריל 55 גרם,גרמים,55.00,100 גרם,false,,3.90,0.0709,true,1,21773
7290107978460,false,קראנצ וס פלאפל 60ג חדש,ש. שסטוביץ בע`מ,,קראנצו'ס פלאפל 55 גר,גרמים,55.00,100 גרם,false,,3.90,0.0709,true,1,21774
7290108350210,false,סנו סושי 30 שקיות אשפה XL חזקות במיוחד,החברה הדרומית לשיווק בעמ,,סושי שקיות אקסטרא חז,יחידה,0.00,יחידה,false,,24.90,0.0000,true,1,30627
7290108350586,false,נוזל לניקוי כלים סנו ספארק Spark בניחוח לימון רענן,החברה הדרומית לשיווק בעמ,,ספארק נוזל כלים בניח,ליטרים,1.50,ליטר,false,,14.90,9.9333,true,1,30639
7290108350616,false,סנו - מקסימה מרכך כביסה מרוכז פריחה כחולה 1 ליטר,החברה הדרומית לשיווק בעמ,,מרכך כביסה מקסימה סו,יחידה,0.00,יחידה,false,,18.90,0.0000,true,1,30642
7290108351149,false,ג'ל ניקוי כללי בתוספת אבקת סודה ריח כביסה סנו ג'ט 1.5 ליטר,החברה הדרומית לשיווק בעמ,,סנו ג`ט פלוס לניקוי,יחידה,0.00,יחידה,false,,12.90,0.0000,true,1,30674
7290108351514,false,מרכך כביסה בלו בלוסום סנו מקסימה 4 ליטר,החברה הדרומית לשיווק בעמ,,מרכך כביסה סנו מקסימ,ליטרים,4.00,ליטר,false,,22.90,5.7250,true,1,30678
7290108351583,false,"סנו - ג'ט פלוס חומץ ג'ל לניקוי אסלות לבנדר 750 מ""ל",החברה הדרומית לשיווק בעמ,,סנו ג'ט+לניקוי אסלות,מיליליטרים,750.00,"100 מ""ל",false,,11.90,0.0159,true,1,30684
7290108351699,false,סנו - ג'ט מטליות לחות לניקוי כללי בתוספת חומץ לבנדר שלישיה,החברה הדרומית לשיווק בעמ,,מגבונים ג'ט+חומץ מאר,יחידה,0.00,יחידה,false,,18.90,0.0000,true,1,30695
7290108351705,false,פניני בישום לכביסה275 גר` fresh linen,החברה הדרומית לשיווק בעמ,,פניני בישום לכביסה כ,גרמים,275.00,100 גרם,false,,19.90,0.0724,true,1,30696
7290108351781,false,ג'ל לניקוי אסלות + חומץ ומלח לימון בריח הדרים,החברה הדרומית לשיווק בעמ,,סנו ג'ט+לניקוי אסלות,מיליליטרים,750.00,"100 מ""ל",false,,11.90,0.0159,true,1,30700
7290108351811,false,מרכך כביסה סופר מרוכז Floral touch סנו מקסימה 1 ליטר,החברה הדרומית לשיווק בעמ,,סנו מקסימה מרכך כביס,יחידה,0.00,יחידה,false,,18.90,0.0000,true,1,30702
7290108351835,false,מרכך כביסה Pure Sensation סנו מקסימה 4 ליטר,החברה הדרומית לשיווק בעמ,,מרכך כביסה סנו מקסימ,ליטרים,4.00,ליטר,false,,22.90,5.7250,true,1,30703
7290108351965,false,סנו ג'ט סבון אסלה בחומץ שלישיה,סנו מפעלי ברונוס בעמ,,ג'ט סבון אסלה חומץ ו,יחידה,0.00,יחידה,false,,11.90,0.0000,true,1,30713
7290108351996,false,"חיטוי בייבי 99.9% לחיטוי וניקוי בסביבת תינוקות 750 מ""ל",החברה הדרומית לשיווק בעמ,,מתז בייבי 99.9% לחיט,מיליליטרים,750.00,"100 מ""ל",false,,12.90,0.0172,true,1,30716
7290108352269,false,סנו מטליות לחיטוי ולניקוי בדלי 400 יחידו,החברה הדרומית לשיווק בעמ,,מטליות לחיטוי ולניקו,יחידה,0.00,יחידה,false,,30.90,0.0000,true,1,63835
7290108352566,false,מרכך כביסה בבישום עוצמתי 4 ל' סנו מקסינה,החברה הדרומית לשיווק בעמ,,מרכך JOY בבישום עוצמ,ליטרים,4.00,ליטר,false,,22.90,5.7250,true,1,230278
7290108352573,false,מרכך כביסה סנו מקסימה בבישום עוצמתי 4 ליטר,החברה הדרומית לשיווק בעמ,,מרכך כביסה CALM בבי,ליטרים,4.00,ליטר,false,,22.90,5.7250,true,1,383541
7290108352597,false,דלי מגבונים לניקוי כללי סנו 400 יחידות,החברה הדרומית לשיווק בעמ,,מגבונים בדלי 400 יח',יחידה,0.00,יחידה,false,,30.90,0.0000,true,1,30721
7290108352672,false,צמד מטליות הפלא לרצפה מיקרפייבר סנו סושי,החברה הדרומית לשיווק בעמ,,סנו סושי זוג מטלית ה,יחידה,0.00,יחידה,false,,19.90,0.0000,true,1,30727
7290108353013,false,תבניות אינגלישקייק מנייר סנו סושי 5 יח',החברה הדרומית לשיווק בעמ,,סנו-סושי 5 תבניות א,יחידה,0.00,יחידה,false,,12.90,0.0000,true,1,30754
7290108353471,false,סנובון מוצק לאסלה DESIGN בניחוח ספא,החברה הדרומית לשיווק בעמ,,סנובון דזיין בניחוח,יחידה,0.00,יחידה,false,,6.90,0.0000,true,1,30770
7290108353730,false,"קרמה - תחליב רחצה חימר אוכמניות כחולות 500 מ""ל",החברה הדרומית לשיווק בעמ,,תחליב רחצה חימר אוכמ,מיליליטרים,500.00,"100 מ""ל",false,,12.90,0.0258,true,1,385966
7290108353792,false,"נקה 7 - תחליב רחצה יפן בניחוח פריחת הדובדבן 750 מ""ל",החברה הדרומית לשיווק בעמ,,תחליב רחצה יפן פריחת,מיליליטרים,750.00,"100 מ""ל",false,,11.90,0.0159,true,1,101731
7290108353891,false,"קרמה - דאודורנט רול און לאישה קרמה מאסק 75 מ""ל",החברה הדרומית לשיווק בעמ,,דאודורנט רול און מאס,מיליליטרים,75.00,"100 מ""ל",false,,12.90,0.1720,true,1,88874
7290108354447,false,"כיף מרכך לשיקום והזנה שמן קוקוס וקרטין 700 מ""ל",החברה הדרומית לשיווק בעמ,,מרכך כיף לשיקום והזנ,מיליליטרים,700.00,"100 מ""ל",false,,11.90,0.0170,true,1,127300
7290108354492,false,"קרליין שמפו 10 לשיער שמן ארגן 700 מ""ל",החברה הדרומית לשיווק בעמ,,שמפו לשיער רגיל קרלי,מיליליטרים,700.00,"100 מ""ל",false,,13.90,0.0199,true,1,361466
7290108354706,false,"קרמה - תחליב רחצה מאסק 500 מ""ל",החברה הדרומית לשיווק בעמ,,תחליב רחצה מאסק קרמה,מיליליטרים,500.00,"100 מ""ל",false,,12.90,0.0258,true,1,230318
7290108354751,false,"סנו - ג'ט מרסס לניקוי כללי בתוספת אבקת סודה 750 מ""ל",החברה הדרומית לשיווק בעמ,,מתז JET+בתוספת סודה,מיליליטרים,750.00,"100 מ""ל",false,,12.90,0.0172,true,1,30778
7290108355000,false,שמפו לילדים מיניונים נקה 7 (750 מל),החברה הדרומית לשיווק בעמ,,שמפו מיניונים נקה 7,מיליליטרים,750.00,"100 מ""ל",false,,11.90,0.0159,true,1,30784
7290108355147,false,תחליב רחצה שמנהי הזנה נקה (7507 מל),טרופיקל דגיל תעשיות קוסמ,,תחליב רחצה שמני הזנה,מיליליטרים,750.00,"100 מ""ל",false,,11.90,0.0159,true,1,30796
7290108355482,false,"קרמה - דאודורנט רול און לאישה קרמה לבנדר ואקליפטוס 75 מ""ל",החברה הדרומית לשיווק בעמ,,דאודורנט רול און לבנ,מיליליטרים,75.00,"100 מ""ל",false,,12.90,0.1720,true,1,88879
7290108355543,false,"קרמה - דאודורנט ספריי לאישה נרולי מגנוליה 150 מ""ל",החברה הדרומית לשיווק בעמ,,דאודורנט ספריי ReFre,מיליליטרים,150.00,"100 מ""ל",false,,12.90,0.0860,true,1,216756
7290108356120,false,תחליב רחצה כיף ניחוח קוקוס וניל700 מל,החברה הדרומית לשיווק בעמ,,תחליב רחצה קוקוס וני,מיליליטרים,700.00,"100 מ""ל",false,,11.90,0.0170,true,1,30835
7290108356519,false,קרליין שמפו 10למניעת קשקשים 700מל,החברה הדרומית לשיווק בעמ,,שמפו לשיער בתוספת שמ,מיליליטרים,700.00,"100 מ""ל",false,,13.90,0.0199,true,1,302700
7290108356526,false,"קרליין - שמפו 10 לשיער יבש 700 מ""ל",החברה הדרומית לשיווק בעמ,,שמפו לשיער יבש קרליי,מיליליטרים,700.00,"100 מ""ל",false,,13.90,0.0199,true,1,302714
7290108356564,false,"קרליין - מרכך 10 לשיער רגיל 700 מ""ל",החברה הדרומית לשיווק בעמ,,מרכך לשיער רגיל קרלי,מיליליטרים,700.00,"100 מ""ל",false,,13.90,0.0199,true,1,302757
7290108357196,false,"ג'ט פלוס לניקוי כללי בתוספת תמצית עץ התה 750 מ""ל סנו",החברה הדרומית לשיווק בעמ,,סנו ג'ט פלוס לניקוי,מיליליטרים,750.00,"100 מ""ל",false,,12.90,0.0172,true,1,178131
7290108357288,false,אקונומיקה ז'אוול בניחוח פריחה לבנה 4 ל' סנו,החברה הדרומית לשיווק בעמ,,סנו ז'אוול בניחוח פר,ליטרים,4.00,ליטר,false,,16.90,4.2250,true,1,350439
7290108357707,false,"כיף שמפו לשיער רגיל- תפוח זרעי צ'יה 700 מ""ל",החברה הדרומית לשיווק בעמ,,שמפו לשיער רגיל תפוח,מיליליטרים,700.00,"100 מ""ל",false,,11.90,0.0170,true,1,30843
7290108357714,false,"כיף שמפו לשיער יבש -רימונים ושמן ארגן 700 מ""ל",החברה הדרומית לשיווק בעמ,,שמפו לשיער יבש רימונ,מיליליטרים,700.00,"100 מ""ל",false,,11.90,0.0170,true,1,30844
7290108357844,false,כיף אל סבון 1 ליטר אצות ים שקית מילוי + פקק,החברה הדרומית לשיווק בעמ,,אל סבון כיף שקית מיל,ליטרים,1.00,ליטר,false,,8.90,8.9000,true,1,490153
7290108357875,false,"כיף - שמפו לחות מוגברת עם אפרסק וחמאת מורומורו 700 מ""ל",החברה הדרומית לשיווק בעמ,,שמפו לחות מוגברת אפר,מיליליטרים,700.00,"100 מ""ל",false,,11.90,0.0170,true,1,385743
7290108357882,false,"כיף - מרכך לחות מוגברת עם אפרסק וחמאת מורומורו 700 מ""ל",החברה הדרומית לשיווק בעמ,,מרכך לחות מוגברת אפר,מיליליטרים,700.00,"100 מ""ל",false,,11.90,0.0170,true,1,385758
7290108359060,false,סנו סושי כריות הפלא רב תכלתיות *4 לשבת,החברה הדרומית לשיווק בעמ,,כריות ניקוי לשבת 4 י,יחידה,0.00,יחידה,false,,11.90,0.0000,true,1,234774
7290108359077,false,סנו - סופט לושן ממחטות אף בקופסא 3 שכבות 120 יח',החברה הדרומית לשיווק בעמ,,ממחטות אף בקופסא 3 ש,יחידה,0.00,יחידה,false,,12.90,0.0000,true,1,306728
7290108359084,false,סנו סושי כיסוי ניילון עם גומי 30 יחידות M,החברה הדרומית לשיווק בעמ,,סנו סושי כיסוי ניילו,יחידה,0.00,יחידה,false,,11.90,0.0000,true,1,561554
7290108359091,false,סנו סושי כיסוי ניילון עם גומי 30 יחידות L,החברה הדרומית לשיווק בעמ,,סנו סושי כיסוי ניילו,יחידה,0.00,יחידה,false,,11.90,0.0000,true,1,561568
7290108500271,false,שלישיית פטריות חתוך ויליפוד 290 גרם מהדרין,ג.וילי פוד אינטרנשיונל בעמ,,פטריות חתוך ויליפוד,גרמים,870.00,100 גרם,false,,11.90,0.0137,true,1,3039
7290108502381,false,בסיסים להכנת פיצה קוטר 26 וילי פוד 480ג',ג. וילי-פוד אינטרנשיונל בע`מ,,תחתיות לפיצה קוטר 26,יחידה,0.00,יחידה,false,,12.90,0.0000,true,1,3136
7290108503982,false,פרוסות גבינה בטעם צ'דר לכריכים וטוסטים ויליפוד 150 גרם,ג. וילי-פוד אינטרנשיונל בע`מ,,פרוסות גבינה בטעם צ',גרמים,150.00,100 גרם,false,,9.90,0.0660,true,1,3228
7290108504286,false,איבריקו צ'אנק ויליפוד 150 גרם,ג.וילי-פוד אינטרנשיונל **גבינו,,איבריקו צ'אנק 150 גר,גרמים,150.00,100 גרם,false,,16.90,0.1127,true,1,3244
7290108507010,false,מאפה בורקס מים תורכי תרד וגבינה ויליפוד 300 גרם,ג.וילי-פוד אינטרנשיונל **גבינו,,מ.בורקס מים תורכי תר,גרמים,300.00,100 גרם,false,,12.90,0.0430,true,1,70524
7290108509267,false,ארוחת פסטה עם רוטב גבינה ויליפוד 206 גרם,ג. וילי-פוד אינטרנשיונל בע`מ,,ארוחת פסטה עם רוטב ג,גרמים,206.00,100 גרם,false,,7.90,0.0383,true,1,191903
7290109580043,false,"שניצל תירס קלאסי זוגלובק 1.75 ק""ג",נקניק זוגלובק נהריה,,זוגלובק שניצל תירס 1,קילוגרמים,1.75,"ק""ג",false,,49.90,28.5143,true,1,103711
7290109923147,false,אסטוניש מהדורה פרימיום פלא של אקונומיקה,יעקב יעקבי ובניו בע`מ,,אסטוניש מרסס פלא של,מיליליטרים,750.00,"100 מ""ל",false,,11.90,0.0159,true,1,522423
7290110110659,false,"ספרייט לימון ליים פחית 330מ""ל",החברה המרכזית להפצת משקאות בעמ,,סליק ספרייט חדש 330,מיליליטרים,330.00,"100 מ""ל",false,,5.50,0.0167,true,1,7196
7290110114787,false,נביעות+ מים מינרליים בטעם תפוח 1.5 ליטר,החברה המרכזית להפצת משקאות בעמ,,נביעות + תפוח 1.5 לי,ליטרים,1.50,ליטר,false,,8.90,5.9333,true,1,242634
7290110114794,false,נביעות+ מים מינרליים בטעם אפרסק 1.5 ליטר,החברה המרכזית להפצת משקאות בעמ,,נביעות + אפרסק 1.5 ל,ליטרים,1.50,ליטר,false,,8.90,5.9333,true,1,242649
7290110114800,false,נביעות+ מים מינרליים בטעם ענבים 1.5 ליטר,החברה המרכזית להפצת משקאות בעמ,,נביעות + ענבים 1.5 ל,ליטרים,1.50,ליטר,false,,8.90,5.9333,true,1,242664
7290110114855,false,"נביעות מים מינרליים, שישיה 6 * 1.5 ליטר פקדון",החברה המרכזית להפצת משקאות בעמ,,מי נביעות שישייה 1.5,ליטרים,9.00,ליטר,false,,13.90,1.5444,true,1,242731
7290110114893,false,מיץ תפוזים מפוסטר סחוט 2 ליטר,*החברה המרכזית להפצת משקאותבעמ,,פריגת סחוט תפוזים 2,ליטרים,2.00,ליטר,false,,29.20,14.6000,true,1,242505
7290110114954,false,מיץ תפוזים מתקתקים פריגת 2 ליטר,*החברה המרכזית להפצת משקאותבעמ,,מיץ תפוזים מתקתק 100,ליטרים,2.00,ליטר,false,,22.20,11.1000,true,1,242536
7290110114961,false,משקה קל בטעם תפוזים פריגת (1.5 ליטר),החברה המרכזית להפצת משקאות בעמ,,פריגת תפוזים 1.5 ליט,ליטרים,1.50,ליטר,false,,8.90,5.9333,true,1,242745
7290110114985,false,משקה קל בטעם אשכוליות פריגת (1.5 ליטר),החברה המרכזית להפצת משקאות בעמ,,פריגת אשכולית 1.5 לי,ליטרים,1.50,ליטר,false,,8.90,5.9333,true,1,242760
7290110115005,false,משקה קל בטעם ענבים פריגת (1.5 ליטר),החברה המרכזית להפצת משקאות בעמ,,פריגת ענבים 1.5 ליטר,ליטרים,1.50,ליטר,false,,8.90,5.9333,true,1,242801
7290110115029,false,משקה קל בטעם תפוחים פריגת (1.5 ליטר),החברה המרכזית להפצת משקאות בעמ,,פריגת תפוחים 1.5 ליט,ליטרים,1.50,ליטר,false,,8.90,5.9333,true,1,242881
7290110115036,false,משקה קל בטעם מנגו פריגת (1.5 ליטר),החברה המרכזית להפצת משקאות בעמ,,פריגת מנגו 1.5 ליטר,ליטרים,1.50,ליטר,false,,8.90,5.9333,true,1,242909
7290110115043,false,משקה קל בטעם לימונענע פריגת (1.5 ליטר),החברה המרכזית להפצת משקאות בעמ,,פריגת לימונענע 1.5 ל,ליטרים,1.50,ליטר,false,,8.90,5.9333,true,1,242910
7290110115111,false,פריגת צלול אננס 1.5 ליטר פיקדון,החברה המרכזית להפצת משקאות בעמ,,פריגת צלול אננס 1.5,ליטרים,1.50,ליטר,false,,8.50,5.6667,true,1,243072
7290110115128,false,פריגת צלול בטעם לימונענע 1.5 ליטר פיקדון,החברה המרכזית להפצת משקאות בעמ,,פריגת צלול בטעם לימו,ליטרים,1.50,ליטר,false,,8.50,5.6667,true,1,243073
7290110115203,false,קוקה קולה 1.5 ליטר פיקדון,החברה המרכזית להפצת משקאות בעמ,,קוקה קולה 1.5 ליטר,ליטרים,1.50,ליטר,false,,8.90,5.9333,true,1,243091
7290110115210,false,קוקה קולה דיאט 1.5 ליטר פיקדון,החברה המרכזית להפצת משקאות בעמ,,דיאט קוקה קולה 1.5 ל,ליטרים,1.50,ליטר,false,,8.50,5.6667,true,1,243092
7290110115227,false,קוקה קולה Zero בקבוק 1.5 ליטר פיקדון,החברה המרכזית להפצת משקאות בעמ,,קוקה קולה זירו בקבוק,ליטרים,1.50,ליטר,false,,8.90,5.9333,true,1,243093
7290110115265,false,ספרייט לימון ליים 1.5 ליטר-,החברה המרכזית להפצת משקאות בעמ,,ספרייט 1.5 ליטר LIME,ליטרים,1.50,ליטר,false,,8.90,5.9333,true,1,243221
7290110115272,false,ZERO ספרייט 1.5 ליטר פיקדון,החברה המרכזית להפצת משקאות בעמ,,ספרייט זירו 1.5 ליטר,ליטרים,1.50,ליטר,false,,8.50,5.6667,true,1,243222
7290110115289,false,ספרייט 19 קל' לימון-נענע 1.5 ליטר פיקדון,החברה המרכזית להפצת משקאות בעמ,,ספרייט 19 קלוריות לי,ליטרים,1.50,ליטר,false,,8.50,5.6667,true,1,243264
7290110115302,false,משקה מוגז אורנג' זירו פאנטה 1.5 ליטר,החברה המרכזית להפצת משקאות בעמ,,פאנטה זירו בטעם אורנ,ליטרים,1.50,ליטר,false,,8.90,5.9333,true,1,243279
7290110115333,false,גזוז בטעם תות פאנטה 1.5 ליטר פיקדון,החברה המרכזית להפצת משקאות בעמ,,פאנטה תות 1.5 ליטר,ליטרים,1.50,ליטר,false,,8.90,5.9333,true,1,243323
7290110115364,false,קוקה קולה שישיות 1.5 ליטר פיקדון,החברה המרכזית להפצת משקאות בעמ,,קוקה קולה 6*1.5 ליטר,ליטרים,9.00,ליטר,false,,49.90,5.5444,true,1,243111
7290110115418,false,קוקה קולה זירו 1.5 ליטר מארז שישייה,החברה המרכזית להפצת משקאות בעמ,,קוקה קולה זירו שישיי,ליטרים,9.00,ליטר,false,,46.90,5.2111,true,1,243127
7290110115449,false,פיוז-טי תה מנגו אננס 1.5 ליטר פיקדון,החברה המרכזית להפצת משקאות בעמ,,פיוז טי מנגו אננס 1.,ליטרים,1.50,ליטר,false,,9.50,6.3333,true,1,243381
7290110115456,false,פיוז-טי תה אפרסק 1.5 ליטר 19 קל פיקדון,החברה המרכזית להפצת משקאות בעמ,,פיוז טי אפרסק 19 קל,ליטרים,1.50,ליטר,false,,8.90,5.9333,true,1,243382
7290110115463,false,פיוז-טי תה אפרסק 1.5 ליטר פיקדון,החברה המרכזית להפצת משקאות בעמ,,פיוז טי אפרסק 1.5 לי,ליטרים,1.50,ליטר,false,,9.50,6.3333,true,1,243397
7290110115869,false,קוקה קולה זירו 1.5 ליטר פיקדון,תות תעשיות מזון (201,,קוקה קולה זירו בקבוק,ליטרים,1.50,ליטר,false,,8.90,5.9333,true,1,563985
7290110116064,false,פאנטה זירו בטעם פירות ירוק 1.5 ל פיקדון,החברה המרכזית להפצת משקאות בעמ,,פאנטה זירו 1.5 ליטר,ליטרים,1.50,ליטר,false,,8.90,5.9333,true,1,435990
7290110320591,false,גבינה בולגרית במרקם מעודן 16% פיראוס,"תנובה בע""מ ***",,בולגרית 16% במרקם מע,גרמים,250.00,100 גרם,false,,20.90,0.0836,true,1,26179
7290110320683,false,שמיניית משקה יוגורט 1.5% טעם תות יופלה 107 גרם,מיוצר עי קונדיטוריית,,משקה יופלה שמיניה בט,מיליליטרים,856.00,"100 מ""ל",false,,16.90,0.0197,true,1,26185
7290110320850,false,פתיתים גבינה חצי קשה מגורדת 28% שומן,תנובה מרכז שיתופי לש,,עמק פתיתים 200 גרם,גרמים,200.00,100 גרם,false,,14.90,0.0745,true,1,26195
7290110320867,false,פתיתים גבינה חצי קשה מגורדת 28% שומן,תנובה מרכז שיתופי לש,,עמק פתיתים למאפים 28,גרמים,500.00,100 גרם,false,,29.90,0.0598,true,1,26196
7290110321277,false,קוטג בקטנה 5%. 100 גרם מהדרין תנובה,פארייפאבה אגרואינדוס,,קוטג' תנובה בקטנה 5,גרמים,100.00,100 גרם,false,,2.50,0.0250,true,1,26227
7290110321284,false,קוטג' בקטנה 9% תנובה 100 גרם מהדרין,פארייפאבה אגרואינדוס,,קוטג' תנובה בקטנה 9,גרמים,100.00,100 גרם,false,,2.50,0.0250,true,1,26228
7290110321604,false,קוביות פיראוס בולגרית מעודנת 5% 200 גרם - רבנות,"תנובה בע""מ ***",,פיראוס קוביות בולגרי,גרמים,200.00,100 גרם,false,,19.90,0.0995,true,1,26244
7290110322014,false,טופו בטעם טבעי תנובה ALTERNATIVE,שוורצקוף& הנקל דיסלד,,טופו טבעי 300 גרם,גרמים,300.00,100 גרם,false,,11.90,0.0397,true,1,26271
7290110322946,false,יופלה טיוב יוגורט במרקם חלק בטעם תות בננה כשרות רבנות 348 ג',תנובה - חלב,,יופלה טיוב יוגורט במ,מיליליטרים,348.00,"100 מ""ל",false,,11.90,0.0342,true,1,26295
7290110323097,false,מעדן גבינה עם מחית תות-תאומים 80 גר`,תנובה בעמ ***,,תאומים 80 גרם גביע ב,גרמים,80.00,100 גרם,false,,1.90,0.0237,true,1,26302
7290110324070,false,גבינת חלומי מחלב בקר (30% 200 גר`)פירא,תנובה - חלב,,גבינת חלומי מחלב בקר,גרמים,200.00,100 גרם,false,,18.90,0.0945,true,1,26372
7290110324353,false,יוגורט GO לייט בטעם אננס 20 גרם חלבון בגביע,מיוצר עי קונדיטוריית,,יופלה גו לייט בטעם א,גרמים,200.00,100 גרם,false,,5.90,0.0295,true,1,26389
7290110324551,false,יופלה טיוב יוגורט במרקם חלק תות כשרות מהדרין,"תנובה בע""מ ***",,יופלה טיוב יוגורט במ,מיליליטרים,348.00,"100 מ""ל",false,,11.90,0.0342,true,1,26407
7290110324841,false,מעדן שקדים עם שוקולד מריר תנובה 125 גרם,מיוצר עי קונדיטוריית,,מעדן שקדים עם שוקולד,גרמים,125.00,100 גרם,false,,4.50,0.0360,true,1,26426
7290110324926,false,משקה סויה ללא תוספת סוכר E אלטרנטיב,תנובה מרכז שיתופי לש,,משקה סויה ללא תוספת,יחידה,0.00,יחידה,false,,9.90,0.0000,true,1,26431
7290110325084,false,מאגדת שמינייה מיני קרלו שוניל 8*100גרם,"תנובה בע""מ ***",,מאגדת שמינייה מיני ק,מיליליטרים,800.00,"100 מ""ל",false,,13.90,0.0174,true,1,26440
7290110325114,false,"משקה יוגורט יופלה גו לייט תות בננה 250 מ""ל - רבנות",מיוצר עי קונדיטוריית,,יופלה משקה יוגורט גו,מיליליטרים,250.00,"100 מ""ל",false,,6.50,0.0260,true,1,26443
7290110325510,false,יופלה טיוב יוגורט במרקם חלק בטעם וניל-יוניקור,"תנובה בע""מ ***",,יופלה טיוב יוגורט במ,מיליליטרים,348.00,"100 מ""ל",false,,11.90,0.0342,true,1,26453
7290110325619,false,משקה שיבולת שועל תנובה E אלטרנטיב,מיוצר עי קונדיטוריית,,תנובה משקה שיבולת שו,יחידה,0.00,יחידה,false,,12.90,0.0000,true,1,26457
7290110325893,false,משקה חלב GO מועשר בחלבון בטעם אייס קפה,מיוצר עי קונדיטוריית,,משקה תנובה GO אייס ק,גרמים,340.00,100 גרם,false,,7.90,0.0232,true,1,26476
7290110326234,false,יופלה און טופ כוכבים תנובה 157 גרם,מיוצר עי קונדיטוריית,,יופלה און טופ כוכבים,גרמים,157.00,100 גרם,false,,4.90,0.0312,true,1,59740
7290110326333,false,פרוסות גבינה סקנדינבית 170 גר`קולקשיין,"תנובה בע""מ ***",,פרוסות גבינה סקנדינב,גרמים,170.00,100 גרם,false,,17.50,0.1029,true,1,159599
7290110327514,false,alternative משקה שיבולת שועל בטעם אגוזי לוז תנובה 1 ליטר,תנובה מרכז שיתופי לש,,משקה שיבולת שועל בטע,יחידה,0.00,יחידה,false,,12.90,0.0000,true,1,187219
7290110328481,false,פתיתי פרמג'יאנו רג'יאנו מחלב בקר 30%,ברטינלי גיאני א.,,פתיתי פרמג'יאנו רג'י,גרמים,100.00,100 גרם,false,,13.90,0.1390,true,1,147483
7290110328641,false,טופו טבעי 500 גר`אלטרנטיב 2*250 גר`,"תנובה בע""מ ***",,טופו טבעי 2 יחידות,גרמים,500.00,100 גרם,false,,17.90,0.0358,true,1,194755
7290110328771,false,יוגורט יופלה GO במרקם סמיך עם פירות יער 0%,מיוצר עי קונדיטוריית,,יוגורט גו סמיך 0% פי,גרמים,200.00,100 גרם,false,,5.90,0.0295,true,1,171633
7290110329266,false,יוגורט תנובה מחלב עיזים מלא תנובה 140 ג',תנובה בעמ ***,,יוגורט מחלב עיזים מל,גרמים,140.00,100 גרם,false,,5.90,0.0421,true,1,194795
7290110329792,false,יוגורט סויה BIO Alternative אפרסק 150 ג' תנובה,מיוצר עי קונדיטוריית,,סויה BIO אפרסק גביע,גרמים,150.00,100 גרם,false,,4.50,0.0300,true,1,319965
7290110329808,false,יוגורט סויה BIO Alternative תות 150 ג' תנובה,מיוצר עי קונדיטוריית,,סויה BIO תות גביע 15,גרמים,150.00,100 גרם,false,,4.50,0.0300,true,1,319966
7290110552121,false,יוגורט 5% בתוספת סידן וויטמין D היוגורט הראשון שלי,שטראוס גרופ בעמ/מצונן,,היוגורט הראשון שלי 5,גרמים,100.00,100 גרם,false,,2.30,0.0230,true,1,455279
7290110552220,false,יוגורט PRO בטעם תות 0% סוכר לבן 20 גרם חלבון בגביע,שטראוס גרופ בעמ/מצונן,,דנונה PRO 20 גרם חלב,גרמים,200.00,100 גרם,false,,5.90,0.0295,true,1,302252
7290110553029,false,"אנרג'י קריספס-פריכיות חומוס, עדשים ואפונה עם קייל וסלק","פרח תעשיו מזון בע""מ",,פריכיות חלבון קייל ח,גרמים,60.00,100 גרם,false,,9.90,0.1650,true,1,309787
7290110553180,false,אנרגי פריכיות אורז בטעם תפוח קינמון 50 ג,שטראוס גרופ בע`מ,,פריכיות עם תפוח וקינ,גרמים,40.00,100 גרם,false,,6.90,0.1725,true,1,562904
7290110553425,false,קפה נמס 200 גרם +20% תוספת עלית,שטראוס קפה בי.וי,,קפה נמס עלית פחית מו,גרמים,240.00,100 גרם,false,,19.90,0.0829,true,1,314246
7290110554125,false,דלישס נודלס בסגנון סצ`ואן חריף 350 גרם,קפוא-זן תעשיות מזון בעמ - תפוג,,נודלס בסגנון סצ'ואן,גרמים,350.00,100 גרם,false,,27.90,0.0797,true,1,233624
7290110554422,false,פומודורו רוטב עגבניות ופלפלים לשקשוקה לפסטה יד מרדכי 350 גרם,אמיליאנה קונסרב סוסייטה,,רוטב עגבניות ופלפלים,גרמים,350.00,100 גרם,false,,10.90,0.0311,true,1,345452
7290110554583,false,מארז חטיפי צ'יטוס פאפס בטעם גבינה - 10 יחידות,"שטראוס פריטו ליי בע""\מ )",,מארז צ'יטוס PUFFS בט,גרמים,200.00,100 גרם,false,,12.90,0.0645,true,1,278864
7290110556242,false,"שוקולד מריר פרווה 100 גר' בד""ץ תוצרת חוץ","שטראוס גרופ בע""מ.",,שוקולד מריר מעולה 10,גרמים,100.00,100 גרם,false,,4.90,0.0490,true,1,552860
7290110557102,false,מעדן חלב עם שוקולד מועשר בחלבון 150 ג' שטראוס,שטראוס גרופ בעמ/מצונן,,מעדן פרו חלב עם שוקו,גרמים,150.00,100 גרם,false,,5.50,0.0367,true,1,220287
7290110557133,false,מעדן הגולן וניל 125 ג' שטראוס,שטראוס גרופ בעמ/מצונן,,מעדן הגולן מעדן חלב,גרמים,125.00,100 גרם,false,,2.90,0.0232,true,1,239798
7290110558130,false,יוגורט אקטיביה עם שיבולת שועל ודבש 150 גרם,שטראוס גרופ בעמ/מצונן,,אקטיביה עם דבש ושיבו,גרמים,150.00,100 גרם,false,,4.50,0.0300,true,1,444848
7290110558154,false,דנונה לייט אנד פרי עוגת תפוחים 150ג דנונה,שטראוס גרופ בעמ/מצונן,,דנונה לייט אנד פרי ת,גרמים,150.00,100 גרם,false,,4.90,0.0327,true,1,519728
7290110558253,false,דנונה שייק נונה ריפרש בננה אננס וצ'יה,שטראוס גרופ בעמ/מצונן,,יוגורט עם אננס בננה,גרמים,250.00,100 גרם,false,,5.50,0.0220,true,1,444877
7290110558314,false,דנונה פרו 20 גרם חלבון ללא סוכר פיסטוק 200 גרם,שטראוס גרופ בעמ/מצונן,,דנונה פרו ללא סוכר 2,גרמים,200.00,100 גרם,false,,5.90,0.0295,true,1,519743
7290110558666,false,מעדן גבינה בטעם תפוח 88 ג' דניאלה,שטראוס גרופ בעמ/מצונן,,דניאלה בטעם תפוח 88,גרמים,88.00,100 גרם,false,,4.10,0.0466,true,1,554682
7290110560317,false,"הפריכיות הטעימות חומוס, עדשים שחורות, קינואה ומלח ים","פרח תעשיו מזון בע""מ",,פריכיות משולשות מלח,גרמים,30.00,100 גרם,false,,4.90,0.1633,true,1,22993
7290110560324,false,"הפריכיות הטעימות תפו""א, אורז, אפונה ומלח ים","פרח תעשיו מזון בע""מ",,פריכיות משולשות אפונ,גרמים,30.00,100 גרם,false,,4.90,0.1633,true,1,22994
7290110561352,false,דנונה יוגורט ביו פרוביוטי 3% דל לקטוז 150ג',שטראוס גרופ בעמ/מצונן,,דנונה ביו דל לקטוז ב,גרמים,200.00,100 גרם,false,,3.90,0.0195,true,1,23930
7290110561604,false,מארז 8 יחידות מעדן גמדים בטעם תות בננה,שטראוס גרופ בעמ/מצונן,,שמיניית גמדים תות בנ,גרמים,800.00,100 גרם,false,,18.90,0.0236,true,1,23939
7290110563462,false,חלב 2% דל לקטוז בבקבוק יטבתה 1 ליטר.,שטראוס גרופ בעמ/מצונן,,יטבתה חלב בבקבוק נטו,ליטרים,1.00,ליטר,false,,8.90,8.9000,true,1,23946
7290110564360,false,חומוס אחלה הסידרה המובחר 40% טחינה 400 גר',שטראוס גרופ בעמ/מצונן,,חומוס אחלה עשיר ב 40,גרמים,400.00,100 גרם,false,,12.90,0.0323,true,1,23954
7290110564414,false,חומוס אחלה הסידרה המובחר 30% טחינה 600 גר',שטראוס גרופ בעמ/מצונן,,חומוס הסדרה המובחרת,גרמים,600.00,100 גרם,false,,14.90,0.0248,true,1,23958
7290110564742,false,"משקה קפה קר בסגנון חזק 230 מ""ל 1.2% יוטבתה",שטראוס גרופ בעמ/מצונן,,יטבתה משקה קפה קר בס,מיליליטרים,230.00,"100 מ""ל",false,,7.90,0.0343,true,1,23964
7290110565435,false,מעדן ג`לי בטעם פטל חלבי שטראוס (125 גרם,שטראוס גרופ בעמ/מצונן,,לימבו בטעם פטל 0% שו,גרמים,125.00,100 גרם,false,,2.50,0.0200,true,1,23969
7290110565527,false,יוגורט PRO פרו 1.5% 20 גרם חלבון בגביע,שטראוס גרופ בעמ/מצונן,,דנונה PRO 20 גרם חלב,גרמים,200.00,100 גרם,false,,5.90,0.0295,true,1,23971
7290110566975,false,דנונה פרו יוגורט 0% תות עשיר בחלבון 200ג',שטראוס גרופ בעמ/מצונן,,דנונה PRO 20 גרם חלב,גרמים,200.00,100 גרם,false,,5.90,0.0295,true,1,23981
7290110568238,false,"קצפת צמחית 21% שומן 250 מ""ל יוטבתה",שטראוס גרופ בעמ/מצונן,,קצפת צימחית 21% במתי,מיליליטרים,250.00,"100 מ""ל",false,,7.90,0.0316,true,1,23993
7290110568276,false,משקה וניל פרו Pro מועשר בחלבון 1.5%,שטראוס גרופ בעמ/מצונן,,משקה פרו וניל יטבתה,מיליליטרים,350.00,"100 מ""ל",false,,6.90,0.0197,true,1,23994
7290110568559,false,דוריטוס עלית מארז חמוץ חריף 10 יח' *25 ג',"שטראוס פריטו ליי בע""מ )פ",,מארז דוריטוס חמוץ חר,גרמים,250.00,100 גרם,false,,13.90,0.0556,true,1,24382
7290110568566,false,דוריטוס גריל עלית מארז 10 יח' *25 ג',"שטראוס פריטו ליי בע""מ )פ",,מארז דוריטוס גריל 10,גרמים,250.00,100 גרם,false,,13.90,0.0556,true,1,24383
7290110571405,false,עלית - מיני פינוקיות בגביע פסק זמן 180 גרם,שטראוס גרופ בע`מ,,מיני פינוקיות פסק זמ,גרמים,180.00,100 גרם,false,,10.90,0.0606,true,1,567838
7290110572969,false,כיף כף פצפצים עלית קרם לבן (40 גר`),שולן צ'\יקולטה גידה סאן.,,כיף כף פצפצים קרם לב,גרמים,40.00,100 גרם,false,,4.90,0.1225,true,1,519957
7290110576318,false,מאגדת שלישיית שוקולד אגוז לבן 300 ג' עלית,"שטראוס גרופ בע""מ",,מארז שלישיית אגוז ל,גרמים,300.00,100 גרם,false,,21.90,0.0730,true,1,555560
7290110576387,false,מאגדת שלישיית שוקולד אגוז חלב 300 ג' עלית,שטראוס גרופ בע`מ,,מארז שלישיית אגוז ח,גרמים,300.00,100 גרם,false,,21.90,0.0730,true,1,555562
7290110576790,false,סקי בטעם מוקה 3% (125 גר`) דנונה,שטראוס גרופ בעמ/מצונן,,מעדן גבינה בטעם מוקה,גרמים,125.00,100 גרם,false,,3.90,0.0312,true,1,554668
7290110577247,false,"יטבתה משקה חלב-פיסטוק בבקבוק 350 מ""ל",שטראוס גרופ בעמ/מצונן,,משקה חלב פיסטוק 350,מיליליטרים,350.00,"100 מ""ל",false,,6.50,0.0186,true,1,554640
7290111092985,false,מארז מגבונים לחים בייביסיטר ללא בישום רביעייה,שקד תבל בע`מ,,מגבוני בייבי פרפורמנ,יחידה,0.00,יחידה,false,,15.90,0.0000,true,1,479251
7290111094361,false,קוויק שקיות אשפה XL עם ידית 20 יח' במארז,שקד תבל בעמ,,קוויק שקיות אשפה XL,יחידה,0.00,יחידה,false,,12.90,0.0000,true,1,234814
7290111094651,false,שקיות אשפה L עם ידית קוויק 40 יח',שקד תבל בעמ,,קוויק שקיות אשפה L ח,יחידה,0.00,יחידה,false,,12.90,0.0000,true,1,234828
7290111097041,false,מגבונים בייביסיטר מבושם שמינייה,קיבוץ עמיר dpl,,בייביסיטר מגבונים לח,יחידה,0.00,יחידה,false,,20.90,0.0000,true,1,184194
7290111342042,false,כריות יפניות ניקול לניקוי אנטיבקטריאלי 4,קימברלי קלארק ישראל שיווק בעמ,,כריות יפניות אנטיבקט,יחידה,0.00,יחידה,false,,10.90,0.0000,true,1,9155
7290111344206,false,האגיס נטורל קר מגבונים לחים בבישום עדין רביעייה,קימברלי קלארק ישראל שיווק בעמ,,מגבוני האגיס נטורל ק,יחידה,0.00,יחידה,false,,18.90,0.0000,true,1,234202
7290111344558,false,שקיות אשפה בגודל L עם שרוך 100 יח`,קימברלי קלארק ישראל שיווק בעמ,,שקיות אשפה נשלפות לא,יח',100.00,יח',false,,29.90,0.2990,true,1,279909
7290111345814,false,נייר טואלט לילי נטורל קר 30 גלילים מהדורה,קימברלי קלארק ישראל שיווק בעמ,,נייר טואלט נטורל קר,יח',30.00,יח',false,,32.90,1.0967,true,1,279868
7290111346293,false,מגבת נייר ניקול 6 יחידות מהדורה חגיגית,קימברלי קלארק ישראל שיווק בעמ,,מגבות מטבח ניקול לבנ,מטרים,64.80,מטר,false,,11.80,0.1821,true,1,447759
7290111350726,false,חטיף נאצוס הוטפופ בסגנון מקסיקני 322 גר,ליימן שליסל בע`מ,,הוטפופ נאצ'וס בסגנון,גרמים,322.00,100 גרם,false,,15.90,0.0494,true,1,12824
7290111353055,false,"גומי דובי 200 גר' וסטהיים (כש""לפ בית יוסף)",אפגאם תעשיות ממתקים,,יוגטה סוכריות גומי ד,גרמים,200.00,100 גרם,false,,8.90,0.0445,true,1,105532
7290111353550,false,חמאת בוטנים טבעית קליית גת 300 גרם,ליימן שליסל בע`מ,,חמאת בוטנים טבעית קל,גרמים,300.00,100 גרם,false,,14.90,0.0497,true,1,519256
7290111354748,false,כדורגל קליית גת מתנה,ליימן שליסל,,כדורגל קליית גת מתנה,יחידה,0.00,יחידה,false,,0.01,0.0000,true,1,562431
7290111564277,false,פריכיות דקות ונימוחות 3 דגנים פיטנס Fitness,קבוצת אוסם סחר שותפות מוגבלת,,פריכיות 3 דגנים דקות,גרמים,120.00,100 גרם,false,,10.90,0.0908,true,1,19226
7290111564291,false,פריכיות דקות ונימוחות 3 דגנים וקינואה פיטנס Fitness,קבוצת אוסם סחר שותפות מוגבלת,,פריכיות קינואה דקות,גרמים,120.00,100 גרם,false,,10.90,0.0908,true,1,19227
7290111566271,false,טבעול חטיפי תירס 657 גרם קפוא,קבוצת אוסם סחר שותפות מוגבלת,,חטיפי תירס טבעול 65,גרמים,657.00,100 גרם,false,,30.90,0.0470,true,1,20023
7290111566332,false,"נקניקיות וינר מן הצומח 680 גרם ""טבעול""",קבוצת אוסם סחר שותפות מוגבלת,,נקניקיה וינר 680 גר,גרמים,680.00,100 גרם,false,,30.90,0.0454,true,1,20026
7290111566561,false,"שניצל ברוקולי 99 קלוריות 560 גר' ""טבעול""",קבוצת אוסם סחר שותפות מוגבלת,,טבעול שניצל ברוקולי,גרמים,630.00,100 גרם,false,,30.90,0.0490,true,1,20030
7290111568206,false,ביסלי פארטי מיקס אסם 150 גר',קבוצת אוסם סחר שותפות מוגבלת,,ביסלי פארטי מיקס ברב,גרמים,150.00,100 גרם,false,,6.90,0.0460,true,1,19273
7290111930805,false,קראנצ'וס טעם ברביקיו 55 גר',ש. שסטוביץ בע`מ,,קראנצו'ס ברביקיו 55,גרמים,55.00,100 גרם,false,,3.90,0.0709,true,1,21791
7290111930850,false,קראנצ'וס טעם פיצה 55גר',ש. שסטוביץ בע`מ,,קראנצו'ס פיצה 55 גרם,גרמים,55.00,100 גרם,false,,3.90,0.0709,true,1,21796
7290111930898,false,חטיף פוף כוכבים גריל אמריקאי 40 גרם,ש. שסטוביץ בע`מ,,פוף כוכבים גריל אמרי,גרמים,40.00,100 גרם,false,,3.90,0.0975,true,1,21800
7290111930911,false,חטיף פוף לבבות קלאסי 40 גרם,ש. שסטוביץ בע`מ,,פוף לבבות קלאסי 40 ג,גרמים,40.00,100 גרם,false,,3.90,0.0975,true,1,21802
7290111930928,false,חטיף פוף לבבות גריל 40 גרם,ש. שסטוביץ בע`מ,,"פוף לבבות גריל 40 ג""",גרמים,40.00,100 גרם,false,,3.90,0.0975,true,1,21803
7290111931321,false,"קולגייט מיניונים משחת שיניים ילדים 6+ 50 מ""ל",קולגייט- פלמוליב,,קולגייט משחת שיניים,מיליליטרים,50.00,"100 מ""ל",false,,11.90,0.2380,true,1,21809
7290111931338,false,סבון רחצה פלמוליב לומינוס מועשר בשמנים טבעיים,קולגייט פלמוליב,,פלמוליב סבון נוזלי ל,מיליליטרים,500.00,"100 מ""ל",false,,15.90,0.0318,true,1,21810
7290111935961,false,מאסטר שף מחית עגבניות 690 גרם,פראנו אנריקו ופיגלי,,מחית עגבניות מאסטר ש,גרמים,690.00,100 גרם,false,,10.50,0.0152,true,1,21848
7290111937255,false,מארז חמישיית חטיפי תמרים בוטנים ואגוזי לוז פרי 125 גרם,"טבעית מוצרים מהטבע בע""\מ",,פרי מארז חטיפים תמרי,גרמים,125.00,100 גרם,false,,14.90,0.1192,true,1,21865
7290111938481,false,"מאזטר שף רוטב סויה בהירה 300 מ""ל",ש. שסטוביץ בע`מ,,רוטב סויה בהירה מ.שף,מיליליטרים,300.00,"100 מ""ל",false,,10.90,0.0363,true,1,74045
7290112002105,false,קולון גל כביסה מרוכז 2.5 ליטר ניחוח לילך,רקיט בנקיזר (ניר איסט) בעמ,,קולון ג'ל 2.5 ליטר כ,ליטרים,2.50,ליטר,false,,24.90,9.9600,true,1,21079
7290112002136,false,ג'ל כביסה מרוכז קולון 101 קלאסי,רקיט בנקיזר (ניר איסט) בעמ,,קולון ג'ל 4 ליטר רגי,ליטרים,4.00,ליטר,false,,34.90,8.7250,true,1,21082
7290112004208,false,פיניש טבליות למדיח הכל ב 1 לימון 50 יחידות,רקיט בנקיזר (ניר איסט) בעמ,,טבליות למדיח כלים פי,גרמים,800.00,100 גרם,false,,39.90,0.0499,true,1,362916
7290112004413,false,"ספריי וניש קליה להסרת כתמים לבגדים לבנים 750 מ""ל",רקיט בנקיזר (ניר איסט) בעמ,,מסיר כתמים ספריי כבי,מיליליטרים,750.00,"100 מ""ל",false,,16.90,0.0225,true,1,375453
7290112332691,false,פינוקיות עוגיות קרם פסק זמן אגוזים 200 גרם,"הגביע מוצרי וופלים בע""\מ",,פינוקיות עוגיית קרם,גרמים,200.00,100 גרם,false,,10.90,0.0545,true,1,23096
7290112332899,false,עלית - צנצנת בזוקה פופים קלאסי 58 גרם,שטראוס גרופ בע`מ,,מאסט בזוקה פופים קלא,גרמים,58.00,100 גרם,false,,9.90,0.1707,true,1,23100
7290112334749,false,קפה טורקי בצלופן עלית 200 גרם+ 10% תוספת,"שטראוס גרופ בע""מ",,עלית טורקי שקית 200,גרמים,220.00,100 גרם,false,,15.90,0.0723,true,1,23102
7290112335487,false,הפריכיות הטעימות קצח ודגנים אנרג'י 135 גרם,אנרג'י Energy - שטראוס,,פריכיות הטעימות קצח,גרמים,135.00,100 גרם,false,,10.90,0.0807,true,1,23110
7290112335500,false,"פרכיות אנרג'י חומוס,אורז,עדשים שחורות וקינואה 135 גרם","פרח תעשיות מזון בע""\מ",,פריכיות הטעימות עשיר,גרמים,135.00,100 גרם,false,,10.90,0.0807,true,1,23112
7290112336712,false,יוגורט PRO לבן 0% 21 גרם חלבון בגביע,שטראוס גרופ בעמ/מצונן,,דנונה פרו 21 0% שומן,גרמים,200.00,100 גרם,false,,5.90,0.0295,true,1,24035
7290112338877,false,מעדן גבינה בטעם תות 3% 125ג' סקי,שטראוס גרופ בעמ/מצונן,,גבינת סקי תות 3% 125,גרמים,125.00,100 גרם,false,,3.90,0.0312,true,1,24037
7290112339171,false,מעדן מוס שוקולד 81 גר`מילקי,שטראוס גרופ בעמ/מצונן,,מילקי מוס 81 גרם.,גרמים,81.00,100 גרם,false,,3.50,0.0432,true,1,24044
7290112339867,false,גמדים לדרך גבינה לבנה עם מחית תות,שטראוס גרופ בעמ/מצונן,,גמדים סקוויז בודד תו,גרמים,100.00,100 גרם,false,,5.90,0.0590,true,1,24064
7290112339874,false,גמדים לדרך גבינה לבנה עם מחיות תות ובננה,שטראוס גרופ בעמ/מצונן,,גמדים סקוויז בודד תו,גרמים,100.00,100 גרם,false,,5.90,0.0590,true,1,24065
7290112340122,false,הפריכיות הטעימות 3 דגנים אנרג'י 135 גרם,"פרח תעשיות מזון בע""\מ",,פריכיות הטעימות 3 דג,גרמים,135.00,100 גרם,false,,10.90,0.0807,true,1,23138
7290112343260,false,"יטבתה רוטב שמנת קלאסי 9% שומן 260 מ""ל",שטראוס גרופ בעמ/מצונן,,יטבתה רוטב שמנת קלאס,גרמים,260.00,100 גרם,false,,9.90,0.0381,true,1,24094
7290112343499,false,חטיף צ'יטוס פאפס אפוי בטעם גבינה,"שטראוס פריטו ליי בע""\מ )",,ציטוס Puffs בטעם גבי,גרמים,55.00,100 גרם,false,,3.50,0.0636,true,1,223785
7290112344564,false,רביולי גבינה קלאסי שטראוס 400 ג',שטראוס גרופ בעמ/מצונן,,EAT GOOD רביולי גבינ,גרמים,400.00,100 גרם,false,,19.90,0.0497,true,1,24099
7290112346360,false,בפלות אחת אחת בציפוי שוקולד חלב עלית 180 גרם,הגביע מוצרי וופלים ב,,בפלות אחת אחת בציפוי,גרמים,180.00,100 גרם,false,,13.90,0.0772,true,1,23182
7290112346629,false,דנונה בר יוגורט+קורנפלקס מצופה שוקולד חלב ולבן 172 גרם,שטראוס גרופ בעמ/מצונן,,דנונה קראנצ' עם קורנ,מיליליטרים,172.00,"100 מ""ל",false,,4.60,0.0267,true,1,75150
7290112346827,false,אקטימל ויטמין c פטל שמינייה 864 גרם,שטראוס גרופ בעמ/מצונן,,אקטימל ויטמין C פטל,מיליליטרים,800.00,"100 מ""ל",false,,19.90,0.0249,true,1,108194
7290112347008,false,גמדים לדרך גבינה לבנה עם מחית תות ושיבולת שועל,שטראוס גרופ בעמ/מצונן,,גמדים ארוחת בוקר תות,גרמים,100.00,100 גרם,false,,5.90,0.0590,true,1,24129
7290112348142,false,שעועית לבנה 380 גר' בקופסה טעם הטבע,שטראוס גרופ בע`מ,,שעועית לבנה טעם הטבע,גרמים,380.00,100 גרם,false,,6.90,0.0182,true,1,67159
7290112348999,false,הפריכיות הטעימות תירס דקות אנרג'י 135 גרם,שטראוס גרופ בע`מ,,פריכיות טעימות תירס,גרמים,135.00,100 גרם,false,,10.90,0.0807,true,1,120167
7290112349606,false,מעדן גבינה ויוגורט תות בננה 88 ג' דניאלה,שטראוס גרופ בעמ/מצונן,,דניאלה תות בננה 150,מיליליטרים,150.00,"100 מ""ל",false,,4.10,0.0273,true,1,302279
7290112349736,false,בזיליקום רוטב עגבניות לפסטה יד מרדכי 350 גרם,אמיליאנה קונסרב סוסייטה,,רוטב עגבניות בזיליקו,גרמים,350.00,100 גרם,false,,10.90,0.0311,true,1,23191
7290112349743,false,ארביאטה רוטב עגבניות פיקנטי לפסטה 350 ג' יד מרדכי,אמיליאנה קונסרב סוסייטה,,רוטב עגבניות ארביאטה,גרמים,350.00,100 גרם,false,,10.90,0.0311,true,1,23192
7290112351258,false,עוגיית קקאו פינוקיות שחור לבן 200 גר,"הגביע מוצרי ופלים בע""\מ",,פינוקיות עוגיית שחור,גרמים,200.00,100 גרם,false,,10.90,0.0545,true,1,90507
7290112351470,false,סוכריות ללא סוכר בטעם תות רימון מאסט פרש,"הליקון גידה בע""\מ",,שלישיית סוכריות FRES,גרמים,45.00,100 גרם,false,,7.90,0.1756,true,1,96679
7290112351524,false,עלי סלנובה 200 גר' שטראוס טעם הטבע,שטראוס בריאות ירקות טריי,,עלי סלנובה טעם הטבע,גרמים,200.00,100 גרם,false,,11.90,0.0595,true,1,80433
7290112353887,false,"משקה קפה קר בטעם אגוזים יטבתה 230 מ""ל",האי נאם סי או אל.טי.,,קפה קר יטבתה בטעם אג,מיליליטרים,230.00,"100 מ""ל",false,,7.90,0.0343,true,1,87516
7290112354174,false,"פסטה רוזה 280 ג""ר ""דלישס"" שטראוס",קפוא-זן תעשיות מזון בעמ - תפוג,,פסטה רוזה שטראוס דלי,גרמים,280.00,100 גרם,false,,21.90,0.0782,true,1,233580
7290112354945,false,תפוצ'יפס WAVY בטעם טבעי 50 גרם,שטראוס פריטו ליי בע`מ,,תפוצ'יפס wavy 50 גר,גרמים,50.00,100 גרם,false,,3.90,0.0780,true,1,570118
7290112355027,false,דנונה פרו 20 גרם חלבון בטעם קרמל מלוח 200 גרם,שטראוס גרופ בעמ/מצונן,,דנונה פרו 20 גר' בטע,גרמים,200.00,100 גרם,false,,5.90,0.0295,true,1,114143
7290112355102,false,גמדים סקוויז 100 גרם פאוץ סלט פירות 100 גרם,שטראוס גרופ בעמ/מצונן,,סקוויז גמדים לדרך סל,גרמים,100.00,100 גרם,false,,5.90,0.0590,true,1,121966
7290112355393,false,"יטבתה רוטב שמנת+בטטה 9% שומן 250 מ""ל",שטראוס גרופ בעמ/מצונן,,רוטב שמנת עם בטטה 9%,גרמים,257.00,100 גרם,false,,9.90,0.0385,true,1,556126
7290112357106,false,שעועית אדומה 380 גר' בקופסה טעם הטבע,"שטראוס גרופ בע""מ",,שעועית אדומה טעם הטב,גרמים,380.00,100 גרם,false,,6.90,0.0182,true,1,67162
7290112357113,false,גרגרי חומוס בקופסה 380 גר' טעם הטבע,"שטראוס גרופ בע""מ",,גרגרי חומוס טעם הטבע,גרמים,380.00,100 גרם,false,,6.90,0.0182,true,1,67163
7290112358127,false,דנונה פרו חלבון+מגנזיום- וניל ועוגיות 200 גרם,שטראוס גרופ בעמ/מצונן,,דנונה פרו 20 גר עם מ,גרמים,200.00,100 גרם,false,,6.50,0.0325,true,1,108220
7290112492449,false,פינוק שמפו שיער רגיל 700 מל-חדש,"יוניליוור ישראל שיווק בע""מ",,פינוק שמפו לשיער רגי,מיליליטרים,700.00,"100 מ""ל",false,,11.90,0.0170,true,1,57407
7290112492593,false,תחליב רחצה פינוק בניחוח פינוק קלאסי 700,יוניליוור ישראל שיווק בע`מ,,פינוק תחליב רחצה קלא,מיליליטרים,700.00,"100 מ""ל",false,,9.90,0.0141,true,1,57427
7290112492609,false,"פינוק סבון נוזלי לבנדר ווניל 700 מ""ל","יוניליוור ישראל שיווק בע""מ",,פינוק תחליב רחצה לבנ,מיליליטרים,700.00,"100 מ""ל",false,,9.90,0.0141,true,1,57442
7290112493088,false,נמס בכוס עדשים מרק רכיבים טבעיים קנור 54 ג',יוניליוור ישראל שיווק בע`מ,,נמס בכוס מרק עדשים ח,גרמים,54.00,100 גרם,false,,6.50,0.1204,true,1,10828
7290112494221,false,חטיף ביסקויט שוקולד חלב קליק (65 גרם),יוניליוור ישראל שיווק בע`מ,,קליק ביסקוויט 65 גרם,גרמים,65.00,100 גרם,false,,5.90,0.0908,true,1,10847
7290112494238,false,חטיף כדורים שוקולד חלב קליק (65 גרם),יוניליוור ישראל שיווק בע`מ,,קליק כדורים חלב 65 ג,גרמים,65.00,100 גרם,false,,5.90,0.0908,true,1,10848
7290112495037,false,דגני בוקר בטעם שוקולד כדורים 375 ג' קוקומן,יוניליוור ישראל שיווק בע`מ,,קוקומן כדורים תלמה ב,גרמים,375.00,100 גרם,false,,19.90,0.0531,true,1,10871
7290112495174,false,נשנושי קרקר קוקטייל שומשום בייגל בייגל 300 גרם,יוניליוור ישראל שיווק בע`מ,,נשנושים קוקטייל שומש,גרמים,300.00,100 גרם,false,,12.90,0.0430,true,1,10879
7290112496430,false,קנור נמס בכוס אקסטרה עגבניות+איטריות 37 גרם - רבנות,יוניליוור ישראל שיווק בע`מ,,נמס בכוס אקסטרה מרק,גרמים,37.00,100 גרם,false,,3.90,0.1054,true,1,220607
7290112496461,false,נמס בכוס אקסטרה מרק ירקות עם המון אטריות,"יוניליוור ישראל שיווק בע""מ",,מרק נמס בכוס אקסטרה,גרמים,35.00,100 גרם,false,,3.90,0.1114,true,1,112140
7290112498274,false,פינוק אלסבון לידיים לבנדר וניל 1ליטר+משא,יוניליוור ישראל שיווק בע`מ,,אל סבון לידיים בניחו,מיליליטרים,950.00,"100 מ""ל",false,,11.90,0.0125,true,1,180069
7290112961266,false,בייגלה כפיות פיזור איטלקי 300 גרם אסם,קבוצת אוסם סחר שותפות מוגבלת,,בייגלה כפיות בסגנון,גרמים,300.00,100 גרם,false,,10.90,0.0363,true,1,19304
7290112961464,false,פיטנס חטיפי פריכיות דגנים וחומוס מתובלות,קבוצת אוסם סחר שותפות מוגבלת,,חטיפי פריכיות דקות מ,גרמים,60.00,100 גרם,false,,8.90,0.1483,true,1,19310
7290112963918,false,פיטנס חטיפי קרקר דק רוזמרין 140 גרם,קבוצת אוסם סחר שותפות מוגבלת,,פיטנס חטיפי קרקר דק,גרמים,140.00,100 גרם,false,,11.90,0.0850,true,1,19336
7290112964458,false,אסם רוטב ויניגרט חדש לסלט 295 גרם,קבוצת אוסם סחר שותפות מוגבלת,,אסם רוטב ויניגרט לסל,מיליליטרים,295.00,"100 מ""ל",false,,9.90,0.0336,true,1,19351
7290112964625,false,רוטב שום לייט לסלט 310 גרם אסם,קבוצת אוסם סחר שותפות מוגבלת,,אסם רוטב שום לייט לס,מיליליטרים,295.00,"100 מ""ל",false,,9.90,0.0336,true,1,19358
7290112964724,false,המבורגר צמחוני עם המון חלבון 580 גר,קבוצת אוסם סחר שותפות מוגבלת,,טבעול המבורגר טבעוני,גרמים,580.00,100 גרם,false,,30.90,0.0533,true,1,20065
7290112965103,false,תבשיל קוסקוס עם ירקות 146 גרם אסם,קבוצת אוסם סחר שותפות מוגבלת,,קוסקוס עם ירקות אסם,גרמים,146.00,100 גרם,false,,11.90,0.0815,true,1,19362
7290112965301,false,זוג מרק נמס בטעם עוף עם שקדי מרק רגע חם,קבוצת אוסם סחר שותפות מוגבלת,,זוג מרק נמס טעם עוף,גרמים,38.00,100 גרם,false,,5.90,0.1553,true,1,19372
7290112965325,false,אורז בסגנון ספרדי אסם 140 גרם,קבוצת אוסם סחר שותפות מוגבלת,,אורז ספרדי אסם 140 ג,גרמים,140.00,100 גרם,false,,11.90,0.0850,true,1,19373
7290112965585,false,פרפקטו פסטה קסרצה אסם 500 גרם,קבוצת אוסם סחר שותפות מוגבלת,,פסטה קסרצה פרפקטו 50,גרמים,500.00,100 גרם,false,,6.90,0.0138,true,1,19378
7290112965783,false,אוסם - ביסלי פריסטייל על האש 60 גרם,קבוצת אוסם סחר שותפות מוגבלת,,ביסלי פריסטייל על הא,גרמים,60.00,100 גרם,false,,4.50,0.0750,true,1,178203
7290112965905,false,בייגלה שמיניות במליחות מעודנת אסם 400 גרם,קבוצת אוסם סחר שותפות מוגבלת,,אסם בייגלה שמיניות ב,גרמים,400.00,100 גרם,false,,9.90,0.0248,true,1,19384
7290112966803,false,אינסטנט פודינג בטעם שוקולד אסם (88 גרם),קבוצת אוסם סחר שותפות מוגבלת,,אסם פודינג אינסטנט ש,גרמים,88.00,100 גרם,false,,5.50,0.0625,true,1,19400
7290112966841,false,אינסטנט פודינג בטעם שוקולד מריר 95 גרם,קבוצת אוסם סחר שותפות מוגבלת,,אסם פודינג בטעם שוקו,גרמים,90.00,100 גרם,false,,5.50,0.0611,true,1,19402
7290112967244,false,ביסלי גריל מארז 20 גר'*10 יח' אסם,,,ביסלי גריל מארז 10*,גרמים,200.00,100 גרם,false,,13.90,0.0695,true,1,19405
7290112968340,false,צבר חומוס גרוס גס גס 400 גרם,קבוצת אוסם סחר שותפות מוגבלת,,חומוס גרוס גס גס צבר,גרמים,400.00,100 גרם,false,,13.90,0.0348,true,1,20078
7290112968807,false,80018416694פיטנס חטיפי קרקר דק סלק 150גר,קבוצת אוסם סחר שותפות מוגבלת,,פיטנס קרקר דק סלק 14,גרמים,140.00,100 גרם,false,,11.90,0.0850,true,1,122755
7290113190375,false,סילאן טבעי שקדיה 900 גרם,דין שיווק וקליה 2021 בעמ,,סילאן סירופ תמרים טב,גרמים,900.00,100 גרם,false,,17.90,0.0199,true,1,206967
7290113190757,false,חלבה מסולסלת טעם וניל 300 גר`ששון הקו,דין שיווק וקליה 2021 בעמ,,חלבה תלתלים בטעם וני,גרמים,300.00,100 גרם,false,,14.90,0.0497,true,1,524424
7290113190771,false,חלבה מסולסלת שוקו וניל 300 גר`ששון הקו,דין שיווק וקליה 2021 בעמ,,חלבה מסולסלת בטעם שו,גרמים,300.00,100 גרם,false,,14.90,0.0497,true,1,4941
7290113192355,false,חרוזית זיתים ירוקים ללא גלעין 275 ג' בית השיטה,קבוצת אוסם סחר שותפות מוגבלת,,זיתים חרוזית ירוק בי,גרמים,275.00,100 גרם,false,,9.90,0.0360,true,1,19433
7290113192362,false,בית השיטה טבעות זיתים ירק.א2 12*280ג חדש,קבוצת אוסם סחר שותפות מוגבלת,,טבעות זיתים ירוקים ב,גרמים,280.00,100 גרם,false,,10.90,0.0389,true,1,19434
7290113192379,false,בית השיטה זיתים ירוקים מבוקעים א2 340גר',קבוצת אוסם סחר-שות.מוגבלת,,זיתים ירוקים מבוקעים,גרמים,340.00,100 גרם,false,,10.90,0.0321,true,1,19435
7290113192386,false,בית השיטה זיתים ירוקים סורי מבוקע 340גרם,קבוצת אוסם סחר שותפות מוגבלת,,זית סורי מבוקע בית ה,גרמים,340.00,100 גרם,false,,11.90,0.0350,true,1,19436
7290113192393,false,בית השיטה קוקטייל זיתים א2 336 גרם,קבוצת אוסם סחר שותפות מוגבלת,,קוקטייל זיתים בית הש,גרמים,336.00,100 גרם,false,,10.90,0.0324,true,1,19437
7290113192478,false,בית השיטה מלפפונים במלח בינוני 10-12 320 גרם,קבוצת אוסם סחר שותפות מוגבלת,,מלפפון במלח 10-12 בי,גרמים,320.00,100 גרם,false,,7.90,0.0247,true,1,19445
7290113192485,false,בית השיטה מלפפונים בחומץ בינוני 10-12 290 גרם,קבוצת אוסם סחר שותפות מוגבלת,,מלפפון בחומץ 12-10 ב,גרמים,290.00,100 גרם,false,,7.90,0.0272,true,1,19446
7290113192492,false,בית השיטה מלפפונים בחומץ קטנים 1317 290 גרם,קבוצת אוסם סחר שותפות מוגבלת,,מלפפון בחומץ 13-17 ב,גרמים,290.00,100 גרם,false,,9.90,0.0341,true,1,19447
7290113192508,false,ב.השיטה מלפפון במלח ר.טבע א2 17-13 320 גרם,קבוצת אוסם סחר שותפות מוגבלת,,מלפפון במלח 13-17 בי,גרמים,320.00,100 גרם,false,,9.90,0.0309,true,1,19448
7290113192515,false,בית השיטה מלפפונים במלח קטן מאוד 1825 320 גרם,קבוצת אוסם סחר שותפות מוגבלת,,מלפפון במלח 18-25 בי,גרמים,320.00,100 גרם,false,,10.90,0.0341,true,1,19449
7290113192539,false,בית השיטה מלפפונים במלח גדול 79 320 גרם,קבוצת אוסם סחר שותפות מוגבלת,,מלפפון במלח 7-9 בית,גרמים,560.00,100 גרם,false,,6.90,0.0123,true,1,19451
7290113192546,false,"מלפפונים בחומץ רכיבים טבעיים 7-9 ""בית השיטה""",קבוצת אוסם סחר שותפות מוגבלת,,מלפפון בחומץ 7-9 בית,גרמים,560.00,100 גרם,false,,6.90,0.0123,true,1,19452
7290113192560,false,פלפל חריף כבוש שיפקה בית השיטה (430 גר`),קבוצת אוסם סחר שותפות מוגבלת,,פלפל שיפקה בית השיטה,גרמים,230.00,100 גרם,false,,6.90,0.0300,true,1,19454
7290113192997,false,בית השיטה זית מרוקאי 340 גרם*,קבוצת אוסם סחר שותפות מוגבלת,,זית מרוקאי בית השיטה,גרמים,340.00,100 גרם,false,,12.90,0.0379,true,1,106835
7290113193000,false,בית השיטה פלפל שיפקונית 230 גרם*,קבוצת אוסם סחר שותפות מוגבלת,,פלפל שיפקונית בית הש,גרמים,230.00,100 גרם,false,,11.90,0.0517,true,1,106836
7290113193888,false,בית השיטה חצילים מוחמצים 320 גרם,קבוצת אוסם סחר שותפות מוגבלת,,בית השיטה חצילים מוח,גרמים,320.00,100 גרם,false,,9.90,0.0309,true,1,177736
7290113196414,false,"אורז בסמטי 1 ק""ג - שקדיה כחול מטאלי",דין שיווק וקליה 2021 בעמ,,אורז בסמטי שקדיה 1 ק,קילוגרמים,1.00,"ק""ג",false,,9.90,9.9000,true,1,206758
7290113196902,false,מנה חמה אטריות אורז בטעם בקר 70 ג' סו שף,דין שיווק וקליה 2021 בעמ,,מנה חמה אטריות אורז,גרמים,60.00,100 גרם,false,,7.90,0.1317,true,1,551546
7290113197169,false,שקדיה חמאת בוטנים עם שברי בוטנים 510 גר,דין שיווק וקליה 2021 בעמ,,חמאת בוטנים טבעית שק,גרמים,510.00,100 גרם,false,,15.90,0.0312,true,1,551576
7290113289116,false,קערות אלגנט זהב 25 י,,,קערות אלגנט זהב 25 י,יחידה,0.00,יחידה,false,,5.90,0.0000,true,1,216087
7290113289543,false,כוסות שקופות 150 יחי,,,כוסות שקופות 150 יחי,יחידה,0.00,יחידה,false,,14.90,0.0000,true,1,357936
7290113289550,false,צלחות מתכלות גדולות,,,צלחות מתכלות גדולות,יחידה,0.00,יחידה,false,,29.90,0.0000,true,1,266268
7290114310215,false,"שמנת מתוקה 38% רמת הגולן 250 מ""ל ווסטהיים - מוצר בפיקוח",החברה המרכזית טלהפצת משקאות בע,,שמנת מתוקה 38% בקבוק,מיליליטרים,250.00,"100 מ""ל",false,,6.18,0.0247,true,1,67862
7290114310222,false,חלב מועשר בסידן וויטמין Dי 3% 1.5 ל' טרה,*החברה המרכזית להפצת משקאותבעמ,,חלב מועשר בסידן 1.5,ליטרים,1.50,ליטר,false,,10.90,7.2667,true,1,80151
7290114310239,false,חלב נטול לקטוז מועשר בוויטמין D י 2% 1.5 ל' טרה,החברה המרכזית טלהפצת משקאות בע,,חלב נטול לקטוז 1.5,ליטרים,1.50,ליטר,false,,10.90,7.2667,true,1,80138
7290114310536,false,יוגורט לייט מעושר חלבון 25 גרם חלבון וניל MULLER ACTIVE,*החברה המרכזית להפצת משקאותבעמ,,מולר אקטיב לייט יוגו,גרמים,25.00,100 גרם,false,,5.90,0.2360,true,1,148100
7290114310901,false,גבינה לבנה 5% טרה 250 גרם ווסטהים,*החברה המרכזית להפצת משקאותבעמ,,גבינה לבנה טרה 5% וו,גרמים,250.00,100 גרם,false,,4.75,0.0190,true,1,194255
7290114311038,false,"שמנת מתוקה 32% עמידה בבקבוק טרה 250 מ""ל",*החברה המרכזית להפצת משקאותבעמ,,שמנת מתוקה 32% בקבוק,מיליליטרים,250.00,"100 מ""ל",false,,6.90,0.0276,true,1,429715
7290114311069,false,יוגורט לבן מועשר בחלבון 0% שומן 200 גרם muller active,החברה המרכזית טלהפצת משקאות בע,,יוגורט בטעם טבעי 25,גרמים,200.00,100 גרם,false,,5.90,0.0295,true,1,369475
7290114311298,false,יוגורט מולר פרופ בטעם תות בננה מלון 150,החברה המרכזית טלהפצת משקאות בע,,מולר פרופ תות בננה מ,גרמים,150.00,100 גרם,false,,4.90,0.0327,true,1,524281
7290114311328,false,חלב מועשר דל לקטוז מעושר בויטמין Dי 2% שומן טרה 1 ליטר,*החברה המרכזית להפצת משקאותבעמ,,חלב נטול לקטוז טרה 1,ליטרים,1.00,ליטר,false,,7.10,7.1000,true,1,537412
7290114311359,false,יוגורט עם קציפת מנגו 3% שומן פרופ 150 ג' מולר,החברה המרכזית טלהפצת משקאות בע,,מולר פרופ מנגו 3% 15,גרמים,150.00,100 גרם,false,,4.90,0.0327,true,1,524266
7290114311458,false,חלב קרטון 3% מועשר ויטמין די 1 ליטר,*החברה המרכזית להפצת משקאותבעמ,,קרטון חלב מועשר ויטמ,ליטרים,1.00,ליטר,false,,8.90,8.9000,true,1,556671
7290114600927,false,מאסטר שף עלי טורטייה חיטה מלאה 320 גרם,אלקאטי קורביישיסי גי,,עלי טורטיה חיטה מלאה,גרמים,320.00,100 גרם,false,,9.90,0.0309,true,1,208051
7290114600941,false,מאסטר שף מיונז הולנדי לחיץ 435 גרם,ש. שסטוביץ בע`מ,,מאסטר שף מאסטר שף מ,גרמים,435.00,100 גרם,false,,13.90,0.0320,true,1,83984
7290114603539,false,קרוטונים למרק שום בצל מאסטר שף 350 גרם,"עינת תעשיות מזון, אגשח ב",,מאסטר שף קרוטונים למ,גרמים,350.00,100 גרם,false,,17.90,0.0511,true,1,213781
7290114604840,false,"דפי אורז קוטר 16 כשל""פ מאסטר שף",ש. שסטוביץ בע`מ,,דפי אורז קוטר 16 כשל,גרמים,400.00,100 גרם,false,,9.90,0.0248,true,1,131279
7290114604857,false,"דפי אורז מאסטר שף קוטר 22 ס""מ 400 גרם",ש. שסטוביץ בע`מ,,דפי אורז קוטר 22 כשל,גרמים,400.00,100 גרם,false,,9.90,0.0248,true,1,131293
7290114604864,false,קוסקוס סולת דק מאסטר שף 350 גרם,ש. שסטוביץ בע`מ,,קוסקוס דק מאסטר שף 3,גרמים,350.00,100 גרם,false,,5.90,0.0169,true,1,208468
7290114606578,false,מאסטר שף שקדי מרק 400 גרם,ש. שסטוביץ בע`מ,,שקדי מרק מאסטר שף 40,גרמים,400.00,100 גרם,false,,9.90,0.0248,true,1,213782
7290115190519,false,סיגריות נקסט פיין חפ,פיליפ מוריס בעמ,,סיגריות נקסט (בודד),יחידה,0.00,יחידה,false,,30.00,0.0000,false,1,103470
7290115200003,false,אסם פתי בר פינוקי וניל 16*220 ג',קבוצת אוסם סחר שותפות מוגבלת,,פתי בר פינוקי וניל 2,גרמים,220.00,100 גרם,false,,10.90,0.0495,true,1,113772
7290115200027,false,אסם פתי בר פינוקים שוקו 220 גרם,קבוצת אוסם סחר שותפות מוגבלת,,פתי בר פינוקי שוקו 2,גרמים,220.00,100 גרם,false,,10.90,0.0495,true,1,113773
7290115200713,false,במבה קלאסי מארז אחיד 5*50 גר` אסם,קבוצת אוסם סחר שותפות מוגבלת,,מארז במבה קלאסי אסם,גרמים,250.00,100 גרם,false,,11.90,0.0476,true,1,116060
7290115200782,true,חמישיית פיתות 10*500,,,חמישיית פיתות 10*500,גרמים,500.00,100 גרם,false,,7.90,0.0158,true,1,113285
7290115201031,false,פתי בר פינוקי דובי שוקולד 175גר.,קבוצת אוסם סחר שותפות מוגבלת,,אסם פתיבר דובי שוקול,גרמים,175.00,100 גרם,false,,10.50,0.0600,true,1,148359
7290115201680,false,ביסלי חטיף בטעם ברביקין אסם (70 גרם),קבוצת אוסם סחר שותפות מוגבלת,,ביסלי ברביקיו 70 גרם,גרמים,70.00,100 גרם,false,,3.90,0.0557,true,1,121940
7290115201741,false,ביסלי חטיף בטעם בצל אסם (70 גרם),קבוצת אוסם סחר שותפות מוגבלת,,ביסלי בצל 70 גרם,גרמים,70.00,100 גרם,false,,3.90,0.0557,true,1,115392
7290115202816,false,מנה חמה פאוץ נודלס אטריות טעם עוף 70 גרם,קבוצת אוסם סחר שותפות מוגבלת,,מנה חמה פאוצ' נדלסאט,גרמים,70.00,100 גרם,false,,4.90,0.0700,true,1,148254
7290115203134,false,חטיף פופקו פופקורן במבה אסם (80 גרם),קבוצת אוסם סחר שותפות מוגבלת,,פופקו פופקורן במבה 4,גרמים,80.00,100 גרם,false,,4.90,0.0613,true,1,171406
7290115204056,false,"קטשופ מופחת סוכר אסם 690 גרם כשל""פ",קבוצת אוסם סחר שותפות מוגבלת,,אסם קטשופ מופחת סוכר,גרמים,690.00,100 גרם,false,,10.50,0.0152,true,1,159748
7290115204186,false,פסטו המעדינה של צבר,קבוצת אוסם סחר שותפות מוגבלת,,פסטו המעדינה של צבר,גרמים,190.00,100 גרם,false,,14.90,0.0784,true,1,371303
7290115205176,false,729001032825פיטנס חטיפי קרקר כפרי 140גר.,קבוצת אוסם סחר שותפות מוגבלת,,פיטנס קרקר THIN כפרי,גרמים,140.00,100 גרם,false,,11.90,0.0850,true,1,245916
7290115205312,false,קרקר פיטנס דק עם זיתי קלמטה ועשבי תיבול,קבוצת אוסם סחר שותפות מוגבלת,,פיטנס קרקר Thin Deli,גרמים,140.00,100 גרם,false,,11.90,0.0850,true,1,480327
7290115205527,false,חטיף מולטיגריין עם עדשים ( 25 גר`) פיטנס,קבוצת אוסם סחר שותפות מוגבלת,,פיטנס חטיף מולטגריין,גרמים,25.00,100 גרם,false,,4.90,0.1960,true,1,488007
7290115205541,false,חטיף מולטיגריין עם חומוס ( 25 גר`) פיטנס,קבוצת אוסם סחר שותפות מוגבלת,,פיטנס חטיף מולטיגריי,גרמים,25.00,100 גרם,false,,4.90,0.1960,true,1,488024
7290115205978,false,פתיבר ואצבעות שוקולד 180 גרם - רבנות,קבוצת אוסם סחר שותפות מוגבלת,,פתי בר אצבעות שוקולד,גרמים,180.00,100 גרם,false,,10.90,0.0606,true,1,373431
7290115207347,false,"אינסטנט פודינג פירות יער אסם 80 גרם בד""ץ",קבוצת אוסם סחר-שות.מוגבלת,,אסם פודינג אינסטנט פ,גרמים,80.00,100 גרם,false,,5.50,0.0688,true,1,415754
7290115207620,false,"אסם רוטב בסגנון סויה קלאסי 290 מ""ל",קבוצת אוסם סחר שותפות מוגבלת,,אסם רוטב בסגנון סויה,מיליליטרים,320.00,"100 מ""ל",false,,12.90,0.0403,true,1,479972
7290115207965,false,ויטמינצ'יק תרכיז מנגו אפרסק 1 ליטר,קבוצת אוסם סחר שותפות מוגבלת,,ויטמינצ'יק מנגו 1 לי,ליטרים,1.00,ליטר,false,,22.50,22.5000,true,1,335460
7290115207989,false,ויטמינצ'יק תרכיז לימון 1 ליטר,קבוצת אוסם סחר שותפות מוגבלת,,ויטמינצ'יק לימון 1 ל,ליטרים,1.00,ליטר,false,,22.50,22.5000,true,1,335445
7290115208009,false,ויטמינצ'יק ענבים סירופ 1 ליטר,קבוצת אוסם סחר שותפות מוגבלת,,ויטמינצ'יק ענבים 1 ל,ליטרים,1.00,ליטר,false,,22.50,22.5000,true,1,335461
7290115208047,false,סירופ פטל ויטמינצ`יק (1 ליטר),קבוצת אוסם סחר שותפות מוגבלת,,ויטמינצ'יק פטל 1 ליט,ליטרים,1.00,ליטר,false,,22.50,22.5000,true,1,335446
7290115208061,false,ויטמינצ'יק תפוח סירופ 1 ליטר,קבוצת אוסם סחר שותפות מוגבלת,,ויטמינצ'יק תפוח 1 לי,ליטרים,1.00,ליטר,false,,22.50,22.5000,true,1,335462
7290115208320,false,אפרופו חטיף בטעם ביסלי בצל 50 גרם,קבוצת אוסם סחר שותפות מוגבלת,,אפרופו בטעם ביסלי בצ,גרמים,50.00,100 גרם,false,,5.00,0.1000,true,1,560373
7290115208344,false,שטוחים בייגלה כפיות שמנת בצל 300גר,קבוצת אוסם סחר שותפות מוגבלת,,אסם בייגלה כפיות שמנ,גרמים,300.00,100 גרם,false,,10.90,0.0363,true,1,526440
7290115209198,false,במבה אוורירית אסם 80 גרם,קבוצת אוסם סחר שותפות מוגבלת,,במבה אורירית 80 גרם,גרמים,80.00,100 גרם,false,,4.50,0.0563,true,1,488069
7290115209358,false,במבה במילוי בראוניז אסם (60 גרם),קבוצת אוסם סחר שותפות מוגבלת,,במבה במילוי בראוניז,גרמים,60.00,100 גרם,false,,4.50,0.0750,true,1,560091
7290115209372,false,במבה במילוי בראוניז 150 גרם אוסם,קבוצת אוסם סחר שותפות מוגבלת,,במבה במילוי בראוניז,גרמים,150.00,100 גרם,false,,10.00,0.0667,true,1,560105
7290115403299,false,עוגיות פרפריות 450ג דל,שיבולים יצור ושיווק מוצרי מאפה,,עוגיות פרפריות אדל 4,גרמים,450.00,100 גרם,false,,15.90,0.0353,true,1,436467
7290115403527,false,עוגיות עינוגי תמרים 500ג דל,שיבולים יצור ושיווק מוצרי מאפה,,עוגיות עינוגי תמרים,גרמים,500.00,100 גרם,false,,15.90,0.0318,true,1,436488
7290115405088,false,קינוח אישי קדאיף קפולסקי 200 גרם,קפולסקי אדל בעמ,,קינוח אישי קדאיף-200,גרמים,200.00,100 גרם,false,,14.90,0.0745,true,1,64124
7290115405774,false,פחזניות ממולאות בטעם וניל קפולסקי 180 גרם,תופינים מקבוצת קפולס,,פחזניות בטעם וניל תו,גרמים,180.00,100 גרם,false,,14.90,0.0828,true,1,469105
7290115670684,false,גרנולה שיבולת שועל עם אגוזי לוז,אנרג'י Energy - שטראוס,,אנרג'י גרנולה שיבולת,גרמים,400.00,100 גרם,false,,13.90,0.0348,true,1,156813
7290115671223,false,מסטיק מאסט פאן אבטיח מנגו צנצנת 58 גרם,שטראוס גרופ בע`מ,,מסטיק קוביות ללא סוכ,גרמים,58.00,100 גרם,false,,9.90,0.1707,true,1,309974
7290115671339,false,מיני פינוקיות בראוניז בייגל בוטן עלית 180 ג' עלית,"הגביע מוצרי ופלים בע""\מ",,מיני פינוקיות בראוני,גרמים,180.00,100 גרם,false,,10.90,0.0606,true,1,191267
7290115671346,false,מיני פינוקיות טופי קרמל מלוח עלית 180 גרם,"הגביע מוצרי ופלים בע""\מ",,מיני פינוקיות במילוי,גרמים,180.00,100 גרם,false,,10.90,0.0606,true,1,191281
7290115675696,false,דגני בוקר קראנצ'ים שיבולת שועל עם אגוזים ושקדים,שטראוס פריטו ליי בע`מ,,דגני בוקר קוואקר שיב,גרמים,375.00,100 גרם,false,,19.90,0.0531,true,1,183952
7290115675986,false,דנונה יוגורט בר עם אגוזים מקורמלים 173 גרם,שטראוס גרופ בעמ/מצונן,,דנונה קראנצ' אגוזים,גרמים,173.00,100 גרם,false,,4.60,0.0266,true,1,122381
7290115676051,false,"משקה אקטיביה שיבולת שועל במתיקות מעודנת 250 מ""ל",שטראוס גרופ בעמ/מצונן,,משקה אקטיביה עם שיבו,גרמים,265.00,100 גרם,false,,4.90,0.0185,true,1,226366
7290115677409,false,אורז קארי צהוב עם ירקות ברוטב קארי וקרם קוקוס,קפוא זן תעשיות מזון בעמ,,אורז קארי צהוב שטראו,גרמים,350.00,100 גרם,false,,27.90,0.0797,true,1,233638
7290115678376,false,מעדן הגולן שוקולד 125 גרם,שטראוס גרופ בעמ/מצונן,,מעדן הגולן מעדן חלב,גרמים,125.00,100 גרם,false,,2.90,0.0232,true,1,193330
7290115678383,false,מעדן הגולן שוקולד מריר בודד 125גר,שטראוס גרופ בעמ/מצונן,,מעדן הגולן מעדן חלב,גרמים,125.00,100 גרם,false,,2.90,0.0232,true,1,193344
7290115678635,false,נשנושי גבינה -גבינת שמנת 16%+כעכים שטוחים עם מלח,שטראוס גרופ בעמ/מצונן,,נשנושי גבינה 16% עם,גרמים,67.00,100 גרם,false,,10.90,0.1627,true,1,490091
7290115678642,false,נשנושי גבינה 16% עם חטיף אפוי עם זיתים 67 ג' שטראוס,שטראוס גרופ בעמ/מצונן,,נשנושי גבינה עם חטיף,גרמים,67.00,100 גרם,false,,10.90,0.1627,true,1,490092
7290115679878,false,פיצה מבצק עם סלק דלישס 320 גרם,קפוא זן תעשיות מזון בעמ,,פיצה מבצק עם סלק שטר,גרמים,320.00,100 גרם,false,,27.90,0.0872,true,1,233976
7290115679885,false,פיצה מבצק עם כרובית עם רוטב עגבניות ומוצרלה,קפוא זן תעשיות מזון בעמ,,פיצה מבצק עם כרובית,גרמים,320.00,100 גרם,false,,27.90,0.0872,true,1,233949
7290116530185,false,"קורנפלקס דלישקד קרמל מלוח 400 גרם בד""ץ",יוניליוור ישראל שיווק בע`מ,,דגני בוקר דלישקד קרמ,גרמים,400.00,100 גרם,false,,21.90,0.0547,true,1,312993
7290116530895,false,"תרסיס ריחני למייבש כביסה פינוק כחול בדין 500 מ""ל",יוניליוור ישראל שיווק בע`מ,,תרסיס ריחני למייבש כ,מיליליטרים,500.00,"100 מ""ל",false,,16.90,0.0338,true,1,194482
7290116531243,false,"שמפו ומרכך 2ב-1 למניעת קשקשים 700 מ""ל פינוק","יוניליוור ישראל שיווק בע""מ",,שמפו ומרכך 2 ב-1 למנ,מיליליטרים,700.00,"100 מ""ל",false,,11.80,0.0169,true,1,264561
7290116532899,false,נישנושים איירביס טעם פלאפל 155 גר`,"יוניליוור ישראל שיווק בע""מ",,נשנושים איירביס חטיף,גרמים,155.00,100 גרם,false,,11.90,0.0768,true,1,567344
7290116533063,false,דגני בוקר שוגי קרטיב ענבים 400 גרם,יוניליוור ישראל שיווק בע`מ,,שוגי דגני בוקר בטעם,גרמים,400.00,100 גרם,false,,19.90,0.0497,true,1,489089
7290116930466,false,"משקה SHAKE בננה מנגן פסיפלורה והל 230 מ""ל יופלה",קבוצת המזון אקטשלאר,,יופלה SHAKE מנגו בנ,מיליליטרים,230.00,"100 מ""ל",false,,7.90,0.0343,true,1,523224
7290116930480,false,"משקה SHAKE בננה קיווי תפוח 230 מ""ל יופלה",קבוצת המזון אקטשלאר,,יופלה SHAKE בננה קי,מיליליטרים,230.00,"100 מ""ל",false,,7.90,0.0343,true,1,523225
7290116930626,false,ארוחה בקטנה ציזיקי עם קרקרים 150ג' תנובה,"תנובה בע""מ ***",,ציזיקי עם קרקרים תנו,גרמים,150.00,100 גרם,false,,7.90,0.0527,true,1,523149
7290117260456,false,גבינה בולגרית מעודנת למריחה עם זיתים 5% שומן 200 ג' יורו,ג.וילי-פוד אינטרנשיונל **גבינו,,גבינה בולגרית מעודנת,גרמים,200.00,100 גרם,false,,11.90,0.0595,true,1,525411
7290117260470,false,גבינה בולגרית מעודנת למריחה עם שום 5% שומן 200 ג' יורו,ג.וילי-פוד אינטרנשיונל **גבינו,,גבינה בולגרית מעודנת,גרמים,200.00,100 גרם,false,,11.90,0.0595,true,1,525396
7290117860090,false,מרכך תמציות אלוורה ותה ירוק לשיער רגיל,"טרופיקל דגיל בע""\מ",,מרכך מטפח לשיער רגיל,מיליליטרים,700.00,"100 מ""ל",false,,14.90,0.0213,true,1,564145
7290117860243,false,"הוואי - מרכך מעניק לחות לשיער יבש 700 מ""ל","טרופיקל גליל בע""מ",,מרכך לשיער יבש הוואי,מיליליטרים,700.00,"100 מ""ל",false,,14.90,0.0213,true,1,564148
7290117860298,false,שמפו קומפלקס קרטין לשיער עדין או חלש,"טרופיקל גליל בע""מ",,שמפו קרטין מחזק הווא,מיליליטרים,700.00,"100 מ""ל",false,,14.90,0.0213,true,1,567071
7290117860540,false,הוואי שמפו לילדים רוזמרין מנגו ומשמש 700,"טרופיקל דגיל בע""\מ",,שמפו הוואי ילדים 700,מיליליטרים,0.00,"100 מ""ל",false,,14.90,0.0000,true,1,564152
7290117860694,false,הוואי מרכך קרטין קיק ללא סולפטים 700 מל,"טרופיקל גליל בע""מ",,מרכך ללא סולפטים הוו,מיליליטרים,700.00,"100 מ""ל",false,,14.90,0.0213,true,1,567075
7290117860847,false,"הוואי רעננות מושלמת לגבר לשיער, גוף, פנים וזקן","טרופיקל גליל בע""מ",,שמפו 4 ב 1 לגבר רעננ,מיליליטרים,700.00,"100 מ""ל",false,,14.90,0.0213,true,1,567078
7290117900987,false,אגוז פקאן קלוף ששון הקולה 140 גרם,דין שיווק וקליה 2021 בעמ,,פקאן קלוף 140 גרם,גרמים,140.00,100 גרם,false,,15.90,0.1136,true,1,493152
7290117900994,false,פקאן סיני מסוכר ששון הקולה 140 גרם,דין שיווק וקליה 2021 בעמ,,פקאן סיני מסוכר 140,גרמים,140.00,100 גרם,false,,15.90,0.1136,true,1,493153
7290117901038,false,אגוזי מלך קלופים ששון הקולה 190 גרם,דין שיווק וקליה 2021 בעמ,,אגוז מלך קלוף 190 גר,גרמים,190.00,100 גרם,false,,15.90,0.0837,true,1,493157
7290117901052,false,שקדים קלופים 180 גר ששון הקולה,דין שיווק וקליה 2021 בעמ,,שקד קלוף 180 גרם,גרמים,180.00,100 גרם,false,,15.90,0.0883,true,1,493159
7290118420071,false,במבה ביסלי ברביקיו מיקס 80גר אסם{,קבוצת אוסם סחר שותפות מוגבלת,,במבה ביסלי ברביקיו מ,גרמים,80.00,100 גרם,false,,4.50,0.0563,true,1,560119
7290118420378,false,פתיבר פינוקים בטעם תותים בשמנת - חלבי,קבוצת אוסם סחר שותפות מוגבלת,,פתי בר פינוקים תותים,גרמים,220.00,100 גרם,false,,10.90,0.0495,true,1,560344
7290900010367,false,טורטייה שמינייה משקל נקי 360 ג' Avel,אבאל יזמות בעמ,,טורטייה אבאל 360 גרם,גרמים,360.00,100 גרם,false,,8.90,0.0247,true,1,48958
7291008084915,false,תמר מג'הול 500גר,,,תמר מג'הול 500גר,גרמים,500.00,100 גרם,false,,10.00,0.0200,true,1,381316
7297425473189,false,סט מצעים מיקרו דיסני,,,סט מצעים מיקרו דיסני,יחידה,0.00,יחידה,false,,129.90,0.0000,true,1,258831
7297425473196,false,סט מצעים מיקרו דיסני,,,סט מצעים מיקרו דיסני,יחידה,0.00,יחידה,false,,129.90,0.0000,true,1,258832
7297488098688,false,דגש פצפוצי אורז מלא ללא תוספת סוכר ומלח 450 גרם,משובח תעשיות מזון,,דגש פצפוצי אורז מלא,גרמים,450.00,100 גרם,false,,19.90,0.0442,true,1,108707
7312040017683,false,מארז אבסולוט רגיל(וודקה {}{700 עם כוס,טמפו משקאות בע`מ,,אבסולוט וודקה 700 מל,מיליליטרים,700.00,"100 מ""ל",false,,60.90,0.0870,true,1,33790
7501064191398,false,שישיית בירה קורונה אקסטרא *355 מל,קריניציה ויטמינה אס,,קורונה מארז שישיה 6*,ליטרים,2.13,ליטר,false,,38.90,18.2629,true,1,29649
7509546678702,false,קולגייט משחת שיניים טוטל אנטי טרטר 100 מ,קולגייט-פלמוליב,,משחת שיניים קולגייט,מיליליטרים,100.00,"100 מ""ל",false,,16.90,0.1690,true,1,507138
7610400091060,false,שוקולד מריר לינדט אקסלנס בתוספת תפוז ושקדים,לינדט ושפרונגלי קילש,,לינדט מריר אקסלנס תפ,גרמים,100.00,100 גרם,false,,14.90,0.1490,true,1,70161
7613030979647,false,דגני בוקר טריקס פירות עולם היורה 480 ג',קבוצת אוסם סחר שותפות מוגבלת,,דגני בוקר טריקס 480,גרמים,480.00,100 גרם,false,,24.90,0.0519,true,1,19458
7613035379817,false,דנטלייף חטיף דנטלי לכלבים מגזע קטן - 4 יחידות,קבוצת אוסם סחר-שות.מוגבלת,,דנטלייף גזע קטן 7 6*,גרמים,690.00,100 גרם,false,,13.90,0.0201,true,1,250836
7613035618794,false,"פורינה ONE חתול בוגר עוף 3 ק""ג",שחורי אריה ואנסטסיה,,פורינה ONE חתול בוגר,קילוגרמים,3.00,"ק""ג",false,,119.00,39.6667,true,1,19508
7613035622623,false,פיטנס גרנולה שקדים ודבש נסטלה (300 גרם),קבוצת אוסם סחר-שות.מוגבלת,,פיטנס גרנולה שקדים ו,גרמים,300.00,100 גרם,false,,14.90,0.0497,true,1,19509
7613035807778,false,פרפקטו רוטב עגבניות לבולונז אסם 400 גרם,קבוצת אוסם סחר שותפות מוגבלת,,פרפקטו רוטב עגבניות,גרמים,400.00,100 גרם,false,,9.90,0.0248,true,1,19513
7613035809109,false,פרפקטו רוטב עגבניות ובזיליקום אסם 400 גרם,קבוצת אוסם סחר שותפות מוגבלת,,פרפקטו רוטב עגבניות,גרמים,400.00,100 גרם,false,,9.90,0.0248,true,1,19514
7613036105606,false,דוגלי בקר לכלבים בוגרים,קבוצת אוסם סחר שותפות מוגבלת,,דוגלי בוגר בקר 4*3קג,קילוגרמים,3.00,"ק""ג",false,,43.90,14.6333,true,1,19525
7613036120395,false,"פורינה ONE כלב מידמקסי בקר 2.5 ק""ג",שחורי אריה ואנסטסיה,,פורינה ONE כלב מידמק,קילוגרמים,2.50,"ק""ג",false,,84.90,33.9600,true,1,19529
7613036520492,false,פרפקטו רוטב עגבניות לפיצה אסם 400 גרם,קבוצת אוסם סחר-שות.מוגבלת,,פרפקטו רוטב עגבניות,גרמים,400.00,100 גרם,false,,9.90,0.0248,true,1,19538
7613037687132,false,דגני בוקר פיטנס שקדים ודבש 585 גרם,קבוצת אוסם סחר שותפות מוגבלת,,דגני פיטנס שקדים ודב,גרמים,585.00,100 גרם,false,,26.90,0.0460,true,1,19561
7613037811629,false,קורנפלקס גו פרי ללא גלוטן 500 גר`,קבוצת אוסם סחר שותפות מוגבלת,,קורנפלקס גו פרי 500,גרמים,500.00,100 גרם,false,,10.90,0.0218,true,1,52397
7613038268262,false,דגני בוקר צ'יריוס דבש ושקדים במתיקות מעודנת,קבוצת אוסם סחר שותפות מוגבלת,,האני נאט ציריוס מופח,גרמים,410.00,100 גרם,false,,19.90,0.0485,true,1,19562
7613038451954,false,דגני בוקר שוקולד מופחת סוכר 410 ג' קראנץ',קבוצת אוסם סחר-שות.מוגבלת,,קראנץ שוקולד מופחת ס,גרמים,410.00,100 גרם,false,,19.90,0.0485,true,1,19563
7613287181411,false,ויטמינציק מחית סלט פירות 110 גרם,קבוצת אוסם סחר שותפות מוגבלת,,פאוץ סלט פירות ויטמי,גרמים,110.00,100 גרם,false,,4.90,0.0445,true,1,202338
7613287182326,false,ויטמינציק מחית בננה תפוח 110 גרם,קבוצת אוסם סחר-שות.מוגבלת,,פאוץ בננה תפוח ויטמי,גרמים,110.00,100 גרם,false,,4.90,0.0445,true,1,202339
7613287182357,false,מחית אגס תפוח ופירות יער ויטמינצ'יק 110 ג',קבוצת אוסם סחר שותפות מוגבלת,,פאוץ אגס תפוח ופירות,גרמים,110.00,100 גרם,false,,4.90,0.0445,true,1,202340
7613287182425,false,ויטמינציק מחית תפוח בננה ותות 110 גרם,קבוצת אוסם סחר שותפות מוגבלת,,פאוץ תפוח בננה ותות,גרמים,110.00,100 גרם,false,,4.90,0.0445,true,1,202341
7622010001858,false,עוגיות אוראו ממולאות קרם וניל 176 גרם.,דיפלומט מפיצים (1968) בעמ**,,עוגיות אוראו סנדביץ,גרמים,176.00,100 גרם,false,,8.90,0.0506,true,1,5130
7622201139278,false,גבינת פילדלפיה שמנת 150 גר`% (27 שומן),מיודלז אספניה פרודוק,,פילדלפיה גבינת שמנת,גרמים,150.00,100 גרם,false,,11.90,0.0793,true,1,17219
7622201521493,false,גבינת פילדלפיה שום ועשבי תיבול 150 גר` (,מיודלז אספניה פרודוק,,גבינת שמנת עם שום וע,גרמים,150.00,100 גרם,false,,11.90,0.0793,true,1,526034
7622201801809,false,מילקה שוקולד חלב עם אגוזים 100 גרם חדש,מנדלז דויצ'\לנד סנקס פרו,,מילקה שוקוד חלב עם א,גרמים,100.00,100 גרם,false,,6.90,0.0690,true,1,192970
7622201802363,false,מילקה טבלת שוקולד חלב וצימוקים ואגוזים 100ג',דיפלומט מפיצים (1968) בעמ**,,מילקה שוקולד חלב עם,גרמים,100.00,100 גרם,false,,6.90,0.0690,true,1,192956
7622201802394,false,שוקולד מילקה חלב מסרונים 100 גרם,מנדלז דויצ'\לנד סנקס פרו,,מילקה שוקולד חלב 100,גרמים,100.00,100 גרם,false,,6.90,0.0690,true,1,192942
7622201808631,false,אוראו מיני עוגיות ממולאות קרם וניל 67גרם,דיפלומט מפיצים (1968) בעמ**,,אוראו מיני כוסות בטע,גרמים,67.00,100 גרם,false,,7.90,0.1179,true,1,200439
7622201819552,false,מילקה דארק שוקולד 85 גרם חדש,מונדלז דויטשלנד סנאק,,מילקה דארק 85 גרם,גרמים,85.00,100 גרם,false,,7.90,0.0929,true,1,237296
7622210137234,false,אוראו עוגיות עם דאבל קרם בטעם וניל 170ג,דיפלומט מפיצים (1968) בעמ**,,עוגיות סנדביץ אוראו,גרמים,170.00,100 גרם,false,,8.90,0.0524,true,1,5134
7622210453327,false,עוגיות שוקוצ'יפס במילוי שוקולד סנסיישן,דיפלומט מפיצים (1968) בעמ**,,מילקה סנסיישן 156 גר,גרמים,156.00,100 גרם,false,,10.90,0.0699,true,1,5138
7622300489427,false,עוגיות אוראו בציפוי בטעם שוקולד לבן 246 גרם,דיפלומט מפיצים (1968) בעמ**,,אוראו פאג שוקולד לבן,גרמים,246.00,100 גרם,false,,15.90,0.0646,true,1,5163
7622300489434,false,"עוגיות אוראו פאדג' בציפוי שוקולד חלב, 246 גרם",דיפלומט מפיצים (1968) בעמ**,,אוראו פאג שוקולד חלב,גרמים,246.00,100 גרם,false,,15.90,0.0646,true,1,5164
7622300617820,false,מילקה שוקולד חלב במילוי קרם חלב ווניל ושבבי עוגיות אוראו 100 גרם,מנדלז דויצ'\לנד סנקס פרו,,מילקה שוקולד אוראו 1,גרמים,100.00,100 גרם,false,,6.90,0.0690,true,1,5168
7630477891615,false,סטארבקס קפסולות קפה סומטרה 10 יחידות,קבוצת אוסם סחר שותפות מוגבלת,,סטארבקס קפסולות סומט,גרמים,55.00,100 גרם,false,,21.90,0.3982,true,1,99805
7630477891653,false,סטארבקס קפסולות קפה אספרסו נטול 10 יחידו,קבוצת אוסם סחר שותפות מוגבלת,,סטארבקס קפסולות אספר,גרמים,57.00,100 גרם,false,,21.90,0.3842,true,1,99791
7702174066631,false,לקקן יוגטה פין פופ במילוי מסטיק 170 גר,קומסטיבלס לה רוזה אס.איי,,יוגטה פינפופ לקקן 10,גרמים,180.00,100 גרם,false,,7.90,0.0439,true,1,42098
7790040420076,false,מיני אלפחורס בון בון 117 גר,לירון קרביץ יבוא שיווק וסחר,,אלפחורס עוגיות סנדבי,גרמים,117.00,100 גרם,false,,8.90,0.0761,true,1,109470
7790040423022,false,עוגיית אלפחורס בונבון במיולי קרם בוטנים 19.5 גר',לירון קרביץ יבוא שיווק וסחר,,בון בון סנדוויץ אלפח,גרמים,19.50,100 גרם,false,,1.80,0.0923,true,1,457782
7791875005353,false,ריבת חלב הוואנה דולצה דה לצה 450 גרם,משה סידס ובנו בעמ,,הוואנה ריבת חלב 450,גרמים,450.00,100 גרם,false,,19.90,0.0442,true,1,311739
8000215204219,false,משקה אורז ביו אורגני ויטאריז 1 ליטר,בטר אנד דיפרנט,,משקה אורז אורגני 1 ל,ליטרים,1.00,ליטר,false,,12.90,12.9000,true,1,108737
8000215204561,false,משקה שקדים אורגני וללא גלוטן ויטאסי 1 לי,בטר אנד דיפרנט,,משקה שקדים 1 ליטר,ליטרים,1.00,ליטר,false,,14.90,14.9000,true,1,108755
8000215204677,false,ויטריז - משקה שיבולת שועל בריסטה אורגני,בטר אנד דיפרנט,,משקה שיבולת שועל אור,ליטרים,1.00,ליטר,false,,12.90,12.9000,true,1,332807
8000380004676,false,קוביות וופל סנדוויץ Sandwich עם וניל וחלב,"א. לואקר, קונפקט ג'י",,לואקר וופל קרם וניל,גרמים,200.00,100 גרם,false,,12.90,0.0645,true,1,12851
8000380004966,false,וופל קוארדטיני לואקר קוביות שוקולד 250ג',קריניציה ויטמינה אס,,וופל קואדרטיני קקאו,גרמים,250.00,100 גרם,false,,13.90,0.0556,true,1,12856
8000380192243,false,וופלים מלבנים פריכיים בטעם אגוז 200 גר`,ליימן שליסל בע`מ,,וופל לואקר מקסי אגוז,גרמים,200.00,100 גרם,false,,12.90,0.0645,true,1,12904
8000500023976,false,בונבוניירת רפאלו פררו (150 גרם),פרימיום-חברה לדברי מתיקה ולמסח,,בונבוניירת רפאלו 150,גרמים,150.00,100 גרם,false,,14.90,0.0993,true,1,41487
8000500026731,false,ביצי שוקולד קינדר מארז 3 יח סופרייז,פרימיום-חברה לדברי מתיקה ולמסח,,קינדר ביצי שוקולד 3*,גרמים,60.00,100 גרם,false,,14.90,0.2483,true,1,41488
8000500029350,false,מארז וופל מצופה 3יח' *43 גרם קינדר בואנו,פרימיום-חברה לדברי מתיקה ולמסח,,קינדר בואנו 3*43 גרם,גרמים,129.00,100 גרם,false,,9.90,0.0767,true,1,41489
8000500071083,false,אצבעות שוקולד קינדר Kinder שש עשרה יחידות,פרימיום-חברה לדברי מתיקה ולמסח,,קינדר אצבעות שוקולד,גרמים,200.00,100 גרם,false,,12.50,0.0625,true,1,41494
8000500121436,false,מארז קינדר בואנו Kinder Bueno לבן שלוש יחידות,פרימיום חברה לדברי מתיקה ולמסח,,קינדר בואנו לבן 3*43,גרמים,117.00,100 גרם,false,,9.90,0.0846,true,1,41498
8000500126325,false,ביצי שוקולד הפתעה קינדר ג'וי ורוד בנות שלישיה,פרימיום-חברה לדברי מתיקה ולמסח,,קינדר גוי 1/3 ורוד 3,גרמים,60.00,100 גרם,false,,14.90,0.2483,true,1,41499
8000500227848,false,נוטלה - בי רדי אצבעות ביסקוויט במילוי שוקולד 6 יח' * 22 גרם,פרימיום-חברה לדברי מתיקה ולמסח,,'וופל מלוח במילוי ממ,גרמים,132.00,100 גרם,false,,11.90,0.0902,true,1,41513
8000500249352,false,קינדר בואנו מיני מיקס שקית 205 ג',פרימיום-חברה לדברי מתיקה ולמסח,,קינדר בואנו מיני מיק,יחידה,0.00,יחידה,false,,18.90,0.0000,true,1,41521
8000500256213,false,קינדר שוקולד חלב במילוי קרם חלבי,פרימיום-חברה לדברי מתיקה ולמסח,,פרר-קינדר שוקולד מינ,גרמים,120.00,100 גרם,false,,9.90,0.0825,true,1,41523
8000500267103,false,קינדר דליס עוגת ספוג קקאו במילוי חלבי*10,פרימיום חברה לדברי מתיקה ולמסח,,פררו-קינדר דליס עשיר,יחידה,0.00,יחידה,false,,19.90,0.0000,true,1,41527
8001003202035,false,סוכריות ג'לי בטעם פירות יוגטה 80 גרם,ליימן שליסל בעמ,,סוכריות ג'לי בטעם פי,גרמים,80.00,100 גרם,false,,4.90,0.0613,true,1,487840
8001090336446,false,חיתולי ביביי דריי מידה 4 ( 34 יח) פמפרס,דיפלומט מפיצים (1986) בע`מ,,פמפרס בייבי דריי מיד,יחידה,0.00,יחידה,false,,31.90,0.0000,true,1,27423
8001090379337,false,פמפרס פרימיום קר חיתולים שלב 3 40 יח VP,דיפלומט מפיצים (1986) בע`מ,,חיתולי פמפרס פרימיום,יחידה,0.00,יחידה,false,,31.90,0.0000,true,1,27435
8001090379368,false,פמפרס פרימיום קר חיתולים שלב 4 34 יח VP,דיפלומט מפיצים (1986) בע`מ,,חיתולי פמפרס פרימיום,יחידה,0.00,יחידה,false,,31.90,0.0000,true,1,27436
8001090458322,false,"פיירי ורדים ומשי 1015 מ""ל",דיפלומט מפיצים (1968) בעמ,,פיירי ורדים ומשי 101,ליטרים,1.01,ליטר,false,,13.90,13.7624,true,1,27438
8001090832535,false,"שמפו פנטן שמן מרוקאי משקם 660 מ""ל",דיפלומט מפיצים (1986) בע`מ,,שמפו שמן מרוקאי משקם,מיליליטרים,660.00,"100 מ""ל",false,,21.90,0.0332,true,1,66486
8001090832856,false,"פנטן 660 מ""ל קונדישינר מרוקאי משקם",דיפלומט מפיצים (1986) בע`מ,,מרכך שמן מרוקאי משקם,מיליליטרים,660.00,"100 מ""ל",false,,21.90,0.0332,true,1,66489
8001090832894,false,מרכך לשיער חלש ופגום לחות מוגברת,דיפלומט מפיצים (1986) בע`מ,,מרכך לחות מוגברת פנט,מיליליטרים,660.00,"100 מ""ל",false,,21.90,0.0332,true,1,66490
8001841137216,false,"קונדישנר למגע רך כמשי הד אנד שולדרס 275 מ""ל",דיפלומט מפיצים (1986) בע`מ,,מרכך למגע רך כמשי הד,מיליליטרים,275.00,"100 מ""ל",false,,16.90,0.0615,true,1,27525
8001841470290,false,נוזל ניקוי כלים פייר,,,נוזל ניקוי כלים פייר,מיליליטרים,750.00,"100 מ""ל",false,,12.90,0.0172,true,1,570104
8001841566771,false,לנור כדוריות בושם בניחוח יסמין 210 גרם,דיפלומט מפיצים (1968) בעמ,,לנור כדוריות הבושם ב,גרמים,210.00,100 גרם,false,,27.90,0.1329,true,1,101100
8001841625188,false,סבון כלים פלטינום לימון X3 פעולות להסרת שומנים,דיפלומט מפיצים (1986) בע`מ,,פיירי נוזל כלים פלטי,מיליליטרים,515.00,"100 מ""ל",false,,9.90,0.0192,true,1,71187
8001841625287,false,סבון כלים פלטינום לימון X3 פעולות להסרת שומנים,דיפלומט מפיצים (1968) בעמ,,פיירי נוזל כלים פלטי,ליטרים,1.01,ליטר,false,,13.90,13.7624,true,1,71188
8001841943961,false,לנור כדוריות בושם בניחוח אוקיינוס 210 גר,דיפלומט מפיצים (1968) בעמ,,לנור כדוריות הבושם ב,גרמים,210.00,100 גרם,false,,27.90,0.1329,true,1,101101
8001943549122,false,"צ'וקטה מטבעות שוקולד חלב, 40 גרם",ואל קור קורסניני אס אנ ס,,צ`וקטה מטבעות שוקולד,גרמים,40.00,100 גרם,false,,3.90,0.0975,true,1,42125
8005110060007,false,עגבניות מקולפות 400 גרם MUTTI,רסטרטו יבוא ושיווק בעמ,,עגבניות MUTTI מקולפו,גרמים,400.00,100 גרם,false,,6.90,0.0173,true,1,51761
8005110170300,false,עגבניות מרוסקות חתוכות מוטי MUTTI שלישיה *400,רסטרטו יבוא ושיווק בעמ*אין החז,,עגבניות MUTTI מרוסקו,קילוגרמים,1.20,"ק""ג",false,,16.90,14.0833,true,1,51762
8005803010357,false,גריסיני קלאסי - מקלות אפויים עם שמן זית ומלח,ליימן שליסל בע`מ,,גריסיני בטעם קלאסי 1,גרמים,125.00,100 גרם,false,,8.50,0.0680,true,1,12911
8005803010371,false,"גריסיני רוזמרין - מקלות אפויים עם שמן זית, מלח ורוזמרין",ליימן שליסל בע`מ,,גריסיני עם רוזמרין 1,גרמים,125.00,100 גרם,false,,8.50,0.0680,true,1,12912
8005803010661,false,"מקלות אפויים עם שמן זית, מלח, ושומשום, 125 גרם, אמור די פאן","הוסטה איטליה, ס.ר.ל.",,גריסיני עם שומשום 12,גרמים,125.00,100 גרם,false,,8.50,0.0680,true,1,12914
8006540091937,false,לנור כדוריות הבושם בניחוח אריאל 210 גרם,פטר קרמר עבור פרוקטור אנ,,לנור כדוריות הבושם ב,גרמים,210.00,100 גרם,false,,27.90,0.1329,true,1,229069
8006540495186,false,לנור מרכך כביסה מרוכז רגיש בייבי 900 מל,דיפלומט מפיצים (1986) בע`מ,,לנור מרכך כביסה בייב,מיליליטרים,900.00,"100 מ""ל",false,,15.90,0.0177,true,1,508061
8006540592434,false,אולוויז תחבושות נורמל 28 יח,פרוקטר & גמבל,,תחבושות אולוויז ירוק,100 יח',16.00,100 יח',false,,18.90,1.1812,true,1,537534
8006540592465,false,אולוויז תחבושות לונג 24 יח,פרוקטר & גמבל,,תחבושות אולוויז סגול,100 יח',16.00,100 יח',false,,18.90,1.1812,true,1,537535
8006540628737,false,שמפו הד שולדרס קלאסי,,,שמפו הד שולדרס קלאסי,מיליליטרים,350.00,"100 מ""ל",false,,16.90,0.0483,true,1,550789
8008245004847,true,ממרח אגוזי לוז וקקאו,,,ממרח אגוזי לוז וקקאו,גרמים,300.00,100 גרם,false,,14.90,0.0497,true,1,124796
8008245004861,true,ממרח אגוזי לוז עם חל,,,ממרח אגוזי לוז עם חל,גרמים,300.00,100 גרם,false,,14.90,0.0497,true,1,124797
8008620009337,false,קריץ-קרקר חיטה מלאה 250ג',nuova industria bisc,,קרקר חיטה מלאה 250 ג,גרמים,250.00,100 גרם,false,,8.90,0.0356,true,1,524104
8008912010034,false,ליגורי- ספגטי מספר 3 500גר,תה ויסוצקי (ישראל)בעמ,,פסטה ספגטי מספר 3 -,גרמים,500.00,100 גרם,false,,7.90,0.0158,true,1,487705
8008912010072,false,ליגורי- לינגוויני מספר 7 500גר,תה ויסוצקי (ישראל)בעמ,,פסטה לינגוויני מספר,גרמים,500.00,100 גרם,false,,7.90,0.0158,true,1,487706
8008912010317,false,פסטה פוזילי מס (31 500 גר`)ליגורי,תה ויסוצקי (ישראל) בעמ,,פסטה פוזלי מספר 31 -,גרמים,500.00,100 גרם,false,,7.90,0.0158,true,1,487709
8008912010423,false,פסטה פנה ריגטה מס (42 500 גר`)ליגורי,תה ויסוצקי (ישראל) בעמ,,פסטה פנה ריגטה מספר,גרמים,500.00,100 גרם,false,,7.90,0.0158,true,1,487710
8015997000911,false,מאריני- בישקוטים פריכים 200 גרם,Biscottificio Verona,,בישקוטים פריכים 200,גרמים,200.00,100 גרם,false,,6.90,0.0345,true,1,524119
8023788030610,false,שוקולד חלב 300 גרם,,,שוקולד חלב 300 גרם,גרמים,300.00,100 גרם,false,,17.90,0.0597,true,1,533964
8023788030634,false,שוקולד חלב עם שברי א,,,שוקולד חלב עם שברי א,גרמים,300.00,100 גרם,false,,18.90,0.0630,true,1,533965
8023788030689,false,עוגיות מלוחות בטעם ע,,,עוגיות מלוחות בטעם ע,גרמים,400.00,100 גרם,false,,12.90,0.0323,true,1,564182
8024985002943,false,מחית סמוצ`י תפוח אננס קוקוס אורגנית נטור,נטורפוד בעמ,,נטורה נובה - סמוזי ת,גרמים,100.00,100 גרם,false,,4.90,0.0490,true,1,108974
8024985003988,false,מחית פירות סמוצ`י תפוחים ובננה אורגנית ל,נטורפוד בעמ,,נטורה נובה - סמוזי ת,גרמים,100.00,100 גרם,false,,4.90,0.0490,true,1,108975
8024985005234,false,מחית פירות סמוצ`י תפוח עץ ומנגו אורגנית,נטורפוד בעמ,,נטורה נובה - סמוזי ת,גרמים,100.00,100 גרם,false,,4.90,0.0490,true,1,108991
8024985008037,false,מחית פירות סמוצ`י תפוח אורגנית ללא תוספת,"נטורפוד בע""מ",,נטורה נובה - סמוזי ת,גרמים,100.00,100 גרם,false,,4.90,0.0490,true,1,108976
8024985008051,false,מחית פירות סמוצ`י פירות אדומים אורגנית ל,"נטורפוד בע""מ",,נטורה נובה - סמוזי פ,גרמים,100.00,100 גרם,false,,4.90,0.0490,true,1,108978
8076800105988,false,ברילה פוזילי בקופסה 1 קג,ברילה גי.אי.אר פרטלי ס.פ,,פוזלי בקופסה ברילה 1,קילוגרמים,1.00,"ק""ג",false,,12.90,12.9000,true,1,532874
8076800195033,false,ברילה - צ.א ספגטיני מס3 חדש 500 גרם,ברילה גי.אי.אר פרטלי ס.פ,,ספגטי מס' 3 ברילה 50,גרמים,500.00,100 גרם,false,,6.90,0.0138,true,1,21910
8076800195057,false,ברילה - צ.א ספגטי מס5 חדש 500 גרם,ברילה גי.אי.אר פרטלי ס.פ,,ספגטיני מס' 5 ברילה,גרמים,500.00,100 גרם,false,,6.90,0.0138,true,1,21911
8076800315097,false,פסטה מקרוני בוקטיני מספר 9 ברילה 500 גרם,ברילה גי.אי.אר פרטלי ס.פ,,ספגטי בוקטיני מס' 9,גרמים,500.00,100 גרם,false,,6.90,0.0138,true,1,21913
8076802085738,false,ברילה - צ.ק פנה רגטה חדש 500 גרם,ברילה גי.אי.אר פרטלי ס.פ,,פנה רגטה מס' 73 בריל,גרמים,500.00,100 גרם,false,,6.90,0.0138,true,1,21916
8076802085981,false,ברילה - צ.ק פוזילי חדש 500 גרם,ברילה גי.אי.אר פרטלי ס.פ,,פסטה פוזילי 98 ברילה,גרמים,500.00,100 גרם,false,,6.90,0.0138,true,1,21919
8076808050440,false,פסטה מקרוני מספר 44 ברילה 500 גרם,ש. שסטוביץ בע`מ,,פסטה מקרוני מס' 44 ב,גרמים,500.00,100 גרם,false,,6.90,0.0138,true,1,21920
8076808060654,false,פסטה פרפלה מספר 65 ברילה 500 גרם,ברילה גי.אי.אר פרטלי ס.פ,,פסטה פרפלה 65 ברילה,גרמים,500.00,100 גרם,false,,6.90,0.0138,true,1,21921
8076808070882,false,קנלוני מספר 88 ברילה (250 גרם),פאסטיפיקו ריגו אס.אר,,קנלוני ברילה 250 גרם,גרמים,250.00,100 גרם,false,,14.90,0.0596,true,1,21922
8076808150072,false,ברילה - צ.א ספגטוני מס7 חדש 500 גרם,ברילה גי.אי.אר פרטלי ס.פ,,ספגטי מס' 7 ברילה 50,גרמים,500.00,100 גרם,false,,6.90,0.0138,true,1,21923
8076809512268,false,פסטה גירנדולה טורסדס מספר 34 ברילה 500 גרם,ברילה גי.אי.אר פרטלי ס.פ,,פסטה גירנדולה מס' 34,גרמים,500.00,100 גרם,false,,6.90,0.0138,true,1,21925
8076809513739,false,ברילה רוטב עגבניות עם בזיליקום 400 גרם,ברילה גי.אי.אר פרטלי ס.פ,,ברילה רוטב בזיליקום,גרמים,400.00,100 גרם,false,,14.90,0.0373,true,1,21932
8076809523707,false,פסטה קסטלנה ברילה 500 גר,ברילה גי.אי.אר פרטלי ס.פ,,פסטה קסטלנה ברילה 50,גרמים,500.00,100 גרם,false,,13.90,0.0278,true,1,21938
8076809529433,false,פסטה פנה ריגטה חיטה מלאה ברילה (500 גרם),"ש. שסטוביץ בע""\מ",,פנה רגטה מחיטה מלאה,גרמים,500.00,100 גרם,false,,14.90,0.0298,true,1,21942
8410076600622,false,חטיפי גרנולה קראנצ'י עם שוקולד מריר נייצ'ר ואלי 210 גרם,ג'נרל מילס סאן אדריאן,,חטיף קראנצי שבבי שוק,גרמים,210.00,100 גרם,false,,19.50,0.0929,true,1,12924
8410076610379,false,"חטיף בוטנים, חלבון סויה ושוקולד מריר עם ציפוי בטעם שוקולד",נייצ'ר ואלי Nature Valley,,פרוטאין בוטנים ושבבי,גרמים,160.00,100 גרם,false,,22.90,0.1431,true,1,12931
8410104039134,false,"מנקה ומחדש מדיח כלים פיניש 250 מ""ל",רקיט בנקיזר (ניר איסט) בעמ,,פיניש מנקה ומחדש מדי,מיליליטרים,250.00,"100 מ""ל",false,,14.90,0.0596,true,1,21108
8410104044916,false,אבקה למדיח כלים פיניש (2.7 קג),רקיט בנקיזר (ניר איסט) בעמ,,אבקה למדיח כלים פיני,קילוגרמים,2.70,"ק""ג",false,,43.90,16.2593,true,1,21109
8410104045111,false,"פיניש מלח למדיח כלים 2ק""ג",רקיט בנקיזר (ניר איסט) בעמ,,"פיניש מלח למדיח 2 ק""",קילוגרמים,2.00,"ק""ג",false,,14.90,7.4500,true,1,21110
8423207206488,false,סלים דליס חטיף דגנים מצופה שוקולד חלב מרבה 6*20 גרם,אף.סי תבליני בגליל ב,,סלים דליס חטיף דגנים,גרמים,120.00,100 גרם,false,,10.90,0.0908,true,1,21961
8423207207362,false,חטיפי סלים דליס שוקולד לבן מרבה 6 יחידות,ביסנצ'ורי אס.אל.יו,,סלים דליס חטיף דגנים,גרמים,120.00,100 גרם,false,,10.90,0.0908,true,1,21965
8423207210287,false,חטיפי סלים דליס שוקולד לבן יוגורט 6 יחידות,סלים דליס Slim Delis,,סלים דליס חטיף דגנים,גרמים,120.00,100 גרם,false,,10.90,0.0908,true,1,21974
8423207210928,false,חטיף דגנים מצופה שוקולד חלב ואגוזי לוז - 5 במארז,נוטרישן אנד סנטה קוב,,סלים דליס טופינג בטע,גרמים,90.00,100 גרם,false,,10.90,0.1211,true,1,84202
8435495807605,false,תינוקלין מרכך כביסה היפואלרגני מרוכז 1 ליטר,מולינו ניקולי s.p.a,,תינוקלין מרכך כביסה,ליטרים,1.00,ליטר,false,,17.90,17.9000,true,1,42138
8435495807636,false,תינוקלין ג`ל כביסה בייבי סנסטיב היפואל,ליימן שליסל בע`מ,,תינוקלין ג'ל כביסה 2,ליטרים,2.00,ליטר,false,,35.90,17.9500,true,1,42139
8606109023593,false,"פרוויטה - מיץ תפוחי עץ ואגסים 750 מ""ל",יורוסטנדרט בעמ,,מיץ פרוויטה תפוחי עץ,מיליליטרים,750.00,"100 מ""ל",false,,12.20,0.0163,true,1,164587
8606109023623,false,"פרוויטה - מיץ תפוחי עץ ולימון ליים 750 מ""ל",יורוסטנדרט בעמ,,מיץ פרוויטה תפוחי עץ,מיליליטרים,750.00,"100 מ""ל",false,,12.20,0.0163,true,1,164589
8683130008355,false,מיונז שום לחיץ אמיתי הלמנס 400 גרם,יוניליוור ישראל שיווק בע`מ,,מיונז עם שום הלמנס 4,גרמים,400.00,100 גרם,false,,13.90,0.0348,true,1,560148
8683130025581,false,"מרכך כביסה מרוכז אקסטרה ענבר בדין 960 מ""ל",יוניליוור ישראל שיווק בע`מ,,בדין אקסטרא ענבר-960,מיליליטרים,960.00,"100 מ""ל",false,,15.90,0.0166,true,1,441804
8683323063024,false,יוגטה שטיחים בטעם תותי פרוטי 220 גרם,ליימן שליסל בע`מ,,יוגטה חיספוסים שטיחי,גרמים,220.00,100 גרם,false,,6.90,0.0314,true,1,42146
8690504081920,false,מקוויטיס טינס מצופה שוקולד מריר 150 גרם,"אולקר ביסקווי סנאי, א.ס.",,טינס מצופה שוקולד מר,גרמים,150.00,100 גרם,false,,9.90,0.0660,true,1,24876
8690504153740,false,גודייבה שוקולד מריר במילוי קרם גנאש 86 גרם,תה ויסוצקי (ישראל) בעמ,,טבלת שוקולד מריר עם,גרמים,86.00,100 גרם,false,,13.90,0.1616,true,1,24879
8690531032377,false,פלפלים קטנים חריפים במי מלח 340 גרם,דין שיווק וקליה 2021 בעמ,,פלפל שיפקונית במי מל,גרמים,340.00,100 גרם,false,,10.00,0.0294,true,1,16064
8690637505607,false,מרכך כביסה מרוכז בדין אקסטרה בניחוח פינוק כחול,יוניליוור ישראל שיווק בע`מ,,מרכך כביסה אקסטרה כח,מיליליטרים,960.00,"100 מ""ל",false,,15.90,0.0166,true,1,194335
8690637555084,false,"מרכך כביסה מרוכז אקסטרה פריחת התפוז בדין 960 מ""ל","יוניליוור ישראל שיווק בע""מ",,בדין אקסטרה לבן 960,מיליליטרים,960.00,"100 מ""ל",false,,15.90,0.0166,true,1,10918
8690637704376,false,"שמפו לטיפוח יום יומי דאב 600 מ""ל","יוניליוור ישראל שיווק בע""מ",,שמפו יום יומי דאב 60,מיליליטרים,600.00,"100 מ""ל",false,,16.90,0.0282,true,1,10943
8690637704390,false,"מרכך שיער לטיפוח יום יומי דאב 600 מ""ל","יוניליוור ישראל שיווק בע""מ",,מרכך יום יומי דאב 60,מיליליטרים,600.00,"100 מ""ל",false,,16.90,0.0282,true,1,10944
8690637871047,false,דאב שמפו בתוספת שמן קוקוס וכורכום 600 מל,"יוניליוור ישראל שיווק בע""מ",,שמפו עם שמן קוקוס וכ,מיליליטרים,600.00,"100 מ""ל",false,,16.90,0.0282,true,1,10967
8690637916977,false,מרכך עם שמן קוקוס וכורכום למראה שיער משוקם,יוניליוור ישראל שיווק בעמ,,מרכך קוקוס וכרכום דא,מיליליטרים,600.00,"100 מ""ל",false,,16.90,0.0282,true,1,349567
8690637946318,false,"מרכך כביסה בדין מרוכז אקסטרה בייבי טלק 960 מ""ל",יוניליוור ישראל שיווק בע`מ,,בדין אקסטרא בייבי צ,מיליליטרים,960.00,"100 מ""ל",false,,15.90,0.0166,true,1,53461
8690766156367,false,טבלת שוקולד חלב מעולה 90 גר` גודייבה,תה ויסוצקי (ישראל) בעמ,,גודייבה שוקולד חלב מ,גרמים,90.00,100 גרם,false,,14.90,0.1656,true,1,86189
8690777203012,false,פלפלים ירוקים כבושים לא חריפים סרה ויליפוד 600 גרם,ג. וילי-פוד אינטרנשיונל בע`מ,,פלפל ירוק כבוש סרה 6,גרמים,600.00,100 גרם,false,,10.90,0.0182,true,1,3297
8690777204071,false,פלפלים כבושים חריפים סרה 320 גרם,ג. וילי-פוד אינטרנשיונל בע`מ,,פלפל חריף סרה 640 גר,גרמים,640.00,100 גרם,false,,10.90,0.0170,true,1,3298
8690777221405,false,פלפל אדום קלוי על האש 650 גר` ויליפוד,ג. וילי-פוד אינטרנשיונל בע`מ,,פלפל אדום קלוי על הא,גרמים,650.00,100 גרם,false,,10.90,0.0168,true,1,3301
8690946270074,false,פסטה ספגטי 500 גרם B,,,פסטה ספגטי 500 גרם B,גרמים,500.00,100 גרם,false,,3.90,0.0078,true,1,564183
8690946270111,false,פסטה פוזלי 500 גרם B,,,פסטה פוזלי 500 גרם B,גרמים,500.00,100 גרם,false,,3.90,0.0078,true,1,564184
8690946270241,false,פסטה קונכיות גדולות,,,פסטה קונכיות גדולות,גרמים,500.00,100 גרם,false,,3.90,0.0078,true,1,564185
8690946272207,false,פסטה פנה 500 גרם BAH,,,פסטה פנה 500 גרם BAH,גרמים,500.00,100 גרם,false,,3.90,0.0078,true,1,564186
8690946272320,false,פסטה מקרוני 500 גרם,,,פסטה מקרוני 500 גרם,גרמים,500.00,100 גרם,false,,3.90,0.0078,true,1,564187
8691058141238,false,ערמונים שלמים קלויים וקלופים 100 גר` Ave,אבאל יזמות בעמ,,AVEL ערמונים שלמים ק,גרמים,100.00,100 גרם,false,,4.90,0.0490,true,1,48966
8691900174056,false,קוטקס תחבושות אולטרה לילה 16 י',חוגלה קימברלי,,תחבושות קוטקס לילה,100 יח',16.00,100 יח',false,,16.90,1.0562,true,1,510278
8693323099107,false,מרשמלו לבבות בטעם תות ווניל,ליימן שליסל בעמ,,יוגטה מרשמלו לבבות 1,גרמים,150.00,100 גרם,false,,6.90,0.0460,true,1,42184
8698996000207,false,מגבות נייר 1/6,,,מגבות נייר 1/6,מטרים,0.00,מטר,false,,10.90,0.0000,true,1,565953
8710502064814,false,עוגיות מרבה שוקולד ציפס במרקם רך 175 גר,בנקטבקריי מרבה בי.וי,,מרבה עוגיות שוקוציפס,גרמים,175.00,100 גרם,false,,7.90,0.0451,true,1,21997
8710502100864,false,מרבה פטיסרי עוגיות דאבל שוקולד 200 גרם,ש.שסטוביץ בעמ,,מרבה פטיסרי דאבל שוק,גרמים,200.00,100 גרם,false,,10.90,0.0545,true,1,536337
8710502279010,false,מרבה עוגיות שוקולד צ'יפס מצופות שוקולד 175 גרם,"י.מרבה ישראל בע""מ",,מרבה עוגיות שוקולד צ,גרמים,175.00,100 גרם,false,,7.90,0.0451,true,1,131280
8710800027573,false,סוכריות מיני בטעם פירות מנטוס 178 גרם,פרפטי ואן מלה ברדה,,מיני מנטוס שקית,גרמים,178.00,100 גרם,false,,12.90,0.0725,true,1,12948
8711000371176,false,ג'ייקובס קפסולות קפה אספרסו קלאסיקו עוצמה 7,ג'ייקובס דאו אגברטס צרפת,,ג'ייקובס קפסולות קפה,גרמים,52.00,100 גרם,false,,15.90,0.3058,true,1,5188
8712561611411,false,"תחליב רחצה בניחוח מלפפון ותה ירוק דאב 750 מ""ל",יוניליוור ישראל שיווק בע`מ,,תחליב רחצה תה ירוק ו,מיליליטרים,750.00,"100 מ""ל",false,,16.90,0.0225,true,1,11068
8712561646024,false,"תחליב רחצה קרם פיסטוק ומגנוליה דאב 750 מ""ל","יוניליוור ישראל שיווק בע""מ",,תחליב רחצה קרם פיסטו,מיליליטרים,750.00,"100 מ""ל",false,,16.90,0.0225,true,1,351029
8714599512159,false,קפה נמס ג'קובס מונארך190,"אל.אל.סי ""גייקובס דא",,קפה ג'ייקובס 190 גרם,גרמים,190.00,100 גרם,false,,23.90,0.1258,true,1,51804
8714599513781,false,"קפה נמס מיובש בהקפאה זהב צנצנת ג'ייקובס 200 גרם לל""ס",דיפלומט מפיצים (1968) בעמ**,,קפה ג'יקובס גולד 200,גרמים,200.00,100 גרם,false,,26.90,0.1345,true,1,5200
8714599513835,false,גי'קובס קרונונג נייט אנד דיי - נטול קופיאין,דיפלומט מפיצים (1968) בעמ**,,קפה ג`יקובס נטול קופ,גרמים,200.00,100 גרם,false,,33.90,0.1695,true,1,5202
8714599513866,false,"קפה נמס מיובש בהקפאה קרונג צנצנת ג'ייקובס 200 גרם לל""ס",דיפלומט מפיצים (1968) בעמ**,,קפה ג'יקובס קרונונג,גרמים,200.00,100 גרם,false,,26.90,0.1345,true,1,5203
8714789177229,false,רבעיית מברשות שיניים קולגייט אקסטרה קלין 1 יחידה,הנסיך- מפעל לייצור ט,,מב.שיניים אקסטרא קלי,יחידה,0.00,יחידה,false,,9.90,0.0000,true,1,22012
8714789402918,false,נוזל לניקוי כללי ורצפות בניחוח פרחי בר אג'קס 1.5 ליטר,הנסיך- מפעל לייצור ט,,חגיגת הפרחים אדום אג,ליטרים,1.50,ליטר,false,,19.90,13.2667,true,1,22021
8714789582764,false,אג'קס ספריי לניקוי חלונות ומשטחים,הנסיך- מפעל לייצור ט,,אגקס חלונות 750מל,מיליליטרים,750.00,"100 מ""ל",false,,14.90,0.0199,true,1,22031
8714789797786,false,"פלמוליב נוזל לניקוי כלים גריז בלסטר 750 מ""ל",יבואן ומשווק: ש. שסט,,פלמוליב לכלים 4ב1 כ,מיליליטרים,750.00,"100 מ""ל",false,,11.90,0.0159,true,1,22038
8715700110141,false,מיונז קרמי היינץ צנצנת 460ג',דיפלומט מפיצים (1968) בעמ**,,מיונז היינץ אמיתי צנ,גרמים,460.00,100 גרם,false,,9.90,0.0215,true,1,5408
8715700110158,false,היינץ ממרח במרקם קרמי צנצנת 490 גרם,דיפלומט מפיצים (1968) בעמ**,,מיונז היינץ לייט צנצ,גרמים,490.00,100 גרם,false,,9.90,0.0202,true,1,5409
8715700419732,false,מתבל עגבניות היינץ (700 גרם),דיפלומט מפיצים (1968) בעמ**,,היינץ קטשופ 700 גרם,גרמים,700.00,100 גרם,false,,9.90,0.0141,true,1,5416
8717163655825,false,"רקסונה דאו' ספריי לנשים בניחוח כותנה, 150 מ""ל","יוניליוור ישראל שיווק בע""מ",,רקסונה ספריי כותנה 1,מיליליטרים,150.00,"100 מ""ל",false,,13.90,0.0927,true,1,71070
8717163663493,false,"רקסונה - דאודורנט ספריי לגבר קובלט דריי 150 מ""ל","יוניליוור ישראל שיווק בע""מ",,רקסונה ספריי אקטיב ל,מיליליטרים,150.00,"100 מ""ל",false,,13.90,0.0927,true,1,11113
8718114047249,false,שישיית סבון מוצק דאב 100 גרם ליח',יוניליוור ישראל שיווק בעמ,,סבון מוצק דאב 6*100,גרמים,600.00,100 גרם,false,,17.90,0.0298,true,1,11119
8718951030206,false,"קולגייט סנסיטיב פרוטקשן משחת שיניים לשיניים רגישות 75 מ""ל",קולגייט-פלמוליב,,משחת קולגייט סנסטיב,מיליליטרים,75.00,"100 מ""ל",false,,17.90,0.2387,true,1,61592
8718951175600,false,"משחת שיניים קולגייט אוטאל קליין מינט 75 מ""ל",ש.שסטוביץ בעמ,,קולגייט משחת שיניים,מיליליטרים,75.00,"100 מ""ל",false,,12.90,0.1720,true,1,108371
8718951236790,false,"קולגייט טוטאל משחת שיניים קלין מינט לפה בריא 100 מ""ל",קולגייט פלמוליב,,משחת שיניים קלין מינ,מיליליטרים,100.00,"100 מ""ל",false,,16.90,0.1690,true,1,22093
8718951315303,false,"קולגייט אדומה משחת שיניים להגנה מפני עששת 2*100 מ""ל",קולגייט-פלמוליב,,משחת שיניים קולגייט,מיליליטרים,200.00,"100 מ""ל",false,,19.90,0.0995,true,1,82558
8718951338395,false,מרסס אגקס טריגר פיור הום סמבוק שחור 500,קולגייט פלמוליב,,אגקס טריגר פיור הום,מיליליטרים,500.00,"100 מ""ל",false,,13.90,0.0278,true,1,101448
8718951400474,false,"תחליב רחצה קמליה ושקדים ללא משאבה750 מ""ל פלמולי",קולגייט פלמוליב,,תחליב רחצה קמליה ושק,מיליליטרים,750.00,"100 מ""ל",false,,19.90,0.0265,true,1,507799
8718951466371,false,מרידול משחת לחניכיים רגישות 75 מל,קולגייט פלמוליב,,משחת שיניים מרידול 7,מיליליטרים,75.00,"100 מ""ל",false,,19.90,0.2653,true,1,534042
8718951498754,false,שישיית מברשות שיניים סופר פלקסי קולגייט,קולגייט פלמוליב,,מברשת שיניים פלקסי פ,יחידה,0.00,יחידה,false,,17.90,0.0000,true,1,510785
8719200998001,false,מרגרינה לאפיה ובישול בלי מלח 200 ג' בלו בנד,יוניליוור ישראל מזון בע\,,בלו בנד ללא מלח 200,גרמים,200.00,100 גרם,false,,4.90,0.0245,true,1,11123
8719200998018,false,מחמאה מרגרינה בטעם חמאה בלובנד 200 גרם,"מיוצר ע""\י יוניליוור ישר",,מחמאה מרגרינה בטעם ח,גרמים,200.00,100 גרם,false,,4.90,0.0245,true,1,11124
8719200998094,false,"מרגרינה מזולה לאפיה ללא תוספת מלח 200גר - 40 יח' -כשל""פ","מיוצר ע""\י יוניליוור ישר",,מזולה מרגרינה לאפייה,גרמים,200.00,100 גרם,false,,6.90,0.0345,true,1,11132
8720181204111,false,"אקס תחליב רחצה אפיק פרש 400 מ""ל",יוניליוור ישראל שיווק בע`מ,,ג'ל רחצה אפיק פרש לג,מיליליטרים,400.00,"100 מ""ל",false,,11.90,0.0298,true,1,533141
8801055709465,false,אבקה להכנת משקה קפה בטעם קפוצ'ינו וניל,קבוצת אוסם סחר שותפות מוגבלת,,נסקפה קפוצ'ינו וניל,גרמים,185.00,100 גרם,false,,18.90,0.1022,true,1,371230
8850367992164,false,קרם קוקוס 250 מל 20-22% ללא חומר משמר,מזרח ומערב יבוא ושיווק,,קרם קוקוס ללא גלוטן,גרמים,250.00,100 גרם,false,,7.90,0.0316,true,1,47606
8850632604259,false,"יוגטה, חיספוסים, ממתק חמוץ בצורת מקלות בטעם תות שדה,50 גרם",ליימן שליסל בע`מ,,יוגטה חיספוסים מקלות,גרמים,50.00,100 גרם,false,,3.90,0.0780,true,1,42194
8850632604402,false,יוגטה חיספוסים בטעם מעורב תות שדה אבטיח ענבים בננה 50 גרם,ליימן שליסל בע`מ,,יוגטה ממתק תות ענבים,גרמים,50.00,100 גרם,false,,3.90,0.0780,true,1,42197
8888021200720,false,סוללות אנרג'ייזר AAA מקס 8 יחידות,יצרן: אנרג'ייזר סינג,,AAAאנרג'ייזר סוללות,יחידה,0.00,יחידה,false,,24.90,0.0000,true,1,6141
8901314525055,false,מברשת שיניים קולגייט זיג זג צ`ארקול 4 יח,פארמה דיל (פ.א.ב.) שיווק והפצה,,רביעיית מברשת שיניים,יחידה,0.00,יחידה,false,,14.90,0.0000,true,1,366242
8901537024014,false,"אורז בסמטי מובחר 1 ק""ג - דוואט) יורה דיעה",ג. וילי-פוד אינטרנשיונל בע`מ,,וילי פוד אורז בסמטי,גרמים,1000.00,100 גרם,false,,12.90,0.0129,true,1,3315
8934878081811,false,"דפי אורז 22 ס""מ 400 גר'(Trav) ללא גלוטן",מזרח ומערב יבוא ושיווק,,דפים על בסיס קמח טפי,גרמים,400.00,100 גרם,false,,11.90,0.0298,true,1,47636
9002859050671,false,לבבות שוקולד ברשת 100 גרם גונץ,GUNZ WARENHANDELS,,לבבות שוקולד ברשת 10,גרמים,100.00,100 גרם,false,,9.90,0.0990,true,1,528295
9002859050763,false,חיפושיות שוקולד ברשת 100 גרם גונץ,GUNZ WARENHANDELS,,חיפושיות שוקולד ברשת,גרמים,100.00,100 גרם,false,,9.90,0.0990,true,1,528279
9002859058172,false,בונבוניירה בננה ציפוי שוקולד מריר 300 גר,GUNZ WARENHANDELS,,בננה ציפוי שוקולד מר,גרמים,300.00,100 גרם,false,,14.90,0.0497,true,1,528585
9002975393836,false,סוכריות גילי הריבו האפי קולה 70 גרם,"האריבו , ג'\י.אם.בי.אייץ",,סוכריות גומי בטעם קו,גרמים,70.00,100 גרם,false,,6.90,0.0986,true,1,154632
9002975393843,false,סוכריות גילי הריבו גולדברס 70 גרם,"האריבו , ג'\י.אם.בי.אייץ",,סוכריות גומי בטעמי פ,גרמים,70.00,100 גרם,false,,6.90,0.0986,true,1,154633
9322969000015,false,פריכיות תירס בטעם אורגינל ריל פודס 150 ג',אף.סי תבליני בגליל ב,,פריכיות תירס בטעם או,גרמים,150.00,100 גרם,false,,12.80,0.0853,true,1,6146
9720188050109,false,ממרח על בסיס סויה בסגנון גבינה טופוטי 225 גרם,*החברה המרכזית להפצת משקאותבעמ,,טופוטי ממרח טופו בטע,גרמים,225.00,100 גרם,false,,19.90,0.0884,true,1,6762
