code,internal_code,name,manufacturer_name,manufacture_country,manufacturer_item_description,unit_qty,quantity,unit_of_measure,weighted,qty_in_package,price,unit_of_measure_price,allow_discount,status,item_id
602,false,קפה טורקי 85גרם,,,בצל יבש,Unknown,0.00,"ק""ג",true,0,3.90,3.90,true,1,
619,false,פלפל אדום,,,פלפל אדום,Unknown,0.00,"ק""ג",true,0,9.90,9.90,true,1,
5942,false,"תפו""ע קריספי",,,"תפו""ע קריספי",Unknown,0.00,"ק""ג",true,0,19.90,19.90,true,1,
8073,false,הרץ יבש שלם,,,הרץ יבש שלם,Unknown,0.00,"ק""ג",true,0,129.00,129.00,true,1,
9966,false,משלוח אינטרנט,,,משלוח אינטרנט,Unknown,0.00,Unknown,false,1,29.90,29.90,true,1,
9988,false,איסוף עצמי,,,איסוף עצמי,Unknown,0.00,Unknown,false,1,15.00,15.00,true,1,
47027,false,קולאז' קצ'קבל )גלעד( חריץ תנובה,,,קולאז קצקבל גלעד,קילוגרמים,0.00,"ק""ג",true,0,129.90,129.90,true,1,
47485,false,"פיראוס בולגרית 24% בפח 3 ק""ג",,IL,בולגרית פיראוס 24%,Unknown,0.00,"ק""ג",true,0,56.00,56.00,true,1,
53219,false,גבינה חריץ טל העמק 32% במשקל,,IL,גבינה טל העמק 32%,Unknown,0.00,"ק""ג",true,0,58.00,58.00,true,1,
54766,false,מארז לחמניות,,,מארז גבטה,Unknown,0.00,Unknown,false,1,16.90,16.90,true,1,
56326,false,גבינה שוויצרית במשקל,,,גבינה שוויצרית במשקל,Unknown,0.00,"ק""ג",true,0,74.00,74.00,true,1,
363462,false,סלמי מעושן איטלקי טירת צבי במשקל,טירת צבי - מעדניה,,סלמי מעושן איטלקי,Unknown,0.00,"ק""ג",true,0,75.00,75.00,true,1,
363486,false,נקניק תה טירת צבי במשקל,טירת צבי - מעדניה,,נקניק תה טירת צבי,Unknown,0.00,"ק""ג",true,0,55.00,55.00,true,1,
365954,false,פסטרמה הודו גחלים טירת צבי,טירת צבי - מעדניה,,פסטרמה גחלים,Unknown,0.00,"ק""ג",true,0,85.00,85.00,true,1,
369341,false,לבנה אבו גוש ירוק במשקל,,,לבנה אבו גוש ירוק במ,Unknown,0.00,"ק""ג",true,0,50.00,50.00,true,1,
554754,false,"גבינה מוצרלה כדור קטן גד לק""ג",גבינות מעדניה,,מוצרלה קטן במשקל,Unknown,0.00,"ק""ג",true,0,98.00,98.00,true,1,
554792,false,בולגרית מעודנת 5% במשקל,גבינות מעדניה,,בולגרית מעודנת 5%,Unknown,0.00,"ק""ג",true,0,64.00,64.00,true,1,
554815,false,"גב.מוצרלה נקניק צמה גד לק""ג",גבינות מעדניה,,מוצרלה טבעית במשקל,Unknown,0.00,"ק""ג",true,0,88.00,88.00,true,1,
554969,false,גבינת שמנת 30% במשקל,גבינות מעדניה,,גבינת שמנת 30% טבעי,Unknown,0.00,"ק""ג",true,0,49.00,49.00,true,1,
554976,false,"גבינה שמנת זיתים 30% גד לק""ג",גבינות מעדניה,,גבינת שמנת 30% זיתים,קילוגרמים,0.00,"ק""ג",true,0,49.00,49.00,true,1,
554990,false,מוצרלה במים כדורים גדולים 18% במשקל,גבינות מעדניה,,כדורי מוצרלה במשקל,Unknown,0.00,"ק""ג",true,0,101.00,101.00,true,1,
644783,false,מנות פילה סלמון קפוא דגי תנובה,דגיים קפואים,,פילה סלמון קפוא מנות,Unknown,0.00,"ק""ג",true,0,84.90,84.90,true,1,
1101414,false,סינטה לבנה מעושנת-להב,,,סינטה לבנה מעושנת,Unknown,0.00,"ק""ג",true,0,105.00,105.00,true,1,
1258149,false,גבינת פקורינו רומנו צאן במשקל-יעקבס,,,גבינת פקורינו רומנו,קילוגרמים,0.00,"ק""ג",true,0,145.00,145.00,true,1,
1356425,false,פילה מטיאס במשקל,,,פילה מטיאס במשקל,Unknown,0.00,"ק""ג",true,0,47.00,47.00,true,1,
1421109,false,בוזנינה פסטיבל ביתי,,,בוזנינה פסטיבל ביתי,Unknown,0.00,"ק""ג",true,0,125.00,125.00,true,1,
1532010,false,סלמון מעושן חם במשקל,,,סלמון מעושן חם במשקל,Unknown,0.00,"ק""ג",true,0,188.00,188.00,true,1,
1532096,false,שפרוטים חם במשקל,,,שפרוטים חם במשקל,Unknown,0.00,"ק""ג",true,0,85.00,85.00,true,1,
1532188,false,מקרל מעושן גדול במשקל,,,מקרל מעושן גדול במשק,Unknown,0.00,"ק""ג",true,0,95.00,95.00,true,1,
1532317,false,מקרל בשמן במשקל,,,מקרל בשמן במשקל,Unknown,0.00,"ק""ג",true,0,99.00,99.00,true,1,
2073390,false,אוסובוקו לבן טרי,,,אוסובוקו לבן טרי,Unknown,0.00,"ק""ג",true,0,28.90,28.90,true,1,
2073932,false,פסטרמה רוסט ריב עגל,,,פסטרמה רוסט ריב עגל,Unknown,0.00,"ק""ג",true,0,113.00,113.00,true,1,
2220675,false,גרנה פדנו איטלקית במשקל,,,גרנה פדנו איטלקית,Unknown,0.00,"ק""ג",true,0,136.00,136.00,true,1,
2265214,false,פילה הרינג בשמן במשקל,,,פילה הרינג בשמן במשק,Unknown,0.00,"ק""ג",true,0,52.00,52.00,true,1,
2265719,false,הרינג נורבגי קפוא שקיל,,,הרינג נורבגי קפוא,Unknown,0.00,"ק""ג",true,0,30.00,30.00,true,1,
2345879,false,פרמזנו רגאנו במשקל,,IT,פרמזנו רגאנו במשקל,Unknown,0.00,"ק""ג",true,0,173.00,173.00,true,1,
2385455,false,בולגרית מעודנת 24% גד במשקל,,,בולגרית מעודנת 24% ג,Unknown,0.00,"ק""ג",true,0,63.00,63.00,true,1,
2511281,false,ברינזה צאן במשקל,,,ברינזה צאן במשקל,Unknown,0.00,"ק""ג",true,0,89.00,89.00,true,1,
2511427,false,אצבעות שוקלד וניל במשקל,,,אצבעות שוקלד וניל במ,Unknown,0.00,"ק""ג",true,0,54.00,54.00,true,1,
2617488,false,גבינת צדר אנגלית מיושנת במשקל,,,גבינת צדר אנגלית,Unknown,0.00,"ק""ג",true,0,120.00,120.00,true,1,
2617495,false,גבינת צדר אנגלית עם וויסקי במשקל,,,גבינת צדר אנגלית,Unknown,0.00,"ק""ג",true,0,159.00,159.00,true,1,
2617501,false,גבינת צדר עם חמוציות במשקל,,,גבינת צדר עם חמוציות,Unknown,0.00,"ק""ג",true,0,166.00,166.00,true,1,
2749004,false,נקניק פולטבסקיה חצי יבש מזרע,,,נקניק פולטבסקיה,Unknown,0.00,"ק""ג",true,0,105.00,105.00,true,1,
2749561,false,נקניקיות בוואריה מזרע,,,נקניקיות בוואריה,Unknown,0.00,"ק""ג",true,0,79.00,79.00,true,1,
2749899,false,פילה לבן טרי,,,פילה לבן טרי,Unknown,0.00,"ק""ג",true,0,84.90,84.90,true,1,
2812530,false,גאודה הולנדי עשבי תיבול במשקל,,,גאודה עשבי תיבול,Unknown,0.00,"ק""ג",true,0,102.00,102.00,true,1,
2837046,false,גבינת קרלובסקי במשקל,,,גבינת קרלובסקי במשקל,Unknown,0.00,"ק""ג",true,0,85.00,85.00,true,1,
2837121,false,גבינת פושיחונסקי במשקל,,,גבינת פושיחונסקי במש,Unknown,0.00,"ק""ג",true,0,79.00,79.00,true,1,
2859512,false,חזה אווז קפוא בלדי,,,חזה אווז קפוא,Unknown,0.00,"ק""ג",true,0,179.00,179.00,true,1,
3006120,false,טאפס שכונתי במשקל,,,טאפס שכונתי במשקל,Unknown,0.00,"ק""ג",true,0,170.00,170.00,true,1,
3018680,false,נקניק קרקובסקיה דימוב,,,נקניק קרקובסקיה,Unknown,0.00,"ק""ג",true,0,109.00,109.00,true,1,
3131211,false,כוסברה במשקל,,,כוסברה במשקל,Unknown,0.00,"ק""ג",true,0,39.00,39.00,true,1,
3131297,false,בננה ציפס שטוח,,,בננה ציפס שטוח,Unknown,0.00,"ק""ג",true,0,35.00,35.00,true,1,
3131310,false,בוטן טבעי,,,בוטן טבעי,Unknown,0.00,"ק""ג",true,0,25.00,25.00,true,1,
3131358,false,שזיף מגולען,,,שזיף מגולען,Unknown,0.00,"ק""ג",true,0,39.00,39.00,true,1,
3131419,false,כוסמת חומה,,,כוסמת חומה,Unknown,0.00,"ק""ג",true,0,10.00,10.00,true,1,
3132942,false,סומק,,,סומק,Unknown,0.00,"ק""ג",true,0,60.00,60.00,true,1,
3189045,false,גבינה צהובה בסגנון הולנדי 26% מעדניה,,,צהובה הולנדית במשקל,קילוגרמים,0.00,"ק""ג",true,0,37.00,37.00,true,1,
3189274,false,צהובה מעושנת במשקל,,,צהובה מעושנת במשקל,קילוגרמים,0.00,"ק""ג",true,0,40.00,40.00,true,1,
3192014,false,פקאן במשקל,,,פקאן במשקל,Unknown,0.00,"ק""ג",true,0,99.00,99.00,true,1,
3192502,false,חמוצים ב-6.90 ₪ ל-100 גר,,,חמוצים בתפזורת,Unknown,0.00,"ק""ג",true,0,69.00,69.00,true,1,
3192618,false,צנובר סיני,,,צנובר סיני,Unknown,0.00,"ק""ג",true,0,199.00,199.00,true,1,
3192854,false,קשיו טבעי במשקל,,,קשיו טבעי במשקל,Unknown,0.00,"ק""ג",true,0,80.00,80.00,true,1,
3211104,false,צימוק חום,,,צימוק חום,Unknown,0.00,"ק""ג",true,0,30.00,30.00,true,1,
3211258,false,קינמון טחון במשקל,,,קינמון טחון במשקל,Unknown,0.00,"ק""ג",true,0,59.00,59.00,true,1,
3211357,false,צימוק לבן קטן,,,צימוק לבן קטן,Unknown,0.00,"ק""ג",true,0,30.00,30.00,true,1,
3211364,false,חלבה במשקל,,,חלבה במשקל,Unknown,0.00,"ק""ג",true,0,60.00,60.00,true,1,
3211760,false,תבלין לשווארמה במשקל,,,תבלין לשווארמה במשקל,Unknown,0.00,"ק""ג",true,0,59.00,59.00,true,1,
3213078,false,תבלין טוסקנה,,,תבלין טוסקנה,Unknown,0.00,"ק""ג",true,0,79.00,79.00,true,1,
3213092,false,בונדוק לא קלוי,,,בונדוק לא קלוי,Unknown,0.00,"ק""ג",true,0,69.00,69.00,true,1,
3213160,false,כורכום במשקל,,,כורכום במשקל,Unknown,0.00,"ק""ג",true,0,69.00,69.00,true,1,
3213221,false,קארי מסאלה 1במשקל,,,קארי מסאלה 1במשקל,Unknown,0.00,"ק""ג",true,0,79.00,79.00,true,1,
3213306,false,כמון מזרחי במשקל,,,כמון מזרחי במשקל,Unknown,0.00,"ק""ג",true,0,69.00,69.00,true,1,
3213344,false,חמוציות במשקל,,,חמוציות במשקל,Unknown,0.00,"ק""ג",true,0,80.00,80.00,true,1,
3213351,false,שקדים בדבש,,,שקדים בדבש,Unknown,0.00,"ק""ג",true,0,85.00,85.00,true,1,
3213375,false,שקד טבעי,,,שקד טבעי,Unknown,0.00,"ק""ג",true,0,69.00,69.00,true,1,
3213382,false,אגוז מלך,,,אגוז מלך,Unknown,0.00,"ק""ג",true,0,59.00,59.00,true,1,
3213399,false,אגוז ברזיל,,,אגוז ברזיל,Unknown,0.00,"ק""ג",true,0,59.00,59.00,true,1,
3213757,false,קשיו בדבש,,,קשיו בדבש,Unknown,0.00,"ק""ג",true,0,99.00,99.00,true,1,
3213764,false,פקאן מסוכר,,,פקאן מסוכר,Unknown,0.00,"ק""ג",true,0,120.00,120.00,true,1,
3213856,false,פרוסות תפוז,,,פרוסות תפוז,Unknown,0.00,"ק""ג",true,0,94.00,94.00,true,1,
3213948,false,רוזמרין,,,רוזמרין,Unknown,0.00,"ק""ג",true,0,75.00,75.00,true,1,
3345724,false,שוקיים עוף בלי עור,,,שוקיים עוף בלי עור,Unknown,0.00,"ק""ג",true,0,34.90,34.90,true,1,
3345731,false,כרעיים ללא עור ושומן,,,כרעיים ללא עור ושומן,Unknown,0.00,"ק""ג",true,0,27.90,27.90,true,1,
3714339,false,וינר עבה במשקל מניה,,,וינר עבה במשקל מניה,Unknown,0.00,"ק""ג",true,0,69.00,69.00,true,1,
3800001,false,כנפיים טרי לוקס,,,כנפיים טרי לוקס,Unknown,0.00,"ק""ג",true,0,21.90,21.90,true,1,
3800513,false,פילה עוף טרי,,,פילה עוף טרי,Unknown,0.00,"ק""ג",true,0,39.90,39.90,true,1,
4050191,false,נקניק סלמי הונגרי,,,נקניק סלמי הונגרי,Unknown,0.00,"ק""ג",true,0,175.00,175.00,true,1,
4050283,false,פפרוני עגל במשקל,,,פפרוני עגל במשקל,Unknown,0.00,"ק""ג",true,0,165.00,165.00,true,1,
4050368,false,סלמי קופצסקי סרוולט,,,סלמי קופצסקי סרוולט,Unknown,0.00,"ק""ג",true,0,110.00,110.00,true,1,
4050443,false,בייקון במשקל,,,בייקון במשקל,Unknown,0.00,"ק""ג",true,0,200.00,200.00,true,1,
4050597,false,פרושוטו,,,פרושוטו,Unknown,0.00,"ק""ג",true,0,312.00,312.00,true,1,
4050894,false,נקניק סלמי כפרי,,,נקניק סלמי כפרי,Unknown,0.00,"ק""ג",true,0,175.00,175.00,true,1,
4051013,false,בלוק פטה כבד עוף,,,בלוק פטה כבד עוף,Unknown,0.00,"ק""ג",true,0,85.00,85.00,true,1,
4051037,false,נקניקיות סליווצנה,,,נקניקיות סליווצנה,Unknown,0.00,"ק""ג",true,0,60.00,60.00,true,1,
4051082,false,קורנביף במשקל,,,קורנביף במשקל,Unknown,0.00,"ק""ג",true,0,120.00,120.00,true,1,
4051174,false,סרוולט אוסטרי במשקל,,,סרוולט אוסטרי,Unknown,0.00,"ק""ג",true,0,175.00,175.00,true,1,
4051204,false,פסטרמה הודו עם אווז,,,פסטרמה הודו עם אווז,Unknown,0.00,"ק""ג",true,0,135.00,135.00,true,1,
4051402,false,צוואר מעושן במשקל,,,צוואר מעושן במשקל,Unknown,0.00,"ק""ג",true,0,170.00,170.00,true,1,
4051457,false,שוק מעושן במשקל,,,שוק מעושנת במשקל,Unknown,0.00,"ק""ג",true,0,100.00,100.00,true,1,
4051464,false,נקניק סלמי מילאנו,,,נקניק סלמי מילאנו,Unknown,0.00,"ק""ג",true,0,155.00,155.00,true,1,
4051495,false,בוזנינה כפרית במשקל,,,בוזנינה כפרית במשקל,Unknown,0.00,"ק""ג",true,0,170.00,170.00,true,1,
4051563,false,נקניק סלמי צרפתי,,,נקניק סלמי צרפתי,Unknown,0.00,"ק""ג",true,0,175.00,175.00,true,1,
4051594,false,נקניק סלמי פארמה במשקל,,,נקניק סלמי פארמה,Unknown,0.00,"ק""ג",true,0,105.00,105.00,true,1,
4051617,false,נקניק סלמי רוונה במשקל,,,נקניק סלמי רוונה,Unknown,0.00,"ק""ג",true,0,100.00,100.00,true,1,
4051785,false,מורטדלה איטלקית,,,מורטדלה איטלקית,Unknown,0.00,"ק""ג",true,0,70.00,70.00,true,1,
4052034,false,נקניק מוסקובסקיה -מזרע,,,נקניק מוסקובסקיה,Unknown,0.00,"ק""ג",true,0,115.00,115.00,true,1,
4052072,false,סלה דומשניה,,,סלה דומשניה,Unknown,0.00,"ק""ג",true,0,105.00,105.00,true,1,
4052102,false,עוף מעושן בטעם רוסי במשקל,,,עוף מעושן בטעם רוסי,Unknown,0.00,"ק""ג",true,0,75.00,75.00,true,1,
4052119,false,חטיפי קבנוס רו,,,חטיפי קבנוס רו,Unknown,0.00,"ק""ג",true,0,179.00,179.00,true,1,
4052386,false,פסטרמה אסאדו לבן במשקל,,,פסטרמה אסאדו לבן במש,Unknown,0.00,"ק""ג",true,0,140.00,140.00,true,1,
4052423,false,ברזאולה,,,ברזאולה,Unknown,0.00,"ק""ג",true,0,295.00,295.00,true,1,
4052652,false,רו בייקון במשקל,,,רו בייקון במשקל,Unknown,0.00,"ק""ג",true,0,260.00,260.00,true,1,
4052676,false,נקניקיות פרגית במשקל מזרע,,,נקניקיות פרגית במשקל,Unknown,0.00,"ק""ג",true,0,36.00,36.00,true,1,
4052799,false,פסטרמה לבנה,,,פסטרמה לבנה,Unknown,0.00,"ק""ג",true,0,120.00,120.00,true,1,
4052966,false,נקניק תה רחב במשקל,,,נקניק תה במשקל,Unknown,0.00,"ק""ג",true,0,65.00,65.00,true,1,
4052973,false,רוסטביף ללא חומר משמר במשקל,,,רוסטביף,Unknown,0.00,"ק""ג",true,0,195.00,195.00,true,1,
4053000,false,נקניק רו סרוולט,,,נקניק רו סרוולט,Unknown,0.00,"ק""ג",true,0,165.00,165.00,true,1,
4053017,false,נקניק סלמי הרץ מזרע,,,נקניק סלמי הרץ מזרע,Unknown,0.00,"ק""ג",true,0,152.00,152.00,true,1,
4053024,false,נקניק פפרוני,,,נקניק פפרוני,Unknown,0.00,"ק""ג",true,0,165.00,165.00,true,1,
4053161,false,נקניק רוסקי סרוולט,,,נקניק רוסקי סרוולט,Unknown,0.00,"ק""ג",true,0,165.00,165.00,true,1,
4053215,false,פסטרמה על האש,,,פסטרמה על האש,Unknown,0.00,"ק""ג",true,0,139.00,139.00,true,1,
4053710,false,פסטרמה חזה הודו מקסיקני,,,פסטרמה חזה הודו,Unknown,0.00,"ק""ג",true,0,80.00,80.00,true,1,
4053918,false,כתף בקר מעושנת במשקל,,,כתף בקר מעושנת במשקל,Unknown,0.00,"ק""ג",true,0,125.00,125.00,true,1,
4054014,false,שינקן מעושן במשקל,,,שינקן מעושן במשקל,Unknown,0.00,"ק""ג",true,0,130.00,130.00,true,1,
4054021,false,שינקן פולני פולני חצי במשקל,,,שינקן פולני במשקל,Unknown,0.00,"ק""ג",true,0,120.00,120.00,true,1,
4054373,false,סלמי פינלנד,,,סלמי פינלנד,Unknown,0.00,"ק""ג",true,0,160.00,160.00,true,1,
4054380,false,סלמי זרניסטיה,,,סלמי זרניסטיה,Unknown,0.00,"ק""ג",true,0,160.00,160.00,true,1,
4054397,false,פרושוטו רוסי,,,פרושוטו רוסי,Unknown,0.00,"ק""ג",true,0,215.00,215.00,true,1,
4054427,false,שוק חזירון בלי עצם,,,פסטרמה שוק חזירון,Unknown,0.00,"ק""ג",true,0,110.00,110.00,true,1,
4054434,false,וצינה מוסקובסקיה,,,וצינה מוסקובסקיה,Unknown,0.00,"ק""ג",true,0,150.00,150.00,true,1,
4054502,false,לשון עגל קרושה,,,לשון עגל קרושה,Unknown,0.00,"ק""ג",true,0,90.00,90.00,true,1,
4054946,false,סלמי קרמליובסקי סרוולט,,,סלמי קרמליובסקי,Unknown,0.00,"ק""ג",true,0,100.00,100.00,true,1,
4054953,false,סרוולט איטלקי,,,סרוולט איטלקי,Unknown,0.00,"ק""ג",true,0,115.00,115.00,true,1,
4055103,false,נקניקיות עגל במשקל,,,נקניקיות עגל במשקל,Unknown,0.00,"ק""ג",true,0,50.00,50.00,true,1,
4055233,false,נקניק פודקובה,,,נקניק פודקובה,Unknown,0.00,"ק""ג",true,0,75.00,75.00,true,1,
4055479,false,פסטרמה בקר בפלפל,,,פסטרמה בקר בפלפל,Unknown,0.00,"ק""ג",true,0,125.00,125.00,true,1,
4055608,false,פריזר איטלקי,,,פריזר איטלקי,Unknown,0.00,"ק""ג",true,0,62.00,62.00,true,1,
4055615,false,פריזר עגל,,,פריזר עגל,Unknown,0.00,"ק""ג",true,0,45.00,45.00,true,1,
4055769,false,נקניק לוביטליסקיה,,,נקניק לוביטליסקיה,Unknown,0.00,"ק""ג",true,0,105.00,105.00,true,1,
4055813,false,נקניק טורו מבשר בקר,,,נקניק טורו מבשר בקר,Unknown,0.00,"ק""ג",true,0,135.00,135.00,true,1,
4135324,false,בולגרית מעודנת פיראוס 5% למעדניה,,,בולגרית פיראוס מעודנ,Unknown,0.00,"ק""ג",true,0,49.00,49.00,true,1,
4136291,false,צפתית מעודנת פיראוס 5% למעדניה,,,גבינה צפתית מעודנת 5,Unknown,0.00,"ק""ג",true,0,65.00,65.00,true,1,
4281540,false,דנבר קאט טרי סקין,,IL,דנבר קאט טרי חוות.ב,Unknown,0.00,"ק""ג",true,0,149.90,149.90,true,1,
4412135,false,לוף,,,לוף,Unknown,0.00,"ק""ג",true,0,8.80,8.80,true,1,
4412166,false,אשכולית אדומה,,,אשכולית אדומה,Unknown,0.00,"ק""ג",true,0,5.99,5.99,true,1,
4412227,false,"תפו""א אדום",,,תפוא אדום,Unknown,0.00,"ק""ג",true,0,6.90,6.90,true,1,
4412296,false,שזיף גדול,,,שזיף גדול,Unknown,0.00,"ק""ג",true,0,7.99,7.99,true,1,
4412319,false,בטטה,,,בטטה,Unknown,0.00,"ק""ג",true,0,12.90,12.90,true,1,
4412340,false,קלמנטינה,,,קלמנטינה,Unknown,0.00,"ק""ג",true,0,7.90,7.90,true,1,
4412357,false,רימון,,,רימון,Unknown,0.00,"ק""ג",true,0,9.90,9.90,true,1,
4412388,false,שומר,,,שומר,Unknown,0.00,"ק""ג",true,0,4.95,4.95,true,1,
4412395,false,תפוז ברשת,,,תפוז ברשת,Unknown,0.00,"ק""ג",true,0,3.99,3.99,true,1,
4412418,false,קיווי,,,קיווי,Unknown,0.00,"ק""ג",true,0,19.90,19.90,true,1,
4412432,false,תפוזים,,,תפוזים,Unknown,0.00,"ק""ג",true,0,6.90,6.90,true,1,
4412456,false,"תפו""ע חרמון",,,תפוע חרמון,Unknown,0.00,"ק""ג",true,0,11.99,11.99,true,1,
4412463,false,"תפו""ע מוזהב",,,תפוע מוזהב,Unknown,0.00,"ק""ג",true,0,7.49,7.49,true,1,
4412470,false,"תפו""ע סמיט",,,תפוע סמיט,Unknown,0.00,"ק""ג",true,0,12.90,12.90,true,1,
4412487,false,שזיף אדום,,,שזיף אדום,Unknown,0.00,"ק""ג",true,0,7.95,7.95,true,1,
4412500,false,בצל אדום,,,בצל אדום,Unknown,0.00,"ק""ג",true,0,7.90,7.90,true,1,
4412531,false,ענבים ירוקים,,,ענבים ירוקים,Unknown,0.00,"ק""ג",true,0,39.90,39.90,true,1,
4412548,false,ענבים שחורים,,,ענבים שחורים,Unknown,0.00,"ק""ג",true,0,27.90,27.90,true,1,
4412586,false,לימון,,,לימון,Unknown,0.00,"ק""ג",true,0,9.90,9.90,true,1,
4412616,false,בננות,,,בננות,Unknown,0.00,"ק""ג",true,0,5.90,5.90,true,1,
4412623,false,אגסים,,,אגסים,Unknown,0.00,"ק""ג",true,0,17.90,17.90,true,1,
4412630,false,אשכוליות,,,אשכוליות,Unknown,0.00,"ק""ג",true,0,4.99,4.99,true,1,
4412647,false,אבוקדו,,,אבוקדו,Unknown,0.00,"ק""ג",true,0,18.90,18.90,true,1,
4412654,false,אפרסמון,,,אפרסמון,Unknown,0.00,"ק""ג",true,0,7.90,7.90,true,1,
4412678,false,"תפו""א לבן",,,תפוא לבן,Unknown,0.00,"ק""ג",true,0,5.90,5.90,true,1,
4412685,false,פומלה,,,פומלה,Unknown,0.00,"ק""ג",true,0,5.80,5.80,true,1,
4412708,false,קולרבי,,,קולורבי,Unknown,0.00,"ק""ג",true,0,6.40,6.40,true,1,
4412715,false,קשואים,,,קישואים,Unknown,0.00,"ק""ג",true,0,7.90,7.90,true,1,
4412746,false,פלפל חריף,,,פלפל חריף,Unknown,0.00,"ק""ג",true,0,6.85,6.85,true,1,
4412777,false,פלפל צהוב,,,פלפל צהוב,Unknown,0.00,"ק""ג",true,0,6.90,6.90,true,1,
4412784,false,עגבניות,,,עגבניות,Unknown,0.00,"ק""ג",true,0,6.90,6.90,true,1,
4412791,false,סלק,,,סלק,Unknown,0.00,"ק""ג",true,0,3.95,3.95,true,1,
4412814,false,מלפפונים,,,מלפפונים,Unknown,0.00,"ק""ג",true,0,4.90,4.90,true,1,
4412838,false,כרובית,,,כרובית,Unknown,0.00,"ק""ג",true,0,14.90,14.90,true,1,
4412845,false,כרוב אדום,,,כרוב אדום,Unknown,0.00,"ק""ג",true,0,4.60,4.60,true,1,
4412852,false,כרוב לבן,,,כרוב לבן,Unknown,0.00,"ק""ג",true,0,2.90,2.90,true,1,
4412869,false,חצילים,,,חצילים,Unknown,0.00,"ק""ג",true,0,7.90,7.90,true,1,
4412876,false,דלעת,,,דלעת,Unknown,0.00,"ק""ג",true,0,5.99,5.99,true,1,
4412883,false,גזר,,,גזר,Unknown,0.00,"ק""ג",true,0,5.90,5.90,true,1,
4412920,false,מלפפון ארוז,,,מלפפון בייבי ארוז,Unknown,0.00,Unknown,false,0,5.90,5.90,true,1,
4467180,false,שניצל עוף דק דק שירות עצמי,,,שניצל עוף דק דק,Unknown,0.00,"ק""ג",true,0,48.90,48.90,true,1,
4530044,false,אמנטל צרפתי במשקל,,,אמנטל צרפתי במשקל,Unknown,0.00,"ק""ג",true,0,115.00,115.00,true,1,
4725600,false,גבינה צהובה סקנדינבית 31% במשקל,,,גבינה צהובה סקנדינבי,Unknown,0.00,"ק""ג",true,0,75.00,75.00,true,1,
4861025,false,גבינה בולגרית 5%,,,גבינה בולגרית 5%,Unknown,0.00,"ק""ג",true,0,50.00,50.00,true,1,
4861261,false,טבורוג בטעמים 9%,,,טבורוג בטעמים 9%,Unknown,0.00,"ק""ג",true,0,40.00,40.00,true,1,
4861285,false,טבורוג טבעי 9%,,,טבורוג טבעי 9%,Unknown,0.00,"ק""ג",true,0,39.00,39.00,true,1,
4861445,false,לבנה כדורים בשמן זית,,,לבנה כדורים בשמן זית,Unknown,0.00,"ק""ג",true,0,109.00,109.00,true,1,
4861520,false,גבינה קרם שמנת 5% במשקל,,,גבינה קרם שמנת 5% במ,Unknown,0.00,"ק""ג",true,0,38.00,38.00,true,1,
5992858,false,פטה 5% מעודנת במשקל,,,פטה 5% מעודנת במשקל,Unknown,0.00,"ק""ג",true,0,127.00,127.00,true,1,
5992872,false,צפתית במים 5% במשקל,,,צפתית 5% במשקל,Unknown,0.00,"ק""ג",true,0,67.00,67.00,true,1,
5992889,false,גבינת שמנת 30% שמיר,,,גבינת שמנת 30% שמיר,קילוגרמים,0.00,"ק""ג",true,0,49.00,49.00,true,1,
6186027,false,בשר לבן טרי טחון,,,בשר לבן טרי טחון,Unknown,0.00,"ק""ג",true,0,64.90,64.90,true,1,
6187260,false,סינטה לבן טרי מפורק,,,סינטה לבנה מפורקת,Unknown,0.00,"ק""ג",true,0,79.90,79.90,true,1,
6187451,false,סטייק צוואר לבן טרי,,,סטייק צוואר לבן טרי,Unknown,0.00,"ק""ג",true,0,84.90,84.90,true,1,
6187468,false,סטייק צלע לבן טרי,,,סטייק צלע לבן טרי,Unknown,0.00,"ק""ג",true,0,71.90,71.90,true,1,
6188663,false,חזה הודו ברביקיו דל שומן מזרע,,,חזה הודו דל שומן,Unknown,0.00,"ק""ג",true,0,80.00,80.00,true,1,
6188717,false,חזה הודו רומני דל שומן מזרע,,,חזה הודו רומני דל.ש,Unknown,0.00,"ק""ג",true,0,85.00,85.00,true,1,
6189042,false,סרוולט הזהב,,,סרוולט הזהב,Unknown,0.00,"ק""ג",true,0,179.00,179.00,true,1,
6190062,false,צוואר לבן מפורק טרי,,,צוואר לבן בלי עצם,Unknown,0.00,"ק""ג",true,0,109.90,109.90,true,1,
6191915,false,גבינה מגורדת,,,גבינה מגורדת,Unknown,0.00,"ק""ג",true,0,55.00,55.00,true,1,
6195098,false,גבינת כדור אדם במשקל,,,גבינת כדור אדם במשקל,Unknown,0.00,"ק""ג",true,0,74.00,74.00,true,1,
6217066,false,נקניקיות וינר מניה,,,נקניקיות וינר במשקל,Unknown,0.00,"ק""ג",true,0,69.00,69.00,true,1,
6217189,false,קייזר במשקל מניה,,,קייזר במשקל,Unknown,0.00,"ק""ג",true,0,139.00,139.00,true,1,
6217783,false,אסאדו על האש במשקל מניה,,,אסאדו על האש במשקל,Unknown,0.00,"ק""ג",true,0,130.00,130.00,true,1,
6217936,false,קוסטיצה שחור במשקל מניה,,,קוסטיצה שחור במשקל,Unknown,0.00,"ק""ג",true,0,139.00,139.00,true,1,
6217943,false,נקניקיות וינר עבה מניה,,,נקניקיות וינר,קילוגרמים,0.00,"ק""ג",true,0,69.00,69.00,true,1,
6219015,false,נקניק הרץ מניה,,,נקניק הרץ,Unknown,0.00,"ק""ג",true,0,105.00,105.00,true,1,
6219060,false,נקניק רוסקייה,,,נקניק רוסקייה,Unknown,0.00,"ק""ג",true,0,160.00,160.00,true,1,
6219077,false,נקניק סלמי רוחברג מניה,,,נקניק סלמי רוחברג,Unknown,0.00,"ק""ג",true,0,160.00,160.00,true,1,
6219138,false,נקניק זרניסטיה מניה,,,נקניק זרניסטיה,Unknown,0.00,"ק""ג",true,0,160.00,160.00,true,1,
6219251,false,פריזר בייגלה במשקל,,,פריזר בייגלה מניה,Unknown,0.00,"ק""ג",true,0,70.00,70.00,true,1,
6219374,false,פריזר גדול רוסי במשקל מניה,,,פריזר גדול רוסי במשק,Unknown,0.00,"ק""ג",true,0,65.00,65.00,true,1,
6219640,false,קוסטיצה לבן במשקל מניה,,,קוסטיצה לבנה במשקל,קילוגרמים,0.00,"ק""ג",true,0,139.00,139.00,true,1,
6355300,false,נתח בשר בקר טחון,,,בשר עגל טרי טחון,Unknown,0.00,"ק""ג",true,0,54.90,54.90,true,1,
6357571,false,סמוקרלה בסגנון שקיל,,,סמוקרלה בסגנון שקיל,Unknown,0.00,"ק""ג",true,0,62.00,62.00,true,1,
6519511,false,פריזר עוף מזרע,,,פריזר עוף,Unknown,0.00,"ק""ג",true,0,35.00,35.00,true,1,
6519566,false,פריזר אדום גדול,,,פריזר אדום גדול,Unknown,0.00,"ק""ג",true,0,59.00,59.00,true,1,
6519597,false,נקניק מוסקובסקיה חצי יבש מזרע,,,נקניק מוסקובסקיה,Unknown,0.00,"ק""ג",true,0,95.00,95.00,true,1,
6520227,false,טחון הודו טרי,,,טחון הודו טרי,Unknown,0.00,"ק""ג",true,0,33.90,33.90,true,1,
6520388,false,שניצל חזה עוף פרוס טרי,,,שניצל חזה עוף פרוס,Unknown,0.00,"ק""ג",true,0,39.90,39.90,true,1,
6520395,false,בשר עוף טרי טחון,,,בשר עוף טרי טחון,Unknown,0.00,"ק""ג",true,0,36.90,36.90,true,1,
6707383,false,שוקיים עוף ללא אנטיביוטיקה עוף טוב מגש,,,שוקיים ללא אנטיביוטי,Unknown,0.00,"ק""ג",true,0,39.90,39.90,true,1,
6707390,false,שווארמה עוף ללא אנטיביוטיקה ע טוב מגש,,,שווארמה ללא אנטיביוט,Unknown,0.00,"ק""ג",true,0,82.90,82.90,true,1,
6707420,false,עוף שלם ללא אנטיביוטיקה עוף טוב ארוז,,,עוף שלם טרי ללא אנטי,Unknown,0.00,"ק""ג",true,0,27.90,27.90,true,1,
6707437,false,כנפיים עוף ללא אנטיביוטיקה ארוז עוף טוב,,,כנפיים עוף טרי,Unknown,0.00,"ק""ג",true,0,14.90,14.90,true,1,
6707451,false,לב עוף טרי ללא אנטיביוטיקה עוף טוב מגש,,,לב עוף ללא אנטיביוטי,Unknown,0.00,"ק""ג",true,0,39.90,39.90,true,1,
6707772,false,שוקיים עוף ללא אנטיביוטיקה פרימיום,,,שוקיים עוף ללא אנטיב,Unknown,0.00,"ק""ג",true,0,39.90,39.90,true,1,
6708151,false,שניצל דק ללא אנטיביוטיקה עוף טוב במגש,,,שניצל דק ללא אנטיביו,Unknown,0.00,"ק""ג",true,0,49.90,49.90,true,1,
6708847,false,חזה עוף ללא אנטיביוטיקה עוף טוב במגש,,,חזה עוף ללא אנטיביוט,Unknown,0.00,"ק""ג",true,0,46.90,46.90,true,1,
6833778,false,דניס טרי 400-500 נטו,,,דניס טרי 400-500 נטו,Unknown,0.00,"ק""ג",true,0,69.90,69.90,true,1,
6841339,false,אמנון טרי 500/600,,,אמנון טרי,Unknown,0.00,"ק""ג",true,0,34.90,34.90,true,1,
6843371,false,ספריבס חזה לבן ללא עור טרי,,,ספריבס חזה לבן ללא ע,Unknown,0.00,"ק""ג",true,0,85.90,85.90,true,1,
6843913,false,ירכיים עוף טרי,,,ירכיים עוף טרי,Unknown,0.00,"ק""ג",true,0,24.90,24.90,true,1,
6843944,false,עוף שלם טרי,,,עוף שלם טרי,Unknown,0.00,"ק""ג",true,0,17.90,17.90,true,1,
8379854,false,גבינה גרוזינסקי במשקל,,,גבינה גרוזינסקי במשק,Unknown,0.00,"ק""ג",true,0,59.00,59.00,true,1,
8379977,false,גבינת סולוגוני במשקל,,,גבינת סולוגוני במשקל,Unknown,0.00,"ק""ג",true,0,74.00,74.00,true,1,
8433853,false,כתף בקר מעושן מזרע,,,כתף בקר מעושנת מזרע,Unknown,0.00,"ק""ג",true,0,130.00,130.00,true,1,
8434638,false,פרגיות עוף שווארמה טרי,,IL,פרגית קצרה/ שווארמה,Unknown,0.00,"ק""ג",true,0,59.90,59.90,true,1,
8434683,false,צדר אדום גרמני במשקל,,,צדר אדום גרמני במשקל,Unknown,0.00,"ק""ג",true,0,84.00,84.00,true,1,
8434799,false,צדר לבן גרמני במשקל,,,צדר לבן גרמני במשקל,Unknown,0.00,"ק""ג",true,0,95.00,95.00,true,1,
8436175,false,פילה סלמון פרוס קפוא,,,פילה סלמון פרוס קפוא,Unknown,0.00,"ק""ג",true,0,104.90,104.90,true,1,
8439213,false,פסטרמה הודו פרפר על האש מזרע,,,פסטרמה הודו פרפר על,Unknown,0.00,"ק""ג",true,0,75.00,75.00,true,1,
8439510,false,פסטרמה הודו בדבש מזרע,,,פסטרמה הודו בדבש,Unknown,0.00,"ק""ג",true,0,70.00,70.00,true,1,
8439527,false,פסטרמה הודו פרפר מעושן מזרע,,,פסטרמה הודו פרפר מעו,Unknown,0.00,"ק""ג",true,0,75.00,75.00,true,1,
8439541,false,פסטרמה הודו על האש,,,פסטרמה הודו על האש,Unknown,0.00,"ק""ג",true,0,70.00,70.00,true,1,
8439572,false,פסטרמה הודו פרפר רומני מזרע,,,פסטרמה הודו פרפר,Unknown,0.00,"ק""ג",true,0,75.00,75.00,true,1,
8439589,false,פסטרמה הודו פרפר בשום,,,פסטרמה הודו פרפר בשו,Unknown,0.00,"ק""ג",true,0,72.00,72.00,true,1,
8439787,false,פסטרמה לבנה רומנית מזרע,,,פסטרמה לבנה רומנית,Unknown,0.00,"ק""ג",true,0,120.00,120.00,true,1,
8440004,false,ירך לבן (פולקה) טרי,,,ירך לבן טרי,Unknown,0.00,"ק""ג",true,0,64.90,64.90,true,1,
8442114,false,דמשניה ארוכה מזרע,,,דמשניה ארוכה מזרע,Unknown,0.00,"ק""ג",true,0,110.00,110.00,true,1,
8442350,false,גבינה מעושנת SNACKS במשקל,,,SNACKS גבינה אנלוגי,Unknown,0.00,"ק""ג",true,0,125.00,125.00,true,1,
8442374,false,סלמי פיין כפרית מזרע,,,סלמי פיין כפרית,Unknown,0.00,"ק""ג",true,0,95.00,95.00,true,1,
8442473,false,נקניק הרץ יבש מזרע,,,נקניק הרץ יבש,Unknown,0.00,"ק""ג",true,0,175.00,175.00,true,1,
8442602,false,נקניק פיקולו יבש,,,נקניק פיקולו יבש,Unknown,0.00,"ק""ג",true,0,152.00,152.00,true,1,
8442671,false,נקניק אגסי יבש מזרע,,,נקניק אגסי יבש,Unknown,0.00,"ק""ג",true,0,175.00,175.00,true,1,
8442688,false,נקניק כפרית יבש מזרע,,,נקניק כפרית יבש,Unknown,0.00,"ק""ג",true,0,162.00,162.00,true,1,
8442831,false,שינקין מעודן מעושן דל שומן מזרע,,,שינקין מעודן מעושן,Unknown,0.00,"ק""ג",true,0,135.00,135.00,true,1,
8461047,false,גבינת ברי לה רוסטיק במשקל,,,גבינת ברי לה רוסטיק,Unknown,0.00,"ק""ג",true,0,172.00,172.00,true,1,
8462310,false,גבינה סנט מור צרפתית במשקל,,,גבינה סנט מור צרפתית,Unknown,0.00,"ק""ג",true,0,170.00,170.00,true,1,
8618007,false,פילה סלמון מנות טרי פרמיום ארוז,,IL,פילה סלמון פרוס טרי,Unknown,0.00,"ק""ג",true,0,124.90,124.90,true,1,
8713438,false,גאודה מיושנת גלגל במשקל D DAIRY,,,גאודה הולנדית מיושנת,Unknown,0.00,"ק""ג",true,0,115.00,115.00,true,1,
8774871,false,סטייק פרגיות צרפתי,,,סטייק פרגיות צרפתי,Unknown,0.00,"ק""ג",true,0,39.90,39.90,true,1,
9441017,false,עגבניות שרי,,,עגבניות שרי,Unknown,0.00,"ק""ג",true,0,19.90,19.90,true,1,
9990010,false,שובר אתר 10 שח,,,שובר אתר 10 שח,Unknown,0.00,Unknown,false,1,0.10,0.10,true,1,
9990020,false,שובר אתר 20 שח,,,שובר אתר 20 שח,Unknown,0.00,Unknown,false,1,0.10,0.10,true,1,
9999212,false,משלוח באתר,,,משלוח מיוחד באתר,Unknown,0.00,Unknown,false,1,0.10,0.10,true,1,
11549475,false,לחמניה שמרים,,,לחמניה שמרים,גרמים,180.00,100 גרם,false,1,3.90,2.17,true,1,
40111445,false,מ&מס פינאטס 45 גרם,,,מ&מס פינאטס 45 גרם,גרמים,45.00,100 גרם,false,1,4.50,10.00,true,1,
42134978,false,סרגל מרציפן סנטה ארסמי כאסטן 100 גר,Erasmi & Carstens Gm,DE,סרגל מרציפן סנטה ארס,גרמים,100.00,100 גרם,false,1,13.90,13.90,true,1,
72940754,false,"מילקי מעדן וניל עם קצפת שטראוס 133 מ""ל","שטראוס גרופ בע""\מ",IL,מילקי וניל 130 גרם,גרמים,130.00,100 גרם,false,1,2.90,2.23,true,1,
72940761,false,"מילקי מעדן שוקולד עם קצפת שטראוס 133 מ""ל",מיוצר עי קונדיטוריית,IL,מילקי שוקולד 130 גרם,גרמים,130.00,100 גרם,false,1,2.90,2.23,true,1,
72940952,false,מעדן מילקי בטעם שוקולד עם אקסטרה קצפת,"שטראוס גרופ בע""\מ",IL,מילקי פי 2 קצפת 104,גרמים,104.00,100 גרם,false,1,3.70,3.56,true,1,
72940983,false,סלט חומוס 250 גר אחל,אחלה - שטראוס,IL,חומוס אחלה 250 גרם,גרמים,250.00,100 גרם,false,1,8.30,3.32,true,1,
72941041,false,מעדן מילקי מיני בטעם שוקולד עם קצפת,"שטראוס גרופ בע""\מ",IL,מיני מילקי שוקולד 62,גרמים,62.00,100 גרם,false,1,2.10,3.39,true,1,
72945308,false,קוביות שמרים לאפיה שמרית 2*25 ג',"פאקא תעשיות בע""\מ",IL,שמרית קוביה 50 גרם,גרמים,50.00,100 גרם,false,1,4.00,8.00,true,1,
72961520,false,"פרילי יוגורט עם אננס 1.5% תנובה 125 מ""ל",מיוצר עי קונדיטוריית,IL,פרילי אננס 1.5% 125,גרמים,125.00,100 גרם,false,1,4.30,3.44,true,1,
72964132,false,פרילי טבע יוגורט עם גרנולה 200 גרם,מיוצר עי קונדיטוריית,IL,פרילי טבע 3% 200 גר,גרמים,200.00,100 גרם,false,1,5.90,2.95,true,1,
72993637,false,מעדן חלב בטעם שוקולד 125 ג' דני,"שטראוס גרופ בע""\מ",IL,מעדן דני שוקולד 125,גרמים,125.00,100 גרם,false,1,2.80,2.24,true,1,
80001287,false,וופל חטיף לואקר אגוז 38 גר',ליימן מותגים,AT,חטיף גרדנה 38 גרם,גרמים,38.00,100 גרם,false,1,4.40,11.58,true,1,
80001461,false,חטיף גרנדה שוקולד 38 גרם,"א. לואקר קונפקט בע""מ",AT,חטיף גרדנה מצופה 38,גרמים,38.00,100 גרם,false,1,4.40,11.58,true,1,
80042563,false,רסק עגבניות MUTTI{צהוב} 700 גרם,"איי, בי, אינבוו",IT,מחית עגבניות קלה 700,גרמים,700.00,100 גרם,false,1,10.00,1.43,true,1,
80043638,false,כורכום טחון אורגני 47 גר קנהמלה,קנמלה Cannamela,IT,כורכום טחון אורגני 4,Unknown,0.00,Unknown,false,1,15.90,15.90,true,1,
80052883,false,סוכריות טיק טק מנטה חזק 16 גרם,צ'וקטה,ZA,טיק טק בודד מנטה חזק,גרמים,16.00,100 גרם,false,1,3.50,21.88,true,1,
80136194,false,חטיפי הפי היפו Happy Hippo במילוי קרם חלבי ואגוזי לוז,קינדר Kinder,DE,קינדר הפי היפו אגוזי,גרמים,104.00,100 גרם,false,1,10.00,9.62,true,1,
80176800,false,נוטלה ממרח שוקולד 750 גרם,פררו תעשיות איטליה ס,IT,ממרח שוקולד נוטלה 75,גרמים,750.00,100 גרם,false,1,23.90,3.19,true,1,
80177173,false,ממרח שוקולד נוטלה 350 גרם,פררו - אלבה,IT,ממרח נוטלה 350 גרם,גרמים,350.00,100 גרם,false,1,14.90,4.26,true,1,
80177180,false,שוקולד קינדר קאונטרי 23.5 גרם,ליימן שליסל,IT,שוקולד קינדר קאונטרי,גרמים,24.00,100 גרם,false,1,3.10,12.92,true,1,
80177616,false,אצבעות שוקולד קינדר Kinder שמונה יחידות,פררו - אלבה,IT,טבלת שוקולד קינדר 10,גרמים,100.00,100 גרם,false,1,8.40,8.40,true,1,
80310167,false,קינדר שוקולד מקסי 126 גר,קינדר,DE,קינדר מקסי שישייה 12,גרמים,126.00,100 גרם,false,1,9.90,7.86,true,1,
80310334,false,שוקולד קינדר בצורת סנטה קלאוס 55 גרם,פררו,IT,שוקולד קינדר בצורת ס,גרמים,55.00,100 גרם,false,1,11.90,21.64,true,1,
80473213,false,כמון אורגני 32 גרם קנהמלה,קנהמלה,IT,כמון אורגני 32 גרם ק,גרמים,32.00,100 גרם,false,1,15.90,49.69,true,1,
80525462,false,Agnesi רוטב עגבניות נפוליטנה 400 גר,,IT,Agnesi רוטב עגבניות,גרמים,400.00,100 גרם,false,0,14.60,3.65,true,1,
80831402,false,סוכריות מנטוס מנטה עדינה 30 יח' ללא סוכר CLEAN BREATH,פרפטי ואן מלה,NL,"מנטוס מנטה עדינה לל""",גרמים,21.00,100 גרם,false,1,7.30,34.76,true,1,
80874652,false,קינדר קארדס 120 גרם - בודד,פררו,IT,וופל קינדר קארדס 25.,גרמים,26.00,100 גרם,false,1,3.50,13.46,true,1,
80995128,false,מנטוס בקבוק עגול בטעם הדרים בתוספת ויטמינים 60 גרם,פרפטי ואן מלה הולנד,TR,מסטיק מנטוס ויטמין ב,גרמים,60.00,100 גרם,false,1,9.70,16.17,true,1,
87108651,false,סוכריות בטעם מנטה מנטוס 4*37.5 גרם,הדקלאים אגודת שיתופי,NL,מנטוס מנטה 1/4,גרמים,150.00,100 גרם,false,1,11.40,7.60,true,1,
87108712,false,סוכריות בטעם פירות מנטוס 4*37.5 גרם,פרפטי ואן מלה ברדה,NL,מנטוס פירות 1/4,גרמים,150.00,100 גרם,false,1,11.40,7.60,true,1,
87221503,false,מיונז גאודס הולנדי אמיתי 650 גר,,NL,מיונז גאודס הולנדי א,גרמים,650.00,100 גרם,false,1,23.90,3.68,true,1,
90087011,false,מיץ תפוחים 100% קרטונית ראוך,Rauch fruchtsafte gm,HU,מיץ תפוחים 100% קרט,מיליליטרים,1000.00,"100 מ""ל",false,1,14.60,1.46,true,1,
90087066,false,מיץ תפוזים 100% טבעי 1 ל' RAUCH,ראוך Rauch,HU,מיץ תפוזים ראוך 100%,מיליליטרים,1000.00,"100 מ""ל",false,1,14.60,1.46,true,1,
90087271,false,נקטר אוכמניות 1 ליטר קרטונית ראוך,Rauch fruchtsafte gm,,נקטר אוכמניות 1 ליטר,מיליליטרים,1000.00,"100 מ""ל",false,1,14.60,1.46,true,1,
90087547,false,מיץ עגבניות 1 ליטר ראוך קרטונית,Rauch fruchtsafte gm,HU,מיץ עגבניות 1 ליטר ר,מיליליטרים,1000.00,"100 מ""ל",false,1,11.40,1.14,true,1,
90448867,false,"משקה אנרגיה ללא פחממות 250 מ""ל רד בול",רד בול,AT,משקה אנרגיה רד בול ל,מיליליטרים,250.00,"100 מ""ל",false,1,6.90,2.76,true,1,
8112100298,false,"שמן שומשום טהור מזרח ומערב 185 מ""ל",Flavor full foods in,TW,"שמן שומשום 185 מ""ל",מיליליטרים,185.00,"100 מ""ל",false,1,14.90,8.05,true,1,
10900678148,false,דיאמונד רדיד אלומיניום נון סטיק,דיימונד,CN,דיאמונד רדיד אלומיני,יחידה,1.00,יחידה,false,1,15.90,15.90,true,1,
11182700916,false,קינג קול שעועית לבנה צפונית 439 גרם,הנובר פודס,US,שעועית לבנה צפונית 4,גרמים,454.00,100 גרם,false,1,12.10,2.67,true,1,
11182700923,false,קינג קול שעועית אדומה בהירה 439 גרם,הנובר פודס,US,שעועית אדומה בהירה 4,גרמים,454.00,100 גרם,false,1,12.10,2.67,true,1,
11182700954,false,קינג קול שעועית שחורה 439 גרם,האנאובר פודס קורפורשיין,US,קינג קול שעועית שחור,גרמים,439.00,100 גרם,false,1,12.10,2.76,true,1,
16000423534,false,חטיפי גרנולה קראנצ'י עם שיבולת שועל ושוקולד מריר נייצ'ר ואלי 5*42 גרם,ג'נרל מילס סאן אדריאן,ES,קראנצי שיבולת שועל ו,גרמים,210.00,100 גרם,false,1,10.00,4.76,true,1,
16000548404,false,חטיפי גרנולה קראנצ'י עם שיבולת שועל ודבש נייצ'ר ואלי 5*42 גרם,ג'נרל מילס סאן אדריאן,ES,קראנצי בטעם שיבולת,גרמים,210.00,100 גרם,false,1,10.00,4.76,true,1,
16000548909,false,חטיפי גרנולה קראנצ'י במגוון טעמים נייצ'ר ואלי 5*42 גרם,ג'נרל מילס סאן אדריאן,ES,חטיף ניישטר וואלי 1/,גרמים,210.00,100 גרם,false,1,10.00,4.76,true,1,
16229924263,false,"ארוי-די קרם קוקוס 250 מ""ל",תאי אגרי פוד פובליק קו'\,TH,"קרם קוקוס 250 מ""ל",מיליליטרים,250.00,"100 מ""ל",false,1,10.40,4.16,true,1,
18000766413,false,"פילסברי, עוגה בטעם שוקולד, תערובת להכנת עוגה בטעם שוקולד. 550 גרם.",הדקלאים אגודת שיתופי,IL,תערובת לבראוניס 552,גרמים,609.00,100 גרם,false,1,17.90,2.94,true,1,
18787784051,false,סבון מוצק לבנדר של ד,דר ברונר,US,סבון מוצק לבנדר של ד,Unknown,0.00,Unknown,false,1,22.90,22.90,true,1,
25675120068,false,מקלות חמצוצים בטעם קולה פשקז 100 גרם,פשקז Paskesz,NL,מקלות חמצוצים קולה 1,גרמים,100.00,100 גרם,false,1,9.40,9.40,true,1,
29801025203,false,עוגיות חמאה קריספי - ב. באטרס 200 גר,HAMLET NV,,עוגיות חמאה קריספי -,גרמים,200.00,100 גרם,false,1,20.90,10.45,true,1,
30000315989,false,קוואקר פרוטאין חמוציות ושקדים 372 גרם,קוואקר אוטס קומפני,US,קוואקר פרוטאין חמוצי,גרמים,372.00,100 גרם,false,1,20.90,5.62,true,1,
31290140190,false,גודייבה אצבעות שוקולד מריר עם נגיעות מלח ים 90 גרם,"אולקר מקבוצת פלאדיס, ציק",TR,שוקולד נגיעות מלח ים,גרמים,90.00,100 גרם,false,1,14.90,16.56,true,1,
33984016811,false,"סול ל-ליזין 500 מ""ג 100",LTD .AMBROZIA,US,ל-ליזין 500 מג,Unknown,0.00,Unknown,false,1,102.90,102.90,true,1,
34000470228,false,ריזס מיניס חטיף שוקולד במילוי חמאת בוטנים 70 גרם,הרשי,US,חטיף ריזס מיניס 70 ג,גרמים,70.00,100 גרם,false,1,7.50,10.71,true,1,
36000516876,false,ממחטות נייר קלינקס לושן 3 שכבות 75 דף,חוגלה קימברלי,US,ממחטות נייר קלינקס ל,Unknown,0.00,Unknown,false,1,9.90,9.90,true,1,
37600297943,false,מטבל סלסה חריף- צ'י צ'י 439 גר,מותגים,US,מטבל סלסה חריף צי צי,גרמים,439.00,100 גרם,false,1,21.90,4.99,true,1,
38000138720,false,חטיף צ'יפס פרינגלס ראנץ 158 גרם,פרינגלס מנופקצ'ורינג קונ,US,פרינגלס ראנץ 158 גרם,גרמים,158.00,100 גרם,false,1,8.90,5.63,true,1,
38000183928,false,פרינגלס חרדל ודבש 158 גרם,פרינגלס מניופקצ'ורינ,US,פרינגלס חרדל ודבש 15,גרמים,158.00,100 גרם,false,1,8.90,5.63,true,1,
38000202278,false,חטיף צ'יפס גלי בטעם אורגינל מלוח,פרינגלס מניופקצ'\ורינג ק,US,פרינגלס וייב אורגינל,גרמים,130.00,100 גרם,false,1,8.90,6.85,true,1,
38000232152,false,פרינגלס חטיפי תפוח אדמה בטעם ברביקיו 158 גרם,פרינגלס מנופקצ'ורינג קומ,US,פרינגלס ברביקיו 158,גרמים,158.00,100 גרם,false,1,8.90,5.63,true,1,
38000232176,false,פרינגלס ביג שמנת בצל 158 גרם,פרינגלס מנופקצ'ורינג קונ,US,פרינגלס שמנת בצל 158,גרמים,158.00,100 גרם,false,1,8.90,5.63,true,1,
38000232183,false,פרינגלס ביג אורגינל 149 גרם,פרינגלס מנופקצ'ורינג קונ,US,פרינגלס אוריגינל 149,גרמים,149.00,100 גרם,false,1,8.90,5.97,true,1,
38527591053,false,קואקר דגנים מרובעים שיבולת שועל וקינמון,קוואקר אוטס קומפני,US,דגני בוקר מרובעים קי,גרמים,411.00,100 גרם,false,1,19.90,4.84,true,1,
39000010351,false,פלפל חלפיניו בצנצנת אורטגה 340 גרם,בי אנד ג'י,,פלפל חלפיניו בצנצנת,גרמים,340.00,100 גרם,false,1,20.90,6.15,true,1,
39000015622,false,C&T סלסה מדיום אורטגה 453 גרם,,,C&T סלסה מדיום אורטג,גרמים,453.00,100 גרם,false,1,24.90,5.50,true,1,
39047001152,false,ווקרס עוגיות חמאה פינגרס 150 גרם,,GB,ווקרס עוגיות חמאה פי,גרמים,150.00,100 גרם,false,1,19.80,13.20,true,1,
39047050747,false,ווקרס עוגיות טופי פקאן 150 גרם,,GB,ווקרס עוגיות טופי פק,גרמים,150.00,100 גרם,false,1,19.80,13.20,true,1,
41224700260,false,צלפים מיניאטורים בחומץ 90 ג,סיבס,TR,צלפים מיניאטורים בחו,Unknown,0.00,Unknown,false,1,19.50,19.50,true,1,
41331124027,false,גויה שעועית קידני אדומה 439 גרם,,,גויה שעועית קידני אד,גרמים,439.00,100 גרם,false,1,11.90,2.71,true,1,
41335000549,false,"רוטב ראנצ בטרמילק קנז 473 מ""ל",קנס פודס,,רוטב ראנצ בטרמילק קנ,גרמים,473.00,100 גרם,false,1,27.90,5.90,true,1,
41501081600,false,אורטגה אבקת תיבול גואקמולי חלבי 28 גרם,,,אורטגה אבקת תיבול גו,גרמים,28.00,100 גרם,false,1,10.90,38.93,true,1,
42400108153,false,דגני בוקר צבעוניים בטעם פירות טוטי פרוטיס,פוסט ארצות הברית,US,דגני פוסט טוטי פרוטי,גרמים,354.00,100 גרם,false,1,18.90,5.34,true,1,
44600300580,false,כלורוקס קלין אפ פרש נוזל לניקוי רב תכלית,כלורוקס אוקלנד,US,מרסס כלורקס לניקוי ע,מיליליטרים,946.00,"100 מ""ל",false,1,21.90,2.32,true,1,
46214372250,false,"עוגיות שטרודל פריכות תפו""ע וצימוקים",מרבה Merba,NL,"עוגיות שטרודל תפו""ע",גרמים,225.00,100 גרם,false,1,8.60,3.82,true,1,
46214731552,false,עוגיות שוקולד צ'יפס 37% גודיס 225 גרם,קריניציה ויטמינה אס,NL,עוגיות מרבה שוקולד צ,גרמים,225.00,100 גרם,false,1,8.60,3.82,true,1,
48327203513,false,"שמן זית כתית מעולה 750 מ""ל YBARRA",,ES,שמן זית כתית מעולה 7,מיליליטרים,750.00,"100 מ""ל",false,1,34.50,4.60,true,1,
50000084500,false,מזון יבש לחתול בטעם נתחי ברביקיו פריסקיז Friskies,נסטלה פורינה USA מק,US,פריסקיז נתחי ברביקיו,קילוגרמים,0.00,"ק""ג",false,1,35.90,35.90,true,1,
50000100347,false,"פריסקיז - מעדני החתול מועשר בחלב 1.40 ק""ג",נסטלה פורינה USA מק,US,פריסקיז מעדני החתול,קילוגרמים,0.00,"ק""ג",false,1,35.90,35.90,true,1,
50000168583,false,"מזון חתולים פריסקיז אקסטרא קראנץ 1.43 ק""ג",פריסקיז,US,פריסקיז אקסטרא קראנץ,Unknown,1.00,Unknown,false,1,35.90,35.90,true,1,
52100142593,false,תערובת תיבול להמבורגר 77 גר,מקרומיק תבלינים,US,תערובת תיבול להמבורג,גרמים,77.00,100 גרם,false,1,19.50,25.32,true,1,
54881001779,false,קופסת תה 12 טעמים 60 שקיות,תה אחמד Ahmad tea,,אחמד תה 12 סוגים 60,גרמים,120.00,100 גרם,false,1,31.50,26.25,true,1,
54881007115,false,תה שחור וניל 20 שקיקים אחמד,אחמד תה אנגליה,,תה שחור וניל 20 שקיק,Unknown,0.00,Unknown,false,1,13.00,13.00,true,1,
54881007535,false,תה ירוק בטעם לימון 20 שקיקים 40 גרם,אחמד תה אנגליה,AE,תה ירוק בטעם לימון 2,Unknown,0.00,Unknown,false,1,16.00,16.00,true,1,
54881008174,false,תה אחמד ארל גריי 100 שקיקים,תה אחמד Ahmad tea,AE,תה אחמד ארל גריי 100,גרמים,180.00,100 גרם,false,1,21.50,11.94,true,1,
54881008181,false,תה אחמד אינגליש 100 שקיקים,תה אחמד Ahmad tea,AE,תה אחמד אינגליש 100,גרמים,200.00,100 גרם,false,1,21.50,10.75,true,1,
55369902564,false,אפלסנקס רביעיות רסק תפוחי עץ ללא תוספת סוכר עברית,ליייהי אורצ'רדס,CA,"רסק תפו""ע ללת""ס רביע",גרמים,113.00,100 גרם,false,1,17.40,15.40,true,1,
64144090013,false,פאם תרסיס על בסיס שמן קנולה בטעם חמאה,קונאגרה פודס,US,ספריי שמן PAM בטעם ח,גרמים,141.00,100 גרם,false,1,9.90,7.02,true,1,
64144090051,false,"ספריי שמן PAM קנולה אורגינל 148 מ""ל",קונאגרה פודס,US,ספריי שמן PAM קנולה,מיליליטרים,148.00,"100 מ""ל",false,1,9.90,6.69,true,1,
70177176914,false,תה טווינינג ארל גריי נטול קפאין 25 שקיקי,טווינינגס Twinings,,תה טווינינג ארל גריי,Unknown,0.00,Unknown,false,1,21.90,21.90,true,1,
70221011116,false,טובלרון - שוקולד חלב 100 גרם,טובלרון Toblerone,CH,טובלרון שוקולד חלב 1,גרמים,100.00,100 גרם,false,1,10.40,10.40,true,1,
71505022415,false,קרם ציז במשקל,,,קרם ציז במשקל,Unknown,0.00,"ק""ג",true,0,59.00,59.00,true,1,
72600005846,false,הר טורטיה דיפר מתירס לבן 383 גרם,הר פודס,US,הר טורטיה דיפר מתירס,גרמים,383.00,100 גרם,false,1,26.50,6.92,true,1,
72600009257,false,הר טורטיה צ'יפס מתירס לבן 255 גרם,הר פודס,US,הר חטיפי טורטיה תירס,גרמים,255.00,100 גרם,false,1,23.90,9.37,true,1,
77975094761,false,סניידרס חטיפים על בסיס קמח חיטה בטעם גבינת צ'דר,סניידרס אוף האנובר,US,שברי בייגלה סניידרס,גרמים,340.00,100 גרם,false,1,16.90,4.97,true,1,
77975095164,false,שברי בייגלה בטעם פרמז'ן ושום 318 ג' סניידרס,סניידרס,US,סניידרס פרמזן ושום 3,גרמים,318.00,100 גרם,false,1,16.90,5.31,true,1,
78522050124,false,"קרם ויטמין E להחייאת העור גייסון 113 מ""ל",K-CARE,US,קרם ויטמין E להחייאת,מיליליטרים,113.00,"100 מ""ל",false,1,79.90,70.71,true,1,
84380957048,false,סאנט דלפור דובדבן שחור 284 גר,,,סאנט דלפור דובדבן שח,גרמים,284.00,100 גרם,false,1,19.90,7.01,true,1,
84380957444,false,סאנט דלפור תות שדה 284 גרם,,,סאנט דלפור תות שדה 2,גרמים,284.00,100 גרם,false,1,19.90,7.01,true,1,
84380957741,false,סאנט דלפור פטל אדום 284 גר,,,סאנט דלפור פטל אדום,גרמים,284.00,100 גרם,false,1,19.90,7.01,true,1,
87666052819,false,"רוטב סריראצ'ה סופר חריף 455 מ""ל",EXOTIC FOOD PCL,,רוטב סריראצ`ה חריף 4,מיליליטרים,455.00,"100 מ""ל",false,1,29.50,6.48,true,1,
89397344348,false,דיניקולה רוטב פסטה עם שום קלוי 737 גרם,ג'יאובני פוד אינק,US,רוטב פסטה שום צלוי 7,מיליליטרים,614.00,"100 מ""ל",false,1,17.90,2.92,true,1,
605453520961,false,סורימי דליקטס שרימפס 300 גר,אל.אם פודס,US,סורימי דליקטס שרימפס,גרמים,300.00,100 גרם,false,1,41.90,13.97,true,1,
608614342815,false,מארז לחמניות,,,מארז לחמניות,Unknown,0.00,Unknown,false,1,16.90,16.90,true,1,
608614342921,false,חלת שמרים,,,חלת שמרים,Unknown,0.00,Unknown,false,1,15.90,15.90,true,1,
613008742348,false,בקבוק אריזונה ג'נסינג ודבש 1 ליטר,"נטורלה גטרנק בע""\מn\",BG,אריזונה גנסנג ודבש ב,מיליליטרים,1000.00,"100 מ""ל",false,1,11.80,1.18,true,1,
613008753382,false,"בקבוק אריזונה אוכמניות 450 מ""ל",נובה טרייד אל טי די,BG,אריזונה אוכמניות 450,מיליליטרים,450.00,"100 מ""ל",false,1,7.50,1.67,true,1,
645173863351,false,שימורי ביצי דג מינטאי מעושן פמלי פק 185,,,שימורי ביצי דג מינטא,גרמים,185.00,100 גרם,false,1,13.50,7.30,true,1,
693493095532,false,עוגיות אלפחורס ממולא,,,עוגיות אלפחורס ממולא,Unknown,0.00,Unknown,false,1,37.90,37.90,true,1,
728229123811,false,טרה חטיף על בסיס ירקות שורש בתיבול ים תיכוני 110 גרם,הונדורס צ'יפס יצור א,HN,ציפס 110 גרם טרה בטט,גרמים,110.00,100 גרם,false,1,14.90,13.55,true,1,
753182340302,false,אבקת וואסבי 35 גרם (קינגדאוו) (כ),מזרח ומערב,CN,אבקת וואסבי 35 גרם ק,גרמים,35.00,100 גרם,false,1,16.70,47.71,true,1,
810044130133,false,ספוג ניקוי סקרופ דאד,,US,ספוג ניקוי סקראב דדי,Unknown,0.00,Unknown,false,1,19.90,19.90,true,1,
835811001652,false,כוס לשתייה קרה 330 סמק` 40 יח` )בירה(,ווינפאק סחר בעמ,CN,כוס לשתייה קרה הנמל,Unknown,0.00,Unknown,false,1,12.50,12.50,true,1,
835811003878,false,שקיות אשפה עם ידיות הנמל 40 יח 50*70,זמזמ תעשיות פלסטיק,IL,שקיות אשפה עם ידיות,Unknown,0.00,Unknown,false,1,17.90,17.90,true,1,
835811008347,false,גפרור מיוחד ענק הנמל 1 יחידה,הנמל,SE,גפרור ענק,Unknown,0.00,Unknown,false,1,8.60,8.60,true,1,
835811008699,false,כפות שקוף/קרם עבה במיוחד הנמל 50 יח,"גרנג יוניברס , הונג",TR,כפות שקוף 50 יח,Unknown,0.00,Unknown,false,1,20.90,20.90,true,1,
835811008934,false,מזלגות 50 יח שקוף/קרם עבה במיוחד,"גרנג יוניברס , הונג",TR,מזלגות שקוף 50 יח,Unknown,0.00,Unknown,false,1,20.90,20.90,true,1,
835811008941,false,סכינים 50 יח שקוף/קרם עבה במיוחד,"איטיליאן פוד, אס.פי.",TR,סכינים שקוף 50 יח,Unknown,0.00,Unknown,false,1,20.90,20.90,true,1,
835811008958,false,כפיות 50 יח שקוף/קרם עבה במיוחד,"גרנג יוניברס , הונג",TR,כפיות שקוף 50 יח,Unknown,0.00,Unknown,false,1,20.90,20.90,true,1,
835811008989,false,כוסות קרטון 50 יח' גודל 12 OZ,הנמל,,כוסות קרטון 50 יח,Unknown,0.00,Unknown,false,1,19.80,19.80,true,1,
835811009016,false,כוסות קרטון 50 יח 4 OZ,הנמל,CN,כוסות קרטון 50 יח 4,Unknown,0.00,Unknown,false,1,19.80,19.80,true,1,
835811009023,false,"כוסות משקה חם קרטון 235 מ""ל",הנמל,,כוסות קרטון 50 יח,Unknown,0.00,Unknown,false,1,19.80,19.80,true,1,
835811009429,false,צלחות גדולות צבע 25 יח` מעורב,הנמל,,צלחת גדולות צבע 25 י,Unknown,0.00,Unknown,false,1,19.90,19.90,true,1,
839762000658,false,איילנד גויאבה המשקה של חופי סיני 1 ליטר,The Egyptian Co. for,EG,משקה איילנד גויאבה 1,מיליליטרים,1000.00,"100 מ""ל",false,1,14.90,1.49,true,1,
842826001126,false,דובשניות סחרניה בטעם דבש 500 גר BKK,,HR,ווגטה 400 גר זכוכית,גרמים,400.00,100 גרם,false,1,33.90,8.48,true,1,
856591000512,false,עוגיות מזרחיות מקלונים עם שומשום עבאדי 400 גרם,מאפיית יוסף ושמחה עבאדי,IL,עבאדי עוגיות מזרחיות,גרמים,400.00,100 גרם,false,1,18.90,4.73,true,1,
859547004329,false,ספוג ניקוי צבעוני סקראב דדי Scrub Daddy,סקארקיסט,VN,ספוג ניקוי SCRUB DA,יחידה,1.00,יחידה,false,1,19.90,19.90,true,1,
859547004466,false,קירצוף וספוג ניקוי SCRUB DADDY,סקראב דאבי,VN,קירצוף וספוג ניקוי,יחידה,1.00,יחידה,false,1,19.90,19.90,true,1,
884912111715,false,דגני פוסט האני קומב 354 גר,פוסט ארצות הברית,US,דגני פוסט האני קומב,גרמים,354.00,100 גרם,false,1,18.90,5.34,true,1,
884912116505,false,דגני בננה נאט קראנץ' Banana Nut Crunch,פוסט ארצות הברית,US,דגני סלקט בננה 369 ג,גרמים,369.00,100 גרם,false,1,25.90,7.02,true,1,
884912180629,false,דגני בוקר מחיטה מלאה גרוסה שרדד וויט,פוסט ארצות הברית,US,דגנים שרדד וויט 464,גרמים,464.00,100 גרם,false,1,31.50,6.79,true,1,
884912342737,false,דגני בוקר קריספי וופל פוסט 326 גרם.,הנסיך- מפעל לייצור ט,US,דגני פוסט וואפל קריס,גרמים,326.00,100 גרם,false,1,18.90,5.80,true,1,
884912359162,false,האני באנצ' דגני בוקר עם שקדים פוסט 411 גרם,פוסט ארצות הברית,US,האני באנצס עם שקדים,גרמים,340.00,100 גרם,false,1,22.90,6.74,true,1,
884912359483,false,דגני בוקר האני באנצ'ס תות פוסט 311 גרם,פוסט ארצות הברית,US,האני באנצס עם תות 31,גרמים,311.00,100 גרם,false,1,22.90,7.36,true,1,
3046920029681,false,לינדט שוקולד אקסלנס מילד 85% קקאו 100 גר,לינדט ושפרונגלי,DE,לינדט שוקולד אקסלנס,גרמים,100.00,100 גרם,false,1,10.00,10.00,true,1,
3068320014067,false,מים מינרלים אוויאן 750 מל,קריניציה ויטמינה אס,FR,מים מינרלים אוויאן 7,מיליליטרים,1000.00,"100 מ""ל",false,1,9.90,0.99,true,1,
3073781077278,false,גבינה לואש קירי 12 יח' 200 ג',"מפעלי גבינות ""ביל",,גבינה לה וואש קירי,גרמים,200.00,100 גרם,false,1,19.90,9.95,true,1,
3073781162790,false,גבינה מותכת בייבי בל 120 גרם,מחלבות בל,FR,בייבי בל אדם 120 גר,גרמים,120.00,100 גרם,false,1,20.90,17.42,true,1,
3080216034645,false,"בירה Grimbergen Ambree בודד 300 מ""ל",company supply carlsberg,PL,בירה רגינברג אמברה 3,מיליליטרים,330.00,"100 מ""ל",false,1,10.50,3.18,true,1,
3161911229199,false,חמאה צרפתית רכה למריחה אל & ויר 250 גרם,אלל אה וויר,FR,אלוויר חמאה רכה 250,גרמים,250.00,100 גרם,false,1,21.00,8.40,true,1,
3178530402353,false,עוגות מיני מדלן קלאסי סאן מישל 175 גרם,סאן מישל ביסוויט,FR,מיני מדליינס סאן מיש,גרמים,175.00,100 גרם,false,1,12.50,7.14,true,1,
3178530407938,false,עוגיות מיני מדליין עם שוקוצ'יפס סאן מישל 175 גרם,סן מישל St Michel,FR,מיני מדליין 175 גר,גרמים,175.00,100 גרם,false,1,13.90,7.94,true,1,
3178530417357,false,בראוניז שוקולד לבן סנט מישל 210 גרם,סן מישל,FR,בראוניז שוקולד לבן ס,גרמים,210.00,100 גרם,false,1,17.90,8.52,true,1,
3211203448347,false,שאטו דו לורט בורדו 750 מל,,,שאטו דו לורט בורדו,Unknown,0.00,Unknown,false,1,62.90,62.90,true,1,
3254550033279,false,גבינת קממבר 250 גרם סנט מר,איסיני סנט מור,FR,קממבר 250 גר,גרמים,250.00,100 גרם,false,1,30.90,12.36,true,1,
3256760106392,false,חמאה צרפתית 100 גר פלשארד,,FR,חמאה צרפתית 100 גר,גרמים,100.00,100 גרם,false,1,5.50,5.50,true,1,
3256760106408,false,פלשארד בסגנון פטה 500 גר,,,פלשארד בסגנון פטה 50,גרמים,500.00,100 גרם,false,1,12.50,2.50,true,1,
3256761201003,false,פלשארד בסגנון פטה מעודנת 500 גר קרטונית,,,פלשארד בסגנון פטה מע,גרמים,500.00,100 גרם,false,1,12.50,2.50,true,1,
3257150101119,false,"מארז קוניאק מיוקוב 5 כוכבים 700 מ""ל",,,מארז קוניאק מיוקוב 5,מיליליטרים,700.00,"100 מ""ל",false,1,177.90,25.41,true,1,
3387390320244,false,פיטנס דגני בוקר מחיטה מלאה עם פירות נסטלה 375 גרם,נסטלה צרפת איטנקורט,FR,דגני בוקר פיטנס עם פ,גרמים,375.00,100 גרם,false,1,19.90,5.31,true,1,
3412290023640,false,אמנטל צרפתי ארוז 250 גר,,,אמנטל צרפתי ארוז 250,גרמים,250.00,100 גרם,false,1,28.50,11.40,true,1,
3431501000173,false,סנט אגור במשקל,,,סנט אגור במשקל,Unknown,0.00,"ק""ג",true,0,215.00,215.00,true,1,
3480341002692,false,טרטר אפרטיף בסגנון איטלקי 100 גר,בונגראן,,טרטר אפרטיף בסגנון א,גרמים,100.00,100 גרם,false,1,24.90,24.90,true,1,
3500610093708,false,גיי פי שנה רוזה מבעבע 750 מל,LANDIRAS JP CHENET,,גיי פי שנה רוזה מבעב,Unknown,0.00,Unknown,false,1,43.90,43.90,true,1,
3574660089547,false,טמפונים נורמל קלאסי אובה 32 יחידות,ג'\ונסון אנד ג'\ונסון,GR,אובה נורמל 32 חדש,Unknown,0.00,Unknown,false,1,19.90,19.90,true,1,
3574660115154,false,או-בה טמפונים קלאסי סופר 32יח',ג'\ונסון אנד ג'\ונסון,GR,אובה סופר 32 חדש,Unknown,0.00,Unknown,false,1,19.90,19.90,true,1,
3574661485218,false,טמפונים נורמל אובה 32 יח' פרוקומפורט,"ש. שסטוביץ בע""\מ",FR,אובה נורמל פרוקומפור,Unknown,0.00,Unknown,false,1,19.90,19.90,true,1,
3574661506272,false,קרפרי מגבונים אינטימיים אלוורה 20 יח,ג'\ונסון אנד ג'\ונסון,DE,מגבונים אינטימיים קר,Unknown,0.00,Unknown,false,1,19.90,19.90,true,1,
3574661554877,false,מגן תחתון קרפרי כותון מבושם 56 יחידות,הנסיך- מפעל לייצור ט,GR,מגן תחתון קרפרי כותו,Unknown,0.00,Unknown,false,1,17.70,17.70,true,1,
3608580730231,false,קונפיטורה בון ממאן תות שדה 370 גר',אף.סי תבליני בגליל ב,FR,קונפיטורה בטעם תות 3,גרמים,370.00,100 גרם,false,1,20.90,5.65,true,1,
3662444002766,false,חלה בריוש ראובנס 500 גרם,אר.אפ.די,FR,חלה בריוש ראובנס 500,גרמים,500.00,100 גרם,false,1,24.90,4.98,true,1,
3800740010072,false,"אסורטי טודטרקה 1 ק""ג",DERONI,,"אסורטי טודטרקה 1 ק""ג",גרמים,1000.00,100 גרם,false,1,19.90,1.99,true,1,
3838945509060,false,מיץ תפוחים 100% 1 ליטר FRUCTAL,FRUCTAL,SI,מיץ תפוחים 100% 1 לי,מיליליטרים,1000.00,"100 מ""ל",false,1,14.60,1.46,true,1,
3850104008825,false,תבלין ויגטה ירקות שקית 125 גר,פודרבקה ד.ד,HR,תערובת תבלינים עם יר,גרמים,125.00,100 גרם,false,1,12.50,10.00,true,1,
4000161110156,false,נידרגר מרציפן קלאסי בטעמים 100 גרם,,DE,נידרגר מרציפן קלאסי,גרמים,100.00,100 גרם,false,1,32.90,32.90,true,1,
4000417025005,false,שוקולד מריר במילוי מרציפן ריטר ספורט 100 גרם,ריטר ספורט Ritter sport,DE,שוקולד RITTER SPORT,גרמים,100.00,100 גרם,false,1,8.90,8.90,true,1,
4000417212009,false,ריטר ספורט שוקולד מריר מעולה עם שקדים קצוצים וקליפות תפוז מסוכרות,ריטר ספורט Ritter sport,DE,שוקולד ריטר ספורט שק,גרמים,100.00,100 גרם,false,1,8.90,8.90,true,1,
4000417222008,false,שוקולד ריטר ספורט חלב+שברי אגוזים 100 גרם חלב נוכרי,ריטר ספורט Ritter sport,DE,שוקולד ריטר ספורט חל,גרמים,100.00,100 גרם,false,1,8.90,8.90,true,1,
4000417224002,false,"ריטר ספורט טבלת שוקולד מריר אגוזים, 100 גרם",ריטר ספורט Ritter sport,DE,שוקולד RITTER SPORT,גרמים,100.00,100 גרם,false,1,10.50,10.50,true,1,
4000417707000,false,שוקולד חלב מעולה עם שברי קשיו קלוי ומומלח,ריטר ספורט Ritter sport,DE,ריטר ספורט חלב קשיו,גרמים,100.00,100 גרם,false,1,10.50,10.50,true,1,
4000417708007,false,"שוקולד ריטר ספורט מריר שקד, 100 גרם",ריטר ספורט Ritter sport,DE,ריטר ספורט מריר שקד,גרמים,100.00,100 גרם,false,1,10.50,10.50,true,1,
4000504149027,false,גבינת קממבר דה לוקס 125 גרם,,,גבינת קממבר דה לוקס,גרמים,125.00,100 גרם,false,1,21.90,17.52,true,1,
4000504149324,false,גבינת רוגט גרמני 125 גרם,,DE,גבינת רוגט גרמני 125,גרמים,125.00,100 גרם,false,0,22.90,18.32,true,1,
4000504149423,false,גבינת קמבוזולה 125 גרם,,DE,גבינת קמבוזולה 125 ג,גרמים,125.00,100 גרם,false,1,21.90,17.52,true,1,
4000504213028,false,גבינה דורבלו גרמנית במשקל,,,גבינה דורבלו גרמנית,Unknown,0.00,"ק""ג",true,0,184.00,184.00,true,1,
4001499116193,false,פרוש מרכך כביסה פרח הכותנה 750 מל,ארדל רקס,DE,פרוש מרכך כביסה פרח,מיליליטרים,750.00,"100 מ""ל",false,1,20.00,2.67,true,1,
4001518003817,false,מקלות פריכים עם גבינת גאודה 125 ג' טורינוס,גריסון,DE,חטיף חיטה אפוי בתוספ,גרמים,125.00,100 גרם,false,1,17.70,14.16,true,1,
4001518106112,false,טורינוס מקלות פריכים עם רוזמרין 125 גרם,גריסון,DE,מקלות פריכים רוזמרין,גרמים,125.00,100 גרם,false,1,17.70,14.16,true,1,
4002309009100,false,ממרח שוקולד 350 גר KIDDY DUO,,LT,ממרח שוקולד 350 גר K,גרמים,350.00,100 גרם,false,1,15.90,4.54,true,1,
4002448019480,false,"סיליט באנג מסיר שומנים רב שימושי 750 מ""ל",סיליט באנג Cillit Bang,PL,סיליט באנג מסיר שומנ,מיליליטרים,750.00,"100 מ""ל",false,1,14.50,1.93,true,1,
4002899701118,false,קונטיננטל דובשניות מצופות שוקול חלב 500ג,,NL,קונטיננטל דובשניות מ,גרמים,500.00,100 גרם,false,1,21.90,4.38,true,1,
4003754081000,false,מרציפן חטיף 100 גר CARSTENS ERASMI,Erasmi & Carstens Gm,DE,מרציפן חטיף 100 גר C,גרמים,100.00,100 גרם,false,1,8.50,8.50,true,1,
4005808502004,false,לבלו שפתון סופט ורוד בליסטר 5.5מל,ביירסדורף,DE,שפתון לבלו ורוד 7.7,Unknown,0.00,Unknown,false,1,12.50,12.50,true,1,
4005808828838,false,"ניוואה - דאודורנט ספריי לגבר קול קיק 150 מ""ל",ניוואה Nivea,DE,אקווה קול דאו ספריי,גרמים,150.00,100 גרם,false,1,23.50,15.67,true,1,
4005900648181,false,"ניוואה - תחליב רחצה אלוורה 750 מ""ל",ביירסדורף AG,DE,תחליב רחצה ניוואה אל,מיליליטרים,750.00,"100 מ""ל",false,1,17.90,2.39,true,1,
4005900833723,false,"ניוואה - פאוור פרש ג'ל רחצה לגבר 500 מ""ל",HELLAS BEIERSDORF,DE,גל רחצה לגבר Power R,מיליליטרים,500.00,"100 מ""ל",false,1,17.90,3.58,true,1,
4005900841148,false,"ניוואה מן ג'ל גילוח קול קיק פרש 200 מ""ל",ביירסדורף,DE,ניוואה גל גילוח קול,מיליליטרים,200.00,"100 מ""ל",false,1,29.50,14.75,true,1,
4006387085407,false,שלישיית פילטר מקסטרא סודהסטרים,סודה קלאב,DE,פילטר מקסטרה+ שלישיי,Unknown,0.00,Unknown,false,1,139.00,139.00,true,1,
4006814000720,false,סנטה קלנדר 75 גר WAWI,WAWI GROUP,DE,סנטה קלנדר 75 ג WAWI,Unknown,0.00,Unknown,false,1,10.90,10.90,true,1,
4006814011061,false,שוקולד סנטה קלאוז בו,WAWI Euro Gmbh,DE,שוקולד סנטה 60 גר,גרמים,60.00,100 גרם,false,1,4.90,8.17,true,1,
4007519086224,false,פלי שקיות אשפה ריחניות 20 ליטר 22 יח,וו.פלץ,DE,פלי שקיות אשפה ריחני,ליטרים,0.02,ליטר,false,1,13.50,675.00,true,1,
4007745058811,false,חרדל צרפתי חלק אורגני 200 גרם,נטורפוד,DE,חרדל צרפתי חלק אורגנ,גרמים,200.00,100 גרם,false,1,15.50,7.75,true,1,
4008287058161,false,בירה קרומבאכר פילס 4.8% שישיה 6 * 330 מל,מנדלז סי.אר. פרודקשן,DE,שישיית בירה קרומבאכ,מיליליטרים,1980.00,"100 מ""ל",false,1,34.90,1.76,true,1,
4008287762020,false,בירה קרומבאכר חיטה 0.50 ליטר בקבוק,קרומבכר בראורי,DE,בירה קרומבאכר חיטה 5,מיליליטרים,500.00,"100 מ""ל",false,1,10.50,2.10,true,1,
4008400230726,false,ביצת שוקולד הפתעה קינדר ענקית 100ג' בנים,קינדר Kinder,BE,ביצת הפתעה קינדר מק,גרמים,100.00,100 גרם,false,1,23.90,23.90,true,1,
4009300524625,false,תה צ'אי מסאלה פומפדור 20 יחידות,פומפדור Pompadour,DE,תה צאי מסאלה 20 יח,Unknown,0.00,Unknown,false,1,16.70,16.70,true,1,
4009309022399,false,כרוב כבוש אורגני 670 גרם,נטורפוד,DE,כרוב כבוש אורגני 680,גרמים,680.00,100 גרם,false,1,18.30,2.69,true,1,
4009309114407,false,מלפפונים אורגניים בחומץ 670 גר,נטורפוד,DE,מלפפונים אורגניים,גרמים,670.00,100 גרם,false,1,23.90,3.57,true,1,
4009900402965,false,אורביט וויט בטעם פירות בקבוקון 46מלבניות,ריגלי פולין,PL,מסטיק אורביט WHITE ב,Unknown,0.00,Unknown,false,1,9.50,9.50,true,1,
4009900426039,false,מסטיק מנטה אקליפטוס בקבוקון איירווייבס 64 גרם,איירוויבס Airwaves,PL,מסטיק איירוויבז מנטה,גרמים,64.00,100 גרם,false,1,10.50,16.41,true,1,
4009900479998,false,אורביט וויט אוכמניות בקבוקון 46 מלבניות,ריגלי פולין,PL,"מסטיק אורביט לל""ס או",Unknown,0.00,Unknown,false,1,9.50,9.50,true,1,
4009900531122,false,"מסטיק בטעם מנטה ספירמינט, 64 ג' פרופשיונל אורפיט",מרס נדרלנד,PL,מסטיק אורביט פרופשיו,Unknown,0.00,Unknown,false,1,9.50,9.50,true,1,
4011800630515,false,חטיף קורני שוקולד חלב ובננה 6 יח 150 גר,מיוצר עי קונדיטוריית,DE,חטיף קורני שוקולד חל,גרמים,150.00,100 גרם,false,1,10.00,6.67,true,1,
4011800633516,false,קורני שוקולד מריר מעולה 58% קקאו 6*1,שוורטאוור וורקה,DE,קורני בייס דרק שוקו,גרמים,138.00,100 גרם,false,1,10.00,7.25,true,1,
4014400904376,false,סוכריות טופי בטעם שוקולד סטורק 325 גרם,קריניציה ויטמינה אס,DE,סוכריות שטרוק שוקולד,גרמים,325.00,100 גרם,false,1,19.80,6.09,true,1,
4014400914924,false,"סוכריות בטעם קפה וורטר אורגינל לל""ס 80 גרם",קריניציה ויטמינה אס,DE,סוכריות וורטר ללא ס,Unknown,0.00,Unknown,false,1,8.00,8.00,true,1,
4014400920857,false,וורטר אורגינל ללא סוכר בטעם שוקולד-שקית 70 גרם,קריניציה ויטמינה אס,DE,סוכריות וורטר ללא ס,Unknown,0.00,Unknown,false,1,8.00,8.00,true,1,
4014400925319,false,וורטרס אורגינל פופקורן קרמל 140 גרם,וורטרס Werther's,DE,וורטר פופקורן קרמל 1,גרמים,140.00,100 גרם,false,1,16.70,11.93,true,1,
4014400931327,false,וורטר פופקורן קרמל עם תערובת גרעינים 140 גרם,וורטרס Werther's,DE,פופקורן קרמל גרעינים,גרמים,140.00,100 גרם,false,1,16.70,11.93,true,1,
4014600202593,false,רגולדס סוכריות בפח בטעמי פירות 150 גרם,RAGOLDS GMBH,,רגולדס סוכריות בפח ב,גרמים,150.00,100 גרם,false,1,9.90,6.60,true,1,
4015400564454,false,מגני תחתון אולוויז לארג' עם ניחוח מגה פק,פרוקטר אנד גמבל,DE,אולדייז מגה פק לארג,Unknown,0.00,Unknown,false,1,19.90,19.90,true,1,
4015400598329,false,תחבושות אולוויז קוואטרו נורמל פלוס 56 יחידות,פרוקטר אנד גמבל,DE,אולויז קוואטרו נורמל,Unknown,0.00,Unknown,false,1,32.90,32.90,true,1,
4015400824749,false,טמפונים טמפקס פלאש סופר פלוס 30 יחידות,פרוקטר אנד גמבל,HU,טמפקס פלאש סופר פלוס,Unknown,0.00,Unknown,false,1,26.50,26.50,true,1,
4015400990482,false,"אבקת כביסה אריאל קולור 3 ק""ג",פרוקטר אנד גמבל,TR,אריאל אבקת כביסה קול,קילוגרמים,0.00,"ק""ג",false,1,42.90,42.90,true,1,
4015600762780,false,שמפו וקונדישינר יומיומי למניעת קשקשים הנוסחה הקלאסית 2in1,פרוקטר אנד גמבל,RO,הד&שולדרס 2 ב 1 500,מיליליטרים,500.00,"100 מ""ל",false,1,15.90,3.18,true,1,
4015600763022,false,שמפו יומיומי למניעת קשקשים לשיער יבש/פגום לשיער רך כמשי,פרוקטר אנד גמבל,RO,הד&שולדרס שמפו 500 מ,מיליליטרים,500.00,"100 מ""ל",false,1,15.90,3.18,true,1,
4017100364112,false,בלזן היט בסקוויט סנדביץ עם מלית קרם בטעם שוקולד קקאו (41%) 220 גרם,הדקלאים אגודת שיתופי,PL,ביסקוויט ממולא קרם ש,גרמים,220.00,100 גרם,false,1,10.40,4.73,true,1,
4022025000137,false,יין בלו נאן גוורצטרמינר 750 מל,,,יין בלו נאן גוורצטרמ,Unknown,0.00,Unknown,false,1,44.90,44.90,true,1,
4022025372036,false,"בלו נאן מבעבע יבש מהדורת הזהב 750 מ""ל",,,בלו נאן זהב מבעבע 75,Unknown,0.00,Unknown,false,1,51.90,51.90,true,1,
4022025379035,false,"בלו נאן רוזה מבעבע 750 מ""ל",בלו נאן,,בלו נאן רוזה מבעבע 7,Unknown,0.00,Unknown,false,1,51.90,51.90,true,1,
4025700001962,false,מילקה טבלת שוקולד לבן 100 גרם,פי אר ג'יי אס סי מונ,UA,שוקולד לבן מילקה 100,גרמים,100.00,100 גרם,false,1,6.50,6.50,true,1,
4033100014475,false,סיגריות אל די אדום פ,Unknown,TR,LD אדום עשירייה,Unknown,0.00,Unknown,false,1,270.00,270.00,true,1,
4033100024153,false,סיגריות וינסטון קוד,Unknown,CH,ווינסטון CODE עשיריה,יחידה,1.00,יחידה,false,1,305.00,305.00,true,1,
4072700003649,false,"פרנזיסקאנר בירה מעוננת 500 מ""ל","איי, בי, אינבוו",DE,בירה פרנסיסקאנר בהיר,מיליליטרים,500.00,"100 מ""ל",false,1,12.90,2.58,true,1,
4084500088917,false,"נוזל כלים פיירי לימון 650 מ""ל בד""צ",פרוקטר אנד גמבל,US,נוזל כלים פיירי לימו,מיליליטרים,650.00,"100 מ""ל",false,1,8.90,1.37,true,1,
4084500853836,false,"נוזל כלים פיירי ורדים ומשי 515 מ""ל בד""צ",פרוקטר אנד גמבל,GB,נוזל כלים פיירי ורדי,מיליליטרים,515.00,"100 מ""ל",false,1,9.90,1.92,true,1,
4105120623941,false,"בירה ויינשטפן בק' ח""פ 500 מ""ל","ויינשטפן, ת.ד 1155 פרייז",DE,בירה ויינשטפן 500 מ,מיליליטרים,330.00,"100 מ""ל",false,1,10.90,3.30,true,1,
4560198160055,false,טקואן צנון יפני קינג,Qingdao Sun-growing,,טקוא צנון יפני 500 ג,גרמים,500.00,100 גרם,false,1,34.50,6.90,true,1,
4600300000739,false,קקאו זולוטוי ירליק 100 גרם,קרסניי אוקטברי,,קקאו זולוטוי ירליק,גרמים,100.00,100 גרם,false,1,11.90,11.90,true,1,
4600300071180,false,שוקולד מריר קרסני אוקטבר 75 גרם,קרסניי אוקטברי,,שוקולד מריר קרסני או,גרמים,75.00,100 גרם,false,1,7.90,10.53,true,1,
4600300079865,false,בונבוניירה חלב ציפורים 200 גר,קרסניי אוקטברי,,בונבוניירה חלב ציפור,גרמים,200.00,100 גרם,false,1,16.90,8.45,true,1,
4600300086665,false,בונבוניירה טרופלי 250 גרם,,,בונבוניירה טרופלי,גרמים,250.00,100 גרם,false,1,22.90,9.16,true,1,
4600300086863,false,ממתק וופל מצופה מישקה קוס 200 גרם,,,ממתק וופל מצופה,גרמים,200.00,100 גרם,false,1,22.90,11.45,true,1,
4600495544803,false,קינוח סופלה בטעם פטל 232 גר BONJOUR,,RU,קינוח סופלה בטעם פטל,גרמים,232.00,100 גרם,false,1,8.50,3.66,true,1,
4600528347289,false,מיונז ריאבה פרוואנסל 200 גרם,,,מיונז ריאבה פרוואנסל,גרמים,200.00,100 גרם,false,1,6.90,3.45,true,1,
4600823122017,false,שוקולד בביבסקי עלית 100 גר,בבייבסקי,,שוקולד בביבסקי עלית,גרמים,100.00,100 גרם,false,1,8.90,8.90,true,1,
4600823197336,false,שוקולד DARX עם אגוזי לוז וצימוקים 100 גר,בבייבסקי,,שוקולד DARX עם אגוזי,גרמים,100.00,100 גרם,false,1,8.90,8.90,true,1,
4600823525047,false,סוכריות בלוצקה 200 גרם,,,סוכריות בלוצקה,גרמים,200.00,100 גרם,false,1,22.90,11.45,true,1,
4600851010669,false,מיונז פרובונסל 450 גרם,סולנצ'ניי פרודוקטי,FI,מיונז פרובונסל 450 ג,גרמים,450.00,100 גרם,false,1,14.90,3.31,true,1,
4600851014537,false,"מיונז פרובנסל קלאסיק 67% דויפק 400 מ""ל",סולנצ'ניי פרודוקטי,RU,מיונז פרובנסל קלאסיק,מיליליטרים,400.00,"100 מ""ל",false,1,9.90,2.48,true,1,
4600851014544,false,"מיונז מוסקובסקי פרובנסל דל פק 200 מ""ל",סולנצ'ניי פרודוקטי,RU,מיונז מוסקובסקי פרוב,מיליליטרים,200.00,"100 מ""ל",false,1,5.90,2.95,true,1,
4601021047843,false,דובשניות בטעם וניל סבריאנקה 400 גר,,,דובשניות בטעם וניל ס,גרמים,400.00,100 גרם,false,1,9.90,2.48,true,1,
4601576004094,false,מיונז מצטה חוזייקי קלאסי רוטב לסלט 466 ג,OAO ZHIROVOY KOMBINA,,מיונז מצטה חוזייקי ק,מיליליטרים,480.00,"100 מ""ל",false,1,12.50,2.60,true,1,
4601713001719,false,דובשניות טולסקיי פריאניק בטעם חלב 140 גר,טולה,,דובשניות טולסקיי פרי,גרמים,140.00,100 גרם,false,1,6.90,4.93,true,1,
4601713008190,false,דובשנית טול. פריאניק אוכמניות 140 גרם,,,דובשנית טול. פריאניק,גרמים,140.00,100 גרם,false,1,6.90,4.93,true,1,
4601728011949,false,"וודקה חמישה אגמים אוסוביה 700 מ""ל",אומסקווינפרום,RU,וודקה חמישה אגמים או,מיליליטרים,700.00,"100 מ""ל",false,1,59.90,8.56,true,1,
4601780010003,false,כוסמת 5*80 גר מאקפה,מקפה,,כוסמת 5*80 גר מאקפה,גרמים,400.00,100 גרם,false,1,10.80,2.70,true,1,
4601780010829,false,גריסי תירס 700 גר מקפה,מקפה,,גריסי תירס 700 גר מק,גרמים,700.00,100 גרם,false,1,10.90,1.56,true,1,
4602486004426,false,וודקה בלנקאיה אקסטרה 1 ל +כוס קוקטייל,מזקקת גורגיבסקי,RU,וודקה בלנקאיה אקסטרה,מיליליטרים,1000.00,"100 מ""ל",false,1,89.90,8.99,true,1,
4603400000043,false,"וודקה רוסקיי סטנדרט 700 מ""ל",רוסקי סטנדרט וודקה,RU,וודקה רוסקיי סטנדרט,מיליליטרים,700.00,"100 מ""ל",false,1,59.90,8.56,true,1,
4604248000554,false,מיונז מאחייב פרובנסל 50.5% 800 גרם,אסן פרודקשן,,רוטב בטעם מיונז מאחי,גרמים,800.00,100 גרם,false,1,19.90,2.49,true,1,
4604248000844,false,רוטב בטעם מיונז עם שמן זית 380 גרם,אסן פרודקשן,,מיונז מאחייב עם שמן,גרמים,380.00,100 גרם,false,1,11.90,3.13,true,1,
4604248002671,false,מיונז מאחייב בטעם לימון 50.5% 800 גרם,אסן פרודקשן,,רוטב בטעם מיונז מאחי,גרמים,800.00,100 גרם,false,1,19.90,2.49,true,1,
4604248003043,false,קטשופ שישליק 500 גרם מחייב,אסן פרודקשן,,קטשופ שישליק 500 גר,גרמים,500.00,100 גרם,false,1,12.50,2.50,true,1,
4604248003081,false,רוטב בטעם מיונז עם בית שליו מחייב 380 גרם,אסן פרודקשן,,רוטב בטעם מיונז מאחי,גרמים,380.00,100 גרם,false,1,11.90,3.13,true,1,
4604248004316,false,ריבה אוכמניות מאחייב 300 גרם,אסן פרודקשן,,ריבה אוכמניות מאחייב,גרמים,300.00,100 גרם,false,1,12.50,4.17,true,1,
4604248006204,false,ריבת תות מאחייב 300 גרם,אסן פרודקשן,,ריבת תות מאחייב 300,גרמים,300.00,100 גרם,false,1,12.50,4.17,true,1,
4604248006914,false,ריבת מאחייב פטל בזכוכית 400 גר,אסן פרודקשן,,ריבת מאחייב פטל,גרמים,400.00,100 גרם,false,1,24.90,6.23,true,1,
4604248006921,false,ריבת מאחייב לימון בזכוכית 400 גרם,,,ריבת מאחייב לימון בז,גרמים,400.00,100 גרם,false,1,22.90,5.73,true,1,
4604248008635,false,ריבת מאחייב אוכמניות בזכוכית 400 גר,אסן פרודקשן,,ריבת מאחייב אוכמניו,גרמים,400.00,100 גרם,false,1,22.90,5.73,true,1,
4604248012618,false,חרדל רוסקיה 190 גרם מחייב,אסן פרודקשן,,Maheev חרדל רוסי 190,גרמים,190.00,100 גרם,false,1,8.90,4.68,true,1,
4604248014766,false,רוטב תיבול חריף אגיקה מאחייב 140 גר,אסן פרודקשן,,רוטב תיבול חריף אגיק,גרמים,140.00,100 גרם,false,1,6.90,4.93,true,1,
4604248016289,false,ריבת מאחייב פירות יער בזכוכית 400 גר,אסן פרודקשן,,ריבת מאחייב פירות,גרמים,400.00,100 גרם,false,1,22.90,5.73,true,1,
4605246004346,false,תה קינמון 1/25 גרינפילד 37.5 גר,אורימי,RU,תה קינמון 1/25 גרינ,גרמים,38.00,100 גרם,false,1,12.50,32.89,true,1,
4605246010743,false,מארז מתנה תה קרינפילד 120 שקי 212.4 גר,אורימי,,מארז מתנה תה גרינפיל,גרמים,212.00,100 גרם,false,1,62.90,29.67,true,1,
4605246015397,false,חליטה גרינפילד פירות יער ברי סאנסט 25 שק,אורימי,RU,חליטה גרינפילד פירות,גרמים,50.00,100 גרם,false,1,12.50,25.00,true,1,
4605504512347,false,עוגיות זמליניקה 200 גר סורמובסקויה,סורמובסקי,,עוגיות זמליניקה 200,גרמים,200.00,100 גרם,false,1,5.90,2.95,true,1,
4605504512620,false,עוגיות ריבת חלב 200 גר סורמובסקויה,סורמובסקי,,עוגיות ריבת חלב 200,גרמים,200.00,100 גרם,false,1,5.90,2.95,true,1,
4605561010329,false,חתיכות פילה הרינג מעושן בשמן 500 גרם,,RU,חתיכות פילה הרינג,גרמים,500.00,100 גרם,false,1,30.50,6.10,true,1,
4605561010343,false,פילה דג הרינג חתיכות בשמן 500 גרם,LTD BREMOR SANTA SD,RU,חתיכות פילה הרינג,גרמים,500.00,100 גרם,false,1,30.50,6.10,true,1,
4605561010350,false,חתיכות פילה דג הרינג בשמן מצונן 200 גרם,LTD BREMOR SANTA SD,BY,חתיכות פילה הרינג בש,גרמים,200.00,100 גרם,false,1,11.40,5.70,true,1,
4605561012613,false,פילה דג הרינג קצוץ בשמן 400 גרם,LTD BREMOR SANTA SD,BY,פילה הרינג (קצוץ) בש,גרמים,400.00,100 גרם,false,1,17.70,4.43,true,1,
4605627003166,false,מעדן פרוטיס תות שדה תפוח אגס 115ג',,,פרוטיס תות שדה/תפוח/,מיליליטרים,115.00,"100 מ""ל",false,1,5.50,4.78,true,1,
4605627006747,false,מעדן פרוטיס תות שדה עם קורנפלקס 165ג',,,פרוטיס תות שדה עם קו,מיליליטרים,180.00,"100 מ""ל",false,1,8.90,4.94,true,1,
4606260005098,false,תערובת לתיבול כרעיים,,RU,תערובת לתיבול כרעיים,Unknown,0.00,Unknown,false,1,2.90,2.90,true,1,
4606260005326,false,ויטקס עלי דפנה 50 גרם,ויטקס,,ויטקס עלי דפנה 50 גר,גרמים,50.00,100 גרם,false,1,10.30,20.60,true,1,
4606598000659,false,תבלין ברבריס מגיה ווסטוקה 15 גרם,PROFAGROTECHNIKA,,תבלין ברבריס מגיה וו,Unknown,0.00,Unknown,false,1,2.90,2.90,true,1,
4606598001335,false,תבלין לפלוב מגיה ווסטוקה 15 גרם,PROFAGROTECHNIKA,,תבלין לפלוב מגיה ווס,Unknown,0.00,Unknown,false,1,2.90,2.90,true,1,
4606598001342,false,תבלין לבשר מגיה ווסטוקה 15 גרם,PROFAGROTECHNIKA,RU,תבלין לבשר מגיה ווסט,Unknown,0.00,Unknown,false,1,2.90,2.90,true,1,
4606598001366,false,תבלין לדגים מגיה ווסטוקה 15 גר,PROFAGROTECHNIKA,RU,תבלין לדגים מגיה ווס,Unknown,0.00,Unknown,false,1,2.90,2.90,true,1,
4606598001397,false,"תבלין לתפו""א מגיה ווסטוקה 15 גרם",PROFAGROTECHNIKA,,תבלין לתפוא מגיה ווס,Unknown,0.00,Unknown,false,1,2.90,2.90,true,1,
4606598001427,false,תבלין חמלי-סונלי מגיה ווסטוקה 15 גרם,PROFAGROTECHNIKA,,תבלין חמלי-סונלי מגי,Unknown,0.00,Unknown,false,1,2.90,2.90,true,1,
4606598001434,false,תבלין לבשר טחון מגיה ווסטוקה 15 גרם,PROFAGROTECHNIKA,,תבלין לבשר טחון מגיה,Unknown,0.00,Unknown,false,1,2.90,2.90,true,1,
4606598001724,false,תבלין לגולש מגיה ווסטוקה 15 גרם,PROFAGROTECHNIKA,,תבלין לגולש מגיה ווס,Unknown,0.00,Unknown,false,1,2.90,2.90,true,1,
4606598002134,false,תבלין שמיר מגיה ווסטוקה 7 גרם,PROFAGROTECHNIKA,RU,תבלין שמיר מגיה ווסט,Unknown,0.00,Unknown,false,1,2.90,2.90,true,1,
4606598002677,false,תבלין לבשר בקר מגיה ווסטוקה 15 גרם,PROFAGROTECHNIKA,,תבלין לבשר בקר מגיה,Unknown,0.00,Unknown,false,1,2.90,2.90,true,1,
4606598002745,false,תבלין לסולומון מגיה ווסטוקה 15 גרם,PROFAGROTECHNIKA,,תבלין לסולומון מגיה,Unknown,0.00,Unknown,false,1,2.90,2.90,true,1,
4606598003391,false,תבלין לבורשץ מגיה ווסטוקה 15 גרם,PROFAGROTECHNIKA,,תבלין לבורשץ מגיה וו,Unknown,0.00,Unknown,false,1,2.90,2.90,true,1,
4606598003612,false,תבלין לכרעיים מגיה ווסטוקה 15 גרם,PROFAGROTECHNIKA,,תבלין לכרעיים מגיה ו,Unknown,0.00,Unknown,false,1,2.90,2.90,true,1,
4606598003681,false,תבלין לגזר קוריאני מגיה ווסטוקה 15 גר,PROFAGROTECHNIKA,RU,תבלין לגזר קוריאני מ,Unknown,0.00,Unknown,false,1,2.90,2.90,true,1,
4606598006422,false,עלי דפנה 15 גר,אריקון,RU,עלי דפנה 15 גר,גרמים,15.00,100 גרם,false,1,5.90,39.33,true,1,
4606598007085,false,תבלין פלפל שחור שלם מגיה ווסטוקה 10 גר,PROFAGROTECHNIKA,,תבלין פלפל שחור שלם,Unknown,0.00,Unknown,false,1,2.90,2.90,true,1,
4606598007603,false,תבלין קינמון טחון מגיה ווסטוקה 15 גרם,PROFAGROTECHNIKA,,תבלין קינמון טחון מג,Unknown,0.00,Unknown,false,1,2.90,2.90,true,1,
4606598007658,false,תבלין פלפל רייחני טחון מגיה ווסטוקה 15 ג,PROFAGROTECHNIKA,RU,תבלין פלפל רייחני טח,Unknown,0.00,Unknown,false,1,2.90,2.90,true,1,
4606598015776,false,תבלין למרק שורפה מגיה ווסטוקה 15 גר,PROFAGROTECHNIKA,,תבלין למרק שורפה מגי,גרמים,15.00,100 גרם,false,1,2.90,19.33,true,1,
4606599013320,false,חלב מרוכז ממותק 500 גר דרבנסקיה,בלמול,RU,חלב מרוכז ממותק 500,גרמים,500.00,100 גרם,false,1,10.90,2.18,true,1,
4607002990252,false,שעועית לבנה דוד וניה 400 גר,,RU,שעועית לבנה דוד וניה,גרמים,400.00,100 גרם,false,1,9.90,2.48,true,1,
4607002990290,false,מלפפונים מוחמצים 680 גר D. Vanya,רוסקויי פולה אלבאשי,RU,מלפפונים מוחמצים 680,גרמים,680.00,100 גרם,false,1,13.90,2.04,true,1,
4607002995752,false,אסורטי עגבניות/מלפפונים דיאדיה וניה 680,דדיה ואניה,RU,אסורטי עגבניות/מלפפו,גרמים,680.00,100 גרם,false,1,13.90,2.04,true,1,
4607002999187,false,קורנישונים צרפתי דיאדיה וניה 680 גרם,,RU,קורנישונים צרפתי דיא,גרמים,680.00,100 גרם,false,1,13.90,2.04,true,1,
4607012351005,false,גרעיני חמניות מרטין ללא מלח 200 גרם,"נארז ע""י : א.ג. גילר",RU,גרעיני חמניות מרטין,גרמים,200.00,100 גרם,false,1,12.90,6.45,true,1,
4607012351128,false,גרעיני חמניות מרטין 500 גרם,מרטין,,גרעיני חמניות מרטין,גרמים,500.00,100 גרם,false,1,29.90,5.98,true,1,
4607012351807,false,"צנימים ""MARTIN"" בטעם בייקון 60 גר",MARTIN,,"צנימים ""MARTIN"" בטעם",גרמים,60.00,100 גרם,false,1,4.90,8.17,true,1,
4607012351821,false,"צנימים ""MARTIN"" בטעם ירק עם שמנת 60 גר",MARTIN,,"צנימים ""MARTIN"" בטעם",Unknown,0.00,Unknown,false,1,4.90,4.90,true,1,
4607012352002,false,גרעיני דלעת מרטין 100 גר,MARTIN,RU,גרעיני דלעת מרטין 1,גרמים,100.00,100 גרם,false,1,13.50,13.50,true,1,
4607012352453,false,גרעיני חמניות מרטין פסים עם מלח 150 גר,אל אל סי מרטין,RU,גרעיני חמניות מרטין,גרמים,150.00,100 גרם,false,1,11.40,7.60,true,1,
4607014780551,false,שמן חמניות מזוכך בלגו 1 ל,קליסה,,שמן חמניות מזוכך בל,מיליליטרים,1000.00,"100 מ""ל",false,1,21.90,2.19,true,1,
4607014782111,false,שמן חמניות לא מזוכך בלגו 1 ל,קליסה,,שמן חמניות לא מזוכך,מיליליטרים,1000.00,"100 מ""ל",false,1,21.90,2.19,true,1,
4607016240893,false,כוסמת אובלקה 800 גרם,אובלקה,RU,כוסמת אובלקה 800 גרם,גרמים,80000.00,100 גרם,false,1,16.90,0.02,true,1,
4607016241111,false,גריסי תירס 80 גר חמי,אובלקה,,גריסי תירס 5*80 גרם,גרמים,400.00,100 גרם,false,1,8.90,2.23,true,1,
4607016243078,false,ש.שועל תות וקרם 5*40גר,אובלקה,,ש.שועל תות וקרם 5*40,גרמים,200.00,100 גרם,false,1,14.60,7.30,true,1,
4607016243092,false,דייסה ש.שועל עם פטל 40 גר אובלקה,קומבינט חלבופרודוקטו,,דייסה ש.שועל עם פטל,גרמים,40.00,100 גרם,false,1,2.90,7.25,true,1,
4607016243108,false,שיבולת שועל עם פטל 2,אובלקה,,ש.שועל עם פטל 5*40גר,גרמים,200.00,100 גרם,false,1,14.60,7.30,true,1,
4607016243191,false,ש.שועל עם אוכמניות 5*40גר,אובלקה,,ש.שועל עם אוכמניות 5,גרמים,200.00,100 גרם,false,1,14.60,7.30,true,1,
4607016245324,false,אובלקה תערובת 4 דגנים 350 גר,,,אובלקה תערובת 4 דגני,גרמים,350.00,100 גרם,false,1,7.90,2.26,true,1,
4607016245461,false,קטניות גריסי חיטה 80,אובלקה,,גריסי חיטה 5*80 גר,גרמים,400.00,100 גרם,false,1,10.90,2.73,true,1,
4607016245508,false,גריסי שעורה 80 גר חמ,אובלקה,,גריסי שעורה 5*80 גרם,גרמים,400.00,100 גרם,false,1,9.90,2.48,true,1,
4607016245539,false,קטניות אפונה מרוסקת 5*80 גר אובלקה,אובלקה,,קטניות אפונה מרוסקת,גרמים,400.00,100 גרם,false,1,10.90,2.73,true,1,
4607016245799,false,דייסה ש.שועל עם ענבי שועל 40 גר אובלקה,אובלקה,,דייסה ש.שועל עם ענבי,גרמים,40.00,100 גרם,false,1,2.90,7.25,true,1,
4607016245805,false,דייסת ש.שועל עם תערובת פירות יער 5*40גר,אובלקה,,דייסת ש.שועל עם תערו,גרמים,200.00,100 גרם,false,1,14.60,7.30,true,1,
4607016248431,false,דייסה שיבולת שועל עם בננה ותות שדה 40 גר,אובלקה,RU,דייסה שיבולת שועל עם,גרמים,40.00,100 גרם,false,1,2.90,7.25,true,1,
4607016248448,false,דייסה שיבולת שועל עם בננה ותות שדה 200 ג,אובלקה,RU,דייסה שיבולת שועל עם,גרמים,200.00,100 גרם,false,1,13.90,6.95,true,1,
4607018271819,false,בלינצס ללא מילוי 450 גרם,,,בלינצס ללא מילוי 450,גרמים,450.00,100 גרם,false,1,15.60,3.47,true,1,
4607018276890,false,בלינצס במילוי אוכמנית שחורות 360 גרם,לינה,RU,בלינצס במילוי אוכמני,גרמים,360.00,100 גרם,false,1,15.90,4.42,true,1,
4607025280026,false,קמח חיטה 1 קג,אובלקה,,"קמח חיטה 1 ק""ג",גרמים,1000.00,100 גרם,false,1,10.90,1.09,true,1,
4607030068435,false,צנימים עם צימוקים 300 גר,"מפעל לייצור לחם""טולס",,צנימים עם צימוקים 30,גרמים,300.00,100 גרם,false,1,15.90,5.30,true,1,
4607030830490,false,פופקורן למיקרו 99 גרם - חמאה,,LV,פופקורן בטעם חמאה 99,גרמים,99.00,100 גרם,false,1,4.50,4.55,true,1,
4607041232641,false,צנימים בטעם וניל 300 גר POSOLSKIE,וופלשניה,RU,צנימים בטעם וניל 300,גרמים,300.00,100 גרם,false,1,11.40,3.80,true,1,
4607041232665,false,צנימים עם צימוקים 300 גר POSOLSKIE,וופלשניה,RU,צנימים עם צימוקים 30,גרמים,300.00,100 גרם,false,1,11.40,3.80,true,1,
4607041232672,false,כעכים מצופים 200 גרם MALUTKA,וופלשניה,,כעכים מצופים 200 גרם,גרמים,200.00,100 גרם,false,1,5.90,2.95,true,1,
4607054451732,false,גרעינים XXL טמבובסקי,או.או.או אגרוסווז,,גרעינים 400 גר VOLK,גרמים,400.00,100 גרם,false,1,18.50,4.63,true,1,
4607054453651,false,בוטנים קלויים VOLK 250 גר,,,בוטנים קלויים VOLK,גרמים,250.00,100 גרם,false,1,15.90,6.36,true,1,
4607065411329,false,פטריות מסליאטה פוסולסקי דבור 680 גר,,CN,פטריות מסליאטה פוסול,גרמים,680.00,100 גרם,false,1,16.70,2.46,true,1,
4607065580087,false,איטריות להכנה מהירה קויסטי עוף 70 גר קוי,,,תבשיל אטריות להכנה מ,Unknown,0.00,Unknown,false,1,3.50,3.50,true,1,
4607065580643,false,"מרק תפו""א בטעם עוף 30 גר DOSHIRAK",,RU,"מרק תפו""א בטעם עוף 3",גרמים,30.00,100 גרם,false,1,5.90,19.67,true,1,
4607084351385,false,עוגיות 360 גרם CHOCO-PIE,,RU,עוגיות 360 גרם CHOCO,גרמים,360.00,100 גרם,false,1,15.60,4.33,true,1,
4607084419382,false,חצילים מטוגנים בסגנון הונגרי 480 גר EKO,,RU,חצילים מטוגנים בסגנו,גרמים,480.00,100 גרם,false,1,13.90,2.90,true,1,
4607117890973,false,סוכריות בטונציק רוט - פרונט 250 גרם,רוט פרונט,,סוכריות בטונציק רוט,גרמים,250.00,100 גרם,false,1,17.70,7.08,true,1,
4610018570073,false,קוויאר אדום פחית 95,א.ר.ד.י.ו,,קוויאר בפחית 95 גר,גרמים,95.00,100 גרם,false,1,37.90,39.89,true,1,
4610082860124,false,פתיתי 5 דגנים עם משמש 240 גרם,אובלקה,,פתיתי 5 דגנים עם משמ,גרמים,240.00,100 גרם,false,1,13.90,5.79,true,1,
4620015850351,false,תה ירוק 36 גרם HUGO COCTAIL CURTIS,או א.או מאי קומפני,,תה ירוק 36 גרם HUGO,Unknown,0.00,Unknown,false,1,14.60,14.60,true,1,
4620016960356,false,תערובת תבליני לתפוח אדמה פריפרבקה 15 גר,PRIPRAVKA RU,,תערובת תבליני לתפוח,Unknown,0.00,Unknown,false,1,3.90,3.90,true,1,
4620016960424,false,תבלין לדגים פריפרבקה 15 גר,PRIPRAVKA RU,,תבלין לדגים פריפרבקה,Unknown,0.00,Unknown,false,1,3.90,3.90,true,1,
4640001890031,false,סודה לשתייה 500 גר,או או או בשקיריה,,סודה לשתייה 500 גר,גרמים,500.00,100 גרם,false,1,10.90,2.18,true,1,
4640013601007,false,ונילין 1.5 גר פרסטון,PROFAGROTECHNIKA,RU,ונילין 1.5 גר פרסטון,Unknown,0.00,Unknown,false,1,1.00,1.00,true,1,
4640018993343,false,פיניש קוואנטום קפסולות ג'ל למדיח כלים 30 יח',רקיט בנקיזר,PL,טבליות למדיח פיניש ק,Unknown,0.00,Unknown,false,1,39.90,39.90,true,1,
4640018993350,false,פיניש קוואנטום קפסולות ג'ל למדיח כלים לימון 30 יח',רקיט בנקיזר,PL,טבליות למדיח פיניש ק,Unknown,0.00,Unknown,false,1,39.90,39.90,true,1,
4640018993398,false,פיניש קוואנטום 60 יח' קפסולות ג'ל למדיח כלים,רקיט בנקיזר,PL,טבליות למדיח פיניש ק,Unknown,0.00,Unknown,false,1,62.90,62.90,true,1,
4650056310217,false,שימורי כרוב ים 220 גרם,,,שימורי כרוב ים 220,גרמים,220.00,100 גרם,false,1,5.50,2.50,true,1,
4670001495035,false,קוואס יאחונט 2 ליטר,,RU,קוואס יאחונט 2 ליטר,ליטרים,0.00,ליטר,false,1,18.90,18.90,true,1,
4680036914913,false,"בירה גיגולי ללא אלכוהול בקבוק 450 מ""ל",,RU,בירה גיגולי 0% אלכוה,מיליליטרים,450.00,"100 מ""ל",false,1,7.90,1.76,true,1,
4710068001692,false,"מאסטר קפה לאטה פחית 240 מ""ל",תאיט מרקטינג אנד דיסטריב,TW,מאסטר קפה לאטה 240 מ,מיליליטרים,240.00,"100 מ""ל",false,1,6.90,2.88,true,1,
4710068001715,false,"מאסטר קפה טירמיסו פחית 240 מ""ל",יוני פרזינדנט אנטרפר,TW,מאסטר קפה טירמיסו 24,מיליליטרים,240.00,"100 מ""ל",false,1,6.90,2.88,true,1,
4710068001739,false,"מאסטר קפה קולומביאני 250 מ""ל",יוני פרזינדנט אנטרפר,TW,מאסטר קפה קולוביאני,מיליליטרים,250.00,"100 מ""ל",false,1,6.90,2.76,true,1,
4710068002798,false,מאסטר קפה וונילה פחית 240 מל,מאיטה פוד אינדוסטריאל קו,TW,מאסטר קפה וניל 240 מ,מיליליטרים,240.00,"100 מ""ל",false,1,6.90,2.88,true,1,
4710068002811,false,"מאסטר קפה וונילה 240 מ""ל",,,מאסטר קפה וונילה 24,מיליליטרים,240.00,"100 מ""ל",false,1,7.50,3.13,true,1,
4710964170799,false,שומשום שחור קלוי 91 גרם,פלייבור פול פודס טיי,TW,שומשום שחור קלוי 91,גרמים,91.00,100 גרם,false,1,16.90,18.57,true,1,
4750001952674,false,לאימה שוקולד מריר 70% עם שקדים 200 גרם,LAIMA,LV,לאימה שוקולד מריר 70,גרמים,200.00,100 גרם,false,1,19.90,9.95,true,1,
4750001952698,false,לאימה שוקולד מריר אגוזי לוז שלמים 200 גר,,LV,לאימה שוקולד מריר אג,גרמים,200.00,100 גרם,false,1,19.90,9.95,true,1,
4750012020287,false,דיווה קוסמופוליטן-שיכר מלון 750 מל,בלזם,LV,דיווה קוסמופוליטן,Unknown,0.00,Unknown,false,1,23.90,23.90,true,1,
4750042884668,false,נקטר שזיפים 35% 1 ליטר CIDO,Cido,,נקטר שזיפים 35% 1 לי,מיליליטרים,1000.00,"100 מ""ל",false,1,15.90,1.59,true,1,
4750142016518,false,בירה צסו לא מסוננת 5.4% 568 מל,צ'סו אלוס,LV,בירה צסו לא מסוננת 5,מיליליטרים,568.00,"100 מ""ל",false,1,8.90,1.57,true,1,
4750616001194,false,שפרוטים מעושנים ריגה 240 גרם פ.ק,בריויאס וילניוס,LV,שפרוטים בשמן ריגה 24,גרמים,240.00,100 גרם,false,1,9.90,4.13,true,1,
4750616002276,false,קילקה עם צילי במיץ עגבניות 240 גר,בריויאס וילניוס,,קילקה עם צילי במיץ ע,גרמים,240.00,100 גרם,false,1,6.90,2.88,true,1,
4750616002344,false,קילקה עם ירקות במיץ עגבניות 240 גר,בריויאס וילניוס,,קילקה עם ירקות במיץ,גרמים,240.00,100 גרם,false,1,6.90,2.88,true,1,
4750817111067,false,BEST OF RIGAפילה סלמון במיץ טבעי 240 גר,,,BEST OF RIGAפילה סלמ,גרמים,240.00,100 גרם,false,1,7.90,3.29,true,1,
4750817130808,false,סאיירה במיץ טבעי 240 גר BEST OF RIGA,,,סאיירה במיץ טבעי 240,גרמים,240.00,100 גרם,false,1,10.90,4.54,true,1,
4750817224927,false,שפרוטים מעושנים בשמן צמחי שקוף 240 גר,,LV,שפרוטים מעושנים בשמן,גרמים,240.00,100 גרם,false,1,11.90,4.96,true,1,
4751000174586,false,דובשניות אדוגס בטעם שמנת 500 גרם ADUGS,ADUGS,,דובשניות אדוגס בטעם,גרמים,500.00,100 גרם,false,1,12.90,2.58,true,1,
4751001583820,false,שפרוטים שקוף מעושנים בשמן צמחי 240 גר,GAMMA-A,LV,שפרוטים שקוף מעושנים,גרמים,240.00,100 גרם,false,1,13.50,5.63,true,1,
4751002127467,false,לחם שיפון בורודינסקי פרוס 500 גר,סיא פוטרוס פוד,LV,לחם שיפון בורודינסקי,גרמים,500.00,100 גרם,false,1,12.90,2.58,true,1,
4751007732864,false,שימורי פילה סלמון ברוטב חרדל 200 גר,KARAVELA,,שימורי פילה סלמון בר,גרמים,200.00,100 גרם,false,1,11.90,5.95,true,1,
4751007738385,false,קילקה ברוטב עגבניות 240 גר KARAVELA,,,קילקה ברוטב עגבניות,גרמים,240.00,100 גרם,false,1,3.90,1.63,true,1,
4760001600024,false,"רוטב רימונים נורשיבר 400 מ""ל",,,רוטב רימונים נורשיבר,מיליליטרים,400.00,"100 מ""ל",false,1,29.90,7.48,true,1,
4770179109991,false,בונ שוק עם וודקה 190 ג PERGALE,PERGALE,LT,בונ שוק עם וודקה 19,גרמים,190.00,100 גרם,false,1,17.90,9.42,true,1,
4770179110126,false,בונ שוק עם ליקר שרי 190 ג PERGALE,BARILLA G.E.R.,LT,בונ שוק עם ליקר שרי,גרמים,190.00,100 גרם,false,1,17.90,9.42,true,1,
4770237051804,false,חטיף גבינה וניל 45 גר,פנו ז'ויגזדס,,חטיף גבינה וניל 45 ג,גרמים,4500.00,100 גרם,false,1,4.50,0.10,true,1,
4770237051811,false,חטיף גבינה עם ריבת חלב 45 גר,פנו ז'ויגזדס,,חטיף גבינה עם ריבת ח,גרמים,4500.00,100 גרם,false,1,4.50,0.10,true,1,
4770237051828,false,חטיף גבינה תות שדה 45 גר,פנו ז'ויגזדס,,חטיף גבינה תות שדה 4,גרמים,4500.00,100 גרם,false,1,4.50,0.10,true,1,
4770237051842,false,חטיף גבינה בטעם שוקולד 45 גר,פנו ז'ויגזדס,,חטיף גבינה בטעם שוקו,גרמים,4500.00,100 גרם,false,1,4.50,0.10,true,1,
4770237055048,false,בסגנון שמנת 15% 350,,,15% 350 גר SMETANKA,גרמים,350.00,100 גרם,false,1,12.50,3.57,true,1,
4770265046575,false,דייסת סולת עם תותי בר 200 גר,,,דייסת סולת תותי בר,גרמים,200.00,100 גרם,false,1,7.90,3.95,true,1,
4770265213786,false,משקה חלב ריזנקה 500 מל,,,משקה חלבי ריזנקה 500,מיליליטרים,500.00,"100 מ""ל",false,1,11.50,2.30,true,1,
4770265214783,false,יוגורט יווני עם דובדבן 150 גר,,,יוגורט יווני עם דובד,גרמים,150.00,100 גרם,false,1,10.50,7.00,true,1,
4770265219535,false,גבינה אנגולי מעושנת 150 גר גורמן,,,גבינה אנגולי מעושנת,גרמים,150.00,100 גרם,false,1,11.90,7.93,true,1,
4770275048309,false,גבינת קוטג עם תבלינים 15% סבליה 130 גר,,LT,גבינת קוטג עם תבליני,גרמים,130.00,100 גרם,false,1,11.90,9.15,true,1,
4770275049580,false,בסגנון טבורוג סבליה,,,טבורוג אנלוגי סבליה,גרמים,370.00,100 גרם,false,1,19.90,5.38,true,1,
4770275049603,false,בסגנון טבורוג סבליה,,,טבורוג אנלוגי 9% סבל,גרמים,370.00,100 גרם,false,1,19.90,5.38,true,1,
4770301235338,false,"בירה ניו אינגלנד וולפאס אנגלמן 568 מ""ל",,,בירה ניו אינגלנד וול,מיליליטרים,568.00,"100 מ""ל",false,1,10.90,1.92,true,1,
4771033178160,false,בגט חצי אפוי עם שום חמאה 175 גרם,,,בגט חצי אפוי עם שום,גרמים,175.00,100 גרם,false,1,9.40,5.37,true,1,
4771632000350,false,חליטת תה ארומה פירות יער 20 שקיות 40 גר,,,חליטת תה ארומה פירות,גרמים,40.00,100 גרם,false,1,10.90,27.25,true,1,
4771632314686,false,בוטנים מצופים בטעם גבינה ובצל 180 גר,,LT,בוטנים מצופים בטעם ג,גרמים,180.00,100 גרם,false,1,16.90,9.39,true,1,
4779027471167,false,חטיף גבינה לבנה בטעם קרם ברולה 43 גרם,,,חטיף גבינה לבנה בטעם,גרמים,43.00,100 גרם,false,1,5.20,12.09,true,1,
4780030690292,false,AGROMIRמלפפונים בחומץ עם שום ושמיר 720מ,,,AGROMIRמלפפונים בחומ,גרמים,750.00,100 גרם,false,1,13.90,1.85,true,1,
4780047500799,false,ZULYA BARAKA פלפל חריף בחומץ 320 ג,,,ZULYA BARAKA פלפל חר,גרמים,320.00,100 גרם,false,1,12.90,4.03,true,1,
4791045002314,false,תה היליס עלים ירוק 100 גרם,,,תה היליס עלים ירוק 1,גרמים,100.00,100 גרם,false,1,12.80,12.80,true,1,
4792252100343,false,תה שחור תות שקה וקיווי 100 גרם,בסילר,,תה שחור תות שקה וקיו,גרמים,100.00,100 גרם,false,1,23.90,23.90,true,1,
4810108007506,false,Glubokoeחלב מרוכז 380 גר,,BY,חלב מרוכז 380 גר Gl,גרמים,380.00,100 גרם,false,1,13.90,3.66,true,1,
4810168001933,false,מקלות סורימי בטעם סרטן קפוא 200 גרם,,,מקלות סורימי בטעם סר,גרמים,200.00,100 גרם,false,1,7.30,3.65,true,1,
4810168004132,false,ביצי דג טרוטונית אטלנטי מומלח מצונן 180,,,ביצי דג טרוטונית אטל,גרמים,180.00,100 גרם,false,1,17.70,9.83,true,1,
4810168004156,false,ביצי דג טרוטונית אטלנטי סלמון מעושן 180ג,,,ביצי דג טרוטונית אטל,גרמים,180.00,100 גרם,false,1,17.70,9.83,true,1,
4810168016104,false,ביצי דג טרוטונית אטלנטי חסילונים 180 גר,,,ביצי דג טרוטונית אטל,גרמים,180.00,100 גרם,false,1,17.70,9.83,true,1,
4810168024260,false,ביצי דג שיבוט מומלח מצונן 130 גר,,,ביצי דג שיבוט מומלח,גרמים,130.00,100 גרם,false,1,16.70,12.85,true,1,
4810168031794,false,ביצי דג הרינג אטלנטי מומלח מצונן 110 גר,,,ביצי דג הרינג אטלנטי,גרמים,110.00,100 גרם,false,1,16.70,15.18,true,1,
4810168047368,false,בצק שמרים עלים מרודד מוקפא 450 גרם,,BY,בצק שמרים עלים מרודד,גרמים,450.00,100 גרם,false,1,8.90,1.98,true,1,
4810168055165,false,לביבות גבינת טובורג מוקפאות 450 גרם,,BY,לביבות גבינת טבורוג,גרמים,450.00,100 גרם,false,1,20.90,4.64,true,1,
4810168055905,false,פילה דג הרינג סקנדינבי ממולח בשמן 1200 גרם,,BY,פילה דג הרינג סקנדינ,גרמים,1200.00,100 גרם,false,1,41.90,3.49,true,1,
4810168058548,false,חתיכות פילה דג הרינג סקנדינבי ממולח 1200 גרם,,,חתיכות פילה דג הרינג,גרמים,1200.00,100 גרם,false,1,41.90,3.49,true,1,
4810168058876,false,ביצי דג טרוטונית Moiva עם אבוקדו וסלמון,,,ביצי דג טרוטונית Moi,גרמים,180.00,100 גרם,false,1,16.90,9.39,true,1,
4810168058975,false,חתיכות פילה דג הרינג סקנדינבי מלוח מצונן 260 גר,סנטה ברמור,BY,חתיכות פילה דג הרינג,גרמים,260.00,100 גרם,false,1,19.40,7.46,true,1,
4810168058982,false,חתיכות פילה דג הרינג סקנדינבי מלוח בשמן 400 גר,סנטה ברמור,BY,חתיכות פילה דג הרינג,גרמים,400.00,100 גרם,false,1,30.50,7.63,true,1,
4810168062163,false,"כיסונים פרווה במילוי תפו""א ופטריות מוקפאים 450 גר",,BY,"כיסונים במילוי תפו""א",גרמים,450.00,100 גרם,false,1,13.50,3.00,true,1,
4810168062217,false,"בלינצ'ס פרווה במילוי תפו""ץ וקינמון מוקפא 360 גר",,BY,"בלינצס במילוי תפו""ע",גרמים,360.00,100 גרם,false,1,14.60,4.06,true,1,
4810268027345,false,טבורוג 5% סבושקין קלאסי 300 גרם,,BY,טבורוג 5% סבושקין קל,גרמים,300.00,100 גרם,false,1,19.90,6.63,true,1,
4812493000919,false,חטיף גבינה לבנה בטעם קקאו 40 גרם,,BY,חטיף גבינה לבנה בטעם,גרמים,40.00,100 גרם,false,1,2.90,7.25,true,1,
4812493000926,false,חטיף גבינה לבנה בטעם תות מצופה קקאו 40 ג,,BY,חטיף גבינה לבנה בטעם,גרמים,40.00,100 גרם,false,1,2.90,7.25,true,1,
4812493000933,false,חטיף גבינה לבנה פטל אוכמניות מצופה קקאו,,BY,חטיף גבינה לבנה פטל,גרמים,40.00,100 גרם,false,1,2.90,7.25,true,1,
4812493000940,false,חטיף גבינה לבנה וניל מצופה קקאו 40 גרם,,BY,חטיף גבינה לבנה וניל,גרמים,40.00,100 גרם,false,1,2.90,7.25,true,1,
4812493001077,false,חטיף גבינה לבנה מצופה שוקולד לבן בטעם לי,,BY,חטיף גבינה לבנה,גרמים,40.00,100 גרם,false,1,2.90,7.25,true,1,
4815387002136,false,ערכת תה מתנה 12 סוגי תה וחליטת וצמחים דלהי 60 יח',,UA,מארז תה 12 טעמים DAL,יחידה,1.00,יחידה,false,1,31.50,31.50,true,1,
4820000456272,false,"בירה LVIVSKE פרמיום 500 מ""ל",חרקוב ביסקוויט,,בירה LVIVSKE פרמיום,מיליליטרים,450.00,"100 מ""ל",false,1,10.90,2.42,true,1,
4820016250604,false,"נקטר מולטיויטמין 200 מ""ל נאש סוק",,UA,נקטר מולטיויטמין 200,מיליליטרים,200.00,"100 מ""ל",false,1,3.90,1.95,true,1,
4820030561380,false,ממרח קישואים קייץ 500 גרם דרי באבושקה,אוריקה,,ממרח קישואים קייץ 50,גרמים,500.00,100 גרם,false,1,11.90,2.38,true,1,
4820039710710,false,"מעדן פטל פוסולסקי דבור 1.25 ק""ג",,,מעדן פטל יפוסולסקי ד,קילוגרמים,0.00,"ק""ג",false,1,36.50,36.50,true,1,
4820041576557,false,"ממרח ע""ב שומן צמחי ושומן חלב 82.5% 180 ג",Cow Land,BG,"ממרח ע""ב שומן צמחי ו",גרמים,18.00,100 גרם,false,1,7.90,43.89,true,1,
4820056380361,false,עולש נמס גאלקה עם אוכמניות 100 גר,ורחובינקה,UA,עולש נמס גאלקה עם או,גרמים,100.00,100 גרם,false,1,8.50,8.50,true,1,
4820061980433,false,שימורי דג ביצקי ירקות ברוטב עגבניות 250,,,שימורי דג ביצקי ירקו,גרמים,250.00,100 גרם,false,1,8.90,3.56,true,1,
4820103341543,false,חלב מרוכז מבושל 370 גרם פחית,,,חלב מרוכז מבושל 370,גרמים,370.00,100 גרם,false,1,11.90,3.22,true,1,
4820103341574,false,חלב מרוכז 370 גרם או,איצוניאנסקי,UA,חלב מרוכז 370 גרם,גרמים,370.00,100 גרם,false,1,11.90,3.22,true,1,
4820165641384,false,סושקה מליוטקה וניל פלורה 300 גר,סלובוז'נסקי ברד בייק,,סושקה מליוטקה וניל פ,גרמים,300.00,100 גרם,false,1,8.90,2.97,true,1,
4820165641438,false,סולומקה בטעם פירות 250 גרם,סלובוז'נסקי ברד בייק,,סולומקה בטעם פירות 2,גרמים,250.00,100 גרם,false,1,8.90,3.56,true,1,
4820179254013,false,פירה בטעם שמנת בכוס 40 גרם Rolton,Mareven Food Ukraine LLC,UA,פירה בטעם שמנת בכוס,גרמים,40.00,100 גרם,false,1,5.90,14.75,true,1,
4820179254044,false,פירה בטעם עוף בכוס 40 גרם Rolton,Mareven Food Ukraine LLC,UA,פירה בטעם עוף בכוס 4,גרמים,40.00,100 גרם,false,1,5.90,14.75,true,1,
4820180250042,false,צמות סולוגוני מעושן סירויישקה 100 גרם,,UA,צמות סולוגוני מעושן,גרמים,100.00,100 גרם,false,1,19.90,19.90,true,1,
4820182740053,false,ציפס בטעם סרטן 70 גר,קלוס צ'פסוב,,ציפס בטעם סרטן 70 גר,גרמים,70.00,100 גרם,false,1,8.50,12.14,true,1,
4820182742019,false,ציפס בטעם כנפיים ברביקיו 70 גר פלינט,Snacks,UA,ציפס כנפיים ברביקיו,גרמים,70.00,100 גרם,false,1,8.50,12.14,true,1,
4820182742897,false,קרוטונים פלינט בטעם בקון 35 גר,Snacks,UA,קרוטונים פלינט בטעם,גרמים,35.00,100 גרם,false,1,2.90,8.29,true,1,
4820182742972,false,קרוטונים פלינט בטעם קוויאר 35 גרם,Snacks,UA,קרוטונים פלינט בטעם,גרמים,35.00,100 גרם,false,1,2.90,8.29,true,1,
4820182742989,false,קרוטונים פלינט בטעם גבינה 35 גר,Snacks,UA,קרוטונים פלינט בטעם,גרמים,35.00,100 גרם,false,1,2.90,8.29,true,1,
4820182742996,false,קרוטונים פלינט בטעם סלמי 35 גר,Snacks,UA,קרוטונים פלינט בטעם,גרמים,35.00,100 גרם,false,1,2.90,8.29,true,1,
4820182743009,false,קרוטונים פלינט בטעם שישליק 35 גרם,Snacks,UA,קרוטונים פלינט בטעם,גרמים,35.00,100 גרם,false,1,2.90,8.29,true,1,
4820182743160,false,קרוטונים בטעם שום 70 גרם FLINT,MALBI CHOCOLATE,,קרוטונים בטעם שום 7,גרמים,70.00,100 גרם,false,1,4.50,6.43,true,1,
4820182746932,false,קרוטונים בטעם עגבניות מתובלות 70גר FLINT,MALBI CHOCOLATE,,קרוטונים בטעם עגבניו,גרמים,70.00,100 גרם,false,1,4.50,6.43,true,1,
4820199870019,false,סושקה וניל בקק 300 גר,BKK,,סושקה וניל בקק 300 ג,גרמים,300.00,100 גרם,false,1,7.90,2.63,true,1,
4820227211692,false,דובשניות עם מילוי דובדבן קייבחלאב 360 גר,,UA,דובשניות עם מילוי דו,גרמים,360.00,100 גרם,false,1,8.90,2.47,true,1,
4823006801435,false,לצו נזין 450 גרם,NEZHIN,,לצו נזין 450 גרם,גרמים,450.00,100 גרם,false,1,17.90,3.98,true,1,
4823077613630,false,חטיף שוקולד רושן ממולה קרם בורלה 43 גרם,רושן Roshen,UA,באטונציק קרם ברולה 4,גרמים,43.00,100 גרם,false,1,3.90,9.07,true,1,
4823077614699,false,ביסקוויט לקפה רושן בטעם חמאה וניל 185 גרם,קייב קרמנציק,,ביסקוויט וניל 185 גר,גרמים,185.00,100 גרם,false,1,3.90,2.11,true,1,
4823077614804,false,שוקולד רושן חלב נוגט בטעם אוכמניות כחולות 90 גרם,רושן Roshen,UA,שוקולד חלב נוגט וניל,גרמים,90.00,100 גרם,false,1,4.90,5.44,true,1,
4823077617041,false,חטיף שוקולד רושן ממולה קרם קרמל 43 גרם,רושן Roshen,UA,באטונציק קרמל 40 גר,גרמים,40.00,100 גרם,false,1,3.90,9.75,true,1,
4823077621642,false,חטיף שוקולד רושן בטעם שוקולד 72 גר,Unknown,,וופל רושן בטעם שוקול,גרמים,72.00,100 גרם,false,1,3.90,5.42,true,1,
4823077625602,false,וופל וואפרס שוקולד רושן 216 גר,,UA,וופל וואפרס שוקולד ר,גרמים,216.00,100 גרם,false,1,6.90,3.19,true,1,
4823077626203,false,שוקולד רושן אורירי מריר 80 גרם,רושן Roshen,UA,שוקולד אורירי מריר 8,גרמים,80.00,100 גרם,false,1,6.90,8.63,true,1,
4823077626227,false,שוקולד רושן אורירי חלב 80 גרם,רושן Roshen,UA,שוקולד אורירי חלב 80,גרמים,80.00,100 גרם,false,1,6.90,8.63,true,1,
4823077626364,false,שוקולד רושן אורירי לבן 80 גרם,רושן Roshen,UA,שוקולד אורירי לבן 80,גרמים,80.00,100 גרם,false,1,6.90,8.63,true,1,
4823077632259,false,חטיף שוקולד רושן עם בוטנים 43 גרם,רושן Roshen,UA,באטונציק קרם עם בוטנ,גרמים,38.00,100 גרם,false,1,3.90,10.26,true,1,
4823077632570,false,שוקולד רושן BRUT מריר 85 גרם,רושן,UA,שוקולד רושן מריר 85,גרמים,85.00,100 גרם,false,1,6.90,8.12,true,1,
4823077633324,false,עוגיות שוקוצ'יפס LOVITA עם חתיכות שוקולד 150 גרם,,UA,עוגיות שוקוציפס עם,גרמים,150.00,100 גרם,false,1,6.90,4.60,true,1,
4823077634222,false,עוגיות Lovita ממולאות ג'לי תפוז מצופות צימקאו,רושן Roshen,,עוגיות תפוז 135 גר L,גרמים,135.00,100 גרם,false,1,6.90,5.11,true,1,
4823077634246,false,עוגיות Lovita ממולאות ג'לי פטל מצופות צימקאו,רושן Roshen,,עוגיות פטל 135 גר LO,גרמים,135.00,100 גרם,false,1,6.90,5.11,true,1,
4823077634277,false,עוגיות Lovita ממולאות ג'לי תות שדה מצופות צימקאו,רושן Roshen,,עוגיות תות שדה 135 ג,גרמים,135.00,100 גרם,false,1,6.90,5.11,true,1,
4823077636004,false,עוגיות Lovita ממולאות ג'לי דובדבן מצופות צימקאו,רושן Roshen,,עוגיות קקאו דובדבן 1,גרמים,135.00,100 גרם,false,1,6.90,5.11,true,1,
4823077636172,false,וופל רושן בטעם לימון 216 גרם,,UA,וופל רושן בטעם לימון,גרמים,216.00,100 גרם,false,1,5.80,2.69,true,1,
4823077636332,false,עוגיות רושן LOVITA במילוי קרם שוקולד 127 גרם,,,עוגיות רושן במילוי ק,גרמים,127.00,100 גרם,false,1,6.90,5.43,true,1,
4823077636554,false,סוכריות ממולאות קרם בטעם חלב טיפת חלב 378 גרם,רושן,UA,סוכריות ממולאות קרם,גרמים,378.00,100 גרם,false,1,11.90,3.15,true,1,
4823090302528,false,ביסקוויט בטעם ריבת חלב לוזיוק 180 גרם,,UA,ביסקוויט בטעם ריבת ח,גרמים,180.00,100 גרם,false,1,5.90,3.28,true,1,
4823105400614,false,עגבניות שרי בחומץ 500 גרם,,,עגבניות שרי בחומץ 50,גרמים,500.00,100 גרם,false,1,13.90,2.78,true,1,
4823105400898,false,מרינדה לברביקיו 140 גרם,"טי.או בי. ""ויז'י פרודקשן""",,מרינדה לברביקיו 140,גרמים,140.00,100 גרם,false,1,6.90,4.93,true,1,
4823105402878,false,חזרת לבנה חריפה 190 גרם,,,חזרת לבנה חריפה 190,גרמים,190.00,100 גרם,false,1,7.90,4.16,true,1,
4823105402991,false,פלפל שחור שלם 20 גרם,"טי.או בי. ""ויז'י פרודקשן""",,פלפל שחור שלם 20 גרם,גרמים,20.00,100 גרם,false,1,3.90,19.50,true,1,
4823105403028,false,גרגירי חרדל לבן 50 גרם,"טי.או בי. ""ויז'י פרודקשן""",,גרגירי חרדל לבן 50 ג,גרמים,50.00,100 גרם,false,1,3.90,7.80,true,1,
4823105403080,false,תערובת עשבי תיבול בסגנון איטלקי 10 גרם,"טי.או בי. ""ויז'י פרודקשן""",,תערובת עשבי תיבול בס,גרמים,10.00,100 גרם,false,1,3.90,39.00,true,1,
4840008002431,false,דפי וופל פרנזולטה מל,Franzeluta,MD,דפי וופל מלבן 350 גר,גרמים,350.00,100 גרם,false,1,15.00,4.29,true,1,
4840008012812,false,לחם שיפון בורוינסקי 450 גרם,,,לחם שיפון בורוינסקי,גרמים,450.00,100 גרם,false,1,10.90,2.42,true,1,
4840008017763,false,פרנזלוטה צנימים מיני עם צימוקים 200 גר,FRANZELUTA,,פרנזלוטה צנימים מיני,גרמים,200.00,100 גרם,false,1,7.90,3.95,true,1,
4840008018333,false,דובשניות טעם דבש 400 גרם פרנצלוטה,פרנזלוטה,,דובשניות טעם דבש 400,גרמים,400.00,100 גרם,false,1,9.40,2.35,true,1,
4840008019521,false,עוגיות בצק עלים לבבות דקל פרנצלוטה 350 ג,FRANZELUTA,,עוגיות בצק עלים לבבו,גרמים,350.00,100 גרם,false,1,10.40,2.97,true,1,
4840008019897,false,דפי וופל עגולים 100 גרם,Franzeluta,MD,דפי וופל עגולים 100,גרמים,100.00,100 גרם,false,1,10.70,10.70,true,1,
4840008031806,false,דובשניות טעם חלב מרוכז 400 גר פרנצלוטה,Franzeluta,,דובשניות טעם חלב מרו,גרמים,400.00,100 גרם,false,1,9.40,2.35,true,1,
4840022000703,false,"מיץ תפוח 200 מ""ל VITA NATURALIS",,,"מיץ תפוח 200 מ""ל",מיליליטרים,200.00,"100 מ""ל",false,1,3.20,1.60,true,1,
4840022004626,false,מיץ עגבניות 2 לט VITA NATURALIS,,MD,מיץ עגבניות 2 לט VIT,ליטרים,0.00,ליטר,false,1,21.90,21.90,true,1,
4840022006255,false,"נקטר תפוח ענבים 200 מ""ל VITA NATURALIS",,,נקטר תפוח ענבים 200,מיליליטרים,200.00,"100 מ""ל",false,1,3.20,1.60,true,1,
4840022008709,false,משקה קל אפרסק מנגו 1 ל VITA NATURALIS,,,משקה קל אפרסק מנגו 1,מיליליטרים,1000.00,"100 מ""ל",false,1,12.10,1.21,true,1,
4840022009560,false,משקה תפוחים פירות 1 ליטר VITA NATURALIS,,,משקה תפוחים פירות 1,מיליליטרים,1000.00,"100 מ""ל",false,1,12.10,1.21,true,1,
4840048000299,false,"ברנדי בליי איסט 500 מ""ל מולדובה",,,ברנדי בליי איסט 500,מיליליטרים,500.00,"100 מ""ל",false,1,67.90,13.58,true,1,
4840709003393,false,"ברנדי קווינט 500 מ""ל",,,"ברנדי קווינט 500 מ""ל",מיליליטרים,500.00,"100 מ""ל",false,1,64.90,12.98,true,1,
4850001110033,false,נקטר SIS תפוחים 1.6 ליטר,,,נקטר SIS תפוחים 1.6,ליטרים,0.00,ליטר,false,6,17.90,17.90,true,1,
4850001111009,false,מיץ YAN רימונים טבעי 930 מל,,,מיץ YAN רימונים טבעי,גרמים,930.00,100 גרם,false,12,18.90,2.03,true,1,
4850011110856,false,קונפיטורת דובדובנים לבנים 400 גר TAMARA,תמרה פירות,,קונפיטורת דובדובנים,גרמים,400.00,100 גרם,false,1,26.90,6.73,true,1,
4860019001346,false,בורז'ומי מים מינרליים טבעיים 500מ'ל חדש,אי די אס בורגומי,,מים מינרלים בורגומי,מיליליטרים,500.00,"100 מ""ל",false,1,6.90,1.38,true,1,
4860019001414,false,"בקבוק מים בוז'ורמי 750 מ""ל",אי.די.אס בורג'יומי,GE,"מים בורגומי 750 מ""ל",מיליליטרים,750.00,"100 מ""ל",false,1,8.90,1.19,true,1,
4860019001421,false,"שישיית מים בורגומי 750 מ""ל",,,שישיית מים בורגומי 7,מיליליטרים,6500.00,"100 מ""ל",false,1,44.90,0.69,true,1,
4860108710708,false,לפתן שזיפים 100% 1 ליטר נבה,קחטיאן טרדיטיונל,,לפתן שזיפים 100% 1 ל,מיליליטרים,1000.00,"100 מ""ל",false,1,17.90,1.79,true,1,
4891130001199,false,מזרח ומערב יבוא פון,Pun chun sauce & pre,HK,רוטב צדפות 450 גרם,גרמים,450.00,100 גרם,false,1,17.70,3.93,true,1,
4903001904192,false,"רוטב סויה יאמסה פרימיום 500 מ""ל",הדקלאים אגודת שיתופי,JP,רוטב סויה יאמסה 500,מיליליטרים,500.00,"100 מ""ל",false,1,10.00,2.00,true,1,
5000157143365,false,מתבל בטעם מיונז וקטשופ היינץ 425 גרם,"פודליצקי ספ.ז.או.או,",PL,מתבל בטעם מיונז וקטש,מיליליטרים,425.00,"100 מ""ל",false,1,14.90,3.51,true,1,
5000159459228,false,חטיף שוקולד טוויקס 50 ג',"נארז ע""י : א.ג. גילר",NL,חטיף טוויקס 50 גרם,גרמים,50.00,100 גרם,false,1,3.60,7.20,true,1,
5000159461122,false,חטיף שוקולד סניקרס מקס קרמל 50 ג',"נארז ע""י : א.ג. גילר",NL,חטיף סניקרס 50 גרם,גרמים,50.00,100 גרם,false,1,3.60,7.20,true,1,
5000159471510,false,אם אנד אם בוטנים 220 גרם,,FR,אם אנד אם בוטנים 220,גרמים,220.00,100 גרם,false,1,16.70,7.59,true,1,
5000159473965,false,מילקיווי מיניס 227 גרם,,,מילקיווי מיניס 227 ג,גרמים,227.00,100 גרם,false,1,16.90,7.44,true,1,
5000213000359,false,בירה גינס אקסטרא סטאוט,קרלסברג יבוא יצוא,IE,בירה גינס בקבוק 330,מיליליטרים,330.00,"100 מ""ל",false,1,14.90,4.52,true,1,
5000213014905,false,"בירה גינס פחית 440 מ""ל",קרלסברג ישראל,IE,"בירה גינס 440 מ""ל פח",מיליליטרים,440.00,"100 מ""ל",false,1,15.80,3.59,true,1,
5000219120112,false,פאל מאל כחול ארוך סטרים פילטר עשירייה,Unknown,TR,פאל מאל כחול ארוך סט,Unknown,0.00,Unknown,false,1,295.00,295.00,true,1,
5000267191577,false,"מארז גוני שחור 700 מ""ל+2 כוסות הייבול",,,מארז גוני שחור 700 מ,מיליליטרים,700.00,"100 מ""ל",false,1,109.90,15.70,true,1,
5000394140820,false,שישיות סוללות AA פלוס פאוור דורסל,דורסל,BE,סוללות דורסל פלוס פא,יחידה,1.00,יחידה,false,1,15.90,15.90,true,1,
5010182996799,false,ג'ל אסלה מנטרל ריחות בניחוח פרחי בר ורודים,דאופלור אס.פי.אי איט,IT,ט.דאק גל אסלה,Unknown,0.00,Unknown,false,1,11.40,11.40,true,1,
5010265002911,false,רייויטה פת פריכה מקמח שיפון מלא 250 גרם,דה ג'ורדנס אנד ריווי,GB,רייויטה פת פריכה מקמ,גרמים,250.00,100 גרם,false,1,12.90,5.16,true,1,
5010327105215,false,וויסקי מאנקי שולדר Monkey Shoulder,"וויליאם גראנט ובניו בע""\",GB,וויסקי מונקי שולדר 7,מיליליטרים,700.00,"100 מ""ל",false,1,139.90,19.99,true,1,
5010327324333,false,"סינגל מאלט סקוטי גלנפידיך 14 שנה 700 מ""ל",גרנט'ס,GB,סינגל מאלט סקוטי גלנ,מיליליטרים,700.00,"100 מ""ל",false,1,187.90,26.84,true,1,
5010327399614,false,"גלנפידיך 12 אמריקן אווק כשר 700 מ""ל",וויליאם גרנטס ובניו,GB,גלנפידיך 12 אמריקן א,מיליליטרים,700.00,"100 מ""ל",false,1,179.90,25.70,true,1,
5010677552387,false,"בקרדי בריזר אננס 275 מ""ל בקבוק",בקרדי בריזר Bacardi Breezer,BE,בקרדי בריזר אננס 275,מיליליטרים,275.00,"100 מ""ל",false,1,14.50,5.27,true,1,
5010677554398,false,"בקרדי בריזר אבטיח 275 מ""ל בקבוק",בקרדי בריזר Bacardi Breezer,BE,בקרדי בריזר אבטיח,מיליליטרים,275.00,"100 מ""ל",false,1,14.50,5.27,true,1,
5011013100132,false,"ויסקי בייליס אייריש קרים 750 מ""ל",r&a baileys,,אייריש קרים בייליס 7,מיליליטרים,750.00,"100 מ""ל",false,1,88.90,11.85,true,1,
5011348017112,false,"בירה הובגובלין פחית 500 מ""ל",,GB,בירה הובגובלין פחית,מיליליטרים,500.00,"100 מ""ל",false,1,16.90,3.38,true,1,
5011348023458,false,"בירה הובגובלין אי.פי.איי. פחית 500 מ""ל",,GB,בירה הובגובלין אי.פי,מיליליטרים,500.00,"100 מ""ל",false,1,16.90,3.38,true,1,
5011417552247,false,"אירוויק מבשם אויר נטול גז בניחוח פשתן ופרחי לילך 345 מ""ל",איירוויק Air Wick,PL,איירויק נטול גז לילך,מיליליטרים,345.00,"100 מ""ל",false,1,16.90,4.90,true,1,
5013387205789,false,פרואט-עוגיה ל.גלוטן ש.שועל וצימוקים150ג',,GB,פרואט עוגיה ל.גלוטן,גרמים,150.00,100 גרם,false,1,18.90,12.60,true,1,
5014271002675,false,מעדן פרי תפוח וקינמון סנדלפור 284 גרם,סאן דלפור - שמבור,FR,מעדן פרי תפוח וקינמו,גרמים,284.00,100 גרם,false,1,19.90,7.01,true,1,
5014271330426,false,מעדן אוכמניות כחולות ללא תוספת סוכר 284 גרם,סאן דלפור - שמבור,FR,מעדן סאנט דלפור אוכמ,גרמים,284.00,100 גרם,false,1,19.90,7.01,true,1,
5014271370422,false,סן דלפו מעדן אפרסק ללא סוכר 284גר,סאן דלפור - שמבור,FR,מעדן סאנט דלפור אפרס,גרמים,284.00,100 גרם,false,1,19.90,7.01,true,1,
5026489483955,false,חטיף חומוס סיסולט איט ריל 45 גרם,לקסמי אנד סונס סי/\אי קו,GB,חטיף חומוס סיסולט אי,Unknown,0.00,Unknown,false,1,8.90,8.90,true,1,
5029053002408,false,נייר טואלט קלינקס פרימיום לבן - מארז 9 גלילים,קימברלי קלארק ישראל,IL,נ.טואלט קלינקס לבן 9,מטרים,275.00,מטר,false,1,33.90,0.12,true,1,
5029053002439,false,נייר טואלט קלינקס פרימיום צהוב - מארז 9 גלילים,חוגלה קימברלי,GB,נ.טואלט קלינקס צהוב,מטרים,275.00,מטר,false,1,33.90,0.12,true,1,
5029053523446,false,קוטקס - תחבושות אולטרה נייט + כנפיים 20 יח',קימברלי קלארק,CZ,תחבושת קוטקס נייט,Unknown,0.00,Unknown,false,1,18.90,18.90,true,1,
5035766060253,false,"בירה מרפיס, בירת סטאוט, פחית 500 מ""ל",מרפיס Murphys,GB,"מרפיס פחית 500 מ""ל",מיליליטרים,500.00,"100 מ""ל",false,1,12.80,2.56,true,1,
5050974505259,false,פת פריכה קמח שיפון מלא עם גרעינים ודגנים קלויים,דה ג'ורדנס אנד ריווי,GB,רייויטה פת פריכה שיפ,גרמים,250.00,100 גרם,false,1,12.90,5.16,true,1,
5055966801012,false,וויסקי בושמילס אוריגינל 1 ליטר,,IE,וויסקי בושמילס אוריג,מיליליטרים,1000.00,"100 מ""ל",false,1,99.00,9.90,true,1,
5060309490679,false,דיאבלו עוגיות וניל קרם קקאו ללא סוכר 176,,,דיאבלו עוגיות וניל ק,גרמים,176.00,100 גרם,false,1,12.90,7.33,true,1,
5060309490693,false,דיאבלו עוגיות קקאו קרם וניל 176 גרם,,,דיאבלו עוגיות קקאו ק,גרמים,176.00,100 גרם,false,1,12.90,7.33,true,1,
5060402906459,false,עוגיות טוויקס קרמל 144 גרם,בורטונס,GB,עוגיות טוויקס קרמל 1,גרמים,144.00,100 גרם,false,1,12.90,8.96,true,1,
5060517886486,false,"משקה אנרגיה מונסטר אנרג'י בפחית 500 מ""ל",מונסטר אנרג'י Monster Energy,RS,מונסטר אנרגי פח 500,מיליליטרים,500.00,"100 מ""ל",false,1,6.90,1.38,true,1,
5060639128051,false,"משקה אנרגיה מונסטר אולטרה בפחית 500 מ""ל",מונסטר אנרג'י Monster Energy,RS,מונסטר ULTRA פחית 50,מיליליטרים,500.00,"100 מ""ל",false,1,6.90,1.38,true,1,
5060639129102,false,"משקה אנרגיה מונסטר אנרג'י מנגו בפחית 500 מ""ל",מונסטר אנרג'י Monster Energy,RS,Mango Loco מונסטר 50,מיליליטרים,500.00,"100 מ""ל",false,1,6.90,1.38,true,1,
5060751218173,false,"משקה אנרגיה מונסטר אנרג'י piplin punch בפחית 500 מ""ל",מונסטר אנרג'י לימטד,RS,מונסטר פייפליין פאנצ,מיליליטרים,500.00,"100 מ""ל",false,1,6.50,1.30,true,1,
5060751219033,false,"משקה אנרגיה מונסטר אנרג'י זירו paradise בפחית 500 מ""ל",מונסטר אנרג'י לימטד,RS,מונסטר אולטרה פרדייס,מיליליטרים,500.00,"100 מ""ל",false,1,6.50,1.30,true,1,
5200133120483,false,גליליות וופלים ממולא קרם וניל 400 גר,יוניליוור גרמניה Gm,GR,גליליות וופלים ממולא,גרמים,400.00,100 גרם,false,1,18.80,4.70,true,1,
5201306803400,false,זיתים מושחרים דלפי סופר ממוט 820 גרם,אינטרקום יוון,GR,זיתים מושחרים 465 גר,גרמים,465.00,100 גרם,false,1,25.90,5.57,true,1,
5201940010110,false,זיתים שחורים קלמטה וילי פוד 250 גרם,סיוארס אס.איי,GR,זיתים שחורים מזן קלמ,גרמים,454.00,100 גרם,false,1,14.90,3.28,true,1,
5202175002451,false,טורטייה- מאפה על בסי,אל סבור מקסיקן פוד,GR,"טורטיה 25 ס""מ",Unknown,0.00,Unknown,false,1,9.40,9.40,true,1,
5391500602678,false,"פחית בירה דאבל א.פי.איי אוהרס 440 מ""ל",,IE,פחית בירה דאבל א.פי.,מיליליטרים,440.00,"100 מ""ל",false,1,17.90,4.07,true,1,
5391523057929,false,סימילאק גולד שלב 1 תרכובת מזון על בסיס חלב,אבוט מעבדות רפואיות,IE,סימילאק גולד שלב 1,גרמים,700.00,100 גרם,false,1,69.90,9.99,true,1,
5391523057943,false,סימילאק גולד שלב 3 תרכובת מזון על בסיס חלב,אבוט מעבדות רפואיות,IE,סימילאק גולד שלב 3,גרמים,700.00,100 גרם,false,1,69.90,9.99,true,1,
5410126006087,false,עוגיות לוטוס ארוזות בתפזורת 700 גרם,לוטוס ביקרי נ.וי.,BE,ביסקוויט לוטוס קרמל,גרמים,700.00,100 גרם,false,1,26.90,3.84,true,1,
5410126116953,false,ממרח ביסקוויט קרמל לוטוס 400 גרם,לוטוס בייקרי בלגיה נ,BE,ממרח עוגיות לוטוס קר,גרמים,400.00,100 גרם,false,1,22.90,5.73,true,1,
5410126716016,false,"עוגיות לוטוס ביסקויט קרמל בד""צ 250 גרם",לוטוס ביקרי בלגיה,BE,ביסקויט קרמל לוטוס 2,גרמים,250.00,100 גרם,false,1,11.80,4.72,true,1,
5410228142089,false,בירה לף בלונד בקבוק330מל,אינבב.ברוורייליין1,BE,"לף בלונד 330 מ""ל",מיליליטרים,330.00,"100 מ""ל",false,1,9.20,2.79,true,1,
5410228144755,false,"בירה סטלה ארטואה שישייה בקבוק 330 מ""ל",מבשלות בירה בינלאומיות ב,IL,שישיית סטלה ארטואה,מיליליטרים,1980.00,"100 מ""ל",false,1,29.90,1.51,true,1,
5410358452027,false,הריבו ספקיז מרשמלו ורוד לבן פסים 175 גרם,,BE,הריבו ספקיז מרשמלו ו,גרמים,175.00,100 גרם,false,1,7.90,4.51,true,1,
5411188096108,false,"שמנת לבישול ע""ב סויה 250 מ""ל אלפרו",אלפרו C.V.A,BE,"שמנת לבישול ע""ב סוי",מיליליטרים,250.00,"100 מ""ל",false,1,9.90,3.96,true,1,
5411188112709,false,"משקה קוקוס אלפרו 1 ליטר משקה שקדים לל""ס",הנסיך- מפעל לייצור ט,BE,אלפרו משקה שקדים ללא,מיליליטרים,1000.00,"100 מ""ל",false,1,13.90,1.39,true,1,
5411188124689,false,משקה אלפרו שיבולת שועל ללא סוכר 1 ליטר,אלפרו C.V.A,BE,אלפרו משקה שיבולת שו,מיליליטרים,1000.00,"100 מ""ל",false,1,13.90,1.39,true,1,
5411188543398,false,משקה סויה ללא סוכר אלפרו 1 ליטר,הנסיך- מפעל לייצור ט,BE,אלפרו משקה סויה ללא,מיליליטרים,1000.00,"100 מ""ל",false,1,13.90,1.39,true,1,
5411676100874,false,"בירת ברבר בלונד 330 מ""ל",מבשלת לפבר,,בירת ברבר בלונד 330,מיליליטרים,330.00,"100 מ""ל",false,1,16.50,5.00,true,1,
5411676301356,false,"בירת ברבר בוק (כהה) 330 מ""ל",מבשלת לפבר,,בירת ברבר בוק (כהה),מיליליטרים,330.00,"100 מ""ל",false,1,16.50,5.00,true,1,
5413548280189,false,קינדר שוקו בון 1 יחידות 125 גרם,פררו - אלבה,BE,קינדר שוקובון 125 גר,גרמים,125.00,100 גרם,false,1,12.50,10.00,true,1,
5420066370032,false,טראפל בלגי מריר 150 גרם,CHOCOLATE Q,TR,טראפל בלגי מריר 150,גרמים,150.00,100 גרם,false,1,10.90,7.27,true,1,
5601007001615,false,"יין פורט פריירה רובי 750 מ""ל",,,יין פורט פריירה רובי,Unknown,0.00,Unknown,false,1,65.90,65.90,true,1,
5601010211087,false,פילה סרדין בשמן זית כתית 100 גר רמירז,רמירז אנד קה פילהאוס,PT,פילה סרדין בשמן זית,גרמים,100.00,100 גרם,false,1,14.50,14.50,true,1,
5601012002454,false,"יין מתיאוס רוזה מבעבע חצי יבש 750 מ""ל",,,יין מתיאוס רוזה מבעב,Unknown,0.00,Unknown,false,1,41.90,41.90,true,1,
5601055005375,false,פינטרולס - עדשי שוקולד בגליל שלישיה 22 גרם,פינטרולס,PT,שלישייה עדשי שוקולד,גרמים,66.00,100 גרם,false,1,9.40,14.24,true,1,
5701932026964,false,"הוטפופ גרעיני תירס להכנת פופקורן במיקרוגל בטעם טבעי, בתוספת מלח, 600 גרם",ליימן מותגים,US,הוטפופ מלוח 600 גרם,גרמים,600.00,100 גרם,false,1,14.90,2.48,true,1,
5701932026971,false,הוטפופ גרעיני תירס להכנת פופקורן במיקרוגל בטעם חמאה 600 גרם,ליימן מותגים,US,הוטפופ חמאה 600 גרם,גרמים,600.00,100 גרם,false,1,14.90,2.48,true,1,
5710840210013,false,באלי לבן סופר עדין 40גרם,סקמדינביין טובקו,DK,טבק באלי לבן 40 גרם,Unknown,0.00,Unknown,false,1,95.90,95.90,true,1,
5711953106583,false,גבינת שמנת בטעם טבעי 200 גרם ארלה,ארלה פודס אמבה,DK,גבינת שמנת טבעי ארלה,גרמים,200.00,100 גרם,false,1,12.90,6.45,true,1,
5740900403215,false,ממרח מחמאת לורפק עם מלח 250 ג',ארלה פודס אמבה,DK,ממרח לורפק עם מלח 25,גרמים,250.00,100 גרם,false,1,16.90,6.76,true,1,
5740900403222,false,ממרח לורפק חמאה עם מלח מופחת שומן 250 ג,ארלה פודס אמבה,DK,ממרח לורפק עם מלח מו,גרמים,250.00,100 גרם,false,1,16.90,6.76,true,1,
5740900403239,false,ממרח לורפק ללא תוספת מלח 250 גר,ארלה פודס אמבה,DK,ממרח לורפק ללא מלח 2,גרמים,250.00,100 גרם,false,1,16.90,6.76,true,1,
5740900403246,false,ממרח לורפק ללא תוספת מלח 500 גר,ארלה פודס אמבה,DK,ממרח לורפק ללא מלח 5,גרמים,500.00,100 גרם,false,1,27.90,5.58,true,1,
5740900403253,false,ממרח מחמאת לורפק עם מלח 500 ג',ארלה פודס אמבה,DK,ממרח לורפק עם מלח 50,גרמים,500.00,100 גרם,false,1,27.90,5.58,true,1,
5774540984056,false,אנטון ברג-מרציפן תות שדה ושמפניה 220 גר,Anthon Berg,,אנטון ברג-מרציפן תות,גרמים,220.00,100 גרם,false,1,41.90,19.05,true,1,
5774540984254,false,אנטון ברג-מרציפן משמש בברנדי 220 גר,Anthon Berg,,אנטון ברג-מרציפן משמ,גרמים,220.00,100 גרם,false,1,41.90,19.05,true,1,
5774540984452,false,אנטון ברג-מרציפן דובדבן ברום 220 גר,Anthon Berg,,אנטון ברג-מרציפן דוב,גרמים,220.00,100 גרם,false,1,41.90,19.05,true,1,
5900017062419,false,"ניוואה - תחליב רחצה ורדים ושמן שקדים 750 מ""ל",ביירסדורף,DE,תחליב רחצה ניוואה ור,מיליליטרים,750.00,"100 מ""ל",false,1,17.90,2.39,true,1,
5900020012814,false,דגנים תפוחים בטעם שוקולד נסקוויק נסטלה 500 גרם,מיוצר עי קונדיטוריית,PL,דגנים נסקוויק 500 גר,גרמים,375.00,100 גרם,false,1,24.90,6.64,true,1,
5900020015174,false,פיטנס חטיפי אנרגיה דגנים בטעם שוקולד נסטלה 6*23.5 גרם,מיוצר עי קונדיטוריית,PL,פיטנס חטיף דגנים שוק,גרמים,141.00,100 גרם,false,1,15.60,11.06,true,1,
5900020025647,false,חטיף דגנים פיטנס שוקולד חלב 135 גרם מארז 6 יחידות,מיוצר עי קונדיטוריית,PL,פיטנס בר דליס שוקולד,גרמים,135.00,100 גרם,false,1,15.60,11.56,true,1,
5900020026552,false,דגני בוקר האני נאט צ'יריוס בטעם דבש ושקדים,נסטלה צרפת איטנקורט,FR,האני נאט ציריוס מלחמ,גרמים,625.00,100 גרם,false,1,23.90,3.82,true,1,
5900020029669,false,פיטנס - חטיף דגנים פירות יער 23.50 גרם * 6,נסטלה פולין דגני בוק,PL,חטיפי דגנים פיטנס פי,גרמים,141.00,100 גרם,false,1,15.60,11.06,true,1,
5900020037916,false,דגני בוקר שיבולת שועל צ'ריוס 375ג',ג'נרל מילס סאן אדריא,PL,צריוס שיבולת שועל 37,גרמים,375.00,100 גרם,false,1,19.40,5.17,true,1,
5900627066715,false,טבליות למדיח פיניש הכל ב-1 100 יח,רקיט בנקיזר,PL,טבליות למדיח פיניש ה,יחידה,1.00,יחידה,false,1,59.90,59.90,true,1,
5901008990322,false,שימורי פטיסונים מוחמצים 860 גר POLAN,,,שימורי פטיסונים מוחמ,גרמים,860.00,100 גרם,false,1,17.70,2.06,true,1,
5901008990407,false,שימורי מלפפונים מוחמצים 860 גר POLAN,,,שימורי מלפפונים מוחמ,גרמים,860.00,100 גרם,false,1,16.90,1.97,true,1,
5901008990421,false,שימורי עגבניות שרי כבושות 880 גר POLAN,,PL,שימורי עגבניות שרי כ,גרמים,880.00,100 גרם,false,1,17.70,2.01,true,1,
5901008990452,false,כרוב כבוש 900 גר POLAN,,,כרוב כבוש 900 גר POL,גרמים,900.00,100 גרם,false,1,13.90,1.54,true,1,
5901008990599,false,מלפפונים קורנישונים מוחמצים 860 גר POLAN,,,מלפפונים קורנישונים,גרמים,860.00,100 גרם,false,1,18.80,2.19,true,1,
5901064761805,false,"שיכר פטל 750 מ""ל NALEWKA BABUNI",וינפוד,,"שיכר פטל 750 מ""ל NAL",מיליליטרים,750.00,"100 מ""ל",false,1,30.90,4.12,true,1,
5901064761911,false,"שיכר אוכמניות 750 מ""ל NALEWKA BABUNI",וינפוד,,"שיכר אוכמניות 750 מ""",מיליליטרים,750.00,"100 מ""ל",false,1,30.90,4.12,true,1,
5902198160403,false,XL משקה אנרגיה מוגז ללא סוכר עד 10 קלוריות לפחית 250 מל,"טמפו משקאות בע""\מ",IL,XL TEN משקה אנרגיה,מיליליטרים,250.00,"100 מ""ל",false,1,4.30,1.72,true,1,
5902377000629,false,ממרח על בסיס גבינה מותכת פטריות 100 גר,KOROVKINO,,ממרח על בסיס גבינה מ,גרמים,100.00,100 גרם,false,1,4.90,4.90,true,1,
5902377000650,false,ממרח על בסיס גבינה מותכת סלמון 100 גר,KOROVKINO,,ממרח על בסיס גבינה מ,גרמים,100.00,100 גרם,false,1,4.90,4.90,true,1,
5904603190302,false,סלט כרוב כבוש 850 גר *DWOREK*,דבורק,,סלט כרוב כבוש 850,גרמים,850.00,100 גרם,false,1,11.90,1.40,true,1,
5906485301012,false,"משקה אנרגיה XL פחית 250 מ""ל","טמפו משקאות בע""מ",IL,משקה אנרגיה XL פחית,מיליליטרים,250.00,"100 מ""ל",false,1,4.30,1.72,true,1,
5942219000059,false,מים מינרלים בורסק 1.5 ליטר,,,מים מינרלים בורסק,ליטרים,0.00,ליטר,false,1,9.90,9.90,true,1,
5998710131877,false,בונבונטי חטיף דובדבן בשוקולד 36 גרם,,HU,בונבונטי חטיף דובדבן,גרמים,36.00,100 גרם,false,1,3.90,10.83,true,1,
5998711388928,false,טוק קרקרים עם גבינה 100 גרם,,HU,טוק קרקרים עם גבינה,גרמים,100.00,100 גרם,false,1,7.30,7.30,true,1,
5998749104392,false,פדיגרי דנטאסטיקס כלב מדיום 77 גרם (3 יח') BP35C,מארס,HU,פדיגרי דנטהסטיקס18X7,גרמים,77.00,100 גרם,false,1,7.90,10.26,true,1,
5999076223619,false,חטיף חלבון זירו בר שוקולד קרמל 50 גרם,,,חטיף חלבון זירו בר ש,גרמים,50.00,100 גרם,false,1,14.90,29.80,true,1,
6001030003126,false,"וולינטון - רוטב ווסטרשייר 250מ""ל",היינץ פודס,,רוטב ולינגטונס ווסטר,גרמים,250.00,100 גרם,false,1,18.80,7.52,true,1,
6111094000808,false,"קוסקוס דארי בינוני תומר 1 ק""ג + 10% תוספת",דארי קוספטה אל-זהרה,MA,קוסקוס דארי 1 קג + 1,קילוגרמים,0.00,"ק""ג",false,1,18.50,18.50,true,1,
6111094002123,false,דארי אטריות דקות תוספת 10% 550 גרם,דארי,MA,דארי אטריות דקות תוס,גרמים,550.00,100 גרם,false,1,9.50,1.73,true,1,
6297000361154,false,סילאן תמרים אורגני 470 גרם - טעם 88,,,סילאן תמרים אורגני 4,גרמים,470.00,100 גרם,false,1,13.90,2.96,true,1,
6910191800287,false,אצות נורי בלו 10 דף (ננגטונג),ננטונג היידה אקווטוק,CN,אצות נורי בלו 10 דפי,Unknown,0.00,Unknown,false,1,12.50,12.50,true,1,
6957763801518,false,סאיירה במיץ טבעי 425 גרם,,UA,סאיירה במיץ טבעי 425,גרמים,425.00,100 גרם,false,1,13.50,3.18,true,1,
6957763801525,false,סאיירה בשמן צמחי 425 גרם,,UA,סאיירה בשמן צמחי 425,גרמים,425.00,100 גרם,false,1,13.50,3.18,true,1,
7290000000157,false,שום טרי עלים חתוך,ביכורי השקמה,,גינגיר,Unknown,0.00,"ק""ג",true,0,23.90,23.90,true,1,
7290000000374,false,"פטריות שמפיניון בד""ץ (רביבים)",חוות השמפיניון,IL,פטריות,Unknown,0.00,Unknown,false,1,10.90,10.90,true,1,
7290000000603,false,תמרים מגהול כחול 5 ק,,,בצל ירוק,Unknown,0.00,Unknown,false,1,4.90,4.90,true,1,
7290000000608,false,פחית שתיה קרה,קרלברג ייצור ושיווק,,חסה ערבית,Unknown,0.00,Unknown,false,1,2.99,2.99,true,1,
7290000000617,false,שורש -פטרוזילה,,,שורש -פטרוזילה,Unknown,0.00,Unknown,false,1,2.99,2.99,true,1,
7290000000626,false,ברוקולי ארוז במגשית,,,ברוקולי,Unknown,0.00,Unknown,false,1,6.85,6.85,true,1,
7290000000636,false,תירס ארוז,,,תירס ארוז,Unknown,0.00,"ק""ג",true,0,12.90,12.90,true,1,
7290000000664,false,תות שדה,קרלברג ייצור ושיווק,,תות שדה,Unknown,0.00,Unknown,false,0,7.99,7.99,true,1,
7290000000669,false,חסה עגולה,,,חסה עגולה,Unknown,0.00,Unknown,false,1,2.99,2.99,true,1,
7290000000751,false,שום ברשת,,,שום ברשת,Unknown,0.00,Unknown,false,1,9.90,9.90,true,1,
7290000001104,false,פטריות חורש מיני ארוז 200 ג',"מרינה פטריות הגליל בע""מ",IL,פטריות פרטובלה,Unknown,0.00,Unknown,false,1,14.99,14.99,true,1,
7290000040042,false,יופלה יוגורט תות %3 גביע 150 גרם,תנובה חלב,IL,יופלה תות 3% 150 גרם,גרמים,150.00,100 גרם,false,1,5.00,3.33,true,1,
7290000040066,false,יופלה יוגורט דובדבן %3 גביע 150 גרם,תנובה מרכז שיתופי לש,IL,יופלה דובדבן 3% 150,גרמים,150.00,100 גרם,false,1,5.00,3.33,true,1,
7290000040080,false,יופלה יוגורט אפרסק %3 גביע 150 גרם,תנובה חלב,IL,יופלה אפרסק 3% 150 ג,גרמים,150.00,100 גרם,false,1,5.00,3.33,true,1,
7290000040462,false,טוסטי גבינה בסגנון אמריקאי אדם 23% תנובה 200 גרם,תנובה מרכז שיתופי לש,IL,טוסטי עמק אמריקאי אד,גרמים,200.00,100 גרם,false,1,20.90,10.45,true,1,
7290000040974,false,חלב דל לקטוז 2% תנובה קרטון 1 ליטר,תנובה מרכז שיתופי לש,IL,חלב טרי דל לקטוז 1 ל,מיליליטרים,1000.00,"100 מ""ל",false,1,6.80,0.68,true,1,
7290000041452,false,קוטג תנובה גביע 250 גרם 9% בדצ,תנובה מרכז שיתופי לש,IL,קוטג מהדרין 9% 250,גרמים,250.00,100 גרם,false,1,5.70,2.28,true,1,
7290000041858,false,"שמנת חמוצה 15% מועשרת יטבתה 200 מ""ל",שטראוס גרופ,IL,שמנת חמוצה 15% 200 מ,מיליליטרים,200.00,"100 מ""ל",false,1,2.40,1.20,true,1,
7290000042404,false,חלב 3% בשקית יטבתה 1 ליטר מהדרין,שטראוס גרופ,IL,חלב מועשר 1ל 3% בשקי,מיליליטרים,1000.00,"100 מ""ל",false,1,6.20,0.62,true,1,
7290000042435,false,חלב דל שומן בקרטון+פקק תנובה 1 ליטר,תנובה מרכז שיתופי לש,IL,חלב דל שומן בקרטון,מיליליטרים,1000.00,"100 מ""ל",false,1,5.59,0.56,true,1,
7290000042855,false,"שוקו בשקית 250 מ""ל ""יטבתה""",שטראוס גרופ,IL,"שוקו שקית 225 מ""ל",מיליליטרים,225.00,"100 מ""ל",false,1,2.70,1.20,true,1,
7290000043814,false,השף הלבן שמנת להקצפה 38% שומן 250 מל - מוצר בפיקוח,תנובה מרכז שיתופי לש,IL,שמנת עמידה להקצפה 38,גרמים,250.00,100 גרם,false,1,6.18,2.47,true,1,
7290000043890,false,תנובה רויון לבן מחלב מפסוטר 1.5%,תנובה מרכז שיתופי לש,IL,רויון 1.5% 1 ליטר,מיליליטרים,1000.00,"100 מ""ל",false,1,11.90,1.19,true,1,
7290000043944,false,כד יוגורט תנובה 4% שומן 1.5 ליטר,מיוצר עי קונדיטוריית,IL,יוגורט 4% 1.5 ליטר,ליטרים,0.00,ליטר,false,1,17.50,17.50,true,1,
7290000044248,false,"רויון קרטון 1.5% שומן 500 מ""ל תנובה",תנובה חלב,IL,"שלי רוויון 500 מ""ל",גרמים,500.00,100 גרם,false,1,6.50,1.30,true,1,
7290000044880,false,באדי יוגורט תות 3% שומן 500 ג' תנובה,מיוצר עי קונדיטוריית,IL,"באדי תות 3% 500 מ""ל",גרמים,500.00,100 גרם,false,1,9.90,1.98,true,1,
7290000045580,false,גבינה מותכת נעמה חורש תנובה 240 גרם,תנובה מרכז שיתופי לש,IL,גבינה מותכת חורש 240,גרמים,240.00,100 גרם,false,1,16.90,7.04,true,1,
7290000047546,false,השף הלבן כנען גבינה לבנה דלת נתרן 5% תנובה 500 גרם,תנובה מרכז שיתופי לש,IL,גבינת כנען 5% 500 גר,גרמים,500.00,100 גרם,false,1,24.90,4.98,true,1,
7290000047942,false,**תנובה גבינה לבנה מהדרין 9% 250ג,תנובה מרכז שיתופי לש,IL,גבינה לבנה 5% 250 גר,גרמים,250.00,100 גרם,false,1,4.75,1.90,true,1,
7290000048185,false,גבינה לבנה 5% תנובה 250 גרם מהדרין,מיוצר עי קונדיטוריית,IL,גבינה לבנה 5% 250 גר,גרמים,250.00,100 גרם,false,1,4.75,1.90,true,1,
7290000048192,false,גבינה לבנה 9% תנובה 250 גרם מהדרין,מחלבת אלון תבור,IL,גבינה למריחה 9% 250,גרמים,250.00,100 גרם,false,1,4.75,1.90,true,1,
7290000048307,false,גבינת קוטג' עם זיתים 5% תנובה 250 גרם,מיוצר עי קונדיטוריית,IL,גבינת קוטג 5%,גרמים,250.00,100 גרם,false,1,5.70,2.28,true,1,
7290000050454,false,יוגורט יופלה אפרסק 3% שומן 500 גרם,מיוצר עי קונדיטוריית,IL,יופלה אפרסק 3% 500 ג,גרמים,500.00,100 גרם,false,1,14.90,2.98,true,1,
7290000051352,false,חלב מלא בטעם של פעם 3.4% תנובה קרטון 1 ל',תנובה מרכז שיתופי לש,IL,חלב של פעם 3.5% 1 ל,מיליליטרים,1000.00,"100 מ""ל",false,1,7.90,0.79,true,1,
7290000052311,false,גבינה צהובה עמק לייט 15% שומן 200 גרם,תנובה מרכז שיתופי לש,IL,עמק פרוס בקופסא 200,גרמים,200.00,100 גרם,false,1,16.90,8.45,true,1,
7290000052649,false,גבינת לאבנה 5% שומן 500 ג' פיראוס,תנובה מרכז שיתופי לש,IL,פיראוס לאבנה גביע 50,גרמים,500.00,100 גרם,false,1,20.90,4.18,true,1,
7290000055015,false,פיראוס גבינת פטה כבשים 5% תנובה 250 גרם,תנובה מרכז שיתופי לש,IL,פיראוס פטה כבשים 5%,גרמים,250.00,100 גרם,false,1,26.80,10.72,true,1,
7290000055329,false,"משקה בוקר יוגורט 1.5% בטעם תות מלון יופלה 250 מ""ל",תנובה מרכז שיתופי לש,IL,משקה יוגורט יופלה בט,גרמים,250.00,100 גרם,false,1,5.40,2.16,true,1,
7290000055336,false,"משקה יוגורט 1.5% בטעם בננה אפרסק יופלה 250 מ""ל",תנובה מרכז שיתופי לש,IL,משקה יוגורט יופלה בט,גרמים,250.00,100 גרם,false,1,5.90,2.36,true,1,
7290000055343,false,משקה יוגורט יופלה פירות טרופיים 250 גרם,תנובה מרכז שיתופי לש,IL,משקה יוגורט יופלה בט,גרמים,250.00,100 גרם,false,1,5.90,2.36,true,1,
7290000055350,false,גבינה צהובה חריץ עמק 28% במשקל,תנובה מרכז שיתופי לש,IL,גבינה צהובה עמק 28%,Unknown,0.00,"ק""ג",true,0,42.70,42.70,true,1,
7290000055893,false,חמאה משמנת מפוסטרת 200גרם 82% כ.מהדרין - מוצר בפיקוח,תנובה מרכז שיתופי לש,IL,חמאה מהדרין 200 גר,גרמים,200.00,100 גרם,false,1,8.70,4.35,true,1,
7290000056081,false,מארז יוגורט פרילי טבע 6*200 גרם,מיוצר עי קונדיטוריית,IL,מאגדת פרילי טבע 25%,גרמים,200.00,100 גרם,false,1,25.90,12.95,true,1,
7290000056845,false,תנובה חלב טרי 3% שומן 1.5 ליטר - מוצר בפיקוח,פארייפאבה אגרואינדוס,IL,חלב קרטון 3% תנובה,ליטרים,0.00,ליטר,false,1,8.90,8.90,true,1,
7290000056951,false,"תנובה, השף הלבן, שמנת לבישול 15% שומן 500 מל",תנובה מרכז שיתופי לש,IL,שמנת 15% באריזה עם פ,מיליליטרים,500.00,"100 מ""ל",false,1,15.60,3.12,true,1,
7290000057088,false,עמק גבינה צהובה פרוסה דק דק 28% תנובה 200 גרם,תנובה מרכז שיתופי לש,IL,עמק דק 200 גרם,גרמים,200.00,100 גרם,false,1,17.90,8.95,true,1,
7290000057118,false,גבינה צהובה עמק 28% שומן ואקום 400 גרם,תנובה מרכז שיתופי לש,IL,גבינה סמי 28% 400 גר,גרמים,400.00,100 גרם,false,1,19.80,4.95,true,1,
7290000057132,false,יוגורט תנובה טבעי 1.5% גביע 200 גרם,מחלבת אלון תבור,IL,יוגורט 1.5% 200 גרם,גרמים,200.00,100 גרם,false,1,3.00,1.50,true,1,
7290000058030,false,"שמיניית יופלה שטוזים משקה יוגורט תות 100 מ""ל",מיוצר עי קונדיטוריית,IL,משקה יופלה שטוזים,מיליליטרים,800.00,"100 מ""ל",false,1,21.90,2.74,true,1,
7290000058047,false,שמנת להקצפה 38% 500מל מהדרין עמיד השף הלבן,תנובה מרכז שיתופי לש,IL,שמנת 38% עם פקק 500,מיליליטרים,500.00,"100 מ""ל",false,1,12.36,2.47,true,1,
7290000060200,false,פסטה אסם פתיתים אפויים קוסקוס 500גר,"אסם תעשיות בע""מ",IL,פתיתים אפויים קוסקוס,גרמים,500.00,100 גרם,false,1,6.70,1.34,true,1,
7290000060217,false,פסטה מקרוני מספר 7 אסם 500 גרם,קריות זול,IT,פסטה מקרוני מס 7 500,גרמים,500.00,100 גרם,false,1,5.70,1.14,true,1,
7290000060248,false,פסטה אסם פתיתים תלתלים 500 גר',קריות זול,IT,פסטה תלתלים (61) 500,גרמים,500.00,100 גרם,false,1,5.70,1.14,true,1,
7290000060316,false,פרפקטו ספגטי מס' 8 אסם 500 גרם,אסם פרפקטו,IT,פסטה ספגטי פרפקטו 50,גרמים,500.00,100 גרם,false,1,7.90,1.58,true,1,
7290000060408,false,פסטה אסם פתיתים אפויים טבעות 500 גר,"אסם השקעות בע""\מ",IL,פתיתים אפויים טבעות,גרמים,500.00,100 גרם,false,1,6.70,1.34,true,1,
7290000060415,false,"פסטה פרפקטו לאזניה 500 ג' ""אסם""",אסם פרפקטו,IT,פרפקטו לזניה 500 גרם,גרמים,500.00,100 גרם,false,1,14.40,2.88,true,1,
7290000060781,false,פסטה אסם פתיתים מסולסלים 500גר,קריות זול,IT,פסטה מסולסלים (57) 5,גרמים,500.00,100 גרם,false,1,5.70,1.14,true,1,
7290000060828,false,פסטה קרניים בינוניות אסם 500 גרם,קריות זול,IT,פסטה קרניים בינוניות,גרמים,500.00,100 גרם,false,1,5.70,1.14,true,1,
7290000060842,false,פסטה אסם פתיתים צדפים גדולים 500גר,קריות זול,IT,פסטה צדפים גדולים (5,גרמים,500.00,100 גרם,false,1,5.70,1.14,true,1,
7290000060880,false,פסטה ספגטי מספר 8 אסם 500 גרם,קריות זול,IT,ספגטי (3) 500 גרם,גרמים,500.00,100 גרם,false,1,5.70,1.14,true,1,
7290000060903,false,פסטה אסם פתיתים אפויים אורז 500גר,"אסם השקעות בע""\מ",IL,פתיתים אפויים אורז 5,גרמים,500.00,100 גרם,false,1,6.70,1.34,true,1,
7290000060958,false,פסטה אסם אטריות בינוניות 400 גרם,"אסם השקעות בע""\מ",IL,אטריות בינוניות 400,גרמים,400.00,100 גרם,false,1,4.90,1.23,true,1,
7290000060965,false,פסטה אסם אטריות רחבות 400גר,"אסם השקעות בע""\מ",IL,אטריות רחבות 400 גר,גרמים,400.00,100 גרם,false,1,4.90,1.23,true,1,
7290000061061,false,קרקר חיטה עם בצל אסם,"אסם השקעות בע""\מ",IL,קרקר בצל 250 גרם,גרמים,250.00,100 גרם,false,1,9.90,3.96,true,1,
7290000061108,false,"רוטב טריאקי 290 מ""ל-בקבוק","אסם השקעות בע""\מ",IL,"רוטב טריאקי 290 מ""ל-",מיליליטרים,290.00,"100 מ""ל",false,1,12.50,4.31,true,1,
7290000061214,false,פתיתים אפויים קוסקוס עם בצל אסם 500 גרם,"אסם השקעות בע""\מ",IL,פתיתים קוסקוס עם בצל,גרמים,500.00,100 גרם,false,1,6.90,1.38,true,1,
7290000061764,false,קפה נמס מגורען רד מאג 200 גרם,נסטלה ספרד קפה,ES,נס קפה רד מאג 200 גר,גרמים,200.00,100 גרם,false,1,20.90,10.45,true,1,
7290000062242,false,דובונים חטיף תפוחי אדמה בטעם שמנת בצל אסם 40 גרם,"אסם השקעות בע""\מ",IL,"דובונים חטיף תפו""א ש",גרמים,40.00,100 גרם,false,1,4.30,10.75,true,1,
7290000062952,false,אוסם - מיני קרוטונים למרק ולסלט 250 גרם,עינת תעשיות מזון אגו,IL,מיני קרוטונים למרק ו,גרמים,250.00,100 גרם,false,1,13.90,5.56,true,1,
7290000063102,false,קמח עוגה תופח מאליו אסם 350 גרם,"אסם השקעות בע""\מ",IL,קמח עוגה תופח מאליו,גרמים,350.00,100 גרם,false,1,4.70,1.34,true,1,
7290000063140,false,שקדי מרק רכיבים טבעיים בשקית 400 ג' אסם,"אסם תעשיות בע""מ",IL,שקדי מרק 400 גרם -שק,גרמים,400.00,100 גרם,false,1,10.00,2.50,true,1,
7290000063157,false,"קמח עוגה תופח מאליו אסם 1 ק""ג","אסם השקעות בע""\מ",IL,קמח עוגה תופח מאליו,גרמים,1000.00,100 גרם,false,1,7.90,0.79,true,1,
7290000064758,false,קוסקוס בינוני אמיתי אסם 350 ג',"מיוצר ע""י קוד יצרן K",IL,קוסקוס אמיתי בשקית 3,גרמים,350.00,100 גרם,false,1,7.70,2.20,true,1,
7290000066141,false,ביסלי חטיף בטעם גריל אסם 70 גרם,"אסם השקעות בע""\מ",IL,ביסלי בטעם גריל 70 ג,גרמים,70.00,100 גרם,false,1,4.20,6.00,true,1,
7290000066196,false,ביסלי חטיף בטעם גריל אסם 200 גרם,מיוצר עי קונדיטוריית,IL,ביסלי בטעם גריל 200,גרמים,200.00,100 גרם,false,1,7.50,3.75,true,1,
7290000066226,false,ביסלי חטיף בטעם פיצה אסם 200 גרם,מיוצר עי קונדיטוריית,IL,ביסלי בטעם פיצה 200,גרמים,200.00,100 גרם,false,1,7.50,3.75,true,1,
7290000066264,false,דובונים חטיף תפוחי אדמה אסם 40 גרם,"אסם השקעות בע""\מ",IL,"דובונים חטיף תפו""א 4",גרמים,40.00,100 גרם,false,1,4.30,10.75,true,1,
7290000066295,false,במבה מתוקה מחומרים טבעיים 30 גרם,מיוצר עי קונדיטוריית,IL,במבה תות מחומרים טבע,גרמים,30.00,100 גרם,false,1,3.10,10.33,true,1,
7290000066318,false,במבה חטיף בוטנים אסם 80 גרם,"אסם השקעות בע""\מ",IL,במבה 80 גרם,גרמים,80.00,100 גרם,false,1,4.30,5.38,true,1,
7290000066332,false,אפרופו חטיף תירס אסם 50 גרם,מיוצר עי קונדיטוריית,IL,חטיף אפרופו 50 גרם,גרמים,50.00,100 גרם,false,1,5.00,10.00,true,1,
7290000066349,false,אפרופו חטיף תירס אסם 100 גרם,מיוצר עי קונדיטוריית,IL,חטיף אפרופו 100 גרם,גרמים,100.00,100 גרם,false,1,8.70,8.70,true,1,
7290000066431,false,פופקו חטיף פופקורן בטעם חמאה ודבש אסם 80 גרם,מיוצר עי קונדיטוריית,IL,פופקו חטיף תירס בטעם,גרמים,80.00,100 גרם,false,1,5.20,6.50,true,1,
7290000067544,false,פירורית זהב פירורי לחם אסם 200 גרם,עינת תעשיות מזון אגו,IL,פירורית זהב 200 גרם,גרמים,200.00,100 גרם,false,1,6.40,3.20,true,1,
7290000068701,false,אסם שקדי מרק רכיבים טבע.מיכל 400 גרם,"אסם תעשיות בע""מ",IL,שקדי מרק רכיבים טבעי,גרמים,400.00,100 גרם,false,1,15.90,3.98,true,1,
7290000068770,false,במבה יום הולדת חטיף בוטנים אסם 80 גרם,"אסם השקעות בע""\מ",IL,במבה יום הולדת 80 גר,גרמים,80.00,100 גרם,false,1,4.30,5.38,true,1,
7290000070308,false,אבקת מרק עוף אמיתי בשרי אסם 400 גרם,"אסם השקעות בע""\מ",IL,אבקת מרק עוף אמיתי,גרמים,400.00,100 גרם,false,1,18.70,4.68,true,1,
7290000071008,false,אוסם - בייגלה שטוחים מלח 60 גרם,"אסם השקעות בע""\מ",IL,בייגלה שטוחים עם מלח,גרמים,60.00,100 גרם,false,1,3.70,6.17,true,1,
7290000072623,false,קטשופ אסם בקבוק לחיץ 750 גרם,"אסם תעשיות בע""מ",IL,קטשופ אסם בקבוק לחיץ,גרמים,750.00,100 גרם,false,1,8.90,1.19,true,1,
7290000072753,false,קפה נמס מגורען טסטרס צ'ויס 200 גרם-,נסטלה קוריאה - קפה,KR,נסקפה טייסטרס צויס,גרמים,200.00,100 גרם,false,1,28.90,14.45,true,1,
7290000072760,false,נסקפה טייסטרס צויס 100 גר אוריגנל,נסטלה קוריאה - קפה,KR,נסקפה טייסטרס צויס,גרמים,100.00,100 גרם,false,1,23.90,23.90,true,1,
7290000072784,false,קפה טייסטר צויס נטול קופאין 100 גר',נסטלה קוריאה - קפה,KR,נסקפה טייסטרס צויס,גרמים,100.00,100 גרם,false,1,27.90,27.90,true,1,
7290000072968,false,דגני בוקר סיני מיניס חיטה מלאה וקינמון נסטלה 500 גרם,נסטלה פולין דגני בוק,PL,דגנים סיני מיניס מלח,גרמים,375.00,100 גרם,false,1,23.90,6.37,true,1,
7290000073125,false,מנה חמה פסטה ברוטב עגבניות אסם 62 גרם,"אסם השקעות בע""\מ",IL,מנה חמה פסטה עם עגבנ,גרמים,62.00,100 גרם,false,1,7.30,11.77,true,1,
7290000073750,false,מנה חמה נודלס אטר+ירקות טעם עוף 70 גרם,PUB FOODS PRESIDENT THAI,TH,מנה חמה נודלס אטר+יר,גרמים,70.00,100 גרם,false,1,5.70,8.14,true,1,
7290000074153,false,ביסקוויט פתי בר שוקולד אסם 500 גרם,מיוצר עי קונדיטוריית,IL,פתי בר שוקו 500 גרם,גרמים,500.00,100 גרם,false,1,13.90,2.78,true,1,
7290000074184,false,ביסקוויט פתי בר אסם 500 גרם,"אסם השקעות בע""\מ",IL,פתי בר וניל 500 גרם,גרמים,500.00,100 גרם,false,1,10.90,2.18,true,1,
7290000074245,false,אוסם - קרם קרקר אסם 250 גרם,"אסם השקעות בע""\מ",IL,קרם קרקר 250 גרם,גרמים,250.00,100 גרם,false,1,9.80,3.92,true,1,
7290000074375,false,אוסם - קרקר זהב 150 גרם,"אסם השקעות בע""\מ",IL,קרקר זהב 150 גרם,גרמים,150.00,100 גרם,false,1,6.90,4.60,true,1,
7290000074696,false,אסם קרם קרקר 4*1קג ח,"אסם השקעות בע""\מ",IL,"קרם קרקר 1 ק""ג",גרמים,1000.00,100 גרם,false,1,28.50,2.85,true,1,
7290000075693,false,עוגת הבית שמרים בריוש שוקולד אסם 360 גרם,מיוצר עי קונדיטוריית,IL,עוגת שמרים שוקולד 36,גרמים,360.00,100 גרם,false,1,15.60,4.33,true,1,
7290000076126,false,אוסם - בייגלה שמיניות קטנות 80 גרם,"אסם השקעות בע""\מ",IL,בייגלה שמיניות קטנות,גרמים,80.00,100 גרם,false,1,3.70,4.63,true,1,
7290000076133,false,בייגלה שמיניות קטנות עם מלח אסם 400 גרם,"אסם השקעות בע""\מ",IL,בייגלה שמיניות קטנות,גרמים,400.00,100 גרם,false,1,9.90,2.48,true,1,
7290000077253,false,אוסם - לחמית כפרית עם דגנים מלאים 190 גרם,"אסם השקעות בע""\מ",IL,לחמית כפרית 190 גרם,גרמים,190.00,100 גרם,false,1,6.90,3.63,true,1,
7290000080758,false,אוסם - טוסטעים פת קלוי 100 גרם,ון דר מולן האלום,NL,טוסטעים פת קלויה 100,גרמים,100.00,100 גרם,false,1,10.50,10.50,true,1,
7290000081663,false,"בייגלה טבעות שומשום אסם 300 גרם בד""ץ",מיוצר עי קונדיטוריית,IL,בייגלה טבעות עם שומש,גרמים,300.00,100 גרם,false,1,9.90,3.30,true,1,
7290000100135,false,פירות קפואים סנפרוסט דובדבן 300 גר,"סנפרוסט בע""מ",IL,פירות קפואים דובדבן,גרמים,300.00,100 גרם,false,1,15.90,5.30,true,1,
7290000100609,false,קוביות אנטיפסטי להקפצה סנפרוסט 600 גרם,"סנפרוסט בע""\מ",IL,קוביות אנטיפסטי להקפ,גרמים,600.00,100 גרם,false,0,27.50,4.58,true,1,
7290000101927,false,אוכמניות כחולות מוקפאות סנפרוסט 300 גרם,"איי, בי, אינבוו",IL,אוכמניות כחולות מוקפ,גרמים,300.00,100 גרם,false,1,17.90,5.97,true,1,
7290000101941,false,אננס חתוך מוקפא סנפרוסט 300ג',"סנפרוסט בע""\מ",IL,אננס מוקפא סנפרוסט,גרמים,300.00,100 גרם,false,1,17.90,5.97,true,1,
7290000101958,false,מנגו חתוך מוקפא סנפרוסט 300ג',"סנפרוסט בע""\מ",IL,מנגו מוקפא סנפרוסט,גרמים,300.00,100 גרם,false,1,17.90,5.97,true,1,
7290000103433,false,"לקט ירקות לתנור 800 גרם ""סנפרוסט""","איי, בי, אינבוו",IL,לקט ירקות סנפרוסט לת,גרמים,800.00,100 גרם,false,1,22.90,2.86,true,1,
7290000103457,false,"מיני כרובית 600 גרם ""סנפרוסט""","סנפרוסט בע""\מ",IL,מיני כרובית סנפרוסט,גרמים,600.00,100 גרם,false,1,16.70,2.78,true,1,
7290000103471,false,מיני ברוקולי סנפרוסט 600 גרם,"סנפרוסט בע""\מ",IL,מיני ברוקולי 600 גר,גרמים,600.00,100 גרם,false,1,16.70,2.78,true,1,
7290000103730,false,לקט להקפצה עם פסטה פוזילי סנפרוסט 800 גרם,"איי, בי, אינבוו",IL,לקט להקפצה עם פסטה פ,גרמים,800.00,100 גרם,false,1,23.90,2.99,true,1,
7290000103815,false,לקט להקפצה בסגנון תאילנדי סנפרוסט 800 גרם,"סנפרוסט בע""\מ",IL,לקט להקפצה בסגנון תא,גרמים,800.00,100 גרם,false,1,23.90,2.99,true,1,
7290000104201,false,אפונה עדינה סנפרוסט 600 גרם,"איי, בי, אינבוו",IL,אפונה עדינה 600 גר,גרמים,600.00,100 גרם,false,1,12.90,2.15,true,1,
7290000104218,false,סנפרוסט במיה 600 גרם,"איי, בי, אינבוו",IL,במיה 600 גר סנפרוסט,גרמים,600.00,100 גרם,false,1,19.80,3.30,true,1,
7290000104676,false,אפונה קפואה סנפרוסט 800 גרם,"איי, בי, אינבוו",IL,אפונת גינה 800 גרם,גרמים,800.00,100 גרם,false,1,16.90,2.11,true,1,
7290000104683,false,שעועית ירוקה שלמה סנפרוסט 800 גרם,"סנפרוסט בע""\מ",IL,שעועית ירוקה שלמה,גרמים,800.00,100 גרם,false,1,19.90,2.49,true,1,
7290000104706,false,גזר גמדי סנפרוסט 800 גרם,"סנפרוסט בע""\מ",IL,גזר גמדי 800 גרם,גרמים,800.00,100 גרם,false,1,11.40,1.43,true,1,
7290000104737,false,שעועית צהובה חתוכה סנפרוסט 800 גרם,"סנפרוסט בע""\מ",IL,שעועית צהובה חתוכה,גרמים,800.00,100 גרם,false,1,18.70,2.34,true,1,
7290000104744,false,כרובית סנפרוסט 800 גרם,"סנפרוסט בע""\מ",IL,כרובית 800גר סנפרוסט,גרמים,800.00,100 גרם,false,1,20.80,2.60,true,1,
7290000104751,false,"כרוב ניצנים 800 גרם ""סנפרוסט""","איי, בי, אינבוו",IL,כרוב ניצנים 800 גר,גרמים,800.00,100 גרם,false,1,23.90,2.99,true,1,
7290000104799,false,שעועית לבנה מבושלת סנפרוסט 800 גרם,"איי, בי, אינבוו",IL,שעועית לבנה 800 גרם,גרמים,800.00,100 גרם,false,1,18.90,2.36,true,1,
7290000104836,false,שעועית ירוקה עדינה שלמה סנפרוסט 600 גרם,"סנפרוסט בע""\מ",IL,שעועית עדינה שלמה 60,גרמים,600.00,100 גרם,false,1,20.90,3.48,true,1,
7290000104874,false,ירקות לקוסקוס של אמא סנפרוסט 800ג',"סנפרוסט בע""\מ",IL,לקט לקוסקוס 800גר סנ,גרמים,800.00,100 גרם,false,1,22.90,2.86,true,1,
7290000104904,false,לקט ירקות מעורבים סנפרוסט 800 גרם,"איי, בי, אינבוו",IL,ירקות מעורבים 800גר-,גרמים,800.00,100 גרם,false,1,22.90,2.86,true,1,
7290000104911,false,לקט נורמנדי סנפרוסט 800 גרם,"איי, בי, אינבוו",IL,לקט נורמנדי 800 גרם,גרמים,800.00,100 גרם,false,1,22.90,2.86,true,1,
7290000107189,false,תחתיות ארטישוק סנפרוסט 400 גרם,"איי, בי, אינבוו",IL,תחתיות ארטישוק 400 ג,גרמים,400.00,100 גרם,false,1,20.90,5.23,true,1,
7290000110844,false,"כיפלי בטעם גריל 70 גרם-בד""ץ",יוניליור ישראל מזון,IL,"כפלי גריל בד""צ 70 גר",גרמים,70.00,100 גרם,false,1,5.90,8.43,true,1,
7290000110851,false,חטיף כיפלי בטעם בצל 70גר,אתר שפע - Food,IL,"כפלי בצל בד""צ 70 גרם",גרמים,70.00,100 גרם,false,1,5.90,8.43,true,1,
7290000111117,false,מרכך כביסה לבן בדין 4 ליטר,יוניליור ישראל טיפוח איש,IL,בדין לבן 4 ליטר -לבן,ליטרים,0.00,ליטר,false,1,19.90,19.90,true,1,
7290000111186,false,"מיונז אמיתי תלמה 500 גרם בד""צ",יוניליוור ישראל מזון בע\,IL,מיונז תלמה 500 גרם-צ,גרמים,500.00,100 גרם,false,1,9.90,1.98,true,1,
7290000111353,false,"מיונז אמיתי תלמה 1 ק""ג",יוניליוור ישראל מזון בע\,IL,"מיונז 1 ק""ג-צנצנת",גרמים,1000.00,100 גרם,false,1,16.90,1.69,true,1,
7290000112619,false,מרק עוף לתיבול והעשרה קנור 400 ג',יוניליוור ישראל מזון בע\,IL,אבקת מרק עוף קנור,גרמים,400.00,100 גרם,false,1,14.90,3.73,true,1,
7290000117171,false,מרק טעם עוף דל קלוריות 48 גרם-קופסא,יוניליוור ישראל מזון,IL,מרק טעם עוף דל קלורי,גרמים,48.00,100 גרם,false,1,9.00,18.75,true,1,
7290000117720,false,נמס בכוס פטריות קנור 21.5 גרם מארז זוגי,יוניליוור ישראל מזון בע\,IL,מרק נמס בכוס פטריות,גרמים,43.00,100 גרם,false,1,6.50,15.12,true,1,
7290000120836,false,"מיונז אמיתי 394 גרם ""הלמנס""",קונפקו אינק' די.בי.א,CA,מיונז הלמנס 394 גרם,גרמים,433.00,100 גרם,false,1,10.00,2.31,true,1,
7290000120874,false,מיונז הלמנס לייט מופחת קלוריות 424ג,"יונילוור ארה""ב - HPC",US,מיונז הלמנס לייט 424,גרמים,476.00,100 גרם,false,1,10.00,2.10,true,1,
7290000129785,false,מרכך כביסה ירוק בדין 4 ליטר,יוניליור ישראל טיפוח איש,IL,מרכך כביסה בדין ירוק,ליטרים,0.00,ליטר,false,1,19.90,19.90,true,1,
7290000135311,false,פפסי קולה ליים 1.5 ללא סוכר,"טמפו משקאות בע""\מ",IL,פפסי מקס ליים 1.5 לי,ליטרים,0.00,ליטר,false,1,7.50,7.50,true,1,
7290000136677,false,פפסי קולה פיקדון 1.5 ליטר,טמפו,IL,פפסי קולה 1.5 ליטר,ליטרים,0.00,ליטר,false,1,7.90,7.90,true,1,
7290000136776,false,שישיית פפסי מקס דל קלוריות 1.5 ליטר,פפסי Pepsi,IL,שישיית פפסי מקס דל ק,ליטרים,0.01,ליטר,false,1,37.50,3750.00,true,1,
7290000136790,false,שישיית מי סודה טמפו 1.5 ליטר,"טמפו משקאות בע""\מ",IL,שישיית סודה 1.5 ליטר,ליטרים,0.01,ליטר,false,1,17.90,1790.00,true,1,
7290000136844,false,מארז מים מזוככים אקווה נובה שישיית 2 ליטר,"טמפו משקאות בע""\מ",IL,שישיית אקווה נובה 2ל,ליטרים,0.01,ליטר,false,1,12.90,1290.00,true,1,
7290000136851,false,סבן אפ פיקדון 1.5 ליטר,טמפו,IL,סבן אפ 1.5 ליטר,ליטרים,0.00,ליטר,false,1,7.90,7.90,true,1,
7290000136868,false,סאן בנדטו - מים מינרלים - מארז שישיית 1.5 ליטר,אקווה מינרלה סאן בנדטו ב,IT,שישיית מים סאן בנדטו,ליטרים,0.01,ליטר,false,1,18.70,1870.00,true,1,
7290000136875,false,שישיית מים מינרליים מוגזים סן בנדטו 1.5 ליטר,סאן בנדטו San Benedetto,IT,שישיית סאן בנדטו מוג,ליטרים,0.01,ליטר,false,1,19.70,1970.00,true,1,
7290000136936,false,סבן אפ דיאט בקבוק 1.,טמפו,IL,סבן אפ דיאט 1.5 ליטר,ליטרים,0.00,ליטר,false,1,7.60,7.60,true,1,
7290000139104,false,שלווה חיטה תפוחה מתוקה אשבול 230 גרם,"אשב""ל בע""מ",IL,שלווה מתוקה 230 גרם,גרמים,230.00,100 גרם,false,1,8.50,3.70,true,1,
7290000144160,false,"שמן זית כתית מעולה ארומתי עץ הזית 750 מ""ל","מרקאולאו, ספרד.אבסה,",IT,שמן זית כתית מעולה ב,מיליליטרים,750.00,"100 מ""ל",false,1,29.90,3.99,true,1,
7290000144467,false,שמן חמניות מועשר בנוגדי חמצון 1 ל' עץ הזית,"נארז ע""י : א.ג. גילר",GR,שמן עץ הזית חמניות 1,מיליליטרים,1000.00,"100 מ""ל",false,1,16.40,1.64,true,1,
7290000144474,false,שמן עץ הזית קנולה 1 ליטר בריאות מהטבע,שמן תעשיות בעמ,EE,שמן עץ הזית קנולה 1,מיליליטרים,1000.00,"100 מ""ל",false,1,11.90,1.19,true,1,
7290000146997,false,משחת שיניים לילדים מסטיק טום וג'רי 50 מל,טרופיקל דגיל קוסמטיק,IL,משחת שיניים מסטיק טו,Unknown,0.00,Unknown,false,1,9.70,9.70,true,1,
7290000168173,false,"ברנפלקס קרנצ'ים תלמה בד""ץ 375 גרם",יוניליור ישראל מזון,IL,ברנפלקס קרנצים 375 ג,גרמים,375.00,100 גרם,false,1,20.90,5.57,true,1,
7290000169538,false,"נמס בכוס עגבניות וקרוטונים מרק כשרות בד""ץ 62 ג' קנור",יוניליוור ישראל מזון בע\,IL,מרק נמס בכוס עגבניות,גרמים,56.00,100 גרם,false,1,6.50,11.61,true,1,
7290000169798,false,"עוגי מופחת סוכר 20% פצפוצי שוקו' 500ג' בד""צ",יוניליוור ישראל מזון בע\,IL,עוגי 20% פחות סוכר 5,גרמים,500.00,100 גרם,false,1,22.90,4.58,true,1,
7290000174723,false,שוקולית אבקה להכנת משקה שוקו 500 גרם,הנסיך- מפעל לייצור ט,IL,שוקולית 500 גרם,גרמים,500.00,100 גרם,false,1,11.90,2.38,true,1,
7290000176062,false,קפה טורקי בשקית 100 ג' עלית,שטראוס קפה בי.ויn\.,IL,קפה עלית טורקי 100 ג,גרמים,100.00,100 גרם,false,1,8.30,8.30,true,1,
7290000176079,false,קפה עלית טורקי עם הל 100 גרם,הנסיך- מפעל לייצור ט,IL,קפה עלית טורקי עם הל,גרמים,100.00,100 גרם,false,1,8.70,8.70,true,1,
7290000178707,false,תפוצ'יפס בטעם טבעי 50 גרם,"שטראוס פריטו ליי בע""\מ )",IL,תפוציפס טבעי 50 גרם,גרמים,50.00,100 גרם,false,1,3.90,7.80,true,1,
7290000178721,false,תפוצ'יפס בטעם טבעי 200 גרם,"שטראוס פריטו ליי בע""\מ )",IL,תפוציפס טבעי 200 גרם,גרמים,200.00,100 גרם,false,1,9.90,4.95,true,1,
7290000185224,false,סילאן בקבוק לחיץ תמר כנרת 650 גר,תמר כנרת,IL,סילאן בקבוק לחיץ תמר,גרמים,650.00,100 גרם,false,1,16.70,2.57,true,1,
7290000186535,false,נייר טואלט תלת שכבתי לבן לילי 32 יחידות,לילי נייר טואלט חוגלה,IL,לילי טריו לבן 32 גלי,מטרים,537.28,מטר,false,1,42.90,0.08,true,1,
7290000187938,false,לילי - נייר טואולט נייר טואלט פסטל 32 יח',לילי נייר טואלט חוגלה,IL,לילי פסטל 32 גלילים,מטרים,588.00,מטר,false,1,39.90,0.07,true,1,
7290000187952,false,נייר טואלט תלת שכבתי ורוד לילי 32 יחידות,לילי נייר טואלט חוגלה,IL,לילי טריו ורוד 32 גל,מטרים,537.28,מטר,false,1,42.90,0.08,true,1,
7290000188553,false,קוטקס מגן תחתון יאנג ביג 60 יחידות,קימברלי קלארק,CN,מ. תחתון קוטקס סילק,Unknown,0.00,Unknown,false,1,23.90,23.90,true,1,
7290000189192,false,סופר מטלית מטליות נייר רב פעמיות ניקול 64 יחידות,קימברלי קלארק,IL,סופר מגבת ניקול 64 י,מטרים,1.85,מטר,false,1,15.90,8.59,true,1,
7290000189277,false,תבניות מלבניות עבות וחזקות ניקול 3 יחידות,ניקול,CN,תבניות מלבניות גדולו,Unknown,0.00,Unknown,false,1,10.90,10.90,true,1,
7290000189598,false,מטליות לחות חד פעמיות לניקוי כללי 50 יח' ניקול,עלבד משואות יצחק בעמ,IL,ניקול מטלית לחות חד,Unknown,0.00,Unknown,false,1,10.90,10.90,true,1,
7290000189734,false,מטליות לחות לניקוי פרקט ניקול 10 יחידות,עלבד משואות יצחק בעמ,IL,מטליות לחות לפרקטים,Unknown,0.00,Unknown,false,1,17.90,17.90,true,1,
7290000190068,false,מפיות אירוח לבן 100 יחי' ניקול,חוגלה קימברלי,IL,מפיות ניקול 100,Unknown,0.00,Unknown,false,1,8.90,8.90,true,1,
7290000190853,false,לילי פיור נייר טואלט דו שכבתי לבן 30 גלילים,לילי נייר טואלט חוגלה,IL,לילי פיור נייר טואלט,מטרים,588.00,מטר,false,1,41.90,0.07,true,1,
7290000191539,false,חמישיית ממחטות טישו צבועני לילי 100 יחידות,חוגלה קימברלי,IL,ממחטות נייר לילי 5 י,Unknown,0.00,Unknown,false,1,12.90,12.90,true,1,
7290000192581,false,מגבת נייר גליל כפול ניקול 12=6 גליל,קימברלי-קלארק,IL,נייר מגבת ניקול 6=12,מטרים,129.72,מטר,false,1,20.90,0.16,true,1,
7290000194288,false,משטח החתלה האגיס 10 יחידות,חוגלה קימברלי,BE,האגיס משטח החתלה,Unknown,0.00,Unknown,false,1,23.90,23.90,true,1,
7290000194837,false,ניקול - שקיות מזון + ידיות קשירה אקסטרה לארג' 200 יח',ניקול,CN,שקיות מזון גדולות עם,Unknown,0.00,Unknown,false,1,14.60,14.60,true,1,
7290000195216,false,נייר אפייה בשקית ניקול 50 יחידות,ניקול,IL,נייר אפייה ניקול,Unknown,0.00,Unknown,false,1,11.90,11.90,true,1,
7290000195537,false,האגיס - מגבוני האגיס דיילי קר לא מבושם 64 יח' * 4,חוגלה קימברלי,IL,מגבוני האגיס רביעיה,Unknown,0.00,Unknown,false,1,19.90,19.90,true,1,
7290000195773,false,האגיס - מגבוני האגיס סנסטיב קר לא מבושם 64 יח' * 4,חוגלה קימברלי,IL,מגבוני האגיס קמומיל,Unknown,0.00,Unknown,false,1,19.90,19.90,true,1,
7290000197012,false,שקיות ריצ'רץ' אחסון למזון ניקול 15 יחידות,חוגלה קימברלי,CN,שקיות ריצרץ לטריות 1,Unknown,0.00,Unknown,false,1,13.40,13.40,true,1,
7290000197081,false,ניקול ניילון נצמד 150 מטר+מתקן לחיתוך קל,חוגלה קימברלי,IL,ניילון נצמד ניקול עם,מטרים,150.00,מטר,false,1,28.90,0.19,true,1,
7290000197326,false,רדיד אלומניום ניקול זוגי 30X7.5מ',חוגלה קימברלי,IL,רדיד אלומיניום ניקול,מטרים,15.00,מטר,false,1,9.90,0.66,true,1,
7290000197463,false,חיתולים פרידום דריי שלב +4 האגיס 40 יחידות,קימברלי קלארק ישראל,IL,האגיס פרידום דריי של,Unknown,0.00,Unknown,false,1,34.90,34.90,true,1,
7290000197548,false,חיתולים פרידום דריי שלב 5 האגיס 36 יחידות,קימברלי קלארק ישראל,IL,האגיס פרידום דריי של,Unknown,0.00,Unknown,false,1,34.90,34.90,true,1,
7290000197678,false,חיתולי האגיס פרידום דריי שלב 6 30 יחידות,קימברלי קלארק ישראל,IL,האגיס פרידום דריי של,Unknown,0.00,Unknown,false,1,34.90,34.90,true,1,
7290000197753,false,ניילון נצמד אנטי בטקריאלי ניקול 30X2מ',חוגלה קימברלי,CN,זוג ניילון נצמד ניקו,מטרים,60.00,מטר,false,1,11.90,0.20,true,1,
7290000197883,false,תבנית אלומיניום 100 גדולה ניקול 4 יחידות,חוגלה קימברלי,CN,מגשית 100 כסופה - חי,Unknown,0.00,Unknown,false,1,8.90,8.90,true,1,
7290000197951,false,תבניות אלומיניום ענקיות ניקול 3 יחידות,חוגלה קימברלי,CN,מגשית חד פעמית ניקול,Unknown,0.00,Unknown,false,1,8.90,8.90,true,1,
7290000197999,false,רדיד אלומיניום עבה ניקול זוגי 30X7.5מ',קריות זול,IL,זוג רדיד ניקול עבה,מטרים,15.00,מטר,false,1,17.70,1.18,true,1,
7290000204215,false,שישיית כרית יפנית ניקול 6 יחידות,פלסטו פוליש (ברקן),IL,כרית ניקול שישייה,Unknown,0.00,Unknown,false,1,10.90,10.90,true,1,
7290000205762,false,חיתולי האגיס אקסטרה קר מידה 3 48 יחידות,חוגלה קימברלי,IL,האגיס אקסטרה קייר מי,Unknown,0.00,Unknown,false,1,49.90,49.90,true,1,
7290000207162,false,רוטב עגבניות מרכיב טבעי 100 ג' יכין,"זנלכל בע""\מ",IL,רוטב עגבניות יכין 10,גרמים,100.00,100 גרם,false,1,2.50,2.50,true,1,
7290000208022,false,עגבניות מרוסקות פריכוז 800 ג' יכין,"זנלכל בע""\מ",IL,עגבניות 2.5 A מרוסק,גרמים,850.00,100 גרם,false,1,9.90,1.16,true,1,
7290000208077,false,אפונת גינה רגילה 550 גרם יכין,"זנלכל בע""\מ",IL,אפונת גינה רגילה 550,גרמים,550.00,100 גרם,false,1,8.50,1.55,true,1,
7290000208114,false,"אפונה וגזר יכין A2 פ""ק בית יוסף","זנלכל בע""\מ",IL,אפונה וגזר יכין 550,גרמים,550.00,100 גרם,false,1,8.50,1.55,true,1,
7290000208138,false,סירופ דיאט בטעם ענבים יכין 1 ליטר,"זנלכל בע""\מ",IL,סירופ דיאט ענבים יכי,מיליליטרים,1000.00,"100 מ""ל",false,1,17.90,1.79,true,1,
7290000208145,false,גרעיני תירס מתוק לייט 550 גרם יכין,"זנלכל בע""\מ",IL,תירס לייט יכין 550 ג,גרמים,550.00,100 גרם,false,1,9.90,1.80,true,1,
7290000208213,false,שעועית לבנה אפויה A2 ברוטב עגבניות יכין 560ג',היינץ צפון אמריקה מק,IL,שעועית יכין אפויה 58,גרמים,580.00,100 גרם,false,1,8.50,1.47,true,1,
7290000208220,false,"שעועית צ'לי יכין פ""ק A2 בית יוסף",היינץ צפון אמריקה מק,IL,שעועית צלי חריף A2,גרמים,550.00,100 גרם,false,1,9.90,1.80,true,1,
7290000208244,false,"בסיס לשקשוקה יכין A2 פ""ק בית יוסף","זנלכל בע""מ",IL,בסיס לשקשוקה יכין 57,גרמים,570.00,100 גרם,false,1,9.90,1.74,true,1,
7290000208312,false,גרעיני תירס מתוק בואקום יכין 400 גר',"זנלכל בע""\מ",IL,תירס מתוק יכין 400 ג,גרמים,400.00,100 גרם,false,1,6.90,1.73,true,1,
7290000208329,false,גרעיני תירס מתוק 550 גרם יכין,"זנלכל בע""\מ",IL,תירס גרעינים 550 גר,גרמים,550.00,100 גרם,false,1,8.50,1.55,true,1,
7290000208336,false,רסק יכין 240גר 22% יכין בית יוסף,"זנלכל בע""\מ",IL,רוטב עגבניות יכין 24,גרמים,240.00,100 גרם,false,1,4.50,1.88,true,1,
7290000208367,false,עגבניות מרוסקות בתוספת בזיליקום 800 ג' יכין,זנלכל,IL,עגבניות מרוסקות בזיל,גרמים,800.00,100 גרם,false,1,9.90,1.24,true,1,
7290000208930,false,עגבניות מרוסקות בתוספת שום 240 גרם יכין,"זנלכל בע""מ",IL,עגבניות +שום 260 גרם,גרמים,260.00,100 גרם,false,1,6.50,2.50,true,1,
7290000208947,false,עגבניות מרוסקות יכין 260 גרם,היינץ צפון אמריקה מק,IL,עגבניות מרוסקות 260,גרמים,260.00,100 גרם,false,1,6.50,2.50,true,1,
7290000209012,false,חומץ 1ליטר יכין הדרים,"זנלכל בע""\מ",IL,חומץ הדרים 1 ליטר,מיליליטרים,1000.00,"100 מ""ל",false,1,5.90,0.59,true,1,
7290000209043,false,מיץ לימון לתיבול יכין 1 ליטר,היינץ צפון אמריקה מק,IL,מיץ לימון יכין 1 ליט,מיליליטרים,1000.00,"100 מ""ל",false,1,6.90,0.69,true,1,
7290000209371,false,תירס מתוק יכין 200 גרם מארז 3 יח',היינץ צפון אמריקה מק,IL,שלישיית תירס יכין 16,גרמים,165.00,100 גרם,false,1,14.90,9.03,true,1,
7290000209388,false,תירס מתוק לייט יכין 200 גרם מארז 3 יח',"זנלכל בע""\מ",IL,שלישיית תירס לייט יכ,גרמים,165.00,100 גרם,false,1,14.90,9.03,true,1,
7290000209944,false,רוטב לעגבניות בסיס לשקשוקה 240 ג' יכין,"זנלכל בע""\מ",IL,רוטב עגבניות לשקשוק,גרמים,260.00,100 גרם,false,1,6.50,2.50,true,1,
7290000210896,false,רוטב לפסטה בולונז 240 גרם יכין,"זנלכל בע""מ",IL,רוטב בולונז 260 גרם,מיליליטרים,260.00,"100 מ""ל",false,1,6.50,2.50,true,1,
7290000211169,false,"אורז תאילנדי אחד אחד סוגת 1 ק""ג",האי נאם סי או אל.טי.,IL,"אורז תאילנדי 1 ק""ג",קילוגרמים,0.00,"ק""ג",false,1,7.90,7.90,true,1,
7290000211442,false,"סוגת אורז פרסי קלאסי שקית 1 ק""ג",האי נאם סי או אל.טי.,IL,"אורז פרסי 1 ק""ג סוג",גרמים,1000.00,100 גרם,false,1,10.00,1.00,true,1,
7290000211503,false,סוכר לבן ארוז בשקית,"סוגת תעשיות בע""\מ",IL,"סוכר לבן 1 ק""ג",קילוגרמים,0.00,"ק""ג",false,1,4.60,4.60,true,1,
7290000211985,false,"סוגת אורז עגול ריזוטו 1 ק""ג","סוגת תעשיות בע""\מ",IL,אורז עגול 1 קג,גרמים,1000.00,100 גרם,false,1,9.70,0.97,true,1,
7290000238029,false,"בצק עלים צרפתי מרודד מעדנות 1 ק""ג",מיוצר עי קונדיטוריית,IL,"בצק עלים מרודד 1 ק""ג",גרמים,1000.00,100 גרם,false,1,20.90,2.09,true,1,
7290000238036,false,מלאווח בקופסא מעדנות 700 גרם,מיוצר עי קונדיטוריית,IL,מלאווח מעדנות 700 גר,גרמים,700.00,100 גרם,false,1,16.90,2.41,true,1,
7290000238173,false,בורקס גבינה מעדנות 800 גרם,מיוצר עי קונדיטוריית,IL,בורקס גבינה מעדנות,גרמים,800.00,100 גרם,false,1,14.90,1.86,true,1,
7290000238180,false,בורקס תפוחי אדמה מעדנות 800 גרם,מיוצר עי קונדיטוריית,IL,"בורקס תפו""א 800 גרם",גרמים,800.00,100 גרם,false,1,18.90,2.36,true,1,
7290000245270,false,"פרסיל אבקה לכביסה רגיל שקית 1.25 ק""ג","הנקל סוד בע""מ",IL,אב.כביסה פרסיל 1.25,קילוגרמים,0.00,"ק""ג",false,1,16.70,16.70,true,1,
7290000267029,false,שקדים מולבנים חצויים השף 100 גרם,"דין שיווק וקלייה בע""",IL,שקד מולבן חצוי 100 ג,גרמים,100.00,100 גרם,false,1,12.80,12.80,true,1,
7290000267050,false,שקדים טבעיים טחונים השף 100 גרם,"דין שיווק וקלייה בע""",IL,שקד מולבן טחון 100 ג,גרמים,100.00,100 גרם,false,1,12.80,12.80,true,1,
7290000288024,false,סנו - ז'אוול אקונומיקה בריח לימון 4 ליטר,"סנו מפעלי ברונוס בע""מ",IL,סנו זאוול לימון 4 לי,ליטרים,0.00,ליטר,false,1,16.90,16.90,true,1,
7290000288048,false,סנו זאוול מרסס מונבלאן 1 ליטר,"סנו מפעלי ברונוס בע""מ",IL,סנו זאוול מרסס מונבל,מיליליטרים,1000.00,"100 מ""ל",false,1,18.90,1.89,true,1,
7290000288352,false,"קוטל חרקים וזוחלים K-300 סנו 630 מ""ל","סנו מפעלי ברונוס בע""מ",IL,K-300,מיליליטרים,600.00,"100 מ""ל",false,1,19.90,3.32,true,1,
7290000289069,false,סנו - ז'אוול מרסס קצף ניקוי בתוספת אקונומיקה בריח לימון 1 ליטר,"סנו מפעלי ברונוס בע""מ",IL,סנו זאוול מרסס לימון,מיליליטרים,1000.00,"100 מ""ל",false,1,18.90,1.89,true,1,
7290000289496,false,"סנו - ז'אוול ג'ל קרם לניקוי כללי לימון 750 מ""ל","סנו מפעלי ברונוס בע""\מ",IL,סנו זאוול גל קרם לימ,מיליליטרים,750.00,"100 מ""ל",false,1,14.20,1.89,true,1,
7290000292564,false,סנו K-2000 תרסיס מיקרו קפסולרי ללא ריח 750 מ”ל,מיוצר עי קונדיטוריית,IL,K - 2000,מיליליטרים,750.00,"100 מ""ל",false,1,29.90,3.99,true,1,
7290000294773,false,אקונומיקה בריח לבנדר סנו ז'אוול 4 ליטר,"סנו מפעלי ברונוס בע""\מ",IL,סנו זאוול מונבלאן 4,ליטרים,0.00,ליטר,false,1,16.90,16.90,true,1,
7290000294780,false,אקונומיקה סמיכה בריח לימון סנו ז'אוול 4 ליטר,"סנו מפעלי ברונוס בע""מ",IL,סנו זאוול סמיכה 4 לי,ליטרים,0.00,ליטר,false,1,16.90,16.90,true,1,
7290000295503,false,זוג שקיות מזון טבע 19*25 סנו סושי 150 יחידות,"אשפלסט תעשיות בע""מ",CN,סנו סושי 150 שקיות ב,Unknown,0.00,Unknown,false,1,12.90,12.90,true,1,
7290000300900,false,שניצל תירס מרכיבים טבעיים טבעול 750 גרם,עיצובים 2020 (4.8),IL,שניצל תירס 750 גרם,גרמים,750.00,100 גרם,false,1,22.90,3.05,true,1,
7290000303598,false,שעועית לבנה ברוטב עגבניות פרי הגליל 570 גרם,"פרי הגליל בע""""מ",IL,שעועית לבנה אפויה במ,גרמים,550.00,100 גרם,false,1,7.90,1.44,true,1,
7290000307015,false,אפונת גינה בינונית פרי הגליל 550 גרם,"פרי הגליל בע""""מ",IL,אפונת גינה גדול 550,גרמים,550.00,100 גרם,false,1,7.90,1.44,true,1,
7290000307046,false,אפונת גינה וגזר פרי הגליל 550 גרם,"פרי הגליל בע""""מ",IL,אפונת גינה וגזר 550,גרמים,550.00,100 גרם,false,1,7.90,1.44,true,1,
7290000307220,false,גרעיני תירס מתוק בואקום פרי הגליל 285 גרם,"פרי הגליל בע""""מ",IL,תירס מתוק בואקום OZ,גרמים,450.00,100 גרם,false,1,6.90,1.53,true,1,
7290000307237,false,גרעיני תירס מתוק פרי הגליל 550 גרם,"פרי הגליל בע""""מ",IL,תירס מתוק 550 גר A2,גרמים,550.00,100 גרם,false,1,7.90,1.44,true,1,
7290000313160,false,זהבה ושלושת הדובים עוגיות בטעם שוקולד אסם 350 גרם,"הגביע מוצרי וופלים בע""\מ",IL,עוגיות חברים זהבה 3,גרמים,250.00,100 גרם,false,1,8.30,3.32,true,1,
7290000313290,false,אסם נודלס נודלס אטריות מסולסלות 200גר,תאי פרזידנט פוד בנגק,TH,נודלס אטריות מסולסלו,גרמים,200.00,100 גרם,false,1,10.40,5.20,true,1,
7290000315133,false,קנור ציר בקר משחתי 300ג,יוניליוור ישראל מזון בע\,IL,ציר בקר 300 גרם קנור,גרמים,300.00,100 גרם,false,1,19.90,6.63,true,1,
7290000315140,false,"תלמה קורנפלקס מלא בד""ץ 500 גרם","יוניליוור שפע ישראל בע""\",IL,קורנפלקס מלא 500 גרם,גרמים,500.00,100 גרם,false,1,20.80,4.16,true,1,
7290000334745,false,"אמריקאן צ'יפס תפוגן 1.5 ק""ג","תעשיות תפוגן בע""מ",IL,תפוגן אמריקן ציפס 1.,קילוגרמים,0.00,"ק""ג",false,1,26.50,26.50,true,1,
7290000339566,false,בדין מרכך כביסה ורוד 4 ליטר,יוניליור ישראל טיפוח איש,IL,בדין 4 ליטר ורוד,ליטרים,0.00,ליטר,false,1,19.90,19.90,true,1,
7290000341071,false,בדין - מרכך כביסה בייבי לבן 2 ליטר,יוניליור ישראל טיפוח איש,IL,בדין בייבי 2 ליטר,ליטרים,0.00,ליטר,false,1,20.40,20.40,true,1,
7290000342856,false,מרכך כביסה כחול בדין 4 ליטר,יוניליור ישראל טיפוח איש,IL,בדין 4 ליטר כחול,ליטרים,0.00,ליטר,false,1,19.90,19.90,true,1,
7290000345260,false,תה קלאסיק מעטפות ויסוצקי 25 יחידות,מולינו ניקולי s.p.a,IL,תה ויסוצקי 25 שקיקים,Unknown,0.00,Unknown,false,1,8.40,8.40,true,1,
7290000345284,false,תה ויסוצקי קלאסי אריזה ירוקה מרובעת (100 שקיקים),מולינו ניקולי s.p.a,IL,תה קלאסיק 100 שקיקים,גרמים,150.00,100 גרם,false,1,15.90,10.60,true,1,
7290000345307,false,תה ארל גריי ויסוצקי 50 יחידות,מולינו ניקולי s.p.a,IL,תה ארל גריי 50 שקיקי,Unknown,0.00,Unknown,false,1,20.90,20.90,true,1,
7290000346144,false,הגן הקסום תה עינוגי התפוח ויסוצקי 25 יחידות,תה ויסוצקי,IL,חליטת עינוגי התפוח,Unknown,0.00,Unknown,false,1,18.90,18.90,true,1,
7290000347738,false,תה ירוק נענע ויסוצקי 25 יחידות,תה ויסוצקי,IL,תה ירוק נענע 25 שקיק,Unknown,0.00,Unknown,false,1,21.90,21.90,true,1,
7290000347752,false,תה ירוק לימונית ולואיזה 25 שקיקים *1.5 ג'' ויסוצקי,תה ויסוצקי,IL,תה ירוק לימונית לואי,Unknown,0.00,Unknown,false,1,21.90,21.90,true,1,
7290000363363,false,קבנוס נקניק מעושן יבש 160 גרם,הנסיך- מפעל לייצור ט,IL,קבנוס מיוחד 160 גרם,גרמים,160.00,100 גרם,false,1,20.90,13.06,true,1,
7290000364261,false,"דקניקים, סלסולי פסטרמה כתף בקר מעושנת 120 גרם",הנסיך- מפעל לייצור ט,IL,סלסולי כתף בקר 120גר,גרמים,120.00,100 גרם,false,1,13.90,11.58,true,1,
7290000364278,false,דקניקים סלסולי סלמי איטלקי משובח טירת צבי 120 גרם,הנסיך- מפעל לייצור ט,IL,סלסולי סלמי איטלקי,גרמים,120.00,100 גרם,false,1,13.90,11.58,true,1,
7290000364285,false,דקניקים סלסולי פסטרמה הודו טירת צבי 120 גרם,הנסיך- מפעל לייצור ט,IL,סלסולי פסטרמה הודו,גרמים,120.00,100 גרם,false,1,13.90,11.58,true,1,
7290000364292,false,דקניקים סלסולי פסטרמה הודו על גחלים 1% טירת צבי 120 גרם,הנסיך- מפעל לייצור ט,IL,סלסולי גחלים 120גר,גרמים,120.00,100 גרם,false,1,13.90,11.58,true,1,
7290000364858,false,"נקניקיות עוף טרי טירת צבי 1 ק""ג",הנסיך- מפעל לייצור ט,IL,טירת צבי נקניקיות עו,קילוגרמים,0.00,"ק""ג",false,1,21.90,21.90,true,1,
7290000364872,false,נקניקיות עוף טירת צבי 400 גרם,טיב טירת צבי 2000,IL,נקניקיות עוף 400 גרם,גרמים,400.00,100 גרם,false,1,9.90,2.48,true,1,
7290000364957,false,נקניקיות עוף מיני מיני טירת צבי 700 גרם,הנסיך- מפעל לייצור ט,IL,נקניקיות מיני מיני ע,גרמים,700.00,100 גרם,false,1,24.90,3.56,true,1,
7290000365398,false,חזה הודו בדבשטירת צבי,טירת- צבי,IL,חזה הודו בדבש,Unknown,0.00,"ק""ג",true,0,85.00,85.00,true,1,
7290000365909,false,פסטרמה הודו מעושנתטירת צבי,טירת- צבי,IL,פסטרמה הודו מעושנת,Unknown,0.00,"ק""ג",true,0,85.00,85.00,true,1,
7290000367590,false,פסטרמה כפרית וסלמי פריזר כפרי טירת צבי 2*400 גרם,טיב טירת צבי 2000,IL,צמד כפרי טירת צבי,גרמים,800.00,100 גרם,false,1,25.90,3.24,true,1,
7290000377612,false,מיץ תפוזים סחוט טבעי פריגת 400 מל,גת גבעת חיים,IL,פריגת סחוט תפוז 400,מיליליטרים,400.00,"100 מ""ל",false,1,9.90,2.48,true,1,
7290000408316,false,יוגורט דנונה דל לקטוז 200 גרם,מיוצר עי קונדיטוריית,IL,דנונה דל לקטוז,גרמים,200.00,100 גרם,false,1,3.50,1.75,true,1,
7290000408354,false,יוגורט עם אורז מצופה שוקולד קקאו 175 ג' דנונה,"שטראוס בריאות בע""\מ",IL,דנונה בר פצפוצים 173,גרמים,173.00,100 גרם,false,1,4.50,2.60,true,1,
7290000412481,false,נוזל לניקוי אסלות 00 סנו 1 ליטר,מיוצר עי קונדיטוריית,IL,סנו מנקה אסלות 00 1,מיליליטרים,1000.00,"100 מ""ל",false,1,8.90,0.89,true,1,
7290000416021,false,ממרח בטעם שוקולד השחר חלבי 500,השחר העולה,IL,ממרח השחר 500 גרם,גרמים,500.00,100 גרם,false,1,12.90,2.58,true,1,
7290000416045,false,"ממרח בטעם שוקולד השחר 1 ק""ג",השחר העולה תעשייות מ,IL,"ממרח השחר 1 ק""ג",גרמים,1000.00,100 גרם,false,1,24.90,2.49,true,1,
7290000419220,false,מארז קפה לנדוור לבוקר 3 יח 100 גרם,קפה לנדוור,IL,מארז קפה לנדוור לבוק,גרמים,300.00,100 גרם,false,1,23.90,7.97,true,1,
7290000419909,false,לנדוור קפה שחור לבוקר טחון טורקי 100 גרם,מולינו ניקולי s.p.a,IL,קפה לנדוור טעם אקספר,גרמים,100.00,100 גרם,false,1,8.30,8.30,true,1,
7290000449128,false,סיף פנטסטיק לימון ניקוי רב תכליתי 4ל',יוניליוור ישראל טיפוח אי,IL,סיף פנטסטיק 4 ליטר,ליטרים,0.00,ליטר,false,1,23.90,23.90,true,1,
7290000453415,false,בצק עלים מצונן ומוכן לאפייה שמרית 300 גרם,"פאקא תעשיות בע""מ",FR,בצק עלים מצונן ומוכן,גרמים,300.00,100 גרם,false,1,15.90,5.30,true,1,
7290000453422,false,בצק פילו מצונן ומוכן לאפייה שמרית 300 גרם,"פאקא תעשיות בע""מ",GR,בצק פילו מוכן לאפיה,גרמים,300.00,100 גרם,false,1,16.70,5.57,true,1,
7290000453880,false,מרגרינה ללא מלח לאפיה ובישול שמרית 200גר,"פאקא תעשיות בע""מ",IL,מרגרינה ללא מלח לאפי,גרמים,200.00,100 גרם,false,1,5.10,2.55,true,1,
7290000461625,false,בייגלה שמיניות מלח בייגל בייגל 400 ג',בייגל את בייגל מזון 198),IL,בייגלה שמיניות מלוח,גרמים,400.00,100 גרם,false,1,12.50,3.13,true,1,
7290000474502,false,גבינה לבנה טרה 5% מרכיבים טבעיים,הפריט בפיקוח,IL,גבינה לבנה 5%,גרמים,250.00,100 גרם,false,1,4.75,1.90,true,1,
7290000474540,false,טוב טעם גבינה לבנה 3% טרה 250 גרם,קריות זול,IL,טוב טעם 250 גרם,גרמים,250.00,100 גרם,false,1,11.90,4.76,true,1,
7290000474830,false,נעם גבינה צהובה מגורדת 28% טרה 500 גרם,מילקו תעשיות בעמ,IL,נעם גבינה צהובה מגור,גרמים,500.00,100 גרם,false,1,34.90,6.98,true,1,
7290000480107,false,קוואקר שיבולת שועל פחית 500 גרם,וולקרס סנקס לימיטד,GB,קוואקר שיבולת שועל פ,גרמים,500.00,100 גרם,false,1,10.00,2.00,true,1,
7290000480442,false,קוואקר שיבולת שועל בשקית 500 גרם,פריטו ליי FRITO-LAY,IL,קוואקר 500 גרם שקית,גרמים,500.00,100 גרם,false,1,12.50,2.50,true,1,
7290000484747,false,עראק עלית 700 מל 40% כהל,יקב הגליל יוסף גולד ובניו,IL,"ערק עלית 40% 700 מ""ל",מיליליטרים,700.00,"100 מ""ל",false,1,55.90,7.99,true,1,
7290000497044,false,"לחם אקטיב 750 גרם ""ברמן""",מאפית י את א ברמן בע,IL,לחם ברמן אקטיב 750 ג,גרמים,750.00,100 גרם,false,1,15.90,2.12,true,1,
7290000497112,false,"לחם כהה פרוס וארוז ""ברמן""-מוצר בפיקוח",מאפית י את א ברמן בע,IL,אחיד פרוס ברמן,גרמים,750.00,100 גרם,false,1,7.11,0.95,true,1,
7290000497228,false,לחמניה רגילה בשקית ברמן 6יח',מאפית י את א ברמן בע,IL,שש לחמניות בשקית,גרמים,450.00,100 גרם,false,1,10.50,2.33,true,1,
7290000497273,false,לחמניות ברמן אקטיב 6יח 450גר,מאפית י את א ברמן בע,IL,לחמניות אקטיב ברמן 4,גרמים,450.00,100 גרם,false,1,12.90,2.87,true,1,
7290000497303,false,"שישיית לחמניות מקמח מלא ""ברמן""",מאפית י את א ברמן בע,IL,שש לחמניות בשקית,גרמים,450.00,100 גרם,false,1,12.50,2.78,true,1,
7290000497426,false,לחם ברמן לענין פלוס 500 גרם,מאפית י את א ברמן בע,IL,לחם ברמן לענין פלוס,גרמים,500.00,100 גרם,false,1,14.50,2.90,true,1,
7290000497570,false,לחם דגנים פלוס ברמן 500 גרם,מאפית י את א ברמן בע,IL,לחם דגנים פלוס ברמן,גרמים,500.00,100 גרם,false,1,14.50,2.90,true,1,
7290000498034,false,לחם אי פרי קמח כוסמין מלא 750 גר',מאפית י את א ברמן בע,IL,לחם מקמח כוסמין מלא,גרמים,750.00,100 גרם,false,1,15.90,2.12,true,1,
7290000518220,false,ממתיק סוכרה דיאט 100 יחידות,פתח תקווה,IL,סוכרה דיאט 100 שקיות,גרמים,100.00,100 גרם,false,1,23.90,23.90,true,1,
7290000523125,false,מלח הארץ הים האדום 250 ג' עדין,"חברת מלח הארץ אילת בע""\מ",IL,מלח הארץ ים יבש 250,גרמים,250.00,100 גרם,false,1,5.50,2.20,true,1,
7290000523224,false,מלח הארץ הים האדום 500 ג' עדין,"חברת מלח הארץ אילת בע""\מ",IL,מלח הארץ ים יבש 500,גרמים,500.00,100 גרם,false,1,7.70,1.54,true,1,
7290000523811,false,"צנצנת מלח גס 1 ק""ג מלח הארץ","חברת מלח הארץ אילת בע""\מ",IL,"מלח גס 1 ק""ג צנצנת",גרמים,1000.00,100 גרם,false,1,7.60,0.76,true,1,
7290000525969,false,מיץ תפוזים סחוט רכיבים טבעיים פרימור 1 ליטר,"גניר (1992) בע""מ",IL,מיץ תפוזים סחוט 1 ל,מיליליטרים,1000.00,"100 מ""ל",false,1,15.80,1.58,true,1,
7290000540177,false,טישו שולחני מעוצב 3 שכבות 100 יח,,CN,טישו שולחני מעוצב 3,יחידה,1.00,יחידה,false,1,8.00,8.00,true,1,
7290000542546,false,בגט צרפתי קלאסי,,,בגט אוטנטיק,Unknown,0.00,Unknown,false,1,8.90,8.90,true,1,
7290000554457,false,גבינה צפתית במליחות עדינה 5% גד 350 גרם,"מחלבות גד בע""\מ",IL,צפתית מיני 5% 350 גר,גרמים,350.00,100 גרם,false,1,20.90,5.97,true,1,
7290000554471,false,נקניק מוצרלה 22 אחוז 180גרם גד מהדרין,"מחלבות גד בע""\מ",IL,מוצרלה 180 גרם,גרמים,180.00,100 גרם,false,1,14.90,8.28,true,1,
7290000554600,false,מוצרלה מגורדת 22 אחוז 300גרם גד מהדרין,מחלבות גד בעמ,IL,מוצרלה מגורדת 300 גר,גרמים,300.00,100 גרם,false,1,24.90,8.30,true,1,
7290000554624,false,מעדן חלב ירח מתוק עם אורז 3% גד 150 גרם,"מיוצר ע""\י קוד יצרן EDNK",IL,מעדן ירח מתוק 150 גר,גרמים,150.00,100 גרם,false,1,5.60,3.73,true,1,
7290000554686,false,גבינת לאבנה בתוספת שמן זית וזעתר 5% גד 250 גרם,מחלבות גד בעמ,IL,לבנה בשמן זית וזעתר,גרמים,250.00,100 גרם,false,1,14.90,5.96,true,1,
7290000554822,false,ריקוטה גבינה לבנה בסגנון איטלקי 5% גד 250 גרם,מחלבות גד בעמ,IL,ריקוטה 250 גרם,גרמים,250.00,100 גרם,false,1,14.50,5.80,true,1,
7290000554839,false,מסקרפונה שמנת מתוקה קשה בסגנון איטלקי 40% גד 250 גרם,מחלבות גד בעמ,IL,גבינת מסקרפונה 250 ג,גרמים,250.00,100 גרם,false,1,19.90,7.96,true,1,
7290000571232,false,גבינת גאודה טבעית פרוס 30% המחלווה 150ג',גבינות משק אחים מאיר בית,IL,גבינת גאודה טבעי פרו,גרמים,200.00,100 גרם,false,1,21.90,10.95,true,1,
7290000571300,false,גאודה מעושנת פרוס 200 גרם המחלבה,גבינות משק אחים מאיר,IL,גבינת גאודה מעושנת,גרמים,200.00,100 גרם,false,1,21.90,10.95,true,1,
7290000571386,false,המחלבה יוגורמה יוגורט מחלב כבשים 5% 850 גרם,גבינות משק אחים מאיר בית,IL,יוגורמה יוגורט כבשים,גרמים,850.00,100 גרם,false,1,20.90,2.46,true,1,
7290000571812,false,גבינת פרמז'ן מגורד 200 גרם,גבינות משק אחים מאיר,IL,פרמזן מגורד המחלבה 2,גרמים,200.00,100 גרם,false,1,22.90,11.45,true,1,
7290000571843,false,המחלבה יוגורמה גביע מחלב עזים 140 גרם,גבינות משק אחים מאיר בית,IL,יוגורט עיזים יוגורמה,גרמים,140.00,100 גרם,false,1,6.30,4.50,true,1,
7290000571928,false,"יוגורמה כבשים עם גרעינים, אגוזים וחמוציות ממותקות",המחלבה מבית יצחק,IL,יוגורמה יוגורט כבשים,גרמים,140.00,100 גרם,false,1,6.20,4.43,true,1,
7290000571935,false,יוגורמה כבשים עם גרנולה מתוקה 142 גרם,גבינות משק אחים מאיר בית,IL,יוגורמה יוגורט כבשים,גרמים,140.00,100 גרם,false,1,6.20,4.43,true,1,
7290000652542,false,פילה אמנון קפוא 5-7 קג,דגי תנובה,IL,פילה אמנון קפוא,Unknown,0.00,"ק""ג",true,0,19.90,19.90,true,1,
7290000654546,false,פילה אמנון 7-9 100% דג תנובה,תנובה,CN,פילה אמנון קפוא 7-9,Unknown,0.00,"ק""ג",true,0,36.90,36.90,true,1,
7290000662817,false,סלמון מעושן 100 גרם נורבגי מדג טרי,דגי תנובה,IL,סלמון מעושן 100 גרם,גרמים,100.00,100 גרם,false,0,23.90,23.90,true,1,
7290000663135,false,קוביות סלומון קפוא 100% דג 300 גרם תנובה,"צ'\ילה, Ll MONTT, PUERTO",CL,קוביות סלמון 100% דג,גרמים,300.00,100 גרם,false,0,29.90,9.97,true,1,
7290000688381,false,שישיית מי עדן פקק ספורט 0.5 ליטר,"מופק ממקור בזלתי עדן ,1",IL,מי עדן שישיה אישי,מיליליטרים,3000.00,"100 מ""ל",false,1,14.90,0.50,true,1,
7290000692227,false,נוזל כלים פלמוליב צילינדר קלאסי 1 ליטר,יבואן ומשווק: ש. שסט,GR,פלמוליב צילינדר 1 לי,מיליליטרים,1000.00,"100 מ""ל",false,1,15.60,1.56,true,1,
7290000692456,false,אג'קס חלונות זוג 750*2 מל ספריי ורפיל,הנסיך- מפעל לייצור ט,GR,אגקס לניקוי חלונות כ,ליטרים,0.00,ליטר,false,1,20.00,20.00,true,1,
7290000993461,false,עגבניות שרי צהוב ליח',חקלאי,IL,שרי צהוב,Unknown,0.00,Unknown,false,1,11.90,11.90,true,1,
7290000993560,false,עגבניות שרי תמר שוקו 500 גרם לפי יח',רון שרי,IL,שרי מנומר,Unknown,0.00,Unknown,false,1,11.90,11.90,true,1,
7290001199084,false,גזר בסגנון קוריאני 500 גרם,סלטי עמים ברדה,IL,גזר בסגנון קוריאני 5,גרמים,450.00,100 גרם,false,1,15.60,3.47,true,1,
7290001199244,false,"סלט כרוב במלח 1 ק""ג",סלטי עמים ברדה,IL,כרוב במלח 1 קג,גרמים,1000.00,100 גרם,false,1,16.90,1.69,true,1,
7290001201589,false,ביצים ארוזות L 12 יחידות,שופרסל,IL,ביצים אריזון 12 גדול,Unknown,0.00,Unknown,false,1,12.05,12.05,true,1,
7290001201596,false,ביצים ארוזות M 12 יחידות,"מ.לסר בע""מ",IL,ביצים אריזון 12 בינו,Unknown,0.00,Unknown,false,1,11.15,11.15,true,1,
7290001201657,false,ביצים אומגה M/30 בינוני ארוז,לסר,IL,ביצים אומגה 3 30 יח,Unknown,0.00,Unknown,false,1,44.90,44.90,true,1,
7290001201824,false,תבנית ביצים 12 יח' לארג' אורגני,מ.לסר,IL,ביצים אורגניות 12 יח,Unknown,0.00,Unknown,false,1,21.90,21.90,true,1,
7290001201855,false,ביצים אומגה L/12 גדול ארוז,מ.לסר,IL,ביצים אומגה 3 12 יח,Unknown,0.00,Unknown,false,1,19.90,19.90,true,1,
7290001201862,false,ביצי חופש לארג' 12 יחידות,מ.לסר,IL,ביצי חופש 12 יח L,Unknown,0.00,Unknown,false,1,19.50,19.50,true,1,
7290001216231,false,טחינה גולמית שומשום מלא אל ארז 500 גרם,אגס ירוק מסחר ושירותים,IL,טחינה מלאה 500 גרם ט,גרמים,500.00,100 גרם,false,1,16.90,3.38,true,1,
7290001245712,false,אקונומיקה 4 ליטר טאצ,,,אקונומיקה 4 ליטר טאצ,Unknown,0.00,Unknown,false,1,9.90,9.90,true,1,
7290001246054,false,פותח סתימות 1 ליטר טאצ,סאסאטק,IL,פותח סתימות 1 ליטר ט,Unknown,0.00,Unknown,false,1,14.90,14.90,true,1,
7290001246061,false,מרכך מרוכז פרפיום פנטזי טאצ 1ל',סאסאטק,IL,מרכך כביסה מרוכז כחו,Unknown,0.00,Unknown,false,12,11.90,11.90,true,1,
7290001246085,false,טאצ' מרסס ניקוי חלונות 1 ליטר,,IL,ניקוי חלונות 1 ליטר,Unknown,0.00,Unknown,false,1,6.90,6.90,true,1,
7290001246122,false,"תרסיס ניקוי כללי+ אקונומיקה 750 מ""ל טאצ",סאסאטק,IL,תרסיס ניקוי כללי+אקו,Unknown,0.00,Unknown,false,1,10.90,10.90,true,1,
7290001246146,false,מסיר אבן 1 ליטר טאצ',,,מסיר אבן 1 ליטר טאצ,Unknown,0.00,Unknown,false,1,12.90,12.90,true,1,
7290001246757,false,נוזל רצפות מלון בוטיק טאצ' 2 ליטר,סאסאטק,IL,נוזל רצפות מלון בוטי,Unknown,0.00,Unknown,false,1,18.90,18.90,true,1,
7290001247143,false,קרטונית נקטר ספרינג תפוחים 1 ליטר,יפאורה שותפות מובגלת לשיווק,IL,קרטונית נקטר ספרינג,מיליליטרים,1000.00,"100 מ""ל",false,1,6.90,0.69,true,1,
7290001258972,false,גבינת חלומי בואקום 2,גבינות משק יעקבס,IL,חלומי 200 גר,גרמים,200.00,100 גרם,false,1,26.50,13.25,true,1,
7290001265642,false,"מזון חתולים מעדני פטה 1.2 ק""ג מארז 3 יחידות",קריות זול,FR,שלישיית מעדני לה-קט,גרמים,1200.00,100 גרם,false,1,19.90,1.66,true,1,
7290001305058,false,"פלמוליב - נטורלס תחליב רחצה חלב ודבש 500 מ""ל",הנסיך- מפעל לייצור ט,TR,פלמוליב נטורלס סבון,מיליליטרים,500.00,"100 מ""ל",false,1,17.70,3.54,true,1,
7290001356166,false,סלומון פרוס בוואקום,ישראגל,,סלמון מעושן 100 גרם,גרמים,100.00,100 גרם,false,1,24.90,24.90,true,1,
7290001361054,false,אקלרים פטיסייר (600 ג'),אף.סי תבליני בגליל ב,IL,אקלרים וניל 600 גרם,גרמים,600.00,100 גרם,false,1,43.90,7.32,true,1,
7290001361085,false,עוגת נפוליאון פס 600,אף.סי תבליני בגליל ב,IL,עוגת נפוליאון,גרמים,600.00,100 גרם,false,1,44.90,7.48,true,1,
7290001361979,false,פס גבינה פירורים ללא סוכר 450 ג',נטלי פלוס,,"פס גבינה ללת""ס",גרמים,500.00,100 גרם,false,1,44.90,8.98,true,1,
7290001407813,false,חלבה שאמית עם פיסטוק בארכה 350 גרם,"רושדי תעשיות מזון בע""\מ",IL,חלבה שאמית פיסטוק 35,גרמים,350.00,100 גרם,false,1,17.30,4.94,true,1,
7290001407820,false,חלווה שאמית וניל קלאסית בארכה 350ג',רושדי תעשיות מזון בע,IL,חלבה שאמית קלאסית 35,גרמים,350.00,100 גרם,false,1,17.30,4.94,true,1,
7290001419618,false,וופל בלגי עלמה שחור לבן וניל 200ג',"גילרו בע""מ",IL,עלמה וופל קראנץ שוקו,גרמים,200.00,100 גרם,false,1,3.90,1.95,true,1,
7290001427453,false,קשת פינק ליידי תפוחים 1 ליטר מצונן,פרי ניב,IL,מיץ תפוחים פינק לייד,מיליליטרים,1000.00,"100 מ""ל",false,1,22.90,2.29,true,1,
7290001482094,false,גבינה פרמז'נו משולשים ויליפוד 200ג',זנטי אס. אי לאלין,IT,פרמזנו 200 גר,גרמים,200.00,100 גרם,false,1,26.50,13.25,true,1,
7290001482384,false,חתיכות אננס בסירופ קל וילי פוד 227 גרם,וילי פוד,TH,אננס חתוך וילי פוד 2,גרמים,227.00,100 גרם,false,1,4.80,2.11,true,1,
7290001485019,false,גבינת קרם שמנת טבעי 5% טרה 200 גרם,קריות זול,IL,גבינה שמנת טבעי 5% 2,גרמים,200.00,100 גרם,false,1,12.90,6.45,true,1,
7290001581094,false,כנפיים עוף ללא נוצות טרי,,,כנפיים עוף ללא נוצות,Unknown,0.00,"ק""ג",true,0,17.90,17.90,true,1,
7290001594230,false,קינלי סודה בבקבוק זכוכית,החברה המרכזית לייצור,IL,"קינלי סודה 250 מ""ל",מיליליטרים,250.00,"100 מ""ל",false,1,2.90,1.16,true,1,
7290001594391,false,"פריגת משקה קל ענבים בבקבוק אישי 500 מ""ל",מבשלות בירה בינלאומיות ב,IL,פריגת ענבים 500,מיליליטרים,500.00,"100 מ""ל",false,1,5.90,1.18,true,1,
7290001594858,false,"שישייה בירה טובורג רד בקבוק 330 מ""ל",מבשלות בירה בינלאומיות ב,IL,טובורג רד שישייה בקב,מיליליטרים,1980.00,"100 מ""ל",false,1,32.90,1.66,true,1,
7290001670873,false,"צלחות גדולות לבנות קשיח ח""פ הנמל 66יח'",הנמל אריזות ושיווק ב,IL,צלחות הנמל 1 קג,Unknown,0.00,Unknown,false,1,59.50,59.50,true,1,
7290001713150,false,סנט מוריץ מתז אקונומיקה Bleach קצף לימון 1 ליטר,קומפלקס כימיקלים בעמ,IL,קצף אקונומיקה סנט מו,ליטרים,0.00,ליטר,false,1,11.90,11.90,true,1,
7290001791349,false,פיסגה אקונומיקה ריחנית סנו 4 ליטר,"סנו מפעלי ברונוס בע""מ",IL,פסגה אקונומיקה 4 ליט,ליטרים,0.00,ליטר,false,1,9.90,9.90,true,1,
7290001817728,false,צ'יטוס אפוי כאפה בטעם קטשופ 55 גרם,"שטראוס פריטו ליי בע""\מ )",IL,ציטוס כאפה עידן הקרח,גרמים,55.00,100 גרם,false,1,3.50,6.36,true,1,
7290001865439,false,פמילי אל סבון נוזלי בניחוח וניל 1 ליטר,אף.סי תבליני בגליל ב,IL,פמילי אל סבון נוזלי,מיליליטרים,1000.00,"100 מ""ל",false,1,13.90,1.39,true,1,
7290001881040,false,מלפפון בייבי כבוש במ,מאמא מרי,IL,מלפפון בייבי 600 גרם,גרמים,600.00,100 גרם,false,1,31.50,5.25,true,1,
7290001881224,false,קוביות אננס קפואות מ,מאמא מרי,IL,אננס חתוך קפוא 300 ג,גרמים,300.00,100 גרם,false,1,16.90,5.63,true,1,
7290001881293,false,תות שדה קפוא 300 גר,מאמא מרי,,תות שדה 300 גרם,גרמים,300.00,100 גרם,false,1,13.90,4.63,true,1,
7290001881873,false,"מאמא מרי כרוב עם חמוציות 1 ק""ג",מאמא מרי,,כרוב עם חמוציות 1 קג,קילוגרמים,0.00,"ק""ג",false,1,20.90,20.90,true,1,
7290001990117,false,שומשום סוגת 100 גרם,האי נאם סי או אל.טי.,IL,שומשום 100 גרם,גרמים,100.00,100 גרם,false,1,4.50,4.50,true,1,
7290001992210,false,קרפלך רוסי 800 גרם,מעדני מניה תעשיות בש,,קרפלך רוסי 800 גרם,גרמים,800.00,100 גרם,false,1,29.90,3.74,true,1,
7290001992500,false,קרפלך ילדים 800 גר מניה,מעדני מניה תעשיות בש,,קרפלך ילדים 800 גר,גרמים,800.00,100 גרם,false,1,29.90,3.74,true,1,
7290002007500,false,קיסמי שיניים הנמל במבוק 500 יחידות,הנמל אריזות ושיווק בעמ,IL,קיסמי שיניים בחבית,Unknown,0.00,Unknown,false,1,3.10,3.10,true,1,
7290002007852,false,"תמצית אפייה בטעמים שונים 55 מ""ל הנמל",ממתקי עלה יצור ושיוו,IL,תמציות לאפיה,Unknown,0.55,Unknown,false,1,4.20,7.64,true,1,
7290002008507,false,נייר אפיה הנמל 50 יחידות,הנמל אריזות ושיווק ב,IL,נייר אפיה 50 יחידות,Unknown,0.00,Unknown,false,1,8.50,8.50,true,1,
7290002008651,false,קמח תפוחי אדמה הנמל 500 גרם,ר.ס. חברה ליבוא וייצ,IL,קמח תפוחי אדמה הנמל,גרמים,500.00,100 גרם,false,1,6.90,1.38,true,1,
7290002008750,false,אבקת אפיה עשירייה הנמל 100 גרם,ר.ס. חברה ליבוא ויצו,IL,אבקת אפיה 10 יח,גרמים,100.00,100 גרם,false,1,2.20,2.20,true,1,
7290002008989,false,קישקשים קשים לשתיה 225יח הנמל,שיווק: הנמל אריזות ושיוו,CN,קשים 225 יח,Unknown,0.00,Unknown,false,1,11.40,11.40,true,1,
7290002014201,false,חומוס מעדני מיקי 200 גרם,"סלטי שמיר 2006 בע""\מ",IL,חומוס 200 גרם,גרמים,200.00,100 גרם,false,1,7.50,3.75,true,1,
7290002014218,false,טחינה מעדני מיקי 200 גרם,"סלטי שמיר 2006 בע""\מ",IL,טחינה 200 גרם,גרמים,200.00,100 גרם,false,1,7.50,3.75,true,1,
7290002014232,false,סלט טורקי 200 גרם מעדני מיקי,מעדני מיקי,IL,סלט טורקי 200 גרם,גרמים,200.00,100 גרם,false,1,7.50,3.75,true,1,
7290002014799,false,מטבוחה מעדני מיקי 200 גרם,"סלטי שמיר 2006 בע""\מ",IL,מטבוחה 200 גרם,גרמים,200.00,100 גרם,false,1,7.50,3.75,true,1,
7290002019114,false,רוטב עגבניות מרוכז מאד 28-30BX פריניר,פרי ניר,IL,רוטב עגבניות % 28 פר,גרמים,560.00,100 גרם,false,1,6.90,1.23,true,1,
7290002019787,false,רוטב עגבניות מרוכז מאוד 260 גרם פריניר,פריניר ( הדס 1987) ב,IL,רוטב עגבניות מרוכז מ,גרמים,260.00,100 גרם,false,1,3.90,1.50,true,1,
7290002019794,false,רוטב עגבניות מרוכז מאוד 100 גרם פריניר,פריניר ( הדס 1987) ב,IL,רוטב עגבניות מרוכז מ,גרמים,100.00,100 גרם,false,1,1.90,1.90,true,1,
7290002026358,false,צ'יפס אריסטו זיג זג שקיות רשת,מוצרי איכות אמריקאיים,CA,ציפס בטטה קרינקל 500,גרמים,500.00,100 גרם,false,1,20.90,4.18,true,1,
7290002026365,false,טבעות בצל אריסטו קראנץ' 500 גרם,מוצרי איכות אמריקאיים,BE,טבעות בצל 500 גר,גרמים,500.00,100 גרם,false,1,14.60,2.92,true,1,
7290002026587,false,וופל בלגי פרווה בראנץ אנד קראנץ 8 יח',בראנץ' אנד קראנץ Brunch& Crunch,BE,וופל בלגי קפוא 280 ג,גרמים,280.00,100 גרם,false,1,17.20,6.14,true,1,
7290002037057,false,"לחם לבן פרוס ארוז ""ברמן"" - מוצר בפיקוח",מאפית י את א ברמן בע,IL,לחם לבן פרוס ודש,גרמים,500.00,100 גרם,false,1,6.10,1.22,true,1,
7290002040019,false,קוסקוס רגיל הנמל 350 גרם,"קוסקוס מזון בע""מ",IL,קוסקוס רגיל 350 גרם,גרמים,350.00,100 גרם,false,1,5.90,1.69,true,1,
7290002040064,false,קוסקוס דק הנמל 350 גרם,טרופיקל דגיל תעשיות,IL,קוסקוס דק 350 גרם,גרמים,350.00,100 גרם,false,1,5.90,1.69,true,1,
7290002053538,false,נודלס בסגנון תאילנדי 25 תוספת אוריינטל 500 גרם,פ.פ.ח. טאביה ספ זאו.או,PL,נודלס תאילנדי אורינט,גרמים,500.00,100 גרם,false,1,13.90,2.78,true,1,
7290002057031,false,זיתים מבוקעים פיקנטי קבוצת יבנה 340 גרם,קבוצת יבנה,IL,זית מבוקע פיקנטי 540,גרמים,540.00,100 גרם,false,1,9.90,1.83,true,1,
7290002057185,false,טבעות זיתים ירוקים קבוצת יבנה 560 גרם,קבוצת יבנה,IL,טבעות זיתים ירוקים,גרמים,540.00,100 גרם,false,1,9.90,1.83,true,1,
7290002057369,false,מלפפונים במלח ‏12‏-‏10‏ קבוצת יבנה 320 גרם,קבוצת יבנה,IL,מלפפון במלח יבנה 10-,גרמים,540.00,100 גרם,false,1,7.90,1.46,true,1,
7290002057376,false,מלפפונים במלח ‏17‏-‏13‏ קבוצת יבנה 320 גרם,קבוצת יבנה,IL,מלפפון במלח יבנה 13-,גרמים,540.00,100 גרם,false,1,9.90,1.83,true,1,
7290002073628,false,גאודה אגוזים הולנדי במשקל,,,גאודה אגוזים הולנדי,Unknown,0.00,"ק""ג",true,0,145.00,145.00,true,1,
7290002073635,false,גאודה פסטו הולנדי במשקל,,,גאודה פסטו הולנדי במ,Unknown,0.00,"ק""ג",true,0,132.00,132.00,true,1,
7290002079033,false,לחם דגנים לייט פרוס 500 גרם,מאפיית דוידוביץ ובניו בע,IL,לחם דגנים לייט פרוס,גרמים,500.00,100 גרם,false,1,13.90,2.78,true,1,
7290002079217,false,מחמצת עם אגוזים שיפון 650 ג',מאפיית דוידוביץ ובני,IL,מחמצת עם אגוזים,גרמים,650.00,100 גרם,false,1,12.90,1.98,true,1,
7290002079477,false,לחם אחיד פרוס דוידוב,מאפיית דוידוביץ ובניו בע,IL,לחם אחיד פרוס 750 גר,גרמים,750.00,100 גרם,false,1,7.11,0.95,true,1,
7290002107491,false,גבינה לבנה מחלב עיזים למריחה 5% משק צוריאל 250 גרם,מחלבת משק צוריאל,IL,גבינת עיזים למריחה 5,גרמים,250.00,100 גרם,false,1,16.90,6.76,true,1,
7290002107965,false,טבורוג גבינה לאפייה 5% צוריאל 500 ג',מחלבת משק צוריאל,IL,צוריאל גבינה טבורוג,גרמים,500.00,100 גרם,false,1,24.90,4.98,true,1,
7290002130574,false,דבש טהור מפרחי בר בזכוכית 500 ג' יד מרדכי,מכוורת יד מרדכי שטראוס ב,IL,דבש טהור יד מרדכי500,גרמים,500.00,100 גרם,false,1,24.70,4.94,true,1,
7290002130581,false,"דבש טהור יד מרדכי 1 ק""ג",מכוורת יד מרדכי שטראוס ב,IL,דבש טהור יד מרדכי 1,גרמים,1000.00,100 גרם,false,1,34.90,3.49,true,1,
7290002133162,false,גבינה בולגרית 5% גבינות השומרון 250 גרם,מחלבת השומרון,IL,בולגרית % 5 בגביע 25,גרמים,200.00,100 גרם,false,1,19.50,9.75,true,1,
7290002133537,false,יוגורט של פעם חלב עיזים 4% גבינות השומרון 180 גרם,מחלבת השומרון,IL,יוגורט של פעם עיזים,גרמים,180.00,100 גרם,false,1,6.20,3.44,true,1,
7290002190516,false,"ריבת חלב גלעם-קומידה 500ג' 12X-כשל""פ",אשבל מזון פונקציונלי בע\,IL,ממרח ריבת חלב 500 גר,גרמים,500.00,100 גרם,false,1,12.90,2.58,true,1,
7290002253006,false,שום כתוש דורות בצנצנת 200 גרם,עיצובים 2020 (3.8),IL,שום כתוש בצנצנת 200,גרמים,200.00,100 גרם,false,1,15.90,7.95,true,1,
7290002253105,false,קוביות שום כתוש טרי דורות 80 גרם,עיצובים 2020 (3.8),IL,מגשית שום טרי דורות,גרמים,80.00,100 גרם,false,1,11.90,14.88,true,1,
7290002253150,false,קוביות בזיליקום קצוץ דורות 70 גרם,עיצובים 2020 (3.8),IL,מגשית בזיליקום דורות,גרמים,70.00,100 גרם,false,1,12.50,17.86,true,1,
7290002253167,false,פטרוזיליה קצוצה דורות 70 גרם,עיצובים 2020 (3.8),IL,מגשית פטרוזיליה דורו,גרמים,70.00,100 גרם,false,1,12.50,17.86,true,1,
7290002253181,false,קוביות כוסברה קצוצה דורות 70 גרם,עיצובים 2020 (3.8),IL,מגשית כוסברה דורות 7,גרמים,70.00,100 גרם,false,1,12.50,17.86,true,1,
7290002259657,false,"דייאמונד רדיד אלומיניום צר 30 ס""מ ארוך פי 3, 22.5 מ'",קריות זול,US,דיאמונד רדיד אלומיני,מטרים,22.50,מטר,false,1,27.90,1.24,true,1,
7290002263661,false,מיץ לימון 250מל 100% אחוז טבעי,,IT,מיץ לימון 100% טבעי,מיליליטרים,250.00,"100 מ""ל",false,0,7.50,3.00,true,1,
7290002304210,false,קונפיטורה ביתית משמש לייט 600 גר,ענבי ציון,IL,קונפיטורה ביתית משמש,גרמים,600.00,100 גרם,false,1,29.50,4.92,true,1,
7290002304227,false,קונפיטורה ביתית דובדבן חמוציות לייט 600,ענבי ציון,IL,קונפיטורה ביתית דובד,גרמים,600.00,100 גרם,false,1,29.50,4.92,true,1,
7290002304609,false,קונפיטורה ביתי ענבי ציון תות 600 גרם,ענבי ציון,IL,קונפיטורה ביתי ענבי,גרמים,600.00,100 גרם,false,1,19.90,3.32,true,1,
7290002304630,false,קונפיטורה ביתי ענבי ציון דובדבן 600 גרם,ענבי ציון,IL,קונפיטורה ביתי ענבי,גרמים,600.00,100 גרם,false,1,19.90,3.32,true,1,
7290002304654,false,קונפיטורה ביתי ענבי ציון שזיף 600 גרם,ענבי ציון,IL,קונפיטורה ביתי ענבי,גרמים,600.00,100 גרם,false,1,19.90,3.32,true,1,
7290002331360,false,"נביעות מים מינרליים טו גו מארז 500X6מ""ל",נביעות טבע,IL,שישיית מים נביעות,מיליליטרים,3000.00,"100 מ""ל",false,1,11.70,0.39,true,1,
7290002331490,false,מים מינרליים נביעות 1 ליטר,נביעות טבע הגליל בעמ,IL,מים נביעות 1 ליטר,מיליליטרים,1000.00,"100 מ""ל",false,1,2.90,0.29,true,1,
7290002333104,false,בורגול אורגני 500 גרם - הרדוף,אול אורגני,IL,בורגול אורגני 500 גר,גרמים,500.00,100 גרם,false,1,8.90,1.78,true,1,
7290002353836,false,סרדינים רוברט בשמן זית 115 גרם,קונסרבס פורטוגל נורטה,PT,סרדינים רוברט בשמן,גרמים,120.00,100 גרם,false,1,8.90,7.42,true,1,
7290002360285,false,חליטת צמחים פומפדור קמומיל 20 יחידות,TEEKANNE- POMPADOU,DE,תה חליטת קמומיל 20 י,Unknown,0.00,Unknown,false,1,16.70,16.70,true,1,
7290002374268,false,שמן חמניות מילומור 1 ליטר,שמן תעשיות,IL,שמן חמניות 1 ליטר,מיליליטרים,1000.00,"100 מ""ל",false,1,12.50,1.25,true,1,
7290002374312,false,"שמן קנולה מילומור 1 ל' עד""ח","נארז ע""י : א.ג. גילר",IL,שמן קנולה 1 ליטר,מיליליטרים,1000.00,"100 מ""ל",false,1,10.00,1.00,true,1,
7290002408161,false,גבינה הולנדיה קרם 235ג',,NL,הולנדית קרם 235 גר,גרמים,235.00,100 גרם,false,1,16.70,7.11,true,1,
7290002408505,false,גבינת לטבייסקי ממרח בסיס על שמנת 350 גרם,,LV,גבינת לטבייסקי ממרח,גרמים,350.00,100 גרם,false,0,10.40,2.97,true,1,
7290002477556,false,כבד עוף טרי,,,כבד עוף טרי,Unknown,0.00,"ק""ג",true,0,19.90,19.90,true,1,
7290002485025,false,סלט חומוס מסעדות 500 גרם,"סלטי שמיר 2006 בע""מ",IL,חומוס מסעדות 500גר,גרמים,500.00,100 גרם,false,1,16.20,3.24,true,1,
7290002485049,false,סלט חומוס מסבחה 500 גרם,"סלטי שמיר 2006 בע""מ",IL,חומוס מסבחה 500גר,גרמים,500.00,100 גרם,false,1,16.20,3.24,true,1,
7290002485063,false,סלט חומוס אבו גוש בי,"סלטי שמיר 2006 בע""מ",IL,חומוס אבו גוש 500גר,גרמים,500.00,100 גרם,false,1,16.20,3.24,true,1,
7290002617297,false,פילה דג בסה מעובד קלאסי קפוא,,,פילה דג בסה קפוא,Unknown,0.00,Unknown,false,1,28.90,28.90,true,1,
7290002617709,false,"שרימפס מקולף גמבו 1 ק""ג קפוא 16/20",,,שרימפס מקולף גמבו 1,קילוגרמים,0.00,"ק""ג",false,1,135.90,135.90,true,1,
7290002617723,false,"שרימפס מקולף 1 ק""ג גדול קפוא 26/30",,,שרימפס מקולף גדול,קילוגרמים,0.00,"ק""ג",false,1,109.90,109.90,true,1,
7290002661153,false,"לחם דני קל ברמן 1 ק""",מאפית י את א ברמן בע,IL,"לחם דני קל 1 ק""ג",גרמים,1000.00,100 גרם,false,1,13.90,1.39,true,1,
7290002661443,false,פירורי לחם מוזהבים עדינים 200 גר.,,IL,פירור זהוב עדין 200,גרמים,250.00,100 גרם,false,1,2.90,1.16,true,1,
7290002692393,false,שמן קנולה מזוכך מועשר עץ הזית 1 ליטר,שמן תעשיות בעמ,EE,שמן קנולה עץ הזית 1,מיליליטרים,1000.00,"100 מ""ל",false,1,15.90,1.59,true,1,
7290002692478,false,"שמן זית כתית מעולה קלאסי מעודן 750 מ""ל עץ הזית","מרקאולאו, ספרד.אבסה,",IT,שמן זית כתית מעולה ב,מיליליטרים,750.00,"100 מ""ל",false,1,29.90,3.99,true,1,
7290002692782,false,"תרסיס שמן זית כתית מעולה ללא תוספת גז עץ הזית 150 מ""ל",י.ב טכנולוגיות אריזה,IT,תרסיס שמן זית כתית מ,מיליליטרים,150.00,"100 מ""ל",false,1,13.90,9.27,true,1,
7290002715511,false,ארוחת נודלס בטעם בשר מג'יק 70 גרם,טאט הוי פוד בעמ,SG,מרק בשר מגיק בכוס 70,גרמים,70.00,100 גרם,false,1,4.90,7.00,true,1,
7290002730262,false,"נוזל לניקוי כלים קלאסי פלמוליב 750 מ""ל",יבואן ומשווק: ש. שסט,GR,פלמוליב לכלים אקטיב,מיליליטרים,750.00,"100 מ""ל",false,1,11.50,1.53,true,1,
7290002730538,false,בלונס פדים להסרת איפור 80 יח',הנסיך- מפעל לייצור ט,GR,בלונס מסיר איפור,Unknown,0.00,Unknown,false,1,10.40,10.40,true,1,
7290002730958,false,סבון מוצק בניחוח זיתים ואלוורה פלמוליב 4*100 גרם,הנסיך- מפעל לייצור ט,TR,סבון מוצק פלמוליב יר,גרמים,400.00,100 גרם,false,1,16.70,4.18,true,1,
7290002766056,false,עגבניות שרי לב אדום יח',רון שרי,IL,עגבניות שרי,Unknown,0.00,Unknown,false,1,11.90,11.90,true,1,
7290002808398,false,חומץתפוחי עץ טבעי 47,אולד דאץ,US,"חומץ תפוחים 473 מ""ל",מיליליטרים,473.00,"100 מ""ל",false,1,9.90,2.09,true,1,
7290002824466,false,יוגורט דנונה ביו לבן 0% שומן 200 גרם,"שטראוס בריאות בע""\מ",IL,יוגורט דנונה ביו 0%,מיליליטרים,200.00,"100 מ""ל",false,1,3.50,1.75,true,1,
7290002824640,false,"גבינת סקי 250 גרם 5% ""שטראוס"" -מוצר בפיקוח",מיוצר עי קונדיטוריית,IL,גבינת סקי 5% 250 גרם,גרמים,250.00,100 גרם,false,1,4.75,1.90,true,1,
7290002825722,false,סלט כרוב אדום אחלה 500 גרם,מיוצר עי קונדיטוריית,IL,כרוב אדום 500 גר,גרמים,500.00,100 גרם,false,1,13.90,2.78,true,1,
7290002837039,false,פרמזן דזוגס במשקל,,,פרמזן דזוגס במשקל,Unknown,0.00,"ק""ג",true,0,72.00,72.00,true,1,
7290002842309,false,סרדין מינרבה בשמן 120 גרם,יו.אס.איי וליו קו,,סרדין מינרבה בשמן 12,גרמים,120.00,100 גרם,false,1,8.90,7.42,true,1,
7290002868996,false,"קוטג' 5% שומן, רכיבים טבעיים, 250 גרם",קריות זול,IL,קוטג 5% מועשר 250 גר,גרמים,250.00,100 גרם,false,1,5.90,2.36,true,1,
7290002881018,false,מעדן תות שדה 100% 284 גרם,קריות זול,,מעדן תות שדה 100% 28,גרמים,284.00,100 גרם,false,1,14.90,5.25,true,1,
7290002881230,false,חתיכות אננס בסירופ קל תומר 850 גרם,"אניס פארם בע""מ",VN,אננס חתוך תומר 850 ג,גרמים,825.00,100 גרם,false,1,11.90,1.44,true,1,
7290002881278,false,לפתן אפרסק חצאים תומ,Elbak s.a - greek ca,,אפרסק חצאים 820 גרם,גרמים,820.00,100 גרם,false,1,11.90,1.45,true,1,
7290002881612,false,לפתן דובדבנים חמוצים תומר 720 גרם,Fructo sliven jsc,BG,לפתן דובדבנים חמוצים,גרמים,680.00,100 גרם,false,1,11.90,1.75,true,1,
7290002881865,false,פטריות שמפיניון חתוכות 400 ג' תומר,Prochamp B.V,NL,פטריות חתוכות 400 גר,גרמים,400.00,100 גרם,false,1,5.20,1.30,true,1,
7290002900214,false,קבב מזרחי טירת צבי 4,טיב טירת צבי 2000,IL,קבב מזרחי 450 גרם,גרמים,450.00,100 גרם,false,1,27.90,6.20,true,1,
7290002900566,false,פסטרמה ברביקיו דל שומן טירת צבי 400 גרם,הנסיך- מפעל לייצור ט,IL,"פסטרמה ברביקיו ד""ש 3",גרמים,360.00,100 גרם,false,1,24.90,6.92,true,1,
7290002966005,false,קוויאר אדום מאצות ים 100גר,,,קוויאר אדום מאצות ים,גרמים,100.00,100 גרם,false,1,13.90,13.90,true,1,
7290002966784,false,סלט איקרא ורודה 200 גרם,,IL,סלט איקרא ורודה 200,גרמים,200.00,100 גרם,false,1,13.90,6.95,true,1,
7290002971009,false,"קמח חיטה לבן בהיר שטיבל 1 ק""ג",שטיבל טחנות קמח,IL,"קמח לבן שטיבל 1 ק""ג",גרמים,1000.00,100 גרם,false,1,4.10,0.41,true,1,
7290002971016,false,"שטיבל סולת חיטה 1 ק""ג","שטיבל בע""מ",IL,"סולת שטיבל 1 ק""ג",גרמים,1000.00,100 גרם,false,1,4.80,0.48,true,1,
7290002971955,false,קמח שטיבל חיטה לבן מנופה 1קג,טחנת קמח דגן-שטיבל,IL,קמח שטיבל 650 ללא ני,גרמים,1000.00,100 גרם,false,1,9.40,0.94,true,1,
7290002971993,false,"קמח כוסמין מס 14 ללא ניפוי 1 ק""ג",טחנת קמח דגן-שטיבל,IL,קמח כוסמין מס 14 ללא,גרמים,1000.00,100 גרם,false,1,15.60,1.56,true,1,
7290002972006,false,"קמח שטיבל 405 ללא ניפוי 1 ק""ג",טחנת קמח דגן-שטיבל,IL,קמח שטיבל 405 ללא ני,גרמים,1000.00,100 גרם,false,1,9.40,0.94,true,1,
7290002973676,false,"קמח שטיבל לחלה 18 ללא ניפוי 1 ק""ג",טחנת קמח דגן-שטיבל,IL,קמח שטיבל לחלה 18 לל,גרמים,1000.00,100 גרם,false,1,9.40,0.94,true,1,
7290003009329,false,בוטנים אמריקאיים קליית גת 200 גרם,הדקלאים אגודת שיתופי,IL,בוטן אמריקאי שקית 20,גרמים,200.00,100 גרם,false,1,6.20,3.10,true,1,
7290003009640,false,מיץ תפוזים סחוט רכיבים טבעיים פריגת 1 ליטר,פריגת מצוננים,IL,סחוט טרי תפוז 1 ליטר,מיליליטרים,1000.00,"100 מ""ל",false,1,15.20,1.52,true,1,
7290003011087,false,"אורז בסמטי הודי מובחר שקדיה 1 ק""ג",אלסקה/ טילדה,IN,אורז בסמטי אלפאנט 1,גרמים,1000.00,100 גרם,false,1,12.50,1.25,true,1,
7290003024001,false,גבינה ברי צרפתי במשקל,,FR,גבינה ברי צרפתי,Unknown,0.00,"ק""ג",true,0,157.00,157.00,true,1,
7290003026029,false,"ד""ר פישר - קמיל בלו סנסיטיב שמפו אלדמע 500 מ""ל",פישר מעבדות פרמצבטיות בע,IL,שמפו אל דמע קמיל בלו,מיליליטרים,500.00,"100 מ""ל",false,1,20.40,4.08,true,1,
7290003029181,false,משקה יטבתה שוקו' בקבוק 1ל מהדרין,שטראוס גרופ,IL,שוקו בקבוק יטבתה,מיליליטרים,1000.00,"100 מ""ל",false,1,11.60,1.16,true,1,
7290003029372,false,משקה חלב בטעם בננה יטבתה 1 ליטר,שטראוס גרופ,IL,משקה חלב בננה 1 ליטר,מיליליטרים,1000.00,"100 מ""ל",false,1,11.60,1.16,true,1,
7290003029389,false,"משקה חלב בננה פקק ספורט 250 מ""ל יוטבתה",שטראוס גרופ,IL,"בננה פקק 250 מ""ל",מיליליטרים,250.00,"100 מ""ל",false,1,5.30,2.12,true,1,
7290003029433,false,"משקה יטבתה שוקו פקק 250 מ""ל מהדרין",שטראוס גרופ,IL,שוקו פקק יטבתה 250 מ,מיליליטרים,250.00,"100 מ""ל",false,1,5.30,2.12,true,1,
7290003029532,false,מוקה בבקבוק יטבתה 1 ליטר מהדרין,שטראוס גרופ,IL,מוקה בקבוק 1 ליטר,מיליליטרים,1000.00,"100 מ""ל",false,1,11.60,1.16,true,1,
7290003029792,false,"משקה יטבתה שוקו שקיות מהדרין מארז 225X8מ""ל",שטראוס גרופ,IL,מארז שוקו יטבתה 8,ליטרים,0.00,ליטר,false,1,18.50,18.50,true,1,
7290003029815,false,כד חלב 3% יטבתה 2 ליטר מהדרין,שטראוס גרופ,IL,חלב יטבתה 3% מועשר 2,ליטרים,0.00,ליטר,false,1,14.90,14.90,true,1,
7290003029907,false,אייס קפה יטבתה 1 ליטר מהדרין,שטראוס גרופ,IL,קפה יטבתה 1ליטר,מיליליטרים,1000.00,"100 מ""ל",false,1,11.60,1.16,true,1,
7290003054657,false,חרדל ריין דיז'ון אקסטרה פורטה 370 גרם,מרום את קונפינו,FR,חרדל דיזיון 370 גר,גרמים,370.00,100 גרם,false,1,11.50,3.11,true,1,
7290003072606,false,נקניקיות עוף מיני טירת צבי 350 גרם,הנסיך- מפעל לייצור ט,IL,מיני נקניקיות עוף טי,גרמים,350.00,100 גרם,false,1,12.90,3.69,true,1,
7290003072804,false,פסטרמה של פעם טירת צבי 200 גרם,טיב טירת צבי 2000,IL,פסטרמה של פעם 200 גר,גרמים,200.00,100 גרם,false,1,18.90,9.45,true,1,
7290003072811,false,נקניקיות בראטוורסט 320 גרם טירת צבי ללא גלוטן,טיב טירת צבי 2000,IL,נקניקיות בראטוורסט 3,גרמים,320.00,100 גרם,false,1,18.90,5.91,true,1,
7290003094400,false,קוויאר פחיות 140 גר,א.ר.ד.י.ו,,קוויאר פחיות 140 גר,Unknown,0.00,Unknown,false,1,44.90,44.90,true,1,
7290003126712,false,יוגורט עיזים מחלב מלא 3.7% משק צוריאל 150 גרם,מחלבת משק צוריאל,IL,משק צוריאל יוגורט עי,גרמים,140.00,100 גרם,false,1,6.50,4.64,true,1,
7290003141159,false,יוגטה מרשמלו ממתק מוקצף בטעמי תות שדה ווניל 180 גרם,יוגוטה,IL,מרשמלו יוגטה 180 גרם,גרמים,180.00,100 גרם,false,1,8.30,4.61,true,1,
7290003143276,false,יוגטה מרשמלו ממתק מוקצף בטעם תות שדה 180 גרם,תות ממתקי איכות,IL,מרשמלו יוגטה מגולגל,גרמים,180.00,100 גרם,false,1,7.30,4.06,true,1,
7290003220588,false,"רוטה צ'ילי מתוק ללא סוכר 700 מ""ל WOK",תאי פרידה אינדסטרי ב,TH,רוטב צ`ילי מתוק ללא,מיליליטרים,700.00,"100 מ""ל",false,1,17.70,2.53,true,1,
7290003224128,false,"כיסונים תפו""א 800 ג' מאמא מרי",מאמא מרי,IL,"כיסונים תפו""א 800 גר",גרמים,800.00,100 גרם,false,1,21.90,2.74,true,1,
7290003224159,false,בלינצ'יס בשר 7 יחידות,מאמא מרי,IL,בלינצס בשר 7 יח,Unknown,0.00,Unknown,false,1,23.90,23.90,true,1,
7290003224173,false,בלינצ'יס פטריות 7 יחידות,מאמא מרי,IL,בלינצס פטריות 7 יח,גרמים,700.00,100 גרם,false,1,21.90,3.13,true,1,
7290003224272,false,"כיסונים בשר מוסקובסקי מאמא מרי 1 ק""ג",מאמא מרי,IL,כיסונים מוסקובסקי 1,גרמים,1000.00,100 גרם,false,1,32.90,3.29,true,1,
7290003224357,false,קוואס משקה מאלט ביתי,,,קוואס ביתי 2 ליטר,ליטרים,0.00,ליטר,false,1,15.90,15.90,true,1,
7290003224456,false,"כיסונים בשר סיבירסקי מאמא מרי 1 ק""ג",מאמא מרי,IL,כיסונים בשר סיבירסקי,גרמים,1000.00,100 גרם,false,1,29.90,2.99,true,1,
7290003224463,false,"כיסונים בשר - אוקראינסקי 1 ק""ג",מאמא מרי,,כיסונים בשר - אוקראי,גרמים,1000.00,100 גרם,false,1,29.90,2.99,true,1,
7290003229123,false,פסטרמה הודו על גחלים 2% טירת צבי 400 גרם,הנסיך- מפעל לייצור ט,IL,פסטרמה על גחלים,גרמים,400.00,100 גרם,false,1,24.90,6.23,true,1,
7290003229215,false,פסטרמה איטלקית 3.5% טירת צבי 360 גרם,טירת צבי - מדף,IL,פסטרמה איטלקית 360 ג,גרמים,360.00,100 גרם,false,1,29.90,8.31,true,1,
7290003411405,false,נר נשמה להבית 24 שעות,מיוצר בסין.יבוא ושיו,CN,נר נשמה בפח הנמל 24,Unknown,0.00,Unknown,false,1,2.70,2.70,true,1,
7290003411993,false,גפרורים הנמל 10 יחידות,"איטיליאן פוד, אס.פי.",SE,גפרורים 10 יח,Unknown,0.00,Unknown,false,1,2.90,2.90,true,1,
7290003427154,false,"שמן זית כתית מעולה טעם מעודן זיתא 750 מ""ל",זיתא תעשיות שמן זיתt\,IL,שמן זית כתית מעולה מ,מיליליטרים,750.00,"100 מ""ל",false,1,31.90,4.25,true,1,
7290003438006,false,ממרח אולביה פסטו וצנובר איטלקי 190ג',מיוצר עי קונדיטוריית,IL,ממרח פסטו איטלקי,גרמים,180.00,100 גרם,false,1,10.00,5.56,true,1,
7290003444009,false,הרשי ריזס חטיף במילוי בוטנים 42 גרם,ליימן מותגים,US,חטיף הרשי ריזס שוקול,גרמים,42.00,100 גרם,false,1,3.70,8.81,true,1,
7290003464531,false,אסאדו עגל טרי,,,אסאדו עגל טרי,Unknown,0.00,"ק""ג",true,0,49.90,49.90,true,1,
7290003464883,false,אגוז טרי,,,אגוז עגל טרי,Unknown,0.00,"ק""ג",true,0,54.90,54.90,true,1,
7290003521081,false,"סרקל שמפו אל דמע לילדים ד""ר פישר 1 ליטר",פישר מעבדות פרמצבטיות בע,IL,שמפו סרקל דר פישר 1,מיליליטרים,1000.00,"100 מ""ל",false,1,31.50,3.15,true,1,
7290003578498,false,חמאה ללא תוספת מלח 500 גר VALIO,ואליו,FI,חמאה ללא תוספת מלח 5,גרמים,500.00,100 גרם,false,0,30.90,6.18,true,1,
7290003598311,false,מינוט סטייק חלק ריאה 300 ג',"בלדי בע""\מ",IL,מינוט סטייק 300 גרם,גרמים,300.00,100 גרם,false,1,34.90,11.63,true,1,
7290003610112,false,צוואר בלי עצם טרי,,,צוואר בלי עצם טרי,Unknown,0.00,"ק""ג",true,0,59.90,59.90,true,1,
7290003610129,false,בשר טחון טרי לקבב/המבורגר,,,בשר טחון טרי,Unknown,0.00,"ק""ג",true,0,39.90,39.90,true,1,
7290003643004,false,"סוגת אורז בסמטי קלאסי 1 ק""ג",האי נאם סי או אל.טי.,IL,"אורז בסמטי 1 ק""ג",גרמים,1000.00,100 גרם,false,1,12.90,1.29,true,1,
7290003643165,false,סוגת קורנפלור 500 גרם,"י. כהן בע""מ",IL,קורנפלור 500 גרם,גרמים,500.00,100 גרם,false,1,6.10,1.22,true,1,
7290003643387,false,"סוכר לבן בצנצנת 1 ק""ג סוגת",האי נאם סי או אל.טי.,IL,"סוכר לבן בצנצנת 1 ק""",גרמים,1000.00,100 גרם,false,1,8.90,0.89,true,1,
7290003643684,false,אפונה יבשה סוגת 500 גר',האי נאם סי או אל.טי.,IL,אפונה 500 גרם,גרמים,500.00,100 גרם,false,1,5.90,1.18,true,1,
7290003643745,false,סוגת כוסמת 500 גרם,האי נאם סי או אל.טי.,IL,כוסמת 500 גרם,גרמים,500.00,100 גרם,false,1,6.50,1.30,true,1,
7290003643769,false,עדשים אדומים יבש סוגת 500 גר',"סוגת תעשיות בע""\מ",IL,עדשים אדומים 500 גרם,גרמים,500.00,100 גרם,false,1,8.20,1.64,true,1,
7290003643783,false,קוקוס טחון סוגת 100 גרם,האי נאם סי או אל.טי.,IL,קוקוס 100 גרם,גרמים,100.00,100 גרם,false,1,3.90,3.90,true,1,
7290003643806,false,שעועית לבנה יבשה סוגת 500 ג',האי נאם סי או אל.טי.,IL,שעועית לבנה 500 גרם,גרמים,500.00,100 גרם,false,1,10.70,2.14,true,1,
7290003643813,false,שעועית אדומה יבשה סוגת 500 גר',האי נאם סי או אל.טי.,IL,שעועית אדומה 500 גרם,גרמים,500.00,100 גרם,false,1,12.50,2.50,true,1,
7290003726011,false,טופו רך כפרי בריא 30,Unknown,IL,טופו רך כפרי בריא 30,גרמים,300.00,100 גרם,false,1,14.60,4.87,true,1,
7290003726110,false,טופו אורגני בוואקום,Unknown,IL,טופו אורגני (רגיל) ב,גרמים,300.00,100 גרם,false,1,13.90,4.63,true,1,
7290003726615,false,"טופו ויילר 300 גרם ""שטראוס""",הדקלאים אגודת שיתופי,IL,טופו וילר 300 גר,גרמים,300.00,100 גרם,false,1,11.90,3.97,true,1,
7290003779093,false,סלרי עלים,,,סלרי עלים,Unknown,0.00,Unknown,false,1,3.00,3.00,true,1,
7290003779116,false,שורש פטרוזיליה,,,שורש פטרוזיליה,Unknown,0.00,Unknown,false,1,3.99,3.99,true,1,
7290003781652,false,צלפים במי מלח וילי פוד 230 גרם,קריות זול,TR,צלפים 350 גרם,גרמים,350.00,100 גרם,false,1,11.00,3.14,true,1,
7290003805501,false,"פתית שוודי חסכוני בד""צ 300 גרם",יוניליוור ישראל מזון בע\,IL,פתית שוודי חסכוני בד,גרמים,300.00,100 גרם,false,1,16.90,5.63,true,1,
7290003807482,false,קנור רוטב טריאקי מופחת נתרן 370 גרם,יוניליוור ישראל מזון בע\,IL,רוטב קנור טריאקי 30,מיליליטרים,300.00,"100 מ""ל",false,1,10.90,3.63,true,1,
7290003864485,false,סרדינים ברוטב עגבנ יות ויליפוד 110ג' פתח קל,גולדן פרייז קאנינג א,TH,סרדינים ברוטב עגבניו,גרמים,110.00,100 גרם,false,1,5.20,4.73,true,1,
7290003864492,false,סרדינים בשמן צמחי חריף פתח קל ויליפוד 110ג',גולדן פרייז קאנינג א,TH,סרדינים בשמן צמחי חר,גרמים,110.00,100 גרם,false,1,5.20,4.73,true,1,
7290003976928,false,"נוזל לכלים לפירות טאצ' 750 מ""ל",,IL,נ.כלים לפירות ללא צב,Unknown,0.00,Unknown,false,12,9.90,9.90,true,1,
7290003989096,false,סלט חצילים פיקנטי אחלה 500 גרם,מיוצר עי קונדיטוריית,IL,חציל פיקנטי אחלה 500,גרמים,500.00,100 גרם,false,1,15.50,3.10,true,1,
7290003989539,false,לורנצו רביולי במילוי גבינה,מיוצר עי קונדיטוריית,IL,רביולי גבינה 400 גר,גרמים,400.00,100 גרם,false,1,19.90,4.98,true,1,
7290003989553,false,פסטה טורטליני גבינה ופטריות 400 גרם,מיוצר עי קונדיטוריית,IL,טורטילני פטריות 400,גרמים,400.00,100 גרם,false,1,19.90,4.98,true,1,
7290004011338,false,"ספריי קצפת מתוקה מוכנה ריץ' 250 מ""ל",האי נאם סי או אל.טי.,IT,ריץ קצפת במיכל 250 ג,גרמים,250.00,100 גרם,false,1,9.90,3.96,true,1,
7290004011796,false,קבבונים בקר קפוא אל גאוצ''ו 400ג',"טיבון ויל אחזקות בע""",IL,קבבונים אל גאוצו 400,גרמים,400.00,100 גרם,false,1,23.90,5.98,true,1,
7290004030216,false,משקה בטעם חמוציות 1 ליטר פריניב,פריניב בעמ,IL,מיץ חמוציות 1ליטר,מיליליטרים,1000.00,"100 מ""ל",false,1,14.90,1.49,true,1,
7290004030612,false,"מיץ תפוח, קיווי אגס ללא תוספת סוכר 1 ליטר פרי ניב",פריניב בעמ,IL,מיץ קיווי אגס 90% 1,מיליליטרים,1000.00,"100 מ""ל",false,1,18.90,1.89,true,1,
7290004033712,false,לחם עננים מקמח מלא עם פרוסות עבות,מאפית י את א ברמן בע,IL,לחם עננים מקמח מלא 7,גרמים,750.00,100 גרם,false,1,16.50,2.20,true,1,
7290004033729,false,לחם עננים מקמח כוסמין עם פרוסות עבות,מאפית י את א ברמן בע,IL,לחם עננים מקמח כוסמי,גרמים,750.00,100 גרם,false,1,16.50,2.20,true,1,
7290004033736,false,"עננים לחם לבן בסגנון בריוש עם פרוסות עבות, 500 גרם",מאפית י את א ברמן בע,IL,לחם עננים בסגנון ברי,גרמים,750.00,100 גרם,false,1,16.50,2.20,true,1,
7290004050788,false,נקניק בייקון 170 גרם,ישרקו שיווק מותגי מז,,בייקון 170 גר,גרמים,170.00,100 גרם,false,1,49.90,29.35,true,1,
7290004050856,false,סלמי מילאנו פרוס 170 גר,ישרקו שיווק מותגי מז,,סלמי מילאנו פרוס 170,גרמים,170.00,100 גרם,false,1,33.90,19.94,true,1,
7290004050870,false,שינקן פולני פרוס 200 גר,,,שינקן פולני פרוס 200,גרמים,200.00,100 גרם,false,1,32.90,16.45,true,1,
7290004051044,false,סלמי הונגרי פרוס 170גר,ישרקו שיווק מותגי מז,,סלמי הונגרי פרוס 170,גרמים,170.00,100 גרם,false,1,34.90,20.53,true,1,
7290004051068,false,שינקן מעושן פרוס 200 גר,,,שינקן מעושן פרוס 200,גרמים,200.00,100 גרם,false,1,31.90,15.95,true,1,
7290004051150,false,נקניק סלמי רו סרוולט,ישרקו שיווק מותגי מז,,סלמי רו סרוולט 170 ג,גרמים,170.00,100 גרם,false,1,34.90,20.53,true,1,
7290004051419,false,ממרח כבד מיני 220 גר,ישרקו שיווק מותגי מז,,ממרח כבד מיני 220 גר,גרמים,220.00,100 גרם,false,1,18.90,8.59,true,1,
7290004051792,false,נקניקיות קוקטייל 900 גר,ישרקו שיווק מותגי מז,,נקניקיות קוקטייל 900,גרמים,900.00,100 גרם,false,1,53.90,5.99,true,1,
7290004052041,false,קבנוס קלאסי יחידה,ישרקו שיווק מותגי מז,,קבנוס קלאסי 210 גר,גרמים,210.00,100 גרם,false,1,29.90,14.24,true,1,
7290004052690,false,נקניקיות פרגית 600 גר,ישרקו שיווק מותגי מז,,נקניקיות פרגית 600 ג,גרמים,600.00,100 גרם,false,1,19.90,3.32,true,1,
7290004053291,false,קרפלך עגל בטעם ביתי 600 גר,,,קרפלך עגל בטעם ביתי,גרמים,600.00,100 גרם,false,1,21.90,3.65,true,1,
7290004054267,false,נקניקיות פרנקפורטר 900 גר,ישרקו שיווק מותגי מז,,נקניקיות פרנקפורטר,גרמים,900.00,100 גרם,false,1,54.90,6.10,true,1,
7290004054649,false,מיני מוסקובסקיה 300 גרם,ישרקו שיווק מותגי מז,,מיני מוסקובסקיה 300,גרמים,300.00,100 גרם,false,1,37.90,12.63,true,1,
7290004055271,false,פניני קבנוס רו 160 ג,,,פניני קבנוס 150 גר,גרמים,150.00,100 גרם,false,1,32.90,21.93,true,1,
7290004063016,false,מלח שולחן -מוצר בפיקוח,האי נאם סי או אל.טי.,IL,"מלח דק 1 ק""ג",גרמים,1000.00,100 גרם,false,1,2.07,0.21,true,1,
7290004067441,false,"מעדן תפוז ללת""ס 100% פרי 284 גרם",בית יצחק,IL,"מעדן תפוז ללת""ס 100%",גרמים,284.00,100 גרם,false,1,17.90,6.30,true,1,
7290004068035,false,"יוגורט לשתייה איירן 3% גד 500 מ""ל","מיוצר ע""י קוד יצרן M",IL,"יוגורט איירן 500 מ""ל",מיליליטרים,500.00,"100 מ""ל",false,1,8.00,1.60,true,1,
7290004078690,false,"אגקס נוזל לניקוי אסלות מרענן 750 מ""ל",הנסיך- מפעל לייצור ט,GR,אגקס שירותים רענן זו,מיליליטרים,750.00,"100 מ""ל",false,1,16.70,2.23,true,1,
7290004119010,false,גבינת שדה מותכת 25% תנובה 500 גרם,תנובה חלב,IL,גבינה מותכת שדה 500,גרמים,500.00,100 גרם,false,1,15.90,3.18,true,1,
7290004119225,false,יופלה יוגורט אננס %3 גביע 150 גרם,תנובה מרכז שיתופי לש,IL,יופלה אננס 3% 150 גר,גרמים,150.00,100 גרם,false,1,5.20,3.47,true,1,
7290004119973,false,קרלו מעדן שוקו רביעיה גביע 1.5% 125 גרם,תנובה מרכז שיתופי לש,IL,קרלו שוקו 125 גרם,גרמים,125.00,100 גרם,false,1,3.10,2.48,true,1,
7290004120566,false,פיראוס 24% גבינה בולגרית 250 גרם,תנובה חלב,IL,גבינה בולגרית פיראוס,גרמים,250.00,100 גרם,false,1,22.90,9.16,true,1,
7290004120573,false,פיראוס 16% גבינה בולגרית 250 גרם,תנובה מרכז שיתופי לש,IL,גבינה בולגרית פיראוס,גרמים,250.00,100 גרם,false,1,17.90,7.16,true,1,
7290004120634,false,גבינה פיראוס בולגרית 5% 250 גרם,תנובה מרכז שיתופי לש,IL,גבינה פיראוס בולגרית,גרמים,250.00,100 גרם,false,1,17.90,7.16,true,1,
7290004121754,false,יוגורט ביו עוגת גבינה ותות 3% יופלה 150 גרם,תנובה חלב,IL,יופלה עוגת גבינה,גרמים,150.00,100 גרם,false,1,5.00,3.33,true,1,
7290004121839,false,גבינת פטה כבשים 20% פיראוס 250 גרם,תנובה מרכז שיתופי לש,IL,גבינה פטה פיראוס 250,גרמים,250.00,100 גרם,false,1,25.90,10.36,true,1,
7290004121853,false,גבינה בולגרית פיראוס 5% קוביות 200 גרם,תנובה מרכז שיתופי לש,IL,גבינה בולגרית פיראוס,גרמים,200.00,100 גרם,false,1,20.00,10.00,true,1,
7290004122119,false,פתיתי פרמזן לפסטה 23% השף הלבן 100 גרם,פ.פ.ח. שאביט,IL,פתיתי פרמזן לפסטה הש,גרמים,220.00,100 גרם,false,1,12.20,5.55,true,1,
7290004122195,false,גוש חלב גבינה צהובה פרוסה 28% תנובה 200 גרם,תנובה חלב,IL,גבינה צהובה גוש חלב,גרמים,200.00,100 גרם,false,1,13.50,6.75,true,1,
7290004122270,false,עמק קלאסית פרוסות גבינה חצי קשה 28% 200 גרם,תנובה מרכז שיתופי לש,IL,גבינה עמק פרוס בקופס,גרמים,200.00,100 גרם,false,1,16.90,8.45,true,1,
7290004122348,false,גבינת עמק לייט פרוס בקופסא 200 גרם,תנובה מרכז שיתופי לש,IL,גבינת עמק לייט פרוס,גרמים,200.00,100 גרם,false,1,17.90,8.95,true,1,
7290004122683,false,עמק חטיף אצבעות גבינה חצי קשה 28% שומן,תנובה מרכז שיתופי לש,IL,אצבעות עמק 172 גר,גרמים,172.00,100 גרם,false,1,16.40,9.53,true,1,
7290004125370,false,"שמנת חמוצה 9% מופחתת שומן תנובה 200 מ""ל מהדרין",תנובה מרכז שיתופי לש,IL,שמנת חמוצה מופחתת,מיליליטרים,200.00,"100 מ""ל",false,1,3.90,1.95,true,1,
7290004125400,false,"אשל שלי מהדרין 200 מ""ל 4.5% ""תנובה""- מוצר בפיקוח",פארייפאבה אגרואינדוס,IL,"שלי אשל 200 מ""ל",מיליליטרים,200.00,"100 מ""ל",false,1,1.61,0.81,true,1,
7290004125417,false,"גיל 3% שלי 200 מ""ל ""תנובה"" -מוצר בפיקוח",תנובה מרכז שיתופי לש,IL,"שלי גיל 200 מ""ל",מיליליטרים,200.00,"100 מ""ל",false,1,1.44,0.72,true,1,
7290004125455,false,"שמנת חמוצה 200 מ""ל 15% ""תנובה"" -מוצר בפיקוח",תנובה מרכז שיתופי לש,IL,שמנת חמוצה 15% 200 מ,גרמים,200.00,100 גרם,false,1,2.28,1.14,true,1,
7290004125462,false,"שמנת חמוצה 15% תנובה 500 מ""ל מהדרין",תנובה מרכז שיתופי לש,IL,שמנת חמוצה 15% 500 מ,מיליליטרים,500.00,"100 מ""ל",false,1,5.70,1.14,true,1,
7290004125509,false,"שמנת חמוצה 15% מועשרת תנובה 100 מ""ל",תנובה מרכז שיתופי לש,IL,"שמנת חמוצה 100 מ""ל",מיליליטרים,100.00,"100 מ""ל",false,1,1.60,1.60,true,1,
7290004125578,false,משקה סויה מעושר בסידן תנובה 1ל',תנובה מרכז שיתופי לש,IL,משקה סויה מועשר 1 לי,מיליליטרים,1000.00,"100 מ""ל",false,1,10.50,1.05,true,1,
7290004125721,false,"השף הלבן שמנת עמידה לבישול 15% תנובה 250 מ""ל",תנובה מרכז שיתופי לש,IL,שמנת לבישול 15% השף,גרמים,250.00,100 גרם,false,1,8.70,3.48,true,1,
7290004125738,false,שמנת מתוקה להקצפה32% 250מל עמיד השף הלבן,תנובה מרכז שיתופי לש,IL,שמנת מתוקה להקצפה 32,גרמים,250.00,100 גרם,false,1,6.30,2.52,true,1,
7290004125776,false,גבינה צהובה עמק 28% 400 גרם בקופסא,תנובה חלב,IL,עמק פרוס בקופסה 400ג,גרמים,400.00,100 גרם,false,1,26.50,6.63,true,1,
7290004126674,false,טל העמק פרוסות גבינה חצי קשה לייט %9 200 גרם בקופסא,תנובה מרכז שיתופי לש,IL,טל העמק לייט 200 גרם,גרמים,200.00,100 גרם,false,1,18.00,9.00,true,1,
7290004127077,false,קוטג תנובה 3% גביע 250 גרם מהדרין,מיוצר עי קונדיטוריית,IL,קוטג 3% 250 גרם,גרמים,250.00,100 גרם,false,1,5.40,2.16,true,1,
7290004127329,false,קוטג תנובה גביע 250 גרם %5 ו.מהדרין,מיוצר עי קונדיטוריית,IL,גבינת קוטג 5% 250 גר,גרמים,250.00,100 גרם,false,1,5.50,2.20,true,1,
7290004127336,false,קוטג תנובה גביע 250 גרם %9 ו.מהדרין,מיוצר עי קונדיטוריית,IL,גבינת קוטג 9% 250 גר,גרמים,250.00,100 גרם,false,1,5.50,2.20,true,1,
7290004127800,false,"גבינה לבנה 500 גרם 5% ""תנובה"" -מוצר בפיקוח",מיוצר עי קונדיטוריית,IL,גבינה לבנה למריחה 5%,גרמים,500.00,100 גרם,false,1,9.50,1.90,true,1,
7290004127817,false,גבינה לבנה 9% שומן 500 ג' תנובה,מיוצר עי קונדיטוריית,IL,גבינה למריחה 9% 500,גרמים,500.00,100 גרם,false,1,9.50,1.90,true,1,
7290004128432,false,פתיתים מיוחדים לפיצה על בסיס גבינה 500 ג',תנובה חלב,IL,פתיתים מיוחדים לפיצה,גרמים,500.00,100 גרם,false,1,22.90,4.58,true,1,
7290004129101,false,גבינת שמנת 25% בטעם טבעי 225 ג' נפוליאון,תנובה מרכז שיתופי לש,IL,נפוליאון טבעי 225 גר,גרמים,225.00,100 גרם,false,1,12.90,5.73,true,1,
7290004129156,false,גבינת שמנת25% עם שום שמיר 225 ג' נפוליאון,תנובה מרכז שיתופי לש,IL,נפוליאון שום שמיר 22,גרמים,225.00,100 גרם,false,1,14.90,6.62,true,1,
7290004129545,false,גבינה לבנה 3% 250 גרם ועדת מהדרין,מחלבת אלון תבור,IL,גבינת תנובה 3% 250 ג,גרמים,250.00,100 גרם,false,1,4.75,1.90,true,1,
7290004129736,false,יוגורט במתיקות מעודנת 1.5% שומן 200 ג' יופלה,תנובה מרכז שיתופי לש,IL,יופלה לבן 1.5% 200 ג,מיליליטרים,200.00,"100 מ""ל",false,1,4.90,2.45,true,1,
7290004130794,false,משקה סויה במתיקות מופחתת תנובה 1 ליטר,תנובה מרכז שיתופי לש,IL,משקה סויה טבעי מתיקו,מיליליטרים,1000.00,"100 מ""ל",false,1,10.90,1.09,true,1,
7290004130916,false,יוגורט יופלה פירות יער בשמנת 3% 150 גרם,תנובה מרכז שיתופי לש,IL,יופלה פירות יער בשמנ,גרמים,150.00,100 גרם,false,1,5.00,3.33,true,1,
7290004131074,false,"חלב 1 ליטר 3% קרטון ""תנובה""- מוצר בפיקוח",תנובה מרכז שיתופי לש,IL,חלב קרטון+פקק 3% תנו,מיליליטרים,1000.00,"100 מ""ל",false,1,5.94,0.59,true,1,
7290004131432,false,יוגורט יופלה לבן ביו 3% 200 גרם,מיוצר עי קונדיטוריית,IL,יופלה לבן 3% 200 גר,גרמים,200.00,100 גרם,false,1,4.20,2.10,true,1,
7290004131814,false,גבינה צפתית 5% מעודנת 200 ג' פיראוס,פארייפאבה אגרואינדוס,IL,פיראוס צפתית מעודנת,גרמים,200.00,100 גרם,false,1,15.90,7.95,true,1,
7290004132552,false,משקה סויה בטעם טבעי לייט תנובה 1 ליטר,תנובה מרכז שיתופי לש,IL,דיאט סויה טבעי 1 ליט,מיליליטרים,1000.00,"100 מ""ל",false,1,10.50,1.05,true,1,
7290004132712,false,חטיף אצבעות גבינת מוצרלה 20% 172 ג' עמק,תנובה מרכז שיתופי לש,IL,אצבעות מוצרלה 172 גר,גרמים,172.00,100 גרם,false,1,15.90,9.24,true,1,
7290004133511,false,יופלה מאגדת לבן 1.5% מעודן 8 יח' * 150 ג',מיוצר עי קונדיטוריית,IL,יופלה לבן שמינייה,ליטרים,0.00,ליטר,false,1,20.40,20.40,true,1,
7290004135614,false,גבינה בולגרית מעודנת 5% פיראוס 250 גרם,תנובה חלב,IL,פיראוס בולגרית מעודנ,גרמים,250.00,100 גרם,false,1,20.00,8.00,true,1,
7290004136598,false,מארז הפסקת אוכל עם קורנפלקס ומשקה חלב עמיד בטעם וניל,פארייפאבה אגרואינדוס,IL,מארז הפסקת אוכל-חלב,גרמים,250.00,100 גרם,false,1,10.90,4.36,true,1,
7290004136857,false,מעדן גלי פטל תנובה 125 גרם,תנובה מרכז שיתופי לש,IL,גלי פטל 125גר,גרמים,125.00,100 גרם,false,1,2.80,2.24,true,1,
7290004136864,false,מעדן ג'לי בטעם אננס עם חתיכות תנובה 125 גרם,תנובה חלב,IL,גלי אננס עם חתיכות א,גרמים,125.00,100 גרם,false,1,2.90,2.32,true,1,
7290004137021,false,"שמנת עמידה לבישול מופחת שומן 10% השף הלבן 250 מ""ל",תנובה מרכז שיתופי לש,IL,שמנת לבישול 10%-השף,גרמים,250.00,100 גרם,false,1,8.70,3.48,true,1,
7290004137311,false,עמק לייט משפחתית 9% 400ג-ועדת מהדרין,תנובה חלב,IL,עמק לייט פרוס 9% 400,גרמים,400.00,100 גרם,false,1,32.90,8.23,true,1,
7290004150143,false,חציל במיונז פיקנטי פרימיום 300 גרם שמיר,"סלטי שמיר 2006 בע""\מ",IL,חציל במיונז פיקנטי פ,גרמים,300.00,100 גרם,false,1,15.90,5.30,true,1,
7290004221409,false,וובר רוטב חזרת 453 גרם בקבוק לחיץ,וובר ספרינגפילד,,וובר רוטב חזרת 453 ג,גרמים,453.00,100 גרם,false,1,30.50,6.73,true,1,
7290004339944,false,סיגרים בימלוי סייטןאמרנט 400 גר,,IL,סיגרים בימלוי סייטןא,גרמים,400.00,100 גרם,false,1,20.90,5.23,true,1,
7290004480349,false,"משולש גבינת גאודה עיזים ""גד""",מחלבת אמלטי הולנד,IL,גאודה עזים משולשים ב,Unknown,0.00,"ק""ג",true,0,131.00,131.00,true,1,
7290004584306,false,רבעיית גמדים בטעם תות בננה * 100 ג' שטראוס,מיוצר עי קונדיטוריית,IL,גמדים סופר תות -בננה,גרמים,200.00,100 גרם,false,1,11.70,5.85,true,1,
7290004584351,false,גבינה לבנה סימפוניה עם תוספות 200 ג' חמישית 200,"שטראוס בריאות בע""\מ",IL,סימפוניה 5% 200 גרם,גרמים,200.00,100 גרם,false,1,11.00,5.50,true,1,
7290004685010,false,לחם 100% שיפון פלוס לחם הארץ 500 גר',מאפית י את א ברמן בע,IL,לחם 100% שיפון מקמח,גרמים,500.00,100 גרם,false,1,16.50,3.30,true,1,
7290004685089,false,לחם הארץ לחם חמניות 500 גר',מאפית י את א ברמן בע,IL,לחם חמניות 500 גרם,גרמים,500.00,100 גרם,false,1,16.50,3.30,true,1,
7290004685157,false,לחם שיפון 100% 750 גרם לחם הארץ,מאפית י את א ברמן בע,IL,לחם שיפון 100%,גרמים,750.00,100 גרם,false,1,16.50,2.20,true,1,
7290004685195,false,לחם 10 דגנים לחם הארץ 750 גרם,מאפית י את א ברמן בע,IL,לחם 10 דגנים,גרמים,750.00,100 גרם,false,1,16.50,2.20,true,1,
7290004685430,false,לחם הארץ כוסמין 100% 500 גרם,מאפית י את א ברמן בע,IL,לחם כוסמין 100% 500,גרמים,500.00,100 גרם,false,1,16.50,3.30,true,1,
7290004685447,false,לחמניות כוסמין 6 בשקית 450 גרם,מאפית ברמן מקבוצת י. את,IL,שישיית לחמניות כוסמי,Unknown,0.00,Unknown,false,1,15.50,15.50,true,1,
7290004685478,false,פיתות כוסמין 100% כוסמין 550 גרם,"מאפיית אורן משי בע""\מ",IL,פיתות כוסמין 100% כו,גרמים,550.00,100 גרם,false,1,17.90,3.25,true,1,
7290004768911,false,אונט ריב מובחר טרי,,,אונט ריב מובחר טרי,Unknown,0.00,"ק""ג",true,0,64.90,64.90,true,1,
7290004982355,false,צדר טריפל סיימן במשק,כושר דיירי,GB,טריפל צדר במשקל,Unknown,0.00,"ק""ג",true,0,130.00,130.00,true,1,
7290005053054,false,שמנת 42% מיוחד 300גר,,,שמנת 42% מיוחד 300,גרמים,300.00,100 גרם,false,1,11.50,3.83,true,1,
7290005053085,false,שמנת חמוצה 15% 500 גרם,,,שמנת חמוצה 15% 500 ג,גרמים,500.00,100 גרם,false,1,11.20,2.24,true,1,
7290005053191,false,קאפיר 3% 2 ליטר,,,קאפיר 3% 2 ליטר,ליטרים,0.00,ליטר,false,1,21.20,21.20,true,1,
7290005053214,false,גבינת טבורוג דובדבן,,,טבורוג דובדבן 500 גר,גרמים,500.00,100 גרם,false,1,16.00,3.20,true,1,
7290005068058,false,תירס קל מופחת קלוריות 550 ג' פרי הגליל,"פרי הגליל בע""""מ",IL,תירס קל A2,גרמים,550.00,100 גרם,false,1,6.20,1.13,true,1,
7290005079290,false,נעם גבינה צהובה15% משקל,טרה,IL,גבינה צהובה נעם 15%,Unknown,0.00,"ק""ג",true,0,65.00,65.00,true,1,
7290005174513,false,סלט חצילים במיונז אחלה 500 גרם,מיוצר עי קונדיטוריית,IL,חצילים במיונז 500 גר,גרמים,500.00,100 גרם,false,1,15.90,3.18,true,1,
7290005174551,false,סלט חומוס עם צנוברים 125 ג' אחלה,מיוצר עי קונדיטוריית,IL,חומוס יום יום 125 גר,גרמים,125.00,100 גרם,false,1,4.90,3.92,true,1,
7290005174575,false,טחינה אחלה יום יום משובחת 125ג',מיוצר עי קונדיטוריית,IL,טחינה יום יום 125 גר,גרמים,125.00,100 גרם,false,1,4.90,3.92,true,1,
7290005200786,false,תפוצ'יפס בטעם שמנת בצל עלית 50 גרם,"שטראוס פריטו ליי בע""\מ )",IL,תפוציפס שמנת ובצל 50,גרמים,50.00,100 גרם,false,1,3.90,7.80,true,1,
7290005201882,false,קפה טורקי בצלופן עלית 200 גרם,הנסיך- מפעל לייצור ט,IL,קפה טורקי עלית 200 ג,גרמים,200.00,100 גרם,false,1,15.90,7.95,true,1,
7290005287206,false,רביעיית טונה בשמן סטארקיסט 160 גרם,"סטארקיסט פודור בע""מ",VN,טונה סטארקיסט בשמן ר,גרמים,640.00,100 גרם,false,1,23.90,3.73,true,1,
7290005287251,false,רביעיית טונה במים סטארקיסט 160 גרם,"סטארקיסט פודור בע""מ",VN,טונה סטארקיסט במים ר,גרמים,640.00,100 גרם,false,1,23.90,3.73,true,1,
7290005326585,false,ממרח אוליביה פסטו בזיליקום 180 ג',"אוליביה גורמה בע""מ",IL,פסטו בזיליקום אוליבי,גרמים,180.00,100 גרם,false,1,15.60,8.67,true,1,
7290005358241,false,לשון מוכשר קפוא קג,ש.י.ל.ה,IL,לשון בקר קפואה,Unknown,0.00,"ק""ג",true,0,35.90,35.90,true,1,
7290005423734,false,מרכך כביסה מרוכז אולטרא פרש סנו מקסימה 4 ליטר,"סנו מפעלי ברונוס בע""\מ",IL,סנו מקסימה מרכך כביס,ליטרים,0.00,ליטר,false,1,17.90,17.90,true,1,
7290005425127,false,"חיטוי משטחים 99.9% מתז לשומנים ואבנית 750 מ""ל","סנו מפעלי ברונוס בע""\מ",IL,מרסס מנקה שומנים 99.,מיליליטרים,750.00,"100 מ""ל",false,1,18.90,2.52,true,1,
7290005425912,false,אוקסיג'ן ג'ל להסרת כתמים עם חמצן פעיל סנו 4 ליטר,סנו אוקסיג'ן,IL,סנו אוקסיגן מסיר כתמ,ליטרים,0.00,ליטר,false,1,35.90,35.90,true,1,
7290005426964,false,סנובון סבון לאסלה בניחוח אפרסק סנו 3 יחידות,סנו מפעלי ברונו בעמ,IL,סנובון כחול שלישייה,Unknown,0.00,Unknown,false,1,12.90,12.90,true,1,
7290005430602,false,"סנו אוקסיג'ן ספריי להסרת כתמים עם חמצן פעיל 750 מ""ל","סנו מפעלי ברונוס בע""",IL,סנו אוקסיגן מסיר כתמ,מיליליטרים,750.00,"100 מ""ל",false,1,16.90,2.25,true,1,
7290005431159,false,תותים בקצפת לייט עדן קינוחים 80 גרם,עדן קינוחים,IL,תותים בקצפת לייט 80,גרמים,80.00,100 גרם,false,1,6.90,8.63,true,1,
7290005431906,false,קדאיף עדן קינוחים 82 גרם,עדן קינוחים Eden,IL,קדאיף 82 גר,גרמים,82.00,100 גרם,false,1,7.40,9.02,true,1,
7290005431913,false,עוגת גבינה פירורים עדן קינוחים 92 גרם,עדן קינוחים Eden,IL,עוגת גבינה פירורים,גרמים,92.00,100 גרם,false,1,6.90,7.50,true,1,
7290005431920,false,עוגת גבינה פירורים לייט עדן קינוחים 78 גרם,עדן קינוחים Eden,IL,עוגת גבינה פירורים,גרמים,78.00,100 גרם,false,1,6.90,8.85,true,1,
7290005431937,false,טירמיסו עדן קינוחים 82 גרם,עדן קינוחים Eden,IL,טירמיסו 82 גר,גרמים,82.00,100 גרם,false,1,7.40,9.02,true,1,
7290005431968,false,מלבי שמנת עדן קינוחים 150 גרם,עדן קינוחים Eden,IL,מלבי שמנת 150 גרם,גרמים,150.00,100 גרם,false,1,6.90,4.60,true,1,
7290005555100,false,פיקדון רביעייה,,,פיקדון רביעייה,Unknown,0.00,Unknown,false,1,1.20,1.20,true,1,
7290005555101,false,עוגיות שוקולד לבן,Unknown,,פיקדון שישייה,Unknown,0.00,Unknown,false,1,1.80,1.80,true,1,
7290005559907,false,פיצה משפחתית 100% גבינה מעדנות 500 גרם,מיוצר עי קונדיטוריית,IL,פיצה משפחתית גבינה,גרמים,500.00,100 גרם,false,1,23.90,4.78,true,1,
7290005559914,false,פיצה משפחתית עם 100% גבינה בתוספת זיתים מעדנות 550 גרם,מיוצר עי קונדיטוריית,IL,פיצה משפחתית זיתים מ,גרמים,550.00,100 גרם,false,1,21.90,3.98,true,1,
7290005559990,false,בצק פילאס תורכי מעדנות 600 גרם,מיוצר עי קונדיטוריית,IL,בצק פילאס תורכי מעדנ,גרמים,600.00,100 גרם,false,1,22.90,3.82,true,1,
7290005571046,false,כתף בקר מרכזי טרי,,,כתף בקר מרכזי טרי,Unknown,0.00,"ק""ג",true,0,69.90,69.90,true,1,
7290005571060,false,אוסובוקו בקר טרי,,,אוסובוקו בקר טרי,Unknown,0.00,"ק""ג",true,0,39.90,39.90,true,1,
7290005571176,false,ויסבארטן טרי,,,ויסבארטן טרי,Unknown,0.00,"ק""ג",true,0,54.90,54.90,true,1,
7290005571213,false,שפיץ צך בקר,,,פיקנייה עגל טרי,Unknown,0.00,"ק""ג",true,0,94.90,94.90,true,1,
7290005571596,false,סינטה פילה עגלה קוד קניה,,,סינטה עגל טרי,Unknown,0.00,"ק""ג",true,0,99.90,99.90,true,1,
7290005591761,false,דבש טהור מפרחי בר בלחיץ 400 ג' יד מרדכי,מכוורת יד מרדכי שטראוס ב,IL,דבש טהור לחיץ פרחי ב,גרמים,400.00,100 גרם,false,1,19.90,4.98,true,1,
7290005610127,false,תפוח אדמה גורמה דוד משה,אראל תוצרת חקלאית בע,IL,תפוח אדמה לבן דוד מש,Unknown,0.00,"ק""ג",true,0,7.90,7.90,true,1,
7290005610509,false,צנונית ארוז דוד משה 500ג',ביכורי השקמה,IL,צנונית,Unknown,0.00,Unknown,false,1,6.90,6.90,true,1,
7290005678585,false,ענב סקרלוטהללא חרצן ארוז,ביכורי השקמה,IL,סקרלוטה ללא חרצנים,Unknown,0.00,"ק""ג",true,0,19.90,19.90,true,1,
7290005680052,false,טמפונים סופר פלוס אובה 32 יחידות,גונסון אנד גונסון,GR,אובה סופר פלוס 32,Unknown,0.00,Unknown,false,1,19.90,19.90,true,1,
7290005786006,false,קרפלך האיש עם השפם 1,שבע-תעשיות בצקים קפו,,קרפלך חוטר 1 קילו,גרמים,1000.00,100 גרם,false,1,43.90,4.39,true,1,
7290005786075,false,"קרפלך סאן סאניץ 1 ק""ג",שבע-תעשיות בצקים קפו,IL,קרפלך סאן סניץ 1.200,גרמים,1000.00,100 גרם,false,1,40.90,4.09,true,1,
7290005838002,false,מעדן גבינה ויוגורט בטעם וניל 88 ג' דניאלה,"שטראוס בריאות בע""מ",IL,דניאלה וניל 100 גרם,גרמים,88.00,100 גרם,false,1,3.90,4.43,true,1,
7290005838613,false,"סקי וניל בודד 125 גרם ""שטראוס""","שטראוס בריאות בע""\מ",IL,סקי וניל 125 גרם,גרמים,125.00,100 גרם,false,1,3.70,2.96,true,1,
7290005839078,false,שמיניית יוגורט לבן 3% ביו דנונה 150 גרם,מיוצר עי קונדיטוריית,IL,מולטיפק יוגורט דנונה,ליטרים,0.00,ליטר,false,1,16.50,16.50,true,1,
7290005839108,false,גבינה לבנה סימפוניה עם תוספות 200 ג'+זיתים 5%,"שטראוס בריאות בע""\מ",IL,סימפוניה 5% עם זיתים,גרמים,200.00,100 גרם,false,1,11.00,5.50,true,1,
7290005839313,false,"מילקי טופ מגולגלת שטראוס 170 מ""ל",מיוצר עי קונדיטוריית,IL,מילקי טופ מגולגלת 13,גרמים,130.00,100 גרם,false,1,4.70,3.62,true,1,
7290005896415,false,"בירה איגל לאגר פרימיום 5% 500 מ""ל פחית","טמפו משקאות בע""מ",IL,בירה איגל לאגר פרימי,מיליליטרים,500.00,"100 מ""ל",false,1,6.90,1.38,true,1,
7290005992575,false,גבינה בולגרית למריחה 5% גד 250 גרם,מחלבות גד בעמ,IL,בולגרית למריחה 250 ג,גרמים,250.00,100 גרם,false,1,15.90,6.36,true,1,
7290005992735,false,לאבנה טבעית 5% 250 גר' - רבנות,הנסיך- מפעל לייצור ט,IL,גבינה לבנה טבעית 250,גרמים,250.00,100 גרם,false,1,12.50,5.00,true,1,
7290006189358,false,סטייק אנטריקוט מוצר בשר מעובד מופשר,,,אנטריקוט מעובד מופשר,Unknown,0.00,"ק""ג",true,0,99.90,99.90,true,1,
7290006190765,false,גבינת גרוייר רזרב שוויצרי במשקל,,CH,גבינת גרוייר רזרב,Unknown,0.00,"ק""ג",true,0,209.00,209.00,true,1,
7290006194015,false,גבינת גורגונזולה פיקנטית במשקל,,,גבינת גורגונזולה פיק,Unknown,0.00,"ק""ג",true,0,191.00,191.00,true,1,
7290006210661,false,בונז'ור באגט 330 גרם,בונז'ור,,בגט,Unknown,0.00,Unknown,false,1,7.90,7.90,true,1,
7290006251374,false,תה ירוק לימונית וג'ינג'ר ויסוצקי 25 יחידות,תה ויסוצקי,IL,תה ירוק לימונית וגינ,Unknown,0.00,Unknown,false,1,21.90,21.90,true,1,
7290006265500,false,פטריות שמפיניון ארוז מרינה,"מרינה פטריות הגליל בע""מ",IL,פטריות שמפיניון ארוז,Unknown,0.00,Unknown,false,1,5.99,5.99,true,1,
7290006271181,false,ג'חנון אפוי למיקרוגל מעדנות 750 גרם,מיוצר עי קונדיטוריית,IL,גחנון אפוי 750 גר,גרמים,750.00,100 גרם,false,1,23.90,3.19,true,1,
7290006271655,false,מיני בורקס גבינה מעדנות 800 גרם,מיוצר עי קונדיטוריית,IL,מיני בורקס גבינה,גרמים,800.00,100 גרם,false,1,24.90,3.11,true,1,
7290006272072,false,חטיפי פיצה גבינה מעדנות 650 גרם,"מעדנות בע""\מ",IL,חטיפי פיצה גבינה,גרמים,650.00,100 גרם,false,1,29.90,4.60,true,1,
7290006337535,false,חינקלאני 600 גרם,,,חינקלאני 600 גרם,גרמים,600.00,100 גרם,false,1,32.90,5.48,true,1,
7290006342553,false,קבוקים 200 גרם ששון וקולה,"דין שיווק וקליה בע""מ",IL,קבוקים 200 גרם ששון,גרמים,200.00,100 גרם,false,1,5.50,2.75,true,1,
7290006355065,false,קשקבליו איטלקי במשקל,,,קשקבליו איטלקי במשקל,Unknown,0.00,"ק""ג",true,0,199.00,199.00,true,1,
7290006374738,false,קונפיטורית תות 340 גר' יד מרדכי,אף.סי תבליני בגליל ב,IL,קונפיטורת יד מרדכי ת,גרמים,340.00,100 גרם,false,1,13.50,3.97,true,1,
7290006459527,false,נרות חנוכה לוקס לא נוטפים 45 יח,,CN,נרות חנוכה לוקס לא נ,Unknown,0.00,Unknown,false,1,6.90,6.90,true,1,
7290006492432,false,גבינת מוצרלה בייבי 18% גד 150 גרם,מחלבות גד בעמ,IL,מוצרלה בייבי 150 גרם,גרמים,170.00,100 גרם,false,1,13.90,8.18,true,1,
7290006492685,false,גבינת לאבנה 5% מחלב עזים גד 250 גרם,מחלבות גד בעמ,IL,לבנה עיזים 3% 250 גר,גרמים,250.00,100 גרם,false,1,15.90,6.36,true,1,
7290006492852,false,גבינת עיזים למריחה 5% שומן 250 ג' גד,גבינות מדף,IL,גבינה לבנה עיזים 250,גרמים,250.00,100 גרם,false,1,15.90,6.36,true,1,
7290006492913,false,גבינת לאבנה ציזיקי 5% מחלבות גד 250 גרם,מחלבות גד בעמ,IL,לבנה ציזיקי 250 גרם,גרמים,250.00,100 גרם,false,1,13.20,5.28,true,1,
7290006520500,false,שוקיים עוף טרי,,,שוקיים עוף טרי,Unknown,0.00,"ק""ג",true,0,27.90,27.90,true,1,
7290006559029,false,כדורי מוצרלה בופלו במשקל,חוות הבואפלו,,כדורי מוצרלה בופלו,Unknown,0.00,"ק""ג",true,0,146.00,146.00,true,1,
7290006653765,false,פרפקטו פסטה פטוצ'יני אסם 500 גרם,אסם פרפקטו,IT,פטוציני פרפקטו 500 ג,גרמים,500.00,100 גרם,false,1,7.90,1.58,true,1,
7290006664051,false,"אקטימל לבן 1.51 ק""ג מארז 14 יחידות",מיוצר עי קונדיטוריית,IL,מארז 14 יח אקטימל טב,ליטרים,0.00,ליטר,false,1,28.90,28.90,true,1,
7290006664402,false,גבינה לבנה סקי 5% שומן 750 גרם,מיוצר עי קונדיטוריית,IL,סקי 5% 750 גרם,גרמים,750.00,100 גרם,false,1,14.25,1.90,true,1,
7290006664532,false,יוגורט עם תות 3% שומן 150 ג' דנונה,מיוצר עי קונדיטוריית,IL,דנונה תות 3% 150 גר,גרמים,180.00,100 גרם,false,1,4.30,2.39,true,1,
7290006664655,false,"אקטימל לבן טבעי מארז 100X8 מ""ל",מיוצר עי קונדיטוריית,IL,אקטימל טבעי שמינייה,מיליליטרים,800.00,"100 מ""ל",false,1,20.50,2.56,true,1,
7290006664693,false,יוגורט עם אפרסק 3% שומן 150 ג' דנונה,מיוצר עי קונדיטוריית,IL,דנונה אפרסק 3% 150 ג,גרמים,180.00,100 גרם,false,1,4.30,2.39,true,1,
7290006681553,false,קרמבו בטעם וניל שטראוס 8 יחידות,"גלידת שטראוס בע""\מ",IL,שטראוס קרמבו וניל 8,Unknown,0.00,Unknown,false,1,16.90,16.90,true,1,
7290006681560,false,קרמבו בטעם מוקה שטראוס 8 יחידות,"גלידת שטראוס בע""מ",IL,שטראוס קרמבו מוקה 8,Unknown,0.00,Unknown,false,1,16.90,16.90,true,1,
7290006705334,false,מקלות סורימי 200 גרם,,,מקלות סורימי 200 גרם,גרמים,200.00,100 גרם,false,1,4.80,2.40,true,1,
7290006705594,false,נתחי סורימי 200 גרם,,,נתחי סורימי 200 גרם,גרמים,200.00,100 גרם,false,1,5.20,2.60,true,1,
7290006784360,false,חלונית סנט מוריץ לניקוי חלונות 1 ליטר,"קומפלקס כימיקלים בע""",IL,חלונית סנט מוריץ לני,ליטרים,0.00,ליטר,false,1,6.90,6.90,true,1,
7290006833822,false,נקניקיות עוף 600 גר מזרע,,,נקניקיות עוף 600 גר,גרמים,600.00,100 גרם,false,1,22.90,3.82,true,1,
7290006834539,false,גבינת קומבוזולה גרמנית במשקל,,,גבינת קומבוזולה,Unknown,0.00,"ק""ג",true,0,194.00,194.00,true,1,
7290006834553,false,גבינת רוגט גרמני במשקל,,,גבינת רוגט גרמני,Unknown,0.00,"ק""ג",true,0,219.00,219.00,true,1,
7290006866363,false,מיץ סחוט אשכוליות אדומות פרימור 1 ליטר,"גניר (1992) בע""מ",IL,אשכוליות אדומות טבעי,מיליליטרים,1000.00,"100 מ""ל",false,1,15.80,1.58,true,1,
7290006920911,false,הולנדית פרוס 350ג' כפיר,צי תעשיות מזון יבנה,IL,הולנדית פרוס 350 גרם,גרמים,350.00,100 גרם,false,1,13.90,3.97,true,1,
7290006960023,false,כרוב כבוש מאמא מרי 7,מאמא מרי,IL,כרוב כבוש 750 גר,גרמים,750.00,100 גרם,false,1,20.90,2.79,true,1,
7290006960146,false,חזרת מאמא מרי 150 גר,,,חזרת 160 גר,גרמים,160.00,100 גרם,false,1,8.50,5.31,true,1,
7290006960337,false,מיקס פטריות יח 400 גרם,,IL,מיקס פטריות יח 400 ג,גרמים,600.00,100 גרם,false,12,31.50,5.25,true,1,
7290006960429,false,"מאמא מרי כרוב בולגרי 1 ק""ג",מאמא מרי,IL,כרוב בולגרי 1 קג,קילוגרמים,0.00,"ק""ג",false,1,20.90,20.90,true,1,
7290006983152,false,קרוטונים מתובלים למרק אסם 400 גרם,עינת תעשיות מזון אגו,IL,קרוטונים מתובלים למר,גרמים,400.00,100 גרם,false,1,19.60,4.90,true,1,
7290006983176,false,אוסם - לחמית שיפון 250 גרם,"אסם השקעות בע""\מ",IL,לחמית שיפון 230 גרם,גרמים,230.00,100 גרם,false,1,9.40,4.09,true,1,
7290006983763,false,עוגת הבית שוקולד 400 גרם אסם.,מיוצר עי קונדיטוריית,IL,עוגת שוקולד 400 גרם,גרמים,400.00,100 גרם,false,1,12.50,3.13,true,1,
7290006983787,false,עוגת הבית שוקולד צ'יפס אסם 400 גרם,מיוצר עי קונדיטוריית,IL,עוגת שוקוציפס 400 גר,גרמים,400.00,100 גרם,false,1,12.50,3.13,true,1,
7290008175814,false,וילי פוד פטריות שמפיניון חתוך בדץ 400ג,"אוקצ'מפ אס, איי אויי",PL,וילי פוד פטריות שמפנ,גרמים,400.00,100 גרם,false,1,4.90,1.23,true,1,
7290008230513,false,מסכת רוזמרין בוטניקל 350 מ`ל,,,מסכת רוזמרין בוטניקל,Unknown,0.00,Unknown,false,1,39.90,39.90,true,1,
7290008343466,false,בצק פילו 500 גרם שלושת האופים,שלושת האופים שגמור,IL,בצק פילו 500 גר,גרמים,500.00,100 גרם,false,1,22.90,4.58,true,1,
7290008403191,false,גבינת קשקבל בשלה במשקל,לקטיס סאן וינשנטה,ES,גבינת קשקבל בשלה,Unknown,0.00,"ק""ג",true,0,115.00,115.00,true,1,
7290008403924,false,גבינת גאודה פסטו אדום במשקל,מיוצר עי קונדיטוריית,NL,גבינת גאודה פסטו,Unknown,0.00,"ק""ג",true,0,150.00,150.00,true,1,
7290008409049,false,שניצלונים בציפוי שומשום מיני מיני דק מאמא עוף 500 גרם,תנובה גליל שותפות מוגבלת,IL,מאמא עוף מיני שניצלי,גרמים,500.00,100 גרם,false,1,25.90,5.18,true,1,
7290008409100,false,אצבעות שניצל בציפוי שומשום מאמא עוף 700 גרם,תנובה גליל שותפות מוגבלת,IL,אצבעות שניצל בציפוי,גרמים,700.00,100 גרם,false,1,35.90,5.13,true,1,
7290008409124,false,מאמא עוף קפוא שניצל ג'ונגל פריך 700 גרם,תנובה גליל שותפות מוגבלת,IL,שניצל גונגל מאמא עוף,גרמים,700.00,100 גרם,false,1,35.90,5.13,true,1,
7290008409216,false,מאמא עוף קפוא שניצל דק פריך 700 גרם,תנובה גליל,IL,שניצל דק דק פריך 700,גרמים,700.00,100 גרם,false,1,39.90,5.70,true,1,
7290008409407,false,שניצל דק צ'יפס מאמא עוף 700 גרם,תנובה גליל שותפות מוגבלת,IL,שניצל דק בציפוי ציפס,גרמים,700.00,100 גרם,false,1,39.90,5.70,true,1,
7290008409551,false,שניצל עוף אמיתי בציפוי מעודן 700 ג' מאמא עוף,תנובה גליל שותפות מוגבלת,IL,שניצל עוף אמיתי בציפ,גרמים,700.00,100 גרם,false,1,39.90,5.70,true,1,
7290008409582,false,שניצל עוף אמיתי בציפוי ביתי מאמא עוף 700 גרם,תנובה גליל שותפות מוגבלת,IL,שניצל עוף אמיתי ביתי,גרמים,700.00,100 גרם,false,1,39.90,5.70,true,1,
7290008425155,false,"שמן זית אורגני 750 מ""ל",,IL,"שמן זית 750 מ""ל",מיליליטרים,750.00,"100 מ""ל",false,1,62.90,8.39,true,1,
7290008437011,false,שריר טרי,,,שריר בקר טרי,Unknown,0.00,"ק""ג",true,0,49.90,49.90,true,1,
7290008437127,false,רגל עגל חלב קפוא מזרע,,,רגל עגל קפוא מזרע,Unknown,0.00,"ק""ג",true,0,34.00,34.00,true,1,
7290008438704,false,צוואר בקר עם עצם טרי מס 10,,,צוואר בקר עם עצם טרי,Unknown,0.00,"ק""ג",true,0,39.90,39.90,true,1,
7290008461221,false,סרדינים רוברט בשמן חמניות 115 גרם,"רמירז, מטוסינוס",PT,סרדין רוברט בשמן חמנ,גרמים,120.00,100 גרם,false,1,7.90,6.58,true,1,
7290008461238,false,"סרדינים בשמן חמניות ופלפל חריף רוברט 84 גרם, 115 גרם","רמירז, מטוסינוס",PT,סרדין רוברט בשמן חמנ,גרמים,120.00,100 גרם,false,1,7.90,6.58,true,1,
7290008464024,false,"בירה גולדסטאר Unfiltered, בירה לא מסוננת, פחית 500 מ""ל","טמפו משקאות בע""מ",IL,בירה גולדסטאר לא מסו,מיליליטרים,500.00,"100 מ""ל",false,1,8.90,1.78,true,1,
7290008464130,false,"בירה גולדסטאר Unfiltered, בירה לא מסוננת, מארז שישייה, בקבוק 330 מ""ל",טמפו,IL,שישיית בירה גולדסטאר,מיליליטרים,1980.00,"100 מ""ל",false,1,32.90,1.66,true,1,
7290008464741,false,"בירה גולדסטאר, מארז שישייה, בקבוק 330 מ''ל","טמפו משקאות בע""\מ",IL,שישיית בקבוקי גולדסט,מיליליטרים,1980.00,"100 מ""ל",false,1,29.90,1.51,true,1,
7290008493413,false,פירורי לחם מאיר בייגל פירורי גריסיני 200 גרם,מאיר את ביגל,IL,פירורי גריסיני מאיר,גרמים,200.00,100 גרם,false,1,5.90,2.95,true,1,
7290008618090,false,פילה סלמון טרי,,,פילה סלמון טרי,Unknown,0.00,"ק""ג",true,0,79.90,79.90,true,1,
7290008644112,false,סלט מטבוחה יום יום אחלה 125 גרם,"שטראוס גרופ בע""\מ",IL,מטבוחה יום יום 125 ג,גרמים,125.00,100 גרם,false,1,4.90,3.92,true,1,
7290008644235,false,עלי בייבי שטראוס 120 גרם,שטראוס בריאות ירקות טריי,IL,עלי בייבי אחלה טבע,גרמים,120.00,100 גרם,false,1,11.90,9.92,true,1,
7290008644839,false,ח.ערבית/איסברג-300שטראוס,תות תעשיות מזון (201,IL,חסה אחלה טבע,גרמים,300.00,100 גרם,false,1,10.90,3.63,true,1,
7290008644945,false,לקט לסלט המושבה שטראוס 450 גרם,שטראוס בריאות ירקות טריי,IL,סלט המושבה אחלה טבע,גרמים,450.00,100 גרם,false,1,11.90,2.64,true,1,
7290008645935,false,חומוס לניגוב אחלה 750 ג',"שטראוס גרופ בע""\מ",IL,חומוס אחלה 750 גרם,גרמים,750.00,100 גרם,false,1,9.90,1.32,true,1,
7290008690713,false,נקטר חמוציות אושן ספריי פריגת 1 ליטר,מבשלות בירה בינלאומיות ב,IL,נקטר אושן ספריי 1 ל,מיליליטרים,1000.00,"100 מ""ל",false,1,11.90,1.19,true,1,
7290008693134,false,מעדן גבינה ויוגורט בטעם תות 5% שומן 88 ג' דניאלה,"שטראוס בריאות בע""מ",IL,דניאלה תות 88 גרם,גרמים,88.00,100 גרם,false,1,3.90,4.43,true,1,
7290008745239,false,תפוצ'יפס קראנצ' בטעם טבעי עלית 50 גרם,"שטראוס פריטו ליי בע""\מ )",IL,תפוציפס אקסטרא טבעי,גרמים,50.00,100 גרם,false,1,3.90,7.80,true,1,
7290008747547,false,תפוצ'יפס קראנץ' בטעם טבעי עלית 200 גרם,"שטראוס פריטו ליי בע""\מ )",IL,תפוציפס קראנץ טבעי 2,גרמים,200.00,100 גרם,false,1,9.90,4.95,true,1,
7290008752244,false,תפוצ'יפס קראנץ' בטעם גריל עלית 50 גרם,"שטראוס פריטו ליי בע""\מ )",IL,תפוציפס קראנצי גריל,גרמים,50.00,100 גרם,false,1,3.90,7.80,true,1,
7290008753111,false,תפוצ'יפס קראנץ' בטעם מקסיקני עלית 50 גרם,"שטראוס פריטו ליי בע""\מ )",IL,תפוציפס קראנצי מקסיק,גרמים,50.00,100 גרם,false,1,3.90,7.80,true,1,
7290008775816,false,ערגליות עוגיות במילוי שוקולד אסם 300 גרם,מיוצר עי קונדיטוריית,IL,ערגליות שוקו 300 גרם,גרמים,300.00,100 גרם,false,1,6.50,2.17,true,1,
7290008775823,false,ערגליות עוגיות תות שדה אסם 300 גרם,מיוצר עי קונדיטוריית,IL,ערגליות תות 300 גרם,גרמים,300.00,100 גרם,false,1,6.50,2.17,true,1,
7290008835992,false,פילה נסיכת הנילוס קפוא בלדי,,,פילה נסיכת הנילוס,Unknown,0.00,"ק""ג",true,0,74.00,74.00,true,1,
7290008846219,false,"שמן זית כתית מעולה חלוצה 750 מ""ל",האי נאם סי או אל.טי.,IL,שמן זית כתית מעולה 7,מיליליטרים,750.00,"100 מ""ל",false,1,39.90,5.32,true,1,
7290008961127,false,טושיונקה בקר רוסית 400 גרם,גוד פוד ג'.א'.ג'י. ב,,טושיונקה בקר רוסית 4,גרמים,400.00,100 גרם,false,1,22.90,5.73,true,1,
7290008961370,false,עגבניות מוחמצות פוסו,,UA,עגבניות מוחמצות 650,גרמים,650.00,100 גרם,false,1,8.90,1.37,true,1,
7290010002023,false,כורכום הודי טחון תבליני מימון 100 גרם,א.ל ייצור ושיווק תבלינים,IL,כורכום הודי טחון 100,גרמים,100.00,100 גרם,false,1,11.60,11.60,true,1,
7290010002061,false,פלפל לבן טחון תבליני מימון 100 גרם,א.ל ייצור ושיווק תבל,IL,פלפל לבן טחון 120 גר,גרמים,100.00,100 גרם,false,1,16.70,16.70,true,1,
7290010002078,false,פלפל שחור טחון תבליני מימון 100 גרם,א.ל ייצור ושיווק תבלינים,IL,פלפל שחור טחון 120 ג,גרמים,100.00,100 גרם,false,1,14.90,14.90,true,1,
7290010002139,false,פפריקה הונגרית חריפה תבליני מימון 100 גרם,א.ל ייצור ושיווק תבלינים,IL,פפריקה הונגרית חריפה,גרמים,100.00,100 גרם,false,1,11.60,11.60,true,1,
7290010002146,false,פפריקה מרוקאית מתוקה תבליני מימון 100 גרם,א.ל ייצור ושיווק תבלינים,IL,פפריקה מרוקאית מתוקה,גרמים,100.00,100 גרם,false,1,11.60,11.60,true,1,
7290010002207,false,תבלין קינמון טחון תבליני מימון 100 גרם,א.ל ייצור ושיווק תבלינים,IL,קינמון טחון 100 גרם,גרמים,100.00,100 גרם,false,1,9.40,9.40,true,1,
7290010002214,false,תבלין צ'ילי גרוס תבליני מימון 80 גרם,א.ל ייצור ושיווק תבלינים,IL,צילי מקסיקני גרוס 70,Unknown,0.00,Unknown,false,1,11.40,11.40,true,1,
7290010002313,false,תבלין ראס אל חנות תבליני מימון 100 גרם,א.ל ייצור ושיווק תבלינים,IL,ראס אל חנות 100 גרם,גרמים,100.00,100 גרם,false,1,11.40,11.40,true,1,
7290010002382,false,תבלין אורגנו תבליני מימון 40 גרם,א.ל ייצור ושיווק תבלינים,IL,אורגנו 40 גרם,Unknown,0.00,Unknown,false,1,9.40,9.40,true,1,
7290010002429,false,עלי דפנה תבליני מימון 20 גרם צנצנת,א.ל ייצור ושיווק תבל,IL,עלי דפנה 20 גרם,Unknown,0.00,Unknown,false,1,9.40,9.40,true,1,
7290010002436,false,תבלין פטרוזיליה תבליני מימון 25 גרם,א.ל ייצור ושיווק תבל,IL,פטרוזיליה 25 גרם,Unknown,0.25,Unknown,false,1,9.40,37.60,true,1,
7290010002443,false,תבלין רוזמרין תבליני מימון 40 גרם,א.ל ייצור ושיווק תבל,IL,רוזמרין 40 גרם,Unknown,0.00,Unknown,false,1,9.40,9.40,true,1,
7290010002498,false,תבלין שום גבישי תבליני מימון 120 גרם,א.ל ייצור ושיווק תבלינים,IL,שום גבישי 120 גרם,גרמים,120.00,100 גרם,false,1,15.50,12.92,true,1,
7290010002726,false,תבלין לפרגיות תבליני מימון 100 גרם.,א.ל ייצור ושיווק תבלינים,IL,תבלין לפרגיות 100 גר,גרמים,100.00,100 גרם,false,1,11.40,11.40,true,1,
7290010003693,false,פפריקה מתוקה בשקית תבליני מימון 80 גרם,א.ל ייצור ושיווק תבל,IL,פפריקה מתוקה 80 גרם,Unknown,0.00,Unknown,false,1,6.50,6.50,true,1,
7290010003792,false,מלח לימון בשקית תבליני מימון 100 גרם,א.ל ייצור ושיווק תבל,IL,מלח לימון שקית 100 ג,גרמים,100.00,100 גרם,false,1,6.50,6.50,true,1,
7290010003808,false,זעתר ושמשום בשקית תבליני מימון 80 גרם,א.ל ייצור ושיווק תבל,IL,זעתר ושומשום 80 גרם,Unknown,0.00,Unknown,false,1,6.50,6.50,true,1,
7290010004348,false,פפריקה מתוקה תבליני מימון 250 גרם,א.ל ייצור ושיווק תבל,IL,פפריקה מתוקה 250 גר,גרמים,250.00,100 גרם,false,1,22.90,9.16,true,1,
7290010032334,false,דבש זעתר 500 גרם מכוורת צוקרמן,,IL,דבש זעתר 500 גרם מכו,גרמים,500.00,100 גרם,false,1,31.50,6.30,true,1,
7290010065318,false,מחית תפוח עץ ג'וניור פרינוק 190 גרם,פרוטה פודווין איי.אס,CZ,פרינוק גוניור תפוחי,גרמים,190.00,100 גרם,false,1,7.90,4.16,true,1,
7290010065332,false,מחית תפוח עץ בננה ג'וניור פרינוק 190 גרם,פרוטה פודווין איי.אס,CZ,"פרינוק גוניור תפ""ע+ב",גרמים,190.00,100 גרם,false,1,7.90,4.16,true,1,
7290010065349,false,מחית סלט פירות ג'וניור פרינוק 190 גרם,פרוטה פודווין איי.אס,CZ,פרינוק גוניור סלט פי,גרמים,190.00,100 גרם,false,1,7.90,4.16,true,1,
7290010065745,false,מחית לפתן פירות ג'וניור פרינוק 190 גרם,פרוטה פודווין איי.אס,CZ,פרינוק גוניור לפתן פ,גרמים,190.00,100 גרם,false,1,7.90,4.16,true,1,
7290010066513,false,נתחי טונה בשמן צמחי רביעיה *158ג' פילטונה,תעשיות פילטונה,IL,נתחי טונה בשמן צמחי,גרמים,640.00,100 גרם,false,1,21.90,3.42,true,1,
7290010066575,false,נתחי טונה במים רביעיה *158ג' פילטונה,תעשיות פילטונה,IL,רביעיית טונה במים,גרמים,640.00,100 גרם,false,1,21.90,3.42,true,1,
7290010066582,false,נתחי טונה בשמן קנולה רביעיה * 158 ג' פילטונה,תעשיות פילטונה,IL,נתחי טונה בהירה בשמן,גרמים,640.00,100 גרם,false,1,21.90,3.42,true,1,
7290010066599,false,מארז רביעיית טונה בשמן זית 4*160 גרם,תעשיות פילטונה,IL,רביעיית טונה בשמן,גרמים,640.00,100 גרם,false,1,26.90,4.20,true,1,
7290010116980,false,אבקת שוקולית שקית עלית 850 ג',הנסיך- מפעל לייצור ט,IL,שוקולית 850 גרם,גרמים,850.00,100 גרם,false,1,16.90,1.99,true,1,
7290010117857,false,דוריטוס חריף אש 55 ג' עלית,STRAUSS-ISRAEL,IL,דוריטוס חריף אש 55 ג,גרמים,55.00,100 גרם,false,1,4.10,7.45,true,1,
7290010124213,false,אל מטאדור סינטה בקר דק דק 250 גרם בלדי,בלאדי,IL,סינטה בקר דק דק 250,גרמים,250.00,100 גרם,false,1,20.90,8.36,true,1,
7290010124503,false,שומן כבש מעובד ארוז בלדי 200גר,בלדי,IL,שומן כבש 200 גרם קפו,גרמים,200.00,100 גרם,false,1,13.50,6.75,true,1,
7290010129003,false,עוגיות אוזניים 600 גרם,ק.א. ומשווק בבלעדיות על,IL,עוגיות אוזניים 600 ג,גרמים,600.00,100 גרם,false,1,19.40,3.23,true,1,
7290010129553,false,עוגיות רולדה תמרים 600 גרם,ק.א. ומשווק בבלעדיות על,IL,עוגיות רולדה תמרים 6,גרמים,600.00,100 גרם,false,1,19.40,3.23,true,1,
7290010129959,false,עוגיות שמרים 400 גרם דולצה ויטה,קונדטוריית אנגל,IL,עוגיות שמרים 400 גרם,גרמים,400.00,100 גרם,false,1,18.50,4.63,true,1,
7290010154241,false,סלט חזרת ריף ביטון 250 ג',תבליני יוחאי ביטון,IL,סלט חזרת 250 גר,גרמים,250.00,100 גרם,false,1,15.60,6.24,true,1,
7290010154685,false,סלט שום כתוש 250 ג' ביטון יוחאי,תבליני יוחאי ביטון,IL,סלט שום כתוש 250 גר,גרמים,250.00,100 גרם,false,1,15.60,6.24,true,1,
7290010173174,false,"יין אלון 2019 750 מ""ל הרי גליל",יקבי רמת הגולן,IL,"יין אלון 2019 750 מ""",Unknown,0.00,Unknown,false,1,49.90,49.90,true,1,
7290010173181,false,יין אלה הרי גליל 750 מל,יקבי רמת הגולן,IL,יין אלה הרי גליל 75,Unknown,0.00,Unknown,false,1,62.90,62.90,true,1,
7290010259830,false,מנת השף נודלס בסגנון סיני פיקנטי וילי פוד 70 גרם,נמצ'או(תאילנד) בעמ,TH,מרק עם נודלס סיני פי,גרמים,70.00,100 גרם,false,1,5.70,8.14,true,1,
7290010259977,false,שמן קנולה מזוכך ויליפוד 1 ליטר,בונגי פולין אס.פי.זד,PL,שמן קנולה וילי פוד 1,מיליליטרים,1000.00,"100 מ""ל",false,1,11.90,1.19,true,1,
7290010471669,false,יוגורט תות עם קורנפלקס מצופה שוקולד ללא גלוטן 3.9%,"שטראוס בריאות בע""\מ",IL,דנונה בר תות קורנפלק,גרמים,175.00,100 גרם,false,1,4.50,2.57,true,1,
7290010472307,false,"שמיניית משקה גמדים תות בננה דיסני 108 מ""ל",מיוצר עי קונדיטוריית,IL,מארז 8 גמדים שתיה,גרמים,800.00,100 גרם,false,1,20.80,2.60,true,1,
7290010513703,false,מזרח ומערב צ'ופסטיקס צפצפה,גולין פנגזו,IL,צופסטיקס 20 יח חד פע,Unknown,0.00,Unknown,false,1,7.30,7.30,true,1,
7290010513727,false,פנקו פרורי לחם 200 גרם (קינגדאו),קינגדאו גוניון פודס,CN,פירורי לחם קינגדאו פ,גרמים,200.00,100 גרם,false,1,7.50,3.75,true,1,
7290010613519,false,דלי מטליות לניקוי וחיטוי בניחוח מלון בוטיק טאצ' 400 מט',,,דלי מטליות לניקוי בנ,Unknown,0.00,Unknown,false,1,25.90,25.90,true,1,
7290010650088,false,פטריות שמפיניון מיובשות 25 גרם,חוות פטריות תקוע,CN,פטריות שמפניון יבשות,Unknown,0.00,Unknown,false,1,9.90,9.90,true,1,
7290010676446,false,"פילה דג בסה מעובד קפוא 1 ק""ג",,,פילה דג בסה קפוא,קילוגרמים,0.00,"ק""ג",false,1,29.90,29.90,true,1,
7290010701711,false,ממרח כבד ביתי נקניק 200 גרם,,,ממרח כבד ביתי נקניק,גרמים,200.00,100 גרם,false,1,12.90,6.45,true,1,
7290010701919,false,פטה כבד צרפתי ביין לבן 180 גר,,,פטה כבד צרפתי ביין ל,גרמים,180.00,100 גרם,false,1,22.90,12.72,true,1,
7290010766734,false,רוטב פיצה אוליביה אסם 430 ג',אוליביה,IL,רוטב פיצה אוליביה,גרמים,415.00,100 גרם,false,1,14.60,3.52,true,1,
7290010838431,false,ג'ל לניקוי מתקדם בניחוח ים - מארז זוג,מיוצר עי קונדיטוריית,NL,טואלט דאק נוזל אסלה,ליטרים,0.00,ליטר,false,1,24.90,24.90,true,1,
7290010922949,false,תות שדה קפוא 250 גרם - Shake It,"הבו-קדו בע""\מn\",IL,תות קפוא Shake It 25,גרמים,250.00,100 גרם,false,1,10.90,4.36,true,1,
7290010931330,false,סלט מטבוחה אחלה 500 גרם,מיוצר עי קונדיטוריית,IL,מטבוחה 500 גר,גרמים,500.00,100 גרם,false,1,14.60,2.92,true,1,
7290010945450,false,גבינה לבנה 3% 250 גר מועשר בסידן וויטמין,הפריט בפיקוח,IL,גבינה לבנה 3% 250 גר,גרמים,250.00,100 גרם,false,1,4.75,1.90,true,1,
7290010970186,false,דבש פרחי בר טעמים 1 קג,,,דבש פרחי בר טעמים 1,קילוגרמים,0.00,"ק""ג",false,1,49.50,49.50,true,1,
7290010970711,false,פסטו בזיליקום א-לה ג'נובזה,טעמים,IL,ממרח פסטו בזיליקום 1,גרמים,180.00,100 גרם,false,1,13.90,7.72,true,1,
7290011017866,false,קוקה קולה קלאסי בפחית,החברה המרכזית לייצור משקאות,IL,"פחית סליק ק""ק 330 מ""",מיליליטרים,330.00,"100 מ""ל",false,1,5.40,1.64,true,1,
7290011017873,false,"פחיות קוקה קולה זירו 330 מ""ל",החברה המרכזית לייצור משקאות,IL,פחית סליק זירו 330 מ,מיליליטרים,330.00,"100 מ""ל",false,1,5.40,1.64,true,1,
7290011065430,false,צ'ילי מטחנה מימונס 50 גרם,א.ל ייצור ושיווק תבל,,צילי מטחנה 50 גרם,גרמים,50.00,100 גרם,false,1,17.90,35.80,true,1,
7290011142018,false,לחם שיפון נבסקי 630גר,מאפיית דואט,,לחם שיפון נבסקי 630ג,גרמים,630.00,100 גרם,false,1,12.90,2.05,true,1,
7290011142148,false,שישיית לחמניות אצבע מאפיית דואט,מאפיית דואט,,מארז שישית לחמניות,גרמים,450.00,100 גרם,false,1,12.90,2.87,true,1,
7290011142193,false,לחמניות קלועות מתוקות עם צימוקים 400 גרם,מאפיית דואט,,4 לחמניות מתוקות,Unknown,0.00,Unknown,false,1,12.90,12.90,true,1,
7290011142315,false,רביעיית פיתות פרנה גדול עגול,מאפיית דואט,IL,פרנה מאורך רביעיה 55,Unknown,0.00,Unknown,false,1,14.90,14.90,true,1,
7290011142322,false,פיתה בחבילה 10 יח',מאפיית דואט,,פיתה בחבילה 10 יח,Unknown,0.00,Unknown,false,1,14.90,14.90,true,1,
7290011142445,false,לחם כוסמין 620 גרם מאפיית דואט,אלון חברה ליצור שיוו,IL,לחם כוסמין 600 גר,גרמים,600.00,100 גרם,false,1,16.90,2.82,true,1,
7290011142513,false,לחם שיפון מיוחד 85% 750 גרי,,,לחם שיפון מיוחד 85%,גרמים,750.00,100 גרם,false,1,16.90,2.25,true,1,
7290011148898,false,גבעולי ברוקולי משקל 400 גר,חקלאי,IL,גבעולי ברוקולי 400 ג,קילוגרמים,0.00,"ק""ג",false,1,12.90,12.90,true,1,
7290011166762,false,סאן דאורדורנט אבן קריסטל לנערים,,,סאן דאורדורנט אבן קר,Unknown,0.00,Unknown,false,1,29.90,29.90,true,1,
7290011166779,false,סאן דאורדורנט אבן קריסטל לנערות,,,סאן דאורדורנט אבן קר,Unknown,0.00,Unknown,false,1,29.90,29.90,true,1,
7290011194215,false,מעדן גבינה ויוגורט בטעם בננה 5% שומן 88 ג' דניאלה,"שטראוס בריאות בע""מ",IL,דניאלה אננס 88 גרם,גרמים,88.00,100 גרם,false,1,3.90,4.43,true,1,
7290011194246,false,קוטג' 5% עם סידן 250 ג' שטראוס,מיוצר עי קונדיטוריית,IL,קוטג 5% 250 גר,גרמים,250.00,100 גרם,false,1,5.80,2.32,true,1,
7290011223045,false,בישקוטים בונומי 200 גרם,בונומי ס.פ.א,IT,ביסקוטים 200 גר,גרמים,200.00,100 גרם,false,1,6.20,3.10,true,1,
7290011223243,false,"טואלט דאק ג'ל לאסלה בניחוח לבנדר 55 מ""ל","איטיליאן פוד, אס.פי.",IT,טואלט דאק גל אסלה ני,Unknown,0.00,Unknown,false,1,11.40,11.40,true,1,
7290011235055,false,עלי בזיליקום רבנות,יבולי הבשור,IL,בזיליקום,Unknown,0.00,Unknown,false,1,4.90,4.90,true,1,
7290011343064,false,"שמן זית סורי 750 מ""ל",,,"שמן זית סורי 750 מ""ל",מיליליטרים,750.00,"100 מ""ל",false,1,55.50,7.40,true,1,
7290011418151,false,תה נטרואל דיאט לימון,,,תה נטרואל דיאט לימון,Unknown,0.00,Unknown,false,1,62.90,62.90,true,1,
7290011473655,false,סוכר קנים אורגני 1 קילו,ארוז ע' תבואות,BR,סוכר קנים אורגני 1 ק,גרמים,1000.00,100 גרם,false,1,10.90,1.09,true,1,
7290011473709,false,קינואה אורגנית תבואו,,BO,"קינואה אורגנית 1 ק""ג",גרמים,1000.00,100 גרם,false,1,27.90,2.79,true,1,
7290011498955,false,אגוזי אדמה חמאת בוטנ300ג,שקד תבור,IL,אגוזי אדמה 300 גרם,גרמים,300.00,100 גרם,false,1,13.50,4.50,true,1,
7290011498962,false,שקד לבן בכבישה קרה 300 ג,"אלמונדס בע""מ",IL,שקד לבן 300 גרם,גרמים,300.00,100 גרם,false,1,34.50,11.50,true,1,
7290011499051,false,פטה כבשים מסורתית 20% בגביע 250 גרם - רובין,MKN עבור מחלבות גד ב,IL,פטה כבשים מסורתית 2,גרמים,250.00,100 גרם,false,1,24.90,9.96,true,1,
7290011499105,false,בולגרית מסורתית 5% 250 גרם -רבנות,ג'נרל מילס סאן אדריא,IL,בולגרית 5% 250גר,גרמים,250.00,100 גרם,false,1,21.90,8.76,true,1,
7290011499112,false,בולגרית מסורתית 16% 250 גרם - רבנות,"מיוצר ע""י dsh",IL,בולגרית 16% 250גר,גרמים,250.00,100 גרם,false,1,21.90,8.76,true,1,
7290011499303,false,גבינה בולגרית עזים 5% גד מעודנת 250 גרם,ג'נרל מילס סאן אדריא,IL,גבינה בולגרית מעודנת,גרמים,250.00,100 גרם,false,1,29.90,11.96,true,1,
7290011499327,false,גבינה בולגרית מעודנת 5% 250 גרם - רבנות,מיוצר על ידי DSH עבו,IL,גבינה בולגרית מעודנת,גרמים,250.00,100 גרם,false,1,22.90,9.16,true,1,
7290011499365,false,גד חלומי 24% 200 גרם רובין,"מחלבות גד בע""\מ",IL,גבינת חלומי 200 גר,גרמים,200.00,100 גרם,false,1,20.90,10.45,true,1,
7290011499419,false,גבינה במרקם שמנת בטעם טבעי 5% ניו יורק,גבינות מדף,IL,גבינה במרקם שמנת 5%,גרמים,200.00,100 גרם,false,1,10.00,5.00,true,1,
7290011499525,false,גבינת לאבנה דרוזית 9% גד 500 גרם,מחלבות גד בעמ,IL,לאבנה 500גר 9%,גרמים,500.00,100 גרם,false,1,20.30,4.06,true,1,
7290011499624,false,שמנת 30% ניו יורק טבעי 200 גרם רבנות,גבינות מדף,IL,גבינת שמנת 30% טבעי,גרמים,200.00,100 גרם,false,1,12.50,6.25,true,1,
7290011518561,false,"אקטימל תות 1.51 ק""ג מארז 14 יחידות",מיוצר עי קונדיטוריית,IL,אקטימל תות מארז משפח,ליטרים,0.00,ליטר,false,1,28.90,28.90,true,1,
7290011530945,false,קרפצ'יו עגל פרימיום 210 גרם בלדי,בלדי,IL,קרפציו עגל 210 גרם,גרמים,210.00,100 גרם,false,1,34.90,16.62,true,1,
7290011585235,false,מיני צבורק במילוי בש,,IL,מיני ציבורקי 600 גרם,גרמים,600.00,100 גרם,false,1,31.90,5.32,true,1,
7290011585723,false,כיסונים ביתי במילוי בשר 900 גרם,,IL,כיסונים ביתי במילוי,גרמים,900.00,100 גרם,false,1,31.90,3.54,true,1,
7290011585921,false,בצק שמרים קלאסי 1 קג,,IL,"בצק שמרים 1 ק""ג",גרמים,1000.00,100 גרם,false,1,15.90,1.59,true,1,
7290011587826,false,חרדל דיז'ון פיקאטה 370 גרם,Covinor sas,,חרדל דיזון 370 גרם,גרמים,370.00,100 גרם,false,1,11.40,3.08,true,1,
7290011598457,false,ניירטואלט לבן סנו סופט 48 יח',מפעלי ברונוס בעמ,IL,נייר טואלט סופט לבן,מטרים,882.00,מטר,false,1,38.90,0.04,true,1,
7290011615260,false,"טורטייה 20 ס""מ קוטר וילי פוד 540 גר",מוטלוקל גידה סאנאי ט,TR,"טורטייה 20 ס""מ קוטר",גרמים,540.00,100 גרם,false,1,9.90,1.83,true,1,
7290011615406,false,בולגרית בקוביות בשמן ותבלינים הבולגריה 325 ג' קוליוס,"קוליוס אס. איי, גריק",GR,הבולגריה בקוביות שמן,גרמים,325.00,100 גרם,false,1,17.90,5.51,true,1,
7290011622756,false,ביסקוויטמינים פלוס בטעם שוקולד 150 גרם,מצות אביב בעמ,IL,ביסקוויטמינים פלוס ש,גרמים,150.00,100 גרם,false,1,14.90,9.93,true,1,
7290011644000,false,מקלות תירס ממותקים 80 גרם,סנקי,IL,מקלות תירס ממותקים 8,גרמים,90.00,100 גרם,false,1,4.10,4.56,true,1,
7290011644505,false,שימורי כבד דג שיבוט 120 גרם ISLAND,יאקן איאצאפי,,שימורי כבד דג שיבוט,גרמים,120.00,100 גרם,false,1,10.40,8.67,true,1,
7290011743833,false,"סנסודיין משחת שיניים פרונאמל 75 מ""ל",גלקסו סמית קליין,GB,משחת שיניים סנסודיין,Unknown,0.00,Unknown,false,1,28.50,28.50,true,1,
7290011800840,false,רפי כהן סלט טחינה בלאדי צבר 400 גרם,רפי כהן / צבר,IL,טחינה בלאדי רפי כהן,גרמים,400.00,100 גרם,false,1,15.60,3.90,true,1,
7290011830007,false,"סוכר חום אורגני השדה מוצרים אורגנים 1 ק""ג",השדה מוצרים אורגניים,IN,סוכר קנים אורגני חום,גרמים,1000.00,100 גרם,false,1,13.50,1.35,true,1,
7290011830144,false,פתיתים כוסמין לחם השדה 500 גר,השדה מוצרים טבעיים ו,IL,פתיתים כוסמין לחם הש,גרמים,500.00,100 גרם,false,1,18.90,3.78,true,1,
7290011830366,false,טליאטלה מקמח דורום 5 צבעים אורגני 500 גר,השדה מוצרים טבעיים ו,IT,טליאטלה מקמח דורום 5,גרמים,500.00,100 גרם,false,1,30.50,6.10,true,1,
7290011860271,false,ביסבול כדורי פירה מתפוחי אדמה תפוגן 700 גרם,"תעשיות תפוגן בע""\מ",IL,תפוגן ביסבול טבעי 70,גרמים,700.00,100 גרם,false,1,18.80,2.69,true,1,
7290011878351,false,תמרים מגהול 400 גרם אורגני,,IL,תמרים מגהול 400 גרם,גרמים,400.00,100 גרם,false,1,27.90,6.98,true,1,
7290011947743,false,זיתים זיתא מיקס זית ירוק וזית קלמטה 215 גרם,זיתא - י.ט.ב תעשיות,IL,מיקס זיתים זיתא 215,גרמים,215.00,100 גרם,false,1,13.90,6.47,true,1,
7290011947798,false,זית קלמטה ללא גלעין עם שמן זית כתית מעולה,זיתא - י.ט.ב תעשיות,IL,זית קלמטה ללא גלעין,גרמים,190.00,100 גרם,false,0,14.60,7.68,true,1,
7290011987466,false,סלמון פרוס בוואקום 200 גר,אס.פי.פיש האוס,IL,סלמון פרוס בוואקום,גרמים,200.00,100 גרם,false,1,45.90,22.95,true,1,
7290012022005,false,פריכיות חיטה 60 גרם,דילייט,IL,פריכיות חיטה 70 גרם,גרמים,70.00,100 גרם,false,1,11.90,17.00,true,1,
7290012046179,false,אל סבון נוזלי 1 ליטר + משאבה,,IL,אל סבון נוזלי 1 ליטר,Unknown,0.00,Unknown,false,1,10.90,10.90,true,1,
7290012117350,false,"נוזל רצפות לילך 2 ליטר ""ריצפז פרש""","סנו מפעלי ברונוס בע""\מ",IL,סנו ריצפז פרש 2 ליטר,ליטרים,0.00,ליטר,false,1,20.90,20.90,true,1,
7290012117534,false,מרכך כביסה מרוכז תכלת קול סנו מקסימה 1 ליטר,"סנו מפעלי ברונוס בע""\מ",IL,מרכך כביסה מקסימה סו,מיליליטרים,1000.00,"100 מ""ל",false,1,13.90,1.39,true,1,
7290012117541,false,מרכך כביסה מרוכז צהוב סנו מקסימה 1 ליטר,סנו מפעלי ברונוס בעמ,IL,מרכך כביסה מקסימה סו,מיליליטרים,1000.00,"100 מ""ל",false,1,13.90,1.39,true,1,
7290012129728,false,מגבונים לחים פרשיס ללא בישום חמישייה,,IL,מגבונים לחים פרשיס ל,Unknown,0.00,Unknown,false,1,22.90,22.90,true,1,
7290012159794,false,ריזנקה דן 1 ל,,,רגינקה דן 1 ל,מיליליטרים,1000.00,"100 מ""ל",false,1,17.50,1.75,true,1,
7290012159886,false,תחליף גבינה מותכת דר,,,דרוזבה 100 גר,גרמים,100.00,100 גרם,false,1,5.00,5.00,true,1,
7290012159909,false,תחליף גבינה מותכת ינ,,,ינטר 100 גר,גרמים,100.00,100 גרם,false,1,5.00,5.00,true,1,
7290012191053,false,גפרורים ארוכים לגרילים,,,גפרור מטבח ארוך,Unknown,0.00,Unknown,false,1,7.30,7.30,true,1,
7290012247316,false,לב עוף טרי,,,לב עוף טרי,Unknown,0.00,"ק""ג",true,0,34.90,34.90,true,1,
7290012251177,false,מיני סרוולט איטלקי 400 גר,ישרקו שיווק מותגי מז,,מיני סרוולט איטלקי,גרמים,400.00,100 גרם,false,1,47.90,11.98,true,1,
7290012251320,false,גיוזה בקר 320 גר קפוא מזרע,,,גיוזה בקר 320 גר,גרמים,320.00,100 גרם,false,1,35.90,11.22,true,1,
7290012251382,false,פריזר ביצת הזהב 500 גר מזרע,,,פריזר ביצת הזהב 500,גרמים,500.00,100 גרם,false,1,44.90,8.98,true,1,
7290012251474,false,שרימפס 26/30 מקולף 500 ג' קפוא,,,שרימפס מקולף 500 גר,גרמים,500.00,100 גרם,false,1,45.90,9.18,true,1,
7290012251498,false,שרימפס מקולף 500 גר קפוא M,,,שרימפס מקולף 500 גר,גרמים,500.00,100 גרם,false,1,51.50,10.30,true,1,
7290012251511,false,דג בסה קוביות 500 גר קפוא,,,דג בסה קוביות 500 גר,גרמים,500.00,100 גרם,false,1,17.90,3.58,true,1,
7290012251757,false,קרפלך תפוחי אדמה 600 גר,,,קרפלך תפוחי אדמה 600,גרמים,600.00,100 גרם,false,1,21.90,3.65,true,1,
7290012306204,false,"אורז עגול בוכרי לאוש פלוב 1 ק""ג",,,אורז עגול בוכרי לאוש,גרמים,1000.00,100 גרם,false,1,19.90,1.99,true,1,
7290012588242,false,"מים מינרלים מיי וואטר כדורגל מארז 500X6מ""ל",נרה קריטיס אס איי באריפט,GR,שישיית מים מינרלים כ,מיליליטרים,3000.00,"100 מ""ל",false,1,16.60,0.55,true,1,
7290012645051,false,יוגורט עיזים חלב הארץ 350 גרם,חלב הארץ,IL,יוגורט עיזים בגביע,גרמים,350.00,100 גרם,false,1,13.50,3.86,true,1,
7290012645112,false,יוגורט עיזים 2.8% בדלי חלב הארץ 750 גרם,מחלבות סוסיא,IL,יוגורט עיזים בדלי 75,מיליליטרים,750.00,"100 מ""ל",false,1,20.50,2.73,true,1,
7290012645129,false,יוגורט כבשים 5% בדלי חלב הארץ 750 גרם,מחלבות סוסיא,IL,יוגורט כבשים בדלי 7,מיליליטרים,750.00,"100 מ""ל",false,1,20.50,2.73,true,1,
7290012645297,false,יוגורט עיזים ביו 2.8% טעם טבעי חלב הארץ 150 גרם,מחלבות סוסיא,IL,יוגורט עיזים בטעם טב,גרמים,150.00,100 גרם,false,1,6.50,4.33,true,1,
7290012850011,false,מחית ביליבד תפוחי עץ 190ג',נאופארם,IL,מחית תפוחי עץ 190 גר,גרמים,190.00,100 גרם,false,1,6.50,3.42,true,1,
7290012901973,false,"שעועית אדומה, 400 גרם גאלה",יורוקום אס.אר.אל,IT,שעועית אדומה גאלה 40,גרמים,400.00,100 גרם,false,1,11.40,2.85,true,1,
7290012938580,false,"סנסודיין משחת שיניים להלבנה עדינה 75 מ""ל",גלקסוסמית'\קליין קונסיומ,GB,סנסודיין משחת שיניים,Unknown,0.00,Unknown,false,1,15.00,15.00,true,1,
7290012958045,false,ביצי דגים 200 גר פחית,,,ביצי דגים 200 גר פחי,גרמים,200.00,100 גרם,false,1,104.50,52.25,true,1,
7290013083678,false,תחליף חלב מטרנה אקסטרה קר שלב 2 700 גרם,מולינו ניקולי s.p.a,IL,מטרנה אקסטרה קר שלב,גרמים,700.00,100 גרם,false,1,49.90,7.13,true,1,
7290013083999,false,חול יורוקיטי קריסטלי 3.8 ל',קינדאו,CN,קריסטל יורוקיטי 3.8,Unknown,0.00,Unknown,false,1,24.90,24.90,true,1,
7290013089809,false,פילה אמנון קפוא במשקל,,,פילה אמנון קפוא,Unknown,0.00,"ק""ג",true,0,19.90,19.90,true,1,
7290013117243,false,בורקס פילו בולגרית מעדנות 600 גרם,מיוצר עי קונדיטוריית,IL,בורקס פילו בולגרית 6,גרמים,600.00,100 גרם,false,1,17.90,2.98,true,1,
7290013117410,false,בצק פריך מרודד למאפים מתוקים 900 ג' מעדנות,מיוצר עי קונדיטוריית,IL,בצק פריך מתוק 900 גר,גרמים,900.00,100 גרם,false,1,22.90,2.54,true,1,
7290013117427,false,בצק פריך מרודד למאפים מלוחים מעדנות 2*450 גרם,מיוצר עי קונדיטוריית,IL,בצק פריך מלוח 900 גר,גרמים,900.00,100 גרם,false,1,22.90,2.54,true,1,
7290013121035,false,לחם פשתן ללא גלוטן 500 גר קפוא,אביב קונדיטוריה מעול,IL,לחם פשתן ללא גלוטן,גרמים,500.00,100 גרם,false,1,20.90,4.18,true,1,
7290013121103,false,רביעיית לחמניות סנדויץ ללא גלוטן 460 גרם,אביב קונדיטוריה מעול,IL,רביעיית שליש בגט,גרמים,400.00,100 גרם,false,1,20.90,5.23,true,1,
7290013121165,false,לחמניות נקניקיה ללא גלוטן גרין לייט 6 * 77 גרם,אביב קונדיטוריה מעול,IL,שישיית לחמניות ללא ג,גרמים,460.00,100 גרם,false,1,20.90,4.54,true,1,
7290013144232,false,מיימונס פודינג בטעם וניל 80 גרם,א.ל ייצור ושיווק תבלינים,IL,פודינג וניל 85 גר,גרמים,85.00,100 גרם,false,1,6.20,7.29,true,1,
7290013144270,false,תערובת להכנת קרם פטיסייר מיימונס 100 גרם,א.ל ייצור ושיווק תבלינים,IL,קרם פטיסייר 100 גר,גרמים,100.00,100 גרם,false,1,11.50,11.50,true,1,
7290013144614,false,"מיימונס סירופ מייפל אמיתי 100% מקנדה 236 מ""ל",הנסיך- מפעל לייצור ט,CA,סירופ מייפל אמיתי,מיליליטרים,236.00,"100 מ""ל",false,1,36.50,15.47,true,1,
7290013145062,false,"סירופ מייפל אמיתי 100% מימונס 187 מ""ל",מימונס אפייה,CA,סירופ מייפל אמיתי 10,מיליליטרים,187.00,"100 מ""ל",false,1,31.50,16.84,true,1,
7290013145178,false,קוקוס טחון לבן מיימונס 100 גרם,א.ל ייצור ושיווק תבלינים,IL,קוקוס טחון לבן 100 ג,גרמים,100.00,100 גרם,false,1,5.50,5.50,true,1,
7290013145437,false,שוקולד מריר מעולה ציפס מימונס 250 ג',אינטרגטה תעשיות מזון 19),IL,שוקולד ציפס 48% 250,גרמים,250.00,100 גרם,false,1,15.50,6.20,true,1,
7290013145451,false,אבקת קקאו מימונס 150 ג',מיוצר עי קונדיטוריית,IL,קקאו 150 גר,גרמים,150.00,100 גרם,false,1,10.40,6.93,true,1,
7290013145840,false,סוכר וניל מיימונס 10 יחידות,א.ל ייצור ושיווק תבלינים,IL,סוכר וניל 10 יח בצלו,Unknown,0.00,Unknown,false,1,2.70,2.70,true,1,
7290013145857,false,אבקת אפיה מיימונס 10 יחידות,מימונס אפייה,IL,אבקת אפיה 10 יח בצלו,Unknown,0.00,Unknown,false,1,2.70,2.70,true,1,
7290013145901,false,סודה לשתיה מיימונס 100 גרם,א.ל ייצור ושיווק תבלינים,IL,סודה לשתיה 100 גר,גרמים,100.00,100 גרם,false,1,2.00,2.00,true,1,
7290013145949,false,אבקת סוכר פטנט מימונס 250 גרם,א.ל ייצור ושיווק תבלינים,IL,אבקת סוכר אריזת פטנט,גרמים,250.00,100 גרם,false,1,17.50,7.00,true,1,
7290013145963,false,שמרים יבשים בוואקום מיימונס 125 גרם,מימונס אפייה,CN,שמרים יבשים בואקום 1,גרמים,125.00,100 גרם,false,1,6.20,4.96,true,1,
7290013145970,false,קורנפלור מימונס בשקית 200 ג',א.ל ייצור ושיווק תבלינים,IL,קורנפלור 200 גרם,גרמים,200.00,100 גרם,false,1,3.90,1.95,true,1,
7290013146304,false,קורנפלור 500 גרם מימונס.,א.ל ייצור ושיווק תבלינים,IL,קורנפלור 500 גרם,גרמים,500.00,100 גרם,false,1,5.90,1.18,true,1,
7290013146489,false,קונוסים מבצק עלים מימונס 120 ג',מימונס אפייה,IT,קונוסים מבצק עלים 12,גרמים,120.00,100 גרם,false,1,15.90,13.25,true,1,
7290013187215,false,מנות פילה סלמון נורבגי 800 גר,,NO,פילה סלמון נורבגי,גרמים,800.00,100 גרם,false,1,86.90,10.86,true,1,
7290013187765,false,ברוקולי טבעפרוסט 800 גר,,,ברוקולי טבעפרוסט 800,גרמים,800.00,100 גרם,false,1,18.90,2.36,true,1,
7290013187789,false,אפונה ירוקה טבעפרוסט 800 גר,,,אפונה ירוקה טבעפרוסט,גרמים,800.00,100 גרם,false,1,15.60,1.95,true,1,
7290013187802,false,שעועית ירוקה עדינה טבעפרוסט 800 גר,,,שעועית ירוקה עדינה ט,גרמים,800.00,100 גרם,false,1,15.90,1.99,true,1,
7290013187819,false,שעועית ירוקה חתוכה טבעפרוסט 800 גר,,,שעועית ירוקה חתוכה ט,גרמים,800.00,100 גרם,false,1,15.90,1.99,true,1,
7290013187826,false,כרוב ניצנים טבעפרוסט 800 גר,,,כרוב ניצנים טבעפרוסט,גרמים,800.00,100 גרם,false,1,15.90,1.99,true,1,
7290013187833,false,כרובית טבעפרוסט 800 גר,,,כרובית טבעפרוסט 800,גרמים,800.00,100 גרם,false,1,15.90,1.99,true,1,
7290013187840,false,גזר גמדי טבעפרוסט 800 גר,,,גזר גמדי טבעפרוסט 80,גרמים,800.00,100 גרם,false,1,15.90,1.99,true,1,
7290013187857,false,טבעפרוסט תרד 800 גרם,,,תרד טבעפרוסט 800 גר,גרמים,800.00,100 גרם,false,1,15.90,1.99,true,1,
7290013187888,false,נקניק סרוולט רוסקי 1,,,רוסקי סרוולט 170 גר,גרמים,170.00,100 גרם,false,1,34.90,20.53,true,1,
7290013187949,false,נקניק סרוולט איטלקי,,,סרוולט איטלקי 170 גר,גרמים,170.00,100 גרם,false,1,23.90,14.06,true,1,
7290013268020,false,מקסימה מרכך כביסה מרוכז בניחוח אולטרא פרש סנו 1 ליטר,"סנו מפעלי ברונוס בע""\מ",IL,מרכך כביסה מקסימה סו,מיליליטרים,1000.00,"100 מ""ל",false,1,13.90,1.39,true,1,
7290013268839,false,פוליויקס פרקט-תרכיז ריחני לניקוי רצפות עץ,"סנו מפעלי ברונוס בע""\מ",IL,פוליווקס פרקט,ליטרים,0.00,ליטר,false,1,23.90,23.90,true,1,
7290013268990,false,מרכך כביסה מרוכז לבן ביו סנו מקסימה 1 ליטר,"סנו מפעלי ברונוס בע""\מ",IL,מרכך כביסה מקסימה בי,מיליליטרים,1000.00,"100 מ""ל",false,1,13.90,1.39,true,1,
7290013269621,false,ריצפז פרש לניקוי רצפות בניחוח מלון בוטיק,מיוצר עי קונדיטוריית,IL,נוזל רצפות ריצפז פרש,ליטרים,0.00,ליטר,false,1,14.90,14.90,true,1,
7290013269706,false,סנובון ג'ל לניקוי האסלה בניחוח אוקיינוס,סנו סנובון,PL,סנובון גל לאסלה בניח,Unknown,0.00,Unknown,false,1,8.90,8.90,true,1,
7290013284310,false,רוטב פסטה לילדים פריניר 240 גרם,פריניר ( הדס 1987) ב,IL,רוטב פסטה לילדים 240,גרמים,240.00,100 גרם,false,1,5.80,2.42,true,1,
7290013358356,false,מאסטר שף - פירורי לחם מוזהבים 320 גרם,מנה י.א בעמ,IL,מאסטר שף פירורי לחם,גרמים,320.00,100 גרם,false,1,7.60,2.38,true,1,
7290013358363,false,מאסטר שף פרורי לחם פנקו עבים בסגנון יפני 300 גר,קריניציה ויטמינה אס,IL,פירורי לחם פנקו 300,גרמים,300.00,100 גרם,false,1,9.80,3.27,true,1,
7290013358417,false,מאסטר שף אסייאתי רוטב טריאקי 300 מל כשלפ,קריניציה ויטמינה אס,TH,מנה אסייאתי רוטב טרי,מיליליטרים,300.00,"100 מ""ל",false,1,12.90,4.30,true,1,
7290013358448,false,"קרוטונים לסלט אקסטרה ארוכים בתיבול שום, בצל ופטרוזיליה",עינת תעשיות מזון אגו,IL,מנה קרוטונים לסלט 4,גרמים,200.00,100 גרם,false,1,12.50,6.25,true,1,
7290013358585,false,מנה אסייאתי נודלס ביצים להקפצה 400 מ.שף,הנסיך- מפעל לייצור ט,CN,מנה אסייאתי נודלס בי,גרמים,400.00,100 גרם,false,1,9.90,2.48,true,1,
7290013381675,false,"סירופ למלבי נאמן 750מ""ל",הילל תעשיות,IL,"סירופ מלבי 750 מ""ל",מיליליטרים,750.00,"100 מ""ל",false,1,18.30,2.44,true,1,
7290013389077,false,"עלי טורטיה מקמח חיטה 25ס""מ 8יח' תומר 420 ג'",Azteca foods europe,IL,טורטיה ספרדי חיטה 25,גרמים,420.00,100 גרם,false,1,15.30,3.64,true,1,
7290013433169,false,חמאת לוז קשיו 250 גרם,,IL,חמאת לוז קשיו 250 גר,גרמים,250.00,100 גרם,false,1,44.90,17.96,true,1,
7290013442284,false,גבינת ברי כבשים 140ג,מוטק'ה החולב,IL,גבינת ברי 140 גר,גרמים,140.00,100 גרם,false,1,26.90,19.21,true,1,
7290013442314,false,גבינת סנט מור כבשים,מוטק'ה החולב,IL,גבינת סנט מור 150 גר,גרמים,150.00,100 גרם,false,1,29.90,19.93,true,1,
7290013465115,false,תמצית גינקו בילובה 60 כמ,LTD .AMBROZIA,IL,תמצית גינקו בילובה,Unknown,0.00,Unknown,false,1,123.90,123.90,true,1,
7290013521217,false,פנה אורז מלא ללא גלוטן אורגני השדה 250גרם,השדה מוצרים טבעיים ו,,"פנה אורז מלא לל""ג או",גרמים,250.00,100 גרם,false,1,13.90,5.56,true,1,
7290013557001,false,"סטיביה 100 מ""ל גפן",,,"סטיביה 100 מ""ל גפן",מיליליטרים,100.00,"100 מ""ל",false,1,46.00,46.00,true,1,
7290013579232,false,אוכמניות כחולות קפואות 250 גרם - Shake It,"הבו-קדו בע""\מn\",IL,אוכמניות כחולות Shak,גרמים,250.00,100 גרם,false,1,10.90,4.36,true,1,
7290013580009,false,המבורגר זהב 400 גרם הקצביה בלדי,בלדי,IL,המבורגר זהב 400 גרם,גרמים,400.00,100 גרם,false,1,20.90,5.23,true,1,
7290013585233,false,"ספרייט זירו פחית סליק 330 מ""ל",החברה המרכזית לייצור משקאות,IL,ספרייט ZERO פחית סלי,מיליליטרים,330.00,"100 מ""ל",false,1,5.40,1.64,true,1,
7290013585394,false,קוקה קולה 1ליטר בודד,החברה המרכזית לייצור משקאות,IL,קוקה קולה 1 ליטר,מיליליטרים,1000.00,"100 מ""ל",false,1,7.20,0.72,true,1,
7290013608260,false,מיץ רימונים 100%מיץ סחוט טרי מצונן 1ליט,"גניר (1992) בע""מ",IL,מיץ רימונים 100% סחו,מיליליטרים,1000.00,"100 מ""ל",false,1,21.00,2.10,true,1,
7290013650542,false,פתיתי סויה 75%חלבון 300 גרם,סולבר חצור,,פתיתי סויה 75%חלבון,גרמים,300.00,100 גרם,false,1,12.40,4.13,true,1,
7290013720498,false,פיין שרימפס מבושל 750 גר M,,,פיין שרימפס מבושל,גרמים,750.00,100 גרם,false,1,60.90,8.12,true,1,
7290013720818,false,"קלמרי שקיות 1ק""ג 40/",,,קלמרי 1 קג קפוא,קילוגרמים,0.00,"ק""ג",false,1,89.90,89.90,true,1,
7290013720924,false,ממרח פטה אווז 140 גר,,,ממרח פטה אווז 140 גר,גרמים,140.00,100 גרם,false,1,14.90,10.64,true,1,
7290013787408,false,רביולי בטטה 330 גרם ריקו בית יוסף,דודו איטליאן פרודקטס בע\,IL,רביולי בטטה 330 גרם,גרמים,330.00,100 גרם,false,1,25.90,7.85,true,1,
7290013906052,false,נקניקיות פרגיות טירת צבי 300 גרם,הנסיך- מפעל לייצור ט,IL,נקניקיות פרגיות,גרמים,300.00,100 גרם,false,1,12.90,4.30,true,1,
7290013906212,false,"נקנקיות וינר טירת 1 ק""ג טירת צבי",הנסיך- מפעל לייצור ט,IL,טירת צבי נקניקיות וי,קילוגרמים,0.00,"ק""ג",false,1,21.90,21.90,true,1,
7290013906489,false,חטיפי מיני קבנוס טירת צבי 120 גרם,הנסיך- מפעל לייצור ט,IL,חטיפי קבנוס טירת צבי,גרמים,120.00,100 גרם,false,1,10.90,9.08,true,1,
7290013906687,false,פסט' צמד כפרית ברביקיו ודבש 300X2ג' טירת צבי,הנסיך- מפעל לייצור ט,IL,צמד כפרית ברבקיו,גרמים,600.00,100 גרם,false,1,29.90,4.98,true,1,
7290013906694,false,נקניקיות שקית קילו וחצי טירת צבי,הנסיך- מפעל לייצור ט,IL,נקניקיות עוף טירת צב,גרמים,1500.00,100 גרם,false,1,31.50,2.10,true,1,
7290013994066,false,ספלטפלקס אורגני פתיתי כוסמין 375 גר,הרדוף,IT,ספלטפלקס אורגני פתית,גרמים,375.00,100 גרם,false,1,24.50,6.53,true,1,
7290014002197,false,חליטת קמומיל ולימונית הגן הקסום ויסוצקי 25 יחידות,תה ויסוצקי,IL,חליטת קמומיל ולימוני,Unknown,0.00,Unknown,false,1,18.90,18.90,true,1,
7290014002982,false,תה ירוק לימונית ולואיזה ויסוצקי 25 יחידות תוספת סטיביה,ויסוצקי ירוק,IL,תה ירוק לימונית ולוא,Unknown,0.00,Unknown,false,1,21.90,21.90,true,1,
7290014066359,false,לנדוור-קפסולות אספרסו בלנסד(06) - 10יח'12X יח,"קפה לנדוור בע""\מ",IL,לנדוור קפסולות אספרס,Unknown,0.00,Unknown,false,1,17.70,17.70,true,1,
7290014066441,false,לנדוור-קפסולות אספרסו נטול קפאין(07) - 10יח'12X יח,קפה לנדוור,IL,לנדוור קפסולות אספרס,Unknown,0.00,Unknown,false,1,17.70,17.70,true,1,
7290014094369,false,שקד טבעי 200 גר קופסא ששון הקולה,"דין שיווק וקלייה בע""",IL,שקד טבעי 200 גר קופ,גרמים,200.00,100 גרם,false,1,22.90,11.45,true,1,
7290014094567,false,שמן זית כתית מעולה 750 מל אהרוני,"דין שיווק וקלייה בע""",IL,שמן זית כתית מעולה 7,מיליליטרים,750.00,"100 מ""ל",false,1,29.90,3.99,true,1,
7290014094628,false,פקאן טבעי 200 גרם בקופסא,"דין שיווק וקלייה בע""",IL,פקאן טבעי 200 גר,גרמים,200.00,100 גרם,false,1,30.50,15.25,true,1,
7290014094642,false,קשיו טבעי גדול בקופס,"דין שיווק וקלייה בע""",,קשיו טבעי גדול 250 ג,גרמים,250.00,100 גרם,false,1,29.50,11.80,true,1,
7290014094826,false,שזיפים ללא גלעין בשקית ששון הקולה 300 גרם,"דין שיווק וקלייה בע""",,שזיפים מיובשים ללא ג,גרמים,300.00,100 גרם,false,1,17.70,5.90,true,1,
7290014094895,false,אגוזים קלופים בשקית ששון הקולה 150 גרם,"שקדיה גבע תעשיות בע""",IL,אגוזים מלך קלופים 15,גרמים,150.00,100 גרם,false,1,11.50,7.67,true,1,
7290014095960,false,שיבולת שועל עבה בשקית שקדיה 500 גרם,"דין שיווק וקלייה בע""",IL,שיבולת שועל עבה 500,גרמים,500.00,100 גרם,false,1,6.50,1.30,true,1,
7290014218932,false,חטיפי פיצה בתוספ זיתים בשקית מעדנות 710 גרם,מיוצר עי קונדיטוריית,IL,חטיפי פיצה זיתים,גרמים,710.00,100 גרם,false,1,33.90,4.77,true,1,
7290014318311,false,מארז שלישיית עגבניות חתוכות דק במיץ עגבניות Rosso,,,עגבניות פולפה,קילוגרמים,0.00,"ק""ג",false,1,18.80,18.80,true,1,
7290014435704,false,סלמון מעושן שמיר 100 גרם,שבעת הימים - שמיר,IL,סלמון מעושן 100 גר,גרמים,100.00,100 גרם,false,1,24.90,24.90,true,1,
7290014455245,false,גבינת גרנה פדנו משולש 29% 200 גרם בית יוסף,מחלבת סוציאלה מנטובה,IT,גרנה פדנו משולש 200,גרמים,200.00,100 גרם,false,1,24.90,12.45,true,1,
7290014455252,false,גבינה קשה מגורדת גרנה פדנו 29% שומן,מחלבות גד שיווק 1992,IT,גבינה גרנה פדנו,גרמים,100.00,100 גרם,false,1,11.90,11.90,true,1,
7290014455320,false,גבינה כדורי מוצרלה פרסקה גד 100ג',מחלבות גד בעמ,IL,כדור מוצרלה פרסקה 10,גרמים,100.00,100 גרם,false,1,9.50,9.50,true,1,
7290014455467,false,ירח מתוק מעדן חלב 2% ושיבולת שועל גד 150ג',גבינות מדף,IL,מעדן שיבולת שועל וחל,גרמים,150.00,100 גרם,false,1,6.10,4.07,true,1,
7290014455627,false,יוגורט עיזים דובדבן אמרנה 125 גר,מיוצר עי קוד יצרן MK,IL,יוגורט עיזים דובדבן,גרמים,125.00,100 גרם,false,1,6.10,4.88,true,1,
7290014459137,false,"תפוגן סטייק צ'יפס 1.5 ק""ג אסם","תעשיות תפוגן בע""\מ",IL,תפוגן סטייק ציפס 1.5,קילוגרמים,0.00,"ק""ג",false,1,24.90,24.90,true,1,
7290014459472,false,"צ'יפס קפוא תפוגן 2 ק""ג כשל""פ","תעשיות תפוגן בע""מ",IL,ציפס תפוגן קלאסי 2 ק,קילוגרמים,0.00,"ק""ג",false,1,22.90,22.90,true,1,
7290014472501,false,פיסטוק קלוי ענק פרימיום ששון הקולה 250 גרם,"דין שיווק וקלייה בע""",IL,פיסטוק קלוי ענק 250,גרמים,250.00,100 גרם,false,1,23.90,9.56,true,1,
7290014525290,false,חטיפי סלים דליס קריספי תות מרבה 125 גרם,סלים דליס Slim Delis,NL,חטיף מרבה סלים דליס,גרמים,125.00,100 גרם,false,1,10.00,8.00,true,1,
7290014525306,false,חטיפי סלים דליס קריספי אוכמניות מרבה 125 גרם,סלים דליס Slim Delis,NL,חטיף מרבה סלים דליס,גרמים,125.00,100 גרם,false,1,10.90,8.72,true,1,
7290014525313,false,חטיפי סלים דליס קריספי שוקולד מרבה 125 גרם,סלים דליס Slim Delis,NL,חטיף מרבה סלים דליס,גרמים,125.00,100 גרם,false,1,10.00,8.00,true,1,
7290014648814,false,מקלוני צמר גפן la belle עץ 300 יח,,,מקלוני צמר גפן LA BE,יחידה,1.00,יחידה,false,1,5.20,5.20,true,1,
7290014673359,false,מלח לימון תבליני מימון 400 גרם,א.ל ייצור ושיווק תבל,IL,מלח לימון 400 גרם,גרמים,400.00,100 גרם,false,1,23.90,5.98,true,1,
7290014673410,false,פלפל שחור גרוס דק תבליני מימון 250 גרם,א.ל ייצור ושיווק תבלינים,IL,פלפל שחור גרוס דק 25,גרמים,250.00,100 גרם,false,1,30.90,12.36,true,1,
7290014692305,false,גבינת קממבר EURO CHEESE ויליפוד 125 גרם,הנסיך- מפעל לייצור ט,DK,גבינת קממבר 125 גר,גרמים,125.00,100 גרם,false,1,20.90,16.72,true,1,
7290014692817,false,גבינת מוצרלה מגורדתEURO CHEESE ויליפוד 200 גרם,הנסיך- מפעל לייצור ט,IL,גבינת מוצרלה מגורדת,גרמים,200.00,100 גרם,false,1,14.60,7.30,true,1,
7290014749764,false,עוף טוב שניצל עוף ביתי עדין כזה 700 גרם,מוצרי עוף טוב (2001) בע\,IL,עוף טוב שניצל עוף בי,גרמים,700.00,100 גרם,false,1,42.90,6.13,true,1,
7290014758100,false,מאגדת יוגורט ביו 3% שומן 8 יח' *150ג' תנובה,מיוצר עי קונדיטוריית,IL,שמיניית מאגדת BIO,גרמים,150.00,100 גרם,false,1,16.50,11.00,true,1,
7290014758681,false,קוטג תנובה 1% גביע 250 גרם,מיוצר עי קונדיטוריית,IL,קוטג תנובה 1% 250 גר,גרמים,250.00,100 גרם,false,1,5.40,2.16,true,1,
7290014759909,false,פטה עיזים 5% פיראוס גביע 250 גרם,"תנובה, מחלבת טנא נוג",IL,גבינה פטה עזים פיראו,גרמים,250.00,100 גרם,false,1,28.00,11.20,true,1,
7290014759978,false,גבינת קצקבל גלעד 27% תנובה 200 גרם,תנובה חלב,IL,קולאז קשקבל גלעד פלח,גרמים,200.00,100 גרם,false,1,26.60,13.30,true,1,
7290014759985,false,גבינת פרמזן גבע 23% תנובה 200 גרם,תנובה חלב,IL,קולאז פרמזן גבע פלח,גרמים,200.00,100 גרם,false,1,25.90,12.95,true,1,
7290014760448,false,גבינה צהובה גלבוע 400 גרם 22% שומן תנובה,מחלבת בית יצחק,IL,גלבוע פרוס 22% 400 ג,גרמים,400.00,100 גרם,false,1,22.90,5.73,true,1,
7290014760912,false,פרוסות גבינה 28% שומן 400 ג' גוש חלב,תנובה מרכז שיתופי לש,IL,מאגדת גוש חלב 28%,גרמים,400.00,100 גרם,false,1,25.50,6.38,true,1,
7290014761056,false,מעדן שוקולד חלב יולו תנובה 123 גרם,מיוצר עי קונדיטוריית,IL,יולו שוקולד חלב,גרמים,123.00,100 גרם,false,1,3.30,2.68,true,1,
7290014762800,false,מעדן סויה שוקולד גביע 125 גרם אלטרנטיב,תנובה מרכז שיתופי לש,IL,מעדן סויה שוקולד 125,גרמים,125.00,100 גרם,false,1,4.90,3.92,true,1,
7290014762909,false,פתיתי מוצרלה השף הלבן 10% תוספת מתנה,"תנובה, מחלבת תל יוסף",IL,פתיתי מוצרלה השף הלב,גרמים,220.00,100 גרם,false,1,16.90,7.68,true,1,
7290014791879,false,פרוט ווטר אבטיח 0.5 ליטר,יפאורה תבורי בעמ,IL,FRUT WATER אבטיח 500,מיליליטרים,500.00,"100 מ""ל",false,1,6.50,1.30,true,1,
7290014855434,false,מגבונים בייביסיטר פרפורמנס מבושם רביעיה,בייביסיטר Babysitter,IL,בייביסיטר מגבונים פר,Unknown,0.00,Unknown,false,1,16.90,16.90,true,1,
7290014855458,false,מגבוני בייביסיטר פרפורמנס ללא בישום מארז 72X4יח',בייביסיטר Babysitter,IL,בייביסיטר מגבונים פר,Unknown,0.00,Unknown,false,1,16.90,16.90,true,1,
7290014860155,false,מחצלת במבו שטוחה 24X24 ס'מ,גולין פנגזו,CN,מחצלת במבו שטוחה 24*,Unknown,0.00,Unknown,false,1,9.40,9.40,true,1,
7290014905498,false,הפי מטליות דו צדדיות בגליל 20 מטליות,ג'נרל מילס סאן אדריא,TR,מטליות גם וגם הפי,Unknown,0.00,Unknown,false,1,16.20,16.20,true,1,
7290014910515,false,שימורי דגים שפרוטים מעושנים בשמן צמחי 250 גרם,סיא אונדה,LV,שימורי שפרוטים מעוש,גרמים,250.00,100 גרם,false,1,12.50,5.00,true,1,
7290015009300,false,עלי טורטייה מקמח תירס 360 גרם,פרינסס,TR,עלי טורטייה מקמח תיר,גרמים,360.00,100 גרם,false,1,15.60,4.33,true,1,
7290015009591,false,"רוטב אקסטרא חריף מפלפל סקורפיון 148 מ""ל",קאמוק,CR,רוטב אקסטרא חריף פלפ,מיליליטרים,148.00,"100 מ""ל",false,1,19.90,13.45,true,1,
7290015039246,false,נתחי טונה בשמן צמחי רביעיה * 160 ג' וילי פוד,וילי פוד,TH,רביעית טונה בהירה בש,גרמים,640.00,100 גרם,false,1,19.90,3.11,true,1,
7290015039338,false,נתחי טונה במי מלח רביעיה * 160 ג' וילי פוד,וילי פוד,TH,רביעית טונה במי מלח,גרמים,640.00,100 גרם,false,1,19.90,3.11,true,1,
7290015127066,false,תמר בהרי אורגני נאות סמדר 400 גרם,נוקדי המדבר,IL,תמר בהרי אורגני,גרמים,400.00,100 גרם,false,1,19.90,4.98,true,1,
7290015129121,false,אטריות קונג'אק בתוספת טפיוקה בצורת נודלס,הוויזאי וואנגייה פוד,CN,סקיני פסטה נודלס 270,גרמים,270.00,100 גרם,false,1,10.90,4.04,true,1,
7290015129251,false,איטריות קונגאק ללא גלוטן 270 גרם skinny,אף.סי תבליני בגליל ב,CN,איטריות קונגאק ללא ג,גרמים,270.00,100 גרם,false,1,10.90,4.04,true,1,
7290015129268,false,סקיני פסטה פנה שיבולת שועל 200 גרם,סקיני פסטה,CN,סקיני פסטה פנה שיבול,גרמים,200.00,100 גרם,false,1,10.90,5.45,true,1,
7290015129657,false,סקיני פסטה פנה אורגנ,סקיני פסטה,CN,סקיני פסטה פנה 270 ג,גרמים,270.00,100 גרם,false,1,10.90,4.04,true,1,
7290015155885,false,חטיפטף - חטיף אורז אפוי בטעם אוכמניות 28 גרם,,,חטיף אורז אפוי לתינו,גרמים,28.00,100 גרם,false,1,9.90,35.36,true,1,
7290015164856,false,רוטב קארי אדומה 400 גרם SUREE כשר,טאפאדונגפורן קוקינט,TH,רוטב קארי אדומה 400,מיליליטרים,400.00,"100 מ""ל",false,1,19.90,4.98,true,1,
7290015282000,false,איקרא אדומה SEVEN SEAS 200 גרם,שבעת הימים - שמיר,IL,איקרה אדומה 200 גרם,גרמים,200.00,100 גרם,false,0,14.60,7.30,true,1,
7290015282024,false,איקרא לבנה SEVEN SEAS 200 גרם,שבעת הימים - שמיר,IL,איקרה לבנה 200 גרם,גרמים,200.00,100 גרם,false,0,14.60,7.30,true,1,
7290015282598,false,חומוס מסעדות גורמה שמיר 200 גרם,"סלטי שמיר 2006 בע""מ",IL,חומוס מסעדות 200 גר,גרמים,200.00,100 גרם,false,1,11.00,5.50,true,1,
7290015282635,false,חומוס מסבחה גורמה שמיר 200 גרם,"סלטי שמיר 2006 בע""מ",IL,חומוס מסבחה 200 גר,גרמים,200.00,100 גרם,false,1,11.00,5.50,true,1,
7290015282642,false,חומוס אבו גוש גורמה שמיר 200 גרם,"סלטי שמיר 2006 בע""מ",IL,חומוס אבו גוש 200 גר,גרמים,200.00,100 גרם,false,1,11.00,5.50,true,1,
7290015282673,false,חציל במיונז ביתי גורמה שמיר 200 גרם,"סלטי שמיר 2006 בע""מ",IL,חציל במיונז ביתי 200,גרמים,200.00,100 גרם,false,1,11.00,5.50,true,1,
7290015282741,false,חציל תאילנדי אסלי שמיר 200 ג',"סלטי שמיר 2006 בע""מ",IL,חציל תאילנדי 200 גר,גרמים,200.00,100 גרם,false,1,13.50,6.75,true,1,
7290015284028,false,סבון גוף ירקות ירוקים 500 מל ECOLOVE,אורגניק זון,IL,סבון גוף ירקות ירוק,מיליליטרים,500.00,"100 מ""ל",false,1,32.90,6.58,true,1,
7290015284127,false,קרם לחות לשיער רגיל-יבש ירקות כתומים,ZONE ORGANYC,IL,קרם לחות לשיער רגיל-,מיליליטרים,400.00,"100 מ""ל",false,1,42.90,10.73,true,1,
7290015284233,false,ECOLOVE סבון ידיים לעור יבש 500 מל,א.ל. ארמן,IL,ECOLOVE סבון ידיים ל,מיליליטרים,500.00,"100 מ""ל",false,1,25.90,5.18,true,1,
7290015366670,false,משחת שיניים הגנה משולשת מנטה מרענן,גלקסוסמיתקליין,SK,אקוה פרש משחת שיניים,Unknown,0.00,Unknown,false,1,10.40,10.40,true,1,
7290015470094,false,טוסו שוקולד מריר תפוז ללא סוכר 100גרם,אלטינמארקה,TR,טוסו שוקולד מריר תפו,גרמים,100.00,100 גרם,false,1,13.50,13.50,true,1,
7290015599078,false,פרוסות צהובה טבעונית בתוספת עשבי תיבול,וגה מוצרים טבעוניים VEGA,GR,צהובה טבעונית 200 גר,גרמים,200.00,100 גרם,false,1,23.90,11.95,true,1,
7290015603584,false,ג'ינגר לבן כבוש ללא מונוסודיום 160 גרם (כ),לאיווי איפנג פודס קו,CN,גינגר לבן כבוש ללא מ,גרמים,160.00,100 גרם,false,1,7.90,4.94,true,1,
7290015652070,false,קשוי קלוי בשקית ששון הקולה 150 גרם,"דין שיווק וקלייה בע""",IL,קשיו קלוי 150 גרם שש,גרמים,150.00,100 גרם,false,1,11.40,7.60,true,1,
7290015652254,false,גרעיני חמניה קלויים 400 גרם ששון הקלה,"דין שיווק וקלייה בע""",IL,גרעיני חמניה קלויים,גרמים,400.00,100 גרם,false,1,10.00,2.50,true,1,
7290015652261,false,בוטנים קלויים ששון הקולה 350 גרם,"דין שיווק וקלייה בע""",IL,בוטנים קלויים 300 גר,גרמים,300.00,100 גרם,false,1,10.00,3.33,true,1,
7290015652407,false,פיסטוק קלוי ששון הקולה 250 גרם,"דין שיווק וקלייה בע""",IL,פיסטוק קלוי 250 גר ד,גרמים,250.00,100 גרם,false,1,20.00,8.00,true,1,
7290015733427,false,מטרנה דייסת גם וגם וניל פרו12*300ג 2019,מולינו ניקולי s.p.a,IL,דייסת מטרנה גם וגם ו,גרמים,300.00,100 גרם,false,1,25.90,8.63,true,1,
7290015781008,false,"יין VISION מרלו אדום טפרברג 750 מ""ל","יקב טפרברג 1870 בע""מ",IL,יין VISION מרלו 750,Unknown,0.00,Unknown,false,1,39.90,39.90,true,1,
7290015781091,false,"יין VISION קברנה סוביניון טפרברג 750 מ""ל","יקב טפרברג 1870 בע""מ",IL,יין VISION קברנה סוב,Unknown,0.00,Unknown,false,1,39.90,39.90,true,1,
7290015781107,false,"סנגובזה אימפרשיאון 750 מ""ל","יקב טפרברג 1870 בע""מ",IL,יין IMPRES סנגובזה 7,Unknown,0.00,Unknown,false,1,39.90,39.90,true,1,
7290015781169,false,"יין IMPRESSION קברנה סוביניון חצי יבש טפרברג 750 מ""ל","יקב טפרברג 1870 בע""מ",IL,יין IMPRES קברנה סוב,Unknown,0.00,Unknown,false,1,39.90,39.90,true,1,
7290015951616,false,"יין סנגובזה גמלא 2019 750 מ""ל",יקבי רמת הגולן,,יין סנגובזה גמלא 201,Unknown,0.00,Unknown,false,1,66.90,66.90,true,1,
7290016006346,false,שוופס סודה 0.5 ליטר מארז שישייה,יפאורה שותפות מובגלת לשיווק,IL,שישיית שוופס סודה 50,מיליליטרים,1500.00,"100 מ""ל",false,1,14.50,0.97,true,1,
7290016014020,false,רוזמרין,,,רוזמרין,קילוגרמים,0.00,"ק""ג",false,1,5.90,5.90,true,1,
7290016076011,false,לבש ארמני 4 יח 330 גרם,מאפיית דוראל,IL,לבש ארמני 4 יח,גרמים,330.00,100 גרם,false,1,17.50,5.30,true,1,
7290016150117,false,סלק אדום מבושל 500 ג' בוואקום,ג'ואבג'י יואייבי,LE,סלק בואקום 500 גר,Unknown,0.00,Unknown,false,1,6.90,6.90,true,1,
7290016197488,false,מטליות מיקרופייבר למשטחים ניקול 3יח',חוגלה קימברלי,CN,ניקול מטלית קסם לשיש,Unknown,0.00,Unknown,false,1,10.90,10.90,true,1,
7290016197624,false,תחבושות לנשים סופר דיפנד 8 יחידות,קימברלי קלארק,VN,דיפנד תחבושות סופר 8,Unknown,0.00,Unknown,false,1,23.90,23.90,true,1,
7290016197839,false,ניקול השקית החזקה 20 יח' XL,"אשפלסט תעשיות בע""מ",IL,XL שקיות אשפה ניקול,Unknown,0.00,Unknown,false,1,24.50,24.50,true,1,
7290016217742,false,חציל בטחינה 200גרם גורמה,"סלטי שמיר 2006 בע""מ",IL,חציל על אש בטחינה 20,גרמים,200.00,100 גרם,false,1,11.00,5.50,true,1,
7290016233995,false,שימורי אנשובי עם שמן זית 45 ג' תומר,אינוורסינס פריסקו,PE,פילה אנשובי,גרמים,45.00,100 גרם,false,1,6.90,15.33,true,1,
7290016304596,false,לחמניות לסנדביץ 75 גרם,מאפית דוידוביץ ובניו,IL,לחמניות לסנדביץ 75 ג,גרמים,75.00,100 גרם,false,1,12.90,17.20,true,1,
7290016319309,false,סבון נוזלי מאסק קלאסי+משאבה פמלי 1 ל,הנסיך- מפעל לייצור ט,IL,סבון נוזלי מאסק קלאס,מיליליטרים,1000.00,"100 מ""ל",false,1,13.90,1.39,true,1,
7290016321661,false,פרש וואנס SENSITIVE מגבונים ללא בישום רביעייה 72 יחידות,עלבד משואות יצחק,IL,מגבונים פרש וואנס סנ,Unknown,0.00,Unknown,false,1,15.00,15.00,true,1,
7290016321678,false,מגבונים לחים בניחוח מרענן עם תמציות קמומיל ואלוורה,עלבד משואות יצחק,IL,מגבונים פרש וואנס נט,Unknown,0.00,Unknown,false,1,15.00,15.00,true,1,
7290016321890,false,פרשוואנס נייר טואלט מתכלה למבוגרים -מארז שלישייה,עלבד משואות יצחק בעמ,IL,נייר טואלט פרש וואנס,Unknown,0.00,Unknown,false,1,16.70,16.70,true,1,
7290016329261,false,סרקל מתיר קשרים ספריי רציףף 300 מ'ל,פישר מעבדות פרמצבטיות בע,IL,ספריי מתיר קשרים סרק,מיליליטרים,300.00,"100 מ""ל",false,1,35.90,11.97,true,1,
7290016334616,false,בצל ירוק רבנות,רקנאטי,IL,בצל ירוק,Unknown,0.00,Unknown,false,1,5.90,5.90,true,1,
7290016372373,false,רסק עגבניות ללא תוספת סוכר ומלח - מארז זוג,גרנד איטליה Grand Italia,IT,רסק עגבניות גראנד בל,גרמים,270.00,100 גרם,false,1,7.90,2.93,true,1,
7290016372922,false,תה ירוק בטעם קינמון גינגיר וכורכום עם מאצה יפנית,תה ויסוצקי,IL,תה ירוק בטעם קינמון,Unknown,0.00,Unknown,false,1,21.90,21.90,true,1,
7290016385762,false,טריטן Fruit Infuser,,,טריטן Fruit Infuser,Unknown,0.00,Unknown,false,1,49.90,49.90,true,1,
7290016437652,false,חיתולי האגיס פרידום דריי pants מידה 6 30 יחידות,קימברלי קלארק צ'כיה,CZ,האגיס פרידום דריי PA,Unknown,0.00,Unknown,false,1,44.90,44.90,true,1,
7290016448870,false,שפרוטים מעושנים בשמן,אודסקי קונסרברי זאבו,UA,שפרוטים 150 גרם,גרמים,150.00,100 גרם,false,1,6.90,4.60,true,1,
7290016448887,false,שפרוטים מעושנים בשמן,אודסקי קונסרברי זאבו,UA,שפרוטים 240 גרם,גרמים,240.00,100 גרם,false,1,9.40,3.92,true,1,
7290016509342,false,סוד מארז טריו כדוריות לאסלה כחול אקטיבי אקונומיקה,הנקל סוד,HU,סבון לאסלה כחול אקטי,Unknown,0.00,Unknown,false,1,26.50,26.50,true,1,
7290016509786,false,פרסיל גל לכביסה לבנה וצבעונית-ירוק 2.5 ל,"הנקל סוד בע""\מ",IL,גל פרסיל ירוק 2.5 ל,ליטרים,0.00,ליטר,false,1,24.90,24.90,true,1,
7290016509793,false,ג'ל לכביסה לבנה וצבעונית אריזת XL,"הנקל סוד בע""\מ",IL,פרסיל גל ירוק 4 ל,ליטרים,0.00,ליטר,false,1,44.90,44.90,true,1,
7290016509816,false,ג'ל כביסה פרסיל קולור 4ל,"הנקל סוד בע""\מ",IL,פרסיל גל קולור 4 ל,ליטרים,0.00,ליטר,false,1,44.90,44.90,true,1,
7290016509823,false,ג'ל לכביסה לבנה וצבעונית בניחוח רענן,"הנקל סוד בע""\מ",IL,גל פרסיל בלו 2.5 ל,ליטרים,0.00,ליטר,false,1,24.90,24.90,true,1,
7290016509847,false,פרסיל ג'ל לכביסה כהה בלאק 2.5 ליטר,"הנקל סוד בע""\מ",IL,גל כביסה פרסיל בלאק,ליטרים,0.00,ליטר,false,1,24.90,24.90,true,1,
7290016513240,false,אוכמניות כחולות 250 גר,,,אוכמניות כחולות 250,גרמים,250.00,100 גרם,false,1,16.70,6.68,true,1,
7290016513325,false,דובדבן 250 גר,,,דובדבן 250 גר,גרמים,250.00,100 גרם,false,1,11.40,4.56,true,1,
7290016513332,false,מיקס פירות 250 גר,,,מיקס פירות 250 גר,גרמים,250.00,100 גרם,false,1,11.40,4.56,true,1,
7290016574012,false,ממרח פסטו עם שמן כמהין 180 גר,מוטי שף,IL,ממרח פסטו עם שמן כמה,גרמים,180.00,100 גרם,false,1,20.90,11.61,true,1,
7290016594140,false,"מחית אורגנית תפו""ע אגסים וברוקולי 120 גר",ביואיטליה,IT,"מחית אורגנית תפו""ע א",גרמים,120.00,100 גרם,false,1,6.20,5.17,true,1,
7290016682038,false,"מיץ תפוזים סחוט 100% טבעי. מפוסטר, מקורר",פרי ניב,IL,מיץ תפוזים פריניב 40,מיליליטרים,400.00,"100 מ""ל",false,1,9.90,2.48,true,1,
7290016682328,false,מיץ תפוזים 100% מרכז פריניב 2 ליטר,פרי ניב,IL,מיץ תפוזים עשוי מרכז,ליטרים,0.00,ליטר,false,1,24.90,24.90,true,1,
7290016682335,false,מיץ תפוזים סחוט פריניב 2 ליטר,פרי ניב,IL,סחוט טרי תפוזים 2 לי,ליטרים,0.00,ליטר,false,1,24.90,24.90,true,1,
7290016682342,false,מיץ תפוזים וולנסיה פרי ניב 2 ליטר-,פרי ניב,IL,מיץ תפוז וולנסיה 100,ליטרים,0.00,ליטר,false,1,26.90,26.90,true,1,
7290016682373,false,משקה קל לימונדה בלאדי 2 ליטר פריניב,פריניב,IL,נקטר לימונדה בלדי 2,ליטרים,0.00,ליטר,false,1,25.90,25.90,true,1,
7290016682380,false,מיץ טבעי לימונדה ולואיזה פרי ניב 2 ליטר-,פרי ניב,IL,מיץ לימונדה לואיזה פ,ליטרים,0.00,ליטר,false,1,24.90,24.90,true,1,
7290016866445,false,תערובת גי פרי קמח תפוח 500 גרם,אשבל -מזון פונקציונל,IL,גי פרי קמח תפוח 500,גרמים,500.00,100 גרם,false,1,20.50,4.10,true,1,
7290016866643,false,פרודונטקס מ.שיניים אקסטרה פרש 75 מל,פרודונטקס Parodontax,SK,משחת שיניים פרודנטקס,Unknown,0.00,Unknown,false,1,29.90,29.90,true,1,
7290016866650,false,"פרודונטקס - משחת שיניים אוריג'ינל 75 מ""ל",פרודונטקס Parodontax,SK,משחת שיניים פרודנטקס,Unknown,0.00,Unknown,false,1,29.90,29.90,true,1,
7290016866674,false,"פרודונטקס - משחת שיניים מלבינה 75 מ""ל",פרודונטקס Parodontax,SK,משחת שיניים פרודונטק,Unknown,0.00,Unknown,false,1,29.90,29.90,true,1,
7290016867152,false,"מארז פיתות קלות כוסמין 5 יחידות ד""ר מרק",המאפה של דר מרק בריא,IL,פיתות קלות כוסמין 5,גרמים,330.00,100 גרם,false,1,14.90,4.52,true,1,
7290017023861,false,סודה בטעם לימון בקבוקים אישיים - מארז 4 יח',יפאורה תבורי בעמ,IL,שוופס סודה לימון 250,מיליליטרים,1000.00,"100 מ""ל",false,1,14.90,1.49,true,1,
7290017031705,false,"סנסודיין משחת שיניים קלין & פרש 75 מ""ל",גלקסוס סמית קליין,SK,משחת שיניים סנסודיין,Unknown,0.00,Unknown,false,1,15.00,15.00,true,1,
7290017058009,false,שימורי אנשובי עם צלפים 45 ג' תומר,,IL,אנשובי עם צלפים 45 ג,Unknown,0.00,Unknown,false,1,6.90,6.90,true,1,
7290017058016,false,אנשובי בצנצנת עם צלפים 100 גרם,Inversiones prisco s,,אנשובי בצנצנת עם צלפ,גרמים,100.00,100 גרם,false,1,11.60,11.60,true,1,
7290017058535,false,ממרח זיתי קלמטה יווני,תומר,,ממרח זיתי קלמטה 200,גרמים,200.00,100 גרם,false,1,13.90,6.95,true,1,
7290017058795,false,תירס גמדי שלם במי מלח בצנצנת 340 גרם,אינדיה אגרו אקספורט,IN,תירס גמדי שלם במי מל,גרמים,340.00,100 גרם,false,1,7.90,2.32,true,1,
7290017062679,false,מרכך כביסה מרוכז צהוב 1 5 Xל טאצ,,IL,מרכך כביסה מרוכז צהו,Unknown,0.00,Unknown,false,12,11.90,11.90,true,1,
7290017062723,false,מרכך כביסה מרוכז ירוק 1*5 ליטר טאצ,סאסאטק,IL,מרכך כביסה מרוכז ירו,Unknown,0.00,Unknown,false,12,11.90,11.90,true,1,
7290017065007,false,פרוסות גבינה מוצרלה חצי קשה 22% שומן 200 ג' גד,מחלבות גד בעמ,IL,פרוסות מוצרלה גד 200,גרמים,200.00,100 גרם,false,1,17.90,8.95,true,1,
7290017065137,false,ריקוטה למריחה 5% טבעית 200 גרם - רובין,האי נאם סי או אל.טי.,IL,ריקוטה למריחה 5% טבע,גרמים,200.00,100 גרם,false,1,10.00,5.00,true,1,
7290017065236,false,גבינה בולגרית מעודנת 24% גד 250 גרם,הנסיך- מפעל לייצור ט,IL,גבינה בולגרית מעודנת,גרמים,250.00,100 גרם,false,1,21.90,8.76,true,1,
7290017065311,false,פרוסות גבינה מוצרלה מעושנת 200 ג',מחלבות גד בעמ,IL,פרוסות מוצרלה מעושנת,גרמים,200.00,100 גרם,false,1,18.50,9.25,true,1,
7290017065380,false,"גרנה פדנו שבבים ""גד"" 100 גרם",מחלבות גד,IT,שבבי גרנה פדנו 100 ג,גרמים,100.00,100 גרם,false,1,13.90,13.90,true,1,
7290017065526,false,קוואטרו פורמאג'י 4 גבינות מגוררות 26%,"מחלבות גד בע""\מ",IL,גבינה קוואטרו פורמאג,גרמים,300.00,100 גרם,false,1,29.90,9.97,true,1,
7290017065588,false,יוגורט יווני 10% שומן 600 ג' גד,"מיוצר ע""\י קוד יצרן MKN",IL,יוגורט יווני 10% 600,גרמים,600.00,100 גרם,false,1,15.90,2.65,true,1,
7290017065731,false,גבינת שמנת 30% ניו יורק +כמהין 200 גרם רבנות,פ.פ.ח. שאביט,IL,גבינת שמנת עם כמהין,גרמים,200.00,100 גרם,false,1,12.50,6.25,true,1,
7290017065786,false,"גבינת צ`דר מחלבות גד , 210 גרם","מחלבות גד בע""\מ",IL,צדר 210 גרם,גרמים,210.00,100 גרם,false,1,22.90,10.90,true,1,
7290017065960,false,רוטב פורצ'יני מחלבות גד 200 גרם,גבינות מדף,IL,רוטב פורציני 200 גרם,גרמים,200.00,100 גרם,false,1,17.90,8.95,true,1,
7290017088327,false,רבעיית מגבונים בייביסיטר אקסטרא סופט ללא בישום 64 יחידות,די.פי.אל בעמ,IL,מגבוני בייביסיטר ext,יחידה,1.00,יחידה,false,1,16.90,16.90,true,1,
7290017105062,false,גרגירי חומוס שלם יכין הקטניה הטובה 200 ג,היינץ צפון אמריקה מק,IL,גרגירי חומוס שלם יכי,גרמים,200.00,100 גרם,false,1,4.50,2.25,true,1,
7290017105079,false,שעועית לבנה ברוטב עגבניות יכין הקטניה הט,היינץ צפון אמריקה מק,IL,שימורי יכין שעועית א,גרמים,200.00,100 גרם,false,1,4.50,2.25,true,1,
7290017105116,false,תורמוס הקטניה הטובה יכין 200/105 גרם,"זנלכל בע""\מ",IL,שימורי יכין תורמוס 2,גרמים,200.00,100 גרם,false,1,4.50,2.25,true,1,
7290017105550,false,רביעיית רסק עגבניות 100% יכין 4X100 גרם,היינץ צפון אמריקה מק,IL,מאגדת רסק 100% עגבני,גרמים,400.00,100 גרם,false,1,11.80,2.95,true,1,
7290017105895,false,גרגרי חומוס להכנת חומוס משובח יכין 560 ג,זנלכל,IL,גרגירי חומוס מסעדות,Unknown,550.00,Unknown,false,1,8.90,0.02,true,1,
7290017142012,false,שמן קוקוס אורגני כתית 500 מל עץ הזית,אקספולנקה,LK,שמן קוקוס אורגני כתי,גרמים,500.00,100 גרם,false,1,39.90,7.98,true,1,
7290017142111,false,פתיתי טונה בשמן זית טו גו עץ הזית 85 גרם,"יוניקורד ח.צ בע""מ",TH,פתיתי טונה בשמן זית,גרמים,85.00,100 גרם,false,1,9.90,11.65,true,1,
7290017142128,false,"שמן זית כתית מעולה קלאסי עץ הזית 750 מ""ל",שמן תעשיות בעמ,IT,שמן זית כתית מעולה ק,מיליליטרים,750.00,"100 מ""ל",false,1,29.90,3.99,true,1,
7290017142203,false,"פילה טונה פרוס עם שמן זית בטעם מעושן 120 גרם ""עץ הזית""","יוניקורד ח.צ בע""מ",TH,פילה טונה פרוס בשמן,גרמים,120.00,100 גרם,false,1,15.60,13.00,true,1,
7290017142388,false,שמן חמניות פלוס אומגה 3 עץ הזית 1 ליטר,שמן תעשיות בעמ,IL,שמן חמניות פלוס אומג,ליטרים,0.00,ליטר,false,1,14.90,14.90,true,1,
7290017142418,false,"LUNCH TO GO אורז עם עדשים טונה בשמן זית 160 גרם ""עץ הזית""",יוניקורד ח.צ בעמ,TH,טונה עם אורז ועדשים,גרמים,160.00,100 גרם,false,1,13.50,8.44,true,1,
7290017142487,false,"LUNCH TO GO בורגול עם חומוס טונה בשמן זית 160 גרם ""עץ הזית""",יוניקורד ח.צ בעמ,TH,בורגול עם גרגירי חומ,גרמים,160.00,100 גרם,false,1,13.50,8.44,true,1,
7290017197043,false,אל סבון la belle קלאסיק מרענן כחול 1 ל,,,אל סבון la belle קלא,מיליליטרים,1000.00,"100 מ""ל",false,1,11.80,1.18,true,1,
7290017232218,false,לחם קלאסי מופחת פחמימות איטסיין 430 גרם,,IL,לחם קלאסי מופחת פחמי,גרמים,430.00,100 גרם,false,1,25.90,6.02,true,1,
7290017232225,false,לחם גלילי מופחת פחמימות איטסיין 450 גרם,דבידוביץ,IL,לחם גלילי מופחת פחמי,גרמים,450.00,100 גרם,false,1,25.90,5.76,true,1,
7290017243221,false,ביו 25 60 קפסולות,LTD .AMBROZIA,IL,ביו-25 60 כמוסות,Unknown,0.00,Unknown,false,1,217.90,217.90,true,1,
7290017266053,false,"וופל עלמה לל""ס במילוי קרם טעם לימון 175 גר",גילרו,IL,וופל קראנצ,גרמים,175.00,100 גרם,false,1,7.90,4.51,true,1,
7290017325927,false,"ברנפלקס ללת""ס אורגני הרדוף 375 גר",לאמרי,IT,"ברנפלקס ללת""ס אורגני",גרמים,375.00,100 גרם,false,1,19.90,5.31,true,1,
7290017386959,false,"נוזל קוקוס אורגני 17-19% שומן 400 מ""ל",,VN,נוזל קוקוס אורגני 17,מיליליטרים,400.00,"100 מ""ל",false,1,11.50,2.88,true,1,
7290017386973,false,"תמר סופר גמבו פטור ממע""מ 1 ק""ג",כרם תעשיות,IL,"תמר סופר גמבו 1 ק""ג",גרמים,1000.00,100 גרם,false,1,46.90,4.69,true,1,
7290017440279,false,"ד""ר פישר - קידס אל סבון ויטמינים 750 מ""ל",פישר תעשיות,IL,"אל סבון ד""ר פישר קיד",מיליליטרים,750.00,"100 מ""ל",false,1,16.90,2.25,true,1,
7290017460062,false,פירורי לחם קייגון 400 גרם,נווה התבלין,IL,פירורי לחם קייגון 40,גרמים,400.00,100 גרם,false,1,12.90,3.23,true,1,
7290017477305,false,זרעי ציה 250 גר שקדי,דין שיווק,IL,זרעי ציה 250 גרם,גרמים,250.00,100 גרם,false,1,9.90,3.96,true,1,
7290017477374,false,מטבעות שוקולד חלב לאפיה שקדיה 300 גרם,דין שיווק,IL,מטבעות שוקולד חלב,גרמים,300.00,100 גרם,false,1,15.60,5.20,true,1,
7290017617046,false,נתחי טונה בשמן זית כתית מעולה רביעיה * 140 ג',סטארקיסט,TR,רביעיית טונה בשמן זי,גרמים,560.00,100 גרם,false,1,27.90,4.98,true,1,
7290017617091,false,סטארקיסט מיקס טוגו טונה עם פתיתים 185 גרם,דרדנל אוננטאס גידה,TR,סטארקיסט מיקס טו גו,גרמים,185.00,100 גרם,false,1,13.50,7.30,true,1,
7290017637587,false,קרם לתלתלים מושלמים 200 מל בוגנים,סאסא קוסמטיקס,IL,קרם לתלתלים מושלמים,Unknown,0.00,Unknown,false,1,27.90,27.90,true,1,
7290017677804,false,"רוטב סויה קיקומן ללא חומרים משמרים 444 מ""ל",קיקומן פודז אינק,US,רוטב סויה קיקומן 444,מיליליטרים,444.00,"100 מ""ל",false,1,17.90,4.03,true,1,
7290017715506,false,תומר חומץ 5% 1 ליטר,,IL,חומץ 5% תומר 1 ליטר,מיליליטרים,1000.00,"100 מ""ל",false,1,5.50,0.55,true,1,
7290017812571,false,מיץ ענבים תירוש אדום 100% טבעי כרמל 1 ליטר,יקבי כרמל Carmel Winery,IL,יין תירוש אדום 100%,Unknown,0.00,Unknown,false,1,19.90,19.90,true,1,
7290017812656,false,"תירוש אדום מיץ ענבים מבעבע כרמל 750 מ""ל",ג'\קובז'\י איי.אי פיגלי,IL,תירוש מבעבע אדום 750,Unknown,0.00,Unknown,false,1,21.50,21.50,true,1,
7290017872056,false,פמלי אל סבון 3*1 הסדרה הלבנה-מעורב 500 גרם*3,אברנסל קוסמטיקס,TR,אל סבון פמלי הסדרה ה,מיליליטרים,1500.00,"100 מ""ל",false,1,17.70,1.18,true,1,
7290017872063,false,פמלי אל סבון 3*1 ארומטרפי-מעורב 500 גרם*3,אברנסל קוסמטיקס,TR,אל סבון פמלי ארומתרפ,מיליליטרים,1500.00,"100 מ""ל",false,1,17.70,1.18,true,1,
7290017888033,false,"משקה בננה מלון נענע פרות &ווג 350 מ""ל",פרוט אנד וג' Fruit & Veg,IL,פרוט & וג בננה מלון,מיליליטרים,350.00,"100 מ""ל",false,1,7.50,2.14,true,1,
7290017888095,false,"רביעיית פחיות שוופס מוגז עדין פירות יער 330 מ""ל.",יפאורה תבורי בעמ,IL,שוופס מוגז עדין פירו,מיליליטרים,1320.00,"100 מ""ל",false,1,15.50,1.17,true,1,
7290017928043,false,מקלות גריסיני קראנץ' מלח מאיר בייגל 175 גרם,מאיר את בייגל,IL,גריסיני קראנץ מלח 17,גרמים,175.00,100 גרם,false,1,12.50,7.14,true,1,
7290017928210,false,בייגלה גדול שומשום מאיר בייגל 250 גרם,מאיר את בייגל,IL,בייגלה גדול שומשום 2,גרמים,250.00,100 גרם,false,1,12.50,5.00,true,1,
7290017928463,false,מאיר בייגל -סמאש-שבורים בטעם דבש חרדל ובצל 300 גרם,מאיר בייגל,BG,סמאש שבורים בטעם דבש,גרמים,300.00,100 גרם,false,1,15.60,5.20,true,1,
7290017946368,false,שלישיית כדוריות סבון לאסלה אוקיינוס סוד 50 גרם,הנקל סוד,RS,סבון לאסלה כדוריות א,יחידה,1.00,יחידה,false,1,26.50,26.50,true,1,
7290017973029,false,קונפיטורה תות שדה רוסמן 900 גרם,"י.א.א עולם הפרי בע""מ",IL,קונפיטורה תות שדה רו,גרמים,900.00,100 גרם,false,1,24.90,2.77,true,1,
7290018043585,false,"פראוד מי חלבון בטעם פירות יער 500 מ""ל",,NL,פראוד מי חלבון בטעם,מיליליטרים,500.00,"100 מ""ל",false,1,15.90,3.18,true,1,
7290018045893,false,בון בון דגנים במילוי קרם נוגט 480 גרם,monday,DE,דגניםבמילוי קרם נוגט,מטרים,0.00,מטר,false,1,23.90,23.90,true,1,
7290018091234,false,פיצה מקסיקנית מעדנות 200 גרם,תנובה מעדנות,IL,פיצה מקסיקנית מעדנות,גרמים,260.00,100 גרם,false,1,17.70,6.81,true,1,
7290018091821,false,פיצה נפוליטנה מעדנות 200 גרם,תנובה מעדנות,IL,פיצה נפוליטנה 200 גר,גרמים,200.00,100 גרם,false,1,17.70,8.85,true,1,
7290018156124,false,"אל סבון קמיל צבעוני ד""ר פישר שלישיה* 500 מ""ל",פישר תעשיות,IL,אל סבון קמיל בלו צבע,ליטרים,0.00,ליטר,false,1,19.90,19.90,true,1,
7290018198148,false,"תפוגן קריספי צ'יפס קלאסי 1.25 ק""ג",עיצובים 2020 (4.5),IL,תפוגן קריספי ציפס קל,גרמים,1250.00,100 גרם,false,1,26.50,2.12,true,1,
7290018237922,false,שניצלונים ציפוי צ'יפס עוף טוב 700 גרם,מוצרי עוף טוב (2001) בע\,IL,שניצלונים ציפוי ציפס,גרמים,700.00,100 גרם,false,1,22.90,3.27,true,1,
7290018237939,false,שניצלונים ציפוי שומשום עוף טוב 700 גרם,מוצרי עוף טוב (2001) בע\,IL,שניצלונים ציפוי שומש,גרמים,700.00,100 גרם,false,1,22.90,3.27,true,1,
7290018285077,false,רוטב עגבנייה פיקנטי דר שקשוקה 400 גרם,קונסורציו קאזאלאסקו,IT,רוטב עגבנייה פיקנטי,גרמים,400.00,100 גרם,false,1,14.90,3.73,true,1,
7290018294369,false,"מיץ ענבים תירוש כרמל 700 מ""ל",יקבי כרמל Carmel Winery,IL,"תירוש אדום 700 מ""ל",מיליליטרים,700.00,"100 מ""ל",false,1,14.90,2.13,true,1,
7290018344118,false,חטיף חלבון פירות וסלק טבע ירוק 50 גרם,,IL,חטיף חלבון פירות וסל,גרמים,50.00,100 גרם,false,1,9.90,19.80,true,1,
7290018359518,false,תירס מהשדה בלי תוספת סוכר יכין מארז 200X3 גר',"זנלכל בע""\מ",IL,תירס מהשדה יכין 200*,גרמים,600.00,100 גרם,false,1,14.90,2.48,true,1,
7290018359556,false,תירס מהשדה בלי תוספת סוכר יכין 400 גרם,היינץ צפון אמריקה מק,IL,תירס מהשדה יכין 400,גרמים,400.00,100 גרם,false,1,6.90,1.73,true,1,
7290018359587,false,חומוס הקטניה הטובה יכין מארז 3*200 גר,זנלכל,IL,חומוס הקטניה הטובה י,גרמים,600.00,100 גרם,false,1,12.90,2.15,true,1,
7290018359655,false,מארז פטריות חתוכות יכין 200X3 גרם,יכין,,פטריות חתוכות יכין 1,גרמים,185.00,100 גרם,false,1,11.90,6.43,true,1,
7290018359686,false,יכין חומוס גדול 550 גר A2,היינץ צפון אמריקה מק,IL,חומוס ענק יכין 550 ג,גרמים,550.00,100 גרם,false,1,9.90,1.80,true,1,
7290018359938,false,"רוטב עגבניות לשקשוקה יכין, 400 גרם",זנלכל,IL,רוטב עגבניות לשקשוקה,גרמים,400.00,100 גרם,false,1,11.90,2.98,true,1,
7290018371459,false,פסטה רדיאטור 5 צבעים אורגני בצנצנת 450 ג,,IT,פסטה רדיאטור 5 צבעים,גרמים,450.00,100 גרם,false,1,48.90,10.87,true,1,
7290018380017,false,מלפפון בחומץ 13-17+ 20 % 670 ג' תומר,,IL,מלפפון בחומץ 13-17 +,גרמים,670.00,100 גרם,false,1,8.90,1.33,true,1,
7290018380024,false,מלפפון במלח 13-17+ 20 % 670 ג' תומר,,IL,מלפפון במלח 13-17 +,גרמים,670.00,100 גרם,false,1,9.40,1.40,true,1,
7290018380529,false,לבבות דקל חתיכות תומר 400 גרם,אינקופלמיטו אס.אי,EC,לבבות דקל חתיכות תומ,גרמים,400.00,100 גרם,false,1,6.90,1.73,true,1,
7290018380628,false,צלפים שלמים עם גבעול בחומץ תומר 370 גרם,,MA,צלפים עם גבעול במי מ,גרמים,370.00,100 גרם,false,1,13.50,3.65,true,1,
7290018440230,false,תה צ'אי ורדים 25 שקיקים ויסוצקי,תה ויסוצקי,IL,צאי ורדים 25 שקיקים,גרמים,50.00,100 גרם,false,1,21.90,43.80,true,1,
7290018440254,false,תה צ'אי קרמל מלוח 25 שקיקים ויסוצקי,תה ויסוצקי,IL,צאי קרמל מלוח 25 שק,גרמים,50.00,100 גרם,false,1,21.90,43.80,true,1,
7290018440438,false,Calvo טונה בשמן זית פתיחה קלה 3 * 65 גרם,"קאלוו קונסרבס ס.ל.יו. ,",ES,טונה קאלוו איזי פליפ,גרמים,195.00,100 גרם,false,1,25.90,13.28,true,1,
7290018440445,false,טונה קאלוו בשמן זית 160 גר,"קאלוו קונסרבס ס.ל.יו. ,",ES,טונה קאלוו בשמן זית,גרמים,160.00,100 גרם,false,1,16.90,10.56,true,1,
7290018468425,false,נקניק טבעוני בטעם פיקנטי 100 גרם טירת צבי,טיב טירת צבי 2000,IL,נקניק טבעוני בטעם פק,גרמים,100.00,100 גרם,false,1,19.90,19.90,true,1,
7290018471937,false,שוופס מוגז פירות תות ליים 1.5 ליטר פיקדון,"יפאורה תבורי בע""\מ",IL,שוופס מוגז פירות תות,ליטרים,0.00,ליטר,false,1,9.20,9.20,true,1,
7290018493748,false,"ד""ר פישר - מגבונים להסרת איפור אקסטרה סופט 30 יח' * 3",פישר מעבדות פרמצבטיות בע,IL,"ד""ר פישר מגבוני הסרת",Unknown,0.00,Unknown,false,1,29.90,29.90,true,1,
7290018516324,false,פאוץ' פרינוק תפוח עץ עם שיבולת שועל 120 גרם,פרוטה פודווין איי.אס,CZ,פאוץ פרינוק תפוח וש.,גרמים,120.00,100 גרם,false,1,6.50,5.42,true,1,
7290018516348,false,מחית פרינוק פאוץ' שיבולת שועל סלט פירות 120 גרם,פרוטה פודווין איי.אס,CZ,פאוץ פרינוק סלט פירו,גרמים,120.00,100 גרם,false,1,6.50,5.42,true,1,
7290018593011,false,פטה שקדים עשבי תיבול 200 גרם,פלנטי,IL,פטה שקדים עשבי תיבול,גרמים,200.00,100 גרם,false,1,31.50,15.75,true,1,
7290018593035,false,כמוצרלה קשיו 200 גרם - פלנטי (חדש),פלנטי,IL,מוצרלה קשיו 200 גרם,גרמים,200.00,100 גרם,false,1,28.50,14.25,true,1,
7290018703243,false,חטיף חלבון קרמל קראנצ פראוד 60 גרם,פראוד,NL,חטיף חלבון קרמל קראנ,גרמים,60.00,100 גרם,false,1,13.90,23.17,true,1,
7290018720011,false,ביסקוויט קרנבל חיות בטעם וניל 250 ג' מעדני מלך,הגביע מוצרי וופלים,IL,עוגיות קרנבל חיות 25,גרמים,250.00,100 גרם,false,1,6.50,2.60,true,1,
7290018749227,false,"כיסונים במילוי בשר בראבו 1 ק""ג",,IL,כיסונים במילוי בשר ב,גרמים,1000.00,100 גרם,false,1,29.90,2.99,true,1,
7290018757024,false,מיץ תפוחים אורגני עתיד ירוק 1 ליטר,,TR,מיץ תפוחים אורגני עת,מיליליטרים,1000.00,"100 מ""ל",false,1,15.90,1.59,true,1,
7290018757635,false,פירורי לחם ללא גלוטן 200 גרם עתיד ירוק,,IL,פירורי לחם ללא גלוטן,גרמים,200.00,100 גרם,false,1,15.90,7.95,true,1,
7290018893456,false,צ'וקטה עוגות אישיות במילוי קרם ובציפוי בטעם שוקולד 300 גרם,"פרדי קונדיטוריה אס,פי.אי",IT,צוקטה עוגות אישיות ב,גרמים,300.00,100 גרם,false,1,15.60,5.20,true,1,
7290018893616,false,שישיית שוקולד מריר 48% צ'וקטה 100 גרם,איברקקאו,ES,מארז צוקטה שוקולד מר,גרמים,600.00,100 גרם,false,1,21.90,3.65,true,1,
7290018893845,false,פתי בר ביסקוויט בטעם חמאה 400 גרם צ'וקטה,צ'וקטה Chocketa,ES,פתי בר צוקטה ביסקווי,גרמים,400.00,100 גרם,false,1,8.90,2.23,true,1,
7290018894019,false,עוגות אישיות במילוי קרם חלבי ובציפוי קרם קקאו,בלקוני Balconi,IT,בלקוני עוגות אישיות,גרמים,350.00,100 גרם,false,1,14.90,4.26,true,1,
7290018925065,false,מיץ פרימור תפוזים סחוט 2 ליטר-,"גניר (1992) בע""מ",IL,מיץ תפוזים סחוט 2 ל,מיליליטרים,2000.00,"100 מ""ל",false,1,27.90,1.40,true,1,
7290018925089,false,"מיץ פרימור תפו""ע צלול סחוט 2 ליטר-","גניר (1992) בע""מ",IL,מיץ תפוחים צלול מרכז,מיליליטרים,2000.00,"100 מ""ל",false,1,27.90,1.40,true,1,
7290018989005,false,שלישיית פולפה עגבניות טבעי יכין 400X3 גרם,זנלכל,IL,פולפה טבעית יכין 400,גרמים,1200.00,100 גרם,false,1,16.90,1.41,true,1,
7290019056027,false,שוופס מוגז פירות תפוחים ללא סוכר 1.5 ליטר פיקדון,"יפאורה תבורי בע""\מ",IL,שוופס מוגז פירות,ליטרים,0.00,ליטר,false,1,8.70,8.70,true,1,
7290019056034,false,שוופס מוגז פירות אננס ללא סוכר 1.5 ליטר פיקדון,"יפאורה תבורי בע""מ",IL,שוופס מוגז אננס ללא,ליטרים,0.00,ליטר,false,1,8.70,8.70,true,1,
7290019056041,false,שוופס מוגז פירות לימונייד ללא סוכר 1.5 ליטר פיקדון,"יפאורה תבורי בע""מ",IL,שוופס מוגז ללא סוכר,ליטרים,0.00,ליטר,false,1,8.70,8.70,true,1,
7290019056089,false,שוופס מוגז עדין ענבי ריזלינג 1.5 ליטר פיקדון,"יפאורה תבורי בע""\מ",IL,שוופס מוגז עדין ריזל,ליטרים,0.00,ליטר,false,1,9.20,9.20,true,1,
7290019056096,false,שוופס מוגז עדין אפרסק 1.5 ליטר פיקדון,"יפאורה תבורי בע""\מ",IL,שוופס מוגז עדין אפרס,ליטרים,0.00,ליטר,false,1,9.20,9.20,true,1,
7290019056164,false,שוופס סודה 1.5 ליטר רביעייה פיקדון,"יפאורה תבורי בע""\מ",IL,רביעיית שוופס סודה 1,ליטרים,0.00,ליטר,false,1,11.70,11.70,true,1,
7290019056171,false,שוופס סודה לימון 1.5 ליטר רביעייה פיקדון,"יפאורה תבורי בע""\מ",IL,רביעיית שוופס סודה ל,ליטרים,0.00,ליטר,false,1,11.70,11.70,true,1,
7290019056232,false,משקה מוגז בטעם ליים מוחיטו 1.5 ל' שוופס,"יפאורה תבורי בע""\מ",IL,שוופס ליים מוחיטו 1.,ליטרים,0.00,ליטר,false,1,10.90,10.90,true,1,
7290019056287,false,שוופס מים בטעמים אפרסק ללא סוכר 1.5 ליטר פיקדון,יפאורה שותפות מובגלת לשי,IL,שוופס WATER אפרסק 0,ליטרים,0.00,ליטר,false,1,9.50,9.50,true,1,
7290019056355,false,תפוזינה לימונדה MIX לימונענע 1.5 ליטר,"יפאורה תבורי בע""\מ",IL,תפוזינה לימונענע 1.5,ליטרים,0.00,ליטר,false,1,9.20,9.20,true,1,
7290019056478,false,ספרינג טי קר אפרסק 1.5ליטר פיקדון,"יפאורה תבורי בע""\מ",IL,משקה ספרינג טי אפרסק,ליטרים,0.00,ליטר,false,1,8.20,8.20,true,1,
7290019056485,false,ספריג תה ירוק לימון לואיזה 1.5 ליטר פיקדון,"יפאורה תבורי בע""\מ",IL,משקה ספרינג טי לימון,ליטרים,0.00,ליטר,false,1,8.20,8.20,true,1,
7290019056522,false,פרוט ווטר תות 1.5 ליטר פיקדון,"יפאורה תבורי בע""\מ",IL,FRUIT WATER תות 1.5,ליטרים,0.00,ליטר,false,1,9.50,9.50,true,1,
7290019056553,false,שישיית מים מינרלים עין גדי 2 ליטר,עין גדי מים מינרליים,IL,שישיית מים עין גדי 2,ליטרים,0.01,ליטר,false,1,13.30,1330.00,true,1,
7290019056577,false,משקה קל מנגו ספרינג 1.5 ליטר,"יפאורה תבורי בע""\מ",IL,ספרינג מנגו 1.5 ליטר,ליטרים,0.00,ליטר,false,1,9.20,9.20,true,1,
7290019056652,false,משקה קל אננס בננה ספרינג 1.5 ליטר,"יפאורה תבורי בע""\מ",IL,ספרינג אננס בננה 1.5,ליטרים,0.00,ליטר,false,1,9.20,9.20,true,1,
7290019056720,false,קריסטל מיץ ענבים 2 ליטר פיקדון,"יפאורה תבורי בע""\מ",IL,קריסטל מיץ ענבים 2 ל,ליטרים,0.00,ליטר,false,1,7.50,7.50,true,1,
7290019056850,false,ספרינג תה אפרסק דיאט 1.5 ליטר פיקדון,"יפאורה תבורי בע""\מ",IL,משקה ספרינג טי דיאט,ליטרים,0.00,ליטר,false,1,8.20,8.20,true,1,
7290019056973,false,שישיית מי עדן 1.5 ליטר משפחתי,"מופק ממקור בזלתי עדן ,1",IL,שישיית מי עדן 1.5 לי,ליטרים,0.01,ליטר,false,1,13.90,1390.00,true,1,
7290019153078,false,"שוופס ביטר למון לייט, 1.5 ליטר פקדון","יפאורה תבורי בע""\מ",IL,שוופס ביטר למון לייט,ליטרים,0.00,ליטר,false,1,11.90,11.90,true,1,
7290019153085,false,שוופס מוגז ליים מוחיטו ללא סוכר 1.5 ליטר-,"יפאורה תבורי בע""\מ",IL,שוופס ליים מוחיטו לל,ליטרים,0.00,ליטר,false,1,9.90,9.90,true,1,
7290019153252,false,שוופס סודה תפוח 1.5 ליטר רביעייה פיקדון,"יפאורה תבורי בע""\מ",IL,שוופס סודה תפוח 1.5,ליטרים,0.00,ליטר,false,1,12.10,12.10,true,1,
7290019153351,false,מיץ בטעם פינק אוזו 1.5 ל' תפוזינה,"יפאורה תבורי בע""\מ",IL,תפוזינה פינק אוזו 1.,ליטרים,0.00,ליטר,false,1,9.20,9.20,true,1,
7290019153375,false,מיץ בטעם מוחיטו 1.5 ל' תפוזינה,"יפאורה תבורי בע""\מ",IL,תפוזינה מוחיטו 1.5 ל,ליטרים,0.00,ליטר,false,1,9.20,9.20,true,1,
7290019167020,false,עוגת גבינה עם פירות יער לייט עדן קינוחים 82 גרם,עדן קינוחים Eden,IL,עוגת גבינה עם פירות,גרמים,80.00,100 גרם,false,1,6.90,8.63,true,1,
7290019167037,false,תותים בקצפת עדן קינוחים 82 גרם,עדן קינוחים Eden,IL,תותים בקצפת 80 גרם,גרמים,80.00,100 גרם,false,1,6.90,8.63,true,1,
7290019167044,false,קצפת עם קרם בייגלה מתוק מלוח עדן קינוחים 82 גרם,עדן קינוחים Eden,IL,קצפת עם קרם בייגלה מ,גרמים,80.00,100 גרם,false,1,6.90,8.63,true,1,
7290019232155,false,"חליטת ""לילה טוב"" קמומיל לבנדר ו25 שקיקים ויסוצקי",תה ויסוצקי,IL,תה ויסוצקי חליטת ליל,יחידה,1.00,יחידה,false,1,25.90,25.90,true,1,
7290019232162,false,"חליטת ""לילה טוב"" קמומיל מליסה 25 שקיקים ויסוצקי",תה ויסוצקי,IL,תה ויסוצקי חליטת ליל,יחידה,1.00,יחידה,false,1,25.90,25.90,true,1,
7290019232827,false,הולגריין ביסקוויט במילוי אגוזי לוז 300 גרם רבנות,"אולקר ביסקווי סנאי, א.ס.",TR,ביסקוויט הולגריין במ,גרמים,300.00,100 גרם,false,1,11.90,3.97,true,1,
7290019393016,false,"קמח חיטה לבן ללא צורך בניפוי 1 ק""ג האופה",טבע ירוק,IL,האופה- קמח חיטה לבן,גרמים,1000.00,100 גרם,false,1,7.90,0.79,true,1,
7290022005562,false,קריספ פירורי לחם שום 300 גרם מיימונס,א.ל ייצור ושיווק תבל,IL,קריספ שום 300 גרם,גרמים,300.00,100 גרם,false,0,7.90,2.63,true,1,
7290069701151,false,פריזר דוקטורסקיה אוריגינל מזרע,,,פריזר דוקטורסקיה,Unknown,0.00,"ק""ג",true,0,75.00,75.00,true,1,
7290089617210,false,פטריות אסורטי מוחמצים 680 ג,,CN,פטריות אסורטי מוחמצ,גרמים,680.00,100 גרם,false,1,16.70,2.46,true,1,
7290089617388,false,פטריות בורוביצקי מוחמצים 680 ג,,CN,פטריות בורוביצקי מוח,גרמים,680.00,100 גרם,false,1,16.70,2.46,true,1,
7290100243084,false,מיונז אמיתי הלמנס 789גרם,"יונילוור ארה""ב",IL,מיונז הלמנס 789 גרם,מיליליטרים,400.00,"100 מ""ל",false,1,27.50,6.88,true,1,
7290100243671,false,"מרכך כביסה מרוכז אקסטרה כחול בדין 960 מ""ל",יוניליוור סנאיי וי טיקאר,TR,בדין אקסטרא כחול 960,מיליליטרים,960.00,"100 מ""ל",false,1,14.90,1.55,true,1,
7290100245231,false,נמס בכוס מרק בטעם עוף עם אטריות ושקדי מרק-2 שקיות,יוניליוור ישראל מזון בע\,IL,מרק נמס בכוס ועוד ט.,גרמים,50.00,100 גרם,false,1,6.50,13.00,true,1,
7290100321775,false,חזה עוף טרי תפזורת,עוף טוב,IL,חזה עוף טרי,Unknown,0.00,"ק""ג",true,0,34.90,34.90,true,1,
7290100323038,false,כרעי עוף טרי תפזורת,עוף טוב,IL,כרעיים עוף טרי,Unknown,0.00,"ק""ג",true,0,22.90,22.90,true,1,
7290100331118,false,חזה הודו נקבה טרי,,,חזה הודו נקבה טרי,Unknown,0.00,"ק""ג",true,0,33.90,33.90,true,1,
7290100335086,false,שוק הודו מפורק טרי,,,שוק הודו מפורק טרי,Unknown,0.00,"ק""ג",true,0,55.90,55.90,true,1,
7290100337066,false,כנף הודו נקבה טרי,,,כנף הודו נקבה טרי,Unknown,0.00,"ק""ג",true,0,16.90,16.90,true,1,
7290100411254,false,מחית בוליווד תפוח ובננה 190 גרם ללא תוספ,בילובד Beloved,SK,מחית תפוח ובננה 190,גרמים,190.00,100 גרם,false,1,6.50,3.42,true,1,
7290100412800,false,"תחליב רחצה לעור יבש וילד פלאור דר עור 700 מ""ל","אמיליה קוסמטיקס בע""מ",IL,תחליב רחצה לעור יבש,מיליליטרים,700.00,"100 מ""ל",false,1,22.50,3.21,true,1,
7290100412831,false,תחליב רחצה אנטי אייג'ינג בניחוח וניל טרופי,"אמיליה קוסמטיקס בע""מ",IL,תח.רחצה אנטי איגינג,מיליליטרים,700.00,"100 מ""ל",false,1,22.50,3.21,true,1,
7290100413593,false,קוויק מטליות לחות גדולות לניקוי כללי בריח פרחי בר 40 יחידות,די.פי.אל,IL,מטליות לחות נ.כללי פ,Unknown,0.00,Unknown,false,1,9.70,9.70,true,1,
7290100572702,false,אביזרי מטבח ב-11.00,,,אביזרי מטבח,Unknown,0.00,Unknown,false,1,10.90,10.90,true,1,
7290100680711,false,פירורית זהב אסם זהב 350ג',עינת תעשיות מזון אגו,IL,פירורית זהב 350 גרם,גרמים,350.00,100 גרם,false,1,8.80,2.51,true,1,
7290100680728,false,פירורית רגילה שקית 350 גרם,מיוצר עי קונדיטוריית,IL,פירורית 350 גרם,גרמים,350.00,100 גרם,false,1,7.60,2.17,true,1,
7290100681138,false,מארז אפרופו חטיף תירס 3 יחידות,"אסם השקעות בע""\מ",IL,מארז אפרופו 3*50 גרם,גרמים,150.00,100 גרם,false,0,12.50,8.33,true,1,
7290100700266,false,פירורי לחם לבנים סוגת 200 גרם,"סוגת תעשיות בע""מ",IL,פירורי לחם לבנים 200,גרמים,200.00,100 גרם,false,1,4.10,2.05,true,1,
7290100700310,false,"סוגת כוסמת סוגת 1ק""ג","סוגת תעשיות בע""מ",IL,"כוסמת 1 ק""ג",גרמים,1000.00,100 גרם,false,1,14.60,1.46,true,1,
7290100700334,false,קינואה לבנה 1 קג סוג,"סוגת תעשיות בע""מ",IL,"קינואה סוגת 1 ק""ג",קילוגרמים,0.00,"ק""ג",false,1,20.90,20.90,true,1,
7290100700372,false,"סוגת אורז בסמטי מלא 1 ק""ג",האי נאם סי או אל.טי.,IL,"אורז בסמטי מלא 1 ק""ג",גרמים,1000.00,100 גרם,false,1,13.50,1.35,true,1,
7290100700389,false,"אורז אדום 1 ק""ג ""סוגת""","סוגת תעשיות בע""\מ",IL,"אורז אדום 1 ק""ג",גרמים,1000.00,100 גרם,false,1,15.60,1.56,true,1,
7290100700396,false,"סוגת אורז יסמין קלאסי 1 ק""ג",האי נאם סי או אל.טי.,IL,אורז יסמין קלאסי 1 ק,גרמים,1000.00,100 גרם,false,1,10.00,1.00,true,1,
7290100700587,false,"בורגול ""סוגת"" 500 גרם",האי נאם סי או אל.טי.,IL,בורגול 500 גרם,גרמים,500.00,100 גרם,false,1,5.20,1.04,true,1,
7290100701157,false,"אורז להכנת סושי סוגת 1 ק""ג","סוגת תעשיות בע""\מ",IL,"אורז סושי 1 ק""ג",גרמים,1000.00,100 גרם,false,1,10.00,1.00,true,1,
7290100701300,false,קינואה אדומה סוגת 500 גרם,"סוגת תעשיות בע""\מ",IL,קינואה אדומה 500 גר,גרמים,500.00,100 גרם,false,1,13.90,2.78,true,1,
7290100701348,false,"קמח שיפון מלא סוגת 1 ק""ג",טחנות קמח שטיבל באר,IL,"קמח שיפון מלא 1 ק""ג",גרמים,1000.00,100 גרם,false,1,7.50,0.75,true,1,
7290100701454,false,גרישה בורגול דק סוגת 500 גרם,"סוגת תעשיות בע""\מ",IL,גרישה 500 גר,גרמים,500.00,100 גרם,false,1,4.90,0.98,true,1,
7290100702611,false,פתיתים אפויים אורז סוגת 500 גרם,"אסיף תעשיות מזון בע""\מ",IL,פתיתים אפויים אורז 5,גרמים,500.00,100 גרם,false,1,6.50,1.30,true,1,
7290100702741,false,"סוכר חום בהיר בצנצנת סוגת 1 ק""ג",סוגת תעשיות בעמ,IL,"סוכר חום בהיר 1 ק""ג",גרמים,1000.00,100 גרם,false,1,13.50,1.35,true,1,
7290100702994,false,סוכר דמררה קלאסי בשקית סוגת 500 גרם,"סוגת תעשיות בע""מ",IL,סוכר דמררה קלאסי בשק,גרמים,500.00,100 גרם,false,1,6.50,1.30,true,1,
7290100703007,false,"עדשים שחורות בלוגה 500 גרם ""סוגת""",האי נאם סי או אל.טי.,IL,עדשים שחורות בלוגה 5,גרמים,500.00,100 גרם,false,1,8.90,1.78,true,1,
7290100703533,false,קמח קסם תערובת קמח עם שמרים,טחנות קמח שטיבל באר שבע,IL,"קמח קסם 1 ק""ג",גרמים,1000.00,100 גרם,false,1,9.40,0.94,true,1,
7290100703854,false,קוביות סוכר לבן דמררה 500 ג' סוגת,טרופיקל,,קוביות סוכר דמררה סו,גרמים,500.00,100 גרם,false,1,9.90,1.98,true,1,
7290100703861,false,"תערובת קסם לחלה ללא צורך בניפוי סוגת 1 ק""ג","שטיבל בע""\מ - טחנות קמח",IL,תערובת קמח קסם לחלה,גרמים,1000.00,100 גרם,false,1,8.90,0.89,true,1,
7290100703908,false,"סוכר דמררה 1 ק""ג בלמינט סוגת",סוגת תעשיות בעמ,IL,"סוכר דמררה 1 ק""ג",גרמים,1000.00,100 גרם,false,1,12.50,1.25,true,1,
7290100850909,false,דוריטוס נאצ'ו מקסיקני 70 גרם,"שטראוס פריטו ליי בע""\מ",IL,דוריטוס נאצו מקסיקני,גרמים,70.00,100 גרם,false,1,3.60,5.14,true,1,
7290100850916,false,דוריטוס חמוץ חריף מעודן 70 גרם כשר לפסח,"שטראוס פריטו ליי בע""\מ )",IL,דוריטוס חמוץ חריף 70,גרמים,70.00,100 גרם,false,1,3.60,5.14,true,1,
7290100850923,false,דוריטוס בטעם גריל 70 גרם,"שטראוס פריטו ליי בע""\מ )",IL,דוריטוס גריל 70 גרם,גרמים,70.00,100 גרם,false,1,3.60,5.14,true,1,
7290100850930,false,דוריטוס בטעם טבעי 70 גרם,"שטראוס פריטו ליי בע""\מ )",IL,דוריטוס טבעי 70 גרם,גרמים,70.00,100 גרם,false,1,3.60,5.14,true,1,
7290100858592,false,אבקת קקאו עלית שקית 150 ג',הנסיך- מפעל לייצור ט,IL,קקאו 150 גרם,גרמים,150.00,100 גרם,false,1,9.50,6.33,true,1,
7290100924457,false,שלישיית כדוריות סבון לאסלה לימון סוד 50 גרם,הנקל סוד,RS,סבון לאסלה כדוריות ל,Unknown,0.00,Unknown,false,1,26.50,26.50,true,1,
7290100924464,false,כדוריות סבון נתלה לאסלה עם אקונומיקה - 3 יח',הנקל סוד,HU,סבון לאסלה כדוריות א,Unknown,0.00,Unknown,false,1,26.50,26.50,true,1,
7290101500001,false,בייבי מיקס רבנות,חקלאי,IL,בייבי מיקס,Unknown,0.00,Unknown,false,1,6.90,6.90,true,1,
7290101500506,false,פטרוזיליה ארוז רבנות,,,פטרוזיליה ארוזה,Unknown,0.00,Unknown,false,1,2.99,2.99,true,1,
7290101500513,false,שמיר ארוז רבנות,,,שמיר ארוז,Unknown,0.00,Unknown,false,1,2.99,2.99,true,1,
7290101500520,false,כוסברה ארוז רבנות,,,כוסברה ארוזה,Unknown,0.00,Unknown,false,1,2.90,2.90,true,1,
7290101500926,false,עלי תרד ארוז רבנות,יושלם,IL,תרד ארוז רכות,Unknown,0.00,Unknown,false,1,7.99,7.99,true,1,
7290101551027,false,קפסולות קפה אספרסו חזק במיוחד 14 עלית 10 יח',הנסיך- מפעל לייצור ט,IL,קפסולות 14 חזק במיוח,גרמים,50.00,100 גרם,false,1,15.90,31.80,true,1,
7290101551300,false,סילאן טבעי ללא תוספת סוכר בקבוק לחיץ,מכוורת יד מרדכי שטראוס ב,IL,סילאן טבעי לחיץ יד מ,גרמים,700.00,100 גרם,false,1,10.90,1.56,true,1,
7290101551539,false,יוגורט PRO בטעם אפרסק 0% 20 גרם חלבון בגביע,"שטראוס בריאות בע""מ",IL,דנונה פרו 20 גרם חלב,גרמים,200.00,100 גרם,false,1,4.20,2.10,true,1,
7290101863410,false,"סיליט באנג ספריי ניקוי עוצמתי מכיל אקונומיקה 750 מ""ל",סיליט באנג Cillit Bang,PL,סיליט באנג ספריי אקו,מיליליטרים,750.00,"100 מ""ל",false,1,14.50,1.93,true,1,
7290101865261,false,"פיניש נוזל הברקה למדיח 800 מ""ל",רקיט בנקיזר,PL,"פיניש הברקה 800 מ""ל",מיליליטרים,800.00,"100 מ""ל",false,1,16.90,2.11,true,1,
7290101866633,false,וניש קליה גל להסרת כתמים 3 ליטר אוקסיפרש,קליה וניש Kalia Vanish,IL,קליה גל 3 ל,ליטרים,0.00,ליטר,false,1,29.90,29.90,true,1,
7290101869726,false,ג'ל מרוכז למדיח הכל ב-1 פיניש 1 ליטר,רקיט בנקיזר,PL,גל AIO פיניש 1 ליטר,מיליליטרים,1000.00,"100 מ""ל",false,1,40.90,4.09,true,1,
7290101869733,false,פיניש ג'ל למדיח כלים בניחוח לימון 1 ליטר ALL IN 1,רקיט בנקיזר,PL,גל AIO פיניש לימון 1,מיליליטרים,1000.00,"100 מ""ל",false,1,40.90,4.09,true,1,
7290101869788,false,"אירוויק ספריי אוטומטי מילוי בניחוח אואזיס 250 מ""ל*",איירוויק Air Wick,HU,אירוויק מילוי מבשם א,Unknown,0.00,Unknown,false,1,22.90,22.90,true,1,
7290101952176,false,מארז קבנוס ציידים 20,,,קבנוס ציידים 200 גרם,גרמים,200.00,100 גרם,false,1,26.50,13.25,true,1,
7290101952282,false,צוריסוס ארגנטינאי 530 גרם,,,צוריסוס ארגנטינאי,גרמים,530.00,100 גרם,false,1,36.90,6.96,true,1,
7290101952343,false,המבורגר מסעדות 400 גרם,,,המבורגר מסעדות,גרמים,400.00,100 גרם,false,1,25.90,6.48,true,1,
7290101952442,false,קבב מזרע רומני 600 ג,,,קבב רומני 600 גרם,גרמים,600.00,100 גרם,false,1,39.90,6.65,true,1,
7290101952527,false,לקט בסגנון אסייתי טבעפרוסט 800 גר,,,לקט בסגנון אסייתי טב,גרמים,800.00,100 גרם,false,1,18.80,2.35,true,1,
7290101952558,false,גרעיני תירס קפואים טבעפרוסט 800 גרם,,,גרעיני תירס קפואים,גרמים,800.00,100 גרם,false,1,16.20,2.03,true,1,
7290102031276,false,מארז 8 יחידות אקטימל משקה יוגורט בטעם תות בננה,מיוצר עי קונדיטוריית,IL,אקטימל תות בננה,גרמים,850.00,100 גרם,false,1,20.50,2.41,true,1,
7290102300877,false,גבינת צ'דר אנגלית34%משקל,כושר דייארי,GB,צדר אנגלי במשקל,Unknown,0.00,"ק""ג",true,0,129.00,129.00,true,1,
7290102300884,false,גבינת צ'דר כתום34% במשקל,שבינגטון,GB,צדר אנגלי כתום במשקל,Unknown,0.00,"ק""ג",true,0,129.00,129.00,true,1,
7290102302246,false,גבינת גאודה הולנדית 200 גרם,מיוצר עי קונדיטוריית,NL,גבינת גאודה הולנדית,גרמים,200.00,100 גרם,false,0,23.90,11.95,true,1,
7290102303878,false,אלוויר חמאת נורמנדי 200 גרם,אלוויר,FR,אלוויר חמאה נורמנדי,גרמים,200.00,100 גרם,false,1,20.90,10.45,true,1,
7290102390427,false,יוגורט ביו עם קציפת תות 3% שומן 150 ג' מולר,מולר Muller,IL,יוגורט מולר פרופ בטע,גרמים,150.00,100 גרם,false,1,5.80,3.87,true,1,
7290102390465,false,יוגורט ביו עם קציפת אפרסק ופסיפלורה 3% שומן 150 ג' מולר,מולר Muller,IL,פרופ אפרסק פסיפלורה,מיליליטרים,150.00,"100 מ""ל",false,1,5.80,3.87,true,1,
7290102391844,false,יוגורט ביו עם קציפת פירות יער3% שומן 150 ג' מולר,מולר Muller,IL,פרופ מולר פירות יער,גרמים,150.00,100 גרם,false,1,5.80,3.87,true,1,
7290102392049,false,גבינה לאפיה תבור ללא תוספת מלח 5% משק צוריאל 500 גרם,מחלבת משק צוריאל,IL,צוריאל תבור גבינה לא,גרמים,500.00,100 גרם,false,1,24.90,4.98,true,1,
7290102393039,false,"יוגורט ביו קרמי מיקס פצפוצי שוקולד 7.6% מולר 170 מ""ל",קריות זול,IL,מולר מיקס יוגורט,גרמים,150.00,100 גרם,false,1,6.20,4.13,true,1,
7290102393060,false,"יוגורט ביו קרמי מיקס גלילי ופל ואגוזים 5.9% מולר 170 מ""ל",קריות זול,IL,מולר מיקס יוגורט קרמ,גרמים,150.00,100 גרם,false,1,6.20,4.13,true,1,
7290102393176,false,סימפלי פרוט יוגורט אפרסק 3% שומן 150 ג' מולר,מילקו תעשיות בעמ,IL,SIMPLY FRUIT מולר בט,מיליליטרים,150.00,"100 מ""ל",false,1,5.30,3.53,true,1,
7290102393190,false,"יוגורט סימפלי פרוט בטעם פירות יער 3% מולר 150 מ""ל",מילקו תעשיות בעמ,IL,SIMPLY FRUIT מולר בט,מיליליטרים,150.00,"100 מ""ל",false,1,5.30,3.53,true,1,
7290102393268,false,**טרה גבינה לבנה אריזת חיסכון 5% 750ג,הפריט בפיקוח,IL,גבינה לבנה 5% 750 גר,גרמים,750.00,100 גרם,false,1,14.25,1.90,true,1,
7290102393947,false,סימפלי פרוט יוגורט בטעם קיווי 3% שומן 150 ג' מולר,מילקו תעשיות בעמ,IL,SIMPLY FRUIT מולר בט,מיליליטרים,150.00,"100 מ""ל",false,1,5.30,3.53,true,1,
7290102394081,false,"יוגורט ביו קרמי מיקס קורנפלקס מצופה שוקולד מולר 170 מ""ל",מילקו תעשייה בעמ,IL,מולר מיקס עם קורנפלק,גרמים,150.00,100 גרם,false,1,6.20,4.13,true,1,
7290102394463,false,נעם גבינה צהובה פרוסה ואקום 28% טרה 500 גרם,Unknown,IL,נעם גבינה צהובה וואק,גרמים,500.00,100 גרם,false,1,29.90,5.98,true,1,
7290102394821,false,נעם גבינה צהובה פרוסה 28% טרה 200 גרם,מילקו תעשיות בעמ,IL,נעם גבינה צהובה דק ד,גרמים,200.00,100 גרם,false,1,17.50,8.75,true,1,
7290102395101,false,ממרח גבינה ושוקולד מוו טרה 200 גרם,מילקו תעשיות בעמ,IL,ממרח גבינה ושוקולד ש,גרמים,200.00,100 גרם,false,1,12.50,6.25,true,1,
7290102395217,false,מאגדת שמיניה מולר במתיקות מעודנת 1.2% 8*150 ג',מולר Muller,IL,מאגדת שמיניה מולר,גרמים,1200.00,100 גרם,false,1,21.90,1.83,true,1,
7290102395231,false,שמיניית יוגורט ביו ביאנקו 2.8% מולר 150 גרם,מולר Muller,IL,מאגדת שמיניה מולר,גרמים,1200.00,100 גרם,false,1,18.90,1.58,true,1,
7290102395408,false,נעם גבינה צהובה 28% במשקל,החברה המרכזית,IL,נעם גבינה צהובה 28%,Unknown,0.00,"ק""ג",true,0,42.70,42.70,true,1,
7290102395422,false,נעם גבינה צהובה 22% במשקל,החברה המרכזית,IL,נעם גבינה צהובה 22%,Unknown,0.00,"ק""ג",true,0,40.59,40.59,true,1,
7290102395477,false,מעדן חלב בטעם שוקולד עם קצפת 123 ג' טרה,Unknown,IL,מעדן מו שוקולד 123,גרמים,123.00,100 גרם,false,1,3.40,2.76,true,1,
7290102395521,false,"שמנת לבישול 15% שומן 500 מ""ל טרה",מילקו תעשיות בעמ,IL,שמנת לבישול 15% 500,מיליליטרים,500.00,"100 מ""ל",false,1,16.90,3.38,true,1,
7290102396580,false,מעדן מוו שוקולד ומוס שוקולד טרה 118 גרם,טרה,IL,מעדן מו שוקולד ומוס,גרמים,123.00,100 גרם,false,1,3.40,2.76,true,1,
7290102396665,false,נעם גבינה צהובה דק דק 15% טרה 200 גרם,מילקו תעשיות בעמ,IL,גבינה צהובה נעם דק ד,גרמים,200.00,100 גרם,false,1,16.90,8.45,true,1,
7290102396672,false,"גבנ""צ דק דק נעם פתיחה חוזרת 9% 360 גרם",מילקו תעשיות בעמ,IL,זבינה צהובה נעם דק ד,גרמים,360.00,100 גרם,false,1,29.90,8.31,true,1,
7290102397464,false,יוגורט ביו בתוספת גרעינים אגוזים וחמוציות 170 ג' מולר,מולר Muller,IL,מולר נטורל+ פקאן גרע,גרמים,170.00,100 גרם,false,1,6.20,3.65,true,1,
7290102397600,false,מיקס יוגורט בתוספת שקדים ובוטנים מקורמלים 170 ג' מולר,מילקו תעשייה בעמ,IL,מולר מיקס שקדים ובוט,גרמים,170.00,100 גרם,false,1,6.20,3.65,true,1,
7290102397617,false,יוגורט ביו קרמי עם כדורים מצופים שוקולד חום לבן,מולר Muller,IL,מולר מיקס קליק 170 ג,גרמים,170.00,100 גרם,false,1,6.20,3.65,true,1,
7290102397730,false,פרוסות גבינה אמנטל חצי קשה 30% שומן 200 ג' נעם,Unknown,IL,גבינת אמנטל נעם 200,גרמים,200.00,100 גרם,false,1,18.90,9.45,true,1,
7290102397747,false,פרוסות גבינת מוצרלה נעם מחלב בקר 22%,טרה,IL,מוצרלה נעם רכיבים,גרמים,200.00,100 גרם,false,1,19.90,9.95,true,1,
7290102398065,false,חלב טרה בקרטון 2 ליטר מהדרין 3% - מוצר בפיקוח,הפריט בפיקוח,IL,חלב 3% מהדרין 2 ליטר,ליטרים,0.00,ליטר,false,1,11.80,11.80,true,1,
7290102398669,false,משקה חלב אייס קפוצ'ינו טרה 1 ליטר,מילקו תעשיות בעמ,IL,אייס קפוצינו 1 ליטר,ליטרים,0.00,ליטר,false,1,12.50,12.50,true,1,
7290102399697,false,סימפלי פרוט מנגו 1.5% שומן 150 ג' מולר,מילקו תעשיות בעמ,IL,SIMPLY FRUIT מולר בט,מיליליטרים,150.00,"100 מ""ל",false,1,4.80,3.20,true,1,
7290102399772,false,מולר ספרדבל-ממרח חמאת מולר במליחות עדינה 250 גרם,G Weihenstephan Molkerei,DE,מולר ספרדבל ממרח,גרמים,250.00,100 גרם,false,1,19.90,7.96,true,1,
7290102399789,false,מולר ספרדבל-ממרח חמאת מולר ללא מלח 250 גרם,G Weihenstephan Molkerei,DE,מולר ספרדבל ממרח חמא,גרמים,250.00,100 גרם,false,1,19.90,7.96,true,1,
7290102399796,false,מעדן יוגורט לבן מועשר בחלבון 200 ג' מולר אקטיב,מולר Muller,IL,מולר אקטיב יוגורט חל,גרמים,200.00,100 גרם,false,1,5.90,2.95,true,1,
7290103124601,false,"תחליב רחצה נוזל חלב ודבש משאבה 750מ""ל פלמוליב",הנסיך- מפעל לייצור ט,TR,פלמוליב סבון נוזלי ח,מיליליטרים,750.00,"100 מ""ל",false,1,16.90,2.25,true,1,
7290103126797,false,"משחת שיניים קולגייט סנסיטיב פרו רליף 75 מ""ל",הנסיך- מפעל לייצור ט,BR,קולגייט סנסיטיב פרו,Unknown,0.00,Unknown,false,1,22.90,22.90,true,1,
7290103400231,false,"גזר מגורד שטראוס 400 גרם בד""צ",שטראוס בריאות ירקות טריי,IL,גזר 400 גר,גרמים,400.00,100 גרם,false,1,10.90,2.73,true,1,
7290103401429,false,קפה קצב ברזילאי אוריגינס 200 גר,הנסיך- מפעל לייצור ט,IL,קפה קצב ברזילאי אורי,גרמים,200.00,100 גרם,false,1,19.90,9.95,true,1,
7290103681340,false,"יין אדמה סוביניון בלאן תנשמת 750 מ""ל",יקב תבור,IL,יין אדמה סוביניון בל,מיליליטרים,750.00,"100 מ""ל",false,1,62.90,8.39,true,1,
7290103700331,false,טאצ שקיות אוכל רב תכליתיות 250 יחידות,טאצ',IL,טאצ שקיות אוכל רב תכ,Unknown,0.00,Unknown,false,1,14.90,14.90,true,1,
7290103700386,false,טאצ כריות יפניות מארז שישיה,"שניב תעשיות נייר בע""",IL,כריות קרצוף טאצ 6 יח,Unknown,0.00,Unknown,false,1,10.90,10.90,true,1,
7290103702212,false,טאצ' ממחטות כיס עשירייה,"שניב תעשיות נייר בע""",,טאצ ממחטות כיס רגיל,Unknown,0.00,Unknown,false,1,5.90,5.90,true,1,
7290103702311,false,טאצ' ממחטות כיס עשירייה מנטול,"שניב תעשיות נייר בע""",,טאצ ממחטות כיס מנטול,Unknown,0.00,Unknown,false,1,5.90,5.90,true,1,
7290103703226,false,טאצ מטליות לחות לניקוי כללי,,IL,טאצ מטליות לחות לניק,Unknown,0.00,Unknown,false,1,7.90,7.90,true,1,
7290103703370,false,טאצ מגבוני טואלט לחים מארז שלישייה,,IL,טאצ מגבוני טואלט לחי,Unknown,0.00,Unknown,false,1,14.90,14.90,true,1,
7290103703998,false,טאצ' מגבונים לחים לחיטוי 99.9% אנטיבקטריאלים 50 יח',עלבד,IL,טאצ מגבונים אנטיבקטר,Unknown,0.00,Unknown,false,1,10.90,10.90,true,1,
7290103704162,false,נייר טואלט טאצ' 32 גלילים מהדורה 2021,"שניב תעשיות נייר בע""",IL,טואלט טאצ 32 מהדורת,Unknown,0.00,Unknown,false,18,28.90,28.90,true,1,
7290103704186,false,מגבות מטבח כפול טאצ`מהדורת 2021 6 יחידות,,IL,מגבות טאצ 6 גלילים כ,יחידה,1.00,יחידה,false,1,18.90,18.90,true,1,
7290103704759,false,נייר טואלט כפול 16 גלילים טאצ,,IL,טואלט טאצ 16 כפול פר,Unknown,0.00,Unknown,false,1,31.50,31.50,true,1,
7290104061417,false,סלט חומוס עם טחינה אחלה 400 גרם,"שטראוס גרופ בע""\מ",IL,חומוס טחינה 400 גר,גרמים,400.00,100 גרם,false,1,10.90,2.73,true,1,
7290104061431,false,סלט חומוס עם צנובר אחלה 400 גרם,"שטראוס גרופ בע""\מ",IL,חומוס צנובר 400 גר,גרמים,400.00,100 גרם,false,1,10.90,2.73,true,1,
7290104061448,false,סלט חומוס עם חריף אחלה 400 גרם,מיוצר עי קונדיטוריית,IL,חומוס חריף 400 גרם,גרמים,400.00,100 גרם,false,1,10.90,2.73,true,1,
7290104062599,false,מארז 8 יחידות מעדן גמדים בטעמי תות ובננה,"שטראוס בריאות בע""\מ",IL,מארז סופר גמדים תות,גרמים,800.00,100 גרם,false,1,19.80,2.48,true,1,
7290104066566,false,טחינה שומשום מלא אחלה 500 גר',מיוצר עי קונדיטוריית,IL,טחינה 500 גרם,גרמים,500.00,100 גרם,false,1,14.60,2.92,true,1,
7290104067693,false,אחלה חומוס עם חריף 150 גרם,מיוצר עי קונדיטוריית,IL,חומוס חריף 150 גר,גרמים,150.00,100 גרם,false,1,6.20,4.13,true,1,
7290104500572,false,אפרופו חטיף תירס איטליאנו אסם 50 גרם,מיוצר עי קונדיטוריית,IL,חטיף אפרופו איטליאנו,גרמים,50.00,100 גרם,false,1,5.00,10.00,true,1,
7290104504228,false,מיני דובונים אסם 100 גרם מארז 5 יחידות,"אסם השקעות בע""\מ",IL,מארז דובונים 20 גר*5,גרמים,100.00,100 גרם,false,1,13.90,13.90,true,1,
7290104508943,false,במבה חטיף בוטנים אסם 200 גרם,"אסם השקעות בע""\מ",IL,במבה קלאסי 200 גרם,גרמים,200.00,100 גרם,false,1,8.90,4.45,true,1,
7290104721533,false,רצועות פלפלים קלויים אחלה 400 ג',מיוצר עי קונדיטוריית,IL,רצועות פלפלים קלויים,גרמים,400.00,100 גרם,false,1,18.30,4.58,true,1,
7290104721762,false,מארז שלשות קפה טורקי עלית 85 ג',שטראוס גרופ,IL,מארז קפה טורקי עלית,גרמים,255.00,100 גרם,false,1,19.90,7.80,true,1,
7290104721953,false,לקט מסולסלים ירקות שטראוס 350 גרם,שטראוס בריאות ירקות טריי,IL,לקט מסולסלים 350 גר,גרמים,350.00,100 גרם,false,1,13.90,3.97,true,1,
7290104726262,false,רביעייה מעדן דני שוקולד דיסני לבנים 125 גרם,מיוצר עי קונדיטוריית,IL,מארז דני לשתייה 4*12,גרמים,500.00,100 גרם,false,1,10.90,2.18,true,1,
7290104726712,false,מארז 8 יחידות מעדן מילקי בטעם שוקולד עם קצפת,"שטראוס גרופ בע""\מ",IL,מארז מילקי שמיניייה,קילוגרמים,0.00,"ק""ג",false,1,19.50,19.50,true,1,
7290104728310,false,"שמנת מתוקה עמידה 38% שומן ""יטבתה"" -מוצר בפיקוח",שטראוס גרופ,IL,שמנת עמידה לקצפת 38%,מיליליטרים,250.00,"100 מ""ל",false,1,6.18,2.47,true,1,
7290104729003,false,"יד מרדכי - שמן זית כתית מעולה 2 קלאסי 750 מ""ל",מכוורת יד מרדכי שטרא,IL,שמן זית כתית מעולה י,מיליליטרים,750.00,"100 מ""ל",false,1,29.50,3.93,true,1,
7290105360878,false,תפוציפס טבעי 50 גרם מארז רביעייה,"שטראוס פריטו ליי בע""\מ )",IL,מארז תפוציפס טבעי 50,גרמים,200.00,100 גרם,false,1,10.50,5.25,true,1,
7290105362339,false,"שמנת לבישול 15% 250 מ""ל יטבתה מהדרין",שטראוס גרופ,IL,שמנת לבישול 15% מהדר,מיליליטרים,250.00,"100 מ""ל",false,1,7.90,3.16,true,1,
7290105364678,false,"אקטיביה משקה יוגורט בטעם אפרסק שטראוס 250 מ""ל",מיוצר עי קונדיטוריית,IL,משקה אקטיביה אפרסק,מיליליטרים,250.00,"100 מ""ל",false,1,6.00,2.40,true,1,
7290105366023,false,סלט חצילים בטעם כבד אחלה 400 גרם,מיוצר עי קונדיטוריית,IL,חציל בטעם כבד 400 גר,גרמים,400.00,100 גרם,false,1,18.30,4.58,true,1,
7290105368331,false,מעדן מילקי בטעם תות עם קצפת,מחלבת אחיהוד,IL,מילקי נוגת 134גר,גרמים,130.00,100 גרם,false,1,2.90,2.23,true,1,
7290105368904,false,"שמנת מתוקה להקצפה 32% שומן 250 מ""ל יוטבתה",שטראוס גרופ,IL,שמנת עמידה לקצפת 32%,מיליליטרים,250.00,"100 מ""ל",false,1,7.60,3.04,true,1,
7290105431516,false,מארז חטיף פריי תמרים ובוטנים ללא גלוטן ותוספת סוכר 125 גרם,טבעית מוצרים מן הטבע בעמ,IL,מארז חטיפי תמרים ובו,גרמים,110.00,100 גרם,false,1,17.70,16.09,true,1,
7290105438546,false,קוקי נייר אפייה פרימיום 40 יח',אופל אריזות,IL,נייר אפי פרימיום קוק,Unknown,0.00,Unknown,false,1,9.90,9.90,true,1,
7290105439499,false,מאסטר שף מאסטר שף מיונז 480 גר כשלפ,רמיה סי.וי. הולנד,NL,מנה מאסטר שף מיונז 4,גרמים,481.00,100 גרם,false,1,10.90,2.27,true,1,
7290105691224,false,אסם חטיפי פריכונים טורטייה שום בצל 60 גרם,"פרח תעשיות מזון בע""מ.",IL,חטיפי פריכונים טורטי,גרמים,60.00,100 גרם,false,1,7.20,12.00,true,1,
7290105693341,false,מארז עשיריית במבה אסם 25*10 גרם,"אסם השקעות בע""\מ",IL,מארז במבה 25 גרם 10,גרמים,250.00,100 גרם,false,1,9.90,3.96,true,1,
7290105693457,false,עוגת הבית דמקה שוקו וניל אסם 320 גרם,מיוצר עי קונדיטוריית,IL,עוגת דמקה שוקו וניל,גרמים,320.00,100 גרם,false,1,12.50,3.91,true,1,
7290105693952,false,פירורית זהב אסם זהב שומשום 200 ג',מיוצר עי קונדיטוריית,IL,פירורית זהב שומשום 2,גרמים,200.00,100 גרם,false,1,6.40,3.20,true,1,
7290105694614,false,פסטה ספגטי מהיר הכנה אסם 500 גרם,פסטה זארה,IT,ספגטי מהיר הכנה 500,גרמים,500.00,100 גרם,false,1,7.90,1.58,true,1,
7290105695024,false,פתיתים אפויים אורז עם אטריות אסם 500 גרם,"אסם השקעות בע""\מ",IL,פתיתים אפויים אורז ע,גרמים,500.00,100 גרם,false,1,6.90,1.38,true,1,
7290105964564,false,סלט חומוס אחלה 400גר,מיוצר עי קונדיטוריית,IL,חומוס אחלה 400 גר,גרמים,400.00,100 גרם,false,1,4.90,1.23,true,1,
7290105965738,false,יוגורט לשתיה בטעם תות בננה267 ג' דנונה,מיוצר עי קונדיטוריית,IL,משקה בוקר תות בננה 2,מיליליטרים,267.00,"100 מ""ל",false,1,5.00,1.87,true,1,
7290105968098,false,"סלט קולסלאו 500 גרם ""אחלה""",שטראוס גרופ סלטים,IL,קולסלאו 500 גר,גרמים,500.00,100 גרם,false,1,15.90,3.18,true,1,
7290105968777,false,פריכיות 5 דגנים עם תחתית שוקולד מריר 70 גרם,"טחנת האבן תעשיות בע""",IL,פריכיות אנרגי תחתית,גרמים,70.00,100 גרם,false,1,7.70,11.00,true,1,
7290106520066,false,"רבע לשבע שוקולד חלב במילוי אגוזים עלית 160 גרם בד""צ","הגביע מוצרי וופלים בע""\מ",IL,אצבעות וופל רבע לשבע,גרמים,160.00,100 גרם,false,1,10.00,6.25,true,1,
7290106520288,false,יוגורט פרו חלבון עם תות 2.4% שומן 150 ג' דנונה,"שטראוס בריאות בע""מ",IL,דנונה WOW תות 2.4% ש,גרמים,150.00,100 גרם,false,1,4.60,3.07,true,1,
7290106520905,false,סלט טורקי אחלה 400 גרם,"שטראוס גרופ בע""\מ",IL,סלט טורקי 400 גר,גרמים,400.00,100 גרם,false,1,18.30,4.58,true,1,
7290106520912,false,"שמנת 9% לבישול יטבתה 250 מ""ל מהדרין",שטראוס גרופ,IL,שמנת לבישול 9% 250 מ,מיליליטרים,250.00,"100 מ""ל",false,1,7.90,3.16,true,1,
7290106521926,false,קפה טורקי בצלופן עלית 150 גרם,שטראוס קפה בי.ויn\.,IL,טורקי עלית 150 גרם ש,גרמים,150.00,100 גרם,false,1,12.90,8.60,true,1,
7290106524439,false,"תפוצ'יפס פופס 60 גרם ""עלית""","שטראוס פריטו ליי בע""\מ )",IL,תפוציפס פופס 60 גרם,גרמים,60.00,100 גרם,false,1,3.90,6.50,true,1,
7290106528628,false,"דוריטוס טבעי 185 גרם ""עלית""","שטראוס פריטו ליי בע""\מ )",IL,Dippas חטיף דוריטוס,גרמים,185.00,100 גרם,false,1,7.40,4.00,true,1,
7290106528949,false,לקט ערוגות 450 גרם שטראוס,שטראוס בריאות ירקות טריי,IL,לקט ערוגות,Unknown,0.00,Unknown,false,1,12.90,12.90,true,1,
7290106572959,false,מארז אפרופו חטיף תירס 5 יחידות,"אסם השקעות בע""\מ",IL,מארז אפרופו 25 גרם*5,גרמים,125.00,100 גרם,false,1,14.60,11.68,true,1,
7290106573598,false,צבר חומוס לבנוני 400 גרם,סלטי צבר,IL,חומוס לבנוני 400 גרם,גרמים,400.00,100 גרם,false,1,11.90,2.98,true,1,
7290106574977,false,בייגלה שטוחים כעכים שטוחים עם מלח,מיוצר עי קונדיטוריית,IL,בייגלה שטוחים עם מלח,גרמים,300.00,100 גרם,false,1,10.90,3.63,true,1,
7290106575332,false,פתיתים אפויים פלוס בורגול 400 ג' אסם,"מיוצר ע""י קוד יצרן K",IL,פתיתים אפויים פלוס ב,גרמים,400.00,100 גרם,false,1,6.90,1.73,true,1,
7290106575431,false,עוגת הבית סופלה בטעם שוקוניל 340 ג' אסם,מיוצר עי קונדיטוריית,IL,עוגת סופלה בטעם שוקו,גרמים,340.00,100 גרם,false,1,12.50,3.68,true,1,
7290106576537,false,חומוס מסעדות צבר 700 גרם,סלטי צבר,IL,חומוס מסעדה צבר 700,גרמים,700.00,100 גרם,false,1,10.90,1.56,true,1,
7290106578692,false,ביסלי במבה מיקס מהדורת אליפות אסם 80 גרם,פרו מן יו פתרונות אר,IL,ביסלי במבה גריל מיקס,גרמים,80.00,100 גרם,false,1,4.30,5.38,true,1,
7290106654099,false,מילקי CAKE עוגות אישיות במילוי קרם חלב,בובארד איטליה אס.פי.איי,IT,מארז שמיניית מילקי 2,גרמים,272.00,100 גרם,false,1,20.00,7.35,true,1,
7290106658479,false,עלית וופל בטעם טורטית אגוזים 360גר,"שטראוס גרופ בע""\מ",IL,טורטית מגדים 40 גרם,גרמים,40.00,100 גרם,false,1,3.80,9.50,true,1,
7290106660410,false,"רביולי תרד וגבינה 400 גרם ""שטראוס""",מיוצר עי קונדיטוריית,IL,רביולי תרד וגבינה 40,גרמים,400.00,100 גרם,false,1,19.90,4.98,true,1,
7290106664555,false,"רוטב שמנת עם עגבניות 9% שומן 250 מ""ל יוטבתה",שטראוס גרופ,IL,יטבתה רוטב שמנת עם ע,גרמים,250.00,100 גרם,false,1,10.90,4.36,true,1,
7290106667266,false,"דוריטוס חמוץ חריף 185 גרם ""עלית""","שטראוס פריטו ליי בע""\מ )",IL,חטיף דוריטוס חמוץ חר,גרמים,185.00,100 גרם,false,1,7.40,4.00,true,1,
7290106668577,false,"מיץ לימון טיבעי 250 מ""ל יד מרדכי",האי נאם סי או אל.טי.,IT,"מיץ לימון 250 מ""ל יד",מיליליטרים,250.00,"100 מ""ל",false,1,7.80,3.12,true,1,
7290106720626,false,צ'יטוס קראנצ' בטעם גבינה - חלבי,"שטראוס פריטו ליי בע""\מ )",IL,ציטוס בטעם גבינה 80,גרמים,80.00,100 גרם,false,1,4.20,5.25,true,1,
7290106723689,false,עלי תרד בייבי שטראוס 200 גרם,שטראוס בריאות ירקות טריי,IL,תרד בייבי 200 גר,גרמים,200.00,100 גרם,false,1,10.90,5.45,true,1,
7290106725867,false,"סירופ מייפל טבעי 189 מ""ל ""יד מרדכי""",קוסלסי פוד,CA,סירופ מייפל טבעי יד,מיליליטרים,189.00,"100 מ""ל",false,1,40.90,21.64,true,1,
7290106726178,false,יוגורט PRO עם פירות יער 2.4% 10 גרם חלבון בגביע,מיוצר עי קונדיטוריית,IL,דנונה פרו פירות יער,גרמים,150.00,100 גרם,false,1,4.60,3.07,true,1,
7290107645584,false,אבקת מרק עוף אמיתי רכיבים טבעיים 400 גרם - רבנות,יוניליוור ישראל מזון בע\,IL,מרק עוף אמיתי רכיבים,גרמים,400.00,100 גרם,false,1,19.90,4.98,true,1,
7290107646826,false,"חטיף שוגי שוקו תלמה 156 גרם מארז 6 יחידות בד""צ",יוניליוור ישראל מזון בעמ,IL,מאגדת פתיתי תירס שוק,גרמים,156.00,100 גרם,false,1,12.50,8.01,true,1,
7290107647854,false,"שוגי מופחת סוכר תלמה 500 ג' בד""צ",יוניליוור ישראל מזון בעמ,IL,שוגי 20% פחות סוכר 5,גרמים,500.00,100 גרם,false,1,22.90,4.58,true,1,
7290107874441,false,פריכונים מיני בצל מקורמל 25 גרם אסם,"פרח תעשיות מזון בע""מ.",IL,פריכונים מיני בצל מק,גרמים,25.00,100 גרם,false,1,4.90,19.60,true,1,
7290107932080,false,חלב מועשר יוטבתה בבקבוק 3% 1 ליטר,מחלבת יטבתה,IL,חלב מועשר יוטבתה בבק,מיליליטרים,1000.00,"100 מ""ל",false,1,7.50,0.75,true,1,
7290107932134,false,חלב מועשר יוטבתה בבקבוק 1% 1 ליטר,מחלבת יטבתה,IL,חלב מועשר יוטבתה בבק,מיליליטרים,1000.00,"100 מ""ל",false,1,7.50,0.75,true,1,
7290107933155,false,לקט סלנובה שטראוס 200 גרם,שטראוס בריאות ירקות טריי,IL,לקט סלנובה 200 גר,גרמים,200.00,100 גרם,false,1,13.90,6.95,true,1,
7290107936309,false,דנונה יוגורט 7% יווני לבן 130 ג',"שטראוס בריאות בע""מ",IL,דנונה יווני לבן 5.8%,גרמים,120.00,100 גרם,false,1,3.40,2.83,true,1,
7290107937542,false,משקה יוגורט אקטיביה עם תות 1.2% שומן,מיוצר עי קונדיטוריית,IL,משקה אקטיביה תות 1.2,מיליליטרים,265.00,"100 מ""ל",false,1,6.00,2.26,true,1,
7290107938396,false,שמיניית אקטימל תות דיסני בנים 108 גרם,מיוצר עי קונדיטוריית,IL,שמיניית אקטימל תות 8,גרמים,864.00,100 גרם,false,1,20.50,2.37,true,1,
7290107939027,false,גזר דק דק שטראוס 250 גרם,שטראוס בריאות ירקות טריי,IL,גזר דק דק 250 גרם,גרמים,250.00,100 גרם,false,1,7.90,3.16,true,1,
7290107950190,false,מעדן חלב דל קלוריות בטעם שוקולד מריר 0.5% שומן,מיוצר עי קונדיטוריית,IL,מעדן דיאט שוקולד מרי,גרמים,130.00,100 גרם,false,1,3.50,2.69,true,1,
7290107951104,false,בפלות ופלים ארוכים בטעם שוקולד,"שטראוס גרופ בע""\מ",IL,בפלות שוקולד 200 גרם,גרמים,200.00,100 גרם,false,1,4.10,2.05,true,1,
7290107951111,false,בפלות ופלים ארוכים בטעם לימון,"א.ג. גילרו בע""\מ",IL,בפלות לימון 200 גרם,גרמים,200.00,100 גרם,false,1,4.10,2.05,true,1,
7290107956901,false,קפסולות בטעם אגוזים למכונת נספרסו עלית 10 יחידות,שטראוס קפה בי.וי.,IL,קפסולות בטעם אגוזים,גרמים,50.00,100 גרם,false,1,15.90,31.80,true,1,
7290107956932,false,קפסולות אספרסו אידונזיה למכונות 50 גר,שטראוס קפה בי.וי.,IL,קפסולות אספרסו אידונ,גרמים,50.00,100 גרם,false,1,15.90,31.80,true,1,
7290107958035,false,יוגורט במתיקות מעודנת 2% ללא תוספת סוכר- מארז 8 יח,"שטראוס בריאות בע""\מ",IL,"מארז דנונה ללת""ס",גרמים,1200.00,100 גרם,false,1,17.90,1.49,true,1,
7290107973014,false,"סבון ידיים משאבה פלמוליב חלב ודבש 300 מ""ל",הנסיך- מפעל לייצור ט,TR,פלמוליב סבון ידיים ח,מיליליטרים,300.00,"100 מ""ל",false,1,11.40,3.80,true,1,
7290107973038,false,"סבון ידיים משאבה פלמוליב אקווריום 300 מ""ל",הנסיך- מפעל לייצור ט,IT,פלמוליב סבון ידיים א,מיליליטרים,300.00,"100 מ""ל",false,1,11.40,3.80,true,1,
7290107973861,false,מאסטר שף עגבניות קצוצות דק שלישיה 400ג*3 כשלפ,קונסרזיו קאסאלאסקו ד,IT,מנה עגבניות קצוצות ד,קילוגרמים,0.00,"ק""ג",false,1,15.90,15.90,true,1,
7290107974073,false,מנה עלי טורטיה קמח לבן מ.שף 20 סמ 320 גר,אלקאטי קורביישיסי גי,ES,מנה עלי טורטיה קמח ל,גרמים,320.00,100 גרם,false,1,9.90,3.09,true,1,
7290107974080,false,מנה עלי טורטיה קמח לבן מ.שף 25 סמ 840 גר,הדקלאים אגודת שיתופי,TR,מנה עלי טורטיה קמח ל,גרמים,840.00,100 גרם,false,1,15.90,1.89,true,1,
7290107975360,false,ליידי ספיד סטיק פיור פרשנס ג'ל נשים 65ג',ליידי ספיד סטיק Lady Speed Stick,US,דאו גל פיור פרשנס לי,גרמים,65.00,100 גרם,false,1,32.90,50.62,true,1,
7290107978330,false,מאסטר שף איטריות דקות 400 גרם,הדקלאים אגודת שיתופי,PL,מאסטר שף איטריות דקו,גרמים,400.00,100 גרם,false,1,6.20,1.55,true,1,
7290107978347,false,איטריות בינוניות מאסטר שף 400 גרם,הדקלאים אגודת שיתופי,PL,מאסטר שף איטריות בינ,גרמים,400.00,100 גרם,false,1,6.20,1.55,true,1,
7290108350548,false,סנו ספארק נוזל כלים בניחוח לבנדר עם משאבה 1 ל',מיוצר עי קונדיטוריית,IL,ספארק נוזל כלים לבנד,מיליליטרים,1000.00,"100 מ""ל",false,1,13.50,1.35,true,1,
7290108351804,false,מרכך כביסה סופר מרוכז Gentl Breeze סנו מקסימה 1 ליטר,מיוצר עי קונדיטוריית,IL,מר.כביסה סנומקסימה מ,ליטרים,0.00,ליטר,false,1,13.90,13.90,true,1,
7290108352320,false,"מבשם אויר סנו פרש הום בניחוח כותנה מלטפת 350 מ""ל",מיוצר עי קונדיטוריית,IL,מטהר אוויר סנו פרש ה,מיליליטרים,350.00,"100 מ""ל",false,1,17.50,5.00,true,1,
7290108356113,false,"כיף תחליב רחצה דבש 700 מ""ל-מרכז",קוסמופארם בעמ,IL,תחליב רחצה כיף דבש 7,מיליליטרים,700.00,"100 מ""ל",false,1,13.50,1.93,true,1,
7290108356199,false,אל סבון כיף בניחוח אפרסק ופלפל שחור 1 ל,טרופיקל דגיל תעשיות,IL,אל סבון כיף בניחוח א,ליטרים,0.00,ליטר,false,1,15.20,15.20,true,1,
7290108357714,false,"כיף שמפו לשיער יבש -רימונים ושמן ארגן 700 מ""ל",גוד פוד פרודקטס S.p,IL,שמפו כיף לשיער יבש ר,מיליליטרים,700.00,"100 מ""ל",false,1,12.90,1.84,true,1,
7290108359138,false,סנו סושי שקיות אשפה עם שרוך 200 יח' L,סנו סושי,IL,שקיות אשפה 200 יח בק,יחידה,1.00,יחידה,false,1,61.90,61.90,true,1,
7290108359176,false,סופט לושן טישו ניילון 3 שכבות 2X100 יחיד,החברה הדרומית,EG,סופט ממחטות אף צמד ב,Unknown,0.00,Unknown,false,1,14.50,14.50,true,1,
7290108359213,false,"נייר טואלט סנו סופט גלילים כפולים, 18 יח'",סנו סופט,IL,סנו סופט נייר טואלט,Unknown,0.00,Unknown,false,1,39.90,39.90,true,1,
7290108359985,false,סנו - ז'אוול מרסס קצף לניקוי וחינו בניחוח פריחה לבנה 1 ליטר,סנו ז'אוול Javel,IL,סנו זאוול מרסס פריחה,מיליליטרים,1000.00,"100 מ""ל",false,1,18.50,1.85,true,1,
7290108501346,false,גבינה מגורדת גאודה 28% שומן EURO CHEESE ויליפוד 500 גרם,ג. וילי פוד אינטרנשיונל,IL,גבינה גאודה מגורדת 2,גרמים,500.00,100 גרם,false,1,24.90,4.98,true,1,
7290108501391,false,גבינה חצי קשה חלב עיזים פרוס 150 גר,ג.וילי פוד אינטרנשיונל ב,IL,גבינת עיזים חצי קשה,גרמים,150.00,100 גרם,false,1,22.90,15.27,true,1,
7290108502381,false,בסיסים להכנת פיצה קוטר 26 וילי פוד 480ג',מוטלוקל גידה סאנאי ט,TR,תחתיות לפיצה מנת השף,גרמים,480.00,100 גרם,false,1,13.90,2.90,true,1,
7290108502862,false,מלפפונים כבושים במלח 18-25 קטנים ויליפוד 600 גרם,זיתור סאן גידה סני וטיקר,TR,מלפפונים כבושים במלח,גרמים,600.00,100 גרם,false,1,10.40,1.73,true,1,
7290108503067,false,פרמז'נו משולש ויליפוד 150 גרם,וילי פוד,IT,פרמזנו משולש 150 גרם,גרמים,150.00,100 גרם,false,1,16.70,11.13,true,1,
7290108503814,false,גבינה מותכת למריחה 200 גרם,לוטס,FI,גבינה מותכת ויאולה,גרמים,200.00,100 גרם,false,1,12.50,6.25,true,1,
7290108503999,false,פרוסות גבינה בטעם גאודה לכריכים וטוסטים ויליפוד 150 גרם,סנטרל קסרה,ES,פרוסות גבינה גאודה 1,גרמים,150.00,100 גרם,false,1,13.50,9.00,true,1,
7290108505153,false,יוגורט בטעם טבעי 10% שומן ויליפוד 150 גרם,Euro יורו מחלבות אירופה,GR,יוגורט בטעם טבעי,גרמים,150.00,100 גרם,false,1,6.20,4.13,true,1,
7290108505184,false,יוגורט עם קוקוס 5% שומן ויליפוד 150 גרם,Euro יורו מחלבות אירופה,GR,יוגורט עם קוקוס 5% ש,גרמים,150.00,100 גרם,false,1,6.20,4.13,true,1,
7290108505191,false,יוגורט עם פצפוצי שוקולד 5% שומן ויליפוד 150 גרם,Euro יורו מחלבות אירופה,GR,יוגורט עם פצפוצי שוק,גרמים,150.00,100 גרם,false,1,6.20,4.13,true,1,
7290108505207,false,יוגורט עם אוכמניות 0% שומן ויליפוד 150 גרם,Euro יורו מחלבות אירופה,GR,יוגורט עם אוכמניות,גרמים,150.00,100 גרם,false,1,6.20,4.13,true,1,
7290108505740,false,קשקבל גבינה חצי קשה EURO CHEESE ויליפוד 200 גרם,Euro יורו מחלבות אירופה,TR,גבינת קשקבל חצי קשה,גרמים,200.00,100 גרם,false,0,12.90,6.45,true,1,
7290108506037,false,דלתא יוגורט בטעם טבעי 5% שומן ויליפוד 150 גרם,Euro יורו מחלבות אירופה,GR,יוגורט בטעם טבעי 5%,גרמים,150.00,100 גרם,false,1,6.20,4.13,true,1,
7290108506518,false,אצבעות בצק פילו ממולאות גבינה ותרד 500 ג' ויליפוד,סיהאן גידה,TR,אצבעות בצק פילו ממול,גרמים,500.00,100 גרם,false,1,17.90,3.58,true,1,
7290108508888,false,ביסקוויטים פתי בר ויליפוד 500 ג',ארגון ציקולאטה,TR,ביסקוויטים פתי בר וי,גרמים,500.00,100 גרם,false,1,6.50,1.30,true,1,
7290108508901,false,דלתא יוגורט עם דובדבנים ושקדים 0.6% ויליפוד 150 גרם,Euro יורו מחלבות אירופה,GR,יוגורט יווני עם דובד,גרמים,150.00,100 גרם,false,1,6.20,4.13,true,1,
7290108509199,false,גבינת פטה 17% שומן יורו 500 ג',מבגל אס.איי,TR,גבינה פטה 17% שומן 5,גרמים,500.00,100 גרם,false,1,24.90,4.98,true,1,
7290109351971,false,פריכיות דגנים פיטנס מצופות שוקולד חלב,פרח תעשיות,IL,פיטנס בר פריכיות שוק,גרמים,84.00,100 גרם,false,1,11.90,14.17,true,1,
7290109358765,false,דגני בוקר קראנץ' רולס נוגט 450 גרם,"אסם השקעות בע""\מ",IL,קראנץ רולס 450 גרם,גרמים,450.00,100 גרם,false,1,23.50,5.22,true,1,
7290109580067,false,"טחון וונדרס 0% בשר , טבעוני","וונדרס ע""י זוגלובק 2000",IL,טחון wonders 340 גר,גרמים,340.00,100 גרם,false,1,36.50,10.74,true,1,
7290109640020,false,גוש טבעוני בטעם מוצרלה 18% שומן 300 גרם - משומשו,וי גרדן,IL,גוש טבעוני בטעם מוצר,גרמים,300.00,100 גרם,false,1,22.90,7.63,true,1,
7290109640402,false,ממרח על בסיס קוקוס 9% שומן 200 גרם - משומשו,גן שמואל-תעשיות בריאות,IL,ממרח טבעי 9% בסיס רכ,גרמים,200.00,100 גרם,false,1,17.90,8.95,true,1,
7290109923048,false,"אסטוניש מרסס פרימיום ארומטיק לכל הבית 750 מ""ל",יעקובי אסטוניש,GB,אסטוניש מרסס פרמיום,יחידה,1.00,יחידה,false,1,15.90,15.90,true,1,
7290110110277,false,"סומרסבי סיידר תפוחים אלכוהולי 4*300 מ""ל","קרלסברג קרואטיה , יב",HR,סומרסבי סיידר תפוחים,מיליליטרים,1320.00,"100 מ""ל",false,1,27.90,2.11,true,1,
7290110113261,false,נקטר חמוציות 19 קלוריות SPRAY OCEAN פריגת 1 ליטר,קריות זול,IL,נקטר אושן ספריי חמוצ,מיליליטרים,1000.00,"100 מ""ל",false,1,11.90,1.19,true,1,
7290110113476,false,בירה קרלסברג ללא אלכוהול - שישייה,קרלסברג רומניהn\יבואן:מב,RO,שישיית בירה קרלסברג,מיליליטרים,1980.00,"100 מ""ל",false,1,30.90,1.56,true,1,
7290110114787,false,נביעות+ מים מינרליים בטעם תפוח 1.5 ליטר,נביעות טבע הגליל בעמ,IL,מים נביעות בטעם תפו,ליטרים,0.00,ליטר,false,1,9.10,9.10,true,1,
7290110114800,false,נביעות+ מים מינרליים בטעם ענבים 1.5 ליטר,"נביעות טבע הגליל בע""\מ",IL,מים נביעות בטעם ענבי,ליטרים,0.00,ליטר,false,1,9.10,9.10,true,1,
7290110114855,false,"נביעות מים מינרליים, שישיה 6 * 1.5 ליטר פקדון",נביעות טבע הגליל בעמ,IL,שישיית מים נביעות,ליטרים,0.01,ליטר,false,1,12.70,1270.00,true,1,
7290110114893,false,פריגת סחוט טרי תפוז 2 ליטר,פריגת מצוננים,IL,פריגת סחוט טרי תפוז,ליטרים,0.00,ליטר,false,1,24.90,24.90,true,1,
7290110114954,false,מיץ תפוזים מתקתקים פריגת 2 ליטר,פריגת מצוננים,IL,מיץ תפוזים מתקתק 100,ליטרים,0.00,ליטר,false,1,19.90,19.90,true,1,
7290110114961,false,משקה קל תפוזים פריגת 1.5 ליטר,מבשלות בירה בינלאומיות ב,IL,פריגת תפוזים 1.5 ליט,ליטרים,0.00,ליטר,false,1,8.90,8.90,true,1,
7290110114985,false,משקה קל אשכוליות פריגת 1.5 ליטר,מבשלות בירה בינלאומיות ב,IL,פריגת אשכוליות 1.5 ל,ליטרים,0.00,ליטר,false,1,8.90,8.90,true,1,
7290110115005,false,משקה קל ענבים פריגת 1.5 ליטר,מבשלות בירה בינלאומיות ב,IL,פריגת ענבים 1.5 ליטר,ליטרים,0.00,ליטר,false,1,8.90,8.90,true,1,
7290110115029,false,"פריגת משק""ל תפוח 1.5 ליטר פיקדון",מבשלות בירה בינלאומיות ב,IL,פריגת תפוחים 1.5 ליט,ליטרים,0.00,ליטר,false,1,8.90,8.90,true,1,
7290110115043,false,משקה קל לימונענע פריגת 1.5 ליטר,מבשלות בירה בינלאומיות ב,IL,פריגת לימונענע 1.5 ל,ליטרים,0.00,ליטר,false,1,8.90,8.90,true,1,
7290110115128,false,פריגת צלול בטעם לימונענע 1.5 ליטר פיקדון,"מבשלות בירה לישראל בע""\מ",IL,פריגת צלול לימונענע,ליטרים,0.00,ליטר,false,1,8.50,8.50,true,1,
7290110115203,false,קוקה קולה 1.5 ליטר פיקדון,החברה המרכזית לייצור משק,IL,קוקה קולה 1.5 ליטר,ליטרים,0.00,ליטר,false,1,8.90,8.90,true,1,
7290110115234,false,קוקה-קולה זירו נטול בקבוק 1.5 ליטר,החברה המרכזית לייצור משק,IL,קולה ZERO נטול 1.5 ל,ליטרים,0.00,ליטר,false,1,8.50,8.50,true,1,
7290110115241,false,קוקה-קולה זירו לימון בקבוק 1.5 ליטר,החברה המרכזית לייצור משק,IL,קולה ZERO לימון 1.5,ליטרים,0.00,ליטר,false,1,8.50,8.50,true,1,
7290110115272,false,ZERO ספרייט זירו 1.5 ליטר פיקדון,החברה המרכזית לייצור משק,IL,ספרייט ZERO בקבוק 1.,ליטרים,0.00,ליטר,false,1,8.90,8.90,true,1,
7290110115302,false,משקה מוגז אורנג' זירו פאנטה 1.5 ליטר,החברה המרכזית לייצור משק,IL,פאנטה ZERO אורנג 1.5,ליטרים,0.00,ליטר,false,1,8.90,8.90,true,1,
7290110115364,false,שישייה קוקה קולה 1.5 ליטר פיקדון,החברה המרכזית לייצור משק,IL,קוקה קולה שישייה 1.5,ליטרים,0.01,ליטר,false,1,49.90,4990.00,true,1,
7290110115401,false,קינלי סודה שישייה 1.5 ליטר פיקדון,החברה המרכזית לייצור משק,IL,קינלי סודה שישייה 1,ליטרים,0.01,ליטר,false,1,15.70,1570.00,true,1,
7290110115418,false,מארז שישייה קוקה קולה זירו 1.5 ל',החברה המרכזית לייצור משק,IL,קוקה קולה דיאט ZERO,ליטרים,0.01,ליטר,false,1,46.90,4690.00,true,1,
7290110115456,false,"תה קר בטעם אפרסק 19 קלוריות ב- 100 מ""ל",מבשלות בירה בינלאומיות ב,IL,תה פיוז אפרסק 90 קל,ליטרים,0.00,ליטר,false,1,9.00,9.00,true,1,
7290110115463,false,פיוז טי אפרסק 1.5 ליטר פיקדון,מבשלות בירה בינלאומיות ב,IL,תה פיוז אפרסק 1.5 לי,ליטרים,0.00,ליטר,false,1,9.00,9.00,true,1,
7290110115517,false,שישיית קוקה קולה זירו 2 ליטר,,IL,שישיית קוקה קולה 2 ל,ליטרים,0.01,ליטר,false,1,56.60,5660.00,true,1,
7290110115623,false,משקה פיוז טי זירו ZERO בטעם אפרסק,מבשלות בירה בינלאומיות ב,IL,פיוז טי זירו אפרסק 1,ליטרים,0.00,ליטר,false,1,8.90,8.90,true,1,
7290110115654,false,"פיוז טי זירו גרין אננס, 500 מ""ל",מבשלות בירה בינלאומי,IL,תה פיוז זירו גרין א,מיליליטרים,500.00,"100 מ""ל",false,1,7.40,1.48,true,1,
7290110115838,false,ספרייט לימון- ליים 1.5 ליטר,"אינסטנטה בע""מ",IL,ספרייט זירו לימון- ל,ליטרים,0.00,ליטר,false,1,8.90,8.90,true,1,
7290110115845,false,קוקה קולה 1.5 ליטר פיקדון,"אינסטנטה בע""מ",IL,קוקה קולה 1.5 ליטר,ליטרים,0.00,ליטר,false,1,8.90,8.90,true,1,
7290110115869,false,קוקה קולה זירו 1.5 ליטר פיקדון,תות תעשיות מזון (201,IL,קוקה קולה 1.5 ליטר,ליטרים,0.00,ליטר,false,1,8.50,8.50,true,1,
7290110115975,false,קוקה קולה זירו בקבוק,החברה המרכזית לייצור,IL,קוקה קולה זירו 1 ליט,מיליליטרים,1000.00,"100 מ""ל",false,1,6.90,0.69,true,1,
7290110116491,false,פריגת סחוט מיקס אפרסק משמש 1ליטר,פריגת מצוננים,IL,פריגת מיקס אפרסק משמ,מיליליטרים,1000.00,"100 מ""ל",false,1,15.80,1.58,true,1,
7290110116507,false,פריגת סחוט מיקס אננס בננה אגס 1ליטר,פריגת מצוננים,IL,פריגת מיקס אננס בננה,מיליליטרים,1000.00,"100 מ""ל",false,1,15.80,1.58,true,1,
7290110116514,false,פריגת סחוט מיקס תות בננה 400מל,פריגת,IL,פריגת מיקס תות בננה,מיליליטרים,400.00,"100 מ""ל",false,1,9.90,2.48,true,1,
7290110116552,false,ספרייט לימון היט 1.5 ליטר LIME פיקדון,החברה המרכזית לייצור משק,IL,ספרייט למון היט 1.5,ליטרים,0.00,ליטר,false,1,8.90,8.90,true,1,
7290110320850,false,פתיתים גבינה חצי קשה מגורדת 28% שומן,תנובה מרכז שיתופי לש,IL,פתיתי עמק 200 גר,גרמים,200.00,100 גרם,false,1,14.90,7.45,true,1,
7290110320867,false,פתיתים גבינה חצי קשה מגורדת 28% שומן,תנובה מרכז שיתופי לש,IL,פתיתי עמק למאפים 28%,גרמים,500.00,100 גרם,false,1,36.90,7.38,true,1,
7290110320935,false,גבינת מוצרלה תנובה 150ג' פרוסות,תנובה מרכז שיתופי לש,IL,פרוסות מוצרלה 150 גר,גרמים,150.00,100 גרם,false,1,15.90,10.60,true,1,
7290110321031,false,מעדן חלב GO יוגורט מועשר בחלבון טבעי 200 ג' יופלה,"תנובה, מחלבת אלון תב",IL,יופלה 200 מל GO,מיליליטרים,200.00,"100 מ""ל",false,1,6.00,3.00,true,1,
7290110321284,false,קוטג' בקטנה 9% תנובה 100 גרם מהדרין,פארייפאבה אגרואינדוס,IL,קוטג בקטנה 9% 100 גר,גרמים,100.00,100 גרם,false,1,2.60,2.60,true,1,
7290110321604,false,קוביות פיראוס בולגרית מעודנת 5% 200 גרם - רבנות,תנובה חלב,IL,קוביות בולגרית 5% מע,גרמים,200.00,100 גרם,false,1,22.90,11.45,true,1,
7290110321680,false,יוגורט GO בטעם תות 20 גרם חלבון בגביע,מיוצר עי קונדיטוריית,IL,יופלה גו תות חלבון,מיליליטרים,200.00,"100 מ""ל",false,1,6.00,3.00,true,1,
7290110321703,false,יוגורט עם פירות יער בתוספת חלבוני חלב 2% שומן,מיוצר עי קונדיטוריית,IL,יופלה GO פירות יער 2,מיליליטרים,200.00,"100 מ""ל",false,1,6.00,3.00,true,1,
7290110322014,false,טופו בטעם טבעי תנובה ALTERNATIVE,שוורצקוף& הנקל דיסלד,IL,טופו טבעי 300 גר,גרמים,300.00,100 גרם,false,1,11.90,3.97,true,1,
7290110323301,false,טל העמק בסגנון אמנטל 32% שומן 200 גרם,עמק - תנובה,IL,גבינה טל העמק 32% 20,גרמים,200.00,100 גרם,false,1,18.50,9.25,true,1,
7290110323592,false,יופלה יוגורט עם אפרסק מופחת קלוריות 200 ג' GO,יופלה Yoplait,IL,יוגורט עם אפרסק מופח,מיליליטרים,200.00,"100 מ""ל",false,1,6.00,3.00,true,1,
7290110324551,false,יופלה טיוב יוגורט במרקם חלק תות כשרות מהדרין,"תנובה בע""\מ",IL,יופלה טיוב במרקם חלק,גרמים,348.00,100 גרם,false,1,14.90,4.28,true,1,
7290110324926,false,משקה סויה ללא תוספת סוכר E אלטרנטיב,תנובה מרכז שיתופי לש,IL,משקה סויה ללא תוספת,מיליליטרים,1000.00,"100 מ""ל",false,1,10.50,1.05,true,1,
7290110325114,false,"משקה יוגורט יופלה גו לייט תות בננה 250 מ""ל - רבנות",מיוצר עי קונדיטוריית,IL,משקה יוגורט גו לייט,מיליליטרים,250.00,"100 מ""ל",false,1,6.50,2.60,true,1,
7290110325312,false,יופלה GO סויה 20 גרם חלבון בטעם תות תנובה 200 גרם,"תנובה בע""\מ",IL,מעדן סויה גו 20 גר ח,גרמים,200.00,100 גרם,false,1,5.70,2.85,true,1,
7290110325619,false,משקה שיבולת שועל תנובה E אלטרנטיב,מיוצר עי קונדיטוריית,IL,משקה שיבולת שועל 1 ל,ליטרים,0.00,ליטר,false,1,12.90,12.90,true,1,
7290110325893,false,משקה חלב GO מועשר בחלבון בטעם אייס קפה,מיוצר עי קונדיטוריית,IL,"אייס קפה GO 340 מ""ל",גרמים,340.00,100 גרם,false,1,8.90,2.62,true,1,
7290110326210,false,יופלה און טופ פצפוצים תנובה 157 גרם,מיוצר עי קונדיטוריית,IL,יופלה און טופ פצפוצי,גרמים,157.00,100 גרם,false,1,5.90,3.76,true,1,
7290110326333,false,פרוסות גבינה סקנדינבית תנובה 170 גרם,פ.פ.ח. שאביט,IL,גבינה סקנדינבית פרוס,גרמים,170.00,100 גרם,false,0,19.90,11.71,true,1,
7290110327033,false,משקה סויה תנובה גו מועשר בחלבון במתיקות מופחתת,מיוצר עי קונדיטוריית,IL,משקה סויה גו מועשר מ,מיליליטרים,1000.00,"100 מ""ל",false,1,11.90,1.19,true,1,
7290110327514,false,alternative משקה שיבולת שועל בטעם אגוזי לוז תנובה 1 ליטר,תנובה מרכז שיתופי לש,IL,משקה שיבולת שועל בטע,מיליליטרים,1000.00,"100 מ""ל",false,1,12.90,1.29,true,1,
7290110327545,false,יופלה און טופ בטעם תות בתוספת פצפוצים מצופים שוקולד 157 גרם,מיוצר עי קונדיטוריית,IL,יופלה און טופ תות עם,גרמים,157.00,100 גרם,false,1,5.20,3.31,true,1,
7290110328627,false,יוגורט יופלה GO במרקם סמיך בטעם בננה קרמל 0%,מיוצר עי קונדיטוריית,IL,יוגורט גו סמיך בננה,מיליליטרים,200.00,"100 מ""ל",false,1,6.00,3.00,true,1,
7290110328764,false,יוגורט יופלה GO במרקם סמיך עם תות 0%,מיוצר עי קונדיטוריית,IL,יוגורט גו סמיך תות,מיליליטרים,200.00,"100 מ""ל",false,1,6.00,3.00,true,1,
7290110328771,false,יוגורט יופלה GO במרקם סמיך עם פירות יער 0%,מיוצר עי קונדיטוריית,IL,יוגורט גו סמיך פירות,מיליליטרים,200.00,"100 מ""ל",false,1,6.00,3.00,true,1,
7290110328788,false,יוגורט יופלה GO במרקם סמיך בטעם אפרסק 0%,תנובה מרכז שיתופי לש,IL,יוגורט גו סמיך אפרסק,מיליליטרים,200.00,"100 מ""ל",false,1,6.00,3.00,true,1,
7290110329136,false,מעדן חלב מעושר בחלבון בטעם שוקולד 120 ג' GO,תנובה מרכז שיתופי לש,IL,מעדן חלב go בטעם שוק,גרמים,120.00,100 גרם,false,1,5.50,4.58,true,1,
7290110329723,false,משקה חלב קר בטעם לאטה 230 גרם תנובה,תנובה מרכז שיתופי לש,IL,משקה קפה קר בטעם לאט,מיליליטרים,230.00,"100 מ""ל",false,1,7.50,3.26,true,1,
7290110329808,false,יוגורט סויה BIO Alternative תות 150 ג' תנובה,מיוצר עי קונדיטוריית,IL,סויה BIO תות גביע 15,גרמים,150.00,100 גרם,false,1,5.20,3.47,true,1,
7290110329822,false,יוגורט סויה BIO Alternative פירות יער 150 ג' תנובה,מיוצר עי קונדיטוריית,IL,מעדן סויה ביו פירות,גרמים,150.00,100 גרם,false,1,5.20,3.47,true,1,
7290110329846,false,יוגורט סויה BIO Alternative בטעם טבעי 150 ג' תנובה,תנובה Alternative,IL,סויה BIO טבעי גביע A,גרמים,150.00,100 גרם,false,1,5.20,3.47,true,1,
7290110552237,false,יוגורט פרו בטעם אפרסק מנגו ללא סוכר 200 ג' דנונה,"שטראוס בריאות בע""\מ",IL,דנונה פרו אפרסק מנגו,גרמים,200.00,100 גרם,false,1,4.20,2.10,true,1,
7290110553135,false,נסקפה קפוצ'ינו סטיק וניל 130 ג' עלית,מוקטה אס.פי.,IL,קפוצינו סטיק וניל 13,גרמים,130.00,100 גרם,false,1,17.90,13.77,true,1,
7290110553623,false,צ'יטוס קראנצ'י בטעם צ'דר חלפיניו - חלבי,"שטראוס פריטו ליי בע""\מ )",IL,ציטוס קראנץ צדר חלפי,גרמים,80.00,100 גרם,false,1,4.20,5.25,true,1,
7290110554422,false,פומודורו רוטב עגבניות ופלפלים לשקשוקה לפסטה יד מרדכי 350 גרם,אמיליאנה קונסרב סוסייטה,IT,רוטב עגבניות ופלפלים,גרמים,350.00,100 גרם,false,1,13.50,3.86,true,1,
7290110556242,false,"שוקולד מריר פרווה 100 גר' בד""ץ תוצרת חוץ","שטראוס גרופ בע""מ.",FR,שוקולד מריר פרווה ח,גרמים,100.00,100 גרם,false,1,5.20,5.20,true,1,
7290110557027,false,חומוס עשיר 50% טחינה גולמית 400 ג' אחלה,מיוצר עי קונדיטוריית,IL,חומוס 50% טחינה 400,גרמים,400.00,100 גרם,false,1,13.90,3.48,true,1,
7290110557102,false,מעדן חלב עם שוקולד מועשר בחלבון 150 ג' שטראוס,מיוצר עי קונדיטוריית,IL,מעדן חלב עם שוקולד,גרמים,150.00,100 גרם,false,1,5.50,3.67,true,1,
7290110557133,false,מעדן הגולן וניל 125 ג' שטראוס,מיוצר עי קונדיטוריית,IL,מעדן הגולן וניל 125,גרמים,125.00,100 גרם,false,1,3.30,2.64,true,1,
7290110557478,false,חומוס גלילי במרקם מעודן 600 גרם,"שטראוס גרופ בע""\מ",IL,חומוס גלילי אחלה 600,גרמים,600.00,100 גרם,false,1,12.90,2.15,true,1,
7290110558215,false,"דנונה קראנצ`פיסטוק עם פיצפוץ לבן קראנצי פיסטוק, 173 גרם","שטראוס בריאות בע""\מ",IL,דנונה בר קראנץ פיסטו,גרמים,180.00,100 גרם,false,1,4.60,2.56,true,1,
7290110558222,false,"וואו יוגורט עם שכבה בטעם בנופי פאי 5.4%, 150ג דנונה","שטראוס בריאות בע""\מ",IL,דנונה WOW בנופי שומן,גרמים,150.00,100 גרם,false,1,4.60,3.07,true,1,
7290110558284,false,דנונה ביו מולטי שטראוס 200 גרם,"שטראוס בריאות בע""\מ",IL,דנונה ביו מולטי 200,גרמים,200.00,100 גרם,false,1,4.50,2.25,true,1,
7290110558314,false,דנונה פרו 20 גרם חלבון ללא סוכר פיסטוק 200 גרם,"שטראוס בריאות בע""\מ",IL,דנונה פרו פיסטוק 20,גרמים,200.00,100 גרם,false,1,4.20,2.10,true,1,
7290110558666,false,מעדן גבינה בטעם תפוח 88 ג' דניאלה,"שטראוס בריאות בע""\מ",IL,דניאלה בטעם תפוח 88,גרמים,88.00,100 גרם,false,1,4.10,4.66,true,1,
7290110560324,false,"הפריכיות הטעימות תפו""א, אורז, אפונה ומלח ים","פרח תעשיו מזון בע""מ",IL,פריכיות משולשות אנרג,גרמים,30.00,100 גרם,false,1,4.90,16.33,true,1,
7290110561352,false,דנונה יוגורט ביו פרוביוטי 3% דל לקטוז 150ג',"שטראוס בריאות בע""\מ",IL,דנונה דל לקטוז,גרמים,200.00,100 גרם,false,1,3.50,1.75,true,1,
7290110563462,false,חלב 2% דל לקטוז בבקבוק יטבתה 1 ליטר.,מחלבת יטבתה,IL,חלב נטול לקטוז 2% בב,ליטרים,0.00,ליטר,false,1,8.20,8.20,true,1,
7290110564339,false,חומוס אחלה הסידרה המובחר 30% טחינה 400 גר',מיוצר עי קונדיטוריית,IL,חומוס עשיר ב-30% טחי,גרמים,400.00,100 גרם,false,1,13.90,3.48,true,1,
7290110564360,false,חומוס אחלה הסידרה המובחר 40% טחינה 400 גר',מיוצר עי קונדיטוריית,IL,חומוס עשיר ב-40% טחי,גרמים,400.00,100 גרם,false,1,13.90,3.48,true,1,
7290110565435,false,"לימבו ג'לי פטל 125 גרם חלבי ""שטראוס""","שטראוס גרופ בע""\מ",IL,לימבו פטל 125 גרם,גרמים,125.00,100 גרם,false,1,2.20,1.76,true,1,
7290110566975,false,דנונה פרו יוגורט 0% תות עשיר בחלבון 200ג',"שטראוס בריאות בע""\מ",IL,דנונה פרו תות 20 גרם,גרמים,200.00,100 גרם,false,1,4.20,2.10,true,1,
7290110571382,false,מעדן חלב בטעם וניל מעושר בחלבון 150 ג' שטראוס,"שטראוס בריאות בע""\מ",IL,מעדן חלב בטעם וניל מ,גרמים,150.00,100 גרם,false,1,5.50,3.67,true,1,
7290110576851,false,"שמיניית משקה גמדים סלט פירות 108 מ""ל","שטראוס בריאות בע""\מ",IL,מארז 8 גמדים שתיה סל,גרמים,864.00,100 גרם,false,1,21.50,2.49,true,1,
7290110576868,false,רבעיית גמדים סלט פירוט * 100 ג' שטראוס,"שטראוס בריאות בע""\מ",IL,גמדים רביעיית סלט פי,גרמים,200.00,100 גרם,false,1,11.70,5.85,true,1,
7290111093005,false,"I-CARE מג'להסרת איפור, 25 יח בפלופק",די.פי.אל תעשיות מוצר,IL,מגבונים להסרת איפור,Unknown,0.00,Unknown,false,1,8.90,8.90,true,1,
7290111094651,false,שקיות אשפה L עם ידית קוויק 40 יח',,TR,L קוויק שקיות אשפה ע,יחידה,1.00,יחידה,false,1,13.90,13.90,true,1,
7290111098703,false,מארז מסכות פנים 50 יח,,CN,מארז מסכות פנים 50 י,יחידה,1.00,יחידה,false,1,9.90,9.90,true,1,
7290111340178,false,מטליות לחות ניקול לניקוי כללי בניחוח מרכך כביסה 50 יח',חוגלה קימברלי,IL,מטל.לחות לניקוי כללי,Unknown,0.00,Unknown,false,1,10.90,10.90,true,1,
7290111340185,false,מטליות לחות רצפה ניחוח מרכך כביסה ניקול 10 יחידות,חוגלה קימברלי,IL,מטליות לחות לנ.רצפה,Unknown,0.00,Unknown,false,1,10.90,10.90,true,1,
7290111341366,false,ניקול מפיות אירוח חד שכבתי 150 יחידות,"משווק ע""י קימברלי קלארק",SK,מפיות ניקול חד שכבתי,Unknown,0.00,Unknown,false,1,7.90,7.90,true,1,
7290111341984,false,לילי - מגבוני נייר טואלט לח פיור רביעייה,קימברלי,IL,נייר טואלט לילי לח מ,Unknown,0.00,Unknown,false,1,20.00,20.00,true,1,
7290111342004,false,נייר טואלט לילי לח קידס 56 דפים,חוגלה קימברלי,IL,נייר טואלט לח לילי ק,Unknown,0.00,Unknown,false,1,7.50,7.50,true,1,
7290111342523,false,מפיות אירוח לשימוש יומיומי ניקול 100 יח,חוגלה קימברלי,IL,מפיות ניקול חד שכבתי,יחידה,1.00,יחידה,false,1,8.90,8.90,true,1,
7290111344145,false,ניקול זוג מטליות מיקרופייבר אנטיבקטריאליות לרצפה,ניקול,CN,מטליות ניקול מיקרופי,יחידה,1.00,יחידה,false,1,21.90,21.90,true,1,
7290111344206,false,-מגבונים לחים לעור רגיש ללא בישום האגיס 4*64 יחידות,חוגלה קימברלי,IL,מגבוני האגיס רביעייה,Unknown,0.00,Unknown,false,1,19.90,19.90,true,1,
7290111344503,false,חיתולי האגיס אקסטרה קייר מידה +4 36 יח',חוגלה קימברלי,IL,האגיס אקסטרה קייר מי,Unknown,0.00,Unknown,false,1,49.90,49.90,true,1,
7290111344527,false,ניקול שקיות אשפה XXL לפחים ענקיים 20 יחי,קימברלי קלארק,IL,זוג שקיות אשפה ניקול,Unknown,0.00,Unknown,false,1,24.90,24.90,true,1,
7290111344572,false,ניקול שקיות אשפה עם ידיות 25 יח',ניקול,TR,25 ניקול שקיות אשפה,Unknown,0.00,Unknown,false,1,26.50,26.50,true,1,
7290111345890,false,מולט נייר טואלט גלי ענק 24=57,קימברלי-קלארק,IL,מולט נייר טואלט גלי,יחידה,1.00,יחידה,false,1,49.90,49.90,true,1,
7290111352430,false,ממרח תמרים טבעי קליית גת 440 גרם,"כד בני דרום בע""מ",IL,ממרח תמרים טבעי קליי,גרמים,440.00,100 גרם,false,1,14.90,3.39,true,1,
7290111354243,false,"טורטיה מקמח חיטה 30 ס""מ צ'וקטה 540 גרם",צ'וקטה,TR,טורטייה מרקדו קמח חי,גרמים,540.00,100 גרם,false,1,13.90,2.57,true,1,
7290111564277,false,פריכיות דקות ונימוחות 3 דגנים פיטנס Fitness,פרח תעשיות בעמ,IL,פריכיות פיטנס שלושה,גרמים,120.00,100 גרם,false,1,10.50,8.75,true,1,
7290111564291,false,פריכיות דקות ונימוחות 3 דגנים וקינואה פיטנס Fitness,פרח תעשיות בעמ,IL,פריכיות פיטנס דקות ע,גרמים,120.00,100 גרם,false,1,10.50,8.75,true,1,
7290111564727,false,עוגיות אסם קרמוגית וקרם אגוזים אסם 200ג',מיוצר עי קונדיטוריית,IL,אסם קרמוגית במילוי ק,גרמים,200.00,100 גרם,false,1,11.40,5.70,true,1,
7290111564956,false,"ביסלי במבה מיקס 200 גרם ""אסם""",פרו מן יו פתרונות אריזה,IL,ביסלי במבה מיקס 200,גרמים,200.00,100 גרם,false,1,10.10,5.05,true,1,
7290111566226,false,שניצל ברוקולי טבעול 667 גרם,עיצובים 2020 (4.8),IL,שניצל ברוקולי טבעול,גרמים,667.00,100 גרם,false,1,31.50,4.72,true,1,
7290111566318,false,שניצל דק מן הצומח בטעם ביתי 700 גרם,עיצובים 2020 (4.8),IL,שניצל דק טבעול 564 ג,גרמים,564.00,100 גרם,false,1,31.90,5.66,true,1,
7290111566332,false,"נקניקיות וינר מן הצומח 680 גרם ""טבעול""",עיצובים 2020 (4.8),IL,נקניקיות וינר צמחוני,גרמים,680.00,100 גרם,false,1,31.50,4.63,true,1,
7290111566417,false,טבעול טחון מן הצומח משופר 400 גרם,עיצובים 2020 (4.8),IL,טחון צמחוני טבעול 50,גרמים,500.00,100 גרם,false,1,31.50,6.30,true,1,
7290111566547,false,טבעול חזה בגריל צמחוני 99 קלוריות 560ג',עיצובים 2020 (4.8),IL,חזה בגריל צמחוני טבע,גרמים,560.00,100 גרם,false,1,31.90,5.70,true,1,
7290111566561,false,"שניצל ברוקולי 99 קלוריות 560 גר' ""טבעול""",עיצובים 2020 (4.8),IL,שניצל ברוקולי 99 קלו,גרמים,560.00,100 גרם,false,1,31.50,5.63,true,1,
7290111566691,false,"שניצל תרד 99 קלוריות 560 גרם ""טבעול""",עיצובים 2020 (4.8),IL,שניצל תרד 99 קלוריות,גרמים,560.00,100 גרם,false,1,31.50,5.63,true,1,
7290111566752,false,טבעול שניצל תירס 99 קלוריות 693 גרם,עיצובים 2020 (4.8),IL,שניצל תירס 99 קלוריו,גרמים,693.00,100 גרם,false,1,31.90,4.60,true,1,
7290111568466,false,רוטב אסייתי למוקפץ הסדרה האסייתית,אסיף תעשיות מזון בעמ,IL,רוטב אסייתי למוקפץ א,מיליליטרים,290.00,"100 מ""ל",false,1,14.60,5.03,true,1,
7290111930911,false,חטיף פוף לבבות קלאסי 40 גרם,פוף POOF,IL,חטיף פוף לבבות קלאסי,גרמים,40.00,100 גרם,false,1,4.60,11.50,true,1,
7290111930928,false,חטיף פוף לבבות גריל 40 גרם,פוף POOF,IL,חטיף פוף לבבות גריל,גרמים,40.00,100 גרם,false,1,4.60,11.50,true,1,
7290111930935,false,חטיף פוף טבעות קלאסי 40 גרם,פוף POOF,IL,חטיף פוף טבעות קלאסי,גרמים,40.00,100 גרם,false,1,4.60,11.50,true,1,
7290111933554,false,שלישייה עגבניות קוביות מאסטר שף 400 גרם,קונסוריזיו קאסאלסקו,IT,מנה עגבניות קוביות ש,קילוגרמים,0.00,"ק""ג",false,1,17.70,17.70,true,1,
7290112000293,false,"סיליט באנג ג'ל לחיטוי וניקוי האסלה פרש, 750 מ""ל",סיליט באנג Cillit Bang,PL,גל לניקוי אסלות סילי,מיליליטרים,750.00,"100 מ""ל",false,1,10.90,1.45,true,1,
7290112000736,false,פיניש טבליות aio 80 יח אריזת חסכון,רקיט בנקיזר,PL,פיניש הכל באחד,Unknown,0.00,Unknown,false,1,59.90,59.90,true,1,
7290112002105,false,קולון גל כביסה מרוכז 2.5 ליטר ניחוח לילך,רקיט בנקיזר,IL,גל כביסה קולון מרוכז,ליטרים,0.00,ליטר,false,1,27.50,27.50,true,1,
7290112002150,false,ג'ל כביסה מרוכז קולון 101 בניחוח ורדים,רקיט בנקיזר,IL,גל כביסה קולון מרוכז,ליטרים,0.00,ליטר,false,1,37.90,37.90,true,1,
7290112003966,false,"אבקה להסרת כתמים לכביסה לבנה ""וניש גולד""",רקיט בנקיזר,IT,וניש מסיר כתמים לכבי,גרמים,470.00,100 גרם,false,1,18.80,4.00,true,1,
7290112005168,false,פיניש אולטימייט קוואנטום לימון 60 טבליות למדיח,רקיט בנקיזר,PL,טבליות למדיח פיניש ק,Unknown,0.00,Unknown,false,1,64.90,64.90,true,1,
7290112192158,false,"ניוקי תפו""א 500 גרם ללא גלוטן",,IT,"ניוקי תפו""א לל""ג 500",גרמים,500.00,100 גרם,false,1,10.90,2.18,true,1,
7290112330352,false,"יוגורט PRO בטעם וניל 0% , 20 גרם חלבון בגביע","שטראוס בריאות בע""\מ",IL,דנונה פרו וניל 20 גר,גרמים,200.00,100 גרם,false,1,4.20,2.10,true,1,
7290112330390,false,דנונה פרו פירות יער 20 גרם חלבון 0% שומן 200 גרם,"שטראוס בריאות בע""\מ",IL,דנונה פרו פירות יער,גרמים,200.00,100 גרם,false,1,4.20,2.10,true,1,
7290112330420,false,דנונה פרו לבן 2.9% שומן 150 גרם,מיוצר עי קונדיטוריית,IL,דנונה פרו 2.9% לבן 1,גרמים,150.00,100 גרם,false,1,4.60,3.07,true,1,
7290112332585,false,פריכיות משולש תפוא אורז בתיבול סלק ומלח ים אנרג'י 30 גרם,"פרח תעשיו מזון בע""מ",IL,"פריכיות תפו""א, אורז,",גרמים,30.00,100 גרם,false,1,4.90,16.33,true,1,
7290112332691,false,פינוקיות עוגיות קרם פסק זמן אגוזים 200 גרם,"הגביע מוצרי וופלים בע""\מ",IL,עוגיית קרם פסק זמן א,גרמים,200.00,100 גרם,false,1,12.50,6.25,true,1,
7290112334305,false,סלט כרובית בטחינה אחלה 330 ג',"שטראוס גרופ בע""\מ",IL,סלט כרובי בטחינה אחל,גרמים,330.00,100 גרם,false,1,18.30,5.55,true,1,
7290112335487,false,הפריכיות הטעימות קצח ודגנים אנרג'י 135 גרם,אנרג'י Energy - שטראוס,IL,פריכיות הטעימות קצח,גרמים,135.00,100 גרם,false,1,10.00,7.41,true,1,
7290112335494,false,הפריכיות הטעימות תפוחי אדמה בטעם פוטטוס,"פרח תעשיות מזון בע""\מ",IL,פריכיות הטעימות פוטט,גרמים,135.00,100 גרם,false,1,10.00,7.41,true,1,
7290112335500,false,"פרכיות אנרג'י חומוס,אורז,עדשים שחורות וקינואה 135 גרם","פרח תעשיות מזון בע""\מ",IL,פריכיות הטעימות חלבו,גרמים,135.00,100 גרם,false,1,10.00,7.41,true,1,
7290112336712,false,יוגורט PRO לבן 0% 21 גרם חלבון בגביע,"שטראוס בריאות בע""מ",IL,דנונה פרו 21 גרם חלב,גרמים,200.00,100 גרם,false,1,4.20,2.10,true,1,
7290112339171,false,מילקי מוס עם שוקולד וקצפת,מיוצר עי קונדיטוריית,IL,מילקי מוס 133 גרם,גרמים,133.00,100 גרם,false,1,3.50,2.63,true,1,
7290112339867,false,גמדים לדרך גבינה לבנה עם מחית תות,"שטראוס בריאות בע""\מ",IL,גמדים סקוויז תות 100,גרמים,100.00,100 גרם,false,1,5.90,5.90,true,1,
7290112339874,false,גמדים לדרך גבינה לבנה עם מחיות תות ובננה,"שטראוס בריאות בע""\מ",IL,גמדים סקוויז תות,גרמים,100.00,100 גרם,false,1,5.90,5.90,true,1,
7290112341556,false,יוגורט אקטיביה עם צ'יה ותות 150 גרם,"שטראוס בריאות בע""\מ",IL,יוגורט אקטיביה ציה ו,גרמים,150.00,100 גרם,false,1,4.60,3.07,true,1,
7290112341679,false,דנונה אקטיביה 3% שומן 200 גרם,מיוצר עי קונדיטוריית,IL,יוגורט אקטיביה 3% 2,גרמים,200.00,100 גרם,false,1,3.90,1.95,true,1,
7290112342102,false,סימפוניה גבינה במרקם שמנת בצל מקורמל 5%,"שטראוס בריאות בע""\מ",IL,סימפוניה בצל מקורמל,גרמים,200.00,100 גרם,false,1,11.00,5.50,true,1,
7290112343420,false,"משקה חלב עם דגנים מלאים ובננה פרו יטבתה 350מ""ל",מחלבת יטבתה,IL,משקה חלב עם דגנים וב,מיליליטרים,350.00,"100 מ""ל",false,1,7.50,2.14,true,1,
7290112343499,false,חטיף צ'יטוס פאפס אפוי בטעם גבינה,"שטראוס פריטו ליי בע""\מ )",IL,ציטוס 55 גרם 48 יחיד,גרמים,55.00,100 גרם,false,1,3.50,6.36,true,1,
7290112344724,false,מעדן בטעם שוקולד בלונדי 170 ג' מילקי,מיוצר עי קונדיטוריית,IL,מילקי מוס 133 גרם,גרמים,81.00,100 גרם,false,1,3.70,4.57,true,1,
7290112344755,false,מילקי שוקולד 26% פחות סוכר 135 גרם,מיוצר עי קונדיטוריית,IL,מילקי מופחת סוכר 133,גרמים,133.00,100 גרם,false,1,2.90,2.18,true,1,
7290112344786,false,קפה פלטינום קלאסיק עלית 200 גרם,שטראוס קפה בי.וי.,IL,קפה פלטינום קלאסיק 2,גרמים,200.00,100 גרם,false,1,19.90,9.95,true,1,
7290112346629,false,דנונה בר יוגורט+קורנפלקס מצופה שוקולד חלב ולבן 172 גרם,"שטראוס בריאות בע""\מ",IL,יוגורט עם קורנפלקס מ,גרמים,172.00,100 גרם,false,1,4.30,2.50,true,1,
7290112347008,false,גמדים לדרך גבינה לבנה עם מחית תות ושיבולת שועל,מיוצר עי קונדיטוריית,IL,גמדים סקוויז תות בננ,גרמים,100.00,100 גרם,false,1,5.90,5.90,true,1,
7290112349606,false,מעדן גבינה ויוגורט תות בננה 88 ג' דניאלה,"שטראוס בריאות בע""\מ",IL,דניאלה תות בננה 88 ג,גרמים,88.00,100 גרם,false,1,3.90,4.43,true,1,
7290112350312,false,קפסולות 15 קפה יותר למכונות נספרסו עלית 10יח',הנסיך- מפעל לייצור ט,IL,קפסולות 15 למכונות נ,גרמים,50.00,100 גרם,false,1,16.50,33.00,true,1,
7290112351104,false,שוקולד פרה ממולא פיצפוצי אורז 100 ג' עלית,"שטראוס גרופ בע""\מ",IL,שוקולד פרה חלב פיצפו,גרמים,100.00,100 גרם,false,1,5.50,5.50,true,1,
7290112351463,false,שלישיית סוכריות מאסט FRESH פטל לימון 45 ג' עלית,"הליקון גידה בע""\מ",TR,שלישיית סוכריות פטל,גרמים,45.00,100 גרם,false,1,9.50,21.11,true,1,
7290112354945,false,תפוצ'יפס WAVY בטעם טבעי 50 גרם,שטראוס פריטו ליי בע”,IL,תפוציפס טבעי 50 גר W,גרמים,50.00,100 גרם,false,1,3.90,7.80,true,1,
7290112354952,false,"תפוציפס WAVY בטעם פפריקה , 50 גרם",שטראוס פריטו ליי בע”,IL,תפוציפס פפריקה 50 גר,גרמים,50.00,100 גרם,false,1,3.90,7.80,true,1,
7290112355027,false,דנונה פרו 20 גרם חלבון בטעם קרמל מלוח 200 גרם,"שטראוס בריאות בע""\מ",IL,דנונה פרו 20 גרם חלב,גרמים,200.00,100 גרם,false,1,4.20,2.10,true,1,
7290112355102,false,גמדים סקוויז 100 גרם פאוץ סלט פירות 100 גרם,"שטראוס בריאות בע""\מ",IL,גמדים פאוץ סלט פירות,גרמים,100.00,100 גרם,false,1,5.90,5.90,true,1,
7290112355812,false,מעדן מילקי עם טופ קורנפלקס מצופה שוקולד,"שטראוס גרופ בע""\מ",IL,מילקי טופ קורנפלקס 1,גרמים,141.00,100 גרם,false,1,4.90,3.48,true,1,
7290112355867,false,מילקי קצפת טופ פיצפוצים 86 גרם,"שטראוס גרופ בע""\מ",IL,מילקי קצפת טופ פיצפו,גרמים,86.00,100 גרם,false,1,4.40,5.12,true,1,
7290112357076,false,קוביות עגבניות איטלקיות 390 גר' בקופסה טעם הטבע,שטראוס טעם הטבע,IT,קוביות עגבניות איטלק,גרמים,390.00,100 גרם,false,1,6.90,1.77,true,1,
7290112358127,false,דנונה פרו חלבון+מגנזיום- וניל ועוגיות 200 גרם,מיוצר עי קונדיטוריית,IL,דנונה פרו 20 ג חלבון,גרמים,200.00,100 גרם,false,1,6.40,3.20,true,1,
7290112359353,false,קפה טורקי אלדין עלית 200 גרם.,שטראוס קפה בי.וי,IL,קפה טורקי אלדין 200,גרמים,200.00,100 גרם,false,1,20.80,10.40,true,1,
7290112490032,false,"נמס בכוס טעם תירס קנור 31 גרם מארז זוגי בד""צ",יוניליוור ישראל מזון בעמ,IL,מרק קנור נמס בכוס תי,גרמים,45.00,100 גרם,false,1,6.50,14.44,true,1,
7290112490209,false,נמס בכוס מרק עגבניות עם קרוטונים רכיבים טבעיים,יוניליוור ישראל מזון בעמ,IL,מרק נמס בכוס עגבניות,גרמים,56.00,100 גרם,false,1,6.50,11.61,true,1,
7290112490216,false,מרק נמס בכוס בטעם עוף קנור 100% רכיבים טבעיים,יוניליוור ישראל מזון בעמ,IL,מרק קנור נמס בכוס עו,גרמים,48.00,100 גרם,false,1,6.50,13.54,true,1,
7290112490230,false,מרק נמס בכוס אפונה קנור 100% רכיבים טבעיים,יוניליוור ישראל מזון בעמ,IL,מרק נמס בכוס אפונה 5,גרמים,50.00,100 גרם,false,1,6.50,13.00,true,1,
7290112490742,false,מרק עשיר פטריות עם גריסים רכיבים טבעיים 104 ג' קנור,יוניליוור ישראל מזון בע\,IL,מרק פטריות עם גריסים,גרמים,104.00,100 גרם,false,1,12.50,12.02,true,1,
7290112492449,false,פינוק שמפו שיער רגיל 700 מל-חדש,יוניליוור ישראל טיפוח אי,IL,שמפו פינוק לשיער רגי,מיליליטרים,700.00,"100 מ""ל",false,1,10.00,1.43,true,1,
7290112492531,false,פינוק מרכך שיער רגיל 700 מל-חדש,יוניליוור פארם,IL,מרכך פינוק לשיער רגי,מיליליטרים,700.00,"100 מ""ל",false,1,10.00,1.43,true,1,
7290112492999,false,קנור מרק עוף אמיתי 400 גרם פרווה,יוניליוור ישראל מזון בע\,IL,מרק טעם עוף 400 גרם,גרמים,400.00,100 גרם,false,1,9.90,2.48,true,1,
7290112493316,false,מרק היום אפונה ר.טבעיים קנור 117 גרם,יוניליוור ישראל מזון בעמ,IL,מרק היום אפונה 117 ג,גרמים,117.00,100 גרם,false,1,12.50,10.68,true,1,
7290112494221,false,קליק - ביסקויט תפזורת 65 גרם,יוניליוור ישראל מזון בע\,IL,קליק ביסקוויט 65 גרם,גרמים,65.00,100 גרם,false,1,5.70,8.77,true,1,
7290112494276,false,קליק - כריות תפזורת 65 גרם,יוניליוור ישראל מזון בע\,IL,קליק כריות 65 גר,גרמים,65.00,100 גרם,false,1,5.70,8.77,true,1,
7290112494283,false,קליק - מעורב חום לבן תפזורת 65 גרם,יוניליוור ישראל מזון בע\,IL,קליק חום לבן 65 גרם,גרמים,65.00,100 גרם,false,1,5.70,8.77,true,1,
7290112494344,false,קורנפלקס כספי אלופים תלמה850 גר',"יוניליוור שפע ישראל בע""\",IL,קורנפלקס של אלופים כ,גרמים,850.00,100 גרם,false,1,16.90,1.99,true,1,
7290112494351,false,תלמה קורנפלקס של אלופים 850 ג',"יוניליוור שפע ישראל בע""\",IL,קורנפלקס של אלופים 8,גרמים,850.00,100 גרם,false,1,16.90,1.99,true,1,
7290112494801,false,בדין-ג'ל לכביסה לבנה וצבעונית בניחוח עדין ורוד 2.5 ליטר,יוניליוור פארם,IL,גל כביסה בדין בניחוח,קילוגרמים,0.00,"ק""ג",false,1,36.50,36.50,true,1,
7290112495006,false,כריות נוגט 686 גרם - קופסא,"יוניליוור ישראל מזון בע""",IL,כריות נוגט 686 גרם -,גרמים,686.00,100 גרם,false,1,24.90,3.63,true,1,
7290112495174,false,נשנושי קרקר קוקטייל שומשום בייגל בייגל 300 גרם,בייגל את בייגל מזון 198),IL,קרקרים קוקטייל שומשו,גרמים,300.00,100 גרם,false,1,10.00,3.33,true,1,
7290112495228,false,"קורנפלקס דבש תלמה 448 ג' בד""צ","יוניליוור שפע ישראל בע""\",IL,קורנפלקס דבש 448 גרם,גרמים,448.00,100 גרם,false,1,17.90,4.00,true,1,
7290112495433,false,דגני דליפקאן תוספת אגוזי פקאן ושקדים 400 גר,"יוניליור שפע ישראל בע""\מ",IL,דליפקאן 400 גרם,גרמים,400.00,100 גרם,false,1,17.90,4.48,true,1,
7290112495686,false,קרקר שומשום בייגל בייגל 220 גרם,"מיוצר ע""\י קוד יצרן AF",IL,קרקר שומשום 220 גרם,גרמים,220.00,100 גרם,false,1,10.90,4.95,true,1,
7290112495747,false,רוטב צ''ילי מתוק כ 70% פחות סוכר 340 ג' קנור,יוניליוור ישראל מזון בע\,IL,רוטב קנור צילי מתוק,גרמים,340.00,100 גרם,false,1,10.90,3.21,true,1,
7290112495785,false,רוטב לסלט שום הלמנס 300ג,יוניליוור ישראל מזון בעמ,IL,הלמנס רוטב שום 300 ג,גרמים,300.00,100 גרם,false,1,12.50,4.17,true,1,
7290112495938,false,"קרקר 6 דגנים בייגל בייגל 250 גרם בד""צ","מיוצר ע""\י קוד יצרן AF",IL,קרקר 6 דגנים 250 גרם,גרמים,250.00,100 גרם,false,1,11.40,4.56,true,1,
7290112496270,false,"פתית צ'יפס תפו""א בתוספת עגבניות ועשבי תיבול 22 גרם",JLM גלובל פודסn37\ דרך א,GB,"פתית ציפס תפו""א עגבנ",גרמים,22.00,100 גרם,false,1,5.80,26.36,true,1,
7290112496430,false,קנור נמס בכוס אקסטרה עגבניות+אטריות 37 גרם - רבנות,יוניליוור ישראל מזון בע\,IL,נמס בכוס אקסטרה עגבנ,גרמים,37.00,100 גרם,false,1,4.20,11.35,true,1,
7290112496447,false,נמס בכוס אקסטרה טעם עוף עם המון אטריות 27ג',יוניליוור ישראל מזון בע\,IL,נמס בכוס אקסטרה טעם,גרמים,27.00,100 גרם,false,1,4.20,15.56,true,1,
7290112496461,false,נמס בכוס אקסטרה מרק ירקות עם המון אטריות,יוניליוור ישראל מזון בע\,IL,מרק נמס בכוס אקסטרה,גרמים,32.00,100 גרם,false,1,3.90,12.19,true,1,
7290112498281,false,"אל סבון לידיים בתוספת שמן קוקוס פינוק 950 מ""ל",יוניליוור ישראל טיפוח אי,TR,סבון ידיים בתוספת שמ,מיליליטרים,950.00,"100 מ""ל",false,1,12.90,1.36,true,1,
7290112960115,false,שקדי מרק אסם 30% קמח חיטה מלאה 350 גרם,אסם,IL,שקדי מרק 30% קמח חי,גרמים,350.00,100 גרם,false,1,10.00,2.86,true,1,
7290112961266,false,בייגלה כפיות פיזור איטלקי אסם 300 גרם,"אסם תעשיות בע""מ",IL,בייגלה כפיות פיזור א,גרמים,300.00,100 גרם,false,1,10.90,3.63,true,1,
7290112962287,false,טבעול שווארמה טבעונית 6*450 גרם,"טבעול תעשיות מזון בע""\מ",IL,טבעול שווארמה טבעוני,גרמים,450.00,100 גרם,false,1,31.90,7.09,true,1,
7290112962737,false,שניצל מן הצומח עם חלבון טבעול 664 גרם,"טבעול תעשיות מזון בע""\מ\",IL,שניצל מן הצומח עם חל,גרמים,664.00,100 גרם,false,1,36.50,5.50,true,1,
7290112963321,false,גריסיני בייגלה שטוח ללא גלוטן אסם 300גרם,מיוצר עי קונדיטוריית,IL,גרטיפי בייגלה שטוח ה,גרמים,300.00,100 גרם,false,1,19.80,6.60,true,1,
7290112964601,false,רוטב בנוסח סצ'ואן הסדרה האסייתית,"אסם השקעות בע""\מ",IL,רוטב בנוסח סצואן אסם,מיליליטרים,290.00,"100 מ""ל",false,1,14.60,5.03,true,1,
7290112965301,false,זוג מרק נמס בטעם עוף עם שקדי מרק רגע חם,"אסם תעשיות בע""מ",IL,אסם זוג מרק נמס טעם,גרמים,52.00,100 גרם,false,1,5.90,11.35,true,1,
7290112965684,false,פיטנס - חטיף מולטיגריין עשבי תיבול 25 גרם,מיוצר עי קונדיטוריית,IL,פיטנס חטיף מולטיגריי,גרמים,25.00,100 גרם,false,1,4.90,19.60,true,1,
7290112965967,false,טבעול נאגטס ירקות כתומים 6*500גרם,"טבעול תעשיות מזון בע""\מ",IL,טבעול נאגטס ירקות כת,גרמים,500.00,100 גרם,false,1,31.50,6.30,true,1,
7290112966780,false,צבר טחינה בלאדי עם חציל קלוי 350 גרם,שוורצקוף& הנקל דיסלד,IL,טחינה בלאדי עם חציל,גרמים,350.00,100 גרם,false,1,18.80,5.37,true,1,
7290112968340,false,צבר חומוס גרוס גס גס 400 גרם,שוורצקוף& הנקל דיסלד,IL,חומוס צבר גרוס גס גס,גרמים,400.00,100 גרם,false,1,16.70,4.18,true,1,
7290112968821,false,פיטנס - קרקר דק בטטה 140 גרם,מפעל אסם יקנעם,IL,פיטנס קרקר דק בטטה 1,גרמים,140.00,100 גרם,false,1,7.90,5.64,true,1,
7290113192324,false,זיתים ירוקים שלמים בינוניים בית השיטה,בית-השיטה עסיס תעשיות מז,IL,זית ירוק A2 בית השיט,גרמים,340.00,100 גרם,false,1,9.90,2.91,true,1,
7290113192355,false,חרוזית זיתים ירוקים ללא גלעין 275 ג' בית השיטה,בית-השיטה עסיס תעשיות מז,IL,זית חרוזית ירוק A2 ב,גרמים,275.00,100 גרם,false,1,10.30,3.75,true,1,
7290113192362,false,זיתים ירוקים טבעות A2 בית השיטה 280 גרם,בית-השיטה עסיס תעשיות מז,IL,זיתים ירוקים טבעות A,גרמים,280.00,100 גרם,false,1,10.60,3.79,true,1,
7290113192478,false,בית השיטה מלפפונים במלח בינוני 10-12 320 גרם,בית-השיטה עסיס תעשיות מז,IL,מלפפונים במלח 10-12,גרמים,320.00,100 גרם,false,1,5.90,1.84,true,1,
7290113192485,false,בית השיטה מלפפונים בחומץ בינוני 10-12 290 גרם,בית-השיטה עסיס תעשיות מז,IL,מלפפונים בחומץ 10-12,גרמים,320.00,100 גרם,false,1,5.90,1.84,true,1,
7290113192539,false,בית השיטה מלפפונים במלח גדול 79 320 גרם,בית-השיטה עסיס תעשיות מז,IL,מלפפון במלח 7-9 בית,גרמים,320.00,100 גרם,false,1,6.90,2.16,true,1,
7290113192546,false,"מלפפונים בחומץ רכיבים טבעיים 7-9 ""בית השיטה""",בית-השיטה עסיס תעשיות מז,IL,מלפפון בחומץ 7-9 בי,גרמים,290.00,100 גרם,false,1,6.90,2.38,true,1,
7290113192553,false,מלפפונים במלח 13-17 פיקנטי בית השיטה 320 גרם,בית-השיטה עסיס תעשיות מז,IL,מלפפונים במלח באלדי,גרמים,320.00,100 גרם,false,1,10.50,3.28,true,1,
7290113192881,false,"טורטיה חיטה מופחת קלוריות, קוטר 20 ס""מ - 6 יח'",דין שיווק,TR,טורטיה חיטה מופחתת ק,גרמים,270.00,100 גרם,false,1,10.00,3.70,true,1,
7290113193031,false,חרוזית קלמטה - זיתים שחורים ללא גלעין קלמטה,"בית השיטה תעשיות בע""\מ",IL,חרוזית קלמטה 275 גרם,גרמים,275.00,100 גרם,false,1,10.00,3.64,true,1,
7290113195967,false,קוואקר שיבולת שועל פחית שקדיה 500 גרם,דין שיווק,IL,שיבולת שועל פחית 500,גרמים,500.00,100 גרם,false,1,9.90,1.98,true,1,
7290113196414,false,"אורז בסמטי 1 ק""ג - שקדיה כחול מטאלי",דאבה סינג שאם סינג,IN,אורז בסמטי שקדיה 1 ק,גרמים,1000.00,100 גרם,false,1,12.50,1.25,true,1,
7290113196896,false,"תרסיס שמן זית שקדיה 170 מ""ל",שקדיה,TR,"תרסיס שמן זית 170 מ""",מיליליטרים,170.00,"100 מ""ל",false,1,12.50,7.35,true,1,
7290113560055,false,פרודונטקס מי פה טיפול יומי לחניכיים 500,"מאסטרפוד אוסטריה בע""מ",GB,מי פה פרודונטקס,מיליליטרים,500.00,"100 מ""ל",false,1,29.90,5.98,true,1,
7290114151672,false,"סבון ידיים לעור יבש בוטני 500 מ""ל",אף.סי תבליני בגליל ב,IL,סבון ידיים לעור יבש,מיליליטרים,500.00,"100 מ""ל",false,1,22.90,4.58,true,1,
7290114310215,false,"שמנת מתוקה 38% רמת הגולן 250 מ""ל ווסטהיים - מוצר בפיקוח",מילקו תעשיות בעמ,IL,שמנת מתוקה 38% 250 מ,גרמים,250.00,100 גרם,false,1,6.18,2.47,true,1,
7290114310239,false,חלב נטול לקטוז מועשר בוויטמין D י 2% 1.5 ל' טרה,מילקו תעשיות בעמ,IL,חלב נטול לקטוז מועשר,מיליליטרים,1500.00,"100 מ""ל",false,1,12.50,0.83,true,1,
7290114310611,false,"משקה חלב בננה בבקבוק פקק ספורט טרה 250 מ""ל",מילקו תעשיות בעמ,IL,משקה חלב בננה טרה 25,מיליליטרים,250.00,"100 מ""ל",false,1,5.90,2.36,true,1,
7290114310628,false,משקה חלב וניל ועוגיות בקבוק 1 ליטר,מילקו תעשיות בעמ,IL,משקה חלב וניל עוגיות,מיליליטרים,1000.00,"100 מ""ל",false,1,12.50,1.25,true,1,
7290114311021,false,"משקה חלב וניל עוגיות פקק ספורט טרה 250 מ""ל",Unknown,IL,משקה חלב וניל עוגיות,מיליליטרים,250.00,"100 מ""ל",false,1,5.90,2.36,true,1,
7290114311069,false,יוגורט לבן מועשר בחלבון 0% שומן 200 גרם muller active,מולר Muller,IL,מולר אקטיב 25 ג חלבו,גרמים,150.00,100 גרם,false,1,5.90,3.93,true,1,
7290114311076,false,"חמאת מולר צהובה עם שום, 200 גרם",מולר Muller,IL,מולר חמאה צהובה עם ש,גרמים,200.00,100 גרם,false,1,12.90,6.45,true,1,
7290114311298,false,יוגורט מולר פרופ בטעם תות בננה מלון 150,מולר Muller,IL,יוגורט מולר פרופ בטע,גרמים,150.00,100 גרם,false,1,5.80,3.87,true,1,
7290114311304,false,יוגורט קציפת מנגו פסיפלורה בננה 150 ג' מולר,מולר Muller,IL,יוגורט מולר פרופ בטע,גרמים,150.00,100 גרם,false,1,5.80,3.87,true,1,
7290114311328,false,חלב מועשר דל לקטוז מעושר בויטמין Dי 2% שומן טרה 1 ליטר,ג'י.אר.אמ.גרופו אלימ,IL,חלב דל לקטוז מועשר ב,מיליליטרים,1000.00,"100 מ""ל",false,1,8.50,0.85,true,1,
7290114311441,false,מולר אקטיב יוגורט חלבון עוגיות חמאה 200 גרם,מולר Muller,IL,מולר אקטיב יוגורט בט,גרמים,200.00,100 גרם,false,1,6.20,3.10,true,1,
7290114600927,false,עלי טורטייה חיטה מלאה מאסטר שף 320 גרם,אלקאטי קורביישיסי גי,ES,מנה עלי טורטיה חיט מ,גרמים,320.00,100 גרם,false,1,9.90,3.09,true,1,
7290114600941,false,מאסטר שף מיונז הולנדי לחיץ 435 גרם,קפה לנדוור,NL,מיונז לחיץ מאסטר שף,גרמים,435.00,100 גרם,false,1,13.50,3.10,true,1,
7290114604895,false,מאסטר שף ממרח לחיץ ספייסי לחיץ 446 גרם,מאסטר שף,NL,ממרח ספייסי לחיץ מאס,גרמים,446.00,100 גרם,false,1,13.50,3.03,true,1,
7290114606547,false,מיונז פטריות כמהין לחיץ מאסטר שף 242 גרם,מאסטר שף,NL,מיונז פטריות כמהין ל,גרמים,242.00,100 גרם,false,1,13.50,5.58,true,1,
7290114606578,false,שקדי מרק מאסטר שף 400 גרם,שסטוביץ,IL,שקדי מרק מאסטר שף 40,גרמים,400.00,100 גרם,false,1,9.90,2.48,true,1,
7290114659949,false,מסיכה לפנים חד פעמי - 50 יחידות בחבילה,נ'יאנג יונג,CN,מסכה לפנים חד פעמי 5,יחידה,1.00,יחידה,false,1,9.90,9.90,true,1,
7290115071511,false,מטבעות שוקולד ברשת טרולים 31 גר,,NL,מטבעות שוקולד ברשת ט,גרמים,31.00,100 גרם,false,1,4.90,15.81,true,1,
7290115190007,false,מרלבורו אדום בוקס פא,פיליפ מוריס,TR,מרלבורו רד PP קרטוש,Unknown,0.00,Unknown,false,1,355.00,355.00,true,1,
7290115190083,false,מרלבורו גולד קצר פאקט,פיליפ מוריס,IL,מרלבורו גולד PP קרטו,Unknown,0.00,Unknown,false,1,355.00,355.00,true,1,
7290115190168,false,פרלמנט סופר סלימס PP קרטוש,פיליפ מוריס,TR,פרלמנט סופר סלימס PP,Unknown,0.00,Unknown,false,1,405.00,405.00,true,1,
7290115190342,false,אל אם כחול קצר לייבל,פיליפ מוריס,TR,ל.מ בלו PP קרטוש,Unknown,0.00,Unknown,false,1,315.00,315.00,true,1,
7290115190489,false,סיגריות נקסט פיין 10,פיליפ מוריס,TR,נקסט פיין 100 PP קרט,Unknown,0.00,Unknown,false,1,279.90,279.90,true,1,
7290115200027,false,אסם פתי בר פינוקים שוקו 220 גרם,קריות זול,PL,אסם פתי בר פינוקי שו,גרמים,220.00,100 גרם,false,1,10.90,4.95,true,1,
7290115201475,false,טבעול גורמה לביבות כרישה 434 גרם,טבעול )מקבוצת אסם השקעות,IL,טבעול גורמה לביבות כ,גרמים,434.00,100 גרם,false,1,34.90,8.04,true,1,
7290115201680,false,ביסלי בטעם ברביקיו אסם 70 גרם,"אסם השקעות בע""\מ",IL,ביסלי ברביקיו 70 גרם,גרמים,70.00,100 גרם,false,1,4.20,6.00,true,1,
7290115201703,false,ביסלי ברביקיו גדול אסם 200 גרם,מיוצר עי קונדיטוריית,IL,ביסלי ברביקיו 200 גר,גרמים,200.00,100 גרם,false,1,7.50,3.75,true,1,
7290115201727,false,ביסלי חטיף בטעם בצל אסם 200 גרם,מיוצר עי קונדיטוריית,IL,ביסלי בצל 200 גרם,גרמים,200.00,100 גרם,false,1,7.50,3.75,true,1,
7290115201741,false,ביסלי בטעם בצל אסם 70 גרם,"אסם השקעות בע""\מ",IL,ביסלי בטעם בצל 70 גר,גרמים,70.00,100 גרם,false,1,4.20,6.00,true,1,
7290115202786,false,מנה חמה פאוץ נודלס אטריות טעם בקר 70 גרם,תאי פרזידנט,TH,מנה חמה פאוצ נדלס.אט,גרמים,70.00,100 גרם,false,1,5.20,7.43,true,1,
7290115202847,false,מנה חמה פאוץ נודלס אטריות טעם עוף 70 גרם,תאי פרזידנט,TH,מנה חמה פאוצ נודלס ס,גרמים,70.00,100 גרם,false,1,5.20,7.43,true,1,
7290115202939,false,מנה חמה רייס נודלס עוף פטריות אסם 50 גרם,מיוצר עי קונדיטוריית,TH,מנה חמה רייס נודלס ע,גרמים,50.00,100 גרם,false,1,9.40,18.80,true,1,
7290115203134,false,פופקו פופקורן במבה - פופקורן בציפוי קרמל ובוטנים,"אסם השקעות בע""\מ",IL,פופקו פופקורן במבה 8,גרמים,80.00,100 גרם,false,1,5.20,6.50,true,1,
7290115203172,false,במבה PRO מכיל 18 גרם חלבון בשקית,"אסם השקעות בע""\מ",IL,במבה פרו 80 גרם,גרמים,80.00,100 גרם,false,1,4.30,5.38,true,1,
7290115203486,false,פירורית בטעם ביסלי גריל אסם 200 גרם,עינת תעשיות מזון אגו,IL,אסם פירורית בטעם ביס,גרמים,200.00,100 גרם,false,1,6.40,3.20,true,1,
7290115203806,false,"רוטב בסיס לבישול אסם 290 מ""ל","אסם השקעות בע""\מ",IL,"אסם רוטב בסיס 290 מ""",מיליליטרים,290.00,"100 מ""ל",false,1,14.60,5.03,true,1,
7290115204056,false,"קטשופ מופחת סוכר אסם 690 גרם כשל""פ","אסם תעשיות בע""מ",IL,קטשופ אסם מופחת סוכר,גרמים,690.00,100 גרם,false,1,10.00,1.45,true,1,
7290115205022,false,אוסם - שקדי מרק מקלונים 350 גרם,"אסם תעשיות בע""מ",IL,אסם שקדי מרק מקלונים,גרמים,350.00,100 גרם,false,1,10.00,2.86,true,1,
7290115205176,false,פיטנס - קרקר דק כפרי פיטנס 140 גרם,נסטלה Nestle,IL,פיטנס קרקר כפרי 140,גרמים,140.00,100 גרם,false,1,7.90,5.64,true,1,
7290115207965,false,סירופ מנגו אפרסק ויטמינצ'יק 1 ליטר,בית-השיטה עסיס תעשיות מז,IL,סירופ ויטמינציק מנגו,מיליליטרים,1000.00,"100 מ""ל",false,1,21.90,2.19,true,1,
7290115208047,false,סירופ פטל ויטמינצ'יק 1 ליטר,בית-השיטה עסיס תעשיות מז,IL,סירופ ויטמינציק פטל,מיליליטרים,1000.00,"100 מ""ל",false,1,21.90,2.19,true,1,
7290115208061,false,סירופ תפוח ויטמינצ'יק 1 ליטר,בית השיטה עסיס תעשיות מז,IL,סירופ ויטמינציק תפוח,מיליליטרים,1000.00,"100 מ""ל",false,1,21.90,2.19,true,1,
7290115208320,false,אפרופו חטיף בטעם ביסלי בצל 50 גרם,"אסם השקעות בע""\מ",IL,אפרופו בטעם ביסלי בצ,גרמים,50.00,100 גרם,false,1,5.00,10.00,true,1,
7290115250503,false,קרקר כוסמין שום ועשבי תיבול שקית 225 גרם,"מאפיית פת במלח בע""מ",IL,קרקר כוסמין שום ועשב,גרמים,225.00,100 גרם,false,1,26.50,11.78,true,1,
7290115405774,false,פחזניות ממולאות בטעם וניל קפולסקי 180 גרם,תופינים מקבוצת קפולס,IL,פחזניות ממולאות בטעם,גרמים,180.00,100 גרם,false,1,15.90,8.83,true,1,
7290115676051,false,"משקה אקטיביה שיבולת שועל במתיקות מעודנת 250 מ""ל",מיוצר עי קונדיטוריית,IL,משקה אקטיביה ש. שועל,גרמים,265.00,100 גרם,false,1,6.00,2.26,true,1,
7290115676082,false,משקה דנונה פרו 20 יוגורט תות 255 ג' רבנות,"שטראוס בריאות בע""\מ.",IL,משקה דנונה פרו 20 תו,מיליליטרים,265.00,"100 מ""ל",false,1,7.90,2.98,true,1,
7290115678222,false,מארז 8 גביעים יוגורט Greek בסגנון יווני 6.5% שומן,"שטראוס בריאות בע""\מ",IL,מארז שמיניית דנונה י,גרמים,1000.00,100 גרם,false,1,25.90,2.59,true,1,
7290115678376,false,מעדן הגולן שוקולד 125 גרם,מיוצר עי קונדיטוריית,IL,מעדן הגולן שוקולד,גרמים,125.00,100 גרם,false,1,3.30,2.64,true,1,
7290116530000,false,"דאב - תרחיץ פנים מרענן בניחוח מלפפון ותה ירוק 180 מ""ל","יוניליוור פולין, רחוב קר",IL,תרחיץ פנים דאב מרענן,מיליליטרים,180.00,"100 מ""ל",false,1,16.90,9.39,true,1,
7290116532585,false,דגני בוקר ברנפלקס קרנצ'ים בטעם דבש וקינמון,"יוניליוור שפע ישראל בע""\",IL,ברנפלקס קרנצים דבש ו,גרמים,375.00,100 גרם,false,1,20.90,5.57,true,1,
7290116532738,false,רוטב איטלקי לסלט בזיליקום ואורגנו 305 גרם,אתר חיפה ממרחים - Fo,IL,הלמנס רוטב איטלקי 29,גרמים,295.00,100 גרם,false,1,12.50,4.24,true,1,
7290116532882,false,נישנושים איירביס בצל 155 גרם,"דרך השוקולד ,1 צפת 13404",IL,נשנושים איירביס בצל,גרמים,155.00,100 גרם,false,1,11.90,7.68,true,1,
7290116532905,false,נשנושים איירביס טעם ברביקיו 155 גרם,"דרך השוקולד ,1 צפת 13404",IL,נשנושים איירביס ברבי,גרמים,155.00,100 גרם,false,1,11.90,7.68,true,1,
7290116930282,false,ארוחה בקטנה לאבנה עם קרקרים 150ג' תנובה,תנובה חלב,IL,ארוחה בקטנה לאבנה עם,גרמים,150.00,100 גרם,false,1,7.90,5.27,true,1,
7290116930435,false,יוגורט יופלה GO במרקם סמיך עם דובדבן 0%,תנובה מרכז שיתופי לש,IL,יוגורט גו סמיך דובדב,מיליליטרים,200.00,"100 מ""ל",false,1,5.90,2.95,true,1,
7290116930459,false,"יופלה שייק מנגו בננה אננס וקוקוס 230 מ""ל",קבוצת המזון אקטשלאר,IL,יופלה שייק מנגו בננה,מיליליטרים,230.00,"100 מ""ל",false,1,8.50,3.70,true,1,
7290116930466,false,"משקה SHAKE בננה מנגן פסיפלורה והל 230 מ""ל יופלה",קבוצת המזון אקטשלאר,IL,יופלה שייק מנגו בננה,מיליליטרים,230.00,"100 מ""ל",false,1,8.50,3.70,true,1,
7290116930480,false,"משקה SHAKE בננה קיווי תפוח 230 מ""ל יופלה",קבוצת המזון אקטשלאר,IL,יופלה שייק בננה קיוו,מיליליטרים,230.00,"100 מ""ל",false,1,8.50,3.70,true,1,
7290116930626,false,ארוחה בקטנה ציזיקי עם קרקרים 150ג' תנובה,תנובה חלב,IL,ארוחה בקטנה ציזיקי ע,גרמים,150.00,100 גרם,false,1,7.90,5.27,true,1,
7290117261415,false,euro cheese יוגורט פרוביוטי 2.7% שומן 125 גרם,Euro יורו מחלבות אירופה,TR,יוגורט פרוביוטי 2.7%,גרמים,125.00,100 גרם,false,1,3.20,2.56,true,1,
7290117261422,false,euro cheese יוגורט פרוביוטי תות שדה 2% שומן 125 גרם,Euro יורו מחלבות אירופה,TR,יוגורט פרוביוטי עם ת,גרמים,125.00,100 גרם,false,1,3.20,2.56,true,1,
7290117261446,false,יוגורט פרוביוטי עם אפרסק ומשמש 2% שומן 125 גרם,Euro יורו מחלבות אירופה,TR,יוגורט פרוביוטי עם א,גרמים,125.00,100 גרם,false,1,3.20,2.56,true,1,
7290117261545,false,סלמון אטלנטי ברוטב טריאקי 120 גרם ויליפוד,קריות זול,LV,סלמון אטלנטי ברוטב ט,גרמים,120.00,100 גרם,false,1,13.90,11.58,true,1,
7290117262221,false,"משקה יוגורט פרוביוטי עם אננס 200מ""ל 2.3%שומן יורו",Euro יורו מחלבות אירופה,TR,משקה יוגורט פרוביוטי,מיליליטרים,200.00,"100 מ""ל",false,1,6.20,3.10,true,1,
7290117262238,false,"משקה יוגורט פרוביוטי עם תות שדה 200מ""ל 2.3%שומן יורו",Euro יורו מחלבות אירופה,TR,משקה יוגורט עם תות ש,מיליליטרים,200.00,"100 מ""ל",false,1,6.20,3.10,true,1,
7290117262245,false,"משקה יוגורט פרוביוטי עם אפרסק ומשמש 200מ""ל 2.3%שומן יורו",Euro יורו מחלבות אירופה,TR,משקה יוגורט עם אפרסק,מיליליטרים,200.00,"100 מ""ל",false,1,6.20,3.10,true,1,
7290117380192,false,חטיף פוף קראנץ בטעם גריל 60 גרם,מנה,IL,חטיף פוף קראנץ בטעם,גרמים,60.00,100 גרם,false,1,4.60,7.67,true,1,
7290117380215,false,חטיף פוף קראנץ בטעם טאקו 60 גרם,מנה,IL,חטיף פוף קראנץ בטעם,גרמים,60.00,100 גרם,false,1,4.60,7.67,true,1,
7290117900949,false,בוטנים מצופים אמריקאים 250 גרם,"שקדיה גבע תעשיות בע""",IL,בוטנים מצופים אמריקא,גרמים,250.00,100 גרם,false,1,10.00,4.00,true,1,
7290118420071,false,במבה ביסלי ברביקיו מיקס 80ג' אסם,"אסם השקעות בע""\מ",IL,במבה ביסלי ברביקיו מ,גרמים,80.00,100 גרם,false,1,4.30,5.38,true,1,
7297488099906,false,פתיתים טבעוניים בסגנון פרמז'ן טבעוני 10 יח',"טרופיקל דגיל בע""מ אז",IL,פרוסות בסגנון קלאסי,גרמים,200.00,100 גרם,false,1,22.90,11.45,true,1,
7394376123337,false,"משקה שיבולת שועל אורגני מפוקח ע""י סקאל",טרנסומס פוד איי.בי,SE,משקה ש.שועל אורגני 1,מיליליטרים,1000.00,"100 מ""ל",false,1,13.90,1.39,true,1,
7501013122190,false,ג'ומקס מיץ תפוחים קרטונית ליטר תריסר,חומקס קומר קומרסאליזדורה,MX,גומקס משקה תפוחים קר,מיליליטרים,1000.00,"100 מ""ל",false,1,11.10,1.11,true,1,
7501064191466,false,"שישיית בירה קורונה 355 מ""ל בקבוק",סרבסריה מודלו,MX,שישיית בירה קורונה 3,מיליליטרים,2130.00,"100 מ""ל",false,1,29.90,1.40,true,1,
7509546678702,false,קולגייט משחת שיניים טוטל אנטי טרטר 100 מ,קולגייט-פלמוליב,PL,קולגייט טוטל אנטי טר,מיליליטרים,100.00,"100 מ""ל",false,1,19.90,19.90,true,1,
7610400075787,false,לינדט לה גרנד שוקולד חלב אגוז 150 גרם,לינדט ושפרונגלי קילשברג,CH,לינדט לה גרנד חלב אג,גרמים,150.00,100 גרם,false,1,19.90,13.27,true,1,
7610400085946,false,לינדט לגרנד דארק אלמונד סולט 150 גרם,לינדט ושפרונגלי קילשברג,CH,לינדט לגרנד דארק אלמ,גרמים,150.00,100 גרם,false,1,19.90,13.27,true,1,
7610400086202,false,שוקולד מריר לה גרנד עם אוכמניות וחמוציות,לינדט Lindt,,לינדט לה גרנד בלו אנ,גרמים,150.00,100 גרם,false,1,19.90,13.27,true,1,
7610400091060,false,שוקולד מריר לינדט אקסלנס בתוספת תפוז ושקדים,לינדט ושפרונגלי קילש,CH,לינדט שוקולד אקסלנס,גרמים,100.00,100 גרם,false,1,10.00,10.00,true,1,
7613030979647,false,דגני בוקר טריקס פירות עולם היורה 480 ג',ג'נרל מילס סאן אדריא,CL,דגנים טריקס פירות עו,גרמים,480.00,100 גרם,false,1,24.90,5.19,true,1,
7613033548192,false,פיטנס - דגני בוקר שוקולד מריר 375 גרם,נסטלה צרפת איטנקורט,FR,דגני בוקר פיטנס שוקו,גרמים,375.00,100 גרם,false,1,19.90,5.31,true,1,
7613034146656,false,מזון לכלבים קטנים בטעם בקר פורינה ONE,נסטלה פורינה איטליה,US,פורינה ONE מיני אקטי,Unknown,0.00,Unknown,false,1,59.90,59.90,true,1,
7613036280334,false,פרייה אנד ג'וס אפרסק דובדבן מארז רביעייה,נסטלה ווטרס ספלאי,FR,פרייה אנד גוס אפרסק,מיליליטרים,1000.00,"100 מ""ל",false,1,25.90,2.59,true,1,
7613037012200,false,גרבר מחית תפוח גזר ומנגו 90 גרם פאוץ,"מפעל סברס, נסטלה ספרד ס.",PL,מחית גרבר תפוח מנגו,גרמים,90.00,100 גרם,false,1,6.90,7.67,true,1,
7613038268262,false,דגני בוקר צ'יריוס דבש ושקדים במתיקות מעודנת,נסטלה פולין דגני בוק,FR,האני נאט ציריוס מופח,גרמים,410.00,100 גרם,false,1,19.90,4.85,true,1,
7613039771174,false,טבעול סנסשיונל מינס טחון צמחוני 400 גרם,ג'נרל מילס סאן אדריא,CZ,טבעול טחון צמחוני,גרמים,400.00,100 גרם,false,1,26.90,6.73,true,1,
7613287476678,false,דגני בוקר סינימיניס צ'ורוס נסטלה 360 ג',נסטלה אוונקה,PT,סינימיניס צורוס 360,גרמים,360.00,100 גרם,false,1,23.90,6.64,true,1,
7613287821348,false,נתחוני עוף טבעוני סנסשיונל טבעול 350 גרם,ג'נרל מילס סאן אדריא,CZ,טבעול נתחוני עוף סנס,גרמים,350.00,100 גרם,false,1,34.90,9.97,true,1,
7613600003796,false,פאל מאל סופרסלימס כחול עשירייה,Unknown,CH,פאל מאל סופרסלימס כח,Unknown,0.00,Unknown,false,1,295.00,295.00,true,1,
7622201050757,false,שוקולד מילקה טבלת חלב עם קרמל 100 ג',מילקה Milka,DE,שוקולד חלב עם קרמל מ,גרמים,100.00,100 גרם,false,1,6.50,6.50,true,1,
7622201401900,false,עוגיות סנסיישן אוראו מילקה 156 גרם,מונדלז פולסקה פרודקש,PL,עוגיות מילקה סנסיישן,גרמים,156.00,100 גרם,false,1,10.50,6.73,true,1,
7622201802394,false,שוקולד מילקה חלב מסרונים 100 גרם,מנדלז דויצ'\לנד סנקס פרו,DE,שוקולד מילקה חלב 100,גרמים,100.00,100 גרם,false,1,6.90,6.90,true,1,
7622201823733,false,עוגיות מילקה ת'ינס - דקות 151 גרם,מונדלייז,ES,עוגיות מילקה תינס דק,גרמים,151.00,100 גרם,false,1,10.50,6.95,true,1,
7622210078131,false,שוקולד חלב עם שבבי קרמל מילקה דיים 100 גרם,מנדלז דויצ'\לנד סנקס פרו,DE,שוקולד חלב עם דאיים,גרמים,100.00,100 גרם,false,1,6.50,6.50,true,1,
7622210137234,false,עוגיות אוראו עם דאבל קרים וניל 170 גר,מונדלייז,ES,עוגיות אוראו עם דאבל,גרמים,170.00,100 גרם,false,1,9.90,5.82,true,1,
7622210453327,false,עוגיות שוקוצ'יפס במילוי שוקולד סנסיישן,מנדלז פולסקה פרודקשן,PL,מילקה סנסיישן 156 גר,גרמים,100.00,100 גרם,false,1,10.50,10.50,true,1,
7622210640062,false,פלדלפיה שמנת למריחה עם פלפל חלפיניו ופלפל ירוק,מונדלייז,DE,פילדלפיה שמנת למריחה,גרמים,175.00,100 גרם,false,1,14.90,8.51,true,1,
7622210664150,false,"עוגיות אוראו וניל, 396 גרם",מונדלייז,CZ,עוגיות אוראו וניל 39,גרמים,396.00,100 גרם,false,1,16.90,4.27,true,1,
7622300340285,false,גבינת שמנת 22% שומן 175 ג' פילדלפיה,מונדלז דויצ'לנד פרוד,DE,גבינת פילדלפיה 22%,גרמים,175.00,100 גרם,false,1,14.90,8.51,true,1,
7622300340292,false,גבינת שמנת 11% שומן 175 ג' פילדלפיה,מונדלז דויצ'לנד פרוד,DE,גבינת פילדלפיה 11%,גרמים,175.00,100 גרם,false,1,14.90,8.51,true,1,
7622300489427,false,עוגיות אוראו בציפוי בטעם שוקולד לבן 246 גרם,מנדלז אספנה גאלטס פר,ES,אוראו פאג שוקולד לבן,גרמים,246.00,100 גרם,false,1,17.90,7.28,true,1,
7622300503079,false,עוגיות ביסקוויט מצופה שוקולד חלב מילקה 200 גרם,מונדלז פולסקה פרודקש,PL,ביסקוויט מצופה שוקול,גרמים,200.00,100 גרם,false,1,10.50,5.25,true,1,
7622300509606,false,ברני עוגת ספוג במילוי קרם שוקולד 150 גרם,מונדליז,PL,ברני עוגת ספוג במילו,גרמים,150.00,100 גרם,false,1,11.40,7.60,true,1,
7622300756383,false,"ממרח גבינה פילדלפיה עם ממרח שוקולד ""מילקה"" 175 גרם",מונדלייז,DE,גבינת פילדלפיה עם שו,גרמים,175.00,100 גרם,false,1,14.90,8.51,true,1,
7622300756413,false,גבינת פילדלפיה 20% שומן עם תבלינים 175 ג',מונדלז דויצ'לנד פרוד,DE,גבינת פילדלפיה 20%,גרמים,175.00,100 גרם,false,1,14.90,8.51,true,1,
7622400005190,false,שוקולד חלב נגיעות שוקולד לבן מילקה 100 ג,מנדלז דויצ'\לנד סנקס פרו,DE,שוקולד חלב נגיעות שו,גרמים,100.00,100 גרם,false,1,6.50,6.50,true,1,
7630477891691,false,סטארבקס קפסולות קפה קולמביה 10 יחידות,נסטלה שוויץ - קפה,CH,סטארבקס קפסולות קולו,גרמים,57.00,100 גרם,false,1,21.50,37.72,true,1,
7690010296772,false,עגבניות שרי במלח 600גר,,,עגבניות שרי במלח 600,גרמים,600.00,100 גרם,false,1,20.90,3.48,true,1,
7790010296724,false,עגבניות 600גר,,,עגבניות 600גר,גרמים,600.00,100 גרם,false,1,16.40,2.73,true,1,
8000070012783,false,קפה לוואצה קלוי וטחון חוזק 5 אורו 250 גר,לאוג'י לוואצה אס.פי.אי,IT,קפה לוואצה קלוי וטחו,גרמים,250.00,100 גרם,false,1,39.90,15.96,true,1,
8000113003402,false,"קמח תירס בוואקום 1 ק""ג",מולינו ניקולי אס.פי.,IT,"קמח תירס בואקום 1 ק""",גרמים,1000.00,100 גרם,false,1,16.70,1.67,true,1,
8000139000942,false,פסטה גרפולו לומצינה 500 גרם,,,פסטה גרפולו לומקינה,גרמים,500.00,100 גרם,false,1,13.50,2.70,true,1,
8000139910142,false,פסטה גרפולו ספגטי 500 גרם,,,פסטה גרפולו ספגטי 50,גרמים,500.00,100 גרם,false,1,13.50,2.70,true,1,
8000139910159,false,פסטה גרפולו לינגוין 500 גרם,,,פסטה גרפולו לינגוין,גרמים,500.00,100 גרם,false,1,13.50,2.70,true,1,
8000139910173,false,פסטה גרפולו אורזו 500 גרם,,,פסטה גרפולו אורזו 50,גרמים,500.00,100 גרם,false,1,13.50,2.70,true,1,
8000139910203,false,פסטה גרפולו קוצי סארדי 500 גרם,,,פסטה גרפולו קוצי סאר,גרמים,500.00,100 גרם,false,1,13.50,2.70,true,1,
8000139910227,false,פסטה גרפולו פוזילי 500 גרם,,,פסטה גרפולו פוזילי 5,גרמים,500.00,100 גרם,false,1,13.50,2.70,true,1,
8000139910234,false,פסטה גרפולו פנה ריגטה 500 גר,,,פסטה גרפולו פנה ריגט,גרמים,500.00,100 גרם,false,1,13.50,2.70,true,1,
8000139910241,false,פסטה פארפאלה גרפולו 500 גרם,PASTIFICIO LUCIO/GAR,,פסטה פארפאלה גרפולו,גרמים,500.00,100 גרם,false,1,13.50,2.70,true,1,
8000139910265,false,פסטה ראדיאטורי גרפולו 500 גר,,,פסטה ראדיאטורי גרפול,גרמים,500.00,100 גרם,false,1,13.50,2.70,true,1,
8000139910272,false,פסטה גרפולו פפרדלה נידו 500 גר,,,פסטה גרפולו פפרדלה נ,גרמים,500.00,100 גרם,false,1,14.60,2.92,true,1,
8000139910289,false,פסטה טליאטלה גרפולו 500 גר,,,פסטה גרפולו טליאטלה,גרמים,500.00,100 גרם,false,1,14.60,2.92,true,1,
8000139910371,false,פסטה גרפולו פרימוורה 500 גרם,,,פסטה גרפולו פרימוורה,גרמים,500.00,100 גרם,false,1,14.60,2.92,true,1,
8000139910753,false,פסטה קאזארסה גרפולו 500 גר,,,פסטה גרפולו קסרצה,גרמים,500.00,100 גרם,false,1,13.50,2.70,true,1,
8000139920875,false,ניוקי תפוח אדמה גרפולו 500 גרם,,,ניוקי תפוח אדמה גרפו,גרמים,500.00,100 גרם,false,1,14.60,2.92,true,1,
8000215204240,false,ויטאריז משקה שקדים ואורז אורגני 1 ליטר,בטר אנד דיפרנט,IT,משקה שקדים ואורז - א,מיליליטרים,1000.00,"100 מ""ל",false,1,13.90,1.39,true,1,
8000215204370,false,"ויטאריז לבישול תחליף שמנת צחית אורגנית 200 מ""ל",ויטריז,IT,ויטריז לבישול תחל.,מיליליטרים,200.00,"100 מ""ל",false,1,6.50,3.25,true,1,
8000215204653,false,משקה סויה אורגני 1ליטר,בטר אנד דיפרנט,IT,VITASI משקה סויה 1 ל,מיליליטרים,1000.00,"100 מ""ל",false,1,11.90,1.19,true,1,
8000320010026,false,עגבניות תמר מקולפות CIRIO 400 גר,צ'יריו,IT,עגבניות תמר מקולפות,גרמים,400.00,100 גרם,false,1,6.90,1.73,true,1,
8000380004911,false,קוביות וופל קואדרטיני Quadratini קרם אגוזים,קריניציה ויטמינה אס,AT,וופל קוארדטיני אגוז,גרמים,250.00,100 גרם,false,1,13.90,5.56,true,1,
8000380153534,false,מארז וופל שוקולד טורטינה Tortina שוקולד לבן,א. לואקר אס. פי. אי-אי.,IT,טורטינה לבן 1/6 125,גרמים,125.00,100 גרם,false,1,16.90,13.52,true,1,
8000380187300,false,עוגיות חמאה עם שוקולד חלב לואקר 120 גר,לואקר Loacker,AT,עוגיות חמאה עם שוקול,גרמים,120.00,100 גרם,false,1,14.90,12.42,true,1,
8000500026731,false,שוקולד ביצי הפתעה קינדר שלישייה,פררו אס.פי.אי,IT,שלישיית ביצי הפתעה ק,גרמים,60.00,100 גרם,false,1,14.90,24.83,true,1,
8000500028124,false,קינדר גוי ביצת הפתעה מארז שלישיה,ליימן שליסל,ZA,ביצת הפתעה קינדר גוי,גרמים,60.00,100 גרם,false,1,13.90,23.17,true,1,
8000500029350,false,מארז וופל מצופה 3יח' *43 גרם קינדר בואנו,פררו - אלבה,PL,שלישייה קינדר בואנו,גרמים,129.00,100 גרם,false,1,9.90,7.67,true,1,
8000500032237,false,בונבונרייה פררו רושר 375 גרם,פררו - אלבה,IT,בונבוניירה פררו רושר,גרמים,260.00,100 גרם,false,1,39.90,15.35,true,1,
8000500037874,false,בונבונרייה פררו רושר 200 גרם,פררו - אלבה,IT,בונבוניירה פררו רושה,גרמים,200.00,100 גרם,false,1,19.90,9.95,true,1,
8000500071083,false,אצבעות שוקולד קינדר Kinder שש עשרה יחידות,פררו - אלבה,IT,קינדר שוקולד מארז 20,גרמים,200.00,100 גרם,false,1,10.00,5.00,true,1,
8000500121436,false,מארז קינדר בואנו Kinder Bueno לבן שלוש יחידות,פררו - אלבה,PL,שלישייה קינדר בואנו,גרמים,129.00,100 גרם,false,1,9.90,7.67,true,1,
8000500167656,false,קינדר שוקולד עם דגנים סיריאל 94 ג',פררו,IT,קינדר שוקולד עם דגני,גרמים,94.00,100 גרם,false,1,8.00,8.51,true,1,
8000500227848,false,נוטלה - בי רדי אצבעות ביסקוויט במילוי שוקולד 6 יח' * 22 גרם,פררו,IT,וופל נוטלה בי רדי שי,גרמים,132.00,100 גרם,false,1,10.00,7.58,true,1,
8000500256213,false,קינדר שוקולד מיני בשקית.,פררו - אלבה,IT,קינדר שוקולד מיני 12,גרמים,120.00,100 גרם,false,1,10.00,8.33,true,1,
8000500269169,false,קינדר קארדס Kinder Cards - חמישייה,קריות זול,IT,וופל קינדר קארדס 128,גרמים,128.00,100 גרם,false,1,13.90,10.86,true,1,
8000500386941,false,"ממרח קקאו עם אגוזי לוז, 900 גרם",קדבורי,IT,ממרח נוטלה 900 גר,גרמים,900.00,100 גרם,false,1,27.90,3.10,true,1,
8000570283607,false,"מרטיני אסטי מבעבע כשר 750 מ""ל קרטונית",מרטיני Martini,IT,יין מבעבע מרטיני אסט,מיליליטרים,750.00,"100 מ""ל",false,1,64.90,8.65,true,1,
8000570812708,false,"יין מבעבע מרטיני רוזה 750 מ""ל",,,מבעבע מרטיני רוזה,Unknown,0.00,Unknown,false,1,64.90,64.90,true,1,
8001090016003,false,"טבליות למדיח פיירי 84 יחידות בד""צ",פרוקטר אנד גמבל,BE,טבליות למדיח פיירי 8,Unknown,0.00,Unknown,false,1,49.90,49.90,true,1,
8001090184412,false,"פיירי נוזל לניקוי כלים לימון שקוף, 900 מ""ל",פרוקטר אנד גמבל,GB,נוזל כלים פיירי לימו,מיליליטרים,900.00,"100 מ""ל",false,1,12.90,1.43,true,1,
8001090379399,false,פמפרס פרימיום קר חיתולים שלב 5 30 יח VP,פרוקטר אנד גמבל,PL,חיתולי פמפרס פרימיום,Unknown,0.00,Unknown,false,1,34.40,34.40,true,1,
8001090458353,false,סבון כלים פעולה אנטי-בקטריאלית אקליפטוס,פרוקטר אנד גמבל,GB,נוזל כלים אנטי בקטרי,מיליליטרים,515.00,"100 מ""ל",false,1,10.50,2.04,true,1,
8001090721129,false,אריאל קפסולות גל לכביסה 3ב1 קולור 27 יח,פרוקטר אנד גמבל,FR,קפסולות לכביסה אריאל,Unknown,0.00,Unknown,false,1,31.90,31.90,true,1,
8001090734044,false,אולוויז מגן תחתון גיגה פק לארג' אקסטרה פרוטקט 64 יח',פרוקטר אנד גמבל,DE,מגן תחתון אולוויז מג,Unknown,0.00,Unknown,false,1,19.90,19.90,true,1,
8001090740717,false,מגני תחתון אולוויז נורמל עם ניחוח רענן Fresh Scent,פרוקטר אנד גמבל )ראה קוד,UA,מגן תחתון אולוויז מג,Unknown,0.00,Unknown,false,1,19.90,19.90,true,1,
8001090802385,false,קפסולות גל לכביסה טייד בניחוח לנור 26 יח,פרוקטר אנד גמבל,FR,קפסולות גל לכביסה טי,Unknown,0.00,Unknown,false,1,34.90,34.90,true,1,
8001090832573,false,"שמפו פנטן לחות מוגברת 660 מ""ל",פרוקטר אנד גמבל,RO,שמפו פנטן לחות מוגבר,מיליליטרים,660.00,"100 מ""ל",false,1,19.90,3.02,true,1,
8001090832610,false,"שמפו פנטן למגע רך כמשי 660 מ""ל",פרוקטר אנד גמבל,RO,שמפו פנטן למגע רך כמ,מיליליטרים,660.00,"100 מ""ל",false,1,19.90,3.02,true,1,
8001090833136,false,אריאל ג'ל כביסה בייבי 2.255 ליטר,פרוקטור אנד גמבל,FR,גל כביסה אריאל בייבי,ליטרים,0.00,ליטר,false,1,30.90,30.90,true,1,
8001090833167,false,גל כביסה אריאל בניחוח הרים 2.365 ליטר,פרוקטור אנד גמבל,FR,גל כביסה אריאל בניחו,ליטרים,0.00,ליטר,false,1,30.90,30.90,true,1,
8001090833198,false,אריאל נוזל כביסה 2.47 ליטר ניחוח מרענן,פרוקטור אנד גמבל,FR,גל כביסה אריאל בניחו,ליטרים,0.00,ליטר,false,1,30.90,30.90,true,1,
8001090899224,false,תחבושות אולוויז פלטינום לונג 20 יחידות,פרוקטר אנד גמבל,DE,תחבושות אולוויז פלטי,Unknown,0.00,Unknown,false,1,26.50,26.50,true,1,
8001090992338,false,פיירי טבליות למדיח פלטינום פלוס 50 יחידו,פרוקטר אנד גמבל,BE,קפסולות למדיח פיירי,Unknown,0.00,Unknown,false,1,49.90,49.90,true,1,
8001100058979,false,עוגת פנטונה בציפוי סוכר 750 גרם,,IT,עוגת פנדורו בחושה קל,גרמים,750.00,100 גרם,false,1,52.90,7.05,true,1,
8001160001786,false,"משקה אנרגיה גטורייד ספורט כחול 500מ""ל",אקווה מינרלה סאן בנדטו,IT,גטורייד ספורט כחול 5,מיליליטרים,500.00,"100 מ""ל",false,1,12.20,2.44,true,1,
8001160001892,false,"משקה אנרגיה גטורייד ספורט תפוז אדום 500מ""ל",אקווה מינרלה סאן בנדטו,IT,גטורייד ספורט תפוז א,מיליליטרים,500.00,"100 מ""ל",false,1,12.20,2.44,true,1,
8001200023808,false,פסטה אליציה צבעוני 500 גר Agnesi,,,פסטה אליציה צבעוני 5,גרמים,500.00,100 גרם,false,1,8.30,1.66,true,1,
8001200025505,false,פסטה פוזילי מס.78 500 גר Agnesi,,,פסטה פוזילי מס.78 50,גרמים,500.00,100 גרם,false,1,8.30,1.66,true,1,
8001200045039,false,פסטה ספגטי מס.3 500 גר Agnesi,,IT,פסטה ספגטי מס.3 500,גרמים,500.00,100 גרם,false,1,8.30,1.66,true,1,
8001200045053,false,פסטה ספגטיני מס.2 500 גר Agnesi,,IT,פסטה ספגטיני מס.2 50,גרמים,500.00,100 גרם,false,1,8.30,1.66,true,1,
8001200045299,false,פסטה פנה ריגטה 500 גר Agnesi,,IT,פסטה פנה ריגטה 500 ג,גרמים,500.00,100 גרם,false,1,8.30,1.66,true,1,
8001200045350,false,פסטה ניוקי 500 גר Agnesi,,IT,פסטה ניוקי 500 גר Ag,גרמים,500.00,100 גרם,false,1,8.30,1.66,true,1,
8001200045374,false,פסטה צילנטני מסולסל 500 גר Agnesi,,,פסטה צילנטני מסולסל,גרמים,500.00,100 גרם,false,1,8.30,1.66,true,1,
8001200045473,false,פסטה ריגטוני 500 גר Agnesi,,,פסטה ריגטוני 500 גר,גרמים,500.00,100 גרם,false,1,8.30,1.66,true,1,
8001200045831,false,פסטה פארפלה מס.61 500 גר Agnesi,,IT,פסטה פארפלה מס.61 50,גרמים,500.00,100 גרם,false,1,8.30,1.66,true,1,
8001200045978,false,פסטה פפרדלה ביצים 250 גר Agnesi,,,פסטה פפרדלה ביצים 25,גרמים,250.00,100 גרם,false,1,13.50,5.40,true,1,
8001200045992,false,פסטה ביצים ותרד 250 גר Agnesi,,,פסטה ביצים ותרד 250,גרמים,250.00,100 גרם,false,1,13.50,5.40,true,1,
8001291020014,false,ריקאסולי קיאנטי קלאסיקו ברוליו 750 מל,,,ריקאסולי קיאנטי קלאס,Unknown,0.00,Unknown,false,1,97.90,97.90,true,1,
8001291927511,false,"יין ריקאסולי, טראפולה, רוסו 750 מ""ל",,,"יין ריקאסולי, טראפול",Unknown,0.00,Unknown,false,1,72.90,72.90,true,1,
8001505003536,false,ממרח אגוזי לוז טבעוני אורגני 700 גרם,,IT,ממרח אגוזי לוז טבעונ,גרמים,700.00,100 גרם,false,1,49.90,7.13,true,1,
8001620011935,false,"סן בנדטו- מים מינרלים מוגז - מארז שישיית 500 מ""ל",אקווה מינרלה סאן בנד,IT,שישיית סאן בנדטו מוג,מיליליטרים,1500.00,"100 מ""ל",false,1,11.90,0.79,true,1,
8001620019177,false,"סן בנדטו מים מינרלים בטעם ענבים 500 מ""ל",אקווה מינרלה סאן בנדטו ב,IT,סאן בנדטו ענבים 400,מיליליטרים,400.00,"100 מ""ל",false,1,5.30,1.33,true,1,
8001841006710,false,לנור כדוריות הריח בניחוח רענן 210 גרם,פרוקטר אנד גמבל,US,כדוריות הבושם לנור נ,גרמים,210.00,100 גרם,false,1,32.90,15.67,true,1,
8001841077949,false,מארז מגבוני פמפרס בניחוח מרענן - רביעייה,פרוקטר אנד גמבל,DE,מגבוני פמפרס פרש רבי,יחידה,1.00,יחידה,false,1,20.90,20.90,true,1,
8001841105093,false,פמפרס פרימיום קר חיתולים שלב 6 26 יח VP,פרוקטר אנד גמבל,PL,חיתולי פמפרס פרימיום,Unknown,0.00,Unknown,false,1,34.40,34.40,true,1,
8001841625188,false,סבון כלים פלטינום לימון X3 פעולות להסרת שומנים,פרוקטר אנד גמבל,GB,נוזל כלים פיירי פלטי,מיליליטרים,515.00,"100 מ""ל",false,1,10.50,2.04,true,1,
8001841669465,false,קפסולות לכביסה אריאל בניחוח לנור 24 יחידות,פרוקטר אנד גמבל,FR,קפסולות לכביסה אריאל,Unknown,0.00,Unknown,false,1,31.90,31.90,true,1,
8001841669519,false,קפסולות לכביסה ALL IN ONE אריאל 55 יחידות,פרוקטר אנד גמבל,FR,קפסולות לכביסה אריאל,יחידה,1.00,יחידה,false,1,59.90,59.90,true,1,
8001841941929,false,אולוויז וליו פק לילה בטוח אקסטרא 16 יחידות,פרוקטר אנד גמבל,DE,תחבושות אולוויז וליו,Unknown,0.00,Unknown,false,1,19.90,19.90,true,1,
8001943549122,false,"צ'וקטה מטבעות שוקולד חלב, 40 גרם",ואל קור קורסניני אס אנ ס,IT,צוקטה מטבעות שוקולד,גרמים,40.00,100 גרם,false,1,4.90,12.25,true,1,
8002200143206,false,קפה קימבו ריסטרטו אלומינ עוצמה 12 -10 קפ,,,קפה קימבו ריסטרטו אל,Unknown,0.00,Unknown,false,1,18.80,18.80,true,1,
8002270166587,false,מים סאן פלגרינו 1 ליטר מארז שישייה,,,שישייה סאן פלגרינו פ,ליטרים,0.01,ליטר,false,1,51.90,5190.00,true,1,
8002270166594,false,"שישיית מים ""סאן פלגרינו"" 250*6 מ""ל",טמפו,,שישיית סאן פלגרינו 2,מיליליטרים,1500.00,"100 מ""ל",false,1,32.90,2.19,true,1,
8002270436581,false,"שישיית מים סאן פלגרינו פלסט 500 מ""ל",סן-פלגרינו,IT,שישיית מים סאן פלגרי,מיליליטרים,3000.00,"100 מ""ל",false,1,27.90,0.93,true,1,
8002270866524,false,סן פלגרינו מים מינרליים טבעיים מוגזים,סן פלגרינו San Pellegrino,IT,סאן פלגרינו 1 ליטר,מיליליטרים,1000.00,"100 מ""ל",false,1,9.90,0.99,true,1,
8002305008370,false,"רוקה דלה מאציה מנדוס פרימיטיבו 750 מ""ל",,,רוקה דלה מאציה מנדוס,Unknown,0.00,Unknown,false,1,79.90,79.90,true,1,
8002305009506,false,רוקה דלה מאציה קיאנטי קלאסיקו 750 מל,,,רוקה דלה מאציה קיאנט,Unknown,0.00,Unknown,false,1,88.90,88.90,true,1,
8003340091280,false,לינדט לינדור בונבוניירה 60% מוצקי קקאו 200 גרם,לינדט ושפרונגלי קילשברג,IT,בונבוניירה לינדור60%,גרמים,200.00,100 גרם,false,1,19.90,9.95,true,1,
8003753900438,false,קפה לנדוור אילי אספרסו טחון 250 גרם,קפה לנדוור,IT,קפה לנדוור אילי אספר,גרמים,250.00,100 גרם,false,1,42.90,17.16,true,1,
8004030026018,false,"מקסיקני עם טונה ריו מרה אינסלטיסימי, 160 ג'","בולטון אלימנטרי בע""\מ",IT,ריו מרה אינסלטיסימי,גרמים,160.00,100 גרם,false,1,15.00,9.38,true,1,
8004030344938,false,"ריו מרה טונה בשמן זית 3X80 גרם מתכון חדש כשל""פ","בולטון אלימנטרי בע""\מ",IT,שלישיית טונה ריו מרה,גרמים,240.00,100 גרם,false,1,26.90,11.21,true,1,
8004030860001,false,ירקות עם קוקוס וטונה ריו מרה אינסלטיסימי 160 ג',"בולטון אלימנטרי בע""\מ",IT,ריו מרה אינסלטיסימי,גרמים,160.00,100 גרם,false,1,15.00,9.38,true,1,
8004123004893,false,"שמן מתובל בטעם פטריות כמהין 250 מ""ל",באסו פדלה,IT,שמן מתובל בטעם פטריו,מיליליטרים,250.00,"100 מ""ל",false,1,38.90,15.56,true,1,
8004275058775,false,שמן זית כתית מעולה 500 מל CIRIO,,,שמן זית כתית מעולה 5,מיליליטרים,500.00,"100 מ""ל",false,1,25.50,5.10,true,1,
8004275059543,false,"חומץ בלסמי ממודנה גלייז 250 מ""ל CIRIO",,,חומץ בלסמי ממודנה,מיליליטרים,250.00,"100 מ""ל",false,1,20.90,8.36,true,1,
8005110002243,false,רכז עגבניות Doppio Concentr בשפופרת 185 ג' MUTTI,"איי, בי, אינבוו",IT,רכז עגבניות DOPPIO ב,גרמים,185.00,100 גרם,false,1,7.50,4.05,true,1,
8005110060106,false,מארז זוג עגבניות מקולפות 400*2 גרם MUTTI,"איי, בי, אינבוו",IT,מארז זוג עגבניות מקו,גרמים,800.00,100 גרם,false,1,14.90,1.86,true,1,
8005110170300,false,עגבניות מרוסקות חתוכות מוטי MUTTI שלישיה *400,מוטי Mutti,IT,POLPA עגבניות חתוכות,גרמים,400.00,100 גרם,false,1,16.90,4.23,true,1,
8005110171215,false,עגבניות חתוכות 690 POLPAPEZZI ג' (כחול) MUTTI,"איי, בי, אינבוו",IT,POLPAPEZZI עגבניות ח,גרמים,500.00,100 גרם,false,1,10.00,2.00,true,1,
8005110191015,false,רסק עגבניות ובזיליקום 700 ג' (ירוק) MUTTI,"איי, בי, אינבוו",IT,רסק עגבניות ובזיליקו,גרמים,500.00,100 גרם,false,1,10.00,2.00,true,1,
8005110200014,false,רסק עגבניות מרוכז - מוטי,"איי, בי, אינבוו",IT,רכז עגבניות 210 גרם,מיליליטרים,212.00,"100 מ""ל",false,1,8.50,4.01,true,1,
8005110551253,false,רוטב לפיצה להכנת פיצה איטלקית קלאסית,"איי, בי, אינבוו",IT,רוטב פיצה 400 גרם,גרמים,400.00,100 גרם,false,1,9.90,2.48,true,1,
8005200256587,false,נסטי - תה קר בטעם אפרסק 1.5 ליטר,מפעל סאנפלגרינו S.P.A,IT,נסטי בטעם אפרסק 1.5,ליטרים,0.00,ליטר,false,1,8.90,8.90,true,1,
8005200316588,false,תה קר דיאט בטעם אפרסק נסטי 1.5 ליטר,מפעל סאנפלגרינו s.p.a,IT,נסטי דיאט בטעם אפרסק,ליטרים,0.00,ליטר,false,1,8.50,8.50,true,1,
8005390002667,false,יין פרוסקו ברוט 750 מל,,,יין פרוסקו ברוט 750,Unknown,0.00,Unknown,false,1,57.90,57.90,true,1,
8005469951452,false,ממרח אנשובי עם שמן חמניות,בנדטו סקלייה סרל,IT,ממרח אנשובי איטלקי 6,גרמים,60.00,100 גרם,false,1,14.60,24.33,true,1,
8005469981602,false,פילה אנשובי איטלקי בשמן חמניות 75 גרם,בנדטו סקילה,,פילה אנשובי איטלקי ש,גרמים,80.00,100 גרם,false,1,15.90,19.88,true,1,
8005803010586,false,"מקלות אפויים עם שמן זית, מלח, עגבניות ואורגנו, 125 גרם, אמור די פאן","הוסטה איטליה, ס.ר.ל.",IT,גריסיני פיצה 125 גר,גרמים,125.00,100 גרם,false,1,9.40,7.52,true,1,
8005803010661,false,"מקלות אפויים עם שמן זית, מלח, ושומשום, 125 גרם, אמור די פאן","הוסטה איטליה, ס.ר.ל.",IT,גריסיני שומשום 125,גרמים,125.00,100 גרם,false,1,9.40,7.52,true,1,
8006227001372,false,סמנצאטו – לחם מחמצת לבן עם שמן זית ללא קשה 1400 גרם,רו. מאר ס.ר.ל,IT,סמנצאטו לחם לבן שמן,גרמים,400.00,100 גרם,false,1,19.90,4.98,true,1,
8006227001389,false,סמנצאטו – לחם מחמצת עם שמן זית ללא קשה 1400 גרם,רו. מאר ס.ר.ל,IT,סמנצאטו לחם מלא שמן,גרמים,400.00,100 גרם,false,1,19.90,4.98,true,1,
8006540425930,false,אריאל קפסולות לכביסה ג'ל 24 יח' לכתמים קשים,פרוקטר אנד גמבל,FR,קפסולות לכביסה אריאל,Unknown,0.00,Unknown,false,1,31.90,31.90,true,1,
8006540463550,false,פיירי טבליות למדיח פלטינום 63 יחידות,פרוקטר אנד גמבל,BE,פיירי טבליות למדיח פ,Unknown,0.00,Unknown,false,0,49.90,49.90,true,1,
8006663001042,false,גראנה פאדנה 200 ג' VIRGILIO,,IT,גרנה פדנו איטלקי,גרמים,200.00,100 גרם,false,1,27.50,13.75,true,1,
8006663001073,false,פרמזנו רגאנו איטלקי 200 גרם,,IT,פרמזנו רגאנו איטלקי,גרמים,200.00,100 גרם,false,1,33.50,16.75,true,1,
8008825005363,false,עגבניות מרוסקות 3*400 גר Rodolfi,,,עגבניות מרוסקות 3*4,קילוגרמים,0.00,"ק""ג",false,1,17.70,17.70,true,1,
8008825012538,false,מחית עגבניות 690 גרם Rodolfi,,,מחית עגבניות 690 גרם,גרמים,690.00,100 גרם,false,1,11.90,1.72,true,1,
8014601026354,false,"קמח ""00"" איטלקי לפיצה שף אדום 1 ק""ג",אנטימו קפוטו אס.אר.אל,IT,"קמח ""00"" איטלקי לפיצ",גרמים,1000.00,100 גרם,false,1,15.60,1.56,true,1,
8014601028747,false,קמח 00 איטלקי כחול 1 קג CAPUTO,אנטימו קפוטו אס.אר.אל,IT,"קמח ""00"" איטלקי כחול",גרמים,1000.00,100 גרם,false,1,12.50,1.25,true,1,
8017938005764,false,נטורפוד-מיץ תפוחים 100% אורגני 1 ליטר,לוצ'ה מריה,IT,מיץ תפוחים אורגני 10,מיליליטרים,1000.00,"100 מ""ל",false,1,17.60,1.76,true,1,
8019428000105,false,משקה שיבולת שועל אורגני 1 ליטר,the bridge,IT,משקה שיבולת שועל אור,מיליליטרים,1000.00,"100 מ""ל",false,1,13.90,1.39,true,1,
8021274041003,false,"קמח רוסו 1 ק""ג STAGIONI 5",,,"קמח רוסו 1 ק""ג STAG",גרמים,1000.00,100 גרם,false,1,14.90,1.49,true,1,
8023678164517,false,"משקה שקדים אורגני ללת""ס 1 ליטר isola",איזולה ביו Isola Bio,IT,משקה שקדים אורגני לל,ליטרים,0.00,ליטר,false,1,16.70,16.70,true,1,
8024046202015,false,"מחית אורגנית תפו""ע תות שדה ובננה 120 גרם",ביואיטליה,IT,"מחית אורגנית תפו""ע ת",גרמים,120.00,100 גרם,false,1,6.20,5.17,true,1,
8024046203012,false,מחית אורגנית תפוחי עץ ואוכמניות 120 גר,ביואיטליה,IT,מחית אורגנית תפוחי ע,גרמים,120.00,100 גרם,false,1,6.20,5.17,true,1,
8024985002783,false,סמוזי נטורה נובה גזר ודלעת 100 גרם,נטורה נובה Natura Nuova,IT,סמוזי נטורה נובה גזר,גרמים,100.00,100 גרם,false,1,5.00,5.00,true,1,
8024985002912,false,סמוזי אגס בטטה 100 גר נטורה נובה,נטורה נובה,IT,סמוזי אגס בטטה 100 ג,גרמים,100.00,100 גרם,false,1,5.00,5.00,true,1,
8024985002943,false,סמוזי נטורה נובה תפוח אננס קוקוס 100 גרם,נטורה נובה,IT,סמוזי נטורה נובה תפו,גרמים,100.00,100 גרם,false,1,5.00,5.00,true,1,
8024985002967,false,סמוזי נטורה נובה בננה תרד 100 גרם,נטורה נובה,IT,סמוזי נטורה נובה בננ,גרמים,100.00,100 גרם,false,1,5.00,5.00,true,1,
8024985005234,false,סמוזי נטורה נובה סמוצי תפוח מנגו 100 גרם,נטורה נובה,IT,מחית נטורה נובה סמוצ,גרמים,100.00,100 גרם,false,1,5.00,5.00,true,1,
8024985005296,false,סמוזי אגס בננה תפוח וקינואה אורגני,נטורה נובה,IT,סמוזי אגס בננה תפוח,גרמים,120.00,100 גרם,false,1,7.50,6.25,true,1,
8024985011204,false,נטורה נובה-סמוזי תפוח תות בננה 100 גרם,נטורה נובה,IT,סמוזי תפוח תות בננה,גרמים,100.00,100 גרם,false,1,4.60,4.60,true,1,
8030243010520,false,ביוקאפ +9.30 בלונדי זהב,ביוקאפ,IT,9.30 ביוקאפ נוטריקול,Unknown,0.00,Unknown,false,1,59.90,59.90,true,1,
8050705434480,false,מאפה קרואסון עם מילוי דובדבן 300 גר,,,מאפה קרואסון עם מילו,גרמים,300.00,100 גרם,false,1,14.90,4.97,true,1,
8051407911170,false,"יין מבעבע לבן יבש פרוסקו קאבוטה 750 מ""ל",,,יין מבעבע לבן יבש פר,Unknown,0.00,Unknown,false,1,61.90,61.90,true,1,
8076800195019,false,ברילה - צ.א ספגטי מס1 קפליני 500 גרם,ברילה גי.אי.אר פרטלי ס.פ,IT,ספגטי מס 1 קפליני 5,גרמים,500.00,100 גרם,false,1,6.90,1.38,true,1,
8076800195057,false,ברילה - צ.א ספגטי מס5 חדש 500 גרם,ברילה גי.אי.אר פרטלי ס.פ,IT,ספגטי ברילה מס 5 ברי,גרמים,500.00,100 גרם,false,1,6.90,1.38,true,1,
8076800195132,false,ברילה - צ.א בבטה מס13 500 גרם,ברילה גי.אי.אר פרטלי ס.פ,IT,פסטה ברילה מס 13,גרמים,500.00,100 גרם,false,1,6.90,1.38,true,1,
8076802085738,false,ברילה צ.ק פנה רגטה מס' 73 500 גרם,ברילה גי.אי.אר פרטלי ס.פ,IT,פסטה ברילה פנה רגטה,גרמים,500.00,100 גרם,false,1,6.90,1.38,true,1,
8076802085837,false,ברילה - צ.ק טורטליוני מס83 500 גרם,הנסיך- מפעל לייצור ט,IT,פסטה ברילה טורטליוני,גרמים,500.00,100 גרם,false,1,6.90,1.38,true,1,
8076802085936,false,ברילה פסטה צ.ק. קונצילה ריגטה חדש,ברילה גי.אי.אר פרטלי ס.פ,IT,ברילה קונציליאה ריגא,גרמים,500.00,100 גרם,false,1,6.90,1.38,true,1,
8076802085981,false,ברילה - צ.ק פוזילי חדש 500 גרם,ברילה גי.אי.אר פרטלי ס.פ,IT,פסטה ברילה פוזילי מס,גרמים,500.00,100 גרם,false,1,6.90,1.38,true,1,
8076808050440,false,פסטה מקרוני מספר 44 ברילה 500 גרם,ברילה Barilla,IT,פסטה ברילה מקרוני,גרמים,500.00,100 גרם,false,1,6.90,1.38,true,1,
8076808060654,false,פסטה פרפלה מספר 65 ברילה 500 גרם,ברילה גי.אי.אר פרטלי ס.פ,IT,ברילה פרפלה מס 65,גרמים,500.00,100 גרם,false,1,6.90,1.38,true,1,
8076808150072,false,ברילה - צ.א ספגטוני מס7 חדש 500 גרם,ברילה גי.אי.אר פרטלי ס.פ,IT,ספגטי ברילה מס 7 ברי,גרמים,500.00,100 גרם,false,1,6.90,1.38,true,1,
8076809501415,false,ברילה קנלוני/פנה 500 ג' מצה פנה טרקולור 500 גרם,"ש. שסטוביץ בע""\מ",IT,פנה טריקולור 78 500,גרמים,500.00,100 גרם,false,1,13.50,2.70,true,1,
8076809512268,false,פסטה גירנדולה טורסדס מספר 34 ברילה 500 גרם,ברילה גי.אי.אר פרטלי ס.פ,IT,ברילה גירנדולה מס 34,גרמים,500.00,100 גרם,false,1,6.90,1.38,true,1,
8076809513395,false,ברילה פומודורו רוטב עגבניות קלאסי 400 גר,ברילה גי.אי.אר פרטלי ס.פ,IT,רוטב פומודורו 400 גר,גרמים,400.00,100 גרם,false,1,14.90,3.73,true,1,
8076809513654,false,בסיס רוטב עגבניות לבולונז ברילה 400 גרם,ברילה גי.אי.אר פרטלי ס.פ,IT,בסיס רוטב עגבניות לב,גרמים,400.00,100 גרם,false,1,14.90,3.73,true,1,
8076809513692,false,רוטב עגבניות נפולטנה בתוספת ירקות,ברילה גי.אי.אר פרטלי ס.פ,IT,רוטב נפוליטנה 400 גר,גרמים,400.00,100 גרם,false,1,14.90,3.73,true,1,
8076809513739,false,ברילה רוטב עגבניות עם בזיליקום 400 גרם,ברילה גי.אי.אר פרטלי ס.פ,IT,רוטב בזיליקום 400 גר,גרמים,400.00,100 גרם,false,1,14.90,3.73,true,1,
8076809523561,false,רוטב עגבניות עם עשבי תיבול 400 ג' ברילה,ברילה גי.אי.אר פרטלי ס.פ,IT,רוטב פסטה בטעם פיצה,גרמים,400.00,100 גרם,false,1,14.90,3.73,true,1,
8076809523738,false,דפי לזניה ברילה 500 גרם,ברילה גי.אי.אר פרטלי ס.פ,IT,ברילה לזניה 500 גרם,גרמים,500.00,100 גרם,false,1,17.90,3.58,true,1,
8076809545440,false,ברילה איטריות ללא גלוטן 400 גר,ברילה ג'.אי.אר פרטלי,IT,ברילה ספגטי,גרמים,400.00,100 גרם,false,1,14.90,3.73,true,1,
8076809547956,false,ברילה - צ.ק קיפרי 500 גרם,ברילה ג'.אי.אר פרטלי,IT,ברילה קיפרי 500 גר,גרמים,500.00,100 גרם,false,1,6.90,1.38,true,1,
8390010296831,false,כרוב בולגרי 500 גר,,,כרוב בולגרי 500 גר,גרמים,600.00,100 גרם,false,1,12.00,2.00,true,1,
8410031132519,false,צופה צופס-לקקן 16 יח בשקית 120 גר,,AT,צופה צופס-לקקן 16 יח,גרמים,120.00,100 גרם,false,1,14.60,12.17,true,1,
8410076610379,false,"חטיף בוטנים, חלבון סויה ושוקולד מריר עם ציפוי בטעם שוקולד",סריילטו ספיין פודס,ES,חטיף נייטשר ואלי פרו,גרמים,210.00,100 גרם,false,1,24.90,11.86,true,1,
8410076621047,false,עוגות אישיות בטעם שוקולד עם חתיכות בטעם שוקולד,"גלאטס סירו בע""\מ",ES,חטיף פייבר 1 בטעם שו,גרמים,120.00,100 גרם,false,1,17.70,14.75,true,1,
8410104045111,false,"פיניש מלח למדיח כלים 2ק""ג",רקיט בנקיזר,IL,פיניש מלח 2 קג,קילוגרמים,0.00,"ק""ג",false,1,12.90,12.90,true,1,
8410104437268,false,מפיג ריח רגיל למדיח פיניש 1 יחידה,רקיט בנקיזר,HU,פיניש סטופ לריח,Unknown,0.00,Unknown,false,1,15.60,15.60,true,1,
8410128785734,false,משקה סויה ויוה סוי בריסטה 1 ליטר.,קלידאד פסקואל,ES,ויוה סוי בריסטה משפח,מיליליטרים,1000.00,"100 מ""ל",false,1,11.90,1.19,true,1,
8410134016839,false,זיתים ירוקים עם סלומון 300 גרם FRAGATA,אנגל קמצ'ו אלימנטסיו,,זיתים ירוקים עם סלומ,גרמים,300.00,100 גרם,false,1,8.50,2.83,true,1,
8410179002767,false,זיתים ירוקים ממולאים באנשובי 300 גר ITLV,אסייטונס גואדלקוויר,ES,זיתים ירוקים ממולאים,גרמים,300.00,100 גרם,false,1,10.40,3.47,true,1,
8410179002798,false,זיתים ירוקים ממולאים בלימון 314 גר,,ES,זיתים ירוקים ממולאים,גרמים,314.00,100 גרם,false,1,10.40,3.31,true,1,
8410179002828,false,זיתים ירוקים ממולאים בסלמון 300 גר ITLV,אסייטונס גואדלקוויר,ES,זיתים ירוקים ממולאים,גרמים,300.00,100 גרם,false,1,10.40,3.47,true,1,
8410179002880,false,זיתים ירוקים ממולאים בלוובסטר 300 גר ITLV,,ES,זיתים ירוקים ממולאים,גרמים,300.00,100 גרם,false,1,10.40,3.47,true,1,
8410342004796,false,שוקולד מריר 85% ללא סוכר טוראס 100ג',צ'יקולטס טוארס,ES,טוראס-שוקולד מריר 85,גרמים,100.00,100 גרם,false,1,19.80,19.80,true,1,
8410342005595,false,"טוראס-שוקולד חלב ללת""ס 75 גרם",,ES,טוראס-שוקולד חלב ללת,גרמים,75.00,100 גרם,false,1,9.90,13.20,true,1,
8410376009392,false,ביסקויט מחיטה מלאה ללא תוספת סוכר גולון 170 גרם,גאלטס גלון סא,ES,ביסקוויט חיטה מלאה,גרמים,170.00,100 גרם,false,1,13.50,7.94,true,1,
8410376010701,false,"ביסקוויט ללת""ס גולון גלטה מריה 400 גר",תות תעשיות מזון (201,ES,ביסקוויט גולון,גרמים,400.00,100 גרם,false,1,20.20,5.05,true,1,
8410376017113,false,גולון סיבקוויט סנדוויץ שוקו 500 גר,גולון,ES,גולון ביסקוויט סנדוו,גרמים,500.00,100 גרם,false,1,10.40,2.08,true,1,
8410376037883,false,"עוגיות שוקוצ'יפס לל""ס ולל""ג 130 גרם ""גולון""",תות תעשיות מזון (201,ES,"עוגיות שוקוציפס ללת""",גרמים,130.00,100 גרם,false,1,12.90,9.92,true,1,
8410376059397,false,גולון וופל שוקולד ללא תוספת סוכר 180 גרם,GULLON,ES,גולון וופל שוקולד לל,גרמים,180.00,100 גרם,false,1,19.90,11.06,true,1,
8410525116759,false,פיני גומי בננה 90 גרם,,ES,פיני גומי בננה 90 גר,גרמים,90.00,100 גרם,false,1,6.90,7.67,true,1,
8410679030079,false,טבלת שוקולד חלב שקד ללא סוכר טראפה 75ג',,ES,טבלת טראפה ל.ס. חלב,גרמים,75.00,100 גרם,false,1,8.90,11.87,true,1,
8411320382967,false,טונה צהובה בשמן זית (צנצנת) 220 גרם,אורטיז ORTIZ,ES,נתחי טונה צהובה בשמן,גרמים,220.00,100 גרם,false,1,42.90,19.50,true,1,
8413664611611,false,פאפאס ארגנטה-ציפס דליקטס 180 גרם 1/12 121007,פאפאס ארג'\נטה ס.א.ו.,ES,פאפאס ארגנטה ציפס דל,גרמים,180.00,100 גרם,false,1,23.50,13.06,true,1,
8413664811905,false,פאפאס ארגנטה-צ'יפס שמן זית קינואה 150 גרם,פאפאס ארג'\נטה ס.א.ו.,ES,פאפאס ארגנטה ציפס ש.,גרמים,150.00,100 גרם,false,1,23.50,15.67,true,1,
8420708012822,false,"גבינת קשקבל ספרדי, 200 גרם",מיוצר עי קונדיטוריית,ES,קשקבל בשלה 200 גר,גרמים,200.00,100 גרם,false,1,26.90,13.45,true,1,
8423207206488,false,סלים דליס חטיף דגנים מצופה שוקולד חלב מרבה 6*20 גרם,אף.סי תבליני בגליל ב,ES,חטיף דגנים מלאים מצו,גרמים,120.00,100 גרם,false,1,10.00,8.33,true,1,
8423207207362,false,חטיפי סלים דליס שוקולד לבן מרבה 6 יחידות,ביסנצ'ורי אס.אל.יו,ES,חטיף דגנים סלים דליס,גרמים,120.00,100 גרם,false,1,10.00,8.33,true,1,
8423207208680,false,חטיף דגנים שוקולד סלים דליס לילדים מרבה 6 יחידות,ביסנצ'ורי אס.אל.יו,ES,סלים דליס לילדים עם,גרמים,120.00,100 גרם,false,1,10.00,8.33,true,1,
8423207208703,false,חטיפי סלים דליס שוקולד מריר מרבה 6 יחידות,ביסנצ'ורי אס.אל.יו,ES,סלים דליס מהדורה עם,גרמים,120.00,100 גרם,false,1,10.00,8.33,true,1,
8423207208871,false,פריכיות תירס בטעם טבעי סלים דליס 130 גרם,סלים דליס Slim Delis,ES,פריכיות תירס בטעם טב,גרמים,130.00,100 גרם,false,1,9.50,7.31,true,1,
8423207210980,false,סלים דליס טופינג קליפת תפוז 90 גרם,נוטרישן אנד סנטה קוב,ES,סלים דליס טופינג קלי,גרמים,90.00,100 גרם,false,1,10.90,12.11,true,1,
8425206000142,false,ריבת חלב מרדל בקבוק לחיץ 370 גרם,MARDEL,ES,ריבת חלב מרדל בקבוק,גרמים,370.00,100 גרם,false,1,19.90,5.38,true,1,
8431438000089,false,גבינה איבריקו גוורדמור ספרדי במשקל,,,גבינה גוורדמור ספרדי,Unknown,0.00,"ק""ג",true,0,210.00,210.00,true,1,
8431438000256,false,מנצגו קייסו ספרדי במשקל,,,מנצגו קייסו ספרדי במ,Unknown,0.00,"ק""ג",true,0,188.00,188.00,true,1,
8435495805199,false,"אבקת כביסה תינוקלין שקית 3 ק""ג.",מולינו ניקולי s.p.a,TR,אבקת כביסה תינוקלין,קילוגרמים,0.00,"ק""ג",false,1,43.90,43.90,true,1,
8594403707977,false,"בירה באדוויזר לאגר פחית 500 מ""ל","מיוצר ע""\י מבשלת טוכרn\",CZ,בירה באדוויזר לאגר פ,מיליליטרים,500.00,"100 מ""ל",false,1,8.90,1.78,true,1,
8594404001418,false,"בירה קוזל כהה בקבוק חוזר 500 מ""ל",פילזנסקי,CZ,"בירה קוזל כהה 500 מ""",מיליליטרים,500.00,"100 מ""ל",false,1,8.90,1.78,true,1,
8595134503975,false,נייר גלגול בינוני כולל פילטר PIH,,CZ,נייר גלגול בינוני כ,יחידה,1.00,יחידה,false,1,6.00,6.00,true,1,
8606109023715,false,"פרוויטה - מיץ תפוחי עץ ואפרסקים 750 מ""ל",פרובישקה,RS,פרוויטה מיץ תפוחי עץ,מיליליטרים,750.00,"100 מ""ל",false,1,13.90,1.85,true,1,
8680395195837,false,ביסקוויט פתי בר 500 גר ALVIEN,,TR,ביסקוויט פתי בר 500,גרמים,500.00,100 גרם,false,1,10.50,2.10,true,1,
8683130025581,false,"מרכך כביסה מרוכז אקסטרה ענבר בדין 960 מ""ל",יבוא ושיווק: יוניליוור י,TR,בדין אקסטרא gbcr 960,מיליליטרים,960.00,"100 מ""ל",false,1,14.90,1.55,true,1,
8683323063024,false,יוגטה שטיחים בטעם תותי פרוטי 220 גרם,ליימן מותגים,TR,יוגטה שטיחים תותי פר,גרמים,220.00,100 גרם,false,1,7.30,3.32,true,1,
8686868600204,false,המותג אביזרי שיער,", ,",CN,אביזרי מניקור,Unknown,0.00,Unknown,false,1,9.90,9.90,true,1,
8690530015043,false,סלפאק מגבות מטבח שישיה 3 שכבות,איפק,TR,נייר מגבת סלפאק 3 שכ,מטרים,64.00,מטר,false,1,19.90,0.31,true,1,
8690530284463,false,נייר טואלט 3 שכבות 32 גלילים סלפאק,איפק קג'יט,TR,נייר טואלט סלפאק 3 ש,מטרים,537.00,מטר,false,1,49.90,0.09,true,1,
8690637505607,false,בדין אקסטרה מרכך כביסה בניחוח פינוק כחול,יוניליוור סנאיי וי טיקאר,TR,מרכך כביסה בדין פינו,מיליליטרים,960.00,"100 מ""ל",false,1,14.90,1.55,true,1,
8690637555084,false,"מרכך כביסה מרוכז אקסטרה פריחת התפוז בדין 960 מ""ל",יוניליוור סנאיי וי טיקאר,TR,מרכך כביסה בדין אקסט,מיליליטרים,960.00,"100 מ""ל",false,1,14.90,1.55,true,1,
8690637704277,false,"שמפו ומרכך לשיער רגיל 600 מ""ל דאב",יוניליוור טורקיה. אזור ת,TR,דאב שמפו יום יומי 2,מיליליטרים,600.00,"100 מ""ל",false,1,19.80,3.30,true,1,
8690637704291,false,שמפו לשיקום אינטנסיבי לשיער פגום,יוניליוור טורקיה. אזור ת,TR,"דאב שמפו משקם 600 מ""",מיליליטרים,600.00,"100 מ""ל",false,1,19.80,3.30,true,1,
8690637858734,false,גל לנ.כללי סיף אקונומיקה בנ.לימון 750 מל,יוניליוור ניקיון,IL,גל לנ.כללי סיף אקונו,מיליליטרים,750.00,"100 מ""ל",false,1,16.70,2.23,true,1,
8690637865596,false,דאב תחליב רחצה לידיים 500 הזנה עמוקה,קוסטר אירוסול ולף סנ,TR,סבון ידיים דאב הזנה,מיליליטרים,500.00,"100 מ""ל",false,1,19.80,3.96,true,1,
8690637871245,false,הלמנס מיונז אמיתי 395 גר' בקבוק לחיץ.,"בסטפוד - 3P ארה""ב Fo",TR,מיונז אמיתי הלמנס לח,גרמים,395.00,100 גרם,false,1,14.90,3.77,true,1,
8690637946318,false,"מרכך כביסה בדין מרוכז אקסטרה בייבי טלק 960 מ""ל",יוניליוור סנאיי וי טיקאר,TR,מרכך כביסה בדין אקסט,מיליליטרים,960.00,"100 מ""ל",false,1,14.90,1.55,true,1,
8690766156367,false,גודייבה שוקולד חלב מעולה 90 גרם,"אולקר מקבוצת פלאדיס,",TR,שוקולד חלב גודייבה מ,גרמים,90.00,100 גרם,false,1,14.90,16.56,true,1,
8690766156381,false,גודייבה שוקולד מריר 90% מוצקי קקאו 90 גרם,"אולקר מקבוצת פלאדיס,",TR,שוקולד מריר 90% גודי,גרמים,90.00,100 גרם,false,1,14.90,16.56,true,1,
8690766156404,false,שוקולד מריר גודייבה בטעם תפוז אדום 90 גר,גודייבה,TR,שוקולד מריר גודייבה,גרמים,90.00,100 גרם,false,1,14.90,16.56,true,1,
8690792027792,false,ריבת תות 45% פרי 700 גר GULSAN,,TR,ריבת תות 45% פרי 700,גרמים,700.00,100 גרם,false,1,19.90,2.84,true,1,
8691058141238,false,ערמונים שלמים קלויים וקלופים 100 ג' Avel,,,ערמונים שלמים קלויים,גרמים,100.00,100 גרם,false,1,5.80,5.80,true,1,
8693495051002,false,קולגייט מברשת שיניים מיניונים 6+ לילדים,קולגייט פלמוליב,CN,מברשת שיניים לילדים,Unknown,0.00,Unknown,false,1,14.90,14.90,true,1,
8693495052931,false,זוג מברשות שיניים אדוונסט 360 לניקוי כל חלל הפה,קולגייט פלמוליב,CN,מברשות שיניים זוג,Unknown,0.00,Unknown,false,1,41.90,41.90,true,1,
8693495054034,false,פלמוליב ס.נוזלי לומינוס אבוקדו 750 משאבה,קולגייט פלמוליב,TR,סבון נוזלי פלמוליב ל,מיליליטרים,750.00,"100 מ""ל",false,1,16.90,2.25,true,1,
8697410091647,false,עוגיות גינגר וקינמון 300 גרם,בומפי גידה,TR,עוגיות גינגר וקינמון,גרמים,300.00,100 גרם,false,1,22.90,7.63,true,1,
8697418280111,false,עלי טורטייה 25 סמ 840 גרם LAVALIA,פרינסיס און וה אונלו,TR,"עלי טורטייה 25 ס""מ 8",גרמים,840.00,100 גרם,false,1,31.90,3.80,true,1,
8697431460217,false,קונפיטורה 70% תפוזים 450 ג' FRUPPA,פרוטנגו Fruitango,,קונפיטורת 70% תפוזים,גרמים,450.00,100 גרם,false,1,17.70,3.93,true,1,
8697826469092,false,טורטיה קטנה שקדיה 540 גרם 12 יחידות,דין שיווק,TR,טורטיה קטנה 12 יחיד,גרמים,540.00,100 גרם,false,1,9.90,1.83,true,1,
8699250035041,false,"זיתים שחורים טבעיים יבשים 700 גרם ""תומר""",מנסווי גידה,TR,זית שחור יבש במלח 70,גרמים,700.00,100 גרם,false,1,19.90,2.84,true,1,
8710448580089,false,מיונז אמיתי הולנדי 500מל,רמייה,NL,"מיונז הולנדי 500 מ""ל",גרמים,500.00,100 גרם,false,1,14.60,2.92,true,1,
8710739494897,false,תחנת רוח וופל טוסט 12 יח במארז 250 גר,BANKETGRORP DE,NL,תחנת רוח וופל טוסט 1,גרמים,250.00,100 גרם,false,1,13.90,5.56,true,1,
8710800027573,false,סוכריות מיני בטעם פירות מנטוס 178 גרם,פרפטי ואן מלה ברדה,NL,מיני מנטוס שקית 178,גרמים,178.00,100 גרם,false,1,15.60,8.76,true,1,
8710800961310,false,סוכריות בטעם תות מנטוס 4*375 גרם,פרפטי ואן מלה ברדה,NL,מנטוס תות 1/4,גרמים,160.00,100 גרם,false,1,11.40,7.13,true,1,
8711000371176,false,ג'ייקובס קפסולות קפה אספרסו קלאסיקו עוצמה 7,ג'ייקובס דאו אגברטס צרפת,FR,קפסולות קפה אספרסו ק,גרמים,52.00,100 גרם,false,1,15.90,30.58,true,1,
8711200425990,false,חמאת בוטנים חלקה 350 גר Calve,יוניקורן פיקלס,NL,חמאת בוטנים חלקה 350,גרמים,350.00,100 גרם,false,1,19.90,5.69,true,1,
8712000051099,false,"שישיית בירה היינקן 0% אלכוהל בקבוק 330 מ""ל","מבשלת היינקן, ריטבלדנברג",NL,שישיית בירה היינקן 0,מיליליטרים,1980.00,"100 מ""ל",false,1,29.90,1.51,true,1,
8712400802536,false,תרכובת מזון המשך לפעוטות על בסיס חלב שלב 3,נוטרישיה קאלק ב. ו.,NL,נוטרילון מבית נוטריש,גרמים,800.00,100 גרם,false,1,64.90,8.11,true,1,
8712561594240,false,"דאב תחליב רחצה להזנה עמוקה500 מ""ל-מרכז","יוניליוור גרמניה, Gmbh &",DE,דאב תחליב רחצה להזנה,מיליליטרים,500.00,"100 מ""ל",false,1,19.80,3.96,true,1,
8712561594608,false,"דאב תחליב רחיצה להזנה עמוקה 750 מ""ל","יוניליוור גרמניה, Gmbh &",DE,תחליב רחצה דאב להזנה,מיליליטרים,750.00,"100 מ""ל",false,1,15.00,2.00,true,1,
8712561611411,false,"תחליב רחצה בניחוח מלפפון ותה ירוק דאב 750 מ""ל","יוניליוור גרמניה, Gmbh &",DE,תחליב רחצה דאב תה יר,מיליליטרים,750.00,"100 מ""ל",false,1,15.00,2.00,true,1,
8712561626286,false,"תחליב רחצה דאב זוהר כמשי 750 מ""ל",יוניליוור גרמניה (בו,DE,תחליב רחצה דאב זוהר,מיליליטרים,750.00,"100 מ""ל",false,1,15.00,2.00,true,1,
8713499045156,false,גאודה כמון הולנדית במשקל,,,גאודה כמון הולנדית ב,Unknown,0.00,"ק""ג",true,0,115.00,115.00,true,1,
8713501034406,false,גאודה שום הולנדית במשקל,,,גאודה שום הולנדית,Unknown,0.00,"ק""ג",true,0,121.00,121.00,true,1,
8713505038608,false,גאודה הולנדית פטריות כמהין במשקל,,,גאודה הולנדית פטריות,Unknown,0.00,"ק""ג",true,0,183.00,183.00,true,1,
8713600288182,false,לוק או לוק ציפס 115 גרם,,NL,לוק או לוק ציפס 115,Unknown,115.00,Unknown,false,1,19.90,0.17,true,1,
8714200207931,false,ונקו - ממתק לקריץ בטעם דבש 157 גרם,,NL,ונקו - ממתק לקריץ בט,גרמים,157.00,100 גרם,false,1,10.20,6.50,true,1,
8714200208051,false,ממתק לקריץ בציפוי דרגה בצורת גיר 156 ג,קלואטה,NL,ממתק לקריץ בציפוי דר,גרמים,152.00,100 גרם,false,1,10.20,6.71,true,1,
8714599104316,false,ג'ייקובס קפה שחור קלוי וטחון טורקי 200 גרם,אל.אל.סי ג'\ייקובס דאו א,RU,קפה שחור קלוי וטחון,גרמים,200.00,100 גרם,false,1,15.60,7.80,true,1,
8714599410530,false,גייקובס קרונינג שקית רפיל 200 גרם,ג'יי.די.אי.,UA,גייקובס קרונינג שקית,גרמים,200.00,100 גרם,false,1,19.50,9.75,true,1,
8714599412336,false,קפה נמס בריסטה אמריקנו קלוי וטחון 160 ג' ג'ייקובס,ג'\ייקובס דאו אגברטס רוס,RU,גיקובס בריסטה אמריקנ,גרמים,160.00,100 גרם,false,1,25.90,16.19,true,1,
8714599513781,false,"קפה נמס מיובש בהקפאה זהב צנצנת ג'ייקובס 200 גרם לל""ס",אל.אל. סי ג''יקובס דאו א,RU,גיקובס גולד מיובש בה,גרמים,200.00,100 גרם,false,1,24.90,12.45,true,1,
8714599513866,false,"קפה נמס מיובש בהקפאה קרונג צנצנת ג'ייקובס 200 גרם לל""ס",אל.אל.סי גייקובס דאו,DE,גיקובס קרונונג מיובש,גרמים,200.00,100 גרם,false,1,24.90,12.45,true,1,
8714789402970,false,נוזל לניקוי כללי ורצפות בניחוח פרחי אביב אגק'ס 1.5 ליטר,הנסיך- מפעל לייצור ט,GR,אגקס חגיגת פרחים 1.5,ליטרים,0.00,ליטר,false,1,22.90,22.90,true,1,
8714789797786,false,"פלמוליב נוזל לניקוי כלים גריז בלסטר 750 מ""ל",יבואן ומשווק: ש. שסט,GR,פלמוליב כלים 4 ב-1,מיליליטרים,750.00,"100 מ""ל",false,1,11.50,1.53,true,1,
8715700110141,false,מיונז קרמי היינץ צנצנת 460ג',ה.י.היינץ הולדינג בי.וי,NL,מיונז בצנצנת היינץ 4,גרמים,460.00,100 גרם,false,1,10.00,2.17,true,1,
8715700419732,false,מתבל עגבניות היינץ 700 גרם,ה.י. היינץ,NL,מתבל היינץ 700 גרם,גרמים,700.00,100 גרם,false,1,10.00,1.43,true,1,
8715700422473,false,ממרח לכריכים וסלטים ללא ח. משמרים היינץ 395 גרם,ה.י. היינץ,NL,מיונז לחיץ היינץ 395,גרמים,395.00,100 גרם,false,1,14.90,3.77,true,1,
8715700423906,false,היינץ מתבל עגבניות מופחת סוכר ומלח 50/50 550 גרם,היינץ צפון אמריקה מק,NL,מתבל עגבניות מופחת נ,גרמים,555.00,100 גרם,false,1,10.00,1.80,true,1,
8716605000995,false,גבינה מסדאם הולנדית במשקל,,,גבינה מסדאם הולנדית,Unknown,0.00,"ק""ג",true,0,80.00,80.00,true,1,
8717163647264,false,"אקס דאודורנט ספריי גוף אייס צ'יל 150 מ""ל",יוניליוור אנגליה,GB,דאו אקס ספרי גוף לגב,מיליליטרים,150.00,"100 מ""ל",false,1,19.80,13.20,true,1,
8717163655764,false,"רקסונה - דאודורנט ספריי לאישה שוואר פרש 150 מ""ל","קוסטר אירוסול, גבזה 4140",GB,דאו רקסונה ספריי שאו,מיליליטרים,150.00,"100 מ""ל",false,1,20.90,13.93,true,1,
8717163711668,false,"דאודורנט רקסונה ספריי נשים טלק 150 מ""ל",יוניליוור,GB,דאו רקסונה ספריי טלק,מיליליטרים,150.00,"100 מ""ל",false,1,20.90,13.93,true,1,
8717163947692,false,"אקס ג'ל רחצה לגבר פרש ברגמוט ופינק פפר 400 מ""ל","יוניליוור גרמניה, רח",DE,גל רחצה אקס פינק פפר,מיליליטרים,400.00,"100 מ""ל",false,1,10.90,2.73,true,1,
8717677337828,false,טוני שוקולונלי ש.לבן פטל וסוכריות 180 גר,,NL,טוני שוקולונלי ש.לבן,מיליליטרים,180.00,"100 מ""ל",false,1,20.90,11.61,true,1,
8718692611979,false,סירופ סודה סטרים דיאט פירות יער 0.5 ל,סודה סטרים,IL,סירופ סודה סטרים דיא,מיליליטרים,5000.00,"100 מ""ל",false,1,22.90,0.46,true,1,
8718951160897,false,ספריי אקונומיקה עוצמת ה7 טריגר אגקס 500מ,קולגייט-פלמוליב,GR,ספריי אגקס אקונומיקה,מיליליטרים,500.00,"100 מ""ל",false,1,15.90,3.18,true,1,
8718951166561,false,משחת שיניים לרעננות מוגברת max fresh cooling crystals,הנסיך- מפעל לייצור ט,PL,קולגייט משחה מקס פרש,מיליליטרים,125.00,"100 מ""ל",false,1,17.90,14.32,true,1,
8718951167094,false,נוזל כלים פלמוליב צילינדר תפוז וליים 1 ל,יבואן ומשווק: ש. שסט,GR,נוזל כלים פלמוליב,מיליליטרים,1000.00,"100 מ""ל",false,1,15.60,1.56,true,1,
8718951236806,false,"קולגייט טוטאל הלבנה משחת שיניים המסייעת בהסרת כתמים 100 מ""ל",קולגייט Colgate,PL,קולגייט טוטל הלבנה,מיליליטרים,100.00,"100 מ""ל",false,1,15.90,15.90,true,1,
8718951313927,false,"סבון ידיים משאבה פלמוליב חימר טונוס 300 מ""ל",פלמוליב Palmolive,TR,סבון ידיים פלמוליב ח,מיליליטרים,300.00,"100 מ""ל",false,1,11.40,3.80,true,1,
8718951315303,false,"קולגייט אדומה משחת שיניים להגנה מפני עששת 2*100 מ""ל",קולגייט-פלמוליב,PL,מארז משחת שיניים קול,מיליליטרים,200.00,"100 מ""ל",false,1,20.90,10.45,true,1,
8718951334090,false,"סופלין מרכך כביסה מרוכז כחול 650 מ""ל",סופלין Soupline,GR,מרכך כביסה סופלין מר,מיליליטרים,650.00,"100 מ""ל",false,1,11.90,1.83,true,1,
8718951334120,false,"סופלין מרכך כביסה מרוכז לבנדר 650 מ""ל",שסטוביץ,GR,מרכך כביסה סופלין מר,מיליליטרים,650.00,"100 מ""ל",false,1,11.90,1.83,true,1,
8718951423558,false,"סבון רחצה גוף ונשמה קמומיל 750 מ""ל פלמוליב",שסטוביץ,TR,פלמוליב סבון רחצה גו,יחידה,1.00,יחידה,false,1,24.90,24.90,true,1,
8718951470323,false,קולגייט סופט פואם פחם זוג מברשות שיניים,קולגייט פלמוליב,CN,קולגייט מברשת שיניים,Unknown,0.00,Unknown,false,1,39.90,39.90,true,1,
8719200998001,false,מרגרינה לאפיה ובישול בלי מלח 200 ג' בלו בנד,יוניליוור ישראל מזון בע\,IL,בלובנד בלי מלח 200 ג,גרמים,200.00,100 גרם,false,1,5.10,2.55,true,1,
8719200998100,false,מרגרינה מזולה לאפיה טעם חמאה 200גר - 40 יח',פארייפאבה אגרואינדוס,IL,מזולה אפייה בטעם חמא,גרמים,200.00,100 גרם,false,1,6.80,3.40,true,1,
8720100012445,false,וופל טוסט בלגי 6 יח 250 גרם בקרסלנד,דה בנקט גרופ,NL,וופל טוסט בלגי 6 יח,גרמים,250.00,100 גרם,false,1,13.90,5.56,true,1,
8720181046605,false,דאב - דאודורנט ספריי לאישה אורגינל כחול 150מל,"יוניליוור אנגליה, דרך קו",TR,דאב דאודורנט ספריי א,מיליליטרים,150.00,"100 מ""ל",false,1,17.70,11.80,true,1,
8720181090219,false,תחליב רחצה רימונים ותמצית פרח היביסקוס,"יוניליוור גרמניה, Gmbh &",DE,תחליב רחצה דאב,מיליליטרים,780.00,"100 מ""ל",false,1,15.00,1.92,true,1,
8720182256850,false,דאב אל סבון מוצק קלאסי 90 גרם רביעייה,יוניליוור ישראל טיפוח אי,DE,דאב אל סבון מוצק קלא,גרמים,360.00,100 גרם,false,1,18.90,5.25,true,1,
8723400756552,false,מארז סוכריות מנטוס Mentos ריינבואו,פרפטי ואן מלה ברדה,NL,מנטוסRAINBOW 1/4,גרמים,150.00,100 גרם,false,1,11.40,7.60,true,1,
8801055707966,false,קפה טייסטר צו'יס נס קפה בריסטה 180ג',נסטלה קוריאה - קפה,KR,נסקפה טייסטרס צויס ב,גרמים,180.00,100 גרם,false,1,28.90,16.06,true,1,
8850206250592,false,רוטב צ'ילי סריראצ'ה 540 גרם (מזרח ומערב),יאן וואל יון קו.לטד,TH,רוטב צ`ילי סיראצ`ה 5,גרמים,540.00,100 גרם,false,1,19.90,3.69,true,1,
8850367992164,false,קרם קוקוס 250 מל 20-22% ללא חומר משמר,טאפאדונגפורן קוקנט,TH,"קרם קוקוס 250 מ""ל 20",גרמים,250.00,100 גרם,false,1,8.40,3.36,true,1,
8850389103159,false,"משקה ליצ'י עם חתיכות גלי קוקוס 320 מ""ל מוגו מוגו",סאפה פובליק קומפני לימיט,TH,מוגו מוגו ליצי עם חת,מיליליטרים,320.00,"100 מ""ל",false,1,8.20,2.56,true,1,
8850389111352,false,"משקה מלון עם חתיכות גלי קוקוס 320 מ""ל מוגו מוגו",סאפה פובליק קומפני לימיט,TH,מוגו מוגו מלון עם חת,מיליליטרים,320.00,"100 מ""ל",false,1,8.20,2.56,true,1,
8850632604266,false,"יוגטה, ממתק חמוץ בצורת מקלות בטעם קולה, 50 גרם",ג'נרל קנדי בעמ,TH,מקלות חספוסים יוגטה,Unknown,0.00,Unknown,false,1,4.80,4.80,true,1,
8853662056661,false,"רוטב סריראצ`ה מיו 455 מ""ל",EXOTIC FOOD PCL,,רוטב סריראצ`ה מיו 45,מיליליטרים,455.00,"100 מ""ל",false,1,29.50,6.48,true,1,
8854404000621,false,מחית קארי ירוק 70 גר' B.E,"בלו ספייס קו. בע""מ",TH,מחית קארי ירוק 70 גר,גרמים,70.00,100 גרם,false,1,13.50,19.29,true,1,
8854661001843,false,שרימפס בייבי 500 גרם קפוא,,,שרימפס בייבי 500 גרם,גרמים,500.00,100 גרם,false,1,34.50,6.90,true,1,
8854661002055,false,שרימפס 500 גר לא מקולף 31/40,,,שרימפס קפוא לא קלוף,גרמים,500.00,100 גרם,false,1,48.90,9.78,true,1,
8855301214395,false,סרדינים במים בתוספת שמן צמחי 240 גרם,גולדן פריזה קנינג,LT,סרדינים במים בתוספת,גרמים,240.00,100 גרם,false,1,8.90,3.71,true,1,
8858271004423,false,"רוטב טום ים 250 מ""ל מקסצ'אפ",מזרח ומערב,,"רוטב טום יאם 250 מ""ל",מיליליטרים,250.00,"100 מ""ל",false,1,15.00,6.00,true,1,
8888021200256,false,סוללות אנרג'ייזר AA מקס 8 יחידות,יצרן: אנרג'ייזר סינג,SG,סוללות אנרגייזר שמי,Unknown,0.00,Unknown,false,1,23.90,23.90,true,1,
8888021200720,false,סוללות אנרג'ייזר AAA מקס 8 יחידות,יצרן: אנרג'ייזר סינג,SG,סוללות אנרגייזר שמי,Unknown,0.00,Unknown,false,1,23.90,23.90,true,1,
8901537024014,false,"אורז בסמטי מובחר 1 ק""ג - דוואט) יורה דיעה",הנסיך- מפעל לייצור ט,IN,אורז בסמטי מובחר,גרמים,1000.00,100 גרם,false,1,10.00,1.00,true,1,
8908000959361,false,קורנישונים כבושים בחומץ 680 גר,,,קורנישונים כבושים בח,גרמים,680.00,100 גרם,false,1,13.50,1.99,true,1,
8935083158008,false,קוקטייל פירות ים 500 גר,,,קוקטייל פירות ים 500,גרמים,500.00,100 גרם,false,1,31.50,6.30,true,1,
8935083158022,false,ראשי קלמרי 500 גרם קפוא,,,ראשי קלמרי 500 גרם,גרמים,500.00,100 גרם,false,1,33.50,6.70,true,1,
9000101329742,false,סבון אסלה בניחוח מתחלף אפרסק תפוח 50 ג' ברף,הנקל סוד,RS,ברף בניחוח מתחלף אפר,יחידה,1.00,יחידה,false,1,9.90,9.90,true,1,
9000101521436,false,סבון אסלה בניחוח מתחלף לוטוס במבוק 50 ג' ברף,הנקל סוד,RS,ברף בניחוח מתחלף לוט,יחידה,1.00,יחידה,false,1,9.90,9.90,true,1,
9000101537550,false,פרסיל קאפסולות לכביסה לבנה וצבעונית 52 יח',הנקל סוד,HU,קפסולות פאוור קאפס פ,Unknown,0.00,Unknown,false,1,67.90,67.90,true,1,
9000101537581,false,פרסיל קאפסולות לכביסה צבעונית 52 יחידו,הנקל סוד,HU,קפסולות פאוור קאפס פ,Unknown,0.00,Unknown,false,1,67.90,67.90,true,1,
9000101548211,false,קולור קאצ'ר לוכד צבעים40,הנקל סוד,IE,לוכד צבעים 40 יחידות,Unknown,0.00,Unknown,false,1,29.90,29.90,true,1,
9002859042409,false,גונץ שעועית אדומה 800 גרם,,IT,גונץ שעועית אדומה 80,גרמים,800.00,100 גרם,false,1,15.90,1.99,true,1,
9002859049286,false,ניקו צילי חריף במטחנה 95 גרם גונץ,Gunz,,ניקו צילי חריף במטחנ,גרמים,95.00,100 גרם,false,1,12.90,13.58,true,1,
9002859050848,false,מטבעות זהב וכסף ברשת 100 גרם גונץ,,,מטבעות זהב וכסף ברשת,גרמים,100.00,100 גרם,false,1,10.90,10.90,true,1,
9002859054099,false,גונץ בונבוניירת מוצרט משושה 300 גרם,GUNZ WARENHANDELS,AT,מוצרט משושה 300 גרם,גרמים,300.00,100 גרם,false,1,29.90,9.97,true,1,
9002859055591,false,בוגי-סוכ'בפחית בטעם לימון 200 גרם 1/12(86107),,,בוגי-סוכריות בפחית ב,גרמים,200.00,100 גרם,false,1,12.50,6.25,true,1,
9002859066047,false,בוגי-סוכ'בפחית בטעם קפה 200 גרם 1/12(86105),GUNZ WARENHANDELS,,בוגי-סוכריות בפחית ב,גרמים,200.00,100 גרם,false,1,12.50,6.25,true,1,
9002859090851,false,גונץ-מרשמלו לבבות 200 ג,GUNZ WARENHANDELS,,גונץ-מרשמלו לבבות 20,גרמים,200.00,100 גרם,false,1,10.90,5.45,true,1,
9002975393843,false,סוכריות גילי הריבו גולדברס 70 גרם,"האריבו , ג'\י.אם.בי.אייץ",AT,סוכריות גילי הריבו ג,גרמים,70.00,100 גרם,false,1,7.30,10.43,true,1,
9004380002204,false,"טוויסט פינה קולדה 0.0% 235 מ""ל קרטונית",,AT,נדסה-משקה מוחיטו 230,מיליליטרים,230.00,"100 מ""ל",false,1,10.90,4.74,true,1,
9004998901227,false,פצפוצי דובדבן אורגני מצופה בשוקולד 50 גר,,AT,פצפוצי דובדבן אורגני,גרמים,50.00,100 גרם,false,1,13.90,27.80,true,1,
9008700111546,false,נקטר דובדבנים חמוצים 1ל',Rauch fruchtsafte gm,HU,נקטר דובדבן 1 ליטר,מיליליטרים,1000.00,"100 מ""ל",false,1,14.60,1.46,true,1,
9013100062053,false,"ליקר מוצרט שוקולד גולד 500 מ""ל",,,ליקר מוצרט שוקולד גו,מיליליטרים,500.00,"100 מ""ל",false,1,93.90,18.78,true,1,
9310072028750,false,טים טם Tim Tam וופל שוקולד ציפוי כפול,"ארנוטס ביסקוויטס בע""",AU,טים טם דאבל 200 גרם,גרמים,200.00,100 גרם,false,1,15.90,7.95,true,1,
9312631143737,false,תה ירוק דילמה 100 שק*1.5 ג,דילמח,,תה ירוק דילמה 100 שק,גרמים,150.00,100 גרם,false,1,27.90,18.60,true,1,
9322969000046,false,פריכיות תירס שומשום אורגני ריל פודס 150 ג',אף.סי תבליני בגליל ב,AU,פריכויות תירס אורגני,גרמים,150.00,100 גרם,false,1,11.90,7.93,true,1,
9720006678751,false,כבד דגים איסלנד 115 גרם,איטל איסלנד,IS,כבד דגים 115 גרם,גרמים,115.00,100 גרם,false,1,8.90,7.74,true,1,
9720188050109,false,ממרח על בסיס סויה בסגנון גבינה טופוטי 225 גרם,טופוטי ברנדס אינק.ג',IL,גבינת טופו בטעמים,גרמים,225.00,100 גרם,false,1,21.90,9.73,true,1,
9871184221359,false,גאודה הולנדית 30% במשקל,,,גאודה הולנדית 30%,Unknown,0.00,"ק""ג",true,0,73.00,73.00,true,1,
9871184221365,false,גאודה הולנדית עם רוטב חריף סמבל במשקל,,,גאודה הולנדית,Unknown,0.00,"ק""ג",true,0,129.00,129.00,true,1,
9871184221367,false,גאודה עיזים הולנדית במשקל,,,גאודה עיזים הולנדית,Unknown,0.00,"ק""ג",true,0,115.00,115.00,true,1,
