code,internal_code,name,manufacturer_name,manufacture_country,manufacturer_item_description,unit_qty,quantity,unit_of_measure,weighted,qty_in_package,price,unit_of_measure_price,allow_discount,status,item_id
602,false,בצל יבש,,,בצל יבש,Unknown,0.00,"ק""ג",true,0,3.90,3.90,true,1,
619,false,פלפל אדום,,,פלפל אדום,Unknown,0.00,"ק""ג",true,0,9.90,9.90,true,1,
5942,false,"תפו""ע קריספי",,,"תפו""ע קריספי",Unknown,0.00,"ק""ג",true,0,10.90,10.90,true,1,
6031,false,נקניק פיקולו יבש שלם,,,נקניק פיקולו יבש שלם,Unknown,0.00,"ק""ג",true,0,126.00,126.00,true,1,
9966,false,משלוח אינטרנט,,,משלוח אינטרנט,Unknown,0.00,Unknown,false,1,29.90,29.90,true,1,
9988,false,איסוף עצמי,,,איסוף עצמי,Unknown,0.00,Unknown,false,1,15.00,15.00,true,1,
46020,false,גבינה צהובה גלבוע 22% במשקל תנובה,,,גבינה צהובה גלבוע-במ,Unknown,0.00,"ק""ג",true,0,40.59,40.59,true,1,
47027,false,קולאז קצקבל גלעד במשקל,,,קולאז קצקבל גלעד,קילוגרמים,0.00,"ק""ג",true,0,129.90,129.90,true,1,
47485,false,בולגרית פיראוס 24% במשקל,,,בולגרית פיראוס 24% ב,Unknown,0.00,"ק""ג",true,0,56.00,56.00,true,1,
53219,false,גבינה חריץ טל העמק 32% במשקל,,,גבינה טל העמק 32%,Unknown,0.00,"ק""ג",true,0,58.00,58.00,true,1,
56326,false,גבינה שוויצרית במשקל,,,גבינה שוויצרית במשקל,Unknown,0.00,"ק""ג",true,0,74.00,74.00,true,1,
90010,false,מסכה *10 ללא החזרה KN95,,,ללא החזרה KN95 מסכות,Unknown,0.00,Unknown,false,1,129.90,129.90,true,1,
363189,false,נקניק סרוולט טירת צבי,,,נקניק סרוולט,Unknown,0.00,"ק""ג",true,0,148.00,148.00,true,1,
363462,false,סלמי מעושן איטלקי טירת צבי במשקל,,,סלמי מעושן איטלקי,Unknown,0.00,"ק""ג",true,0,75.00,75.00,true,1,
363486,false,נקניק תה טירת צבי במשקל,,,נקניק תה טירת צבי,Unknown,0.00,"ק""ג",true,0,55.00,55.00,true,1,
365107,false,כתף מפולפלטירת צבי,,,כתף מפולפל,Unknown,0.00,"ק""ג",true,0,98.00,98.00,true,1,
369341,false,לבנה אבו גוש ירוק במשקל,,,לבנה אבו גוש ירוק במ,Unknown,0.00,"ק""ג",true,0,50.00,50.00,true,1,
554655,false,מוצרלה נקניק מעושן במשקל,,,מוצרלה נקניק מעושן,Unknown,0.00,"ק""ג",true,0,86.00,86.00,true,1,
554792,false,בולגרית מעודנת 5% במשקל,,,בולגרית מעודנת 5%,Unknown,0.00,"ק""ג",true,0,60.00,60.00,true,1,
554815,false,מוצרלה טבעית במשקל,,,מוצרלה טבעית במשקל,Unknown,0.00,"ק""ג",true,0,83.00,83.00,true,1,
554891,false,בולגרית מעודנת 16%,,,בולגרית מעודנת 16%,Unknown,0.00,"ק""ג",true,0,60.00,60.00,true,1,
554969,false,גבינת שמנת 30% טבעי,,,גבינת שמנת 30% טבעי,Unknown,0.00,"ק""ג",true,0,45.00,45.00,true,1,
554990,false,מוצרלה כדורים גדולים במשקל,,,כדורי מוצרלה במשקל,Unknown,0.00,"ק""ג",true,0,95.00,95.00,true,1,
1258101,false,גאודה טבעית במשקל,,,גאודה טבעית במשקל,Unknown,0.00,"ק""ג",true,0,99.00,99.00,true,1,
1258170,false,גבינת רוקפור צאן במשקל-יעקבס,,,גבינת רוקפור צאן במש,גרמים,0.00,"ק""ג",true,0,136.00,136.00,true,1,
1356258,false,מקרל מעושן M במשקל,,,מקרל מעושן M במשקל,Unknown,0.00,"ק""ג",true,0,77.00,77.00,true,1,
1356425,false,פילה מטיאס במשקל,,,פילה מטיאס במשקל,Unknown,0.00,"ק""ג",true,0,47.00,47.00,true,1,
1356630,false,פילה  הרינג כבוש במשקל,,,פילה  הרינג כבוש במש,Unknown,0.00,"ק""ג",true,0,47.00,47.00,true,1,
1411827,false,שוקיים/כרעיים מעושן,,,שוקיים/כרעיים מעושן,Unknown,0.00,"ק""ג",true,0,49.00,49.00,true,1,
1427149,false,פריזר צאינאייה מיני,,IL,פריזר צאינאייה מיני,Unknown,0.00,"ק""ג",true,0,82.00,82.00,true,1,
2220675,false,גרנה פדנו איטלקית במשקל,,,גרנה פדנו איטלקית,Unknown,0.00,"ק""ג",true,0,136.00,136.00,true,1,
2345879,false,פרמזנו רגאנו במשקל,,IT,פרמזנו רגאנו במשקל,Unknown,0.00,"ק""ג",true,0,173.00,173.00,true,1,
2511137,false,פטה עיזים 20% במשקל,,,פטה עיזים 20% במשקל,Unknown,0.00,"ק""ג",true,0,100.00,100.00,true,1,
2511229,false,בולגרית מעודנת 16% במשקל,,,בולגרית מעודנת 16% ב,Unknown,0.00,"ק""ג",true,0,42.00,42.00,true,1,
2511236,false,גבינה בולגרית מעודנת 5% במשקל,,,גבינה בולגרית מעודנת,גרמים,0.00,"ק""ג",true,0,42.00,42.00,true,1,
2511281,false,ברינזה צאן במשקל,,,ברינזה צאן במשקל,Unknown,0.00,"ק""ג",true,0,76.00,76.00,true,1,
2511427,false,אצבעות שוקלד וניל במשקל,,,אצבעות שוקלד וניל במ,Unknown,0.00,"ק""ג",true,0,60.00,60.00,true,1,
2617471,false,גבינת צדר אנגלית מיושנת במשקל,,,גבינת צדר אנגלית,Unknown,0.00,"ק""ג",true,0,126.00,126.00,true,1,
2617488,false,גבינת צדר אנגלית מיושנת במשקל,,,גבינת צדר אנגלית,Unknown,0.00,"ק""ג",true,0,120.00,120.00,true,1,
2617495,false,גבינת צדר אנגלית עם וויסקי במשקל,,,גבינת צדר אנגלית,Unknown,0.00,"ק""ג",true,0,159.00,159.00,true,1,
2617501,false,גבינת צדר עם חמוציות במשקל,,,גבינת צדר עם חמוציות,Unknown,0.00,"ק""ג",true,0,166.00,166.00,true,1,
2749561,false,נקניקיות בוואריה מזרע,,,נקניקיות בוואריה,Unknown,0.00,"ק""ג",true,0,79.00,79.00,true,1,
2837121,false,גבינת פושיחונסקי במשקל,,,גבינת פושיחונסקי במש,Unknown,0.00,"ק""ג",true,0,79.00,79.00,true,1,
3018680,false,נקניק קרקובסקיה דימוב,,,נקניק קרקובסקיה,Unknown,0.00,"ק""ג",true,0,109.00,109.00,true,1,
3131211,false,כוסברה במשקל,,,כוסברה במשקל,Unknown,0.00,"ק""ג",true,0,40.00,40.00,true,1,
3131266,false,גרעיני חמניה במשקל,,,גרעיני חמניה במשקל,Unknown,0.00,"ק""ג",true,0,29.00,29.00,true,1,
3131303,false,חילבה במשקל,,,חילבה במשקל,Unknown,0.00,"ק""ג",true,0,39.00,39.00,true,1,
3131358,false,שזיף מגולען,,,שזיף מגולען,Unknown,0.00,"ק""ג",true,0,39.00,39.00,true,1,
3131785,false,אגוז מוסקט,,,אגוז מוסקט,Unknown,0.00,"ק""ג",true,0,179.00,179.00,true,1,
3189045,false,צהובה הולנדית במשקל,,,צהובה הולנדית במשקל,קילוגרמים,0.00,"ק""ג",true,0,37.00,37.00,true,1,
3189274,false,צהובה מעושנת במשקל,,,צהובה מעושנת במשקל,קילוגרמים,0.00,"ק""ג",true,0,37.00,37.00,true,1,
3192014,false,פקאן במשקל,,,פקאן במשקל,Unknown,0.00,"ק""ג",true,0,99.00,99.00,true,1,
3192502,false,חמוצים ב-6.90 ₪ ל-100 גר,,,חמוצים בתפזורת,Unknown,0.00,"ק""ג",true,0,69.00,69.00,true,1,
3192618,false,צנובר סיני,,,צנובר סיני,Unknown,0.00,"ק""ג",true,0,248.00,248.00,true,1,
3192854,false,קשיו טבעי במשקל,,,קשיו טבעי במשקל,Unknown,0.00,"ק""ג",true,0,80.00,80.00,true,1,
3211234,false,פפריקה מתוקה במשקל,,,פפריקה מתוקה במשקל,Unknown,0.00,"ק""ג",true,0,54.00,54.00,true,1,
3211920,false,מלון במשקל,,,מלון במשקל,Unknown,0.00,"ק""ג",true,0,80.00,80.00,true,1,
3213221,false,קארי מסאלה 1במשקל,,,קארי מסאלה 1במשקל,Unknown,0.00,"ק""ג",true,0,90.00,90.00,true,1,
3213344,false,חמוציות במשקל,,,חמוציות במשקל,Unknown,0.00,"ק""ג",true,0,80.00,80.00,true,1,
3213375,false,שקד טבעי,,,שקד טבעי,Unknown,0.00,"ק""ג",true,0,69.00,69.00,true,1,
3213382,false,אגוז מלך,,,אגוז מלך,Unknown,0.00,"ק""ג",true,0,59.00,59.00,true,1,
3213399,false,אגוז ברזיל,,,אגוז ברזיל,Unknown,0.00,"ק""ג",true,0,99.00,99.00,true,1,
3213573,false,משמש מיובש אוזבקי במשקל,,,משמש מיובש אוזבקי,Unknown,0.00,"ק""ג",true,0,69.00,69.00,true,1,
3213757,false,קשיו בדבש,,,קשיו בדבש,Unknown,0.00,"ק""ג",true,0,110.00,110.00,true,1,
3213764,false,פקאן מסוכר,,,פקאן מסוכר,Unknown,0.00,"ק""ג",true,0,120.00,120.00,true,1,
3345397,false,באס טרי 500/600,,,באס טרי 500-600 נטו,Unknown,0.00,"ק""ג",true,0,46.90,46.90,true,1,
3345724,false,שוקיים עוף בלי עור,,,שוקיים עוף בלי עור,Unknown,0.00,"ק""ג",true,0,34.90,34.90,true,1,
3345731,false,כרעיים ללא עור ושומן,,,כרעיים ללא עור ושומן,Unknown,0.00,"ק""ג",true,0,27.90,27.90,true,1,
3464562,false,סטייק סינטה עגל טרי,,,סטייק סינטה עגל,Unknown,0.00,"ק""ג",true,0,104.90,104.90,true,1,
3800001,false,כנפיים טרי לוקס,,,כנפיים טרי לוקס,Unknown,0.00,"ק""ג",true,0,21.90,21.90,true,1,
3800513,false,פילה עוף טרי,,,פילה עוף טרי,Unknown,0.00,"ק""ג",true,0,39.90,39.90,true,1,
4050191,false,נקניק סלמי הונגרי,,,נקניק סלמי הונגרי,Unknown,0.00,"ק""ג",true,0,175.00,175.00,true,1,
4050283,false,פפרוני עגל במשקל,,,פפרוני עגל במשקל,Unknown,0.00,"ק""ג",true,0,165.00,165.00,true,1,
4050443,false,בייקון במשקל,,,בייקון במשקל,Unknown,0.00,"ק""ג",true,0,200.00,200.00,true,1,
4050597,false,פרושוטו,,,פרושוטו,Unknown,0.00,"ק""ג",true,0,312.00,312.00,true,1,
4050801,false,לשון בקר איטלקי,,,לשון בקר איטלקי,Unknown,0.00,"ק""ג",true,0,135.00,135.00,true,1,
4050894,false,נקניק סלמי כפרי,,,נקניק סלמי כפרי,Unknown,0.00,"ק""ג",true,0,175.00,175.00,true,1,
4051006,false,קישקע ארוז קפוא מזרע,,,קישקע קפוא מזרע,Unknown,0.00,"ק""ג",true,0,44.90,44.90,true,1,
4051013,false,בלוק פטה כבד עוף,,,בלוק פטה כבד עוף,Unknown,0.00,"ק""ג",true,0,85.00,85.00,true,1,
4051037,false,נקניקיות סליווצנה,,,נקניקיות סליווצנה,Unknown,0.00,"ק""ג",true,0,60.00,60.00,true,1,
4051174,false,סרוולט אוסטרי במשקל,,,סרוולט אוסטרי,Unknown,0.00,"ק""ג",true,0,175.00,175.00,true,1,
4051204,false,פסטרמה הודו עם אווז,,,פסטרמה הודו עם אווז,Unknown,0.00,"ק""ג",true,0,135.00,135.00,true,1,
4051402,false,צוואר מעושן במשקל,,,צוואר מעושן במשקל,Unknown,0.00,"ק""ג",true,0,170.00,170.00,true,1,
4051464,false,נקניק סלמי מילאנו,,,נקניק סלמי מילאנו,Unknown,0.00,"ק""ג",true,0,155.00,155.00,true,1,
4051563,false,נקניק סלמי צרפתי,,,נקניק סלמי צרפתי,Unknown,0.00,"ק""ג",true,0,175.00,175.00,true,1,
4051594,false,נקניק סלמי פארמה במשקל,,,נקניק סלמי פארמה,Unknown,0.00,"ק""ג",true,0,105.00,105.00,true,1,
4051785,false,מורטדלה איטלקית,,,מורטדלה איטלקית,Unknown,0.00,"ק""ג",true,0,70.00,70.00,true,1,
4052034,false,נקניק מוסקובסקיה -מזרע,,,נקניק מוסקובסקיה,Unknown,0.00,"ק""ג",true,0,115.00,115.00,true,1,
4052072,false,סלה דומשניה,,,סלה דומשניה,Unknown,0.00,"ק""ג",true,0,105.00,105.00,true,1,
4052102,false,עוף מעושן בטעם רוסי במשקל,,,עוף מעושן בטעם רוסי,Unknown,0.00,"ק""ג",true,0,75.00,75.00,true,1,
4052119,false,חטיפי קבנוס רו,,,חטיפי קבנוס רו,Unknown,0.00,"ק""ג",true,0,179.00,179.00,true,1,
4052188,false,חזה הודו מעושן בגריל במשקל,,,חזה הודו מעושן בגריל,Unknown,0.00,"ק""ג",true,0,80.00,80.00,true,1,
4052386,false,פסטרמה אסאדו לבן במשקל,,,פסטרמה אסאדו לבן במש,Unknown,0.00,"ק""ג",true,0,140.00,140.00,true,1,
4052652,false,רו בייקון במשקל,,,רו בייקון במשקל,Unknown,0.00,"ק""ג",true,0,260.00,260.00,true,1,
4052676,false,נקניקיות פרגית במשקל מזרע,,,נקניקיות פרגית במשקל,Unknown,0.00,"ק""ג",true,0,36.00,36.00,true,1,
4052775,false,נקניקיות 100 פרנקפורטר,,,נקניקיות 100 פרנקפור,Unknown,0.00,"ק""ג",true,0,65.00,65.00,true,1,
4052973,false,רוסטביף ללא חומר משמר במשקל,,,רוסטביף,Unknown,0.00,"ק""ג",true,0,195.00,195.00,true,1,
4053024,false,נקניק פפרוני,,,נקניק פפרוני,Unknown,0.00,"ק""ג",true,0,165.00,165.00,true,1,
4053161,false,נקניק רוסקי סרוולט,,,נקניק רוסקי סרוולט,Unknown,0.00,"ק""ג",true,0,165.00,165.00,true,1,
4053215,false,פסטרמה על האש,,,פסטרמה על האש,Unknown,0.00,"ק""ג",true,0,139.00,139.00,true,1,
4053413,false,קרביינקה,,,קרביינקה,Unknown,0.00,"ק""ג",true,0,80.00,80.00,true,1,
4054014,false,שינקן מעושן במשקל,,,שינקן מעושן במשקל,Unknown,0.00,"ק""ג",true,0,130.00,130.00,true,1,
4054021,false,שינקן פולני פולני חצי במשקל,,,שינקן פולני במשקל,Unknown,0.00,"ק""ג",true,0,120.00,120.00,true,1,
4054038,false,שינקן צועני במשקל,,,שינקן צועני במשקל,Unknown,0.00,"ק""ג",true,0,120.00,120.00,true,1,
4054366,false,סלמי מוסקובסקי סרוולט,,,מוסקובסקי סרוולד,Unknown,0.00,"ק""ג",true,0,160.00,160.00,true,1,
4054427,false,שוק חזירון בלי עצם,,,פסטרמה שוק חזירון,Unknown,0.00,"ק""ג",true,0,110.00,110.00,true,1,
4054953,false,סרוולט איטלקי,,,סרוולט איטלקי,Unknown,0.00,"ק""ג",true,0,115.00,115.00,true,1,
4055103,false,נקניקיות עגל במשקל,,,נקניקיות עגל במשקל,Unknown,0.00,"ק""ג",true,0,50.00,50.00,true,1,
4055943,false,לקס עגל,,,לקס עגל,Unknown,0.00,"ק""ג",true,0,220.00,220.00,true,1,
4068394,false,קממבר בקר במשקל,,,קממבר בקר במשקל,Unknown,0.00,"ק""ג",true,0,105.00,105.00,true,1,
4135324,false,בולגרית פיראוס מעודנת 5% במשקל,,,בולגרית פיראוס מעודנ,Unknown,0.00,"ק""ג",true,0,49.00,49.00,true,1,
4136291,false,גבינה צפתית מעודנת 5% במשקל,,,גבינה צפתית מעודנת 5,Unknown,0.00,"ק""ג",true,0,58.00,58.00,true,1,
4412166,false,אשכולית אדומה,,,אשכולית אדומה,Unknown,0.00,"ק""ג",true,0,5.99,5.99,true,1,
4412210,false,זנגביל,,,זנגביל,Unknown,0.00,"ק""ג",true,0,50.00,50.00,true,1,
4412227,false,"תפו""א אדום",,,תפוא אדום,Unknown,0.00,"ק""ג",true,0,5.90,5.90,true,1,
4412319,false,בטטה,,,בטטה,Unknown,0.00,"ק""ג",true,0,9.90,9.90,true,1,
4412340,false,קלמנטינה,,,קלמנטינה,Unknown,0.00,"ק""ג",true,0,9.90,9.90,true,1,
4412357,false,רימון,,,רימון,Unknown,0.00,"ק""ג",true,0,9.90,9.90,true,1,
4412395,false,תפוז ברשת,,,תפוז ברשת,Unknown,0.00,"ק""ג",true,0,3.99,3.99,true,1,
4412418,false,קיווי,,,קיווי,Unknown,0.00,"ק""ג",true,0,26.90,26.90,true,1,
4412432,false,תפוזים,,,תפוזים,Unknown,0.00,"ק""ג",true,0,9.90,9.90,true,1,
4412456,false,"תפו""ע חרמון",,,תפוע חרמון,Unknown,0.00,"ק""ג",true,0,11.99,11.99,true,1,
4412463,false,"תפו""ע מוזהב",,,תפוע מוזהב,Unknown,0.00,"ק""ג",true,0,12.90,12.90,true,1,
4412470,false,"תפו""ע סמיט",,,תפוע סמיט,Unknown,0.00,"ק""ג",true,0,12.90,12.90,true,1,
4412487,false,שזיף אדום,,,שזיף אדום,Unknown,0.00,"ק""ג",true,0,7.95,7.95,true,1,
4412500,false,בצל אדום,,,בצל אדום,Unknown,0.00,"ק""ג",true,0,5.99,5.99,true,1,
4412524,false,פומלית,,,פומלית,Unknown,0.00,"ק""ג",true,0,4.80,4.80,true,1,
4412531,false,ענבים ירוקים,,,ענבים ירוקים,Unknown,0.00,"ק""ג",true,0,39.90,39.90,true,1,
4412548,false,ענבים שחורים,,,ענבים שחורים,Unknown,0.00,"ק""ג",true,0,39.90,39.90,true,1,
4412579,false,מנגו,,,מנגו,Unknown,0.00,"ק""ג",true,0,5.54,5.54,true,1,
4412586,false,לימון,,,לימון,Unknown,0.00,"ק""ג",true,0,12.90,12.90,true,1,
4412616,false,בננות,,,בננות,Unknown,0.00,"ק""ג",true,0,5.90,5.90,true,1,
4412623,false,אגסים,,,אגסים,Unknown,0.00,"ק""ג",true,0,14.90,14.90,true,1,
4412630,false,אשכוליות,,,אשכוליות,Unknown,0.00,"ק""ג",true,0,4.99,4.99,true,1,
4412647,false,אבוקדו,,,אבוקדו,Unknown,0.00,"ק""ג",true,0,12.90,12.90,true,1,
4412654,false,אפרסמון,,,אפרסמון,Unknown,0.00,"ק""ג",true,0,7.90,7.90,true,1,
4412678,false,"תפו""א לבן",,,תפוא לבן,Unknown,0.00,"ק""ג",true,0,4.90,4.90,true,1,
4412685,false,פומלה,,,פומלה,Unknown,0.00,"ק""ג",true,0,8.90,8.90,true,1,
4412708,false,קולרבי,,,קולורבי,Unknown,0.00,"ק""ג",true,0,6.40,6.40,true,1,
4412715,false,קשואים,,,קישואים,Unknown,0.00,"ק""ג",true,0,6.95,6.95,true,1,
4412746,false,פלפל חריף,,,פלפל חריף,Unknown,0.00,"ק""ג",true,0,6.85,6.85,true,1,
4412777,false,פלפל צהוב,,,פלפל צהוב,Unknown,0.00,"ק""ג",true,0,10.90,10.90,true,1,
4412784,false,עגבניות,,,עגבניות,Unknown,0.00,"ק""ג",true,0,6.90,6.90,true,1,
4412791,false,סלק,,,סלק,Unknown,0.00,"ק""ג",true,0,3.95,3.95,true,1,
4412807,false,מלון,,,מלון,Unknown,0.00,"ק""ג",true,0,4.55,4.55,true,1,
4412814,false,מלפפונים,,,מלפפונים,Unknown,0.00,"ק""ג",true,0,5.90,5.90,true,1,
4412838,false,כרובית,,,כרובית,Unknown,0.00,"ק""ג",true,0,14.90,14.90,true,1,
4412845,false,כרוב אדום,,,כרוב אדום,Unknown,0.00,"ק""ג",true,0,4.60,4.60,true,1,
4412852,false,כרוב לבן,,,כרוב לבן,Unknown,0.00,"ק""ג",true,0,2.90,2.90,true,1,
4412869,false,חצילים,,,חצילים,Unknown,0.00,"ק""ג",true,0,9.90,9.90,true,1,
4412876,false,דלעת,,,דלעת,Unknown,0.00,"ק""ג",true,0,5.99,5.99,true,1,
4412883,false,גזר,,,גזר,Unknown,0.00,"ק""ג",true,0,4.90,4.90,true,1,
4412906,false,אבטיח,,,אבטיח,Unknown,0.00,"ק""ג",true,0,3.99,3.99,true,1,
4412920,false,מלפפון ארוז,,,מלפפון בייבי ארוז,Unknown,0.00,Unknown,false,0,5.90,5.90,true,1,
4467180,false,שניצל עוף דק דק שירות עצמי,,,שניצל עוף דק דק,Unknown,0.00,"ק""ג",true,0,48.90,48.90,true,1,
4485245,false,כרעיים עוף טרי במגש משק ארצי,,,כרעיים עוף טרי,Unknown,0.00,"ק""ג",true,0,39.90,39.90,true,1,
4485252,false,שוקיים עוף טרי במגש משק ארצי,,,שוקיים עוף טרי,Unknown,0.00,"ק""ג",true,0,49.90,49.90,true,1,
4530044,false,אמנטל צרפתי במשקל,,,אמנטל צרפתי במשקל,Unknown,0.00,"ק""ג",true,0,115.00,115.00,true,1,
4725600,false,גבינה צהובה סקנדינבית 31% במשקל,,,גבינה צהובה סקנדינבי,Unknown,0.00,"ק""ג",true,0,75.00,75.00,true,1,
4861025,false,גבינה בולגרית 5%,,,גבינה בולגרית 5%,Unknown,0.00,"ק""ג",true,0,42.00,42.00,true,1,
4861315,false,לבנה טבעי 5% שמן זית וזעתר,,,לבנה טבעי 5% שמן זית,Unknown,0.00,"ק""ג",true,0,42.00,42.00,true,1,
4861360,false,גבינה צפתית בטעמים 5%,,,גבינה צפתית בטעמים 5,Unknown,0.00,"ק""ג",true,0,58.00,58.00,true,1,
4982393,false,ברס בלו במשקל,,,ברס בלו במשקל,Unknown,0.00,"ק""ג",true,0,165.00,165.00,true,1,
5079412,false,גבינה אמנטל נעם במשקל,,,גבינה אמנטל נעם במשק,Unknown,0.00,"ק""ג",true,0,60.00,60.00,true,1,
5678400,false,ענבים ראד גלוב חרצנים,,,ענבים ראד גלוב חרצני,Unknown,0.00,"ק""ג",true,0,19.90,19.90,true,1,
5992964,false,פטה כבשים מסורתי במשקל,,,פטה כבשים מסורתי,Unknown,0.00,"ק""ג",true,0,100.00,100.00,true,1,
6187260,false,סינטה לבן טרי מפורק,,,סינטה לבנה  מפורקת,Unknown,0.00,"ק""ג",true,0,79.90,79.90,true,1,
6187451,false,סטייק צוואר לבן טרי,,,סטייק צוואר לבן טרי,Unknown,0.00,"ק""ג",true,0,84.90,84.90,true,1,
6187468,false,סטייק צלע לבן טרי,,,סטייק צלע לבן טרי,Unknown,0.00,"ק""ג",true,0,71.90,71.90,true,1,
6187529,false,מיני בייבי ריבס לבן,,,מיני בייבי ריבס לבן,Unknown,0.00,"ק""ג",true,0,109.00,109.00,true,1,
6188663,false,חזה הודו ברביקיו דל שומן מזרע,,,חזה הודו דל שומן,Unknown,0.00,"ק""ג",true,0,80.00,80.00,true,1,
6188717,false,חזה הודו רומני דל שומן מזרע,,,חזה הודו רומני דל.ש,Unknown,0.00,"ק""ג",true,0,85.00,85.00,true,1,
6192370,false,פילה אמנון 90-110,,,פילה אמנון טרי,Unknown,0.00,"ק""ג",true,0,74.00,74.00,true,1,
6217066,false,נקניקיות וינר מניה,,,נקניקיות וינר במשקל,Unknown,0.00,"ק""ג",true,0,69.00,69.00,true,1,
6217189,false,קייזר במשקל מניה,,,קייזר במשקל,Unknown,0.00,"ק""ג",true,0,139.00,139.00,true,1,
6219435,false,נקניק גולן מניה,,,נקניק גולן,Unknown,0.00,"ק""ג",true,0,115.00,115.00,true,1,
6355300,false,נתח בשר בקר טחון,,,בשר עגל טרי טחון,Unknown,0.00,"ק""ג",true,0,54.90,54.90,true,1,
6519566,false,פריזר אדום גדול,,,פריזר אדום גדול,Unknown,0.00,"ק""ג",true,0,59.00,59.00,true,1,
6520227,false,טחון הודו טרי,,,טחון הודו טרי,Unknown,0.00,"ק""ג",true,0,33.90,33.90,true,1,
6520340,false,שיפודי פרגיות טרי,,,שיפודי פרגיות טרי,Unknown,0.00,"ק""ג",true,0,69.90,69.90,true,1,
6520388,false,שניצל חזה עוף פרוס טרי,,,שניצל חזה עוף פרוס,Unknown,0.00,"ק""ג",true,0,29.90,29.90,true,1,
6520395,false,בשר עוף טרי טחון,,,בשר עוף טרי טחון,Unknown,0.00,"ק""ג",true,0,36.90,36.90,true,1,
6836052,false,פורל וורוד 500-600,,,פורל ורוד טרי,Unknown,0.00,"ק""ג",true,0,69.90,69.90,true,1,
6836908,false,פילה דניס 90-110,,,פילה דניס טרי,Unknown,0.00,"ק""ג",true,0,109.90,109.90,true,1,
6836922,false,בייבי סלמון,,,דג סלמון טרי,Unknown,0.00,"ק""ג",true,0,79.90,79.90,true,1,
6836991,false,סטייק סלמון טרי,,,סטייק סלמון טרי,Unknown,0.00,"ק""ג",true,0,82.90,82.90,true,1,
6837394,false,סלמי העמק מזרע,,,סלמי העמק,Unknown,0.00,"ק""ג",true,0,55.00,55.00,true,1,
6837509,false,גבינת דנאבלו דנמרק במשקל,,,גבינת דנאבלו דנמרק,Unknown,0.00,"ק""ג",true,0,126.00,126.00,true,1,
6841339,false,אמנון טרי 500/600,,,אמנון טרי,Unknown,0.00,"ק""ג",true,0,34.90,34.90,true,1,
6842121,false,ברמונדי טרי 600-800,,,ברמונדי טרי,Unknown,0.00,"ק""ג",true,0,54.90,54.90,true,1,
6843371,false,ספריבס חזה לבן ללא עור טרי,,,ספריבס חזה לבן ללא ע,Unknown,0.00,"ק""ג",true,0,85.90,85.90,true,1,
6843913,false,ירכיים עוף טרי,,,ירכיים עוף טרי,Unknown,0.00,"ק""ג",true,0,24.90,24.90,true,1,
6843944,false,עוף שלם טרי,,,עוף שלם טרי,Unknown,0.00,"ק""ג",true,0,9.90,9.90,true,1,
6843951,false,גרון/גב/עצמות עוף טרי,,,גרון/גב/עצמות עוף טר,Unknown,0.00,"ק""ג",true,0,5.90,5.90,true,1,
8175777,false,גבינת IBERICO מעורבת במשקל,,,גבינת IBERICO מעורבת,Unknown,0.00,"ק""ג",true,0,95.00,95.00,true,1,
8175906,false,גבינת עיזים במשקל,,,גבינת עיזים במשקל,Unknown,0.00,"ק""ג",true,0,120.00,120.00,true,1,
8379113,false,נקניק מוצרלה במשקל,,,נקניק מוצרלה במשקל,Unknown,0.00,"ק""ג",true,0,82.00,82.00,true,1,
8379854,false,גבינה גרוזינסקי במשקל,,,גבינה גרוזינסקי במשק,Unknown,0.00,"ק""ג",true,0,59.00,59.00,true,1,
8379977,false,גבינת סולוגוני במשקל,,,גבינת סולוגוני במשקל,Unknown,0.00,"ק""ג",true,0,74.00,74.00,true,1,
8403641,false,גבינה בימסטר רויאל במשקל,,,גבינה בימסטר רויאל ב,Unknown,0.00,"ק""ג",true,0,168.00,168.00,true,1,
8433853,false,כתף בקר מעושן מזרע,,,כתף בקר מעושנת מזרע,Unknown,0.00,"ק""ג",true,0,130.00,130.00,true,1,
8434638,false,פרגיות עוף שווארמה טרי,,IL,פרגית קצרה/ שווארמה,Unknown,0.00,"ק""ג",true,0,59.90,59.90,true,1,
8434683,false,צדר אדום גרמני במשקל,,,צדר אדום גרמני במשקל,Unknown,0.00,"ק""ג",true,0,84.00,84.00,true,1,
8434799,false,צדר לבן גרמני במשקל,,,צדר לבן גרמני במשקל,Unknown,0.00,"ק""ג",true,0,95.00,95.00,true,1,
8435208,false,בורי טרי 600-700,,,בורי טרי נקי,Unknown,0.00,"ק""ג",true,0,36.90,36.90,true,1,
8437103,false,גבינת סנט מור פחם במשקל,,,גבינת סנט מור פחם במ,Unknown,0.00,"ק""ג",true,0,157.00,157.00,true,1,
8437288,false,גבינת הדר בסגנון קממבר במשקל,,,גבינת הדר בסגנון קממ,Unknown,0.00,"ק""ג",true,0,157.00,157.00,true,1,
8438544,false,גבינה ברי במשקל,,,גבינה בר בסגנון ברי,Unknown,0.00,"ק""ג",true,0,150.00,150.00,true,1,
8438667,false,פסטרמה כתף רומני מזרע,,,פסטרמה כתף רומני,Unknown,0.00,"ק""ג",true,0,120.00,120.00,true,1,
8439213,false,פסטרמה הודו פרפר על האש מזרע,,,פסטרמה הודו פרפר על,Unknown,0.00,"ק""ג",true,0,75.00,75.00,true,1,
8439510,false,פסטרמה הודו בדבש מזרע,,,פסטרמה הודו בדבש,Unknown,0.00,"ק""ג",true,0,70.00,70.00,true,1,
8439527,false,פסטרמה הודו פרפר מעושן מזרע,,,פסטרמה הודו פרפר מעו,Unknown,0.00,"ק""ג",true,0,75.00,75.00,true,1,
8439541,false,פסטרמה הודו על האש,,,פסטרמה הודו על האש,Unknown,0.00,"ק""ג",true,0,70.00,70.00,true,1,
8439572,false,פסטרמה הודו פרפר רומני מזרע,,,פסטרמה הודו פרפר,Unknown,0.00,"ק""ג",true,0,75.00,75.00,true,1,
8439756,false,פסטרמה הודו פלפל מזרע,,,פסטרמה הודו פלפל,Unknown,0.00,"ק""ג",true,0,72.00,72.00,true,1,
8439787,false,פסטרמה לבנה רומנית מזרע,,,פסטרמה לבנה רומנית,Unknown,0.00,"ק""ג",true,0,120.00,120.00,true,1,
8440004,false,ירך לבן (פולקה) טרי,,,ירך לבן טרי,Unknown,0.00,"ק""ג",true,0,64.90,64.90,true,1,
8442688,false,נקניק כפרית יבש מזרע,,,נקניק כפרית יבש,Unknown,0.00,"ק""ג",true,0,162.00,162.00,true,1,
8462310,false,גבינה סנט מור צרפתית במשקל,,,גבינה סנט מור צרפתית,Unknown,0.00,"ק""ג",true,0,154.00,154.00,true,1,
8713438,false,גאודה מיושנת גלגל במשקל D DAIRY,,,גאודה הולנדית מיושנת,Unknown,0.00,"ק""ג",true,0,115.00,115.00,true,1,
9441017,false,עגבניות שרי,,,עגבניות שרי,Unknown,0.00,"ק""ג",true,0,14.90,14.90,true,1,
9990025,false,שובר אתר 25 שח,,,שובר אתר 25 שח,Unknown,0.00,Unknown,false,1,0.10,0.10,true,1,
9994100,false,סלמון טראוט מעושן פוסן במשקל,,,סלמון טראוט מעושן פו,Unknown,0.00,"ק""ג",true,0,195.00,195.00,true,1,
9999212,false,משלוח באתר,,,משלוח מיוחד באתר,Unknown,0.00,Unknown,false,1,0.10,0.10,true,1,
42299363,false,דאו רול און לגבר FRESH OCEAN ניוואה 50 מ,,,דאו רול און לגבר FRE,מיליליטרים,50.00,"100 מ""ל",false,1,23.50,47.00,true,1,
72940761,false,מילקי שוקולד 130 גרם,,,מילקי שוקולד 130 גרם,גרמים,130.00,100 גרם,false,1,2.90,2.23,true,1,
72940952,false,מילקי פי 2 קצפת 104 גרם,,,מילקי פי 2 קצפת 104,גרמים,104.00,100 גרם,false,1,3.70,3.56,true,1,
72941041,false,מיני מילקי שוקולד 62 גרם,,,מיני מילקי שוקולד 62,גרמים,62.00,100 גרם,false,1,2.10,3.39,true,1,
72945308,false,שמרית קוביה 50 גרם,,,שמרית קוביה 50 גרם,גרמים,50.00,100 גרם,false,1,4.00,8.00,true,1,
80042563,false,מחית עגבניות קלה 700 גרם,,IT,מחית עגבניות קלה 700,גרמים,700.00,100 גרם,false,1,11.90,1.70,true,1,
80052760,false,חטיף קינדר בואנו 43 גר,,,חטיף קינדר בואנו 43,גרמים,43.00,100 גרם,false,1,3.80,8.84,true,1,
80136194,false,קינדר הפי היפו אגוזי לוז חמישייה 103.5 ג,,,קינדר הפי היפו אגוזי,גרמים,104.00,100 גרם,false,1,12.20,11.73,true,1,
80177173,false,ממרח נוטלה 350 גרם,,,ממרח נוטלה 350 גרם,גרמים,350.00,100 גרם,false,1,14.90,4.26,true,1,
80177616,false,טבלת שוקולד קינדר 100 גרם,,,טבלת שוקולד קינדר 10,גרמים,100.00,100 גרם,false,1,8.40,8.40,true,1,
80273561,false,פלפל שחור במטחנה 45 גר ארומה דה טוסקנה,,,פלפל שחור במטחנה 45,גרמים,45.00,100 גרם,false,1,14.20,31.56,true,1,
80525264,false,Agnesi רוטב עגבניות ובזיל 400 גר,,IT,רוטב עגבניות,גרמים,400.00,100 גרם,false,0,14.60,3.65,true,1,
80525462,false,Agnesi רוטב עגבניות נפוליטנה 400 גר,,IT,Agnesi רוטב עגבניות,גרמים,400.00,100 גרם,false,0,14.60,3.65,true,1,
80651000,false,שום צילי במטחנה 30 גרם ארומה דה טוסקנה,,,שום צילי במטחנה 30 ג,גרמים,30.00,100 גרם,false,1,14.20,47.33,true,1,
87108651,false,מנטוס מנטה 1/4,,,מנטוס מנטה 1/4,גרמים,150.00,100 גרם,false,1,11.40,7.60,true,1,
90087998,false,"מיץ לימון טבעי 250 מ""ל",,,מיץ לימון טבעי 250 מ,מיליליטרים,250.00,"100 מ""ל",false,1,7.70,3.08,true,1,
9800800056,false,נוטלה & גו 52 גרם,,,נוטלה & גו 52 גרם,גרמים,52.00,100 גרם,false,1,4.90,9.42,true,1,
11182700954,false,קינג קול שעועית שחורה 439 גרם,,,קינג קול שעועית שחור,גרמים,439.00,100 גרם,false,1,12.10,2.76,true,1,
11210006508,false,רוטב פלפל הבנרו חריף טבסקו 60 מל,,,רוטב פלפל הבנרו חריף,מיליליטרים,60.00,"100 מ""ל",false,1,16.70,27.83,true,1,
13409341155,false,רוטב ברביקיו דבש 510 גר סוויט בייבי רייס,,,רוטב ברביקיו דבש 510,גרמים,510.00,100 גרם,false,1,23.90,4.69,true,1,
13409918104,false,רוטב ברביקיו אורגינל 510 גר סוויט בייבי,,,רוטב ברביקיו אורגינל,גרמים,510.00,100 גרם,false,1,23.90,4.69,true,1,
14100074120,false,עוגיות פפרידג פארם מילנו 198 גרם,,,עוגיות פפרידג פארם,גרמים,198.00,100 גרם,false,1,24.90,12.58,true,1,
14100082033,false,עוגיות פפרידג פארם קפטיבה בראוניז 244 גר,,,עוגיות פפרידג פארם ק,גרמים,244.00,100 גרם,false,1,24.90,10.20,true,1,
16000548404,false,קראנצי בטעם שיבולת שועל ודבש 210 גר,,,קראנצי בטעם שיבולת,גרמים,210.00,100 גרם,false,1,19.90,9.48,true,1,
16000548503,false,קראנצי בטעם מייפל וסוכר חום 210 גר,,,קראנצי בטעם מייפל,גרמים,210.00,100 גרם,false,1,19.90,9.48,true,1,
16000548909,false,חטיף ניישטר וואלי 1/5 בריאות מעורב 210 ג,,,חטיף ניישטר וואלי 1/,גרמים,210.00,100 גרם,false,1,19.90,9.48,true,1,
18000701223,false,תערובת לעוגת שוקולד 517 גרם פילסבורי,,,תערובת לעוגת שוקולד,גרמים,517.00,100 גרם,false,1,17.90,3.46,true,1,
18000703494,false,תערובת לעוגת וניל 517 גרם,,,תערובת לעוגת וניל 51,גרמים,524.00,100 גרם,false,1,17.90,3.42,true,1,
18000766413,false,תערובת לבראוניס 552 גרם,,,תערובת לבראוניס 552,גרמים,609.00,100 גרם,false,1,17.90,2.94,true,1,
18787764169,false,סבון נוזלי לבנדר של,,,סבון נוזלי לבנדר של,Unknown,0.00,Unknown,false,1,45.90,45.90,true,1,
19582000568,false,בולס איי רוטב ברביקיו אוריגינל 496 גר,,US,בולס איי רוטב ברביקי,גרמים,496.00,100 גרם,false,1,14.90,3.00,true,1,
21000052288,false,"קראפט רוטב ברביקיו 510 מ""ל",,US,קראפט רוטב ברביקיו 5,מיליליטרים,510.00,"100 מ""ל",false,1,11.90,2.33,true,1,
21200572357,false,שלושה ספוגי קירצוף לניקוי חזק ירוק,,,שלושה ספוגי קירצוף ל,Unknown,0.00,Unknown,false,1,15.60,15.60,true,1,
25675121058,false,חמצוצים רחב תפוח 115 גרם,,,חמצוצים רחב תפוח 115,גרמים,115.00,100 גרם,false,1,11.40,9.91,true,1,
25675301184,false,מקלות חמצוצים קולה 50 גרם,,,PASKESZ מקלות חמצוצי,גרמים,50.00,100 גרם,false,1,5.20,10.40,true,1,
29801025203,false,עוגיות חמאה קריספי - ב. באטרס 200 גר,,,עוגיות חמאה קריספי -,גרמים,200.00,100 גרם,false,1,20.90,10.45,true,1,
31290140176,false,שוקולד מריר עם שקדים 90 גר Godiva stick,,TR,שוקולד מריר עם שקדים,גרמים,90.00,100 גרם,false,1,14.90,16.56,true,1,
33984019515,false,ויטמין B12 מתילקובלאמין 1000 מק`ג,,,ויטמין B12 מתילקובלא,Unknown,0.00,Unknown,false,1,69.90,69.90,true,1,
34000148301,false,הרשי נטיפי שוקולד מריר לאפייה 340 גר,,,הרשי נטיפי שוקולד מר,גרמים,340.00,100 גרם,false,1,18.50,5.44,true,1,
34000544028,false,ממתקי טוויזלרס תות שדה  198 גרם,,,ממתקי טוויזלרס תות ש,גרמים,198.00,100 גרם,false,1,7.70,3.89,true,1,
38000138720,false,פרינגלס ראנץ 158 גרם,,,פרינגלס ראנץ 158 גרם,גרמים,158.00,100 גרם,false,1,8.90,5.63,true,1,
38000232152,false,פרינגלס ברביקיו 158 גרם,,,פרינגלס ברביקיו 158,גרמים,158.00,100 גרם,false,1,8.90,5.63,true,1,
38000232176,false,פרינגלס שמנת בצל 158 גרם,,,פרינגלס שמנת בצל 158,גרמים,158.00,100 גרם,false,1,8.90,5.63,true,1,
38000232183,false,פרינגלס אוריגינל 149 גרם,,,פרינגלס אוריגינל 149,גרמים,149.00,100 גרם,false,1,8.90,5.97,true,1,
39047001152,false,ווקרס עוגיות חמאה פינגרס 150 גרם,,,ווקרס עוגיות חמאה פי,גרמים,150.00,100 גרם,false,1,19.80,13.20,true,1,
39047014077,false,ווקרס עוגיות חמאה עגולות 150 + 33% חינם,,,ווקרס עוגיות חמאה עג,גרמים,150.00,100 גרם,false,1,19.80,13.20,true,1,
41190022663,false,שופ רייט דייסת מייפל סוכר חום 430 גרם,,,שופ רייט דייסת מייפל,גרמים,430.00,100 גרם,false,1,22.90,5.33,true,1,
41331124355,false,שעועית אדומה קידני כהה 439 גרם,,,שעועית אדומה קידני,גרמים,439.00,100 גרם,false,1,12.50,2.85,true,1,
41331124669,false,גויה שעועית שחורה 439 גרם,,,גויה שעועית שחורה 43,גרמים,439.00,100 גרם,false,1,11.90,2.71,true,1,
41390001079,false,"רוטב סויה מופחת נתרן קיקומן 444 מ""ל",,US,רוטב סויה מופחת נתרן,מיליליטרים,444.00,"100 מ""ל",false,1,19.90,4.48,true,1,
41500818436,false,"רד הוט רוטב באפלו לכנפיים 354 מ""ל",,,רד הוט רוטב באפלו לכ,מיליליטרים,354.00,"100 מ""ל",false,1,27.90,7.88,true,1,
42400108153,false,דגני פוסט טוטי פרוטי 354 גר,,US,דגני פוסט טוטי פרוטי,גרמים,354.00,100 גרם,false,1,21.90,6.19,true,1,
46214372250,false,"עוגיות  שטרודל תפו""ע  וצימוקים 225 גר",,,"עוגיות  שטרודל תפו""ע",גרמים,225.00,100 גרם,false,1,8.60,3.82,true,1,
46214731552,false,עוגיות מרבה שוקולד ציפס 225 גר,,,עוגיות מרבה שוקולד צ,גרמים,225.00,100 גרם,false,1,8.60,3.82,true,1,
50000428946,false,פנסי פיסט דג סול ושרימפס,,,פנסי פיסט דג סול ושר,גרמים,85.00,100 גרם,false,1,5.90,6.94,true,1,
50000429448,false,פנסי פיסט פטה מוס סלמון,,,פנסי פיסט מוס סלומון,גרמים,85.00,100 גרם,false,1,5.90,6.94,true,1,
50000429646,false,פנסי פיסט דגי אוקיינוס 85 גרם,,,פנסי פיסט דגי אוקיינ,גרמים,85.00,100 גרם,false,1,5.90,6.94,true,1,
51500255162,false,חמאת בוטנים חלקה 454 גר JIF,,,חמאת בוטנים חלקה 454,גרמים,454.00,100 גרם,false,1,18.80,4.14,true,1,
52100005966,false,גבישי שום 85 גר,,US,גבישי שום 85 גר,גרמים,85.00,100 גרם,false,1,29.50,34.71,true,1,
52100006260,false,אבקת שום 88 גר,,US,אבקת שום 88 גר,גרמים,88.00,100 גרם,false,1,29.50,33.52,true,1,
52100006468,false,גבישי בצל 56 גר,,US,גבישי בצל 56 גר,גרמים,56.00,100 גרם,false,1,17.90,31.96,true,1,
54881001779,false,אחמד תה 12 סוגים 60 שקיות,,,אחמד תה 12 סוגים 60,גרמים,120.00,100 גרם,false,1,31.50,26.25,true,1,
54881005654,false,תה ירוק יסמין 20 שקיקים,,,תה ירוק יסמין 20 שקי,Unknown,0.00,Unknown,false,1,16.00,16.00,true,1,
55369902564,false,"רסק תפו""ע ללת""ס רביעיות 113 גרם",,,"רסק תפו""ע ללת""ס רביע",גרמים,113.00,100 גרם,false,1,17.40,15.40,true,1,
58449450047,false,דייסת שיבולת שועל תפוח קינמון 400 גרם,,,דייסת שיבולת שועל תפ,גרמים,400.00,100 גרם,false,1,29.90,7.48,true,1,
70177086664,false,תה ירוק טהור 25 שק TWININGS,,,תה גרין פיור 50 גרם,Unknown,0.00,Unknown,false,1,21.90,21.90,true,1,
74261110334,false,רוטב סויה תמרי 1 ליטר,,,רוטב סויה תמרי 1 ל,מיליליטרים,1000.00,"100 מ""ל",false,1,35.90,3.59,true,1,
77975034071,false,סניידרס חטיף בייגלה ניברלס 255.2 גרם,,US,ביסוני בייגלה ניבלרס,גרמים,255.00,100 גרם,false,1,16.90,6.63,true,1,
77975036976,false,סלסה מטבל עגב.חריפות עדינה 439 ג סניידרס,,,סלסה מטבל עגב.חריפות,גרמים,439.00,100 גרם,false,1,18.80,4.28,true,1,
77975094624,false,סניידרס שברי בייגלה חמאת בוטנים 270 גר,,,סניידרס שברי בייגלה,גרמים,270.00,100 גרם,false,1,16.90,6.26,true,1,
77975094631,false,סניידרס סנדוויץ בייגלה קרם צידר 283 גר,,,סניידרס סנדוויץ בייג,גרמים,283.00,100 גרם,false,1,16.90,5.97,true,1,
77975094761,false,שברי בייגלה סניידרס בטעם צידר 340 גרם,,,שברי בייגלה סניידרס,גרמים,340.00,100 גרם,false,1,16.90,4.97,true,1,
77975094778,false,שברי בייגלה סניידרס בטעם דבש חרדל 340 גר,,,שברי בייגלה סניידרס,גרמים,340.00,100 גרם,false,1,16.90,4.97,true,1,
77975095157,false,שברי בייגלה סניידרס חלפיניו 318 גר,,US,שברי בייגלה סניידרס,גרמים,318.00,100 גרם,false,1,16.90,5.31,true,1,
82184090442,false,וויסקי גק דניאלס 1 ליטר,,,וויסקי גק דניאלס 1 ל,מיליליטרים,1000.00,"100 מ""ל",false,1,140.90,14.09,true,1,
93133737325,false,רוטב טריאקי שומשום עברית 566 גרם,,,רוטב טריאקי שומשום ע,גרמים,566.00,100 גרם,false,1,44.90,7.93,true,1,
350007641028,false,מש.שיניים קולגייט 2 ב-1 הלבנה 130 גר,,,מש.שיניים קולגייט 2,גרמים,130.00,100 גרם,false,1,19.90,15.31,true,1,
608614310395,false,קוסקוס בינוני חיטת דורום 350 גרם Avel,,IT,קוסקוס בינוני חיטת ד,גרמים,350.00,100 גרם,false,1,4.90,1.40,true,1,
621683920555,false,טינקיאדה אלבו פסטה ארוז ללא גלוטן 454 גר,,,טינקיאדה אלבו פסטה א,גרמים,454.00,100 גרם,false,1,25.50,5.62,true,1,
644209301126,false,תערובת להכנת פנקייק וואפל באטרמילק 907 ג,,,תערובת להכנת פנקייק,גרמים,907.00,100 גרם,false,1,23.90,2.64,true,1,
645173911038,false,קורנישון מיני בצנצנת 720 גרם,,,קורנישון מיני בצנצנת,גרמים,720.00,100 גרם,false,1,10.90,1.51,true,1,
649660432020,false,היל ויו שזיפים מיובשים מגולענים 567 גרם,,,היל ויו שזיפים מיובש,גרמים,567.00,100 גרם,false,1,29.90,5.27,true,1,
651080647519,false,חוט דנטלי גורדן פלאקרס פלוסר מנטה,,CN,חוט דנטלי פלאקרס מנט,Unknown,0.00,Unknown,false,1,13.50,13.50,true,1,
693493008327,false,פומאז בסגנון גבינת בולגרית 200 גרם,,IL,פומאז בסגנון גבינת ב,גרמים,200.00,100 גרם,false,1,16.90,8.45,true,1,
693493102575,false,עגבניות שרי,,,עגבניות שרי,Unknown,0.00,Unknown,false,1,10.90,10.90,true,1,
728229123590,false,חטיף ציפס  טרה אורגינל 110 גרם,,,חטיף ציפס  טרה אורגי,גרמים,110.00,100 גרם,false,1,14.90,13.55,true,1,
732494002320,false,קרטורס פופקורן תערובת גבינות 142 גרם,,US,קרטורס פופקורן תערוב,גרמים,142.00,100 גרם,false,1,29.90,21.06,true,1,
777915888299,false,"אקיטה רוטב סויה ללא גלוטן 450 מ""ל",,,אקיטה רוטב סויה ללא,מיליליטרים,450.00,"100 מ""ל",false,1,16.90,3.76,true,1,
787692834617,false,עוגיות חלבון שוקולד ציפ 114 גרם,,,עוגיות חלבון שוקולד,Unknown,0.00,Unknown,false,1,17.90,17.90,true,1,
835811001652,false,כוס לשתייה קרה 330 סמק 40 יח,,,כוס לשתייה קרה הנמל,Unknown,0.00,Unknown,false,1,12.50,12.50,true,1,
835811002079,false,נר נשמה בזכוכית 48 שעות,,,נר נשמה הנמל בזכוכית,Unknown,0.00,Unknown,false,1,4.50,4.50,true,1,
835811003878,false,שקיות אשפה עם ידיות הנמל 40 יח 50*70,,,שקיות אשפה עם ידיות,Unknown,0.00,Unknown,false,1,17.90,17.90,true,1,
835811005704,false,נייר עטיפה לכריכים 100 יח 35*25,,,נייר עטיפה לכריכים 1,Unknown,0.00,Unknown,false,1,13.90,13.90,true,1,
835811006770,false,תבנית הנמל מגש הכסף,,,תבנית הנמל מגש הכסף,Unknown,0.00,Unknown,false,1,15.50,15.50,true,1,
835811008347,false,גפרור ענק,,,גפרור ענק,Unknown,0.00,Unknown,false,1,8.60,8.60,true,1,
835811008934,false,מזלגות 50 יח שקוף/קרם עבה במיוחד,,TR,מזלגות שקוף 50 יח,Unknown,0.00,Unknown,false,1,20.90,20.90,true,1,
835811008989,false,כוסות קרטון 50 יח,,,כוסות קרטון 50 יח,Unknown,0.00,Unknown,false,1,19.80,19.80,true,1,
835811009023,false,כוסות קרטון 50 יח,,,כוסות קרטון 50 יח,Unknown,0.00,Unknown,false,1,19.80,19.80,true,1,
850835000498,false,תה מנקה,,,תה מנקה,Unknown,0.00,Unknown,false,1,31.90,31.90,true,1,
851621000043,false,"בירה 1664 Blanc בקבוק 330 מ""ל",,,בירה 1664 Blanc בקבו,מיליליטרים,330.00,"100 מ""ל",false,1,9.90,3.00,true,1,
851621000050,false,"שישיית בירה 1664 Blanc בקבוק 330 מ""ל",,,שישיית בירה 1664 Bla,מיליליטרים,1980.00,"100 מ""ל",false,1,40.90,2.07,true,1,
884912129512,false,דגני בוקר קוקו פבלס פלינסטון 311 גר,,US,דגני בוקר קוקו פבלס,גרמים,311.00,100 גרם,false,1,22.90,7.36,true,1,
890582000228,false,"יין סנגריה לוליילו רוזה 750 מ""ל",,ES,יין סנגריה לוליילו ר,Unknown,0.00,Unknown,false,1,29.90,29.90,true,1,
893594002051,false,חטיף פופקורן ציפס בטעם גבינה צידר 32 גר,PepsiCo inc. Frito lay Division,US,חטיף פופקורנס גבינת,גרמים,28.00,100 גרם,false,1,5.90,21.07,true,1,
897581000365,false,מרשמלו טבעוני 283 גרם,,IL,מרשמלו טבעוני 283 גר,גרמים,283.00,100 גרם,false,1,24.90,8.80,true,1,
1230000116022,false,המבורגר ביונד מיט זוג 226 גרם,,US,המבורגר ביונד מיט זו,גרמים,226.00,100 גרם,false,1,34.90,15.44,true,1,
2261746002521,false,גבינת בלו סטילטון אנגלית במשקל,,,גבינת בלו סטילטון,Unknown,0.00,"ק""ג",true,0,184.00,184.00,true,1,
3046920010801,false,לינדט שוקולד אקסלנס הזלנט 100 גר,,,לינדט שוקולד אקסלנס,גרמים,100.00,100 גרם,false,1,14.90,14.90,true,1,
3046920028004,false,לינדט שוקולד אקסלנס מריר 70% 100 גר,,,לינדט שוקולד אקסלנס,גרמים,100.00,100 גרם,false,1,14.90,14.90,true,1,
3046920028363,false,לינדט אקסלנס 85% 100 גרם,,,לינדט אקסלנס 85% 100,גרמים,100.00,100 גרם,false,1,14.90,14.90,true,1,
3046920029681,false,לינדט שוקולד אקסלנס מילד 85% קקאו 100 גר,,DE,לינדט שוקולד אקסלנס,גרמים,100.00,100 גרם,false,1,14.90,14.90,true,1,
3046920029759,false,"לינדט אקס 90%, 100 גרם",,,"לינדט אקס 90%, 100 ג",גרמים,100.00,100 גרם,false,1,14.90,14.90,true,1,
3073780574242,false,גבינה לה וואש קירי 16 280 גר,,,גבינה לה וואש קירי,גרמים,280.00,100 גרם,false,1,28.50,10.18,true,1,
3073780593083,false,גבינה לה וואש קירי 32 480 גר,,,גבינה לה וואש קירי,גרמים,480.00,100 גרם,false,1,50.50,10.52,true,1,
3073781162790,false,בייבי בל אדם 120 גר,,,בייבי בל אדם 120 גר,גרמים,120.00,100 גרם,false,1,16.50,13.75,true,1,
3090291119403,false,נורמנטל פרוסות 150 גרם,,,נורמנטל פרוסות 150 ג,גרמים,150.00,100 גרם,false,1,20.90,13.93,true,1,
3141360054405,false,מפיץ ריח למדיח בניחוח לימון פיניש,,,מפיץ ריח למדיח בניחו,Unknown,0.00,Unknown,false,1,15.60,15.60,true,1,
3161911393210,false,אלוויר חמאה נורמנדי מלוחה 200 גרם,,FR,אלוויר חמאה נורמנדי,גרמים,200.00,100 גרם,false,1,20.90,10.45,true,1,
3211200108756,false,"יין מיזון קסטל מרלו רוזה 750 מ""ל",,,יין מיזון קסטל מרלו,Unknown,0.00,Unknown,false,1,46.90,46.90,true,1,
3211201046521,false,מיזון קסטל סוביניון בלאן 750 מל,,,מיזון קסטל סוביניון,Unknown,0.00,Unknown,false,1,46.90,46.90,true,1,
3211201046613,false,מיזון קסטל בורדו מרלו 750 מל,,,מיזון קסטל בורדו מרל,Unknown,0.00,Unknown,false,1,51.90,51.90,true,1,
3211209194507,false,מיזון קסטל שרדונה 750 מל,,,מיזון קסטל שרדונה 75,Unknown,0.00,Unknown,false,1,46.90,46.90,true,1,
3211209968009,false,יין קמברה מרלו  1 ליטר,קמברה,,יין קמברה מרלו  1 לי,Unknown,0.00,Unknown,false,1,39.90,39.90,true,1,
3254550033279,false,קממבר 250 גר,,,קממבר 250 גר,גרמים,250.00,100 גרם,false,1,30.90,12.36,true,1,
3272770003148,false,שברו עיזים טבעי 150 גר,,,שברו עיזים טבעי 150,גרמים,150.00,100 גרם,false,1,24.90,16.60,true,1,
3387390525960,false,דגני בוקר קראנץ  500 גרם,,,דגני בוקר קראנץ  500,גרמים,500.00,100 גרם,false,1,22.90,4.58,true,1,
3574661363998,false,"מי פה ליסטרין תה ירוק 500 מ""ל",,,מי פה ליסטרין תה ירו,מיליליטרים,500.00,"100 מ""ל",false,1,23.90,4.78,true,1,
3607343817547,false,"דאו אדידס ספריי לגבר קליימקול 150 מ""ל",,PT,דאו אדידס ספריי לגבר,מיליליטרים,150.00,"100 מ""ל",false,1,15.90,10.60,true,1,
3662444002759,false,לחמניות שוקוציפס ראובנס 280 גרם,,FR,לחמניות שוקוציפס ראו,גרמים,280.00,100 גרם,false,1,21.90,7.82,true,1,
3662444002766,false,חלה בריוש ראובנס 500 גרם,,FR,חלה בריוש ראובנס 500,גרמים,500.00,100 גרם,false,1,24.90,4.98,true,1,
3800065723015,false,מקלות גריסיני מלוח קלאסי סוויט פלוס 235 גר,,BG,גריסיני קלאסי עם מלח,גרמים,235.00,100 גרם,false,1,8.90,3.79,true,1,
3800065781114,false,עוגת וופל צודו בוטנים 250 גרם,,BG,עוגת וופל במ.קרם קקא,גרמים,250.00,100 גרם,false,1,12.50,5.00,true,1,
3838945028547,false,"מיץ תפוח עץ 100% סחוט 200 מ""ל FRUCTAL",,,מיץ תפוח עץ 100% סחו,מיליליטרים,200.00,"100 מ""ל",false,1,4.90,2.45,true,1,
3838945509060,false,מיץ תפוחים 100% 1 ליטר FRUCTAL,,,מיץ תפוחים 100% 1 לי,מיליליטרים,1000.00,"100 מ""ל",false,1,14.60,1.46,true,1,
4000417026002,false,שוקולד ריטר ספורט נוגט 100 גרם,,,שוקולד ריטר ספורט נו,גרמים,100.00,100 גרם,false,1,8.90,8.90,true,1,
4000417222008,false,שוקולד ריטר ספורט חלב עם אגוזים 100 גר,,,שוקולד ריטר ספורט חל,גרמים,100.00,100 גרם,false,1,8.90,8.90,true,1,
4000417224002,false,שוקולד RITTER SPORT מריר אגוזים  100 גרם,,,שוקולד RITTER SPORT,גרמים,100.00,100 גרם,false,1,10.50,10.50,true,1,
4000417294005,false,שוקולד ריטר ספורט מוס קקאו 100 גרם,,,שוקולד RITTER SPORT,גרמים,100.00,100 גרם,false,1,8.90,8.90,true,1,
4001499013676,false,"פרוש ספריי לניקוי חלונות 500 מ""ל",,,פרוש ספריי לניקוי חל,מיליליטרים,500.00,"100 מ""ל",false,1,22.90,4.58,true,1,
4001499116193,false,פרוש מרכך כביסה פרח הכותנה 750 מל,,,פרוש מרכך כביסה פרח,מיליליטרים,750.00,"100 מ""ל",false,1,20.00,2.67,true,1,
4001507161955,false,קווקר פתיתי שיבולת שועל עבה 500 גר,,,קווקר פתיתי שיבולת ש,גרמים,500.00,100 גרם,false,1,6.20,1.24,true,1,
4001638096515,false,"תחליב רחצה ושמפו קלנדולה לתינוק 200 מ""ל",,,תחליב רחצה ושמפו קלנ,מיליליטרים,200.00,"100 מ""ל",false,1,49.90,24.95,true,1,
4004591131316,false,"בירה קייזרדום חיטה 6*330 מ""ל בקבוק",,,בירה קייזרדום חיטה,מיליליטרים,1980.00,"100 מ""ל",false,1,35.90,1.81,true,1,
4005808274932,false,"קרם ידיים אטריקס 100 מ""ל",,,קרם ידיים אטריקס 100,מיליליטרים,10.00,"100 מ""ל",false,1,10.80,108.00,true,1,
4005900513045,false,"דאו ספריי נייוואה מן DEEP מ""ל 150",,DE,דאו ספריי נייוואה מן,מיליליטרים,150.00,"100 מ""ל",false,1,23.50,15.67,true,1,
4005900525024,false,"קרם פנים ללילה ניוואה אנטי אייג 50 מ""ל",,DE,קרם פנים ללילה ניווא,מיליליטרים,50.00,"100 מ""ל",false,1,44.90,89.80,true,1,
4006387084578,false,קנקן בריטה מרלה כחול מקסטרה+,,,קנקן בריטה מרלה כחול,Unknown,0.00,Unknown,false,1,139.00,139.00,true,1,
4006387085407,false,פילטר מקסטרה+ שלישייה,,,פילטר מקסטרה+ שלישיי,Unknown,0.00,Unknown,false,1,139.00,139.00,true,1,
4006591330003,false,עוגת שזיפים 1.25 קילו,,DE,עוגת שזיפים 1.25 קיל,מיליליטרים,1250.00,"100 מ""ל",false,1,83.50,6.68,true,1,
4009887221702,false,ליקר הולידיי קרם / איירש קרים/ 700 מל,,,ליקר הולידיי קרם / א,מיליליטרים,700.00,"100 מ""ל",false,1,49.90,7.13,true,1,
4009900403023,false,מסטיק אורביט WHITE בטעם מנטה,,,מסטיק אורביט WHITE ב,Unknown,0.00,Unknown,false,1,9.50,9.50,true,1,
4010160000280,false,א.ב טננבלוט טננבלוט סוכריות 75 גר,,,א.ב טננבלוט טננבלוט,Unknown,0.00,Unknown,false,1,17.90,17.90,true,1,
4011800630515,false,חטיף קורני שוקולד חלב ובננה 6 יח 150 גר,,DE,חטיף קורני שוקולד חל,גרמים,150.00,100 גרם,false,1,11.90,7.93,true,1,
4014400910063,false,סוכריות וורטר אורגינל שקית 135 גרם,,,סוכריות וורטר אורגינ,גרמים,135.00,100 גרם,false,1,9.40,6.96,true,1,
4014400923711,false,טופיפי 125 גרם כשלפ,,,טופיפי 125 גרם,גרמים,125.00,100 גרם,false,1,12.50,10.00,true,1,
4015400564454,false,אולדייז מגה פק לארג 68 יח,,,אולדייז מגה פק לארג,Unknown,0.00,Unknown,false,1,19.90,19.90,true,1,
4015400598329,false,אולויז קוואטרו נורמל פלוס 56 יח,,,אולויז קוואטרו נורמל,Unknown,0.00,Unknown,false,1,34.90,34.90,true,1,
4015400598411,false,אולוייז קוואטרו לילה 40 יח,,,תחבושות אולוויז קווא,Unknown,0.00,Unknown,false,1,34.90,34.90,true,1,
4015400990543,false,אבקת כביסה קולור אריאל 8 קג,,,אבקת כביסה קולור ארי,קילוגרמים,0.01,"ק""ג",false,1,73.50,7350.00,true,1,
4017100364112,false,ביסקוויט ממולא קרם שוקולד היט 220 גרם,,,ביסקוויט ממולא קרם ש,גרמים,220.00,100 גרם,false,1,10.40,4.73,true,1,
4018722303459,false,מקרוני כוסמין אורגני 250 גרם,,,מקרוני כוסמין אורגני,גרמים,250.00,100 גרם,false,1,13.10,5.24,true,1,
4022025000137,false,יין בלו נאן גוורצטרמינר 750 מל,,,יין בלו נאן גוורצטרמ,Unknown,0.00,Unknown,false,1,44.90,44.90,true,1,
4022664228411,false,חבילת מפיות נייר ילד,,,חבילת מפיות נייר ילד,Unknown,0.00,Unknown,false,1,16.90,16.90,true,1,
4025700001962,false,שוקולד לבן מילקה 100 ג,,,שוקולד לבן מילקה 100,גרמים,100.00,100 גרם,false,1,6.50,6.50,true,1,
4052197000369,false,שישיית בירה בנדיקטינר חיטה 330 מל*6,,,שישיית בירה בנדיקטינ,מיליליטרים,1980.00,"100 מ""ל",false,1,39.90,2.02,true,1,
4052197001366,false,"בירה בנדקטינר ללא אלכוהול 500 מ""ל",,,בירה בנדקטינר ללא אל,מיליליטרים,500.00,"100 מ""ל",false,1,11.90,2.38,true,1,
4066600999614,false,"בירה פאולנר חיטה 500 מ""ל בקובק",,,בירה פאולנר חיטה 500,מיליליטרים,500.00,"100 מ""ל",false,1,9.90,1.98,true,1,
4084500088917,false,"נוזל כלים פיירי לימון 650 מ""ל",,,נוזל כלים פיירי לימו,מיליליטרים,650.00,"100 מ""ל",false,1,8.90,1.37,true,1,
4084500853836,false,"נוזל כלים פיירי ורדים ומשי 515 מ""ל",,GB,נוזל כלים פיירי ורדי,מיליליטרים,515.00,"100 מ""ל",false,1,9.90,1.92,true,1,
4086900100084,false,שמן סיטרונלה 10 מל,,,שמן סיטרונלה 10 מל,Unknown,0.00,Unknown,false,1,28.90,28.90,true,1,
4086900100640,false,שמן תפוז 10 מל,,,שמן תפוז 10 מל,Unknown,0.00,Unknown,false,1,27.90,27.90,true,1,
4100470106700,false,חומץ תפוחים אורגני 750 מל,,,חומץ תפוחים אורגני 7,מיליליטרים,750.00,"100 מ""ל",false,1,20.90,2.79,true,1,
4600080310400,false,סוכריות גריליאז 200 גרם,,,סוכריות גריליאז,גרמים,200.00,100 גרם,false,1,22.90,11.45,true,1,
4600528357981,false,"רוטב מיונז ""המבורגר""",,RU,"רוטב מיונז ""המבורגר""",גרמים,233.00,100 גרם,false,1,10.50,4.51,true,1,
4600545031031,false,איטריות להכנה מהירה עוף אנקום 75 גר,,RU,איטריות להכנה מהירה,גרמים,75.00,100 גרם,false,1,6.50,8.67,true,1,
4603552005606,false,פטריות יבשות לבנות 45ג,,,פטריות יבשות לבנות 4,גרמים,45.00,100 גרם,false,1,34.90,77.56,true,1,
4605246003523,false,תה גרינפילד שחור גולדן צילוני 25 שקי 50 גר,,RU,תה גרינפילד שחור גול,גרמים,50.00,100 גרם,false,1,12.50,25.00,true,1,
4605246007842,false,תה טאס פורסט דרים 20 שקיות 1.8 גר,,,תה טאס פורסט דרים 20,Unknown,0.00,Unknown,false,1,14.90,14.90,true,1,
4605561013009,false,פילה הרינג בשמן 400 גרם,,,פילה הרינג בשמן 400,גרמים,400.00,100 גרם,false,1,17.70,4.43,true,1,
4606598001366,false,תבלין לדגים מגיה ווסטוקה 15 גר,,RU,תבלין לדגים מגיה ווס,Unknown,0.00,Unknown,false,1,2.90,2.90,true,1,
4606598001434,false,תבלין לבשר טחון מגיה ווסטוקה  15 גרם,,,תבלין לבשר טחון מגיה,Unknown,0.00,Unknown,false,1,2.90,2.90,true,1,
4606598001458,false,תבלין לשישליק מגיה ווסטוקה 15 גרם,,,תבלין לשישליק מגיה,Unknown,0.00,Unknown,false,1,2.90,2.90,true,1,
4607002990252,false,שעועית לבנה דוד וניה 400 גר,,,שעועית לבנה דוד וניה,גרמים,400.00,100 גרם,false,1,9.90,2.48,true,1,
4607002991235,false,אסורטי עגבניות ומלפפונים 1.8ל דאדיה וניה,,RU,אסורטי עגבניות ומלפפ,ליטרים,0.00,ליטר,false,1,29.90,29.90,true,1,
4607002997633,false,אגיקה פיקנטי ביתי דיאדיה וניה 460 גרם,,,אגיקה פיקנטי ביתי די,גרמים,460.00,100 גרם,false,1,11.90,2.59,true,1,
4607002999286,false,קישואים באגיקה דיאדיה וניה 460 גרם,,,קישואים באגיקה דיאדי,גרמים,460.00,100 גרם,false,1,11.90,2.59,true,1,
4607012350992,false,גרעיני חמניות מרטין 100 גרם,,,גרעיני חמניות מרטין,גרמים,100.00,100 גרם,false,1,7.90,7.90,true,1,
4607012351005,false,גרעיני חמניות מרטין ללא מלח 200 גרם,,,גרעיני חמניות מרטין,גרמים,200.00,100 גרם,false,1,12.90,6.45,true,1,
4607012352002,false,גרעיני דלעת מרטין 100 גר,,RU,גרעיני דלעת  מרטין 1,גרמים,100.00,100 גרם,false,1,13.50,13.50,true,1,
4607014788014,false,שמן קנולה 1 ליטר בית יוסף,,RU,שמן קנולה 1 ליטר בית,מיליליטרים,1000.00,"100 מ""ל",false,1,11.90,1.19,true,1,
4607016240893,false,כוסמת אובלקה 800 גרם,,RU,כוסמת אובלקה 800 גרם,גרמים,80000.00,100 גרם,false,1,16.90,0.02,true,1,
4607016243078,false,ש.שועל תות וקרם 5*40גר,,,ש.שועל תות וקרם 5*40,גרמים,200.00,100 גרם,false,1,14.60,7.30,true,1,
4607016243092,false,דייסה ש.שועל עם פטל 40 גר אובלקה,,,דייסה ש.שועל עם פטל,גרמים,40.00,100 גרם,false,1,2.90,7.25,true,1,
4607016243122,false,דייסה ש.שועל עם פטל ושמנת 40 גר אובלקה,,RU,דייסה ש.שועל עם פטל,גרמים,40.00,100 גרם,false,1,2.90,7.25,true,1,
4607016243139,false,ש.שועל פטל וקרם 5*40גר,,,ש.שועל פטל וקרם 5*40,גרמים,200.00,100 גרם,false,1,14.60,7.30,true,1,
4607016243160,false,ש.שועל עם אפרסק 5*40גר,,,ש.שועל עם אפרסק 5*40,גרמים,200.00,100 גרם,false,1,14.60,7.30,true,1,
4607016243184,false,דייסה שבולת שועל עם צירניקה 40 גר אובלקה,,,דייסה שבולת שועל,גרמים,40.00,100 גרם,false,1,2.90,7.25,true,1,
4607016243191,false,ש.שועל עם אוכמניות 5*40גר,,,ש.שועל עם אוכמניות 5,גרמים,200.00,100 גרם,false,1,14.60,7.30,true,1,
4607016245485,false,תבשיל כוסמת אובלקה 5*80 גר,,,תבשיל כוסמת אובלקה 5,גרמים,400.00,100 גרם,false,1,12.90,3.23,true,1,
4607016245799,false,דייסה ש.שועל עם ענבי שועל 40 גר אובלקה,,,דייסה ש.שועל עם ענבי,גרמים,40.00,100 גרם,false,1,2.90,7.25,true,1,
4607016245805,false,דייסת ש.שועל עם תערובת פירות יער 5*40גר,,,דייסת ש.שועל עם תערו,גרמים,200.00,100 גרם,false,1,14.60,7.30,true,1,
4607016248448,false,דייסה שיבולת שועל עם בננה ותות שדה 200 ג,,RU,דייסה שיבולת שועל עם,גרמים,200.00,100 גרם,false,1,13.90,6.95,true,1,
4607018271819,false,בלינצס ללא מילוי 450 גרם,,,בלינצס ללא מילוי 450,גרמים,450.00,100 גרם,false,1,15.60,3.47,true,1,
4607054451732,false,גרעינים 400 גר VOLK  XXL,,,גרעינים 400 גר VOLK,גרמים,400.00,100 גרם,false,1,18.50,4.63,true,1,
4607054451831,false,גרעינים עם מלח 200 גר *VOLK*,,,גרעינים עם מלח 200 ג,גרמים,230.00,100 גרם,false,1,12.00,5.22,true,1,
4607065580070,false,איטריות להכנה מהירה קויסטי בקר 70 גר קוי,,,איטריות להכנה מהירה,גרמים,70.00,100 גרם,false,1,3.50,5.00,true,1,
4607065580100,false,תבשיל אטריות בייקון 70 ג DOSHIRAK QUISTY,,UA,תבשיל אטריות בייקון,גרמים,70.00,100 גרם,false,1,3.50,5.00,true,1,
4607065580353,false,מרק דושירק בטעם קימצי 90 גר,,,מרק דושירק בטעם קימצ,Unknown,0.00,Unknown,false,1,9.90,9.90,true,1,
4620015852966,false,תה שחור ריצירד  20 שקיקים GRAPE ROYAL,,RU,תה שחור ריצירד 20 שק,Unknown,0.00,Unknown,false,1,14.60,14.60,true,1,
4620015852980,false,תה ירוק ריצירד 20 שקיקים ROYAL MILK OOL,,RU,תה ירוק ריצירד 20 שק,Unknown,0.00,Unknown,false,1,14.60,14.60,true,1,
4623721523458,false,ממתקים מוקצפים בטעם שמנת 420 גר,,,ממתקים מוקצפים בטעם,גרמים,420.00,100 גרם,false,1,15.20,3.62,true,1,
4640018993350,false,טבליות למדיח פיניש קוואנטום לימון 30 יח,,PL,טבליות למדיח פיניש ק,Unknown,0.00,Unknown,false,1,36.90,36.90,true,1,
4750010492826,false,שפרוטים מעושנים ריגה בצנצנת 250 גר,,LV,שפרוטים מעושנים ריגה,גרמים,250.00,100 גרם,false,1,15.60,6.24,true,1,
4751002122325,false,לחם שיפון רזיסקי ריגה 500 גר,,LV,לחם שיפון רזיסקי ריג,גרמים,500.00,100 גרם,false,1,12.90,2.58,true,1,
4751002125494,false,לחם בורודינסקי עם גרעיני חמניות 350גר,,LV,לחם בורודינסקי עם גר,גרמים,350.00,100 גרם,false,1,12.90,3.69,true,1,
4751002127467,false,לחם שיפון בורודינסקי פרוס 500 גר,,LV,לחם שיפון בורודינסקי,גרמים,500.00,100 גרם,false,1,12.90,2.58,true,1,
4760129500978,false,BAGDANריבת תות שדה 400 גר,,UZ,BAGDANריבת תות שדה 4,גרמים,400.00,100 גרם,false,1,18.90,4.73,true,1,
4770275049603,false,טבורוג 9% סבליה 370 גר,,,טבורוג אנלוגי 9% סבל,גרמים,370.00,100 גרם,false,1,19.90,5.38,true,1,
4770301235338,false,"בירה ניו אינגלנד וולפאס אנגלמן 568 מ""ל",,,בירה ניו אינגלנד וול,מיליליטרים,568.00,"100 מ""ל",false,1,10.90,1.92,true,1,
4770337047448,false,תחליף גבינה 150 גר DRAVO,,,גבינה אנלוגי  150 גר,גרמים,150.00,100 גרם,false,1,12.50,8.33,true,1,
4770583221340,false,מיונז 620 גר American,,LT,מיונז 620 גר America,גרמים,620.00,100 גרם,false,1,18.90,3.05,true,1,
4771632000350,false,חליטת תה ארומה פירות יער 20 שקיות 40 גר,,,חליטת תה ארומה פירות,גרמים,40.00,100 גרם,false,1,10.90,27.25,true,1,
4791045002536,false,תה עלים ירוק אנגלי 230 גרם היליס,,,תה עלים ירוק אנגלי 2,גרמים,230.00,100 גרם,false,1,27.50,11.96,true,1,
4791045002642,false,תה עלים ירוק עם יסמין 100 גרם,,,תה עלים ירוק עם יסמי,גרמים,100.00,100 גרם,false,1,15.00,15.00,true,1,
4810065006987,false,חלב מרוכז ממותק דוי פק רוגציוב 380 גרם,,BY,חלב מרוכז ממותק דוי,גרמים,380.00,100 גרם,false,1,14.90,3.92,true,1,
4810168001056,false,חתיכות פילה הרינג מלוח מצונן 260 גר,,,חתיכות פילה הרינג,גרמים,260.00,100 גרם,false,1,19.40,7.46,true,1,
4810168018795,false,חתיכות פילה הרינג מלוח 200 גר,,,חתיכות פילה הרינג מל,גרמים,200.00,100 גרם,false,1,15.20,7.60,true,1,
4810168057510,false,חתיכות פילה הרינג מתובל מלוח בשמן 400 גר,,,חתיכות פילה הרינג מת,גרמים,400.00,100 גרם,false,1,30.50,7.63,true,1,
4810168058548,false,חתיכות פילה דג הרינג סקנדינבי מלוח בשמן,,,חתיכות פילה דג הרינג,גרמים,1200.00,100 גרם,false,1,41.90,3.49,true,1,
4810168058975,false,חתיכות פילה דג הרינג סקנדינבי מלוח מצונן,,,חתיכות פילה דג הרינג,גרמים,260.00,100 גרם,false,1,19.40,7.46,true,1,
4810268027345,false,טבורוג 5% סבושקין קלאסי 300 גרם,,BY,טבורוג 5% סבושקין קל,גרמים,300.00,100 גרם,false,1,19.90,6.63,true,1,
4820000430012,false,מים מינרלים מירגורודסקיה 1.5 ל,,,מים מינרלים מירגורוד,ליטרים,0.00,ליטר,false,1,7.50,7.50,true,1,
4820012790210,false,פטריות לבנות מיובשות וחתוכות 15 גר,,UA,פטריות לבנות מיובשות,גרמים,15.00,100 גרם,false,1,18.90,126.00,true,1,
4820016251205,false,"נקטר אפרסק-תפו""ע 200 מ""ל נאש סוק",,UA,"נקטר אפרסק-תפו""ע 200",מיליליטרים,200.00,"100 מ""ל",false,1,3.90,1.95,true,1,
4820077081124,false,"שמן חמניות לא מזוכך גרנה 850 מ""ל",,,שמן חמניות לא מזוכך,מיליליטרים,850.00,"100 מ""ל",false,1,12.90,1.52,true,1,
4820097894025,false,"הפס שיכר סיידר תפוחים בטעם טבעי 330 מ""ל",,,הפס שיכר סיידר תפוחי,מיליליטרים,330.00,"100 מ""ל",false,1,7.90,2.39,true,1,
4823077621154,false,באטונציק 43 גר רושן,,,באטונציק 43 גר רושן,גרמים,43.00,100 גרם,false,1,3.90,9.07,true,1,
4823077626203,false,שוקולד אורירי מריר 80 גר רושן,,UA,שוקולד אורירי מריר 8,גרמים,80.00,100 גרם,false,1,6.90,8.63,true,1,
4823077633331,false,עוגיות רושן עם בטעם תפוז 150 גר,,,עוגיות רושן עם בטעם,גרמים,150.00,100 גרם,false,1,6.90,4.60,true,1,
4823077634178,false,עוגיות עם מילוי תפוח קינמון 168 גר LOVIT,,,עוגיות עם מילוי תפוח,גרמים,168.00,100 גרם,false,1,6.90,4.11,true,1,
4823077634192,false,עוגיות עם מילוי דובדבן וניל 168 גר LOVIT,,,עוגיות עם מילוי דובד,גרמים,168.00,100 גרם,false,1,6.90,4.11,true,1,
4823077634741,false,עוגיות עם מילוי תות שדה  168 גר LOVITA,,,עוגיות עם מילוי תות,גרמים,168.00,100 גרם,false,1,6.90,4.11,true,1,
4823077636110,false,עוגיות תפוז 420 גר LOVITA,,,עוגיות תפוז 420 גר L,גרמים,420.00,100 גרם,false,1,17.90,4.26,true,1,
4840008000987,false,סושקה וניל 500 גרם FRANZELUTA,,,סושקה וניל 500 גרם F,גרמים,500.00,100 גרם,false,1,10.40,2.08,true,1,
4840008012812,false,לחם שיפון בורוינסקי 450 גרם,,,לחם שיפון בורוינסקי,גרמים,450.00,100 גרם,false,1,10.90,2.42,true,1,
4840008018333,false,דובשניות טעם דבש 400 גרם פרנצלוטה,,,דובשניות טעם דבש 400,גרמים,400.00,100 גרם,false,1,9.40,2.35,true,1,
4840008030243,false,לחם שיפון טאלין פרוס 500 גרם,,,לחם שיפון טאלין פרוס,גרמים,500.00,100 גרם,false,1,10.90,2.18,true,1,
4840008031806,false,דובשניות טעם חלב מרוכז 400 גר פרנצלוטה,,,דובשניות טעם חלב מרו,גרמים,400.00,100 גרם,false,1,9.40,2.35,true,1,
4840022004183,false,נקטר שזיף 1 ליטר VITA NATURALIS,,,נקטר שזיף 1 ליטר VIT,מיליליטרים,1000.00,"100 מ""ל",false,1,12.10,1.21,true,1,
4840022004626,false,מיץ עגבניות 2 לט VITA NATURALIS,,MD,מיץ עגבניות 2 לט VIT,ליטרים,0.00,ליטר,false,1,21.90,21.90,true,1,
4850011110818,false,קונפיטורת דובדבנים 400 גר TAMARA,,,קונפיטורת דובדבנים 4,גרמים,400.00,100 גרם,false,1,24.90,6.23,true,1,
4860009000014,false,מיץ רימונים 1 ליטר תוצרת גרוזיה,,,מיץ רימונים 1 ליטר ת,מיליליטרים,1000.00,"100 מ""ל",false,1,21.90,2.19,true,1,
4860019001346,false,"מים מינרלים בורגומי 500 מ""ל",,,מים מינרלים בורגומי,מיליליטרים,500.00,"100 מ""ל",false,1,6.90,1.38,true,1,
4903001904192,false,"רוטב סויה יאמסה פרימיום 500 מ""ל",,,רוטב סויה יאמסה 500,מיליליטרים,500.00,"100 מ""ל",false,1,16.90,3.38,true,1,
4903001925784,false,"רוטב סויה יאמאסה פרמיום דל מלח 500 מ""ל",,,רוטב סויה יאמאסה פרמ,מיליליטרים,500.00,"100 מ""ל",false,1,16.90,3.38,true,1,
5000146401568,false,וולייט קולור פרוטקשן,,,וולייט קולור פרוטקשן,Unknown,0.00,Unknown,false,1,15.60,15.60,true,1,
5000157076021,false,היינץ צנצנת ממרח לסנדוויץ 300 גרם,,GB,היינץ צנצנת ממרח לסנ,גרמים,300.00,100 גרם,false,1,18.90,6.30,true,1,
5000157143365,false,"מתבל בטעם מיונז וקטשופ 425 מ""ל",,PL,מתבל בטעם מיונז וקטש,מיליליטרים,425.00,"100 מ""ל",false,1,14.90,3.51,true,1,
5000159382694,false,מארס עשירייה 450 גרם,,NL,מארס עשירייה 450 גרם,גרמים,450.00,100 גרם,false,1,24.90,5.53,true,1,
5000159382731,false,סניקרס 10*50 גרם,,,סניקרס 10*50 גרם,גרמים,500.00,100 גרם,false,1,24.90,4.98,true,1,
5000159382786,false,טוויקס  10*50 גרם,,,טוויקס  10*50 גרם,גרמים,500.00,100 גרם,false,1,24.90,4.98,true,1,
5000159407236,false,חטיף מארס 51 גרם,,,חטיף מארס 51 גרם,גרמים,51.00,100 גרם,false,1,3.60,7.06,true,1,
5000159474573,false,מארס מיניס 227 גרם,,NL,מארס מיניס 227 גרם,גרמים,227.00,100 גרם,false,1,15.90,7.00,true,1,
5000204151053,false,"מרסס פלדג רהיטים קלאסי 250 מ""ל",,NL,מרסס פלדג רהיטים קלא,מיליליטרים,250.00,"100 מ""ל",false,1,18.90,7.56,true,1,
5000204658187,false,"קיווי נוזל נעליים קראון שחור 75 מ""ל",,,קיווי נוזל נעליים קר,Unknown,0.00,Unknown,false,1,21.50,21.50,true,1,
5000289925440,false,"גין גורדון 700 מ""ל",,,"גין גורדון 700 מ""ל",מיליליטרים,700.00,"100 מ""ל",false,1,79.90,11.41,true,1,
5000396037944,false,מקוויטיס ביסקוויט 250 גרם,,,מקוויטיס ביסקוויט 25,גרמים,250.00,100 גרם,false,1,11.40,4.56,true,1,
5010123730222,false,"מי פה טוטל קר סגול ליסטרין 500 מ""ל",,,מי פה טוטל קר סגול ל,מיליליטרים,500.00,"100 מ""ל",false,1,17.90,3.58,true,1,
5010677551397,false,"בקרדי בריזר לימון ליים 275 מ""ל",,,בקרדי בריזר לימון לי,מיליליטרים,275.00,"100 מ""ל",false,1,14.50,5.27,true,1,
5011013100132,false,"אייריש קרים בייליס 750 מ""ל",,,אייריש קרים בייליס 7,מיליליטרים,750.00,"100 מ""ל",false,1,88.90,11.85,true,1,
5011348015194,false,"בירה הובגובלין גולד 500 מ""ל",,,בירה הובגובלין גולד,מיליליטרים,500.00,"100 מ""ל",false,1,17.90,3.58,true,1,
5011417552247,false,"איירויק נטול גז לילך 345 מ""ל",,,איירויק נטול גז לילך,מיליליטרים,345.00,"100 מ""ל",false,1,16.90,4.90,true,1,
5018357006816,false,תערובת דגנים 30% פירות ואגוזים 620 גרם,,,תערובת דגנים 30% פיר,גרמים,620.00,100 גרם,false,1,25.90,4.18,true,1,
5024546366609,false,"וויסקי 700 מ""ל LAUDERS SCOTCH",,,"וויסקי 700 מ""ל LAUDE",מיליליטרים,700.00,"100 מ""ל",false,1,72.90,10.41,true,1,
5029053002408,false,נ.טואלט קלינקס לבן 9 גל,,,נ.טואלט קלינקס לבן 9,מטרים,275.00,מטר,false,1,33.90,0.12,true,1,
5029053039725,false,ממחטות נייר קלינקס נטורל פרש קופסה 72 דף,,,ממחטות נייר קלינקס נ,Unknown,0.00,Unknown,false,1,10.90,10.90,true,1,
5029053578309,false,קלינקס אולטרה סופט קוביה 48 דף,,,קלינקס אולטרה סופט ק,יחידה,1.00,יחידה,false,1,7.30,7.30,true,1,
5029054220085,false,מגבוני האגיס רך נולד 4 יח,,IL,מגבוני האגיס רך נולד,Unknown,0.00,Unknown,false,1,29.90,29.90,true,1,
5035766060253,false,מרפיס פחית 500 מל,,,"מרפיס פחית 500 מ""ל",מיליליטרים,500.00,"100 מ""ל",false,1,12.80,2.56,true,1,
5053827215862,false,קוקו פופס 500 גרם,,,קוקו פופס 500 גרם,גרמים,500.00,100 גרם,false,1,18.90,3.78,true,1,
5055966801012,false,וויסקי בושמילס אוריגינל 1 ליטר,,,וויסקי בושמילס אוריג,מיליליטרים,1000.00,"100 מ""ל",false,1,99.00,9.90,true,1,
5060108450348,false,"גינגר ביר 200 מ""ל",,,"גינגר ביר 200 מ""ל",מיליליטרים,200.00,"100 מ""ל",false,1,8.90,4.45,true,1,
5060255492284,false,חול חתולים  EVER CLEAN לבנדר 6 ל,,,אברקלין   6ל (סגול ),ליטרים,0.01,ליטר,false,1,59.90,5990.00,true,1,
5060319120153,false,תה קמומיל ונילה אורגני 30 גר הייר ליבינג,,,תה קמומיל ונילה אורג,Unknown,0.00,Unknown,false,1,17.90,17.90,true,1,
5060326870911,false,חטיף ציפס חלבון בטעם מלח ופלפל85 ג,,GB,חטיף ציפס חלבון בטעם,גרמים,85.00,100 גרם,false,1,9.90,11.65,true,1,
5060751219033,false,"מונסטר אולטרה פרדייס 500 מ""ל",,,מונסטר אולטרה פרדייס,מיליליטרים,500.00,"100 מ""ל",false,1,6.50,1.30,true,1,
5201004020338,false,קפריס רולס קלאסיק 400 גרם,,GR,גליליות וופל קפריס ר,גרמים,400.00,100 גרם,false,1,19.90,4.98,true,1,
5201178801054,false,קרם רב שימושי 250 מל ניוואה,,,קרם רב שימושי 250 מל,גרמים,250.00,100 גרם,false,1,29.90,11.96,true,1,
5202152200306,false,זיתים ירוקים מגולענים במי מלח רגינה370ג,,GR,זיתים ירוקים מגולעני,גרמים,370.00,100 גרם,false,1,15.90,4.30,true,1,
5410126666038,false,עוגיות לוטוס 279 גרם,,BE,עוגיות לוטוס 279 גרם,גרמים,279.00,100 גרם,false,1,12.90,4.62,true,1,
5410228144755,false,"בירה סטלה ארטואה שישייה בקבוק 330 מ""ל",,,שישיית סטלה ארטואה,מיליליטרים,1980.00,"100 מ""ל",false,1,29.90,1.51,true,1,
5411081003654,false,"בירה קסטיל רוז 330 מ""ל",,,בירה קסטיל רוז 330 מ,מיליליטרים,330.00,"100 מ""ל",false,1,11.90,3.61,true,1,
5411188081852,false,אלפרו סויה בטעם וניל 1 ליטר,,,אלפרו סויה בטעם וניל,מיליליטרים,1000.00,"100 מ""ל",false,1,14.90,1.49,true,1,
5411188096108,false,"שמנת לבישול ע""ב סויה 250 מ""ל אלפרו",,,"שמנת לבישול  ע""ב סוי",מיליליטרים,250.00,"100 מ""ל",false,1,9.90,3.96,true,1,
5411188112709,false,אלפרו משקה שקדים ללא סוכר 1 ליטר,,,אלפרו משקה שקדים ללא,מיליליטרים,1000.00,"100 מ""ל",false,1,13.90,1.39,true,1,
5411188115472,false,אלפרו משקה סויה 1 ליטר,,BE,אלפרו משקה סויה 1 לי,מיליליטרים,1000.00,"100 מ""ל",false,1,13.90,1.39,true,1,
5411188120742,false,אלפרו משקה שקדים בטעם וניל 1 ליטר,,,אלפרו משקה שקדים בטע,מיליליטרים,1000.00,"100 מ""ל",false,1,13.90,1.39,true,1,
5411188120957,false,"אלפרו קוקוס לבישול 14% שומן 250 מ""ל",,,אלפרו קוקוס לבישול 1,מיליליטרים,250.00,"100 מ""ל",false,1,9.90,3.96,true,1,
5411188121978,false,"שלישיות סויה סידן 750 מ""ל",,,שלישיות אלפרו סויה ש,מיליליטרים,750.00,"100 מ""ל",false,1,14.90,1.99,true,1,
5411188300328,false,אלפרו סויה בטעם שוקו 1 ליטר,,,אלפרו סויה בטעם שוקו,מיליליטרים,1000.00,"100 מ""ל",false,1,14.90,1.49,true,1,
5411188513483,false,"אלפרו סויה לבישול 14% שומן 250 מ""ל",,,אלפרו סויה לבישול 14,מיליליטרים,250.00,"100 מ""ל",false,1,9.90,3.96,true,1,
5411676100874,false,"בירת ברבר בלונד 330 מ""ל",,,בירת ברבר בלונד 330,מיליליטרים,330.00,"100 מ""ל",false,1,16.50,5.00,true,1,
5412514350000,false,עלי טורטיליאס 370 גרם,,,עלי טורטיליאס 370 גר,גרמים,370.00,100 גרם,false,1,31.50,8.51,true,1,
5412514999957,false,סלסה גוואקמולה  300 גרם,,,סלסה גוואקמולה  300,גרמים,300.00,100 גרם,false,1,35.50,11.83,true,1,
5420066330210,false,ביאנקה טרופל קקאו באריזת כסף 175 גר,,,ביאנקה טרופל קקאו בא,גרמים,175.00,100 גרם,false,1,14.60,8.34,true,1,
5420066370001,false,טראפל בלגי קרמל 150 גרם,,,טראפל בלגי קרמל 150,גרמים,150.00,100 גרם,false,1,10.90,7.27,true,1,
5600787049008,false,"משקה אורגני ע""ב קמבוצה ותה ירוק 400 מל",,PT,"משקה אורגני ע""ב קמבו",מיליליטרים,400.00,"100 מ""ל",false,1,20.90,5.23,true,1,
5601083640104,false,יין סנדמאן פורט טוני 750 מל,,,יין סנדמאן פורט טוני,Unknown,0.00,Unknown,false,1,67.90,67.90,true,1,
5601217129420,false,וולייט דפים לשמירה על צבע הבגד 20 יח,,,וולייט דפים לשמירה ע,Unknown,0.00,Unknown,false,1,20.80,20.80,true,1,
5701932026964,false,הוט פופ מלוח 600 גרם,,,הוטפופ מלוח 600 גרם,גרמים,600.00,100 גרם,false,1,14.90,2.48,true,1,
5701932026971,false,הוטפופ חמאה 600 גרם,,,הוטפופ חמאה 600 גרם,גרמים,600.00,100 גרם,false,1,14.90,2.48,true,1,
5710840210013,false,טבק באלי לבן 40 גרם,,,טבק באלי לבן 40 גרם,Unknown,0.00,Unknown,false,1,95.90,95.90,true,1,
5711953106583,false,גבינת שמנת טבעי ארלה 200 גר,,IL,גבינת שמנת טבעי ארלה,גרמים,200.00,100 גרם,false,1,15.90,7.95,true,1,
5711953106606,false,גבינת שמנת עשבי תיבול ארלה 200 גר,,IL,גבינת שמנת עשבי תיבו,גרמים,200.00,100 גרם,false,1,15.90,7.95,true,1,
5740900403215,false,ממרח לורפק עם מלח 250 גר,,DK,ממרח לורפק עם מלח 25,גרמים,250.00,100 גרם,false,1,16.90,6.76,true,1,
5740900403222,false,ממרח לורפק עם מלח מופחת שומן 250 גר,,DK,ממרח לורפק עם מלח מו,גרמים,250.00,100 גרם,false,1,16.90,6.76,true,1,
5740900403246,false,ממרח לורפק ללא מלח 500 גר,,DK,ממרח לורפק ללא מלח 5,גרמים,500.00,100 גרם,false,1,27.90,5.58,true,1,
5740900403260,false,ממרח לורפק ללא מלח מופחת שומן 250 גר,,DK,ממרח לורפק ללא מלח מ,גרמים,250.00,100 גרם,false,1,16.90,6.76,true,1,
5900020026552,false,האני נאט ציריוס מלחמת הכוכבים 625 גרם,,,האני נאט ציריוס מלחמ,גרמים,625.00,100 גרם,false,1,23.90,3.82,true,1,
5900020036407,false,דגני בוקר שוקולד וקרמל ליון 480 גרם,,FR,דגני בוקר שוקולד וקר,גרמים,480.00,100 גרם,false,1,23.90,4.98,true,1,
5900353647219,false,קופסה סליווקה שזיפים בשוקולד מריר 205 ג,,,קופסה סליווקה שזיפים,גרמים,205.00,100 גרם,false,1,16.90,8.24,true,1,
5900627066715,false,טבליות למדיח פיניש הכל ב-1 100 יח,,PL,טבליות למדיח פיניש ה,יחידה,1.00,יחידה,false,1,59.90,59.90,true,1,
5900649056701,false,מלבין לקפה 400 גרם LOYD,,,LOYD מלבין לקפה 400,גרמים,400.00,100 גרם,false,1,16.60,4.15,true,1,
5900820014230,false,גבינה נורווסקי סלמון 150 גר,,,גבינה נורווסקי סלמון,גרמים,150.00,100 גרם,false,1,14.90,9.93,true,1,
5901008990292,false,סלט כרוב וגזר כבוש 900 גרם Polan,,PL,סלט כרוב וגזר כבוש 9,גרמים,900.00,100 גרם,false,1,13.50,1.50,true,1,
5901008990322,false,שימורי פטיסונים מוחמצים 860 גר POLAN,,,שימורי פטיסונים מוחמ,גרמים,860.00,100 גרם,false,1,17.70,2.06,true,1,
5901008990407,false,שימורי מלפפונים מוחמצים 860 גר POLAN,,,שימורי מלפפונים מוחמ,גרמים,860.00,100 גרם,false,1,16.90,1.97,true,1,
5901008990421,false,שימורי עגבניות שרי כבושות 880 גר POLAN,,PL,שימורי עגבניות שרי כ,גרמים,880.00,100 גרם,false,1,17.70,2.01,true,1,
5901008990452,false,כרוב כבוש 900 גר POLAN,,,כרוב כבוש 900 גר POL,גרמים,900.00,100 גרם,false,1,13.90,1.54,true,1,
5901064000331,false,"שיכר דובדבנים 750 מ""ל NALEWKA BABUNI",,,"שיכר דובדבנים 750 מ""",מיליליטרים,750.00,"100 מ""ל",false,1,30.90,4.12,true,1,
5904603190302,false,סלט כרוב  כבוש  850 גר  *DWOREK*,,,סלט כרוב  כבוש  850,גרמים,850.00,100 גרם,false,1,11.90,1.40,true,1,
5905279148611,false,"רכז ארוניה אורגני 500 מ""ל",,PL,רכז ארוניה אורגני 50,מיליליטרים,500.00,"100 מ""ל",false,1,76.90,15.38,true,1,
5906485301012,false,"משקה אנרגיה XL פחית 250 מ""ל",,,משקה אנרגיה XL פחית,מיליליטרים,250.00,"100 מ""ל",false,1,4.30,1.72,true,1,
5941021008673,false,טבלת היידי גראנדור לבן שקד פיסטוק 100 גר,היידי שוקולד,,טבלת היידי גראנדור ל,גרמים,100.00,100 גרם,false,1,9.40,9.40,true,1,
5941850163048,false,עוגה עם קפה נמס בטעם טירמיסו 300 גרם,,RO,עוגת טרמיסו אקאסה 30,גרמים,300.00,100 גרם,false,1,15.90,5.30,true,1,
6001495062591,false,"ליקר אמרולה 750 מ""ל",,,ליקר אמרולה,מיליליטרים,750.00,"100 מ""ל",false,1,88.90,11.85,true,1,
6006507005016,false,טקסס סטייקי 100 גרם CAPE HERBS,,,טקסס סטייקי 100 גרם,גרמים,100.00,100 גרם,false,1,22.90,22.90,true,1,
6111094000808,false,קוסקוס דארי 1 קג + 10% תוספת,,,קוסקוס דארי 1 קג + 1,קילוגרמים,0.00,"ק""ג",false,1,18.50,18.50,true,1,
6910191800287,false,אצות נורי בלו 10 דפים,,,אצות נורי בלו 10 דפי,Unknown,0.00,Unknown,false,1,12.50,12.50,true,1,
6912977000140,false,אטריות שעועית דקות 250 גרם,,,אטריות שעועית דקות 2,גרמים,250.00,100 גרם,false,1,8.80,3.52,true,1,
6942971509844,false,"סוויט בוקס צעצוע ו דובוני גלי ""זומבי""",,CN,סוויט בוקס צעצוע ו ד,Unknown,0.00,Unknown,false,1,12.50,12.50,true,1,
6999999996583,false,סטנד מסתובב 12 אחסונ,,,סטנד מסתובב 12 אחסונ,Unknown,0.00,Unknown,false,1,179.00,179.00,true,1,
7271730901261,false,פסטה עם גבינה הכנה מהירה 156 גרם,,,פסטה עם גבינה הכנה מ,גרמים,156.00,100 גרם,false,1,10.90,6.99,true,1,
7290000000157,false,ג ינג יר,,,גינגיר,Unknown,0.00,"ק""ג",true,0,4.20,4.20,true,1,
7290000000446,false,פלפל טינקרבל מארז,,,פלפל טינקרבל מארז,Unknown,0.00,Unknown,false,1,8.90,8.90,true,1,
7290000000510,false,פטרוזיליה,,,פטרוזיליה,Unknown,0.00,Unknown,false,1,4.90,4.90,true,1,
7290000000603,false,בצל ירוק,,,בצל ירוק,Unknown,0.00,Unknown,false,1,5.90,5.90,true,1,
7290000000608,false,חסה ערבית,,,חסה ערבית,Unknown,0.00,Unknown,false,1,2.99,2.99,true,1,
7290000000617,false,שורש -פטרוזילה,,,שורש -פטרוזילה,Unknown,0.00,Unknown,false,1,2.99,2.99,true,1,
7290000000626,false,ברוקולי,,,ברוקולי,Unknown,0.00,Unknown,false,1,6.85,6.85,true,1,
7290000000636,false,תירס ארוז,,,תירס ארוז,Unknown,0.00,"ק""ג",true,0,12.90,12.90,true,1,
7290000000637,false,תרד,,,תרד,Unknown,0.00,Unknown,false,1,4.99,4.99,true,1,
7290000000669,false,חסה עגולה,,,חסה עגולה,Unknown,0.00,Unknown,false,1,2.99,2.99,true,1,
7290000000688,false,נענע,,,נענע,Unknown,0.00,Unknown,false,1,3.00,3.00,true,1,
7290000000697,false,בזיליקום,,,בזיליקום,Unknown,0.00,Unknown,false,1,3.90,3.90,true,1,
7290000000733,false,"תפו""א למיקרו",,,תפוא למיקרו,Unknown,0.00,Unknown,false,1,4.99,4.99,true,1,
7290000000751,false,שום ברשת,,,שום ברשת,Unknown,0.00,Unknown,false,1,9.90,9.90,true,1,
7290000001104,false,פטריות פרטובלה,,,פטריות פרטובלה,Unknown,0.00,Unknown,false,1,14.99,14.99,true,1,
7290000040042,false,יופלה תות 3% 150 גר,,,יופלה תות 3% 150 גרם,גרמים,150.00,100 גרם,false,1,5.00,3.33,true,1,
7290000040066,false,יופלה דובדבן 3%  150 גר,,,יופלה דובדבן 3%  150,גרמים,150.00,100 גרם,false,1,5.00,3.33,true,1,
7290000040974,false,חלב טרי דל לקטוז 1 ל,,,חלב טרי דל לקטוז 1 ל,מיליליטרים,1000.00,"100 מ""ל",false,1,6.80,0.68,true,1,
7290000041858,false,"שמנת חמוצה 15% 200 מ""ל",,,שמנת חמוצה 15% 200 מ,מיליליטרים,200.00,"100 מ""ל",false,1,2.40,1.20,true,1,
7290000041865,false,לבן 4.5% 200 גרם,,,לבן 4.5% 200 גרם,גרמים,200.00,100 גרם,false,1,2.00,1.00,true,1,
7290000042404,false,חלב מועשר 1ל 3% בשקית,,,חלב מועשר 1ל 3% בשקי,מיליליטרים,1000.00,"100 מ""ל",false,1,6.20,0.62,true,1,
7290000042435,false,חלב דל שומן בקרטון+פקק 1 ליטר 1%,,,חלב דל שומן בקרטון,מיליליטרים,1000.00,"100 מ""ל",false,1,5.59,0.56,true,1,
7290000043814,false,"שמנת עמידה להקצפה 38% 250 מ""ל",,,שמנת עמידה להקצפה 38,גרמים,250.00,100 גרם,false,1,6.18,2.47,true,1,
7290000043890,false,רויון 1.5% 1 ליטר,,,רויון 1.5% 1 ליטר,מיליליטרים,1000.00,"100 מ""ל",false,1,10.50,1.05,true,1,
7290000045580,false,גבינה מותכת חורש 240 גרם,,,גבינה מותכת חורש 240,גרמים,240.00,100 גרם,false,1,16.90,7.04,true,1,
7290000047942,false,גבינה לבנה  5%  250 גר בדצ,,,גבינה לבנה 5% 250 גר,גרמים,250.00,100 גרם,false,1,4.75,1.90,true,1,
7290000048185,false,גבינה לבנה 5% 250 גר,,,גבינה לבנה 5% 250 גר,גרמים,250.00,100 גרם,false,1,4.75,1.90,true,1,
7290000048413,false,גבינה חמד פיראוס 250 גרם,,,גבינה חמד פיראוס 250,גרמים,250.00,100 גרם,false,1,18.90,7.56,true,1,
7290000050447,false,יופלה תות 3% 500גר,,,יופלה תות 3% 500גר,גרמים,500.00,100 גרם,false,1,14.10,2.82,true,1,
7290000051376,false,יופלה דיאט אננס ספורטיבי 0% 150גר,,,יופלה דיאט אננס ספור,גרמים,150.00,100 גרם,false,1,5.00,3.33,true,1,
7290000052311,false,עמק פרוס בקופסא 200 גר 15% שומן,,,עמק פרוס בקופסא 200,גרמים,200.00,100 גרם,false,1,14.60,7.30,true,1,
7290000055015,false,פיראוס פטה כבשים 5% 250 גר,,,פיראוס פטה כבשים 5%,גרמים,250.00,100 גרם,false,1,26.80,10.72,true,1,
7290000055329,false,משקה יוגורט יופלה בטעם תות-מלון 250 גר,,,משקה יוגורט יופלה בט,גרמים,250.00,100 גרם,false,1,5.40,2.16,true,1,
7290000055343,false,משקה יוגורט יופלה בטעם טרופי 250 גר,,,משקה יוגורט יופלה בט,גרמים,250.00,100 גרם,false,1,5.40,2.16,true,1,
7290000055350,false,גבינה צהובה חריץ עמק 28% במשקל,,,גבינה צהובה עמק 28%,Unknown,0.00,"ק""ג",true,0,42.70,42.70,true,1,
7290000055893,false,חמאה מהדרין 200 גר,,,חמאה מהדרין 200 גר,גרמים,200.00,100 גרם,false,1,7.80,3.90,true,1,
7290000056951,false,"שמנת 15% באריזה עם פקק 500 מ""ל",,,שמנת 15% באריזה עם פ,מיליליטרים,500.00,"100 מ""ל",false,1,15.20,3.04,true,1,
7290000057118,false,גבינה סמי 28% 400 גרם,,,גבינה סמי 28% 400 גר,גרמים,400.00,100 גרם,false,1,19.80,4.95,true,1,
7290000057149,false,יוגורט תנובה 3% 200 גר,,,יוגורט תנובה 3% 200,גרמים,200.00,100 גרם,false,1,3.00,1.50,true,1,
7290000058047,false,"שמנת 38% עם פקק 500 מ""ל",,IL,שמנת 38% עם פקק 500,מיליליטרים,500.00,"100 מ""ל",false,1,12.36,2.47,true,1,
7290000060088,false,בייגלה מקלות מלוחים 400 גרם,,,בייגלה מקלות מלוחים,גרמים,400.00,100 גרם,false,1,9.90,2.48,true,1,
7290000060200,false,פתיתים אפויים קוסקוס 500 גרם,,,פתיתים אפויים קוסקוס,גרמים,500.00,100 גרם,false,1,6.70,1.34,true,1,
7290000060408,false,פתיתים אפויים טבעות 500 גרם,,,פתיתים אפויים טבעות,גרמים,500.00,100 גרם,false,1,6.70,1.34,true,1,
7290000060576,false,פתיתים אפויים כוכבים 500 גרם,,,פתיתים אפויים כוכבים,גרמים,500.00,100 גרם,false,1,6.70,1.34,true,1,
7290000060781,false,פסטה מסולסלים (57) 500 גרם,,,פסטה מסולסלים (57) 5,גרמים,500.00,100 גרם,false,1,5.70,1.14,true,1,
7290000060828,false,פסטה קרניים בינוניות (55) 500 גרם,,,פסטה קרניים בינוניות,גרמים,500.00,100 גרם,false,1,5.70,1.14,true,1,
7290000060880,false,ספגטי (3) 500 גרם,,,ספגטי (3) 500 גרם,גרמים,500.00,100 גרם,false,1,5.70,1.14,true,1,
7290000060903,false,פתיתים אפויים אורז 500 גרם,,,פתיתים אפויים אורז 5,גרמים,500.00,100 גרם,false,1,6.70,1.34,true,1,
7290000060965,false,אטריות  רחבות 400 גרם,,,אטריות  רחבות 400 גר,גרמים,400.00,100 גרם,false,1,4.90,1.23,true,1,
7290000061764,false,נסקפה רד מאג 200 גרם,,,נס קפה רד מאג 200 גר,גרמים,200.00,100 גרם,false,1,20.90,10.45,true,1,
7290000063140,false,שקדי מרק 400 גרם -שקית,,,שקדי מרק 400 גרם -שק,גרמים,400.00,100 גרם,false,1,10.90,2.73,true,1,
7290000065090,false,מיני קרוטונים למרק וסלט 400 גרם,,,מיני קרוטונים למרק ו,גרמים,400.00,100 גרם,false,1,22.80,5.70,true,1,
7290000066141,false,ביסלי בטעם גריל 70 גרם,,,ביסלי בטעם גריל 70 ג,גרמים,70.00,100 גרם,false,1,4.20,6.00,true,1,
7290000066318,false,במבה 80 גרם,,,במבה 80 גרם,גרמים,80.00,100 גרם,false,1,4.30,5.38,true,1,
7290000066332,false,חטיף אפרופו 50 גרם,,,חטיף אפרופו 50 גרם,גרמים,50.00,100 גרם,false,1,5.00,10.00,true,1,
7290000066349,false,חטיף אפרופו 100 גרם,,,חטיף אפרופו 100 גרם,גרמים,100.00,100 גרם,false,1,8.70,8.70,true,1,
7290000068138,false,פודינג אינסטנט בטעם וניל,,,פודינג אינסטנט בטעם,גרמים,80.00,100 גרם,false,1,5.20,6.50,true,1,
7290000068770,false,במבה יום הולדת 80 גרם,,,במבה יום הולדת 80 גר,גרמים,80.00,100 גרם,false,1,4.30,5.38,true,1,
7290000069258,false,פסטה פרפקטו פנה ריגטה 500 גרם,,,פסטה פרפקטו פנה ריגט,גרמים,500.00,100 גרם,false,1,7.90,1.58,true,1,
7290000069609,false,חטיפי קרקר זעתר 300 גרם,,,חטיפי קרקר זעתר 300,גרמים,300.00,100 גרם,false,1,12.50,4.17,true,1,
7290000070308,false,אבקת מרק  עוף אמיתי 400 גרם-מיכל,,,אבקת מרק עוף אמיתי,גרמים,400.00,100 גרם,false,1,18.70,4.68,true,1,
7290000070919,false,בייגלה רשתות מלח 400 גרם,,,בייגלה רשתות מלח 400,גרמים,400.00,100 גרם,false,1,14.60,3.65,true,1,
7290000072623,false,קטשופ אסם בקבוק לחיץ 750 גרם,,,קטשופ אסם בקבוק לחיץ,גרמים,750.00,100 גרם,false,1,8.90,1.19,true,1,
7290000072760,false,נסקפה טייסטרס צויס 100 גר אוריגנל,,,נסקפה טייסטרס צויס,גרמים,100.00,100 גרם,false,1,23.90,23.90,true,1,
7290000072968,false,דגנים סיני מיניס מלחמת הכוכבים  500 גרם,,,דגנים סיני מיניס מלח,גרמים,375.00,100 גרם,false,1,23.90,6.37,true,1,
7290000073415,false,מנה חמה פסטה ברוטב פיצה 61 גרם,,,מנה חמה פסטה ברוטב פ,גרמים,61.00,100 גרם,false,1,7.30,11.97,true,1,
7290000073750,false,מנה חמה נודלס אטר+ירקות טעם עוף 70 גרם,,,מנה חמה נודלס אטר+יר,גרמים,70.00,100 גרם,false,1,5.70,8.14,true,1,
7290000074184,false,פתי בר וניל 500 גרם,,,פתי בר וניל 500 גרם,גרמים,500.00,100 גרם,false,1,10.90,2.18,true,1,
7290000074245,false,קרם קרקר 250 גרם,,,קרם קרקר 250 גרם,גרמים,250.00,100 גרם,false,1,9.80,3.92,true,1,
7290000074375,false,קרקר זהב 150 גרם,,,קרקר זהב 150 גרם,גרמים,150.00,100 גרם,false,1,6.90,4.60,true,1,
7290000076133,false,בייגלה שמיניות קטנות 400 גרם,,,בייגלה שמיניות קטנות,גרמים,400.00,100 גרם,false,1,9.90,2.48,true,1,
7290000077017,false,עוגיות קרמוגית במילוי שוקולד 200 גרם,,,עוגיות קרמוגית במילו,גרמים,200.00,100 גרם,false,1,11.40,5.70,true,1,
7290000078212,false,קרוטונים מתובלים 250 גרם,,,קרוטונים מתובלים 250,גרמים,250.00,100 גרם,false,1,13.90,5.56,true,1,
7290000080758,false,טוסטעים פת קלויה 100 גרם,,,טוסטעים פת קלויה 100,גרמים,100.00,100 גרם,false,1,10.50,10.50,true,1,
7290000080765,false,טוסטעים פת קלויה שומשום 100 גרם,,,טוסטעים פת קלויה שומ,גרמים,100.00,100 גרם,false,1,10.50,10.50,true,1,
7290000100128,false,תות קפוא סנפרוסט 300 גרם,,IL,תות קפוא סנפרוסט 300,גרמים,300.00,100 גרם,false,1,17.90,5.97,true,1,
7290000100135,false,פירות קפואים סנפרוסט דובדבן 300 גר,,IL,פירות קפואים דובדבן,גרמים,300.00,100 גרם,false,1,15.90,5.30,true,1,
7290000100609,false,קוביות אנטיפסטי להקפצה 600 גרם,,IL,קוביות אנטיפסטי להקפ,גרמים,600.00,100 גרם,false,0,27.50,4.58,true,1,
7290000101927,false,אוכמניות כחולות מוקפאות סנפרוסט 300 גרם,,,אוכמניות כחולות מוקפ,גרמים,300.00,100 גרם,false,1,17.90,5.97,true,1,
7290000101941,false,אננס מוקפא סנפרוסט 300 גרם,,,אננס מוקפא סנפרוסט,גרמים,300.00,100 גרם,false,1,17.90,5.97,true,1,
7290000101958,false,מנגו מוקפא סנפרוסט 300 גרם,,,מנגו מוקפא סנפרוסט,גרמים,300.00,100 גרם,false,1,17.90,5.97,true,1,
7290000103365,false,מרק ירקות 560 גרם,,,מרק ירקות 560 גרם,גרמים,560.00,100 גרם,false,1,18.90,3.38,true,1,
7290000103839,false,מרק כתום 572 גרם,,,מרק כתום 572 גרם,גרמים,572.00,100 גרם,false,1,19.80,3.46,true,1,
7290000103846,false,מרק אפונה 572 גרם,,,מרק אפונה 572 גרם,גרמים,572.00,100 גרם,false,1,19.80,3.46,true,1,
7290000104683,false,שעועית ירוקה שלמה 800 גר סנפרוסט,,,שעועית ירוקה שלמה,גרמים,800.00,100 גרם,false,1,19.90,2.49,true,1,
7290000104690,false,תירס גרעינים 800 גרם סנפרוסט,,,תירס גרעינים 800 גרם,גרמים,800.00,100 גרם,false,1,16.90,2.11,true,1,
7290000104751,false,כרוב ניצנים 800גר סנפרוסט,,,כרוב ניצנים 800 גר,גרמים,800.00,100 גרם,false,1,23.90,2.99,true,1,
7290000104805,false,חומוס קפוא סנפרוסט 800 גרם,,,חומוס קפוא סנפרוסט,גרמים,800.00,100 גרם,false,1,18.90,2.36,true,1,
7290000104836,false,שעועית עדינה שלמה 600 גר סנפרוסט,,,שעועית עדינה שלמה 60,גרמים,600.00,100 גרם,false,1,20.90,3.48,true,1,
7290000104904,false,ירקות מעורבים 800גר-סנפרוסט,,,ירקות מעורבים 800גר-,גרמים,800.00,100 גרם,false,1,22.90,2.86,true,1,
7290000104911,false,לקט נורמנדי 800 גר סנפרוסט,,,לקט נורמנדי 800 גרם,גרמים,800.00,100 גרם,false,1,22.90,2.86,true,1,
7290000107295,false,ברוקולי 800 גרם סנפרוסט,,,ברוקולי 800 גרם סנפר,גרמים,800.00,100 גרם,false,1,24.90,3.11,true,1,
7290000110851,false,"כפלי בצל בד""צ 70 גרם",,,"כפלי בצל בד""צ 70 גרם",גרמים,70.00,100 גרם,false,1,5.90,8.43,true,1,
7290000111063,false,מיונז תלמה 250 גרם,,,מיונז תלמה 250 גרם,גרמים,250.00,100 גרם,false,1,6.80,2.72,true,1,
7290000111186,false,מיונז תלמה 500 גרם-צנצנת,,,מיונז תלמה 500 גרם-צ,גרמים,500.00,100 גרם,false,1,9.90,1.98,true,1,
7290000111353,false,מיונז 1 קג-צנצנת,,,"מיונז 1 ק""ג-צנצנת",גרמים,1000.00,100 גרם,false,1,16.90,1.69,true,1,
7290000112220,false,טחינה 500 גר בארכה,,,טחינה 500 גר בארכה,גרמים,500.00,100 גרם,false,1,13.90,2.78,true,1,
7290000120836,false,מיונז הלמנס 394 גרם,,,מיונז הלמנס 394 גרם,גרמים,433.00,100 גרם,false,1,10.90,2.52,true,1,
7290000120874,false,מיונז הלמנס לייט 424 גרם,,,מיונז הלמנס לייט 424,גרמים,476.00,100 גרם,false,1,10.90,2.29,true,1,
7290000122830,false,רוטב בישול סצואן 370 גרם קנור,,,רוטב בישול סצואן 370,גרמים,370.00,100 גרם,false,1,10.90,2.95,true,1,
7290000135663,false,"שישיית פפסי מקס דובדבן פחית צרה 330 מ""ל",,,שישיית פפסי מקס דובד,ליטרים,0.00,ליטר,false,1,19.50,19.50,true,1,
7290000136646,false,נשר מאלט 1.5 ליטר,,IL,נשר מאלט 1.5 ליטר,ליטרים,0.00,ליטר,false,1,8.90,8.90,true,1,
7290000136776,false,שישיית פפסי מקס דל קלוריות 1.5 ליטר,,IL,שישיית פפסי מקס דל ק,ליטרים,0.01,ליטר,false,1,37.10,3710.00,true,1,
7290000136790,false,שישיית סודה 1.5 ליטר,,IL,שישיית סודה 1.5 ליטר,ליטרים,0.01,ליטר,false,1,16.70,1670.00,true,1,
7290000136820,false,סודה פירות יער 1.5 ליטר רביעייה,,IL,סודה פירות יער 1.5 ל,ליטרים,0.01,ליטר,false,1,12.00,1200.00,true,1,
7290000136868,false,שישיית מים סאן בנדטו 1.5 ליטר,,IL,שישיית מים סאן בנדטו,ליטרים,0.01,ליטר,false,1,17.70,1770.00,true,1,
7290000136875,false,שישיית סאן בנדטו מוגז  1.5 ליטר,,IL,שישיית סאן בנדטו מוג,ליטרים,0.01,ליטר,false,1,18.70,1870.00,true,1,
7290000139180,false,שלווה נטו חיטה תפוחה 140 גרם,,,שלווה נטו חיטה תפוחה,גרמים,140.00,100 גרם,false,1,8.50,6.07,true,1,
7290000144160,false,שמן זית כתית מעולה בטעם מודגש 750 מל,,,שמן זית כתית מעולה ב,מיליליטרים,750.00,"100 מ""ל",false,1,33.90,4.52,true,1,
7290000144474,false,שמן עץ הזית קנולה 1 ליטר בריאות מהטבע,,,שמן עץ הזית קנולה 1,מיליליטרים,1000.00,"100 מ""ל",false,1,11.90,1.19,true,1,
7290000146997,false,"משחת שיניים מסטיק טום וגרי 60 מ""ל",,,משחת שיניים מסטיק טו,Unknown,0.00,Unknown,false,1,9.70,9.70,true,1,
7290000148748,false,גרעיני חמניה שקית קליית גת 200 גרם,,,גרעיני חמניה שקית קל,גרמים,200.00,100 גרם,false,1,6.20,3.10,true,1,
7290000168173,false,ברנפלקס קרנצים 375 גרם,,,ברנפלקס קרנצים 375 ג,גרמים,375.00,100 גרם,false,1,18.90,5.04,true,1,
7290000169538,false,מרק נמס בכוס עגבניות וקרוטונים 56 ג קנור,,,מרק נמס בכוס עגבניות,גרמים,56.00,100 גרם,false,1,6.50,11.61,true,1,
7290000169798,false,עוגי 20% פחות סוכר 500 גרם,,,עוגי 20% פחות סוכר 5,גרמים,500.00,100 גרם,false,1,22.90,4.58,true,1,
7290000174723,false,שוקולית 500 גרם,,,שוקולית 500 גרם,גרמים,500.00,100 גרם,false,1,11.90,2.38,true,1,
7290000176062,false,קפה עלית טורקי 100 גרם,,,קפה עלית טורקי 100 ג,גרמים,100.00,100 גרם,false,1,8.30,8.30,true,1,
7290000176420,false,קפה נמס עלית 200 גרם,,,קפה נמס עלית 200 גרם,גרמים,200.00,100 גרם,false,1,18.90,9.45,true,1,
7290000178707,false,תפוציפס טבעי 50 גרם,,,תפוציפס טבעי 50 גרם,גרמים,50.00,100 גרם,false,1,3.90,7.80,true,1,
7290000185330,false,סילאן טבעי תמר כנרת 900 גר,,,סילאן טבעי תמר כנרת,גרמים,900.00,100 גרם,false,1,23.90,2.66,true,1,
7290000186535,false,לילי טריו לבן 32 גלילים,,,לילי טריו לבן 32 גלי,מטרים,537.28,מטר,false,1,42.90,0.08,true,1,
7290000187860,false,מגבוני טואלט לחים  לילי דיספנסר 40 יח,,IL,נייר טואלט לח לילי פ,Unknown,0.00,Unknown,false,1,7.50,7.50,true,1,
7290000187952,false,לילי טריו 32 גלילים,,,לילי טריו ורוד 32 גל,מטרים,537.28,מטר,false,1,42.90,0.08,true,1,
7290000188270,false,קלינקס אול סופט זוג,,,קלינקס אול סופט זוג,Unknown,0.00,Unknown,false,1,15.50,15.50,true,1,
7290000189260,false,תבניות מלבניות 5 יח,,,תבניות מלבניות 5 יח,Unknown,0.00,Unknown,false,1,10.90,10.90,true,1,
7290000189550,false,זוג אשפתון ניקול ענק מתכלה 10 יח,,,XXL ניקול שקיות אשפה,Unknown,0.00,Unknown,false,1,23.90,23.90,true,1,
7290000189680,false,מארז זוג מטליות לחות לרצפה,,,מארז זוג מטליות לחות,Unknown,0.00,Unknown,false,1,24.90,24.90,true,1,
7290000189871,false,אשפתון מתכלה ניקול 60 יח,,,אשפתון מתכלה ניקול 5,Unknown,0.00,Unknown,false,1,19.90,19.90,true,1,
7290000190198,false,מטלית ניקול לניקוי חדרי שירותים ואמבט,,,מטלית ניקול לניקוי ח,Unknown,0.00,Unknown,false,1,10.90,10.90,true,1,
7290000190853,false,לילי פיור נייר טואלט דו שכבתי 30 גלילים,,,לילי פיור נייר טואלט,מטרים,588.00,מטר,false,1,41.90,0.07,true,1,
7290000191539,false,ממחטות נייר לילי 5 יח,,,ממחטות נייר לילי 5 י,Unknown,0.00,Unknown,false,1,12.90,12.90,true,1,
7290000191645,false,NB האגיס רך נולד 36 יח,,,NB האגיס רך נולד 36,Unknown,0.00,Unknown,false,1,29.90,29.90,true,1,
7290000192581,false,נייר מגבת ניקול 6=12 129.72 מטר,,IL,נייר מגבת ניקול 6=12,מטרים,129.72,מטר,false,1,20.90,0.16,true,1,
7290000195216,false,נייר אפיה 50 יח,,,נייר אפייה ניקול,Unknown,0.00,Unknown,false,1,11.90,11.90,true,1,
7290000197456,false,האגיס פרידום דריי שלב 4 44 יחידות,,,האגיס פרידום דריי של,Unknown,0.00,Unknown,false,1,34.90,34.90,true,1,
7290000197463,false,האגיס פרידום דריי שלב 4+ 42 יחידות,,,האגיס פרידום דריי של,Unknown,0.00,Unknown,false,1,34.90,34.90,true,1,
7290000197654,false,אשפתון ניקול ענק 50,,,אשפתון ניקול ענק 45,Unknown,0.00,Unknown,false,1,21.50,21.50,true,1,
7290000197951,false,מגשית חד פעמית ניקול,,,מגשית חד פעמית ניקול,Unknown,0.00,Unknown,false,1,8.90,8.90,true,1,
7290000204147,false,כרית ניקול 2 ב - 1,,,כרית ניקול 2 ב - 1,Unknown,0.00,Unknown,false,1,10.50,10.50,true,1,
7290000204253,false,מטליות ניקול 9 יח,,,מטליות ניקול 9 יח,Unknown,0.00,Unknown,false,1,9.90,9.90,true,1,
7290000204512,false,מטליות לחות לרצפה בריח לימון ניקול 10 יח,,,מטליות לחות לרצפה בר,Unknown,0.00,Unknown,false,1,10.90,10.90,true,1,
7290000205762,false,האגיס אקסטרה קייר מידה 3 48 יחידות,,,האגיס אקסטרה קייר מי,Unknown,0.00,Unknown,false,1,49.90,49.90,true,1,
7290000205915,false,האגיס אקסטרה קייר מידה 4 40 יחידות,,,האגיס אקסטרה קייר מי,Unknown,0.00,Unknown,false,1,49.90,49.90,true,1,
7290000208022,false,עגבניות 2.5 A  מרוסקות 850 גרם יכין,,,עגבניות 2.5 A  מרוסק,גרמים,850.00,100 גרם,false,1,9.90,1.16,true,1,
7290000208213,false,שעועית יכין אפויה 580 גר A/2,,,שעועית יכין אפויה 58,גרמים,580.00,100 גרם,false,1,8.50,1.47,true,1,
7290000208244,false,בסיס לשקשוקה יכין 570 גר,,,בסיס לשקשוקה יכין 57,גרמים,570.00,100 גרם,false,1,9.90,1.74,true,1,
7290000208312,false,תירס ואקום 400 גרם יכין,,IL,תירס מתוק יכין 400 ג,גרמים,400.00,100 גרם,false,1,6.90,1.73,true,1,
7290000208336,false,רוטב עגבניות 260 גרם יכין,,,רוטב עגבניות יכין 24,גרמים,240.00,100 גרם,false,1,4.50,1.88,true,1,
7290000208428,false,חומוס יכין שלם 550 גר A/2,,,חומוס יכין שלם 550 ג,גרמים,550.00,100 גרם,false,1,8.50,1.55,true,1,
7290000208459,false,לקט תפוחי אדמה A2 יכין 550 גר,,,לקט תפוחי אדמה A2 יכ,גרמים,550.00,100 גרם,false,1,9.90,1.80,true,1,
7290000209012,false,חומץ הדרים 1 ליטר,,,חומץ הדרים 1 ליטר,מיליליטרים,1000.00,"100 מ""ל",false,1,5.90,0.59,true,1,
7290000209371,false,שלישיית תירס יכין 165 גר OZ 6,,,שלישיית תירס יכין 16,גרמים,165.00,100 גרם,false,1,14.90,9.03,true,1,
7290000209388,false,שלישיית תירס לייט יכין 165 גר OZ 6,,,שלישיית תירס לייט יכ,גרמים,165.00,100 גרם,false,1,14.90,9.03,true,1,
7290000209951,false,רוטב  עגבניות לפיצה 260 גרם יכין,,,רוטב  עגבניות לפיצה,גרמים,260.00,100 גרם,false,1,6.50,2.50,true,1,
7290000211169,false,"אורז תאילנדי 1 ק""ג",,,"אורז תאילנדי 1 ק""ג",קילוגרמים,0.00,"ק""ג",false,1,7.90,7.90,true,1,
7290000211312,false,אורז מלא 1 קג,,,"אורז מלא 1 ק""ג",גרמים,1000.00,100 גרם,false,1,10.40,1.04,true,1,
7290000211442,false,"אורז פרסי 1 ק""ג סוגת",,,"אורז פרסי 1 ק""ג  סוג",גרמים,1000.00,100 גרם,false,1,10.80,1.08,true,1,
7290000211503,false,"סוכר לבן 1 ק""ג",,,"סוכר לבן 1 ק""ג",קילוגרמים,0.00,"ק""ג",false,1,3.90,3.90,true,1,
7290000211985,false,אורז עגול 1 קג,,,אורז עגול 1 קג,גרמים,1000.00,100 גרם,false,1,9.70,0.97,true,1,
7290000238029,false,"בצק עלים מרודד 1 ק""ג מעדנות",,,"בצק עלים מרודד 1 ק""ג",גרמים,1000.00,100 גרם,false,1,20.90,2.09,true,1,
7290000238036,false,מלאווח 700גר מעדנות,,,מלאווח מעדנות 700 גר,גרמים,700.00,100 גרם,false,1,16.90,2.41,true,1,
7290000238173,false,בורקס גבינה מעדנות 800גר,,,בורקס גבינה מעדנות,גרמים,800.00,100 גרם,false,1,14.90,1.86,true,1,
7290000245799,false,סוד כחול מרענן 4 ל מרכך כביסה,,,סוד כחול מרענן 4 ל מ,ליטרים,0.00,ליטר,false,1,18.80,18.80,true,1,
7290000253220,false,שוקולד ציפס אופנהיימר 260 גר,,IL,שוקולד ציפס אופנהיימ,גרמים,260.00,100 גרם,false,1,10.60,4.08,true,1,
7290000267548,false,אגוז גרוס 100 גרם,,,אגוז גרוס 100 גרם,גרמים,100.00,100 גרם,false,1,11.90,11.90,true,1,
7290000267586,false,חמניות קלופיות 150 גר,,,חמניות קלופיות 150 ג,גרמים,150.00,100 גרם,false,1,5.20,3.47,true,1,
7290000272696,false,מיץ לימון עסיס משומר 1 ליטר-בקבוק,,,מיץ לימון עסיס משומר,מיליליטרים,1000.00,"100 מ""ל",false,1,9.90,0.99,true,1,
7290000286228,false,סנו סושי כרית יפנית שישייה,,,סנו סושי כרית יפנית,Unknown,0.00,Unknown,false,1,10.00,10.00,true,1,
7290000286549,false,סנו סושי מטלית לכל 9 יח,,,סנו סושי מטלית לכל 9,Unknown,0.00,Unknown,false,1,9.90,9.90,true,1,
7290000287492,false,סנובון  נוזלי לימון 750 מל,,,סנובון  נוזלי לימון,מיליליטרים,750.00,"100 מ""ל",false,1,10.90,1.45,true,1,
7290000287607,false,סנו בלו גדול,,,סנו בלו גדול,גרמים,150.00,100 גרם,false,1,23.90,15.93,true,1,
7290000287621,false,סנו אנטי קאלק לאסלה 750 מל,,,סנו אנטי קאלק לאסלה,מיליליטרים,750.00,"100 מ""ל",false,1,15.20,2.03,true,1,
7290000288024,false,סנו זאוול לימון 4 ליטר,,,סנו זאוול לימון 4 לי,ליטרים,0.00,ליטר,false,1,16.90,16.90,true,1,
7290000289069,false,סנו זאוול מרסס לימון 1 ליטר,,,סנו זאוול מרסס לימון,מיליליטרים,1000.00,"100 מ""ל",false,1,18.90,1.89,true,1,
7290000289380,false,סנו זאוול לאסלות מונבלאן 750 מל,,IL,גל ניקוי אסלה סנו זא,מיליליטרים,750.00,"100 מ""ל",false,1,15.60,2.08,true,1,
7290000289748,false,סנו פורטה פלוס 750 מל,,,סנו פורטה פלוס 750 מ,מיליליטרים,750.00,"100 מ""ל",false,1,14.20,1.89,true,1,
7290000294575,false,סנו רב מגבת,,,סנו רב מגבת,Unknown,0.00,Unknown,false,1,12.50,12.50,true,1,
7290000294780,false,סנו זאוול סמיכה 4 ליטר,,,סנו זאוול סמיכה 4 לי,ליטרים,0.00,ליטר,false,1,16.90,16.90,true,1,
7290000295541,false,סנו רב מגבת גמבו,,,סנו רב מגבת גמבו,Unknown,0.00,Unknown,false,1,15.90,15.90,true,1,
7290000300900,false,שניצל תירס 750 גרם טבעול,,,שניצל תירס 750 גרם,גרמים,750.00,100 גרם,false,1,24.90,3.32,true,1,
7290000303604,false,חומוס שלם 550 גר A2 פרי גליל,,,חומוס שלם A2 פרי גלי,גרמים,550.00,100 גרם,false,1,6.50,1.18,true,1,
7290000307015,false,אפונת גינה גדול 550 גר A2 פרי גליל,,,אפונת גינה גדול 550,גרמים,550.00,100 גרם,false,1,6.90,1.25,true,1,
7290000307046,false,אפונת גינה וגזר 550 גר A2 פרי גליל,,,אפונת גינה וגזר 550,גרמים,550.00,100 גרם,false,1,6.50,1.18,true,1,
7290000307220,false,תירס מתוק בואקום OZ 12,,,תירס מתוק בואקום OZ,גרמים,450.00,100 גרם,false,1,5.90,1.31,true,1,
7290000307237,false,550 גר תירס מתוק A2 פרי גליל,,,תירס מתוק 550 גר A2,גרמים,550.00,100 גרם,false,1,6.50,1.18,true,1,
7290000315140,false,קורנפלקס מלא 500 גרם בדץ,,,קורנפלקס מלא 500 גרם,גרמים,500.00,100 גרם,false,1,20.80,4.16,true,1,
7290000334325,false,שלישית ציפס למיקרו תפוגן,,,שלישית ציפס למיקרו ת,Unknown,0.00,Unknown,false,1,13.80,13.80,true,1,
7290000334684,false,טבעות בצל 700 גרם תפוגן,,,טבעות בצל 700 גרם תפ,גרמים,700.00,100 גרם,false,1,17.90,2.56,true,1,
7290000334745,false,תפוגן אמריקן ציפס 1.5 קג,,,תפוגן אמריקן ציפס 1.,קילוגרמים,0.00,"ק""ג",false,1,26.50,26.50,true,1,
7290000342856,false,בדין 4 ליטר כחול,,,בדין 4 ליטר כחול,ליטרים,0.00,ליטר,false,1,19.90,19.90,true,1,
7290000345307,false,תה ארל גריי 50 שקיקים 1.5 גרם,,,תה ארל גריי 50 שקיקי,Unknown,0.00,Unknown,false,1,29.90,29.90,true,1,
7290000345666,false,תה אינגליש ברקפסט 25 שקיקים 2 גרם,,,תה אינגליש ברקפסט 25,Unknown,0.00,Unknown,false,1,17.60,17.60,true,1,
7290000355757,false,עגבניות מרוסקות 800 גרם A2.5,,,עגבניות מרוסקות 800,גרמים,800.00,100 גרם,false,1,6.90,0.86,true,1,
7290000363363,false,קבנוס מיוחד 160 גרםטירת צבי,,,קבנוס מיוחד 160 גרם,גרמים,160.00,100 גרם,false,1,20.90,13.06,true,1,
7290000364261,false,סלסולי כתף בקר 120גר טירת צבי,,,סלסולי כתף בקר 120גר,גרמים,120.00,100 גרם,false,1,13.90,11.58,true,1,
7290000364858,false,"טירת צבי נקניקיות עוף טרי 1 ק""ג",,,טירת צבי נקניקיות עו,קילוגרמים,0.00,"ק""ג",false,1,21.90,21.90,true,1,
7290000364872,false,נקניקיות עוף 400 גרםטירת צבי,,,נקניקיות עוף 400 גרם,גרמים,400.00,100 גרם,false,1,9.90,2.48,true,1,
7290000365909,false,פסטרמה הודו מעושנתטירת צבי,,,פסטרמה הודו מעושנת,Unknown,0.00,"ק""ג",true,0,85.00,85.00,true,1,
7290000367590,false,צמד כפרי טירת צבי 800 גרם,,,צמד כפרי טירת צבי,גרמים,800.00,100 גרם,false,1,25.90,3.24,true,1,
7290000377209,false,בוטן מטוגן 200 גרם,,,בוטן מטוגן 200 גרם,גרמים,200.00,100 גרם,false,1,7.30,3.65,true,1,
7290000390536,false,לבבות חסה,,,לבבות חסה,Unknown,0.00,Unknown,false,1,10.90,10.90,true,1,
7290000408316,false,יוגורט דנונה דל לקטוז 200 גרם,,,דנונה דל לקטוז,גרמים,200.00,100 גרם,false,1,3.50,1.75,true,1,
7290000408354,false,דנונה בר פצפוצים 173 גר,,,דנונה בר פצפוצים 173,גרמים,173.00,100 גרם,false,1,4.30,2.49,true,1,
7290000412481,false,סנו מנקה אסלות 00 1 ליטר,,,סנו מנקה אסלות 00 1,מיליליטרים,1000.00,"100 מ""ל",false,1,8.90,0.89,true,1,
7290000416021,false,ממרח השחר 500 גרם,,,ממרח השחר 500 גרם,גרמים,500.00,100 גרם,false,1,13.90,2.78,true,1,
7290000416045,false,"ממרח השחר 1 ק""ג",,,"ממרח השחר 1 ק""ג",גרמים,1000.00,100 גרם,false,1,24.90,2.49,true,1,
7290000419909,false,קפה לנדוור טעם אקספרסו טחון טורקי 100ג,,,קפה לנדוור טעם אקספר,גרמים,100.00,100 גרם,false,1,8.30,8.30,true,1,
7290000420332,false,פופ קורן חמאה למיקרוגל 5 יח,,,פופ קורן חמאה למיקרו,גרמים,300.00,100 גרם,false,1,14.90,4.97,true,1,
7290000446554,false,חמאת בוטנים טבעית בט,,,חמאת בוטנים טבעית בט,גרמים,1000.00,100 גרם,false,1,24.90,2.49,true,1,
7290000453019,false,שמרית בשקית 50 גרם,,,שמרית בשקית 50 גרם,גרמים,50.00,100 גרם,false,1,4.90,9.80,true,1,
7290000453125,false,שמרית+משפר אפיה 100 גרם,,,שמרית+משפר אפיה 100,גרמים,100.00,100 גרם,false,1,7.90,7.90,true,1,
7290000453408,false,בצק פיצה דק מצונן ומוכן לאפיה 415 גר,,FR,בצק פיצה דק מצונן,גרמים,415.00,100 גרם,false,1,17.50,4.22,true,1,
7290000453415,false,בצק עלים מצונן ומוכן לאפיה 300 גר,,FR,בצק עלים מצונן ומוכן,גרמים,300.00,100 גרם,false,1,15.90,5.30,true,1,
7290000462141,false,זחוק אדום מריף מאוד 150גר,,,זחוק אדום מריף מאוד,גרמים,350.00,100 גרם,false,1,10.40,2.97,true,1,
7290000474090,false,חלב 1% בקרטון 1 ליטר,,,חלב 1% בקרטון 1 ליטר,מיליליטרים,1000.00,"100 מ""ל",false,1,5.59,0.56,true,1,
7290000474502,false,גבינה לבנה 5% 250 גר,,,גבינה לבנה 5%,גרמים,250.00,100 גרם,false,1,4.75,1.90,true,1,
7290000474540,false,טוב טעם 250 גרם,,,טוב טעם 250 גרם,גרמים,250.00,100 גרם,false,1,10.20,4.08,true,1,
7290000480107,false,קוואקר שיבולת שועל פחית 500 גר,,,קוואקר שיבולת שועל פ,גרמים,500.00,100 גרם,false,1,12.90,2.58,true,1,
7290000484747,false,"ערק עלית 40% 700 מ""ל",,,"ערק עלית 40% 700 מ""ל",מיליליטרים,700.00,"100 מ""ל",false,1,55.90,7.99,true,1,
7290000497044,false,לחם ברמן אקטיב 750 גר,,,לחם ברמן אקטיב 750 ג,גרמים,750.00,100 גרם,false,1,15.90,2.12,true,1,
7290000497112,false,אחיד פרוס ברמן,,,אחיד פרוס ברמן,גרמים,750.00,100 גרם,false,1,7.11,0.95,true,1,
7290000497198,false,ברמן פיתה אסלי 10 יח,,,ברמן פיתה אסלי 10 יח,Unknown,0.00,Unknown,false,1,12.90,12.90,true,1,
7290000497228,false,שש לחמניות בשקית,,,שש לחמניות בשקית,גרמים,450.00,100 גרם,false,1,10.50,2.33,true,1,
7290000497303,false,שש לחמניות בשקית,,,שש לחמניות בשקית,גרמים,450.00,100 גרם,false,1,12.50,2.78,true,1,
7290000498003,false,לחם מקמח חיטה מלא 750 גר,,,לחח מקמח חיטה מלא 75,גרמים,750.00,100 גרם,false,1,15.90,2.12,true,1,
7290000498034,false,לחם מקמח כוסמין מלא 750 גרם,,IL,לחם מקמח כוסמין מלא,גרמים,750.00,100 גרם,false,1,15.90,2.12,true,1,
7290000522104,false,חלב עמיד 3% 1 ליטר,,,חלב עמיד 3% 1 ליטר,מיליליטרים,1000.00,"100 מ""ל",false,1,8.10,0.81,true,1,
7290000522166,false,חלב הרים טהור-עמיד- נטול לקטוז 1 לי 3%,,,חלב הרים טהור-עמיד-,מיליליטרים,1000.00,"100 מ""ל",false,1,11.00,1.10,true,1,
7290000522272,false,"שמנת לקפה 10% שומן 500 מ""ל",,,שמנת לקפה 10% שומן 5,מיליליטרים,500.00,"100 מ""ל",false,1,10.90,2.18,true,1,
7290000523125,false,מלח הארץ ים יבש  250 גרם,,,מלח הארץ ים יבש  250,גרמים,250.00,100 גרם,false,1,5.50,2.20,true,1,
7290000523224,false,מלח הארץ ים יבש  500 גרם,,,מלח הארץ ים יבש  500,גרמים,500.00,100 גרם,false,1,7.70,1.54,true,1,
7290000523804,false,מלח עדין 1 קג צנצנת,,,"מלח עדין 1 ק""ג צנצנת",גרמים,1000.00,100 גרם,false,1,7.90,0.79,true,1,
7290000523811,false,מלח גס 1 קג צנצנת,,,"מלח גס 1 ק""ג צנצנת",גרמים,1000.00,100 גרם,false,1,7.60,0.76,true,1,
7290000554402,false,מעדן מלבי 160 גר,,,מעדן מלבי 160 גר,גרמים,160.00,100 גרם,false,1,5.60,3.50,true,1,
7290000554471,false,מוצרלה 180 גרם,,,מוצרלה 180 גרם,גרמים,180.00,100 גרם,false,1,14.90,8.28,true,1,
7290000554532,false,צפתית מעודנת 5% במלח ים טבעי 200גר,,,צפתית מעודנת 5% במלח,גרמים,200.00,100 גרם,false,1,14.90,7.45,true,1,
7290000554600,false,מוצרלה מגורדת 300 גרם,,,מוצרלה מגורדת 300 גר,גרמים,300.00,100 גרם,false,1,24.90,8.30,true,1,
7290000554624,false,מעדן ירח מתוק 150 גר,,,מעדן ירח מתוק 150 גר,גרמים,150.00,100 גרם,false,1,5.60,3.73,true,1,
7290000554686,false,לבנה בשמן זית וזעתר 250 גר,,,לבנה בשמן זית וזעתר,גרמים,250.00,100 גרם,false,1,14.90,5.96,true,1,
7290000554822,false,ריקוטה 250 גרם,,,ריקוטה 250 גרם,גרמים,250.00,100 גרם,false,1,14.50,5.80,true,1,
7290000571294,false,גאודה מעושנת,,,גאודה מעושנת,Unknown,0.00,"ק""ג",true,0,108.00,108.00,true,1,
7290000654546,false,פילה אמנון קפוא 7-9,,,פילה אמנון קפוא 7-9,Unknown,0.00,"ק""ג",true,0,36.90,36.90,true,1,
7290000688374,false,שישיית מי עדן בייבי 250 מל,,,שישיית מי עדן בייבי,ליטרים,0.00,ליטר,false,1,16.50,16.50,true,1,
7290000688381,false,"מי עדן שישיה אישי 500 מ""ל",,,מי עדן שישיה אישי,מיליליטרים,3000.00,"100 מ""ל",false,1,14.90,0.50,true,1,
7290000688503,false,שישיית מים ספורט 750 מל,,,שישיית מים ספורט 750,מיליליטרים,4500.00,"100 מ""ל",false,1,15.90,0.35,true,1,
7290000690536,false,לבבות חסה שטופה,,,לבבות חסה שטופה,Unknown,0.00,Unknown,false,1,9.99,9.99,true,1,
7290000692456,false,אגקס לניקוי חלונות כחול 1.5 ליטר,,,אגקס לניקוי חלונות כ,ליטרים,0.00,ליטר,false,1,24.90,24.90,true,1,
7290000961613,false,חסה משי,,,חסה משי,Unknown,0.00,Unknown,false,1,5.90,5.90,true,1,
7290000993560,false,שרי מנומר,,,שרי מנומר,Unknown,0.00,Unknown,false,1,11.90,11.90,true,1,
7290000995410,false,נבטים סינים,,,נבטים סינים,Unknown,0.00,Unknown,false,1,4.99,4.99,true,1,
7290000995939,false,פטרוזיליה,,,פטרוזיליה,Unknown,0.00,Unknown,false,1,5.99,5.99,true,1,
7290000995953,false,כוסברה,,,כוסברה,Unknown,0.00,Unknown,false,1,5.99,5.99,true,1,
7290001072134,false,אל סבון סגול+משאבה 1ל נובו,,,אל סבון סגול+משאבה 1,Unknown,0.00,Unknown,false,12,9.90,9.90,true,1,
7290001199084,false,גזר בסגנון קוריאני 500 גרם,,,גזר בסגנון קוריאני 5,גרמים,450.00,100 גרם,false,1,15.60,3.47,true,1,
7290001199244,false,כרוב במלח 1 קג,,,כרוב במלח 1 קג,גרמים,1000.00,100 גרם,false,1,16.90,1.69,true,1,
7290001201589,false,ביצים אריזון 12 גדול,,,ביצים אריזון 12 גדול,Unknown,0.00,Unknown,false,1,12.05,12.05,true,1,
7290001201657,false,ביצים אומגה 3 30 יח M,,,ביצים אומגה 3 30 יח,Unknown,0.00,Unknown,false,1,44.90,44.90,true,1,
7290001201824,false,ביצים אורגניות 12 יח L,,,ביצים אורגניות 12 יח,Unknown,0.00,Unknown,false,1,21.90,21.90,true,1,
7290001201862,false,ביצי חופש 12 יח L,,,ביצי חופש 12 יח L,Unknown,0.00,Unknown,false,1,19.50,19.50,true,1,
7290001216057,false,"טחינה 1 ק""ג טחינת אל-ארז",,,"טחינה 1 ק""ג טחינת אל",גרמים,500.00,100 גרם,false,1,31.90,6.38,true,1,
7290001246085,false,ניקוי חלונות 1 ליטר טאצ,,,ניקוי חלונות 1 ליטר,Unknown,0.00,Unknown,false,1,6.90,6.90,true,1,
7290001246979,false,אקופרינד-נוזל כלים 1 ליטר לימון,,,אקופרינד-נוזל כלים 1,מיליליטרים,1000.00,"100 מ""ל",false,1,14.90,1.49,true,1,
7290001247082,false,קרטונית נקטר ספרינג עגבניות 1 ליטר,,,קרטונית נקטר ספרינג,מיליליטרים,1000.00,"100 מ""ל",false,1,6.60,0.66,true,1,
7290001258255,false,מארז גבינה גאודה במשקל,,,מארז גבינה גאודה,Unknown,0.00,"ק""ג",true,0,110.00,110.00,true,1,
7290001258682,false,"יוגורט עיזים באריזה 500 מ""ל",,,יוגורט עיזים באריזה,מיליליטרים,500.00,"100 מ""ל",false,1,13.10,2.62,true,1,
7290001305188,false,פלמוליב לכלים אקטיב לימון 750 צהוב,,,פלמוליב לכלים אקטיב,מיליליטרים,750.00,"100 מ""ל",false,1,11.50,1.53,true,1,
7290001330838,false,עוגה בת קייב 700 גר,,,עוגה בת קייב 700 גר,גרמים,700.00,100 גרם,false,1,78.50,11.21,true,1,
7290001361009,false,טורט קייבסקי,,,טורט קייבסקי,גרמים,700.00,100 גרם,false,1,79.90,11.41,true,1,
7290001482384,false,אננס חתוך וילי פוד 2,,VN,אננס חתוך וילי פוד 2,גרמים,227.00,100 גרם,false,1,4.80,2.11,true,1,
7290001485026,false,גבינת שמנת זיתים 200 גרם,,,גבינת שמנת זיתים 200,גרמים,200.00,100 גרם,false,1,12.50,6.25,true,1,
7290001491096,false,תה ירוק לימונית לואיזה 50 שקיקים,,,תה ירוק לימונית לואי,Unknown,0.00,Unknown,false,1,43.90,43.90,true,1,
7290001507360,false,חטיף אובלטים אורגניים עם כוסמין 100 גר,,,חטיף אובלטים אורגניי,גרמים,100.00,100 גרם,false,1,11.90,11.90,true,1,
7290001515310,false,שש כריות קרצוף יפניות סקוטש ברייט,,,שישיית כריות קרצוף,Unknown,0.00,Unknown,false,1,12.50,12.50,true,1,
7290001552025,false,הקוסקוס של אמא קפוא 800 גר,,,הקוסקוס של אמא קפוא,גרמים,800.00,100 גרם,false,1,17.90,2.24,true,1,
7290001581049,false,שיפודי פרגיות קפוא מזרע,,,שיפודי פרגיות קפואים,Unknown,0.00,"ק""ג",true,0,64.90,64.90,true,1,
7290001581094,false,כנפיים עוף ללא נוצות טרי,,,כנפיים עוף ללא נוצות,Unknown,0.00,"ק""ג",true,0,14.90,14.90,true,1,
7290001594179,false,"פאנטה אורנג 500 מ""ל",,,"פאנטה אורנג 500 מ""ל",מיליליטרים,500.00,"100 מ""ל",false,1,7.50,1.50,true,1,
7290001594858,false,"טובורג רד שישייה בקבוק 330 מ""ל",,,טובורג רד שישייה בקב,מיליליטרים,1980.00,"100 מ""ל",false,1,32.90,1.66,true,1,
7290001713150,false,קצף אקונומיקה סנט מוריץ 1 ליטר,,,קצף אקונומיקה סנט מו,ליטרים,0.00,ליטר,false,1,11.90,11.90,true,1,
7290001791349,false,פסגה אקונומיקה 4 ליטר,,,פסגה אקונומיקה 4 ליט,ליטרים,0.00,ליטר,false,1,9.90,9.90,true,1,
7290001817377,false,ציטוס איקס עיגול 60 גרם,,,ציטוס איקס עיגול 60,Unknown,0.00,Unknown,false,1,3.50,3.50,true,1,
7290001817728,false,ציטוס כאפה עידן הקרח 55 גרם,,,ציטוס כאפה עידן הקרח,גרמים,55.00,100 גרם,false,1,3.50,6.36,true,1,
7290001990094,false,סוכר חום קלאסי בצנצנת 1 קג,,,סוכר חום קלאסי בצנצנ,גרמים,1000.00,100 גרם,false,1,15.60,1.56,true,1,
7290001990407,false,עדשים ירוקים 1 קג,,,"עדשים ירוקים 1 ק""ג",גרמים,1000.00,100 גרם,false,1,15.60,1.56,true,1,
7290001990414,false,עדשים אדומים 1 קג,,,"עדשים אדומים 1 ק""ג",גרמים,1000.00,100 גרם,false,1,15.60,1.56,true,1,
7290002007234,false,אבקת סוכר 100 גרם,,,אבקת סוכר 100 גרם,גרמים,100.00,100 גרם,false,1,1.80,1.80,true,1,
7290002008507,false,נייר אפיה 50 יחידות,,,נייר אפיה 50 יחידות,Unknown,0.00,Unknown,false,1,8.50,8.50,true,1,
7290002008743,false,סוכר וניל 10 יחידות,,,סוכר וניל 10,גרמים,100.00,100 גרם,false,1,2.20,2.20,true,1,
7290002019794,false,רוטב עגבניות מרוכז מאוד 100 גרם פריניר,,,רוטב עגבניות מרוכז מ,גרמים,100.00,100 גרם,false,1,1.90,1.90,true,1,
7290002026341,false,ציפס בטטה פלאנק 500 גר,,,ציפס בטטה פלאנק 500,גרמים,500.00,100 גרם,false,1,20.90,4.18,true,1,
7290002026358,false,ציפס בטטה קרינקל 500 גר,,,ציפס בטטה קרינקל 500,גרמים,500.00,100 גרם,false,1,20.90,4.18,true,1,
7290002026365,false,טבעות בצל 500 גר,,,טבעות בצל 500 גר,גרמים,500.00,100 גרם,false,1,14.60,2.92,true,1,
7290002037057,false,לחם לבן פרוס ודש,,,לחם לבן פרוס ודש,גרמים,500.00,100 גרם,false,1,6.10,1.22,true,1,
7290002037163,false,לחם אחיד פרוס,,,לחם אחיד פרוס,גרמים,750.00,100 גרם,false,1,7.11,0.95,true,1,
7290002037309,false,שמיניית לחמניות המבורגר,,,שמיניית לחמניות המבו,גרמים,300.00,100 גרם,false,1,12.50,4.17,true,1,
7290002043218,false,ציפס אורז חום מלא מלח 60 גרם,,BG,ציפס אורז חום מלא מל,Unknown,0.00,Unknown,false,0,6.90,6.90,true,1,
7290002053088,false,אטריות ביצים מס 8 200 גר,,,אטריות ביצים מס 8 20,גרמים,200.00,100 גרם,false,1,8.60,4.30,true,1,
7290002057352,false,מלפפון מלח יבנה 7-9,,,מלפפון מלח יבנה 7-9,גרמים,540.00,100 גרם,false,1,6.90,1.28,true,1,
7290002057369,false,מלפפון במלח יבנה 10-12,,,מלפפון במלח יבנה 10-,גרמים,540.00,100 גרם,false,1,7.90,1.46,true,1,
7290002057376,false,מלפפון במלח יבנה 13-17,,,מלפפון במלח יבנה 13-,גרמים,540.00,100 גרם,false,1,9.90,1.83,true,1,
7290002073628,false,גאודה אגוזים הולנדי במשקל,,,גאודה אגוזים הולנדי,Unknown,0.00,"ק""ג",true,0,145.00,145.00,true,1,
7290002073635,false,גאודה פסטו הולנדי במשקל,,,גאודה פסטו הולנדי במ,Unknown,0.00,"ק""ג",true,0,132.00,132.00,true,1,
7290002073680,false,גבינה קברה ביין ספרדי עיזים במשקל,,,גבינה קברה ביין ספרד,Unknown,0.00,"ק""ג",true,0,210.00,210.00,true,1,
7290002107385,false,עז מה גבינת עיזים 180 גר,,,עז מה גבינת עיזים,גרמים,180.00,100 גרם,false,1,22.40,12.44,true,1,
7290002107491,false,גבינת עיזים למריחה 5% צוריאל 250 גר,,,גבינת עיזים למריחה 5,גרמים,250.00,100 גרם,false,1,15.30,6.12,true,1,
7290002107965,false,צוריאל גבינה טבורוג 5% 500 גר,,,צוריאל גבינה טבורוג,גרמים,500.00,100 גרם,false,1,22.70,4.54,true,1,
7290002130574,false,דבש טהור 500 גר יד מרדכי זכוכית,,,דבש טהור יד מרדכי500,גרמים,500.00,100 גרם,false,1,24.70,4.94,true,1,
7290002130581,false,"דבש טהור יד מרדכי 1 ק""ג",,IL,דבש טהור יד מרדכי 1,גרמים,1000.00,100 גרם,false,1,34.90,3.49,true,1,
7290002133551,false,לבנה 500 גר,,,לבנה 500 גר,גרמים,500.00,100 גרם,false,1,24.90,4.98,true,1,
7290002253006,false,שום כתוש בצנצנת 200 גר דורות,,,שום כתוש בצנצנת 200,גרמים,200.00,100 גרם,false,1,15.90,7.95,true,1,
7290002253105,false,מגשית שום טרי דורות 80ג,,,מגשית שום טרי דורות,גרמים,80.00,100 גרם,false,1,11.90,14.88,true,1,
7290002253198,false,מגשית גינגר כתוש קפוא 70גר,,,מגשית גינגר כתוש קפו,גרמים,70.00,100 גרם,false,1,13.50,19.29,true,1,
7290002331360,false,"שישיית מים נביעות 500 מ""ל",,,שישיית מים נביעות,מיליליטרים,3000.00,"100 מ""ל",false,1,11.70,0.39,true,1,
7290002331421,false,שישיית נביעות 755 מל,,,"שישיית נביעות 755 מ""",מיליליטרים,4530.00,"100 מ""ל",false,1,15.90,0.35,true,1,
7290002360285,false,תה חליטת פומפדור קמומיל 20 יח,,,תה חליטת קמומיל 20 י,Unknown,0.00,Unknown,false,1,16.70,16.70,true,1,
7290002370154,false,גבינת צדר מיושנת VINTAGE במשקל,,GB,גבינת צדר מיושנת VIN,Unknown,0.00,"ק""ג",true,0,119.00,119.00,true,1,
7290002371540,false,קורנביף 120 גר טירת מבי,,,קורנביף 120 גר,גרמים,120.00,100 גרם,false,1,13.90,11.58,true,1,
7290002371571,false,פסטרמה פרגיות לבאגט במשקלטירת צבי,,,פסטרמה פרגיות לבאגט,Unknown,0.00,"ק""ג",true,0,85.00,85.00,true,1,
7290002374268,false,שמן חמניות 1 ליטר,,,שמן חמניות 1 ליטר,מיליליטרים,1000.00,"100 מ""ל",false,1,12.50,1.25,true,1,
7290002374312,false,שמן קנולה 1 ליטר,,,שמן קנולה 1 ליטר,מיליליטרים,1000.00,"100 מ""ל",false,1,11.90,1.19,true,1,
7290002385196,false,גבינת דיניש בלו במשקל,,,גבינת דיניש בלו במשק,Unknown,0.00,"ק""ג",true,0,139.00,139.00,true,1,
7290002477556,false,כבד עוף טרי,,,כבד עוף טרי,Unknown,0.00,"ק""ג",true,0,9.90,9.90,true,1,
7290002485025,false,חומוס מסעדות 500גר,,,חומוס מסעדות 500גר,גרמים,500.00,100 גרם,false,1,16.20,3.24,true,1,
7290002485049,false,חומוס מסבחה 500גר,,,חומוס מסבחה 500גר,גרמים,500.00,100 גרם,false,1,16.20,3.24,true,1,
7290002485063,false,חומוס אבו גוש 500גר,,,חומוס אבו גוש 500גר,גרמים,500.00,100 גרם,false,1,16.20,3.24,true,1,
7290002543046,false,קלוגס פרוסטיס 750 גרם,,,קלוגס פרוסטיס 750 גר,גרמים,750.00,100 גרם,false,1,17.50,2.33,true,1,
7290002617044,false,חמאה צרפתית פלאשרד במשקל,,FR,חמאה צרפתית פלאשרד,Unknown,0.00,"ק""ג",true,0,52.00,52.00,true,1,
7290002617518,false,צוריסוס עגל קפוא,,,צוריסוס עגל קפוא,Unknown,0.00,"ק""ג",true,0,69.90,69.90,true,1,
7290002661443,false,פירור זהוב עדין 200 גרם,,IL,פירור זהוב עדין 200,גרמים,250.00,100 גרם,false,1,2.90,1.16,true,1,
7290002661474,false,פירור זהוב עם שמשום 200 גרם,,IL,פירור זהוב עם שמשום,גרמים,250.00,100 גרם,false,1,2.90,1.16,true,1,
7290002661856,false,מיני קרוטונים מתובלים למרק ולסלט 350 גרם,,GB,מיני קרוטונים מתובלי,גרמים,350.00,100 גרם,false,1,17.90,5.11,true,1,
7290002692393,false,שמן קנולה עץ הזית 1 ל מועשר,,,שמן קנולה עץ הזית 1,מיליליטרים,1000.00,"100 מ""ל",false,1,15.90,1.59,true,1,
7290002692478,false,שמן זית כתית מעולה בטעם מעודן 750 מל,,,שמן זית כתית מעולה ב,מיליליטרים,750.00,"100 מ""ל",false,1,33.90,4.52,true,1,
7290002730675,false,"משחת שיניים קולגייט משפחתי 100 מ""ל",,,משחת שיניים קולגייט,Unknown,0.00,Unknown,false,1,10.90,10.90,true,1,
7290002749059,false,מיני פולטבסקיה 290 גר,,,מיני פולטבסקיה 290 ג,גרמים,290.00,100 גרם,false,1,45.00,15.52,true,1,
7290002766056,false,עגבניות שרי,,,עגבניות שרי,Unknown,0.00,Unknown,false,1,11.90,11.90,true,1,
7290002771104,false,קפה 500 גר עם הל,,,קפה 500 גר עם הל,גרמים,500.00,100 גרם,false,1,30.90,6.18,true,1,
7290002814603,false,מסיר שומנים,,,מסיר שומנים,מיליליטרים,750.00,"100 מ""ל",false,1,13.20,1.76,true,1,
7290002814894,false,קצף אקונומיקה סנט מוריץ לוונדר 1 ליטר,,,קצף אקונומיקה סנט מו,ליטרים,0.00,ליטר,false,1,11.90,11.90,true,1,
7290002824183,false,סקי משפחתי 5% 500 גרם,,,סקי משפחתי 5% 500 גר,גרמים,500.00,100 גרם,false,1,9.50,1.90,true,1,
7290002824640,false,גבינת סקי 5% 250 גרם,,IL,גבינת סקי 5% 250 גרם,גרמים,250.00,100 גרם,false,1,4.75,1.90,true,1,
7290002868996,false,קוטג 5% מועשר 250 גרם,,,קוטג 5% מועשר 250 גר,גרמים,250.00,100 גרם,false,1,5.20,2.08,true,1,
7290002881414,false,נודלס עבה 400 גרם,,,נודלס עבה 400 גרם,גרמים,400.00,100 גרם,false,1,7.50,1.88,true,1,
7290002881865,false,פטריות חתוכות 400 גר תומר,,,פטריות חתוכות 400 גר,גרמים,400.00,100 גרם,false,1,5.20,1.30,true,1,
7290002900436,false,פסטרמה איטלקיתטירת צבי,,,פסטרמה איטלקית,גרמים,0.00,"ק""ג",true,0,85.00,85.00,true,1,
7290002909880,false,פולי סויה אדממה 400 גר בלדי,,,פולי סויה אדממה 400,גרמים,400.00,100 גרם,false,1,9.90,2.48,true,1,
7290002971009,false,"קמח לבן שטיבל 1 ק""ג",,,"קמח לבן שטיבל 1 ק""ג",גרמים,1000.00,100 גרם,false,1,4.10,0.41,true,1,
7290002971016,false,"סולת שטיבל 1 ק""ג",,,"סולת שטיבל 1 ק""ג",גרמים,1000.00,100 גרם,false,1,4.80,0.48,true,1,
7290002973669,false,"קמח שטיבל ללחם 2 ללא ניפוי 1 ק""ג",,,קמח שטיבל ללחם 2 ללא,גרמים,1000.00,100 גרם,false,1,9.40,0.94,true,1,
7290003009312,false,בוטן קלוי שקית 200 ג,,,בוטן קלוי שקית 200 ג,גרמים,200.00,100 גרם,false,1,7.30,3.65,true,1,
7290003009640,false,סחוט טרי תפוז 1 ליטר,,,סחוט טרי תפוז 1 ליטר,מיליליטרים,1000.00,"100 מ""ל",false,1,15.20,1.52,true,1,
7290003011087,false,אורז בסמטי אלפאנט 1 קג,,,אורז בסמטי אלפאנט 1,גרמים,1000.00,100 גרם,false,1,12.50,1.25,true,1,
7290003024001,false,גבינה ברי צרפתי במשקל,,,גבינה ברי צרפתי,Unknown,0.00,"ק""ג",true,0,157.00,157.00,true,1,
7290003029181,false,שוקו 1ליטר בקבוק,,IL,שוקו בקבוק יטבתה,מיליליטרים,1000.00,"100 מ""ל",false,1,11.40,1.14,true,1,
7290003029372,false,משקה חלב בננה 1 ליטר בקבוק,,,משקה חלב בננה 1 ליטר,מיליליטרים,1000.00,"100 מ""ל",false,1,11.40,1.14,true,1,
7290003047642,false,תה ליפטון ילו לייבל 100 שקיקים 150 גרם,,,תה ליפטון ילו לייבל,גרמים,150.00,100 גרם,false,1,12.90,8.60,true,1,
7290003054657,false,חרדל דיזיון 370 גר,,,חרדל דיזיון 370 גר,גרמים,370.00,100 גרם,false,1,11.50,3.11,true,1,
7290003072835,false,נקניקיות קנאקוורסט 320 גרם,,IL,נקניקיות קנאקוורסט 3,גרמים,320.00,100 גרם,false,1,18.90,5.91,true,1,
7290003091010,false,טיבון טלה טרי,,,טיבון טלה טרי,Unknown,0.00,"ק""ג",true,0,144.90,144.90,true,1,
7290003094400,false,קוויאר פחיות 140 גר,,,קוויאר פחיות 140 גר,Unknown,0.00,Unknown,false,1,44.90,44.90,true,1,
7290003145751,false,קשיו קלוי קליית גת 200 גר,,,קשיו קלוי קליית גת 2,גרמים,200.00,100 גרם,false,1,20.80,10.40,true,1,
7290003220977,false,מעדני המלך חצי ירח מצופה 175 גר,,IL,מעדני המלך חצי ירח מ,גרמים,175.00,100 גרם,false,1,7.90,4.51,true,1,
7290003224128,false,"כיסונים תפו""א 800 גרם",,,"כיסונים תפו""א 800 גר",גרמים,800.00,100 גרם,false,1,13.30,1.66,true,1,
7290003224456,false,"כיסונים בשר סיבירסקי 1 ק""ג",,,כיסונים בשר סיבירסקי,גרמים,1000.00,100 גרם,false,1,23.70,2.37,true,1,
7290003224654,false,מיקס פירות יער 380 גרם,,,מיקס פירות יער 380 ג,גרמים,380.00,100 גרם,false,1,13.90,3.66,true,1,
7290003229109,false,פסטרמה בפפריקה 400 גרםטירת צבי,,,פסטרמה בפפריקה 400 ג,גרמים,400.00,100 גרם,false,1,25.90,6.48,true,1,
7290003229116,false,פסטרמה בדבש 400 גרםטירת צבי,,,פסטרמה בדבש 400 גרם,גרמים,400.00,100 גרם,false,1,24.90,6.23,true,1,
7290003229123,false,פסטרמה על גחלים 400 גרםטירת צבי,,,פסטרמה על גחלים,גרמים,400.00,100 גרם,false,1,24.90,6.23,true,1,
7290003229147,false,סלמי איטלקי 300 גרםטירת צבי,,,סלמי איטלקי 300 גרם,גרמים,300.00,100 גרם,false,1,25.90,8.63,true,1,
7290003229208,false,פסטרמה ספרדית 360 גרטירת צבי,,,פסטרמה ספרדית 360 גר,גרמים,360.00,100 גרם,false,1,29.90,8.31,true,1,
7290003229222,false,סלמי תה משובח 300 גרטירת צבי,,,סלמי תה משובח 300 גר,גרמים,300.00,100 גרם,false,1,19.90,6.63,true,1,
7290003321155,false,דנונה בר פקאן 183 גר,,,דנונה בר פקאן 183 גר,גרמים,183.00,100 גרם,false,1,4.30,2.35,true,1,
7290003326020,false,סלק וואקום,,,סלק וואקום,Unknown,0.00,Unknown,false,1,10.99,10.99,true,1,
7290003411993,false,גפרורים 10 יח,,,גפרורים 10 יח,Unknown,0.00,Unknown,false,1,2.90,2.90,true,1,
7290003427154,false,"שמן זית כתית מעולה מעודן זיתא 750 מ""ל",,IL,שמן זית כתית מעולה מ,מיליליטרים,750.00,"100 מ""ל",false,1,31.90,4.25,true,1,
7290003464500,false,נתח קצבים דק סקין פריים,,,נתח קצבים דק,Unknown,0.00,"ק""ג",true,0,94.90,94.90,true,1,
7290003464531,false,אסאדו עגל טרי,,,אסאדו עגל טרי,Unknown,0.00,"ק""ג",true,0,49.90,49.90,true,1,
7290003610129,false,בשר טחון טרי לקבב/המבורגר,,,בשר טחון טרי,Unknown,0.00,"ק""ג",true,0,39.90,39.90,true,1,
7290003643004,false,"אורז בסמטי 1 ק""ג",,,"אורז בסמטי 1 ק""ג",גרמים,1000.00,100 גרם,false,1,12.90,1.29,true,1,
7290003643387,false,סוכר לבן בצנצנת 1 קג,,,"סוכר לבן בצנצנת 1 ק""",גרמים,1000.00,100 גרם,false,1,6.90,0.69,true,1,
7290003643646,false,"סוכר חום דמררה צנצנת 1 ק""ג",,,סוכר חום דמררה צנצנת,גרמים,1000.00,100 גרם,false,1,12.50,1.25,true,1,
7290003643684,false,אפונה 500 גרם,,,אפונה 500 גרם,גרמים,500.00,100 גרם,false,1,6.90,1.38,true,1,
7290003643745,false,כוסמת 500 גרם,,,כוסמת 500 גרם,גרמים,500.00,100 גרם,false,1,6.50,1.30,true,1,
7290003643752,false,עדשים ירוקים 500 גרם,,,עדשים ירוקים 500 גרם,גרמים,500.00,100 גרם,false,1,5.90,1.18,true,1,
7290003643769,false,עדשים אדומים 500 גרם,,,עדשים אדומים 500 גרם,גרמים,500.00,100 גרם,false,1,8.20,1.64,true,1,
7290003643776,false,פופקורן 500 גרם,,,פופקורן 500 גרם,גרמים,500.00,100 גרם,false,1,5.50,1.10,true,1,
7290003713950,false,סלסה מקסיקנה 210 גרם,,IL,סלסה מקסיקנה 210 גרם,גרמים,200.00,100 גרם,false,1,19.50,9.75,true,1,
7290003726011,false,טופו רך כפרי בריא 30,,,טופו רך כפרי בריא 30,גרמים,300.00,100 גרם,false,1,14.60,4.87,true,1,
7290003726110,false,טופו אורגני (רגיל) ב,,,טופו אורגני (רגיל) ב,גרמים,300.00,100 גרם,false,1,13.20,4.40,true,1,
7290003726615,false,טופו וילר 300 גר,,,טופו וילר 300 גר,גרמים,300.00,100 גרם,false,1,11.90,3.97,true,1,
7290003779086,false,סלרי ראש,,,סלרי ראש,Unknown,0.00,Unknown,false,1,3.00,3.00,true,1,
7290003779093,false,סלרי עלים,,,סלרי עלים,Unknown,0.00,Unknown,false,1,3.00,3.00,true,1,
7290003781850,false,גבינת קשקבל פרוסות 200 גרם,,IL,גבינת קשקבל פרוסות 2,גרמים,200.00,100 גרם,false,1,22.90,11.45,true,1,
7290003804252,false,תיבולית נוסח הודי קנור 72 גרם,,,תיבולית נוסח הודי קנ,גרמים,72.00,100 גרם,false,1,11.40,15.83,true,1,
7290003804320,false,תיבולית שום קנור 72 גרם,,,תיבולית שום קנור 72,גרמים,95.00,100 גרם,false,1,11.40,12.00,true,1,
7290003805587,false,"פתית חיטה מלאה בד""צ 250 גרם-קופסא",,,"פתית חיטה מלאה בד""צ",גרמים,250.00,100 גרם,false,1,16.90,6.76,true,1,
7290003882922,false,עלי גפן ממולאות באורז 400 גרם,,,עלי גפן ממולאות באור,גרמים,400.00,100 גרם,false,1,8.90,2.23,true,1,
7290003976737,false,מרסס אקונומיקה מבושמת 1 ליטר טאצ,,,מרסס אקונומיקה מבושמ,Unknown,0.00,Unknown,false,1,11.90,11.90,true,1,
7290003989096,false,חציל פיקנטי אחלה 500 גרם,,,חציל פיקנטי אחלה 500,גרמים,500.00,100 גרם,false,1,15.50,3.10,true,1,
7290003989539,false,רביולי גבינה  400 גר,,,רביולי גבינה 400 גר,גרמים,400.00,100 גרם,false,1,19.90,4.98,true,1,
7290004011338,false,ריץ קצפת במיכל 250 גר חלבי,,,ריץ קצפת במיכל 250 ג,גרמים,250.00,100 גרם,false,1,9.90,3.96,true,1,
7290004011345,false,ריץ קצפת במיכל 250 גר פרווה,,,ריץ קצפת במיכל 250 ג,גרמים,250.00,100 גרם,false,1,12.50,5.00,true,1,
7290004011796,false,קבבונים אל גאוצו 400 גר,,,קבבונים אל גאוצו 400,גרמים,400.00,100 גרם,false,1,23.90,5.98,true,1,
7290004033712,false,לחם עננים מקמח מלא 750 גרם,,IL,לחם עננים מקמח מלא 7,גרמים,750.00,100 גרם,false,1,16.50,2.20,true,1,
7290004051136,false,סלמי צרפתי פרוס 170 גר,,,סלמי צרפתי פרוס,גרמים,170.00,100 גרם,false,1,34.90,20.53,true,1,
7290004051419,false,ממרח כבד מיני 220 גר,,,ממרח כבד מיני 220 גר,גרמים,220.00,100 גרם,false,1,18.90,8.59,true,1,
7290004053192,false,נקניקיות עגל 600 גר,,,נקניקיות עגל 600 גר,גרמים,600.00,100 גרם,false,1,29.90,4.98,true,1,
7290004054236,false,גיוזה עוף 320 גר,,,גיוזה עוף 320 גר,גרמים,320.00,100 גרם,false,1,35.90,11.22,true,1,
7290004054243,false,גיוזה ירקות 320 גר,,,גיוזה ירקות 320 גר,גרמים,320.00,100 גרם,false,1,35.90,11.22,true,1,
7290004054885,false,נקניקיות איטלקיות עם גבינה 400 גר,,,נקניקיות איטלקיות עם,גרמים,400.00,100 גרם,false,1,28.90,7.23,true,1,
7290004063016,false,"מלח דק 1 ק""ג",,,"מלח דק 1 ק""ג",גרמים,1000.00,100 גרם,false,1,2.07,0.21,true,1,
7290004064297,false,"מלח מועשר ביוד בצנצנת מלח הארץ 1 ק""ג",,IL,מלח מועשר ביוד בצנצנ,גרמים,1000.00,100 גרם,false,1,10.90,1.09,true,1,
7290004064389,false,מלח הימלאיה דק  250 גר,,,מלח הימלאיה דק  250,גרמים,250.00,100 גרם,false,1,11.90,4.76,true,1,
7290004068011,false,יוגורט כבשים 600 גר,,,יוגורט כבשים 600 גר,גרמים,600.00,100 גרם,false,1,17.20,2.87,true,1,
7290004078942,false,ליידי ספיד סטיק גל ריחני ורוד 63.7 גר,,,ליידי ספיד סטיק גל ר,גרמים,65.00,100 גרם,false,1,32.90,50.62,true,1,
7290004119225,false,יופלה אננס 3% 150 גר,,,יופלה אננס 3% 150 גר,גרמים,150.00,100 גרם,false,1,5.00,3.33,true,1,
7290004120108,false,דיאט יופלה דובדבן 150 גר,,,דיאט יופלה דובדבן 15,גרמים,150.00,100 גרם,false,1,5.00,3.33,true,1,
7290004120573,false,גבינה בולגרית פיראוס 16% 250 גרם,,,גבינה בולגרית פיראוס,גרמים,250.00,100 גרם,false,1,17.90,7.16,true,1,
7290004120832,false,כד חלב 2 ליטר 3%,,,כד חלב 2 ליטר 3%,ליטרים,0.00,ליטר,false,1,11.80,11.80,true,1,
7290004121488,false,דיאט יופלה אפרסק 150 גר,,,דיאט יופלה אפרסק 150,מיליליטרים,150.00,"100 מ""ל",false,1,5.00,3.33,true,1,
7290004121754,false,יופלה עוגת גבינה ותות 3% 150 גר,,,יופלה עוגת גבינה,גרמים,150.00,100 גרם,false,1,5.00,3.33,true,1,
7290004122195,false,גבינה צהובה גוש חלב 200 גרם,,,גבינה צהובה גוש חלב,גרמים,200.00,100 גרם,false,1,12.70,6.35,true,1,
7290004122270,false,גבינה עמק פרוס בקופסה 28% 200 גרם,,,גבינה עמק פרוס בקופס,גרמים,200.00,100 גרם,false,1,14.90,7.45,true,1,
7290004122348,false,גבינת עמק לייט פרוס בקופסא 200 גרם,,,גבינת עמק לייט פרוס,גרמים,200.00,100 גרם,false,1,16.30,8.15,true,1,
7290004122676,false,חמד לייט 5% גביע 250גר,,,חמד לייט 5% גביע 250,גרמים,250.00,100 גרם,false,1,18.50,7.40,true,1,
7290004122683,false,אצבעות עמק 172 גר,,,אצבעות עמק 172 גר,גרמים,172.00,100 גרם,false,1,16.40,9.53,true,1,
7290004124205,false,דיאט יופלה תות 150 גר,,,דיאט יופלה תות 150 ג,גרמים,150.00,100 גרם,false,1,5.00,3.33,true,1,
7290004125370,false,"שמנת חמוצה מופחתת שומן 9% 200 מ""ל",,,שמנת חמוצה מופחתת שו,מיליליטרים,200.00,"100 מ""ל",false,1,3.30,1.65,true,1,
7290004125400,false,"שלי אשל 200 מ""ל",,,"שלי אשל 200 מ""ל",מיליליטרים,200.00,"100 מ""ל",false,1,1.61,0.81,true,1,
7290004125417,false,"שלי גיל 200 מ""ל",,,"שלי גיל 200 מ""ל",מיליליטרים,200.00,"100 מ""ל",false,1,1.44,0.72,true,1,
7290004125455,false,"שמנת חמוצה 15% 200 מ""ל",,,שמנת חמוצה 15% 200 מ,גרמים,200.00,100 גרם,false,1,2.28,1.14,true,1,
7290004125462,false,"שמנת חמוצה 15% 500 מ""ל",,,שמנת חמוצה 15% 500 מ,מיליליטרים,500.00,"100 מ""ל",false,1,5.70,1.14,true,1,
7290004125509,false,"שמנת חמוצה 100 מ""ל",,,"שמנת חמוצה 100 מ""ל",מיליליטרים,100.00,"100 מ""ל",false,1,1.60,1.60,true,1,
7290004125578,false,משקה סויה מועשר 1 ליטר,,,משקה סויה מועשר 1 לי,מיליליטרים,1000.00,"100 מ""ל",false,1,10.90,1.09,true,1,
7290004125585,false,משקה סויה על הבוקר 1 ליטר,,,משקה סויה על הבוקר 1,מיליליטרים,1000.00,"100 מ""ל",false,1,10.90,1.09,true,1,
7290004125721,false,"שמנת לבישול 15% השף הלבן 250 מ""ל",,,שמנת לבישול 15% השף,גרמים,250.00,100 גרם,false,1,7.90,3.16,true,1,
7290004125776,false,עמק פרוס בקופסה 400גר 28%,,,עמק פרוס בקופסה 400ג,גרמים,400.00,100 גרם,false,1,26.50,6.63,true,1,
7290004126674,false,טל העמק לייט 200 גרם,,,טל העמק לייט 200 גרם,גרמים,200.00,100 גרם,false,1,18.00,9.00,true,1,
7290004126759,false,דיאט יופלה פירות יער 150 גר,,,דיאט יופלה פירות יער,גרמים,150.00,100 גרם,false,1,5.00,3.33,true,1,
7290004127329,false,גבינת קוטג  5% 250 גרם,,,גבינת קוטג 5% 250 גר,גרמים,250.00,100 גרם,false,1,5.50,2.20,true,1,
7290004127336,false,גבינת קוטג 9% 250 גרם,,,גבינת קוטג 9% 250 גר,גרמים,250.00,100 גרם,false,1,5.50,2.20,true,1,
7290004127800,false,גבינה לבנה למריחה 5% 500 גר,,,גבינה לבנה למריחה 5%,גרמים,500.00,100 גרם,false,1,9.50,1.90,true,1,
7290004127817,false,גבינה למריחה 9% 500 גרם,,,גבינה למריחה 9% 500,גרמים,500.00,100 גרם,false,1,9.50,1.90,true,1,
7290004127862,false,גבינה למריחה 5% 750 גרם,,,גבינה למריחה 5% 750,גרמים,750.00,100 גרם,false,1,14.25,1.90,true,1,
7290004129101,false,נפוליאון טבעי 225 גרם,,,נפוליאון טבעי 225 גר,גרמים,225.00,100 גרם,false,1,12.90,5.73,true,1,
7290004129156,false,נפוליאון שום שמיר 225 גרם,,,נפוליאון שום שמיר 22,גרמים,225.00,100 גרם,false,1,12.90,5.73,true,1,
7290004130794,false,משקה סויה טבעי מתיקות מופחתת 1ל,,,משקה סויה טבעי מתיקו,מיליליטרים,1000.00,"100 מ""ל",false,1,9.50,0.95,true,1,
7290004130916,false,יופלה פירות יער בשמנת 150 גר,,,יופלה פירות יער בשמנ,גרמים,150.00,100 גרם,false,1,5.00,3.33,true,1,
7290004131074,false,חלב קרטון+פקק 3% תנובה 1 ליטר,,,חלב קרטון+פקק 3% תנו,מיליליטרים,1000.00,"100 מ""ל",false,1,5.94,0.59,true,1,
7290004132552,false,דיאט סויה טבעי 1 ליטר,,,דיאט סויה טבעי 1 ליט,מיליליטרים,1000.00,"100 מ""ל",false,1,10.90,1.09,true,1,
7290004133511,false,יופלה לבן מאגדת שמינייה 1.5% מעודן,,,יופלה לבן שמינייה,ליטרים,0.00,ליטר,false,1,20.40,20.40,true,1,
7290004136598,false,מארז הפסקת אוכל-חלב לילדים עם דגנים,,,מארז הפסקת אוכל-חלב,גרמים,250.00,100 גרם,false,1,9.90,3.96,true,1,
7290004137311,false,עמק לייט פרוס 9% 400 גר,,,עמק לייט פרוס 9% 400,גרמים,400.00,100 גרם,false,1,29.90,7.48,true,1,
7290004150198,false,סלק מגורד פיקנטי פרימיום 300 גרם,,IL,סלק מגורד פיקנטי פרי,גרמים,300.00,100 גרם,false,1,15.90,5.30,true,1,
7290004150204,false,מטבוחה  300 גרם פיקנטי פרימיום,,IL,מטבוחה  300 גרם פיקנ,גרמים,300.00,100 גרם,false,1,15.90,5.30,true,1,
7290004199791,false,כפפות לטקס 100 יח M SAFE TOUCH,,,כפפות לטקס 100 יח M,Unknown,0.00,Unknown,false,1,22.90,22.90,true,1,
7290004227975,false,צלעות טלה טרי,,,צלעות טלה טרי,Unknown,0.00,"ק""ג",true,0,179.90,179.90,true,1,
7290004386825,false,שעועית ענק ברוטב עגבניות וילי פוד 420 גר,,GR,שעועית ענק ברוטב עגב,גרמים,420.00,100 גרם,false,1,10.40,2.48,true,1,
7290004485344,false,זוג עופיונים טריים,,,זוג עופיונים טריים,Unknown,0.00,"ק""ג",true,0,55.90,55.90,true,1,
7290004584528,false,יוגורט דנונה ביו טבעי 1.7% 200 גרם,,,יוגורט דנונה ביו טבע,גרמים,200.00,100 גרם,false,1,3.50,1.75,true,1,
7290004603175,false,מלח ים האדום גס 500 גרם,,,מלח ים האדום גס 500,גרמים,500.00,100 גרם,false,1,8.90,1.78,true,1,
7290004685010,false,שיפון פלוס לחם הארץ 500 גרם,,IL,לחם 100% שיפון מקמח,גרמים,500.00,100 גרם,false,1,16.50,3.30,true,1,
7290004685027,false,לחם חיטה מלאה פלוס לחם הארץ 500 גרם,,,לחם חיטה מלאה פלוס,גרמים,500.00,100 גרם,false,1,16.50,3.30,true,1,
7290004685089,false,לחם חמניות 500 גרם,,,לחם חמניות 500 גרם,גרמים,500.00,100 גרם,false,1,16.50,3.30,true,1,
7290004685157,false,לחם שיפון 100%,,,לחם שיפון 100%,גרמים,750.00,100 גרם,false,1,16.50,2.20,true,1,
7290004685195,false,לחם 10 דגנים,,,לחם 10 דגנים,גרמים,750.00,100 גרם,false,1,16.50,2.20,true,1,
7290004685201,false,לחם אגוזים,,,לחם אגוזים,גרמים,500.00,100 גרם,false,1,16.50,3.30,true,1,
7290004685430,false,לחם כוסמין 100% 500 גר,,,לחם כוסמין 100% 500,גרמים,500.00,100 גרם,false,1,16.50,3.30,true,1,
7290004685447,false,שישיית לחמניות כוסמין,,IL,שישיית לחמניות כוסמי,Unknown,0.00,Unknown,false,1,15.50,15.50,true,1,
7290004731472,false,אלסבון כיף שלישייה 1.5 ל,,,אלסבון כיף שלישייה 5,ליטרים,0.00,ליטר,false,1,15.90,15.90,true,1,
7290004737900,false,חלב מרוכז ממותק וילי פוד 397 גר,,LT,חלב מרוכז ממותק וילי,גרמים,397.00,100 גרם,false,1,8.30,2.09,true,1,
7290005053047,false,פרוסטקוושה 1 ליטר,,,פרוסטקוושה 1 ליטר,מיליליטרים,1000.00,"100 מ""ל",false,1,13.60,1.36,true,1,
7290005053054,false,שמנת 42% מיוחד 300גר,,,שמנת 42% מיוחד 300,גרמים,300.00,100 גרם,false,1,11.50,3.83,true,1,
7290005053078,false,קאפיר 3% 1 ליטר,,,קאפיר 3% 1 ליטר,ליטרים,0.00,ליטר,false,1,13.60,13.60,true,1,
7290005053085,false,שמנת חמוצה 15% 500 גרם,,,שמנת חמוצה 15% 500 ג,גרמים,500.00,100 גרם,false,1,11.20,2.24,true,1,
7290005053214,false,טבורוג דובדבן 500 גר,,,טבורוג דובדבן 500 גר,גרמים,500.00,100 גרם,false,1,16.00,3.20,true,1,
7290005068058,false,תירס קל A2,,,תירס קל A2,גרמים,550.00,100 גרם,false,1,6.20,1.13,true,1,
7290005079290,false,גבינה צהובה נעם 15%,,,גבינה צהובה נעם 15%,Unknown,0.00,"ק""ג",true,0,65.00,65.00,true,1,
7290005084355,false,"משחת שיניים  סנסודיין דואלקר  75 מ""ל",,,משחת שיניים  סנסודיי,גרמים,75.00,100 גרם,false,1,20.90,27.87,true,1,
7290005095375,false,כוסות לשתייה קרה 100 יח,,TR,כוסות לשתייה קרה 100,Unknown,0.00,Unknown,false,1,8.50,8.50,true,1,
7290005095467,false,נרות שבת 4 יח,,CN,נרות שבת 4 יח,Unknown,0.00,Unknown,false,1,6.00,6.00,true,1,
7290005095498,false,נרות שבת 10 יח,,CN,נרות שבת 10 יח,Unknown,0.00,Unknown,false,1,5.90,5.90,true,1,
7290005174513,false,חצילים במיונז 500 גר,,,חצילים במיונז 500 גר,גרמים,500.00,100 גרם,false,1,15.90,3.18,true,1,
7290005174551,false,חומוס יום יום 125 גרם,,,חומוס יום יום 125 גר,גרמים,125.00,100 גרם,false,1,4.90,3.92,true,1,
7290005174575,false,טחינה יום יום 125 גרם,,,טחינה יום יום 125 גר,גרמים,125.00,100 גרם,false,1,4.90,3.92,true,1,
7290005200786,false,תפוציפס שמנת ובצל 50 גרם,,,תפוציפס שמנת ובצל 50,גרמים,50.00,100 גרם,false,1,3.90,7.80,true,1,
7290005278037,false,תות שדה סחוט טרי 500,,,תות שדה סחוט טרי 500,מיליליטרים,500.00,"100 מ""ל",false,1,9.90,1.98,true,1,
7290005287206,false,טונה סטארקיסט בשמן רביעיות 4*160 גר,,,טונה סטארקיסט בשמן ר,גרמים,640.00,100 גרם,false,1,23.90,3.73,true,1,
7290005296260,false,"אסטוניש מרסס 750 מ""ל",,,"אסטוניש מרסס 750 מ""ל",מיליליטרים,750.00,"100 מ""ל",false,1,18.90,2.52,true,1,
7290005358241,false,לשון בקר קפוא,,,לשון בקר קפואה,Unknown,0.00,"ק""ג",true,0,35.90,35.90,true,1,
7290005423734,false,סנו מקסימה מרכך כביסה א.פרש 4 ליטר,,,סנו מקסימה מרכך כביס,ליטרים,0.00,ליטר,false,1,17.90,17.90,true,1,
7290005423833,false,סנו פוליויקס פרקט 2 ליטר,,,סנו פוליויקס פרקט 2,ליטרים,0.00,ליטר,false,1,23.90,23.90,true,1,
7290005424113,false,סנו סושי 4 מטליות רצפה,,,סנו סושי 4 מטליות רצ,Unknown,0.00,Unknown,false,1,14.60,14.60,true,1,
7290005424700,false,פורטה פלוס 1 ליטר,,,פורטה פלוס 1 ליטר,מיליליטרים,1000.00,"100 מ""ל",false,1,20.90,2.09,true,1,
7290005424762,false,רצפז פלוס דוחה חרקים עם וקס 2 ל,,,רצפז פלוס דוחה חרקים,ליטרים,0.00,ליטר,false,1,31.50,31.50,true,1,
7290005424847,false,סנו סופט 150 מפיות לבן,,,סנו סופט 150 מפיות ל,Unknown,0.00,Unknown,false,1,7.90,7.90,true,1,
7290005425646,false,סנוקליר אקדח 1 ליטר,,,סנוקליר אקדח 1 ליטר,מיליליטרים,1000.00,"100 מ""ל",false,1,9.90,0.99,true,1,
7290005426230,false,סושי מטלית הפלא לרצפה,,,סושי מטלית הפלא לרצפ,Unknown,0.00,Unknown,false,1,11.40,11.40,true,1,
7290005427107,false,שישיית סנו סושי מגבות נייר,,,שישיית סנו סושי,Unknown,0.00,Unknown,false,1,10.50,10.50,true,1,
7290005430510,false,נייר טואלט סופט 40 גלילים,,,נייר טואלט סופט 40 ג,מטרים,736.00,מטר,false,1,32.90,0.04,true,1,
7290005431937,false,טירמיסו 82 גר,,IL,טירמיסו 82 גר,גרמים,82.00,100 גרם,false,1,6.90,8.41,true,1,
7290005555100,false,פיקדון רביעייה,,,פיקדון רביעייה,Unknown,0.00,Unknown,false,1,1.20,1.20,true,1,
7290005555101,false,פיקדון שישייה,,,פיקדון שישייה,Unknown,0.00,Unknown,false,1,1.80,1.80,true,1,
7290005555777,false,"פיקדון חוזר 1.2 ש""ח בק 500 מ""ל",,,"פיקדון חוזר 1.2 ש""ח",Unknown,0.00,Unknown,false,1,1.20,1.20,true,1,
7290005559907,false,פיצה משפחתית גבינה מעדנות 500 גר,,,פיצה משפחתית גבינה,גרמים,500.00,100 גרם,false,1,23.90,4.78,true,1,
7290005559914,false,פיצה משפחתית זיתים מעדנות 550 גר,,,פיצה משפחתית זיתים מ,גרמים,550.00,100 גרם,false,1,21.90,3.98,true,1,
7290005571022,false,צלי כתף טרי,,,צלי כתף טרי,Unknown,0.00,"ק""ג",true,0,69.90,69.90,true,1,
7290005571046,false,כתף בקר מרכזי טרי,,,כתף בקר מרכזי טרי,Unknown,0.00,"ק""ג",true,0,69.90,69.90,true,1,
7290005571060,false,אוסובוקו בקר טרי,,,אוסובוקו בקר טרי,Unknown,0.00,"ק""ג",true,0,39.90,39.90,true,1,
7290005571176,false,ויסבארטן טרי,,,ויסבארטן טרי,Unknown,0.00,"ק""ג",true,0,54.90,54.90,true,1,
7290005571183,false,שייטל בקר שלם,,,שייטל שלם,Unknown,0.00,"ק""ג",true,0,79.90,79.90,true,1,
7290005571343,false,כבד עגל טרי,,,כבד עגל טרי,Unknown,0.00,"ק""ג",true,0,17.90,17.90,true,1,
7290005571596,false,נתח סינטה עגל טרי,,,סינטה עגל טרי,Unknown,0.00,"ק""ג",true,0,99.90,99.90,true,1,
7290005591761,false,דבש טהור לחיץ פרחי בר 400 גרם,,,דבש טהור לחיץ פרחי ב,גרמים,400.00,100 גרם,false,1,19.90,4.98,true,1,
7290005678585,false,סקרלוטה ללא חרצנים,,,סקרלוטה ללא חרצנים,Unknown,0.00,"ק""ג",true,0,19.90,19.90,true,1,
7290005684418,false,לחם כוסמין אורגני 700 גר,,,לחם כוסמין אורגני 70,גרמים,700.00,100 גרם,false,1,11.90,1.70,true,1,
7290005684845,false,5 פיתות כוסמין אורגנ,,,5 פיתות כוסמין אורגנ,Unknown,0.00,Unknown,false,1,8.90,8.90,true,1,
7290005686405,false,בננה ציפס 200 גרם ששון הקולה,,,בננה ציפס 200 גרם שש,גרמים,200.00,100 גרם,false,1,7.90,3.95,true,1,
7290005838002,false,דניאלה 88 גרם,,,דניאלה וניל 100 גרם,גרמים,88.00,100 גרם,false,1,3.90,4.43,true,1,
7290005839078,false,מולטיפק יוגורט דנונה טבעי 3%,,,מולטיפק יוגורט דנונה,ליטרים,0.00,ליטר,false,1,15.90,15.90,true,1,
7290005839108,false,סימפוניה 5% עם זיתים 200 גרם,,,סימפוניה 5% עם זיתים,גרמים,200.00,100 גרם,false,1,11.00,5.50,true,1,
7290005839313,false,מילקי טופ מגולגלת 130 גרם,,,מילקי טופ מגולגלת 13,גרמים,130.00,100 גרם,false,1,4.50,3.46,true,1,
7290005896415,false,"בירה איגל לאגר פרימיום 5% 500 מ""ל פחית",,,בירה איגל לאגר פרימי,מיליליטרים,500.00,"100 מ""ל",false,1,6.90,1.38,true,1,
7290005992735,false,גבינה לבנה טבעית 250 גר,,,גבינה לבנה טבעית 250,גרמים,250.00,100 גרם,false,1,12.50,5.00,true,1,
7290006190741,false,פיקורינו פפאטו עם פלפל במשקל,,,פיקורינו פפאטו פלפל,Unknown,0.00,"ק""ג",true,0,210.00,210.00,true,1,
7290006190765,false,גבינת גרוייר רזרב שוויצרי במשקל,,,גבינת גרוייר רזרב,Unknown,0.00,"ק""ג",true,0,209.00,209.00,true,1,
7290006194008,false,גבינת פקורינו רומנו איטלקי שקיל,,,גבינת פקורינו רומנו,Unknown,0.00,"ק""ג",true,0,170.00,170.00,true,1,
7290006194015,false,גבינת גורגונזולה פיקנטית במשקל,,,גבינת גורגונזולה פיק,Unknown,0.00,"ק""ג",true,0,191.00,191.00,true,1,
7290006194022,false,גורגונזולה דולצה איטלקי במשקל,,,גורגונזולה דולצה,Unknown,0.00,"ק""ג",true,0,191.00,191.00,true,1,
7290006229427,false,שישיית מים מינרלים סאן בנדטו 500 מל,,,שישיית מים מינרלים ס,ליטרים,0.02,ליטר,false,1,11.90,595.00,true,1,
7290006251275,false,תה ירוק סיני 25 שקיקים של 1.5 ג,,,תה ירוק סיני 25 שקיק,Unknown,0.00,Unknown,false,1,24.90,24.90,true,1,
7290006265500,false,פטריות שמפיניון ארוז,,,פטריות שמפיניון ארוז,Unknown,0.00,Unknown,false,1,5.99,5.99,true,1,
7290006271181,false,גחנון אפוי 750גר מעדנות,,,גחנון אפוי 750 גר,גרמים,750.00,100 גרם,false,1,23.90,3.19,true,1,
7290006272072,false,חטיפי פיצה גבינה 650 גר,,,חטיפי פיצה גבינה,גרמים,650.00,100 גרם,false,1,29.90,4.60,true,1,
7290006306326,false,רביולי פטריות 400 גר,,,רביולי פטריות 400 גר,גרמים,400.00,100 גרם,false,1,22.90,5.73,true,1,
7290006337016,false,בלינצס בשר 800 גרם,,,בלינצס בשר 800 גרם,גרמים,800.00,100 גרם,false,1,36.90,4.61,true,1,
7290006337214,false,צבוצקי 600 גר,,,צבוצקי 600 גר,גרמים,600.00,100 גרם,false,1,32.90,5.48,true,1,
7290006342515,false,מנצס 200 גרם ששון הקולה,,,מנצס 200 גרם ששון הק,גרמים,200.00,100 גרם,false,1,6.50,3.25,true,1,
7290006342553,false,קבוקים 200 גרם ששון וקולה,,,קבוקים 200 גרם ששון,גרמים,200.00,100 גרם,false,1,5.50,2.75,true,1,
7290006355119,false,קשקבליו איטלקי מעושן במשקל,,,קשקבליו איטלקי מעושן,Unknown,0.00,"ק""ג",true,0,199.00,199.00,true,1,
7290006449559,false,עלי חסה שטופים,,,עלי חסה שטופים,Unknown,0.00,Unknown,false,1,12.90,12.90,true,1,
7290006459497,false,פחם גריל 2 גק,,ZA,פחם גריל 2 גק,Unknown,0.00,Unknown,false,1,27.50,27.50,true,1,
7290006464630,false,כף טרי,,,כף טרי,Unknown,0.00,"ק""ג",true,0,54.90,54.90,true,1,
7290006492432,false,מוצרלה בייבי 150 גרם,,,מוצרלה בייבי 150 גרם,גרמים,170.00,100 גרם,false,1,13.90,8.18,true,1,
7290006492685,false,לבנה עיזים 3% 250 גרם,,,לבנה עיזים 3% 250 גר,גרמים,250.00,100 גרם,false,1,15.90,6.36,true,1,
7290006492913,false,לבנה ציזיקי 250 גרם,,,לבנה ציזיקי 250 גרם,גרמים,250.00,100 גרם,false,1,13.20,5.28,true,1,
7290006511904,false,גבינת אדם כדורים במשקל,,NL,גבינת אדם כדורים במש,Unknown,0.00,"ק""ג",true,0,65.00,65.00,true,1,
7290006520500,false,שוקיים עוף טרי,,,שוקיים עוף טרי,Unknown,0.00,"ק""ג",true,0,22.90,22.90,true,1,
7290006618078,false,אסטוניש מרסס ניקוי כללי 750 מל,,,אסטוניש מרסס ניקוי כ,מיליליטרים,750.00,"100 מ""ל",false,1,18.90,2.52,true,1,
7290006652027,false,במבה מולטי פק 15 יחידות,,,במבה מולטי פק 15 יחי,גרמים,300.00,100 גרם,false,1,23.90,7.97,true,1,
7290006653819,false,פתיתי קוסקוס דק 350 גרם,,,פתיתי קוסקוס דק 350,גרמים,350.00,100 גרם,false,1,8.30,2.37,true,1,
7290006660602,false,מי קוקוס אורגני גרין קוקו קרטונית 1 ליטר,,VN,מי קוקוס אורגני גרין,מיליליטרים,1000.00,"100 מ""ל",false,1,18.90,1.89,true,1,
7290006664051,false,מארז 14 יח אקטימל טבעי,,,מארז 14 יח אקטימל טב,ליטרים,0.00,ליטר,false,1,28.70,28.70,true,1,
7290006664402,false,סקי 5% 750 גרם,,,סקי 5% 750 גרם,גרמים,750.00,100 גרם,false,1,14.25,1.90,true,1,
7290006681553,false,שטראוס קרמבו וניל 8 יח,,,שטראוס קרמבו וניל 8,Unknown,0.00,Unknown,false,1,12.90,12.90,true,1,
7290006681560,false,שטראוס קרמבו מוקה 8 יח,,,שטראוס קרמבו מוקה 8,Unknown,0.00,Unknown,false,1,12.90,12.90,true,1,
7290006704221,false,פטריות פורטובלו,,,פטריות פורטובלו,Unknown,0.00,Unknown,false,1,9.99,9.99,true,1,
7290006705334,false,מקלות סורימי 200 גרם,,,מקלות סורימי 200 גרם,גרמים,200.00,100 גרם,false,1,4.80,2.40,true,1,
7290006705594,false,נתחי סורימי 200 גרם,,,נתחי סורימי 200 גרם,גרמים,200.00,100 גרם,false,1,5.20,2.60,true,1,
7290006724786,false,ממרח פלפלים קלויים 185 גרם,,IL,ממרח פלפלים קלויים 1,גרמים,185.00,100 גרם,false,1,22.90,12.38,true,1,
7290006748973,false,עציץ בינוני 3,,,עציץ בינוני 3,Unknown,0.00,Unknown,false,1,35.00,35.00,true,1,
7290006764072,false,"בירה גולדסטאר בק חוזר 500 מ""ל",,,"בירה גולדסטאר 500 מ""",מיליליטרים,500.00,"100 מ""ל",false,1,7.20,1.44,true,1,
7290006765895,false,בוטן בקליפה 200 גרם שושן הקולה,,,בוטן בקליפה 200 גרם,גרמים,200.00,100 גרם,false,1,7.90,3.95,true,1,
7290006788498,false,קרליין דאודורנט תרסיס 5,,,קרליין דאודורנט תרסי,מיליליטרים,200.00,"100 מ""ל",false,1,14.90,7.45,true,1,
7290006805850,false,תערובת  להכנת פנקייק פילסבורי 500 גר,,,תערובת  להכנת פנקייק,גרמים,500.00,100 גרם,false,1,17.90,3.58,true,1,
7290006833822,false,נקניקיות עוף 600 גר מזרע,,,נקניקיות עוף 600 גר,גרמים,600.00,100 גרם,false,1,22.90,3.82,true,1,
7290006834553,false,גבינת רוגט גרמני במשקל,,,גבינת רוגט גרמני,Unknown,0.00,"ק""ג",true,0,219.00,219.00,true,1,
7290006899354,false,תה סרמוני קמומיל 20 שק`,,,תה סרמוני קמומיל 20,Unknown,0.00,Unknown,false,1,18.90,18.90,true,1,
7290006960023,false,כרוב כבוש 750 גר,,,כרוב כבוש 750 גר,גרמים,750.00,100 גרם,false,1,20.90,2.79,true,1,
7290006960399,false,פטריות שמפיניון 400 גרם,,,פטריות שמפיניונים יח,גרמים,600.00,100 גרם,false,12,31.50,5.25,true,1,
7290006983527,false,עוגת הבית תפוחי עץ עם פירורים 400 גרם,,,עוגת הבית תפוחי עץ ע,גרמים,400.00,100 גרם,false,1,15.60,3.90,true,1,
7290006983763,false,עוגת שוקולד 400 גרם,,,עוגת שוקולד 400 גרם,גרמים,400.00,100 גרם,false,1,12.50,3.13,true,1,
7290006983787,false,עוגת שוקוציפס 400 גרם,,,עוגת שוקוציפס 400 גר,גרמים,400.00,100 גרם,false,1,12.50,3.13,true,1,
7290008175173,false,לורפק חמאה 200 גר,,,חמאה ללא תוספת מלח 2,גרמים,200.00,100 גרם,false,1,10.90,5.45,true,1,
7290008175210,false,פרמזן מגורדת 90 גר,,,פרמזן מגורדת 90 גר,Unknown,0.00,Unknown,false,1,15.90,15.90,true,1,
7290008343565,false,"סיגר תפו""א 1 ק""ג",,,"סיגר תפו""א 1 ק""ג",Unknown,0.00,Unknown,false,1,22.90,22.90,true,1,
7290008343572,false,"אגרול 1 ק""ג",,,"אגרול 1 ק""ג",Unknown,0.00,Unknown,false,1,22.90,22.90,true,1,
7290008403191,false,גבינת קשקבל בשלה במשקל,,,גבינת קשקבל בשלה,Unknown,0.00,"ק""ג",true,0,99.00,99.00,true,1,
7290008409216,false,שניצל דק דק פריך 700 גר,,,שניצל דק דק פריך 700,גרמים,700.00,100 גרם,false,1,39.90,5.70,true,1,
7290008409315,false,מאמא עוף מיני שניצלים בציפוי פריך 500 ג,,,מאמא עוף מיני שניצלי,גרמים,500.00,100 גרם,false,1,25.90,5.18,true,1,
7290008409407,false,שניצל דק בציפוי ציפס 700 גר,,,שניצל דק בציפוי ציפס,גרמים,700.00,100 גרם,false,1,39.90,5.70,true,1,
7290008415071,false,חומוס עם טחינה 150 גרם,,,חומוס עם טחינה 150 ג,גרמים,150.00,100 גרם,false,1,5.80,3.87,true,1,
7290008425704,false,נקטר שזיף 1 ליטר אורגני,,,נקטר שזיף 1 ליטר אור,מיליליטרים,1000.00,"100 מ""ל",false,1,25.90,2.59,true,1,
7290008437011,false,שריר טרי,,,שריר בקר טרי,Unknown,0.00,"ק""ג",true,0,49.90,49.90,true,1,
7290008438285,false,גבינה אמנטל שוויצרי במשקל,,,גבינה אמנטל שוויצרי,Unknown,0.00,"ק""ג",true,0,209.00,209.00,true,1,
7290008438704,false,צוואר בקר עם עצם טרי מס 10,,,צוואר בקר עם עצם טרי,Unknown,0.00,"ק""ג",true,0,39.90,39.90,true,1,
7290008462259,false,חרדל דיזיון גרגירים 345 גרם,,,חרדל דיזיון גרגירים,גרמים,345.00,100 גרם,false,1,18.90,5.48,true,1,
7290008464130,false,"שישיית בירה גולדסטאר 330 מ""ל UNFILTERED",,,שישיית בירה גולדסטאר,מיליליטרים,1980.00,"100 מ""ל",false,1,32.90,1.66,true,1,
7290008464741,false,"שישיית בקבוקי גולדסטאר 330 מ""ל",,,שישיית בקבוקי גולדסט,מיליליטרים,1980.00,"100 מ""ל",false,1,29.90,1.51,true,1,
7290008464796,false,"שישיית הייניקן בקבוק 330 מ""ל",,,שישיית הייניקן בקבוק,מיליליטרים,1980.00,"100 מ""ל",false,1,34.90,1.76,true,1,
7290008493710,false,פירורי גריסיני בייגל זהב 200 גרם,,,פירורי גריסיני בייגל,גרמים,200.00,100 גרם,false,1,5.90,2.95,true,1,
7290008618090,false,פילה סלמון טרי,,,פילה סלמון טרי,Unknown,0.00,"ק""ג",true,0,79.90,79.90,true,1,
7290008645935,false,חומוס אחלה 750 גר,,,חומוס אחלה 750 גרם,גרמים,750.00,100 גרם,false,1,9.90,1.32,true,1,
7290008670005,false,רקנאטי  גליל עליון שרדונה 750 מל,,,רקנאטי  גליל עליון ש,Unknown,0.00,Unknown,false,1,62.90,62.90,true,1,
7290008670159,false,רקנאטי יסמין לבן 750 מל,,,רקנאטי יסמין לבן 201,Unknown,0.00,Unknown,false,1,31.90,31.90,true,1,
7290008670869,false,רקנאטי יונתן לבן 750 מל,,IL,רקנאטי יונתן לבן 750,Unknown,0.00,Unknown,false,1,41.90,41.90,true,1,
7290008670913,false,רקנאטי גליל עליון קברנה סובניון 750 מל,,,רקנאטי גליל עליון קב,Unknown,0.00,Unknown,false,1,62.90,62.90,true,1,
7290008745239,false,תפוציפס אקסטרא טבעי 50 גרם,,,תפוציפס אקסטרא טבעי,גרמים,50.00,100 גרם,false,1,3.90,7.80,true,1,
7290008752244,false,תפוציפס קראנצי גריל 50 גרם,,IL,תפוציפס קראנצי גריל,גרמים,50.00,100 גרם,false,1,3.90,7.80,true,1,
7290008753111,false,תפוציפס קראנצי מקסיקני 50 גרם,,,תפוציפס קראנצי מקסיק,גרמים,50.00,100 גרם,false,1,3.90,7.80,true,1,
7290008753364,false,דוריטוס גריל 55 גר,,,דוריטוס גריל 55 גר,גרמים,55.00,100 גרם,false,1,4.10,7.45,true,1,
7290008776103,false,קוביות לגולש עגל טרי,,,קוביות לגולש עגל טרי,Unknown,0.00,"ק""ג",true,0,69.90,69.90,true,1,
7290008801157,false,מרלו אדום יבש 750 מל סלקטד,,,"מרלו אדום יבש 750 מ""",Unknown,0.00,Unknown,false,1,25.20,25.20,true,1,
7290008802895,false,"קברנה סובניון אדום יבש 750 מ""ל",,,קברנה סובניון אדום י,Unknown,0.00,Unknown,false,1,33.20,33.20,true,1,
7290008846219,false,שמן זית כתית מעולה 750 מל,,,שמן זית כתית מעולה 7,מיליליטרים,750.00,"100 מ""ל",false,1,39.90,5.32,true,1,
7290008849753,false,רוטב טריאקי אוליביה 300 גרם,,,רוטב טריאקי אוליביה,מיליליטרים,300.00,"100 מ""ל",false,1,14.60,4.87,true,1,
7290008855136,false,"ניוקי תפו""א 450 גרם",,,"ניוקי תפו""א 450 גרם",גרמים,450.00,100 גרם,false,0,35.90,7.98,true,1,
7290008855518,false,רביולי תרד קפוא 450 גרם,,,רביולי תרד קפוא 450,גרמים,450.00,100 גרם,false,0,49.90,11.09,true,1,
7290008899505,false,בגט לבן,,,בגט לבן,גרמים,250.00,100 גרם,false,1,7.50,3.00,true,1,
7290008909853,false,"קוקה קולה 500  מ""ל ZERO",,,"קוקה קולה 500  מ""ל Z",מיליליטרים,500.00,"100 מ""ל",false,1,7.50,1.50,true,1,
7290008961585,false,כוסמת פוסולסקי דבור 800 גר,,IL,כוסמת פוסולסקי דבור,גרמים,800.00,100 גרם,false,1,13.90,1.74,true,1,
7290010002009,false,תערובת לציפוי מאפים מלוחים 130 גרם,,,תערובת לציפוי מאפים,גרמים,100.00,100 גרם,false,1,11.90,11.90,true,1,
7290010002023,false,כורכום הודי טחון 100 גרם,,,כורכום הודי טחון 100,גרמים,100.00,100 גרם,false,1,11.60,11.60,true,1,
7290010002030,false,כמון 100 גרם,,,כמון 100 גרם,גרמים,100.00,100 גרם,false,1,11.60,11.60,true,1,
7290010002047,false,מלח לימון 200 גרם,,,מלח לימון 200 גרם,גרמים,200.00,100 גרם,false,1,11.90,5.95,true,1,
7290010002078,false,פלפל שחור טחון 100 גרם,,,פלפל שחור טחון 120 ג,גרמים,100.00,100 גרם,false,1,14.90,14.90,true,1,
7290010002214,false,צילי מקסיקני גרוס 70 גרם,,,צילי מקסיקני גרוס 70,Unknown,0.00,Unknown,false,1,11.40,11.40,true,1,
7290010002382,false,אורגנו 40 גרם,,,אורגנו 40 גרם,Unknown,0.00,Unknown,false,1,9.40,9.40,true,1,
7290010002498,false,שום גבישי 120 גרם,,,שום גבישי 120 גרם,גרמים,120.00,100 גרם,false,1,15.50,12.92,true,1,
7290010003051,false,פפריקה הונגרית מתוקה 400 גרם,,,פפריקה הונגרית מתוקה,גרמים,400.00,100 גרם,false,1,26.90,6.73,true,1,
7290010003754,false,כמון חטון 50 גרם שקית,,,כמון טחון 50 גרם,Unknown,0.00,Unknown,false,1,6.50,6.50,true,1,
7290010032303,false,דבש פרחי הדר 500 גרם מכוורת צוקרמן,,,דבש פרחי הדר 500 גרם,גרמים,500.00,100 גרם,false,1,31.50,6.30,true,1,
7290010032426,false,"דבש אקליפטוס 1 ק""ג מכוורת צוקרמן",,,"דבש אקליפטוס 1 ק""ג מ",גרמים,1000.00,100 גרם,false,1,58.50,5.85,true,1,
7290010051519,false,חסה לבבות,,,חסה לבבות,Unknown,0.00,Unknown,false,1,8.99,8.99,true,1,
7290010066513,false,נתחי טונה בשמן צמחי 4*160,,,נתחי טונה בשמן צמחי,גרמים,640.00,100 גרם,false,1,21.90,3.42,true,1,
7290010066575,false,מארז רביעיית טונה במים 4*160 גרם,,,רביעיית טונה במים,גרמים,640.00,100 גרם,false,1,21.90,3.42,true,1,
7290010066582,false,נתחי טונה בהירה בשמן קנולה   4*160,,,נתחי טונה בהירה בשמן,גרמים,640.00,100 גרם,false,1,21.90,3.42,true,1,
7290010066599,false,מארז רביעיית טונה בשמן זית 4*160 גרם,,,רביעיית טונה בשמן,גרמים,640.00,100 גרם,false,1,26.90,4.20,true,1,
7290010116980,false,שוקולית 850 גרם,,,שוקולית 850 גרם,גרמים,850.00,100 גרם,false,1,16.90,1.99,true,1,
7290010117864,false,דוריטוס בטעם חריף אש  70 גרם,,IL,דוריטוס חריף אש  70,גרמים,70.00,100 גרם,false,1,3.60,5.14,true,1,
7290010124190,false,שניצל בקר מלינסה 250 גרם,,,שניצל בקר מלינסה 250,גרמים,250.00,100 גרם,false,1,14.60,5.84,true,1,
7290010124503,false,שומן כבש 200 גרם קפוא בלדי,,,שומן כבש 200 גרם קפו,גרמים,200.00,100 גרם,false,1,13.50,6.75,true,1,
7290010129010,false,עוגיות ריבה 600 גרם,,,עוגיות ריבה 600 גרם,גרמים,600.00,100 גרם,false,1,19.40,3.23,true,1,
7290010154012,false,לימון כבוש 250 גר,,,לימון כבוש 250 גרם,גרמים,250.00,100 גרם,false,1,15.60,6.24,true,1,
7290010154685,false,שום כתוש 250 גר,,,סלט שום כתוש 250 גר,גרמים,250.00,100 גרם,false,1,15.60,6.24,true,1,
7290010163069,false,צנובר 100 גרם ששון הקולה,,,צנובר 100 גרם ששון ו,גרמים,100.00,100 גרם,false,1,28.90,28.90,true,1,
7290010237890,false,"היינקן בק חוזר 500 מ""ל",,,"בירה היינקן  500 מ""ל",מיליליטרים,500.00,"100 מ""ל",false,1,8.70,1.74,true,1,
7290010259823,false,מרק עם נודלס טעם עוף מנת השף  70 גר,,,מרק עם נודלס טעם עוף,גרמים,70.00,100 גרם,false,1,5.70,8.14,true,1,
7290010259861,false,מרק עם נודלס טעם ירקות מנת השף  70 גר,,,מרק עם נודלס טעם ירק,גרמים,70.00,100 גרם,false,1,5.70,8.14,true,1,
7290010259977,false,שמן קנולה וילי פוד 1 ליטר,,,שמן קנולה וילי פוד 1,מיליליטרים,1000.00,"100 מ""ל",false,1,11.90,1.19,true,1,
7290010259991,false,צנימים וילי פוד 250 גרם,,GR,צנימים וילי פוד 250,גרמים,250.00,100 גרם,false,1,8.30,3.32,true,1,
7290010328246,false,אחווה טחינה משומשום מלא 500 גר,,,אחווה טחינה משומשום,גרמים,500.00,100 גרם,false,1,14.60,2.92,true,1,
7290010328468,false,אחווה חטיפי מיני חלווה ב- 3 טעמים 18 יח,,,אחווה חטיפי מיני חלו,גרמים,250.00,100 גרם,false,1,12.50,5.00,true,1,
7290010471669,false,דנונה בר תות קורנפלקס 175 גר,,,דנונה בר תות קורנפלק,גרמים,175.00,100 גרם,false,1,4.30,2.46,true,1,
7290010472390,false,מארז 8 דני שוקולד 1000 גר,,,מארז 8 דני שוקולד,גרמים,1000.00,100 גרם,false,1,18.10,1.81,true,1,
7290010711918,false,מיקרופייבר 5 יחידות SHINY,,,מיקרופייבר 5 יחידות,Unknown,0.00,Unknown,false,1,17.50,17.50,true,1,
7290010838431,false,טואלט דאק נוזל אסלה זוג כחול,,,טואלט דאק נוזל אסלה,ליטרים,0.00,ליטר,false,1,24.90,24.90,true,1,
7290010883363,false,כפפות אלוורה סנו סושי גדול קטן,,,כפפות אלוורה סנו סוש,Unknown,0.00,Unknown,false,1,11.40,11.40,true,1,
7290010931330,false,מטבוחה 500 גר,,,מטבוחה 500 גר,גרמים,500.00,100 גרם,false,1,14.60,2.92,true,1,
7290010945146,false,קוטג 3% מועשר 250 גרם,,,קוטג 3% מועשר 250 גר,גרמים,250.00,100 גרם,false,1,5.20,2.08,true,1,
7290010945481,false,גבינה לבנה 5% 500גרם מהדרין,,,גבינה לבנה 5% 500 גר,גרמים,500.00,100 גרם,false,1,9.50,1.90,true,1,
7290010965199,false,סוקולנטים בעציץ 9,,,סוקולנטים בעציץ 9,Unknown,0.00,Unknown,false,1,9.90,9.90,true,1,
7290010970179,false,דבש פרחי בר טעמים 350 גרם,,,דבש פרחי בר טעמים,גרמים,350.00,100 גרם,false,1,16.40,4.69,true,1,
7290010970223,false,חומץ בן יין אדום,,,חומץ בן יין אדום,מיליליטרים,500.00,"100 מ""ל",false,1,14.90,2.98,true,1,
7290011017873,false,"פחית סליק זירו 330 מ""ל",,,פחית סליק זירו 330 מ,מיליליטרים,330.00,"100 מ""ל",false,1,5.40,1.64,true,1,
7290011018184,false,"תה פיוז אפרסק 500 מ""ל",,,"תה פיוז אפרסק 500 מ""",מיליליטרים,500.00,"100 מ""ל",false,1,7.40,1.48,true,1,
7290011018832,false,"קוקה קולה פרידגפק סליק 330 מ""ל שישייה",,,קוקה קולה פרידגפק,ליטרים,0.00,ליטר,false,1,22.30,22.30,true,1,
7290011126209,false,תה תפוח וקינמון 25 שק הגן הקסום,,,תה תפוח וקינמון 25 ש,גרמים,115.00,100 גרם,false,1,18.90,16.43,true,1,
7290011142049,false,לחם בריאות 650 גר,,,לחם בריאות 650 גר,גרמים,650.00,100 גרם,false,1,12.90,1.98,true,1,
7290011142148,false,מארז שישית לחמניות,,,מארז שישית לחמניות,גרמים,450.00,100 גרם,false,1,12.90,2.87,true,1,
7290011142193,false,4 לחמניות מתוקות,,,4 לחמניות מתוקות,Unknown,0.00,Unknown,false,1,12.90,12.90,true,1,
7290011142315,false,פרנה מאורך רביעיה 550 גר,,,פרנה מאורך רביעיה 55,Unknown,0.00,Unknown,false,1,14.90,14.90,true,1,
7290011142322,false,פיתה בחבילה 10 יח,,,פיתה בחבילה 10 יח,Unknown,0.00,Unknown,false,1,14.90,14.90,true,1,
7290011142407,false,לחם משפחתי 1100 גר,,,לחם משפחתי 1100 גר,קילוגרמים,0.00,"ק""ג",false,1,17.90,17.90,true,1,
7290011142513,false,לחם שיפון טבעי 750 גרם,,,לחם שיפון מיוחד 85%,גרמים,750.00,100 גרם,false,1,16.90,2.25,true,1,
7290011142650,false,לחם 100% שיפון 900 גר,,,לחם 100% שיפון 900 ג,גרמים,900.00,100 גרם,false,1,17.90,1.99,true,1,
7290011194246,false,קוטג 5% 250 גר,,,קוטג 5% 250 גר,גרמים,250.00,100 גרם,false,1,5.80,2.32,true,1,
7290011223038,false,עלים לקרמשניט 300 גר-ויצנצי,,,עלים לקרמשניט 300 גר,גרמים,143.00,100 גרם,false,1,14.60,10.21,true,1,
7290011378776,false,מאגדת חטיף חלבה פיסטוק 7*18 גר,,,מאגדת חטיף חלבה פיסט,גרמים,126.00,100 גרם,false,1,13.50,10.71,true,1,
7290011473129,false,גרעיני חמניות קלוף אורגני 300 גרם,,,גרעיני חמניות קלוף א,גרמים,300.00,100 גרם,false,1,11.90,3.97,true,1,
7290011473242,false,פשתן זרעים אורגני 500 גרם,,,פשתן זרעים אורגני 50,גרמים,500.00,100 גרם,false,1,11.50,2.30,true,1,
7290011473655,false,"סוכר קנים אורגני 1 ק""ג",,,סוכר קנים אורגני 1 ק,גרמים,1000.00,100 גרם,false,1,10.90,1.09,true,1,
7290011498283,false,אגוזי אדמה חמאה בוטנים 700 גר,,,אגוזי אדמה חמאה בוטנ,גרמים,700.00,100 גרם,false,1,26.50,3.79,true,1,
7290011499051,false,פטה כבשים מסורתית  250 גר,,,פטה כבשים מסורתית  2,גרמים,250.00,100 גרם,false,1,24.70,9.88,true,1,
7290011499112,false,בולגרית 16% 250גר,,,בולגרית 16% 250גר,גרמים,250.00,100 גרם,false,1,21.90,8.76,true,1,
7290011499129,false,קוביות בולגרית מעודנת  5% 200 גר,,,קוביות בולגרית מעודנ,גרמים,200.00,100 גרם,false,1,19.90,9.95,true,1,
7290011499303,false,גבינה בולגרית מעודנת עיזים 5% 250 גר,,,גבינה בולגרית מעודנת,גרמים,250.00,100 גרם,false,1,29.90,11.96,true,1,
7290011499327,false,גבינה בולגרית מעודנת חלב בקר 250 גר,,,גבינה בולגרית מעודנת,גרמים,250.00,100 גרם,false,1,21.90,8.76,true,1,
7290011499341,false,קשקאבל ארוז 200 גר,,IL,קשקאבל ארוז 200 גר,גרמים,200.00,100 גרם,false,1,28.90,14.45,true,1,
7290011499365,false,גבינת חלומי 200 גר,,,גבינת חלומי 200 גר,גרמים,200.00,100 גרם,false,1,20.90,10.45,true,1,
7290011499419,false,גבינת במרקם שמנת 5% טבעי 200 גר,,,גבינה במרקם שמנת 5%,גרמים,200.00,100 גרם,false,1,11.20,5.60,true,1,
7290011499525,false,לאבנה 500גר 9%,,,לאבנה 500גר 9%,גרמים,500.00,100 גרם,false,1,20.30,4.06,true,1,
7290011499624,false,גבינת שמנת 30% טבעי 200 גר,,,גבינת שמנת 30% טבעי,גרמים,200.00,100 גרם,false,1,12.50,6.25,true,1,
7290011502850,false,מיזלי פירות 500 גר שקדיה,,,מיזלי פירות 500 גר,גרמים,500.00,100 גרם,false,1,14.90,2.98,true,1,
7290011518561,false,אקטימל תות מארז משפחתי,,,אקטימל תות מארז משפח,ליטרים,0.00,ליטר,false,1,28.90,28.90,true,1,
7290011530488,false,שייק איט 450 גר saturday מיקס פירות קפוא,,IL,שייק איט 450 גר satu,גרמים,450.00,100 גרם,false,1,31.50,7.00,true,1,
7290011530945,false,קרפציו עגל 210 גרם קפוא,,IL,קרפציו עגל 210 גרם,גרמים,210.00,100 גרם,false,1,34.90,16.62,true,1,
7290011570781,false,קמח כרגיל בטעם וניל 450 גר ללא גלוטן,,,קמח כרגיל בטעם וניל,גרמים,450.00,100 גרם,false,1,19.90,4.42,true,1,
7290011585815,false,מאפה (פירושקי) במילוי בשר 600 גרם,,,מאפה (פירושקי) במילו,גרמים,600.00,100 גרם,false,1,31.90,5.32,true,1,
7290011587758,false,נודלס דק 200 גר,,,נודלס דק 200 גר,גרמים,200.00,100 גרם,false,1,4.50,2.25,true,1,
7290011607197,false,"אבקת כביסה קולון 101 5 ק""ג",,,אבקת כביסה קולון 101,קילוגרמים,0.01,"ק""ג",false,1,36.50,3650.00,true,1,
7290011723200,false,טחינה הר ברכה 100% שומשום טהור 500 גר,,,טחינה הר ברכה 100% ש,גרמים,500.00,100 גרם,false,1,18.90,3.78,true,1,
7290011765446,false,משחת שיניים אורביטול בוב ספוג,,,משחת שיניים אורביטול,גרמים,145.00,100 גרם,false,1,9.90,6.83,true,1,
7290011830007,false,סוכר קנים אורגני חום 1 קג,,,סוכר קנים אורגני חום,גרמים,1000.00,100 גרם,false,1,13.50,1.35,true,1,
7290011877156,false,סנופרש מטהר אויר בניחוח מאסק 375 מל,,,סנופרש מטהר אויר בני,מיליליטרים,375.00,"100 מ""ל",false,1,11.90,3.17,true,1,
7290011923112,false,גבינת גוש בסגנון פטה יוונית טבעוני 200 ג,,GR,גבינת גוש בסגנון פטה,גרמים,200.00,100 גרם,false,1,19.90,9.95,true,1,
7290011923303,false,טופו טבעי ליב 300 גר,,,טופו טבעי ליב 300 גר,גרמים,300.00,100 גרם,false,1,10.90,3.63,true,1,
7290011947521,false,"שמן זית כתית מעולה מודגש זיתא 750 מ""ל",,IL,שמן זית כתית מעולה מ,מיליליטרים,750.00,"100 מ""ל",false,1,31.90,4.25,true,1,
7290012052354,false,גרנולה רפאל-שוקולד ואגוזי לוז 350 גר,,,גרנולה רפאל-שוקולד ו,גרמים,350.00,100 גרם,false,1,16.90,4.83,true,1,
7290012116735,false,נייר טואלט סנו סופט גמבו קומפקט 24 גל,,,נייר טואלט סנו סופט,מטרים,900.00,מטר,false,1,39.90,0.04,true,1,
7290012117275,false,"סנוקליר שקית מילוי 750 מ""ל",,,סנוקליר שקית מילוי 7,מיליליטרים,750.00,"100 מ""ל",false,1,9.40,1.25,true,1,
7290012117350,false,סנו ריצפז פרש 2 ליטר לילך לבנדר,,,סנו ריצפז פרש 2 ליטר,ליטרים,0.00,ליטר,false,1,20.90,20.90,true,1,
7290012117558,false,מרכך כביסה מקסימה סופר מרוכז 1 ל מאסק,,,מרכך כביסה מקסימה סו,מיליליטרים,1000.00,"100 מ""ל",false,1,13.90,1.39,true,1,
7290012117916,false,סנו אינסטלטור נוזלי 1 ליטר,,,סנו אינסטלטור נוזלי,מיליליטרים,1000.00,"100 מ""ל",false,1,25.90,2.59,true,1,
7290012129728,false,מגבונים לחים פרשיס ללא בישום חמישייה,,IL,מגבונים לחים פרשיס ל,Unknown,0.00,Unknown,false,1,22.90,22.90,true,1,
7290012159787,false,קפיר דן 1ל,,,קפיר דן 1ל,מיליליטרים,1000.00,"100 מ""ל",false,1,16.70,1.67,true,1,
7290012159794,false,רגינקה דן 1 ל,,,רגינקה דן 1 ל,מיליליטרים,1000.00,"100 מ""ל",false,1,17.50,1.75,true,1,
7290012159916,false,ינטר סלמון  100 גר,,,ינטר סלמון 100 גר,גרמים,100.00,100 גרם,false,1,5.00,5.00,true,1,
7290012208386,false,סוכר קוקוס אורגני 300 גרם,,ID,סוכר קוקוס אורגני 30,גרמים,300.00,100 גרם,false,1,19.90,6.63,true,1,
7290012208904,false,פתיתי שמרי בירה מיובשים 200 גרם,,FR,פתיתי שמרי בירה מיוב,גרמים,200.00,100 גרם,false,1,19.90,9.95,true,1,
7290012245176,false,גולד ציפס קריספי 700 גרם,,IL,גולד ציפס קריספי 700,גרמים,700.00,100 גרם,false,1,14.40,2.06,true,1,
7290012247316,false,לב עוף טרי,,,לב עוף טרי,Unknown,0.00,"ק""ג",true,0,34.90,34.90,true,1,
7290012251092,false,פילה סלמון מנות ללא עור 800 גרם קפוא,,NO,פילה סלמון ללא עור,גרמים,800.00,100 גרם,false,1,89.90,11.24,true,1,
7290012251177,false,מיני סרוולט איטלקי 400 גר,,,מיני סרוולט איטלקי,גרמים,400.00,100 גרם,false,1,47.90,11.98,true,1,
7290012251276,false,תיק בד טיב טעם,,,תיק רב פעמי ממוחזר,Unknown,0.00,Unknown,false,1,5.90,5.90,true,1,
7290012251351,false,דים סאם אורז פטריות 360 גר קפוא,,,דים סאם אורז פטריות,גרמים,360.00,100 גרם,false,1,42.90,11.92,true,1,
7290012251382,false,פריזר ביצת הזהב 500 גר מזרע,,,פריזר ביצת הזהב 500,גרמים,500.00,100 גרם,false,1,44.90,8.98,true,1,
7290012251474,false,שרימפס מקולף 500 גר קפוא XL,,,שרימפס מקולף 500 גר,גרמים,500.00,100 גרם,false,1,45.90,9.18,true,1,
7290012251481,false,שרימפס מקולף 500 גר קפוא L,,,שרימפס מקולף 500 גר,גרמים,500.00,100 גרם,false,1,51.50,10.30,true,1,
7290012251498,false,שרימפס מקולף 500 גר קפוא M,,,שרימפס מקולף 500 גר,גרמים,500.00,100 גרם,false,1,51.50,10.30,true,1,
7290012251528,false,נקניקיות בוואריה עם גבינה 700 גר מזרע,,,נקניקיות בוואריה,גרמים,700.00,100 גרם,false,1,64.90,9.27,true,1,
7290012251672,false,חמאה צרפתית 200 גר,,,חמאה צרפתית 200 גר,גרמים,200.00,100 גרם,false,1,10.90,5.45,true,1,
7290012384783,false,מעדן חלבה,,,מעדן חלבה,Unknown,0.00,Unknown,false,1,39.90,39.90,true,1,
7290012459788,false,קפה שחור שלישייה 75 גרם *3,,,קפה שחור שלישייה 75,גרמים,225.00,100 גרם,false,1,10.50,4.67,true,1,
7290012497889,false,אלספה מקס 100 כמוסות,,,אלספה MAX כמוסות (10,Unknown,0.00,Unknown,false,1,113.90,113.90,true,1,
7290012634161,false,סט כלי במבוק 6 חל,,,סט כלי במבוק 6 חל,Unknown,0.00,Unknown,false,1,36.50,36.50,true,1,
7290012642883,false,פלפלונים צהוב בחומץ חריץ 530 גר,,,פלפלונים צהוב בחומץ,גרמים,530.00,100 גרם,false,1,15.70,2.96,true,1,
7290012645020,false,"יוגורט עיזים טבעי 500 מ""ל",,,יוגורט עיזים טבעי 50,מיליליטרים,500.00,"100 מ""ל",false,1,13.50,2.70,true,1,
7290012702525,false,"מורז פילינג לפנים 80 מ""ל",,,מורז פילינג לפנים 80,מיליליטרים,80.00,"100 מ""ל",false,1,74.90,93.63,true,1,
7290012823251,false,אלסבון כיף 1 ליטר יסמין לבנדר,,,אלסבון כיף 1 ליטר יס,מיליליטרים,1000.00,"100 מ""ל",false,1,15.20,1.52,true,1,
7290012878886,false,אל סבון רימונים 1 לי,,,אל סבון רימונים 1 לי,ליטרים,0.00,ליטר,false,1,10.00,10.00,true,1,
7290012884986,false,ציפס לתנור עד 4% שומן 1.5 קג,,,ציפס לתנור עד 4% שומ,קילוגרמים,0.00,"ק""ג",false,1,23.90,23.90,true,1,
7290012901355,false,פולד מקרוני & ציז 206 גרם,,,פולד מקרוני & ציז 20,גרמים,206.00,100 גרם,false,1,11.90,5.78,true,1,
7290012901959,false,אטריות עם גבינה מסולסלים 156 גרם,,US,אטריות עם גבינה מסול,גרמים,156.00,100 גרם,false,1,11.00,7.05,true,1,
7290012901973,false,שעועית אדומה גאלה 400 גרם,,IT,שעועית אדומה גאלה 40,גרמים,400.00,100 גרם,false,1,11.40,2.85,true,1,
7290012936845,false,תבלינים לקוסקוס בצנצנות  50 גרם,,,תבלינים לקוסקוס בצנצ,גרמים,50.00,100 גרם,false,1,11.90,23.80,true,1,
7290012936937,false,תבלינים בהרט בצנצנת 40 גרם,,,תבלינים בהרט בצנצנת,Unknown,0.00,Unknown,false,1,11.80,11.80,true,1,
7290012962424,false,כפפות איזי טאצ ניטריל ל.אבקה כחול 100L,,ID,כפפות איזי טאצ ניטרי,Unknown,0.00,Unknown,false,1,27.90,27.90,true,1,
7290013121127,false,לחמניות מיני ללא גלוטן 420 גר קפוא,,,לחמניות מיני,גרמים,420.00,100 גרם,false,1,17.90,4.26,true,1,
7290013144249,false,פודינג שוקולד 95 גר,,,פודינג שוקולד 95 גר,גרמים,95.00,100 גרם,false,1,6.20,6.53,true,1,
7290013144393,false,"תמצית וניל 50 מ""ל",,,"תמצית וניל 50 מ""ל",מיליליטרים,50.00,"100 מ""ל",false,1,4.40,8.80,true,1,
7290013145093,false,שקד מולבן גרוס 100 גר,,,שקד מולבן גרוס 100 ג,גרמים,100.00,100 גרם,false,1,14.90,14.90,true,1,
7290013145192,false,שומשום 100 גר,,,שומשום 100 גר,גרמים,100.00,100 גרם,false,1,5.90,5.90,true,1,
7290013145390,false,שוקולד ציפס 250 גר,,,שוקולד ציפס 250 גר,גרמים,250.00,100 גרם,false,1,9.90,3.96,true,1,
7290013145857,false,אבקת אפיה 10 יח בצלופן,,,אבקת אפיה 10 יח בצלו,Unknown,0.00,Unknown,false,1,2.70,2.70,true,1,
7290013145918,false,אבקת סוכר 100 גר,,,אבקת סוכר 100 גר,גרמים,100.00,100 גרם,false,1,2.00,2.00,true,1,
7290013145970,false,קורנפלור 200 גרם,,,קורנפלור 200 גרם,גרמים,200.00,100 גרם,false,1,3.90,1.95,true,1,
7290013187215,false,מנות פילה סלמון נורבגי 800 גר,,NO,פילה סלמון נורבגי,גרמים,800.00,100 גרם,false,1,78.50,9.81,true,1,
7290013187765,false,ברוקולי טבעפרוסט 800 גר,,,ברוקולי טבעפרוסט 800,גרמים,800.00,100 גרם,false,1,16.70,2.09,true,1,
7290013187772,false,אפונה ירוקה עדינה טבעפרוסט 800 גר,,,אפונה ירוקה עדינה טב,גרמים,800.00,100 גרם,false,1,16.70,2.09,true,1,
7290013187789,false,אפונה ירוקה טבעפרוסט 800 גר,,,אפונה ירוקה טבעפרוסט,גרמים,800.00,100 גרם,false,1,15.60,1.95,true,1,
7290013187796,false,שעועית ירוקה שלמה טבעפרוסט 800 גר,,,שעועית ירוקה שלמה טב,גרמים,800.00,100 גרם,false,1,14.60,1.83,true,1,
7290013187802,false,שעועית ירוקה עדינה טבעפרוסט 800 גר,,,שעועית ירוקה עדינה ט,גרמים,800.00,100 גרם,false,1,14.60,1.83,true,1,
7290013187819,false,שעועית ירוקה חתוכה טבעפרוסט 800 גר,,,שעועית ירוקה חתוכה ט,גרמים,800.00,100 גרם,false,1,14.60,1.83,true,1,
7290013187826,false,כרוב ניצנים טבעפרוסט 800 גר,,,כרוב ניצנים טבעפרוסט,גרמים,800.00,100 גרם,false,1,14.60,1.83,true,1,
7290013268242,false,נוזל רצפות ריצפז פרש הום מלון מפנק 2 ל,,IL,נוזל רצפות ריצפז פרש,ליטרים,0.00,ליטר,false,1,14.90,14.90,true,1,
7290013268983,false,מרכך מרוכז 1 ליטר עוצמתי במיוחד,,,מרכך מרוכז 1 ליטר עו,ליטרים,0.00,ליטר,false,1,13.90,13.90,true,1,
7290013269003,false,מרכך כביסה מקסימה בייבי 1 ל,,,מרכך כביסה מקסימה,מיליליטרים,1000.00,"100 מ""ל",false,1,17.50,1.75,true,1,
7290013269263,false,סנו מקסימה גל כביסה 3 ל מרוכז קריסטל נוא,,,סנו מקסימה גל כביסה,ליטרים,0.00,ליטר,false,1,29.60,29.60,true,1,
7290013269300,false,סנו סושי ניילון נצמד ללא PVC,,,סנו סושי ניילון נצמד,Unknown,0.00,Unknown,false,1,27.90,27.90,true,1,
7290013269621,false,נוזל רצפות ריצפז פרש הום מלון בוטיק 2 ל,,IL,נוזל רצפות ריצפז פרש,ליטרים,0.00,ליטר,false,1,14.90,14.90,true,1,
7290013269751,false,מט.לחות לרצפה סנו ריצפז פרש מלו בוטיק 10,,IL,מט.לחות לרצפה סנו רי,Unknown,0.00,Unknown,false,1,10.50,10.50,true,1,
7290013269850,false,סנו סושי נייר אפיה אקולוגי,,,סנו סושי נייר אפיה א,Unknown,0.00,Unknown,false,1,14.90,14.90,true,1,
7290013284310,false,רוטב פסטה לילדים 240 גרם פריניר,,,רוטב פסטה לילדים 240,גרמים,240.00,100 גרם,false,1,5.80,2.42,true,1,
7290013329363,false,סוכר קוקוס אורגני כרם - 500 גר,,,סוכר קוקוס אורגני כר,גרמים,500.00,100 גרם,false,1,24.90,4.98,true,1,
7290013358356,false,מאסטר שף פירורי לחם מוזהבים 320 גרם,,,מאסטר שף פירורי לחם,גרמים,320.00,100 גרם,false,1,7.60,2.38,true,1,
7290013358363,false,פירורי לחם פנקו 300 גרם מנה,,,פירורי לחם פנקו 300,גרמים,300.00,100 גרם,false,1,9.80,3.27,true,1,
7290013358417,false,מנה אסייאתי רוטב טריאקי 300 מל מאסטר שף,,,מנה אסייאתי רוטב טרי,מיליליטרים,300.00,"100 מ""ל",false,1,12.90,4.30,true,1,
7290013358493,false,מנה אסייאתי קרם קוקוס פחית 400 מל מ.שף,,,מנה אסייאתי קרם קוקו,מיליליטרים,400.00,"100 מ""ל",false,1,9.80,2.45,true,1,
7290013358585,false,מנה אסייאתי נודלס ביצים להקפצה 400 מ.שף,,,מנה אסייאתי נודלס בי,גרמים,400.00,100 גרם,false,1,9.90,2.48,true,1,
7290013389374,false,קמח תירס דק פולנטה 500 גר,,,קמח תירס דק פולנטה 5,גרמים,500.00,100 גרם,false,1,7.20,1.44,true,1,
7290013453419,false,עוגיות חלבון שוקולד 180 גרם,,IL,עוגיות חלבון שוקולד,גרמים,180.00,100 גרם,false,1,23.90,13.28,true,1,
7290013493026,false,בירה בזלת חיטה 750 מל,,,בירה בזלת חיטה 750 מ,מיליליטרים,750.00,"100 מ""ל",false,1,29.90,3.99,true,1,
7290013531117,false,רוטב לפסטה קידס 260 גר יכין,,,רוטב לפסטה קידס 260,מיליליטרים,260.00,"100 מ""ל",false,1,6.50,2.50,true,1,
7290013531377,false,תורמוס יכין 560 גרם,,,תורמוס יכין 560 גרם,גרמים,560.00,100 גרם,false,1,9.90,1.77,true,1,
7290013531490,false,פול מתובל יכין 560 גרם,,,פול מתובל יכין 560 ג,גרמים,560.00,100 גרם,false,1,9.90,1.77,true,1,
7290013531582,false,שלישיית זיתים חרוזית יכין 3* 200 גר,,,שלישיית זיתים חרוזית,גרמים,600.00,100 גרם,false,1,15.90,2.65,true,1,
7290013542595,false,תבניות אלומיניום עגו,,CN,תבניות אלומיניום עגו,Unknown,1.00,Unknown,false,1,9.50,9.50,true,1,
7290013585394,false,קוקה קולה 1 ליטר,,,קוקה קולה 1 ליטר,מיליליטרים,1000.00,"100 מ""ל",false,1,7.20,0.72,true,1,
7290013608260,false,מיץ רימונים 100% סחוט טרי פרימור 1 ל,,,מיץ רימונים 100% סחו,מיליליטרים,1000.00,"100 מ""ל",false,1,24.10,2.41,true,1,
7290013652157,false,מגבונים להסרת איפור לעור רגיל נטורל קר 3,,,מגבונים להסרת איפור,Unknown,0.00,Unknown,false,1,25.60,25.60,true,1,
7290013652164,false,מגבונים להסרת איפור חמאת שיאה נטורל קר 3,,,מגבונים להסרת איפור,Unknown,0.00,Unknown,false,1,25.60,25.60,true,1,
7290013675545,false,שניצל כלי תחבורה 700 גרם,,,שניצל כלי תחבורה 700,גרמים,700.00,100 גרם,false,1,34.90,4.99,true,1,
7290013720313,false,סורימי שרימפס 200 גר,,,סורימי שרימפס 200 גר,גרמים,200.00,100 גרם,false,1,9.40,4.70,true,1,
7290013720924,false,ממרח פטה אווז 140 גר,,,ממרח פטה אווז 140 גר,גרמים,140.00,100 גרם,false,1,14.90,10.64,true,1,
7290013724946,false,שקדים בשוקולד מריר 140 גר שקדיה,,,שקדים בשוקולד מריר 1,גרמים,140.00,100 גרם,false,1,13.50,9.64,true,1,
7290013724977,false,צימוקים בשוקולד מריר 140 גר שקדיה,,,צימוקים בשוקולד מריר,גרמים,140.00,100 גרם,false,1,13.50,9.64,true,1,
7290013764027,false,סיידר תפוחים יבש 330 מל,,,סיידר תפוחים יבש 330,מיליליטרים,330.00,"100 מ""ל",false,1,13.90,4.21,true,1,
7290013847454,false,טונה סטארקיסט שמן קנולה רביעיות 4*160 גר,,,טונה סטארקיסט שמן קנ,גרמים,640.00,100 גרם,false,1,23.90,3.73,true,1,
7290013848383,false,"קרמה מן גל רחצה אקטיב בלוק 700 מ""ל",,,קרמה מן גל רחצה אקטי,מיליליטרים,700.00,"100 מ""ל",false,1,20.90,2.99,true,1,
7290013848437,false,דאודורנט ספרי קרמה מן אנטיפרספירנט 1801,,,קרמה מן דאודורנט ספר,מיליליטרים,180.00,"100 מ""ל",false,1,16.90,9.39,true,1,
7290013848581,false,סנו סושי מגבות נייר בגליל ענק,,,סנו סושי מגבות נייר,Unknown,0.00,Unknown,false,1,13.50,13.50,true,1,
7290013848758,false,סנו מקסימה גל כביסה בייבי סנסטיב 3ל,,,סנו מקסימה גל כביסה,ליטרים,0.00,ליטר,false,1,32.90,32.90,true,1,
7290013906212,false,"טירת צבי נקניקיות וינר 1 ק""ג",,,טירת צבי נקניקיות וי,קילוגרמים,0.00,"ק""ג",false,1,21.90,21.90,true,1,
7290013906441,false,קבנוס טירת צבי 120 גר,,,קבנוס טירת צבי 120 ג,גרמים,120.00,100 גרם,false,1,9.90,8.25,true,1,
7290013906489,false,חטיפי קבנוס טירת צבי 120 גר,,,חטיפי קבנוס טירת צבי,גרמים,120.00,100 גרם,false,1,10.90,9.08,true,1,
7290013906694,false,"נקניקיות עוף טירת צבי 1.5 ק""ג",,,נקניקיות עוף טירת צב,גרמים,1500.00,100 גרם,false,1,31.50,2.10,true,1,
7290013994073,false,פוזילי אורגני 400 גר מקמח כוסמין מלא,,,פוזילי אורגני 400 גר,גרמים,400.00,100 גרם,false,1,19.90,4.98,true,1,
7290014002197,false,חליטת קמומיל ולימונית 25 שק הגן הקסום,,,חליטת קמומיל ולימוני,Unknown,0.00,Unknown,false,1,18.90,18.90,true,1,
7290014066526,false,לנדוור קפסולות אספרסו תערובת הבית 10 יח,,,לנדוור קפסולות אספרס,Unknown,0.00,Unknown,false,1,17.70,17.70,true,1,
7290014066533,false,לנדוור קפסולות אספרסו קלייה כפולה 10 יח,,,לנדוור קפסולות אספרס,Unknown,0.00,Unknown,false,1,17.70,17.70,true,1,
7290014094529,false,"רוטב סויה 300 מ""ל אהרוני",,,"רוטב סויה 300 מ""ל אה",מיליליטרים,300.00,"100 מ""ל",false,1,11.50,3.83,true,1,
7290014094567,false,שמן זית כתית מעולה 750 מל אהרוני,,,שמן זית כתית מעולה 7,מיליליטרים,750.00,"100 מ""ל",false,1,29.90,3.99,true,1,
7290014094659,false,בונדוק טבעי 250 גר,,,בונדוק טבעי 250 גר,גרמים,250.00,100 גרם,false,1,30.50,12.20,true,1,
7290014094840,false,צימוק כהה 300 גרם ששון הקולה,,,צימוק כהה 300 גרם שש,גרמים,300.00,100 גרם,false,1,11.90,3.97,true,1,
7290014094895,false,אגוזים מלך קלופים 150 גרם ששון הקולה,,,אגוזים מלך קלופים 15,גרמים,150.00,100 גרם,false,1,11.50,7.67,true,1,
7290014095861,false,שיבולת שועל דקה 500 גרם קוואקר,,,שיבולת שועל דקה 500,גרמים,500.00,100 גרם,false,1,6.50,1.30,true,1,
7290014095960,false,שיבולת שועל עבה 500 גרם קוואקר,,,שיבולת שועל עבה 500,גרמים,500.00,100 גרם,false,1,6.50,1.30,true,1,
7290014218932,false,חטיפי פיצה זיתים 710 גר,,IL,חטיפי פיצה זיתים,גרמים,710.00,100 גרם,false,1,33.90,4.77,true,1,
7290014229969,false,קולפן Y נירוסטה להב,,,קולפן Y נירוסטה להב,Unknown,0.00,Unknown,false,1,23.90,23.90,true,1,
7290014256637,false,"יין מבעבע מוסקטו באזז יקבי כרמל 750 מ""ל",,,יין מבעבע מוסקטו באז,Unknown,0.00,Unknown,false,1,28.90,28.90,true,1,
7290014318311,false,עגבניות פולפה שלישיות 400*3,,,עגבניות פולפה,קילוגרמים,0.00,"ק""ג",false,1,18.80,18.80,true,1,
7290014318588,false,טחינה אתיופית מלאה 380 גרם,,,טחינה אתיופית מלאה 3,גרמים,380.00,100 גרם,false,1,19.90,5.24,true,1,
7290014318762,false,"מיץ רימונים אוטרגני 946 מ""ל",,TR,מיץ רימונים אוטרגני,מיליליטרים,946.00,"100 מ""ל",false,1,25.90,2.74,true,1,
7290014435704,false,סלמון מעושן 100 גר,,,סלמון מעושן 100 גר,גרמים,100.00,100 גרם,false,1,24.90,24.90,true,1,
7290014440463,false,"יין מדבר שרדונה  סדרה 22 750 מ""ל",,IL,יין מדבר שרדונה  סדר,מיליליטרים,750.00,"100 מ""ל",false,1,51.90,6.92,true,1,
7290014455252,false,גבינה גרנהפדנו מגורד 100 גר,,,גבינה גרנה פדנו,גרמים,100.00,100 גרם,false,1,11.50,11.50,true,1,
7290014459373,false,תפוגן ציפס קראנצי לתנור  1.5 קג,,,תפוגן ציפס קראנצי לת,קילוגרמים,0.00,"ק""ג",false,1,26.90,26.90,true,1,
7290014459472,false,ציפס תפוגן קלאסי 2 קג,,IL,ציפס תפוגן קלאסי 2 ק,קילוגרמים,0.00,"ק""ג",false,1,22.90,22.90,true,1,
7290014472488,false,שקד קלוי ענק 250 גרם פרימיום ששון הקולה,,,שקד קלוי ענק 250 גרם,גרמים,250.00,100 גרם,false,1,23.90,9.56,true,1,
7290014525290,false,חטיף מרבה סלים דליס קריספי תות 125 גר,,,חטיף מרבה סלים דליס,גרמים,125.00,100 גרם,false,1,10.90,8.72,true,1,
7290014525313,false,חטיף מרבה סלים דליס קריספי שוקולד 125 ג,,,חטיף מרבה סלים דליס,גרמים,125.00,100 גרם,false,1,10.90,8.72,true,1,
7290014634046,false,ריבת רוסמן לייט אוכמניות 500 גרם,,,ריבת רוסמן לייט אוכמ,גרמים,500.00,100 גרם,false,1,27.90,5.58,true,1,
7290014673380,false,כמון טחון 250 גרם,,,כמון טחון 250 גרם,גרמים,250.00,100 גרם,false,1,22.90,9.16,true,1,
7290014673397,false,תיבול לגריל עוף 250 גרם,,,תיבול לגריל עוף 250,גרמים,250.00,100 גרם,false,1,22.90,9.16,true,1,
7290014673618,false,תבלינים זנגביל בצנצנת 30 גרם,,,תבלינים זנגביל בצנצנ,Unknown,0.00,Unknown,false,1,11.80,11.80,true,1,
7290014692299,false,גבינת ברי 125 גר,,,גבינת ברי 125 גר,גרמים,125.00,100 גרם,false,1,20.90,16.72,true,1,
7290014749245,false,צונגו רצועות שניצל שומשום 600 גרם,,,צונגו רצועות שניצל ש,גרמים,600.00,100 גרם,false,1,32.90,5.48,true,1,
7290014749764,false,עוף טוב שניצל עוף ביתי עדין 700 גרם,,,עוף טוב שניצל עוף בי,גרמים,700.00,100 גרם,false,1,42.90,6.13,true,1,
7290014749887,false,שניצל דק ענק קריספ קלאסי 720 גרם,,,שניצל דק ענק קריספ ק,גרמים,720.00,100 גרם,false,1,36.50,5.07,true,1,
7290014760141,false,משקה שקדים טרי 1 ליטר,,,משקה שקדים טרי 1 ליט,מיליליטרים,1000.00,"100 מ""ל",false,1,11.90,1.19,true,1,
7290014760448,false,מאגדת גלבוע 22% 400 גר,,,גלבוע פרוס 22% 400 ג,גרמים,400.00,100 גרם,false,1,21.90,5.48,true,1,
7290014760912,false,מאגדת גוש חלב 28% 400 גר,,,מאגדת גוש חלב 28%,גרמים,400.00,100 גרם,false,1,25.50,6.38,true,1,
7290014761056,false,יולו שוקולד חלב מעולה 123 גר,,,יולו שוקולד חלב,גרמים,123.00,100 גרם,false,1,3.30,2.68,true,1,
7290014761070,false,YOLO שוקולד לבן מעולה 123 ג,,,YOLO שוקולד לבן מעול,גרמים,123.00,100 גרם,false,1,3.30,2.68,true,1,
7290014761612,false,YOLO מעדן שכבות שוקולד מריר ולבן 123 גר,,,YOLO מעדן שכבות שוקו,גרמים,123.00,100 גרם,false,1,4.70,3.82,true,1,
7290014789913,false,מארז עוגיות אוראו עם קרם וניל 3*176 גרם,,,מארז עוגיות אוראו עם,גרמים,528.00,100 גרם,false,1,21.90,4.15,true,1,
7290014791664,false,שישיה מי עדן אישי פקק רגיל 500 מל,,,שישיה מי עדן אישי פק,ליטרים,0.00,ליטר,false,1,10.90,10.90,true,1,
7290014855434,false,בייביסיטר מגבונים פרפורמנס מבושם 4 יח,,,בייביסיטר מגבונים פר,Unknown,0.00,Unknown,false,1,16.90,16.90,true,1,
7290014855458,false,בייביסיטר מגבונים פרפורמנס ללא בישום 4 י,,,בייביסיטר מגבונים פר,Unknown,0.00,Unknown,false,1,16.90,16.90,true,1,
7290014860155,false,"מחצלת במבו שטוחה 24*24 ס""מ",,,מחצלת במבו שטוחה 24*,Unknown,0.00,Unknown,false,1,9.40,9.40,true,1,
7290014890169,false,שמנת שום שמיר 25% 225 גר,,,שמנת שום שמיר 25% 22,גרמים,225.00,100 גרם,false,1,11.40,5.07,true,1,
7290014905696,false,"הפי נוזל כלים צהוב לימון 750 מ""ל",,,הפי נוזל כלים צהוב ל,מיליליטרים,750.00,"100 מ""ל",false,1,10.90,1.45,true,1,
7290014973077,false,סלמון 200 גר,,,סלמון 200 גר,גרמים,200.00,100 גרם,false,1,46.90,23.45,true,1,
7290014973558,false,גרבלקס 200 גר,,,גרבלקס 200 גר,גרמים,200.00,100 גרם,false,1,49.90,24.95,true,1,
7290015009126,false,עלי טורטייה מקמח מלא 420 גר 25 סמ,,,עלי טורטייה מקמח מלא,גרמים,420.00,100 גרם,false,1,16.00,3.81,true,1,
7290015039246,false,רביעית טונה בהירה בשמן וילי פוד 4*160 גר,,TH,רביעית טונה בהירה בש,גרמים,640.00,100 גרם,false,1,21.90,3.42,true,1,
7290015039499,false,"עוגיות איטלקיות מובחרות 1 ק""ג",,,עוגיות איטלקיות מובח,גרמים,1000.00,100 גרם,false,1,13.90,1.39,true,1,
7290015150118,false,עגבניות חתוכות דק 3*400 גרם,,,עגבניות חתוכות דק בל,גרמים,1200.00,100 גרם,false,1,17.60,1.47,true,1,
7290015161879,false,"פת פריכה אורגנית PRO לל""ג עדשים 100 גרם",,CZ,פת פריכה אורגנית PRO,גרמים,100.00,100 גרם,false,1,16.90,16.90,true,1,
7290015282000,false,איקרה לבנה 200 גרם,,IL,איקרה אדומה 200 גרם,גרמים,200.00,100 גרם,false,0,14.60,7.30,true,1,
7290015282024,false,איקרה אדומה 200 גרם,,IL,איקרה לבנה 200 גרם,גרמים,200.00,100 גרם,false,0,14.60,7.30,true,1,
7290015282581,false,חומוס אבו גוש עם חריף 200 גר,,,חומוס אבו גוש עם חרי,גרמים,200.00,100 גרם,false,1,11.00,5.50,true,1,
7290015282642,false,חומוס אבו גוש 200 גר,,,חומוס אבו גוש 200 גר,גרמים,200.00,100 גרם,false,1,11.00,5.50,true,1,
7290015282680,false,קישואא בטעם כבד 200 גר,,,קישוא בטעם כבד 200 ג,גרמים,200.00,100 גרם,false,1,13.50,6.75,true,1,
7290015282734,false,מטבוחה ביתית 200 גר,,,מטבוחה ביתית 200 גר,גרמים,200.00,100 גרם,false,1,13.50,6.75,true,1,
7290015284233,false,ECOLOVE סבון ידיים לעור יבש 500 מל,,,ECOLOVE סבון ידיים ל,מיליליטרים,500.00,"100 מ""ל",false,1,25.90,5.18,true,1,
7290015366670,false,אקוה פרש משחת שיניים מנטה 100 מל,,,אקוה פרש משחת שיניים,Unknown,0.00,Unknown,false,1,10.40,10.40,true,1,
7290015395045,false,קינואה 400 גרם חתם סופר,,,קינואה 400 גרם חתם ס,גרמים,400.00,100 גרם,false,1,14.60,3.65,true,1,
7290015437493,false,לה פסטה עגבניות חתוכות שלישיה 3*400 גרם,,,לה פסטה עגבניות חתוכ,קילוגרמים,0.00,"ק""ג",false,1,14.90,14.90,true,1,
7290015599313,false,גבינת שמנת טבעונית עם בצל ירוק ופלפל,,,גבינת שמנת טבעונית ע,גרמים,170.00,100 גרם,false,1,19.90,11.71,true,1,
7290015599702,false,גבינת שמנת טבעונית בטעם עזים ללא גלוטן,,GB,גבינת שמנת טבעונית ב,גרמים,170.00,100 גרם,false,1,17.90,10.53,true,1,
7290015603188,false,אטריות ביצים 454 גרם,,,אטריות ביצים 454 גרם,גרמים,454.00,100 גרם,false,1,10.90,2.40,true,1,
7290015603546,false,שימורי קרם קוקוס 17-19% 400 מל ASIATIC,,,שימורי קרם קוקוס 17-,מיליליטרים,400.00,"100 מ""ל",false,1,9.90,2.48,true,1,
7290015652070,false,קשיו קלוי 150 גרם ששון הקולה,,,קשיו קלוי 150 גרם שש,גרמים,150.00,100 גרם,false,1,11.40,7.60,true,1,
7290015652254,false,גרעיני חמניה קלויים 400 גרם ששון הקלה,,,גרעיני חמניה קלויים,גרמים,400.00,100 גרם,false,1,10.00,2.50,true,1,
7290015652278,false,תערובת פיצוחים 250 גרם ששון הקולה,,,תערובת פיצוחים 250 ג,גרמים,250.00,100 גרם,false,1,20.00,8.00,true,1,
7290015652292,false,קבוקים עם שומשום 400 גרם ששון הקלה,,,קבוקים עם שומשום 400,גרמים,400.00,100 גרם,false,1,10.00,2.50,true,1,
7290015652391,false,"קמח תירס הכנה מהירה ללא גלוטן 1 ק""ג",,,קמח תירס הכנה מהירה,גרמים,1000.00,100 גרם,false,1,13.50,1.35,true,1,
7290015652407,false,פיסטוק קלוי 250 גר דין שיווק,,,פיסטוק קלוי 250 גר ד,גרמים,250.00,100 גרם,false,1,20.00,8.00,true,1,
7290015652537,false,"אהרוני פלפל, לימון פרסי 130 גר",,,"אהרוני פלפל, לימון פ",גרמים,130.00,100 גרם,false,1,15.60,12.00,true,1,
7290015675338,false,מסכת יופי גוגי ברי 1,,,מסכת יופי גוגי ברי 1,Unknown,0.00,Unknown,false,1,59.90,59.90,true,1,
7290015781046,false,יין VISION לבן חצי יבש 750 מל,,,יין VISION לבן חצי י,Unknown,0.00,Unknown,false,1,39.90,39.90,true,1,
7290015781152,false,יין IMPRES רוזה 750 מל,,,יין IMPRES רוזה 750,Unknown,0.00,Unknown,false,1,49.90,49.90,true,1,
7290015895408,false,ויטמין 100 כמ` A,,,ויטמין 100 כמ` A,Unknown,0.00,Unknown,false,1,52.90,52.90,true,1,
7290015977128,false,לוח חיתוך 38*29במבוק ארקוסטיל,,,לוח חיתוך במבוק 38X2,Unknown,0.00,Unknown,false,1,62.90,62.90,true,1,
7290016006339,false,רביעיית מי עדן 1 ליטר,,,רביעיית מי עדן 1 ליט,מיליליטרים,4000.00,"100 מ""ל",false,1,10.90,0.27,true,1,
7290016006346,false,שישיית שרינק 500 מל שוופס סודה,,,שישיית שוופס סודה 50,מיליליטרים,1500.00,"100 מ""ל",false,1,14.50,0.97,true,1,
7290016014020,false,רוזמרין,,,רוזמרין,קילוגרמים,0.00,"ק""ג",false,1,5.90,5.90,true,1,
7290016077766,false,היינץ שעועית אפויה 453 גרם,,,היינץ שעועית אפויה 4,גרמים,453.00,100 גרם,false,1,8.90,1.96,true,1,
7290016087499,false,עגבניה חתוך דק אריזת שלישייה A1,,,עגבניה חתוך דק אריזת,Unknown,0.00,Unknown,false,1,12.50,12.50,true,1,
7290016096491,false,נתחי טונה בהירה בשמן צמחי 80*3 גרם,,IL,נתחי טונה בהירה בשמן,גרמים,240.00,100 גרם,false,1,9.90,4.13,true,1,
7290016197488,false,ניקול מטלית קסם לשיש מארז שלישייה,,,ניקול מטלית קסם לשיש,Unknown,0.00,Unknown,false,1,11.90,11.90,true,1,
7290016197495,false,ניקול מטלית קסם לרצפה מארז זוג,,,ניקול מטלית קסם לרצפ,Unknown,0.00,Unknown,false,1,18.90,18.90,true,1,
7290016217742,false,חציל על אש בטחינה 200 גר,,,חציל על אש בטחינה 20,גרמים,200.00,100 גרם,false,1,11.00,5.50,true,1,
7290016223385,false,תבנית מלבנית 34x24 עם מכסה ארקוסטיל שמו,,,תבנית מלבנית 34x24 ע,Unknown,0.00,Unknown,false,1,119.00,119.00,true,1,
7290016233209,false,טונה מונטריי בשמן צמחי רביעייה 104 גרם,,TH,טונה מונטריי בשמן צמ,גרמים,560.00,100 גרם,false,1,20.90,3.73,true,1,
7290016246445,false,בארכה טחינה מעודנת שומשום מלא 310 גרם,,,בארכה טחינה מעודנת ש,גרמים,310.00,100 גרם,false,1,12.50,4.03,true,1,
7290016277562,false,אגוזים קלופים ששון הקולה 300 גרם,,IL,אגוזים קלופים ששון ה,גרמים,300.00,100 גרם,false,1,22.90,7.63,true,1,
7290016299304,false,קרם גוף ח.שיאה שמן רימונים חומצה היאלרונ,,IL,קרם גוף ח.שיאה שמן ר,ליטרים,0.50,ליטר,false,1,39.90,79.80,true,1,
7290016299335,false,קרם גוף קולגן לבנדר וחומצה היאלרונית,,IL,קרם גוף קולגן לבנדר,ליטרים,0.50,ליטר,false,1,39.90,79.80,true,1,
7290016304596,false,לחמניות לסנדביץ 75 גרם,,IL,לחמניות לסנדביץ 75 ג,גרמים,75.00,100 גרם,false,1,12.90,17.20,true,1,
7290016320343,false,"נוזל גל דאק בניחוח לבנדר 750 מ""ל*2",,,נוזל גל דאק בניחוח ל,ליטרים,0.00,ליטר,false,1,24.90,24.90,true,1,
7290016321661,false,מגבונים פרש וואנס סנסיטיב קר רביעייה,,IL,מגבונים פרש וואנס סנ,Unknown,0.00,Unknown,false,1,15.90,15.90,true,1,
7290016321678,false,מגבונים פרש וואנס נטורל קר רביעייה,,IL,מגבונים פרש וואנס נט,Unknown,0.00,Unknown,false,1,15.90,15.90,true,1,
7290016321883,false,נייר טואלט פרש וואנס מתכלה לילדים 3 יח,,IL,נייר טואלט פרש וואנס,Unknown,0.00,Unknown,false,1,16.70,16.70,true,1,
7290016370959,false,חציל קלוי פירה בצנצנת 580 גרם,,,חציל קלוי פירה בצנצנ,גרמים,580.00,100 גרם,false,1,10.90,1.88,true,1,
7290016372373,false,רסק עגבניות גראנד איטליה 2 * 135 גרם,,IT,רסק עגבניות גראנד בל,גרמים,270.00,100 גרם,false,1,7.90,2.93,true,1,
7290016437652,false,האגיס פרידום דריי PANTS מידה 6 30 יח,,,האגיס פרידום דריי PA,Unknown,0.00,Unknown,false,1,44.90,44.90,true,1,
7290016448634,false,שפרוטים ריגה זהב בצנצנת 250 גרם,,LV,שפרוטים ריגה זהב בצנ,גרמים,250.00,100 גרם,false,1,15.90,6.36,true,1,
7290016505023,false,שוקולד פנדה קרם נוגט טבעוני  100 גרם,,,שוקולד פנדה קרם נוגט,גרמים,100.00,100 גרם,false,1,20.80,20.80,true,1,
7290016505061,false,שוקולד פנדה לבן עוגיות טבעוני  100 גרם,,,שוקולד פנדה לבן עוגי,גרמים,100.00,100 גרם,false,1,20.80,20.80,true,1,
7290016509786,false,גל פרסיל ירוק 2.5 ל,,,גל פרסיל ירוק 2.5 ל,ליטרים,0.00,ליטר,false,1,24.90,24.90,true,1,
7290016509816,false,פרסיל גל קולור 4 ל,,,פרסיל גל קולור 4 ל,ליטרים,0.00,ליטר,false,1,37.90,37.90,true,1,
7290016509830,false,גל פרסיל בייבי 2.5 ל,,,גל פרסיל בייבי 2.5 ל,ליטרים,0.00,ליטר,false,1,24.90,24.90,true,1,
7290016513332,false,מיקס פירות 250 גר,,,מיקס פירות 250 גר,גרמים,250.00,100 גרם,false,1,11.40,4.56,true,1,
7290016594027,false,שליז חמאת אגוזי נמר אגוזי לוז ושקדים 300,,,שליז חמאת אגוזי נמר,גרמים,300.00,100 גרם,false,1,29.90,9.97,true,1,
7290016667431,false,"טורטיה ענק 30 ס""מ 540 גרם",,DE,"טורטיה ענק 30 ס""מ 54",גרמים,540.00,100 גרם,false,1,14.60,2.70,true,1,
7290016682328,false,מיץ תפוזים עשוי מרכז 2 ליטר,,,מיץ תפוזים עשוי מרכז,ליטרים,0.00,ליטר,false,1,24.90,24.90,true,1,
7290016866643,false,"משחת שיניים פרודונטקס פרש 75 מ""ל",,,משחת שיניים פרודנטקס,Unknown,0.00,Unknown,false,1,29.90,29.90,true,1,
7290016866667,false,"משחת שיניים פרודונטקס פלאוריד 75 מ""ל",,,משחת שיניים פרודונטק,Unknown,0.00,Unknown,false,1,29.90,29.90,true,1,
7290016866674,false,"משחת שיניים פרודונטקס מלבינה 75 מ""ל",,,משחת שיניים פרודונטק,Unknown,0.00,Unknown,false,1,29.90,29.90,true,1,
7290017058092,false,שיבולת שועל שלמה 600 גר גוד מורנינג,,,שיבולת שועל שלמה 600,גרמים,600.00,100 גרם,false,1,7.90,1.32,true,1,
7290017058528,false,ממרח זיתים ירוקים 200 גרם,,,ממרח זיתים ירוקים 20,גרמים,200.00,100 גרם,false,1,13.90,6.95,true,1,
7290017058795,false,תירס גמדי שלם במי מלח בצנצנת 340 גרם,,,תירס גמדי שלם במי מל,גרמים,340.00,100 גרם,false,1,7.90,2.32,true,1,
7290017065007,false,פרוסות מוצרלה גד 200 גרם,,,פרוסות מוצרלה גד 200,גרמים,200.00,100 גרם,false,1,17.90,8.95,true,1,
7290017065137,false,ריקוטה למריחה 5% טבעית 200 גר,,,ריקוטה למריחה 5% טבע,גרמים,200.00,100 גרם,false,1,10.00,5.00,true,1,
7290017065212,false,קרם מסקרפונה 250 גר,,,קרם מסקרפונה 250 גר,גרמים,250.00,100 גרם,false,1,16.60,6.64,true,1,
7290017065236,false,גבינה בולגרית מעודנת 24% 250 גר,,,גבינה בולגרית מעודנת,גרמים,250.00,100 גרם,false,1,21.90,8.76,true,1,
7290017065311,false,פרוסות מוצרלה מעושנת 200 גר,,,פרוסות מוצרלה מעושנת,גרמים,200.00,100 גרם,false,1,18.50,9.25,true,1,
7290017065380,false,שבבי גרנה פדנו 100 גר,,IL,שבבי גרנה פדנו 100 ג,גרמים,100.00,100 גרם,false,1,13.90,13.90,true,1,
7290017065441,false,פרוסות גאודה עיזים 200 גר,,IL,פרוסות גאודה עיזים 2,גרמים,200.00,100 גרם,false,1,31.90,15.95,true,1,
7290017065526,false,גבינה קוואטרו פורמאגי 300 גר,,IL,גבינה קוואטרו פורמאג,גרמים,300.00,100 גרם,false,1,29.90,9.97,true,1,
7290017065588,false,יוגורט יווני 10% 600 גר,,IL,יוגורט יווני 10% 600,גרמים,600.00,100 גרם,false,1,15.90,2.65,true,1,
7290017065649,false,קרם פטיסייר 250 גר,,IL,קרם פטיסייר 250 גר,גרמים,250.00,100 גרם,false,1,19.50,7.80,true,1,
7290017065731,false,גבינת שמנת עם כמהין 30%,,IL,גבינת שמנת עם כמהין,גרמים,200.00,100 גרם,false,1,12.50,6.25,true,1,
7290017065786,false,צדר 210 גרם,,,צדר 210 גרם,גרמים,210.00,100 גרם,false,1,22.90,10.90,true,1,
7290017088327,false,מגבוני בייביסיטר extra soft 4*64 יח,,IL,מגבוני בייביסיטר ext,יחידה,1.00,יחידה,false,1,16.90,16.90,true,1,
7290017105086,false,שימורי יכין שעועית צילי 200 גר,,,שימורי יכין שעועית צ,גרמים,200.00,100 גרם,false,1,4.50,2.25,true,1,
7290017105253,false,קטשופ יכין 740 גרם,,,קטשופ יכין 740 גרם,גרמים,740.00,100 גרם,false,1,9.90,1.34,true,1,
7290017140056,false,קמח חומוס ללא גלוטן 500 גרם,אופק מן הטבע,IL,קמח חומוס  500 גרם,גרמים,500.00,100 גרם,false,1,15.90,3.18,true,1,
7290017142111,false,פתיתי טונה בשמן זית טו גו עץ הזית 85 גרם,,TH,פתיתי טונה בשמן זית,גרמים,85.00,100 גרם,false,1,9.90,11.65,true,1,
7290017142159,false,שלישיה טונה בשמן זית עץ הזית 3*80 גרם,,,שלישיה טונה בשמן זית,גרמים,240.00,100 גרם,false,1,19.90,8.29,true,1,
7290017142388,false,שמן חמניות פלוס אומגה 3 1 ליטר,,IL,שמן חמניות פלוס אומג,ליטרים,0.00,ליטר,false,1,14.90,14.90,true,1,
7290017266312,false,וופל  מילוי קרם בטעם שוקולד 150 גרם,,,וופל  מילוי קרם בטעם,גרמים,150.00,100 גרם,false,1,3.00,2.00,true,1,
7290017297323,false,רסק עגבניות  100 גר BX22 טל,,,רסק עגבניות  100 גר,גרמים,100.00,100 גרם,false,1,2.00,2.00,true,1,
7290017320755,false,גאז סט סכום 24 חל. באריזת מגנט 1/4,,,גאז סט סכום 24 חלק 1,Unknown,0.00,Unknown,false,1,329.00,329.00,true,1,
7290017321608,false,מלחיה מכסה אלומיניום,,,מלחיה מכסה אלומיניום,Unknown,0.00,Unknown,false,1,5.90,5.90,true,1,
7290017322926,false,סיר פסטה מכסה מסננת 5 ליטר,,,סיר פסטה 22סמ - 5ל ע,קילוגרמים,0.00,"ק""ג",false,1,119.00,119.00,true,1,
7290017325385,false,חמאה אורגנית אדמה 200 גרם,,NL,חמאה אורגנית אדמה 20,גרמים,200.00,100 גרם,false,1,15.90,7.95,true,1,
7290017325798,false,"קוואקר לל""ג אורגני הרדוף 500 גרם",,,"קוואקר לל""ג אורגני ה",גרמים,500.00,100 גרם,false,1,17.90,3.58,true,1,
7290017386157,false,"קמח כוסמין לבן  כרם - 1 ק""ג",,IL,קמח כוסמין לבן  כרם,גרמים,1000.00,100 גרם,false,1,14.60,1.46,true,1,
7290017386973,false,"תמר סופר גמבו פטור ממע""מ 1 ק""ג",,IL,"תמר סופר גמבו 1 ק""ג",גרמים,1000.00,100 גרם,false,1,46.90,4.69,true,1,
7290017457574,false,גל נתלה לאסלה סוד כדוריות פרחים 50 גר*3,,RS,גל נתלה לאסלה סוד כד,גרמים,150.00,100 גרם,false,1,26.50,17.67,true,1,
7290017457581,false,"מרכך כביסה סוד מרוכז קוקוס 900 מ""ל",,IL,מרכך כביסה סוד מרוכז,מיליליטרים,900.00,"100 מ""ל",false,1,15.60,1.73,true,1,
7290017457871,false,גל כביסה סוד טוטל ירוק 4 ל,,IL,סוד גל לכביסה 4 ליטר,ליטרים,0.00,ליטר,false,1,32.90,32.90,true,1,
7290017460062,false,פירורי לחם קייגון 400 גרם,,IL,פירורי לחם קייגון 40,גרמים,400.00,100 גרם,false,1,12.90,3.23,true,1,
7290017477305,false,זרעי ציה 250 גרם,,IL,זרעי ציה 250 גרם,גרמים,250.00,100 גרם,false,1,9.90,3.96,true,1,
7290017505329,false,"גל טיפולי לפצעונים 30 מ""ל",,IL,גל טיפולי לפצעונים 3,מיליליטרים,30.00,"100 מ""ל",false,1,109.90,366.33,true,1,
7290017513775,false,בייגלה פליפז מצופה בשוקולד חלב 140 גר,,TR,בייגלה פליפז מצופה ב,גרמים,140.00,100 גרם,false,1,8.90,6.36,true,1,
7290017617107,false,סטארקיסט מיקס טו גו טונה 4 דגנים 185 גרם,,,סטארקיסט מיקס טו גו,גרמים,185.00,100 גרם,false,1,13.50,7.30,true,1,
7290017647425,false,יין גמלא קברנה סוביניון 2019 750 מל,,,יין גמלא קברנה סובינ,Unknown,0.00,Unknown,false,1,64.40,64.40,true,1,
7290017677804,false,"רוטב סויה קיקומן 444 מ""ל",,,רוטב סויה קיקומן 444,מיליליטרים,444.00,"100 מ""ל",false,1,19.90,4.48,true,1,
7290017870243,false,כוס נייר  ענקית קשיח,,CN,כוס נייר  ענקית קשיח,Unknown,1.00,Unknown,false,1,19.90,19.90,true,1,
7290017872049,false,אל סבון פמלי לבנדר ארומטי שלישייה 500*3,,TR,אל סבון פמלי לבנדר א,מיליליטרים,1500.00,"100 מ""ל",false,1,17.70,1.18,true,1,
7290017888354,false,מים ספורט 750 מל,,,מים ספורט 750 מל,מיליליטרים,750.00,"100 מ""ל",false,1,3.00,0.40,true,1,
7290017888729,false,שוופס סודה 1 ליטר,,IL,שוופס סודה 1 ליטר,מיליליטרים,1000.00,"100 מ""ל",false,1,3.90,0.39,true,1,
7290017917382,false,"אל סבון נוזלי קמיל בלו ד""ר פישר ירוק 1 ל",,IL,אל סבון נוזלי קמיל ב,ליטרים,0.00,ליטר,false,1,15.90,15.90,true,1,
7290017924014,false,מארז ציפס תפוחי עץ כרם 4*22 גרם,,,מארז ציפס תפוחי עץ כ,גרמים,88.00,100 גרם,false,1,17.90,20.34,true,1,
7290017924717,false,בורגול עבה אורגני 500 גרם,,IL,בורגול עבה אורגני 50,גרמים,500.00,100 גרם,false,1,7.90,1.58,true,1,
7290017928661,false,סמאש שבורים בטעם צדר 300 גרם,,BG,סמאש שבורים בטעם צדר,גרמים,300.00,100 גרם,false,1,15.60,5.20,true,1,
7290017946399,false,"מרכך כביסה סוד מרוכז אדום ארומטר 900 מ""ל",,IL,מרכך כביסה סוד מרוכז,מיליליטרים,900.00,"100 מ""ל",false,1,15.60,1.73,true,1,
7290018091821,false,פיצה נפוליטנה 200 גרם,,,פיצה נפוליטנה 200 גר,גרמים,200.00,100 גרם,false,1,17.70,8.85,true,1,
7290018198254,false,תפוגן קריספי ציפס פוטטוס 1.25 קג,,IL,תפוגן קריספי ציפס פו,גרמים,1250.00,100 גרם,false,1,26.50,2.12,true,1,
7290018236635,false,עוף טוב צונגו פופקורן מצופה 600 גרם,,,עוף טוב צונגו פופקור,גרמים,600.00,100 גרם,false,1,32.90,5.48,true,1,
7290018338377,false,פלפל קאיין אורגני 90 גרם,,IN,פלפל קאיין אורגני 90,גרמים,90.00,100 גרם,false,1,14.90,16.56,true,1,
7290018359686,false,חומוס ענק יכין 550 ג A2,,IL,חומוס ענק יכין 550 ג,גרמים,550.00,100 גרם,false,1,9.90,1.80,true,1,
7290018359877,false,רסק עגבניות טבעי יכין 200 גר*3,,,רסק עגבניות טבעי יכי,גרמים,600.00,100 גרם,false,1,14.90,2.48,true,1,
7290018359969,false,רוטב עגבניות לפיצה יכין 400 גר,,,רוטב עגבניות לפיצה י,גרמים,400.00,100 גרם,false,1,11.90,2.98,true,1,
7290018371213,false,מחית תפוח עץ ואפרסק אורגני 100 גרם,,ES,מחית תפוח עץ ואפרסק,גרמים,100.00,100 גרם,false,1,4.90,4.90,true,1,
7290018371312,false,אובלטים מקמח כוסמת אורגני 100 גרם,,IL,אובלטים מקמח כוסמת א,גרמים,100.00,100 גרם,false,1,12.90,12.90,true,1,
7290018400036,false,חגיגת טעמים כתומים סנפרוסט 800 גרם,,IL,חגיגת טעמים כתומים,גרמים,800.00,100 גרם,false,1,24.90,3.11,true,1,
7290018400609,false,פיאסטה מקסיקנית סנפרוסט 800 גרם,,IL,פיאסטה מקסיקנית סנפר,גרמים,800.00,100 גרם,false,0,27.50,3.44,true,1,
7290018471029,false,שישיית שוופס סודה לימון 500 מל,,,שישיית שוופס סודה לי,מיליליטרים,1500.00,"100 מ""ל",false,1,14.50,0.97,true,1,
7290018471616,false,שוופס טוניק קלאסי 1 ליטר,,IL,שוופס טוניק קלאסי 1,מיליליטרים,1000.00,"100 מ""ל",false,1,9.20,0.92,true,1,
7290018471906,false,שוופס מוגז לימונדה ורודה 1.5 ליטר,,IL,שוופס מוגז לימונדה ו,ליטרים,0.00,ליטר,false,1,9.20,9.20,true,1,
7290018471944,false,שוופס מוגז לימונייד 1.5 ליטר,,IL,שוופס מוגז לימונייד,ליטרים,0.00,ליטר,false,1,9.20,9.20,true,1,
7290018493021,false,"אל סבון לידיים ד""ר פישר מדקס 500 מ""ל",,,"אל סבון לידיים ד""ר פ",מיליליטרים,500.00,"100 מ""ל",false,1,17.90,3.58,true,1,
7290018757024,false,מיץ תפוחים אורגני עתיד ירוק 1 ליטר,,TR,מיץ תפוחים אורגני עת,מיליליטרים,1000.00,"100 מ""ל",false,1,15.90,1.59,true,1,
7290018757390,false,שבבי קוקוס עתיד ירוק 400 גרם,,IL,שבבי קוקוס עתיד ירוק,גרמים,400.00,100 גרם,false,1,29.90,7.48,true,1,
7290018757970,false,"קמח כוסמין מלא 100% אורגני 1 ק""ג",,IL,קמח כוסמין מלא 100%,גרמים,1000.00,100 גרם,false,1,16.90,1.69,true,1,
7290018893616,false,מארז צוקטה שוקולד מריר 48%  6*100 גר,,,מארז צוקטה שוקולד מר,גרמים,600.00,100 גרם,false,1,21.90,3.65,true,1,
7290018893654,false,בייגלה ציוקטה בתוספת מלח 200 גר,,RO,בייגלה ציוקטה בתוספת,גרמים,200.00,100 גרם,false,1,7.90,3.95,true,1,
7290018925065,false,מיץ תפוזים סחוט 2 ל פרימור,,IL,מיץ תפוזים סחוט 2 ל,מיליליטרים,2000.00,"100 מ""ל",false,1,27.90,1.40,true,1,
7290018949009,false,גרופר משקה קל מוגז אורגני תפוזזה   330 מ,,PL,גרופר משקה קל מוגז א,מיליליטרים,330.00,"100 מ""ל",false,1,9.50,2.88,true,1,
7290018989081,false,חומוס הבית להכנת חומוס טרי יכין 400 גר,,,חומוס הבית להכנת חומ,גרמים,410.00,100 גרם,false,1,7.90,1.93,true,1,
7290019056096,false,שוופס מוגז עדין אפרסק  1.5 ליטר,,IL,שוופס מוגז עדין אפרס,ליטרים,0.00,ליטר,false,1,9.20,9.20,true,1,
7290019056164,false,רביעיית שוופס סודה 1.5 לי,,IL,רביעיית שוופס סודה 1,ליטרים,0.00,ליטר,false,1,11.70,11.70,true,1,
7290019056171,false,רביעיית שוופס סודה לימון 1.5 לי,,IL,רביעיית שוופס סודה ל,ליטרים,0.00,ליטר,false,1,11.70,11.70,true,1,
7290019056249,false,שוופס WATER ענבים 1.5 ליטר,,IL,שוופס WATER ענבים 1.,ליטרים,0.00,ליטר,false,1,9.50,9.50,true,1,
7290019056256,false,שוופס WATER תפוח 1.5 ליטר,,IL,שוופס WATER תפוח 1.5,ליטרים,0.00,ליטר,false,1,9.50,9.50,true,1,
7290019056270,false,שוופס WATER פירות יער 1.5 ליטר,,IL,שוופס WATER פירות יע,ליטרים,0.00,ליטר,false,1,9.50,9.50,true,1,
7290019056324,false,שוופס טוניק 1.5 ליטר,,IL,שוופס טוניק 1.5 ליטר,ליטרים,0.00,ליטר,false,1,12.20,12.20,true,1,
7290019056478,false,משקה ספרינג טי אפרסק  1.5 ליטר,,IL,משקה ספרינג טי אפרסק,ליטרים,0.00,ליטר,false,1,8.20,8.20,true,1,
7290019056515,false,FRUIT WATER אננס 1.5 ל,,IL,FRUIT WATER אננס 1.5,ליטרים,0.00,ליטר,false,1,9.50,9.50,true,1,
7290019056522,false,FRUIT WATER תות 1.5 ל,,IL,FRUIT WATER תות 1.5,ליטרים,0.00,ליטר,false,1,9.50,9.50,true,1,
7290019056539,false,FRUIT WATER אפרסק 1.5 ל,,IL,FRUIT WATER אפרסק 1.,ליטרים,0.00,ליטר,false,1,9.50,9.50,true,1,
7290019056546,false,FRUIT WATER אבטיח 1.5 ל,,IL,FRUIT WATER אבטיח 1.,ליטרים,0.00,ליטר,false,1,9.50,9.50,true,1,
7290019056553,false,שישיית מים עין גדי 2 ליטר,,IL,שישיית מים עין גדי 2,ליטרים,0.01,ליטר,false,1,13.30,1330.00,true,1,
7290019056621,false,ספרינג 1.5 ליטר פירות טרופים,,IL,ספרינג 1.5 ליטר פירו,ליטרים,0.00,ליטר,false,1,9.20,9.20,true,1,
7290019056973,false,שישיית מי עדן 1.5 ליטר משפחתי,,IL,שישיית מי עדן 1.5 לי,ליטרים,0.01,ליטר,false,1,13.90,1390.00,true,1,
7290019108016,false,לאבנה טבעונית 20% שקדים 200 גרם,,IL,לאבנה טבעונית 20% שק,גרמים,200.00,100 גרם,false,1,14.90,7.45,true,1,
7290019153252,false,שוופס סודה תפוח 1.5 ל רביעיות,,IL,שוופס סודה תפוח 1.5,ליטרים,0.00,ליטר,false,1,12.10,12.10,true,1,
7290019153344,false,תפוזינה סנגרייה 1.5 ל,,IL,תפוזינה סנגרייה 1.5,ליטרים,0.00,ליטר,false,1,9.20,9.20,true,1,
7290019153375,false,תפוזינה מוחיטו 1.5 ל,,IL,תפוזינה מוחיטו 1.5 ל,ליטרים,0.00,ליטר,false,1,9.20,9.20,true,1,
7290019153566,false,ספרינג רימון אוכמניות דובדבן 1.5 ל,,,ספרינג רימון אוכמניו,ליטרים,0.00,ליטר,false,1,9.20,9.20,true,1,
7290019232162,false,תה ויסוצקי חליטת לילה טוב קמומיל מליסה25,,,תה ויסוצקי חליטת ליל,יחידה,1.00,יחידה,false,1,25.90,25.90,true,1,
7290019232827,false,ביסקוויט הולגריין במילוי קרם אגוזים 300ג,,,ביסקוויט הולגריין במ,גרמים,300.00,100 גרם,false,1,11.90,3.97,true,1,
7290019297543,false,חמאת בוטנים 510 גרם,,,חמאת בוטנים 510 גרם,גרמים,510.00,100 גרם,false,1,14.20,2.78,true,1,
7290069701151,false,פריזר דוקטורסקיה אוריגינל מזרע,,,פריזר דוקטורסקיה,Unknown,0.00,"ק""ג",true,0,75.00,75.00,true,1,
7290100240656,false,"פתית שיפון בד""צ 250 גרם",,,"פתית שיפון בד""צ 250",גרמים,300.00,100 גרם,false,1,16.90,5.63,true,1,
7290100245231,false,מרק נמס בכוס ועוד ט.עוף שקדי מרק - קנור,,,מרק נמס בכוס ועוד ט.,גרמים,50.00,100 גרם,false,1,6.50,13.00,true,1,
7290100321775,false,חזה עוף טרי,,,חזה עוף טרי,Unknown,0.00,"ק""ג",true,0,24.90,24.90,true,1,
7290100323038,false,כרעיים עוף טרי,,,כרעיים עוף טרי,Unknown,0.00,"ק""ג",true,0,19.90,19.90,true,1,
7290100331118,false,חזה הודו נקבה טרי,,,חזה הודו נקבה טרי,Unknown,0.00,"ק""ג",true,0,33.90,33.90,true,1,
7290100334041,false,שווארמה הודו נקבה טרי,,,שווארמה הודו נקבה טר,Unknown,0.00,"ק""ג",true,0,79.90,79.90,true,1,
7290100335154,false,שוק הודו זכר טרי,,,שוק הודו זכר טרי,Unknown,0.00,"ק""ג",true,0,29.90,29.90,true,1,
7290100337066,false,כנף הודו נקבה טרי,,,כנף הודו נקבה טרי,Unknown,0.00,"ק""ג",true,0,16.90,16.90,true,1,
7290100337400,false,גרון הודו זכר טרי,,,גרון הודו זכר טרי,Unknown,0.00,"ק""ג",true,0,34.90,34.90,true,1,
7290100412343,false,מגבונים לנ.כללי בריח לימון קוויק 50 יח,,,מגבונים לנ.כללי בריח,Unknown,0.00,Unknown,false,1,11.00,11.00,true,1,
7290100570272,false,פומפה,,,פומפה,Unknown,0.00,Unknown,false,1,16.90,16.90,true,1,
7290100658338,false,"פלמוליב אוקסי פלוס כחול 750 מ""ל שקוף",,,פלמוליב אוקסי פלוס כ,מיליליטרים,750.00,"100 מ""ל",false,1,11.50,1.53,true,1,
7290100680711,false,פירורית זהב 350 גרם,,,פירורית זהב 350 גרם,גרמים,350.00,100 גרם,false,1,7.90,2.26,true,1,
7290100681138,false,מארז אפרופו 3*50 גרם,,,מארז אפרופו 3*50 גרם,גרמים,150.00,100 גרם,false,0,12.50,8.33,true,1,
7290100684139,false,פסטה אסם מיני מקרוני 500 גרם,,,פסטה אסם מיני מקרוני,גרמים,500.00,100 גרם,false,1,5.70,1.14,true,1,
7290100685136,false,"מרק טעם עוף 1 ק""ג",,,"מרק טעם עוף 1 ק""ג",גרמים,1000.00,100 גרם,false,1,17.40,1.74,true,1,
7290100685242,false,במבה תות על סרט 30 גרם,,,במבה תות על סרט 30 ג,גרמים,30.00,100 גרם,false,1,3.40,11.33,true,1,
7290100685341,false,מרק תיבול טעם עוף זך רכיבים טיבעיים 400,,,מרק תיבול טעם עוף זך,גרמים,400.00,100 גרם,false,1,15.60,3.90,true,1,
7290100687109,false,במבה במילוי נוגת 60 גרם,,,במבה במילוי נוגת 60,גרמים,60.00,100 גרם,false,1,4.30,7.17,true,1,
7290100700075,false,פירורי לחם מוזהבים 200 גרם,,,פירורי לחם מוזהבים 2,גרמים,200.00,100 גרם,false,1,4.10,2.05,true,1,
7290100700242,false,אורז מלא עגול 1 קג,,,"אורז מלא עגול 1 ק""ג",גרמים,1000.00,100 גרם,false,1,9.40,0.94,true,1,
7290100700273,false,קינואה 500 גרם,,,קינואה 500 גרם,גרמים,500.00,100 גרם,false,1,13.90,2.78,true,1,
7290100700310,false,כוסמת 1 קג,,,"כוסמת 1 ק""ג",גרמים,1000.00,100 גרם,false,1,14.60,1.46,true,1,
7290100700334,false,"קינואה סוגת 1 ק""ג",,IL,"קינואה סוגת 1 ק""ג",קילוגרמים,0.00,"ק""ג",false,1,20.90,20.90,true,1,
7290100700372,false,אורז בסמטי מלא 1 קג,,,"אורז בסמטי מלא 1 ק""ג",גרמים,1000.00,100 גרם,false,1,13.50,1.35,true,1,
7290100700396,false,אורז יסמין קלאסי 1 קג,,,אורז יסמין קלאסי 1 ק,גרמים,1000.00,100 גרם,false,1,10.90,1.09,true,1,
7290100700587,false,בורגול 500 גרם,,,בורגול 500 גרם,גרמים,500.00,100 גרם,false,1,5.20,1.04,true,1,
7290100701300,false,קינואה אדומה 500 גר סוגת,,,קינואה אדומה 500 גר,גרמים,500.00,100 גרם,false,1,13.50,2.70,true,1,
7290100701331,false,"קמח רב תכליתי 1 ק""ג סוגת",,,"קמח רב תכליתי 1 ק""ג",גרמים,1000.00,100 גרם,false,1,7.50,0.75,true,1,
7290100701348,false,"קמח שיפון מלא 1 ק""ג סוגת",,,"קמח שיפון מלא 1 ק""ג",גרמים,1000.00,100 גרם,false,1,7.50,0.75,true,1,
7290100701454,false,גרישה 500 גר,,,גרישה 500 גר,גרמים,500.00,100 גרם,false,1,4.90,0.98,true,1,
7290100702666,false,פתיתים אפויים עם בצל 400 גר גרם סוגת,,,פתיתים אפויים עם בצל,גרמים,400.00,100 גרם,false,1,6.80,1.70,true,1,
7290100703007,false,עדשים שחורות בלוגה 500 גר,,,עדשים שחורות בלוגה 5,גרמים,500.00,100 גרם,false,1,8.90,1.78,true,1,
7290100703854,false,קוביות סוכר דמררה סוגת 500 גרם,,,קוביות סוכר דמררה סו,גרמים,500.00,100 גרם,false,1,9.90,1.98,true,1,
7290100703960,false,שומשום 500 גרם,,,שומשום 500 גרם,גרמים,500.00,100 גרם,false,1,11.90,2.38,true,1,
7290100850909,false,דוריטוס נאצו מקסיקני 70 גרם,,IL,דוריטוס נאצו מקסיקני,גרמים,70.00,100 גרם,false,1,3.60,5.14,true,1,
7290100850916,false,דוריטוס חמוץ חריף 70 גרם,,,דוריטוס חמוץ חריף 70,גרמים,70.00,100 גרם,false,1,3.60,5.14,true,1,
7290100850923,false,דוריטוס גריל 70 גרם,,,דוריטוס גריל 70 גרם,גרמים,70.00,100 גרם,false,1,3.60,5.14,true,1,
7290100921593,false,סבון אסלה סוד לימון 50 גר,,,סבון אסלה סוד לימון,גרמים,50.00,100 גרם,false,1,8.30,16.60,true,1,
7290100921609,false,סבון אסלה סוד אוקיינוס 50 גר,,,סבון אסלה סוד אוקיינ,גרמים,50.00,100 גרם,false,1,8.30,16.60,true,1,
7290101500001,false,בייבי מיקס,,,בייבי מיקס,Unknown,0.00,Unknown,false,1,6.90,6.90,true,1,
7290101500506,false,פטרוזיליה ארוזה,,,פטרוזיליה ארוזה,Unknown,0.00,Unknown,false,1,2.99,2.99,true,1,
7290101500513,false,שמיר ארוז,,,שמיר ארוז,Unknown,0.00,Unknown,false,1,2.99,2.99,true,1,
7290101500520,false,כוסברה ארוזה,,,כוסברה ארוזה,Unknown,0.00,Unknown,false,1,2.90,2.90,true,1,
7290101551539,false,דנונה פרו 20 גרם חלבון אפרסק 200 גר,,IL,דנונה פרו 20 גרם חלב,גרמים,200.00,100 גרם,false,1,4.20,2.10,true,1,
7290101551614,false,מארז ציטוס רקאנצי טעם גבינה 8 * 30 גר,,IL,מארז ציטוס רקאנצי טע,גרמים,240.00,100 גרם,false,1,16.70,6.96,true,1,
7290101866633,false,קליה גל 3 ל,,,קליה גל 3 ל,ליטרים,0.00,ליטר,false,1,24.90,24.90,true,1,
7290101866787,false,קליה לכביסה לבנה 3 ל,,,קליה לכביסה לבנה 3 ל,ליטרים,0.00,ליטר,false,1,24.90,24.90,true,1,
7290101868958,false,"פיניש הברקה לימון 800 מ""ל",,,פיניש הברקה לימון 80,מיליליטרים,800.00,"100 מ""ל",false,1,18.90,2.36,true,1,
7290101869726,false,גל AIO פיניש 1 ליטר,,,גל AIO פיניש 1 ליטר,מיליליטרים,1000.00,"100 מ""ל",false,1,36.90,3.69,true,1,
7290101952176,false,קבנוס ציידים 200 גרם,,,קבנוס ציידים 200 גרם,גרמים,200.00,100 גרם,false,1,26.50,13.25,true,1,
7290101952282,false,צוריסוס ארגנטינאי 530 גרם,,,צוריסוס ארגנטינאי,גרמים,530.00,100 גרם,false,1,36.90,6.96,true,1,
7290101952329,false,המבורגר טקסס 400 גרם,,,המבורגר טקסס 400 גרם,גרמים,400.00,100 גרם,false,1,25.90,6.48,true,1,
7290101952497,false,גרגרי חומוס טבעפרוסט 800 כר,,,גרגרי חומוס טבעפרוסט,גרמים,800.00,100 גרם,false,1,18.80,2.35,true,1,
7290101952510,false,לקט פרובנס טבעפרוסט 800 גר,,,לקט פרובנס טבעפרוסט,גרמים,800.00,100 גרם,false,1,18.80,2.35,true,1,
7290101952527,false,לקט בסגנון אסייתי טבעפרוסט 800 גר,,,לקט בסגנון אסייתי טב,גרמים,800.00,100 גרם,false,1,18.80,2.35,true,1,
7290101952558,false,גרעיני תירס קפואים טבעפרוסט 800 גרם,,,גרעיני תירס קפואים,גרמים,800.00,100 גרם,false,1,16.20,2.03,true,1,
7290102300884,false,צדר אנגלי כתום במשקל,,,צדר אנגלי כתום במשקל,Unknown,0.00,"ק""ג",true,0,126.00,126.00,true,1,
7290102301539,false,גאודה עיזים סיימן במ,,,גאודה עיזים סיימן במ,Unknown,0.00,"ק""ג",true,0,115.00,115.00,true,1,
7290102301881,false,גבינת טרטר עשבי תיבול 150 גר,,,גבינת טרטר עשבי תיבו,גרמים,150.00,100 גרם,false,1,19.90,13.27,true,1,
7290102390427,false,יוגורט מולר פרופ בטעם תות 150גר,,,יוגורט מולר פרופ בטע,גרמים,150.00,100 גרם,false,1,4.80,3.20,true,1,
7290102390465,false,"פרופ אפרסק פסיפלורה מולר 150 מ""ל",,,פרופ אפרסק פסיפלורה,מיליליטרים,150.00,"100 מ""ל",false,1,4.80,3.20,true,1,
7290102390489,false,"פרופ לימון מולר 150 מ""ל",,,פרופ לימון מולר 150,מיליליטרים,150.00,"100 מ""ל",false,1,4.80,3.20,true,1,
7290102391844,false,"פרופ  מולר פירות יער 150 מ""ל",,,פרופ  מולר פירות יער,גרמים,150.00,100 גרם,false,1,4.80,3.20,true,1,
7290102392094,false,חלב עיזים בקרטון 1ל,,,חלב עיזים בקרטון 1ל,מיליליטרים,1000.00,"100 מ""ל",false,1,14.90,1.49,true,1,
7290102392254,false,חלב 2 ל 1%,,,חלב 2 ל 1%,ליטרים,0.00,ליטר,false,1,11.10,11.10,true,1,
7290102393039,false,מולר מיקס יוגורט קרמי עם פצפוצים 150ג,,,מולר מיקס יוגורט,גרמים,150.00,100 גרם,false,1,5.50,3.67,true,1,
7290102393176,false,SIMPLY FRUIT מולר בטעם אפרסק 3% 150 גר,,,SIMPLY FRUIT מולר בט,מיליליטרים,150.00,"100 מ""ל",false,1,4.80,3.20,true,1,
7290102393190,false,SIMPLY FRUIT מולר בטעם פירות יער 3%,,,SIMPLY FRUIT מולר בט,מיליליטרים,150.00,"100 מ""ל",false,1,4.80,3.20,true,1,
7290102394821,false,"נעם גבינה צהובה דק דק פ""ח 28% 200 גר",,,נעם גבינה צהובה דק ד,גרמים,200.00,100 גרם,false,1,15.50,7.75,true,1,
7290102394845,false,נעם גבינה צהובה דק דק 9% 200 גר,,,נעם גבינה צהובה דק ד,גרמים,200.00,100 גרם,false,1,16.50,8.25,true,1,
7290102395217,false,מאגדת שמיניה מולר במתיקות מעודנת 1.2%,,,מאגדת שמיניה מולר,גרמים,1200.00,100 גרם,false,1,21.90,1.83,true,1,
7290102395224,false,מאגדת שמיניה מולר נטורל 1.7%,,,מאגדת שמיניה מולר,גרמים,1200.00,100 גרם,false,1,17.90,1.49,true,1,
7290102395231,false,מאגדת שמיניה מולר נטורל 2.8%,,,מאגדת שמיניה מולר,גרמים,1200.00,100 גרם,false,1,17.90,1.49,true,1,
7290102395262,false,מאגדת 8 מולר סימפלי פרוט תות אפרסק 3%,,,מאגדת 8 מולר סימפלי,גרמים,900.00,100 גרם,false,1,29.90,3.32,true,1,
7290102395408,false,נעם גבינה צהובה 28% במשקל,,,נעם גבינה צהובה 28%,Unknown,0.00,"ק""ג",true,0,42.70,42.70,true,1,
7290102395415,false,נעם גבינה צהובה 9% במשקל,,,נעם גבינה צהובה 9% ב,Unknown,0.00,"ק""ג",true,0,79.00,79.00,true,1,
7290102395422,false,נעם גבינה צהובה 22% במשקל,,,נעם גבינה צהובה 22%,Unknown,0.00,"ק""ג",true,0,40.59,40.59,true,1,
7290102395439,false,מאגדת 8 מולר סימפלי פרוט פ.יער 3%,,,מאגדת 8 מולר סימפלי,גרמים,900.00,100 גרם,false,1,29.90,3.32,true,1,
7290102395521,false,שמנת לבישול 15% 500 מל,,,שמנת לבישול 15% 500,מיליליטרים,500.00,"100 מ""ל",false,1,16.20,3.24,true,1,
7290102396665,false,גבינה צהובה נעם דק דק 15% 200 גר,,,גבינה צהובה נעם דק ד,גרמים,200.00,100 גרם,false,1,14.90,7.45,true,1,
7290102396672,false,זבינה צהובה נעם דק דק 9% 360 גר,,,זבינה צהובה נעם דק ד,גרמים,360.00,100 גרם,false,1,16.50,4.58,true,1,
7290102397464,false,מולר נטורל+ פקאן גרעינים וחמוציות 170 גר,,,מולר נטורל+ פקאן גרע,גרמים,170.00,100 גרם,false,1,5.50,3.24,true,1,
7290102397617,false,מולר מיקס קליק 170 גר,,,מולר מיקס קליק 170 ג,גרמים,170.00,100 גרם,false,1,5.50,3.24,true,1,
7290102397730,false,גבינת אמנטל נעם 200 גרם,,,גבינת אמנטל נעם 200,גרמים,200.00,100 גרם,false,1,17.10,8.55,true,1,
7290102397747,false,מוצרלה נעם רכיבים טבעיים 200 גרם,,,מוצרלה נעם רכיבים,גרמים,200.00,100 גרם,false,1,18.00,9.00,true,1,
7290102397891,false,גבינה מותכת 100 גרם צוריאל,,,גבינה מותכת 100 גרם,גרמים,100.00,100 גרם,false,1,5.80,5.80,true,1,
7290102398065,false,קרטון חלב 2 ליטר 3% מהדרין,,,חלב 3% מהדרין 2 ליטר,ליטרים,0.00,ליטר,false,1,11.80,11.80,true,1,
7290102398799,false,משקה סויה במתיקות מופחתת צוריאל 1 ליטר,,IL,משקה סויה במתיקות מו,ליטרים,0.00,ליטר,false,1,12.50,12.50,true,1,
7290102399048,false,קשקבל נעם 200 גר,,IL,קשקבל נעם 200 גר,גרמים,200.00,100 גרם,false,1,21.90,10.95,true,1,
7290102399796,false,מולר אקטיב יוגורט חלבון לבן 200 גרם,,IL,מולר אקטיב יוגורט חל,גרמים,200.00,100 גרם,false,1,5.70,2.85,true,1,
7290102399802,false,מולר אקטיב יוגורט חלבון תות 200 גרם,,IL,מולר אקטיב יוגורט חל,גרמים,200.00,100 גרם,false,1,6.20,3.10,true,1,
7290102399819,false,מולר אקטיב יוגורט חלבון פירות 200 גרם,,IL,מולר אקטיב יוגורט,גרמים,200.00,100 גרם,false,1,6.20,3.10,true,1,
7290103087098,false,כורכומין אפקט,,,כורכומין אפקט,Unknown,0.00,Unknown,false,1,139.90,139.90,true,1,
7290103701093,false,מטליות מיקרופייבר לרצפה טאצ 2 יח,,,מטליות מיקרופייבר לר,Unknown,0.00,Unknown,false,1,18.40,18.40,true,1,
7290103704162,false,טואלט טאצ 32 מהדורת,,,טואלט טאצ 32 מהדורת,Unknown,0.00,Unknown,false,18,29.50,29.50,true,1,
7290103704186,false,מגבות טאצ 6 גלילים כפול מהדורת 2021,,,מגבות טאצ 6 גלילים כ,יחידה,1.00,יחידה,false,1,17.90,17.90,true,1,
7290104061424,false,חומוס זעתר 400 גר,,,חומוס זעתר 400 גר,גרמים,400.00,100 גרם,false,1,10.90,2.73,true,1,
7290104061431,false,חומוס צנובר 400 גר,,,חומוס צנובר 400 גר,גרמים,400.00,100 גרם,false,1,10.90,2.73,true,1,
7290104062599,false,מארז סופר גמדים תות בננה שמיניה,,,מארז סופר גמדים תות,גרמים,800.00,100 גרם,false,1,19.80,2.48,true,1,
7290104066566,false,טחינה 500 גרם,,,טחינה 500 גרם,גרמים,500.00,100 גרם,false,1,14.60,2.92,true,1,
7290104508943,false,במבה קלאסי 200 גרם,,,במבה קלאסי 200 גרם,גרמים,200.00,100 גרם,false,1,8.90,4.45,true,1,
7290104570513,false,"תמר מגהול 1 ק""ג",,,"תמר מגהול 1 ק""ג",קילוגרמים,0.00,"ק""ג",false,1,19.90,19.90,true,1,
7290104720499,false,"מארז 8 דני וניל  150*8 מ""ל",,,מארז 8 דני וניל  150,מיליליטרים,1200.00,"100 מ""ל",false,1,18.10,1.51,true,1,
7290104726712,false,"מארז מילקי שמיניייה 1.064 ק""ג",,,מארז מילקי שמיניייה,קילוגרמים,0.00,"ק""ג",false,1,19.50,19.50,true,1,
7290104729003,false,"שמן זית כתית מעולה יד מרדכי 750 מ""ל",,IL,שמן זית כתית מעולה י,מיליליטרים,750.00,"100 מ""ל",false,1,29.50,3.93,true,1,
7290104963001,false,סופטקר מגבונים בניחוח עדין רביעייה,,,סופטקר מגבונים בניחו,Unknown,0.00,Unknown,false,1,16.50,16.50,true,1,
7290104963018,false,סופטקר מגבונים ללא בישום רביעייה,,,סופטקר מגבונים ללא ב,Unknown,0.00,Unknown,false,1,16.50,16.50,true,1,
7290105360755,false,"שמן זית 3 חזק 750 מ""ל יד מרדכי",,,"שמן זית 3 חזק 750 מ""",מיליליטרים,750.00,"100 מ""ל",false,1,24.90,3.32,true,1,
7290105360878,false,מארז תפוציפס טבעי 50 גרם * 4,,,מארז תפוציפס טבעי 50,גרמים,200.00,100 גרם,false,1,10.50,5.25,true,1,
7290105362339,false,"שמנת לבישול 15% מהדרין 250 מ""ל",,,שמנת לבישול 15% מהדר,מיליליטרים,250.00,"100 מ""ל",false,1,7.90,3.16,true,1,
7290105363602,false,כיף כף מקלות קלאסי 40 גרם,,,כיף כף מקלות קלאסי 4,Unknown,0.00,Unknown,false,1,4.80,4.80,true,1,
7290105366993,false,סימפוניה פלפל שיפקה חריף 5% 200 גר,,,סימפוניה פלפל שיפקה,גרמים,200.00,100 גרם,false,1,11.00,5.50,true,1,
7290105368904,false,"שמנת עמידה לקצפת 32% 250 מ""ל",,,שמנת עמידה לקצפת 32%,מיליליטרים,250.00,"100 מ""ל",false,1,7.60,3.04,true,1,
7290105368928,false,"שמנת 9% מהדרין 200 מ""ל",,,שמנת 9% מהדרין 200 מ,מיליליטרים,200.00,"100 מ""ל",false,1,3.30,1.65,true,1,
7290105439499,false,מנה מאסטר שף מיונז 481 גר,,,מנה מאסטר שף מיונז 4,גרמים,481.00,100 גרם,false,1,11.90,2.47,true,1,
7290105691934,false,קמח שמרים 1 קג,,,"קמח שמרים 1 ק""ג",גרמים,1000.00,100 גרם,false,1,9.90,0.99,true,1,
7290105693341,false,מארז במבה 25 גרם 10 יחי,,,מארז במבה 25 גרם 10,גרמים,250.00,100 גרם,false,1,9.90,3.96,true,1,
7290105695321,false,עוגת בראוניס פרג 380 גרם,,,עוגת בראוניס פרג 380,גרמים,380.00,100 גרם,false,1,15.60,4.11,true,1,
7290105964564,false,חומוס אחלה 400 גר,,,חומוס אחלה 400 גר,גרמים,400.00,100 גרם,false,1,4.90,1.23,true,1,
7290105965738,false,"משקה בוקר תות בננה 267 מ""ל",,,משקה בוקר תות בננה 2,מיליליטרים,267.00,"100 מ""ל",false,1,5.00,1.87,true,1,
7290105966469,false,חומץ בלסמי יד מרדכי 250 מל,,,חומץ בלסמי יד מרדכי,מיליליטרים,250.00,"100 מ""ל",false,1,13.90,5.56,true,1,
7290105968098,false,קולסלאו 500 גר,,,קולסלאו 500 גר,גרמים,500.00,100 גרם,false,1,15.90,3.18,true,1,
7290106520288,false,דנונה פרו תות 2.4% 150 גרם,,,דנונה WOW תות 2.4% ש,גרמים,150.00,100 גרם,false,1,4.60,3.07,true,1,
7290106524439,false,תפוציפס פופס 60 גרם,,,תפוציפס פופס 60 גרם,גרמים,60.00,100 גרם,false,1,3.90,6.50,true,1,
7290106526822,false,פריכיות אנרגי תחתית חלב 80 גרם,,,פריכיות אנרגי תחתית,גרמים,80.00,100 גרם,false,1,7.70,9.63,true,1,
7290106575257,false,עוגת סופלה בטעם שוקולד 340 גרם,,,עוגת סופלה בטעם שוקו,גרמים,340.00,100 גרם,false,1,12.50,3.68,true,1,
7290106575332,false,פתיתים אפויים פלוס בורגול 400 גרם,,,פתיתים אפויים פלוס ב,גרמים,400.00,100 גרם,false,1,6.90,1.73,true,1,
7290106577282,false,טחינה 400 גר,,,טחינה 400 גרם,גרמים,400.00,100 גרם,false,1,12.90,3.23,true,1,
7290106577527,false,סלט קולסלו 400 גר,,,סלט קולסלו 400 גר,גרמים,400.00,100 גרם,false,1,12.90,3.23,true,1,
7290106577541,false,סלט כרוב אדום 400 גר,,,סלט כרוב אדום 400 גר,גרמים,400.00,100 גרם,false,1,10.90,2.73,true,1,
7290106578692,false,ביסלי במבה גריל מיקס  80 גרם,,,ביסלי במבה גריל מיקס,גרמים,80.00,100 גרם,false,1,4.30,5.38,true,1,
7290106656727,false,חיוכים שוקו 600 גרם,,,חיוכים שוקו 600 גרם,גרמים,600.00,100 גרם,false,1,20.90,3.48,true,1,
7290106662025,false,תפוציפס טבעי מלח ופלפל 50 גרם,,,תפוציפס טבעי מלח ופל,גרמים,50.00,100 גרם,false,1,3.90,7.80,true,1,
7290106663091,false,לאבנה 9% 500 גר,,,לאבנה 9% 500 גר,גרמים,500.00,100 גרם,false,1,20.90,4.18,true,1,
7290106664562,false,יטבתה רוטב שמנת עם פטריות 9% 250 גר,,IL,יטבתה רוטב שמנת עם פ,גרמים,250.00,100 גרם,false,1,10.90,4.36,true,1,
7290106667266,false,חטיף דוריטוס חמוץ חריף 185 גרם,,,חטיף דוריטוס חמוץ חר,גרמים,185.00,100 גרם,false,1,7.90,4.27,true,1,
7290106668577,false,"מיץ לימון 250 מ""ל יד מרדכי",,,"מיץ לימון 250 מ""ל יד",מיליליטרים,250.00,"100 מ""ל",false,1,7.80,3.12,true,1,
7290106720626,false,ציטוס בטעם גבינה 80 גר,,,ציטוס בטעם גבינה 80,גרמים,80.00,100 גרם,false,1,4.20,5.25,true,1,
7290107280020,false,סנו סושי מטליות לחות לנ.כללי עבות שלישיה,,,סנו סושי מטליות לחות,Unknown,0.00,Unknown,false,1,15.90,15.90,true,1,
7290107280075,false,רביעיית תבניות אלומיניום לאפיה L,,,רביעיית תבניות אלומי,Unknown,0.00,Unknown,false,1,7.90,7.90,true,1,
7290107280082,false,תבניות אלומיניום מוארכות לאפיה 7 יח,,,תבניות אלומיניום מוא,Unknown,0.00,Unknown,false,1,11.40,11.40,true,1,
7290107280129,false,סנו סושי 20 שקיות אשפה חזקות גדולות XXL,,,סנו סושי 20 שקיות אש,Unknown,0.00,Unknown,false,1,22.90,22.90,true,1,
7290107280570,false,סנו מקסימה גל כביסה מיקס אנד ווש 3 ל,,,סנו מקסימה גל כביסה,ליטרים,0.00,ליטר,false,1,29.60,29.60,true,1,
7290107280747,false,נוזל כלים סנו ספארק קלאסי 700 מל,,,נוזל כלים סנו ספארק,מיליליטרים,700.00,"100 מ""ל",false,1,10.40,1.49,true,1,
7290107645584,false,מרק עוף אמיתי רכיבים טבעיים 400 גרם,,,מרק עוף אמיתי רכיבים,גרמים,400.00,100 גרם,false,1,24.90,6.23,true,1,
7290107646147,false,מאגדת שוגי קורנפלקס 6 יחידות 156 גרם,,,מאגדת שוגי קורנפלקס,גרמים,156.00,100 גרם,false,1,12.50,8.01,true,1,
7290107932134,false,חלב מועשר יוטבתה בבקבוק 1% 1 ליטר,,,חלב מועשר יוטבתה בבק,מיליליטרים,1000.00,"100 מ""ל",false,1,7.30,0.73,true,1,
7290107936309,false,דנונה יווני לבן 5.8% 120 גר,,,דנונה יווני לבן 5.8%,גרמים,120.00,100 גרם,false,1,3.20,2.67,true,1,
7290107942355,false,תפוציפס מקלות בטעם טבעי 60 גרם,,IL,תפוציפס מקלות בטעם ט,גרמים,60.00,100 גרם,false,1,3.90,6.50,true,1,
7290107943192,false,"שמנת חמוצה מהערבה 27% 200 מ""ל",,,שמנת חמוצה מהערבה,מיליליטרים,200.00,"100 מ""ל",false,1,3.90,1.95,true,1,
7290107954976,false,משקה פרו קפה יטבתה 350 מל,,,משקה פרו קפה יטבתה 3,מיליליטרים,350.00,"100 מ""ל",false,1,6.50,1.86,true,1,
7290107973311,false,קולגייט מברשת שיניים 360 פחם זהב זוג,,,קולגייט מברשת שיניים,Unknown,0.00,Unknown,false,1,36.50,36.50,true,1,
7290107973809,false,מנה קוביות עגבניות 400 גר מאסטר שף,,,מנה קוביות עגבניות 4,גרמים,400.00,100 גרם,false,1,7.20,1.80,true,1,
7290107973861,false,מנה עגבניות קצוצות דק שלישיה 400 גר מ.שף,,,מנה עגבניות קצוצות ד,קילוגרמים,0.00,"ק""ג",false,1,15.90,15.90,true,1,
7290107974073,false,מנה עלי טורטיה קמח לבן מ.שף 20 סמ 320 גר,,,מנה עלי טורטיה קמח ל,גרמים,320.00,100 גרם,false,1,9.90,3.09,true,1,
7290107978453,false,קראנצוס גריל 55 גרם,,,קראנצוס גריל 55 גרם,גרמים,55.00,100 גרם,false,1,3.50,6.36,true,1,
7290107978460,false,קראנצוס פלאפל 55 גרם,,,קראנצוס פלאפל 55 גרם,גרמים,55.00,100 גרם,false,1,3.50,6.36,true,1,
7290108350128,false,סנו סושי 40 שקיות אשפה חזקות במיוחד,,,סנו סושי 40 שקיות אש,Unknown,0.00,Unknown,false,1,23.90,23.90,true,1,
7290108350548,false,ספארק נוזל כלים לבנדר+משאבה 1 ל,,,ספארק נוזל כלים לבנד,מיליליטרים,1000.00,"100 מ""ל",false,1,13.50,1.35,true,1,
7290108350616,false,מרכך כביסה מקסימה סופר מרוכ bluo blossom,,,מרכך כביסה מקסימה סו,מיליליטרים,1000.00,"100 מ""ל",false,1,13.90,1.39,true,1,
7290108351156,false,נוזל לנ.כללי ורצפות+חומץ סנו גט+ 1.5 ל,,,נוזל לנ.כללי ורצפות+,ליטרים,0.00,ליטר,false,1,16.90,16.90,true,1,
7290108351514,false,מרכך כביסה BLUE BLOSSOM סנו מקסימה 4 ל,,,מרכך כביסה BLUE BLOS,ליטרים,0.00,ליטר,false,1,17.90,17.90,true,1,
7290108351613,false,סנו ריצפז פרש הום בניחוח מלון חלומי 2 ל,,,סנו ריצפז פרש הום בנ,ליטרים,0.00,ליטר,false,1,14.90,14.90,true,1,
7290108352436,false,סנובון מוצק בניחוח נגוליה ונרולי שלישייה,,IL,סנובון מוצק בניחוח נ,יחידה,1.00,יחידה,false,1,16.90,16.90,true,1,
7290108352528,false,"מתז לחיטוי וניקוי אמבטיה  99.9% 750 מ""ל",,,מתז לחיטוי וניקוי אמ,מיליליטרים,750.00,"100 מ""ל",false,1,18.90,2.52,true,1,
7290108352795,false,שקיות סנו סושי M זיפר 50 יח,,,שקיות סנו סושי M זיפ,Unknown,0.00,Unknown,false,1,14.60,14.60,true,1,
7290108352801,false,שקיות אשפה סנו סושי לפחים קטנים 100 יח,,,שקיות אשפה סנו סושי,Unknown,0.00,Unknown,false,1,17.90,17.90,true,1,
7290108353549,false,נייר אפייה סנו סושי 100 יח,,IL,נייר אפייה סנו סושי,Unknown,0.00,Unknown,false,1,19.90,19.90,true,1,
7290108353648,false,שקיות אוכל מנייר סנו סושי 70 יח,,IL,שקיות אוכל מנייר סנו,יחידה,1.00,יחידה,false,1,13.50,13.50,true,1,
7290108353709,false,שחורות כפפות סנו סושי S ניטריל 80 יח,,,שחורות כפפות סנו סוש,Unknown,0.00,Unknown,false,1,29.90,29.90,true,1,
7290108353839,false,שחורות כפפות סנו סושי M ניטריל 80 יח,,,שחורות כפפות סנו סוש,Unknown,0.00,Unknown,false,1,29.90,29.90,true,1,
7290108353846,false,שחורות כפפות סנו סושי L ניטריל 80 יח,,,שחורות כפפות סנו סוש,Unknown,0.00,Unknown,false,1,29.90,29.90,true,1,
7290108354034,false,"סבון ידיים קרמה חמאת שיאה וקוקוי 300 מ""ל",,IL,סבון ידיים קרמה חמאת,מיליליטרים,300.00,"100 מ""ל",false,1,12.50,4.17,true,1,
7290108354270,false,CALMמרכך כביסה מקסימה מרוכז 1 ל,,,CALMמרכך כביסה מקסימ,מיליליטרים,1000.00,"100 מ""ל",false,1,16.90,1.69,true,1,
7290108355208,false,שמפו נ.פורמולה קרטין אינטנס לקשקשים 400,,,שמפו נ.פורמולה קרטין,מיליליטרים,400.00,"100 מ""ל",false,1,34.50,8.63,true,1,
7290108356113,false,"תחליב רחצה כיף דבש 700 מ""ל",,IL,תחליב רחצה כיף דבש 7,מיליליטרים,700.00,"100 מ""ל",false,1,13.50,1.93,true,1,
7290108356199,false,אל סבון כיף בניחוח אפרסק ופלפל שחור 1 ל,,IL,אל סבון כיף בניחוח א,ליטרים,0.00,ליטר,false,1,15.20,15.20,true,1,
7290108356854,false,מגבונים בייבי כיף חמישייה מבושם,,,מגבונים בייבי כיף חמ,Unknown,0.00,Unknown,false,1,21.90,21.90,true,1,
7290108357028,false,"תחליב רחצה כיף ורד ושמן קוקוי 700 מ""ל",,IL,תחליב רחצה כיף ורד ו,מיליליטרים,700.00,"100 מ""ל",false,1,13.50,1.93,true,1,
7290108357271,false,סנובון מוצק בניחוח כח החמצן שלישייה,,,סנובון מוצק בניחוח כ,מיליליטרים,0.00,"100 מ""ל",false,1,13.50,13.50,true,1,
7290108357837,false,כיף אלסבון שקית מילוי + פקק 1 ליטר גנסי,,IL,כיף אלסבון שקית מילו,Unknown,0.00,Unknown,false,1,10.90,10.90,true,1,
7290108501346,false,גבינה גאודה מגורדת 28% 500 גר,,,גבינה גאודה מגורדת 2,גרמים,500.00,100 גרם,false,1,24.90,4.98,true,1,
7290108502381,false,"תחתיות לפיצה מנת השף קוטר 26 ס""מ 480 גר",,,תחתיות לפיצה מנת השף,גרמים,480.00,100 גרם,false,1,13.90,2.90,true,1,
7290108502862,false,מלפפונים כבושים במלח 18-25 קטנים  600 גר,,,מלפפונים כבושים במלח,גרמים,600.00,100 גרם,false,1,10.40,1.73,true,1,
7290108503067,false,פרמזנו משולש 150 גרם,,,פרמזנו משולש 150 גרם,גרמים,150.00,100 גרם,false,1,16.70,11.13,true,1,
7290108503814,false,גבינה מותכת למריחה 200 גר,,FI,גבינה מותכת ויאולה,גרמים,200.00,100 גרם,false,1,12.50,6.25,true,1,
7290108504378,false,גבינת שמנת עם זיתים 200 גר,,DE,גבינת שמנת עם זיתים,גרמים,200.00,100 גרם,false,1,13.50,6.75,true,1,
7290108505153,false,יוגורט יווני 10% שומן 150 גרם,,GR,יוגורט בטעם טבעי,גרמים,150.00,100 גרם,false,1,6.20,4.13,true,1,
7290108505207,false,יוגורט ען אוכמניות 0% שומן 150 גרם,,GR,יוגורט עם אוכמניות,גרמים,150.00,100 גרם,false,1,6.20,4.13,true,1,
7290108505214,false,יוגורט עם אפרסק 0% שומן 150 גרם,,GR,יוגורט עם אפרסק,גרמים,150.00,100 גרם,false,1,6.20,4.13,true,1,
7290108505719,false,גבינת קשקבל חצי קשה 25% 200 גרם,,TR,גבינת קשקבל חצי קשה,גרמים,200.00,100 גרם,false,0,12.90,6.45,true,1,
7290108506426,false,סימיט - בייגלה קפוא 400 גרם,,TR,סימיט - בייגלה קפוא,גרמים,400.00,100 גרם,false,1,19.80,4.95,true,1,
7290108508499,false,"איירן משקה יוגורט בסגנון טורקי 293 מ""ל",,TR,איירן משקה יוגורט בס,מיליליטרים,293.00,"100 מ""ל",false,1,6.50,2.22,true,1,
7290108509625,false,זיתים ירוקים ופלפל על הגריל מגולענ 730 ג,,TR,זיתים ירוקים ופלפל ע,גרמים,730.00,100 גרם,false,1,24.90,3.41,true,1,
7290108509793,false,גלילי וופל במילוי שוקולד מריר 400 גר,,GR,גלילי וופל במילוי שו,גרמים,400.00,100 גרם,false,1,16.90,4.23,true,1,
7290108509816,false,גבינת בייבי מוצרלה 22 שומן 22% 200 גרם,,,גבינת בייבי מוצרלה 2,גרמים,200.00,100 גרם,false,0,16.70,8.35,true,1,
7290109351025,false,מלך חומוס חומוסטחינה צבר 400 גר,,,מלך חומוס חומוסטחינה,גרמים,400.00,100 גרם,false,1,14.60,3.65,true,1,
7290109354101,false,לחמית ללא גלוטן 200 גרם,,,לחמית ללא גלוטן,גרמים,200.00,100 גרם,false,1,11.40,5.70,true,1,
7290109358765,false,קראנץ רולס 450 גרם,,,קראנץ רולס 450 גרם,גרמים,450.00,100 גרם,false,1,23.50,5.22,true,1,
7290109640204,false,גוש בסגנון חלומי 18% משומשו 250 גרם,,,גוש בסגנון חלומי 18%,גרמים,250.00,100 גרם,false,1,21.90,8.76,true,1,
7290109640778,false,מאפה פילאס בסגנון בשר טבעוני 600 גרם,,,מאפה פילאס בסגנון בש,גרמים,600.00,100 גרם,false,1,26.90,4.48,true,1,
7290109920672,false,"אבקה למדיח הפי יעקבי 1.4 ק""ג",,,אבקה למדיח הפי יעקבי,קילוגרמים,0.00,"ק""ג",false,1,30.70,30.70,true,1,
7290109920740,false,מרכך כביסה מרוכז לבנדר הפי 1 ליטר,,,מרכך כביסה מרוכז לבנ,מיליליטרים,1000.00,"100 מ""ל",false,1,14.90,1.49,true,1,
7290109921334,false,דפי כביסה אידיאל 15 יח,,ES,דפי כביסה אידיאל 15,Unknown,0.00,Unknown,false,1,18.80,18.80,true,1,
7290109921976,false,גל כביסה תינוק סופר לבן 2.5 ליטר,,,גל כביסה תינוק סופר,ליטרים,0.00,ליטר,false,1,24.90,24.90,true,1,
7290110110369,false,שישיית בירה קרלסברג LUMA בקבוק 330 מל,,IL,שישיית בירה קרלסברג,מיליליטרים,1980.00,"100 מ""ל",false,1,34.90,1.76,true,1,
7290110114787,false,מים נביעות  בטעם תפו,,IL,מים נביעות  בטעם תפו,ליטרים,0.00,ליטר,false,1,9.10,9.10,true,1,
7290110114794,false,מים נביעות 1.5 ליטר,,IL,מים נביעות 1.5 ליטר,ליטרים,0.00,ליטר,false,1,9.10,9.10,true,1,
7290110114800,false,מים נביעות בטעם ענבי,,IL,מים נביעות בטעם ענבי,ליטרים,0.00,ליטר,false,1,9.10,9.10,true,1,
7290110114855,false,שישיית מים נביעות,,IL,שישיית מים נביעות,ליטרים,0.01,ליטר,false,1,12.70,1270.00,true,1,
7290110114893,false,פריגת סחוט טרי תפוז 2 ליטר,,,פריגת סחוט טרי תפוז,ליטרים,0.00,ליטר,false,1,28.30,28.30,true,1,
7290110114985,false,פריגת אשכוליות 1.5 ל,,IL,פריגת אשכוליות 1.5 ל,ליטרים,0.00,ליטר,false,1,8.90,8.90,true,1,
7290110115005,false,פריגת ענבים 1.5 ליטר,,IL,פריגת ענבים 1.5 ליטר,ליטרים,0.00,ליטר,false,1,8.90,8.90,true,1,
7290110115029,false,פריגת תפוחים 1.5 ליט,,IL,פריגת תפוחים 1.5 ליט,ליטרים,0.00,ליטר,false,1,8.90,8.90,true,1,
7290110115036,false,פריגת מנגו 1.5 ליטר,,IL,פריגת מנגו 1.5 ליטר,ליטרים,0.00,ליטר,false,1,8.90,8.90,true,1,
7290110115265,false,ספרייט לימון- ליים 1,,IL,ספרייט לימון- ליים 1,ליטרים,0.00,ליטר,false,1,8.90,8.90,true,1,
7290110115272,false,ספרייט ZERO בקבוק 1.,,IL,ספרייט ZERO בקבוק 1.,ליטרים,0.00,ליטר,false,1,8.90,8.90,true,1,
7290110115289,false,ספרייט לימון- נענע 1,,IL,ספרייט לימון- נענע 1,ליטרים,0.00,ליטר,false,1,8.90,8.90,true,1,
7290110115364,false,קוקה קולה שישייה 1.5,,IL,קוקה קולה שישייה 1.5,ליטרים,0.01,ליטר,false,1,49.90,4990.00,true,1,
7290110115371,false,קוקה קולה דיאט שישיי,,IL,קוקה קולה דיאט שישיי,ליטרים,0.01,ליטר,false,1,46.90,4690.00,true,1,
7290110115395,false,ספרייט ZERO שישייה 1,,IL,ספרייט ZERO שישייה 1,ליטרים,0.01,ליטר,false,1,46.90,4690.00,true,1,
7290110115401,false,קינלי סודה  שישייה 1,,IL,קינלי סודה  שישייה 1,ליטרים,0.01,ליטר,false,1,14.70,1470.00,true,1,
7290110115418,false,קוקה קולה דיאט ZERO,,IL,קוקה קולה דיאט ZERO,ליטרים,0.01,ליטר,false,1,46.90,4690.00,true,1,
7290110115463,false,תה פיוז אפרסק 1.5 לי,,IL,תה פיוז אפרסק 1.5 לי,ליטרים,0.00,ליטר,false,1,9.00,9.00,true,1,
7290110115517,false,שישיית קוקה קולה 2 ל,,IL,שישיית קוקה קולה 2 ל,ליטרים,0.01,ליטר,false,1,56.60,5660.00,true,1,
7290110115593,false,פריגת אשכוליות 19 קל,,IL,פריגת אשכוליות 19 קל,ליטרים,0.00,ליטר,false,1,8.50,8.50,true,1,
7290110115616,false,פיוז טי זירו גרין אננס 1.5 ליטר,,IL,פיוז טי זירו גרין אנ,ליטרים,0.00,ליטר,false,1,8.90,8.90,true,1,
7290110115623,false,פיוז טי זירו אפרסק 1.5 ליטר,,IL,פיוז טי זירו אפרסק 1,ליטרים,0.00,ליטר,false,1,8.90,8.90,true,1,
7290110115845,false,קוקה קולה 1.5 ליטר,,,קוקה קולה 1.5 ליטר,ליטרים,0.00,ליטר,false,1,8.90,8.90,true,1,
7290110115869,false,קוקה קולה  1.5 ליטר ZERO,,IL,קוקה קולה  1.5 ליטר,ליטרים,0.00,ליטר,false,1,8.50,8.50,true,1,
7290110115975,false,קוקה ZERO  ליטר,,,קוקה קולה זירו 1 ליט,מיליליטרים,1000.00,"100 מ""ל",false,1,6.90,0.69,true,1,
7290110320850,false,פתיתי עמק 200 גר,,,פתיתי עמק 200 גר,גרמים,200.00,100 גרם,false,1,14.90,7.45,true,1,
7290110320867,false,פתיתי עמק למאפים 28% 500 גר,,,פתיתי עמק למאפים 28%,גרמים,500.00,100 גרם,false,1,34.90,6.98,true,1,
7290110321031,false,יופלה 200 מל GO,,,יופלה 200 מל GO,מיליליטרים,200.00,"100 מ""ל",false,1,5.40,2.70,true,1,
7290110321277,false,קוטג בקטנה 5% 100 גר,,,קוטג בקטנה 5% 100 גר,גרמים,100.00,100 גרם,false,1,2.60,2.60,true,1,
7290110321697,false,יופלה אפרסק 200 מל GO,,,יופלה אפרסק GO,מיליליטרים,200.00,"100 מ""ל",false,1,5.70,2.85,true,1,
7290110321703,false,יופלה GO פירות יער 200 מל,,,יופלה GO פירות יער 2,מיליליטרים,200.00,"100 מ""ל",false,1,5.70,2.85,true,1,
7290110322014,false,טופו טבעי 300 גר,,,טופו טבעי 300 גר,גרמים,300.00,100 גרם,false,1,11.50,3.83,true,1,
7290110322946,false,יופלה טיוב במרקם חלק תות בננה 348 גר,,,יופלה טיוב במרקם חלק,גרמים,348.00,100 גרם,false,1,12.50,3.59,true,1,
7290110323301,false,גבינה טל העמק 32% 200 גר,,IL,גבינה טל העמק 32% 20,גרמים,200.00,100 גרם,false,1,18.50,9.25,true,1,
7290110323585,false,יוגורט עם דובדבן מופחת שומן 200 מל GO,,IL,יוגורט עם דובדבן מופ,מיליליטרים,200.00,"100 מ""ל",false,1,5.70,2.85,true,1,
7290110323592,false,יוגורט עם אפרסק מופחת שומן 200 מל GO,,IL,יוגורט עם אפרסק מופח,מיליליטרים,200.00,"100 מ""ל",false,1,5.70,2.85,true,1,
7290110324353,false,יופלה אננס לייט 200 מל GO,,IL,יופלה גו אננס לייט,מיליליטרים,200.00,"100 מ""ל",false,1,5.70,2.85,true,1,
7290110324841,false,מעדן שקדים עם שוקולד מריר 125 גרם,,IL,מעדן שקדים עם שוקולד,גרמים,125.00,100 גרם,false,1,5.00,4.00,true,1,
7290110324926,false,משקה סויה ללא תוספת סוכר 1 ליטר,,,משקה סויה ללא תוספת,מיליליטרים,1000.00,"100 מ""ל",false,1,10.90,1.09,true,1,
7290110325312,false,מעדן סויה גו 20 גר חלבון תות 200 גר,,IL,מעדן סויה גו 20 גר ח,גרמים,200.00,100 גרם,false,1,5.70,2.85,true,1,
7290110325619,false,מאגדת זוג משקה שקדים 2*1 ליטר,,IL,משקה שיבולת שועל 1 ל,ליטרים,0.00,ליטר,false,1,12.90,12.90,true,1,
7290110326210,false,יופלה און טופ פצפוצים 157 גרם,,,יופלה און טופ פצפוצי,גרמים,157.00,100 גרם,false,1,5.50,3.50,true,1,
7290110326227,false,יופלה און טופ קורנפלקס 157 גרם,,,יופלה און טופ קורנפל,גרמים,157.00,100 גרם,false,1,5.50,3.50,true,1,
7290110326234,false,יופלה און טופ פצפוצים 157 גרם,,,יופלה און טופ כוכבים,גרמים,157.00,100 גרם,false,1,5.50,3.50,true,1,
7290110327514,false,משקה שיבולת שועל בטעם אגוזי לוז 1 ליטר,,,משקה שיבולת שועל בטע,מיליליטרים,1000.00,"100 מ""ל",false,1,12.90,1.29,true,1,
7290110327545,false,יופלה און טופ תות עם פצפוצי שוקולד 157 ג,,,יופלה און טופ תות עם,גרמים,157.00,100 גרם,false,1,5.20,3.31,true,1,
7290110328627,false,יוגורט סמיך בננה קרמל 0% 200 מל GO,,,יוגורט גו סמיך בננה,מיליליטרים,200.00,"100 מ""ל",false,1,5.90,2.95,true,1,
7290110328764,false,יוגורט סמיך תות 0% 200 מל GO,,,יוגורט גו סמיך תות,מיליליטרים,200.00,"100 מ""ל",false,1,5.90,2.95,true,1,
7290110328771,false,יוגורט סמיך פירות יער 0% 200 מל GO,,,יוגורט גו סמיך פירות,מיליליטרים,200.00,"100 מ""ל",false,1,5.90,2.95,true,1,
7290110328788,false,יוגורט סמיך אפרסק 0% 200 מל GO,,,יוגורט גו סמיך אפרסק,מיליליטרים,200.00,"100 מ""ל",false,1,5.90,2.95,true,1,
7290110329792,false,סויה BIO אפרסק גביע Alternative 150 גרם,,IL,סויה BIO אפרסק גביע,גרמים,150.00,100 גרם,false,1,4.80,3.20,true,1,
7290110329846,false,סויה BIO טבעי גביע Alternative 150 גרם,,IL,סויה BIO טבעי גביע A,גרמים,150.00,100 גרם,false,1,4.80,3.20,true,1,
7290110550363,false,משולשות קינואה ומלח ים 65 גרם,,IL,משולשות קינואה ומלח,גרמים,65.00,100 גרם,false,1,12.10,18.62,true,1,
7290110552121,false,היוגורט הראשון שלי 100 גרם,,,היוגורט הראשון שלי 1,גרמים,100.00,100 גרם,false,1,2.50,2.50,true,1,
7290110552220,false,דנונה פרו תות 20 ג חלבון ללא סוכר 200 גר,,,דנונה פרו תות 20 ג ח,גרמים,200.00,100 גרם,false,1,4.20,2.10,true,1,
7290110552237,false,דנונה פרו אפרסק מנגו 20 ג ללא סוכר 200 ג,,,דנונה פרו אפרסק מנגו,גרמים,200.00,100 גרם,false,1,4.20,2.10,true,1,
7290110554583,false,מארז ציטוס פאפס גבינה 10 * 20 גר,,IL,מארז ציטוס פאפס גבינ,גרמים,200.00,100 גרם,false,1,15.60,7.80,true,1,
7290110555078,false,לאבנה עם שמן זית ועשבי תיבול 250 גרם,,IL,לאבנה עם שמן זית ועש,גרמים,250.00,100 גרם,false,1,11.90,4.76,true,1,
7290110556242,false,שוקולד מריר פרווה  חדש 100 גרם,,,שוקולד מריר פרווה  ח,גרמים,100.00,100 גרם,false,1,5.20,5.20,true,1,
7290110557102,false,מעדן חלב עם שוקולד מועשר בחלבון 150 גרם,,IL,מעדן חלב עם שוקולד,גרמים,150.00,100 גרם,false,1,5.50,3.67,true,1,
7290110557317,false,היוגורט הראשון שלי 100 גרם,,IL,היוגורט הראשון שלי 1,גרמים,172.00,100 גרם,false,1,2.50,1.45,true,1,
7290110557478,false,חומוס גלילי אחלה 600 גרם,,,חומוס גלילי אחלה 600,גרמים,600.00,100 גרם,false,1,12.90,2.15,true,1,
7290110558130,false,יוגורט אקטיביה שיבולת שועל ודבש 150 גרם,,IL,יוגורט אקטיביה שיבול,גרמים,150.00,100 גרם,false,1,4.60,3.07,true,1,
7290110558154,false,דנונה לייט אנד פריי עוגת תפוחים  150 גרם,,IL,דנונה לייט אנד פריי,גרמים,150.00,100 גרם,false,1,5.40,3.60,true,1,
7290110558222,false,דנונה WOW בנופי שומן 150 גרם,,,דנונה WOW בנופי שומן,גרמים,150.00,100 גרם,false,1,4.60,3.07,true,1,
7290110558253,false,דנונה ריפרש בננה אננס וציה 250 גרם,,IL,דנונה ריפרש בננה אננ,מיליליטרים,250.00,"100 מ""ל",false,1,6.50,2.60,true,1,
7290110558284,false,דנונה ביו מולטי 200 גרם,,,דנונה ביו מולטי 200,גרמים,200.00,100 גרם,false,1,4.50,2.25,true,1,
7290110558314,false,דנונה פרו פיסטוק 20 ג ללא סוכר 200 ג,,,דנונה פרו פיסטוק 20,גרמים,200.00,100 גרם,false,1,4.20,2.10,true,1,
7290110558338,false,דנונה פרו 25 ג חלבון 200 גרם,,IL,דנונה פרו 25 ג חלבון,גרמים,200.00,100 גרם,false,1,4.20,2.10,true,1,
7290110560300,false,פריכיות משולשות אנרגי פלפל שחור 30 גר,,IL,פריכיות משולשות אנרג,גרמים,30.00,100 גרם,false,1,4.90,16.33,true,1,
7290110560317,false,פריכיות משולשות אנרגי מלח ים 30 גר,,IL,פריכיות משולשות אנרג,גרמים,30.00,100 גרם,false,1,4.90,16.33,true,1,
7290110560324,false,פריכיות משולשות אנרגי אפונה ירוקה 30 גר,,IL,פריכיות משולשות אנרג,גרמים,30.00,100 גרם,false,1,4.90,16.33,true,1,
7290110561352,false,דנונה דל לקטוז 200 גרם,,,דנונה דל לקטוז,גרמים,200.00,100 גרם,false,1,3.50,1.75,true,1,
7290110561604,false,מארז שמינייה גמדים תות בננה 800 גר,,,מארז שמינייה גמדים,גרמים,800.00,100 גרם,false,1,20.90,2.61,true,1,
7290110564742,false,משקה קפה קר 1.2% חזק 230 מל,,IL,משקה קפה קר 1.2% חזק,מיליליטרים,230.00,"100 מ""ל",false,1,8.30,3.61,true,1,
7290110565527,false,דנונה פרו 20 גרם חלבון 1.5% 200 גר,,,דנונה פרו 20 גרם חלב,גרמים,200.00,100 גרם,false,1,4.20,2.10,true,1,
7290110566975,false,דנונה פרו תות 20 גרם 12 יח,,,דנונה פרו תות 20 גרם,גרמים,200.00,100 גרם,false,1,4.20,2.10,true,1,
7290110568276,false,משקה פרו וניל יטבתה 350 מל,,,משקה פרו וניל יטבתה,מיליליטרים,350.00,"100 מ""ל",false,1,6.50,1.86,true,1,
7290111092985,false,בייביסיטר מגבונים מ. מעוצב ללא בישום 4 י,,,בייביסיטר מגבונים מ.,Unknown,0.00,Unknown,false,1,16.90,16.90,true,1,
7290111094248,false,שקיות אשפה קוויק XL עם שרוך 20 יח,,TR,שקיות אשפה קוויק XL,יחידה,1.00,יחידה,false,1,23.90,23.90,true,1,
7290111094361,false,XL קוויק שקיות אשפה עם ידית 25 יח,,TR,L קוויק שקיות אשפה ע,יחידה,1.00,יחידה,false,1,13.90,13.90,true,1,
7290111098703,false,מארז מסכות פנים 50 יח,,CN,מארז מסכות פנים 50 י,יחידה,1.00,יחידה,false,1,9.90,9.90,true,1,
7290111340109,false,מגן תחתון דיפנד אקטיב לנשים 22 יח,,CZ,מגן תחתון דיפנד אקטי,Unknown,0.00,Unknown,false,1,20.90,20.90,true,1,
7290111340178,false,מטל.לחות לניקוי כללי בנ.מרכך כביסה 50 יח,,,מטל.לחות לניקוי כללי,Unknown,0.00,Unknown,false,1,10.90,10.90,true,1,
7290111340956,false,מט.לחות ניקול לנ.רצפה פריחה לבנה 10 יח,,,מט.לחות ניקול לנ.רצפ,Unknown,0.00,Unknown,false,1,10.90,10.90,true,1,
7290111341373,false,לילי נייר פסטל 30 גלילים,,,לילי נייר פסטל 30 גל,מטרים,588.00,מטר,false,1,34.90,0.06,true,1,
7290111341496,false,תחבושות דיפנד מיני אקטיב לנשים 14 יח,,CZ,תחבושות דיפנד מיני א,Unknown,0.00,Unknown,false,1,20.90,20.90,true,1,
7290111341984,false,נייר טואלט לילי לח מארז רביעייה,,IL,נייר טואלט לילי לח מ,Unknown,0.00,Unknown,false,1,20.00,20.00,true,1,
7290111343117,false,ממחטות אף קלינקס לושן סופט פק 140 דף,,,ממחטות אף קלינקס לוש,Unknown,0.00,Unknown,false,1,13.90,13.90,true,1,
7290111344527,false,זוג שקיות אשפה ניקול שחורות XXL 10 יח,,,זוג שקיות אשפה ניקול,Unknown,0.00,Unknown,false,1,24.90,24.90,true,1,
7290111344916,false,כרית יפנית אנטיבקטריאלי שישיה,,IL,כרית יפנית אנטיבקטרי,Unknown,0.00,Unknown,false,1,14.60,14.60,true,1,
7290111345814,false,לילי נייר טואלט נטורל קר 30 גלילים,,,לילי נייר טואלט נטור,מטרים,588.00,מטר,false,1,41.90,0.07,true,1,
7290111350665,false,דבש לחיץ קליית גת 350 גר,,,דבש לחיץ קליית גת 35,גרמים,350.00,100 גרם,false,1,23.90,6.83,true,1,
7290111350726,false,חטיף נאצוס הוטפופ בסגנון מקסיקני 322 גר,,US,חטיף נאצוס הוטפופ בס,גרמים,322.00,100 גרם,false,1,15.90,4.94,true,1,
7290111354335,false,מיני מרשמלו יוגטה בטעם וניל 30 גר,,,מיני מרשמלו יוגטה בט,גרמים,30.00,100 גרם,false,1,2.20,7.33,true,1,
7290111564277,false,פריכיות פיטנס שלושה דגנים דקות 120 גר,,,פריכיות פיטנס שלושה,גרמים,120.00,100 גרם,false,1,10.50,8.75,true,1,
7290111566318,false,שניצל דק טבעול 564 גר,,,שניצל דק טבעול 564 ג,גרמים,564.00,100 גרם,false,1,31.90,5.66,true,1,
7290111566776,false,נקניקיות קוקטייל צמחוניות טבעול 680 גר,,,נקניקיות קוקטייל צמח,גרמים,680.00,100 גרם,false,1,31.50,4.63,true,1,
7290111568466,false,"רוטב אסייתי למוקפץ אסם 290 מ""ל",,,רוטב אסייתי למוקפץ א,מיליליטרים,290.00,"100 מ""ל",false,1,14.60,5.03,true,1,
7290111568961,false,בייגלה טבעות מלח 400 גרם,,,בייגלה טבעות מלח 400,גרמים,400.00,100 גרם,false,1,9.90,2.48,true,1,
7290111930799,false,קראנצוס בצל 55 גרם,,,קראנצוס בצל 55 גרם,גרמים,55.00,100 גרם,false,1,3.50,6.36,true,1,
7290111930805,false,קראנצוס ברביקיו 55 גרם,,,קראנצוס ברביקיו 55 ג,גרמים,55.00,100 גרם,false,1,3.50,6.36,true,1,
7290111930850,false,קראנצוס פיצה 55 גרם,,,קראנצוס פיצה 55 גרם,גרמים,55.00,100 גרם,false,1,3.50,6.36,true,1,
7290111930898,false,חטיף פוף כוכבים גריל אמריקאי 40 גרם,,,חטיף פוף כוכבים גריל,גרמים,40.00,100 גרם,false,1,4.60,11.50,true,1,
7290111930911,false,חטיף פוף לבבות קלאסי 40 גרם,,,חטיף פוף לבבות קלאסי,גרמים,40.00,100 גרם,false,1,4.60,11.50,true,1,
7290111933462,false,"רוטב צילי מתוק מאסטר שף 300 מ""ל",,,רוטב צילי מתוק מאסטר,מיליליטרים,300.00,"100 מ""ל",false,1,10.90,3.63,true,1,
7290111936487,false,מש.שיניים קולגייט טוטל להלבנה 100 מל זוג,,PL,מש.שיניים קולגייט טו,מיליליטרים,100.00,"100 מ""ל",false,1,29.90,29.90,true,1,
7290112000880,false,מגבונים דטול למטבח 60 יח,,PL,מגבונים דטול למטבח 6,Unknown,0.00,Unknown,false,1,15.60,15.60,true,1,
7290112001436,false,"מנקה מדיח פיניש לימון 250 מ""ל",,PL,מנקה מדיח פיניש לימו,מיליליטרים,250.00,"100 מ""ל",false,1,14.90,5.96,true,1,
7290112002136,false,גל כביסה קולון מרוכז כחול 4 ל,,IL,גל כביסה קולון מרוכז,ליטרים,0.00,ליטר,false,1,36.50,36.50,true,1,
7290112005045,false,וניש אבקת כביסה לבנה 480 גרם,,IT,וניש אבקת כביסה לבנה,יחידה,1.00,יחידה,false,1,18.80,18.80,true,1,
7290112005076,false,וניש אבקת כביסה צבעונית 480 גרם,,IT,וניש אבקת כביסה צבעו,יחידה,1.00,יחידה,false,1,18.80,18.80,true,1,
7290112005083,false,וניש אבקת כביסה לצבעונית 1500 גרם,,IT,וניש אבקת כביסה לצבע,יחידה,1.00,יחידה,false,1,36.50,36.50,true,1,
7290112005168,false,טבליות למדיח פיניש קוואנטום לימון 60 יח,,PL,טבליות למדיח פיניש ק,Unknown,0.00,Unknown,false,1,64.90,64.90,true,1,
7290112330352,false,דנונה פרו וניל 20 גרם חלבון 0% 200 גר,,IL,דנונה פרו וניל 20 גר,גרמים,200.00,100 גרם,false,1,4.20,2.10,true,1,
7290112330390,false,דנונה פרו פירות יער 20 גרם חלבון 0% 200ג,,IL,דנונה פרו פירות יער,גרמים,200.00,100 גרם,false,1,4.20,2.10,true,1,
7290112334749,false,קפה עלית טורקי 200 גרם + 10% תוספת,,,קפה עלית טורקי 200 ג,גרמים,220.00,100 גרם,false,1,15.90,7.23,true,1,
7290112335494,false,פריכיות הטעימות פוטטוס אנרגי 135 גר,,IL,פריכיות הטעימות פוטט,גרמים,135.00,100 גרם,false,1,11.00,8.15,true,1,
7290112335500,false,פריכיות הטעימות חלבון אנרגי 135 גר,,IL,פריכיות הטעימות חלבו,גרמים,135.00,100 גרם,false,1,11.00,8.15,true,1,
7290112336712,false,דנונה פרו 21 גרם חלבון 0% 200 גר,,IL,דנונה פרו 21 גרם חלב,גרמים,200.00,100 גרם,false,1,4.20,2.10,true,1,
7290112339362,false,דנונה לייט  קפוצינו אנד פריי  150 גר,,IL,דנונה לייט אנד פריי,גרמים,150.00,100 גרם,false,1,5.40,3.60,true,1,
7290112339867,false,גמדים סקוויז תות 100 גר,,IL,גמדים סקוויז תות 100,גרמים,100.00,100 גרם,false,1,5.90,5.90,true,1,
7290112339874,false,גמדים סקוויז תות בננה 100 גר,,IL,גמדים סקוויז תות,גרמים,100.00,100 גרם,false,1,5.90,5.90,true,1,
7290112341556,false,יוגורט אקטיביה ציה ותות 150 גרם,,IL,יוגורט אקטיביה ציה ו,גרמים,150.00,100 גרם,false,1,4.60,3.07,true,1,
7290112342102,false,סימפוניה שום שמיר 5% 200 גר,,,סימפוניה בצל מקורמל,גרמים,200.00,100 גרם,false,1,11.00,5.50,true,1,
7290112343260,false,יטבתה רוטב שמנת עם פטריות 9% 250 גר,,,יטבתה רוטב שמנת עם פ,גרמים,260.00,100 גרם,false,1,10.90,4.19,true,1,
7290112343420,false,"משקה חלב עם דגנים ובננה 350 מ""ל",,IL,משקה חלב עם דגנים וב,מיליליטרים,350.00,"100 מ""ל",false,1,7.50,2.14,true,1,
7290112344755,false,מילקי מופחת סוכר 133 גרם,,,מילקי מופחת סוכר 133,גרמים,133.00,100 גרם,false,1,2.90,2.18,true,1,
7290112346629,false,יוגורט עם קורנפלקס מצופה שוקולד 172 גר,,IL,יוגורט עם קורנפלקס מ,גרמים,172.00,100 גרם,false,1,4.30,2.50,true,1,
7290112346773,false,דנונה לייט אנד פריי וניל עם חלבון 150 גר,,IL,דנונה לייט אנד פריי,גרמים,150.00,100 גרם,false,1,5.40,3.60,true,1,
7290112347008,false,גמדים סקוויז תות בננה 100 גר,,IL,גמדים סקוויז תות בננ,גרמים,100.00,100 גרם,false,1,5.90,5.90,true,1,
7290112349606,false,דניאלה תות בננה 88 גרם,,,דניאלה תות בננה 88 ג,גרמים,88.00,100 גרם,false,1,3.90,4.43,true,1,
7290112349736,false,רוטב עגבניות לפסטה בזיליקום יד מרדכי 350,,IT,רוטב עגבניות לפסטה ב,גרמים,350.00,100 גרם,false,1,13.50,3.86,true,1,
7290112349743,false,רוטב עגבניות לפסטה פיקנטי ארביאטה 350 גר,,IT,רוטב עגבניות לפסטה פ,גרמים,350.00,100 גרם,false,1,13.50,3.86,true,1,
7290112355027,false,דנונה פרו 20 גרם חלבון קרמל מלוח 200 גרם,,,דנונה פרו 20 גרם חלב,גרמים,200.00,100 גרם,false,1,4.20,2.10,true,1,
7290112355102,false,גמדים פאוץ סלט פירות 100 גר,,IL,גמדים פאוץ סלט פירות,גרמים,100.00,100 גרם,false,1,5.90,5.90,true,1,
7290112356536,false,קקאו עלית 150 גרם + 10%,,IL,קקאו עלית 150 גרם +,גרמים,165.00,100 גרם,false,1,9.50,5.76,true,1,
7290112357045,false,עגבניות איטלקיות מרוסקות טעם הטבע 390 גר,,IT,עגבניות איטלקיות מרו,גרמים,390.00,100 גרם,false,1,6.90,1.77,true,1,
7290112357069,false,מחית עגבניות איטלקיות טעם הטבע 500 גר,,IT,מחית עגבניות איטלקיו,גרמים,500.00,100 גרם,false,1,6.90,1.38,true,1,
7290112357113,false,גרגרי חומוס טעם הטבע קופסה 380 גר,,IT,גרגרי חומוס טעם הטבע,גרמים,380.00,100 גרם,false,1,7.30,1.92,true,1,
7290112358127,false,דנונה פרו 20 ג חלבון עם מגנזיום 200 גרם,,IL,דנונה פרו 20 ג חלבון,גרמים,200.00,100 גרם,false,1,6.40,3.20,true,1,
7290112358219,false,רוטב צילי מתוק יד מרדכי 300 גר,,,רוטב צילי מתוק יד מר,גרמים,300.00,100 גרם,false,1,14.60,4.87,true,1,
7290112490032,false,מרק קנור נמס בכוס תירס  45 גרם,,IL,מרק קנור נמס בכוס תי,גרמים,45.00,100 גרם,false,1,6.50,14.44,true,1,
7290112490209,false,מרק נמס בכוס עגבניות 56 גרם,,IL,מרק נמס בכוס עגבניות,גרמים,56.00,100 גרם,false,1,6.50,11.61,true,1,
7290112490230,false,מרק נמס בכוס אפונה 50 גרם,,IL,מרק נמס בכוס אפונה 5,גרמים,50.00,100 גרם,false,1,6.50,13.00,true,1,
7290112492593,false,תחליב רחצה פינוק בניחוח פינוק קלאסי 700,,IL,תחליב רחצה פינוק בני,מיליליטרים,700.00,"100 מ""ל",false,1,15.60,2.23,true,1,
7290112492753,false,"אל סבון פינוק לילדים 700 מ""ל",,IL,אל סבון פינוק לילדים,מיליליטרים,700.00,"100 מ""ל",false,1,12.90,1.84,true,1,
7290112493088,false,מרק קנור נמס בכוס עדשים 54 גרם,,,מרק קנור נמס בכוס עד,גרמים,54.00,100 גרם,false,1,7.50,13.89,true,1,
7290112493095,false,מרק קנור נמס בכוס עגבניות חריף 48 גרם,,,מרק קנור נמס בכוס עג,גרמים,48.00,100 גרם,false,1,6.90,14.38,true,1,
7290112494221,false,קליק ביסקוויט 65 גרם,,,קליק ביסקוויט 65 גרם,גרמים,65.00,100 גרם,false,1,5.70,8.77,true,1,
7290112494276,false,קליק כריות 65 גר,,,קליק כריות 65 גר,גרמים,65.00,100 גרם,false,1,5.70,8.77,true,1,
7290112494283,false,קליק חום לבן 65 גרם,,,קליק חום לבן 65 גרם,גרמים,65.00,100 גרם,false,1,5.70,8.77,true,1,
7290112494313,false,קליק קורנפלקס 65 גרם,,,קליק קורנפלקס 65 גרם,גרמים,65.00,100 גרם,false,1,5.70,8.77,true,1,
7290112494344,false,קורנפלקס של אלופים כספי 850 גרם,,,קורנפלקס של אלופים כ,גרמים,850.00,100 גרם,false,1,16.90,1.99,true,1,
7290112494351,false,קורנפלקס של אלופים 850 גרם,,,קורנפלקס של אלופים 8,גרמים,850.00,100 גרם,false,1,16.90,1.99,true,1,
7290112494825,false,"תרחיץ פנים דאב לעור רגיש 180 מ""ל",,,תרחיץ פנים דאב לעור,מיליליטרים,180.00,"100 מ""ל",false,1,16.90,9.39,true,1,
7290112495006,false,כריות נוגט 686 גרם - קופסא,,,כריות נוגט 686 גרם -,גרמים,686.00,100 גרם,false,1,24.90,3.63,true,1,
7290112495228,false,קורנפלקס דבש 448 גרם,,,קורנפלקס דבש 448 גרם,גרמים,448.00,100 גרם,false,1,17.90,4.00,true,1,
7290112495433,false,דליפקאן 400 גרם,,,דליפקאן 400 גרם,גרמים,400.00,100 גרם,false,1,17.90,4.48,true,1,
7290112496270,false,"פתית ציפס תפו""א עגבניות ועשבי תיבול 22 ג",,GB,"פתית ציפס תפו""א עגבנ",גרמים,22.00,100 גרם,false,1,5.80,26.36,true,1,
7290112496287,false,פתית ציפס בטטה בטעם טבעי 21 ג,,GB,פתית ציפס בטטה בטעם,גרמים,21.00,100 גרם,false,1,5.80,27.62,true,1,
7290112496294,false,פתית ציפס אפונה בתוספת צילי 22 ג,,GB,פתית ציפס אפונה בתוס,גרמים,22.00,100 גרם,false,1,5.80,26.36,true,1,
7290112497994,false,גרנולה פרוטאין בתוספת חלבון ואגוזים 300,,,גרנולה פרוטאין בתוספ,גרמים,300.00,100 גרם,false,1,19.80,6.60,true,1,
7290112498007,false,גרנולה פרוטאין ת.חלבון שקדים חמוציות 300,,,גרנולה פרוטאין ת.חלב,גרמים,300.00,100 גרם,false,1,19.80,6.60,true,1,
7290112962287,false,טבעול שווארמה טבעונית 450 גרם,,IL,טבעול שווארמה טבעוני,גרמים,450.00,100 גרם,false,1,31.90,7.09,true,1,
7290112963918,false,פיטנס קרקר דק רוזמרין 140 גרם,,IL,פיטנס קרקר דק רוזמרי,גרמים,140.00,100 גרם,false,1,7.90,5.64,true,1,
7290112964410,false,"רוטב אלף האיים לסלט 290 מ""ל אסם",,IL,רוטב אלף האיים לסלט,מיליליטרים,290.00,"100 מ""ל",false,1,12.50,4.31,true,1,
7290112965240,false,זוג מרק נמס עגבניות 44 גרם,,IL,זוג מרק נמס עגבניות,גרמים,60.00,100 גרם,false,1,5.90,9.83,true,1,
7290112965288,false,זוג מרק נמס סוף ירקות 30 גרם,,IL,אסם זוג מרק נמס ירקו,גרמים,56.00,100 גרם,false,1,5.90,10.54,true,1,
7290112965684,false,פיטנס חטיף מולטיגריין ע.תיבול 25 גרם,,IL,פיטנס חטיף מולטיגריי,גרמים,25.00,100 גרם,false,1,4.90,19.60,true,1,
7290112967824,false,אסם בישולים מיקס קלאסי 200 גרם,,IL,בישולים מיקס קלאסי 2,גרמים,200.00,100 גרם,false,1,22.90,11.45,true,1,
7290112968821,false,פיטנס קרקר דק בטטה 140 גרם,,,פיטנס קרקר דק בטטה 1,גרמים,140.00,100 גרם,false,1,7.90,5.64,true,1,
7290113192317,false,טבעות זיתים מושחרים 280 גרם בית השיטה,,IL,טבעות זיתים מושחרים,גרמים,280.00,100 גרם,false,1,11.90,4.25,true,1,
7290113192348,false,זית ירוק  17-19 2A בית השיטה 340 גרם,,IL,זית ירוק  17-19 2A ב,גרמים,340.00,100 גרם,false,1,11.00,3.24,true,1,
7290113192355,false,זית חרוזית ירוק A2 בית השיטה 275 גרם,,,זית חרוזית ירוק A2 ב,גרמים,275.00,100 גרם,false,1,10.30,3.75,true,1,
7290113192362,false,זיתים ירוקים טבעות A2 בית השיטה 280 גרם,,IL,זיתים ירוקים טבעות A,גרמים,280.00,100 גרם,false,1,10.60,3.79,true,1,
7290113192478,false,מלפפונים במלח 10-12 בית השטה 320 גרם,,IL,מלפפונים במלח 10-12,גרמים,320.00,100 גרם,false,1,5.90,1.84,true,1,
7290113192485,false,מלפפונים בחומץ 10-12 בית השטה 320 גרם,,IL,מלפפונים בחומץ 10-12,גרמים,320.00,100 גרם,false,1,5.90,1.84,true,1,
7290113192539,false,מלפפון במלח  7-9 בית השיטה 320 גר,,IL,מלפפון במלח  7-9 בית,גרמים,320.00,100 גרם,false,1,6.90,2.16,true,1,
7290113192577,false,כרוב כבוש A2 בית השיטה 430 גרם,,IL,כרוב כבוש A2 בית השי,גרמים,430.00,100 גרם,false,1,8.20,1.91,true,1,
7290113193321,false,בית השיטה שמן זית כתית מעולה 750 מל,,IL,בית השיטה שמן זית כת,מיליליטרים,750.00,"100 מ""ל",false,1,34.50,4.60,true,1,
7290113195042,false,מלפפפון מלח כבישה ביתית 750 גרם,,,מלפפפון מלח כבישה בי,גרמים,750.00,100 גרם,false,1,31.50,4.20,true,1,
7290113196414,false,"אורז בסמטי שקדיה 1 ק""ג",,IN,אורז בסמטי שקדיה 1 ק,גרמים,1000.00,100 גרם,false,1,12.50,1.25,true,1,
7290113302303,false,חטיף בונזו סטיקים עם,,,חטיף בונזו סטיקים עם,Unknown,0.00,Unknown,false,1,9.90,9.90,true,1,
7290113302358,false,חטיפי בונזו עוף בצור,,,חטיפי בונזו עוף בצור,Unknown,0.00,Unknown,false,1,9.90,9.90,true,1,
7290114151665,false,"סבון ידיים שמן קוקוס עץ התה 500 מ""ל",,IL,סבון ידיים שמן קוקוס,מיליליטרים,500.00,"100 מ""ל",false,1,22.90,4.58,true,1,
7290114310215,false,שמנת מתוקה 38% 250 מל בקבוק,,IL,שמנת מתוקה 38% 250 מ,גרמים,250.00,100 גרם,false,1,6.18,2.47,true,1,
7290114310222,false,חלב מועשר בסידן וויטמין D 3% 1.5 ל,,IL,חלב מועשר בסידן וויט,מיליליטרים,1500.00,"100 מ""ל",false,1,11.50,0.77,true,1,
7290114310239,false,חלב נטול לקטוז מועשר בוויטמין D 2% 1.5 ל,,IL,חלב נטול לקטוז מועשר,מיליליטרים,1500.00,"100 מ""ל",false,1,11.50,0.77,true,1,
7290114310628,false,משקה חלב וניל עוגיות 1 ליטר,,,משקה חלב וניל עוגיות,מיליליטרים,1000.00,"100 מ""ל",false,1,11.20,1.12,true,1,
7290114310918,false,קוטג 5% 250 גרם,,,קוטג טרה 5% 250 גרם,גרמים,250.00,100 גרם,false,1,5.40,2.16,true,1,
7290114311298,false,יוגורט מולר פרופ בטעם תות בננה מלון 150,,IL,יוגורט מולר פרופ בטע,גרמים,150.00,100 גרם,false,1,5.00,3.33,true,1,
7290114311304,false,יוגורט מולר פרופ בטעם מנגו פסיפלורה בננה,,IL,יוגורט מולר פרופ בטע,גרמים,150.00,100 גרם,false,1,5.00,3.33,true,1,
7290114311359,false,יוגורט מולר פרופ בטעם מנגו 3% 150 גרם,,IL,יוגורט מולר פרופ בטע,גרמים,150.00,100 גרם,false,1,5.00,3.33,true,1,
7290114311458,false,חלב בקרטון מועשר ויטמין D 3% 1 ליטר,,,חלב בקרטון מועשר ויט,מיליליטרים,1000.00,"100 מ""ל",false,1,8.40,0.84,true,1,
7290114600941,false,מיונז לחיץ מאסטר שף 435 גרם,,NL,מיונז לחיץ מאסטר שף,גרמים,435.00,100 גרם,false,1,13.50,3.10,true,1,
7290114600996,false,"רוטב שום מאסטר שף 250 מ""ל",,NL,רוטב שום מאסטר שף 25,מיליליטרים,250.00,"100 מ""ל",false,1,9.90,3.96,true,1,
7290114604857,false,"דפי אורז 22 ס""מ 400 גרם",,,"דפי אורז 22 ס""מ 400",גרמים,400.00,100 גרם,false,1,10.90,2.73,true,1,
7290114608633,false,דפי אצה מאסטר שף 25 גרם,,,דפי אצה מאסטר שף 25,גרמים,25.00,100 גרם,false,1,12.50,50.00,true,1,
7290114608695,false,מיונז עם ווסאבי לחיץ מאסטר שף 241 גרם,,NL,מיונז עם ווסאבי לחיץ,גרמים,241.00,100 גרם,false,1,13.50,5.60,true,1,
7290114659949,false,מסכה לפנים חד פעמי 50 יח,,,מסכה לפנים חד פעמי 5,יחידה,1.00,יחידה,false,1,9.90,9.90,true,1,
7290115200003,false,אסם פתי בר פינוקי וניל 220 גרם,,,אסם פתי בר פינוקי ונ,גרמים,220.00,100 גרם,false,1,10.90,4.95,true,1,
7290115201680,false,ביסלי ברביקיו 70 גרם,,IL,ביסלי ברביקיו 70 גרם,גרמים,70.00,100 גרם,false,1,4.20,6.00,true,1,
7290115201727,false,ביסלי בצל 200 גרם,,IL,ביסלי בצל 200 גרם,גרמים,200.00,100 גרם,false,1,7.50,3.75,true,1,
7290115201741,false,ביסלי בטעם בצל 70 גרם,,IL,ביסלי בטעם בצל 70 גר,גרמים,70.00,100 גרם,false,1,4.20,6.00,true,1,
7290115202250,false,טבעול טופו קראנצי פיקנטי 470 גרם,,IL,טבעול טופו קראנצי,גרמים,470.00,100 גרם,false,1,36.50,7.77,true,1,
7290115202939,false,מנה חמה רייס נודלס עוף פטריות 50 גר,,,מנה חמה רייס נודלס ע,גרמים,50.00,100 גרם,false,1,9.40,18.80,true,1,
7290115203172,false,במבה פרו 80 גרם,,,במבה פרו 80 גרם,גרמים,80.00,100 גרם,false,1,4.30,5.38,true,1,
7290115204056,false,קטשופ אסם מופחת סוכר 690 גרם,,IL,קטשופ אסם מופחת סוכר,גרמים,690.00,100 גרם,false,1,10.00,1.45,true,1,
7290115205176,false,פיטנס קרקר כפרי 140 גרם,,IL,פיטנס קרקר כפרי 140,גרמים,140.00,100 גרם,false,1,7.90,5.64,true,1,
7290115205978,false,אסם פתי בר אצבעות שוקולד 180 גר,,IL,אסם פתי בר אצבעות שו,גרמים,180.00,100 גרם,false,1,10.90,6.06,true,1,
7290115206135,false,טבעול גורמה ארוחת קינואה 450 גרם,,IL,טבעול גורמה ארוחת קי,גרמים,450.00,100 גרם,false,1,34.90,7.76,true,1,
7290115207811,false,טבעול נקניקיות טבעוניות 418 גרם,,,טבעול נקניקיות טבעונ,גרמים,418.00,100 גרם,false,1,36.50,8.73,true,1,
7290115208009,false,סירופ ויטמינציק ענבים 1 ליטר,,,סירופ ויטמינציק ענבי,מיליליטרים,1000.00,"100 מ""ל",false,1,21.90,2.19,true,1,
7290115208047,false,סירופ ויטמינציק פטל 1 ליטר,,,סירופ ויטמינציק פטל,מיליליטרים,1000.00,"100 מ""ל",false,1,21.90,2.19,true,1,
7290115209198,false,במבה אורירית 80 גרם,,,במבה אורירית 80 גרם,גרמים,80.00,100 גרם,false,1,4.30,5.38,true,1,
7290115670707,false,גרנולה שוקולד ואגוזים אנרגי 400 גרם,,CZ,גרנולה שוקולד ואגוזי,גרמים,400.00,100 גרם,false,1,15.90,3.98,true,1,
7290115676082,false,משקה דנונה פרו 20 תות 265 מל,,IL,משקה דנונה פרו 20 תו,מיליליטרים,265.00,"100 מ""ל",false,1,7.90,2.98,true,1,
7290115678376,false,מעדן הגולן שוקולד 125 גרם,,,מעדן הגולן שוקולד,גרמים,125.00,100 גרם,false,1,3.30,2.64,true,1,
7290115678383,false,מעדן הגולן שוקולד מריר 125 גרם,,,מעדן הגולן שוקולד,גרמים,125.00,100 גרם,false,1,3.30,2.64,true,1,
7290116531083,false,"דגני ברנפלקס דבש ושקדים ללת""ס 400 גרם",,IL,דגני ברנפלקס דבש ושק,גרמים,400.00,100 גרם,false,1,18.90,4.73,true,1,
7290116531496,false,קינמונים 375 גרם,,,קינמונים 375 גרם,גרמים,375.00,100 גרם,false,1,18.50,4.93,true,1,
7290116531762,false,בדין נייר למייבש ורוד,,,בדין נייר למייבש ורו,Unknown,0.00,Unknown,false,1,17.90,17.90,true,1,
7290116531779,false,בדין נייר למייבש כחול,,,בדין נייר מרכך  למיי,Unknown,0.00,Unknown,false,1,17.90,17.90,true,1,
7290116930435,false,"יוגורט גו סמיך דובדבן 0% 200 מ""ל",,IL,יוגורט גו סמיך דובדב,מיליליטרים,200.00,"100 מ""ל",false,1,5.90,2.95,true,1,
7290116930442,false,"יופלה שייק בננה מנגו תפוז גזר ציה 230 מ""",,,יופלה שייק בננה מנגו,מיליליטרים,230.00,"100 מ""ל",false,1,8.50,3.70,true,1,
7290116930459,false,"יופלה שייק מנגו בננה אננס וקוקוס 230 מ""ל",,,יופלה שייק מנגו בננה,מיליליטרים,230.00,"100 מ""ל",false,1,8.50,3.70,true,1,
7290116930466,false,"יופלה שייק מנגו בננה פסיפלורה והל 230 מ""",,,יופלה שייק מנגו בננה,מיליליטרים,230.00,"100 מ""ל",false,1,8.50,3.70,true,1,
7290116930480,false,"יופלה שייק בננה קיווי תפוח 230 מ""ל",,,יופלה שייק בננה קיוו,מיליליטרים,230.00,"100 מ""ל",false,1,8.50,3.70,true,1,
7290116931104,false,"יוגורט גו סמיך עם אננס 0% 200 מ""ל",,,יוגורט גו סמיך עם אנ,מיליליטרים,200.00,"100 מ""ל",false,1,5.90,2.95,true,1,
7290117260043,false,ריבת עלי ורדים 380 גרם,,TR,ריבת עלי ורדים 380 ג,גרמים,380.00,100 גרם,false,1,9.90,2.61,true,1,
7290117260050,false,קונפיטורה חבושים 380 גרם,,TR,קונפיטורה חבושים 380,גרמים,380.00,100 גרם,false,1,9.90,2.61,true,1,
7290117260562,false,חמאה בגביע 225 גרם,,TR,חמאה בגביע 225 גרם,גרמים,225.00,100 גרם,false,0,16.90,7.51,true,1,
7290117260968,false,ביסקוויטים וילי פוד ללא גלוטן 125 גר,,,ביסקוויטים וילי פוד,גרמים,125.00,100 גרם,false,1,9.90,7.92,true,1,
7290117261019,false,זיתים ירוק ממולאים מחית פלפלים אדומים300,,TR,זיתים ירוק ממולאים מ,גרמים,300.00,100 גרם,false,1,8.90,2.97,true,1,
7290117261088,false,בוראטה גבינת מוצרלה רכה 18% 150 גרם,,,בוראטה גבינת מוצרלה,גרמים,150.00,100 גרם,false,1,21.90,14.60,true,1,
7290117262238,false,משקה יוגורט פרוביוטי עם תות שדה 200מל 2.3% שומן,,TR,משקה יוגורט עם תות ש,מיליליטרים,200.00,"100 מ""ל",false,1,6.20,3.10,true,1,
7290117262245,false,משקה יוגורט עם אפרסק ומשמש 2.6% שומן 200,,TR,משקה יוגורט עם אפרסק,מיליליטרים,200.00,"100 מ""ל",false,1,6.20,3.10,true,1,
7290117900963,false,בוטנים קלויים 270 גרם,,IL,בוטנים קלויים 270 גר,גרמים,270.00,100 גרם,false,1,10.00,3.70,true,1,
7291044081305,false,זוג נו לד DL 12W E27,,,זוג נו לד DL 12W E27,Unknown,0.00,Unknown,false,1,17.90,17.90,true,1,
7291044081312,false,זוג נו לד WW 12W E27,,,זוג נו לד WW 12W E27,Unknown,0.00,Unknown,false,1,17.90,17.90,true,1,
7293738625437,false,שמן ארומטי-לבנדר,,,שמן ארומטי-לבנדר,Unknown,0.00,Unknown,false,1,29.90,29.90,true,1,
7293738625642,false,שמן ארומטי לימון,,,שמן ארומטי לימון,Unknown,0.00,Unknown,false,1,19.90,19.90,true,1,
7297488098305,false,קמח שקדים דגש 250 גרם,,,קמח שקדים דגש 250 גר,גרמים,250.00,100 גרם,false,1,24.90,9.96,true,1,
7297488099906,false,פרוסות בסגנון קלאסי 18% טבעונית 200 גרם,,,פרוסות בסגנון קלאסי,גרמים,200.00,100 גרם,false,1,22.90,11.45,true,1,
7297488099951,false,מלוחה 5% טבעונית 250 גרם,,,מלוחה 5% טבעונית 250,גרמים,250.00,100 גרם,false,1,22.90,9.16,true,1,
7501013122190,false,גומקס משקה תפוחים קרטונית 1 ליטר,,,גומקס משקה תפוחים קר,מיליליטרים,1000.00,"100 מ""ל",false,1,11.10,1.11,true,1,
7501064191398,false,"שישיית בירה קורונה 355 מ""ל בקבוק",,,שישיית בירה קורונה 3,מיליליטרים,2130.00,"100 מ""ל",false,1,29.90,1.40,true,1,
7501064191466,false,"שישיית בירה קורונה 355 מ""ל בקבוק",,,שישיית בירה קורונה 3,מיליליטרים,2130.00,"100 מ""ל",false,1,29.90,1.40,true,1,
7509546061672,false,ספיד סטיק אקסטרים סטיק 50 גר,,,ספיד סטיק אקסטרים סט,גרמים,57.00,100 גרם,false,1,20.90,36.67,true,1,
7590010296768,false,"כרוב כבוש  1 ק""ג",,,"כרוב כבוש  1 ק""ג",גרמים,1000.00,100 גרם,false,1,23.90,2.39,true,1,
7610400075794,false,לינדט לה גרנד לבן שקד 150 גר,,,לינדט לה גרנד לבן שק,גרמים,150.00,100 גרם,false,1,23.90,15.93,true,1,
7610400085946,false,לינדט לגרנד דארק אלמונד סולט 150 גרם,,,לינדט לגרנד דארק אלמ,גרמים,150.00,100 גרם,false,1,23.90,15.93,true,1,
7610400086202,false,לינדט לה גרנד בלו אנד קרנ 150 גר,,,לינדט לה גרנד בלו אנ,גרמים,150.00,100 גרם,false,1,23.90,15.93,true,1,
7613032045753,false,פיטנס שוקולד 375 ג,,,פיטנס שוקולד 375 ג,גרמים,375.00,100 גרם,false,1,19.90,5.31,true,1,
7613035618794,false,פורינה ONE חתול בוגר,,,פורינה ONE חתול בוגר,Unknown,0.00,Unknown,false,1,119.00,119.00,true,1,
7613035622623,false,פיטנס גרנולה שקדים ודבש 300 גרם,,,פיטנס גרנולה שקדים ו,גרמים,300.00,100 גרם,false,1,17.70,5.90,true,1,
7613035635845,false,פיטנס גרנולה שוקולד 300 גרם,,,פיטנס גרנולה שוקולד,גרמים,300.00,100 גרם,false,1,17.70,5.90,true,1,
7613036314114,false,נס קפה גולד 200 גרם,,,נס קפה גולד 200 גרם,גרמים,200.00,100 גרם,false,1,43.90,21.95,true,1,
7613036737623,false,קראנץ מקס 410 גרם,,FR,קראנץ מקס 410 גרם,גרמים,410.00,100 גרם,false,1,23.50,5.73,true,1,
7613038268262,false,האני נאט ציריוס מופחת סוכר 410 גרם,,FR,האני נאט ציריוס מופח,גרמים,410.00,100 גרם,false,1,19.90,4.85,true,1,
7613287121783,false,סמארטיס מיני  187 גרם,,DE,סמארטיס מיני  187 גר,גרמים,187.00,100 גרם,false,1,14.60,7.81,true,1,
7613287186928,false,סטארבקס קפסולות ברקפסט רוסט 56 ג,,CH,סטארבקס קפסולות ברקפ,גרמים,56.00,100 גרם,false,1,21.50,38.39,true,1,
7613287302373,false,קפסולות סטארבקס איטלאן סטייל רוסט  56 ג,,CH,קפסולות סטארבקס איטל,גרמים,55.00,100 גרם,false,1,21.50,39.09,true,1,
7613287394323,false,מולטי ציריוס 600 גרם 2021,,GB,מולטי ציריוס 600 גרם,גרמים,600.00,100 גרם,false,1,21.50,3.58,true,1,
7622010001858,false,אוראו ממולאות קרם וניל באטמן 176 גרם,,,אוראו ממולאות קרם ונ,גרמים,176.00,100 גרם,false,1,8.20,4.66,true,1,
7622200009084,false,מילקה שוקולד חלב ובסקוויט 300 גרם,,,מילקה שוקולד חלב ובס,גרמים,300.00,100 גרם,false,1,19.80,6.60,true,1,
7622201050757,false,שוקולד חלב עם קרמל מילקה  100 גרם,,,שוקולד חלב עם קרמל מ,גרמים,100.00,100 גרם,false,1,6.50,6.50,true,1,
7622201401900,false,עוגיות מילקה סנסיישן אוראו 156 גרם,,PL,עוגיות מילקה סנסיישן,גרמים,156.00,100 גרם,false,1,10.50,6.73,true,1,
7622201801809,false,שוקולד אגוז מילקה 100 גרם,,,שוקולד אגוז מילקה 10,גרמים,100.00,100 גרם,false,1,6.50,6.50,true,1,
7622201802363,false,שוקולד מילקה  צימוק 100 גרם,,,שוקולד מילקה  צימוק,גרמים,100.00,100 גרם,false,1,6.50,6.50,true,1,
7622201802394,false,שוקולד מילקה חלב 100 גרם,,,שוקולד מילקה חלב 100,גרמים,100.00,100 גרם,false,1,6.90,6.90,true,1,
7622201809188,false,ביסקוויט מילקה 150 גרם,,FR,ביסקוויט מילקה 150 ג,גרמים,150.00,100 גרם,false,1,10.50,7.00,true,1,
7622210117762,false,בונבוניירה קוטדור בושה 200 גרם,,,בונבוניירה קוטדור בו,גרמים,200.00,100 גרם,false,1,13.90,6.95,true,1,
7622210137234,false,עוגיות אוראו עם דאבל קרים וניל 170 גר,,,עוגיות אוראו עם דאבל,גרמים,170.00,100 גרם,false,1,9.90,5.82,true,1,
7622210240200,false,מילקה שוקולד חלב ועוגיות אוריאו 300 גרם,,,מילקה שוקולד חלב ועו,גרמים,300.00,100 גרם,false,1,19.80,6.60,true,1,
7622210690852,false,מילקה טריוולד 280 גרם,,,מילקה טריוולד 280 גר,גרמים,280.00,100 גרם,false,1,19.80,7.07,true,1,
7622210826053,false,שוקולד מילקה אוראו סנדביץ 92 גר,,DE,שוקולד מילקה אוראו ס,גרמים,92.00,100 גרם,false,1,6.50,7.07,true,1,
7622210835338,false,אוראו בראוניז 176 גר,,,אוראו בראוניז 176 גר,גרמים,176.00,100 גרם,false,1,8.20,4.66,true,1,
7622300134532,false,שוקולד מילקה קרם חלב אגוזי לוז וקרמל 300,,,שוקולד מילקה קרם חלב,גרמים,300.00,100 גרם,false,1,19.80,6.60,true,1,
7622300270506,false,עוגיות ש.שועל מצופות שוקולד 168 גר מילקה,,,עוגיות ש.שועל מצופות,גרמים,168.00,100 גרם,false,1,10.50,6.25,true,1,
7622300340285,false,גבינת פילדלפיה 22% 175 גר,,,גבינת פילדלפיה 22%,גרמים,175.00,100 גרם,false,1,14.90,8.51,true,1,
7622300340292,false,גבינת פילדלפיה 11% 175 גר,,,גבינת פילדלפיה 11%,גרמים,175.00,100 גרם,false,1,14.90,8.51,true,1,
7622300489427,false,אוראו פאג שוקולד לבן 246 גרם,,,אוראו פאג שוקולד לבן,גרמים,246.00,100 גרם,false,1,17.90,7.28,true,1,
7622300489434,false,אוראו פאדג שוקולד חלב 246 גרם,,,אוראו פאדג שוקולד חל,גרמים,246.00,100 גרם,false,1,17.90,7.28,true,1,
7622300495046,false,שוקולד מילקה אקסטרה קקאו 100 גרם,,,שוקולד מילקה אקסטרה,גרמים,100.00,100 גרם,false,1,6.50,6.50,true,1,
7622300498429,false,שוקולד מילקה קרם תות 100 גרם,,,שוקולד מילקה קרם תות,גרמים,100.00,100 גרם,false,1,6.50,6.50,true,1,
7622300503079,false,ביסקוויט מצופה שוקולד חלב 200 גר מילקה,,,ביסקוויט מצופה שוקול,גרמים,200.00,100 גרם,false,1,10.50,5.25,true,1,
7622300617820,false,שוקולד מילקה אוראו 100 גרם,,,שוקולד מילקה אוראו 1,גרמים,100.00,100 גרם,false,1,6.50,6.50,true,1,
7630477891615,false,סטארבקס קפסולות סומטרה 55 גרם,,,סטארבקס קפסולות סומט,גרמים,55.00,100 גרם,false,1,21.50,39.09,true,1,
7630477891639,false,סטארבקס קפסולות ורונה 55 גרם,,,סטארבקס קפסולות ורונ,גרמים,55.00,100 גרם,false,1,21.50,39.09,true,1,
7630477891714,false,סטארבקס קפסולות אספרסו 57 גרם,,,סטארבקס קפסולות אספר,גרמים,57.00,100 גרם,false,1,21.50,37.72,true,1,
7702024074625,false,חטיפי קרקר חיטה מלאה פיטנס 234 גרם,,CO,חטיפי קרקר חיטה מלאה,גרמים,234.00,100 גרם,false,1,7.90,3.38,true,1,
7702024258322,false,פיטנס חטיפי קרקר ציה ופשתן 234 גר,,,פיטנס חטיפי קרקר ציה,גרמים,234.00,100 גרם,false,1,7.90,3.38,true,1,
7790240072808,false,יין אדום טרפיצה מלבק סדרת OAK CASK,,,יין אדום טרפיצה מלבק,Unknown,0.00,Unknown,false,1,57.90,57.90,true,1,
7792860006218,false,בייבי דול לקקן 24 גרם,,,לקקן בייבי דול 24 גר,גרמים,24.00,100 גרם,false,1,2.00,8.33,true,1,
7798304600042,false,אוכמניות,,,אוכמניות,Unknown,0.00,Unknown,false,1,24.90,24.90,true,1,
7804338000625,false,"יין אדום יבש טרדיסון רזרב קרמנאר 750 מ""ל",,CL,יין אדום יבש טרדיסון,Unknown,0.00,Unknown,false,1,62.90,62.90,true,1,
7891024130063,false,"קולגייט פלאקס ללא אלכוהול 500 מ""ל מי פה",,,קולגייט פלאקס ללא אל,מיליליטרים,500.00,"100 מ""ל",false,1,32.90,6.58,true,1,
8000070053465,false,קפסולות לוואצה אורו חוזק 8 10 יח,,IT,קפסולות לוואצה אורו,יחידה,1.00,יחידה,false,1,21.90,21.90,true,1,
8000070055254,false,קפסולות לוואצה קרמה גוסטו פורטה חוזק 13,,IT,קפסולות לוואצה קרמה,יחידה,1.00,יחידה,false,1,21.90,21.90,true,1,
8000070059832,false,קפסולות לוואצה קרמה גוסטו ריקו חוזק 11,,IT,קפסולות לוואצה קרמה,יחידה,1.00,יחידה,false,1,21.90,21.90,true,1,
8000139002021,false,פסטה גרפולו קלמרטה 500 גרם,,,פסטה גרפולו קלמרטה 5,גרמים,500.00,100 גרם,false,1,14.60,2.92,true,1,
8000139910142,false,פסטה גרפולו ספגטי 500 גרם,,,פסטה גרפולו ספגטי 50,גרמים,500.00,100 גרם,false,1,13.50,2.70,true,1,
8000139910159,false,פסטה גרפולו לינגוין 500 גרם,,,פסטה גרפולו לינגוין,גרמים,500.00,100 גרם,false,1,13.50,2.70,true,1,
8000139910197,false,פסטה גרפולו ריגטוני 500 גרם,,,פסטה גרפולו ריגטוני,גרמים,500.00,100 גרם,false,1,13.50,2.70,true,1,
8000139910203,false,פסטה גרפולו קוצי סארדי 500 גרם,,,פסטה גרפולו קוצי סאר,גרמים,500.00,100 גרם,false,1,13.50,2.70,true,1,
8000139910227,false,פסטה גרפולו פוזילי 500 גרם,,,פסטה גרפולו פוזילי 5,גרמים,500.00,100 גרם,false,1,13.50,2.70,true,1,
8000139910241,false,פסטה פארפאלה גרפולו 500 גרם,,,פסטה פארפאלה גרפולו,גרמים,500.00,100 גרם,false,1,13.50,2.70,true,1,
8000139910265,false,פסטה ראדיאטורי גרפולו 500 גר,,,פסטה ראדיאטורי גרפול,גרמים,500.00,100 גרם,false,1,13.50,2.70,true,1,
8000139910272,false,פסטה גרפולו פפרדלה נידו 500 גר,,,פסטה גרפולו פפרדלה נ,גרמים,500.00,100 גרם,false,1,14.60,2.92,true,1,
8000139910357,false,פסטה לומאקוני גרפולו 500 גרם,,,פסטה לומאקוני גארופא,גרמים,500.00,100 גרם,false,1,14.60,2.92,true,1,
8000139910753,false,פסטה קאזארסה גרפולו 500 גר,,,פסטה גרפולו קסרצה,גרמים,500.00,100 גרם,false,1,13.50,2.70,true,1,
8000215204271,false,ויטריז - משקה שקדים ואורז אישי 200 גר,,,ויטריז - משקה שקדים,מיליליטרים,200.00,"100 מ""ל",false,1,4.50,2.25,true,1,
8000215204363,false,משקה קוקוס ויטריז 1 ליטר,,GB,משקה קוקוס ויטריז 1,מיליליטרים,1000.00,"100 מ""ל",false,1,14.90,1.49,true,1,
8000215204370,false,ויטריז לבישול  תחל. שמנת צמחי אורגני 200,,,ויטריז לבישול  תחל.,מיליליטרים,200.00,"100 מ""ל",false,1,6.50,3.25,true,1,
8000215204394,false,משקה אגוזי לוז ואורז אורגני 1 ליטר,,,משקה אגוזי לוז ואורז,מיליליטרים,1000.00,"100 מ""ל",false,1,16.50,1.65,true,1,
8000215204653,false,VITASI משקה סויה 1 ליטר,,,VITASI משקה סויה 1 ל,מיליליטרים,1000.00,"100 מ""ל",false,1,10.90,1.09,true,1,
8000215204677,false,משקה ש.שועל בריסטה אורגני 1 ליטר ויטריז,,,משקה ש.שועל בריסטה א,מיליליטרים,1000.00,"100 מ""ל",false,1,13.90,1.39,true,1,
8000320010026,false,עגבניות תמר מקולפות CIRIO 400 גר,,IT,עגבניות תמר מקולפות,גרמים,400.00,100 גרם,false,1,6.90,1.73,true,1,
8000380004669,false,וופל שוקולד לואקר 200 גרם,,,וופל שוקולד לואקר 20,גרמים,200.00,100 גרם,false,1,12.50,6.25,true,1,
8000380004676,false,וופל וניל 200 גרם,,,וופל וניל 200 גרם,גרמים,200.00,100 גרם,false,1,12.50,6.25,true,1,
8000380192151,false,טורטינה טריפל שוקולד מריר 125 גר לואקר,,IT,טורטינה טריפל שוקולד,גרמים,125.00,100 גרם,false,1,16.90,13.52,true,1,
8000380192588,false,וופל קואדרטיני דאבל שוקולד 250 גר,,AT,וופל קואדרטיני דאבל,גרמים,250.00,100 גרם,false,1,13.90,5.56,true,1,
8000500023624,false,קינדר הפי היפו חמישייה 103.5 גר,,,קינדר הפי היפו חמישי,גרמים,104.00,100 גרם,false,1,12.20,11.73,true,1,
8000500026731,false,שלישיית ביצי הפתעה קינדר 60 גר,,,שלישיית ביצי הפתעה ק,גרמים,60.00,100 גרם,false,1,14.90,24.83,true,1,
8000500029350,false,שלישייה קינדר בואנו חלב 129 גרם,,,שלישייה קינדר בואנו,גרמים,129.00,100 גרם,false,1,9.90,7.67,true,1,
8000500071083,false,קינדר שוקולד מארז 200 גרם,,,קינדר שוקולד מארז 20,גרמים,200.00,100 גרם,false,1,11.90,5.95,true,1,
8000500121436,false,שלישייה קינדר בואנו לבן 129 גרם,,,שלישייה קינדר בואנו,גרמים,129.00,100 גרם,false,1,9.90,7.67,true,1,
8000500167656,false,קינדר שוקולד עם דגנים 94 גר,,IT,קינדר שוקולד עם דגני,גרמים,94.00,100 גרם,false,1,8.00,8.51,true,1,
8000500227848,false,וופל נוטלה בי רדי שישייה 132 גרם,,IT,וופל נוטלה בי רדי שי,גרמים,132.00,100 גרם,false,1,12.50,9.47,true,1,
8000500267103,false,עוגת קינדר דליס 390 גר,,IT,עוגת קינדר דליס 390,גרמים,390.00,100 גרם,false,1,19.90,5.10,true,1,
8000500269169,false,קינדר קארדס חמישייה 128 גרם,,IT,וופל קינדר קארדס 128,גרמים,128.00,100 גרם,false,1,13.90,10.86,true,1,
8000500386941,false,ממרח נוטלה 900 גר,,IT,ממרח נוטלה 900 גר,גרמים,900.00,100 גרם,false,1,27.90,3.10,true,1,
8000570283607,false,"יין מבעבע מרטיני אסטי 750 מ""ל",,IT,יין מבעבע מרטיני אסט,מיליליטרים,750.00,"100 מ""ל",false,1,64.90,8.65,true,1,
8000895003355,false,עוגיות קנטוציני שקדים 175 גרם SAPORI,,,עוגיות קנטוציני שקדי,גרמים,175.00,100 גרם,false,1,12.50,7.14,true,1,
8001090184412,false,"נוזל כלים פיירי לימון 900 מ""ל",,GB,נוזל כלים פיירי לימו,מיליליטרים,900.00,"100 מ""ל",false,1,12.90,1.43,true,1,
8001090336491,false,חיתולי פמפרס בייבי דריי מידה +4 31 יח,,DE,חיתולי פמפרס בייבי ד,Unknown,0.00,Unknown,false,1,36.50,36.50,true,1,
8001090336606,false,חיתולי פמפרס בייבי דריי מידה 6 26 יח,,DE,חיתולי פמפרס בייבי ד,Unknown,0.00,Unknown,false,1,36.50,36.50,true,1,
8001090493637,false,שמפו לגבר אולטרא טוטאל קר הד&שולדרס 450מ,,,שמפו לגבר אולטרא טוט,מיליליטרים,450.00,"100 מ""ל",false,1,20.80,4.62,true,1,
8001090721099,false,קפסולות לכביסה אריאל פודש 27 יח,,FR,קפסולות לכביסה אריאל,Unknown,0.00,Unknown,false,1,34.90,34.90,true,1,
8001090721129,false,קפסולות לכביסה אריאל פודש קולור 27 יח,,FR,קפסולות לכביסה אריאל,Unknown,0.00,Unknown,false,1,34.90,34.90,true,1,
8001090734044,false,מגן תחתון אולוויז מגה פק לארג פרש 64 יח,,,מגן תחתון אולוויז מג,Unknown,0.00,Unknown,false,1,19.90,19.90,true,1,
8001090740717,false,מגן תחתון אולוויז מגה פק נורמל פרש 76 יח,,,מגן תחתון אולוויז מג,Unknown,0.00,Unknown,false,1,19.90,19.90,true,1,
8001090802385,false,קפסולות גל לכביסה טייד בניחוח לנור 26 יח,,FR,קפסולות גל לכביסה טי,Unknown,0.00,Unknown,false,1,25.90,25.90,true,1,
8001090832535,false,"שמפו פנטן שמן מרוקאי משקם 660 מ""ל",,,שמפו פנטן שמן מרוקאי,מיליליטרים,660.00,"100 מ""ל",false,1,19.90,3.02,true,1,
8001090832573,false,"שמפו פנטן לחות מוגברת 660 מ""ל",,,שמפו פנטן לחות מוגבר,מיליליטרים,660.00,"100 מ""ל",false,1,19.90,3.02,true,1,
8001090832610,false,"שמפו פנטן למגע רך כמשי 660 מ""ל",,,שמפו פנטן למגע רך כמ,מיליליטרים,660.00,"100 מ""ל",false,1,19.90,3.02,true,1,
8001090832894,false,"קונדישנר פנטן לחות מוגברת 660 מ""ל",,,קונדישנר פנטן לחות מ,מיליליטרים,660.00,"100 מ""ל",false,1,19.90,3.02,true,1,
8001090832931,false,"קונדישנר פנטן למגע רך כמשי 660 מ""ל",,,קונדישנר פנטן למגע ר,מיליליטרים,660.00,"100 מ""ל",false,1,19.90,3.02,true,1,
8001090833136,false,גל כביסה אריאל בייבי 2.255 ליטר,,FR,גל כביסה אריאל בייבי,ליטרים,0.00,ליטר,false,1,32.90,32.90,true,1,
8001090833198,false,גל כביסה אריאל בניחוח מרענן 2.365 ליטר,,FR,גל כביסה אריאל בניחו,ליטרים,0.00,ליטר,false,1,32.90,32.90,true,1,
8001090833228,false,גל כביסה אריאל קולור 2.365 ליטר,,FR,גל כביסה אריאל קולור,ליטרים,0.00,ליטר,false,1,32.90,32.90,true,1,
8001100051055,false,עוגת פנטונה עם צימוקים בציפוי אגוזי 750ג,,,עוגת פנטונה עם צימוק,גרמים,750.00,100 גרם,false,1,44.90,5.99,true,1,
8001200045473,false,פסטה ריגטוני 500 גר Agnesi,,,פסטה ריגטוני 500 גר,גרמים,500.00,100 גרם,false,1,8.30,1.66,true,1,
8001250120113,false,ספגטיני 500 גרם DE CECCO,,,ספגטיני 500 גרם DE C,גרמים,500.00,100 גרם,false,1,10.90,2.18,true,1,
8001250250018,false,שמן זית קלאסיקו 750 מל DE CECCO,,,שמן זית קלאסיקו 750,מיליליטרים,750.00,"100 מ""ל",false,1,41.90,5.59,true,1,
8001440118944,false,עגבניות פולפה 3*400 גר CIRIO,,IT,עגבניות פולפה 3*400,קילוגרמים,0.00,"ק""ג",false,1,15.90,15.90,true,1,
8001505000320,false,מעדן תותי יער אורגני 250 ג FIORDIFRUTTA,,,מעדן תותי יער אורגני,גרמים,250.00,100 גרם,false,1,22.90,9.16,true,1,
8001841006710,false,כדוריות הבושם לנור ניחוח רענן 210 גר,,GB,כדוריות הבושם לנור נ,גרמים,210.00,100 גרם,false,1,32.90,15.67,true,1,
8001841500799,false,"שמפו הרבל אסנסס אלוורה ומנגו 380 מ""ל",,FR,שמפו הרבל אסנסס אלוו,מיליליטרים,380.00,"100 מ""ל",false,1,26.50,6.97,true,1,
8001841625188,false,"נוזל כלים פיירי פלטינום לימון 515 מ""ל",,GB,נוזל כלים פיירי פלטי,מיליליטרים,515.00,"100 מ""ל",false,1,9.90,1.92,true,1,
8001841943961,false,כדוריות הבושם לנור אוקיינוס 210 גר,,GB,כדוריות הבושם לנור א,גרמים,210.00,100 גרם,false,1,32.90,15.67,true,1,
8002270436581,false,"שישיית מים סאן פלגרינו פלסט 500 מ""ל",,,שישיית מים סאן פלגרי,מיליליטרים,3000.00,"100 מ""ל",false,1,27.90,0.93,true,1,
8002305008370,false,"רוקה דלה מאציה מנדוס פרימיטיבו 750 מ""ל",,,רוקה דלה מאציה מנדוס,Unknown,0.00,Unknown,false,1,79.90,79.90,true,1,
8002590012915,false,קרקר מלוח 250 גרם COLUSSI,,,קרקר מלוח 250 גרם CO,גרמים,250.00,100 גרם,false,1,6.80,2.72,true,1,
8004030026018,false,ריו מרה אינסלטיסימי מקסיקני עם טונה 160,,,ריו מרה אינסלטיסימי,גרמים,160.00,100 גרם,false,1,15.00,9.38,true,1,
8004030081024,false,טונה בשמן זית שום ופלפל ריו מרה 160 גרם,,,טונה בשמן זית שום ופ,גרמים,160.00,100 גרם,false,1,16.80,10.50,true,1,
8004275058942,false,"שמן זית כתית מעולה 750 מ""ל CIRIO",,,שמן זית כתית מעולה 7,מיליליטרים,750.00,"100 מ""ל",false,1,33.50,4.47,true,1,
8004275080509,false,"CIRIO שמן זית אורגני כתית מעולה 500 מ""ל",,IT,CIRIO שמן זית אורגני,מיליליטרים,500.00,"100 מ""ל",false,1,39.50,7.90,true,1,
8005110002243,false,רכז עגבניות DOPPIO בשפופרת 185 גרם,,,רכז עגבניות DOPPIO ב,גרמים,185.00,100 גרם,false,1,7.50,4.05,true,1,
8005110170300,false,POLPA עגבניות חתוכות דק 400X3 גרם MUTTI,,,POLPA עגבניות חתוכות,גרמים,400.00,100 גרם,false,1,16.90,4.23,true,1,
8005110171215,false,POLPAPEZZI עגבניות חתוכות 690 גרם MUTTI,,,POLPAPEZZI עגבניות ח,גרמים,500.00,100 גרם,false,1,14.90,2.98,true,1,
8005110191015,false,רסק עגבניות ובזיליקום 700 גרם,,,רסק עגבניות ובזיליקו,גרמים,500.00,100 גרם,false,1,12.90,2.58,true,1,
8005200316588,false,נסטי דיאט בטעם אפרסק 1.5 ליטר,,IL,נסטי דיאט בטעם אפרסק,ליטרים,0.00,ליטר,false,1,8.50,8.50,true,1,
8006227001372,false,סמנצאטו לחם לבן שמן זית ללא קשה 400 גר,,,סמנצאטו לחם לבן שמן,גרמים,400.00,100 גרם,false,1,19.90,4.98,true,1,
8006540425930,false,קפסולות לכביסה אריאל כתמים קשים 24 יח,,,קפסולות לכביסה אריאל,Unknown,0.00,Unknown,false,1,34.90,34.90,true,1,
8006663001073,false,פרמזנו רגאנו איטלקי 200 גרם,,IT,פרמזנו רגאנו איטלקי,גרמים,200.00,100 גרם,false,1,33.50,16.75,true,1,
8008698012857,false,ביסקויטים פתי בר שר 165 גרם,,,ביסקויטים פתי בר שר,גרמים,165.00,100 גרם,false,1,20.80,12.61,true,1,
8008698032084,false,SCHAR עוגיות מיני חברים 125 גרם,,,SCHAR עוגיות מיני חב,גרמים,125.00,100 גרם,false,1,12.90,10.32,true,1,
8008825005363,false,עגבניות מרוסקות  3*400 גר Rodolfi,,,עגבניות מרוסקות  3*4,קילוגרמים,0.00,"ק""ג",false,1,17.70,17.70,true,1,
8008825012538,false,מחית עגבניות 690 גרם Rodolfi,,,מחית עגבניות 690 גרם,גרמים,690.00,100 גרם,false,1,11.90,1.72,true,1,
8008857114484,false,"פסטה פוזילי לל""ג רגיה 400 גרם",,,"פסטה פוזילי לל""ג רגי",גרמים,400.00,100 גרם,false,1,9.90,2.48,true,1,
8008857601052,false,לזניה פסטה 500 גר,,,לזניה פסטה 500 גר,גרמים,500.00,100 גרם,false,1,13.50,2.70,true,1,
8008920590078,false,למברוסקו ספומנטה לבן 750 מל CORONA,,,למברוסקו ספומנטה לבן,Unknown,0.00,Unknown,false,1,30.90,30.90,true,1,
8008920590085,false,למברוסקו ספומנטה אדום 750 מל CORONA,,,למברוסקו ספומנטה רוז,Unknown,0.00,Unknown,false,1,30.90,30.90,true,1,
8009915004150,false,ביסקוויט מקמח תירס שוקולד אגוזים  250 גר,,,ביסקוויט מקמח תירס ש,גרמים,250.00,100 גרם,false,1,16.90,6.76,true,1,
8014601026354,false,"קמח ""00"" איטלקי לפיצה שף אדום 1 ק""ג",,,"קמח ""00"" איטלקי לפיצ",גרמים,1000.00,100 גרם,false,1,15.60,1.56,true,1,
8015997000133,false,מאריני-קנטוציני עוגיות עם שקדים 200 ג,,IT,מאריני-קנטוציני עוגי,גרמים,200.00,100 גרם,false,1,14.60,7.30,true,1,
8015997000911,false,מאריני בישקוטים 200 גרם,,,מאריני בישקוטים 200,ליטרים,0.00,ליטר,false,1,7.30,7.30,true,1,
8017938005764,false,מיץ תפוחים אורגני 100% 1 ליטר נטורפוד,,,מיץ תפוחים אורגני 10,מיליליטרים,1000.00,"100 מ""ל",false,1,18.60,1.86,true,1,
8021274001007,false,קמח פסטה פרסקה 1 קג  STAGIONI 5,,,"קמח פסטה פרסקה 1 ק""ג",קילוגרמים,0.00,"ק""ג",false,1,10.70,10.70,true,1,
8021274070010,false,קמח לבן פיצה נפוליטנה 1 קג  STAGIONI 5,,,קמח לבן פיצה נפוליטנ,גרמים,1000.00,100 גרם,false,1,10.70,1.07,true,1,
8022470213393,false,דרגיה שקד מריר 500 גר PRISCO MAX,,,דרגיה שקד מריר 500 ג,קילוגרמים,0.50,"ק""ג",false,1,39.90,79.80,true,1,
8023678162360,false,משקה שקדים אורגני 1 ליטר isola,,,משקה שקדים אורגני 1,מיליליטרים,1000.00,"100 מ""ל",false,1,15.90,1.59,true,1,
8023678164517,false,"משקה שקדים אורגני ללת""ס 1 ליטר isola",,,משקה שקדים אורגני לל,ליטרים,0.00,ליטר,false,1,16.70,16.70,true,1,
8024046205016,false,מחית אורגנית תפוחי עץ קיווי ותרד 120 ג,,IT,מחית אורגנית תפוחי ע,גרמים,120.00,100 גרם,false,1,6.20,5.17,true,1,
8024985002967,false,סמוזי נטורה נובה בננה תרד 100 גרם,,,סמוזי נטורה נובה בננ,גרמים,100.00,100 גרם,false,1,5.00,5.00,true,1,
8024985003988,false,סמוזי תפוח בננה 100 גר נטורה נובה,,,סמוזי תפוח בננה 100,גרמים,100.00,100 גרם,false,1,5.00,5.00,true,1,
8024985005234,false,סמוזי נטורה נובה סמוצי תפוח מנגו 100 גרם,,,מחית נטורה נובה סמוצ,גרמים,100.00,100 גרם,false,1,5.00,5.00,true,1,
8024985008051,false,סמוזי נטורה נובה סמוצי פירות אדומים 100,,,מחית נטורה נובה סמוצ,גרמים,100.00,100 גרם,false,1,5.00,5.00,true,1,
8024985011204,false,סמוזי תפוח תות בננה 100 גר נטורה נובה,,,סמוזי תפוח תות בננה,גרמים,100.00,100 גרם,false,1,4.60,4.60,true,1,
8032793344520,false,תרכיז עגבניות מרוכז מאוד 200 גרם,,,תרכיז עגבניות מרוכז,גרמים,200.00,100 גרם,false,1,7.90,3.95,true,1,
8033020446000,false,"PIVETTI קמח איטלקי לפיצה ופוקצה 1 ק""ג",,IT,PIVETTI קמח איטלקי ל,גרמים,1000.00,100 גרם,false,1,10.40,1.04,true,1,
8034023209104,false,רבעי ארטישוק 280 גרם TERRE,,,רבעי ארטישוק 280 גרם,גרמים,280.00,100 גרם,false,1,18.70,6.68,true,1,
8076800195019,false,ספגטי מס 1 קפליני  500 גר ברילה,,,ספגטי מס 1 קפליני  5,גרמים,500.00,100 גרם,false,1,6.90,1.38,true,1,
8076800195033,false,ספגטי ברילה מס 3 ברילה,,,ספגטי ברילה מס 3 ברי,גרמים,500.00,100 גרם,false,1,6.90,1.38,true,1,
8076800195057,false,ספגטי ברילה מס 5 ברילה,,,ספגטי ברילה מס 5 ברי,גרמים,500.00,100 גרם,false,1,6.90,1.38,true,1,
8076802085738,false,פסטה ברילה פנה רגטה מס 73,,,פסטה ברילה פנה רגטה,גרמים,500.00,100 גרם,false,1,6.90,1.38,true,1,
8076802085936,false,ברילה קונציליאה ריגאטי מס 93,,,ברילה קונציליאה ריגא,גרמים,500.00,100 גרם,false,1,6.90,1.38,true,1,
8076802085981,false,פסטה ברילה פוזילי מס 98,,,פסטה ברילה פוזילי מס,גרמים,500.00,100 גרם,false,1,6.90,1.38,true,1,
8076808050440,false,פסטה ברילה מקרוני מס 44,,,פסטה ברילה מקרוני,גרמים,500.00,100 גרם,false,1,6.90,1.38,true,1,
8076808060654,false,ברילה פרפלה מס 65,,,ברילה פרפלה מס 65,גרמים,500.00,100 גרם,false,1,6.90,1.38,true,1,
8076808150072,false,ספגטי ברילה מס 7 ברילה,,,ספגטי ברילה מס 7 ברי,גרמים,500.00,100 גרם,false,1,6.90,1.38,true,1,
8076809512268,false,ברילה גירנדולה מס 34,,,ברילה גירנדולה מס 34,גרמים,500.00,100 גרם,false,1,6.90,1.38,true,1,
8076809513388,false,רוטב ארביאטה 400 גרם ברילה,,,רוטב ארביאטה 400 גרם,גרמים,400.00,100 גרם,false,1,14.90,3.73,true,1,
8076809513654,false,בסיס רוטב עגבניות לבולונז 400 גרם ברילה,,,בסיס רוטב עגבניות לב,גרמים,400.00,100 גרם,false,1,14.90,3.73,true,1,
8076809513739,false,רוטב בזיליקום 400 גרם ברילה,,,רוטב בזיליקום 400 גר,גרמים,400.00,100 גרם,false,1,14.90,3.73,true,1,
8076809514774,false,פסטה עם ביצים פפרדלה 250 גר,,,פסטה עם ביצים פפרדלה,גרמים,250.00,100 גרם,false,1,17.90,7.16,true,1,
8076809545440,false,ברילה ספגטי ללא גלוטן 400 גרם,,,ברילה ספגטי,גרמים,400.00,100 גרם,false,1,14.90,3.73,true,1,
8076809547956,false,ברילה צ.ק קיפרי 500 גרם,,IT,ברילה  קיפרי 500 גר,גרמים,500.00,100 גרם,false,1,6.90,1.38,true,1,
8190010296523,false,"כרוב חמוציות 1 ק""ג",,,"כרוב חמוציות 1 ק""ג",גרמים,1000.00,100 גרם,false,1,23.90,2.39,true,1,
8410001109978,false,ספוגי קרצוף ללכלוך קשה זוג,,ES,ספוגי קרצוף ללכלוך ק,Unknown,0.00,Unknown,false,1,12.90,12.90,true,1,
8410031132519,false,צופה צופס-לקקן 16 יח בשקית  120 גר,,AT,צופה צופס-לקקן 16 יח,גרמים,120.00,100 גרם,false,1,14.60,12.17,true,1,
8410076600622,false,נייטשר וואלי שוקו ציפס,,,נייטשר וואלי שוקו צי,גרמים,175.00,100 גרם,false,1,19.90,11.37,true,1,
8410076610492,false,חטיף צואי נייטשר וואלי בוטנים אמיתית 150,,,חטיף צואי נייטשר ווא,גרמים,150.00,100 גרם,false,1,19.90,13.27,true,1,
8410076610508,false,חטיף צואי נייטשר וואלי בוטנים ושקדים 150,,,חטיף צואי נייטשר ווא,גרמים,150.00,100 גרם,false,1,19.90,13.27,true,1,
8410104044916,false,פיניש אבקה למדיח 2.7 לימון,,,פיניש אבקה למדיח 2.7,קילוגרמים,0.00,"ק""ג",false,1,50.50,50.50,true,1,
8410104045111,false,פיניש מלח 2 קג,,,פיניש מלח 2 קג,קילוגרמים,0.00,"ק""ג",false,1,14.90,14.90,true,1,
8410525116759,false,פיני גומי בננה 90 גרם,,ES,פיני גומי בננה 90 גר,גרמים,90.00,100 גרם,false,1,6.90,7.67,true,1,
8410525125973,false,פיני גומי נחשים 90 גרם,,ES,פיני גומי נחשים 90 ג,גרמים,90.00,100 גרם,false,1,6.90,7.67,true,1,
8410655002458,false,"בירה סאן מיגל ללא גלוטן 330 מ""ל",,,בירה סאן מיגל ללא גל,מיליליטרים,330.00,"100 מ""ל",false,1,12.50,3.79,true,1,
8410743700303,false,יין קווה קסטילו פרלדה חצי יבש 750 מל,,,יין קווה קסטילו פרלד,Unknown,0.00,Unknown,false,1,51.90,51.90,true,1,
8410793262936,false,"אסטרייה דאם דאורה ללא גלוטן 330 מ""ל",,,אסטרייה דאם דאורה בק,מיליליטרים,330.00,"100 מ""ל",false,1,9.90,3.00,true,1,
8412955061579,false,כיסוי קרש גיהוץ 130*45,,,כיסוי קרש גיהוץ 130*,Unknown,0.00,Unknown,false,1,79.00,79.00,true,1,
8412955063177,false,משטח להגנת הבגד בגיהוץ,,,משטח להגנת הבגד בגיה,Unknown,0.00,Unknown,false,1,25.00,25.00,true,1,
8413165070825,false,אוגרטה ריוחה קוסצה 2012 750 מל,,,אוגרטה ריוחה קוסצה,Unknown,0.00,Unknown,false,1,46.90,46.90,true,1,
8423207206501,false,חטיף רב דגנים עם שוקולד חלב 78 גרם,,,חטיף רב דגנים עם שוק,גרמים,78.00,100 גרם,false,1,10.90,13.97,true,1,
8423207208260,false,חטיף סלים דליס ללא גלוטן שוקולד חלב 78 ג,,,חטיף סלים דליס ללא ג,גרמים,78.00,100 גרם,false,1,10.90,13.97,true,1,
8423207208680,false,סלים דליס לילדים עם שוקולד חלב 120 גרם,,,סלים דליס לילדים עם,גרמים,120.00,100 גרם,false,1,10.90,9.08,true,1,
8431438000256,false,מנצגו קייסו ספרדי במשקל,,,מנצגו קייסו ספרדי במ,Unknown,0.00,"ק""ג",true,0,188.00,188.00,true,1,
8435495819363,false,מרכך כביסה fres&gentele תינוקלין 1 ליטר,,,מרכך כביסה fres&gent,מיליליטרים,1000.00,"100 מ""ל",false,1,20.90,2.09,true,1,
8606109023593,false,פרוויטה מיץ תפוחי עץ ואגסים 750 מל,,RS,פרוויטה מיץ תפוחי עץ,מיליליטרים,750.00,"100 מ""ל",false,1,13.90,1.85,true,1,
8606109023609,false,"פרוויטה מיץ תפוחי עץ ודובדבנים 750 מ""ל",,RS,פרוויטה מיץ תפוחי עץ,מיליליטרים,750.00,"100 מ""ל",false,1,13.90,1.85,true,1,
8606109023623,false,פרוויטה מיץ תפוחי עץ ולימון ליים 750 מ,,RS,פרוויטה מיץ תפוחי עץ,מיליליטרים,750.00,"100 מ""ל",false,1,13.90,1.85,true,1,
8606109023715,false,פרוויטה מיץ תפוחי עץ ואפרסקים 750 מל,,RS,פרוויטה מיץ תפוחי עץ,מיליליטרים,750.00,"100 מ""ל",false,1,13.90,1.85,true,1,
8683130025574,false,בדין אקסטרא לבנדר 960 מל,,,בדין אקסטרא לבנדר 96,מיליליטרים,960.00,"100 מ""ל",false,1,14.90,1.55,true,1,
8690530015043,false,נייר מגבת סלפאק 3 שכבות 6 יח,,,נייר מגבת סלפאק 3 שכ,מטרים,64.00,מטר,false,1,16.90,0.26,true,1,
8690637073434,false,תה ארל גריי 100 סרוויס,,,תה ארל גריי 100 שקיק,גרמים,200.00,100 גרם,false,1,28.90,14.45,true,1,
8690637871245,false,מיונז אמיתי הלמנס לחיץ 395 גם,,TR,מיונז אמיתי הלמנס לח,גרמים,395.00,100 גרם,false,1,14.90,3.77,true,1,
8690637946301,false,"מרכך כביסה בדין אקסטרא בייבי 960 מ""ל",,TR,מרכך כביסה בדין אקסט,מיליליטרים,960.00,"100 מ""ל",false,1,14.90,1.55,true,1,
8690766156381,false,שוקולד מריר 90% גודייבה 90 גר,,TR,שוקולד מריר 90% גודי,גרמים,90.00,100 גרם,false,1,14.90,16.56,true,1,
8690792027785,false,ריבת דובדבן 45% פרי 700 גר GULSAN,,TR,ריבת דובדבן 45% פרי,גרמים,700.00,100 גרם,false,1,19.90,2.84,true,1,
8693357179844,false,בייסיק ספל מאג מחוסם,,,בייסיק ספל מאג מחוסם,Unknown,0.00,Unknown,false,1,8.90,8.90,true,1,
8697418280173,false,עלי טורטייה מחיטה מלאה 840 גרם  LAVALIA,,,עלי טורטייה מחיטה מל,גרמים,840.00,100 גרם,false,1,26.70,3.18,true,1,
8697659224066,false,מטהר אוויר TROPICAL אטק 400 מל,,,מטהר אוויר TROPICAL,מיליליטרים,400.00,"100 מ""ל",false,1,11.50,2.88,true,1,
8710447284117,false,"גל רחצה אקס בלק 400 מ""ל",,,גל רחצה אקס בלק 400,מיליליטרים,400.00,"100 מ""ל",false,1,10.90,2.73,true,1,
8710448588764,false,רוטב לסלט שום ועשבי תיבול רמייה 500 גר,,NL,רוטב לסלט שום ועשבי,גרמים,500.00,100 גרם,false,1,13.50,2.70,true,1,
8712000051099,false,"שישיית בירה היינקן 0.0% אלכוהול 330 מ""ל",,,שישיית בירה היינקן 0,מיליליטרים,1980.00,"100 מ""ל",false,1,32.60,1.65,true,1,
8712561594608,false,"תחליב רחצה דאב להזנה עמוקה 750 מ""ל",,,תחליב רחצה דאב להזנה,מיליליטרים,750.00,"100 מ""ל",false,1,19.90,2.65,true,1,
8713505038608,false,גאודה הולנדית פטריות כמהין במשקל,,,גאודה הולנדית פטריות,Unknown,0.00,"ק""ג",true,0,183.00,183.00,true,1,
8714599513781,false,גיקובס גולד מיובש בהקפאה 200 גר,,,גיקובס גולד מיובש בה,גרמים,200.00,100 גרם,false,1,24.90,12.45,true,1,
8714599513835,false,קפה גיקובס קרונונג נטול קופאין 200 גר,,,קפה גיקובס קרונונג נ,גרמים,200.00,100 גרם,false,1,34.90,17.45,true,1,
8714599513866,false,גיקובס קרונונג מיובש בהקפאה 200 גר,,,גיקובס קרונונג מיובש,גרמים,200.00,100 גרם,false,1,24.90,12.45,true,1,
8714789402970,false,אגקס חגיגת פרחים 1.5 ל ירוק בניחוח אביב,,,אגקס חגיגת פרחים 1.5,ליטרים,0.00,ליטר,false,1,22.90,22.90,true,1,
8714789450315,false,פלמוליב נוזל כלים לימון 1.5 ליטר,,,פלמוליב נוזל כלים לי,ליטרים,0.00,ליטר,false,1,17.70,17.70,true,1,
8714789797786,false,פלמוליב לכלים  4 ב-1 כתום 750 מל,,,פלמוליב כלים  4 ב-1,מיליליטרים,750.00,"100 מ""ל",false,1,11.50,1.53,true,1,
8715035150300,false,"רוטב סויה קיקומן ללא גלוטן 250 מ""ל",,NL,רוטב סויה קיקומן ללא,מיליליטרים,250.00,"100 מ""ל",false,1,22.90,9.16,true,1,
8715700110141,false,מיונז בצנצנת היינץ 460 גרם,,,מיונז בצנצנת היינץ 4,גרמים,460.00,100 גרם,false,1,11.90,2.59,true,1,
8715700419732,false,מתבל היינץ 700 גרם,,,מתבל היינץ 700 גרם,גרמים,700.00,100 גרם,false,1,11.90,1.70,true,1,
8715700422473,false,מיונז לחיץ היינץ 395 גרם,,,מיונז לחיץ היינץ 395,גרמים,395.00,100 גרם,false,1,14.90,3.77,true,1,
8715700423906,false,"מתבל עגבניות מופחת נתרן,פחות סוכר 555 גר",,,מתבל עגבניות מופחת נ,גרמים,555.00,100 גרם,false,1,11.50,2.07,true,1,
8716605000995,false,גבינה מסדאם הולנדית במשקל,,,גבינה מסדאם הולנדית,Unknown,0.00,"ק""ג",true,0,80.00,80.00,true,1,
8717677338610,false,טוני שוקולונלי שוקולד בייגלה טופ 180 ג,,NL,טוני שוקולונלי שוקול,מיליליטרים,180.00,"100 מ""ל",false,1,20.90,11.61,true,1,
8718951030169,false,"מש.שיניים קולגייט סנסטיב להלבנה 75 מ""ל",,PL,מש.שיניים קולגייט סנ,מיליליטרים,75.00,"100 מ""ל",false,1,20.90,27.87,true,1,
8718951236806,false,"מש.שיניים קולגייט טוטל להלבנה 100 מ""ל",,PL,קולגייט טוטל הלבנה,מיליליטרים,100.00,"100 מ""ל",false,1,15.90,15.90,true,1,
8718951236813,false,מש.שיניים קולגייט טוטל לניקוי מתקדם 100,,PL,מש.שיניים קולגייט טו,מיליליטרים,100.00,"100 מ""ל",false,1,15.90,15.90,true,1,
8718951334120,false,"מרכך כביסה סופלין מרוכז לבנדר 650 מ""ל",,GR,מרכך כביסה סופלין מר,מיליליטרים,650.00,"100 מ""ל",false,1,11.90,1.83,true,1,
8718951443358,false,"סבון ידיים פלמוליב מארז שלישייה 900 מ""ל",,,סבון ידיים פלמוליב מ,מיליליטרים,900.00,"100 מ""ל",false,1,29.50,3.28,true,1,
8720181201332,false,דאב אל סבון מוצק גרגרים 90 גרם *4,,DE,דאב אל סבון מוצק גרג,גרמים,360.00,100 גרם,false,1,18.90,5.25,true,1,
8720182253156,false,דאב אל סבון מוצק מלפפונים 90 גרם *4,,DE,דאב אל סבון מוצק מלפ,גרמים,360.00,100 גרם,false,1,18.90,5.25,true,1,
8801055709458,false,נסקפה קפוצינו קרמל  10*17גרם,,,נסקפה קפוצינו קרמל,גרמים,170.00,100 גרם,false,1,18.90,11.12,true,1,
8801055709465,false,נסקפה קפוצינו וניל  10*18.5 גרם,,,נסקפה קפוצינו וניל,גרמים,185.00,100 גרם,false,1,18.90,10.22,true,1,
8801085020301,false,אטריות נאמה אודון 200 גרם,,,אטריות נאמה אודון 20,גרמים,200.00,100 גרם,false,1,10.00,5.00,true,1,
8850367300266,false,תערובת חמשת תבלינים 50 גרם,,,תערובת חמשת תבלינים,Unknown,0.00,Unknown,false,1,11.50,11.50,true,1,
8850367992164,false,קרם קוקוס 250 מל 20-22% ללא חומר משמר,,,"קרם קוקוס 250 מ""ל 20",גרמים,250.00,100 גרם,false,1,8.40,3.36,true,1,
8850389105825,false,סאפה אלוורה ענבים 1 ליטר,,,סאפה אלוורה ענבים 1,מיליליטרים,1000.00,"100 מ""ל",false,1,14.90,1.49,true,1,
8850389105849,false,סאפה אלוורה אפרסק 1 ליטר,,,סאפה אלוורה אפרסק 1,מיליליטרים,1000.00,"100 מ""ל",false,1,14.90,1.49,true,1,
8853662004020,false,"רוטב צילי מתוק 725 מ""ל EXOTIC",,,רוטב צילי מתוק 725 מ,מיליליטרים,725.00,"100 מ""ל",false,1,16.20,2.23,true,1,
8854661009726,false,שרימפס טמפורה 300 גר,,,שרימפס טמפורה 300 גר,גרמים,300.00,100 גרם,false,1,35.50,11.83,true,1,
8858271003075,false,רוטב סויה מתוקה 700 גרם מקסצאפ,,,רוטב סויה מתוקה 700,מיליליטרים,700.00,"100 מ""ל",false,1,16.90,2.41,true,1,
8901537024014,false,"אורז בסמטי מובחר דאווט 1 ק""ג",,,אורז בסמטי מובחר,גרמים,1000.00,100 גרם,false,1,11.90,1.19,true,1,
8901537076679,false,"אורז בסמטי חום מלא דאווט 1 ק""ג",,,אורז בסמטי חום מלא ד,גרמים,1000.00,100 גרם,false,1,11.90,1.19,true,1,
8904180001401,false,ממרח קארי וינדאלו 300 גרם,,,ממרח קארי וינדאלו 30,גרמים,300.00,100 גרם,false,1,19.90,6.63,true,1,
8906000596999,false,אורז בסמטי מלא 1 קג,,,אורז בסמטי מלא 1 קג,גרמים,1000.00,100 גרם,false,1,10.90,1.09,true,1,
8906022930009,false,קטורת נאג צמפה אדום 12 יחידות,,,קטורת נאג צמפה אדום,Unknown,0.00,Unknown,false,1,12.90,12.90,true,1,
8935083158008,false,קוקטייל פירות ים 500 גר,,,קוקטייל פירות ים 500,גרמים,500.00,100 גרם,false,1,31.50,6.30,true,1,
8935215401873,false,טבעות קלמרי 500 גר,,,קלמרי טבעות 500 גר,גרמים,500.00,100 גרם,false,1,29.50,5.90,true,1,
9000101418163,false,ברף בניחוח מתחלף תפוח ירוק נופר 50 גר,,RS,ברף בניחוח מתחלף תפו,יחידה,1.00,יחידה,false,1,19.90,19.90,true,1,
9310072028750,false,טים טם דאבל 200 גרם,,,טים טם דאבל 200 גרם,גרמים,200.00,100 גרם,false,1,19.90,9.95,true,1,
9414416305528,false,יין פרייבט בין סוביניון בלאן 750 מל,,,יין פרייבט בין סובינ,Unknown,0.00,Unknown,false,1,83.90,83.90,true,1,
9720006678751,false,כבד דגים איסלנד 115 גרם,,,כבד דגים 115 גרם,גרמים,115.00,100 גרם,false,1,8.90,7.74,true,1,
9720188060108,false,שמנת טופו בטעמים 360 גרם,,,שמנת טופו בטעמים 360,גרמים,360.00,100 גרם,false,1,18.90,5.25,true,1,
9871184221359,false,גאודה הולנדית 30% במשקל,,,גאודה הולנדית 30%,Unknown,0.00,"ק""ג",true,0,73.00,73.00,true,1,
9871184221365,false,גאודה הולנדית עם רוטב חריף סמבל במשקל,,,גאודה הולנדית,Unknown,0.00,"ק""ג",true,0,129.00,129.00,true,1,
9871184221367,false,גאודה עיזים הולנדית במשקל,,,גאודה עיזים הולנדית,Unknown,0.00,"ק""ג",true,0,115.00,115.00,true,1,
