code,internal_code,name,manufacturer_name,manufacture_country,manufacturer_item_description,unit_qty,quantity,unit_of_measure,weighted,qty_in_package,price,unit_of_measure_price,allow_discount,status,item_id
30079236,false,מסקרה ווליום עמיד יח',,IL,מסקרה ווליום עמי,יחידה,1.00,יחידה,false,1,41.90,41.90,true,1,
30079847,false,מסקרה ווליום עמיד יח',,IL,מסקרה ווליום,יחידה,1.00,יחידה,false,1,39.90,39.90,true,1,
30145382,false,קולוריש סלים מאט 602יח',,FR,קולוריש סלים מאט,יחידה,1.00,יחידה,false,1,55.00,55.00,true,1,
30145535,false,שפתון אינק וויניל 20 יח,סופרוג'ם,FR,שפתון אינק וויני,יחידה,1.00,יחידה,false,1,45.00,45.00,true,1,
30148116,false,שפתון אינק וויניל 15 יח,סופרוג'ם,FR,שפתון אינק וויני,יחידה,1.00,יחידה,false,1,45.00,45.00,true,1,
30150669,false,שפתון אינק וויניל 50 יח,סופרוג'ם,FR,שפתון אינק וויני,יחידה,1.00,יחידה,false,1,45.00,45.00,true,1,
30152830,false,סקיי היי מסקרה קוסמיק יח,סייפו,IT,סקיי היי מסקרה ק,יחידה,1.00,יחידה,false,1,45.00,45.00,true,1,
30153219,false,שפתון אינק וויניל 35 יח,סופרוג'ם,FR,שפתון אינק וויני,יחידה,1.00,יחידה,false,1,45.00,45.00,true,1,
30153226,false,שפתון אינק וויניל 55 יח,סופרוג'ם,FR,שפתון אינק וויני,יחידה,1.00,יחידה,false,1,45.00,45.00,true,1,
30160903,false,מסקרה מגה ווליום אייר עמ,,IT,מסקרה מגה ווליום,יחידה,1.00,יחידה,false,1,50.00,50.00,true,1,
30162174,false,VOLUME AIR מסקרה במים,,IT,VOLUME AIR מסקרה,יחידה,1.00,יחידה,false,1,50.00,50.00,true,1,
30166967,false,מסקרה HIGH SKY,סייפו,IT,מסקרה HIGH SKY,יחידה,1.00,יחידה,false,1,45.00,45.00,true,1,
30173583,false,קונסילר אינפלבל 323 יח',,IL,קונסילר אינפלבל,יחידה,1.00,יחידה,false,1,67.90,67.90,true,1,
30173606,false,קונסילר אינפליבל 325,לוריאל,FR,קונסילר אינפליבל,יחידה,1.00,יחידה,false,1,67.90,67.90,true,1,
30175228,false,מאט סינגנצר שחור 01 יח',,IT,מאט סינגנצר שחור,יחידה,1.00,יחידה,false,1,60.00,60.00,true,1,
40144061,false,חטיף וופל קנופרס 25 גרם,שטורק,DE,חטיף וופל,גרמים,25.00,100 גרם,false,1,3.60,14.40,true,1,
42182115,false,מסטיק 5 ספירמינט סטיקס40,ריגלי צרפת,FR,5 מנטה עדינה,גרמים,40.00,100 גרם,false,0,6.90,17.25,true,1,
42207443,false,"קרם ניוואה סופט 50 מ""ל",ביירסדורץ,IL,קרם ניוואה סופט,מיליליטרים,50.00,"100 מ""ל",false,0,8.90,17.80,true,1,
59016441,false,"דאו רול און פרוט 50 מ""ל","יוניליוור אנגליה, דרך קו",GB,דאו.רקסונה,מיליליטרים,50.00,"100 מ""ל",false,1,17.90,35.80,true,1,
59079378,false,דאו.אקס רול און אייס 50מ,"יוניליוור אנגליה, דרך קו",GB,דאודורנט אקס,מיליליטרים,50.00,"100 מ""ל",false,1,21.90,43.80,true,1,
59079798,false,דאו רול און שאוור פרש50מ,"יוניליוור אנגליה, דרך קו",GB,דאו.רקסונה,מיליליטרים,50.00,"100 מ""ל",false,1,17.90,35.80,true,1,
59082637,false,דאו רול און אקסטרה 50ג,,GB,רקסונה רול און,מיליליטרים,50.00,"100 מ""ל",false,1,17.90,35.80,true,1,
59085645,false,דאו.דאב רול און אסאי 50,"יוניליוור אנגליה, דרך קו",GB,דאודורנט דאב,מיליליטרים,50.00,"100 מ""ל",false,1,12.90,25.80,true,1,
72994061,false,פסק זמן 2 גוד 36 גרם,שולן צ'\יקולטה גידה סאן.,TR,פסק זמן 2 גוד,גרמים,36.00,100 גרם,false,0,5.00,13.89,true,1,
80001287,false,חטיף גרדנה אגוז 38 גרם,,AT,חטיף גרדנה,גרמים,38.00,100 גרם,false,0,4.90,12.89,true,1,
80136194,false,הפי היפו אגוזי לוז 23*5ג,פררו,DE,חטיף הפי היפו5יח,גרמים,115.00,100 גרם,false,1,13.90,12.09,true,1,
80177609,false,אצבעות שוקולד קינדר50גרם,פררו,IT,אצבעות קינדר,גרמים,50.00,100 גרם,false,0,5.00,10.00,true,1,
80177616,false,אצבעות שוקולד קינדר100גר,פררו,IT,שוקולד קינדר,גרמים,100.00,100 גרם,false,0,8.90,8.90,true,1,
80761761,false,קינדר בואנו לבן 19.5*2גר,פררו,PL,קינדר בואנו לבן,גרמים,39.00,100 גרם,false,0,5.00,12.82,true,1,
80773429,false,מסטיק מנטוס בקבוק תות60ג,"פרפטי ואן מלה ג'\ידה,סאן",TR,מנטוס בקבוק,גרמים,60.00,100 גרם,false,1,8.90,14.83,true,1,
80780595,false,מסטיק מנטה עדינה בקבוק90,,TR,מסטיק מנטוס,גרמים,90.00,100 גרם,false,1,19.90,22.11,true,1,
80790990,false,מסטיק פירות מנטה בקבוק,"פרפטי ואן מלה ג'\ידה,סאן",TR,מסטיק מנטוס,גרמים,60.00,100 גרם,false,1,8.90,14.83,true,1,
80804697,false,מסטיק מנטוס מנטה מתוקה,פרפטי ואן מלה,TR,מסטיק מנטוס,גרמים,105.00,100 גרם,false,1,19.90,18.95,true,1,
80843184,false,מסטיק פיורפרש ענבים60גר,,TR,מסטיק מנטוס,גרמים,60.00,100 גרם,false,1,8.90,14.83,true,1,
80854753,false,"סוכ.מנטוס מנטה לל""ס21גרם",פרפטי ואן מלה,NL,סוכריות מנטוס,גרמים,21.00,100 גרם,false,1,6.90,32.86,true,1,
80864295,false,מנטוס פיורוויט מנטה עדין,"פרפטי ואן מלה ג'ידה,סאן",TR,מנטוס פיור וויט,גרמים,60.00,100 גרם,false,1,8.90,14.84,true,1,
80896081,false,מסטיק מנטוס אבטיח60גרם,"פרפטי ואן מלה ג'\ידה,סאן",TR,מנטוס בקבוק,גרמים,60.00,100 גרם,false,1,8.90,14.83,true,1,
80913467,false,מסטיק מנטוס מנטה בקבוק60,פרפטי ואן מלה,TR,מסטיק מנטוס,גרמים,60.00,100 גרם,false,1,8.90,14.83,true,1,
80926481,false,מסטיק מנטוס אבטיח90גרם,"פרפטי ואן מלה ג'ידה,סאן",TR,מסטיק מנטוס,גרמים,90.00,100 גרם,false,1,19.90,22.11,true,1,
80945468,false,מנטוס פיורוויט מנטה מתוק,"פרפטי ואן מלה ג'ידה,סאן",TR,מנטוס פיור וויט,גרמים,60.00,100 גרם,false,1,8.90,14.84,true,1,
80974215,false,מסטיק מנטוס תות בקבוק90ג,"פרפטי ואן מלה ג'ידה,סאן",TR,מסטיק מנטוס,גרמים,90.00,100 גרם,false,1,19.90,22.11,true,1,
80979128,false,מסטיק פיורפרש דובדבן60ג,,TR,מסטיק מנטוס,גרמים,60.00,100 גרם,false,1,8.90,14.83,true,1,
80982470,false,מסטיק מנטוס מנטה חזקה60ג,,TR,מסטיק מנטוס,גרמים,60.00,100 גרם,false,1,8.90,14.83,true,1,
87108538,false,מנטוס תות גליל 37.5 גר,פרפטי ואן מלה ברדה,NL,מנטוס תות,גרמים,37.00,100 גרם,false,0,3.90,10.54,true,1,
87108712,false,מנטוס טעם פירות4יח37.5Xג,פרפטי ואן מלה,NL,מנטוס פירות 4,גרמים,150.00,100 גרם,false,0,11.90,7.93,true,1,
87342802,false,דאו.אקס רול און גולד 50מ,"יוניליוור אנגליה, דרך קו",GB,דאודורנט אקס,מיליליטרים,50.00,"100 מ""ל",false,1,21.90,43.80,true,1,
96033531,true,דאודורנט רול-און רימונים,"יוניליוור אנגליה, דרך קו",GB,דאו רולאון רימון,מיליליטרים,50.00,"100 מ""ל",false,1,12.90,25.80,true,1,
96130339,true,דאו.דאב 0% אלומיניום 50מ,"יוניליוור אנגליה, דרך קו",IT,דאודורנט דאב,מיליליטרים,50.00,"100 מ""ל",false,1,12.90,25.80,true,1,
16000423534,false,קראנצי שיבולת ושוקולד5יח,ג'נרל מילס סאן אדריאן,ES,חטיף נייצ'ר ואלי,גרמים,210.00,100 גרם,false,0,14.90,7.10,true,1,
16000548404,false,חטיף נייטשר וואלי דבש5יח,ג'נרל מילס סאן אדריאן,ES,חטיף נייטשר ואלי,גרמים,210.00,100 גרם,false,0,14.90,7.10,true,1,
20714156893,false,הפי אדפ לאשה 100מל,קליניק בישום,US,הפי אדפ,מיליליטרים,100.00,"100 מ""ל",false,0,169.00,169.00,true,1,
20714227661,false,סבון פנים לעור מעורב200מ,קליניק,BE,סבון פנים לעור,מיליליטרים,200.00,"100 מ""ל",false,0,115.00,57.50,true,1,
20714711900,false,מייק אפ וקוניסלר 07,קליניק,BE,מייק אפ וקוניסלר,יחידה,1.00,יחידה,false,0,210.00,210.00,true,1,
20714968908,false,קונסילר טיפולי Ch Cream,,CA,קונסילר טיפולי,יחידה,1.00,יחידה,false,1,145.00,145.00,true,1,
20714984236,false,מויסטר סרג' עיניים 15 מל,קליניק,US,מויסטר סרג' עיני,מיליליטרים,15.00,"100 מ""ל",false,1,159.00,1060.00,true,1,
22200956932,false,ספיד סטיק ג'ל 24/7 כחול,קולגייט פלמוליב,US,דאודורנט ג'ל,גרמים,85.00,100 גרם,false,0,17.90,21.06,true,1,
22200956949,false,ספיד סטיק ג'ל24/7- כתום,קולגייט פלמוליב,US,דאודורנט,גרמים,85.00,100 גרם,false,0,17.90,21.06,true,1,
27131043317,false,Pleasures אדפ לאשה 100מל,אסתי לאודר בישו,CN,Pleasures אדפ לא,מיליליטרים,100.00,"100 מ""ל",false,0,269.00,269.00,true,1,
27131187073,false,WEAR DOUBLE מייק אפ 4N1,אסתי לאודר,BE,WEAR DOUBLE מייק,מיליליטרים,30.00,"100 מ""ל",false,0,159.00,530.00,true,1,
27131228387,false,WEAR DOUBLE מייק אפ 3N1,אסתי לאודר,BE,מייק אפ 3N1,מיליליטרים,30.00,"100 מ""ל",false,0,159.00,530.00,true,1,
27131392330,false,WEAR DOUBLE מייק אפ 1N2,אסתי לאודר,BE,מייק אפ 1N2,מיליליטרים,30.00,"100 מ""ל",false,0,159.00,530.00,true,1,
27131392385,false,WEAR DOUBLE מייק אפ 3W1,אסתי לאודר,BE,מייק אפ 3W1,מיליליטרים,30.00,"100 מ""ל",false,0,159.00,530.00,true,1,
27131977575,false,WEAR DOUBLE מייק אפ 4N2,אסתי לאודר,BE,מייק אפ 4N2,מיליליטרים,30.00,"100 מ""ל",false,0,159.00,530.00,true,1,
37977005288,false,מאמ זוג מוצצים סיליקון,MAM,HU,זוג מוצצים,יחידה,1.00,יחידה,false,0,34.90,34.90,true,1,
37977005424,false,מאמ-נשכן רב תכליתי יחידה,MAM,HU,נשכן מאמ,יחידה,1.00,יחידה,false,0,32.90,32.90,true,1,
37977005455,false,מאמ מחזיק למוצץ,MAM,HU,מאמ מחזיק למוצץ,יחידה,1.00,יחידה,false,0,29.90,29.90,true,1,
38000232176,false,פרינגלס שמנת בצל 158 גרם,פרינגלס מנופקצ'ורינג קונ,US,פרינגלס שמנת בצל,גרמים,158.00,100 גרם,false,1,8.90,5.64,true,1,
38000232183,false,פרינגלס אורגינל 149 גרם,פרינגלס מנופקצ'ורינג קונ,US,פרינגלס אורגינל,גרמים,149.00,100 גרם,false,1,8.90,5.97,true,1,
40000513568,false,עדשים מ&מ'ס שוקולד 156 ג,מרס,US,עדשים מ&מ'ס,גרמים,156.00,100 גרם,false,1,12.50,8.01,true,1,
40000513629,false,עדשים מ&מ'ס חמאת בוט142ג,מרס,US,עדשים מ&מ'ס,גרמים,142.00,100 גרם,false,1,12.50,8.80,true,1,
40000514480,false,עדשי מ&מ'ס שוקולד 48 גרם,מרס,US,עדשי מ&מ'ס,גרמים,48.00,100 גרם,false,1,5.00,10.42,true,1,
40000514510,false,עדשי מ&מ'ס בוטנים 49 גרם,מרס,US,עדשי מ&מ'ס,גרמים,49.00,100 גרם,false,1,5.00,10.20,true,1,
46688100502,false,קרם מבהיר שיער,,US,קרם מבהיר שיער,גרמים,28.00,100 גרם,false,0,76.90,274.64,true,1,
77245110610,false,סוכריות מאסט מנטה 80 גרם,עלית,PL,סוכריות מאסט,גרמים,80.00,100 גרם,false,0,8.90,11.13,true,1,
79625017861,false,מארז סט מברשות,,IL,מארז סט מברשות,יחידה,1.00,יחידה,false,1,99.00,99.00,true,1,
85715323002,false,"גאס בלה ויטה אדפ 100 מ""ל",,US,גאס בלה ויטה אדפ,מיליליטרים,100.00,"100 מ""ל",false,1,219.00,219.00,true,1,
85805219741,false,מיי פיפט אבניו אדפ 100 מ,,US,מיי פיפט אבניו א,מיליליטרים,100.00,"100 מ""ל",false,1,249.00,249.00,true,1,
85805390600,false,פיפט אווניו אדפ לאשה125מ,אלפא בישום,US,פיפט אווניו אדפ,מיליליטרים,125.00,"100 מ""ל",false,0,119.00,95.20,true,1,
88300605514,false,ק.ק איטרנטי א.ד.ט 100מל,קלווין קליין,FR,איטרנטי אדט לגבר,מיליליטרים,100.00,"100 מ""ל",false,0,169.00,169.00,true,1,
192333066935,false,מויסטר סרג' 100 שעות 50מ,,US,מויסטר סרג' 100,מיליליטרים,50.00,"100 מ""ל",false,1,155.00,310.00,true,1,
192333077894,false,איבן בטר קליניקל 70מייק,,FR,איבן בטר קליניקל,מיליליטרים,30.00,"100 מ""ל",false,1,220.00,733.33,true,1,
192333119921,false,מתנת תיק עם 4 פר,,,מתנת תיק עם 4 פר,יחידה,1.00,יחידה,false,0,49.00,49.00,true,1,
192333119952,false,תיק מתנות 4 פריטים,קליניק,GB,תיק מתנות,יחידה,1.00,יחידה,false,1,49.00,49.00,true,1,
192333138427,false,מייק אפ איבן בטר וניל10מ,אסתי לאודר,BE,מייק אפ איבן בטר,מיליליטרים,10.00,"100 מ""ל",false,1,14.90,149.00,true,1,
305210464728,false,וזלין לשפתיים קרם ברולה,,US,וזלין לשפתיים קר,יחידה,1.00,יחידה,false,1,14.90,14.90,true,1,
305213079004,false,קרם גוף וזלין להזנה 600,"יוניליוור, ג'פרסון סיטי,",US,קרם גוף ואלין,מיליליטרים,600.00,"100 מ""ל",false,1,25.90,4.32,true,1,
309970064495,false,שמן שפתיים קיס גלואו 9 י,,FR,שמן שפתיים קיס ג,יחידה,1.00,יחידה,false,1,58.00,58.00,true,1,
309970078775,false,סומק 27 הוט ציקס יח',,US,סומק 27 הוט ציקס,יחידה,1.00,יחידה,false,1,69.90,69.90,true,1,
309970117078,false,שפתון קולורסטיי אינק 6,,US,שפתון קולורסטיי,יחידה,1.00,יחידה,false,1,69.90,69.90,true,1,
309970117108,false,שפתון קולורסטיי אינק 9,,US,שפתון קולורסטיי,יחידה,1.00,יחידה,false,1,69.90,69.90,true,1,
309970126476,false,מסקרה סו פירס ביג בד לאש,,IT,מסקרה סו פירס בי,יחידה,1.00,יחידה,false,1,69.90,69.90,true,1,
309970131180,false,שפתון קולורסטיי אינק 19,,US,שפתון קולורסטיי,יחידה,1.00,יחידה,false,1,69.90,69.90,true,1,
309974244589,false,שפתון ק.סטיי אוברטיים410,רבלון,US,שפתון ק.סטיי אוב,יחידה,1.00,יחידה,false,0,72.90,72.90,true,1,
309975210187,false,קולור סטיי צללית805יח',רבלון,MX,קולור סטיי צללית,יחידה,1.00,יחידה,false,1,72.90,72.90,true,1,
309975316742,false,שפתון ק.סטיי אוברטיים510,רבלון,FR,שפתון ק.סטיי אוב,יחידה,1.00,יחידה,false,1,72.90,72.90,true,1,
309975410020,false,מייק אפ קולורסטיי 150,רבלון,US,מייק אפ קולורסטי,מיליליטרים,30.00,"100 מ""ל",false,0,104.90,349.67,true,1,
309975410068,false,מייק אפ קולורסטיי 240,רבלון,US,מייק אפ קולורסטי,מיליליטרים,30.00,"100 מ""ל",false,0,104.90,349.67,true,1,
309975410075,false,מייק אפ קולורסטיי 250,רבלון,US,מייק אפ קולורסטי,מיליליטרים,30.00,"100 מ""ל",false,0,104.90,349.67,true,1,
309975410112,false,מייק אפ Tan Natural 330,רבלון,US,מייק אפ,מיליליטרים,30.00,"100 מ""ל",false,0,104.90,349.67,true,1,
309975410129,false,מייק אפ קולורסטיי 340,רבלון,US,מייק אפ קולורסטי,מיליליטרים,30.00,"100 מ""ל",false,0,104.90,349.67,true,1,
309975415070,false,COLORSTAY מייק אפ משאבה,רבלון,US,מייק אפ 250,מיליליטרים,30.00,"100 מ""ל",false,0,104.90,349.67,true,1,
309975415087,false,מייק אפ קולורסטיי 320,רבלון,US,מייק אפ קולורסטי,מיליליטרים,30.00,"100 מ""ל",false,0,104.90,349.67,true,1,
309975969016,false,איילינר סקיני שחור יח',רבלון,US,איילינר סקיני שח,יחידה,1.00,יחידה,false,0,75.90,75.90,true,1,
309976047027,false,קולורסטיי פודרה דחוסה820,רבלון,US,פודרה דחוסה,יחידה,1.00,יחידה,false,0,106.90,106.90,true,1,
309976047041,false,פודרה דחוסה Medium 840,רבלון,US,פודרה דחוסה 840,יחידה,1.00,יחידה,false,0,106.90,106.90,true,1,
309976047058,false,קולורסטיי פודרה דחוסה850,רבלון,US,פודרה דחוסה,יחידה,1.00,יחידה,false,0,106.90,106.90,true,1,
309976182018,false,מסקרה ווליומיזינג שחורה,רבלון,US,מסקרה ווליומיזינ,יחידה,1.00,יחידה,false,1,69.90,69.90,true,1,
309976297019,false,ווליומיזינג מסקרה עמידה,,US,ווליומיזינג מסקר,יחידה,1.00,יחידה,false,1,69.90,69.90,true,1,
309976790015,false,קולרסטיי עפרון עיניים יח,רבלון,US,קולרסטיי עפרון,יחידה,1.00,יחידה,false,1,55.90,55.90,true,1,
309977563014,false,מסקרה סופיירס שחורה יח',,US,מסקרה סופיירס שח,יחידה,1.00,יחידה,false,1,69.90,69.90,true,1,
309979380046,false,שפתון ק.סטיי אוברטיים040,רבלון,US,שפתון ק.סטיי אוב,יחידה,1.00,יחידה,false,0,72.90,72.90,true,1,
309979380367,false,שפתון ק.סטיי אוברטיים036,רבלון,US,שפתון ק.סטיי אוב,יחידה,1.00,יחידה,false,0,72.90,72.90,true,1,
309979380381,false,שפתון ק.סטיי אוברטיים038,רבלון,US,שפתון ק.סטיי אוב,יחידה,1.00,יחידה,false,0,72.90,72.90,true,1,
309979380428,false,שפתון ק.סטיי אוברטיים042,רבלון,US,שפתון ק.סטיי אוב,יחידה,1.00,יחידה,false,0,72.90,72.90,true,1,
608940543313,false,Fleur Reb'l אדפ לאשה100מ,אלפא בישום,US,Fleur Reb'l לאשה,מיליליטרים,100.00,"100 מ""ל",false,0,99.00,99.00,true,1,
608940573341,false,רוז ראש אדפ אשה100מל,,US,רוז ראש אדפ,מיליליטרים,100.00,"100 מ""ל",false,0,109.00,109.00,true,1,
608940574706,false,ALWAYS LOVE Reb'lאדפ100מ,,US,ALWAYS LOVE RRF,מיליליטרים,100.00,"100 מ""ל",false,1,99.00,99.00,true,1,
608940583845,false,בילי אייליש אדפ100מל,,US,Eilish Billieאדפ,מיליליטרים,100.00,"100 מ""ל",false,1,219.00,219.00,true,1,
651080161510,false,35 קיסם עם חוט ג'ורדן,קלרו,CN,קיסם עם חוט,יחידה,1.00,יחידה,false,1,13.50,13.50,true,1,
667548099219,false,אמבר רומנס פרגרנס 250מל,ויקטוריה סיקרט,IL,אמבר רומנס,מיליליטרים,250.00,"100 מ""ל",false,1,49.00,19.60,true,1,
693493018029,false,פודרה GLOW BANANA יח',,IL,פודרה GLO BANANA,יחידה,1.00,יחידה,false,1,155.00,155.00,true,1,
697045161539,false,"קרם יום לפנים 50 מ""ל",,IL,קרם יום לפנים,מיליליטרים,50.00,"100 מ""ל",false,1,59.00,118.00,true,1,
714324102332,false,24 קראט יהלום אדט,ג'יוואגו,IL,24 קראט יהלום אד,מיליליטרים,50.00,"100 מ""ל",false,0,199.00,398.00,true,1,
714324104107,false,24 קאראט קרם גוף 200 מל,ג'יוואגו,IL,24 קאראט קרם גוף,מיליליטרים,200.00,"100 מ""ל",false,0,199.00,99.50,true,1,
714324205101,false,24 קראט אפטר שייב100מל,ג'יוואגו,IL,24 קראט אפטר שיי,מיליליטרים,100.00,"100 מ""ל",false,0,159.00,159.00,true,1,
714324206108,false,24 קראט דיימונד אדפ 75מל,ג'יוואגו,IL,24 קראט דיימונד,מיליליטרים,75.00,"100 מ""ל",false,0,369.00,492.00,true,1,
714324600227,false,"סוזנה אדפ לאשה 100 מ""ל",ג'יוואגו,IL,סוזנה אדפ,מיליליטרים,100.00,"100 מ""ל",false,0,299.00,299.00,true,1,
714324901010,false,ק.לחות ליום עור רגיל 50מ,ג'יווגו טיפוח,IL,ג'יוואגו ק.לחות,מיליליטרים,50.00,"100 מ""ל",false,0,198.00,396.00,true,1,
714324901027,false,ק.יום עור רגיל עד יבש50מ,ג'יווגו טיפוח,IL,קרם לחות יום עור,מיליליטרים,50.00,"100 מ""ל",false,0,210.00,420.00,true,1,
714324901041,false,ק.לילה לעור רגיל יבש50מל,ג'יווגו טיפוח,IL,קרם לילה לעור רג,מיליליטרים,50.00,"100 מ""ל",false,0,198.00,396.00,true,1,
714324901072,false,קרם הזנה לעיניים30מל,ג'יווגו טיפוח,IL,קרם הזנה לעיניים,מיליליטרים,30.00,"100 מ""ל",false,0,198.00,660.00,true,1,
714324901089,false,מסיכת זהב קליאופטרה75מל,ג'יווגו טיפוח,IL,מסיכת זהב קליאופ,מיליליטרים,75.00,"100 מ""ל",false,0,308.00,410.67,true,1,
714324901102,false,"סרום לפנים 30 מ""ל",ג'יווגו טיפוח,IL,סרום לפנים,מיליליטרים,30.00,"100 מ""ל",false,0,228.00,760.00,true,1,
714324901119,false,סבון פנים 150 מל,ג'יווגו טיפוח,IL,סבון פנים,מיליליטרים,150.00,"100 מ""ל",false,0,98.90,65.93,true,1,
714324901126,false,תרחיץ גרגרים עדין 150מל,ג'יווגו טיפוח,IL,תרחיץ גרגרים,מיליליטרים,150.00,"100 מ""ל",false,0,98.90,65.93,true,1,
714324901201,false,ג'יוואגו גולדן מייק אפ,,CN,ג'יוואגו גולדן,יחידה,1.00,יחידה,false,1,139.00,139.00,true,1,
714324901249,false,AMOUREUSE א.ד.פ לאשה,ג'יוואגו,IL,AMOUREUSE א.ד.פ,מיליליטרים,100.00,"100 מ""ל",false,0,369.00,369.00,true,1,
714324901287,false,Elements Golden א.ד.פ.,ג'יוואגו,IL,Elements Golden,מיליליטרים,100.00,"100 מ""ל",false,0,329.00,329.00,true,1,
714324901324,false,קרם גוף וניל טהור 150 מל,ג'יוואגו,IL,קרם וניל טהור,מיליליטרים,150.00,"100 מ""ל",false,0,99.00,66.00,true,1,
714324901331,false,קרם גוף קשר רומנטי150מל,ג'יוואגו,IL,קרם גוף קשר רומנ,מיליליטרים,150.00,"100 מ""ל",false,0,99.00,66.00,true,1,
714324901379,false,קרם גוף וניל מלכות 150מל,ג'יוואגו,IL,קרם גוף וניל מלכ,מיליליטרים,150.00,"100 מ""ל",false,0,99.00,66.00,true,1,
714324901393,false,"קרם גוף אהבה 150 מ""ל",ג'יוואגו,IL,קרם גוף אהבה,מיליליטרים,150.00,"100 מ""ל",false,1,99.00,66.00,true,1,
714324901409,false,קרם גוף ענבר קלאסי150מל,ג'יוואגו,IL,קרם גוף ענבר קלא,מיליליטרים,150.00,"100 מ""ל",false,0,99.00,66.00,true,1,
714324901461,false,"גולד אדיקט 100 מ""ל",,FR,גולד אדיקט,מיליליטרים,100.00,"100 מ""ל",false,1,359.00,359.00,true,1,
714324901478,false,"סטטוס לאשה 100 מ""ל",,FR,סטטוס לאשה,מיליליטרים,100.00,"100 מ""ל",false,1,239.00,239.00,true,1,
714324901522,false,סט גולדן אלמנטס גבר מארז,,FR,סט גולדן אלמנטס,יחידה,1.00,יחידה,false,1,369.00,369.00,true,1,
714324901539,false,סט גולדן אלמנטס לאישה יח,,FR,סט גולדן אלמנטס,יחידה,1.00,יחידה,false,1,499.00,499.00,true,1,
714324901553,false,סט גולדן סנרייז לאישה יח,,FR,סט גולדן סנרייז,יחידה,1.00,יחידה,false,1,499.00,499.00,true,1,
714324901560,false,"דאו.גולדן אלמנטס 200 מ""ל",,FR,גולדן אלמנטס,מיליליטרים,200.00,"100 מ""ל",false,1,34.90,17.45,true,1,
714324901577,false,דאו גולדן אלמנטס גבר200מ,,FR,גולדן אלמנטס,מיליליטרים,200.00,"100 מ""ל",false,1,34.90,17.45,true,1,
714324901591,false,"דאו גולדן סנרייז 200מ""ל",,FR,גולדן סנרייז,מיליליטרים,200.00,"100 מ""ל",false,1,34.90,17.45,true,1,
714324901614,false,מגנטיק גולד שחור אדפ100מ,,FR,מגנטיק גולד שחור,מיליליטרים,100.00,"100 מ""ל",false,1,359.00,359.00,true,1,
714324901638,false,"סטטוס שחור לגבר 100 מ""ל",,FR,סטטוס שחור לגבר,מיליליטרים,100.00,"100 מ""ל",false,1,239.00,239.00,true,1,
714324901645,false,"סטטוס רוז א.ד.פ 100 מ""ל",,FR,סטטוס רוז א.ד.פ,מיליליטרים,100.00,"100 מ""ל",false,1,199.00,199.00,true,1,
719346065405,false,"fantasy א.ד.פ לאשה100מ""ל",אלפא בישום,US,fantasy א.ד.פ,מיליליטרים,100.00,"100 מ""ל",false,0,99.00,99.00,true,1,
719565465338,false,סט פרוזן 15 לקים,,CN,סט 15 לקים,יחידה,1.00,יחידה,false,0,94.90,94.90,true,1,
788434104821,false,חטיף וואן חמאת בוטנים60ג,מדיטרנד,NL,חטיף וואן חמאת ב,גרמים,60.00,100 גרם,false,1,18.90,31.50,true,1,
809217830864,false,מייבש לק מיני טופקוט 3.5,,US,מייבש לק טופקוט,יחידה,1.00,יחידה,false,1,5.90,5.90,true,1,
812256021674,false,ארי בודי מיסט לאישה236מל,,US,ארי בודי מיסט לא,מיליליטרים,236.00,"100 מ""ל",false,1,49.90,21.14,true,1,
812256021711,false,"אריאנה גרנדה אדפ 100 מ""ל",,IL,סוויט לייק קנדי,מיליליטרים,100.00,"100 מ""ל",false,1,219.00,219.00,true,1,
812256024194,false,קלאוד פרגרנס מיסט236מל,,US,קלאוד פרגרנס מיס,מיליליטרים,236.00,"100 מ""ל",false,1,49.90,21.14,true,1,
815151024405,false,"בושם לשיער 30 מ""ל",,IL,בושם לשיער,מיליליטרים,30.00,"100 מ""ל",false,1,109.00,363.33,true,1,
815151028106,false,סט דוגמיות color-l VAULT,,IL,סט דוגמיות VAULT,יחידה,1.00,יחידה,false,1,5.00,5.00,true,1,
839762002379,false,איילנד מנגו,,EG,איילנד מנגו,מיליליטרים,350.00,"100 מ""ל",false,0,6.90,1.97,true,1,
840117804197,false,מסכה לשיקום אינטנסיבי 58,,IL,מסכה לשיקום אינט,גרמים,580.00,100 גרם,false,1,179.00,30.86,true,1,
840117804654,false,"סרום מגן חום OB 50 מ""ל",,IL,סרום מגן חום OB,מיליליטרים,50.00,"100 מ""ל",false,1,109.00,218.00,true,1,
840117805699,false,"שמפו לנפח 275 מ""ל",HMS,US,שמפו לנפח,מיליליטרים,275.00,"100 מ""ל",false,1,99.00,36.00,true,1,
840117805736,false,שמפו לשיקום השיער 275 מל,HMS,US,שמפו לשיקום השיע,מיליליטרים,275.00,"100 מ""ל",false,1,109.00,39.64,true,1,
840117805743,false,מרכך לשיקום השיער 275 מל,HMS,US,מרכך לשיקום השיע,מיליליטרים,275.00,"100 מ""ל",false,1,99.00,36.00,true,1,
841058006633,false,ג'ל גילוח אדג'רעננות200מ,אנרג'ייזר,US,ג'ל גילוח,מיליליטרים,200.00,"100 מ""ל",false,1,18.90,9.45,true,1,
887167393271,false,ג'ל עיניים AdvancedNight,אסתי לאודר,GB,Night Advanced,מיליליטרים,15.00,"100 מ""ל",false,1,310.00,2066.67,true,1,
887167592612,false,קיט 4 מוצרים יח',,CN,קיט 4 מוצרים,יחידה,1.00,יחידה,false,1,49.90,49.90,true,1,
888066075145,false,LEATHER OMBREאדפ100מל,,US,ED LEATHER OMBRE,מיליליטרים,100.00,"100 מ""ל",false,1,685.00,685.00,true,1,
889809001339,false,מסכה למיצוק והידוק נסיעה,גלאם גלואו,US,מסכה לטיפול מטהר,גרמים,15.00,100 גרם,false,1,85.00,566.67,true,1,
889809011727,false,"מסיכה לטיהור העור 30 מ""ל",,US,מסיכה לטיהור העו,מיליליטרים,30.00,"100 מ""ל",false,1,125.00,416.67,true,1,
3014260100667,false,מברשת השיניים לילדים3-5,פרוקטר אנד גמבל,IE,מברשת השיניים,יחידה,1.00,יחידה,false,1,15.90,15.90,true,1,
3014260100698,false,אורל בי מברשת שיניים ילד,פרוקטר אנד גמבל,IE,אורל בי לילדים,יחידה,1.00,יחידה,false,1,15.90,15.90,true,1,
3014260228842,false,קצף גילוח ג'ילט קלסיק200,ג'\ילט,GB,קצף גילוח ג'ילט,מיליליטרים,200.00,"100 מ""ל",false,0,14.90,7.45,true,1,
3014260240226,false,קצף גילוח ג'ילט רגיש200מ,ג'\ילט,GB,קצף גילוח ג'ילט,מיליליטרים,200.00,"100 מ""ל",false,0,14.90,7.45,true,1,
3014260246693,false,סכיני ונוס סימפלי,פרוקטר & גמבל,IL,סכיני ונוס סימפל,יחידה,1.00,יחידה,false,0,9.90,9.90,true,1,
3014260283254,false,5 סכיני גילוח בלו2- פלוס,פרוקטר & גמבל,IL,"סכיני גילוח ח""פ",יחידה,1.00,יחידה,false,0,19.90,19.90,true,1,
3014260289287,false,5 סכיני גילוח בלו2 לאשה,פרוקטר אנד גמבל,RU,סכיני גילוח,יחידה,1.00,יחידה,false,0,15.90,15.90,true,1,
3014260293253,false,ג'ילט סכין בלו 2 פלוס 10,ג'\ילט,US,ג'ילט סכין בלו 2,יחידה,1.00,יחידה,false,1,29.90,29.90,true,1,
3059944021197,false,ויט קרם להסרת שיער 400מל,רקיט בנקיזר,FR,מסיר שיער ויט,מיליליטרים,400.00,"100 מ""ל",false,0,58.90,14.73,true,1,
3141360054405,false,פיניש מפיץ ריח לימון,רקיט בנקיזר,HU,מפיץ ריח למדיח,יחידה,1.00,יחידה,false,1,19.90,19.90,true,1,
3145891073607,false,CHANEL DE BLEU אדפ 100,שאנל בישום,FR,CHANEL DE BLEU,מיליליטרים,100.00,"100 מ""ל",false,1,565.00,565.00,true,1,
3145891079302,false,בלו דה שאנל דאו גבר100מ,שאנל בישום,IL,בלו דה שאנל ג.דא,מיליליטרים,100.00,"100 מ""ל",false,0,180.00,180.00,true,1,
3348901192231,false,היפנוטיק פיוזו אדפ 100 מ,,IL,היפנוטיק פיוזו א,מיליליטרים,100.00,"100 מ""ל",false,1,599.00,599.00,true,1,
3348901250351,false,היפנוטיק פויזן אדט150מל,,FR,היפנוטיק פויזן,מיליליטרים,150.00,"100 מ""ל",false,1,579.00,386.00,true,1,
3349668515660,false,INVICTUS א.ד.ט לגבר100מל,PUIG בישום,FR,INVICTUS א.ד.ט,מיליליטרים,100.00,"100 מ""ל",false,0,195.00,195.00,true,1,
3349668528677,false,OLYMPEA א.ד.פ לאשה 80מל,PUIG בישום,IL,OLYMPEA א.ד.פ,מיליליטרים,80.00,"100 מ""ל",false,0,359.00,448.75,true,1,
3349668576111,false,"בלאק אקסס אדט 100 מ""ל",,FR,בלאק אקסס אדט,מיליליטרים,100.00,"100 מ""ל",false,1,229.00,229.00,true,1,
3349668588732,false,VICTORY INVICTUS אדפ100מ,,FR,VICTORY INVICTUS,מיליליטרים,100.00,"100 מ""ל",false,1,289.00,289.00,true,1,
3349668589678,false,"INVICTUS אדט 200 מ""ל",,FR,INVICTUS אדט,מיליליטרים,200.00,"100 מ""ל",false,1,349.00,174.50,true,1,
3355991004672,false,INTENSE SCENT SILVER גבר,בוגרט בישום,IL,SCENT SILVER,מיליליטרים,200.00,"100 מ""ל",false,0,189.00,94.50,true,1,
3355992000260,false,Lapidus Ted א.ד.ט לגבר,אלפא בישום,FR,Lapidus Ted אדט,מיליליטרים,100.00,"100 מ""ל",false,0,99.00,99.00,true,1,
3355992008488,false,א.ד.ט לגבר200מHOMME POUR,אלפא בישום,FR,LAPIDUS TED,מיליליטרים,200.00,"100 מ""ל",false,1,149.00,74.50,true,1,
3360375006432,false,Code Armani א.ד.ט לגבר,לנקום בישום,FR,Code Armani אדט,מיליליטרים,125.00,"100 מ""ל",false,1,399.00,319.20,true,1,
3360375010972,false,ארמני קוד אדפ,אינטרביוטי-בישו,IL,ארמני קוד אדפ,מיליליטרים,75.00,"100 מ""ל",false,0,329.00,438.67,true,1,
3386460074797,false,Legend א.ד.ט לגבר200מל,רבלון בישום,IL,Legend א.ד.ט גבר,מיליליטרים,200.00,"100 מ""ל",false,0,175.00,87.50,true,1,
3386460078597,false,"טוקד לאשה אדט 100 מ""ל",,FR,טוקד לאשה,מיליליטרים,100.00,"100 מ""ל",false,1,139.00,139.00,true,1,
3386460101035,false,Explorer א.ד.פ לגבר 100,אינטר פרמיום,FR,Explorer א.ד.פ,מיליליטרים,100.00,"100 מ""ל",false,1,165.00,165.00,true,1,
3386460108768,false,גימי צו אינטנס אדט 200 מ,,FR,גימי צו אינטנס א,מיליליטרים,200.00,"100 מ""ל",false,1,329.00,164.50,true,1,
3386460114226,false,E.DARPEG LANVIN מארז יח',,FR,E.DARPEG LANVIN,יחידה,1.00,יחידה,false,1,329.00,329.00,true,1,
3386460125482,false,מארז רושס לגבר 100+50מל,אינטר פרמיום,FR,מארז רושס לגבר,יחידה,1.00,יחידה,false,1,199.00,199.00,true,1,
3386460129275,false,מארז קואץ דרים אדפ לאשה,אינטר פרמיום,FR,קואץ דרים סט,יחידה,1.00,יחידה,false,1,299.00,299.00,true,1,
3386460129879,false,"איי וונט צ'ו אדפ 100 מ""ל",אינטר פרמיום,FR,איי וונט צ'ו,מיליליטרים,100.00,"100 מ""ל",false,1,319.00,319.00,true,1,
3386460130530,false,אקספלורר אדפ סט לגבר,אינטר פרמיום,FR,מונבלאן סט לגבר,יחידה,1.00,יחידה,false,1,299.00,299.00,true,1,
3386460130561,false,אקספלורר אולטרה בלו אדפ,אינטר פרמיום,FR,מונבלאן סט לגבר,יחידה,1.00,יחידה,false,1,299.00,299.00,true,1,
3386460130813,false,מארז ג'ימי צ'ו אדפ מארז,אינטר פרמיום,FR,מארז ג'ימי צ'ו א,יחידה,1.00,יחידה,false,1,309.00,309.00,true,1,
3386461515671,false,D'ARPEGE ECLAT א.ד.פ אשה,רבלון בישום,FR,D'ARPEGE ECLAT,מיליליטרים,100.00,"100 מ""ל",false,1,219.00,219.00,true,1,
3412242508027,false,נאוטיקה בלו אדט גבר100מל,סופטאץ בישום,IL,נאוטיקה בלו אדט,מיליליטרים,100.00,"100 מ""ל",false,0,79.00,79.00,true,1,
3414204200949,false,SCULPTURE א.ד.ט לגבר,לילית בישום,IL,SCULPTURE א.ד.ט,מיליליטרים,100.00,"100 מ""ל",false,0,98.00,98.00,true,1,
3414206000608,false,"יופ א.ד.ט לגבר 125 מ""ל",לילית בישום,FR,יופ א.ד.ט לגבר,מיליליטרים,125.00,"100 מ""ל",false,0,89.00,71.20,true,1,
3423222051945,false,דולצה תיק איפור שחור,שיסיידו בישום,CN,דולצה תיק איפור,יחידה,1.00,יחידה,false,1,49.90,49.90,true,1,
3423222055882,false,נרסיסו פור הר אדט מארז,פרסטיג' שיסיידו,FR,מארז נרסיסו פור,יחידה,1.00,יחידה,false,1,479.00,479.00,true,1,
3423222055950,false,נרסיסו מאסק נואר מארז,פרסטיג' שיסיידו,FR,נרסיסו מאסק נואר,יחידה,1.00,יחידה,false,1,499.00,499.00,true,1,
3423222066000,false,דה וואן אדפ אשה מארז,פרסטיג' שיסיידו,FR,דה וואן אדפ מארז,יחידה,1.00,יחידה,false,1,569.00,569.00,true,1,
3423470890020,false,Her For א.ד.ט לאישה100מל,נרסיסו רדריגז,FR,נרסיסו א.ד.ט אשה,מיליליטרים,100.00,"100 מ""ל",false,1,245.00,245.00,true,1,
3423470890037,false,HER FOR NARCISOתחליב גוף,,FR,HER FOR NARCISO,מיליליטרים,200.00,"100 מ""ל",false,1,169.00,84.50,true,1,
3423470890075,false,נרסיסו פור קרם גוף 150מל,נרסיסו רדריגז,IL,נרסיסו פור הר א.,מיליליטרים,150.00,"100 מ""ל",false,0,249.00,166.00,true,1,
3423473049456,false,"דולצה גבנה K אדט 100 מ""ל",,FR,K דולצה גבנה,מיליליטרים,100.00,"100 מ""ל",false,1,280.00,280.00,true,1,
3423473049654,false,"דולצה K אדט 150 מ""ל",,FR,דולצה K אדט,מיליליטרים,150.00,"100 מ""ל",false,1,529.00,352.67,true,1,
3423473053958,false,"נרסיסו אמברה אדפ 90 מ""ל",,FR,נרסיסו אמברה אדפ,מיליליטרים,90.00,"100 מ""ל",false,1,245.00,272.22,true,1,
3423474892051,false,HER IS THISתחליב גוף200מ,,FR,זדיג דיס איז הר,מיליליטרים,200.00,"100 מ""ל",false,1,99.00,49.50,true,1,
3423478515956,false,"פיור מאסק נרסיסו 100 מ""ל",נרסיסו רדריגז,FR,פיור מאסק נרסיסו,מיליליטרים,100.00,"100 מ""ל",false,1,429.00,429.00,true,1,
3423478818750,false,FLEUR MUSC א.ד.פ אשה100מ,נרסיסו רדריגז,FR,FLEUR MUSC לאשה,מיליליטרים,100.00,"100 מ""ל",false,0,429.00,429.00,true,1,
3423478840652,false,PUDREE NARCISO א.ד.פ אשה,נרסיסו רדריגז,FR,PUDREE NARCISO,מיליליטרים,90.00,"100 מ""ל",false,1,245.00,272.22,true,1,
3423478926653,false,נרסיסו תחליב גוף 200מל,נרסיסו רדריגז,FR,נרסיסו תחליב גוף,מיליליטרים,200.00,"100 מ""ל",false,0,169.00,84.50,true,1,
3439600056969,false,"ALIEN א.ד.פ לאשה 90 מ""ל",,FR,ALIEN א.ד.פ לאשה,מיליליטרים,90.00,"100 מ""ל",false,1,419.00,465.56,true,1,
3494800042020,false,Classique  א.ד.פ לאשה,רבלון בישום,FR,Classique  לאשה,מיליליטרים,50.00,"100 מ""ל",false,0,98.90,197.80,true,1,
3494800220039,false,מרינה דינסטי מדמואזל100מ,רבלון בישום,FR,מרינה דינסטי מדמ,מיליליטרים,100.00,"100 מ""ל",false,0,129.00,129.00,true,1,
3494800240037,false,מרינה גולדן דיסטני100מל,רבלון בישום,FR,מרינה גולדן דיסט,מיליליטרים,100.00,"100 מ""ל",false,0,129.00,129.00,true,1,
3494800240884,false,מארז גולדן דיינסטי אדפ י,,FR,מארז גולדן דיינס,יחידה,1.00,יחידה,false,1,169.90,169.90,true,1,
3494800280682,false,מרינה דה בורבון סט לאישה,,FR,מרינה דה בורבון,יחידה,1.00,יחידה,false,1,169.90,169.90,true,1,
3508441001091,false,Creed Vet 100Originalמל,,FR,וטיור אדפ לגבר,מיליליטרים,100.00,"100 מ""ל",false,1,1100.00,1100.00,true,1,
3562700373084,false,"יגואר אדט לגבר 100 מ""ל",לילית בישום,FR,יגואר אדט לגבר,מיליליטרים,100.00,"100 מ""ל",false,0,89.00,89.00,true,1,
3574660058857,false,ג'ונסון בייבי שמן 500 מל,ג'ונסון,IT,שמן ג'ונסון,מיליליטרים,500.00,"100 מ""ל",false,1,29.90,5.98,true,1,
3574660089547,false,טמפוני או בה נורמל 32 יח,ג'\ונסון אנד ג'\ונסון,GR,טמפוני או בה,יחידה,1.00,יחידה,false,0,30.90,30.90,true,1,
3574660115154,false,32 טמפוני או בה סופר,ג'\ונסון אנד ג'\ונסון,GR,טמפוני או בה,יחידה,1.00,יחידה,false,0,30.90,30.90,true,1,
3574660245844,false,CLEAN DEEP תרחיץ לניקוי,ג'ונסון,GR,CLEAN DEEP תרחיץ,מיליליטרים,200.00,"100 מ""ל",false,0,58.90,29.45,true,1,
3574660514643,false,"קרם רב""ש ניוטרוג'ינה 300",ג'ונסונס בייבי,FR,"קרם רב""ש",מיליליטרים,300.00,"100 מ""ל",false,0,29.90,9.97,true,1,
3574661098531,false,תח.גוף ניוטרוג'ינה מ400,"ש. שסטוביץ בע""\מ",GR,תחליב גוף,מיליליטרים,400.00,"100 מ""ל",false,1,29.90,7.48,true,1,
3574661098937,false,תח. גוף נטרוג'ינה יבש400,ג'ונסון,FR,תחליב גוף,מיליליטרים,400.00,"100 מ""ל",false,1,29.90,7.48,true,1,
3574661287232,false,BOOST HYDRO ג'ל קרם50מל,ג'ונסון,FR,BOOST HYDRO קרם,מיליליטרים,50.00,"100 מ""ל",false,1,80.90,161.80,true,1,
3574661288345,false,BOOST HYDROג'ל ניקוי200מ,ג'ונסון,PL,ג'ל ניקוי לפנים,מיליליטרים,200.00,"100 מ""ל",false,1,58.90,29.45,true,1,
3574661293509,false,הידרו תרחיץ ג'ל לפנים50מ,ג'ונסון,FR,תרחיץ ג'ל פנים,מיליליטרים,150.00,"100 מ""ל",false,0,59.00,39.33,true,1,
3574661317021,false,מגבונ.פנים הידרובוסט25יח,ג'ונסון,PL,מגבונים לפנים,יחידה,1.00,יחידה,false,1,31.90,31.90,true,1,
3574661352275,false,מי פה ליסטרין ילדים 250מ,ג'\ונסון אנד ג'\ונסון,IT,מי פה ליסטרין,מיליליטרים,250.00,"100 מ""ל",false,1,18.90,7.56,true,1,
3574661363998,false,"ליסטרין גרין תה 500 מ""ל",ג'\ונסון אנד ג'\ונסון,IT,מי פה ליסטרין,מיליליטרים,500.00,"100 מ""ל",false,1,38.90,7.78,true,1,
3574661393667,false,הידרובוסט סרום לחות 30מל,,FR,הידרובוסט סרום ל,מיליליטרים,30.00,"100 מ""ל",false,1,89.90,299.67,true,1,
3574661401089,false,קרם מסכת לילה היידרו50מל,,FR,קרם מסכת לילה,מיליליטרים,50.00,"100 מ""ל",false,1,81.90,163.80,true,1,
3574661487328,false,מגן תחתון קרפרי 56 יח',ג'\ונסון אנד ג'\ונסון,GR,מגני תחתון קרפרי,יחידה,1.00,יחידה,false,1,12.90,12.90,true,1,
3574661487618,false,קרפרי מגן מקסי מבושם48יח,ג'\ונסון אנד ג'\ונסון,GR,קרפרי מגני תחתון,יחידה,1.00,יחידה,false,1,12.90,12.90,true,1,
3574661487625,false,קרפרי 48מגן תחתון מקסיL,ג'\ונסון אנד ג'\ונסון,GR,מגן תחתון קרפרי,יחידה,1.00,יחידה,false,1,12.90,12.90,true,1,
3574661500355,false,מגן קרפרי לונג רגיל 40יח,ג'ונסון,GR,מגני תחתון קרפרי,יחידה,1.00,יחידה,false,1,12.90,12.90,true,1,
3574661501901,false,שטיפה אינטימית קרפרימ200,קולגייט פלמוליב,IT,שטיפה אינטימית,מיליליטרים,200.00,"100 מ""ל",false,1,19.90,9.95,true,1,
3574661504162,false,מוס לשטיפה אינטימית150מל,קולגייט פלמוליב,IT,שטיפה אינטימית,מיליליטרים,150.00,"100 מ""ל",false,1,20.90,13.93,true,1,
3574661506272,false,20מגבונ.אינטימים אלוורה,ג'\ונסון אנד ג'\ונסון,DE,מגבונים אינטימי,יחידה,1.00,יחידה,false,1,19.90,19.90,true,1,
3574661552576,false,56 קרפרי מגן רגיל טנגו,ג'\ונסון אנד ג'\ונסון,GR,מגני תחתון קרפרי,יחידה,1.00,יחידה,false,1,12.90,12.90,true,1,
3574661552804,false,56קרפרי מגן תחתון אלוורה,ג'\ונסון אנד ג'\ונסון,GR,מגני תחתון קרפרי,יחידה,1.00,יחידה,false,1,12.90,12.90,true,1,
3574661552811,false,קרפרי כותון אוורירי 56יח,ג'\ונסון אנד ג'\ונסון,GR,מגן תחתון קרפרי,יחידה,1.00,יחידה,false,1,12.90,12.90,true,1,
3574661554877,false,קרפרי כותון מבושם 56 יחי,"ש. שסטוביץ בע""\מ",GR,מגני תחתון קרפרי,יחידה,1.00,יחידה,false,1,12.90,12.90,true,1,
3574661554884,false,56קרפרי רגיל טנגה ריחני,ג'\ונסון אנד ג'\ונסון,GR,מגני תחתון קרפרי,יחידה,1.00,יחידה,false,1,12.90,12.90,true,1,
3574661560489,false,CLEAN DEEP מגבונים יח',,FR,CLEAN DEEP מגבונ,יחידה,1.00,יחידה,false,1,28.90,28.90,true,1,
3574661591568,false,Bright Boost ג'ל קרם50מל,,FR,Bright Boost ג'ל,מיליליטרים,50.00,"100 מ""ל",false,1,99.00,198.00,true,1,
3574661610344,false,"ניוטרוג'נה קרם רב""ש 300מ",גונסון אנד גונסון סנטה ב,FR,ניוטרוג'ינה קרם,מיליליטרים,300.00,"100 מ""ל",false,1,29.90,9.97,true,1,
3574661646510,false,קליר&דפנד סרום יומי 30מל,ג'ונסון,FR,קליר&דפנד סרום,מיליליטרים,30.00,"100 מ""ל",false,1,59.90,199.67,true,1,
3574669907392,false,ג'ונסון שמפו לתינוק 750,ג'ונסון,IT,ג'ונסון שמפו לתי,מיליליטרים,750.00,"100 מ""ל",false,1,28.90,3.85,true,1,
3574669907682,false,ג'ונסון בייבי טלק 500 גר,INTERNATIONAL GMBH CILAG,IT,טלק ג'ונסון,גרמים,500.00,100 גרם,false,1,37.90,7.58,true,1,
3574669908146,false,ג'ונסון תחליב לפ.שינה500,ג'ונסון,IT,ג'ונסון תחליב,מיליליטרים,500.00,"100 מ""ל",false,1,31.90,6.38,true,1,
3574669908481,false,ג'ונסון אל סבון אמבט750מ,ג'ונסון,IT,ג'ונסון אל סבון,מיליליטרים,750.00,"100 מ""ל",false,1,24.90,3.32,true,1,
3574669908948,false,ג'ונסון אל סבון עדין750מ,ג'ונסון,IT,ג'ונסון אל סבון,מיליליטרים,750.00,"100 מ""ל",false,1,24.90,3.32,true,1,
3595471065421,false,סט מרצדס אינטנס לגבר,מרצדס,FR,מרצדס אינטנס גבר,יחידה,1.00,יחידה,false,1,99.00,99.00,true,1,
3600520297262,false,מן אקספרט היידרה אנרגט,KARLSRUHE,DE,היידרה לחות 5 ב1,מיליליטרים,50.00,"100 מ""ל",false,1,49.90,99.80,true,1,
3600520881799,false,TELESCOPIC מסקרה שחורה,לוריאל,IT,TELESCOPIC מסקרה,יחידה,1.00,יחידה,false,0,63.90,63.90,true,1,
3600522344070,false,מסכה אלביב קולור פרוטקט,kozmetik canan,DE,מסכת אלביב,מיליליטרים,300.00,"100 מ""ל",false,0,28.90,9.63,true,1,
3600522862390,false,MATCH TRUE מייק אפ N2,לוריאל,FR,N2 MATCH TRUE,מיליליטרים,30.00,"100 מ""ל",false,1,92.90,309.67,true,1,
3600523192717,false,מג'יק ריטאצ' 4 בלונד בז,לוריאל ליברמו,BE,מג'יק ריטאצ' 4 ב,מיליליטרים,75.00,"100 מ""ל",false,1,31.90,42.53,true,1,
3600523193158,false,מג'יק ריטאצ' 2 חום,לוריאל ליברמו,BE,ספריי לצביעה שיע,מיליליטרים,75.00,"100 מ""ל",false,1,31.90,42.53,true,1,
3600523193165,false,מג'יק ריטאצ' 3 חום בהיר,לוריאל ליברמו,BE,ספריי צבע לשיער,מיליליטרים,75.00,"100 מ""ל",false,1,31.90,42.53,true,1,
3600523305957,false,CLAY PURE מסכת חימר,"קרלסרו, גרמניה",DE,מסכה לפנים,מיליליטרים,50.00,"100 מ""ל",false,1,59.90,119.80,true,1,
3600523337712,false,מג'יק ריטאצ' חום מהגוני,,BE,מג'יק ריטאצ' חום,מיליליטרים,75.00,"100 מ""ל",false,1,31.90,42.53,true,1,
3600523430932,false,פיור קלי תרחיץ שחור150מל,סופרורל,FR,תרחיץ פיור קלי,מיליליטרים,150.00,"100 מ""ל",false,1,35.90,23.93,true,1,
3600523439836,false,מי פנים עור רגיש פרח400ג,"קרלסרו, גרמניה",DE,מי פנים,מיליליטרים,400.00,"100 מ""ל",false,1,41.90,10.48,true,1,
3600523500215,false,קונסילר טרו מאץ 3C יח',לוריאל,IL,קונסילר טרו מאץ,יחידה,1.00,יחידה,false,1,64.90,64.90,true,1,
3600523526062,false,שמן לעור ולזקן ארוך 30מל,KARLSRUHE,DE,שמן לעור ולזקן,מיליליטרים,30.00,"100 מ""ל",false,1,54.90,183.00,true,1,
3600523528691,false,מן אקספרט ברבר קלאב קרם,לוריאל פרודקשן דויטשלנד,DE,קרם לעיצוב הזקן,מיליליטרים,75.00,"100 מ""ל",false,1,34.90,46.53,true,1,
3600523543656,false,שפתון רוג סגנטור 105 יח',,FR,שפתון רוג סגנטור,יחידה,1.00,יחידה,false,1,62.90,62.90,true,1,
3600523584741,false,קולוריש מאט 655יח',לוריאל איפור,FR,קולוריש מאט,יחידה,1.00,יחידה,false,1,59.90,59.90,true,1,
3600523584789,false,קולוריש מאט 358 יח',לוריאל איפור,FR,קולוריש מאט,יחידה,1.00,יחידה,false,1,58.90,58.90,true,1,
3600523587865,false,קרם אלביב דרים לונג,קוסמטיקס,DE,קרם לשיער אלביב,מיליליטרים,200.00,"100 מ""ל",false,1,29.90,14.95,true,1,
3600523605972,false,קרם לשיער אלביב קוקוס,kozmetik canan,DK,מסכה אלביב,מיליליטרים,300.00,"100 מ""ל",false,1,28.90,9.63,true,1,
3600523651870,false,שמפו אלביב ארג'ינין500מל,קוסמטיקס,TR,אלביב שמפו,מיליליטרים,550.00,"100 מ""ל",false,1,15.90,2.89,true,1,
3600523651900,false,מרכך אלביב ארג'ינין,קוסמטיקס,TR,אלביב מרכך,מיליליטרים,550.00,"100 מ""ל",false,1,15.90,2.89,true,1,
3600523652242,false,"שמפו אלביב קולור 550 מ""ל",קוסמטיקס,TR,אלביב שמפו,מיליליטרים,550.00,"100 מ""ל",false,1,15.90,2.89,true,1,
3600523652259,false,מרכך אלביב קולור פרוטקט,קוסמטיקס,TR,אלביב מרכך,מיליליטרים,550.00,"100 מ""ל",false,1,15.90,2.89,true,1,
3600523652297,false,מרכך אלביב 6 שמנים,קוסמטיקס,TR,אלביב מרכך,מיליליטרים,550.00,"100 מ""ל",false,1,15.90,2.89,true,1,
3600523707997,false,מן אקספרט פיור פאוור ג'ל,LTD. FILLCARE,GB,מן אקספרט פיור פ,מיליליטרים,100.00,"100 מ""ל",false,1,29.90,29.90,true,1,
3600523716524,false,רויטליפט קרם יוםאדום50מל,"קרלסרו, גרמניה",DE,קרם יום אדום,מיליליטרים,50.00,"100 מ""ל",false,1,94.90,189.80,true,1,
3600523718214,false,מן אקספרט היידרה ג'ל ני,AULNAYS SOPROREAL-,FR,מן אקספרט היידרה,מיליליטרים,100.00,"100 מ""ל",false,1,29.90,29.90,true,1,
3600523755264,false,"מסקרה לגבות שקוף 4.3 מ""ל",,IT,מסקרה לגבות שקוף,מיליליטרים,4.00,"100 מ""ל",false,1,45.00,1125.00,true,1,
3600523755288,false,מסקרה לגבות 108 חום 4.3,,IT,מסקרה לגבות 108,מיליליטרים,4.00,"100 מ""ל",false,1,45.00,1125.00,true,1,
3600523755806,false,שמפו אלביב שמן קוקוס,קוסמטיקס,TR,שמפו אלביב,מיליליטרים,550.00,"100 מ""ל",false,1,15.90,2.89,true,1,
3600523756322,false,מרכך אלביב קוקוס,קוסמטיקס,TR,מרכך אלביב,מיליליטרים,550.00,"100 מ""ל",false,1,15.90,2.89,true,1,
3600523782567,false,שמפו אלביב דרים לונג500מ,קוסמטיקס,FR,אלביב שמפו,מיליליטרים,500.00,"100 מ""ל",false,1,15.90,3.18,true,1,
3600523782574,false,מסכה אלביב דרים לונג,קוסמטיקס,DE,מסכה לשיער אלביב,מיליליטרים,300.00,"100 מ""ל",false,1,28.90,9.63,true,1,
3600523784448,false,מייק אפ מאט קאבר 175 30,,IL,מייק אפ מאט קאבר,מיליליטרים,30.00,"100 מ""ל",false,1,69.90,233.00,true,1,
3600523899906,false,אלביב מסכה פול רזיסט680מ,לוריאל-אלביב,ES,אלביב מסכה לשיער,מיליליטרים,680.00,"100 מ""ל",false,1,56.90,8.37,true,1,
3600523936786,false,שמן לטיפוח השיער רגיל,"אינטרביוטי קוסמטיקס, ישר",FR,שמן לטיפוח השיער,מיליליטרים,100.00,"100 מ""ל",false,1,37.90,37.90,true,1,
3600523944156,false,אקסלנס קול קרם 5.11 חום,לוריאל פריז,BE,אקסלנס5.11חום קר,יחידה,1.00,יחידה,false,1,35.90,35.90,true,1,
3600523944231,false,אקסלנס קול קרם 7.11 בלונ,לוריאל פריז,BE,אקסלנס7.11 בלונד,מיליליטרים,192.00,"100 מ""ל",false,1,35.90,18.69,true,1,
3600523951444,false,פודרה עמידה אינפליבל 120,,IT,פודרה עמידה אינפ,יחידה,1.00,יחידה,false,1,65.00,65.00,true,1,
3600523951598,false,פודרה עמידה אינפליבל 140,,IT,פודרה עמידה אינפ,יחידה,1.00,יחידה,false,1,65.00,65.00,true,1,
3600523953677,false,"דרמו רויטליפט לחות50 מ""ל","קרלסרו, גרמניה",DE,דרמו רויטליפט לח,מיליליטרים,50.00,"100 מ""ל",false,1,94.90,189.80,true,1,
3600523959877,false,לוריאל ליינר פרפקט סלים,,DE,לוריאל ליינר פרפ,יחידה,1.00,יחידה,false,1,58.90,58.90,true,1,
3600523970698,false,"אלביב וונדר ווטר 200 מ""ל",LIBRAMONT,BE,אלביב וונדר ווטר,מיליליטרים,200.00,"100 מ""ל",false,1,34.90,17.45,true,1,
3600523971954,false,דרמו רויטליפט לייזר סרום,,DE,דרמו רויטליפט לי,מיליליטרים,30.00,"100 מ""ל",false,1,79.90,266.33,true,1,
3600523973705,false,פלטת צלליות ניודס יח',,FR,פלטת צלליות ניוד,יחידה,1.00,יחידה,false,1,70.00,70.00,true,1,
3600523985326,false,קרם אנטי אייגינג 50מל,לוריאל פריס,DE,קרם אנטי אייגינג,מיליליטרים,50.00,"100 מ""ל",false,1,79.90,159.80,true,1,
3600523991525,false,סרום לפנים רויטליפט 30מל,"קרלסרו, גרמניה",DE,סרום רויטליפט קל,מיליליטרים,30.00,"100 מ""ל",false,1,94.90,316.33,true,1,
3600523991556,false,"דרמו הידרה ג'ינייס 70מ""ל",,DE,דרמו הידרה ג'יני,מיליליטרים,70.00,"100 מ""ל",false,1,60.00,85.71,true,1,
3600524019587,false,רויטליפט טונר לפנים,קוסמפול,PL,רויטליפט טונר לפ,מיליליטרים,180.00,"100 מ""ל",false,1,40.00,22.22,true,1,
3600524026639,false,עפרון אינפליבל 36 שעות,פאבר קסטל,DE,עפרון אינפליבל 3,יחידה,1.00,יחידה,false,1,30.00,30.00,true,1,
3600524051334,false,אלביב מרכך היאלורונית400,RAMOUILLET,FR,אלביב מרכך,מיליליטרים,400.00,"100 מ""ל",false,1,14.90,3.73,true,1,
3600524051570,false,אלביב מסכה היאלורונית300,DEUT PRODUKTION L\'OREAL,DE,אלביב מסכה,מיליליטרים,300.00,"100 מ""ל",false,1,28.90,9.63,true,1,
3600524055400,false,אלביב שמפו היאלורונית500,RAMOUILLET,FR,אלביב שמפו,מיליליטרים,500.00,"100 מ""ל",false,1,15.90,3.18,true,1,
3600530733842,false,קונסילר אנטי איג'ינג01 י,,IL,קונסילר אנטי איג,יחידה,1.00,יחידה,false,1,45.90,45.90,true,1,
3600530733859,false,קונסילר אנטי איג'ינג02י,,IL,קונסילר אנטי איג,יחידה,1.00,יחידה,false,1,45.90,45.90,true,1,
3600530733866,false,קונסילר אנטי איג'ינג03 י,,IL,קונסילר אנטי איג,יחידה,1.00,יחידה,false,1,45.90,45.90,true,1,
3600531143459,false,SENSATIONAL LASH מסקרה,סייפו,IT,מסקרה,יחידה,1.00,יחידה,false,1,39.90,39.90,true,1,
3600531384173,false,פודרה פיט מי יח',לוריאל,IL,פודרה פיט מי,יחידה,1.00,יחידה,false,1,36.90,36.90,true,1,
3600531396848,false,קונסילר אנטי איג'ינג04 י,,IL,קונסילר אנטי איג,יחידה,1.00,יחידה,false,1,45.90,45.90,true,1,
3600531396855,false,קונסילר אנטי איג'ינג06 י,,IL,קונסילר אנטי איג,יחידה,1.00,יחידה,false,1,45.90,45.90,true,1,
3600531429911,false,פלטת צלליות בורגונדי יח',,IT,פלטת צלליות בורג,יחידה,1.00,יחידה,false,1,39.00,39.00,true,1,
3600531465193,false,קונסילר ספוג 08,מייבלין,IL,קונסילר ספוג 08,יחידה,1.00,יחידה,false,1,45.90,45.90,true,1,
3600531465247,false,קונסילר 07 יח',,IL,קונסילר 07,יחידה,1.00,יחידה,false,1,45.90,45.90,true,1,
3600531469412,false,שפתון מאט אינק 70יח',מייבלין,IL,שפתון מאט אינק 7,יחידה,1.00,יחידה,false,1,43.90,43.90,true,1,
3600531469467,false,שפתון מאט אינק 60 יח',מייבלין,IL,שפתון מאט אינק 6,יחידה,1.00,יחידה,false,1,43.90,43.90,true,1,
3600531469498,false,שפתון מאט אינק 65 יח',מייבלין,IL,שפתון מאט אינק 6,יחידה,1.00,יחידה,false,1,43.90,43.90,true,1,
3600531605681,false,שפתון מאט אינק 180יח',מייבלין,IL,שפתון מאט אינק,יחידה,1.00,יחידה,false,1,43.90,43.90,true,1,
3600531609764,false,שפתון ליפטר גלוס 02 יח',,FR,שפתון ליפטר גלוס,יחידה,1.00,יחידה,false,1,40.00,40.00,true,1,
3600541253667,false,דאודורנט אינביזיבל150מ,סופרוקוס,FR,דאו.גרנייה,מיליליטרים,150.00,"100 מ""ל",false,0,16.90,11.27,true,1,
3600541402270,false,"דאודורנט ספריי פרש 150מ""",סופרוקוס,FR,דאו.גרנייה,מיליליטרים,150.00,"100 מ""ל",false,0,16.90,11.27,true,1,
3600541448476,false,"דאו.רול קונטרול 50 מ""ל",,FR,דאודורנט גרנייה,מיליליטרים,50.00,"100 מ""ל",false,1,17.90,35.80,true,1,
3600541740006,false,דאו ספריי אקשן קונטרול,סופרוקוס,FR,דאו.גרנייה,מיליליטרים,150.00,"100 מ""ל",false,1,16.90,11.27,true,1,
3600541928169,false,ניקוי נגזרת פחם פיור,"קרלסרו, גרמניה",DE,ג'יל ניקוי פיור,יחידה,1.00,יחידה,false,1,35.00,35.00,true,1,
3600541928275,false,מים מיסלריים דו-פאזי400מ,"קוסמופול, פולין",PL,מים מיסלריים דו,מיליליטרים,400.00,"100 מ""ל",false,1,35.00,8.75,true,1,
3600541937475,false,גרנייה פיור 3ב1ניקוי150מ,לוריאל,FR,גרנייה פיור ניקו,מיליליטרים,150.00,"100 מ""ל",false,1,35.00,23.33,true,1,
3600541940574,false,"מים מיסלריים 700 מ""ל",קוסמופול,PL,מים מיסלריים,מיליליטרים,700.00,"100 מ""ל",false,0,45.00,6.43,true,1,
3600542052788,false,בוטניקל200חלב פנים ורדים,קוסמופול,PL,חלב פנים ורדים,מיליליטרים,200.00,"100 מ""ל",false,1,25.00,12.50,true,1,
3600542097239,false,מסכת טישו פחם תה,ביוטיקוס אינטרנשיונאל,CN,מסכת טישו פחם,יחידה,1.00,יחידה,false,1,14.90,14.90,true,1,
3600542097253,false,מסכת טישו פחם אצות,ביוטיקוס אינטרנשיונאל,CN,מסכת טישו פחם,יחידה,1.00,יחידה,false,1,14.90,14.90,true,1,
3600542154772,false,טישו עיניים קוקוס יח',,CN,טישו עיניים קוקו,יחידה,1.00,יחידה,false,1,12.90,12.90,true,1,
3600542232036,false,"סקין נט אלו ג'לי 50 מ""ל",לוריאל,DE,סקין נט אלו ג'ל,מיליליטרים,50.00,"100 מ""ל",false,1,47.90,95.80,true,1,
3600542245340,false,צבע לשיער אוליה 1 שחור,גרנייה,PL,צבעי שיער אוליה,יחידה,1.00,יחידה,false,1,25.90,25.90,true,1,
3600542245456,false,אוליה 5.3 חום זהוב יחידה,גרנייה,PL,אוליה 5.3 חום זה,יחידה,1.00,יחידה,false,1,25.90,25.90,true,1,
3600542245487,false,צבע לשיער אוליה6חום בהיר,גרנייה,PL,צבע לשיער אוליה6,יחידה,1.00,יחידה,false,1,25.90,25.90,true,1,
3600542245500,false,צבע לשיער אוליה 6.3 חום,גרנייה,PL,אוליהמיני 6.3חום,יחידה,1.00,יחידה,false,1,25.90,25.90,true,1,
3600542245548,false,צבע לשיער אוליה 7 בלונד,גרנייה,PL,צבע לשיער אוליה,יחידה,1.00,יחידה,false,1,25.90,25.90,true,1,
3600542245586,false,צבע לשיער אוליה 7G בלונד,גרנייה,PL,אוליהמיני7Gבלונד,יחידה,1.00,יחידה,false,1,25.90,25.90,true,1,
3600542267953,false,"פיור מי מיסלר 400 מ""ל",גרנייה-קוסמטיקה,IL,פיור מי מיסלר,מיליליטרים,400.00,"100 מ""ל",false,1,35.00,8.75,true,1,
3600542309974,false,גרנייה דאו רול מגנזיום50,סופרוקוס,PL,דאו גרנייה,מיליליטרים,50.00,"100 מ""ל",false,1,17.90,35.80,true,1,
3600542310444,false,גרניה דאו ספרי מגנזיו150,סופרוקוס,FR,גרניה דאו ספרי,מיליליטרים,150.00,"100 מ""ל",false,1,16.90,11.27,true,1,
3600542328647,false,קרם ג'ל אלוורה,,,קרם ג'ל אלוורה,יחידה,1.00,יחידה,false,0,47.90,47.90,true,1,
3600542365710,false,"PURE ג'ל ניקוי 200 מ""ל",לוריאל,PL,PURE ג'ל ניקוי,מיליליטרים,200.00,"100 מ""ל",false,1,35.00,17.50,true,1,
3600542365796,false,בוטניקל ג'ל ניקוי 200 מל,לוריאל,PL,בוטניקל ג'ל ניקו,מיליליטרים,200.00,"100 מ""ל",false,1,24.90,12.45,true,1,
3600542366113,false,סקין נטורל קרם ענבים50מל,לוריאל,DE,סקין נטורל קרם ע,מיליליטרים,50.00,"100 מ""ל",false,1,39.90,79.80,true,1,
3600542367936,false,מי פנים אלוורה,"קוסמופול, פולין",PL,מי פנים אלוורה,יחידה,1.00,יחידה,false,0,25.00,25.00,true,1,
3600542368896,false,פיור אקטיב טישו יח',,CN,פיור אקטיב טישו,יחידה,1.00,יחידה,false,1,14.90,14.90,true,1,
3600542375801,false,פיור אקטיב 3 ב1 פחם150מל,גרנייה,FR,פיור אקטיב 3 ב 1,מיליליטרים,150.00,"100 מ""ל",false,1,35.00,23.33,true,1,
3600542380492,false,מסיכת טישו ויטמין יח',,CN,מסיכת טישו ויטמי,יחידה,1.00,יחידה,false,1,14.90,14.90,true,1,
3600542385091,false,דאו רול אקשן 72 שעות 50,קוסמופול,PL,רול און גרנייה,מיליליטרים,50.00,"100 מ""ל",false,1,17.90,35.80,true,1,
3600542385251,false,דאו רול פרו. 6 ורוד 50מל,,FR,רול און גרנייה,מיליליטרים,50.00,"100 מ""ל",false,1,17.90,35.80,true,1,
3600542385312,false,גרנייה טישו מסק רימונים,סין,CN,גרנייה טישו מסק,גרמים,32.00,100 גרם,false,1,14.90,46.56,true,1,
3600542385329,false,טישו מסק מסכה תה ירוק,סין,CN,טישו מסק תה ירוק,יחידה,1.00,יחידה,false,1,14.90,14.90,true,1,
3600542385626,false,גרנייה טישו ואלוורה 32 ג,,CN,גרנייה טישו ואלו,גרמים,32.00,100 גרם,false,1,14.90,46.56,true,1,
3600542397926,false,דאו ספריי פרו ורוד 150 מ,"קוסמופול, פולין",FR,ספריי גרניה,מיליליטרים,150.00,"100 מ""ל",false,1,16.90,11.27,true,1,
3600542398206,false,תרחיץ אלוורה,"קוסמופול, פולין",PL,תרחיץ אלוורה,יחידה,1.00,יחידה,false,0,25.00,25.00,true,1,
3600542413626,false,מסכת טישו דובדבן שפתיים.,,CN,מסכת טישו דובדבן,יחידה,1.00,יחידה,false,1,12.90,12.90,true,1,
3600542415194,false,קרם לחות BB ללא שמן 50מל,לוריאל,FR,קרם לחות,מיליליטרים,50.00,"100 מ""ל",false,1,60.00,120.00,true,1,
3600542421621,false,פרוקטיס היירפוד מסכה390מ,"אינטרביוטי קוסמטיק בע""\מ",IL,פרוקטיס היירפוד,מיליליטרים,390.00,"100 מ""ל",false,1,39.90,10.23,true,1,
3600542421638,false,פרוקטיס היירפוד שמפו350מ,"אינטרביוטי קוסמטיק בע""\מ",IL,פרוקטיס היירפוד,מיליליטרים,350.00,"100 מ""ל",false,1,13.50,3.86,true,1,
3600542421669,false,פרוקטיס היירפוד מרכך פפא,"אינטרביוטי קוסמטיק בע""\מ",IL,פרוקטיס היירפוד,מיליליטרים,350.00,"100 מ""ל",false,1,13.50,3.86,true,1,
3600542421683,false,פרוקטיס היירפוד שמפו בננ,"אינטרביוטי קוסמטיק בע""\מ",IL,פרוקטיס היירפוד,מיליליטרים,350.00,"100 מ""ל",false,1,13.50,3.86,true,1,
3600542421720,false,פרוקטיס היירפוד מסכה פפא,"אינטרביוטי קוסמטיק בע""\מ",IL,פרוקטיס היירפוד,מיליליטרים,390.00,"100 מ""ל",false,1,39.90,10.23,true,1,
3600542431828,false,קולור נטורלס 1 שחור,לוריאל ישראל קוסמטיקס בע,PL,קולור נטורלס 1,יחידה,1.00,יחידה,false,1,22.90,22.90,true,1,
3600542431835,false,קולור נטורלס 3,לוריאל ישראל קוסמטיקס בע,PL,קולור נטורלס 3,יחידה,1.00,יחידה,false,1,22.90,22.90,true,1,
3600542431842,false,קולור נטורלס 4,לוריאל ישראל קוסמטיקס בע,PL,קולור נטורלס 4,יחידה,1.00,יחידה,false,1,22.90,22.90,true,1,
3600542431859,false,צבע לשיער קולור נטורלס 5,לוריאל ישראל קוסמטיקס בע,PL,צבע שיער קולור,יחידה,1.00,יחידה,false,1,22.90,22.90,true,1,
3600542431866,false,קולור נטורלס 6,קוסמפול,PL,קולור נטורלס 6,יחידה,1.00,יחידה,false,1,22.90,22.90,true,1,
3600542431873,false,צבע שיער קולור נטורלס 7,לוריאל ישראל קוסמטיקס בע,PL,קולור נטורלס 7,יחידה,1.00,יחידה,false,1,22.90,22.90,true,1,
3600542431880,false,קולור נטורלס 8,לוריאל ישראל קוסמטיקס בע,PL,קולור נטורלס 8,יחידה,1.00,יחידה,false,1,22.90,22.90,true,1,
3600542431897,false,קולור נטורלס 9,לוריאל ישראל קוסמטיקס בע,PL,קולור נטורלס 9,יחידה,1.00,יחידה,false,1,22.90,22.90,true,1,
3600542431910,false,קולור נטורלס 2.1,לוריאל ישראל קוסמטיקס בע,PL,קולור נטורלס 2.1,יחידה,1.00,יחידה,false,1,22.90,22.90,true,1,
3600542431934,false,קולור נטורלס 6.25,לוריאל ישראל קוסמטיקס בע,PL,קולור נטורלס6.25,יחידה,1.00,יחידה,false,1,22.90,22.90,true,1,
3600542431941,false,קולור נטורלס 5.3,לוריאל ישראל קוסמטיקס בע,PL,קולור נטורלס 5.3,יחידה,1.00,יחידה,false,1,22.90,22.90,true,1,
3600542431958,false,קןלור נטורלס 7.3,לוריאל ישראל קוסמטיקס בע,PL,קולור נטורלס 7.3,יחידה,1.00,יחידה,false,1,22.90,22.90,true,1,
3600542431972,false,צבע שיער קולור נטורלס111,לוריאל ישראל קוסמטיקס בע,PL,קולור נטורלס 111,יחידה,1.00,יחידה,false,1,22.90,22.90,true,1,
3600542431989,false,קולור נטורלס 6.34,לוריאל ישראל קוסמטיקס בע,PL,קולור נטורלס6.34,יחידה,1.00,יחידה,false,1,22.90,22.90,true,1,
3600542431996,false,צבע שיער קולור נטורל5.15,יבואן ומשווק: n\לוריאל י,PL,צבע שיער קולור,יחידה,1.00,יחידה,false,1,22.90,22.90,true,1,
3600542432009,false,קולור נטורלס 4.5,לוריאל ישראל קוסמטיקס בע,PL,קולור נטורלס 4.5,יחידה,1.00,יחידה,false,1,22.90,22.90,true,1,
3600542432016,false,קולור נטורלס 5.25 *,לוריאל ישראל קוסמטיקס בע,PL,קולור נטורלס 5.2,יחידה,1.00,יחידה,false,1,22.90,22.90,true,1,
3600542432061,false,קולור נטורלס 7.1,גרנייה,PL,קולור נטורלס 7.1,יחידה,1.00,יחידה,false,1,22.90,22.90,true,1,
3600542432078,false,קולור נטורלס 3.12,גרנייה,PL,צבע לשיער קולור,יחידה,1.00,יחידה,false,1,22.90,22.90,true,1,
3600542432085,false,קולור נטורלס 4.12,לוריאל ישראל קוסמטיקס בע,PL,קולור נטורלס4.12,יחידה,1.00,יחידה,false,1,22.90,22.90,true,1,
3600542433266,false,גרנייה סרום ויטמין סי30מ,KARLSRUHE,DE,גרנייה סרום ויטמ,מיליליטרים,30.00,"100 מ""ל",false,1,59.90,199.67,true,1,
3605521816658,false,si Armani א.ד.פ 100 מל,לנקום בישום,FR,si Armani לאשה,מיליליטרים,100.00,"100 מ""ל",false,1,275.00,275.00,true,1,
3605522041486,false,you emporio א.ד.ט לאשה,אינטרביוטי-בישו,IL,you emporio לאשה,מיליליטרים,100.00,"100 מ""ל",false,0,299.00,299.00,true,1,
3605533286555,false,belle est vie La אדפ100מ,לנקום בישום,IL,belle est vie La,מיליליטרים,100.00,"100 מ""ל",false,1,275.00,275.00,true,1,
3607342686229,false,CKאופוריה אשה אדפ160מל,קוטי HFC,ES,סי.קי אפוריה אשה,מיליליטרים,160.00,"100 מ""ל",false,1,389.00,243.13,true,1,
3607345264356,false,ספריי גוף דינמיק פולס150,COLEPCCL,PL,ספריי גוף אדידס,מיליליטרים,150.00,"100 מ""ל",false,0,22.90,15.27,true,1,
3607346232385,false,"קלואה אדפ לאשה 75 מ""ל",איניבידואל-שסטו,FR,Chloe א.ד.פ לאשה,מיליליטרים,75.00,"100 מ""ל",false,1,279.00,372.00,true,1,
3607347733508,false,"paradiso א.ד.פ לאשה75מ""ל",לילית בישום,GR,paradiso לאשה,מיליליטרים,75.00,"100 מ""ל",false,0,105.00,140.00,true,1,
3614223736485,false,"דא.אדידס אדיפיור 200 מ""ל",קוטי HFC,PT,דאו.אדידס,מיליליטרים,200.00,"100 מ""ל",false,1,14.90,7.45,true,1,
3614226754301,false,וולה דלוקס מוס לנפח200מ,וולה,FR,וולה מוס לנפח,מיליליטרים,200.00,"100 מ""ל",false,1,39.90,19.95,true,1,
3614226761538,false,קולסטון ספריי חום אדום,דיפלומט,DE,קולסטון ספריי,מיליליטרים,75.00,"100 מ""ל",false,1,39.90,53.20,true,1,
3614226761675,false,קולסטון ספריי לכיסוי שור,דיפלומט,DE,קולסטון ספריי,מיליליטרים,75.00,"100 מ""ל",false,1,39.90,53.20,true,1,
3614228220897,false,"אינפיניט לגבר אדפ 100 מ""",,FR,אינפיניט לגבר אד,מיליליטרים,100.00,"100 מ""ל",false,1,259.00,259.00,true,1,
3614228838016,false,ברברי הירו לגבר אדפ 100מ,קוטי,ES,ברברי הירו לגבר,מיליליטרים,100.00,"100 מ""ל",false,1,399.00,399.00,true,1,
3614228865760,false,וולה סופט קולור 7/1,"HFC פרסטיג,'\ שטיינברג,",DE,וולה סופט קולור,יחידה,1.00,יחידה,false,1,24.90,24.90,true,1,
3614228865784,false,וולה סופט קולור 7/0,"HFC פרסטיג,'\ שטיינברג,",DE,וולה סופט קולור,יחידה,1.00,יחידה,false,1,24.90,24.90,true,1,
3614228865821,false,וולה סופט קולור 5/0,"HFC פרסטיג,'\ שטיינברג,",DE,וולה סופט קולור,יחידה,1.00,יחידה,false,1,24.90,24.90,true,1,
3614228865883,false,וולה סופט קולור 2/0 שחור,"HFC פרסטיג,'\ שטיינברג,",DE,וולה קולור,יחידה,1.00,יחידה,false,1,24.90,24.90,true,1,
3614229717082,false,וולה מוס למגע משי 200מ,אינטרספריי,FR,וולה מוס מגע משי,מיליליטרים,200.00,"100 מ""ל",false,1,39.90,19.95,true,1,
3614229820805,false,ברברי הירו לגבר אדט150מל,,ES,ברברי הירו לגבר,מיליליטרים,150.00,"100 מ""ל",false,1,429.00,286.00,true,1,
3614229820829,false,ברברי הירו דאוסטיק 75 גר,,MC,ברברי הירו דאוסט,גרמים,75.00,100 גרם,false,1,99.00,132.00,true,1,
3614229829006,false,Black Burberry My א.ד.פ,,DE,ברברי מיי ברברי,מיליליטרים,90.00,"100 מ""ל",false,1,409.00,454.44,true,1,
3614271579423,false,קרם גוף לה ויה בל 200 מל,,IL,קרם גוף לה ויה ב,מיליליטרים,200.00,"100 מ""ל",false,1,149.00,74.50,true,1,
3614272050358,false,"Y א.ד.פ לגבר 100 מ""ל",איב סן לורן,FR,Y א.ד.פ לגבר,מיליליטרים,100.00,"100 מ""ל",false,1,429.00,429.00,true,1,
3614272407442,false,אבסולו אדפ ארמני קוד 110,לנקום בישום,FR,אבסולו אדפ ארמני,מיליליטרים,110.00,"100 מ""ל",false,1,399.00,362.73,true,1,
3614272629387,false,IDOLE א.ד.פ לאשה 75 מל,לנקום,FR,IDOLE א.ד.פ לאשה,מיליליטרים,75.00,"100 מ""ל",false,1,289.00,385.33,true,1,
3614272648425,false,"ליברה אדפ 90 מ""ל",,FR,בושם לאשה Libre,מיליליטרים,90.00,"100 מ""ל",false,1,315.00,350.00,true,1,
3614273318105,false,בושם לגבר Y לה פרפום100מ,,FR,בושם לגבר Y לה פ,מיליליטרים,100.00,"100 מ""ל",false,1,439.00,439.00,true,1,
3614273321891,false,"ליברה א.ד.ט 90 מ""ל",,FR,ליברה א.ד.ט,מיליליטרים,90.00,"100 מ""ל",false,1,379.00,421.11,true,1,
3614273347846,false,מיי וואיי אינטנס אדפ50מל,,FR,מיי וואיי אינטנס,מיליליטרים,50.00,"100 מ""ל",false,1,289.00,578.00,true,1,
3614273610155,false,מארז HOME לגבר אדפ יח',,FR,מארז HOME לגבר א,יחידה,1.00,יחידה,false,1,339.00,339.00,true,1,
3614273673846,false,מיי וואיי פלורלה אדפ90מל,,FR,מיי וואיי פלורלה,מיליליטרים,90.00,"100 מ""ל",false,1,359.00,398.89,true,1,
3616301296669,false,"RG M DEFY CK אדפ 100 מ""ל",,ES,RG M DEFY CK אדפ,מיליליטרים,100.00,"100 מ""ל",false,1,219.00,219.00,true,1,
3616302015580,false,"Ckfree א.ד.ט לגבר 100מ""ל",,GR,Ckfree אדט לגבר,מיליליטרים,100.00,"100 מ""ל",false,1,99.00,99.00,true,1,
3616303428440,false,הוגו בוס בוטלד מארז,קוטי HFC,ES,מארז הוגו בוס בו,יחידה,1.00,יחידה,false,1,389.00,389.00,true,1,
3616303428594,false,הוגו בוס סנט אדט מארז,קוטי HFC,FR,הוגו בוס סנט מאר,יחידה,1.00,יחידה,false,1,339.00,339.00,true,1,
3616303455170,false,מארז אופוריה אדט לגבר,קוטי HFC,ES,מארז אופוריה אדט,יחידה,1.00,יחידה,false,1,225.00,225.00,true,1,
3661163970448,false,דאו.אדידס A3 פרש לגבר200,COLEPCCL,PT,דאודורנט אדידס,מיליליטרים,200.00,"100 מ""ל",false,0,14.90,7.45,true,1,
3661163990545,false,דאו.אדידס A3 אינטנסיב200,אגריפק אס איי,PT,דאודורנט אדידס,מיליליטרים,200.00,"100 מ""ל",false,0,14.90,7.45,true,1,
3760260450003,false,"רוזס מאסק אדפ 100 מ""ל",,FR,רוזס מאסק אדפ,מיליליטרים,100.00,"100 מ""ל",false,1,369.00,369.00,true,1,
3838824127224,false,צבע סמי קיט 4-0חום בינונ,הנקל סוד,SI,צבעי שיער פלטה,יחידה,1.00,יחידה,false,0,29.90,29.90,true,1,
3838824127262,false,צבע סמי קיט פלטה מס6-0',הנקל סוד,SI,צבע לשיער פלטה,יחידה,1.00,יחידה,false,0,29.90,29.90,true,1,
3838824127286,false,צבע סמי קיט פלטה מס7-0',הנקל סוד,SI,צבעי שיער פלטה,יחידה,1.00,יחידה,false,0,29.90,29.90,true,1,
3838824127361,false,צבע סמי קיט פלטה מ5-68.,הנקל סוד,SI,צבע לשיער פלטה,יחידה,1.00,יחידה,false,0,29.90,29.90,true,1,
3838824127507,false,צבע סמי קיט פלטה מ4-60.,הנקל סוד,SI,צבע לשיער פלטה,יחידה,1.00,יחידה,false,0,29.90,29.90,true,1,
3838824127644,false,צבע סמי קיט פלטה מ4-98.,הנקל סוד,SI,צבע לשיער פלטה,יחידה,1.00,יחידה,false,0,29.90,29.90,true,1,
3838824128788,false,צבע לשיער פלטה קיט 6-888,הנקל סוד,DE,צבע לשיער פלטה,יחידה,1.00,יחידה,false,0,38.90,38.90,true,1,
3838824193915,false,צבע סמי קיט פלטה מס1-0',הנקל סוד,SI,צבע סמי קיט פלטה,יחידה,1.00,יחידה,false,0,29.90,29.90,true,1,
3838824193939,false,צבע לשיער פלטה קיט סגול,הנקל סוד,DE,צבע לשיער פלטה,יחידה,1.00,יחידה,false,0,38.90,38.90,true,1,
3838824380940,false,צבע סמי קיט פלטה מס1-8,הנקל סוד,SI,צבע לשיער פלטה,יחידה,1.00,יחידה,false,1,29.90,29.90,true,1,
4005808148837,false,ג'ל ניקוי גרגירים 150מל,ביירסדורץ,DE,ג'ל ניקוי פנים,מיליליטרים,150.00,"100 מ""ל",false,0,29.90,19.93,true,1,
4005808185542,false,רצועות ניקוי הסרת שחורים,ניוואה,DE,רצועות לניקוי,יחידה,1.00,יחידה,false,1,29.90,29.90,true,1,
4005808197637,false,Q10 ק.יום לעור מעורב50מל,ביירסדורץ,DE,קרם לחות יום,מיליליטרים,50.00,"100 מ""ל",false,0,69.90,139.80,true,1,
4005808368280,false,לבלו דובדבן בליסטר,HELLAS BEIERSDORF,DE,שפתון לבלו,יחידה,1.00,יחידה,false,1,10.00,10.00,true,1,
4005808650200,false,שפתון לבלו,,,שפתון לבלו,יחידה,1.00,יחידה,false,0,10.00,10.00,true,1,
4005808650712,false,לבלו שפתון לחות דובדבן,HELLAS BEIERSDORF,DE,לבלו דובדבן,יחידה,1.00,יחידה,false,0,10.00,10.00,true,1,
4005808650729,false,לבלו תות שדה,,,לבלו תות שדה,יחידה,1.00,יחידה,false,0,10.00,10.00,true,1,
4005808650903,false,לבלו אפרסק,ביירסדורף,DE,לבלו אפרסק,יחידה,1.00,יחידה,false,0,10.00,10.00,true,1,
4005808702107,false,תחליב גוף עור יבש מו500,ביירסדורף,ES,ניוואה תחליב גוף,מיליליטרים,500.00,"100 מ""ל",false,1,29.90,5.98,true,1,
4005808801046,false,"קרם רב שימושי 150 מ""ל",HELLAS BEIERSDORF,DE,קרם רב שימושי,מיליליטרים,150.00,"100 מ""ל",false,1,14.90,9.93,true,1,
4005808811700,false,ג'ל ניקוי לעור מעורב/שמן,HELLAS BEIERSDORF,DE,ג'ל ניקוי מ/ש,מיליליטרים,150.00,"100 מ""ל",false,0,38.90,25.93,true,1,
4005808817405,false,ג'ל גילוח ניוואה.רגיש200,ביירסדורץ,PL,ג'ל גילוח ניוואה,מיליליטרים,200.00,"100 מ""ל",false,0,16.90,8.45,true,1,
4005808837359,false,ניוואה רול און פרל 50 מל,ביירסדורף,DE,דאודורנט ניוואה,מיליליטרים,50.00,"100 מ""ל",false,0,14.90,29.80,true,1,
4005808890507,false,קרם לחות ניוואה סופט200מ,HELLAS BEIERSDORF,ES,קרם ניוואה סופט,מיליליטרים,200.00,"100 מ""ל",false,0,34.90,17.45,true,1,
4005900036445,false,דאו.ניוואה איניויסיבל50,HELLAS BEIERSDORF,DE,דאודורנט ניוואה,מיליליטרים,50.00,"100 מ""ל",false,0,14.90,29.80,true,1,
4005900036483,false,דאו.ניוואה בלק&וייט 150מ,ביירסדורף,DE,דאודורנט ניוואה,מיליליטרים,150.00,"100 מ""ל",false,0,14.90,9.93,true,1,
4005900036506,false,דאו.ניוואה בלק&וויט רול,HELLAS BEIERSDORF,DE,דאודורנט ניוואה,מיליליטרים,50.00,"100 מ""ל",false,0,14.90,29.80,true,1,
4005900036568,false,דאו.ניוואה בלק&וויט 150מ,ביירסדורץ,DE,דאודורנט ניוואה,מיליליטרים,150.00,"100 מ""ל",false,0,14.90,9.93,true,1,
4005900037909,false,דאו.ניוואה איניויסיבל150,ביירסדורץ,DE,דאודורנט ניוואה,מיליליטרים,150.00,"100 מ""ל",false,0,14.90,9.93,true,1,
4005900111449,false,"קרם רב""ש ניוואה לגבר150מ",HELLAS BEIERSDORF,DE,"קרם רב""ש לגבר",מיליליטרים,150.00,"100 מ""ל",false,1,45.90,30.60,true,1,
4005900420220,false,ג'ל רח.לגבר 3ב1 פיור500מ,,DE,ניוואה ג'ל רחצה,מיליליטרים,500.00,"100 מ""ל",false,1,14.90,2.98,true,1,
4005900494900,false,ניוואה דאו ספריי לגבר150,BEIERSDORF,DE,ניוואה דאו ספריי,מיליליטרים,150.00,"100 מ""ל",false,1,14.90,9.93,true,1,
4005900513045,false,ניוואה דאודורנט לגבר150,BEIERSDORF,DE,ניוואה דאו ספריי,מיליליטרים,150.00,"100 מ""ל",false,1,14.90,9.93,true,1,
4005900538253,false,מים מיסלריים ע.מעורב400מ,אלפא קוסמטיקה,DE,מים מיסלריים לעו,מיליליטרים,400.00,"100 מ""ל",false,1,29.90,7.48,true,1,
4005900547316,false,"דאו. ניוואה לאשה 150 מ""ל",ביירסדורף,DE,דאודורנט ניוואה,מיליליטרים,150.00,"100 מ""ל",false,1,14.90,9.93,true,1,
4005900562029,false,מים מיסלריים ורדים 400מל,,DE,מים מיסלריים ורד,מיליליטרים,400.00,"100 מ""ל",false,1,29.90,7.48,true,1,
4005900639554,false,דאו.רול און פרש נטורל50מ,,DE,דאודורנט ניוואה,מיליליטרים,50.00,"100 מ""ל",false,1,14.90,29.80,true,1,
4005900803283,false,קרם לחות במרקם ג'ל50מל,ביירסדורף,PL,קרם לחות במרקם ג,מיליליטרים,50.00,"100 מ""ל",false,1,49.90,99.80,true,1,
4005900816016,false,דאו.ספרי ניוואה לאישה150,ביירסדורף AG,DE,דאודורנט ניוואה,מיליליטרים,150.00,"100 מ""ל",false,0,14.90,9.93,true,1,
4005900816115,false,ניוואה רול און יבש לאישה,HELLAS BEIERSDORF,DE,דאודורנט ניוואה,מיליליטרים,50.00,"100 מ""ל",false,0,14.90,29.80,true,1,
4008600284963,false,מוצצים אדור 0-6 כחול,נוק,IL,מוצצים אדור 0-6,יחידה,1.00,יחידה,false,1,39.90,39.90,true,1,
4008600314226,false,מוצצי מיקי מאוס אדום2*,נוק,IL,מוצצי מיקי מאוס,יחידה,1.00,יחידה,false,1,39.90,39.90,true,1,
4008600384489,false,מוצצים הפי דייז כחול6-18,,DE,מוצצים הפי דייז,יחידה,1.00,יחידה,false,1,39.90,39.90,true,1,
4009900385824,false,מסטיק סטיקס פפרמינט 5 יח,ריגלי צרפת,FR,מסטיק סטיקס,גרמים,65.00,100 גרם,false,0,9.90,15.23,true,1,
4009900402965,false,אורביט וייט פירות 64גרם,ריגלי פולין,PL,אורביט בקבוקון,גרמים,64.00,100 גרם,false,0,8.90,13.90,true,1,
4009900403023,false,מסטיק אורביט ויט מנטה64ג,ריגלי פולין,PL,אורביט בקבוקון,גרמים,64.00,100 גרם,false,0,8.90,13.90,true,1,
4009900406918,false,הובה בובה טריפל מיקס56ג,ריגלי,GB,מסטיק הובה בובה,גרמים,56.00,100 גרם,false,0,7.20,12.86,true,1,
4009900420129,false,אורביט פפרמינט בקבוקון64,,PL,אורביט פפרמינט,גרמים,64.00,100 גרם,false,1,8.90,13.90,true,1,
4009900426121,false,מסטיק איירוויבז אוכמנ64ג,ריגלי פולין,PL,מסטיק איירוויבז,גרמים,64.00,100 גרם,false,1,8.90,13.90,true,1,
4009900479998,false,אורביט אוכמניות בקבוק64ג,ריגלי פולין,PL,אורביט בקבוקון,גרמים,64.00,100 גרם,false,0,8.90,13.90,true,1,
4009900482417,false,אורביט באבל מינט בקבוק64,ריגלי פולין,PL,אורביט באבל מינט,גרמים,64.00,100 גרם,false,0,8.90,13.90,true,1,
4009900484091,false,מסטיק בקבוק M ספירמינ84,ריגלי פולין,PL,אורביט בקבוק,גרמים,84.00,100 גרם,false,0,12.90,15.36,true,1,
4009900496247,false,מסטיק בקבוק M בבלמינט84ג,,PL,אורביט בקבוק,גרמים,84.00,100 גרם,false,1,12.90,15.36,true,1,
4009900531122,false,מסטיק אורביט ספירמינט64ג,,PL,אורביט ספירמינט,גרמים,64.00,100 גרם,false,1,8.90,13.90,true,1,
4009900534581,false,איירוויבז מנטה ודובדבן64,,IL,מסטיק איירוויבז,גרמים,64.00,100 גרם,false,1,8.90,13.90,true,1,
4009900534918,false,סוכריות סקיטלס,,CZ,סוכריות סקיטלס,יחידה,1.00,יחידה,false,0,8.90,8.90,true,1,
4009900536257,false,אורביט רפרשרס ספירמינט67,ריגלי פולין,PL,אורביט רפרשרס,גרמים,67.00,100 גרם,false,1,8.90,13.28,true,1,
4009900536288,false,אורביט רפרשרס פפרמינט67ג,ריגלי,PL,אורביט רפרשרס,גרמים,67.00,100 גרם,false,1,8.90,13.28,true,1,
4009900539685,false,מסטיק פייב באונס מנטה61ג,ריגלי בעמ רוסיה,PL,מסטיק פייב,גרמים,61.00,100 גרם,false,1,8.90,14.59,true,1,
4009900539746,false,פייב באונס ט.אבטיח61.8,ריגלי בעמ רוסיה,PL,מסטיק פייב,גרמים,61.00,100 גרם,false,1,8.90,14.59,true,1,
4011700431502,false,אפטר שייב טבק לגבר 300מל,לילית בישום,,אפטר שייב טבק,מיליליטרים,300.00,"100 מ""ל",false,0,89.00,29.67,true,1,
4012273123009,false,קרם ידיים ניוטרוג'ינה50מ,ג'ונסונס בייבי,FR,קרם ידיים,מיליליטרים,50.00,"100 מ""ל",false,0,24.90,49.80,true,1,
4014400907902,false,סוכ.וורטר ל.סוכר בוקס42ג,שטורק,DE,סוכריות וורטר,גרמים,42.00,100 גרם,false,0,7.90,18.81,true,1,
4014400914696,false,סוכ.חמאה וורטר ל.סוכר80ג,אוגוסט שטורק,DE,סוכריות וורטר,גרמים,80.00,100 גרם,false,0,11.90,14.88,true,1,
4014400920857,false,"סוכ.וורטר לל""ס שוקולד70ג",אוגוסט שטורק,DE,סוכריות וורטר,גרמים,70.00,100 גרם,false,1,11.90,17.00,true,1,
4014400923711,false,טופיפי 125 גרם,אוגוסט שטורק,DE,טופיפי,גרמים,125.00,100 גרם,false,1,15.90,12.72,true,1,
4014400925319,false,ורטר פופקורן קרמל 140גר,,DE,ממתק קרמל ורטר,גרמים,140.00,100 גרם,false,1,16.50,11.79,true,1,
4015000280372,false,דאו.רול און FA ספורט 50,הנקל סוד,DE,דאודורנט FA,מיליליטרים,50.00,"100 מ""ל",false,0,9.90,19.80,true,1,
4015000519915,false,דאו.ספריי פינק פשיין 200,הנקל סוד,TR,דאודורנט FA,מיליליטרים,200.00,"100 מ""ל",false,0,9.90,4.95,true,1,
4015000615891,false,דאו.ספריי FA אקווה 200מל,הנקל סוד,DE,דאודורנט FA,מיליליטרים,200.00,"100 מ""ל",false,0,9.90,4.95,true,1,
4015000940955,false,שמפו גליס לטיפוח שיער400,שוורצקופ,DE,שמפו גליס,מיליליטרים,400.00,"100 מ""ל",false,0,12.90,3.23,true,1,
4015000995122,false,דאו. פה כח המשיכה 200 מל,הנקל סוד,DE,דאודורנט פה,מיליליטרים,200.00,"100 מ""ל",false,0,9.90,4.95,true,1,
4015000997430,false,פה ספריי אינויזיבל 200 מ,הנקל סוד,TR,דאודורנט פה,מיליליטרים,200.00,"100 מ""ל",false,0,9.90,4.95,true,1,
4015100190786,false,גליס מסכה סרום שיקום 300,הנקל סוד,SK,מסכת גליס,מיליליטרים,300.00,"100 מ""ל",false,1,39.90,13.30,true,1,
4015100190793,false,גליס מסכה שיקום אולטי300,הנקל סוד,SK,מסכת גליס,מיליליטרים,300.00,"100 מ""ל",false,1,39.90,13.30,true,1,
4015100298000,false,מסכה עשירה 2 ב1 גליס300מ,"פארמול, שולרה",SK,מסכה עשירה גליס,מיליליטרים,300.00,"100 מ""ל",false,1,39.90,13.30,true,1,
4015400824725,false,טמפקס פלאש סופר 30 יח',פרוקטר אנד גמבל,HU,טמפקס פלאש סופר,יחידה,1.00,יחידה,false,0,29.90,29.90,true,1,
4015400990482,false,אב.כביסה אריאל קולור 3קג,פרוקטר אנד גמבל,TR,אבקת אריאל קולור,קילוגרמים,3.00,"ק""ג",false,1,29.90,9.96,true,1,
4015600763251,false,שמפו הד&שולדרס קלאסי600מ,פרוקטר אנד גמבל,RO,שמפו הד&שולדרס,מיליליטרים,600.00,"100 מ""ל",false,0,25.90,4.32,true,1,
4015600763299,false,"הד&שולדרס 2ב1- 600 מ""ל",פרוקטר אנד גמבל,RO,שמפו הד&שולדרס,מיליליטרים,600.00,"100 מ""ל",false,0,25.90,4.32,true,1,
4015600763411,false,שמפו הד&שולדרס מנטול 600,פרוקטר אנד גמבל,RO,שמפו הד&שולדרס,מיליליטרים,600.00,"100 מ""ל",false,0,25.90,4.32,true,1,
4015600763459,false,שמפו הד&שולדרס תפוח600מל,פרוקטר אנד גמבל,RO,שמפו הד&שולדרס,מיליליטרים,600.00,"100 מ""ל",false,0,25.90,4.32,true,1,
4015600763534,false,הד&שולדרס מגע משי 600מ,פרוקטר אנד גמבל,RO,שמפו הד&שולדרס,מיליליטרים,600.00,"100 מ""ל",false,0,25.90,4.32,true,1,
4015600766658,false,שמפו הד&שולדרס 2ב1- 600,פרוקטר אנד גמבל,RO,שמפו הד&שולדרס,מיליליטרים,600.00,"100 מ""ל",false,0,25.90,4.32,true,1,
4015600807573,false,"דאו.ג'ל PA-PB 75 מ""ל",,US,דאודורנט ג'ל,מיליליטרים,75.00,"100 מ""ל",false,0,21.90,29.20,true,1,
4015600810849,false,דאו.קליר ג'ל פאוייר70מ,פרוקטר אנד גמבל,PL,דאודורנט קליר,מיליליטרים,70.00,"100 מ""ל",false,0,16.90,24.14,true,1,
4017100364112,false,עוג.סנדוויץ היט קקאו220ג,באלסן,PL,עוגיות סנדוויץ,גרמים,220.00,100 גרם,false,1,8.90,4.05,true,1,
4045787068221,false,פרוטאין קולור 1-0שחור 60,הנקל סוד,DE,פרוטאין קולור,יחידה,1.00,יחידה,false,0,14.90,14.90,true,1,
4045787068283,false,פרוטאין קולור מס1.1',הנקל סוד,DE,פרוטאין קולור,יחידה,1.00,יחידה,false,0,14.90,14.90,true,1,
4045787068306,false,פרוטאין קולור מס4',הנקל סוד,DE,פרוטאין קולור,יחידה,1.00,יחידה,false,0,14.90,14.90,true,1,
4045787068320,false,פרוטאין קולור 5 חום,הנקל סוד,DE,פרוטאין קולור,יחידה,1.00,יחידה,false,0,14.90,14.90,true,1,
4045787068375,false,פרוטאין קולור6 בלונד כהה,הנקל סוד,DE,פרוטאין קולור,יחידה,1.00,יחידה,false,0,14.90,14.90,true,1,
4045787068412,false,פרוטאין קולור6-37שוקולד,הנקל סוד,DE,פרוטאין קולור,יחידה,1.00,יחידה,false,0,14.90,14.90,true,1,
4045787068467,false,פרוטאין קולור מס7',הנקל סוד,DE,פרוטאין קולור,יחידה,1.00,יחידה,false,0,14.90,14.90,true,1,
4053700288205,false,קרם להסרת שיער רגיש100מל,רקיט בנקיזר,FR,קרם להסרת שיער,מיליליטרים,100.00,"100 מ""ל",false,0,39.90,39.90,true,1,
4053700292455,false,ויט 12רצועות שעווה צמחית,רקיט בנקיזר,FR,רצועות שעווה ויט,יחידה,1.00,יחידה,false,0,38.90,38.90,true,1,
4056800762699,false,קולסטון מיני קיט 7/0 בלו,HFC פרסטיג',DE,קולסטון מיני קיט,יחידה,1.00,יחידה,false,1,25.90,25.90,true,1,
4056800762750,false,קולסטון מיני קיט 6/0 בלו,HFC פרסטיג',DE,קולסטון מיני קיט,יחידה,1.00,יחידה,false,1,25.90,25.90,true,1,
4056800762842,false,קולסטון מיני קיט 5/0 חום,HFC פרסטיג',DE,קולסטון מיני קיט,יחידה,1.00,יחידה,false,1,25.90,25.90,true,1,
4056800762873,false,קולסטון מיני קיט 4/0 חום,HFC פרסטיג',DE,קולסטון מיני קיט,יחידה,1.00,יחידה,false,1,25.90,25.90,true,1,
4056800762903,false,קולסטון מיני קיט 3/0 חום,HFC פרסטיג',DE,קולסטון מיני קיט,יחידה,1.00,יחידה,false,1,25.90,25.90,true,1,
4056800777761,false,קולסטון קיט 2/0 שחור,פרוקטר & גמבל,DE,קולסטון קיט,יחידה,1.00,יחידה,false,0,38.90,38.90,true,1,
4056800777822,false,קולסטון קיט 3/0 חום כהה,HFC פרסטיג',DE,קולסטון קיט,יחידה,1.00,יחידה,false,0,38.90,38.90,true,1,
4056800778287,false,קולסטון קיט 6/0 בלונד כה,HFC פרסטיג',DE,קולסטון קיט,יחידה,1.00,יחידה,false,0,38.90,38.90,true,1,
4056800943739,false,"קרם חמצן וולה 6% 60 מ""ל",אונדל,FR,חמצן וולה,מיליליטרים,60.00,"100 מ""ל",false,0,5.90,9.83,true,1,
4056800943791,false,"חמצן וולה 9% 60 מ""ל",אונדל,FR,חמצן וולה9%,מיליליטרים,60.00,"100 מ""ל",false,0,5.90,9.83,true,1,
4056800980444,false,קולסטון מיני קיט 3/66 סג,HFC פרסטיג',DE,קולסטון מיני קיט,יחידה,1.00,יחידה,false,1,25.90,25.90,true,1,
4056800980567,false,קולסטון מיני קיט 6/7 חום,קוטי,DE,קולסטון מיני קיט,יחידה,1.00,יחידה,false,1,25.90,25.90,true,1,
4059729028709,false,סומק 50 יח',CATRICE,DE,סומק 50,יחידה,1.00,יחידה,false,0,15.00,15.00,true,1,
4059729030559,false,עיפרון גבות 35,CATRICE,DE,עיפרון גבות 35,יחידה,1.00,יחידה,false,0,11.00,11.00,true,1,
4059729032539,false,באלם לשפתיים עם פילינגי,,FR,באלם לשפתיים עם,יחידה,1.00,יחידה,false,1,17.00,17.00,true,1,
4059729032546,false,"סרום לשפתיים 2.5 מ""ל",,PL,סרום לשפתיים,יחידה,1.00,יחידה,false,0,20.00,20.00,true,1,
4059729034465,false,"מייק אפ HD 46 30 מ""ל",,IL,מייק אפ HD 46,מיליליטרים,30.00,"100 מ""ל",false,1,29.00,96.67,true,1,
4059729036742,false,עיפרון גבות סלים 40,CATRICE,DE,עיפרון גבות סלים,יחידה,1.00,יחידה,false,0,14.00,14.00,true,1,
4059729049650,false,באלם שפתיים 020 יח',,IL,באלם שפתיים 020,יחידה,1.00,יחידה,false,1,15.00,15.00,true,1,
4059729053107,false,לק ניוד 02 יח',,DE,לק ניוד 02,יחידה,1.00,יחידה,false,1,10.00,10.00,true,1,
4059729246271,false,מסקרה ריסים עבים,,IL,מסקרה ריסים עבים,יחידה,1.00,יחידה,false,1,17.00,17.00,true,1,
4059729248343,false,שפתון מט פרו נוזלי010,,FR,שפתון מט פרו נוז,יחידה,1.00,יחידה,false,1,21.00,21.00,true,1,
4059729248381,false,שפתון מט פרו נוזלי050,,FR,שפתון מט פרו נוז,יחידה,1.00,יחידה,false,1,21.00,21.00,true,1,
4059729250322,false,בוסטר אקסטרים לשפתיים יח,,IL,בוסטר אקסטרים לש,יחידה,1.00,יחידה,false,1,17.00,17.00,true,1,
4059729251350,false,לאבס פטה שפתון מאט 06 יח,,IT,לאבס פטה שפתון מ,יחידה,1.00,יחידה,false,1,21.00,21.00,true,1,
4059729276414,false,ליפגלוס שפתיים מלאות 140,,FR,ליפגלוס שפתיים מ,יחידה,1.00,יחידה,false,1,15.00,15.00,true,1,
4059729276667,false,עיפרון תוחם שפתיים 010,,FR,עיפרון גבות 015,יחידה,1.00,יחידה,false,1,11.00,11.00,true,1,
4059729276681,false,עיפרון תוחם שפתיים 030,,FR,עיפרון תוחם שפת,יחידה,1.00,יחידה,false,1,11.00,11.00,true,1,
4059729276698,false,עיפרון תוחם שפתיים 040,,FR,עיפרון תוחם שפת,יחידה,1.00,יחידה,false,1,11.00,11.00,true,1,
4059729276711,false,עיפרון תוחם שפתיים 060,,FR,עיפרון תוחם שפת,יחידה,1.00,יחידה,false,1,11.00,11.00,true,1,
4059729276735,false,עיפרון תוחם שפתיים 080,,FR,עיפרון תוחם שפת,יחידה,1.00,יחידה,false,1,11.00,11.00,true,1,
4059729276742,false,עיפרון תוחם שפתיים 090,,FR,עיפרון תוחם שפת,יחידה,1.00,יחידה,false,1,11.00,11.00,true,1,
4059729276797,false,שפתון מאט לשפתיים,,TW,שפתון מאט,יחידה,1.00,יחידה,false,0,21.00,21.00,true,1,
4059729277114,false,קונסילר ל18- שעות,,IT,קונסילר ל18-שעות,יחידה,1.00,יחידה,false,0,17.00,17.00,true,1,
4059729277206,false,מייקאפ טרו סקין 010 30,,FR,מייקאפ טרו סקין,מיליליטרים,30.00,"100 מ""ל",false,1,29.00,96.67,true,1,
4059729277374,false,פודרה דחוסה לטשטוש נקבו,,FR,פודרה דחוסה לטש,יחידה,1.00,יחידה,false,1,21.00,21.00,true,1,
4059729281005,false,גו ביג גו בולד מסקרה יח',,FR,גו ביג גו בולד מ,יחידה,1.00,יחידה,false,1,20.00,20.00,true,1,
4059729282026,false,מייקאפ טרו סקין 033 30מ,,FR,מייקאפ טרו סקין,מיליליטרים,30.00,"100 מ""ל",false,1,29.00,96.67,true,1,
4059729298485,false,"סרום לפנים 30מ""ל",,IT,סרום לפנים,מיליליטרים,30.00,"100 מ""ל",false,0,25.00,83.33,true,1,
4059729298508,false,באלם מזין לשפתיים יבשות,S.R COSMETICS .ANCOROTTI,IT,באלם מזין לשפתיי,יחידה,1.00,יחידה,false,1,21.00,21.00,true,1,
4059729312259,false,סבון לגבות,,CN,סבון לגבות,יחידה,1.00,יחידה,false,0,17.00,17.00,true,1,
4059729312532,false,"פריימר 30 מ""ל",,IT,פריימר,מיליליטרים,30.00,"100 מ""ל",false,0,25.00,83.33,true,1,
4059729313317,false,מסקרה לגבות יח',,PL,מסקרה לגבות,יחידה,1.00,יחידה,false,0,15.00,15.00,true,1,
4059729329462,false,עיפרון לעיניים,,DE,עיפרון לעיניים,יחידה,1.00,יחידה,false,0,10.00,10.00,true,1,
4059729329547,false,עיפרון לעיניים,,DE,עיפרון לעיניים,יחידה,1.00,יחידה,false,0,10.00,10.00,true,1,
4059729329981,false,מסקרה שחורה לעיניים,,IT,מסקרה שחורה,יחידה,1.00,יחידה,false,0,21.00,21.00,true,1,
4059729330697,false,סומק,,PL,סומק,יחידה,1.00,יחידה,false,0,17.00,17.00,true,1,
4059729335210,false,לק בסיס לציפורניים,,LU,לק בסיס,יחידה,1.00,יחידה,false,0,10.00,10.00,true,1,
4084500065536,false,פנטן קרם לחות מוגברת 300,פרוקטר אנד גמבל,FR,קרם לשיער פנטן,מיליליטרים,300.00,"100 מ""ל",false,0,23.90,7.97,true,1,
4084500065598,false,פנטן קרם לחות לתלתלים300,פרוקטר אנד גמבל,FR,קרם לשיער פנטן,מיליליטרים,300.00,"100 מ""ל",false,0,23.90,7.97,true,1,
4084500081314,false,"אורל בי פרואקספרט 75 מ""",פרוקטר אנד גמבל,DE,משחת אורל בי,מיליליטרים,75.00,"100 מ""ל",false,1,14.90,19.87,true,1,
4084500471832,false,ג'ילט ג'ל קול וייב לגבר,OPERATION PROCTER&GAMBLE,PL,ג'ילט ג'ל קול,מיליליטרים,70.00,"100 מ""ל",false,1,16.90,24.14,true,1,
4084500471900,false,ג'ילט דאו קליר ג'ל ספורט,ג'\ילט פרוקטר אנד גמבל,PL,ג'ילט דאו קליר ג,מיליליטרים,70.00,"100 מ""ל",false,1,16.90,24.14,true,1,
4084500739253,false,אורל בי White 3Dלובן75מל,פרוקטר אנד גמבל,DE,משחת אורל בי,מיליליטרים,75.00,"100 מ""ל",false,1,20.90,27.87,true,1,
4101730002718,false,מוצרט 5 כדורים 100 גרם,,DE,מוצרט 5 כדורים,גרמים,100.00,100 גרם,false,1,13.90,13.90,true,1,
4101730003555,false,בונבוניירה מוצרט קוגל120,רבר,DE,בונבוניירה מוצרט,גרמים,120.00,100 גרם,false,0,19.90,16.58,true,1,
4210201078128,false,מברשת חשמלית PRO 800,B ORAL,DE,אורל בי נטענת,יחידה,1.00,יחידה,false,0,169.00,169.00,true,1,
4210201176688,false,4 ראשים חשמלי סנסטיב,בראון,DE,ראש חשמלי 4 יח,יחידה,1.00,יחידה,false,1,89.90,89.90,true,1,
4210201176831,false,ראשי מילוי סנסיטיב מארז,בראון,DE,ראשי מילוי סנסיט,יחידה,1.00,יחידה,false,1,219.90,219.90,true,1,
4210201202318,false,מב.שיניים חשמלית ג'וניו,בראון,DE,מב.שיניים חשמלית,יחידה,1.00,יחידה,false,1,189.90,189.90,true,1,
4210201202905,false,ראשי מילוי סנסיטיב מארז,בראון,DE,ראשי מילוי סנסיט,יחידה,1.00,יחידה,false,1,219.90,219.90,true,1,
4210201262183,false,מברשת חשמלית נטענת-מבוגר,בראון,DE,מברשת נטענת,יחידה,1.00,יחידה,false,1,89.90,89.90,true,1,
4210201320111,false,מברשת שיניים נטענת,"מיוצר עבור בראון, גרמניה",DE,מברשת שיניים נטע,יחידה,1.00,יחידה,false,1,89.90,89.90,true,1,
4210201320210,false,ראש חשמלי לילדים 4 יח,"בראון, גרמניה.",DE,אורל בי ראש חשמל,יחידה,1.00,יחידה,false,1,89.90,89.90,true,1,
4250338474363,false,איילנר נוזלי,CATRICE,DE,איילנר נוזלי,יחידה,1.00,יחידה,false,0,15.00,15.00,true,1,
4250338474400,false,איילנר נוזלי עמיד במים,CATRICE,DE,איילנר נוזלי עמי,יחידה,1.00,יחידה,false,0,16.00,16.00,true,1,
4250587723779,false,ג'ל לעיצוב הגבות,CATRICE,DE,ג'ל לעיצוב הגבות,יחידה,1.00,יחידה,false,0,14.00,14.00,true,1,
4250587768367,false,עיפרון גבות 40,CATRICE,DE,עיפרון גבות 40,יחידה,1.00,יחידה,false,0,11.00,11.00,true,1,
4250947531518,false,פודרה בתפזורת יח',CATRICE,DE,פודרה בתפזורת,יחידה,1.00,יחידה,false,0,23.00,23.00,true,1,
4250947544662,false,קונסילר נוזלי 10,CATRICE,DE,קונסילר נוזלי 1,יחידה,1.00,יחידה,false,0,15.00,15.00,true,1,
4250947544686,false,קונסילר נוזלי 20,CATRICE,DE,קונסילר נוזלי 2,יחידה,1.00,יחידה,false,0,15.00,15.00,true,1,
4250947562277,false,מסקרה גלאם&דול מלאכותיים,CATRICE,DE,מסקרה גלאם&דול,יחידה,1.00,יחידה,false,0,17.00,17.00,true,1,
4250947598283,false,מייק אפ 10-HD,CATRICE,DE,מייק אפ 10-HD,מיליליטרים,30.00,"100 מ""ל",false,0,29.00,96.67,true,1,
4250947598306,false,מייק אפ 30-HD,CATRICE,DE,מייק אפ 30-HD,מיליליטרים,30.00,"100 מ""ל",false,0,29.00,96.67,true,1,
4250947598313,false,מייק אפ 40-HD,CATRICE,DE,מייק אפ 40-HD,מיליליטרים,30.00,"100 מ""ל",false,0,29.00,96.67,true,1,
4251232217605,false,עפרון לתיחום,CATRICE,DE,עפרון לתיחום,יחידה,1.00,יחידה,false,0,13.00,13.00,true,1,
4251232241853,false,לק במרקם ג'ל 02,CATRICE,DE,לק במרקם ג'ל 02,יחידה,1.00,יחידה,false,0,10.00,10.00,true,1,
4710068001692,false,"מאסטר קפה לאטה 240 מ""ל",תאיט מרקטינג אנד דיסטריב,TW,מאסטר קפה,מיליליטרים,240.00,"100 מ""ל",false,0,7.90,3.29,true,1,
4710068001739,false,מאסטר קפה,,TW,מאסטר קפה,מיליליטרים,240.00,"100 מ""ל",false,0,7.90,3.29,true,1,
4800888209405,false,דאו.רקסונה סטיק קובלט 50,יוניליוור,PH,דאודורנט רקסונה,גרמים,50.00,100 גרם,false,1,16.90,33.80,true,1,
4800888209429,false,דאודורנט סטיק כותנה 50 ג,יוניליוור,PH,דאודורנט רקסונה,גרמים,50.00,100 גרם,false,1,16.90,33.80,true,1,
4800888219510,false,"דאו סטיק מלפפונים50 מ""ל",יוניליוור,PH,דאודורנט דאב,גרמים,50.00,100 גרם,false,1,17.90,35.80,true,1,
4800888219541,false,דאו.סטיק רקסונה פאודר50ג,יוניליוור,PH,דאודורנט רקסונה,מיליליטרים,50.00,"100 מ""ל",false,1,16.90,33.80,true,1,
4891228304478,false,שיק היידרו5 סנס 4 סכינים,ארץ ייצור סכינים: ארהבn\,US,שיק הידרו סכינים,יחידה,1.00,יחידה,false,1,49.90,49.90,true,1,
4891228308032,false,אינטואישן ידית5+ סכינים,ארץ ייצור סכינים: ארהבn\,US,שיק אינטואישן5+ס,יחידה,1.00,יחידה,false,1,64.90,64.90,true,1,
4891228309268,false,שיק 3סכיני סילק טאצ' אפ,אדג'וול,US,שיק סכיני סילק ט,יחידה,1.00,יחידה,false,1,21.90,21.90,true,1,
4891228430085,false,4 סכיני גילוח אקסטרים3-,שיק,CN,סכיני גילוח,יחידה,1.00,יחידה,false,0,19.90,19.90,true,1,
4891228430092,false,4סכינ.גילוח אקסטרים3 אשה,שיק,CN,סכיני גילוח,יחידה,1.00,יחידה,false,0,19.90,19.90,true,1,
4987176128188,false,6מברשות שיניים אורל בי,פרוקטר & גמבל,IN,6מברשות שיניים,יחידה,1.00,יחידה,false,1,15.90,15.90,true,1,
4987176130037,false,מברשות שיניים אולטאט טין,פרוקטר & גמבל,IN,מברשות שיניים או,יחידה,1.00,יחידה,false,1,29.90,29.90,true,1,
5000159020312,false,שוקולד מלטיזרס 37 גרם,,NL,שוקולד מלטיזרס,גרמים,37.00,100 גרם,false,1,4.90,13.24,true,1,
5000159376655,false,סוכריות סקיטלס פירות38ג,ריגלי ממתקים,CZ,סוכריות סקיטלס,גרמים,38.00,100 גרם,false,0,2.90,7.63,true,1,
5000159407236,false,חטיף מרס 51 גרם,מרס הולנד בי.וי.,NL,חטיף מרס,גרמים,51.00,100 גרם,false,0,3.90,7.65,true,1,
5000159459228,false,חטיף טוויקס 50 גרם,מרס,NL,חטיף טוויקס,גרמים,50.00,100 גרם,false,0,3.90,7.80,true,1,
5000204114898,false,גלייד ארוסול ריח מרכך300,"אס.סי ג'\ונסון,מידרכט, ה",NL,גלייד ארוסול,מיליליטרים,300.00,"100 מ""ל",false,1,8.90,2.97,true,1,
5000394141179,false,דורסל שמיניות AAA פלוס,,BE,דורסל שמיניות AA,יחידה,1.00,יחידה,false,1,19.90,19.90,true,1,
5010123703509,false,ליסטרין קולמינט 250,ג'ונסון,IL,ליסטרין קולמינט,מיליליטרים,250.00,"100 מ""ל",false,1,10.00,4.00,true,1,
5010182998847,false,טואלט דאק נוזל כחול 750מ,אס.סי.ג'ונסון מידרכט,NL,טואלט דאק,מיליליטרים,750.00,"100 מ""ל",false,0,10.90,1.45,true,1,
5010415211200,false,זוג פטמות שלב 1טומי טיפי,הכי טבעי-הנסיך,IL,טומי טיפי זוג פט,יחידה,1.00,יחידה,false,0,44.90,44.90,true,1,
5010415211248,false,זוג פטמות שלב3 טומי טיפי,הכי טבעי-הנסיך,IL,זוג פטמות,יחידה,1.00,יחידה,false,0,44.90,44.90,true,1,
5010415221421,false,פטמות למזון סמיך,הכי טבעי-הנסיך,IL,פטמות למזון סמיך,יחידה,1.00,יחידה,false,0,49.90,49.90,true,1,
5010415225214,false,"זוג בקבוקים 260 מ""ל בנים",הכי טבעי-הנסיך,IL,הכי טבעי בקבוק ב,יחידה,1.00,יחידה,false,0,89.90,89.90,true,1,
5010415226013,false,"טבעי בקבוק 340 מ""ל",הכי טבעי-הנסיך,IL,טבעי בקבוק 340 מ,יחידה,1.00,יחידה,false,0,64.90,64.90,true,1,
5010415226976,false,"טבעי בקבוק 340 מ""ל בנים",הכי טבעי-הנסיך,IL,בקבוק 340מל,יחידה,1.00,יחידה,false,0,64.90,64.90,true,1,
5010415323088,false,מברשת לבקבוקים טומי טיפי,טומי טיפי,IL,טומי טיפי מברשת,יחידה,1.00,יחידה,false,0,37.90,37.90,true,1,
5010415330444,false,מספריים לציפורנים,טומי טיפי,IL,מספריים לציפורני,יחידה,1.00,יחידה,false,0,31.90,31.90,true,1,
5010415330987,false,מסרק+מברשת רכה,,IL,מסרק+מברשת רכה,יחידה,1.00,יחידה,false,0,31.90,31.90,true,1,
5010415333582,false,מוצצים איורי חיות6-18זוג,הכי טבעי-הנסיך,IL,טבעי מוצצים מעוצ,יחידה,1.00,יחידה,false,0,44.90,44.90,true,1,
5010415470232,false,כוס שתיה קשית +12 בנים,הנסיך הקטן,IL,כוס שתיה קשית 12,יחידה,1.00,יחידה,false,0,49.90,49.90,true,1,
5010415471093,false,כוס שתיה שני חלקים בנות,טומי טיפי,IL,כוס שתיה בנות,יחידה,1.00,יחידה,false,0,49.90,49.90,true,1,
5011408017526,false,אלנט ספריי חזק מאוד200מ,SOPROCOS,FR,אלנט ספריי חזק,מיליליטרים,200.00,"100 מ""ל",false,0,39.90,19.95,true,1,
5011408027990,false,"אלנט ספריי לשיער ח""מ400",kozmetik canan,FR,אלנט ספריי לשיער,מיליליטרים,400.00,"100 מ""ל",false,0,54.90,13.73,true,1,
5012251012645,false,מדבקות להוצאת שחורים אף,,GB,מדבקות להוצאת שח,יחידה,1.00,יחידה,false,1,15.90,15.90,true,1,
5013931015741,false,ידית הפלא לשטיפת כלים,Ltd\n UK Brands Libman,GB,ידית הפלא לכלים,יחידה,1.00,יחידה,false,1,19.90,19.90,true,1,
5016221991930,false,ראשים למברשת חשמלית 4 יח,קלרו,DE,ראשים למברשת,יחידה,1.00,יחידה,false,1,87.90,87.90,true,1,
5019090518611,false,כוס הפלא 360 עם ידית 207,מנצ'קין,IL,כוס הפלא 360,יחידה,1.00,יחידה,false,1,64.90,64.90,true,1,
5028763004344,false,מברשת לניקוי תותבות,WISDOM,IL,מברשת לניקוי תו,יחידה,1.00,יחידה,false,0,14.90,14.90,true,1,
5029053039725,false,קלינקס נטורל פרש72 דף,,FR,קלינקס נטורל פרש,יחידה,1.00,יחידה,false,1,13.90,13.90,true,1,
5029053510811,false,קוטקס תחבושות נורמל 30יח,חוגלה קימברלי,CZ,תחבושות קוטקס,יחידה,1.00,יחידה,false,0,17.90,17.90,true,1,
5029053510828,false,קוטקס תחבושות סופר 22 יח,חוגלה קימברלי,CZ,תחבושות קוטקס,יחידה,1.00,יחידה,false,0,17.90,17.90,true,1,
5029053523446,false,קוטקס תחבושות נייט 20 יח,חוגלה קימברלי,CZ,תחבושות נייט קוט,יחידה,1.00,יחידה,false,0,17.90,17.90,true,1,
5029053534596,false,32 טמפוני קוטקס נורמל,קימברלי קלארק,CZ,טמפוני קוטקס,יחידה,1.00,יחידה,false,0,27.90,27.90,true,1,
5029053535227,false,16טמפו.קוטקס מוליך נורמ.,קימברלי קלארק,CZ,טמפוני קוטקס,יחידה,1.00,יחידה,false,0,18.90,18.90,true,1,
5029053535234,false,16טמפונ.קוטקס מוליך סופר,חוגלה קימברלי,CZ,טמפוני קוטקס,יחידה,1.00,יחידה,false,0,18.90,18.90,true,1,
5029053538426,false,11 חיתולי שחיה האגיס L,האגיס בגדי ים,CZ,חיתולי האגיס,יחידה,1.00,יחידה,false,0,39.90,39.90,true,1,
5029053574103,false,20 האגיס גמילה יום בנות,,CZ,האגיס גמילה בנות,יחידה,1.00,יחידה,false,1,48.90,48.90,true,1,
5029053574110,false,20 האגיס גמילה יום בנים,,CZ,האגיס גמילה בנים,יחידה,1.00,יחידה,false,1,48.90,48.90,true,1,
5029053574141,false,18 האגיס גמילה לילה בנות,,CZ,האגיס גמילה בנות,יחידה,1.00,יחידה,false,1,48.90,48.90,true,1,
5029053575858,false,"96מגבות ידיים לשימוש ח""פ",חוגלה קימברלי,FR,מגבות נייר,יחידה,1.00,יחידה,false,1,21.90,21.90,true,1,
5029054220085,false,מגבונים לרך נולד 56*4 יח,חוגלה קימברלי,GB,מגבונים לרך נולד,יחידה,1.00,יחידה,false,1,31.90,31.90,true,1,
5050456522736,false,נינה צרוטי1881 אדט100מל,,FR,צ'רוטי 1881 אשה,מיליליטרים,100.00,"100 מ""ל",false,1,169.00,169.00,true,1,
5060420231120,false,אספן חלב אם כוס טפטופים,ISRAEL INDIVIOR,IL,אספן חלב אם כוס,יחידה,1.00,יחידה,false,1,89.90,89.90,true,1,
5201178801030,false,"קרם ניוואה רב""ש 75 מ""ל",ביירסדורץ,,קרם ניוואה,יחידה,1.00,יחידה,false,0,23.90,23.90,true,1,
5201178801047,false,"קרם לחות ניוואה 150 מ""ל",HELLAS BEIERSDORF,DE,קרם לחות ניוואה,מיליליטרים,150.00,"100 מ""ל",false,0,14.90,9.93,true,1,
5201263001536,false,DAY EVERY מגן תחתוןXL 24,,GR,מגני תחתון XL,יחידה,1.00,יחידה,false,1,12.90,12.90,true,1,
5201263011474,false,DAY EVERYמגן תח לארג30יח,,GR,מגני תחתון לארג',יחידה,1.00,יחידה,false,1,12.90,12.90,true,1,
5201347400545,false,ויט 20רצועות שעווה לפנים,רקיט בנקיזר,FR,רצועות שעווה ויט,יחידה,1.00,יחידה,false,0,38.90,38.90,true,1,
5202300014496,false,וולפלקס ספרי אקסטרא250מל,HFC פרסטיג',DE,וולהפלקס ספריי,מיליליטרים,250.00,"100 מ""ל",false,0,38.90,15.56,true,1,
5202300043151,false,קולסטון 8/0 בלונד בהיר,HFC פרסטיג',DE,קולסטון שפופרת,יחידה,1.00,יחידה,false,0,25.90,25.90,true,1,
5202300043168,false,קולסטון 7/0 בלונד בינוני,HFC פרסטיג',DE,קולסטון,יחידה,1.00,יחידה,false,0,25.90,25.90,true,1,
5202300043175,false,קולסטון 6/0 בלונד כהה,HFC פרסטיג',DE,קולסטון שפופרת,יחידה,1.00,יחידה,false,0,25.90,25.90,true,1,
5202300043182,false,קולסטון 5/0 חום בהיר,HFC פרסטיג',DE,קולסטון שפופרת,יחידה,1.00,יחידה,false,0,25.90,25.90,true,1,
5202300043199,false,קולסטון 4/0 חום בינוני,HFC פרסטיג',DE,קולסטון שפופרת,יחידה,1.00,יחידה,false,0,25.90,25.90,true,1,
5202300043212,false,"קולסטון 2/0 שחור 60 מ""ל",HFC פרסטיג',DE,קולסטון שפופרת,יחידה,1.00,יחידה,false,0,25.90,25.90,true,1,
5202300043670,false,קולסטון 5/7 חום קפה,HFC פרסטיג',DE,קולסטון שפורפרת,יחידה,1.00,יחידה,false,0,25.90,25.90,true,1,
5202300045834,false,קולסטון 10/0 בלונד פסטל,HFC פרסטיג',DE,קולסטון שפורפרת,יחידה,1.00,יחידה,false,0,25.90,25.90,true,1,
5391523057912,false,סימילאק גולד שלב 1 400 ג,ABBOT,IE,סימילאק גולד,גרמים,400.00,100 גרם,false,1,44.90,11.23,true,1,
5391523057929,false,סימילאק גולד שלב 1 700 ג,ABBOT,IE,סימילאק גולד,גרמים,700.00,100 גרם,false,1,69.90,9.99,true,1,
5391523057936,false,סימילאק גולד שלב 2 700 ג,ABBOT,IE,סימילאק גולד,גרמים,700.00,100 גרם,false,1,69.90,9.99,true,1,
5391523057943,false,סימילאק גולד שלב 3 700 ג,ABBOT,IE,סימילאק גולד,גרמים,700.00,100 גרם,false,1,69.90,9.99,true,1,
5391523058063,false,סימילאק אדבנס+ שלב1 700ג,ABBOT,IE,סימילאק אדבנס,גרמים,700.00,100 גרם,false,1,64.90,9.27,true,1,
5391523058070,false,סימילאק אדבנס+ שלב3 700ג,ABBOT,IE,סימילאק אדבנס,גרמים,700.00,100 גרם,false,1,64.90,9.27,true,1,
5391523058087,false,סימילאק אדבנס+ שלב2 700ג,ABBOT,IE,סימילאק אדבנס,גרמים,700.00,100 גרם,false,1,64.90,9.27,true,1,
5410076933129,false,אריאל שושן צחור 3קג,P&G,CZ,אריאל שושן צחור,קילוגרמים,3.00,"ק""ג",false,0,29.90,9.96,true,1,
5410103161617,false,ACTIVE TRIPLE קרם לחות,"קרלסרו, גרמניה",DE,קרם לחות עור יבש,מיליליטרים,50.00,"100 מ""ל",false,0,49.90,99.80,true,1,
5410126666038,false,ביסקוויט לוטוס קרמל279ג,לוטוס ביקרי,BE,ביסקוויט לוטוס,גרמים,279.00,100 גרם,false,1,14.90,5.34,true,1,
5601036205534,false,צבע לשיער 1 שחור,ליברמו,BE,צבע לשיער אקסלנס,יחידה,1.00,יחידה,false,0,35.90,35.90,true,1,
5601036205541,false,צבע לשיער 3 חום כהה מאוד,ליברמו,BE,צבע לשיער אקסלנס,יחידה,1.00,יחידה,false,0,35.90,35.90,true,1,
5601036205558,false,צבע לשיער גוון 4 חום כהה,ליברמו,BE,צבע שיער אקסלנס,יחידה,1.00,יחידה,false,0,35.90,35.90,true,1,
5601036205589,false,צבע שיער אקסלנס 5 חום,ליברמו,BE,צבע לשיער אקסלנס,יחידה,1.00,יחידה,false,0,35.90,35.90,true,1,
5601036205596,false,צבע לשיער 5.3 חום זהוב,לוריאל ישראל קוסמטיקס בע,BE,צבע לשיער אקסלנס,יחידה,1.00,יחידה,false,0,35.90,35.90,true,1,
5601036205626,false,צבע שיער 6 בלונד כהה,ליברמו,BE,צבע שיער אקסלנס,יחידה,1.00,יחידה,false,0,35.90,35.90,true,1,
5601036205657,false,צבע לשיער 7 בלונד,ליברמו,BE,צבע לשיער אקסלנס,יחידה,1.00,יחידה,false,0,35.90,35.90,true,1,
5601036205671,false,אקסלנס בלונד זהוב מס7.3',ליברמו,BE,צבע לשיער אקסלנס,יחידה,1.00,יחידה,false,0,35.90,35.90,true,1,
5601036205725,false,צבע שיער אקסלנס 10 בלונד,לוריאל ישראל קוסמטיקס בע,BE,צבע שיער אקסלנס,יחידה,1.00,יחידה,false,0,35.90,35.90,true,1,
5900020015174,false,פיטנס חטיף דגנים שוק6.יח,סי. פי. פולין,PL,חטיפי פיטנס 6 יח,גרמים,141.00,100 גרם,false,0,14.90,10.57,true,1,
5900020018908,false,פיטנס חט.דגנים ק.עוגיות6,סי. פי. פולין,PL,חטיפי פיטנס 6 יח,גרמים,141.00,100 גרם,false,0,14.90,10.57,true,1,
5901414200411,false,היט מיניס שוקו 130 גרם,בלזן,PL,היט מיניס שוקו,גרמים,130.00,100 גרם,false,0,6.90,5.31,true,1,
5901887001737,false,"קרם פנים ליום 50 מ""ל",,PL,קרם פנים ליום,מיליליטרים,50.00,"100 מ""ל",false,1,19.90,39.80,true,1,
5901887001744,false,"קרם עיניים 50 מ""ל",,PL,קרם עיניים,מיליליטרים,15.00,"100 מ""ל",false,1,14.90,99.33,true,1,
5901887010326,false,"קרם פנים לילה 50 מ""ל",,PL,קרם פנים לילה,מיליליטרים,50.00,"100 מ""ל",false,1,19.90,39.80,true,1,
5901887010593,false,קרם ידיים וציפורניים 80,,PL,קרם ידיים וציפור,מיליליטרים,80.00,"100 מ""ל",false,1,11.90,14.88,true,1,
5901887018223,false,קרם גוף חלב עיזים 400 מל,,PL,קרם גוף חלב עיזי,מיליליטרים,400.00,"100 מ""ל",false,1,21.90,5.48,true,1,
5901887018230,false,חמאת גוף חלב עיזים 200 מ,,PL,חמאת גוף חלב עיז,מיליליטרים,200.00,"100 מ""ל",false,1,24.90,12.45,true,1,
5901887029656,false,מנוקה ג'ל לניקוי פנים 20,,PL,מנוקה ג'ל לניקוי,מיליליטרים,200.00,"100 מ""ל",false,1,18.90,9.45,true,1,
5901887043751,false,"סרום ממריץ ומחליק 50 מ""ל",,PL,סרום ממריץ ומחלי,מיליליטרים,50.00,"100 מ""ל",false,1,24.90,49.80,true,1,
5901887043768,false,"תרחיץ ג'ל לפנים 200 מ""ל",,PL,תרחיץ ג'ל לפנים,מיליליטרים,200.00,"100 מ""ל",false,1,14.90,7.45,true,1,
5901887043775,false,פיליניג פנים וצוואר,,PL,פיליניג פנים וצו,מיליליטרים,75.00,"100 מ""ל",false,1,19.90,26.53,true,1,
5901887043782,false,"מיקרו פילינג לפנים 75 מ""",,PL,מיקרו פילינג לפנ,מיליליטרים,75.00,"100 מ""ל",false,1,14.90,19.87,true,1,
5902198160403,false,משקה אנרגיה TEN XL,"טמפו משקאות בע""\מ",IL,משקה אנרגיה,מיליליטרים,250.00,"100 מ""ל",false,1,5.90,2.36,true,1,
5906485301012,false,משקה אנרגיה XL,,IL,משקה אנרגיה XL,מיליליטרים,250.00,"100 מ""ל",false,0,5.90,2.36,true,1,
6001051002320,false,לבלו בטעם וניל,ביירסדורף,DE,לבלו וניל,יחידה,1.00,יחידה,false,0,10.00,10.00,true,1,
6001067017523,false,מברשת שיניים ילדים גיל+6,קולגייט- פלמוליב,CN,מברשת שיניים,יחידה,1.00,יחידה,false,0,14.90,14.90,true,1,
6085010044712,false,קלאב דה נואי אדט גבר105מ,פרפיום קוסמטיקס,FR,NUIT DE CLUB,מיליליטרים,105.00,"100 מ""ל",false,1,129.00,122.86,true,1,
6085010094151,false,nuit de club אדפ אשה105מ,,FR,nuit de club א.ד,מיליליטרים,105.00,"100 מ""ל",false,1,99.00,94.28,true,1,
6291100130122,false,אמבר אוד גולד אדפ100מל,,AE,אמבר אוד גולד אד,מיליליטרים,100.00,"100 מ""ל",false,1,199.00,199.00,true,1,
6291100131587,false,אמבר אוד גולד אדישן אדפ,,AE,אמבר אוד גולד אד,מיליליטרים,200.00,"100 מ""ל",false,1,299.00,149.50,true,1,
6295124030376,false,rave Sapil אדפ אשה100מל,,AE,rave Sapil אדפ,מיליליטרים,100.00,"100 מ""ל",false,1,49.00,49.00,true,1,
6920354822193,false,משחת שיניים נטורל הדרי90,,BR,משחת שיניים נטור,גרמים,90.00,100 גרם,false,1,13.90,15.44,true,1,
6940176630554,false,סט איפור חד קרן,,CN,סט איפור,יחידה,1.00,יחידה,false,0,52.90,52.90,true,1,
6940176630578,false,חד קרן מי ביוטי,,CN,סט איפור,יחידה,1.00,יחידה,false,0,39.90,39.90,true,1,
6940176633098,false,ביוטי ורוד חד קרן,,CN,סט איפור,יחידה,1.00,יחידה,false,0,26.90,26.90,true,1,
6940176633289,false,חד קרן LOVELY,,CN,סט איפור,יחידה,1.00,יחידה,false,0,52.90,52.90,true,1,
6940176633432,false,LOL סט קומות מניפה,,CN,סט LOL איפור,יחידה,1.00,יחידה,false,0,41.90,41.90,true,1,
7038513866304,false,מברשת ג'ורדן ילד 0-2,קלרו,MY,מברשת שיניים,יחידה,1.00,יחידה,false,0,14.90,14.90,true,1,
7038516140357,false,4מברשת ג'ורדן טוטל סופט,קלרו,NO,מברשת שיניים,יחידה,1.00,יחידה,false,0,19.90,19.90,true,1,
7046110030608,false,מארז זוג מברשות טרגט סנס,,MY,מארז זוג מברשות,יחידה,1.00,יחידה,false,1,24.00,24.00,true,1,
7046110064535,false,2מברשות ג'ורדן לילדים0-2,קלרו,MY,מברשות שיניים,יחידה,1.00,יחידה,false,0,19.90,19.90,true,1,
7046110070192,false,3 מברשות שיניים ג'ורדן,ג'ורדן,MY,3 מברשות שיניים,יחידה,1.00,יחידה,false,0,13.90,13.90,true,1,
7046110071519,false,משחה לשיני חלב2-6 50מל,,IL,משחת שיניים,מיליליטרים,50.00,"100 מ""ל",false,1,11.90,23.80,true,1,
7143242052000,false,24K JIVAGO אפטר שייב,ג'יוואגו,IL,24K JIVAGO אפטר,מיליליטרים,50.00,"100 מ""ל",false,0,109.00,218.00,true,1,
7290000066141,false,ביסלי גריל 70 גרם,"אסם השקעות בע""\מ",IL,ביסלי גריל,גרמים,70.00,100 גרם,false,0,4.90,7.00,true,1,
7290000066264,false,דובונים-חטיפים מלוחים40ג,"אסם השקעות בע""\מ",IL,חטיפי דובונים,גרמים,40.00,100 גרם,false,0,5.30,13.25,true,1,
7290000066295,false,במבה מתוקה 30 גרם,"אסם השקעות בע""\מ",IL,במבה מתוקה,גרמים,30.00,100 גרם,false,0,2.90,9.67,true,1,
7290000066318,false,במבה 80 גרם,"אסם השקעות בע""\מ",IL,במבה,גרמים,80.00,100 גרם,false,0,5.90,7.38,true,1,
7290000066332,false,אפרופו 50 גרם,"אסם השקעות בע""\מ",IL,חטיף אפרופו,גרמים,50.00,100 גרם,false,0,5.90,11.80,true,1,
7290000066431,false,פופקו בטעם חמאה ודבש80גר,"אסם השקעות בע""\מ",IL,חטיף פופקו,גרמים,80.00,100 גרם,false,0,7.90,9.88,true,1,
7290000068138,false,אינסטנט פודינג וניל 80גר,"אסם השקעות בע""מ",IL,אינסטנט פודינג,גרמים,80.00,100 גרם,false,0,4.90,6.13,true,1,
7290000068770,false,"במבה יום הולדת 80ג בד""צ","אסם השקעות בע""\מ",IL,במבה יום הולדת,גרמים,80.00,100 גרם,false,0,5.90,7.38,true,1,
7290000072753,false,קפה נמס טסטרס צ'ויס200ג,לוטה נסטלה קוריאה,KR,קפה טסטרס צ'ויס,גרמים,200.00,100 גרם,false,0,31.90,15.95,true,1,
7290000073750,false,מ.חמה נודלס טעם עוף70גרם,PUB FOODS PRESIDENT THAI,TH,מנה חמה נודלס,גרמים,70.00,100 גרם,false,0,7.90,11.29,true,1,
7290000146645,false,סבון הוואי שחור 100*4גרם,טרופיקל דגיל,IL,סבון הוואי 4 יח,גרמים,400.00,100 גרם,false,0,13.90,3.48,true,1,
7290000146928,false,משחת טום וג'רי ענבים 50מ,טרופיקל דגיל,IL,משחת טום וג'רי,מיליליטרים,50.00,"100 מ""ל",false,0,7.90,15.80,true,1,
7290000146997,false,משחת טום וג'רי מסטיק 50מ,טרופיקל דגיל,IL,משחת טום וג'רי,מיליליטרים,50.00,"100 מ""ל",false,0,7.90,15.80,true,1,
7290000178707,false,תפוצ'יפס בטעם טבעי 50 גר,"שטראוס פריטו ליי בע""\מ )",IL,חטיף תפוצ'יפס,גרמים,50.00,100 גרם,false,0,4.30,8.60,true,1,
7290000187938,false,נייר טואלט לילי פסטל32גל,חוגלה קימברלי,IL,נייר טואלט פסטל,מטרים,588.00,100 מטר,false,0,44.90,7.64,true,1,
7290000188553,false,קוטקס מגן תחתון נורמל,חוגלה קימברלי,CN,מגן תחתון קוטקס,יחידה,1.00,יחידה,false,0,17.90,17.90,true,1,
7290000188591,false,קוטקס מגן תחתון יאנג,חוגלה קימברלי,CN,מגן תחתון קוטקס,יחידה,1.00,יחידה,false,0,17.90,17.90,true,1,
7290000190853,false,נייר טואלט לילי פיור30גל,חוגלה קימברלי,IL,נייר טואלט לילי,מטרים,537.00,100 מטר,false,0,44.90,8.36,true,1,
7290000191225,false,האגיס אקסטרה קר מידה 2,חוגלה קימברלי,IL,האגיס ליטל בייבי,יחידה,1.00,יחידה,false,1,33.90,33.90,true,1,
7290000191539,false,מגבוני לילי צבעוני90*5יח,חוגלה קימברלי,IL,מגבוני לילי 90*5,יחידה,1.00,יחידה,false,0,16.90,16.90,true,1,
7290000191546,false,מגבוני לילי צבעוני 90*3י,חוגלה קימברלי,IL,לילי צבעוני90*3,יחידה,1.00,יחידה,false,0,10.90,10.90,true,1,
7290000191645,false,האגיס אקסטרה קר מידה NB,חוגלה קימברלי,US,חיתולי האגיס,יחידה,1.00,יחידה,false,0,33.90,33.90,true,1,
7290000191652,false,קלינקס מעוצב 90*3 יחידות,חוגלה קימברלי,IL,קלינקס מעוצב 3יח,יחידה,1.00,יחידה,false,0,12.90,12.90,true,1,
7290000193205,false,20 תחבושות לילי ללילה,חוגלה קימברלי,BE,תחבושות לילי,יחידה,1.00,יחידה,false,0,14.90,14.90,true,1,
7290000193649,false,24 תחבושות לילי נורמל+,חוגלה קימברלי,ES,תחבושות לילי,יחידה,1.00,יחידה,false,0,14.90,14.90,true,1,
7290000193656,false,לילי תחבושות סופר פלוס,חוגלה קימברלי,ES,תחבושות לילי,יחידה,1.00,יחידה,false,0,14.90,14.90,true,1,
7290000194141,false,שקמה מכנסון אובר נייט XL,חוגלה קימברלי,IL,מכנסוני שקמה,יחידה,1.00,יחידה,false,1,69.90,69.90,true,1,
7290000194288,false,משטח החתלה 10 יחידות,אונטקס,BE,משטח החתלה האגיס,יחידה,1.00,יחידה,false,0,19.90,19.90,true,1,
7290000195537,false,מגב.האגיס ללא בישום 64*4,חוגלה קימברלי,IL,מגבונים האגיס 4י,יחידה,1.00,יחידה,false,0,24.90,24.90,true,1,
7290000195773,false,מגבוני האגיס אלוורה 64*4,חוגלה קימברלי,IL,מגבונים האגיס 4י,יחידה,1.00,יחידה,false,0,24.90,24.90,true,1,
7290000197425,false,האגיס פרידום דריי מידה 3,חוגלה קימברלי,IL,חיתולי האגיס,יחידה,1.00,יחידה,false,0,47.90,47.90,true,1,
7290000197456,false,האגיס פרידום דריי מידה 4,חוגלה קימברלי,IL,חיתולי האגיס,יחידה,1.00,יחידה,false,0,47.90,47.90,true,1,
7290000197463,false,האגיס פרידום דריי +4,חוגלה קימברלי,IL,חיתולי האגיס,יחידה,1.00,יחידה,false,0,47.90,47.90,true,1,
7290000197548,false,האגיס פרידום דריי מידה 5,חוגלה קימברלי,IL,חיתולי האגיס,יחידה,1.00,יחידה,false,0,47.90,47.90,true,1,
7290000197678,false,האגיס פרידום דריי מידה 6,חוגלה קימברלי,IL,חיתולי האגיס,יחידה,1.00,יחידה,false,0,47.90,47.90,true,1,
7290000199313,false,תחבושות קוטקס יאנג 30 יח,חוגלה קימברלי,CZ,קוטקס תחבושות,יחידה,1.00,יחידה,false,0,17.90,17.90,true,1,
7290000201863,false,34טיטולים פרימיום שלב 5,חוגלה קימברלי,IL,טיטולים פרימיום,יחידה,1.00,יחידה,false,1,33.90,33.90,true,1,
7290000201870,false,30 טיטולים פרימיום שלב 6,,IL,טיטולים פרימיום,יחידה,1.00,יחידה,false,1,33.90,33.90,true,1,
7290000203560,false,סדיניה שקמה 15 יחידות,חוגלה קימברלי,IL,סדיניה שקמה,יחידה,1.00,יחידה,false,0,51.90,51.90,true,1,
7290000205762,false,האגיס אקסטרה קר מידה 3,חוגלה קימברלי,CZ,חיתולי האגיס,יחידה,1.00,יחידה,false,1,57.90,57.90,true,1,
7290000205915,false,האגיס אקסטרה קר מידה 4,חוגלה קימברלי,CZ,חיתולי האגיס,יחידה,1.00,יחידה,false,1,57.90,57.90,true,1,
7290000244143,false,קרם הוואי לאחר גילוח120ג,טרופיקל דגיל,IL,קרם לאחר גילוח,גרמים,120.00,100 גרם,false,0,19.90,16.58,true,1,
7290000244761,false,"קרם ידיים ולווטה 100 מ""ל",טרופיקל דגיל,IL,קרם ידיים ולווטה,מיליליטרים,100.00,"100 מ""ל",false,0,7.90,7.90,true,1,
7290000262413,false,האגיס אקסטרה קר מידה 5,חוגלה קימברלי,CZ,חיתולי האגיס,יחידה,1.00,יחידה,false,1,57.90,57.90,true,1,
7290000263359,false,האגיס אקסטרה קר שלב1,חוגלה קימברלי,IL,חיתולי האגיס,יחידה,1.00,יחידה,false,0,33.90,33.90,true,1,
7290000286228,false,ספוגיות לניקוי כלים 6 יח,סנו מפעלי ברונו בעמ,IL,ספוגיות לכלים6יח,יחידה,1.00,יחידה,false,0,14.90,14.90,true,1,
7290000286761,false,ניילון נצמד 30*2 מטר,סנו,CN,צמד ניילון נצמד,מטרים,60.00,מטר,false,0,12.90,0.22,true,1,
7290000288079,false,סנו ג'אוול לימון 2 ליטר,"סנו מפעלי ברונוס בע""מ",IL,סנו JAVEL מלבין,ליטרים,2.00,ליטר,false,0,13.90,6.95,true,1,
7290000288727,false,א.כביסה מקסימה מאסק1.25ק,סנו,IL,אבקת כביסה,קילוגרמים,1.25,"ק""ג",false,0,12.90,10.32,true,1,
7290000289069,false,סנו ג'אוול מרסס לימון 1ל,"סנו מפעלי ברונוס בע""מ",IL,סנו ג'אוול מרסס,ליטרים,1.00,ליטר,false,0,19.90,19.90,true,1,
7290000345277,false,תה ויסוצקי 50שק1.5* גרם,תה ויסוצקי,IL,תה ויסוצקי 50 שק,גרמים,75.00,100 גרם,false,0,13.90,18.53,true,1,
7290000347752,false,תה ירוק+לימונ.ולואיזה25ש,ויסוצקי,IL,תה ירוק לימונית,גרמים,37.00,100 גרם,false,0,24.90,67.30,true,1,
7290000412481,false,"מנקה אסלות ""00"" 1 ליטר",סנו מפעלי ברונוס בעמ,IL,"מנקה אסלות 00""",ליטרים,1.00,ליטר,false,0,9.90,9.90,true,1,
7290000442044,false,"פמינה חמוציות 220 מ""ל",כצט,IL,פמינה חמוציות,מיליליטרים,220.00,"100 מ""ל",false,0,29.90,13.59,true,1,
7290000560021,false,ג'ל גילוח אדג' נגד חתכים,אנרג'ייזר,US,ג'ל גילוח אדג',גרמים,198.00,100 גרם,false,0,18.90,9.55,true,1,
7290000560533,false,ג'ל גילוח אדג' לעור רגיל,אנרג'ייזר,US,אדג' ג'ל לגילוח,גרמים,198.00,100 גרם,false,0,18.90,9.55,true,1,
7290000560540,false,אדג' פרו ג'ל רגיש 198 גר,אנרג'ייזר,US,אדג' ג'ל לגילוח,גרמים,198.00,100 גרם,false,0,18.90,9.55,true,1,
7290000802909,false,עדינול משחה לתינוק 100גר,אמיליה קוסמטיקס,IL,עדינול לתינוק,גרמים,100.00,100 גרם,false,0,15.90,15.90,true,1,
7290000803180,false,שטיפה דנטלית מרידול 400מ,קולגייט פלמוליב,CH,שטיפה מרידול,מיליליטרים,400.00,"100 מ""ל",false,0,26.90,6.73,true,1,
7290000849478,false,"מרכך לילדים 500 מ""ל",פישר מעבדות פרמצבטיות בע,IL,מרכך שיער סרקל,מיליליטרים,500.00,"100 מ""ל",false,0,16.90,3.38,true,1,
7290001136362,false,תחליב רחצה נקה7 ירוק 1 ל,"קוסמופארם בע""\מ.",IL,תחליב רחצה נקה 7,ליטרים,1.00,ליטר,false,0,14.90,14.90,true,1,
7290001136973,false,תחליב רחצה נקה 7 לבן 1 ל,"קוסמופארם בע""\מ",IL,תחליב רחצה נקה 7,ליטרים,1.00,ליטר,false,0,14.90,14.90,true,1,
7290001676547,false,מייבש ציפורניים,קרליין,IL,מייבש ציפורניים,יחידה,1.00,יחידה,false,0,14.90,14.90,true,1,
7290001713150,false,אקונומיקה קצף ניקוי 1 לי,קומפלקס כימיקלים בעמ,IL,קצף ניקוי,ליטרים,1.00,ליטר,false,1,9.90,9.90,true,1,
7290001973233,false,מגבונים מילוי+דיספנסר120,פישר מעבדות פרמצבטיות,IL,מגבונים +דיספנסר,יחידה,1.00,יחידה,false,0,13.90,13.90,true,1,
7290002000136,false,שעוות הדבש משי מיקרו500ג,"ש. שוורץ )באר שבע( בע""\מ",IL,שעוות מגע משי,גרמים,500.00,100 גרם,false,0,27.90,5.58,true,1,
7290002000143,false,"פנג'ל קרם ידיים 80 מ""ל",אינטרקוסמא,IL,קרם ידיים פנג'ל,מיליליטרים,80.00,"100 מ""ל",false,0,8.50,10.63,true,1,
7290002002635,false,שעוות הדבש משי לפנים80גר,ש.שוורץ,IL,שעווה לפנים,גרמים,80.00,100 גרם,false,0,22.90,28.63,true,1,
7290002002857,false,נייר שעווה 50 יחידות,אלסום ביגנדו,IL,נייר שעווה,יחידה,1.00,יחידה,false,0,28.90,28.90,true,1,
7290002041368,false,"דאו.מידנייט ספריי 187מ""ל",חלאבין,IL,דאודורנט ספריי,מיליליטרים,187.00,"100 מ""ל",false,0,22.90,12.25,true,1,
7290002515333,false,אל סבון קמיל סנסיטיב500,פישר מעבדות פרמצבטיות בע,IL,אלסבון קמיל בלו,מיליליטרים,500.00,"100 מ""ל",false,0,19.90,3.98,true,1,
7290002730675,false,"משחת קולגייט אדום 100מ""ל",קולגייט פלמוליב,PL,משחת שיניים,מיליליטרים,100.00,"100 מ""ל",false,0,9.90,9.90,true,1,
7290002730811,false,משחה קולגייט ג'ל 100 גרם,קולגייט פלמוליב,PL,משחת קולגייט ג'ל,מיליליטרים,100.00,"100 מ""ל",false,0,13.90,13.90,true,1,
7290002752332,false,סוכ.מנטוס טעם פירות37.5ג,מנטוס,NL,סוכריות מנטוס,גרמים,37.00,100 גרם,false,0,3.90,10.54,true,1,
7290002768074,false,דרמפון סבון ללא סבון 1 ל,קוסמופארם בע'\'\מ,IL,דרמפון אל סבון,ליטרים,1.00,ליטר,false,0,19.90,19.90,true,1,
7290002768159,false,בת אורן סבון נוזלי 500מל,קרליין,IL,סבון אמבט בת אור,מיליליטרים,500.00,"100 מ""ל",false,0,26.90,5.38,true,1,
7290002782131,false,דאודורנט פ.רוזנבלום150מל,"ביסקול בע""מ",IL,דאודורנט פנינה,מיליליטרים,150.00,"100 מ""ל",false,0,34.90,23.27,true,1,
7290002782759,false,"קרם גוף מס2' פנינה340מ""ל",א.ל ארמן,IL,קרם גוף פנינה,מיליליטרים,340.00,"100 מ""ל",false,0,31.90,9.38,true,1,
7290002814016,false,סנט מוריץ מסיר שומ.קר750,קומפלקס כימיקלים,IL,מסיר שומנים קר,מיליליטרים,750.00,"100 מ""ל",false,0,15.90,2.12,true,1,
7290002814054,false,אנטרטיק מרסס 1 ליטר,קומפלקס כימיקלים בעמ,IL,אנטרטיק מרסס,ליטרים,1.00,ליטר,false,1,9.90,9.90,true,1,
7290002814078,false,אנטרטיק לניקוי אמבטיה1ל,קומפלקס כימיקלים,IL,אנטרטיק לאמבט,ליטרים,1.00,ליטר,false,0,8.90,8.90,true,1,
7290002814290,false,קצף אקונומיקה בלאנקו 1 ל,קומפלקס כימיקלים בעמ,IL,קצף אקונומיקה,ליטרים,1.00,ליטר,false,1,9.90,9.90,true,1,
7290002814498,false,נוזל ניקוי כללי חומץ750מ,קומפלקס כימיקלים,TR,נוזל ניקוי כללי,מיליליטרים,750.00,"100 מ""ל",false,1,7.90,1.06,true,1,
7290002814610,false,מסיר שומנים לימון1ליטר,קומפלקס כימיקלים בעמ,IL,מסיר שומנים,ליטרים,1.00,ליטר,false,0,15.90,15.90,true,1,
7290002814825,false,כדוריות לאסלה יחידה50*3ג,,TR,כדוריות לאסלה3*,גרמים,150.00,100 גרם,false,1,9.90,6.60,true,1,
7290002814887,false,מטליות רצפה סנט מוריץ10י,קומפלקס כימיקלים,CN,מטליות רצפה 10יח,יחידה,1.00,יחידה,false,1,12.90,12.90,true,1,
7290002904694,false,דאו.טיטניום תרסיס 180 מל,אמיליה קוסמטיקס בעמ,IL,דאודורנט טיטניום,מיליליטרים,180.00,"100 מ""ל",false,0,16.90,9.39,true,1,
7290003026029,false,שמפו אל דמע קמיל בלו,פישר מעבדות פרמצבטיות בע,IL,שמפו קמיל בלו,מיליליטרים,500.00,"100 מ""ל",false,0,19.90,3.98,true,1,
7290003026036,false,אל סבון סנסיטיב קמיל 1 ל,פישר מעבדות פרמצבטיות בע,IL,אל סבון קמיל בלו,ליטרים,1.00,ליטר,false,0,28.90,28.90,true,1,
7290003026197,false,שמן טיפולי קמיל בלו,פישר מעבדות פרמצבטיות בע,IL,שמן עדין לתינוק,מיליליטרים,500.00,"100 מ""ל",false,0,29.90,5.98,true,1,
7290003026227,false,שמפו אל דמע קמיל בלו 1לי,פישר מעבדות פרמצבטיות בע,IL,שמפו קמיל בלו,ליטרים,1.00,ליטר,false,0,28.90,28.90,true,1,
7290003026234,false,קרם גוף קמיל בלו 500 גרם,פישר מעבדות פרמצבטיות בע,IL,קרם גוף לתינוק,גרמים,500.00,100 גרם,false,0,32.90,6.58,true,1,
7290003026319,false,משחה לתינוק קמיל בלו120ג,פישר מעבדות פרמצבטיות בע,IL,משחת החתלה סנסטי,גרמים,120.00,100 גרם,false,0,19.90,16.58,true,1,
7290003145768,false,בוטן מצופה 50גרם,ששון ושות;#039& )ש.ת. תע,IL,בוטן מצופה 50גרם,גרמים,50.00,100 גרם,false,0,3.90,7.80,true,1,
7290003387205,false,דאו.ספיד סטיק לגבר 56 גר,קולגייט פלמוליב,US,דאודורנט סטיק,גרמים,56.00,100 גרם,false,0,17.90,31.96,true,1,
7290003387373,false,דאו.ספיד סטיק ספורט50גרם,קולגייט פלמוליב,US,דאודורנט,גרמים,50.00,100 גרם,false,0,17.90,35.80,true,1,
7290003401369,false,קרם לחות לשיער חוחובה400,קרליין,IL,קרם לחות לשיער,מיליליטרים,400.00,"100 מ""ל",false,0,16.90,4.23,true,1,
7290003401376,false,קרם לחות אלוורה לשיער400,קרליין,IL,קרם לחות לשיער,מיליליטרים,400.00,"100 מ""ל",false,0,16.90,4.23,true,1,
7290003401635,false,קרם לחות ש.צבוע ברגע 400,קרליין,IL,קרם לחות לשיער,מיליליטרים,400.00,"100 מ""ל",false,0,25.90,6.48,true,1,
7290003401642,false,קר.לחות לתלתלים נטורל400,קרליין,IL,קרם לחות לשיער,מיליליטרים,400.00,"100 מ""ל",false,0,25.90,6.48,true,1,
7290003423909,false,חטיף שוק.לבן שברי עוג43.,,US,חטיף שוקולד לבן,גרמים,43.00,100 גרם,false,0,4.90,11.40,true,1,
7290003444009,false,חט.שוקו.חלב+חמאת בוטנ42ג,הרשי,US,חטיף שוקולד חלב,גרמים,42.00,100 גרם,false,0,3.90,9.29,true,1,
7290003521081,false,שמפו לילדים סרקל 1 ליטר,פישר מעבדות פרמצבטיות בע,IL,סרקל שמפו לילדים,ליטרים,1.00,ליטר,false,0,27.90,27.90,true,1,
7290003521166,false,קרם רוזמרין לילדים סרקל,פישר מעבדות פרמצבטיות בע,IL,סרקל קרם רוזמרין,מיליליטרים,325.00,"100 מ""ל",false,0,25.90,7.97,true,1,
7290003521180,false,"סרקל שמפו+מרכך500 מ""ל",פישר מעבדות פרמצבטיות בע,IL,שמפו+מרכך סרקל,מיליליטרים,500.00,"100 מ""ל",false,0,16.90,3.38,true,1,
7290003521197,false,מתיר קשרים לילדים סרקל,פישר מעבדות פרמצבטיות בע,IL,סרקל מתיר קשרים,מיליליטרים,340.00,"100 מ""ל",false,0,25.90,7.62,true,1,
7290004022297,false,LINER DIP איילנר שחור,גייד,DE,LINER DIP איילנר,יחידה,1.00,יחידה,false,0,62.90,62.90,true,1,
7290004043108,false,עדשי מ&מ'ס שוקולד 89 גרם,מרס,US,עדשי מ&מ'ס,גרמים,89.00,100 גרם,false,1,6.80,7.64,true,1,
7290004078942,false,ליידי ס.סטיק ג'ל מרענן,קולגייט פלמוליב,US,דאודורנט,גרמים,65.00,100 גרם,false,0,17.90,27.54,true,1,
7290004464264,false,טל קרם רב שימושי אומגה 3,תעשיות שיק,IL,טל קרם רב שימושי,מיליליטרים,250.00,"100 מ""ל",false,1,27.90,11.16,true,1,
7290004731083,false,אל סבון כיף ג'ינסנג1ליטר,קוסמופארם בע'\'\מ,IL,אל סבון כיף,ליטרים,1.00,ליטר,false,0,12.90,12.90,true,1,
7290005008191,false,פלמולי.נוז.ארומה-סגול500,קולגייט פלמוליב,TR,סב.נוזלי פלמוליב,מיליליטרים,500.00,"100 מ""ל",false,0,17.90,3.58,true,1,
7290005084355,false,משח.סנסודיין דואל קייר75,MICLEN DE,GB,משחת שיניים,מיליליטרים,75.00,"100 מ""ל",false,0,18.90,25.20,true,1,
7290005124686,false,בליסטיק סטיק,,IL,בליסטיק סטיק,יחידה,1.00,יחידה,false,0,14.90,14.90,true,1,
7290005418716,false,קר.לחות לתלתלים נטורל400,קרליין,IL,קרם לחות לשיער,מיליליטרים,400.00,"100 מ""ל",false,0,25.90,6.48,true,1,
7290005418891,false,ג'ל לשיער עיצוב רטוב500מ,מיוצר עי : אמיליה קוסמטי,IL,ג'ל לעיצוב שיער,מיליליטרים,500.00,"100 מ""ל",false,0,22.90,4.58,true,1,
7290005423253,false,"מקסימה למייבש פרש 750מ""ל","סנו מפעלי ברונוס בע""\מ",IL,מקסימה למייבש,מיליליטרים,750.00,"100 מ""ל",false,0,15.90,2.12,true,1,
7290005423635,false,ריצפז פלוס דוחה תיקנים2ל,סנו מפעלי ברונוס בעמ,IL,ריצפז דוחה חרקים,ליטרים,2.00,ליטר,false,0,22.90,11.45,true,1,
7290005424403,false,אל סבון כיף אצות ים1ליטר,קוסמופארם בע'\'\מ,IL,אל סבון כיף,ליטרים,1.00,ליטר,false,0,12.90,12.90,true,1,
7290005425646,false,סנוקליר ניקוי חלונות 1ל',"סנו מפעלי ברונוס בע""\מ",IL,סנוקליר 1 ליטר,ליטרים,1.00,ליטר,false,0,14.90,14.90,true,1,
7290005426568,false,ק.לחות קרמה שיער רגיל400,קוסמופארם בע'\'\מ,IL,קרם לחות קרמה,מיליליטרים,400.00,"100 מ""ל",false,0,24.90,6.23,true,1,
7290005426575,false,ק.לחות קרמה שיער יבש400מ,קוסמופארם בע'\'\מ,IL,קרם לחות קרמה,מיליליטרים,400.00,"100 מ""ל",false,0,24.90,6.23,true,1,
7290005427619,false,ג'ל כיף אקסטרים ירוק 1קג,קוסמופארם,IL,ג'ל כיף לשיער,קילוגרמים,1.00,"ק""ג",false,0,23.90,23.90,true,1,
7290005427770,false,קרמה לחות לשיער לגבר400מ,קוסמופארם בע'\'\מ,IL,קרמה לחות לשיער,מיליליטרים,400.00,"100 מ""ל",false,0,24.90,6.23,true,1,
7290005427787,false,ק.לחות קרמה ש.מתולתל400מ,קוסמופארם בע'\'\מ,IL,קרם לשיער קרמה,מיליליטרים,400.00,"100 מ""ל",false,0,24.90,6.23,true,1,
7290005430602,false,אוקסיג'ן מ.כתמים,,IL,אוקסיג'ן מ.כתמים,מיליליטרים,750.00,"100 מ""ל",false,0,16.90,2.25,true,1,
7290005477683,false,"טיטניום אפטר שייב 100מ""ל",קרליין,IL,טיטניום אפט.שייב,מיליליטרים,100.00,"100 מ""ל",false,0,49.00,49.00,true,1,
7290005680052,false,טמפוני או-בה סופר + 32יח,ג'ונסון,GR,טמפוני או-בה,יחידה,1.00,יחידה,false,0,30.90,30.90,true,1,
7290006651570,false,שמפו/אל סבון קמיל בלו750,פישר מעבדות פרמצבטיות בע,IL,שמפו/אל סבון,מיליליטרים,750.00,"100 מ""ל",false,0,18.90,2.52,true,1,
7290006712981,false,"קולגייט סמיילס +6 50 מ""ל",קולגייט פלמוליב,PL,משחת שיניים,מיליליטרים,50.00,"100 מ""ל",false,0,14.90,29.80,true,1,
7290006784018,false,מטהר אוויר בלהבלהבלה 250,קומפלקס כימיקלים בעמ,TR,מטהר אוויר בלהבל,מיליליטרים,250.00,"100 מ""ל",false,1,14.90,5.96,true,1,
7290006784360,false,מרסס חלונית ס.מוריץ1ליטר,קומפלקס כימיקלים,IL,מרסס חלונית,ליטרים,1.00,ליטר,false,0,4.90,4.90,true,1,
7290006784605,false,מטהר אוויר נייט סיקרט250,קומפלקס כימיקלים בעמ,TR,מטהר אוויר נייט,מיליליטרים,250.00,"100 מ""ל",false,1,14.90,5.96,true,1,
7290006784643,false,מטהר אוויר רוזה גולד 250,קומפלקס כימיקלים בעמ,TR,מטהר אוויר רוזה,מיליליטרים,250.00,"100 מ""ל",false,1,14.90,5.96,true,1,
7290006788269,false,PERFECT CARE סרום למיצוק,קרליין,IL,סרום למיצוק,מיליליטרים,30.00,"100 מ""ל",false,0,99.00,330.00,true,1,
7290006788399,false,דאו.קרליין רולאון נושם75,אמיליה קוסמטיקס בעמ,IL,דאודורנט קרליין,מיליליטרים,75.00,"100 מ""ל",false,0,11.90,15.86,true,1,
7290006788405,false,דאו.קרליין רולאון בורדו,מיוצר עי : אמיליה קוסמטי,IL,דאודורנט קרליין,מיליליטרים,75.00,"100 מ""ל",false,0,11.90,15.86,true,1,
7290006788412,false,דאו.קרליין רולאון כחול75,אמיליה קוסמטיקס בעמ,IL,דאודורנט קרליין,מיליליטרים,75.00,"100 מ""ל",false,0,11.90,15.86,true,1,
7290006788429,false,דאו.קרליין רולאון כתום75,אמיליה קוסמטיקס בעמ,IL,דאודורנט קרליין,מיליליטרים,75.00,"100 מ""ל",false,0,11.90,15.86,true,1,
7290006788436,false,דאו.קרליין רולאון ורוד75,קרליין,IL,דאודורנט קרליין,מיליליטרים,75.00,"100 מ""ל",false,0,11.90,15.86,true,1,
7290006788443,false,דאו.קרליין רולאון סגול75,אמיליה קוסמטיקס בעמ,IL,דאודורנט קרליין,מיליליטרים,75.00,"100 מ""ל",false,0,11.90,15.86,true,1,
7290006788467,false,דאו.קרליין ספרי אקטיב200,מיוצר עי : אמיליה קוסמטי,IL,דאודורנט קרליין,מיליליטרים,200.00,"100 מ""ל",false,0,13.90,6.95,true,1,
7290006788481,false,דאו.קרליין 200SUNRISE,מיוצר עי : אמיליה קוסמטי,IL,דאודורנט קרליין,מיליליטרים,200.00,"100 מ""ל",false,0,13.90,6.95,true,1,
7290006788498,false,דאו.קרליין ספרי PURE 200,מיוצר עי : אמיליה קוסמטי,IL,דאודורנט קרליין,מיליליטרים,200.00,"100 מ""ל",false,0,13.90,6.95,true,1,
7290006788504,false,דאו.קרליין ספריי סגול200,מיוצר עי : אמיליה קוסמטי,IL,דאודורנט קרליין,מיליליטרים,200.00,"100 מ""ל",false,0,13.90,6.95,true,1,
7290006788559,false,דאו.טיטניום בלו ספריי180,אמיליה קוסמטיקס בעמ,IL,דאודורנט טיטניום,מיליליטרים,180.00,"100 מ""ל",false,0,16.90,9.39,true,1,
7290006789631,false,"קרם ""10"" שיער רגיל400מ""ל",מיוצר עי : אמיליה קוסמטי,IL,קרם לחות לשיער,מיליליטרים,400.00,"100 מ""ל",false,0,20.90,5.23,true,1,
7290006791467,false,סרום להגמשת תלתלים 145מל,מיוצר עי : אמיליה קוסמטי,IL,סרום לתלתלים,מיליליטרים,145.00,"100 מ""ל",false,0,49.90,34.41,true,1,
7290006992185,false,דייסת אורז מטרנה 200 גרם,מטרנה תעשיות ש.מ,IL,דייסת אורז,גרמים,200.00,100 גרם,false,0,14.50,7.25,true,1,
7290006992192,false,דייסת סולת 200 גרם,מטרנה תעשיות ש.מ,IL,דייסת סולת מטרנה,גרמים,200.00,100 גרם,false,0,14.50,7.25,true,1,
7290006992208,false,דייסת מטרנה 8 דגנים 200ג,מטרנה תעשיות ש.מ,IL,דייסת מטרנה,גרמים,200.00,100 גרם,false,0,14.50,7.25,true,1,
7290006992390,false,דייסת וניל מטרנה 200 גרם,מטרנה תעשיות ש.מ,IL,דייסת וניל מטרנה,גרמים,200.00,100 גרם,false,0,14.50,7.25,true,1,
7290008000796,false,"משחת שיניים סופרמן 50מ""ל",כצט,IL,משחת שיניים,מיליליטרים,50.00,"100 מ""ל",false,0,10.90,21.80,true,1,
7290008084956,false,בייבי פסטה 120 גרם,בייבי פסטה,IL,בייבי פסטה,גרמים,120.00,100 גרם,false,0,17.90,14.92,true,1,
7290008104050,false,תחליב רחצה קלאסיק220מל,כצט,IL,תחליב פמינה,מיליליטרים,220.00,"100 מ""ל",false,0,24.90,11.32,true,1,
7290008116534,false,ליסטרין קול מינט 250 מל,ג'\ונסון אנד ג'\ונסון,IT,מי פה ליסטרין,מיליליטרים,250.00,"100 מ""ל",false,0,10.00,4.00,true,1,
7290008116541,false,ליסטרין קול מינט 500מל,ג'\ונסון אנד ג'\ונסון,IT,מי פה ליסטרין,מיליליטרים,500.00,"100 מ""ל",false,0,19.90,3.98,true,1,
7290008116558,false,"מי פה ליסטרין פרש 250מ""ל",ג'\ונסון אנד ג'\ונסון,IT,מי פה ליסטרין,מיליליטרים,250.00,"100 מ""ל",false,0,10.00,4.00,true,1,
7290008318518,false,"דאו.לאבליין ספריי 187מ""ל",חלאבין,IL,דאודורנט לאבליין,מיליליטרים,187.00,"100 מ""ל",false,0,22.90,12.25,true,1,
7290008444231,false,YOUNG קרם/ג'ל לחות,קרליין,IL,YOUNG ג'ל לחות,מיליליטרים,50.00,"100 מ""ל",false,0,59.90,119.80,true,1,
7290008464505,false,סאן בנדטו רגיל 0.5 ליטר,אקווה מינרלה סאן בנדטו ב,IT,סאן בנדטו רגיל 0,מיליליטרים,500.00,"100 מ""ל",false,0,5.00,1.00,true,1,
7290008464611,false,"הסודה של טמפו 275 מ""ל",טמפו משקאות בעמ,IL,הסודה של טמפו,מיליליטרים,275.00,"100 מ""ל",false,1,3.90,1.42,true,1,
7290010065318,false,"פרינוק ג'וניור תפו""ע190ג",פרינוק,CZ,פרינוק מחית,גרמים,130.00,100 גרם,false,0,5.90,4.54,true,1,
7290010065332,false,"פרינוק ג'ונ.תפו""ע+בננ190",פרינוק,CZ,פריניוק ג'וניור,גרמים,190.00,100 גרם,false,0,5.90,3.11,true,1,
7290010065349,false,פרינוק ג'ונ.סלט פירות190,פרינוק,CZ,פריניק ג'וניור,גרמים,190.00,100 גרם,false,0,5.90,3.11,true,1,
7290010065745,false,פרינוק ג'ונ.לפתן פירו190,פרינוק,CZ,פרינוק ג'וניור,גרמים,190.00,100 גרם,false,0,5.90,3.11,true,1,
7290010237531,false,פפסי בקבוק,,IL,פפסי בקבוק,מיליליטרים,500.00,"100 מ""ל",false,0,5.90,1.18,true,1,
7290010237579,false,סבנ אפ,,IL,סבנ אפ,מיליליטרים,500.00,"100 מ""ל",false,0,5.90,1.18,true,1,
7290010237586,false,סבנ אפ דיאט,,IL,סבנ אפ דיאט,מיליליטרים,500.00,"100 מ""ל",false,0,5.90,1.18,true,1,
7290010380275,false,לק גוון 344,קרליין,IL,לק גוון 344,יחידה,1.00,יחידה,false,0,14.90,14.90,true,1,
7290010380466,false,"YOUNG קרם ג'ל 50 מ""ל",קרליין,IL,YOUNG קרם ג'ל SP,מיליליטרים,50.00,"100 מ""ל",false,0,59.90,119.80,true,1,
7290010381388,false,עפרון עיניים עם חידוד108,קרליין,DE,עפרון עיניים,יחידה,1.00,יחידה,false,0,29.90,29.90,true,1,
7290010381555,false,עפרון עיניים ללא חידוד 5,קרליין,DE,עפרון עיניים,יחידה,1.00,יחידה,false,0,29.90,29.90,true,1,
7290010381593,false,עפרון עיניים ללא חידוד 9,קרליין,DE,עפרון עיניים,יחידה,1.00,יחידה,false,0,29.90,29.90,true,1,
7290010381616,false,עפרון עיניים ללא חידוד 1,קרליין,DE,עפרון עיניים,יחידה,1.00,יחידה,false,0,29.90,29.90,true,1,
7290010381746,false,עפרון גבות חום 302,קרליין,DE,עפרון גבות חום,יחידה,1.00,יחידה,false,0,29.90,29.90,true,1,
7290010382842,false,קרם לחות קליל-רגיל 400מל,מיוצר עי : אמיליה קוסמטי,IL,קרם לחות לשיער,מיליליטרים,400.00,"100 מ""ל",false,0,25.90,6.48,true,1,
7290010748518,false,"שמפו סרקל פורטה 750 מ""ל",פישר מעבדות פרמצבטיות בע,IL,שמפו סרקל פורטה,מיליליטרים,750.00,"100 מ""ל",false,0,28.90,3.85,true,1,
7290010748853,false,ק.ידים אפקטיב קר עדין150,פישר מעבדות פרמצבטיות בע,IL,קרם ידיים,מיליליטרים,150.00,"100 מ""ל",false,0,12.90,8.60,true,1,
7290010748860,false,ק.ידיים אפקטיב קר יבש150,פישר מעבדות פרמצבטיות בע,IL,קרם ידיים,מיליליטרים,150.00,"100 מ""ל",false,0,12.90,8.60,true,1,
7290010748877,false,"ד""ר פישר קרם גוף רגיש",פישר מעבדות פרמצבטיות בע,IL,"ד""ר פישר קרם גוף",מיליליטרים,700.00,"100 מ""ל",false,0,26.90,3.84,true,1,
7290010748891,false,ק.גוף אפקטיב קר רגיל700מ,פישר מעבדות פרמצבטיות בע,IL,קרם גוף,מיליליטרים,700.00,"100 מ""ל",false,0,26.90,3.84,true,1,
7290010822010,false,"ג'אמפ תפוז 500 מ""ל","טמפו משקאות בע""מ",IL,ג'אמפ תפוז 500,מיליליטרים,500.00,"100 מ""ל",false,0,5.90,1.18,true,1,
7290010822034,false,"ג'אמפ ענבים 500 מ""ל","טמפו משקאות בע""מ",IL,ג'אמפ ענבים 500,מיליליטרים,500.00,"100 מ""ל",false,0,5.90,1.18,true,1,
7290010838219,false,ממתיק סטיביה 100שק,"קיפל טבליות וממתיקים בע""",IL,ממתיק מרמולייט,גרמים,100.00,100 גרם,false,0,34.90,34.90,true,1,
7290010883059,false,מברשת בוב ספוג חשמלית,ELECTRIC S.S,CN,מברשת שיניים,יחידה,1.00,יחידה,false,0,29.90,29.90,true,1,
7290011026066,false,שמפו ומרכך לילדים סרקל1ל,פישר מעבדות פרמצבטיות בע,IL,סרקל 2 ב1-,ליטרים,1.00,ליטר,false,0,27.90,27.90,true,1,
7290011026523,false,שמפו לפני השינה קמיל500מ,פישר מעבדות פרמצבטיות בע,IL,אל דמע קמיל,מיליליטרים,500.00,"100 מ""ל",false,0,19.90,3.98,true,1,
7290011026530,false,א.סבון לפני שינה קמיל500,פישר מעבדות פרמצבטיות בע,IL,אל סבון קמיל,מיליליטרים,500.00,"100 מ""ל",false,0,19.90,3.98,true,1,
7290011113889,false,איליינר עמיד שחור,קרליין,IT,איליינר שחור,יחידה,1.00,יחידה,false,0,54.90,54.90,true,1,
7290011113926,false,דאו.טיטניום BLACK 200מל,קרליין,IL,דאודורנט טיטניום,מיליליטרים,200.00,"100 מ""ל",false,0,16.90,8.45,true,1,
7290011114039,false,עפרון עיניים לא חידוד212,קרליין,DE,עפרון עיניים,יחידה,1.00,יחידה,false,0,29.90,29.90,true,1,
7290011115166,false,תחליב רחצה נקה7 לבנדר1ל,"קוסמופארם בע""\מ",IL,תחליב רחצה נקה 7,ליטרים,1.00,ליטר,false,0,14.90,14.90,true,1,
7290011116408,false,פודרה למראה אחיד 02,קרליין,IT,פודרה למראה אחיד,יחידה,1.00,יחידה,false,0,59.90,59.90,true,1,
7290011116446,false,אבקת פודרה נטורל 10,קרליין,IT,אבקת פודרה נטורל,יחידה,1.00,יחידה,false,0,60.90,60.90,true,1,
7290011116712,false,מ.אפ ביו ג'ניק 607 30 מל,קרליין,IL,מ.אפ ביו ג'ניק,מיליליטרים,30.00,"100 מ""ל",false,0,89.90,299.67,true,1,
7290011332983,false,מגבונאף קמיל בלו,פישר מעבדות פרמצבטיות בע,IL,מגבונאף קמיל בלו,יחידה,1.00,יחידה,false,0,23.90,23.90,true,1,
7290011447014,false,דייסת סלט פירות 200 גרם,מטרנה תעשיות ש.מ,IL,דייסת מטרנה,גרמים,200.00,100 גרם,false,0,14.50,7.25,true,1,
7290011505035,false,הנגיסון למזון טרי נובי,LTD E.L.CO,CN,הנגיסון נובי,יחידה,1.00,יחידה,false,0,49.90,49.90,true,1,
7290011525712,false,אל סבון לפני השינה1 ליטר,פישר מעבדות פרמצבטיות בע,IL,אלסבון קמיל,ליטרים,1.00,ליטר,false,0,28.90,28.90,true,1,
7290011525729,false,שמפו לפני השינה קמיל 1ל,פישר מעבדות פרמצבטיות בע,IL,שמפו קמיל בלו,ליטרים,1.00,ליטר,false,0,28.90,28.90,true,1,
7290011598211,false,סנו אנטי קאלק נ.כללי700מ,סנו מפעלי ברונוס בעמ,IL,סנו אנטי קאלק,מיליליטרים,700.00,"100 מ""ל",false,0,16.90,2.41,true,1,
7290011618025,false,בייבי ביס בטעם טבעי 50 ג,want-want,CN,בייבי ביס,גרמים,50.00,100 גרם,false,0,14.90,29.80,true,1,
7290011618124,false,בייבי ביס טעם ירקות 50 ג,want-want,CN,בייבי ביס,גרמים,50.00,100 גרם,false,0,14.90,29.80,true,1,
7290011618131,false,בייבי ביס טעם גזר 50 גרם,want-want,CN,בייבי ביס,גרמים,50.00,100 גרם,false,0,14.90,29.80,true,1,
7290011618216,false,בייבי ביס טעם בננה 50 גר,want-want,CN,בייבי ביס,גרמים,50.00,100 גרם,false,0,14.90,29.80,true,1,
7290011622305,false,כתמתמים חטיף בריאות20*4,פרינוק,IL,רביעיית כתמתמים,גרמים,80.00,100 גרם,false,0,11.90,14.88,true,1,
7290011622428,false,כתמטמינים חטיף בריאות45ג,אשבל,IL,חטיף בריאות,גרמים,45.00,100 גרם,false,0,7.50,16.67,true,1,
7290011622770,false,אצבעונים פלוס TOGO,מצות אביב בעמ,IL,אצבעונים בטעם ונ,גרמים,130.00,100 גרם,false,1,23.90,18.38,true,1,
7290011668143,false,"מסיכה משקמת פנינה 1 ק""ג",א.ל ארמן,IL,מסיכה לשיער,קילוגרמים,1.00,"ק""ג",false,0,26.90,26.90,true,1,
7290011714871,false,בליסטיק רפיל תות,,IL,בליסטיק רפיל תות,יחידה,1.00,יחידה,false,0,14.90,14.90,true,1,
7290011743833,false,משחה סנסודיין פרונמל75מל,MICLEN DE,GB,משחת שיניים,מיליליטרים,75.00,"100 מ""ל",false,0,21.90,29.20,true,1,
7290011744885,false,מש.אקווה פרש לשיני חלב50,גלקסוסמיתקליין,GB,משחת שיניים,מיליליטרים,50.00,"100 מ""ל",false,0,14.90,29.80,true,1,
7290011745707,false,סנסודיין פרונמל ילדים50מ,גלקסוסמיתקליין,SK,משחת שיניים,מיליליטרים,50.00,"100 מ""ל",false,0,15.90,31.80,true,1,
7290011765088,false,ג'ל גילוח לעור רגיל 200,אביאפ,TR,ג'ל גילוח קרמה,מיליליטרים,200.00,"100 מ""ל",false,0,16.90,8.45,true,1,
7290011765118,false,קצף גילוח לעור עדין 200מ,קוסמופארם,TR,קצף גילוח עדין,מיליליטרים,200.00,"100 מ""ל",false,0,11.90,5.95,true,1,
7290011765392,false,שמ.כיף ילדים בוב ספוג750,קוסמופארם בע'\'\מ,IL,שמפו כיף ילדים,מיליליטרים,750.00,"100 מ""ל",false,0,12.90,1.72,true,1,
7290011765446,false,משחה אורביטול ענבים 70 ג,טרופיקל דגיל תעשיות קוסמ,IL,משחת שיניים,גרמים,70.00,100 גרם,false,0,9.90,14.14,true,1,
7290011870232,false,8 סוללות פוג'יקום AAA,פוג'יקום,CN,סוללות פוג'יקום,יחידה,1.00,יחידה,false,0,16.90,16.90,true,1,
7290011870263,false,8 סוללות פוג'יקום AA,פוג'יקום,CN,סוללות פוג'יקום,יחידה,1.00,יחידה,false,0,16.90,16.90,true,1,
7290011870720,false,סוללת פוג'י D,פוג'יקום,CN,סוללת פוגי',יחידה,1.00,יחידה,false,0,19.90,19.90,true,1,
7290011870744,false,סוללת פוג'י 9V,פוג'יקום,CN,סוללת פוג'י,יחידה,1.00,יחידה,false,0,19.90,19.90,true,1,
7290011912642,false,ליסטרין שיניים+חניכ500מל,ג'\ונסון אנד ג'\ונסון,IT,מי פה ליסטרין,מיליליטרים,500.00,"100 מ""ל",false,0,19.90,3.98,true,1,
7290012116032,false,"מרכך כיף פיות 750 מ""ל",קוסמופארם בע'\'\מ,IL,מרכך כיף,מיליליטרים,750.00,"100 מ""ל",false,0,13.90,1.85,true,1,
7290012116612,false,4 מברשות שיניים אורביטול,קוסמופארם,CN,4 מברשות שיניים,יחידה,1.00,יחידה,false,0,16.90,16.90,true,1,
7290012117398,false,"קרמה ג'ל אחר גילוח150מ""ל",,IL,קרמה ג'ל גילוח,מיליליטרים,150.00,"100 מ""ל",false,0,29.90,19.93,true,1,
7290012117411,false,קרמה ג'ל רח.גבר במבוק700,קוסמופארם בע'\'\מ,IL,קרמה ג'ל רחצה,מיליליטרים,700.00,"100 מ""ל",false,0,15.90,2.27,true,1,
7290012117428,false,קרמה ג'ל רח.ושמפו גבר700,קוסמופארם בע'\'\מ,IL,קרמה ג'ל רחצה,מיליליטרים,700.00,"100 מ""ל",false,0,15.90,2.27,true,1,
7290012117435,false,קרמה ג'ל רחצה אלוורה700מ,קוסמופארם בע'\'\מ,IL,קרמה ג'ל רחצה,מיליליטרים,700.00,"100 מ""ל",false,0,15.90,2.27,true,1,
7290012117534,false,מרכ.מקסימה ס.מרוכז קול1ל,"סנו מפעלי ברונוס בע""\מ",IL,מקסימה ס.מרוכז,ליטרים,1.00,ליטר,false,0,17.90,17.90,true,1,
7290012117558,false,מרכ.מקסימה ס.מרוכז מסק1ל,"סנו מפעלי ברונוס בע""\מ",IL,מקסימה ס.מרוכז,ליטרים,1.00,ליטר,false,0,17.90,17.90,true,1,
7290012117626,false,אורביטול קיד מי פה 250מל,קוסמופארם בע'\'\מ,IL,אורביטול מי פה,מיליליטרים,250.00,"100 מ""ל",false,0,16.90,6.76,true,1,
7290012192098,false,דאו רול און ל- 72 ורוד,חלאבין,IL,חלאבלין רול און,מיליליטרים,60.00,"100 מ""ל",false,0,22.90,38.16,true,1,
7290012350245,false,"REVIVAL קרם יום 50 מ""ל",קרליין,IL,רויול קרם יום,מיליליטרים,50.00,"100 מ""ל",false,0,140.00,280.00,true,1,
7290012350672,false,עפרון שפתיים עם חידוד164,קרליין,DE,עפרון שפתיים,יחידה,1.00,יחידה,false,0,29.90,29.90,true,1,
7290012350788,false,עפרון עיניים עם חידוד112,קרליין,DE,עפרון עיניים,יחידה,1.00,יחידה,false,0,29.90,29.90,true,1,
7290012350955,false,עפרון עיניים ללא חידוד,קרליין,DE,עפרון עיניים,יחידה,1.00,יחידה,false,0,29.90,29.90,true,1,
7290012352034,false,קרם לחות+GOשמן מקדמיה400,דנאגיס,IL,קרם לחות נטורל,מיליליטרים,400.00,"100 מ""ל",false,0,25.90,6.48,true,1,
7290012367700,false,ק.גוף אפקטיב קר שיבול700,פישר מעבדות פרמצבטיות בע,IL,קרם גוף,מיליליטרים,700.00,"100 מ""ל",false,0,26.90,3.84,true,1,
7290012367717,false,ק.ידיים שיבולת שועל 150מ,פישר מעבדות פרמצבטיות בע,IL,קרם ידיים,מיליליטרים,150.00,"100 מ""ל",false,0,12.90,8.60,true,1,
7290012367908,false,שמן לתינוק סנסיטיב,פישר מעבדות פרמצבטיות בע,IL,קמיל בלו שמן,מיליליטרים,200.00,"100 מ""ל",false,1,16.90,8.45,true,1,
7290012491047,false,"שמפו קלנדולה 400 מ""ל",לה קרים,IL,שמפו קלנדולה,מיליליטרים,400.00,"100 מ""ל",false,0,35.90,8.98,true,1,
7290012491078,false,"סבון קלנדולה 400 מ""ל",לה קרים,IL,סבון קלנדולה,מיליליטרים,400.00,"100 מ""ל",false,0,35.90,8.98,true,1,
7290012823251,false,אל סבון כיף יסמין 1 ליטר,קוסמופארם בע'\'\מ,IL,אל סבון כיף,ליטרים,1.00,ליטר,false,0,12.90,12.90,true,1,
7290012823381,false,מקסימה ס.מרוכז סנסטיב 1ל,"סנו מפעלי ברונוס בע""\מ",IL,מרכך כביסה,ליטרים,1.00,ליטר,false,0,17.90,17.90,true,1,
7290012854408,false,בליסטקס בטעם מנטה,בליסטקס פריגו,IL,בליסטקס בטעם מנט,יחידה,1.00,יחידה,false,0,14.90,14.90,true,1,
7290012938580,false,מש.סנסודיין הלבנה עדינ75,גלקסוסמית'\קליין קונסיומ,GB,משחת סנסודיין,מיליליטרים,75.00,"100 מ""ל",false,0,18.90,25.20,true,1,
7290012938597,false,משחת סנסודין רפיד רליף75,MICLEN DE,GB,משחת סנסודיין,מיליליטרים,75.00,"100 מ""ל",false,0,21.90,29.20,true,1,
7290012938740,false,משחת סנסודיין פרש מינט75,MICLEN DE,GB,משחת סנסודיין,מיליליטרים,75.00,"100 מ""ל",false,0,18.90,25.20,true,1,
7290013083661,false,מטרנה אקסטרה קר שלב1 700,מטרנה תעשיות ש.מ,IL,מטרנה אקסטרה קר,גרמים,700.00,100 גרם,false,0,59.90,8.56,true,1,
7290013083678,false,מטרנה אקסטרה קר שלב2 700,מטרנה תעשיות ש.מ,IL,מטרנה אקסטרה קר,גרמים,700.00,100 גרם,false,0,59.90,8.56,true,1,
7290013083685,false,מטרנה אקסטרה קר שלב3 700,מטרנה תעשיות ש.מ,IL,מטרנה אקסטרה קר,גרמים,700.00,100 גרם,false,0,59.90,8.56,true,1,
7290013133816,false,לבלו לגבר,לבלו,IL,לבלו לגבר,יחידה,1.00,יחידה,false,0,10.00,10.00,true,1,
7290013268020,false,מקסימה סופר מרוכז פרש 1ל,"סנו מפעלי ברונוס בע""\מ",IL,מרכך כביסה,ליטרים,1.00,ליטר,false,0,17.90,17.90,true,1,
7290013268983,false,מרכך בישום עוצמתי ג'וי1ל,"סנו מפעלי ברונוס בע""\מ",IL,מרכך מרוכז ג'וי,ליטרים,1.00,ליטר,false,1,17.90,17.90,true,1,
7290013269003,false,מקסימה מרכך בייבי 1 ליטר,"סנו מפעלי ברונוס בע""\מ",IL,מקסימה מרכך,ליטרים,1.00,ליטר,false,0,17.90,17.90,true,1,
7290013269287,false,מקסימה ג'ל כביסה מאסק3ל,"סנו מפעלי ברונוס בע""\מ",IL,ג'ל כביסה מרוכז,ליטרים,3.00,ליטר,false,0,29.90,9.97,true,1,
7290013269621,false,ריצפז פרש הום בוטיק 2ל,סנו מפעלי ברונוס בעמ,IL,ריצפז פרש הום,ליטרים,2.00,ליטר,false,1,24.90,12.45,true,1,
7290013269638,false,ספוג הפלא אקסטרה,,US,ספוג הפלא אקסטרה,יחידה,1.00,יחידה,false,0,13.90,13.90,true,1,
7290013269751,false,10מטליות ריצפז מל.בוטיק,"סנו, ח.צ 520032988",IL,מטליות ריצפז,יחידה,1.00,יחידה,false,1,13.90,13.90,true,1,
7290013412294,false,15חיתולי אקסטרה סטרונ L,DPL פרומדיקו,IL,חיתולי נועם,יחידה,1.00,יחידה,false,0,59.90,59.90,true,1,
7290013412300,false,15חיתולי סופט אול נייטL,"DPLבע""מ",IL,חיתולי נועם,יחידה,1.00,יחידה,false,0,65.90,65.90,true,1,
7290013412324,false,טפטפים 30 מגבונים לאף,כצט,,טפטפים מגבונים,יחידה,1.00,יחידה,false,0,12.90,12.90,true,1,
7290013412348,false,נועם סדינית 15 יחידות,DPL פרומדיקו,IL,נועם סדינית,יחידה,1.00,יחידה,false,0,51.90,51.90,true,1,
7290013412409,false,נועם סופגנית 15-FREE,DPL,IL,נועם סופגנית 15,יחידה,1.00,יחידה,false,1,15.90,15.90,true,1,
7290013652164,false,מגבונים להסרת איפור30*3,פישר מעבדות פרמצבטיות בע,IL,GENESIS מגבונים,יחידה,1.00,יחידה,false,0,19.90,19.90,true,1,
7290013756343,false,משחה לאמהות מניקות,ISRAEL INDIVIOR,,משחת לנסינו,גרמים,40.00,100 גרם,false,0,54.90,137.25,true,1,
7290013848055,false,"קרם גוף קרמה מן 400 מ""ל",קוסמופארם בע'\'\מ,IL,קרם גוף קרמה מן,מיליליטרים,400.00,"100 מ""ל",false,1,24.90,6.23,true,1,
7290013848345,false,מטליות לחיטוי 50*3 יח',סנו מפעלי ברונוס בעמ,IL,מטליות ניקוי 3יח,יחידה,1.00,יחידה,false,1,22.90,22.90,true,1,
7290013848383,false,קרמה מן גל רחצה אקטיב700,קוסמופארם בע'\'\מ,IL,ג'ל רחצה קרמה מן,מיליליטרים,700.00,"100 מ""ל",false,0,15.90,2.27,true,1,
7290013848758,false,ג'ל לכביסה בייבי 3 ליטר,"סנו מפעלי ברונוס בע""\מ",IL,ג'ל לכביסה בייבי,ליטרים,3.00,ליטר,false,0,34.90,11.63,true,1,
7290014059085,false,משחת סנסודיין לשיקום75מ,MICLEN DE,GB,משחת סנסודיין,מיליליטרים,75.00,"100 מ""ל",false,0,21.90,29.20,true,1,
7290014258730,false,מטרנה צמחית מגיל שנה700ג,מטרנה תעשיות ש.מ,IL,מטרנה צמחית,גרמים,700.00,100 גרם,false,0,64.90,9.27,true,1,
7290014426061,false,משחת שיניים הלו קיטי50מ,כצט,IL,משחת שיניים,מיליליטרים,50.00,"100 מ""ל",false,0,10.90,21.80,true,1,
7290014465503,false,"חלבון טעם בננה 2.27 ק""ג",NATURAL MARSHAL,IL,חלבון טעם בננה,קילוגרמים,2.27,"ק""ג",false,1,319.90,140.93,true,1,
7290014547353,false,2מברשות סנסודיין דואלק,"L Co., Industrial Shummi",CN,2 מברשו סנסודיין,יחידה,1.00,יחידה,false,1,29.90,29.90,true,1,
7290014855403,false,15חיתולי אקסטרה סטרונג M,DPL פרומדיקו,IL,חיתולי נועם,יחידה,1.00,יחידה,false,0,59.90,59.90,true,1,
7290014855434,false,מגבו.בייביסיטר מבושם72*4,די.פי.אל,IL,מגבונים לחים 4יח,יחידה,1.00,יחידה,false,1,18.90,18.90,true,1,
7290014855458,false,מגבונ.ללא בישום 72*4יח,די.פי.אל,IL,מגבונים לחים 4יח,יחידה,1.00,יחידה,false,1,18.90,18.90,true,1,
7290014855854,false,בייבי בייסיק מגבונים 5יח,DPL פרומדיקו,IL,בייבי בייסיק,יחידה,1.00,יחידה,false,0,12.90,12.90,true,1,
7290014901247,false,"שמפו קרטין סטייל 750 מ""ל",א.ל ארמן,IL,שמפו קרטין,מיליליטרים,750.00,"100 מ""ל",false,0,29.90,3.99,true,1,
7290014901254,false,"מרכך קרטין סטייל 750 מ""ל",א.ל ארמן,IL,מרכך קרטין,מיליליטרים,750.00,"100 מ""ל",false,0,29.90,3.99,true,1,
7290014901261,false,"מסכת קרטין סטייל 500 מ""ל",א.ל ארמן,IL,מסכת קרטין,מיליליטרים,500.00,"100 מ""ל",false,0,34.90,6.98,true,1,
7290014901896,false,"סנסודיין מי פה 500 מ""ל",MICLEN DE,GB,סנסודיין מי פה,מיליליטרים,500.00,"100 מ""ל",false,1,27.90,5.58,true,1,
7290014952935,false,מאמי קר מגבוני אף ופנים,מאמי קר,IL,מאמי קר מגבונים,יחידה,1.00,יחידה,false,1,12.90,12.90,true,1,
7290014962521,false,משחת טפטפים ענבים 50מל,כצט,IL,משחת שיניים,מיליליטרים,50.00,"100 מ""ל",false,0,11.90,23.80,true,1,
7290014989689,false,בליסטקס ליפ בריליאנס,בליסטקס פריגו,IL,בליסטקס ליפ בריל,יחידה,1.00,יחידה,false,0,14.90,14.90,true,1,
7290015054027,false,פאוורטק חלבון וניל 700ג,סיטי תוספי מזון,IL,פאוורטק חלבון,גרמים,700.00,100 גרם,false,0,149.00,21.29,true,1,
7290015054034,false,פאוורטק חלבון בננה 700 ג,סיטי תוספי מזון,IL,פאוורטק חלבון,גרמים,700.00,100 גרם,false,0,149.00,21.29,true,1,
7290015155823,false,חטיפטף פרינוק תפוח 120 ג,פרוטה פודיווין,CZ,חטיפטף פרינוק,גרמים,120.00,100 גרם,false,1,5.00,4.17,true,1,
7290015155830,false,חטיפטף פרינוק תפוח בננה,,CZ,חטיפטף פרינוק,גרמים,120.00,100 גרם,false,1,5.00,4.17,true,1,
7290015156769,false,פאוץ' פרינוק תפוח ואוכמנ,,CZ,פאוץ' פרינוק תפו,גרמים,120.00,100 גרם,false,1,5.00,4.17,true,1,
7290015156776,false,חטיפטף פירות טרופי 120ג,,CZ,חטיפטף פרינוק,גרמים,120.00,100 גרם,false,1,5.00,4.17,true,1,
7290015176361,false,מברשת חשמלית כחול,פוג'יקום,CN,מברשת שיניים,יחידה,1.00,יחידה,false,1,29.90,29.90,true,1,
7290015176491,false,כבל מקצועי לאייפון יח',פוג'יקום,CN,כבל מקצועי לאיפו,יחידה,1.00,יחידה,false,1,54.90,54.90,true,1,
7290015366663,false,משחה אקווה פרש עדין100,MICLEN DE,SK,משחה אקווה פרש,מיליליטרים,100.00,"100 מ""ל",false,1,5.90,5.90,true,1,
7290015366670,false,משחה אקווה פרש מנטה 100,MICLEN DE,SK,משחה אקווה פרש,מיליליטרים,100.00,"100 מ""ל",false,1,5.90,5.90,true,1,
7290015366717,false,"מסכה סטייל קוקוס 500 מ""ל",א.ל ארמן,IL,מסכה סטייל,מיליליטרים,500.00,"100 מ""ל",false,1,28.90,5.78,true,1,
7290015366748,false,סטייל שמן ארגן מרוקאי120,א.ל ארמן,IL,שמן לשיער סטייל,מיליליטרים,120.00,"100 מ""ל",false,1,48.90,40.75,true,1,
7290015424882,false,20מגבוני פמינה TO GO,כצט,IL,מגבונים פמינה,יחידה,1.00,יחידה,false,1,14.90,14.90,true,1,
7290015470384,false,ק.ידיים פנג'ל שמן שקד100,אינטרקוסמא,IL,קרם ידיים פנג'ל,מיליליטרים,100.00,"100 מ""ל",false,1,11.90,11.90,true,1,
7290015733441,false,דייסת גם וגם דגנים 300 ג,מטרנה תעשיות ש.מ,IL,דייסת מטרנה,גרמים,300.00,100 גרם,false,1,19.90,6.63,true,1,
7290015733465,false,דייסת גם וגם קורנפלור300,מטרנה תעשיות ש.מ,IL,דייסת מטרנה,גרמים,300.00,100 גרם,false,1,19.90,6.63,true,1,
7290015733977,false,מטרנה קומפורט 700ג HM-O,מטרנה תעשיות ש.מ.,IL,מטרנה קומפורט עם,גרמים,700.00,100 גרם,false,1,69.90,9.99,false,1,
7290016197495,false,מטליות מקרופייבר רצפה2יח,INC UFO,CN,מטלית לרצפה 2יח,יחידה,1.00,יחידה,false,1,24.90,24.90,true,1,
7290016197617,false,דיפנד תחבושות  אקסטרה10י,קימברלי קלארק,VN,תחבושות דיפנד,יחידה,1.00,יחידה,false,1,19.90,19.90,true,1,
7290016197624,false,דיפנד תחבושות סופר8יח,קימברלי קלארק,VN,תחבושות דיפנד,יחידה,1.00,יחידה,false,1,19.90,19.90,true,1,
7290016246018,false,חלבה מיקס פינוקיות20*10ג,"רושדי תעשיות מזון בע""\מ",IL,חלבה בארכה מיקס,גרמים,200.00,100 גרם,false,1,12.90,6.45,true,1,
7290016319118,false,שעווה מתקלפת לפנים 100מל,דנשר,ES,שעווה לאזור פנים,מיליליטרים,100.00,"100 מ""ל",false,1,29.90,29.90,true,1,
7290016321531,false,12רצועו.שעווה גוף מגע מש,VIOKOX,ES,12רצועות שעווה,יחידה,1.00,יחידה,false,1,28.90,28.90,true,1,
7290016321548,false,16 רצועות שעווה קמומיל,VIOKOX,ES,רצועות שעווה לגו,יחידה,1.00,יחידה,false,1,28.90,28.90,true,1,
7290016321555,false,מגע הדבש 16 רצועות שעווה,VIOKOX,ES,רצועות שעווה,יחידה,1.00,יחידה,false,1,28.90,28.90,true,1,
7290016321661,false,64*4 פרש וואנס ללא בישום,עלבד משואות יצחק,IL,פרש וואנס 4יח,יחידה,1.00,יחידה,false,1,15.90,15.90,true,1,
7290016329261,false,"מתיר קשרים סרקל 300 מ""ל",פישר מעבדות פרמצבטיות בע,IL,סרקל מתיר קשרים,מיליליטרים,300.00,"100 מ""ל",false,1,33.90,11.30,true,1,
7290016329308,false,קרם שיער מתולתל סרקל325מ,פישר מעבדות פרמצבטיות בע,IL,סרקל מתיר קשרים,מיליליטרים,325.00,"100 מ""ל",false,1,25.90,7.97,true,1,
7290016329315,false,סרקל מתיר קשרים תלתל300,פישר מעבדות פרמצבטיות בע,IL,סרקל מתיר קשרים,מיליליטרים,300.00,"100 מ""ל",false,1,33.90,11.30,true,1,
7290016329674,false,קרם פנים קמיל בלו,פישר מעבדות פרמצבטיות בע,IL,קרם פנים קמיל,מיליליטרים,75.00,"100 מ""ל",false,1,29.90,39.87,true,1,
7290016372991,false,חליטת קמומיל 20 שק1.5*ג,ויסוצקי,IL,חליטת קמומיל,גרמים,30.00,100 גרם,false,1,13.90,46.33,true,1,
7290016437423,false,16 תחתון סופג לאישהL,,CZ,תחתון דיפנד,יחידה,1.00,יחידה,false,1,64.90,64.90,true,1,
7290016437430,false,14תחתון סופג לאישה XL,,CZ,תחתון דיפנד,יחידה,1.00,יחידה,false,1,64.90,64.90,true,1,
7290016437454,false,18תחתון סופג לגבר M,,CZ,תחתון דיפנד,יחידה,1.00,יחידה,false,1,64.90,64.90,true,1,
7290016437591,false,תחתונים סופגיםM קוטקס8יח,חוגלה קימברלי,KR,תחתונים סופגים,יחידה,1.00,יחידה,false,0,36.90,36.90,true,1,
7290016437607,false,תחתונים סופגים קוטקס8יח,חוגלה קימברלי,KR,תחתונים סופגים,יחידה,1.00,יחידה,false,0,36.90,36.90,true,1,
7290016437621,false,36האגיס פרידום פנטס שלב4,,CZ,חיתולי האגיס,יחידה,1.00,יחידה,false,1,45.90,45.90,true,1,
7290016437652,false,26האגיס פרידום פנטס שלב6,,CZ,חיתולי האגיס,יחידה,1.00,יחידה,false,1,45.90,45.90,true,1,
7290016509342,false,סבון אסלה כחול אקטיב50*3,הנקל,HU,סבון אסלה 3 יח,גרמים,150.00,100 גרם,false,1,18.90,12.60,true,1,
7290016509786,false,ג'ל כביסה פרסיל 2.5 ליטר,"הנקל סוד בע""\מ",IL,ג'ל כביסה פרסיל,ליטרים,2.50,ליטר,false,1,34.90,13.96,true,1,
7290016564266,false,מבריקל הפלא כיסוי הפלא 3,פארמה דיל,IL,מבריקל הפלא כיסו,יחידה,1.00,יחידה,false,1,12.90,12.90,true,1,
7290016621013,false,ק.גוף קמיל בלו קלאסיק500,פישר מעבדות פרמצבטיות בע,IL,קרם גוף קמיל בלו,מיליליטרים,500.00,"100 מ""ל",false,1,28.90,5.78,true,1,
7290016692150,false,מאמי קר סבון ניקוי בקבוק,מאמי קאר,IL,סבון לניקוי,מיליליטרים,500.00,"100 מ""ל",false,0,46.90,9.38,true,1,
7290016692198,false,קלאסיק משחת החתלה קלנדול,מאמי קר,IL,קלאסיק משחת החתל,מיליליטרים,120.00,"100 מ""ל",false,1,19.90,16.59,true,1,
7290016866643,false,"משחה פרודונטקס פרש 75מ""ל",MICLEN DE,SK,משחה פרודונטקס,מיליליטרים,75.00,"100 מ""ל",false,1,31.90,42.53,true,1,
7290016866650,false,מש.פרודונטקס אוריגינל75מ,MICLEN DE,SK,משחה פרודונטקס,מיליליטרים,75.00,"100 מ""ל",false,1,31.90,42.53,true,1,
7290016866674,false,משחה פרודונטקס מלבינה75מ,MICLEN DE,SK,משחה פרודונטקס,מיליליטרים,75.00,"100 מ""ל",false,1,31.90,42.53,true,1,
7290016866704,false,"שמפו קרטין E סטייל750מ""ל",גורי,IL,שמפו קרטין,מיליליטרים,750.00,"100 מ""ל",false,1,29.90,3.99,true,1,
7290017031705,false,"סנסודיין קלין&פרש 75 מ""ל",MICLEN DE,SK,משחת סנסודיין,מיליליטרים,75.00,"100 מ""ל",false,1,18.90,25.20,true,1,
7290017031811,false,מברשות פרודונטקס 2 יח,"L Co., Industrial Shummi",CN,מברשות פרודונטקס,יחידה,1.00,יחידה,false,1,28.90,28.90,true,1,
7290017031859,false,פרודונטקס אולטרה קלין75מ,"מאסטרפוד אוסטריה בע""מ",GB,משחת פרודונטקס,מיליליטרים,75.00,"100 מ""ל",false,1,31.90,42.53,true,1,
7290017031941,false,מסכה לשיער המפ סטייל500מ,א.ל.ארמן ייצור תמרוקים ב,IL,מסכה לשיער hemp,מיליליטרים,500.00,"100 מ""ל",false,1,34.90,6.98,true,1,
7290017088051,false,52חתולי בייביסיטר מידה 3,די.פי.אל תעשיות מוצרים ח,IL,חיתולי בייביסיטר,יחידה,1.00,יחידה,false,1,32.90,32.90,true,1,
7290017088068,false,42חיתולי בייביסיטר מידה4,די.פי.אל תעשיות מוצרים ח,IL,חיתולי בייביסיטר,יחידה,1.00,יחידה,false,1,32.90,32.90,true,1,
7290017088075,false,40חיתול בייביסיטר מידה+4,די.פי.אל תעשיות מוצרים ח,IL,חיתולי בייביסיטר,יחידה,1.00,יחידה,false,1,32.90,32.90,true,1,
7290017088082,false,36חיתול בייביסיטר מידה5,די.פי.אל תעשיות מוצרים ח,IL,חיתולי בייביסיטר,יחידה,1.00,יחידה,false,1,32.90,32.90,true,1,
7290017088099,false,30חיתולי בייביסיטר מידה6,די.פי.אל תעשיות מוצרים ח,IL,חיתולי בייביסיטר,יחידה,1.00,יחידה,false,1,31.90,31.90,true,1,
7290017088860,false,14 תחתונים לבריחת שתן L,EUROFIL,IT,בריז תחתונים,יחידה,1.00,יחידה,false,1,74.90,74.90,true,1,
7290017088884,false,15חיתולי אקסטרה סטרונ XL,פינגווין,IL,חיתולי נועם,יחידה,1.00,יחידה,false,1,59.90,59.90,true,1,
7290017088969,false,חיתולי בייביסיטר דק שלב1,די.פי.אל תעשיות מוצרים ח,IL,חיתול דק מידה 1,יחידה,1.00,יחידה,false,1,26.90,26.90,true,1,
7290017088983,false,חיתולי בייביסיטר דק שלב2,די.פי.אל תעשיות מוצרים ח,IL,חיתול דק מידה 2,יחידה,1.00,יחידה,false,1,26.90,26.90,true,1,
7290017440231,false,שמפו לשיער מתולתל סרקל1ל,פישר מעבדות פרמצבטיות בע,IL,שמפו סרקל,ליטרים,1.00,ליטר,false,1,27.90,27.90,true,1,
7290017440248,false,מרכך לשיער מתולתל סרקל1ל,פישר מעבדות פרמצבטיות בע,IL,מרכך סרקל,ליטרים,1.00,ליטר,false,1,27.90,27.90,true,1,
7290017440804,false,מסכת הזנה לשיער כסוף300מ,פישר,IL,מסכה לשיער,מיליליטרים,300.00,"100 מ""ל",false,1,39.90,13.30,true,1,
7290017457932,false,מרכך פרש כחול 900מל,,IL,סוד מרכך כחול,מיליליטרים,900.00,"100 מ""ל",false,1,9.90,1.10,true,1,
7290017629094,false,סילון מים דנטלי נטען5פיו,ELECTRICAL BFT SHENZHEN,CN,סילון מים דנטלי,יחידה,1.00,יחידה,false,1,259.00,259.00,true,1,
7290017637600,false,MB מרכך לשיער רגיל לברק,סאסא קוסמטיקס,IL,MB מרכך לשיער,מיליליטרים,500.00,"100 מ""ל",false,1,24.90,4.98,true,1,
7290017637617,false,MB מסכת הזנה משקמת 250מ,סאסא קוסמטיקס,IL,MB מסכה לשיער,מיליליטרים,250.00,"100 מ""ל",false,1,27.90,11.16,true,1,
7290017637624,false,MB שמפו לשיער יסמין500מ,סאסא קוסמטיקס,IL,MB שמפו יסמין,מיליליטרים,500.00,"100 מ""ל",false,1,24.90,4.98,true,1,
7290017637648,false,MB מסיכה לשיער יסמין250מ,סאסא קוסמטיקס,IL,MB מסיכה לשיער,מיליליטרים,250.00,"100 מ""ל",false,1,27.90,11.16,true,1,
7290017637655,false,"MB שמפו קרטין 500 מ""ל",סאסא קוסמטיקס,IL,MB שמפו קרטין,מיליליטרים,500.00,"100 מ""ל",false,1,27.90,5.58,true,1,
7290017695044,false,"קיט החלקה ושמפו 200 מ""ל",מיסטר בונד,IL,קיט החלקה ושמפו,יחידה,1.00,יחידה,false,1,159.90,159.90,true,1,
7290017695235,false,סרום ויטמינס לאחר החלקה,מיסטר בונד,IL,סרום ויטמינס,מיליליטרים,200.00,"100 מ""ל",false,1,49.90,24.95,true,1,
7290017695242,false,שמפו ויטמינס אחר החלקה1ל,מיסטר בונד,IL,שמפו ויטמינס לאח,ליטרים,1.00,ליטר,false,1,44.90,44.90,true,1,
7290017695259,false,מסכה לשיער ויטמינס 500מל,מיסטר בונד,IL,מסכה לשיער ויטמי,מיליליטרים,500.00,"100 מ""ל",false,1,44.90,8.98,true,1,
7290017695662,false,קיט החלקה סילבר .,מיסטר בונד,IL,קיט החלקה סילבר,יחידה,1.00,יחידה,false,1,199.00,199.00,true,1,
7290017695686,false,מרכך סילבר 500 מל,מיסטר בונד,IL,מרכך סילבר 500,מיליליטרים,500.00,"100 מ""ל",false,1,49.90,9.98,true,1,
7290017695693,false,שמפו סילבר 500 מל,מיסטר בונד,IL,שמפו סילבר 500 מ,מיליליטרים,500.00,"100 מ""ל",false,1,49.90,9.98,true,1,
7290017872070,false,פרשוואנס מגבונים שלישייה,"ווטנפס בע""\מn\",IL,פרש וואנס מגבון,יחידה,1.00,יחידה,false,1,13.90,13.90,false,1,
7290017872872,false,כוכבים חטיף דגנים 35 גרם,אשבול,IL,כוכבים דגנים,גרמים,35.00,100 גרם,false,1,13.90,39.71,true,1,
7290017872957,false,מכשיר+סכין גילוח כתום,,US,מכשיר+סכין גילוח,יחידה,1.00,יחידה,false,1,54.90,54.90,true,1,
7290017872964,false,מכשיר+סכין גילוח כחול,,US,מכשיר+סכין גילוח,יחידה,1.00,יחידה,false,1,54.90,54.90,true,1,
7290017917399,false,מגבוני תפרחת קמיל בלו,,IL,מגבונים לתפרחת,יחידה,1.00,יחידה,false,1,11.90,11.90,true,1,
7290017917450,false,אל סבון ושמפו קמיל בלו1ל,CHEMIPAL FISHER (BIO,IL,אל סבון ושמפו,ליטרים,1.00,ליטר,false,1,28.90,28.90,true,1,
7290017917467,false,א.סבון שיבולת שועל קמיל1,CHEMIPAL FISHER (BIO,IL,אל סבון ש.שועל,ליטרים,1.00,ליטר,false,1,28.90,28.90,true,1,
7290017928616,false,בייגלה שטוחלה שומשום300ג,מאיר בייגל,IL,בייגלה שטוחלה,גרמים,300.00,100 גרם,false,1,12.50,4.17,true,1,
7290017946368,false,סבון אסלה סוד 50*3ג,,RS,סבון לאסלה סוד,גרמים,150.00,100 גרם,false,1,18.90,12.60,true,1,
7290018043189,false,פראוד חטיף קשיו קרמל60גר,,NL,פראוד חטיף קשיו,גרמים,60.00,100 גרם,false,1,14.90,24.83,true,1,
7290018080276,false,רפידות הנקה 60 יח',מאמי קר,IL,רפידות הנקה,יחידה,1.00,יחידה,false,1,39.90,39.90,true,1,
7290018080290,false,שמן שקדים לעיסוי פרינאום,מאמי קר,IL,שמן שקדים לעיסוי,מיליליטרים,100.00,"100 מ""ל",false,1,59.00,59.00,true,1,
7290018080573,false,רפידות הנקה במבוק 30יח,,JP,רפידות הנקה במבו,יחידה,1.00,יחידה,false,1,29.90,29.90,true,1,
7290018132104,false,נאן סופרים שלב 2 700 גרם,מטרנה תעשיות ש.מ,IL,נאן סופרים שלב 2,גרמים,700.00,100 גרם,false,1,89.90,12.84,true,1,
7290018132340,false,מטרנה גולד שלב 1 700 גרם,מטרנה תעשיות ש.מ.,IL,מטרנה גולד שלב 1,גרמים,700.00,100 גרם,false,1,73.90,10.56,true,1,
7290018132388,false,מטרנה גולד שלב 2 700 גרם,מטרנה תעשיות ש.מ.,IL,מטרנה גולד שלב 2,גרמים,700.00,100 גרם,false,1,73.90,10.56,true,1,
7290018132425,false,מטרנה גולד שלב3 700ג בדץ,מטרנה תעשיות ש.מ.,IL,מטרנה גולד שלב 3,גרמים,700.00,100 גרם,false,1,73.90,10.56,true,1,
7290018182185,false,מסכה KN95 יחידה,,IL,מסכה KN95,יחידה,1.00,יחידה,false,1,9.90,9.90,true,1,
7290018354506,false,ג'ל עיצוב שיער טיובה250מ,א.משי תעשיות,IL,ג'ל עיצוב שיער,מיליליטרים,250.00,"100 מ""ל",false,1,9.90,3.96,true,1,
7290018354704,false,"ווקס לגבר 100 מ""ל",א.משי תעשיות,IL,ווקס לגבר,מיליליטרים,100.00,"100 מ""ל",false,1,9.90,9.90,true,1,
7290018493069,false,ק.ידיים אפקטיב כותנה100מ,"ד""ר שר",IL,קרם ידיים,מיליליטרים,100.00,"100 מ""ל",false,1,15.90,15.90,true,1,
7290018516324,false,"פרינוק פאוצ' ת""פ ושיב120",פרוטה פודיווין,CZ,פרינוק,גרמים,120.00,100 גרם,false,1,5.00,4.17,true,1,
7290018516348,false,פרינוק פאוצ' סלט פירו120,פרוטה פודיווין,CZ,פרינוק,גרמים,120.00,100 גרם,false,1,5.00,4.17,true,1,
7290018516362,false,פרינוק בננה ושיבולת 190ג,פרוטה פודיווין,CZ,פרינוק ארוחה,גרמים,190.00,100 גרם,false,1,5.90,3.11,true,1,
7290018703182,false,חט.חלבון שוק.בוטן+קרמל29,,NL,חטיף חלבון פראוד,גרמים,29.00,100 גרם,false,1,11.90,41.03,true,1,
7290018703311,false,חטיף חלבון קרם עוגיות60ג,,NL,חטיף חלבון,גרמים,60.00,100 גרם,false,1,11.90,19.84,true,1,
7290018921203,false,קרם החתלה קמומיל 120 גרם,פישר מעבדות פרמצבטיות בע,IL,קרם החתלה קמומיל,גרמים,120.00,100 גרם,false,1,20.90,17.42,true,1,
7290018921609,false,קרם החתלה קלנדולה 120גרם,פישר מעבדות פרמצבטיות בע,IL,קמיל בלו ק החתלה,גרמים,120.00,100 גרם,false,1,23.90,19.92,true,1,
7290018921616,false,מגבוני קמיל שיבולת 64*4י,פישר,IL,מגבוני קמיל 4יח,יחידה,1.00,יחידה,false,1,23.90,23.90,true,1,
7290018921654,false,"תחליב רחצה לבנדר 700 מ""ל",פישר מעבדות פרמצבטיות בע,IL,תחליב רחצה לבנדר,מיליליטרים,700.00,"100 מ""ל",false,1,12.90,1.84,true,1,
7290019014508,false,מרכך כביסה אוריאנטל900מ,סאסא טק,IL,מרכך כביסה,מיליליטרים,900.00,"100 מ""ל",false,1,19.90,2.21,true,1,
7290019014614,false,"מרכך כביסה בלו 900 מ""ל",סאסא טק,IL,מרכך כביסה בלו,מיליליטרים,900.00,"100 מ""ל",false,1,19.90,2.21,true,1,
7290019014621,false,"מרכך כביסה לגונה 900 מ""ל",סאסא טק,IL,מרכך כביסה לגונה,מיליליטרים,900.00,"100 מ""ל",false,1,19.90,2.21,true,1,
7290019014638,false,מרכך כביסה פרש וויט 900,סאסא טק,IL,מרכך כביסה פרש,מיליליטרים,900.00,"100 מ""ל",false,1,19.90,2.21,true,1,
7290019014645,false,"מסיר כתמים טנקס 500 מ""ל",סאסא טק,IL,מסיר כתמים TNX,מיליליטרים,500.00,"100 מ""ל",false,1,24.90,4.98,true,1,
7290019014652,false,מרכך כביסה בייבי לאב900מ,סאסא טק,IL,מרכך כביסה בייבי,מיליליטרים,900.00,"100 מ""ל",false,1,24.90,2.77,true,1,
7290019014683,false,נוזל רצפות פרדייס 1.35 ל,סאסא טק,IL,נוזל לרצפות,ליטרים,1.35,ליטר,false,1,24.90,18.44,true,1,
7290019014737,false,"מבשם בדים ביץ קלאב500מ""ל",סאסא טק,IL,מבשם בדים קלאב,מיליליטרים,500.00,"100 מ""ל",false,1,19.90,3.98,true,1,
7290019014751,false,ניקוי כלים24% פלאוור750מ,סאסא טק,IL,ניקוי כלים 24%,מיליליטרים,750.00,"100 מ""ל",false,1,14.90,1.99,true,1,
7290019014768,false,"ניקוי כלים 24% 750מ""ל",סאסא טק,IL,ניקוי כלים 24%,מיליליטרים,750.00,"100 מ""ל",false,1,14.90,1.99,true,1,
7290019014775,false,מרסס קצף מסיר שומנים 750,סאסא טק,IL,מרסס מסיר שומנים,מיליליטרים,750.00,"100 מ""ל",false,1,16.90,2.25,true,1,
7290019014782,false,מרסס אקונומיקה לבנדר750מ,סאסא טק,IL,מרסס אקונומיקה,מיליליטרים,750.00,"100 מ""ל",false,1,16.90,2.25,true,1,
7290019014799,false,מסיר אבנית לאמבטיה 750 מ,סאסא טק,IL,קצף מסיר אבנית,מיליליטרים,750.00,"100 מ""ל",false,1,14.90,1.99,true,1,
7290019014805,false,"מרסס מנקה ריפודים 500מ""ל",סאסא טק,IL,מרסס מנקה ריפוד,מיליליטרים,500.00,"100 מ""ל",false,1,24.90,4.98,true,1,
7290019014812,false,"מרסס מנטרל ריחות 500 מ""ל",סאסא טק,IL,מרסס מנטרל ריחות,מיליליטרים,500.00,"100 מ""ל",false,1,19.90,3.98,true,1,
7290019014843,false,תרסיס לניקוי חלונות400מל,סאסא טק,IL,תרסיס לחלונות,מיליליטרים,400.00,"100 מ""ל",false,1,19.90,4.98,true,1,
7290019014850,false,"תרסיס דוחה מים 400 מ""ל",סאסא טק,IL,תרסיס דוחה מים,מיליליטרים,400.00,"100 מ""ל",false,1,26.90,6.73,true,1,
7290019014973,false,מבשם בדים בייבי לאב500מ,סאסא טק,IL,מבשם בדים בייבי,מיליליטרים,500.00,"100 מ""ל",false,1,19.90,3.98,true,1,
7290019074090,false,קמיל בלו סופט א.סבון500מ,פישר מעבדות פרמצבטיות בע,IL,קמיל בלו אל סבון,מיליליטרים,500.00,"100 מ""ל",false,1,24.90,4.98,true,1,
7290019074885,false,קמיל בלו סופט ק. גוף500מ,פישר מעבדות פרמצבטיות בע,IL,קמיל בלו קרם גוף,מיליליטרים,500.00,"100 מ""ל",false,1,29.90,5.98,true,1,
7290019075103,false,קמיל בלו שמפו סופט 1ליטר,פישר מעבדות פרמצבטיות בע,IL,שמפו קמיל בלו,ליטרים,1.00,ליטר,false,1,32.90,32.90,true,1,
7290019075899,false,קמיל בלו סופט א.סבון1ל,פישר מעבדות פרמצבטיות בע,IL,א.סבון קמיל בלו,ליטרים,1.00,ליטר,false,1,32.90,32.90,true,1,
7290019274056,false,נוזל רצפה בייבי לאב1.35ל,סאסא טק,IL,נוזל רצפה בייבי,ליטרים,1.35,ליטר,false,1,24.90,18.44,true,1,
7290019274063,false,ג'ל כביסה בייבי 1.35 ל',סאסא טק,IL,ג'ל כביסה בייבי,ליטרים,1.35,ליטר,false,1,33.90,25.11,true,1,
7290019274087,false,"ארוסול קצף לאסלות 400מ""ל",סאסא טק,IL,ארוסול קצף ניקוי,מיליליטרים,400.00,"100 מ""ל",false,1,19.90,4.98,true,1,
7290019274100,false,"מרסס לגיהוץ קל 500 מ""ל",סאסא טק,IL,מרסס לגיהוץ קל,מיליליטרים,500.00,"100 מ""ל",false,1,19.90,3.98,true,1,
7290019274254,false,תרסיס TNX ליקוי מזגן400מ,"סאסאטק אגש""\ח בע""\מ",IL,תרסיס ניקוי מזגן,מיליליטרים,400.00,"100 מ""ל",false,1,39.90,9.98,true,1,
7290019274261,false,"מבשם בדים לגון 500 מ""ל","סאסאטק אגש""\ח בע""\מ",IL,מבשם בדים לגון,מיליליטרים,500.00,"100 מ""ל",false,1,19.90,3.98,true,1,
7290019274278,false,מבשם בדים גרין פורסט500מ,"סאסאטק אגש""\ח בע""\מ",IL,מבשפ בדים פורסט,מיליליטרים,500.00,"100 מ""ל",false,1,19.90,3.98,true,1,
7290100240137,false,בדין תרסיס מייבש כחול500,"זוהר דליה, קיבוץ דליה, 1",IL,תרסיס למייבש,מיליליטרים,500.00,"100 מ""ל",false,0,16.90,3.38,true,1,
7290100243671,false,"בדין אקסטרה כחול 960 מ""ל",יוניליוור סנאיי וי טיקאר,TR,מרכך כביסה בדין,מיליליטרים,960.00,"100 מ""ל",false,0,16.90,1.76,true,1,
7290100273500,false,INTENSE איילנר שחור,גייד,IT,INTENSE איילנר,יחידה,1.00,יחידה,false,0,85.00,85.00,true,1,
7290100412749,false,ג'ל ניקוי פנים פרח150מ,אמיליה,IL,ג'ל ניקוי פנים,מיליליטרים,150.00,"100 מ""ל",false,0,23.90,15.93,true,1,
7290100412756,false,"קרם ידיים עור יבש 100מ""ל",אמיליה,IL,קרם ידיים,מיליליטרים,100.00,"100 מ""ל",false,1,12.90,12.90,true,1,
7290100653463,false,סבון פלמוליב ספא מסג500',קולגייט פלמוליב,TR,סבון פלמוליב,מיליליטרים,500.00,"100 מ""ל",false,0,17.90,3.58,true,1,
7290100653586,false,ליידי ס.סטיק24/7ג'ל ורוד,קולגייט פלמוליב,US,ליידי ס.סטיק24/7,גרמים,65.00,100 גרם,false,0,17.90,27.54,true,1,
7290100680667,false,מנה חמה נודלס סצ'ואן76גר,PUB FOODS PRESIDENT THAI,TH,מנה חמה נודלס,גרמים,76.00,100 גרם,false,0,7.90,10.39,true,1,
7290100681015,false,אינסטנ.פודינג ריבת חלב84,"אסם השקעות בע""מ",IL,אינסטנט פודינג,גרמים,84.00,100 גרם,false,0,4.90,5.83,true,1,
7290100687109,false,במבה נוגט 60 גרם,"אסם השקעות בע""\מ",IL,במבה נוגט,גרמים,60.00,100 גרם,false,0,5.90,9.83,true,1,
7290100850916,false,דוריטוס חמוץ חריף 70 גרם,"שטראוס פריטו ליי בע""\מ )",IL,דוריטוס חמוץ ח,גרמים,70.00,100 גרם,false,0,3.90,5.57,true,1,
7290100924631,false,סוד מרכך מרוכז בייבי900מ,"הנקל סוד בע""\מ",IL,סוד מרכךבייבי,מיליליטרים,900.00,"100 מ""ל",false,1,9.90,1.10,true,1,
7290101278641,false,OIL MUSK ICON אשה30מל,גייד בישום,IL,PERFUME M-O ICON,מיליליטרים,30.00,"100 מ""ל",false,0,169.00,563.33,true,1,
7290101488316,false,ליידי ספיד סטיק ורוד 65ג,קולגייט פלמוליב,US,ליידי ספיד סטיק,גרמים,65.00,100 גרם,false,0,17.90,27.54,true,1,
7290101488323,false,ליידי ספיד סטיק סגול 65ג,קולגייט פלמוליב,US,ליידי ספיד סטיק,גרמים,65.00,100 גרם,false,0,17.90,27.54,true,1,
7290101864127,false,מסיר כתמים קליה750מ,רקיט בנקיזר,IL,קליה ספריי,מיליליטרים,750.00,"100 מ""ל",false,0,18.90,2.52,true,1,
7290101865261,false,"פיניש נוזל הברקה 800 מ""ל",רקיט בנקיזר,PL,פיניש נוזל הברקה,מיליליטרים,800.00,"100 מ""ל",false,0,24.90,3.11,true,1,
7290103124588,false,פלמוליב ארומתרפי סגול750,קולגייט פלמוליב,TR,סבון פלמוליב,מיליליטרים,750.00,"100 מ""ל",false,0,20.90,2.79,true,1,
7290103124601,false,פלמוליב חלב ודבש משאב750,קולגייט פלמוליב,TR,סבון פלמוליב,מיליליטרים,750.00,"100 מ""ל",false,0,20.90,2.79,true,1,
7290103126797,false,"קולגייט פרו ריליף 75 מ""ל",קולגייט פלמוליב,BR,משחת קולגייט,מיליליטרים,75.00,"100 מ""ל",false,0,24.90,33.20,true,1,
7290103129378,false,ספיד סטיק ג'ל 5X 85 גרם,קולגייט פלמוליב,US,דאו. ספיד סטיק,גרמים,85.00,100 גרם,false,0,17.90,21.06,true,1,
7290103129392,false,ליידי ס.ס אינפיוזן סגול,קולגייט פלמוליב,US,ליידי ספיד סטיק,גרמים,65.00,100 גרם,false,0,17.90,27.54,true,1,
7290103129408,false,ליידי ספיד סטיק פרש אסנס,קולגייט פלמוליב,US,ליידי ספיד סטיק,גרמים,65.00,100 גרם,false,0,17.90,27.54,true,1,
7290103330149,false,עפרון עיניים עמיד 300 יח,גייד,IT,עפרון עיניים 300,יחידה,1.00,יחידה,false,0,49.00,49.00,true,1,
7290103332280,false,LONGEVITY מייק אפ 503,גייד,IT,LONGEVITY מייקאפ,מיליליטרים,30.00,"100 מ""ל",false,0,135.00,450.00,true,1,
7290103334321,false,BLACK VANILLA ICON שמן,גייד בישום,IL,VANILLA ICON שמן,מיליליטרים,30.00,"100 מ""ל",false,0,169.00,563.33,true,1,
7290103704957,false,מגבות נייר 3 שכבות ענק3ג,,IL,מגבות 3גלילי ענק,מטרים,57.00,מטר,false,1,19.90,0.35,true,1,
7290104960253,false,סבון נקה7 ארומה לבנדר750,טרופיקל דגיל תעשיות קוסמ,IL,תחליב רחצה נקה 7,מיליליטרים,750.00,"100 מ""ל",false,0,12.90,1.72,true,1,
7290104960338,false,תחליב רח.נקה 7 אלוורה750,טרופיקל דגיל תעשיות קוסמ,IL,תחליב רחצה נקה 7,מיליליטרים,750.00,"100 מ""ל",false,0,12.90,1.72,true,1,
7290104961663,false,מברשת צלליות שטוחה יח,קרליין,CN,מברשת צלליות,יחידה,1.00,יחידה,false,0,24.90,24.90,true,1,
7290104961670,false,מברשת סומק יח,קרליין,CN,מברשת סומק,יחידה,1.00,יחידה,false,0,34.90,34.90,true,1,
7290104961687,false,מברשת פודרה וברונזר 02,קרליין,CN,מברשת 02,יחידה,1.00,יחידה,false,0,34.90,34.90,true,1,
7290104961823,false,עפרון עינים חידוד 115,קרל.איפור/טיפוח,IL,עפרון עינים חידו,יחידה,1.00,יחידה,false,0,29.90,29.90,true,1,
7290104961878,false,"שמפו קרטין נטורל 400 מ""ל",קוסמופארם בע'\'\מ,IL,שמפו קרטין,מיליליטרים,400.00,"100 מ""ל",false,0,29.90,7.48,true,1,
7290104961885,false,"מרכך קרטין נטורל 400 מ""ל",קוסמופארם בע'\'\מ,IL,מרכך קרטין,מיליליטרים,400.00,"100 מ""ל",false,0,29.90,7.48,true,1,
7290104961892,false,"מסכת קרטין נטורל 350 מ""ל",קוסמופארם בע'\'\מ,IL,מסכת קרטין,מיליליטרים,350.00,"100 מ""ל",false,0,39.90,11.40,true,1,
7290104961908,false,"סרום קרטין נטורל 145 מ""ל",קוסמופארם,IL,סרום קרטין,מיליליטרים,145.00,"100 מ""ל",false,0,49.90,34.41,true,1,
7290104961915,false,BOLD מסקרה שחורה,קרליין,IT,BOLD מסקרה שחורה,יחידה,1.00,יחידה,false,1,69.90,69.90,true,1,
7290104961939,false,PERFECT BB קרם בהיר,קרליין,IL,PERFECT BB קרם,מיליליטרים,50.00,"100 מ""ל",false,0,89.90,179.80,true,1,
7290104961946,false,PERFECT BB קרם מדיום,קרליין,IL,PERFECT BB קרם,מיליליטרים,50.00,"100 מ""ל",false,0,89.90,179.80,true,1,
7290104962080,false,דאו.טיטניום,,IL,דאו.טיטניום,מיליליטרים,150.00,"100 מ""ל",false,0,16.90,11.27,true,1,
7290104962134,false,דאו. קרליין רול און נושם,מיוצר עי : אמיליה קוסמטי,IL,רול און נושם,מיליליטרים,75.00,"100 מ""ל",false,0,11.90,15.86,true,1,
7290104962660,false,דאו.נושם ללא אלומיניו200,אמיליה קוסמטיקס בעמ,IL,ספריי נושם,מיליליטרים,200.00,"100 מ""ל",false,0,13.90,6.95,true,1,
7290104962707,false,מגבונים להסרת איפור 25יח,קרליין,IL,מגבונים לפנים,יחידה,1.00,יחידה,false,1,14.90,14.90,true,1,
7290104963001,false,מגבונים סופטקר עדין72*4,טרופיקל דגיל,IL,מגבונים סופטקר,יחידה,1.00,יחידה,false,1,19.90,19.90,true,1,
7290104963124,false,מים מיסלרים הסרת איפו260,קרליין,IL,תכשיר הסרת איפור,מיליליטרים,260.00,"100 מ""ל",false,1,39.90,15.35,true,1,
7290104963155,false,סופטקר שמן לתינוקות 500מ,קוסמופארם בע'\'\מ,IL,סופטקר שמן,מיליליטרים,500.00,"100 מ""ל",false,1,25.90,5.18,true,1,
7290104963223,false,סופטקר אל סבון קלאסי 1 ל,קוסמופארם בע'\'\מ,IL,סופטקר אל סבון,ליטרים,1.00,ליטר,false,1,18.90,18.90,true,1,
7290104963285,false,3HA BOOST HYDRA מייק אפ,קרל.איפור/טיפוח,IL,HYDRAמייקאפ 400,מיליליטרים,30.00,"100 מ""ל",false,0,99.90,333.00,true,1,
7290104963377,false,עפרון שפתייםעם חידוד 169,קרל.איפור/טיפוח,IL,עפרון שפתייםעם ח,יחידה,1.00,יחידה,false,0,29.90,29.90,true,1,
7290104963384,false,עפרון שפתיים חידוד 170,קרל.איפור/טיפוח,IL,עפרון שפתיים חי,יחידה,1.00,יחידה,false,0,29.90,29.90,true,1,
7290104963469,false,עפרון גבות משולש 02,קרל.איפור/טיפוח,CN,עפרון גבות משולש,יחידה,1.00,יחידה,false,0,29.90,29.90,true,1,
7290104963476,false,עפרון גבות משולש 03,קרל.איפור/טיפוח,CN,עפרון גבות משולש,יחידה,1.00,יחידה,false,0,29.90,29.90,true,1,
7290104963667,false,סופטקר 2ב1- סגול 1 ליטר,קוסמופארם בע'\'\מ,IL,סופטקר 2ב1-,ליטרים,1.00,ליטר,false,1,18.90,18.90,true,1,
7290104963674,false,יאנג תרחיץ גרגירים 150מל,,IL,יאנג תרחיץ גרגיר,מיליליטרים,150.00,"100 מ""ל",false,1,34.90,23.27,true,1,
7290104964053,false,ג'ל לפנים מקציף+מברשת150,קרליין,IL,ג'ל פנים מקציף,מיליליטרים,150.00,"100 מ""ל",false,1,44.90,29.93,true,1,
7290104964060,false,"טיטניום אלמנט 100 מ""ל",קרליין,IL,טיטניום אלמנט,מיליליטרים,100.00,"100 מ""ל",false,1,79.00,79.00,true,1,
7290104964084,false,EFFECT MULTI קרם יום,פאר פארם בעמ,IL,EFFECT MULTI קרם,מיליליטרים,50.00,"100 מ""ל",false,1,44.90,89.80,true,1,
7290104964213,false,דאבל סקרב פילינג פנים150,פארפארם בעמ,IL,פילינג לפנים,מיליליטרים,150.00,"100 מ""ל",false,1,34.90,23.27,true,1,
7290104964220,false,ג'ל מרענן ניקוי פנים300מ,אמיליה קוסמטיקס,IL,ג'ל לניקוי פנים,מיליליטרים,300.00,"100 מ""ל",false,1,34.90,11.63,true,1,
7290104964282,false,BOLD מסקרה אניגמה שחור,,IT,מסקרה אניגמה,יחידה,1.00,יחידה,false,1,69.90,69.90,true,1,
7290104964411,false,מקבע איפור ספריי 145 מל,קרליין,IL,מקבע איפור ספריי,מיליליטרים,145.00,"100 מ""ל",false,0,39.90,27.52,true,1,
7290104964435,false,קונסילר לכיסוי מלא 02 יח,,IL,קונסילר לכיסוי מ,יחידה,1.00,יחידה,false,1,54.90,54.90,true,1,
7290104964770,false,"ספלאש קרם לילה 50 מ""ל",,IL,ספלאש קרם לילה,מיליליטרים,50.00,"100 מ""ל",false,1,79.90,159.80,true,1,
7290104964794,false,ספלאש סרום יח',,IL,ספלאש סרום,מיליליטרים,30.00,"100 מ""ל",false,1,79.90,266.33,true,1,
7290104964930,false,TINT LIP שפתון צבע פיגמט,,IL,ליפ טיינט שפתון,מיליליטרים,10.00,"100 מ""ל",false,1,39.90,399.00,true,1,
7290104964947,false,ויטמין Cתרחיץ פנים משאבה,"קוסמופארם בע""\מ",IL,ויטמין Cתרחיץ פנ,מיליליטרים,300.00,"100 מ""ל",false,1,34.90,11.63,true,1,
7290104965012,false,קונסילר לכיסוי מלא 05 יח,,IL,קונסילר לכיסוי מ,יחידה,1.00,יחידה,false,1,54.90,54.90,true,1,
7290104965159,false,סט 9 צלליות 04 מעושן כהה,לג'ו שיאנג,CN,סט 9 צלליות 04 מ,יחידה,1.00,יחידה,false,1,79.90,79.90,true,1,
7290104965654,false,דאו. סטיקkiss בנות 50מל,מיוצר עי : אמיליה קוסמטי,IL,דאורדורנט סטיק,מיליליטרים,50.00,"100 מ""ל",false,1,18.90,37.80,true,1,
7290104969874,false,"BOOSTER ויטמין C 30 מ""ל",,FR,BOOSTER ויטמין C,מיליליטרים,30.00,"100 מ""ל",false,1,69.90,233.00,true,1,
7290104969911,false,"פאוור סי קרם עיני 50 מ""ל",פאר פארם בעמ,IL,פאוור סי קרם עינ,מיליליטרים,30.00,"100 מ""ל",false,1,59.90,199.67,true,1,
7290104969928,false,"פאוור סי קרם לילה 50 מ""ל",פאר פארם בעמ,IL,פאוור סי קרם ליל,מיליליטרים,50.00,"100 מ""ל",false,1,59.90,119.80,true,1,
7290104969935,false,"פאוור סי קרם יום 50 מ""ל",פאר פארם בעמ,IL,פאוור סי קרם יום,מיליליטרים,50.00,"100 מ""ל",false,1,59.90,119.80,true,1,
7290104969959,false,פאוור סי מסיכה לפנים120מ,,IL,פאוור סי מסיכה ל,מיליליטרים,120.00,"100 מ""ל",false,1,59.90,49.92,true,1,
7290105363602,false,כיף כף מקלות קלאסי 40 גר,עלית,TR,כיף כף מקלות,גרמים,40.00,100 גרם,false,0,5.90,14.75,true,1,
7290105430458,false,סבון פלמוליב שקדים 750 מ,קולגייט פלמוליב,TR,סבון פלמוליב,מיליליטרים,750.00,"100 מ""ל",false,0,20.90,2.79,true,1,
7290105433961,false,ליידי ספיד סטיק דובדב150,קולגייט פלמוליב,RU,ליידי ספיד סטיק,מיליליטרים,150.00,"100 מ""ל",false,0,14.90,9.93,true,1,
7290105433985,false,ליידי ספיד סטיק פרס סטיק,קולגייט פלמוליב,US,ליידי ספיד סטיק,גרמים,65.00,100 גרם,false,0,17.90,27.54,true,1,
7290105434029,false,ספיד סטיק נוטרו ספריי150,קולגייט פלמוליב,RU,דאו. ספיד סטיק,מיליליטרים,150.00,"100 מ""ל",false,0,14.90,9.93,true,1,
7290105434050,false,דאו. ספיד סטיק,קולגייט פלמוליב,US,דאו. ספיד סטיק,יחידה,1.00,יחידה,false,0,17.90,17.90,true,1,
7290105691248,false,קריספי טורטיה תירס 60 גר,"פרח תעשיות מזון בע""מ.",IL,קריספי טורטיה,גרמים,60.00,100 גרם,false,0,10.90,18.17,true,1,
7290106290358,false,PEARL ICON א.ד.פ לאשה,גייד בישום,IL,PEARL ICON לאשה,מיליליטרים,50.00,"100 מ""ל",false,0,109.00,218.00,true,1,
7290106290693,false,עפרון שפתיים עמיד83 יח',גייד,IT,עפרון שפתיים 83,יחידה,1.00,יחידה,false,0,49.00,49.00,true,1,
7290106291805,false,פודרה אידיליק מינרלית101,גייד,IT,פודרה אידיליק מי,יחידה,1.00,יחידה,false,0,109.00,109.00,true,1,
7290106292147,false,סומק עם מראה אידיליק07,גייד,IL,סומק עם מראה 07,יחידה,1.00,יחידה,false,0,89.00,89.00,true,1,
7290106292161,false,סומק עם מראה אידיליק26,גייד,IL,סומק עם מראה 26,יחידה,1.00,יחידה,false,0,89.00,89.00,true,1,
7290106292406,false,אדמה אינדיאנית אידיליק62,גייד,IT,אדמה אינדיאנית א,יחידה,1.00,יחידה,false,0,99.00,99.00,true,1,
7290106292871,false,לק 486,גייד,FR,לק 486,יחידה,1.00,יחידה,false,0,29.00,29.00,true,1,
7290106293175,false,COAT TOP לק ג'ל,גייד,FR,COAT TOP לק ג'ל,מיליליטרים,13.00,"100 מ""ל",false,0,29.00,223.08,true,1,
7290106293212,false,"מסיר איפור לעיניים125מ""ל",גייד,CH,מסיר איפור,מיליליטרים,125.00,"100 מ""ל",false,0,59.00,47.20,true,1,
7290106293717,false,פודרה בייסיקס502 יח',גייד,IT,פודרה בייסיקס502,יחידה,1.00,יחידה,false,0,85.00,85.00,true,1,
7290106294011,false,ROSES ICON א.ד.ט לאשה,גייד בישום,IL,ROSES ICON לאשה,מיליליטרים,50.00,"100 מ""ל",false,0,109.00,218.00,true,1,
7290106294776,false,שפתון גלוס עמיד32 יח',גייד,IT,שפתון גלוס עמ32,יחידה,1.00,יחידה,false,0,79.00,79.00,true,1,
7290106295124,false,לק506.,גייד,FR,לק506.,יחידה,1.00,יחידה,false,0,29.00,29.00,true,1,
7290106296503,false,INSTINCT ICON א.ד.ט לאשה,גייד בישום,IL,INSTINCT ICONאשה,מיליליטרים,100.00,"100 מ""ל",false,0,199.00,199.00,true,1,
7290106299542,false,מגבונים להסרת איפור יח',גייד,IL,מגבון מסיר איפור,יחידה,1.00,יחידה,false,0,35.00,35.00,true,1,
7290106299979,false,שפתון איידליק מאט 733 יח,גייד,IT,שפתון איידליק מא,יחידה,1.00,יחידה,false,0,75.00,75.00,true,1,
7290106574977,false,בייגלה שטוחים מלח300גרם,"אסם השקעות בע""\מ",IL,בייגלה שטוחים,גרמים,300.00,100 גרם,false,0,11.90,3.97,true,1,
7290106652996,false,כיף כף מקלות קוקוס40ג,שולן צ'יקולטה,TR,כיף כף מקלות,יחידה,1.00,יחידה,false,0,5.90,5.90,true,1,
7290106720626,false,ציטוס גבינה 80 גרם,"שטראוס פריטו ליי בע""\מ )",IL,ציטוס גבינה,גרמים,80.00,100 גרם,false,1,4.90,6.13,true,1,
7290107280020,false,מטליות לחות מארז,,IL,מטליות לחות מארז,יחידה,1.00,יחידה,false,0,26.90,26.90,true,1,
7290107280549,false,400-K קוטל זבובים ויתושי,"סנו מפעלי ברונוס בע""מ",IL,400-K ק.יתושים,מיליליטרים,300.00,"100 מ""ל",false,0,14.90,4.97,true,1,
7290107280761,false,ספארק לימון+משאבה 1ל,סנו מפעלי ברונוס בעמ,IL,נוזל כלים לימון,ליטרים,1.00,ליטר,false,0,12.90,12.90,true,1,
7290107536042,false,מארז גיפט קארד מרובע ניי,,IL,מארז גיפטקארד,יחידה,1.00,יחידה,false,1,6.00,6.00,true,1,
7290107544498,false,דפילטור בקיני 80 גרם,,IL,דפילטור בקיני,גרמים,80.00,100 גרם,false,1,17.90,22.38,true,1,
7290107649100,false,בייגלה טבעות+שומשום300ג,בייגל את בייגל מזון 198),IL,בייגלה טבעות,גרמים,300.00,100 גרם,false,1,12.90,4.30,true,1,
7290107931397,false,כיף כף פצפצים 40 גרם,שולן צ'\יקולטה גידה סאן.,TR,כיף כף פצפצים,גרמים,40.00,100 גרם,false,1,5.90,14.75,true,1,
7290107936958,false,עד חצות אצבעות 125 גרם,ביסקוויטס טור ד'\אלבון,FR,עד חצות אצבעות,גרמים,125.00,100 גרם,false,1,12.90,10.32,true,1,
7290107937634,false,קוביות פפרמינט צנצנת 58ג,אסקום קונפקשיין,DE,קוביות מסטיק,גרמים,58.00,100 גרם,false,1,9.90,17.07,true,1,
7290107937641,false,מסטיק בזוקה קוביות צנצ58,עלית,DE,קוביות מסטיק,גרמים,58.00,100 גרם,false,1,9.90,17.07,true,1,
7290107971744,false,"מי פה טוטל ירוק 500 מ""ל",קולגייט-פלמוליב,PL,מי פה קולגייט,מיליליטרים,500.00,"100 מ""ל",false,1,24.90,4.98,true,1,
7290107974301,false,ליידי ס.סטיק אלוורה ג'ל,קולגייט פלמוליב,US,ליידי ספיד סטיק,גרמים,45.00,100 גרם,false,1,17.90,39.78,true,1,
7290107974646,false,מרידול מי פה רעננה 400 מ,קולגייט פלמוליב,PL,מרידול מי פה,מיליליטרים,400.00,"100 מ""ל",false,1,26.90,6.73,true,1,
7290107975285,false,ליידי ס.סטיק נערות תות,קולגייט פלמוליב,US,ספיד סטיק תות,גרמים,65.00,100 גרם,false,1,17.90,27.54,true,1,
7290107975360,false,ליידי ספיד סטיק פיור פרש,קולגייט פלמוליב,US,ליידי ספיד סטיק,גרמים,45.00,100 גרם,false,1,17.90,39.78,true,1,
7290107975544,false,"משחת שיניים ברבי 50 מ""ל",קולגייט- פלמוליב,PL,משחת שיניים,מיליליטרים,50.00,"100 מ""ל",false,1,14.90,29.80,true,1,
7290107976916,false,סב.ידיים פלמוליב זית300מ,קולגייט פלמוליב,TR,סבון ידיים,מיליליטרים,300.00,"100 מ""ל",false,1,9.90,3.30,true,1,
7290107977456,false,ג'ל רחצה פלמוליב לגבר750,,TR,ג'ל רחצה פלמוליב,מיליליטרים,750.00,"100 מ""ל",false,1,20.90,2.79,true,1,
7290107978637,false,"משחת מרידול 75 מ""ל",קולגייט פלמוליב,PL,משחת מרידול,מיליליטרים,75.00,"100 מ""ל",false,1,19.90,26.53,true,1,
7290108350616,false,מרכך מקסימה בלו 1 ליטר,"סנו מפעלי ברונוס בע""\מ",IL,מרכך מקסימה,ליטרים,1.00,ליטר,false,1,17.90,17.90,true,1,
7290108350623,false,מרכך מקסימה סופט סילק1ל,"סנו מפעלי ברונוס בע""\מ",IL,מרכך מקסימה,ליטרים,1.00,ליטר,false,1,17.90,17.90,true,1,
7290108351156,false,סנו ג'ט רצפות חומץ 1.5ל,"סנו מפעלי ברונוס בע""\מ",IL,סנו ג'ט פלוס,ליטרים,1.50,ליטר,false,1,9.90,6.60,true,1,
7290108351552,false,סנו ג'ט בתוספת חומץ750מל,"סנו מפעלי ברונוס בע""\מ",IL,סנו ג'ט עם חומץ,מיליליטרים,750.00,"100 מ""ל",false,1,9.90,1.32,true,1,
7290108351613,false,ריצפז פרש הום בית מלון2ל,"סנו מפעלי ברונוס בע""\מ",IL,ריצפז פרש הום,ליטרים,2.00,ליטר,false,1,24.90,12.45,true,1,
7290108352061,false,משחת אורביטול פחם 145ג,טרופיקל דגיל תעשיות קוסמ,IL,משחת אורביטול,גרמים,145.00,100 גרם,false,1,15.90,10.97,true,1,
7290108352078,false,אורביטול שטיפה פרוטקט500,קוסמופארם בע'\'\מ,IL,אורביטול שטיפה,מיליליטרים,500.00,"100 מ""ל",false,1,24.90,4.98,true,1,
7290108352085,false,אורביטול שטיפת פה פרש500,קוסמופארם בע'\'\מ,IL,אורביטול שטיפה,מיליליטרים,500.00,"100 מ""ל",false,1,21.90,4.38,true,1,
7290108352092,false,מש.אורביטול פרוטקטיב145ג,טרופיקל דגיל תעשיות קוסמ,IL,משחת אורביטול,גרמים,145.00,100 גרם,false,1,10.90,7.51,true,1,
7290108352498,false,סנו פרש ניחוח מלון,"יצרן מכשיר: זובלה, יצרן",CN,סנו פרש אוטמטי,מיליליטרים,250.00,"100 מ""ל",false,1,49.90,19.96,true,1,
7290108353440,false,2 מברשות 12000 סיבים,Plastic Z.H.T,CN,מברשות שיניים2יח,יחידה,1.00,יחידה,false,1,22.90,22.90,true,1,
7290108353891,false,דאו.קרמה רול און מאסק75מ,"קוסמופארם בע""\מ",IL,דאודורנט קרמה,מיליליטרים,75.00,"100 מ""ל",false,1,13.90,18.53,true,1,
7290108353945,false,"דאו.קרמה אשכולית 150מ""ל",מיוצר עי : אמיליה קוסמטי,TR,דאודורנט קרמה,מיליליטרים,150.00,"100 מ""ל",false,1,16.90,11.27,true,1,
7290108353969,false,"דאו.קרמה מאסק 150 מ""ל",מיוצר עי : אמיליה קוסמטי,TR,דאודורנט קרמה,מיליליטרים,150.00,"100 מ""ל",false,1,16.90,11.27,true,1,
7290108353983,false,קרם גוף קלאסי קרמה 500מל,קוסמופארם בע'\'\מ,IL,קרם גוף קלאסי,מיליליטרים,500.00,"100 מ""ל",false,1,24.90,4.98,true,1,
7290108353990,false,קרם גוף קרמה מאסק 500 מל,קוסמופארם בע'\'\מ,IL,קרם גוף מאסק,מיליליטרים,500.00,"100 מ""ל",false,1,24.90,4.98,true,1,
7290108354140,false,קרליין20 מגבוני דאו.ורוד,עלבד,IL,מגבוני דאודורנט,יחידה,1.00,יחידה,false,1,9.90,9.90,true,1,
7290108354270,false,מרכך Calm מקסימה 1 ל,סנו מפעלי ברונוס בעמ,IL,מרכך מקסימה,ליטרים,1.00,ליטר,false,1,17.90,17.90,true,1,
7290108354577,false,רול און קרמה וניל פלפל75,"קוסמופארם בע""\מ.",IL,דאודורנט קרמה,מיליליטרים,75.00,"100 מ""ל",false,1,13.90,18.53,true,1,
7290108354591,false,נקה 7ביו רחצה קקטוס750מל,"קוסמופארם בע""\מ",IL,תחליב רחצה נקה 7,מיליליטרים,750.00,"100 מ""ל",false,1,12.90,1.72,true,1,
7290108354850,false,דאו.קרמה רול און בריזה75,קוסמופארם,IL,דאודורנט קרמה,מיליליטרים,75.00,"100 מ""ל",false,1,13.90,18.53,true,1,
7290108355000,false,שמפו נקה 7 מיניונים 750,אמיליה קוסמטיקס,IL,שמפו נקה7,מיליליטרים,750.00,"100 מ""ל",false,1,13.90,1.85,true,1,
7290108355024,false,שמפו+מרכך נקה7מיניוני750,קוסמופארם בע'\'\מ,IL,שמפו +מרכך נקה7,מיליליטרים,750.00,"100 מ""ל",false,1,13.90,1.85,true,1,
7290108355062,false,נטורל פורמולה לחות+קרטין,אמיליה קוסמטיקס,IL,לחות נט.פורמולה,מיליליטרים,400.00,"100 מ""ל",false,1,29.90,7.48,true,1,
7290108355079,false,נט.פורמולה לחות+קוקוס400,קוסמופארם,IL,לחות נט.פורמולה,מיליליטרים,400.00,"100 מ""ל",false,1,29.90,7.48,true,1,
7290108355130,false,בייבי כיף שמן לפ.שינה500,קוסמופארם,IL,בייבי כיף שמן,מיליליטרים,500.00,"100 מ""ל",false,1,26.90,5.38,true,1,
7290108355215,false,"מסכת קרטין נטורל 450מ""ל",קוסמופארם,IL,מסכת קרטין,מיליליטרים,450.00,"100 מ""ל",false,1,43.90,9.76,true,1,
7290108355260,false,נקה7שמפו+גל רחצה+סבון750,קוסמופארם,IL,נקה7 שמפו/לרחצה,מיליליטרים,750.00,"100 מ""ל",false,1,14.90,1.99,true,1,
7290108355536,false,"דאו.קרמה ורד וניל 150מ""ל",מיוצר עי : אמיליה קוסמטי,TR,דאודורנט קרמה,מיליליטרים,150.00,"100 מ""ל",false,1,16.90,11.27,true,1,
7290108356021,false,כיף תחליב רחצה עוגיות700,קוסמופארם,IL,כיף תחליב רחצה,מיליליטרים,700.00,"100 מ""ל",false,1,10.90,1.55,true,1,
7290108356106,false,כיף תחליב רחצה שקדים700מ,קוסמופארם,IL,כיף תחליב רחצה,מיליליטרים,700.00,"100 מ""ל",false,1,10.90,1.55,true,1,
7290108356113,false,כיף תחליב רח.חלב ודבש700,קוסמופארם,IL,כיף תחליב רחצה,מיליליטרים,700.00,"100 מ""ל",false,1,10.90,1.55,true,1,
7290108356120,false,כיף תחליב רחצה קוקוס700מ,קוסמופארם,IL,כיף תחליב רחצה,מיליליטרים,700.00,"100 מ""ל",false,1,10.90,1.55,true,1,
7290108356151,false,כיף תחליב רחצה מאסק700מ,קוסמופארם,IL,כיף תחליב רחצה,מיליליטרים,700.00,"100 מ""ל",false,1,10.90,1.55,true,1,
7290108356168,false,כיף תחליב רח.אוקיינוס700,קוסמופארם,IL,כיף תחליב רחצה,מיליליטרים,700.00,"100 מ""ל",false,1,10.90,1.55,true,1,
7290108356229,false,"ג'ל גילוח מטהר,קרבון 200",אביאפ,TR,ג'ל גילוח מטהר,מיליליטרים,200.00,"100 מ""ל",false,1,16.90,8.45,true,1,
7290108356359,false,קרם לחות לגוף אלוורה 400,קוסמופארם בעמ,IL,קרם לחות,מיליליטרים,400.00,"100 מ""ל",false,1,24.90,6.23,true,1,
7290108356519,false,שמפו 10 לשיער רגיל 700מל,"קוסמופארם בע""\מ",IL,שמפו 10 קרליין,מיליליטרים,700.00,"100 מ""ל",false,1,14.90,2.13,true,1,
7290108356564,false,מרכך 10 לשיער רגיל 700מל,"קוסמופארם בע""\מn\",IL,מרכך 10 קרליין,מיליליטרים,700.00,"100 מ""ל",false,1,14.90,2.13,true,1,
7290108357004,false,כיף שמפו מועשר בשמן 700מ,"קוסמופארם בע""\מ",IL,שמפו כיף,מיליליטרים,700.00,"100 מ""ל",false,1,10.90,1.55,true,1,
7290108357011,false,כיף מרכך מועשר בשמן700מל,"קוסמופארם בע""\מ",IL,מרכך שיער כיף,מיליליטרים,700.00,"100 מ""ל",false,1,10.90,1.55,true,1,
7290108357042,false,דאו.רולאון ביו ציטרוס75מ,"קוסמופארם בע""\מ",IL,דאו.רולאון ביו,מיליליטרים,75.00,"100 מ""ל",false,1,16.90,22.53,true,1,
7290108357059,false,דאו.רולאון ביו סיקרט 75מ,"קוסמופארם בע""\מ",IL,דאו.רול און ביו,מיליליטרים,75.00,"100 מ""ל",false,1,16.90,22.53,true,1,
7290108357097,false,דאו. ספריי ביו וולווט150,קוסטר אירוסול,CZ,דאו.ספריי ביו,מיליליטרים,150.00,"100 מ""ל",false,1,16.90,11.27,true,1,
7290108357417,false,קרמה ק.גוף ורד וניל500מל,קוסמופארם בע'\'\מ,IL,קרם גוף ורד ווני,מיליליטרים,500.00,"100 מ""ל",false,1,24.90,4.98,true,1,
7290108357448,false,קרמה קרם גוף לבנדר500,קוסמופארם בע'\'\מ,IL,קרם גוף לבנדר,מיליליטרים,500.00,"100 מ""ל",false,1,24.90,4.98,true,1,
7290108357707,false,כיף שמפו לשיער רגיל 700מ,קוסמופארם,IL,כיף שמפו,מיליליטרים,700.00,"100 מ""ל",false,1,10.90,1.55,true,1,
7290108357714,false,כיף שמפו לשיער יבש700מ,קוסמופארם,IL,כיף שמפו,מיליליטרים,700.00,"100 מ""ל",false,1,10.90,1.55,true,1,
7290108357769,false,כיף מרכך לשיער רגיל700מל,קוסמופארם,IL,כיף מרכך שיער,מיליליטרים,700.00,"100 מ""ל",false,1,10.90,1.55,true,1,
7290108357776,false,כיף מרכך לשיער יבש 700מל,קוסמופארם,IL,כיף מרכך שיער,מיליליטרים,700.00,"100 מ""ל",false,1,10.90,1.55,true,1,
7290108357837,false,כיף אל סבון מילוי אצות1ל,"קוסמופארם בע""\מ",IL,כיף שקית מילוי,ליטרים,1.00,ליטר,false,1,11.90,11.90,true,1,
7290108357844,false,כיף סב.מילוי ג'ינסינג 1ל,"קוסמופארם בע""\מ",IL,כיף שקית מילוי,ליטרים,1.00,ליטר,false,1,11.90,11.90,true,1,
7290108358070,false,תחליב רחצה קרמה קלאס700מ,קוסמופארם בעמ,IL,קרמה תחליב רחצה,מיליליטרים,700.00,"100 מ""ל",false,1,17.90,2.56,true,1,
7290108358087,false,תחליב רחצה קרמה מאסק700מ,קוסמופארם בעמ,IL,תחליב רחצה קרמה,מיליליטרים,700.00,"100 מ""ל",false,1,17.90,2.56,true,1,
7290108359824,false,"בייבי כיף קרם גוף 500מ""ל",קוסמופארם,IL,קרם גוף בייבי,מיליליטרים,500.00,"100 מ""ל",false,1,24.90,4.98,true,1,
7290108359855,false,בייבי כיף שמפו אלדמע750מ,קוסמופארם,IL,שמפו בייבי כיף,מיליליטרים,750.00,"100 מ""ל",false,1,18.90,2.52,true,1,
7290108359879,false,בייבי כיף אל סבון 750מ,קוסמופארם,IL,בייבי כיף אלסבון,מיליליטרים,750.00,"100 מ""ל",false,1,17.90,2.39,true,1,
7290108359985,false,ג'אוול קצף ניקוי 1 ליטר,,IL,ג'אוול קצף ניקוי,ליטרים,1.00,ליטר,false,1,19.90,19.90,true,1,
7290110327798,false,חטיף חלבון גו ט.שוקולד60,"בלמונט קונפקציות בע""\מ.",US,חטיף חלבון,גרמים,60.00,100 גרם,false,1,13.90,23.17,true,1,
7290110327811,false,חטיף חלבון גו ט.קוקוס60ג,"בלמונט קונפקציות בע""\מ.",US,חטיף חלבון,גרמים,60.00,100 גרם,false,1,13.90,23.17,true,1,
7290110450731,false,אניגמה קרם אנטי אייגינג,גייד,CH,אניגמה קרם אנטי,מיליליטרים,50.00,"100 מ""ל",false,1,229.00,458.00,true,1,
7290110451554,false,אקווה ג'ולט קרם לחות50מל,גייד,IL,אקווה ג'ולט קרם,מיליליטרים,50.00,"100 מ""ל",false,1,109.00,218.00,true,1,
7290110451837,false,שפתון גלוס עמיד 81 יח',דניה קוסמטיקס,IT,שפתון גלוס עמיד,יחידה,1.00,יחידה,false,1,79.00,79.00,true,1,
7290110452070,false,מים מיסלרי ניקוי פנים200,גייד,IL,מים מיסלריים לני,מיליליטרים,200.00,"100 מ""ל",false,1,45.00,22.50,true,1,
7290110453367,false,לונגיוויטי קונסילר 28,גייד,IT,לוגיויטי קונסילר,יחידה,1.00,יחידה,false,1,89.00,89.00,true,1,
7290110453619,false,אייקון פרל תחליב גוף200מ,,IL,אייקון פרל תחליב,מיליליטרים,200.00,"100 מ""ל",false,1,49.00,24.50,true,1,
7290110453626,false,אייקון רוזסתחליב גוף 200,,IL,אייקון רוזס,מיליליטרים,200.00,"100 מ""ל",false,1,49.00,24.50,true,1,
7290110453640,false,אייקון מסק אויל ק.גוף200,,IL,אייקון מסק אויל,מיליליטרים,200.00,"100 מ""ל",false,1,69.00,34.50,true,1,
7290110453664,false,אייקון ונילה תחליב 200מל,,IL,אייקון ונילה בלא,מיליליטרים,200.00,"100 מ""ל",false,1,69.00,34.50,true,1,
7290110453725,false,אקווה ג'ולט סרום לחות30מ,,IL,אקווה ג'ולט סרום,מיליליטרים,30.00,"100 מ""ל",false,1,119.00,396.67,true,1,
7290110453732,false,אניגמה FX קרם ג'ל עיניים,,CH,אניגמה FX קרם ג',מיליליטרים,20.00,"100 מ""ל",false,1,149.00,745.00,true,1,
7290110455002,false,לונגיוטי מייק אפ 552 30,,IT,לונגיוטי מייק אפ,מיליליטרים,30.00,"100 מ""ל",false,1,135.00,450.00,true,1,
7290110455767,false,"תחליב גוף אייקון 200מ""ל",,IL,תחליב גוף אייקון,מיליליטרים,200.00,"100 מ""ל",false,1,69.00,34.50,true,1,
7290110456245,false,לק קריסטל גלו 663יח',,FR,לק קריסטל גלו663,יחידה,1.00,יחידה,false,1,29.00,29.00,true,1,
7290110456702,false,"אייקון רוזסמי גוף 250 מ""",,IL,אייקון רוזס מי ג,מיליליטרים,250.00,"100 מ""ל",false,1,69.00,27.60,true,1,
7290110456719,false,"אייקון פרל מי גוף 250 מ""",,IL,אייקון פרל מי גו,מיליליטרים,250.00,"100 מ""ל",false,1,69.00,27.60,true,1,
7290110456818,false,און פוינט קונסילרסטיק 50,,IT,און פוינט קונסיל,יחידה,1.00,יחידה,false,1,89.00,89.00,true,1,
7290110456894,false,גלו FX קרם עיניים למראה,,IT,גלו FX קרם עיניי,מיליליטרים,20.00,"100 מ""ל",false,1,119.00,595.00,true,1,
7290110457877,false,סלפי עיפרון שפתיים 859,INTERCOS,IT,סלפי עיפרון שפתי,יחידה,1.00,יחידה,false,1,59.00,59.00,true,1,
7290110458096,false,סט אייקון מאסק אויל בושם,,IL,אייקון מאסק אויל,יחידה,1.00,יחידה,false,1,149.00,149.00,true,1,
7290110458133,false,אייקון פרל בושם+,,,אייקון פרל בושם+,יחידה,1.00,יחידה,false,0,199.00,199.00,true,1,
7290110554095,false,דבש לחיץ 440 גרם,מכוורת יד מרדכי שטראוס ב,IL,דבש לחיץ,גרמים,440.00,100 גרם,false,1,23.90,5.43,true,1,
7290110572129,false,כיף כף מקלות שוק.לבן40ג,שולן צ'יקולטה,TR,כיף כף מקלות,גרמים,40.00,100 גרם,false,1,5.90,14.75,true,1,
7290110730109,false,נוטרילון קומפורט 900 גרם,נוטרישיה קאלק,NL,נוטרילון 900 גרם,גרמים,900.00,100 גרם,false,1,101.90,11.32,true,1,
7290111341434,false,דיפנד אקטיב פיט נורמל12י,קימברלי קלארק,VN,תחבושות דיפנד,יחידה,1.00,יחידה,false,1,21.90,21.90,true,1,
7290111341496,false,דיפנד תח' אקטיב פיט 12יח,קימברלי קלארק,VN,תחבושות דיפנד,יחידה,1.00,יחידה,false,1,21.90,21.90,true,1,
7290111341526,false,תחבושות אקטיב נורמל 24יח,קימברלי קלארק,CZ,תחבושות קוטקס,יחידה,1.00,יחידה,false,1,17.90,17.90,true,1,
7290111341533,false,תחבוש.קוטקס אקטיב סופר18,קימברלי קלארק,CZ,תחבושות קוטקס,יחידה,1.00,יחידה,false,1,17.90,17.90,true,1,
7290111341984,false,לילי לח פיור מארז 4,עלבד,IL,נייר טואלט לח4יח,יחידה,1.00,יחידה,false,1,23.90,23.90,true,1,
7290111342073,false,מטלית מקרופיבר אנטיבקטרי,,CN,מטליות מקרופייבר,יחידה,1.00,יחידה,false,1,14.90,14.90,true,1,
7290111343117,false,קלינקס לושן ממחטות70*2,,IL,קלינקס ממחטות,יחידה,1.00,יחידה,false,1,14.90,14.90,true,1,
7290111343483,false,קוטקס 20 תחבוש.יאנג נייט,,CZ,תחבושות קוטקס,יחידה,1.00,יחידה,false,1,17.90,17.90,true,1,
7290111344206,false,מגבונים האגיס נטורל4*64,,IL,מגבונים האגיס 4*,יחידה,1.00,יחידה,false,1,24.90,24.90,true,1,
7290111344503,false,36האגיס אקסטרה קר +4,,CZ,האגיס אקסטרה קר,יחידה,1.00,יחידה,false,1,57.90,57.90,true,1,
7290111344824,false,52מגן תחתון אנטיבקטרי,,CN,מגן תחתון קוטקס,יחידה,1.00,יחידה,false,1,17.90,17.90,true,1,
7290111344855,false,52מגן תחתון קוטקס L,,CN,מגן תחתון קוטקס,יחידה,1.00,יחידה,false,1,17.90,17.90,true,1,
7290111345753,false,קוטקס תחבושות כותנה נורמ,,CZ,תחבושות כותנה נו,יחידה,1.00,יחידה,false,1,17.90,17.90,true,1,
7290111564277,false,פריכיות דק.פיטנס3דגנ120ג,פרח תעשיות בעמ,IL,פריכיות פיטנס,גרמים,120.00,100 גרם,false,1,11.90,9.92,true,1,
7290111932502,false,משחת אופטיק וייט אקס75מ,,PL,משחת שיניים,מיליליטרים,75.00,"100 מ""ל",false,1,29.90,39.87,true,1,
7290111935527,false,קולגייט טוטל קלין 100*2,קולגייט פלמוליב,PL,משחת קולגייט,מיליליטרים,200.00,"100 מ""ל",false,1,33.90,16.95,true,1,
7290111936203,false,"ליידי ס""ס ספריי דרמה150מ",,MX,ליידי ספיד סטיק,מיליליטרים,150.00,"100 מ""ל",false,1,14.90,9.93,true,1,
7290111936296,false,סבון פלמוליב סנסיישן 750,קולגייט פלמוליב,TR,סבון פלמוליב,מיליליטרים,750.00,"100 מ""ל",false,1,20.90,2.79,true,1,
7290112000736,false,פיניש טבליות הכל ב1 80יח,רקיט בנקיזר,PL,פיניש 80 טבליות,יחידה,1.00,יחידה,false,1,59.90,59.90,true,1,
7290112000798,false,דטול מחטא משטח.לימון750מ,רקיט בנקיזר,GB,דטול מחטא משטחים,מיליליטרים,750.00,"100 מ""ל",false,1,11.90,1.59,true,1,
7290112001436,false,מנקה מדיח לימון 250מל,רקיט בנקיזר,PL,פיניש מנקה מדיח,מיליליטרים,250.00,"100 מ""ל",false,1,18.90,7.56,true,1,
7290112002044,false,פיניש מנקה מדיח 3 טבליות,,HU,פיניש מנקה מדיח,יחידה,1.00,יחידה,false,1,22.40,22.40,true,1,
7290112002099,false,ג'ל כביסה קולון קלאסי2.5,רקיט בנקיזר,IL,ג'ל כביסה קולון,ליטרים,2.50,ליטר,false,1,27.90,11.16,true,1,
7290112002457,false,דטול מגבונים 60*3יח,רקיט בנקיזר,PL,דטול מגבונים 3יח,יחידה,1.00,יחידה,false,1,26.90,26.90,true,1,
7290112003980,false,וניש אבקה לכב.לבנה1.35קג,רקיט בנקיזר,IT,מסיר כתמים אבקה,קילוגרמים,1.35,"ק""ג",false,1,34.90,25.85,true,1,
7290112004413,false,וניש ספרי לכביסה לבנה750,רקיט בנקיזר,PL,מסיר כתמים ספריי,מיליליטרים,750.00,"100 מ""ל",false,1,18.90,2.52,true,1,
7290112005045,false,וניש אבקה לכביסה לבנה480,רקיט בנקיזר,IT,וניש אבקה לכביסה,גרמים,480.00,100 גרם,false,1,18.90,3.94,true,1,
7290112192561,false,פרודונטקס הגנה מלבינה75מ,DEMICLEN,IE,משחה פרודונטקס,מיליליטרים,75.00,"100 מ""ל",false,1,34.90,46.53,true,1,
7290112192882,false,סנסודיין משחה מלבינה75מל,MICLEN DE,GB,משחת סנסודיין,מיליליטרים,75.00,"100 מ""ל",false,1,34.90,46.53,true,1,
7290112192998,false,ק.לחות לשיער מקורזל 400מ,,IL,קרם לחות לשיער,מיליליטרים,400.00,"100 מ""ל",false,1,38.90,9.73,true,1,
7290112193315,false,קרם לחות מתולתלות 400מ,א.ל.ארמן ייצור תמרוקים ב,IL,קרם לחות מתולתלו,מיליליטרים,400.00,"100 מ""ל",false,1,38.90,9.73,true,1,
7290112193339,false,סטייל ספריי מתולתלות150מ,א.ל.ארמן ייצור תמרוקים ב,IL,ספריי סטייל שיער,מיליליטרים,150.00,"100 מ""ל",false,1,34.90,23.27,true,1,
7290112197078,false,תחליב ידיים שיאה 500מ,,TR,תחליב ידיים,מיליליטרים,500.00,"100 מ""ל",false,1,12.90,2.58,true,1,
7290112336644,false,סוכריות מאסט לימון 80גרם,מיישקו,PL,סוכריות מאסט,גרמים,80.00,100 גרם,false,1,8.90,11.13,true,1,
7290112349538,false,קפה טורקי עלית 160 גרם,שטראוס קפה בי.וי.,IL,קפה טורקי עלית,גרמים,160.00,100 גרם,false,1,11.90,7.44,true,1,
7290112351470,false,"סוכ.טעם רימון תות לל""ס45","הליקון גידה בע""\מ",TR,"סוכריות לל""ס",גרמים,45.00,100 גרם,false,1,9.50,21.11,true,1,
7290112358004,false,חטיף פסק זמן קראנץ' 32גר,שולן צ'\יקולטה גידה סאן.,TR,חטיף פסק זמן,גרמים,32.00,100 גרם,false,1,5.00,15.63,true,1,
7290112490827,false,תרסיס למייבש בד.בייבי500,"זוהר דליה, קיבוץ דליה, 1",IL,תרסיס בדין בייבי,מיליליטרים,500.00,"100 מ""ל",false,1,16.90,3.38,true,1,
7290112492449,false,שמפו לשיער רגיל700מ,יוניליוור ישראל טיפוח אי,IL,שמפו לשיער רגיל,מיליליטרים,700.00,"100 מ""ל",false,1,13.90,1.99,true,1,
7290112492456,false,שמפו פינוק יבש /פגום 700,יוניליוור ישראל טיפוח אי,IL,שמפו לשיער יבש,מיליליטרים,700.00,"100 מ""ל",false,1,13.90,1.99,true,1,
7290112492463,false,שמפו ומרכך 2 ב1- רגיל700,יוניליוור,IL,פינוק שמפו+מרכך,מיליליטרים,700.00,"100 מ""ל",false,0,13.90,1.99,true,1,
7290112492470,false,"שמפו+מרכך 2ב1 700 מ""ל",יוניליוור,IL,פינוק 2ב1-,מיליליטרים,700.00,"100 מ""ל",false,1,13.90,1.99,true,1,
7290112492487,false,שמפו עם שמן מרוקאי700,יוניליוור ישראל טיפוח אי,IL,שמפו פינוק,מיליליטרים,700.00,"100 מ""ל",false,1,13.90,1.99,true,1,
7290112492500,false,פינוק שמפו שמן קוקוס700מ,יוניליוור,IL,שמפו פינוק,מיליליטרים,700.00,"100 מ""ל",false,1,13.90,1.99,true,1,
7290112492531,false,"מרכך פינוק רגיל 700 מ""ל",יוניליוור,IL,מרכך לשיער רגיל,מיליליטרים,700.00,"100 מ""ל",false,1,13.90,1.99,true,1,
7290112492548,false,מרכך פינוק יבש/פגום 700,יוניליוור,IL,מרכך פינוק,מיליליטרים,700.00,"100 מ""ל",false,1,13.90,1.99,true,1,
7290112492579,false,פינוק מרכך שמן קוקוס700מ,יוניליוור ישראל טיפוח אי,IL,מרכך פינוק,מיליליטרים,700.00,"100 מ""ל",false,1,13.90,1.99,true,1,
7290112492593,false,תח.רחצה פינוק קלאסי700מ,יוניליוור ישראל טיפוח אי,IL,תחליב רחצה פינוק,מיליליטרים,700.00,"100 מ""ל",false,1,11.90,1.70,true,1,
7290112492609,false,תח.פינוק לבנדר וניל 700מ,יוניליוור ישראל טיפוח אי,IL,תחליב רחצה פינוק,מיליליטרים,700.00,"100 מ""ל",false,1,11.90,1.70,true,1,
7290112492678,false,"פינוק שמפו לנסיעות100מ""ל",יוניליוור ישראל טיפוח אי,IL,שמפו פינוק,מיליליטרים,100.00,"100 מ""ל",false,1,6.50,6.50,true,1,
7290112494221,false,קליק ביסקוויט 65 גרם,יוניליוור ישראל מזון בע\,IL,קליק ביסקוויט,גרמים,65.00,100 גרם,false,1,7.90,12.15,true,1,
7290112494238,false,קליק כדורים 65 גרם,יוניליוור ישראל מזון בע\,IL,קליק כדורים,גרמים,65.00,100 גרם,false,1,7.90,12.15,true,1,
7290112494313,false,קליק קורנפלקס 65 גרם,יוניליוור ישראל מזון בע\,IL,קליק קורנפלקס,גרמים,65.00,100 גרם,false,1,7.90,12.15,true,1,
7290112494795,false,בדין ג'ל לכביסה כחול2.5ל,"זוהר דליה, קיבוץ דליה, 1",IL,בדין ג'ל כביסה,ליטרים,2.50,ליטר,false,1,29.90,11.96,true,1,
7290112494825,false,דאב תרחיץ פנים רגיש180מל,יוניליוור ישראל טיפוח אי,IL,דאב תרחיץ פנים,מיליליטרים,180.00,"100 מ""ל",false,1,13.90,7.72,true,1,
7290112496201,false,"אקס בושם כיס שוקולד17מ""ל",יוניליוור,TR,אקס בושם כיס,מיליליטרים,17.00,"100 מ""ל",false,1,19.90,117.06,true,1,
7290112497369,false,דאו רול און טלק 50 מל,"יוניליוור אנגליה, דרך קו",GB,דאו דאב רול און,מיליליטרים,50.00,"100 מ""ל",false,1,12.90,25.80,false,1,
7290112497505,false,קרם גוף וזלין אלוורה600מ,"יוניליוור, ג'פרסון סיטי,",US,קרם גוף ואזלין,מיליליטרים,600.00,"100 מ""ל",false,1,25.90,4.32,true,1,
7290112497710,false,"שמפו בייבי פינוק 700 מ""ל",יוניליוור ישראלn\טיפוח א,IL,בייבי שמפו תינוק,מיליליטרים,700.00,"100 מ""ל",false,1,16.90,2.41,true,1,
7290112497727,false,בייבי אל סבון אל דמע700מ,יוניליוור ישראלn\טיפוח א,IL,אל סבון בייבי,מיליליטרים,700.00,"100 מ""ל",false,1,16.90,2.41,true,1,
7290112498274,false,אל סבון ידיים לבנדר 950,יוניליוור ישראל טיפוח אי,IL,אל סבון פינוק,מיליליטרים,950.00,"100 מ""ל",false,1,11.90,1.25,true,1,
7290112499462,false,פינוק רחצה+שמן קוקוס700מ,יוניליוור ישראל טיפוח אי,IL,תחליב רחצה פינוק,מיליליטרים,700.00,"100 מ""ל",false,1,11.90,1.70,true,1,
7290112499493,false,"דאו רקסונה ספריי 150 מ""ל","ארנסט, רחוב קומבינצקיה 6",RU,דאו רקסונה,מיליליטרים,150.00,"100 מ""ל",false,1,17.90,11.93,true,1,
7290112499509,false,דאו. רקסונה אפרסק150מ,קוסטר אירוסול,TR,דאו ספריי רקסונה,מיליליטרים,150.00,"100 מ""ל",false,1,17.90,11.93,true,1,
7290112963918,false,קרקר דק רוזמרין פיטנס140,אסם,IL,קרקר דק פיטנס,גרמים,140.00,100 גרם,false,1,14.90,10.64,true,1,
7290112965660,false,חטיף פיטנס מלח+פלפל25גר,"אסם השקעות בע""\מ",IL,חטיף פיטנס מלח,גרמים,25.00,100 גרם,false,1,5.50,22.00,true,1,
7290112968821,false,קרקר דק פיטנס בטטה 140גר,אסם,IL,קרקר דק פיטנס,גרמים,140.00,100 גרם,false,1,14.90,10.64,true,1,
7290113560055,false,"פרודונטקס מי פה 500 מ""ל","מאסטרפוד אוסטריה בע""מ",GB,פרודונטקס מי פה,מיליליטרים,500.00,"100 מ""ל",false,1,31.90,6.38,true,1,
7290114605342,false,רפידות הנקהM 50 יח,,CN,רפידות הנקה,יחידה,1.00,יחידה,false,1,26.90,26.90,true,1,
7290114721608,false,מברשת חשמלית לילדים חד ק,פוג'יקום,CN,מברשת שיניים,יחידה,1.00,יחידה,false,1,29.90,29.90,true,1,
7290114751131,false,משחת אורל בי לילד קארס75,פרוקטר אנד גמבל,DE,משחת שיניים לילד,מיליליטרים,75.00,"100 מ""ל",false,1,19.90,26.53,true,1,
7290115073676,false,מארז מסכת פנים צבעוני50י,,CN,מסכת פנים חד פעמ,יחידה,1.00,יחידה,false,1,12.90,12.90,true,1,
7290115205312,false,קרקר דק פיטנס זיתים140ג,"אסם השקעות בע""\מ",IL,קרקר דק פיטנס,גרמים,140.00,100 גרם,false,1,14.90,10.64,true,1,
7290115209198,false,במבה אוורירית 80 גרם,אסם השקעות בעמ,IL,במבה אוורירית,גרמים,80.00,100 גרם,false,1,5.90,7.38,true,1,
7290115676341,false,דבש טהור אריזה אישית9*8ג,מכוורת יד מרדכי שטראוס ב,IL,דבש טהור בסשאטים,גרמים,162.00,100 גרם,false,1,24.90,15.37,true,1,
7290116530239,false,דאו סטיק לגבר בלאק 77ג,,US,דאו.סטיק אקס,גרמים,77.00,100 גרם,false,1,16.90,21.95,true,1,
7290116530888,false,בדין ג'ל כביסה פינוק2.5ל,"זוהר דליה, קיבוץ דליה, 1",IL,ג'ל כביסה בדין,ליטרים,2.50,ליטר,false,1,29.90,11.96,true,1,
7290116531243,false,שמפו פינוק2ב1נגד קשקש700,יוניליוור ישראל טיפוח אי,IL,שמפו פינוק,מיליליטרים,700.00,"100 מ""ל",false,1,14.90,2.13,true,1,
7290116531663,false,"ת.רחצה פינוק תפוח 700מ""ל",יוניליוור ישראל טיפוח אי,IL,תחליב רחצה פינוק,מיליליטרים,700.00,"100 מ""ל",false,1,11.90,1.70,true,1,
7290116532622,false,מרכך תמצית גוג'י ברי700מ,יוניליוור ישראלn\טיפוח א,IL,מרכך עם גוגי ברי,מיליליטרים,700.00,"100 מ""ל",false,1,13.90,1.99,true,1,
7290116532868,false,שמפו בייבי פינוק 900מ,יוניליוור ישראלn\טיפוח א,IL,בייבי שמפו,מיליליטרים,900.00,"100 מ""ל",false,1,21.90,2.43,true,1,
7290117860038,false,תח.רחצה יוגורט אוכמנ700מ,"טרופיקל דגיל בע""\מ",IL,תחליב רחצה הוואי,מיליליטרים,700.00,"100 מ""ל",false,1,14.90,2.13,true,1,
7290117860045,false,שמפו מטפח לשיער רגיל700מ,טרופיקל דגיל,IL,שמפו הוואי,מיליליטרים,700.00,"100 מ""ל",false,1,14.90,2.13,true,1,
7290117860083,false,ק.רחצה אירוס זהוב דבש700,"טרופיקל דגיל בע""\מ",IL,קרם רחצה הוואי,מיליליטרים,700.00,"100 מ""ל",false,1,14.90,2.13,true,1,
7290117860090,false,מרכך מטפח לשיער רגיל700מ,"טרופיקל דגיל בע""\מ",IL,מרכך מטפח לשיער,מיליליטרים,700.00,"100 מ""ל",false,1,14.90,2.13,true,1,
7290117860144,false,שמפו הוואי למניעת קשקשים,טרופיקל דגיל,IL,שמפו הוואי,מיליליטרים,700.00,"100 מ""ל",false,1,14.90,2.13,true,1,
7290117860281,false,ג'ל רחצה לגבר עוצמתי 700,"טרופיקל דגיל בע""\מ",IL,ג'ל רחצה לגבר,מיליליטרים,700.00,"100 מ""ל",false,1,14.90,2.13,true,1,
7290117860298,false,שמפו הוואי קרטין מחזק700,טרופיקל דגיל,IL,שמפו הוואי,מיליליטרים,700.00,"100 מ""ל",false,1,14.90,2.13,true,1,
7290117860335,false,ג'ל רחצה700ג.ניחוח מעורר,"טרופיקל דגיל בע""\מ",IL,ג'ל רחצה לגבר,מיליליטרים,700.00,"100 מ""ל",false,1,14.90,2.13,true,1,
7290117860342,false,מרכך הוואי קרטין מחזק700,טרופיקל דגיל,IL,מרכך הוואי,מיליליטרים,700.00,"100 מ""ל",false,1,14.90,2.13,true,1,
7290117860380,false,תח.רחצה יוגורט אלוורה700,"טרופיקל דגיל בע""\מ",IL,תחליב רחצה הוואי,מיליליטרים,700.00,"100 מ""ל",false,1,14.90,2.13,true,1,
7290347222156,false,"שמן פלזר 30 מ""ל",,IL,שמן פלזר,מיליליטרים,30.00,"100 מ""ל",false,1,199.00,663.33,true,1,
7296073095583,false,"אצטון שופרסל 100 מ""ל","ש. שוורץ )באר שבע( בע""\מ",IL,אצטון BE,מיליליטרים,100.00,"100 מ""ל",false,0,3.90,3.90,true,1,
7296073179863,false,דבש טבעי לחיץ 250 גרם,שופרסל,IL,דבש טבעי לחיץ,גרמים,250.00,100 גרם,false,0,16.90,6.76,true,1,
7296073198314,false,דייסת דגנים מעורבים 200ג,שופרסל,IL,דייסת דגנים,גרמים,200.00,100 גרם,false,0,9.90,4.95,true,1,
7296073205975,false,מסיר לק,,IL,מסיר לק,מיליליטרים,100.00,"100 מ""ל",false,0,10.00,10.00,true,1,
7296073230656,false,מגבות נייר 6 גלילים,"שניב תעשיות נייר בע""\מ",IL,מגבות נייר,מטרים,63.00,מטר,false,0,10.90,0.17,true,1,
7296073236597,false,דייסת קורנפלור וניל 200ג,אשבל בעמ,IL,דייסת קורנפלור,גרמים,200.00,100 גרם,false,1,9.90,4.95,true,1,
7296073237556,false,ממחטות אף 100*5 יח',שניב תעשיות נייר,IL,ממחטות אף100*5יח,יחידה,1.00,יחידה,false,1,11.90,11.90,true,1,
7296073241522,false,ממחטות אף 100*5 יח,שניב תעשיות נייר,IL,ממחטות אף 5 יח,יחידה,1.00,יחידה,false,1,11.90,11.90,true,1,
7296073261384,false,"אל סבון מעורב 500*3 מ""ל",טאהא קימיה,TR,אל סבון נוזלי3יח,ליטרים,1.50,ליטר,false,1,12.90,8.60,true,1,
7296073277255,false,מארז מגבונים לחים 6 יח,דינמיק,IL,מארז מגבוניםלחים,יחידה,1.00,יחידה,false,1,18.90,18.90,true,1,
7296073281702,false,מגבוני נייר טואלט לחים,דינמיק תעשיות מגבונים,IL,מגבוני נייר לחים,יחידה,1.00,יחידה,false,1,14.90,14.90,true,1,
7296073286066,false,אורז בסמטי זיפר שופרסל1ק,SETIA LAL CHAMAN,IN,אורז בסמטי,קילוגרמים,1.00,"ק""ג",false,1,16.50,16.50,true,1,
7296073289715,false,מגבוני אף עדינים תינוק30,שופרסל,IL,מגבוני אף לתינוק,יחידה,1.00,יחידה,false,1,9.90,9.90,true,1,
7296073291077,false,משטחי החתלה שופרסל 10יח,PAKTEN,TR,משטחי החתלה,יחידה,1.00,יחידה,false,1,12.90,12.90,true,1,
7296073320289,false,סב.ידיים רומנטי 3 500*מל,אקסן קוסמטיק,TR,אלסבון שופרסל3יח,ליטרים,1.50,ליטר,false,1,12.90,8.60,true,1,
7296073322979,false,בוטנים מצופים קלויים50ג,ששון ושות'\ )ש.ת. תעשיות,IL,בוטנים אמריקאים,גרמים,50.00,100 גרם,false,1,2.50,5.00,true,1,
7296073330592,false,מעגל ריסים אפור,BE NOW,CN,מעגל ריסים אפור,יחידה,1.00,יחידה,false,0,12.90,12.90,true,1,
7296073330684,false,4 ספוגיות למייקאפ משולש,BE NOW,CN,4 ספוגיות משולש,יחידה,1.00,יחידה,false,0,9.90,9.90,true,1,
7296073330738,false,ספוגיות מעויינות למייקאפ,BE NOW,CN,4 ספוגיות מעויין,יחידה,1.00,יחידה,false,0,11.90,11.90,true,1,
7296073330769,false,ספוג ביוטי למייקאפ טיפה,BE NOW,CN,ספוג מייקאפ טיפה,יחידה,1.00,יחידה,false,0,29.90,29.90,true,1,
7296073330936,false,פינצטה אפורה קצה ישר,BE NOW,CN,פינצטה ישרה אפור,יחידה,1.00,יחידה,false,0,19.90,19.90,true,1,
7296073330974,false,פינצטה לאב יו איכותית,BE NOW,CN,פינצטה לאב יו,יחידה,1.00,יחידה,false,0,19.90,19.90,true,1,
7296073331025,false,פינצטה ידית מחוררת,BE NOW,CN,פינצטה חורים,יחידה,1.00,יחידה,false,0,39.90,39.90,true,1,
7296073331063,false,קוצץ גדול,BE NOW,CN,קוצץ גדול,יחידה,1.00,יחידה,false,0,9.90,9.90,true,1,
7296073331070,false,קוצץ עם אשפתון,BE NOW,CN,קוצץ עם אשפתון,יחידה,1.00,יחידה,false,0,14.90,14.90,true,1,
7296073331131,false,מספריים לעור - מבריק,BE NOW,CN,מספריים לעור,יחידה,1.00,יחידה,false,0,29.90,29.90,true,1,
7296073331216,false,מספריים אל חלד לשיער,BE NOW,CN,מספריים לשיער,יחידה,1.00,יחידה,false,0,39.90,39.90,true,1,
7296073331308,false,"פצירת קרטון ""14 8 יח'",BE NOW,CN,8 פצירות קרטון,יחידה,1.00,יחידה,false,0,14.90,14.90,true,1,
7296073331407,false,מגרדת לכף הרגל רחבה,BE NOW,CN,מגרדת לכף רגל,יחידה,1.00,יחידה,false,0,14.90,14.90,true,1,
7296073331575,false,מברשת שיער מטקה ורודה L,BE NOW,CN,מברשת מטקה Lורוד,יחידה,1.00,יחידה,false,0,24.90,24.90,true,1,
7296073331582,false,מברשת שיער אובל ורודה L,BE NOW,CN,מברשת אובל Lורוד,יחידה,1.00,יחידה,false,0,24.90,24.90,true,1,
7296073331605,false,מברשת שיער לתיק ורודה,BE NOW,CN,מברשת לתיק ורודה,יחידה,1.00,יחידה,false,0,19.90,19.90,true,1,
7296073331612,false,מברשת שיער מטקה שחורה,BE NOW,CN,מברשת מטקה שחורה,יחידה,1.00,יחידה,false,0,29.90,29.90,true,1,
7296073331629,false,מברשת שיער אובלית שחורה,BE NOW,CN,מברשת אובל שחורה,יחידה,1.00,יחידה,false,0,28.90,28.90,true,1,
7296073331650,false,מברשת שיער לפן שחורה,BE NOW,CN,מברשת לפן שחורה,יחידה,1.00,יחידה,false,0,29.90,29.90,true,1,
7296073331667,false,מברשת שיער לילדות,BE NOW,CN,מברשת שיער ילדות,יחידה,1.00,יחידה,false,0,24.90,24.90,true,1,
7296073331810,false,מברשת שיער ספרים מקצועית,BE NOW,CN,מברשת שיער ספרים,יחידה,1.00,יחידה,false,0,29.90,29.90,true,1,
7296073331834,false,מברשת ש.עגולה עם שיערות,BE NOW,CN,מברשת עגולה שיער,יחידה,1.00,יחידה,false,0,39.90,39.90,true,1,
7296073331865,false,מסרק כיס שחור,BE NOW,CN,מסרק כיס שחור,יחידה,1.00,יחידה,false,0,8.90,8.90,true,1,
7296073331896,false,מסרק חום עם ידית,BE NOW,CN,מסרק חום ידית,יחידה,1.00,יחידה,false,0,9.90,9.90,true,1,
7296073331902,false,2 מברשות למריחת צבע שיער,BE NOW,CN,זוג מברשות לצבע,יחידה,1.00,יחידה,false,0,12.90,12.90,true,1,
7296073331919,false,מסרק ומברשת לצבע שיער,BE NOW,CN,מסרק ומברשת לצבע,יחידה,1.00,יחידה,false,0,6.90,6.90,true,1,
7296073331926,false,קערית לצבע לשיער,BE NOW,CN,קערית לצבע לשיער,יחידה,1.00,יחידה,false,0,9.90,9.90,true,1,
7296073331940,false,גומיות שחורות 12 יח,BE NOW,CN,12 גומיות שחורות,יחידה,1.00,יחידה,false,0,9.90,9.90,true,1,
7296073331988,false,גומיות שחורות דקות 12 יח,BE NOW,CN,12גומיות שחור דק,יחידה,1.00,יחידה,false,0,9.90,9.90,true,1,
7296073332077,false,גומיות פפיון ופנינה,BE NOW,CN,גומיות פפיון,יחידה,1.00,יחידה,false,0,16.90,16.90,true,1,
7296073332114,false,גומיות מגבת שחורות 8 יח,BE NOW,CN,8ג.מגבת שחור,יחידה,1.00,יחידה,false,0,9.90,9.90,true,1,
7296073332152,false,16 גומיות מגבת קטן שחור,BE NOW,CN,16ג.מגבת S שחור,יחידה,1.00,יחידה,false,0,9.90,9.90,true,1,
7296073332176,false,6 גומיות שחור פתוחות,BE NOW,CN,6גומיות ש. פתוח,יחידה,1.00,יחידה,false,0,9.90,9.90,true,1,
7296073332190,false,גומיות דקות לצמות 100 יח,BE NOW,CN,100 גומיות דקות,יחידה,1.00,יחידה,false,0,9.90,9.90,true,1,
7296073332237,false,2 סרט ילדות שחור וכוכבים,BE NOW,CN,2סרט ילדות כוכב,יחידה,1.00,יחידה,false,0,14.90,14.90,true,1,
7296073332244,false,גומיית דונטס שחור,BE NOW,CN,גומיית דונטס ש.,יחידה,1.00,יחידה,false,0,9.90,9.90,true,1,
7296073332428,false,6 תיקתק לבבות ופינגווין,BE NOW,CN,6תיקתק פינגווין,יחידה,1.00,יחידה,false,0,19.90,19.90,true,1,
7296073332480,false,סיכות תיקתק שחור 6 יח,BE NOW,CN,6תיקתק שחור,יחידה,1.00,יחידה,false,0,13.50,13.50,true,1,
7296073332497,false,סיכות סבתא שחור 40 יח,BE NOW,CN,40סיכות שחורות,יחידה,1.00,יחידה,false,0,14.90,14.90,true,1,
7296073332510,false,16 קליפסים קטנטנים שחור,BE NOW,CN,16קליפסים S שחור,יחידה,1.00,יחידה,false,0,14.90,14.90,true,1,
7296073332534,false,קליפסים קטנים 8 יח שחור,BE NOW,CN,8קליפסים S שחור,יחידה,1.00,יחידה,false,0,14.90,14.90,true,1,
7296073332541,false,קליפסים קטנים 8 יח חום,BE NOW,CN,8קליפסים S חום,יחידה,1.00,יחידה,false,0,14.90,14.90,true,1,
7296073332558,false,קליפס בינוני 4 יח שחור,BE NOW,CN,4קליפס M שחור,יחידה,1.00,יחידה,false,0,14.90,14.90,true,1,
7296073332565,false,קליפס בינוני 4 יח חום,BE NOW,CN,4קליפס M חום,יחידה,1.00,יחידה,false,0,14.90,14.90,true,1,
7296073332572,false,קליפס בינוני חזק 3 יח,BE NOW,CN,3קליפס M חזק,יחידה,1.00,יחידה,false,0,14.90,14.90,true,1,
7296073332602,false,קליפס מקור,BE NOW,CN,קליפס מקור,יחידה,1.00,יחידה,false,0,14.90,14.90,true,1,
7296073332619,false,קליפס L גומי מונע החלקה,BE NOW,CN,קליפס ענק גומי,יחידה,1.00,יחידה,false,0,19.90,19.90,true,1,
7296073332626,false,קליפס M חום ייחודי,BE NOW,CN,קליפסM חום מיוחד,יחידה,1.00,יחידה,false,0,12.90,12.90,true,1,
7296073332640,false,קליפס M שחור בצורת רשת,BE NOW,CN,קליפס M שחור רשת,יחידה,1.00,יחידה,false,0,10.90,10.90,true,1,
7296073332893,false,ספוג רשת שלישייה,BE NOW,CN,ספוג רשת שלישיה,יחידה,1.00,יחידה,false,0,9.90,9.90,true,1,
7296073332961,false,ספוג רחצה טבעי תה ירוק,BE NOW,CN,ספוג רחצה תה,יחידה,1.00,יחידה,false,0,29.90,29.90,true,1,
7296073332992,false,כובע אמבט ניילון,BE NOW,CN,כובע אמבט ניילון,יחידה,1.00,יחידה,false,0,9.90,9.90,true,1,
7296073333005,false,כובע אמבט כפול,BE NOW,CN,כובע אמבטיה כפול,יחידה,1.00,יחידה,false,0,16.90,16.90,true,1,
7296073333036,false,מגבת לייבוש שיער עם חוט,BE NOW,CN,מגבת לייבוש שיער,יחידה,1.00,יחידה,false,0,19.90,19.90,true,1,
7296073333272,false,סט בקבוקוני מילוי,BE NOW,CN,סט בקבוקי מילוי,יחידה,1.00,יחידה,false,0,19.90,19.90,true,1,
7296073333401,false,פצירת אקריל אפורה 5 יח',BE NOW,CN,5 פצירות אקריל,יחידה,1.00,יחידה,false,0,29.90,29.90,true,1,
7296073333623,false,זוג קשתות לשיער,BE NOW,CN,זוג קשתות לשיער,יחידה,1.00,יחידה,false,0,13.50,13.50,true,1,
7296073333654,false,מברשת שיער מטקה סגולה L,BE NOW,CN,מברשת מטקה Lסגול,יחידה,1.00,יחידה,false,0,24.90,24.90,true,1,
7296073340096,false,שמפו מפרץ הרפתקאות 1ליטר,,TR,שמפו לילדים,ליטרים,1.00,ליטר,false,1,16.90,16.90,true,1,
7296073340102,false,אלסבון מ.הרפתקאות כחול1ל,אמיליה קוסמטיקס,TR,אל סבון בנים,ליטרים,1.00,ליטר,false,1,16.90,16.90,true,1,
7296073343134,false,אלסבון מ.הרפתקאות ורוד1ל,אמיליה קוסמטיקס,TR,אל סבון ורוד,ליטרים,1.00,ליטר,false,1,16.90,16.90,true,1,
7296073343264,false,פדים להסרת איפור-שלישיה,BE NOW,IL,פדים להסרת איפור,יחידה,1.00,יחידה,false,1,19.90,19.90,true,1,
7296073343271,false,פדים להסרת איפור יחידה,BE NOW,IL,פדים להסרת איפור,יחידה,1.00,יחידה,false,1,8.90,8.90,true,1,
7296073343288,false,צמר גפן 100 גר' יחידה,BE NOW,IL,צמר גפן 100 גר',גרמים,100.00,100 גרם,false,1,9.90,9.90,true,1,
7296073343295,false,קסמי אזניים פלסטיק 300 י,BE NOW,IL,קסמי אזניים פלסט,יחידה,1.00,יחידה,false,1,10.90,10.90,true,1,
7296073343301,false,קסמי אזניים פלסטיק 200 י,BE NOW,IL,קסמי אזניים פלסט,יחידה,1.00,יחידה,false,1,6.90,6.90,true,1,
7296073343318,false,קסמי אזניים פלסטיק 100י,BE NOW,IL,קסמי אזניים פלסט,יחידה,1.00,יחידה,false,1,2.90,2.90,true,1,
7296073343325,false,קסמי אזניים מעץ 100 יחיד,BE NOW,CN,קסמי אזניים מעץ,יחידה,1.00,יחידה,false,1,2.90,2.90,true,1,
7296073343462,false,"קרם חמצן 6% 60 מ""ל",,IL,קרם חמצן 6%,מיליליטרים,60.00,"100 מ""ל",false,1,4.90,8.17,true,1,
7296073343479,false,"קרם חמצן 9% 60 מ""ל",,IL,קרם חמצן 9%,מיליליטרים,60.00,"100 מ""ל",false,1,4.90,8.17,true,1,
7296073343486,false,אבקת הבהרה לשיער 10 גרם,,IL,אבקת הבהרה לשיער,גרמים,10.00,100 גרם,false,1,7.90,79.00,true,1,
7296073343493,false,כדורי צמר גפן 100 יח',BE NOW,IL,כדורי צמר גפן,יחידה,1.00,יחידה,false,1,9.90,9.90,true,1,
7296073343592,false,Be אל סבון לידיים מארז,BE NOW,IL,אל סבון לידיים פ,מיליליטרים,1500.00,"100 מ""ל",false,1,12.90,0.86,true,1,
7296073343608,false,אל סבון לבנדר 1 ליטר BE,,IL,אל סבון לבנדר,ליטרים,1.00,ליטר,false,1,10.90,10.90,true,1,
7296073343615,false,אל סבון קמומיל 1 ליטר BE,,IL,אל סבון קמומילBE,ליטרים,1.00,ליטר,false,1,10.90,10.90,true,1,
7296073343684,false,Be מסיר לק משאבה 150מל,,TR,מסיר לק משאבה,מיליליטרים,150.00,"100 מ""ל",false,1,7.90,5.27,true,1,
7296073345299,false,משחת שיניים מלבינה 100מל,,BG,משחת שיניים,מיליליטרים,100.00,"100 מ""ל",false,1,10.90,10.90,true,1,
7296073345305,false,משחת שיניים פרופ+הרבל100,,BG,משחת שיניים הרבל,מיליליטרים,100.00,"100 מ""ל",false,1,8.90,8.90,true,1,
7296073345336,false,משחת שיניים לילדים 2-6,שופרסל,BG,משחת שיניים KIDS,מיליליטרים,50.00,"100 מ""ל",false,1,9.90,19.80,true,1,
7296073345459,false,קיסמים עם חוט בשקית50יח,,CN,קיסמים עם חוט,יחידה,1.00,יחידה,false,1,13.90,13.90,true,1,
7296073345473,false,חוט דנטלי שעווה 50 מטר,,CN,חוט דנטלי שעווה,מטרים,50.00,מטר,false,1,10.90,0.22,true,1,
7296073345480,false,חוט דנטלי שעווה מנטה 50מ,,CN,חוט דנטלי מנטה,מטרים,50.00,מטר,false,1,10.90,0.22,true,1,
7296073348092,false,מברשת שיניים חשמלית ורוד,,CN,מברשת שינ.חשמלית,יחידה,1.00,יחידה,false,1,41.90,41.90,true,1,
7296073362821,false,סב.ידיים בצבעי פסטל500*3,טאהא קימיה,TR,סבון ידיים 3 יח,ליטרים,1.50,ליטר,false,1,14.90,9.93,true,1,
7296073363194,false,Be מסכה לשיער יבש500מל,א.משי תעשיות,IL,מסכה לשיער יבשBE,מיליליטרים,500.00,"100 מ""ל",false,1,34.90,6.98,true,1,
7296073363200,false,Be מסכה לשיער מוחלק 500מ,א.משי תעשיות,IL,מסכה לשיער יבשBE,מיליליטרים,500.00,"100 מ""ל",false,1,34.90,6.98,true,1,
7296073363217,false,Beשמפו לשיער מוחלק 500מל,,IL,שמפו לשיער יבשBE,מיליליטרים,500.00,"100 מ""ל",false,1,23.90,4.78,true,1,
7296073363224,false,שמפו לשיער יבש BE 500,א.משי תעשיות,IL,שמפו לשיער יבשBE,מיליליטרים,500.00,"100 מ""ל",false,1,23.90,4.78,true,1,
7296073363231,false,שמפו לשיער רגילBE 500,א.משי תעשיות,IL,שמפו לשיער רגיBE,מיליליטרים,500.00,"100 מ""ל",false,1,23.90,4.78,true,1,
7296073363248,false,מרכך לשיער רגילBE 500,א.משי תעשיות,IL,מרכך לשיער רגיBE,מיליליטרים,500.00,"100 מ""ל",false,1,23.90,4.78,true,1,
7296073363255,false,מרכך לשיער יבש BE 500,א.משי תעשיות,IL,מרכך לשיער יבשBE,מיליליטרים,500.00,"100 מ""ל",false,1,23.90,4.78,true,1,
7296073363262,false,"מרכך לשיער מוחלק 500 מ""ל",א.משי תעשיות,IL,מרכך לשיער יבש,מיליליטרים,500.00,"100 מ""ל",false,1,23.90,4.78,true,1,
7296073363309,false,שמפו לשיער מתולתלBE 500,א.משי תעשיות,IL,שמפו לשיער מתולת,מיליליטרים,500.00,"100 מ""ל",false,1,23.90,4.78,true,1,
7296073363316,false,פרל קרם לשיער מתולתל,,IL,קרם לשיער מתולתל,מיליליטרים,400.00,"100 מ""ל",false,1,24.90,6.23,true,1,
7296073363859,false,מגבונים להסרת איפור 25יח,טרופיקל דגיל,IL,מגבונים להסרת אי,יחידה,1.00,יחידה,false,1,8.90,8.90,true,1,
7296073363989,false,"BE סכינים חד""פ לאישה",,US,"סכיני גילוח חד""פ",יחידה,1.00,יחידה,false,1,9.90,9.90,true,1,
7296073363996,false,"BE סכינים ח""פ גבר 2 להב",,US,"סכיני גילוח חד""פ",יחידה,1.00,יחידה,false,1,9.90,9.90,true,1,
7296073374640,false,Beשעווה למיקרוגל 500גר,ש.שוורץ,IL,שעווה למיקרוגל,גרמים,500.00,100 גרם,false,1,19.90,3.98,true,1,
7296073380313,false,גומיות פתוחות צבעוניות י,BE NOW,CN,גומיות פתוחות,יחידה,1.00,יחידה,false,1,9.90,9.90,true,1,
7296073380351,false,גומיות רכות צבעוניות יחי,BE NOW,CN,גומיות מנומרות,יחידה,1.00,יחידה,false,1,12.90,12.90,true,1,
7296073380887,false,דאו לגבר,,,דאו לגבר,יחידה,1.00,יחידה,false,0,9.90,9.90,true,1,
7296073380917,false,רצועות שעווה לפנים 12 יח,VIOCOX,ES,רצועות שעווה,יחידה,1.00,יחידה,false,1,17.90,17.90,true,1,
7296073381167,false,קליפסים חזקים במיוחד זוג,BE NOW,CN,קליפסים חזקים,יחידה,1.00,יחידה,false,1,13.90,13.90,true,1,
7296073381181,false,קליפסים גודל בינוני זוג,BE NOW,CN,קליפסים גודל בינ,יחידה,1.00,יחידה,false,1,12.90,12.90,true,1,
7296073381242,false,"תחליב רחצה Cotton700מ""",שופרסל,TR,תחליב רחצה,מיליליטרים,700.00,"100 מ""ל",false,1,12.90,1.84,true,1,
7296073381372,false,מברשת ציפורניים NOW יח',,CN,מברשת ציפורניים,יחידה,1.00,יחידה,false,1,9.90,9.90,true,1,
7296073381396,false,פצצה גדולה ורודה 280 גרם,,IL,פצצה גדולה ורודה,גרמים,280.00,100 גרם,false,1,19.90,7.11,true,1,
7296073381426,false,פצצה בינונית 160 גרם,,IL,פצצה בינונית,גרמים,160.00,100 גרם,false,1,16.90,10.56,true,1,
7296073381457,false,פצצה קטנה 110 גרם,"מיידלע סבונים בע""מ",IL,פצצה קטנה,גרמים,110.00,100 גרם,false,1,12.90,11.73,true,1,
7296073381495,false,קליפסים גודל בינוני זוג,BE NOW,CN,זוג קליפסים,יחידה,1.00,יחידה,false,1,12.90,12.90,true,1,
7296073381501,false,קליפס בינוני חזק חום 3יח,BE NOW,CN,קליפס בינוני,יחידה,1.00,יחידה,false,1,14.90,14.90,true,1,
7296073381518,false,שלישיית קליפסים ספרים,BE NOW,CN,שלישיית קליפסים,יחידה,1.00,יחידה,false,1,14.90,14.90,true,1,
7296073392934,false,נייר טואלט גליל כפול24יח,,IL,נייר טואלט 24 גל,מטרים,860.00,100 מטר,false,1,39.90,4.64,true,1,
7296073409144,false,מגבונים לחיטוי 50*3 יח',טרופיקל דגיל,IL,מגבונים לחיטוי,יחידה,1.00,יחידה,false,1,24.90,24.90,true,1,
7296073415114,false,מגני תחתון נורמל 60 יח,קוראטקס,DE,מגני תחתון B,יחידה,1.00,יחידה,false,1,10.90,10.90,true,1,
7296073415145,false,60מגני תחתון נערות נורמל,קוראטקס,DE,מגני תחתון B,יחידה,1.00,יחידה,false,1,10.90,10.90,true,1,
7296073441625,false,ג'ל רחצה לגבר,,,ג'ל רחצה לגבר,יחידה,1.00,יחידה,false,0,10.90,10.90,true,1,
7296073445395,false,תרחיץ פנים מיסלר,,,תרחיץ פנים מיסלר,יחידה,1.00,יחידה,false,0,11.90,11.90,true,1,
7296073445548,false,"מכשיר גילוח ר""פ לנשים2+",EDGEWELL,US,מ.גילוח לנשים,יחידה,1.00,יחידה,false,1,36.90,36.90,true,1,
7296073445555,false,סכיני גילוח רב''פ לנשים,EDGEWELL,US,סכיני גילוח נשים,יחידה,1.00,יחידה,false,1,34.90,34.90,true,1,
7296073445692,false,"מחית תפו""ע בננה שופרסל90",DELAFRUIT,ES,"מחית תפו""ע ובננה",גרמים,90.00,100 גרם,false,1,4.90,5.44,true,1,
7296073448488,false,"Be שמפו לילדים 700 מ""ל",BFF,TR,Be שמפו לילדים,מיליליטרים,700.00,"100 מ""ל",false,1,14.90,2.13,true,1,
7296073448495,false,Beמרכך שיער לילדים700מל,BFF,TR,Be מרכך שיער ליל,מיליליטרים,700.00,"100 מ""ל",false,1,14.90,2.13,true,1,
7296073449508,false,מגבוני ניו בורן 64*4,דינמיק,IL,מגבוני ניו בורן,יחידה,1.00,יחידה,false,1,22.90,22.90,true,1,
7296073449515,false,מגבונים עם שמן שקדים64*4,דינמיק,IL,מגבוני בייבי,יחידה,1.00,יחידה,false,1,22.90,22.90,true,1,
7296073449805,false,קרם גוף passion Pink,א.משי תעשיות,IL,קרם גוף pas Pink,מיליליטרים,300.00,"100 מ""ל",false,1,49.90,16.63,true,1,
7296073449881,false,מגבות נייר גליל כפול 6יח,שניב תעשיות נייר,IL,מגבות נייר,מטרים,130.00,מטר,false,1,19.90,0.15,true,1,
7296073451051,false,חיתולי טטרא 4 יחידות,SUN,CN,4 חיתולי טטרא,יחידה,1.00,יחידה,false,1,44.90,44.90,true,1,
7296073451228,false,שמיכת צילום,SUN,CN,שמיכת צילום,יחידה,1.00,יחידה,false,1,44.90,44.90,true,1,
7296073451266,false,דאו.ספריי פרש פאוו150מל,סאסא קוסמטיקס,IL,דאו.ספריי אישה,מיליליטרים,150.00,"100 מ""ל",false,1,11.90,7.93,true,1,
7296073451273,false,דאו.ספריי פרש שאוור150מ,סאסא קוסמטיקס,IL,דאו.ספריי אישה,מיליליטרים,150.00,"100 מ""ל",false,1,11.90,7.93,true,1,
7296073451280,false,דאו.ספרייאנטי פרספפו150מ,סאסא קוסמטיקס,IL,דאו.ספרייאנטי,מיליליטרים,150.00,"100 מ""ל",false,1,11.90,7.93,true,1,
7296073451297,false,"powder freshדאו רול50מ""ל",סאסא קוסמטיקס,IL,דאו.רול און אישה,מיליליטרים,50.00,"100 מ""ל",false,1,11.90,23.80,true,1,
7296073451310,false,"fresh pure דאו.רול 50מ""ל",,IL,דאו.רול און אישה,מיליליטרים,50.00,"100 מ""ל",false,1,11.90,23.80,true,1,
7296073459286,false,"שמפו לתינוק 750 מ""ל",BFF,TR,שמפו לתינוק,מיליליטרים,750.00,"100 מ""ל",false,1,17.90,2.39,true,1,
7296073460381,false,רולר דו צדדי מעסה לעור ה,,CN,רולר דו צדדי מעס,יחידה,1.00,יחידה,false,1,44.90,44.90,true,1,
7296073495956,false,קרם גוף מבשם passio Pure,א.משי תעשיות,IL,קרם גוף מבשם Pur,מיליליטרים,300.00,"100 מ""ל",false,1,49.90,16.63,true,1,
7296073496625,false,מגבונים לחיטוי+ניקוי250י,סאסאטק,IL,מגבוני ניקוי דלי,יחידה,1.00,יחידה,false,1,22.90,22.90,true,1,
7296073515043,false,משחת שיניים פחם ומאצ'ה75,MENUFACLURER,BG,משחת שיניים,מיליליטרים,75.00,"100 מ""ל",false,1,19.90,26.53,true,1,
7296073515050,false,"משחת שיניים קוקוס 75 מ""ל",MENUFACLURER,BG,משחת שיניים,מיליליטרים,75.00,"100 מ""ל",false,1,19.90,26.53,true,1,
7296073526919,false,פרל שמפו לשיער מוחלק500מ,א.משי תעשיות,IL,שמפו פרל לשיער,מיליליטרים,500.00,"100 מ""ל",false,1,23.90,4.78,true,1,
7296073526926,false,פרל שמפו לשיער צבוע500מל,א.משי תעשיות,IL,שמפו פרל לשיער,מיליליטרים,500.00,"100 מ""ל",false,1,23.90,4.78,true,1,
7296073526957,false,פרל מסכה לשיער מוחלק500מ,א.משי תעשיות,IL,פרל מסכה לשיער,מיליליטרים,500.00,"100 מ""ל",false,1,34.90,6.98,true,1,
7296073527046,false,סיכה בארט מנומר .,BE NOW,CN,סיכה בארט מנומר,יחידה,1.00,יחידה,false,1,17.90,17.90,true,1,
7296073527121,false,גומיות סקונץ צבעוניות תכ,BE NOW,CN,גומיות סקונץ צבע,יחידה,1.00,יחידה,false,1,12.90,12.90,true,1,
7296073527138,false,גומיות סקונץ צבעוניות ור,BE NOW,CN,גומיות סקונץ צבע,יחידה,1.00,יחידה,false,1,12.90,12.90,true,1,
7296073528531,false,פרל מסכות לשיער צבוע 500,א.משי תעשיות,IL,פרל מסכות לשיער,מיליליטרים,500.00,"100 מ""ל",false,1,34.90,6.98,true,1,
7296073530145,false,ערכת לידה,,IL,ערכת לידה,יחידה,1.00,יחידה,false,1,100.00,100.00,true,1,
7296073531210,false,בדיקת קורונה 5יחידות,,CN,בדיקת קורונה,יחידה,1.00,יחידה,false,1,39.90,39.90,true,1,
7296073531289,false,פדים להסרת איפור אובלי40,LTD CO S.T.O,TR,פדים להסרת איפור,יחידה,1.00,יחידה,false,1,7.90,7.90,true,1,
7296073552833,false,"סבון נוזלי לבן 500 מ""ל",טאהא קימיה,TR,סבון נוזלי,מיליליטרים,500.00,"100 מ""ל",false,1,7.90,1.58,true,1,
7296073564683,false,BE אל סבון מאסק 1ליטר,טאהא קימיה,TR,BE אל סבון,ליטרים,1.00,ליטר,false,1,9.90,9.90,true,1,
7296073564690,false,BE אל סבון לבנדר 1 ליטר,טאהא קימיה,TR,BE אל סבון,ליטרים,1.00,ליטר,false,1,9.90,9.90,true,1,
7296073564706,false,BE אל סבון ורדים 1 ליטר,טאהא קימיה,TR,BE אל סבון,ליטרים,1.00,ליטר,false,1,9.90,9.90,true,1,
7296073564874,false,סבון מוצק בצורת צדף40גרם,"מיידלע סבונים בע""מ",IL,סבון מוצק בצורת,גרמים,40.00,100 גרם,false,1,14.90,37.25,true,1,
7296073565161,false,קוצץ ציפורניים גדול מקצו,BE NOW,CN,קוצץ ציפורניים ג,יחידה,1.00,יחידה,false,1,19.90,19.90,true,1,
7296089001646,false,ערכת הלבנה מלאה+מילוי .,SHALPHARM ZER,IT,ערכת הלבנה מלאה,יחידה,1.00,יחידה,false,1,129.90,129.90,true,1,
7296089001691,false,אקוטסט בדיקת טיל לא מטוש,פארמה דיל,CN,בדיקה קורונה טיל,יחידה,1.00,יחידה,false,1,10.00,10.00,true,1,
7296089001745,false,בדיקת קורונה טיל 5יח,פארמה דיל,CN,בדיקה ללא מטוש,יחידה,1.00,יחידה,false,1,29.90,29.90,true,1,
7296168001390,false,"אצטון 100 מ""ל",איתן ספקים E,IL,אציטון,מיליליטרים,100.00,"100 מ""ל",false,0,5.90,5.90,true,1,
7296168070518,false,קיסם מברשת לשיניים 100יח,איתן כללי,IL,קיסם מברשת לשיני,יחידה,1.00,יחידה,false,0,12.90,12.90,true,1,
7296168089114,false,כוס חלוקה לאבקת חלב,סוויטי,IL,כוס חלוקה לאבקת,יחידה,1.00,יחידה,false,0,19.90,19.90,true,1,
7296168092923,false,תחתוני רשת XL 4יח,איתן ספקים E,CN,תחתוני רשת XL,יחידה,1.00,יחידה,false,0,15.90,15.90,true,1,
7296168810077,false,מוצץ גומי צבעוני תכלת,מלאזיה מקס,MY,מוצץ גומי צבעוני,יחידה,1.00,יחידה,false,1,22.90,22.90,true,1,
7296179000634,false,סט בניחוח לבנדר,,IL,סט בניחוח לבנדר,יחידה,1.00,יחידה,false,0,54.90,54.90,true,1,
7296179021660,false,"M.N חמאת גוף 300 מ""ל",חלאבין,IL,חמאת גוף מבושמת,מיליליטרים,300.00,"100 מ""ל",false,0,49.90,16.63,true,1,
7296179021714,false,סט בראשית מיד נייט מארז,חלאבין,IL,סט בראשית,יחידה,1.00,יחידה,false,1,69.90,69.90,true,1,
7296179021820,false,סט בראשית לאב ליין מארז,חלאבין,IL,סט בראשית,יחידה,1.00,יחידה,false,1,69.90,69.90,true,1,
7296179028607,false,סבון נשית קלאסי 250מל,חלאבין,IL,סבון נשית קלאסי,מיליליטרים,250.00,"100 מ""ל",false,1,17.90,7.16,true,1,
7296179028614,false,סבון נשית חמוציות 250מל,חלאבין,IL,סבון נשית חמוציו,מיליליטרים,250.00,"100 מ""ל",false,1,17.90,7.16,true,1,
7296179029550,false,סט בראשית מיד נייט מארז,חלאבין,IL,סט בראשית,יחידה,1.00,יחידה,false,1,69.90,69.90,true,1,
7296179029567,false,סט בראשית WILD MN מארז,תעשיות שיק,IL,סט בראשית WIL MN,יחידה,1.00,יחידה,false,1,79.90,79.90,true,1,
7296179029659,false,"קרם גוף WILD MN 275 מ""ל",חלאבין,IL,"קרם גוף 275 מ""ל",מיליליטרים,275.00,"100 מ""ל",false,1,36.90,13.42,true,1,
7296179029673,false,ספריי דאו WILD M.N. 187,חלאבין,IL,דאו ספריי 187 מל,מיליליטרים,187.00,"100 מ""ל",false,1,22.90,12.25,true,1,
7298074502015,false,בליסטקס ליפ סרום 8.5 גרם,בליסטקס פריגו,IL,בליסטקס ליפ סרום,יחידה,1.00,יחידה,false,1,29.90,29.90,true,1,
7501013101348,false,"ג'ומקס משקה מנגו 473 מ""ל",חומקס קומר קומרסאליזדורה,MX,משקה ג'ומקס מנגו,מיליליטרים,473.00,"100 מ""ל",false,1,8.90,1.88,true,1,
7501013101362,false,גומקס משקה קוקוס אננס473,חומקס קומר קומרסאליזדורה,MX,משקה קוקוס אננס,מיליליטרים,473.00,"100 מ""ל",false,1,8.90,1.88,true,1,
7501013101393,false,"ג'ומקס משקה אננס 473 מ""ל",חומקס קומר קומרסאליזדורה,MX,משקה ג'ומקס אננס,מיליליטרים,473.00,"100 מ""ל",false,1,8.90,1.88,true,1,
7509546057545,false,ליידי ספיד פרו 5 סטיק45ג,קולגייט פלמוליב,US,ליידי ספיד סטיק,גרמים,45.00,100 גרם,false,1,17.90,39.78,true,1,
7509546061665,false,ספיד סטיק ג'ל אקסטרים85ג,קולגייט פלמוליב,US,ספיד סטיק ג'ל,גרמים,85.00,100 גרם,false,1,17.90,21.06,true,1,
7509546063515,false,ליידי ס.סטיק פרו 5 ספריי,קולגייט פלמוליב,RU,דאו.ליידי ס.סטיק,מיליליטרים,150.00,"100 מ""ל",false,1,14.90,9.93,true,1,
7509546666846,false,משחת שיניים טוטאל פחם75מ,,MX,טוטאל פחם,מיליליטרים,75.00,"100 מ""ל",false,1,21.90,29.20,true,1,
7509546678702,false,מש.קולגייט טוטל טרטר100מ,,PL,משחת קולגייט,מיליליטרים,100.00,"100 מ""ל",false,1,16.90,16.90,true,1,
7613036880534,false,מחית מרק ירקות 190 גרם,נסטלה פולסקה אס.איי,PL,מחית מרק ירקות,גרמים,190.00,100 גרם,false,1,6.90,3.63,true,1,
7613037012200,false,גרבר תפוח מנגו פאוץ90ג,פורסלבה,ES,גרבר תפוח פאוץ',גרמים,90.00,100 גרם,false,1,5.90,6.56,true,1,
7613039547731,false,גרבר מחית תפוח משמש 90ג,"מפעל סברס, נסטלה ספרד ס.",ES,פאוץ גרבר תפוח מ,גרמים,90.00,100 גרם,false,1,5.90,6.56,true,1,
7613039547922,false,פאוץ גרבר תפוח+בנ+אגס90ג,פורסלבה,ES,פאוץ גרבר אגס,גרמים,90.00,100 גרם,false,1,5.90,6.56,true,1,
7613039881965,false,גרבר גזר תפוח מנגו 190 ג,נסטלה פולסקה אס.איי,PL,גרבר גזר תפוח,גרמים,190.00,100 גרם,false,1,6.90,3.63,false,1,
7613287155832,false,גרבר מחית תפוח פאוץ 90 ג,נסטלה פולסקה אס.איי,PL,גרבר תפוח,גרמים,90.00,100 גרם,false,1,5.90,6.56,true,1,
7613287155863,false,גרבר מחית אגס פאוץ 90 גר,נסטלה פולסקה אס.איי,PL,גרבר אגס פאוץ,גרמים,90.00,100 גרם,false,1,5.90,6.56,true,1,
7614500035788,false,טובלרון חלב 200 גרם,מונדלייז,CH,טובלרון חלב,גרמים,200.00,100 גרם,false,0,19.90,9.95,true,1,
7622010001858,false,עוג.אוראו קרם וניל 176ג,פי אר ג'\יי אס אי מנדלז,UA,עוגיות אוראו,גרמים,176.00,100 גרם,false,1,9.90,5.63,true,1,
7622201801809,false,שוק.חלב אגוזים מילקה100ג,מנדלז דויצ'\לנד סנקס פרו,DE,שוקולד מילקה,גרמים,100.00,100 גרם,false,1,8.90,8.90,true,1,
7622210826053,false,שוקולד אוראו סנדוויץ92גר,מונדלייז,HU,שוקולד מילקה,גרמים,92.00,100 גרם,false,1,8.90,9.67,true,1,
7622300270506,false,עוגיות ש.שועל שוקולד168ג,מונדלייז,PL,עוגיות מילקה,גרמים,168.00,100 גרם,false,0,13.90,8.27,true,1,
7622300617820,false,שוקולד מילקה אוראו 100 ג,מנדלז דויצ'\לנד סנקס פרו,DE,שוקולד מילקה,גרמים,100.00,100 גרם,false,0,8.90,8.90,true,1,
7640233340035,false,PARFUM LE א.ד.פ לאשה90מל,רבלון בישום,FR,PARFUM LE א.ד.פ,מיליליטרים,90.00,"100 מ""ל",false,1,379.00,421.11,true,1,
7702018069347,false,סכינ.גילוח בלו2 נשים10+5,פרוקטר אנד גמבל,PL,סכיני גילח לנשים,יחידה,1.00,יחידה,false,0,32.90,32.90,true,1,
7702018271788,false,דאו.קליר ג'ל ספורט 70מל,פרוקטר אנד גמבל,PL,דאודורנט קליר,מיליליטרים,70.00,"100 מ""ל",false,0,16.90,24.14,true,1,
7702018334919,false,ג'ילט מכשיר2+ סכינים וונ,פרוקטר & גמבל,US,ג'ילט מכשיר2+ סכ,יחידה,1.00,יחידה,false,1,44.90,44.90,true,1,
7702018404476,false,קצף גילוח סירייס הגנה250,פרוקטר & גמבל,PL,קצף גילח סירייס,מיליליטרים,250.00,"100 מ""ל",false,1,17.90,7.16,true,1,
7702018441075,false,12סכינ.גילוח פיוז'ן ידני,ג'\ילט,DE,סכיני גילוח,יחידה,1.00,יחידה,false,1,178.90,178.90,true,1,
7702018459445,false,סכיני גילוח פיוז'ן פאוור,פרוקטר & גמבל,DE,סכיני גילוח פיוז,יחידה,1.00,יחידה,false,1,199.00,199.00,true,1,
7702018466917,false,ג'ילט סכין בלו 2 פלוס 10,ג'\ילט,US,ג'ילט סכין בלו 2,יחידה,1.00,יחידה,false,1,29.90,29.90,true,1,
7702018469826,false,ג'ילט מכשיר 3* סכין וונו,ג'\ילט פרוקטר אנד גמבל,DE,ג'ילט מכשיר 3* ס,יחידה,1.00,יחידה,false,1,49.90,49.90,true,1,
7702018470884,false,16 סכיני גילוח פיוז'ן,"פרוקטר אנד גמבל, גרמניה",DE,סכיני גילוח,יחידה,1.00,יחידה,false,1,179.00,179.00,true,1,
7702018482740,false,ג'ילט ונוס סימפלי 5 יחיד,ג'\ילט,US,ג'ילט ונוס סימפל,יחידה,1.00,יחידה,false,1,11.90,11.90,true,1,
7702018493647,false,"ג'ל גילוח סקינגארד200מ""ל",פרוקטר & גמבל,GB,ג'ל גילוח ג'ילט,מיליליטרים,200.00,"100 מ""ל",false,1,20.90,10.45,true,1,
7702018544738,false,מכונת עיצוב זקן קינג סי,,CN,מכונה לעיצוב זקן,יחידה,1.00,יחידה,false,1,184.90,184.90,true,1,
7702018581467,false,ונוס סווירל ידית8+סכינים,,GB,סווירל מארז,יחידה,1.00,יחידה,false,1,129.00,129.00,true,1,
7702018866946,false,מכשיר גילוח פיוז'ן ידני,פרוקטר & גמבל,PL,מכשיר גילוח,יחידה,1.00,יחידה,false,1,48.90,48.90,true,1,
7702018978106,false,"דאו.קליר ג'ל A.L 70 מ""ל",פרוקטר אנד גמבל,PL,דאו.קליר ג'ל,מיליליטרים,70.00,"100 מ""ל",false,0,16.90,24.14,true,1,
7702018978120,false,"דאו.קליר ג'ל C.W 70 מ""ל",פרוקטר אנד גמבל,PL,דאו.קליר ג'ל,מיליליטרים,70.00,"100 מ""ל",false,0,16.90,24.14,true,1,
7702018980819,false,ג'ל גילוח סירייס הגנה200,,GB,ג'ל גילוח סירייס,מיליליטרים,200.00,"100 מ""ל",false,1,16.90,8.45,true,1,
7792860006218,false,בייבי דול לקקן 24 גרם,לרטייר,AR,בייבי דול לקקן,גרמים,24.00,100 גרם,false,0,2.20,9.17,true,1,
7891024124826,false,קולגייט אופטיק וייט 75מל,קולגייט פלמוליב,BR,משחת קולגייט,מיליליטרים,75.00,"100 מ""ל",false,0,18.90,25.20,true,1,
8000070081017,false,קפסולו.אספרסו דרגה10 ג50,לאוג'\י לוואצה אס.פי.אי,IT,קפסולות קפה,גרמים,50.00,100 גרם,false,1,19.90,39.80,true,1,
8000380007257,false,ופלים גרדנה 200 גרם,א. לואקר,IT,ופלים גרדנה,גרמים,200.00,100 גרם,false,0,15.90,7.95,true,1,
8000380153442,false,לואקר קלאסי אגוז 90 גרם,,IT,לואקר קלאסי,גרמים,90.00,100 גרם,false,0,8.90,9.89,true,1,
8000500023624,false,חטיף קינדר הפי היפו 5יח',פררו,DE,קינדר הפי היפו,גרמים,102.00,100 גרם,false,0,13.90,13.63,true,1,
8000500023976,false,בונ.רפאלו 150 גרם,פררו - אלבה,PL,בונבונ.רפאלו,גרמים,150.00,100 גרם,false,0,18.90,12.60,true,1,
8000500026731,false,ביצי הפתעה קינדר 20*3 גר,פררו,IT,ביצי הפתעה קינדר,גרמים,60.00,100 גרם,false,1,13.90,23.17,true,1,
8000500029350,false,קינדר בואנו 43*3 גרם,פררו,PL,קינדר בואנו,גרמים,129.00,100 גרם,false,0,11.90,9.22,true,1,
8000500071083,false,שוקולד קינדר 200 גרם,פררו,IT,שוקולד חלב קינדר,גרמים,200.00,100 גרם,false,0,14.50,7.25,true,1,
8000500121436,false,קינדר בואנו לבן 39*3 גרם,פררו,PL,קינדר בואנו לבן,גרמים,117.00,100 גרם,false,0,11.90,10.17,true,1,
8000500227848,false,נוטלה בי רדי 132 גרם,פררו,IT,נוטלה בי רדי,גרמים,132.00,100 גרם,false,1,13.50,10.23,true,1,
8000500269169,false,קינדר קארדס 128 גרם,,IT,קינדר קארדס,גרמים,128.00,100 גרם,false,1,13.90,10.86,true,1,
8001090184412,false,פיירי לכלים לימון 900 מל,פרוקטר אנד גמבל,GB,פיירי לכלים,מיליליטרים,900.00,"100 מ""ל",false,1,12.90,1.43,true,1,
8001090222848,false,שמפו הרבל שמן ארגן400מ,פרוקטר אנד גמבל,FR,שמפו הרבל אסנס,מיליליטרים,400.00,"100 מ""ל",false,1,25.90,6.48,true,1,
8001090222879,false,"מרכך הרבל שמן ארגן400מ""ל",פרוקטר אנד גמבל,FR,מרכך הרבל אסנס,מיליליטרים,400.00,"100 מ""ל",false,1,25.90,6.48,true,1,
8001090290939,false,אורל בי White 3D לבן 75,פרוקטר אנד גמבל,DE,משחת אורל בי,מיליליטרים,75.00,"100 מ""ל",false,1,20.90,27.87,true,1,
8001090336491,false,31פמפרס בייבי דריי שלב+4,פרוקטר אנד גמבל,DE,פמפרס בייבי,יחידה,1.00,יחידה,false,1,36.90,36.90,true,1,
8001090336521,false,30פמפרס בייבי דריי שלב5,פרוקטר אנד גמבל,DE,פמפרס בייבי,יחידה,1.00,יחידה,false,1,36.90,36.90,true,1,
8001090336606,false,26פמפרס בייבי דריי שלב6,פרוקטר אנד גמבל,DE,פמפרס בייבי,יחידה,1.00,יחידה,false,1,36.90,36.90,true,1,
8001090375285,false,פנטן מרכך מרוכז משי 200מ,פרוקטר אנד גמבל,FR,מרכך פנטן,מיליליטרים,200.00,"100 מ""ל",false,1,28.90,14.45,true,1,
8001090377487,false,פנטן מסיכה לחות מוגבר300,פרוקטר אנד גמבל,FR,מסיכה פנטן,מיליליטרים,300.00,"100 מ""ל",false,1,37.90,12.63,true,1,
8001090379337,false,40פמפרס פרימיוםVP מידה3,P&G,PL,פמפרס פרימיום,יחידה,1.00,יחידה,false,1,39.90,39.90,true,1,
8001090379368,false,34פמפרס פרימיוםVP מידה4,P&G,PL,פמפרס פרימיום,יחידה,1.00,יחידה,false,1,39.90,39.90,true,1,
8001090379399,false,30פמפרס פרימיוםVP מידה5,P&G,PL,פמפרס פרימיום,יחידה,1.00,יחידה,false,1,39.90,39.90,true,1,
8001090540577,false,"מי פה WHITE D 500 מ""ל",פרוקטר אנד גמבל,DE,מי פה WHITE D,מיליליטרים,500.00,"100 מ""ל",false,1,29.90,5.98,true,1,
8001090632715,false,מש.אורל בי לילד פרוזן75מ,פרוקטר אנד גמבל,DE,משחת שיניים לילד,מיליליטרים,75.00,"100 מ""ל",false,1,19.90,26.53,true,1,
8001090678195,false,הד&שולדרס סופרים לחות275,פרוקטר אנד גמבל,RO,מרכך הד&שולדרס,מיליליטרים,275.00,"100 מ""ל",false,1,16.90,6.14,true,1,
8001090678614,false,שמפו הד&שולרס סופרים400,פרוקטר אנד גמבל,FR,שמפו הד&שולדרס,מיליליטרים,400.00,"100 מ""ל",false,1,19.90,4.98,true,1,
8001090832450,false,"שמפו פנטן קלאסי 660 מ""ל",פרוקטר & גמבל,RO,שמפו פנטן,מיליליטרים,660.00,"100 מ""ל",false,1,23.90,3.62,true,1,
8001090832535,false,"פנטן שמפו משקם 660 מ""ל",פרוקטר אנד גמבל,RO,שמפו פנטן,מיליליטרים,660.00,"100 מ""ל",false,1,23.90,3.62,true,1,
8001090832573,false,שמפו פנטן לחות מוגברת660,פרוקטר אנד גמבל,RO,שמפו פנטן,מיליליטרים,660.00,"100 מ""ל",false,1,23.90,3.62,true,1,
8001090832610,false,"שמפו פנטן מגע משי 660מ""ל",פרוקטר אנד גמבל,RO,שמפו פנטן,מיליליטרים,660.00,"100 מ""ל",false,1,23.90,3.62,true,1,
8001090832696,false,פנטן שמפו לתלתלים 660 מל,פרוקטר אנד גמבל,RO,שמפו פנטן,מיליליטרים,660.00,"100 מ""ל",false,1,23.90,3.62,true,1,
8001090832771,false,פנטן שמפו הזנה קרטין660מ,פרוקטר אנד גמבל,RO,שמפו פנטן,מיליליטרים,660.00,"100 מ""ל",false,1,23.90,3.62,true,1,
8001090832931,false,"מרכך פנטן מגע משי660 מ""ל",פרוקטר אנד גמבל,RO,מרכך פנטן,מיליליטרים,660.00,"100 מ""ל",false,1,23.90,3.62,true,1,
8001090856005,false,פנטן מרכך סופר פוד 200 מ,פרוקטר אנד גמבל,FR,פנטן מרכך הקסם,מיליליטרים,200.00,"100 מ""ל",false,1,28.90,14.45,true,1,
8001090861276,false,מרכך פנטן סופר פוד 660מל,פרוקטר אנד גמבל,RO,מרכך פנטן,מיליליטרים,660.00,"100 מ""ל",false,1,23.90,3.62,true,1,
8001090883490,false,הד&שולדרס קולור פרפקט400,פרוקטר אנד גמבל,FR,הד&שולדרס קולור,מיליליטרים,400.00,"100 מ""ל",false,1,19.90,4.98,true,1,
8001090899224,false,20 אולוויז פלטינום לונג,פרוקטר אנד גמבל,DE,תחבושות אולוייז,יחידה,1.00,יחידה,false,1,25.90,25.90,true,1,
8001090899255,false,16 אולוויז פלטינום לילה,פרוקטר אנד גמבל,DE,תחבשות אולוויז,יחידה,1.00,יחידה,false,1,25.90,25.90,true,1,
8001090899286,false,14אולוויז פלטינום לילה,פרוקטר אנד גמבל,UA,תחבושות אולוויז,יחידה,1.00,יחידה,false,1,25.90,25.90,true,1,
8001160001786,false,"גטורייד כחול 500מ""ל",אקווה מינרלה סאן בנדטו,IT,גטורייד כחול,מיליליטרים,500.00,"100 מ""ל",false,0,10.90,2.18,true,1,
8001620015629,false,פרוטה תפוז אדום 400 מל,אקווה מינרלה סאן בנדטו ב,IT,פרוטה תפוז אדום,מיליליטרים,400.00,"100 מ""ל",false,1,7.90,1.98,true,1,
8001620017449,false,"סן בנדטו ספורט, 500מ""ל",אקווה מינרלה סאן בנדטו ב,IT,מים מינרלים טבעי,מיליליטרים,500.00,"100 מ""ל",false,1,5.00,1.00,true,1,
8001620019160,false,"סאן בנדטו אפרסק 400 מ""ל",אקווה מינרלה סאן בנדטו ב,IT,סאן בנדטו אפרסק,מיליליטרים,400.00,"100 מ""ל",false,1,6.90,1.73,true,1,
8001841053684,false,12תחב.אולוויז עבה לונג+,פרוקטר אנד גמבל )ראה קוד,UA,תחבושות אולוויז,יחידה,1.00,יחידה,false,1,13.90,13.90,true,1,
8001841053806,false,9תחבוש.אולוויז עבות לילה,פרוקטר אנד גמבל,DE,תחבושות אולוויז,יחידה,1.00,יחידה,false,1,13.90,13.90,true,1,
8001841077949,false,מגבוני פמפרס פרש 52*4 יח,פרוקטר אנד גמבל,DE,מגבוני פמפרס 4יח,יחידה,1.00,יחידה,false,1,20.90,20.90,true,1,
8001841104751,false,52 פמפרס פרימיום שלב 1,פרוקטר אנד גמבל,TR,פמפרס,יחידה,1.00,יחידה,false,1,39.90,39.90,true,1,
8001841104799,false,46 פמפרס פרימיום שלב 2,פרוקטר אנד גמבל,TR,פמפרס,יחידה,1.00,יחידה,false,1,39.90,39.90,true,1,
8001841105093,false,26 פמפרס פרימיום שלב 6,פרוקטר אנד גמבל,US,פמפרס,יחידה,1.00,יחידה,false,1,39.90,39.90,true,1,
8001841410524,false,שמפו הד&שולדרס קוקוס600מ,פרוקטר אנד גמבל,RO,שמפו הד&שולדרס,מיליליטרים,600.00,"100 מ""ל",false,1,25.90,4.32,true,1,
8001841413334,false,קונד.הד&שולדרס קוקוס275מ,פרוקטר אנד גמבל,RO,קונדיש.הד&שולדרס,מיליליטרים,275.00,"100 מ""ל",false,1,16.90,6.14,true,1,
8001841427164,false,מגן תחתון פרו פרש לארג40,פרוקטר אנד גמבל,DE,מגן תחתון פרו פר,יחידה,1.00,יחידה,false,1,19.90,19.90,true,1,
8001841500799,false,שמפו ללא סולפט מנגו 380,פרוקטר אנד גמבל,FR,שמפו ללא סולפטים,מיליליטרים,380.00,"100 מ""ל",false,1,18.90,4.98,true,1,
8001841502601,false,מרכך ללא סולפט במבוק 275,פרוקטר אנד גמבל,FR,מרכך ללא סולפטים,מיליליטרים,275.00,"100 מ""ל",false,1,18.90,6.87,true,1,
8001841660530,false,"קרם פנטן מיראקלס 270 מ""ל",,FR,קרמ פנטן מיראקלס,גרמים,270.00,100 גרם,false,1,23.90,8.85,true,1,
8001841669465,false,קפסולות אריאל ניחוח לנור,פרוקטר אנד גמבל,FR,קפסולות גל כביסה,יחידה,1.00,יחידה,false,1,39.90,39.90,true,1,
8001841669519,false,אריאל קפסולות ג'ל 55יח,פרוקטר אנד גמבל,FR,קפסולות לכביסה,יחידה,1.00,יחידה,false,1,59.90,59.90,true,1,
8001841971995,false,תחבושות אולטרא סקיור ליל,פרוקטור אנד גמבל,HU,תחבושות סקיור,יחידה,1.00,יחידה,false,1,19.90,19.90,true,1,
8002110383709,false,קרם ידיים ניוטרוג'ינה50מ,ג'ונסון,FR,קרם ידיים,מיליליטרים,50.00,"100 מ""ל",false,0,24.90,49.80,true,1,
8003440997871,false,מסטיק פיורפרש תות 200גרם,,TR,מסטיק מנטוס,גרמים,200.00,100 גרם,false,1,22.00,11.00,true,1,
8005200486526,false,"נסטי בטעם אפרסק 500 מ""ל",סן-פלגרינו,IT,נסטי בטעם אפרסק,מיליליטרים,500.00,"100 מ""ל",false,0,5.90,1.18,true,1,
8005610367170,false,FLORA GUCCI אדפ לאשה75מל,קוטי,ES,פלורה בי גוצי,מיליליטרים,75.00,"100 מ""ל",false,0,399.00,532.00,true,1,
8006540088692,false,הרבל אסנס מסכה מרוכזת450,S BLOIS GAMBLE & PROCTER,FR,הרבל אסנס מסכה,מיליליטרים,450.00,"100 מ""ל",false,1,46.90,10.42,true,1,
8006540110317,false,שמפו פנטן מיראקלס 400מ,,RO,פנטן מיראקלס,גרמים,400.00,100 גרם,false,1,20.90,5.23,true,1,
8006540112823,false,לנור מרכך מרוכז900מל,פרוקטר אנד גמבל,US,לנור מרכך מרוכז,מיליליטרים,900.00,"100 מ""ל",false,1,11.90,1.32,true,1,
8006540157374,false,פנטן מיראקלס במבוק 275מ,,FR,פנטן מיראקלס,מיליליטרים,275.00,"100 מ""ל",false,1,20.90,7.60,true,1,
8006540221068,false,מגן תחתון אולוויז לונג 4,פרוקטר & גמבל,DE,מגן תחתון אולווי,יחידה,1.00,יחידה,false,1,19.90,19.90,true,1,
8006540221341,false,מגן תחתון אולוויז לארג 4,,DE,מגן תחתון אולווי,יחידה,1.00,יחידה,false,1,19.90,19.90,true,1,
8006540221426,false,מגן תחתון דייליס סלים 74,,DE,מגן תחתון דייליס,יחידה,1.00,יחידה,false,1,19.90,19.90,true,1,
8006540221464,false,מגן תחתון אולוויז נורמל,,DE,מגן תחתון אולווי,יחידה,1.00,יחידה,false,1,19.90,19.90,true,1,
8006540385029,false,"הד&שולדרס מן 2ב1 540מ""ל",URLATI GAMBLE & PROCTER,RO,הד&שולדרס מן 2ב1,מיליליטרים,540.00,"100 מ""ל",false,1,26.90,4.98,true,1,
8006540385067,false,"שמפו ה&ש מן ספורט 540מ""ל",URLATI GAMBLE & PROCTER,RO,ה&ש שמפו מן,מיליליטרים,540.00,"100 מ""ל",false,1,26.90,4.98,true,1,
8006540406694,false,פמפרס מכנס מידה4 42יח,,PL,פמפרס מכנסונים,יחידה,1.00,יחידה,false,1,54.90,54.90,true,1,
8006540406724,false,פמפרס מכנס מידה 5 38יח,,PL,פמפרס מכנסונים,יחידה,1.00,יחידה,false,1,54.90,54.90,true,1,
8006540406793,false,פמפרס מכנס מידה 6 34יח,,PL,פמפרס מכנסונים,יחידה,1.00,יחידה,false,1,54.90,54.90,true,1,
8006540410905,false,הד&שולדרס שמפו 7ב1 450מ,S BLOIS GAMBLE & PROCTER,FR,ה&ש שמפו 7 ב1-,מיליליטרים,450.00,"100 מ""ל",false,1,25.90,5.76,true,1,
8006540410967,false,הד&שולדרס שמפו 7ב1 450מ,S BLOIS GAMBLE & PROCTER,FR,הד&שולדרס שמפו,גרמים,450.00,100 גרם,false,1,25.90,5.76,true,1,
8006540592434,false,תחבושות אולטרא נורמל 28,פרוקטר & גמבל,HU,תחבושות אולטרא,יחידה,1.00,יחידה,false,1,19.90,19.90,true,1,
8006540592465,false,תחבושות אולטרה לונג 24 י,פרוקטר & גמבל,HU,תחבושות לונג,יחידה,1.00,יחידה,false,1,19.90,19.90,true,1,
8006540592496,false,תחבושות כפול לילה 20 יחי,פרוקטר & גמבל,HU,תחבושות כפול ליל,יחידה,1.00,יחידה,false,1,19.90,19.90,true,1,
8011003801619,false,ורסאצה פור הום אדט200גבר,,IT,ורסאצה פור הום,מיליליטרים,200.00,"100 מ""ל",false,1,319.00,159.50,true,1,
8011003817498,false,"ברייט קריסטל אדט 200 מ""ל",,IT,ברייט קריסטל אדט,מיליליטרים,200.00,"100 מ""ל",false,1,389.00,194.50,true,1,
8011003826490,false,ורסצה דילן בלו ג.אדט200מ,לילית בישום,IT,ורסצ'ה דילן בלו,מיליליטרים,200.00,"100 מ""ל",false,0,319.00,159.50,true,1,
8011003861224,false,EROS א.ד.פ לגבר וסצ'ה,,IT,EROS א.ד.פ לגבר,מיליליטרים,100.00,"100 מ""ל",false,1,249.00,249.00,true,1,
8011003872077,false,EROS VERSACE א.ד.פ 100,,FR,EROS VERSACE א.,מיליליטרים,100.00,"100 מ""ל",false,1,319.00,319.00,true,1,
8011003876709,false,מארז קריסטל נויר לאישה,EUROITALIA,IT,מארז קריסטל נויר,יחידה,1.00,יחידה,false,1,379.00,379.00,true,1,
8011003993826,false,CRYSTAL BRIGHTאדט90מל,לילית בישום,IT,CRYSTAL BRIGHT,מיליליטרים,90.00,"100 מ""ל",false,0,215.00,238.89,true,1,
8011530820022,false,DONNA TRUSSARDIאדפ100מל,לילית בישום,IT,DONNA TRUSSARDI,מיליליטרים,100.00,"100 מ""ל",false,1,339.00,339.00,true,1,
8017331040584,false,מש.להלבנת שינים-שפופ75גר,SHALPHARM ZER,IT,משחה להלבנתשינים,גרמים,75.00,100 גרם,false,0,29.90,39.87,true,1,
8017331045213,false,בלנקס משחה שיניים 75 גרם,SHALPHARM ZER,IT,בלנקס מש.שיניים,גרמים,75.00,100 גרם,false,0,29.90,39.87,true,1,
8017331051573,false,"בלאנקס וייט שוק 75 מ""ל",SHALPHARM ZER,IT,בלאנקס וייט שוק,מיליליטרים,75.00,"100 מ""ל",false,0,29.90,39.87,true,1,
8017331055427,false,בלנקס וייט שוק קיט בלאנ,SHALPHARM ZER,IT,בלנקס וייט שוק,יחידה,1.00,יחידה,false,1,99.90,99.90,true,1,
8017331074039,false,מש.שיניים פחם להלבנה 75מ,SHALPHARM ZER,IT,משחת שיניים פחם,מיליליטרים,75.00,"100 מ""ל",false,1,29.90,39.87,true,1,
8018365071261,false,ורסצ'ה קריס נואר אדט 50מ,לילית בישום,IT,ורסצ'ה קריס נואר,מיליליטרים,50.00,"100 מ""ל",false,0,199.00,398.00,true,1,
8032880800243,false,פיקניק הפתעה 50 גרם,"הוסטה איטליה, ס.ר.ל.",IT,פיקניק הפתעה,גרמים,50.00,100 גרם,false,0,9.90,19.80,true,1,
8053853182548,false,ממחטות נייר פרוזן 6 יחיד,,IL,ממחטות נייר 6 יח,יחידה,1.00,יחידה,false,1,9.90,9.90,true,1,
8053853182562,false,ממחטות נייר פרוזן 56 יח',,IL,ממחטות נייר 56יח,יחידה,1.00,יחידה,false,1,11.90,11.90,true,1,
8076800195057,false,ספגטי מס' 5 ברילה500גר,ברילה גי.אי.אר פרטלי ס.פ,IT,ספגטי מס 5 ברילה,גרמים,500.00,100 גרם,false,0,11.90,2.38,true,1,
8410104511340,false,ויט 12רצועות שעווה יבש,רקיט בנקיזר,FR,רצועות שעווה ויט,יחידה,1.00,יחידה,false,0,38.90,38.90,true,1,
8410436218177,false,צבע לשיער אולאו 5-86 יח,הנקל סוד,DE,צבע לשיער אולאו,יחידה,1.00,יחידה,false,0,43.90,43.90,true,1,
8410436218252,false,צבע לשיער אולאו 6-10 יח,הנקל סוד,IL,צבע לשיער אולאו,יחידה,1.00,יחידה,false,0,43.90,43.90,true,1,
8410436227698,false,צבע לשיער אולאו 3-10 יח,הנקל סוד,DE,צבע לשיער סאיוס,יחידה,1.00,יחידה,false,0,43.90,43.90,true,1,
8411061043844,false,BLACK VIP 212 אדפ 100מל,,FR,BLACK VIP 212 א,מיליליטרים,100.00,"100 מ""ל",false,1,195.00,195.00,true,1,
8411061045756,false,ROSE 212VIPאדפ+תחליב גוף,PUIG בישום,ES,ROSE 212VIP אדפ,יחידה,1.00,יחידה,false,1,279.00,279.00,true,1,
8411061045794,false,212MEN א.ד.ט לגבר מארז,PUIG בישום,ES,212MEN א.ד.ט לגב,יחידה,1.00,יחידה,false,1,250.00,250.00,true,1,
8411061865460,false,sexy 212 א.ד.פ לאשה 60מל,לילית בישום,IL,sexy 212 א.ד.פ,מיליליטרים,60.00,"100 מ""ל",false,1,199.00,331.67,true,1,
8411061865583,false,sexy 212 אדט לגבר 100 מל,PUIG בישום,IL,212 סקסי אדט,מיליליטרים,100.00,"100 מ""ל",false,0,219.00,219.00,true,1,
8411114086965,false,מארז חד קרן,,ES,חד קרן סט,יחידה,1.00,יחידה,false,0,94.90,94.90,true,1,
8423207206488,false,סלים דליס מצופה שוקולד6י,סלים דליס,ES,חטיפי דגנים מרבה,גרמים,120.00,100 גרם,false,0,15.90,13.25,true,1,
8423207208703,false,סלים דליס שוקו.מריר 6 יח,סלים דליס,ES,סלים דליס 6 יח,גרמים,120.00,100 גרם,false,1,15.90,13.25,true,1,
8423207210287,false,סלים דליס שוק.לבן+יוג6יח,ביסצ'ורי,ES,סלים דליס 6 יח,גרמים,120.00,100 גרם,false,1,15.90,13.25,true,1,
8427030007274,false,סימילאק קומפורט HMOשלב1-,אבוט לבורטוריס ס.א.,ES,סימילאק קומפורט,גרמים,360.00,100 גרם,false,1,50.90,14.14,true,1,
8427030007281,false,סימילאק קומפורט HMOשלב1-,ABBOT,ES,סימילאק קומפורט,גרמים,820.00,100 גרם,false,1,105.90,12.91,true,1,
8427030007298,false,סימילאק קומפורט HMOשלב2-,אבוט לבורטוריס ס.א.,ES,סימילאק קומפורט,גרמים,820.00,100 גרם,false,1,105.90,12.91,true,1,
8431754002682,false,VAPO EDT HALLOWEEN מל200,,ES,VA EDT HALLOWEEN,מיליליטרים,200.00,"100 מ""ל",false,1,299.00,149.50,true,1,
8435137759781,false,100ML EDT CARBON PLR,,FR,CARBON PLR,מיליליטרים,1.00,"100 מ""ל",false,0,329.00,32900.00,true,1,
8435137764730,false,INTENSE PRADA לגבר 100 מ,,FR,INTENSE PRADA לג,מיליליטרים,100.00,"100 מ""ל",false,1,439.00,439.00,true,1,
8435415011341,false,ז'אן פול גוטייה אדט100מל,PUIG בישום,IL,ז'אן פול גוטייה,מיליליטרים,100.00,"100 מ""ל",false,0,329.00,329.00,true,1,
8435415012690,false,"לה מאל אדט 200 מ""ל",PUIG בישום,IL,לה מאל אדט,מיליליטרים,200.00,"100 מ""ל",false,0,379.00,189.50,true,1,
8683130025574,false,"מרכך בדין לבנדר960 מ""ל",יבוא ושיווק: יוניליוור י,TR,מרכך בדין לבנדר,מיליליטרים,960.00,"100 מ""ל",false,1,16.90,1.76,true,1,
8690526009278,false,חטיף קרמל מצופה שוק126גר,"GIDA ETI , טורקיה n\",TR,חטיף קרמל מצופה,גרמים,126.00,100 גרם,false,1,10.90,8.65,true,1,
8690526009353,false,מיני חטיף בוטנים מצופ140,"GIDA ETI , טורקיה n\",TR,מיני חטיף בוטנים,גרמים,140.00,100 גרם,false,1,10.90,7.79,true,1,
8690526029238,false,וופל מצופה שוק.מריר50*3ג,"GIDA ETI , טורקיה n\",TR,וופל מצופה שוקול,גרמים,150.00,100 גרם,false,1,10.90,7.27,true,1,
8690572778326,false,דאו.ספריי פה כותנה 200 מ,הנקל סוד,TR,דאודורנט פה,מיליליטרים,200.00,"100 מ""ל",false,1,9.90,4.95,true,1,
8690637505607,false,מרכך כביסה פינוק960מל,יוניליוור סנאיי וי טיקאר,TR,מרכך כביסה בדין,מיליליטרים,960.00,"100 מ""ל",false,1,16.90,1.76,true,1,
8690637688195,false,תה ירוק קלאסי ליפטון20ש,,TR,תה ירוק ליפטון,גרמים,30.00,100 גרם,false,0,17.40,58.00,true,1,
8690637704376,false,"דאב שמפו יום יומי 600מ""ל",יוניליוור סנאיי וי טיקאר,TR,שמפו דאב,מיליליטרים,600.00,"100 מ""ל",false,0,16.90,2.82,true,1,
8690637704390,false,"דאב מרכך יום יומי 600מ""ל",יוניליוור,TR,דאב מרכך שיער,מיליליטרים,600.00,"100 מ""ל",false,0,16.90,2.82,true,1,
8690637704451,false,דאב מרכך שמני הזנה 600 מ,יוניליוור,TR,דאב מרכך,מיליליטרים,600.00,"100 מ""ל",false,0,16.90,2.82,true,1,
8690637835643,false,תה ירוק לימונית לואיז20ש,,TR,תה ירוק ליפטון,גרמים,30.00,100 גרם,false,1,17.40,58.00,true,1,
8690637871061,false,שמפו דאב שמן אבוקדו 600מ,יוניליוור,TR,שמפו דאב,מיליליטרים,600.00,"100 מ""ל",false,1,16.90,2.82,true,1,
8690637916991,false,דאב מרכך שמן אבוקדו 600,יוניליוור,TR,מרכך שיער דאב,מיליליטרים,600.00,"100 מ""ל",false,1,16.90,2.82,true,1,
8690637946301,false,בדין אקסטרא בייבי 960 מל,יוניליוור סנאיי וי טיקאר,TR,בדין מרכך בייבי,מיליליטרים,960.00,"100 מ""ל",false,1,16.90,1.76,true,1,
8690637946318,false,בדין אקסטרא בייבי טלק960,יוניליוור סנאיי וי טיקאר,TR,מרכך בדין בייבי,מיליליטרים,960.00,"100 מ""ל",false,1,16.90,1.76,true,1,
8690637976995,false,בדין ורוד סחלבים960מל,יוניליוור סנאיי וי טיקאר,TR,בדין אקסטרה ורוד,מיליליטרים,960.00,"100 מ""ל",false,1,16.90,1.76,true,1,
8693495052177,false,סבון פלמוליב זיתים 750 מ,קולגייט פלמוליב,TR,סבון פלמוליב,מיליליטרים,750.00,"100 מ""ל",false,1,20.90,2.79,true,1,
8693495052931,false,2מברשות קולגייט360אדוונס,,CN,מברשות קולגייט,יחידה,1.00,יחידה,false,1,41.90,41.90,true,1,
8693495054058,false,פלמוליב לומינוס מקדמי750,קולגייט פלמוליב,TR,פלמוליב ג'ל רחצה,מיליליטרים,750.00,"100 מ""ל",false,1,20.90,2.79,true,1,
8697659234447,false,מיני מאוס קרם גוף פיור 1,פארמה דיל,IL,מיני מאוס ק.גוף,מיליליטרים,100.00,"100 מ""ל",false,1,9.90,9.90,true,1,
8697659244712,false,בושם סופרמן 100מ+אדט מאר,רון ביוטיפול,TR,סט דיסני,יחידה,1.00,יחידה,false,1,59.90,59.90,true,1,
8697659244903,false,בושם סופרמן +דאו ספריי מ,רון ביוטיפול,TR,סט דיסני מזוודה,יחידה,1.00,יחידה,false,1,79.90,79.90,true,1,
8710103527770,false,אוונט מוצץ חיות-טרומן,פיליפס אוונט,GB,אוונט מוצץ חיות-,יחידה,1.00,יחידה,false,0,44.90,44.90,true,1,
8710103527800,false,אוונט מוצץ חיות-טרומן,פיליפס אוונט,GB,אוונט מוצץ חיות-,יחידה,1.00,יחידה,false,0,44.90,44.90,true,1,
8710103786672,false,"כוס לגן עם קש +9 200 מ""ל",אוונט,ID,אוונט כוס לגן,יחידה,1.00,יחידה,false,1,49.90,49.90,true,1,
8710103803874,false,מוצץ2יח אולטרה סופט 6-18,פיליפס אוונט,GB,מוצץ אולטרה סופט,יחידה,1.00,יחידה,false,1,54.90,54.90,true,1,
8710103811183,false,אוונט מוצץ קלסיק 0-6בנים,פיליפס אוונט,GB,אוונט מוצץ,יחידה,1.00,יחידה,false,1,44.90,44.90,true,1,
8710103873938,false,אוונט נטורל 2פטמות מעבר,פיליפס אוונט,GB,אוונט פטמת מעבר,יחידה,1.00,יחידה,false,1,43.90,43.90,true,1,
8710103875666,false,"אוונט בקבוק נטורל 125 מ""",פיליפס אוונט,GB,אוונט בקבוק,יחידה,1.00,יחידה,false,1,54.90,54.90,true,1,
8710103876014,false,אוונט בקבוק נטורל כחול 2,אוונט,IL,אוונט בקבוק,יחידה,1.00,יחידה,false,1,54.90,54.90,true,1,
8710103901716,false,מוצץ אולטרא אייר לילה0-6,פיליפס אוונט,GB,מוצץ אולטרא אייר,יחידה,1.00,יחידה,false,1,54.90,54.90,true,1,
8710103922582,false,וואן בלייד 30 דקות,פיליפס-גילוח,ID,וואן בלייד30דקות,יחידה,1.00,יחידה,false,1,159.90,159.90,true,1,
8710428016348,false,פדיאשור ונילה 400 גרם,ABBOT,NL,פדיאשור ונילה,גרמים,400.00,100 גרם,false,1,39.90,9.98,true,1,
8710428016355,false,פדיאשור שוקולד 400 גרם,ABBOT,NL,פדיאשור שוקולד,גרמים,400.00,100 גרם,false,1,39.90,9.98,true,1,
8710447284117,false,"אקס ג'ל רחצה בלק 400 מ""ל",יוניליוור גרמניה,DE,אקס ג'ל רחצה בלק,מיליליטרים,400.00,"100 מ""ל",false,1,15.90,3.98,true,1,
8710502260032,false,עוגיות שוקולד צ'יפס150ג,בנקטבקריי מרבה בי.וי,NL,עוגיות שוקולד,גרמים,150.00,100 גרם,false,0,10.90,7.27,true,1,
8710847942679,false,"טרזמה שמפו המפ 400 מ""ל",,PL,טרזמה שמפו,מיליליטרים,400.00,"100 מ""ל",false,1,18.90,4.73,true,1,
8710908326691,false,דאב תחליב רח.אדמונית750,יוניליוור,DE,תחליב רחצה דאב,מיליליטרים,750.00,"100 מ""ל",false,1,19.90,2.66,true,1,
8712400802499,false,נוטרילון שלב1- 800 גרם,נוטרישיה קאלק,NL,נוטרילון שלה1-,גרמים,800.00,100 גרם,false,0,68.90,8.61,true,1,
8712400802512,false,נוטרילון שלב2- 800 גרם,נוטרישיה קאלק,NL,נוטרילון שלב2-,גרמים,800.00,100 גרם,false,0,68.90,8.61,true,1,
8712400802536,false,נוטרילון שלב3- 800 גרם,נוטרישיה קאלק,NL,נוטרילון שלב3-,גרמים,800.00,100 גרם,false,0,68.90,8.61,true,1,
8712561594608,false,תח.רחצה להזנה עמוקה 750מ,"יוניליוור גרמניה, Gmbh &",DE,תחליב רחצה דאב,מיליליטרים,750.00,"100 מ""ל",false,1,19.90,2.66,true,1,
8712561611411,false,תח.רחצה דאב תה ירוק 750מ,"יוניליוור גרמניה, Gmbh &",DE,תחליב רחצה דאב,מיליליטרים,750.00,"100 מ""ל",false,1,19.90,2.66,true,1,
8712561626286,false,תחליב רחצה דאב זוהר 750מ,יוניליוור,DE,תחליב רחצה דאב,מיליליטרים,750.00,"100 מ""ל",false,1,19.90,2.66,true,1,
8714789303925,false,2 מברשות קולגייט סנסטיב,קולגייט- פלמוליב,CH,2 מברשות שיניים,יחידה,1.00,יחידה,false,0,38.90,38.90,true,1,
8714789831275,false,2מברשות קולגייט 360 וייט,קולגייט פלמוליב,CN,מברשות קולגייט,יחידה,1.00,יחידה,false,0,38.90,38.90,true,1,
8714789930848,false,משחת אופטיק וייט אינסט75,קולגייט פלמוליב,PL,משחת קולגייט,מיליליטרים,75.00,"100 מ""ל",false,0,18.90,25.20,true,1,
8717163628812,false,"טרזמה מסכה להחלקה300 מ""ל","יוניליוור פולין, רחוב קר",PL,טרזמה מסכה משקמת,מיליליטרים,300.00,"100 מ""ל",false,1,34.90,11.63,true,1,
8717163647226,false,דאו ספריי גוף בלאק 150 מ,יוניליוור אנגליה,TR,אקס ספריי,מיליליטרים,150.00,"100 מ""ל",false,1,11.90,7.93,true,1,
8717163647240,false,דאו ספריי גוף שוקולד150מ,יוניליוור אנגליה,TR,אקס ספריי,מיליליטרים,150.00,"100 מ""ל",false,1,11.90,7.93,true,1,
8717163647264,false,דאו ספריי גוף אייס 150 מ,יוניליוור אנגליה,TR,אקס ספריי,מיליליטרים,150.00,"100 מ""ל",false,1,11.90,7.93,true,1,
8717163655764,false,דאו.רקסונה שאוור פרש 150,"קוסטר אירוסול, גבזה 4140",TR,דאודורנט רקסונה,מיליליטרים,150.00,"100 מ""ל",false,1,17.90,11.93,true,1,
8717163655825,false,דאודורנט רקסונה כותנה150,"קוסטר אירוסול, גבזה 4140",TR,דאודורנט רקסונה,מיליליטרים,150.00,"100 מ""ל",false,1,17.90,11.93,true,1,
8717163714850,false,דאו.דאב ספריי קוקוס 150מ,"קוסטר אירוסול, גבזה 4140",TR,דאודורנט דאב,מיליליטרים,150.00,"100 מ""ל",false,1,12.90,8.60,true,1,
8718117607662,false,נוטרילוןAR 900גרם,נוטרישיה קאלק,NL,נוטרילון AR,גרמים,900.00,100 גרם,false,1,99.90,11.10,true,1,
8718951030169,false,משחת קולגייט סנסטיב 75מל,,PL,משחת קולגייט,מיליליטרים,75.00,"100 מ""ל",false,1,18.90,25.20,true,1,
8718951044913,false,"משחת מרידול להלבנה 75מ""ל",קולגייט פלמוליב,GB,משחת מרידול,מיליליטרים,75.00,"100 מ""ל",false,1,20.90,27.87,true,1,
8718951052109,false,מברשת שיניים חשמלית מיני,קולגייט-פלמוליב,CH,מברשת שיניים חשמ,יחידה,1.00,יחידה,false,1,39.90,39.90,true,1,
8718951093331,false,2 מברשות מרידול סופט,קולגייט פלמוליב,CH,זוג מברשות מרידו,יחידה,1.00,יחידה,false,1,38.90,38.90,true,1,
8718951187115,false,2מב.שיניים אלמקס לילד3-6,אלמקס,CN,מברשות אלמקס 2יח,יחידה,1.00,יחידה,false,1,25.90,25.90,true,1,
8718951187122,false,2מב.שיניים אלמקס לילד0-3,,DE,מברשות אלמקס,יחידה,1.00,יחידה,false,1,25.90,25.90,true,1,
8718951222779,false,"משחת מרידול פיור 75 מ""ל",קולגייט,PL,משחת מרידול,מיליליטרים,75.00,"100 מ""ל",false,1,24.90,33.20,true,1,
8718951231504,false,מברשת שיניים חשמלית טרול,קולגייט-פלמוליב,CH,מברשת שיניים חשמ,יחידה,1.00,יחידה,false,1,39.90,39.90,true,1,
8718951236790,false,קולגייט טוטל קלין 100 מל,קולגייט פלמוליב,PL,קולגייט טוטל,מיליליטרים,100.00,"100 מ""ל",false,1,16.90,16.90,true,1,
8718951236806,false,קולגייט טוטל להלבנה 100מ,,PL,קולגייט טוטל,מיליליטרים,100.00,"100 מ""ל",false,1,16.90,16.90,true,1,
8718951236813,false,קולגייט טוטל אדוונס100מ,קולגייט פלמוליב,PL,משחת קולגייט,מיליליטרים,100.00,"100 מ""ל",false,1,16.90,16.90,true,1,
8718951240742,false,קולגייט טוטל פסים 100 מל,קולגייט פלמוליב,PL,קולגייט טוטל,מיליליטרים,100.00,"100 מ""ל",false,1,16.90,16.90,true,1,
8718951249608,false,מברשת שיניים חשמלית באטמ,קולגייט-פלמוליב,CH,מברשת שיניים,יחידה,1.00,יחידה,false,1,39.90,39.90,true,1,
8718951259409,false,תחליב רחצה נטורלס750מ,קולגייט פלמוליב,TR,תחליב רחצה נטורל,מיליליטרים,750.00,"100 מ""ל",false,1,20.90,2.79,true,1,
8718951265103,false,מברשות אולטרה סופט 2 יח,,,מברשות קולגייט2*,יחידה,1.00,יחידה,false,0,39.90,39.90,true,1,
8718951278851,false,מ.שיניים אדוונס וויט פחם,קולגייט,PL,מ.שיניים קולגייט,מיליליטרים,100.00,"100 מ""ל",false,1,15.90,15.90,true,1,
8718951281738,false,משחת אלמקס סניסיטיב 75מל,,PL,משחת אלמקס,מיליליטרים,75.00,"100 מ""ל",false,1,18.90,25.20,true,1,
8718951314023,false,תחליב ר.פלמוליב אפרסק750,קולגייט פלמוליב,TR,תחליב רחצה אפרסק,מיליליטרים,750.00,"100 מ""ל",false,1,20.90,2.79,true,1,
8718951315303,false,משחת קולגייט אדום 100*2מ,,PL,משחת קולגייט 2יח,מיליליטרים,200.00,"100 מ""ל",false,1,18.90,9.45,true,1,
8718951319806,false,ג'ל רחצה מרענן לגבר 750מ,קולגייט,TR,ג'ל רחצה לגבר,מיליליטרים,750.00,"100 מ""ל",false,1,20.90,2.79,true,1,
8718951366015,false,קולגייט להלבנה מיידית75מ,,PL,קולגייט להלבנה,מיליליטרים,75.00,"100 מ""ל",false,1,53.90,71.87,true,1,
8718951370135,false,סבון פלמוליב סנסיישן750מ,קולגייט פלמוליב,TR,סבון פלמוליב,מיליליטרים,750.00,"100 מ""ל",false,1,20.90,2.79,true,1,
8718951377998,false,זוג מברשות סופט פואם,,CN,זוג מברשות סופט,יחידה,1.00,יחידה,false,1,39.90,39.90,true,1,
8718951380981,false,קולגייט מי פה פחם פלאקס,קולגייט,PL,קולגייט מי פה,מיליליטרים,500.00,"100 מ""ל",false,1,19.90,3.98,true,1,
8718951381292,false,משחת מקס דיטוקס פואם125,,PL,משחת מקס דיטוקס,מיליליטרים,125.00,"100 מ""ל",false,1,22.90,18.32,true,1,
8718951382718,false,"סבון פלמוליב חימר 750 מ""",קולגייט פלמוליב,TR,סבון פמוליב,מיליליטרים,750.00,"100 מ""ל",false,1,20.90,2.79,true,1,
8718951382787,false,מש.אופטיק ווייט חימר75מל,,PL,משחת אופטיק חימר,מיליליטרים,75.00,"100 מ""ל",false,1,29.90,39.87,true,1,
8718951412378,false,משחת מרידול לחניכיים 75מ,קולגייט פלמוליב,PL,מרידול משחה,מיליליטרים,75.00,"100 מ""ל",false,1,24.90,33.20,true,1,
8718951428522,false,סב.רחצה פלמוליב לגבר750מ,,TR,סבון פלמוליב,מיליליטרים,750.00,"100 מ""ל",false,1,20.90,2.79,true,1,
8718951446588,false,"סבון פלמוליב סחלב500מ""ל",,TR,סבון פלמוליב,מיליליטרים,500.00,"100 מ""ל",false,1,17.90,3.58,true,1,
8718951509627,false,"קולגייט לאוהבי קפה 75מ""ל",,PL,קולגייט משחה,מיליליטרים,75.00,"100 מ""ל",false,1,29.90,39.87,true,1,
8720181046605,false,דאו.דאב ספריי אורגינל150,"קוסטר אירוסול, גבזה 4140",TR,דאודורנט דאב,מיליליטרים,150.00,"100 מ""ל",false,1,12.90,8.60,true,1,
8720181046612,false,דאב רול און אורגינל 50מל,"יוניליוור אנגליה, דרך קו",GB,דאב רול און,מיליליטרים,50.00,"100 מ""ל",false,1,12.90,25.80,true,1,
8720181090202,false,תחליב רחצה עם שמן זית,"יוניליוור גרמניה, Gmbh &",DE,תחליב רחצה דאב,מיליליטרים,750.00,"100 מ""ל",false,1,19.90,2.66,true,1,
8720181123955,false,"ג'ל רחצה ריצ'ארג' 400מ""ל",יוניליוור גרמניה Gmbh &,DE,ג'ל רחצה ריצ'ארג,מיליליטרים,400.00,"100 מ""ל",false,1,15.90,3.98,true,1,
8720181201332,false,דאב סבון מוצק גרגרים90*4,יוניליוור ישראל טיפוח אי,DE,דאב סבון מוצק גר,גרמים,360.00,100 גרם,false,1,17.00,4.72,true,1,
8720182253156,false,דאב סבון מוצק מלפפונים,יוניליוור ישראל טיפוח אי,DE,דאב סבון מוצק מל,גרמים,360.00,100 גרם,false,1,17.00,4.72,true,1,
8720182256850,false,דאב סבון מוצק קלאסי 90*4,יוניליוור ישראל טיפוח אי,DE,דאב סבון מוצק קל,גרמים,360.00,100 גרם,false,1,17.00,4.72,true,1,
8850389103128,false,משקה סאפה תפוח,,TH,משקה סאפה תפוח,מיליליטרים,300.00,"100 מ""ל",false,0,7.90,2.63,true,1,
8850389103159,false,"מוגו ליצ'י קוקוס 320 מ""ל",סאפה פובליק קומפני לימיט,TH,מוגו ליצ'י קוקוס,מיליליטרים,320.00,"100 מ""ל",false,1,6.90,2.16,true,1,
8850389104637,false,סאפה אפרסק,,TH,סאפה אפרסק,מיליליטרים,300.00,"100 מ""ל",false,0,7.90,2.63,true,1,
8850389111352,false,"מוגו מלון קוקוס 320 מ""ל",סאפה פובליק קומפני לימיט,TH,מוגו מלון קוקוס,מיליליטרים,320.00,"100 מ""ל",false,1,6.90,2.16,true,1,
8888021200256,false,שמינית סוללות AA,אנרג'ייזר,SG,שמינית סוללות,יחידה,1.00,יחידה,false,0,32.90,32.90,true,1,
8901314517487,false,מברשת קולגייט 360 4*,,IN,מברשת קולגייט360,יחידה,1.00,יחידה,false,1,29.90,29.90,true,1,
9000100806657,false,פה רול און אינויזיבל 50מ,הנקל סוד,DE,דאודורנט פה,מיליליטרים,50.00,"100 מ""ל",false,0,9.90,19.80,true,1,
9000101418163,false,ברף בניחוח תפוח50*3 גרם,הנקל,RS,ברף לאסלה 3 יח,גרמים,150.00,100 גרם,false,1,20.90,13.93,true,1,
9000101520965,false,ברף בניחוח לוטוס 50*3גרם,הנקל,RS,ברף לאסלה 3 יח,גרמים,150.00,100 גרם,false,1,20.90,13.93,true,1,
9000101548419,false,קולור קאצ'ר לכביסה18דף,"הנקל סוד בע""\מ",IE,קולר קאצ'ר לבן,יחידה,1.00,יחידה,false,1,14.90,14.90,true,1,
9001616202117,false,2 מוצצי סיליקון,,HU,2 מוצצי סיליקון,יחידה,1.00,יחידה,false,0,34.90,34.90,true,1,
9001616202131,false,מאמ מוצץ מיני עיגולים,MAM,HU,מאמ מוצץ מיני,יחידה,1.00,יחידה,false,0,34.90,34.90,true,1,
9001616202148,false,זוג מוצצי לטקס,MAM,HU,זוג מוצצים,יחידה,1.00,יחידה,false,0,34.90,34.90,true,1,
9001616202155,false,מאמ2- מוצצים 16)MAXIULTI,MAM,HU,זוג מוצצים מאמ,יחידה,1.00,יחידה,false,0,34.90,34.90,true,1,
9001616202452,false,מוצץ מאמ,,HU,מוצץ מאמ,יחידה,1.00,יחידה,false,0,34.90,34.90,true,1,
9001616203305,false,פיטמה MAM למזון סמיך,MAM,HU,פיטמה למזון סמיך,יחידה,1.00,יחידה,false,0,29.90,29.90,true,1,
9001616203350,false,FLOW SLOW מאמ פטמות,MAM,AT,מאמ פטמות,יחידה,1.00,יחידה,false,0,29.90,29.90,true,1,
9001616203367,false,פטמה לבקבוק שלב 2,MAM,AT,פטמה לבקבוק,יחידה,1.00,יחידה,false,0,28.90,28.90,true,1,
9001616205781,false,מוצץ מאמ,,HU,מוצץ מאמ,יחידה,1.00,יחידה,false,0,34.90,34.90,true,1,
9001616620065,false,מוצץ מאמ,,HU,מוצץ מאמ,יחידה,1.00,יחידה,false,0,34.90,34.90,true,1,
9001616680991,false,בקבוק אנטי קוליק תכלת,MAM,AT,בקבוק אנטי קוליק,יחידה,1.00,יחידה,false,1,31.90,31.90,true,1,
9001616681363,false,בקבוק אנטי קוליק ורוד,MAM,HU,בקבוק אנטי קוליק,מיליליטרים,260.00,"100 מ""ל",false,1,31.90,12.27,true,1,
9001616682223,false,בקבוק אנטי קוליק וורוד,MAM,HU,בקבוק אנטי קוליק,מיליליטרים,160.00,"100 מ""ל",false,1,31.90,19.94,true,1,
9001616702600,false,זוג מוצצים 0-2 בת)ורוד(,MAM,HU,זוג מוצצים 0-2 ב,יחידה,1.00,יחידה,false,1,34.90,34.90,true,1,
9001616702655,false,זוג מוצצים 0-6 זוהר בת י,MAM,HU,זוג מוצצים 0-6 ז,יחידה,1.00,יחידה,false,1,34.90,34.90,true,1,
9001616702686,false,זוג מוצצים 0-6 איי בת יח,MAM,HU,זוג מוצצים 0-6 א,יחידה,1.00,יחידה,false,1,34.90,34.90,true,1,
9001616702716,false,זוג מוצצים +6 זוהר בת 2*,MAM,HU,זוג מוצצים +6 זו,יחידה,1.00,יחידה,false,1,34.90,34.90,true,1,
9001616702723,false,זוג מוצצים +6 זוהר יניס2,MAM,HU,זוג מוצצים +6 זו,יחידה,1.00,יחידה,false,1,34.90,34.90,true,1,
9001616702808,false,זוג מוצצים +6 קלירלי בת,MAM,HU,זוג מוצצים +6 קל,יחידה,1.00,יחידה,false,1,34.90,34.90,true,1,
9001616702846,false,זוג מוצצים איר 0-6 בת 2*,MAM,HU,זוג מוצצים איר 0,יחידה,1.00,יחידה,false,1,34.90,34.90,true,1,
9001616702877,false,זוג מוצצים +16 בת)ורוד(,MAM,HU,זוג מוצצים +16 ב,יחידה,1.00,יחידה,false,1,34.90,34.90,true,1,
9001616702921,false,בקבוק אנטי קוליק לבן,MAM,HU,בקבוק אנטי קוליק,יחידה,1.00,יחידה,false,1,31.90,31.90,true,1,
9001616702983,false,בקבוק תינוק סגול,MAM,HU,בקבוק תינוק סגול,מיליליטרים,330.00,"100 מ""ל",false,1,31.90,9.67,true,1,
9001616702990,false,בקבוק תינוק ירוק,MAM,HU,בקבוק תינוק ירו,מיליליטרים,330.00,"100 מ""ל",false,1,31.90,9.67,true,1,
9001616703010,false,בקבוק תינוק ורוד,MAM,AT,בקבוק תינוק ורוד,מיליליטרים,330.00,"100 מ""ל",false,1,31.90,9.67,true,1,
9001616703027,false,בקבוק תינוק אפור,MAM,AT,בקבוק תינוק אפור,מיליליטרים,330.00,"100 מ""ל",false,1,31.90,9.67,true,1,
9001616804571,false,ידיות לבקבוק ורוד זוג,MAM,AT,ידיות לבקבוק ורו,יחידה,1.00,יחידה,false,1,34.90,34.90,true,1,
9001616813856,false,מאמ מוצצים יום ולילה 3יח,MAM,AT,מוצצים יום ולילה,יחידה,1.00,יחידה,false,1,49.90,49.90,true,1,
9310088007015,false,8 תחבושות דיפנד לילה,קימברלי-קלארק,CN,תחבושות דיפנד,יחידה,1.00,יחידה,false,0,19.90,19.90,true,1,
9310714206119,false,ג'ל צביעה לגבר חום בהיר,הנקל סוד,DE,ג'ל צביעה לגבר,יחידה,1.00,יחידה,false,0,64.90,64.90,true,1,
9310714206133,false,ג'ל צביעה לגבר חום כהה,הנקל סוד,DE,ג'ל צביעה לגבר,יחידה,1.00,יחידה,false,0,64.90,64.90,true,1,
9310714206157,false,ג'ל צביעה לגבר90 שחור,הנקל סוד,DE,ג'ל צביעה לגבר,יחידה,1.00,יחידה,false,0,64.90,64.90,true,1,
