code,internal_code,name,manufacturer_name,manufacture_country,manufacturer_item_description,unit_qty,quantity,unit_of_measure,weighted,qty_in_package,price,unit_of_measure_price,allow_discount,status,item_id
2,true,עגבניות,ביכורי שדה דרום 2002,,עגבניות,קילוגרמים,1.00,"ק""ג",true,,7.50,7.5000,true,1,95054
3,true,עגבניות שרי,ביכורי שדה דרום 2002,,עגבניות שרי,קילוגרמים,1.00,"ק""ג",true,,18.90,18.9000,true,1,95735
4,true,מלפפון,ביכורי שדה דרום 2002,,מלפפון,קילוגרמים,1.00,"ק""ג",true,,6.90,6.9000,true,1,97005
6,true,גזר ארוז,ביכורי שדה דרום 2002,,גזר ארוז,קילוגרמים,1.00,"ק""ג",true,,3.90,3.9000,true,1,96486
7,true,סלק,ביכורי שדה דרום 2002,,סלק,קילוגרמים,1.00,"ק""ג",true,,5.90,5.9000,true,1,94181
8,true,כרוב לבן,ביכורי שדה דרום 2002,,כרוב לבן,קילוגרמים,1.00,"ק""ג",true,,4.50,4.5000,true,1,94440
9,true,כרוב סיני,ביכורי שדה דרום 2002,,כרוב סיני,Unknown,0.00,Unknown,false,1,6.90,0.0000,true,1,93932
10,true,תפוח אדמה ירושלמי/כו,ירק הגליל,,תפוח אדמה ירושלמי/כוזביה,קילוגרמים,1.00,"ק""ג",true,,13.90,13.9000,true,1,92491
11,true,שזיף שגיב,ביכורי שדה דרום 2002,,שזיף שגיב,קילוגרמים,1.00,"ק""ג",true,,19.90,19.9000,true,1,96731
12,true,כרוב אדום,ביכורי שדה דרום 2002,,כרוב אדום,קילוגרמים,1.00,"ק""ג",true,,5.90,5.9000,true,1,95510
13,true,כרובית,ביכורי שדה דרום 2002,,כרובית,קילוגרמים,1.00,"ק""ג",true,,9.90,9.9000,true,1,95551
15,true,צנונית ארוזה,ביכורי שדה דרום 2002,,צנונית ארוזה,Unknown,0.00,Unknown,false,1,5.90,0.0000,true,1,95573
16,true,קישואים,ביכורי שדה דרום 2002,,קישואים,קילוגרמים,1.00,"ק""ג",true,,9.90,9.9000,true,1,92768
19,true,תרד,,,תרד,Unknown,0.00,Unknown,false,1,7.90,0.0000,true,1,96273
20,true,חציל,ביכורי שדה דרום 2002,,חציל,קילוגרמים,1.00,"ק""ג",true,,6.90,6.9000,true,1,95657
22,true,פלפל ירוק,ביכורי שדה דרום 2002,,פלפל ירוק,קילוגרמים,1.00,"ק""ג",true,,7.90,7.9000,true,1,96304
23,true,פלפל בהיר,ביכורי שדה דרום 2002,,פלפל בהיר,קילוגרמים,1.00,"ק""ג",true,,7.90,7.9000,true,1,96309
25,true,פלפל חריף ירוק,ביכורי שדה דרום 2002,,פלפל חריף ירוק,קילוגרמים,1.00,"ק""ג",true,,8.90,8.9000,true,1,93600
26,true,פלפל אדום,ביכורי שדה דרום 2002,,פלפל אדום,קילוגרמים,1.00,"ק""ג",true,,9.90,9.9000,true,1,92881
27,true,פלפל צהוב,ביכורי שדה דרום 2002,,פלפל צהוב,קילוגרמים,1.00,"ק""ג",true,,10.90,10.9000,true,1,93607
28,true,פלפל כתום,ביכורי שדה דרום 2002,,פלפל כתום,קילוגרמים,1.00,"ק""ג",true,,8.90,8.9000,true,1,96962
29,true,פלפל רומריאו/פלפלוני,ירק הגליל,,פלפל רומריאו/פלפלונים,Unknown,0.00,Unknown,false,1,6.90,0.0000,true,1,93627
30,true,מלון,ביכורי שדה דרום 2002,,מלון,קילוגרמים,1.00,"ק""ג",true,,6.90,6.9000,true,1,93630
31,true,בצל יבש,ביכורי שדה דרום 2002,,בצל יבש,קילוגרמים,1.00,"ק""ג",true,,4.50,4.5000,true,1,94511
33,true,בצל יבש אדום,ביכורי שדה דרום 2002,,בצל יבש אדום,קילוגרמים,1.00,"ק""ג",true,,6.90,6.9000,true,1,95747
35,true,קולורבי,ביכורי שדה דרום 2002,,קולורבי,קילוגרמים,1.00,"ק""ג",true,,8.90,8.9000,true,1,93368
36,true,חסה ערבית,ביכורי שדה דרום 2002,,חסה ערבית,Unknown,0.00,Unknown,false,1,3.90,0.0000,true,1,94522
37,true,חסה עגולה,ביכורי שדה דרום 2002,,חסה עגולה,Unknown,0.00,Unknown,false,1,5.90,0.0000,true,1,96382
44,true,לוף,ביכורי שדה דרום 2002,,לוף,קילוגרמים,1.00,"ק""ג",true,,16.90,16.9000,true,1,97038
50,true,דלעת,ביכורי שדה דרום 2002,,דלעת,קילוגרמים,1.00,"ק""ג",true,,11.50,11.5000,true,1,94578
52,true,שמיר ארוז,,,שמיר ארוז,Unknown,0.00,Unknown,false,1,3.90,0.0000,true,1,94585
53,true,כוסברה ארוזה,,,כוסברה ארוזה,Unknown,0.00,Unknown,false,1,3.90,0.0000,true,1,97069
54,true,נענע ארוזה,,,נענע ארוזה,Unknown,0.00,Unknown,false,1,3.90,0.0000,true,1,93655
55,true,סלרי ראש ארוז,,,סלרי ראש ארוז,Unknown,0.00,Unknown,false,1,4.90,0.0000,true,1,97073
56,true,סלרי אמריקאי ארו,,,סלרי אמריקאי ארו,Unknown,0.00,Unknown,false,1,5.90,0.0000,true,1,97084
57,true,שורש פטרוזיליה ארוז,,,שורש פטרוזיליה ארוז,Unknown,0.00,Unknown,false,1,4.90,0.0000,true,1,97087
60,true,תפוח עץ זהב,ביכורי שדה דרום 2002,,תפוח זהב,קילוגרמים,1.00,"ק""ג",true,,9.90,9.9000,true,1,95231
61,true,תפוח עץ סמיט גרנד,ביכורי שדה דרום 2002,,"תפו""ע סמיט גרנד",קילוגרמים,1.00,"ק""ג",true,,9.90,9.9000,true,1,94149
67,true,תפוח עץ גלה,ביכורי שדה דרום 2002,,תפוח עץ גלה,קילוגרמים,1.00,"ק""ג",true,,11.90,11.9000,true,1,93727
96,true,פטריות במשקל,מרינה פטריות הגליל,,פטריות במשקל,קילוגרמים,1.00,"ק""ג",true,,29.90,29.9000,true,1,94883
97,true,שום יבש,,,שום יבש,Unknown,0.00,Unknown,false,1,7.90,0.0000,true,1,94493
100,true,תות שדה,ביכורי שדה דרום 2002,,תות שדה יחידה,Unknown,0.00,Unknown,false,,19.90,0.0000,true,1,92322
101,true,תירס ארוז,ביכורי שדה דרום 2002,,תירס ארוז,קילוגרמים,1.00,"ק""ג",true,,9.90,9.9000,true,1,92556
102,true,בטטה,ביכורי שדה דרום 2002,,בטטה,קילוגרמים,1.00,"ק""ג",true,,9.90,9.9000,true,1,92332
103,true,ברוקולי ארוז,ביכורי שדה דרום 2002,,ברוקולי ארוז,קילוגרמים,1.00,"ק""ג",true,,16.90,16.9000,true,1,92454
104,true,תפוח אדמה לבן,ביכורי שדה דרום 2002,,"תפו""א לבן",קילוגרמים,1.00,"ק""ג",true,,4.50,4.5000,true,1,92334
105,true,תפוח אדמה אדום,ביכורי שדה דרום 2002,,"תפו""א אדום",קילוגרמים,1.00,"ק""ג",true,,5.90,5.9000,true,1,92335
106,true,תפוח עץ ורוד,ביכורי שדה דרום 2002,,"תפו""ע ורוד",קילוגרמים,1.00,"ק""ג",true,,13.90,13.9000,true,1,92558
107,true,תפוח עץ חרמון/סטרקינ,ביכורי שדה דרום 2002,,"תפו""ע חרמון/סטרקינג",קילוגרמים,1.00,"ק""ג",true,,11.90,11.9000,true,1,92468
108,true,אגס ירוק,ביכורי שדה דרום 2002,,אגס ירוק,קילוגרמים,1.00,"ק""ג",true,,12.90,12.9000,true,1,92469
110,true,בננה,ביכורי שדה דרום 2002,,בננה,קילוגרמים,1.00,"ק""ג",true,,5.90,5.9000,true,1,92350
111,true,ענב לבן,ביכורי שדה דרום 2002,,ענב לבן,קילוגרמים,1.00,"ק""ג",true,,21.90,21.9000,true,1,96742
112,true,ענב שחור,ביכורי שדה דרום 2002,,ענב שחור,קילוגרמים,1.00,"ק""ג",true,,19.50,19.5000,true,1,92717
113,true,שזיף אדום,ביכורי שדה דרום 2002,,שזיף אדום,קילוגרמים,1.00,"ק""ג",true,,17.90,17.9000,true,1,92580
118,true,מנגו,ביכורי שדה דרום 2002,,מנגו,קילוגרמים,1.00,"ק""ג",true,,14.50,14.5000,true,1,92412
119,true,תפוזים,ביכורי שדה דרום 2002,,תפוזים,קילוגרמים,1.00,"ק""ג",true,,5.90,5.9000,true,1,92411
121,true,תפוזינה,ביכורי שדה דרום 2002,,תפוזינה,קילוגרמים,1.00,"ק""ג",true,,7.50,7.5000,true,1,95517
123,true,אשכולית לבנה,ביכורי שדה דרום 2002,,אשכולית,קילוגרמים,1.00,"ק""ג",true,,5.90,5.9000,true,1,93474
125,true,לימון,ביכורי שדה דרום 2002,,לימון,קילוגרמים,1.00,"ק""ג",true,,8.90,8.9000,true,1,92504
126,true,קלמנטינה,ביכורי שדה דרום 2002,,קלמנטינה,קילוגרמים,1.00,"ק""ג",true,,6.90,6.9000,true,1,96807
128,true,פומלית,ביכורי שדה דרום 2002,,פומלית,קילוגרמים,1.00,"ק""ג",true,,5.90,5.9000,true,1,93478
129,true,אבוקדו,ביכורי שדה דרום 2002,,אבוקדו,קילוגרמים,1.00,"ק""ג",true,,12.90,12.9000,true,1,94036
130,true,פלפל שושקה,,,פלפל שושקה,קילוגרמים,1.00,"ק""ג",true,,13.90,13.9000,true,1,92509
131,true,אפרסמון,ביכורי שדה דרום 2002,,אפרסמון,קילוגרמים,1.00,"ק""ג",true,,13.50,13.5000,true,1,96809
132,true,קיווי,ביכורי שדה דרום 2002,,קיווי,קילוגרמים,1.00,"ק""ג",true,,16.90,16.9000,true,1,94053
139,true,רימון,ביכורי שדה דרום 2002,,רימון,קילוגרמים,1.00,"ק""ג",true,,8.90,8.9000,true,1,94061
153,true,פטרוזיליה ארוזה,,,פטרוזיליה ארוזה,Unknown,0.00,Unknown,false,1,3.90,0.0000,true,1,92758
154,true,דובדבנים,ביכורי שדה דרום 2002,,דובדבנים,Unknown,0.00,Unknown,false,1,14.90,0.0000,true,1,92760
159,true,אפרסמון קרמבו,ירק הגליל,,אפרסמון קרמבו,קילוגרמים,1.00,"ק""ג",true,,13.50,13.5000,true,1,95579
160,true,תפוח עץ יונתן,ביכורי שדה דרום 2002,,"תפו""ע יונתן",קילוגרמים,1.00,"ק""ג",true,,11.90,11.9000,true,1,92769
163,true,פומלה לבנה,ביכורי שדה דרום 2002,,פומלה לבנה,קילוגרמים,1.00,"ק""ג",true,,7.90,7.9000,true,1,94989
166,true,קוקוס,ביכורי שדה דרום 2002,,קוקוס,Unknown,0.00,Unknown,false,1,7.90,0.0000,true,1,92780
185,true,אשכולית אדומה,ביכורי שדה דרום 2002,,אשכולית אדומה,קילוגרמים,1.00,"ק""ג",true,,5.90,5.9000,true,1,92817
188,true,אגס נאשי לבן,ביכורי שדה דרום 2002,,אגס נאשי לבן,קילוגרמים,1.00,"ק""ג",true,,16.90,16.9000,true,1,96887
189,true,אגס נאשי חום,ביכורי שדה דרום 2002,,אגס נאשי חום,קילוגרמים,1.00,"ק""ג",true,,16.90,16.9000,true,1,96892
193,true,תפוח עץ אודם,ביכורי שדה דרום 2002,,תפוח עץ אודם,קילוגרמים,1.00,"ק""ג",true,,11.90,11.9000,true,1,96904
337,true,ישבן הודו מעושן,מעדני בשר יהודה,,ישבן הודו מעושן,קילוגרמים,1.00,"ק""ג",true,,22.00,22.0000,true,1,143506
338,true,כנף הודו מעושן,מעדני בשר יהודה,,כנף הודו מעושן,קילוגרמים,1.00,"ק""ג",true,,45.00,45.0000,true,1,143507
352,true,נקניק קרוביאנקה,,,נקניק סוגוק פרוס,קילוגרמים,1.00,"ק""ג",true,,89.00,89.0000,true,1,173444
364,true,נקניק ילדים,מעדני בשר יהודה,,נקניק ילדים,קילוגרמים,1.00,"ק""ג",true,,35.00,35.0000,true,1,92920
368,true,נקניק בייגלה,מעדני בשר יהודה,,נקניק בייגלה,קילוגרמים,1.00,"ק""ג",true,,59.00,59.0000,true,1,92921
373,true,פריזר מיני/ עם שום/,מעדני בשר יהודה,,פריזר מיני,קילוגרמים,1.00,"ק""ג",true,,42.00,42.0000,true,1,93954
387,true,קבנוס/ קבנוס פיקנטי,מעדני בשר יהודה,,קבנוס/ קבנוס פיקנטי,קילוגרמים,1.00,"ק""ג",true,,59.00,59.0000,true,1,97001
845,true,סרדלקי סביניה,מעדני בשר השוקת,,סרדלקי סביניה,קילוגרמים,1.00,"ק""ג",true,,75.00,75.0000,true,1,96095
849,true,ליברניה,מעדני בשר השוקת,,ליברניה,קילוגרמים,1.00,"ק""ג",true,,79.00,79.0000,true,1,94446
1362,true,נקניקיות מעושנות בוו,מעדני בשר יהודה,,נקניקיות מעושנות בוואקום,קילוגרמים,1.00,"ק""ג",true,,29.00,29.0000,true,1,148761
1363,true,סרדלקי עוף,מעדני בשר יהודה,,סרדלקי עוף,קילוגרמים,1.00,"ק""ג",true,,35.00,35.0000,true,1,121682
1364,true,סרדלקי עגל בוואקום,מעדני בשר יהודה,,סרדלקי עגל בוואקום,קילוגרמים,1.00,"ק""ג",true,,35.00,35.0000,true,1,148811
1377,true,נקניק ביתי דיברובסקי,מעדני בשר יהודה,,נקניק ביתי דיברובסקיה,קילוגרמים,1.00,"ק""ג",true,,65.00,65.0000,true,1,144324
1384,true,נקניקיות עוף בוואקום,מעדני בשר יהודה,,נקניקיות עוף בוואקום,קילוגרמים,1.00,"ק""ג",true,,35.00,35.0000,true,1,119927
1389,true,נקניקיות פס אדום/שחו,מעדני בשר יהודה,,נקניקיות פס אדום/שחור בוואקום,קילוגרמים,1.00,"ק""ג",true,,29.00,29.0000,true,1,119923
1400,true,כנף ברווז מעושן,"ולדמן ביח""ר לנקניק ו",,כנף ברווז מעושן,קילוגרמים,1.00,"ק""ג",true,,49.00,49.0000,true,1,95565
1441,true,נקניק פרח שלם,"ולדמן ביח""ר לנקניק ו",,נקניק פרח שלם,קילוגרמים,1.00,"ק""ג",true,,106.00,106.0000,true,1,96211
1444,true,סרוולט קופצסקי שלם,"ולדמן ביח""ר לנקניק ו",,"סרוולט קופצ""סקי שלם",קילוגרמים,1.00,"ק""ג",true,,106.00,106.0000,true,1,92606
1458,true,לשון בקר מעושן,,,לשון בקר מעושן,קילוגרמים,1.00,"ק""ג",true,,79.00,79.0000,true,1,170326
1472,true,נקניק ליפצקיה שלם,"ולדמן ביח""ר לנקניק ו",,נקניק ליפצקיה שלם,קילוגרמים,1.00,"ק""ג",true,,96.00,96.0000,true,1,96213
1486,true,נקניק סרוולט אורחובי,"ולדמן ביח""ר לנקניק ו",,נקניק סרוולט אורחובי,קילוגרמים,1.00,"ק""ג",true,,106.00,106.0000,true,1,95572
1834,true,נקניק הרץ שלם,מעדני מניה תעשיות בש,,נקניק הרץ שלם,קילוגרמים,1.00,"ק""ג",true,,92.00,92.0000,true,1,93533
1840,true,נקניקיות שמנת אישי ב,,,נקניקיות שמנת אישי בוואקום של דימוב,קילוגרמים,1.00,"ק""ג",true,,79.00,79.0000,true,1,199867
1846,true,נקניק דוקטורסקיה דימ,,,נקניק דוקטורסקיה דימוב,קילוגרמים,1.00,"ק""ג",true,,85.00,85.0000,true,1,178396
1847,true,נקניק מולוצניה דימוב,,,נקניק מולוצניה דימוב,קילוגרמים,1.00,"ק""ג",true,,85.00,85.0000,true,1,178397
1865,true,ויטצינה לארוחת בוקר,,,ויטצינה לארוחת בוקר דימוב,קילוגרמים,1.00,"ק""ג",true,,85.00,85.0000,true,1,178398
1910,true,קוטלט מעושן בואקום,,,קוטלט מעושן בואקום,קילוגרמים,1.00,"ק""ג",true,,99.00,99.0000,true,1,199864
1911,true,פולקה איטלקי גוש,,,פולקה איטלקי גוש,קילוגרמים,1.00,"ק""ג",true,,95.00,95.0000,true,1,188639
1913,true,פסטרמה לבנה/מעושנת/פ,,,פסטרמה לבנה/מעושנת/פלפל/חרדל גוש בואקום,קילוגרמים,1.00,"ק""ג",true,,95.00,95.0000,true,1,199865
1961,true,שפק מעושן גוש בואקום,,,שפק מעושן גוש בואקום,קילוגרמים,1.00,"ק""ג",true,,139.00,139.0000,true,1,199863
10040,true,חלה רגילה 500 גר,מאפיית ברמן,,"חלה רגילה 500 גר""",גרמים,500.00,100 גרם,false,1,5.00,1.0000,true,1,92525
10317,true,סופגנייה מטוגנת קטנה,,,סופגנייה מטוגנת קטנה,גרמים,40.00,100 גרם,false,1,2.90,7.2500,true,1,148785
10318,true,סופגנייה מטוגנת,,,סופגנייה מטוגנת,Unknown,0.00,Unknown,false,1,3.90,0.0000,true,1,148786
11044,true,שקית מתנה קטנה,,,שקיות מתנה קטנה,Unknown,0.00,Unknown,false,1,0.50,0.0000,true,1,92541
11111,true,שקיות גופייה מודפסות,,,שקיות גופייה מודפסות,Unknown,0.00,Unknown,false,1,0.10,0.0000,false,1,174106
11856,true,סרוולט מבושל אלכסון,,,סרוולט מבושל אלכסון,קילוגרמים,1.00,"ק""ג",true,,99.00,99.0000,true,1,183889
11857,true,פינסקיה אלכסון,מעדני בשר השוקת,,פינסקיה אלכסון,קילוגרמים,1.00,"ק""ג",true,,99.00,99.0000,true,1,147652
16186,true,עוגת פס תפוחים,,,עוגת פס תפוע,קילוגרמים,1.00,"ק""ג",true,,39.00,39.0000,true,1,168017
16250,true,עוגת פס גבינה,,,עוגת פס גבינה,קילוגרמים,1.00,"ק""ג",true,,44.00,44.0000,true,1,174954
16274,true,עוגה בחושה בננה 500,,,עוגה בחושה בננה,גרמים,500.00,100 גרם,false,1,14.90,2.9800,true,1,177078
16275,true,עוגה בחושה שוקו 500,,,עגה בחושה שוקו,גרמים,500.00,100 גרם,false,1,14.90,2.9800,true,1,177079
16276,true,עוגה בחושה פרג 500 ג,,,עוגה בחושה פרג,גרמים,500.00,100 גרם,false,1,14.90,2.9800,true,1,177080
16280,true,עוגת פס פרג,,,עוגת פס פרג,קילוגרמים,1.00,"ק""ג",true,,39.00,39.0000,true,1,177076
16282,true,עוגת מאפינס חלווה 50,,,עוגת מאפינס חלווה,גרמים,500.00,100 גרם,false,1,22.90,4.5800,true,1,177082
16336,true,קיש אישי בטטה 250 גר,,,קיש אישי בטטה,גרמים,250.00,100 גרם,false,1,19.90,7.9600,true,1,182292
16339,true,קיש אישי כרובית 250,,,קיש אישי כרובית,גרמים,250.00,100 גרם,false,1,19.90,7.9600,true,1,182295
16340,true,קיש אישי פטריות 250,,,קיש אישי פטריות,גרמים,250.00,100 גרם,false,1,19.90,7.9600,true,1,181348
17501,true,כרעיים עוף טרי ארוז,,,כבד אווז,קילוגרמים,1.00,"ק""ג",true,,21.90,21.9000,true,1,187976
17502,true,חזה עוף טרי ארוז,,,חזה עוף טרי ארוז,קילוגרמים,1.00,"ק""ג",true,,36.90,36.9000,true,1,187978
17503,true,שניצל עוף טרי ארוז,,,שניצל עוף טרי ארוז,קילוגרמים,1.00,"ק""ג",true,,39.90,39.9000,true,1,187977
17504,true,שוקיים עוף טרי ארוז,פנדי עוף,,שוקיים עוף טרי ארוז,קילוגרמים,1.00,"ק""ג",true,,26.90,26.9000,true,1,187979
17505,true,כנפיים עוף טרי ארוז,,,כנפיים עוף טרי ארוז,קילוגרמים,1.00,"ק""ג",true,,17.90,17.9000,true,1,187983
17506,true,סטייק פרגית טרי ארוז,,,סטייק פרגית טרי ארוז,קילוגרמים,1.00,"ק""ג",true,,59.90,59.9000,true,1,187980
19641,true,לשון בקר,,,לשון בקר,קילוגרמים,1.00,"ק""ג",true,,29.90,29.9000,true,1,96283
4138493,true,עגלת עמק,,,עגלת עמק,,0.00,,false,,49.90,0.0000,true,1,170925
40084107,false,ביצת שוקולד הפתעה קינדר,קריות זול,IT,ביצת הפתעה קינדר סורפרייז 20 גר,גרמים,20.00,100 גרם,false,1,5.90,29.5000,true,1,156240
40099132,false,מסטיק הובה בובה Hubba Bubba בטעם תות,הובה בובה Hubba Bubba,,"מסטיק ""הובה בובה"" צאנק בטעם תות",Unknown,0.00,Unknown,false,1,3.00,0.0000,true,1,119769
41001356,false,בירה בקס פחית 500 מל,יבואן ומשווק: ש. שסט,DE,בירה בקס פח,מיליליטרים,500.00,"100 מ""ל",false,1,10.90,2.1800,true,1,105636
41019467,false,בירה גרמניה 500 מל,איכבאום,,"בירה גרמניה 0.5 ל"" פ",מיליליטרים,500.00,"100 מ""ל",false,12,7.90,1.5800,true,1,105637
42061939,false,בירה בקס בקבוק 500 מ,"איי, בי, אינבוו",DE,"בירה בקס בק 500 מ""ל",מיליליטרים,500.00,"100 מ""ל",false,1,8.90,1.7800,true,1,184312
42101666,false,מסטיק אורביט איירוייבוז אקליפטוס 35 גר,ריגלי,,מסטיק איירוייבז מנטה ואקליפטוס,Unknown,0.00,Unknown,false,1,5.90,0.0000,true,1,172005
42123866,false,מסטיק הובה בובה צ'אנק פירות קלאסי 35ג',הובה בובה Hubba Bubba,,הובה בובה בטעם קלאסי,גרמים,35.00,100 גרם,false,1,3.00,8.5714,true,1,105656
42134978,false,סרגל מרציפן סנטה 100,Erasmi & Carstens Gm,DE,סרגל מרציפן סנטה 100 גר,גרמים,100.00,100 גרם,false,21,10.90,10.9000,true,1,180951
42135012,false,סרגל איש קרח נוגט 10,Erasmi & Carstens Gm,DE,סרגל איש קרח נוגט 100 גר,גרמים,100.00,100 גרם,false,1,10.90,10.9000,true,1,188172
42138105,false,סיגריות וינסטון סופר סלימס כחול,גיי טי אינטרנשיונל,,וינסטון סופר סלימס כחול,Unknown,0.00,Unknown,false,1,33.00,0.0000,false,1,105661
42182115,false,מסטיק פייב ספירמינט 12 סטיקס,ריגלי צרפת,FR,מסטיק פייב ספירמינט,Unknown,0.00,Unknown,false,1,6.90,0.0000,true,1,105677
42306788,false,מסטיק אורביט איירוייבוז אוכמניות,ריגלי,,מסטיק איירוייבז אוכמניות ומנטה,Unknown,0.00,Unknown,false,1,5.90,0.0000,true,1,172006
42370291,false,סמרטיז פינגווין גונץ,,,סמרטיז פינגווין גונץ 85 גר,גרמים,85.00,100 גרם,false,16,14.90,17.5294,true,1,206920
42370307,false,סמרטיז סנטה קלאוס גו,,,סמרטיז סנטה קלאוס גונץ 85 גר,גרמים,85.00,100 גרם,false,16,14.90,17.5294,true,1,206921
42370314,false,סמרטיז קלפר מולטי מי,,,סמרטיז קלפר מולטי מיקס גונץ 56 גר,גרמים,56.00,100 גרם,false,1,14.90,26.6071,true,1,213544
52070082,false,סיגריות פאל מל סלימס,Unknown,,פאל מאל סופר סלימס ויולט,Unknown,0.00,Unknown,false,1,30.00,0.0000,false,1,186752
59068907,false,סיגריות פאל מאל כחול דמי סלימס,גלוברנס,,פאל מאל כחול דמי סלימס,Unknown,0.00,Unknown,false,1,26.00,0.0000,false,1,185414
59082637,false,"רקסונה - דאודורנט רולאון לגבר אקסטרא קול 50 מ""ל",רקסונה Rexona,,דאודורנט מן רקסונה רול און אקסטרא קול,מיליליטרים,50.00,"100 מ""ל",false,1,11.90,23.8000,true,1,197724
59455233,false,סיגריות ווג ליידי כח,Unknown,,ווג כחול,Unknown,0.00,Unknown,false,1,38.50,0.0000,false,1,105976
59455240,false,סיגריות ווג לידי לילך,Unknown,,ווג ליידי לילך סגול,Unknown,0.00,Unknown,false,1,38.50,0.0000,false,1,105977
72940754,false,מעדן מילקי בטעם וניל עם קצפת,"שטראוס גרופ בע""מ",IL,מילקי וניל 133 גר,גרמים,133.00,100 גרם,false,1,2.90,2.1805,true,1,109205
72940761,false,מעדן מילקי בטעם שוקולד עם קצפת,מיוצר עי קונדיטוריית,IL,מילקי שוקולד 133 גר,גרמים,133.00,100 גרם,false,1,2.90,2.1805,true,1,109206
72940952,false,מעדן מילקי בטעם שוקולד עם אקסטרה קצפת,"שטראוס גרופ בע""מ",IL,"מילקי פי 2 קצפת 170 מ""ל",מיליליטרים,170.00,"100 מ""ל",false,1,3.90,2.2941,true,1,109207
72945308,false,קוביות שמרים לאפיה שמרית 2*25 ג',"פאקא תעשיות בע""מ",IL,שמרית קוביה,גרמים,50.00,100 גרם,false,1,3.50,7.0000,true,1,109211
72961506,false,יוגורט עם תות 1.5% שומן 125 ג' פרילי,מיוצר עי קונדיטוריית,IL,"פרילי תות 125 גר""",גרמים,125.00,100 גרם,false,1,3.90,3.1200,true,1,109217
72963753,false,שמנת אורגינל של פעם 27% שומן 200 ג' תנובה,תנובה מרכז שיתופי לש,IL,שמנת של פעם 27% 200 גר,מיליליטרים,200.00,"100 מ""ל",false,1,4.40,2.2000,true,1,109226
72986370,false,"גלידת בן & ג'ריס פיינטים וניל 500מ""ל",מוצרי איכות אמריקאים,IL,גלידת יוגורט יווני אוכמניות ופירורי עוגי,מיליליטרים,500.00,"100 מ""ל",false,1,19.90,3.9800,true,1,123265
72986424,false,"גלידת בן & ג'ריס פיינטים קרם עוגיות 500מ""ל",מוצרי איכות אמריקאיי,IL,"גלידת קרם עוגיות 500 מ""ל",מיליליטרים,500.00,"100 מ""ל",false,1,19.90,3.9800,true,1,123269
72986448,false,"גלידת בן & ג'ריס פיינטים טופי קראנץ 500מ""ל",מוצרי איכות אמריקאיי,IL,"גלידת טופ קראנץ"" 500 מ""ל",מיליליטרים,500.00,"100 מ""ל",false,1,19.90,3.9800,true,1,123274
72986455,false,"ניו יורק סופר גלידת שוקולד, חתיכות פאדג' ואגוזים",מוצרי איכות אמריקאיי,IL,"גלידת ניו יורק סופר 500 מ""ל",מיליליטרים,500.00,"100 מ""ל",false,1,19.90,3.9800,true,1,123267
72986479,false,"צ'אנקי מנקי גלידת וניל, בננות, חתיכות פאדג' ואגוזים",מוצרי איכות אמריקאיי,IL,"גלידת צ""אנקי מנקי 500 מ""ל",מיליליטרים,500.00,"100 מ""ל",false,1,19.90,3.9800,true,1,123268
72989425,false,"גלידת בן & ג'ריס פיינטים שוקולד בראוניז 500מ""ל",מוצרי איכות אמריקאיי,IL,"גלידת שוקולד בראוניס 500 מ""ל",מיליליטרים,500.00,"100 מ""ל",false,1,19.90,3.9800,true,1,123270
72991008,false,פסק זמן חלב מגדים 45גרם,"שטראוס גרופ בע""מ",IL,פסק זמן חלב קלאסיק מגדים 45 גר,גרמים,45.00,100 גרם,false,24,4.90,10.8889,true,1,109248
72991886,false,"גלידת דולצ'ה בטעם ריבת חלב עם פאדג' בן וג'ירי 500 מ""ל",מוצרי איכות אמריקאיי,IL,"גלידת דולצ""ה דה לצ""ה 500 מ""ל",מיליליטרים,500.00,"100 מ""ל",false,1,19.90,3.9800,true,1,123271
72993637,false,מעדן חלב בטעם שוקולד 125 ג' דני,מחלבת אחיהוד,IL,"מעדן ""דני"" שוקולד",גרמים,125.00,100 גרם,false,1,2.70,2.1600,true,1,109280
72994061,false,חטיף פסק זמן Z Good ופל מגולגל,שולן צ'יקולטה גידה ס,TR,פסק זמן 36 גרם,גרמים,36.00,100 גרם,false,1,4.90,13.6111,true,1,109291
76136184,false,סיגריות פאל מאל סלים כחול,Unknown,,פאל מאל סופר סלימס כחול,Unknown,0.00,Unknown,false,1,30.00,0.0000,false,1,109304
80001461,false,לואקר חטיף שוקולד 38 גר',"א. לואקר קונפקט בע""מ",AT,גרדנה שוקולד מר 38גר,גרמים,38.00,100 גרם,false,1,3.90,10.2632,true,1,109350
80050025,false,סוכריות תפוז 16 ג' טיק טק,קריות זול,ZA,סוכריות טיק טק תפוז,Unknown,0.00,Unknown,false,1,2.90,0.0000,true,1,109613
80050124,false,סוכריות מנטה 16 ג' טיק טק,קריות זול,ZA,סוכריות טיק טק מנטה,Unknown,0.00,Unknown,false,1,2.90,0.0000,true,1,109614
80136194,false,חטיפי הפי היפו Happy Hippo במילוי קרם חלבי ואגוזי לוז,קינדר Kinder,DE,חטיף קינדר הפי היפו אגוזי לוז חמישייה,גרמים,104.00,100 גרם,false,1,13.90,13.3654,true,1,182070
80177173,false,ממרח אגוזי לוז עם קקאו,נוטלה Nutella,IT,ממרח שוקולד נוטלה 350 גר,גרמים,350.00,100 גרם,false,1,14.90,4.2571,true,1,109843
80177609,false,אצבעות שוקולד קינדר Kinder ארבע יחידות,קריות זול,IT,שוקולד אצבעות קינדר 50 גר,גרמים,50.00,100 גרם,false,1,4.90,9.8000,true,1,109845
80177616,false,אצבעות שוקולד קינדר Kinder שמונה יחידות,קריות זול,IT,שוקולד אצבעות קינדר 100 גר,גרמים,100.00,100 גרם,false,1,7.90,7.9000,true,1,109846
80273592,false,פלפל ארבע עונות במטחנה,דרוגריה ואלימנטרי אס,IT,פלפל 4 עונות במטחנה 35 גר,גרמים,35.00,100 גרם,false,1,14.90,42.5714,true,1,157651
80310167,false,קינדר מקסי מאגדת שישיה,,,קינדר מקס,גרמים,128.00,100 גרם,false,20,9.90,7.7344,true,1,157652
80310334,false,שוקולד קינדר סנטה 55,,,שוקולד קינדר סנטה 55 גר,גרמים,55.00,100 גרם,false,24,12.90,23.4545,true,1,206828
80310549,false,הפי היפו חטיף קינדר שוקולד לבן 20.5ג',קריות זול,DE,חטיף קינדר הפי היפו אגוזי לוז 28 יח,Unknown,0.00,Unknown,false,1,2.90,0.0000,true,1,182069
80761761,false,קינדר בואנו לבן בודד 39 גרם,קדבורי,PL,חטיף קינדר בואנו בודד לבן 39 גר,גרמים,39.00,100 גרם,false,1,4.90,12.5641,true,1,109863
80773429,false,מסטיק מנטוס פיור פרש בבקבוק בינוני בטעם תות 60 ג',פרפטי ואן מלה הולנד,TR,מסטיק מנטוס פיור תות ללא סוכר 60 גר,גרמים,60.00,100 גרם,false,1,9.90,16.5000,true,1,183180
80773443,false,מסטיק מנטוס בבקבוק מעוגל בטעם מנטה מעודנת 60 ג',פרפטי ואן מלה הולנד,TR,מסטיק מנטוס בטעם פירות מנטה,גרמים,60.00,100 גרם,false,1,9.90,16.5000,true,1,179128
80854753,false,סוכריות מנטוס מנטה 30 יח' ללא סוכר CLEAN BREATH,מנטוס Mentos,NL,סוכריות מנטוס בטעם מנטה 30 יח,Unknown,0.00,Unknown,false,1,6.90,0.0000,true,1,198465
80862130,false,"מנטוס מסטיק פיור פרש - אבטיח 28 גרם (14 יח') חת""ס",פרפטי ואן מלה ברדה,TR,מסטיק מנטוס פיור בטעם אבטיח 28 גר,גרמים,28.00,100 גרם,false,1,4.90,17.5000,true,1,202259
80913467,false,מסטיק מנטו בבקבוק מעוגל בטעם מנטה 60 ג',פרפטי ואן מלה הולנד,TR,מסטיק מנטוס בטעם מנטה ללא סוכר 60 גר,גרמים,60.00,100 גרם,false,1,9.90,16.5000,true,1,179126
80936848,false,סוכריות טיק טק תות שדה 24 יח',קדבורי,ZA,סוכריות טיק טק תות,גרמים,16.00,100 גרם,false,1,2.90,18.1250,true,1,145991
80954521,false,"מנטוס מסטיק פיור פרש - תות 28 גרם (14 יח') חת""ס",פרפטי ואן מלה ברדה,TR,מסטיק מנטוס פיור בטעם תות 28 גר,גרמים,28.00,100 גרם,false,1,4.90,17.5000,true,1,202258
80995128,false,מנטוס - מסטיק בטעם הדרים בתוספת ויטמינים 60 גרם,פרפטי ואן מלה הולנד,TR,מסטיק מנטוס ויטמין בטעם הדרים 60 גר,גרמים,60.00,100 גרם,false,1,9.90,16.5000,true,1,213355
87108538,false,סוכריות מנטוס Mentos תות שדה,הדקלאים אגודת שיתופי,NL,מנטוס תות 40 גלילים,גרמים,37.00,100 גרם,false,1,3.50,9.4595,true,1,109882
87311396,false,סוכריות מנטוס Mentos ריינבואו,פרפטי ואן מלה,NL,"סוכריות ""מנטוס"" ריינבואו",Unknown,0.00,Unknown,false,1,3.50,0.0000,true,1,119863
88888001,false,כללי מכולת,,,כללי מכולת,Unknown,0.00,Unknown,false,1,0.01,0.0000,true,1,109897
90087011,false,הפי דיי נקטר תפוחים,Rauch fruchtsafte gm,,מיץ תפוחים 1 ליטר,ליטרים,1.00,ליטר,false,1,12.90,12.9000,true,1,110010
90087547,false,100% מיץ עגבניות Happy Day,Rauch fruchtsafte gm,,"מיץ עגבניות ""ראוך"" 1",ליטרים,1.00,ליטר,false,1,12.90,12.9000,true,1,110014
90087974,false,"חומץ תפוחים 5% 750 מ""ל",ראוך פרוכטסאפה,,חומץ תפוחים 1.5%,מיליליטרים,750.00,"100 מ""ל",false,1,13.90,1.8533,true,1,110017
90087998,false,מיץ לימון טבעי 250 מ,Rauch fruchtsafte gm,,מיץ לימון טבעי 250 מ,מיליליטרים,250.00,"100 מ""ל",false,1,7.90,3.1600,true,1,110018
90162602,false,משקה אנרגיה רד בול 250 מ''ל,רד בול ג'י.אם.בי. אץ,AT,"משקה אנרגיה ""רד בול""",מיליליטרים,250.00,"100 מ""ל",false,24,6.90,2.7600,true,1,110019
90162800,false,רד בול משקה אנרגיה ללא סוכר פקדון 30 אג,רד בול ג'י.אם.בי. אץ,AT,"משקה אנרגיה ""רד בול"" דיאט 250 מל",מיליליטרים,250.00,"100 מ""ל",false,24,6.90,2.7600,true,1,110020
90446269,false,"משקה אנרגיה אבטיח 250 מ""ל רד בול",ראון פרוכטסאפה,AT,משקה אנרגיה אבטיח רד בול 250 מל,מיליליטרים,250.00,"100 מ""ל",false,24,6.90,2.7600,true,1,203557
11210607040,false,טבסקו פלפל צפוטלי חריף 60 מל,מקאילהייני Mc.Ilhenn,US,"רוטב צ""יפוטלי טבסקו",מיליליטרים,60.00,"100 מ""ל",false,1,11.90,19.8333,true,1,105053
16000548404,false,ניטשר ואלי חטיף קראנצי גרנולה שיבולת שועל 210 ג',ג'נרל מילס סאן אדריא,ES,קראנצי חט.גרנולה ש.ש,גרמים,210.00,100 גרם,false,1,14.90,7.0952,true,1,110114
16229924263,false,"קרם קוקוס 250 מ""ל.",ארוי די AROY-D,,קרם קוקוס 250 מל,מיליליטרים,250.00,"100 מ""ל",false,1,9.90,3.9600,true,1,198130
29801025203,false,עוגיות חמאה קריספי - ב. באטרס 200 גר,HAMLET NV,,עוגיות חמאה קריספי 2,גרמים,200.00,100 גרם,false,1,17.90,8.9500,true,1,110235
30000315958,false,קוואקר פרוטאין בננה אגוזים 366ג',קוואקר אוטס קומפני,US,קוואקר פרוטאין בננה אגוזים 366 גר,גרמים,366.00,100 גרם,false,1,23.90,6.5301,true,1,191726
33617000026,false,קרקרים ואזה מקמח מלא,כלורוקס אוקלנד,SE,ואזה מקמח מלא 260 גר,גרמים,260.00,100 גרם,false,1,13.90,5.3462,true,1,198151
33617340610,false,ואזה מקמח שיפון 275 גר',כלורוקס אוקלנד,SE,פת פריכה קמח שיפון 2,גרמים,275.00,100 גרם,false,1,13.90,5.0545,true,1,110414
34000470228,false,שוקולד חלב מיני ריזס,הרשי,US,"חטיף שוקולד חלב ""ריזס"" מיניס 70 גר",גרמים,70.00,100 גרם,false,1,6.50,9.2857,true,1,144714
37600207188,false,חמאת בוטנים סקיפי קלאסי 462 גר',חברת המזון אלגוד,US,"חמאת בוטנים ""סקיפי"" קלאסי 462 גר",גרמים,462.00,100 גרם,false,1,17.90,3.8745,true,1,147554
37600207256,false,חמאת בוטנים סקיפי עם שברי בוטנים 462 גר',חברת המזון אלגוד,US,"חמאת בוטנים ""סקיפי"" עם שברי בוטנים 462גר",גרמים,462.00,100 גרם,false,1,17.90,3.8745,true,1,147555
37600207287,false,חמאת בוטנים סקיפי עם דבש,חברת המזון אלגוד.,US,"חמאה בוטנים ""סקיפי"" עם דבש 462 גר",גרמים,462.00,100 גרם,false,1,17.90,3.8745,true,1,147556
38000138607,false,חטיף צ'יפס בטעם מלח וחומץ,פרינגלס מנופקצ'ורינג,US,ציפס פרינגלס חומץ מלח 158 גר,גרמים,158.00,100 גרם,false,14,9.90,6.2658,true,1,192582
38000138638,false,חטיף צ'יפס בטעם פיצה,פרינגלס מנופקצורינג,US,ציפס פרינגלס פיצה 158 גר,גרמים,158.00,100 גרם,false,1,9.90,6.2658,true,1,175850
38000138720,false,פרינגלס  תכלת ראנץ 158 ג',פרינגלס מניופקצ'ורינ,US,פרינגלס ראנץ 158 גר,גרמים,158.00,100 גרם,false,1,8.90,5.6329,true,1,186044
38000183928,false,פרינגלס חרדל ודבש 158 גר',פרינגלס מניופקצ'ורינ,US,חטיף פרינגלס חרדל ודבש 158 גר,גרמים,158.00,100 גרם,false,8,8.90,5.6329,true,1,202246
38000202278,false,חטיף צ'יפס גלי בטעם אורגינל מלוח,פרינגלס מניופקצ'ורינ,US,חטיף פרינגלס חרדל ודבש 158 גרם,גרמים,130.00,100 גרם,false,8,8.90,6.8462,true,1,198236
38000232152,false,פרינגלס ברביקיו 158 גרם – חדש,פרינגלס מניופקצ'ורינ,US,חטיף פרינגלס ברביקיו 158 גר,גרמים,158.00,100 גרם,false,14,8.90,5.6329,true,1,196632
38000232176,false,חטיף צ'יפס שמנת חמוצה ובצל,פרינגלס מניופקצ'ורינ,US,חטיף פרינגלס שמנת בצל 158 גר,גרמים,158.00,100 גרם,false,14,9.90,6.2658,true,1,196631
38000232183,false,פרינגלס אורגינל 149 גרם,פרינגלס מניופקצ'ורינ,US,חטיף פרינגלס אוריגינל 149 גר,גרמים,158.00,100 גרם,false,14,9.90,6.2658,true,1,196634
38527591053,false,קוואקר מרובעים קינמון דגני בוקר 412 גרם,BEVERAGES FOODS & SE,US,"דגני בוקר ""קוואקר"" קנמון 411גר",גרמים,411.00,100 גרם,false,1,19.90,4.8418,true,1,118857
38527591060,false,דגני קוואקר מרובעים Quaker Squares עם סוכר חום,BEVERAGES FOODS & SE,US,דגני בוקר קוואקר סוכר חום 411גר,גרמים,411.00,100 גרם,false,1,19.90,4.8418,true,1,118787
40000513568,false,סוכריות אם אנד אמס M&M שוקולד חלב,M&M אם אנד אם,US,סוכריות מ&מס שוקו 156 גר,גרמים,156.00,100 גרם,false,1,11.90,7.6282,true,1,179428
40000514480,false,M&M אריזה קטנה's שוקולד אריזה קטנה 48 גרם,M&M אם אנד אם,,"סוכריות מ&מס"" שוקו 48 גר",גרמים,48.00,100 גרם,false,1,4.90,10.2083,true,1,174624
40000514510,false,M&M אריזה קטנה's בוטנים אריזה קטנה 49 גרם,M&M אם אנד אם,,סוכריות מ&מס בוטנים 49 גר,גרמים,49.00,100 גרם,false,1,4.90,10.0000,true,1,174625
44600300580,false,"כלורוקס - קלין אפ פרש מרסס 946 מ""ל",כלורוקס אוקלנד,US,מרסס בריח לוונדר קלין אפ 946 מל,מיליליטרים,946.00,"100 מ""ל",false,1,19.90,2.1036,true,1,200831
46214731552,false,עוגיות שוקולד ציפס מובחרות 225 ג',קריניציה ויטמינה אס,NL,"עוגיות ""מרבה"" 37% שוקולד צ""יפס 225 גר",גרמים,225.00,100 גרם,false,1,8.90,3.9556,true,1,111876
50000015474,false,פריסקיז מעדני הים 4*,פורינה,US,פריסקיז מעדני הים 1.43 ק,קילוגרמים,1.43,"ק""ג",false,1,39.90,27.9021,true,1,111910
50000084500,false,מזון יבש לחתול בטעם נתחי ברביקיו פריסקיז Friskies,נסטלה פורינה USA מק,US,פריסקיז מעדני השף 1.,קילוגרמים,1.42,"ק""ג",false,1,39.90,28.0986,true,1,111916
50000100347,false,"פריסקיז - מעדני החתול מועשר בחלב 1.40 ק""ג",נסטלה פורינה USA מק,US,פריסקיז מעדני חתול 1,קילוגרמים,1.40,"ק""ג",false,1,39.90,28.5000,true,1,111918
50000168583,false,"פריסקיז אקסטרא קראנץ 1.43 ק""ג",פורינה,US,פריסקיז אקסטרא קראנץ 1.43 קג,קילוגרמים,1.43,"ק""ג",false,1,39.90,27.9021,true,1,203194
50000170180,false,פריסקיז Friskies עוף ברוטב,פורינה Purina,US,מזון לחתולים פריסקיז פילה עוף 156 גר,גרמים,156.00,100 גרם,false,1,6.90,4.4231,true,1,111920
50000225224,false,פריסקיז Friskies הודו ברוטב,פורינה Purina,US,מזון לחתולים פריסקיז פילה הודו 156 גר,גרמים,156.00,100 גרם,false,1,6.90,4.4231,true,1,168802
50000445691,false,פריזסקיז נתחי עוף וסלמון ברוטב 156 ג',נסטלה פורינה USA קר,US,פריסקיז 156 גר,גרמים,156.00,100 גרם,false,1,6.90,4.4231,true,1,120377
51500000793,false,קונפיטורת אוכמניות 3,,,קונפיטורת אוכמניות 340 גר,גרמים,340.00,100 גרם,false,1,14.90,4.3824,true,1,208750
51500000816,false,קונפיטורת דובדבנים 3,,,קונפיטורת דובדבנים 340 גר,גרמים,340.00,100 גרם,false,1,14.90,4.3824,true,1,208752
51500000953,false,קונפיטורת תות שדה 34,,,קונפיטורת תות שדה 340 גר,גרמים,340.00,100 גרם,false,1,14.90,4.3824,true,1,208751
51500255377,false,"חמאת בוטנים לל""ג JIF ושברי בוטנים 454ג'",,,חמאת בוטנים גיף עם שברי בוטנים 454 גר,גרמים,454.00,100 גרם,false,1,17.90,3.9427,true,1,176070
54881000062,false,תה שחור לימונית וקמומי 20 שקיות AHMAD TEA,תה אחמד Ahmad tea,,תה שחור לימונית וקמומיל 20 שק,גרמים,30.00,100 גרם,false,1,10.90,36.3333,true,1,176475
54881001779,false,קופסת תה 12 טעמים 60 שקיות,תה אחמד Ahmad tea,,"תה 12 סוגים 177 גר""",גרמים,120.00,100 גרם,false,1,29.90,24.9167,true,1,112406
54881004787,false,תה אהמאד ירוק 100יח',Sunshine tea (pvt) l,,תה ירוק אחמד 100 שקי,גרמים,200.00,100 גרם,false,1,19.90,9.9500,true,1,123503
54881005654,false,תה ירוק יסמין 20 שקיות AHMAD TEA,תה אחמד Ahmad tea,,תה ירוק אחמד יסמין 20 שק,גרמים,40.00,100 גרם,false,1,10.90,27.2500,true,1,177580
54881006972,false,תה שחור לימון וליים 20 שקיות AHMAD TEA,תה אחמד Ahmad tea,,"תה שחור ""לימון ליים ""20 שק",גרמים,40.00,100 גרם,false,1,10.90,27.2500,true,1,118532
54881008167,false,תה אינגליש ברקפסט 100 שקיות AHMAD TEA,תה אחמד Ahmad tea,,"תה אינגליש 100 שק""",גרמים,200.00,100 גרם,false,1,19.90,9.9500,true,1,112423
54881008174,false,תה ארל גריי 100 שקיות AHMAD TEA,תה אחמד Ahmad tea,,"תה ארל גריי 100 שק""",גרמים,200.00,100 גרם,false,1,19.90,9.9500,true,1,112424
54881008181,false,תה אינגליש 100 שקיות AHMAD TEA,תה אחמד Ahmad tea,,"תה אינגליש 100 שק""",גרמים,200.00,100 גרם,false,1,19.90,9.9500,true,1,112425
70221011116,false,טובלרון - שוקולד חלב 100 ג',טובלרון Toblerone,,"שוקולד ""טובלרון"" חלב",גרמים,100.00,100 גרם,false,1,9.90,9.9000,true,1,112688
74570274000,false,"גלידת שמנת קרם עוגיות 473 מ""ל",האגן דאז,,"גלידה ""האגן דאז"" קרם עוגיות",מיליליטרים,473.00,"100 מ""ל",false,1,24.90,5.2643,true,1,123287
76808009347,false,עוגיות ברילה בטעם חמ,,,עוגיות ברילה בטעם חמאה 180 גר,גרמים,180.00,100 גרם,false,1,11.90,6.6111,true,1,213085
76840002542,false,"גלידת בן & ג'ריס פיינט נטפליקס וצ'ילד 500מ""ל",מוצרי איכות אמריקאים,IL,גלידת חמאת בוטנים עם בראוניס ופירורי ביי,מיליליטרים,500.00,"100 מ""ל",false,6,19.90,3.9800,true,1,198442
76840100156,false,"גלידה צרי גרסיה בן וג'ירי 500 מ""ל",מוצרי איכות אמריקאיי,IL,גלידת פיינט צרי 500 מל,מיליליטרים,500.00,"100 מ""ל",false,6,19.90,3.9800,true,1,170062
76840100583,false,"גלידת וניל עם בצק עוגיות בן וג'ירי 473 מ""ל",מוצרי איכות אמריקאיי,IL,גלידת בצק עוגיות 500 מל,מיליליטרים,500.00,"100 מ""ל",false,1,19.90,3.9800,true,1,123278
76840400218,false,"גלידה בן&ג'ריס תות שדה ועוגת גבינה 500מ""ל",מוצרי איכות אמריקאיי,IL,פיינט עוגת גבינה ותות,מיליליטרים,500.00,"100 מ""ל",false,1,19.90,3.9800,true,1,145211
77245110610,false,סוכריות מאסט ללא סוכר בטעם מנטה 80 ג'עלית,MIESZKO S.A - MS. JO,IL,"סוכריות ""מאסט"" מנטה",גרמים,80.00,100 גרם,false,1,6.90,8.6250,true,1,112938
77975094761,false,שברי בייגלה בטעם צ'דר 340 גרם סניידרס,סניידרס Snyder's,US,שברי בייגלה סניידרס בטעם צדר 340 גר,גרמים,340.00,100 גרם,false,1,14.90,4.3824,true,1,203505
77975094778,false,סניידרס שברי בייגל בטעם דבש וחרדל 340 גר,סניידרס Snyder's,US,שברי בייגלה סניידרס בטעם דבש חרדל 340 גר,גרמים,340.00,100 גרם,false,1,14.90,4.3824,true,1,204388
80432402931,false,"שיבאס וויסקי ריגאל 12 שנה 700 מ""ל",מזקקת האחים שיבאס,GB,ויסקי שיבאס ריגאל 12 שנים 700 מל,מיליליטרים,700.00,"100 מ""ל",false,1,124.90,17.8429,true,1,143393
80518532859,false,שקית בלון 100 בלונים,NORTHERN,,שקיות רמה,Unknown,0.00,Unknown,false,1,18.90,0.0000,true,1,113042
413200014029,true,גלידת לימון 110 גר,,,גלידת לימון 110 גר,,0.00,,false,,19.90,0.0000,true,1,172220
413200014036,true,גלידת תפוז 90 גר,,,גלידת תפוז 90 גר,,0.00,,false,,19.90,0.0000,true,1,172221
413200014050,true,גלידת אננס 90 גר,,,גלידת אננס 90 גר,,0.00,,false,,19.90,0.0000,true,1,172223
413200014067,true,גלידת שמנת עם אגוזים,,,גלידת שמנת עם אגוזים,,0.00,,false,,19.90,0.0000,true,1,172222
413200014074,true,גלידת פירות יער בתוס,,,גלידת פירות יער בתוס,,0.00,,false,,19.90,0.0000,true,1,172219
566209575711,false,קישוט לבקבוק סוודר ע,,,קישוט לבקבוק סוודר עם צווארון 23*13 סמ,Unknown,0.00,Unknown,false,1,19.90,0.0000,true,1,206389
608614330935,false,דבש טבעי מיוחד ללא ח,,,דבש טבעי מיוחד ללא חימום 500 גר,גרמים,500.00,100 גרם,false,1,29.90,5.9800,true,1,204425
645173863337,true,שימורי ביצי דג זהבנו,,,שימורי ביצי דג זהבנון 185 גר,גרמים,185.00,100 גרם,false,1,11.90,6.4324,true,1,182965
645173863351,true,שימורי ביצי דג מעושן,,,שימורי ביצי דג מעושן זהבנון 185 גר,גרמים,185.00,100 גרם,false,1,11.90,6.4324,true,1,182966
645173863658,false,סלט אצות ים 500 גר,,,סלט אצות ים 500 גר,גרמים,500.00,100 גרם,false,12,14.90,2.9800,true,1,190613
645173911038,false,קורנישון מלפפוןן מיני 720 גרם - תומר,קלמן אינדיה,,קורנישוון בחומץ 720 גר,גרמים,720.00,100 גרם,false,1,9.90,1.3750,true,1,112589
645173911175,false,מלפפון קורנישון 1.4,,,מלפפון קורנישון 1.4ק,גרמים,1400.00,100 גרם,false,1,18.90,1.3500,true,1,112592
645173911427,false,מלפפון במלח 1 ל,,,מלפפון במלח 1 ליטר,קילוגרמים,1.00,"ק""ג",false,1,13.90,13.9000,true,1,112597
645173911458,false,מלפפון פולני בחומץ 1,,,מלפפון פולני בחומץ 1,קילוגרמים,1.00,"ק""ג",false,1,13.90,13.9000,true,1,112600
645173911465,false,קורנישון 1 ל,,,קורנישון 1 ל,ליטרים,1.00,ליטר,false,1,14.90,14.9000,true,1,179444
645173995663,false,רוטב פלפלים 370 גר,ארומה פרודקטס,,רוטב פלפלים 370 גר,גרמים,370.00,100 גרם,false,1,12.90,3.4865,true,1,179983
645173995847,true,חומץ תפוחים לא מסונן,,,"חומץ תפוחים לא מסונן אימרטי 6% 500 מ""ל",מיליליטרים,500.00,"100 מ""ל",false,1,11.90,2.3800,true,1,182946
645692556628,false,פפושדו קרקר עם מלח ים 135 גרם,,,"קרקר מלוח 135 גר""",גרמים,135.00,100 גרם,false,1,3.90,2.8889,true,1,119659
693493028868,false,מלפפון בייבי,,,מלפפון בייבי,Unknown,0.00,Unknown,false,1,9.90,0.0000,true,1,199465
693493028875,false,פלפל טינקרבל,,,פלפל טינקרבל,Unknown,0.00,Unknown,false,1,6.90,0.0000,true,1,199464
693493028882,false,גינגר ארוז,,,גינגר ארוז,Unknown,0.00,Unknown,false,1,9.90,0.0000,true,1,199567
693493065641,false,טחינה הר כנען 500 גר,,,טחינה הר כנען 500 גר,גרמים,500.00,100 גרם,false,1,14.90,2.9800,true,1,206124
693493161978,false,דבש טהור פרחי אבוקדו,,,דבש טהור פרחי אבוקדו 500 גר,גרמים,500.00,100 גרם,false,1,31.90,6.3800,true,1,205629
707596280204,false,יין בלו נאן רוזה 750,,,"יין ""בלו נאן"" רוזה 0",מיליליטרים,750.00,"100 מ""ל",false,1,44.90,5.9867,true,1,116519
710535495539,false,"אורז בסמטי 96% 1 ק""ג Avel",,,אורז בסמטי 1 קג,קילוגרמים,1.00,"ק""ג",false,1,11.90,11.9000,true,1,201714
729612380033,false,גלילי וופל קרם שוקול,,,"גליליות ""בולירו"" אגו 400 גר",גרמים,400.00,100 גרם,false,1,17.90,4.4750,true,1,116542
765105430137,false,פילה סלמון מעושן 500,UFO,UA,פילה סלמון מעושן 500 גר,גרמים,500.00,100 גרם,false,17,59.90,11.9800,true,1,212610
782706544926,false,זית מרוקאי יבש 350 ג,,,זית מרוקאי יבש 350 גר,גרמים,350.00,100 גרם,false,1,22.90,6.5429,true,1,211720
782706544964,false,זית סורי 500 גר,,,זית סורי 500 גר,גרמים,500.00,100 גרם,false,1,22.90,4.5800,true,1,211716
783495011309,false,פקעות ורדים 250 גר,,,פקעות ורדים 250 גר,גרמים,250.00,100 גרם,false,1,24.90,9.9600,true,1,210008
786150000274,false,בירה חזקה לף בראון 3,לף Leffe,,בירה לף בראון בק 330 מל,מיליליטרים,330.00,"100 מ""ל",false,1,10.90,3.3030,true,1,209929
805278001847,false,אורז בסמטי תומר 1 קג,,,אורז בסמטי תומר 1 קג,קילוגרמים,1.00,"ק""ג",false,1,9.90,9.9000,true,1,204602
814109021350,false,קנדי מפופ פופקורן עם,,,קנדי מפופ פופקורן עם חתיכות סניקרס 149 ג,גרמים,149.00,100 גרם,false,1,21.90,14.6980,true,1,203084
814109021381,false,קנדי מפופ פופקורן עם,,,קנדי מפופ פופקורן עם חתיכות טוויקס 149 ג,גרמים,149.00,100 גרם,false,1,21.90,14.6980,true,1,203083
835811000297,false,כוסות שתיה חמה 9 אוז 50 יח',אכיף,IL,כוסות קרטון 9 אוז 50 יח,Unknown,0.00,Unknown,false,1,11.90,0.0000,true,1,212035
835811000907,false,כוסות יין מעוטרות כס,,TR,כוס יין מעוטר כסף 50 יח,Unknown,0.00,Unknown,false,1,11.90,0.0000,true,1,199750
835811000921,false,שקית אוכל מנייר 50 י,,,שקית אוכל מנייר 50 יח,Unknown,0.00,Unknown,false,40,5.90,0.0000,true,1,196675
835811002215,false,מאפינס צבעוני מס' 4 הנמל 200 יח',יונק,,מאפינס צבעוני 200 יח מס 4,Unknown,0.00,Unknown,false,1,10.90,0.0000,true,1,176851
835811004141,false,נר ריחני בריח וניל,,,מפות שולחן 8 יח עבה ניילון בגליל,Unknown,0.00,Unknown,false,8,8.90,0.0000,true,1,186189
835811004707,false,פירורי לחם מוזהבים 440 ג' הנמל,ברמן שוקולד ועוגיות,IL,פירורי לחם מוזהב 440,גרמים,440.00,100 גרם,false,1,6.90,1.5682,true,1,116720
835811005018,false,"כוס יהלום שקוף מ""ל ח""פ 50 יחי",,TR,כוסות קריסטל יהלום 50 יח,Unknown,0.00,Unknown,false,1,16.90,0.0000,true,1,121258
835811005339,false,שקיות אוכל קרטון הנמל זוג*150 יח',,,זוג שקיות אוכל,Unknown,0.00,Unknown,false,1,11.90,0.0000,true,1,121242
835811005667,false,נטיפי צ'יפס בטעם שוקולד 250 ג',פינוקים תעשיות מזון,,נטיפי ציפס בטעם שוקולד 250 גר,גרמים,250.00,100 גרם,false,1,7.90,3.1600,true,1,168182
835811005940,false,מגש הכסף תבנית אלומ` גדולה + מכסה 8 יח`,,IL,מגש הכסף תבנית אלומיניום גדולה+מכסה 8 יח,Unknown,0.00,Unknown,false,1,10.90,0.0000,true,1,121249
835811006183,false,כוס קינוח קריסטל 24 יח` 120 C,מיקרון מקינה,TR,כוסות לקינוח קריסטל,Unknown,0.00,Unknown,false,1,16.90,0.0000,true,1,121252
835811007142,false,עדשים ירוקות 500 גר,,,"עדשים ירוקים 500 ג""ר",גרמים,500.00,100 גרם,false,1,7.90,1.5800,true,1,116728
835811007180,false,פופ קורן הנמל 500 גר,יבוא ושיווק: הנמל אר,IL,"פופקורן 500 ג""ר",גרמים,500.00,100 גרם,false,1,5.90,1.1800,true,1,116731
835811007197,false,"עדשים אדומים הנמל 500 ק""ג",,,לקט עדשים אדומים 500,גרמים,500.00,100 גרם,false,1,7.90,1.5800,true,1,116732
835811007210,false,לקט חומוס 500 גר,יבוא ושיווק: הנמל אר,IL,"לקט חומוס 500 ג""ר",גרמים,500.00,100 גרם,false,1,5.90,1.1800,true,1,116734
835811007227,false,"הנמל לקט חיטה בד""ץ 500ג'",,,"חיטה 500 ג""ר",גרמים,500.00,100 גרם,false,1,4.90,0.9800,true,1,116735
835811007234,false,אפונה יבשה הנמל 500 ג',יבוא ושיווק: הנמל אר,IL,"אפונה 500 ג""ר",גרמים,500.00,100 גרם,false,1,5.90,1.1800,true,1,116736
835811007258,false,שעועית לבנה הנמל 500,נארז על ידי: הנמל אר,IL,שעועית 500 גרם,גרמים,500.00,100 גרם,false,1,7.90,1.5800,true,1,116738
835811007494,false,גלטין טהור מדגים 2 יח` 14 X גר`,ג'ליס פיוניר,IL,גלטין טהור מדגים,גרמים,28.00,100 גרם,false,1,9.90,35.3571,true,1,116745
835811007678,false,שקיות אוכל הנמל 200 יח',סאם גלובל תורכיה,CN,"שקיות אוכל 200 יח""",Unknown,0.00,Unknown,false,1,4.00,0.0000,true,1,116748
835811008743,false,קינואה מרובע 500 גר,,,"קינואה מרובע 500 גר""",גרמים,500.00,100 גרם,false,1,12.90,2.5800,true,1,116761
835811008927,false,כוס ויסקי הנמל 10 יח,בי רייט,CN,כוס וויסקי גבוהה 10,Unknown,0.00,Unknown,false,1,14.90,0.0000,true,1,116772
835811009344,false,כוסות יין חד פעמי עם,בי רייט,CN,כוסות ליין עם רגלית 12 יח,Unknown,0.00,Unknown,false,1,8.90,0.0000,true,1,121256
856591000062,false,עוגיות מזרחיות מלח 400 ג' עבאדי,מאפיית יוסף ושמחה עב,IL,"עוגיות מזרחיות ""עבאד",גרמים,400.00,100 גרם,false,1,15.90,3.9750,true,1,113303
856591000109,false,עבאדי עוגיות מזרחיות פריכות 400ג',מאפיית יוסף ושמחה עב,IL,עוגיות מזרחיות פריך,גרמים,400.00,100 גרם,false,1,15.90,3.9750,true,1,116787
856591000918,false,מארז שמיניית חטיף טבעי עבאדי,,,מארז חטיף טבעי שמינייה 320 גר,גרמים,320.00,100 גרם,false,1,15.90,4.9688,true,1,202562
893594002051,false,"חטיף פופקורן צ`יפס בטעם גבינת צ`דר, 28ג Medora snacks",Unknown,,פופקורנס גבינת צדר 28 גר,גרמים,28.00,100 גרם,false,1,5.90,21.0714,true,1,211764
893594002068,false,"חטיף פופקורן צ`יפס עם מלח ים,28 ג HANTRONIX",Unknown,,פופקורנס מלח ים 28 גר,גרמים,28.00,100 גרם,false,1,5.90,21.0714,true,1,211763
3014260214692,false,"ג'ילט ג'ל גילוח סירייס רגיש - 200 מ""ל",קריות זול,GB,"ג""ל גילוח ג""ילט סירי",מיליליטרים,200.00,"100 מ""ל",false,1,15.90,7.9500,true,1,105204
3014260240226,false,"ג'ילט קצף גילוח רגיש - 200 מ""ל",פרוקטר אנד גמבל,GB,"ג""ילט קצף גילוח לעור 200מל",מיליליטרים,200.00,"100 מ""ל",false,1,14.90,7.4500,true,1,105211
3014260287030,false,גילט בלו ח.פעמי חמישייה,פרוקטר אנד גמבל,MD,"ג""ילט 2 (5 יח"")",Unknown,0.00,Unknown,false,1,8.90,0.0000,true,1,105223
3014260289287,false,סכיני גילוח לאישה בלו 2 Blue,פרוקטר אנד גמבל,RU,סכיני גילוח לנשים חמישייה,Unknown,0.00,Unknown,false,1,14.90,0.0000,true,1,155959
3045140105502,false,מילקה - שוקולד חלב 100 ג',,,שוקולד חלב מילקה 100 גר,גרמים,100.00,100 גרם,false,1,5.90,5.9000,true,1,110269
3045140280902,false,מילקה - שוקולד עם צימוקים ואגוזים 100 גרם,מונדלייז,DE,שוקולד מילקה צימוקים ואגוזים 100 גר,גרמים,100.00,100 גרם,false,1,5.90,5.9000,true,1,110270
3045200760009,false,"דזיטול נוזל מחטא בגדים בכביסה 500 מ""ל",,,"דזיטול מחטא בגדים 500 מ""ל",מיליליטרים,500.00,"100 מ""ל",false,1,11.90,2.3800,true,1,187108
3045206360609,false,"דזיטול נוזל מחטא בגדים בכביסה, 1 ליטר",רלוי,,דזיטול נוזל מחטא בדים בכביסה 1 ל,ליטרים,1.00,ליטר,false,1,22.90,22.9000,true,1,205052
3049197110076,false,קוניאק קורווזיה 700,,,"קוניאק קורווזיה 700 מ""ל מארז עם כוסות",מיליליטרים,700.00,"100 מ""ל",false,1,139.90,19.9857,true,1,181550
3068320017846,false,מים מינרלים טבעיים מ,קריניציה ויטמינה אס,FR,מים מינרליים אוויאן 1 ל,ליטרים,1.00,ליטר,false,1,10.90,10.9000,true,1,210545
3068320055008,false,מים מינרלים טבעיים מ,קריניציה ויטמינה אס,FR,מים מינרליים אוויאן 500 מל,מיליליטרים,500.00,"100 מ""ל",false,1,6.90,1.3800,true,1,210543
3068320063003,false,מים מינרלים טבעיים מ,קריניציה ויטמינה אס,FR,מים מינרליים אוויאן 330 מל,מיליליטרים,330.00,"100 מ""ל",false,1,5.90,1.7879,true,1,210542
3179732348913,false,מים מינרליים פרייה פ,נסטלה ווטרס ספלאי,FR,מים מינרליים פרייה פלסטיק 1 ל,ליטרים,1.00,ליטר,false,1,9.90,9.9000,true,1,158122
3256760106408,false,פלשארד בסגנון פטה קו,,,פלשארד קרטונית מנות,גרמים,500.00,100 גרם,false,1,11.90,2.3800,true,1,110362
3256761201003,false,תחליף גבינה פטה פלשא,,,"גבינה פטה ""פלשארד"" ב",גרמים,500.00,100 גרם,false,1,11.90,2.3800,true,1,110365
3263286301323,false,יין גיי פי שנה קברנה,,,יין קברנה סירה JP,מיליליטרים,750.00,"100 מ""ל",false,1,39.90,5.3200,true,1,158130
3263286314989,false,יין ברון דאריניאק אד,,,"יין ברון דאריניאק אדום 750 מ""ל",מיליליטרים,750.00,"100 מ""ל",false,1,34.90,4.6533,true,1,167442
3263286321284,false,יין גיי פי שנה לבן ח,,,יין JP לבן חצי מתוק,מיליליטרים,750.00,"100 מ""ל",false,1,39.90,5.3200,true,1,173706
3263286355906,false,יין גיי פי שנה סובינ,לנדר,FR,יין סוביניון בלאן לבן יבש JP,מיליליטרים,750.00,"100 מ""ל",false,6,39.90,5.3200,true,1,192134
3263289998711,false,ייין גיי פי שנה שירא,,,יין JP אדום שיראז,מיליליטרים,750.00,"100 מ""ל",false,1,39.90,5.3200,true,1,173704
3270620001702,false,קוניאק לואי רוייה 70,,,קוניאק לואי רוייר,מיליליטרים,700.00,"100 מ""ל",false,1,159.90,22.8429,true,1,125266
3270620001757,false,קוניאק לואי רוייה 70,,,"קוניאק ""לואי רוייר"" 0.7 ל",מיליליטרים,700.00,"100 מ""ל",false,1,109.90,15.7000,true,1,125243
3278480396310,false,קוניאק גודה VSכשל'פ,"יורוסטדנרט בע""מ",FR,"קוניאק גודה VS 700 מ""ל",מיליליטרים,700.00,"100 מ""ל",false,6,104.90,14.9857,true,1,186519
3328640121945,false,ויסקי היילנד קווין ב,,,ויסקי היילנד קווין בלנדד שרי פיניש 1 ל,ליטרים,1.00,ליטר,false,1,99.90,99.9000,true,1,179452
3387390320244,false,פיטנס Fitness דגנים מלאים עם פירות,נסטלה צרפת איטנקורט,FR,פיטנס דגנים עם פירות,גרמים,375.00,100 גרם,false,1,19.90,5.3067,true,1,110415
3387390525960,false,קראנץ' Crunch דגנים פריכים עם שוקולד,הנסיך- מפעל לייצור ט,FR,"דגני בוקר ""קראנץ"" מש",גרמים,500.00,100 גרם,false,1,21.90,4.3800,true,1,110416
3412290023640,false,אמנטל צרפתי ארוז 250 ג',,,"אמנטל צרפתי 250 גר""",גרמים,250.00,100 גרם,false,1,34.90,13.9600,true,1,110419
3443660010687,false,יין דומיין סיבאדי מר,,,"יין דומיין סיבאדי מרלו אדום יבש 750 מ""ל",מיליליטרים,750.00,"100 מ""ל",false,1,34.80,4.6400,true,1,183519
3500610066122,false,יין שאטו דו פביליון,,,יין שאטו דו פביליון בורדו אדום יבש,מיליליטרים,750.00,"100 מ""ל",false,1,39.90,5.3200,true,1,198937
3500610079160,false,יין בורדו שאטו מולין,מק-דול אינטרנשיונל,,יין בורדו שאטו מולין פונטט אדום יבש 750,מיליליטרים,750.00,"100 מ""ל",false,1,49.90,6.6533,true,1,169448
3500610084676,false,יין מבעבע בלאן פוסי,GCF,,יין מבעבע בלאן פוסי אייס לבן חצי יבש 750,מיליליטרים,750.00,"100 מ""ל",false,1,39.90,5.3200,true,1,171283
3500610093708,false,יין מבעבע גי פי רוזה,LANDIRAS JP CHENET,,"יין מבעבע גי פי רוזה 750 מ""ל",מיליליטרים,750.00,"100 מ""ל",false,1,39.90,5.3200,true,1,167817
3500610096174,false,יין מבעבע בלאן פוסי,GCF,,יין מבעבע בלאן פוסי אייס רוזה חצי יבש,מיליליטרים,750.00,"100 מ""ל",false,1,39.90,5.3200,true,1,180557
3500610137518,false,יין שאטו דו פר בורדו,,,יין שאטו דו פר בורדו אדום יבש,מיליליטרים,750.00,"100 מ""ל",false,1,39.90,5.3200,true,1,198936
3574660058857,false,"שמן לתינוק גונסון 500 מ""ל",גונסון אנד גונסון,IT,"שמן גיונסונס בייבי 500 מ""ל",מיליליטרים,500.00,"100 מ""ל",false,1,29.90,5.9800,true,1,191072
3574660115154,false,או-בה טמפונים קלאסי סופר 32יח',ג'ונסון אנד ג'ונסון,IT,טמפון או.בי נורמל,Unknown,0.00,Unknown,false,1,24.90,0.0000,true,1,110451
3574660464368,false,קרפרי מגן תחתון אוורירי אלוורה 76 יח'',גונסון אנד גונסון,IT,מגן תחתון קרפרי אוורירי אלוורה 76 יח,Unknown,0.00,Unknown,false,1,22.90,0.0000,true,1,185669
3574661487328,false,קרפרי מגני תחתון אורגינל פלוס 56 יח',הדקלאים אגודת שיתופי,IT,מגני תחתון קרפרי רגיל 56 יח,Unknown,0.00,Unknown,false,1,17.90,0.0000,true,1,193368
3574661487335,false,קרפרי מגן תחתון מקסי לונג ריח'ני 40 יח',קרפרי Carefree,,קרפרי מקסי לונג ריחני 40 יח,Unknown,0.00,Unknown,false,1,17.90,0.0000,true,1,193371
3574661487625,false,מגני תחתון פלוס לארג' בניחוח עדין L,הדקלאים אגודת שיתופי,IT,מגן תחתון קרפרי מקסי לארג 48 יח,Unknown,0.00,Unknown,false,1,17.90,0.0000,true,1,193369
3574661552811,false,קרפרי כותון אוורירי 56 יח',הדקלאים אגודת שיתופי,GR,מגני תחתון קרפרי כותון אוורירי 56 יח,Unknown,0.00,Unknown,false,5,17.90,0.0000,true,1,197354
3574661554877,false,מגן תחתון אוורירי מבושם,הנסיך- מפעל לייצור ט,GR,מגני תחתון קרפרי כותון מבושם 56 יח,Unknown,0.00,Unknown,false,5,17.90,0.0000,true,1,197355
3607343817547,false,"אדידס - דאודורנט ספריי לגבר קליימקול 150 מ""ל",קולפ,PT,דאו ספריי לגבר קליימקול 150 מל,מיליליטרים,150.00,"100 מ""ל",false,1,9.90,6.6000,true,1,201251
3614221653715,false,"אדידס קליימקול ג'ל רחצה, 400 מ""ל",קוטי ס.פ,,"גל רחצה אדידס קליימקול 400 מ""ל",מיליליטרים,400.00,"100 מ""ל",false,1,12.90,3.2250,true,1,183361
3614224050986,false,"אדידס - דאודורנט ספריי לגבר אדיפאוור 72 שעות 150 מ""ל","ב.א מזון בע""מ",PT,דאו ספריי לגבר אדיפיור 72 ש 150 מל,מיליליטרים,150.00,"100 מ""ל",false,1,9.90,6.6000,true,1,201253
3800008311736,false,ברנדי פליסקה 500 מל,וינקס פרסלוב,,ברנדי פליסקה 0.5 לי,מיליליטרים,500.00,"100 מ""ל",false,1,59.90,11.9800,true,1,113617
3800020411957,false,רביעייה קיט קט צ'אנקי נסטלה 4*40 ג',,,רביעיית קיט קט צאנקי נסטלה,גרמים,160.00,100 גרם,false,1,12.90,8.0625,true,1,204190
3800061605667,false,עוגיות בציפוי בטעם ק,,,עוגיות בציפוי בטעם קקאו פטל 200 גר,גרמים,200.00,100 גרם,false,1,9.90,4.9500,true,1,211654
3800065723022,false,סטיקס גריסיני פרג 2,זרחני איזדליה ורנה (,,סטיקס גריסיני פרג 235 גר,גרמים,235.00,100 גרם,false,12,8.90,3.7872,true,1,174900
3800065781114,false,עוגת וופל במילוי קרם,זרחני איזדליה ורנה (,,עוגת ועוגת וופל במילוי קרם קקאו ובוטנים 250 גר,גרמים,250.00,100 גרם,false,1,11.90,4.7600,true,1,113662
3800065781978,false,עוגת וופל במילוי קרם,זרחני איזדליה ורנה (,,עוגת וופל במילוי קרם בוטנים ותפוז 180 גר,גרמים,180.00,100 גרם,false,1,9.90,5.5000,true,1,211102
3800065783194,false,וופל בטעם קקאו במילו,זרחני איזדליה ורנה (,,וופל בטעם קקאו במילוי קרם קקאו 170 גר,גרמים,125.00,100 גרם,false,1,5.90,4.7200,true,1,211103
3800090602231,false,מפיות שולחן קרפ חד שכבתי,SANIPCO,,מפיות שולחן צבעוני,Unknown,0.00,Unknown,false,1,4.90,0.0000,true,1,168650
3800093500527,false,טימס מאמא קייק עם פי,,,טימס מאמא קייק עם פירות ולוקום 400 גר,גרמים,400.00,100 גרם,false,1,14.90,3.7250,true,1,209406
3800093500534,false,טימס מאמא קייק פתיתי,,,טימס מאמא קייק פתיתי שוקולד 400 גר,גרמים,400.00,100 גרם,false,1,14.90,3.7250,true,1,209408
3800093500541,false,טימס מאמא קייק עם צי,,,טימס מאמא קייק עם צימוקים 400 גר,גרמים,400.00,100 גרם,false,1,14.90,3.7250,true,1,209407
3800093511530,false,לחמניות באנס טימס עם,,,לחמניות באנס טימס עם קרם שוקולד 250 גר,גרמים,250.00,100 גרם,false,1,11.90,4.7600,true,1,213549
3800093511578,false,טימס לחמניות באנס מר,,,טימס לחמניות באנס מרמלדת תפוע 250 גר,גרמים,250.00,100 גרם,false,1,11.90,4.7600,true,1,213548
3800093511622,false,לחמניות באנס טימס מר,,,לחמניות באנס טימס מרמלדת ורד בר 250 גר,גרמים,250.00,100 גרם,false,1,11.90,4.7600,true,1,213547
3800205875109,false,צנימים מרטי עגבניות,,,צנימים מרטי בטעם עגבניות זיתים ואורגנו,גרמים,70.00,100 גרם,false,1,5.90,8.4286,true,1,125648
3800205875208,false,צנימים מרטי בטעם פיט,,,צנימים מרטי בטעם פיטריות ושמנת 70 גר,גרמים,70.00,100 גרם,false,1,5.90,8.4286,true,1,125649
3800205877325,false,צנימים מרטי בטעם שמנ,,,צנימים מרטי בטעם שמנת בצל 70 גר,גרמים,70.00,100 גרם,false,1,5.90,8.4286,true,1,199952
3800727040115,false,לפתן משמש 700 גר,,,לפתן משמש 700 גר,גרמים,700.00,100 גרם,false,1,12.90,1.8429,true,1,122165
3800740028220,false,רוטב עגבניות ברביקיו,,,רוטב עגבניות ברביקיו קלאסי 330 גר,גרמים,330.00,100 גרם,false,1,12.90,3.9091,true,1,208834
3838945007870,false,מיץ תפוזים פרוקטל עם,FRUCTAL,,מיץ תפוזים פרוקטל עם ויטמין סי 1 ל,ליטרים,1.00,ליטר,false,1,12.90,12.9000,true,1,205197
3838945027854,false,מיץ פרוקטל מולטיויטמ,FRUCTAL,,מיץ פרוקטל מולטיויטמין 1 ל,ליטרים,1.00,ליטר,false,1,12.90,12.9000,true,1,146195
3838945509015,false,נקטר פרוקטל אוכמניות,פרוקטל Fructal,,נקטר פרוקטל אוכמניות שחורות 1 ל,ליטרים,1.00,ליטר,false,1,12.90,12.9000,true,1,146196
3838945509022,false,נקטר פרוקטל תות שדה,FRUCTAL,,נקטר פרוקטל תות שדה 1 ל,ליטרים,1.00,ליטר,false,1,12.90,12.9000,true,1,146198
3838945509060,false,מיץ תפוחים פרוקטל 10,FRUCTAL,,מיץ תפוחים פרוקטל 100% פרי 1 ל,ליטרים,1.00,ליטר,false,1,12.90,12.9000,true,1,149613
3838945509077,false,מיץ נקטר פרוקטל 1 לי,FRUCTAL,,מיץ אננס פרוקטל 100% פרי 1 ל,ליטרים,1.00,ליטר,false,1,12.90,12.9000,true,1,149614
3850104008054,false,תבלין וגטה ירקות 75,פודרבקה ד.ד,,תבלין וגטה ירקות 75 גר,גרמים,75.00,100 גרם,false,1,6.90,9.2000,true,1,113777
3850104008597,false,תערובת תבלינים וגטה,PODRAVKA POLSKA,,תערובת תבלינים וגטה עם ירקות 250 גר,גרמים,250.00,100 גרם,false,1,17.90,7.1600,true,1,113779
3850104029189,false,תבלין וגטה פלוב 20 ג,,,"תבלין ""וגטה"" פלוב 30",גרמים,20.00,100 גרם,false,1,2.90,14.5000,true,1,140012
4000415004408,false,שוקולד שוגטן מריר אג,,,שוקולד שוגטן מריר אגוזים 100 גר,גרמים,100.00,100 גרם,false,1,5.90,5.9000,true,1,190826
4000415039707,false,שוקולד אוריו בלאק הנ,,,שוקולד אוריו בלאק הנד וואיט,גרמים,100.00,100 גרם,false,1,5.90,5.9000,true,1,150859
4000415040109,false,שוקולד שוגטן קרמל 10,,,שוקולד קרמל חום 100 גר,גרמים,100.00,100 גרם,false,1,5.90,5.9000,true,1,150858
4000415143800,false,שוקולד שוגטן טרילוגי,,,שוקולד טרילוגיה 100,גרמים,100.00,100 גרם,false,1,5.90,5.9000,true,1,105337
4000415358303,false,חמישיית שוקו פאן ביס,,,חמישיית שוקו פאן ביסקוויט 210 גר,גרמים,210.00,100 גרם,false,1,8.90,4.2381,true,1,213553
4000415440701,false,שישיית שוקו פאן בוטנ,,,שישיית שוקו פאן בוטנים 216 גר,גרמים,216.00,100 גרם,false,1,8.90,4.1204,true,1,213552
4000415440909,false,שישיית שוקו פאן קרמל,,,שישיית שוקו פאן קרמל 216 גר,גרמים,216.00,100 גרם,false,1,8.90,4.1204,true,1,213554
4000415730109,false,שוקולד שוגטן מריר אג,,,שוקולד שוגטן מריר אגוזים קצוצים 100 גר,גרמים,100.00,100 גרם,false,1,5.90,5.9000,true,1,209097
4000415749606,false,שוקולד שוגטן יום הול,,,שוקולד שוגטן יום הולדת 100 גר,גרמים,100.00,100 גרם,false,15,5.90,5.9000,true,1,210541
4000415851705,false,שוקולד שוגטן נוגט 10,,,שוקולד שוגטן נוגט 10,גרמים,100.00,100 גרם,false,1,5.90,5.9000,true,1,105342
4000415856601,false,שוקולד שוגטן 100 גרם,,,שוקולד לבן 100 גר,גרמים,100.00,100 גרם,false,1,5.90,5.9000,true,1,105343
4000417222008,false,שוקולד ריטר ספורט חלב+שברי אגוזים 100 גרם חלב נוכרי,ריטר ספורט Ritter sport,DE,שוקולד חלב ריטר ספורט עם שברי אגוזים 100,גרמים,100.00,100 גרם,false,1,8.90,8.9000,true,1,171585
4000417626417,false,שוקולד ספורט חמוציות,,,שוקולד ריטר ספורט חמוציות ואגוזים 100 גר,גרמים,100.00,100 גרם,false,1,8.90,8.9000,true,1,213354
4000504149027,false,גבינה קממבר דה לוקס,,,גבינה קממברט דה לוקס 125 גר,גרמים,125.00,100 גרם,false,1,24.90,19.9200,true,1,208146
4000504149324,false,גבינה רוגט 125 גר,,,גבינה רוגט 125 גר,גרמים,125.00,100 גרם,false,1,24.90,19.9200,true,1,203716
4000504149423,false,גבינה קמבוזולה כחולה,,,גבינה קמבוזולה כחולה 125 גר,גרמים,125.00,100 גרם,false,1,24.90,19.9200,true,1,203717
4000607850004,false,שוקולד שוגטן חלב 100,,,שוקולד שוגטן חלב 100,גרמים,100.00,100 גרם,false,1,5.90,5.9000,true,1,105381
4000607851001,false,שוקולד חלב עם אגוזי לוז,שוגטן Schogette,,שוקולד שוגטן חלב אגו,גרמים,100.00,100 גרם,false,1,5.90,5.9000,true,1,105382
4000607852008,false,שוקולד שוגטן מריר 10,,,"שוקולד מריר 100 ג""ר",גרמים,100.00,100 גרם,false,1,5.90,5.9000,true,1,105383
4000607854705,false,שוקולד שוגטן יוגורט,קריות זול,,שוקולד שוגטן יוגורט,גרמים,100.00,100 גרם,false,1,5.90,5.9000,true,1,105385
4001507161948,false,שיבולת שועל דקה להכנה מהירה,פרוטרי,DE,פתיתי שיבולת שועל 500 גר,גרמים,500.00,100 גרם,false,1,6.90,1.3800,true,1,170302
4001507161955,false,שיבולת שועל עבה להכנה מהירה,פרוטרי,DE,פתיתי שיבולת שועל עבה קווקר 500 גר,גרמים,500.00,100 גרם,false,1,6.90,1.3800,true,1,183186
4001518003817,false,מקלות פריכים עם גבינת גאודה 125 ג' טורינוס,,,אצבעות מאפה עם גאודה גריסון טורינוס 125,גרמים,125.00,100 גרם,false,12,14.90,11.9200,true,1,206928
4001724027461,false,פיצה מוצרלה קפוא אפו,,,פיצה מוצרלה קפוא אפוייה 335 גר,גרמים,335.00,100 גרם,false,6,29.90,8.9254,true,1,202016
4001751038669,false,רוטב חזרת עם וואסבי,סקנדיה,,חזרת עם וואסבי 190גר,גרמים,190.00,100 גרם,false,1,9.90,5.2105,true,1,149947
4001751064262,false,רוטב חזרת שמנת 190 ג,סקנדיה,,חזרת בשמנת 200גר,גרמים,190.00,100 גרם,false,1,9.90,5.2105,true,1,149948
4001751073677,false,רוטב חזרת עם סלק 200,סקנדיה,,רוטב חזרת עם סלק 200 גר,גרמים,200.00,100 גרם,false,1,9.90,4.9500,true,1,170288
4002309009100,false,ממרח דאבל אגוזי לוז,,,ממרח שוקולד KIDDY DUO,גרמים,350.00,100 גרם,false,12,14.90,4.2571,true,1,191828
4002899563105,false,דובשניות בציפוי שוקו,,,דובשניות בציפוי שוקולד מריר 500 גר,גרמים,500.00,100 גרם,false,10,19.90,3.9800,true,1,201069
4002899701118,false,דובשניות בציפוי שוקו,,,דובשניות בציפוי שוקולד חלב 500 גר,גרמים,500.00,100 גרם,false,10,19.90,3.9800,true,1,201068
4004666042004,false,משמיד עובש עם מרסס מלרוד Mellerud,מרלוד,DE,"מרסס מלרוד 500 מ""ל",מיליליטרים,500.00,"100 מ""ל",false,1,27.90,5.5800,true,1,176512
4004715020755,false,קישוטי עוגה פרינס אנד פרינסס 75 ג',היינץ צפון אמריקה מק,DE,קישוטי עוגה פרינס 150גר,גרמים,150.00,100 גרם,false,1,12.90,8.6000,true,1,118812
4006814000720,false,סנטה קלנדר 75 גרם,WAWI GROUP,DE,סנטה קלנדר 75 גר,גרמים,75.00,100 גרם,false,1,9.90,13.2000,true,1,134450
4006814000829,false,מגף סנטה 100 גר,,,מגף סנטה 100 גר,גרמים,100.00,100 גרם,false,15,15.90,15.9000,true,1,206758
4006814011061,false,סנטה בודד 60 גרם WAW,WAWI Euro Gmbh,DE,"סנטה ""גונץ"" 60 גר""",גרמים,60.00,100 גרם,false,30,4.90,8.1667,true,1,105483
4006814011108,false,"סנטה בודד 150 גר""",WAWI,,"סנטה בודד 150 גר""",גרמים,150.00,100 גרם,false,30,9.90,6.6000,true,1,105484
4006814071003,false,סנטה שקית 100 גר,WAWI,,סנטה שקית 100 גר,גרמים,100.00,100 גרם,false,1,9.90,9.9000,true,1,143444
4006814072000,false,סנטה שקית 200 גרם WA,WAWI Euro Gmbh,DE,סנטה שקית 200 גר,גרמים,200.00,100 גרם,false,1,15.90,7.9500,true,1,143443
4008287058161,false,בירה קרומבאכר פילס 4.8% שישיה 6 * 330 מל,מנדלז סי.אר. פרודקשן,DE,שישיית בירה קרומבאכר פילס 330 מל,מיליליטרים,1980.00,"100 מ""ל",false,1,36.90,1.8636,true,1,134482
4008400510125,false,קינדר סנטה+ביצת הפתע,,,קינדר סנטה+ביצת הפתעה בנים 75 גר,גרמים,75.00,100 גרם,false,12,21.90,29.2000,true,1,206829
4008400511528,false,קינדר סנטה קישוט עץ,,,קינדר סנטה קישוט עץ 3*15 גר,גרמים,45.00,100 גרם,false,1,14.90,33.1111,true,1,213322
4008400511825,false,קינדר סנטה עומד 110,,,קינדר סנטה עומד 110 גר,גרמים,110.00,100 גרם,false,1,21.90,19.9091,true,1,213321
4008429056710,false,אוכל לחתולים ויסקס ב,ויסקס Whiskas,PL,אוכל לחתולים ויסקס ביף 400 גר,גרמים,400.00,100 גרם,false,24,9.90,2.4750,true,1,166000
4008429951916,false,אוכל לחתולים ויסקס ט,ויסקס Whiskas,PL,אוכל לחתולים ויסקס טונה 400 גר,גרמים,400.00,100 גרם,false,24,9.90,2.4750,true,1,166002
4009176018372,false,דובשניות בציפוי שוקו,,,דובשניות בציפוי שוקולד מריר 500 גר,גרמים,500.00,100 גרם,false,10,19.90,3.9800,true,1,214218
4009300530145,false,חליטה קרה בטעמי מוחיטו ופירות יער פומפדור 45 ג',,,חליטת פומפדור קרה מוחיטו פירות יער 45 גר,גרמים,45.00,100 גרם,false,1,14.90,33.1111,true,1,203703
4009300530183,false,תה פומפדור חליטה תפו,TEEKANNE- POMPADOU,DE,חליטת תפוז ספרדי פומפדור 20 שק,גרמים,44.00,100 גרם,false,10,15.90,36.1364,true,1,213095
4009300530206,false,תה פומפדור חליטה תפו,TEEKANNE- POMPADOU,DE,חליטת תפוח טורקי פומפדור 20 שק,גרמים,50.00,100 גרם,false,10,15.90,31.8000,true,1,213094
4009900379564,false,מסטיק הובה בובה Hubba Bubba טייפ בטעם פירות,הובה בובה Hubba Bubba,GB,הובה בובה טייפ בטעם,גרמים,56.00,100 גרם,false,1,6.60,11.7857,true,1,105536
4009900402965,false,מסטיק אורביט וויט בטעם פירות ללא סוכר,ריגלי פולין,PL,"מסטיק ""אורביט"" בקבוקון בטעם פירות",Unknown,0.00,Unknown,false,1,9.90,0.0000,true,1,121640
4009900403023,false,מסטיק אורביט בקבוקון דאבל white קלאסי 64ג',"ב.א מזון בע""מ",PL,"מסטיק ""אורביט"" בקבוקון בטעם מנטה",גרמים,64.00,100 גרם,false,1,9.90,15.4688,true,1,121639
4009900406918,false,מסטיק הובה בובה טייפ טריפל מיקס 56ג',הובה בובה Hubba Bubba,GB,"מסטיק ""הובה בובה טרי",גרמים,56.00,100 גרם,false,1,6.60,11.7857,true,1,105544
4009900420129,false,מסטיק אורביט פרופשנל פפרמינט בקבוקון 64 גר',מרס נדרלנד,PL,מסטיק אורביט פרופשיונל פפרמינט בקבוקון,Unknown,0.00,Unknown,false,12,9.90,0.0000,true,1,189827
4009900465304,false,סוכריות סקיטלס פירות חמוצים 174 גרם,סקיטלס Skittles,CZ,סוכריות סקיטלס בטעם פירות חמוצים 174גר,גרמים,174.00,100 גרם,false,1,8.90,5.1149,true,1,148174
4009900479998,false,מסטיק אורביט בטעם אוכמניות ללא סוכר,ריגלי פולין,PL,מסטיק אורביט בטעם אוכמניות בקבוקון,לא מנהל יחידת מידה,0.00,לא מנהל יחידת מידה,false,1,9.90,0.0000,true,1,148171
4009900482417,false,מסטיק אורביט פירות מנטה בקבוקון באבל מינט 45יח,ריגלי פולין,PL,מסטיק אורביט באבל מינט בקבוקון,לא מנהל יחידת מידה,0.00,לא מנהל יחידת מידה,false,1,9.90,0.0000,true,1,124934
4009900483803,false,מסטיק איירובס מנטה אקליפטוס בקבוקון 60יח',איירוויבס Airwaves,PL,איירוויבז בקבוק מנטה אקליפטוס,Unknown,0.00,Unknown,false,6,12.90,0.0000,true,1,190745
4009900487283,false,אורביט ילדים קלאסי סט' משפחתי-חמישיות,אורביט Orbit,,אורביט סטיקס פירות חמישייה,Unknown,0.00,Unknown,false,1,9.90,0.0000,true,1,143763
4009900491044,false,מסטיק איירובס אוכמניות בקבוקון 60יח',איירוויבס Airwaves,PL,איירוויבז בקבוק אוכמניות,Unknown,0.00,Unknown,false,6,12.90,0.0000,true,1,190746
4009900500166,false,סוכריות פירות אדום סקיטלס בקבוקון 125ג',ריגלי ממתקים,,סוכריות סקיטלס פירות בקבוקון,Unknown,0.00,Unknown,false,1,8.90,0.0000,true,1,176473
4009900514996,false,מסטיק אורביט בקבוקון תות 64ג',חברת ריגלי בעמ,PL,מסטיק אורביט תות בקבוקון,גרמים,64.00,100 גרם,false,12,9.90,15.4688,true,1,174148
4009900521581,false,מסטיק פרופשונל מינטס מנטה בקבוקון 77 גר',ריגלי פולין,PL,סוכריות אורביט מינטס דובדבן בקבוקון,Unknown,0.00,Unknown,false,1,8.90,0.0000,true,1,180613
4009900521611,false,סוכריות אורביט מינטס דובדבן מנטה בבקבוקון,מרס נדרלנד,,סוכריות אורביט מינטס מנטה בקבוקון,Unknown,0.00,Unknown,false,1,8.90,0.0000,true,1,180614
4009900531122,false,"מסטיק בטעם מנטה ספירמינט, 64 ג' פרופשיונל אורפיט",מרס נדרלנד,PL,מסטיק אורביט פרופשיונל ספירמינט בקבוקו,Unknown,0.00,Unknown,false,12,9.90,0.0000,true,1,189828
4009900531573,false,סוכריות סקיטלס סמודיס בטעמי יוגורט ופירות,סקיטלס Skittles,CZ,סוכריות סקיטלס סמודים 174 גר,גרמים,174.00,100 גרם,false,1,8.90,5.1149,true,1,191145
4009900532327,false,סוכריות סקיטלס סמודיס בטעמי יוגורט ופירות,סקיטלס Skittles,CZ,סוכריות סקיטלס סמודים 38 גר,גרמים,38.00,100 גרם,false,1,2.90,7.6316,true,1,191144
4009900534918,false,סקיטלס ג'יינט פירות 141 גרם,ריגלי,,סוכריות סקיטלס גיינט פירות בקבוקון,גרמים,141.00,100 גרם,false,1,8.90,6.3121,true,1,204160
4009900535519,false,מסטיק אורביט רפרשרס ספירמינט ללא סוכר 15.6גר',Unknown,,אורביט רפרשרס ספירמינט 15.6 גר,גרמים,16.00,100 גרם,false,1,3.90,24.3750,true,1,202214
4009900536486,false,מסטיק אורביט רפרשרס באבלמינט בקבוקון ללא סוכר 67 גר',מרס ריגלי קונפקשונרי,PL,אורביט רפרשרס באבלמינט בק 67 גר,גרמים,67.00,100 גרם,false,1,11.90,17.7612,true,1,202213
4009900539340,false,סקיטלס ג'יינט סאוור 141 גרם,מרס ריגלי קונפקשונרי,PL,סוכריות סקיטלס גיינט סאוור 141 גר,גרמים,141.00,100 גרם,false,14,8.90,6.3121,true,1,206949
4009900539401,false,מסטיק פייב באונס בטעם מנטה HP,Unknown,PL,פייב באונס בטעם מנטה 14.4 גר,גרמים,14.00,100 גרם,false,16,3.90,27.8571,true,1,208922
4009900539432,false,מסטיק פייב באונס בטעם אבטיח HP,Unknown,PL,פייב באונס בטעם אבטיח 14.4 גר,גרמים,14.00,100 גרם,false,16,3.90,27.8571,true,1,208923
4009900539685,false,"מסטיק פייב באונס בטעם מנטה בקבוקון, 61.8 גרם",ריגלי בעמ רוסיה,PL,פייב באונס בטעם מנטה בק 61.8 גר,גרמים,62.00,100 גרם,false,6,11.90,19.1935,true,1,208920
4009900539746,false,"מסטיק פייב באונס בטעם אבטיח בקבוקון, 61.8 גרם",ריגלי בעמ רוסיה,PL,פייב באונס בטעם אבטיח בק 61.8 גר,גרמים,62.00,100 גרם,false,6,11.90,19.1935,true,1,208921
4009900540551,false,מסטיק אורביט רפרשרס טרופיקל בקבוקון ללא סוכר,מרס פולין,PL,אורביט ריפרשרס טרופיקל בק 67 גר,גרמים,67.00,100 גרם,false,6,11.90,17.7612,true,1,208296
4014400900217,false,בונבונירה מרסי 400 גרם חלבי - נוכרי,קריניציה ויטמינה אס,DE,"בונבוניירות ""מרסי"" 4",גרמים,400.00,100 גרם,false,1,49.90,12.4750,true,1,110554
4014400901191,false,בונבונירה מרסי קלאסי 250 גרם חלב נוכרי,אוגוסט שטורק,DE,בונבוניירת מרסי 250 גר,גרמים,250.00,100 גרם,false,1,28.90,11.5600,true,1,110555
4014400904277,false,סוכריות אייס פרש 425 ג',תות ממתקי איכות,DE,"אייספרש 425 ג""ר",גרמים,425.00,100 גרם,false,1,19.90,4.6824,true,1,110559
4014400914696,false,וורטר אורגינל סוכריות ללא סוכר 80 ג',אוגוסט שטורק,DE,"סוכריות וורטר לל""""ס",גרמים,80.00,100 גרם,false,1,8.90,11.1250,true,1,110576
4014400920857,false,סוכריות וורטר Werther's בטעם שוקולד ללא סוכר,קריניציה ויטמינה אס,DE,סוכריות וורטר שוקולד ללא סוכר 70 גר,גרמים,70.00,100 גרם,false,1,8.90,12.7143,true,1,204218
4014400923711,false,טופיפי 125 גר' - חלב נוכרי,אוגוסט שטורק,DE,"טופיפי 125 גר כשל""פ",גרמים,125.00,100 גרם,false,1,13.90,11.1200,true,1,176010
4014400931327,false,ורטרס אורגינל פופקורן עם קרמל זרעי דלעת 1/12,וורטרס Werther's,DE,וורטרס אורגינל פופקורן קרמל וגרעינים 140,גרמים,140.00,100 גרם,false,14,14.90,10.6429,true,1,209082
4015400564034,false,מגני תחתון אולוויז לונג פלוס עם ניחוח,פרוקטר אנד גמבל,DE,מגן תחתון אולוויז,Unknown,0.00,Unknown,false,1,18.90,0.0000,true,1,121976
4015400564454,false,מגני תחתון אולוויז לארג' עם ניחוח מגה פק,פרוקטר אנד גמבל,DE,מגן תחתון אולוויז,Unknown,0.00,Unknown,false,4,18.90,0.0000,true,1,121974
4015400681670,false,תחבושות היגייניות אולטרה לילה בטוח,פרוקטר אנד גמבל,UA,תחבושות אולוויז דואו לילה בטוח 18 יח,Unknown,0.00,Unknown,false,1,19.90,0.0000,true,1,171507
4015400731719,false,תחבושות היגייניות אולוויז יום ולילה Day & Night,פרוקטר אנד גמבל,UA,תחבושות אולוייז דואו לילה 20 יח,Unknown,0.00,Unknown,false,1,19.90,0.0000,true,1,171758
4015400746812,false,מגני תחתון אולוויז נורמל עם ניחוח מגה פק,פרוקטר אנד גמבל,UA,מגן תחתון אולוויז נורמל מגה פק 80 יח,Unknown,0.00,Unknown,false,1,18.90,0.0000,true,1,172977
4015400755241,false,תחבושות היגייניות אולוויז אולטרה נורמל - 28 יח',פרוקטר אנד גמבל,UA,תחבושות אולוייז דואו נורמל פלוס 28 יח,Unknown,0.00,Unknown,false,1,19.90,0.0000,true,1,171759
4015400755487,false,תחבושות היגייניות אולוויז אולטרה לונג - 24 יח',פרוקטר אנד גמבל,UA,תחבושות אולוייז דואו לונג פלוס 24 יח,Unknown,0.00,Unknown,false,6,19.90,0.0000,true,1,171760
4015576156835,false,בירה לא מסוננת ברלינ,,,בירה בהירה לא מסוננת ברלינר גשיחטה 500 מ,מיליליטרים,500.00,"100 מ""ל",false,1,7.90,1.5800,true,1,211014
4015576235493,false,בירה בהירה ברלינר גש,,,בירה בהירה ברלינר גשיחטה הל פחית 500 מל,מיליליטרים,500.00,"100 מ""ל",false,1,7.90,1.5800,true,1,211015
4015600762742,false,שמפו יומיומי למניעת קשקשים הנוסחה הקלאסית,פרוקטר אנד גמבל,RO,"שמפו ""הד & שולדרס"" קלאסי 500 מל",מיליליטרים,500.00,"100 מ""ל",false,1,21.90,4.3800,true,1,125208
4015600762780,false,שמפו וקונדישינר יומיומי למניעת קשקשים הנוסחה הקלאסית 2in1,פרוקטר אנד גמבל,RO,"שמפו ""הד & שולדרס"" 2 ב-1 500 מל",מיליליטרים,500.00,"100 מ""ל",false,1,21.90,4.3800,true,1,125209
4015600762902,false,"שמפו מנטול הד אנד שולדרס 500 מ""ל",פרוקטר אנד גמבל,RO,"שמפו ""הד & שולדרס"" מנטול 500 מל",מיליליטרים,500.00,"100 מ""ל",false,1,21.90,4.3800,true,1,125210
4015600762940,false,שמפו יומיומי למניעת קשקשים בניחוח תפוח,פרוקטר אנד גמבל,RO,"שמפו ""הד & שולדרס"" תפוח 500 מל",מיליליטרים,500.00,"100 מ""ל",false,1,21.90,4.3800,true,1,125214
4015600763022,false,שמפו יומיומי למניעת קשקשים לשיער יבש/פגום לשיער רך כמשי,פרוקטר אנד גמבל,RO,"שמפו ""הד & שולדרס"" מגע משי 500 מל",מיליליטרים,500.00,"100 מ""ל",false,1,21.90,4.3800,true,1,125213
4017100290008,false,ביסקוויט בלזן ליבניץ שוקולד חלב 125 ג',הדקלאים אגודת שיתופי,DE,"ביסקוויט ""ליבניץ"" שוקולד חלב 125 גר",גרמים,125.00,100 גרם,false,1,10.90,8.7200,true,1,110690
4018344564610,false,פילה הרינג ברוטב עגבניות 200 ג' לארסן,,,פילה הרינג ברוטב עגבניות לארסן 200 גר,גרמים,200.00,100 גרם,false,1,9.90,4.9500,true,1,210388
4018344564665,false,פילה הרינג ברוטב בלק,,,פילה הרינג ברוטב בלקני לארסן 200 גר,גרמים,200.00,100 גרם,false,1,9.90,4.9500,true,1,210392
4018344564672,false,פילה הרינג ברוטב מקסיקני 200 ג' לארסן,,,פילה הרינג ברוטב מקסיקני לארסן 200 גר,גרמים,200.00,100 גרם,false,1,9.90,4.9500,true,1,210393
4022025000137,false,יין בלו נאן גוורטצטר,,,"יין ""בלו נאן"" גוורטצ",מיליליטרים,750.00,"100 מ""ל",false,1,44.90,5.9867,true,1,110707
4022025000236,false,יין בלו נאן אותנטיק,,,יין בלו נאן אותנטיק 1 ל,ליטרים,1.00,ליטר,false,1,44.90,44.9000,true,1,174093
4022025371039,false,יין מבעבע בלו נאן חצ,,,"יין מבעבע בלו נאן חצי יבש 750 מ""ל",מיליליטרים,750.00,"100 מ""ל",false,1,49.90,6.6533,true,1,183278
4022025372036,false,יין מבעבע בלו נאן מה,,,יין מבעבע בלו נאן מהדרות הזהב 750מל,מיליליטרים,750.00,"100 מ""ל",false,1,49.90,6.6533,true,1,148436
4022411030847,false,בירה סטאמגסט לאגר 5%,,,בירה סטאמגסט לאגר 5% פח 500 מל,מיליליטרים,500.00,"100 מ""ל",false,24,7.90,1.5800,true,1,202300
4025700001962,false,שוקולד מילקה לבן 100 גר',פי אר ג'יי אס סי מונ,UA,שוקולד לבן מילקה 100 גר,גרמים,100.00,100 גרם,false,22,5.90,5.9000,true,1,174064
4030011350197,false,סלט דונייסקי 720 גר,,,"סלט ""דונייסקי"" 720 ג",גרמים,720.00,100 גרם,false,1,14.90,2.0694,true,1,110732
4030011420203,false,ממרח קישואים איסיס 7,,,"ממרח קישואים ""איסיס""",גרמים,720.00,100 גרם,false,1,14.90,2.0694,true,1,110737
4030011420425,false,ממרח חצילים חריף 720,,,ממרח חצילים חריף 720,גרמים,720.00,100 גרם,false,1,14.90,2.0694,true,1,110739
4030011430110,false,אדזיקה חריפה 350 גר,,,"אדז""יקה חריפה 380 גר",גרמים,350.00,100 גרם,false,1,12.90,3.6857,true,1,110741
4030011620146,false,מיץ עץ לבנה 1 ל,,,מיץ עץ לבנה 1 ל,ליטרים,1.00,ליטר,false,1,18.90,18.9000,true,1,213008
4033100013348,false,סיגריות אל די כחול א,Unknown,,אל די ארוך,Unknown,0.00,Unknown,false,1,28.00,0.0000,false,1,110783
4033100014468,false,סיגריות אל די אדום ח,Unknown,,אל די אדום,Unknown,0.00,Unknown,false,1,28.00,0.0000,false,1,110785
4033100014529,false,סיגריות אל די סלים ח,Unknown,,אל די סלימס,Unknown,0.00,Unknown,false,1,26.00,0.0000,false,1,110789
4033100024252,false,סיגריות וינסטון אקווה,Unknown,,וינסטון אקווה,Unknown,0.00,Unknown,false,1,31.00,0.0000,false,1,120688
4052197000017,false,בירה בנדיקטינר בקבוק,בנדיקטינר וויצבראו,DE,"בירה לבנה ""בנדיקטינר",מיליליטרים,500.00,"100 מ""ל",false,1,10.90,2.1800,true,1,110808
4052197003254,false,בירה בנדיקטינר לאגר,בנדיקטינר וויצבראו,DE,"בירה בנדיקטינר לאגר אוריגינל בק 500 מ""ל",מיליליטרים,500.00,"100 מ""ל",false,1,10.90,2.1800,true,1,171129
4054500114015,false,בירה אפוסטל בראון לא,,,"בירה אפוסטל בראון לאגר פח"" 500 מל",מיליליטרים,500.00,"100 מ""ל",false,1,7.90,1.5800,true,1,125288
4054500140410,false,בירה קראפט 500 מל,,,בירה קראפט 500 מל,מיליליטרים,500.00,"100 מ""ל",false,24,10.90,2.1800,true,1,203667
4054500140434,false,בירה קראפט 500 מל,,,בירה קראפט 500 מל,מיליליטרים,500.00,"100 מ""ל",false,24,10.90,2.1800,true,1,203666
4066600999614,false,"בירה פאולנר 500 מ""ל בקבוק",מבשלת פאולנר,DE,"בירה פאולנר בק 500 מ""ל",מיליליטרים,500.00,"100 מ""ל",false,1,11.90,2.3800,true,1,176674
4067700014849,false,ליקר ייגרייסטר 700 מ,מסט-יגרמייסטר,DE,"ליקר ייגרמייסטר 700 מ""ל כשר",מיליליטרים,700.00,"100 מ""ל",false,1,89.90,12.8429,true,1,173685
4084500088917,false,"נוזל כלים פיירי לימון 650 מ""ל",פרוקטר אנד גמבל,GB,"נוזל לניקוי כלים פיירי לימון 650 מ""ל",מיליליטרים,650.00,"100 מ""ל",false,1,9.90,1.5231,true,1,144433
4084500853836,false,סבון כלים ורדים וסאטן,פרוקטר אנד גמבל,GB,"נוזל כלים פיירי ורדים ומשי 515 מ""ל",מיליליטרים,515.00,"100 מ""ל",false,1,9.90,1.9223,true,1,168006
4084500853898,false,סבון כלים אלוורה ומלפפונים,פרוקטר אנד גמבל,GB,"נוזל כלים פיירי אלוורה 515 מ""ל",מיליליטרים,515.00,"100 מ""ל",false,1,9.90,1.9223,true,1,168005
4100130937163,false,מארז בירה בקס שישייה,"איי, בי, אינבוו",DE,"בירה בקס 275 מ""ל שישייה",מיליליטרים,1650.00,"100 מ""ל",false,1,29.90,1.8121,true,1,169167
4101540707353,false,עוגת סטולן קלאסי 500,,,עוגת סטולן קלאסי 500 גר,גרמים,500.00,100 גרם,false,1,27.90,5.5800,true,1,213989
4101540707933,false,עוגת שטולן עשירה עם,,,עוגת שטולן עשירה עם מרציפן 450 גר,גרמים,450.00,100 גרם,false,10,29.90,6.6444,true,1,194525
4101540710919,false,עוגת סטולן מרציפן 50,,,עוגת סטולן מרציפן 500 גר,גרמים,500.00,100 גרם,false,1,27.90,5.5800,true,1,213988
4101540719103,false,עוגת שטולן עם מרציפן,,,עוגת שטולן עם מרציפן ודובדבנים 700 גר,גרמים,700.00,100 גרם,false,7,42.90,6.1286,true,1,201758
4101540773655,false,עוגת שטולן מרציפן 18,,,עוגת שטולן מרציפן 180 גר,גרמים,180.00,100 גרם,false,1,15.90,8.8333,true,1,213726
4101540775413,false,עוגת שטולן עשירה עם,,,עוגת שטולן עשירה עם מרציפן 950 גר,גרמים,950.00,100 גרם,false,6,46.90,4.9368,true,1,201763
4101940131611,false,בירה סטפאנס בראו לאג,מבשלת איכבאום,,"בירה סטפאנס בראו לאגר 500 מ""ל",מיליליטרים,500.00,"100 מ""ל",false,1,7.90,1.5800,true,1,184584
4101940131628,false,בירה סטפאנס בראו ווי,מבשלת איכבאום,,"בירה סטפאנס בראו וויסבר 500 מ""ל",מיליליטרים,500.00,"100 מ""ל",false,1,7.90,1.5800,true,1,184585
4101940141634,false,בירה סטאמגסט לא מסונ,,,בירה סטאמגסט לא מסוננת 5% פח 500 מל,מיליליטרים,500.00,"100 מ""ל",false,24,7.90,1.5800,true,1,212757
4102430003418,false,בירה ביטבורגר מארז ר,מבשלת ביטבורגר,,"בירה ביטבורגר פח 500 מ""ל רביעייה",ליטרים,2.00,ליטר,false,1,29.90,14.9500,true,1,167542
4102430013615,false,בירה ביטבורגר 330 מל,,,"בירה ביטבורגר 330 מ""ל שישייה",מיליליטרים,1980.00,"100 מ""ל",false,1,39.90,2.0152,true,1,176553
4105120623941,false,"בירה ויינשטפן בק' ח""פ 500 מ""ל",ווינשטפן Weihenstephaner,DE,"בירה ווינשטפן בק 500 מ""ל",מיליליטרים,500.00,"100 מ""ל",false,1,11.90,2.3800,true,1,179585
4105120624412,false,"בירה וינשטפן ויטוס 500 מ""ל",קרלסברג ישראל,IL,"בירה וינשטפן ויטוס בק 500 מ""ל",מיליליטרים,500.00,"100 מ""ל",false,1,11.90,2.3800,true,1,191643
4260007240502,false,ממרח חצילים 680 גר,אולן,BG,ממרח חצילים 680 גר,גרמים,680.00,100 גרם,false,1,19.90,2.9265,true,1,110884
4260007246917,false,עגבניות שרי בחומץ 1,אולן,BG,עגבניות שרי בחומץ 1 קג,קילוגרמים,1.00,"ק""ג",false,1,20.90,20.9000,true,1,110894
4260007247754,false,עגבניות שרי בחומץ עם,אולן,BG,"עגבניות ""אולן"" שמיר",קילוגרמים,1.00,"ק""ג",false,1,20.90,20.9000,true,1,110897
4260099274232,false,עגבניות בחומץ עם שום,דבורק,,עגבניות בחומץ עם שום 880גר,גרמים,880.00,100 גרם,false,1,14.90,1.6932,true,1,149675
4600080279691,false,מבחר ממתקי שוקולד וק,,,מבחר ממתקי שוקולד וקרמל קונפטה 350 גר,גרמים,350.00,100 גרם,false,10,34.90,9.9714,true,1,188049
4600080298579,false,שוקולד חלב אליונקה ע,קרסניי אוקטברי,,שוקולד חלב אליונקה עם שקדים 90 גר,גרמים,90.00,100 גרם,false,15,7.90,8.7778,true,1,201089
4600080298593,false,שוקולד אליונקה אגוזי,קרסניי אוקטברי,,שוקולד אליונקה אגוזי לוז וצימוקים 90 גר,גרמים,90.00,100 גרם,false,15,7.90,8.7778,true,1,201090
4600080501013,false,וופל קורובקה בטעם חל,רוט פרונט,,וופל קורובקה בטעם חלב 250 גר,גרמים,250.00,100 גרם,false,1,15.90,6.3600,true,1,168420
4600080501037,false,וופל קורובקה מצופה ש,רוט פרונט,,וופל קורובקה מצופה שוקולד 250 גר,גרמים,250.00,100 גרם,false,1,15.90,6.3600,true,1,168421
4600300000739,false,קקאו זולוטוי ירליק 1,קרסניי אוקטברי,,"קקאו ""זולוטוי ירליק"" 100 גר",גרמים,100.00,100 גרם,false,1,11.90,11.9000,true,1,110966
4600300079865,false,בונ חלב ציפור 200 גר,קרסניי אוקטברי,,בונ חלב ציפור 200 גר,גרמים,200.00,100 גרם,false,1,16.90,8.4500,true,1,110976
4600300082575,false,בונבוניירה ארטפסיון,קרסניי אוקטברי,,בונבוניירה ארטפסיון שקדים שלמים 240גר,גרמים,240.00,100 גרם,false,1,29.90,12.4583,true,1,150073
4600300082599,false,בונבוניירה ארטפסיון,קרסניי אוקטברי,,בונבוניירה ארטפסיון אגוזי לוז 240גר,גרמים,240.00,100 גרם,false,1,29.90,12.4583,true,1,150074
4600521002604,false,קוניאק קווינט *3 500,KVINT,,קוניאק קווינט *3 500,מיליליטרים,500.00,"100 מ""ל",false,1,54.90,10.9800,true,1,143934
4600521002611,false,קוניאק קווינט *5 500,KVINT,,קוניאק קווינט *5 500,מיליליטרים,500.00,"100 מ""ל",false,1,64.90,12.9800,true,1,143935
4600659010854,false,וודקה סטולי בקבוק 70,איי. אס. לטבייאס בלז,LV,וודקה סטולי אדום 700,מיליליטרים,700.00,"100 מ""ל",false,1,59.90,8.5571,true,1,111033
4600682001126,false,בירה בלטיקה מס 9 פחי,,,בירה בלטיקה מס 9 פחית 900 מל,מיליליטרים,900.00,"100 מ""ל",false,1,13.90,1.5444,true,1,197473
4600682007456,false,בירה בלטיקה מס 7 450,BALTIKA,,"בירה ""בלטיקה"" מס"" 7 450 מ""ל",מיליליטרים,450.00,"100 מ""ל",false,1,9.90,2.2000,true,1,174738
4600682009450,false,בירה בלטיקה מס 9 בקב,BALTIKA,,"בירה בלטיקה 9 450 מ""ל",מיליליטרים,450.00,"100 מ""ל",false,1,9.90,2.2000,true,1,174745
4600682023128,false,בירה גורקובסקיה חזקה,,,בירה גורקובסקיה חזקה לא מסוננת 440 מל,מיליליטרים,440.00,"100 מ""ל",false,1,8.90,2.0227,true,1,212317
4600682023524,false,בירה גורקובסקיה בוהמ,,,בירה גורקובסקיה בוהמיין לא מסוננת 440 מל,מיליליטרים,440.00,"100 מ""ל",false,1,8.90,2.0227,true,1,212319
4600682023654,false,בירה גורקובסקיה וויז,,,בירה גורקובסקיה וויזאן לא מסוננת 440 מל,מיליליטרים,440.00,"100 מ""ל",false,1,8.90,2.0227,true,1,212318
4600682225478,false,בירה בלטיקה קולר 470,,,"בירה ""בלטיקה"" קולר 470 מ""ל",מיליליטרים,470.00,"100 מ""ל",false,1,9.90,2.1064,true,1,150223
4600682401476,false,בירה בלטיקה 0 ללא אל,BALTIKA,,בירה בלטיקה 0 ללא אלכוהול,מיליליטרים,470.00,"100 מ""ל",false,1,7.90,1.6809,true,1,174746
4600682407478,false,בירה בלטיקה 7 470 מל,BALTIKA,,"בירה בלטיקה 7 470 מ""ל",מיליליטרים,470.00,"100 מ""ל",false,1,9.90,2.1064,true,1,174748
4600699501121,false,שמן חמניות סלובודה מ,,,"שמן חמניות ""סלובודה"" מזוכך 1 ל",ליטרים,1.00,ליטר,false,1,16.90,16.9000,true,1,144800
4600699502494,false,שמן חמניות סלובודה מ,,,"שמן חמניות ""סלובודה"" מזוכך 1.8 ל",ליטרים,1.80,ליטר,false,1,29.90,16.6111,true,1,144802
4600699505433,false,שמן חמניות סלובודה ל,,,"שמן חמניות ""סלובודה"" לא מזוכך 1 ל",ליטרים,1.00,ליטר,false,1,16.90,16.9000,true,1,144801
4600699505525,false,מיונז סלובודה פרובנס,,,"מיונז סלובודה פרובנסל 67% 800 מ""ל",מיליליטרים,800.00,"100 מ""ל",false,1,19.90,2.4875,true,1,183902
4600699512363,false,מיונז פרובנסל סלובוד,,,מיונז פרובנסל סלובודה ביצי שליו 750 גר,גרמים,750.00,100 גרם,false,1,19.90,2.6533,true,1,206095
4600756200547,false,צנימים עם סוכר וצימו,,RU,צנימים עם סוכר וצימוקים סרפוחוב 330 גר,גרמים,330.00,100 גרם,false,12,18.90,5.7273,true,1,208198
4600823030091,false,חטיף שוקולד עם קרם פ,בבייבסקי,,"בטונצ""יק ממולא שמנת",גרמים,50.00,100 גרם,false,1,3.90,7.8000,true,1,111096
4600823031098,false,חטיף שוקולד עם קרם ש,בבייבסקי,,"בטונצ""יק שוקולד 50 ג",גרמים,50.00,100 גרם,false,1,3.90,7.8000,true,1,111097
4600823122017,false,שוקולד בבייבסקי אליט,בבייבסקי,,שוקולד בבייבסקי אליטני 75% 100 גר,גרמים,100.00,100 גרם,false,1,8.90,8.9000,true,1,111101
4600823125018,false,שוקולד באבייבסקי אור,,,שוקולד באבייבסקי אוריגינל 100 גר,גרמים,100.00,100 גרם,false,1,8.90,8.9000,true,1,180687
4600823143005,false,שוקולד בבייבסקי מריר,בבייבסקי,,שוקולד בבייבסקי מריר 100 גר,גרמים,100.00,100 גרם,false,1,8.90,8.9000,true,1,111102
4600823193109,false,שוקולד בבייבסקי שזיפ,,,שוקולד באבייבסקי חתיכות שזיפים מיובשים,גרמים,100.00,100 גרם,false,1,8.90,8.9000,true,1,180689
4600823197244,false,שוקולד דרקס עם שקדים,בבייבסקי,,שוקולד דרקס עם שקדים ותפוזים 100גר,גרמים,100.00,100 גרם,false,1,11.90,11.9000,true,1,147534
4600823320062,false,סוכריות קרמל בטעם תו,בבייבסקי,,סוכריות קרמל בטעם תות שמנת 250 גר,גרמים,250.00,100 גרם,false,1,8.90,3.5600,true,1,145161
4600851008758,false,חרדל 195 גר,,,חרדל 195 גרם,גרמים,195.00,100 גרם,false,1,9.90,5.0769,true,1,166017
4600851010676,false,מיונז פרובנסל 850 מל,סולנצ'ניי פרודוקטי,,"מיונז ""פרובנסל"" 850 מל",מיליליטרים,850.00,"100 מ""ל",false,1,26.90,3.1647,true,1,144081
4600851011567,false,מיונז קלאסי 700 מל,סולנצ'ניי פרודוקטי,,מיונז קלאסי 700 מל,מיליליטרים,700.00,"100 מ""ל",false,1,17.90,2.5571,true,1,170455
4600851013288,false,מיונז מוסקובסקי קלאס,Moskovskiy Zirovoy K,,"מיונז מוסקובסקי קלאסי דלי 800 מ""ל",מיליליטרים,800.00,"100 מ""ל",false,1,21.90,2.7375,true,1,185428
4600851014537,false,מיונז פרובנסל קלאסיק,סולנצ'ניי פרודוקטי,,"מיונז פרובנסל קלאסיק 400 מ""ל",מיליליטרים,400.00,"100 מ""ל",false,20,10.90,2.7250,true,1,194293
4600851014544,false,מיונז קלאסי 200 מל,סולנצ'ניי פרודוקטי,,"מיונז קלאסי 200 מ""ל",מיליליטרים,200.00,"100 מ""ל",false,40,5.90,2.9500,true,1,193217
4600874000623,false,תמצית ציקורי נמס טבע,,,תמצית ציקורי נמס טבעי 100 גר,גרמים,100.00,100 גרם,false,1,20.90,20.9000,true,1,186338
4600874000654,false,ציקורי נמס עם גינשן,,,ציקורי נמס עם גינשן 100 גר,גרמים,100.00,100 גרם,false,1,20.90,20.9000,true,1,146816
4600874000661,false,ציקורי נמס שיפובניק,,,ציקורי נמס שיפובניק 100גר,גרמים,100.00,100 גרם,false,1,20.90,20.9000,true,1,146818
4600874003419,false,קיסל בטעם ברוסניקה 2,,,קיסל בטעם ברוסניקה 220 גר,גרמים,220.00,100 גרם,false,1,7.90,3.5909,true,1,214128
4600874003457,false,קיסל בטעם תות שדה 22,,,קיסל בטעם תות שדה 220 גר,גרמים,220.00,100 גרם,false,1,7.90,3.5909,true,1,214129
4600874003464,false,קיסל בטעם חמוציות 22,,,קיסל בטעם חמוציות 220 גר,גרמים,220.00,100 גרם,false,1,7.90,3.5909,true,1,214130
4600874003495,false,קיסל בטעם פירות יער,,,קיסל בטעם פירות יער 220 גר,גרמים,220.00,100 גרם,false,1,7.90,3.5909,true,1,214131
4600893900805,false,וודקה גרין מארק 700,TOPAZ,,"וודקה ""זליוניה מרקה""",מיליליטרים,700.00,"100 מ""ל",false,1,59.90,8.5571,true,1,111117
4600893900843,false,וודקה זליוניה מרקה ר,TOPAZ,,וודקה זליוניה מרקה רזאניאה 0.7ל,מיליליטרים,700.00,"100 מ""ל",false,1,59.90,8.5571,true,1,111119
4600893900997,false,וודקה זליניה מרקה קד,TOPAZ,,וודקה זליניה מרקה קדרוביאה 0.7ל,מיליליטרים,700.00,"100 מ""ל",false,1,59.90,8.5571,true,1,111121
4600919105054,false,עוגת סקאזקה 500 גר,דוברינינסקיי,,עוגת סקאזקה 500 גר,גרמים,500.00,100 גרם,false,1,39.90,7.9800,true,1,167849
4600935020331,false,כוסמת אלטאי 800 גר,,,כוסמת אלטאי 800 גר,גרמים,800.00,100 גרם,false,1,15.90,1.9875,true,1,213009
4601021054858,false,ממתק סופלה בטעם שמנת,,,ממתק סופלה בטעם שמנת בציפוי שוקולד 200,גרמים,200.00,100 גרם,false,1,19.90,9.9500,true,1,205757
4601513008581,false,רולדה אליונקה בטעם ש,יוז'נואורלקונדיטר,,רולדה אליונקה בטעם שוקולד חלב 200גר,גרמים,200.00,100 גרם,false,1,9.90,4.9500,true,1,150967
4601576004025,false,רוטב תיבול בטעם זיתי,OAO ZHIROVOY KOMBINA,,רוטב תיבול בטעם זיתים מצטה חוזייקי 480 מל,מיליליטרים,480.00,"100 מ""ל",false,1,12.90,2.6875,true,1,123402
4601576004032,false,מיונז חלומי בטעם זיתים,OAO ZHIROVOY KOMBINA,,רוטב תיבול בטעם זיתים מצטה חוזייקי 900 מל,מיליליטרים,900.00,"100 מ""ל",false,1,19.90,2.2111,true,1,123400
4601576004094,false,רוטב תיבול פרובנסל מ,OAO ZHIROVOY KOMBINA,,רוטב תיבול פרובנסל מצטה חוזייקי קלאסי 480 מל,מיליליטרים,480.00,"100 מ""ל",false,1,12.90,2.6875,true,1,123401
4601576004100,false,מיונז חלומי בטעם קלאסי,OAO ZHIROVOY KOMBINA,,רוטב תיבול פרובנסל קלאסי מצטה חוזייקי 900 מל,מיליליטרים,900.00,"100 מ""ל",false,1,19.90,2.2111,true,1,123399
4601576009839,false,רוטב תיבול עם שמנת מ,OAO ZHIROVOY KOMBINA,,רוטב תיבול עם שמנת מצטה חוזייקי 900 מל,מיליליטרים,900.00,"100 מ""ל",false,1,19.90,2.2111,true,1,203927
4601576010170,false,רוטב תיבול עם ביצי ש,OAO ZHIROVOY KOMBINA,,רוטב תיבול עם ביצי שליו מצטה חוזייקי,מיליליטרים,480.00,"100 מ""ל",false,1,12.90,2.6875,true,1,205751
4601713001702,false,דובשנית טולסקיי פריא,טולה,,דובשנית טולסקיי פריאניק פירות 140 גר,גרמים,140.00,100 גרם,false,1,6.90,4.9286,true,1,123684
4601713001719,false,דובשנית טולסקיי פריא,טולה,,דובשנית טולסקיי פריאניק חלב 140 גר,גרמים,140.00,100 גרם,false,1,6.90,4.9286,true,1,123685
4601713005755,false,מרמלד צודו יאגודה תפ,טולה,,"מרמלד ""צודו יאגודה"" תפוח תפוז מלון 250 ג",גרמים,250.00,100 גרם,false,1,8.90,3.5600,true,1,122891
4601728011079,false,וודקה חמישה אגמים 70,אומסקווינפרום,,"וודקה ""5 אגמים"" 0.7",מיליליטרים,700.00,"100 מ""ל",false,1,59.90,8.5571,true,1,111186
4601728011949,false,וודקה חמישה אגמים מי,אומסקווינפרום,,"וודקה ""5 אגמים"" אוסו",מיליליטרים,700.00,"100 מ""ל",false,1,59.90,8.5571,true,1,111196
4601728013653,false,וודקה בליה בריוזקה 7,,,"וודקה בליה בריוזקה 700 מ""ל",מיליליטרים,700.00,"100 מ""ל",false,1,69.90,9.9857,true,1,196793
4601780002565,false,קמח מקפה חיטה 2 קג,MAKFA,,"קמח מקפה חיטה 2 ק""ג",קילוגרמים,2.00,"ק""ג",false,1,18.90,9.4500,true,1,111200
4601780002572,false,קמח חיטה 1 קג,מקפה,,"קמח חיטה 1 ק""ג",קילוגרמים,1.00,"ק""ג",false,1,9.90,9.9000,true,1,111201
4601780005399,false,כוסמת להכנה מהירה 80,מקפה,,כוסמת להכנה מהירה 800 גר,גרמים,800.00,100 גרם,false,1,16.90,2.1125,true,1,111202
4601780005689,false,אורז מאודה 800 גר,מקפה,,אורז מאודה 800 גרם,גרמים,800.00,100 גרם,false,1,12.90,1.6125,true,1,111205
4601780006211,false,סולת 700 גר,מקפה,,סולת 700 גר,גרמים,700.00,100 גרם,false,1,11.90,1.7000,true,1,111206
4601780006976,false,איטריות צדפות 400 גר,מקפה,,איטריות צדפות 400 גר,גרמים,400.00,100 גרם,false,1,7.90,1.9750,true,1,147602
4601780006990,false,אטריות ספירלות 400 ג,מקפה,,אטריות ספירלות 400 גר,גרמים,400.00,100 גרם,false,1,7.90,1.9750,true,1,147597
4601780008956,false,אטריות קשתות 400 גר,MAKFA,,אטריות קשתות 400 גר,גרמים,400.00,100 גרם,false,1,7.90,1.9750,true,1,169008
4601780009861,false,אטריות קרנות 400 גר,מקפה,,אטריות קרנות 400 גר,גרמים,400.00,100 גרם,false,1,7.90,1.9750,true,1,147598
4601780009885,false,אטריות נוצות 400 גר,מקפה,,אטריות נוצות 400 גר,גרמים,400.00,100 גרם,false,1,7.90,1.9750,true,1,147600
4601780010003,false,כוסמת 400 גר,מקפה,,כוסמת 400 גר,גרמים,400.00,100 גרם,false,1,10.90,2.7250,true,1,111217
4601780010027,false,אורז מאודה 80 גר 5 י,MAKFA,,אורז מאודה 80 גר 5 יח,גרמים,400.00,100 גרם,false,1,8.90,2.2250,true,1,172723
4601780010041,false,אורז עגול 80 גר 5 יח,MAKFA,,אורז עגול 80 גר 5 יח,גרמים,400.00,100 גרם,false,1,7.90,1.9750,true,1,172722
4601780010065,false,אורז 400 גר,מקפה,,אורז 400 גר,גרמים,400.00,100 גרם,false,1,7.90,1.9750,true,1,111218
4601780010102,false,דוחן 400 גר,מקפה,,דוחן 400 גר,גרמים,400.00,100 גרם,false,1,8.90,2.2250,true,1,111219
4601780010126,false,גריסי חיטה פולטבסקיה,מקפה,,גריסי חיטה פולטבסקיה 80 גר חמישייה,גרמים,400.00,100 גרם,false,1,6.90,1.7250,true,1,111220
4601780010140,false,גריסי שעורה 400 גר,מקפה,,גריסי שעורה 400 גר,גרמים,400.00,100 גרם,false,1,9.90,2.4750,true,1,146057
4601780010508,false,אטריות ארוכות 400 גר,מקפה,,אטריות ארוכות 400 גר,גרמים,400.00,100 גרם,false,1,6.90,1.7250,true,1,147603
4601780010805,false,גריסי תירס 400 גר,מקפה,,גריסי תירס 400 גר,גרמים,400.00,100 גרם,false,1,7.90,1.9750,true,1,167081
4601780011390,false,פתיתים מקפה כוכבים 3,MAKFA,,פתיתים מקפה כוכבים 300 גר,גרמים,300.00,100 גרם,false,1,6.90,2.3000,true,1,169006
4601780017675,false,שיבולת שועל 400 גר,Maheev,,שיבולת שועל 400 גר,גרמים,400.00,100 גרם,false,1,7.90,1.9750,true,1,203842
4602009007729,false,לש ארנה 300 גר,ARENA,,לש ארנה 300 גר,גרמים,300.00,100 גרם,false,1,25.90,8.6333,true,1,168545
4602009007828,false,רצועות דג לבקית 50 ג,,,רצועות דג לבקית 50 גר,גרמים,50.00,100 גרם,false,1,18.90,37.8000,true,1,173329
4602009299773,false,זפיר וניל מצופה שוקו,נבסקי קונדיטר,,זפיר וניל מצופה שוקולד 450גר,גרמים,450.00,100 גרם,false,1,15.90,3.5333,true,1,148733
4602112203636,false,חטיף תפוא בטעם גבינה,,,"חטיף תפו""א בטעם גבינה 70 גר",גרמים,70.00,100 גרם,false,1,7.90,11.2857,true,1,198110
4602112212447,false,חטיף תפוא בטעם פטריו,,,"חטיף תפו""א בטעם פטריות יער ברוטב שמנת 60",גרמים,60.00,100 גרם,false,1,7.90,13.1667,true,1,198113
4602441019519,false,משקה מוגז למונד גינג,CJSC AGUA,,משקה מוגז למונד גינגר 500 מל,מיליליטרים,500.00,"100 מ""ל",false,12,7.90,1.5800,true,1,213894
4602486002477,false,וודקה בלנקאיה אקסטרה,,,"וודקה בלנקאיה אקסטרה 700 מ""ל",מיליליטרים,700.00,"100 מ""ל",false,12,69.90,9.9857,true,1,196184
4603400000043,false,וודקה רוסקי סטנדרט ב,רוסקי סטנדרט וודקה,RU,וודקה רוסקי סטנדרט 7,מיליליטרים,700.00,"100 מ""ל",false,1,59.90,8.5571,true,1,125295
4603400000197,false,וודקה רוסקי סטנדרט ב,RUSSIAN STANDART,,וודקה רוסקי סטנדרט 5,מיליליטרים,500.00,"100 מ""ל",false,1,44.90,8.9800,true,1,111267
4603566907958,false,תבלינים סול מנות ראש,אגרואימפורט,,תבלינים סול מנות ראשונות 400 גר,גרמים,400.00,100 גרם,false,1,11.90,2.9750,true,1,178360
4603566908955,false,תבלינים סול שום ירוק,אגרואימפורט,,תבלינים סול שום ירוק 400 גר,גרמים,400.00,100 גרם,false,1,11.90,2.9750,true,1,178361
4603566921954,false,תבלינים סול 12 ירקות,אגרואימפורט,,תבלינים סול 12 ירקות 400 גר,גרמים,400.00,100 גרם,false,1,11.90,2.9750,true,1,178362
4603928000976,false,"וודקה בלוגה נובל 700 מ""ל+כוס",מרינסקי ליקרו-וודאצ',RU,"וודקה בלוגה 700 מ""ל",מיליליטרים,700.00,"100 מ""ל",false,1,135.90,19.4143,true,1,119670
4604248000103,false,רוטב לסלט בטעם זיתים,אסן פרודקשן,,"מיונז ""מחייב"" זיתים",מיליליטרים,800.00,"100 מ""ל",false,1,18.90,2.3625,true,1,111324
4604248000349,false,רוטב לסלט פרובנסל 38,אסן פרודקשן,,"מיונז ""מחייב"" פרובנס",גרמים,380.00,100 גרם,false,1,11.90,3.1316,true,1,111325
4604248000554,false,רוטב לסלט פרובנסל מח,אסן פרודקשן,,"מיונז ""מחייב"" פרובנס",גרמים,800.00,100 גרם,false,1,18.90,2.3625,true,1,111326
4604248000844,false,מיונז עם שמן זית מחי,אסן פרודקשן,,"מיונז ""מחייב"" עם זיתים 380 גר",גרמים,380.00,100 גרם,false,1,11.90,3.1316,true,1,120727
4604248000851,false,מיונז פרובנסל עם מיץ,אסן פרודקשן,,"מיונז ""מחייב"" עם לימון 380 גר""",גרמים,380.00,100 גרם,false,1,11.90,3.1316,true,1,120728
4604248002671,false,רוטב לסלט פרובנסל מי,אסן פרודקשן,,"מיונז ""מחייב"" מיץ לי",גרמים,800.00,100 גרם,false,1,18.90,2.3625,true,1,111327
4604248003517,false,חרדל רוסקיה 140 גר,אסן פרודקשן,,"חרדל ""רוסקיה"" 140 גר",גרמים,140.00,100 גרם,false,1,4.90,3.5000,true,1,111332
4604248003845,false,קטשופ עגבניות 500 גר,אסן פרודקשן,,קטשופ עגבניות 500גרם,גרמים,500.00,100 גרם,false,1,14.90,2.9800,true,1,119346
4604248006914,false,ריבת מחייב פטל זכוכי,אסן פרודקשן,,ריבת מחייב פטל זכוכית 400 גר,גרמים,400.00,100 גרם,false,1,24.90,6.2250,true,1,182763
4604248006945,false,ריבת מחייב ענבי שועל,,,ריבת מחייב ענבי שועל בזכוכית 400 גר,גרמים,400.00,100 גרם,false,1,21.90,5.4750,true,1,184035
4604248008635,false,ריבת מחייב אוכמניות,אסן פרודקשן,,ריבת מחייב אוכמניות זכוכית 400 גר,גרמים,400.00,100 גרם,false,1,21.90,5.4750,true,1,182762
4604248012601,false,חזרת 190 גר,אסן פרודקשן,,חזרת 190 גר,גרמים,190.00,100 גרם,false,1,12.90,6.7895,true,1,146222
4604248012618,false,חרדל רוסקיה 190 גר,אסן פרודקשן,,"חרדל ""רוסקיה"" 190 גר",גרמים,190.00,100 גרם,false,1,7.90,4.1579,true,1,146221
4604248014667,false,תערובת תבלינים תחמיץ,Maheev,,תערובת תבלינים תחמיץ לעוף בטעם חרדל 300,גרמים,300.00,100 גרם,false,1,10.90,3.6333,true,1,172713
4604248014766,false,רוטב תיבול חריף אגיק,אסן פרודקשן,,רוטב תיבול חריף אגיקה 140 גר,גרמים,140.00,100 גרם,false,24,6.90,4.9286,true,1,182758
4604248016197,false,תערובת תבלינים תחמיץ,Maheev,,תערובת תבלינים תחמיץ ברביקיו,גרמים,300.00,100 גרם,false,1,10.90,3.6333,true,1,179815
4604248016272,false,ריבת מחייב דובדבן זכ,אסן פרודקשן,,ריבת מחייב דובדבן זכוכית 400 גר,גרמים,400.00,100 גרם,false,1,21.90,5.4750,true,1,182764
4604248016289,false,ריבת מחייב פירות יער,אסן פרודקשן,,ריבת מחייב פירות יער זכוכית 400 גר,גרמים,400.00,100 גרם,false,1,21.90,5.4750,true,1,182761
4604248016920,false,ריבת מחייב אפרסק ומנ,אסן פרודקשן,,ריבת מחייב אפרסק ומנגו זכוכית 400 גר,גרמים,400.00,100 גרם,false,1,21.90,5.4750,true,1,196840
4604248022709,false,רוטב לסלט עם ביצת של,אסן פרודקשן,,רוטב לסלט עם ביצת שליו מחייב 800 גר,גרמים,800.00,100 גרם,false,1,18.90,2.3625,true,1,193986
4605246002694,false,קפה קלוי שחור ג'וקי בסגנון מזרחי 100 גר',,,קפה קלוי שחור גוקיי בסגנון מזרחי 100 גר,גרמים,100.00,100 גרם,false,1,9.90,9.9000,true,1,178136
4605246003738,false,תה ירוק גרינפילד יסמ,אורימי,RU,תה ירוק גרינפילד יסמין 25 שק,גרמים,50.00,100 גרם,false,1,11.90,23.8000,true,1,111369
4605246004261,false,תה גרינפילד גריי פנט,,,תה גרינפילד גריי פנטזי שחור 100 גר,גרמים,100.00,100 גרם,false,14,11.90,11.9000,true,1,200720
4605246004278,false,תה שחור ארל גריי Earl Grey,גרינפילד Greenfield,RU,תה שחור גרינפילד ארל גריי 25 שק,גרמים,50.00,100 גרם,false,1,11.90,23.8000,true,1,111370
4605246004339,false,"תה גרינפילד שחור ""סא",גרינפילד Greenfield,RU,תה גרינפילד פטל ללא קפאין 25 שק,גרמים,50.00,100 גרם,false,1,11.90,23.8000,true,1,111374
4605246004353,false,תה ירוק גרינפילד מלי,גרינפילד Greenfield,RU,תה ירוק גרינפילד מליסה 25 שק,גרמים,38.00,100 גרם,false,1,11.90,31.3158,true,1,111376
4605246004896,false,עלי תה שחור מקנייה ג,אורימי,,"תה ""גרינפילד"" 25 שק""",Unknown,0.00,Unknown,false,1,11.90,0.0000,true,1,111383
4605246005251,false,תה שחור גרינפילד פיר,אורימי,RU,תה שחור גרינפילד פירות יער 25 שק,גרמים,38.00,100 גרם,false,1,11.90,31.3158,true,1,111388
4605246005817,false,תה גרינפילד גולדן צי,אורימי,,תה גרינפילד גולדן ציילון 100 גר,גרמים,200.00,100 גרם,false,1,29.90,14.9500,true,1,180925
4605246005848,false,תה שחור גרינפילד ארל,אורימי,,תה שחור גרינפילד ארל גריי 100 שק,גרמים,200.00,100 גרם,false,1,29.90,14.9500,true,1,169881
4605246006289,false,קפה נמס מיובש בהקפאה,אורימי,,קפה נמס מיובש בהקפאה זרדין קילימנגרו 95,גרמים,95.00,100 גרם,false,1,25.90,27.2632,true,1,111395
4605246007736,false,קפה קלוי שחור גוקיי,,,קפה קלוי שחור גוקיי לפינזאן 200 גר,גרמים,200.00,100 גרם,false,1,15.90,7.9500,true,1,180657
4605246007842,false,תה טס פורסט דרים 20,,,"תה ""טס"" פורסט דרים 20 שק",Unknown,0.00,Unknown,false,1,14.90,0.0000,true,1,111408
4605246007873,false,תה ירוק טס פינה קולד,,,"תה ירוק ""טס"" פינה קולדה 20 שק",גרמים,36.00,100 גרם,false,1,14.90,41.3889,true,1,111410
4605246007880,false,תה ירוק טס גינגר מוח,,,"תה ירוק ""טס"" גינגר מוחיטו 20 שק",Unknown,0.00,Unknown,false,1,14.90,0.0000,true,1,111411
4605246008986,false,תה גרינפילד פירמידה,אורימי,,תה גרינפילד פירמידה ציילון 20 יח,גרמים,40.00,100 גרם,false,1,13.90,34.7500,true,1,180919
4605246009006,false,תה גרינפילד פירמידה,אורימי,,תה גרינפילד פירמידה ארל גריי 20 יח,גרמים,40.00,100 גרם,false,1,13.90,34.7500,true,1,180920
4605246009020,false,תה גרינפילד פירמידה,אורימי,,תה גרינפילד פירמידה אוכמניות 20 יח,גרמים,36.00,100 גרם,false,1,13.90,38.6111,true,1,180921
4605246010088,false,תה שחור טס קוסמופולי,,,"תה שחור ""טס"" קוסמופוליטן פרטי 20 שק",גרמים,40.00,100 גרם,false,1,14.90,37.2500,true,1,180663
4605246012549,false,קפה נמס גוקיי פובורי,,,קפה נמס גוקיי פובורית מגורען 95 גר,גרמים,95.00,100 גרם,false,1,15.90,16.7368,true,1,179145
4605246015267,false,תה שחור טס שוקולד קי,,,תה שחור טס שוקולד קיס 20 שק,Unknown,0.00,Unknown,false,1,14.90,0.0000,true,1,192587
4605246015281,false,תה שחור טס גרייפ פרו,,,תה שחור טס גרייפ פרוט ציל 20 שק,Unknown,0.00,Unknown,false,12,14.90,0.0000,true,1,192589
4605246015397,false,תערובת צמחים פירות י,אורימי,,תערובת צמחים פירות יער גרינפילד 25 שק,Unknown,0.00,Unknown,false,1,11.90,0.0000,true,1,200465
4605246017124,false,סט 3 תה שחור טס פירמ,,,סט 3 תה שחור טס פירמידות 1.5 גר,Unknown,0.00,Unknown,false,1,19.90,0.0000,true,1,209547
4605362008716,false,גרעינים בבקיני 300 ג,קה דה או קרסנודר,,גרעינים בבקיני 300 גר,גרמים,300.00,100 גרם,false,1,18.90,6.3000,true,1,204279
4605362008839,false,גרעיני חמניות קלויים,קה דה או קרסנודר,,גרעינים בבקיני עם מלח 250 גר,גרמים,250.00,100 גרם,false,10,16.90,6.7600,true,1,202164
4605504512316,false,עוגיות עם אגוזים 200,סורמובסקי,,עוגיות עם אגוזים 200,גרמים,200.00,100 גרם,false,1,5.90,2.9500,true,1,111449
4605504512347,false,עוגיות תות שדה 200 ג,סורמובסקי,,עוגיות תות שדה 200 ג,גרמים,200.00,100 גרם,false,1,5.90,2.9500,true,1,111450
4605504512378,false,עוגיות שמנת 200 גר,סורמובסקי,,"עוגיות שמנת 200 ג""ר",גרמים,200.00,100 גרם,false,1,5.90,2.9500,true,1,111451
4605504512620,false,עוגיות עם ריבת חלב 2,סורמובסקי,,עוגיות עם ריבת חלב 2,גרמים,200.00,100 גרם,false,1,5.90,2.9500,true,1,111453
4605504513382,false,זפיר וניל אקסטרה 280,סורמובסקי,,זפיר וניל אקסטרה 280 גר,גרמים,280.00,100 גרם,false,1,11.90,4.2500,true,1,111454
4605504513856,false,זפיר קפה עם חלב אובו,סורמובסקי,,זפיר קפה עם חלב אקסט,גרמים,280.00,100 גרם,false,1,11.90,4.2500,true,1,111455
4605504518646,false,זפיר וניל ורוד אקסטר,סורמובסקי,,זפיר וניל ורוד אקסטרה 280 גר,גרמים,280.00,100 גרם,false,1,11.90,4.2500,true,1,111457
4605504522711,false,וופל קורובקה ממולא ב,,,וופל קורובקה ממולא בטעם חלב מבושל 300 גר,גרמים,300.00,100 גרם,false,1,14.90,4.9667,true,1,182310
4605516014617,false,זפיר סלדקיי איסטוריי,וורונז',,זפיר סלדקיי איסטוריי עם אוכמניות 180גר,גרמים,180.00,100 גרם,false,1,16.90,9.3889,true,1,150971
4605516025538,false,זפיר וודוחנובניה סור,,,זפיר וודוחנובניה בטעם סורבה תפוז מצופה,גרמים,245.00,100 גרם,false,1,29.90,12.2041,true,1,205243
4605561010305,false,פילה הרינג עם שמיר בשמן חתיכות 500גר RS,,,חתיכות פילה הרינג עם שמיר בשמן 500 גר,גרמים,500.00,100 גרם,false,6,26.90,5.3800,true,1,200409
4605561010329,false,חתיכות פילה הרינג בט,,,חתיכות פילה הרינג בטעם מעושן בשמן 500 גר,גרמים,500.00,100 גרם,false,6,26.90,5.3800,true,1,200410
4605561010336,false,חתיכות פילה הרינג בט,,,חתיכות פילה הרינג בטעם מעושן בשמן 200 גר,גרמים,200.00,100 גרם,false,1,10.90,5.4500,true,1,198423
4605561010343,false,פילה הרינג בשמן חתיכות 500גר RS,,,חתיכות פילה הרינג בשמן 500 גר,גרמים,500.00,100 גרם,false,6,26.90,5.3800,true,1,200408
4605561010350,false,חתיכות פילה הרינג בש,,,חתיכות פילה הרינג בשמן פלסטיק 200 גר,גרמים,200.00,100 גרם,false,1,10.90,5.4500,true,1,198421
4605561011975,false,חתיכות פילה הרינג בשמן 150 גר RS,,,חתיכות פילה הרינג בשמן 150 גר,גרמים,150.00,100 גרם,false,1,7.90,5.2667,true,1,198420
4605561012613,false,פילה הרינג (קצוץ) בשמן 400 גר RS,,,פילה הרינג קצוץ בשמן 400 גר,גרמים,400.00,100 גרם,false,1,15.90,3.9750,true,1,198427
4605561013009,false,פילה הרינג בשמן 400 גר RS,,,פילה הרינג בשמן 400 גר,גרמים,400.00,100 גרם,false,1,15.90,3.9750,true,1,198426
4605622010237,false,בירה בוצונוק מלניק 4,אפיס ברברי,,"בירה בוצונוק מלניק 4.3% 450 מ""ל",מיליליטרים,450.00,"100 מ""ל",false,12,9.90,2.2000,true,1,192001
4605622010268,false,בירה מלניק ברחטנויה,אפיס ברברי,,בירה מלניק ברחטנויה 4.2% 450 מל,מיליליטרים,450.00,"100 מ""ל",false,12,9.90,2.2000,true,1,191625
4605622010503,false,בירה מדבד 8% פחית 45,,,בירה מדבד 8% פחית 450 מל,מיליליטרים,450.00,"100 מ""ל",false,24,8.90,1.9778,true,1,198055
4605664011261,false,בירה זולוטייה בוצקה,,,"בירה זולוטייה בוצקה בהירה 450 מ""ל",מיליליטרים,450.00,"100 מ""ל",false,1,8.90,1.9778,true,1,178373
4605664011803,false,בירה זולוטייה בוצקה,,,בירה זולוטייה בוצקה אקסטרה פח 450 מל,מיליליטרים,450.00,"100 מ""ל",false,24,8.90,1.9778,true,1,198054
4605825004248,false,ממרח קישואים 480 גר,,,ממרח קישואים 480 גר,גרמים,480.00,100 גרם,false,1,8.90,1.8542,true,1,211577
4606495001414,false,דג יבש לש מקולף 150,,,דג יבש לש מקולף 150 גר,גרמים,150.00,100 גרם,false,1,24.90,16.6000,true,1,204879
4606599008883,false,חלב מרוכז ממותק בתוס,,,חלב מרוכז ממותק בתוספת שומן צמחי 370 גר,גרמים,370.00,100 גרם,false,45,9.90,2.6757,true,1,196642
4606599009880,false,חלב מרוכז ממותק בתוס,,,חלב מרוכז ממותק בתוספת שומן צמחי 1000,גרמים,1000.00,100 גרם,false,9,19.90,1.9900,true,1,196643
4606599013320,false,חלב מרוכז ממותק בתוס,,,חלב מרוכז ממותק בתוספת שומן צמחי 500 גר,גרמים,500.00,100 גרם,false,12,10.90,2.1800,true,1,207975
4607001410317,false,רולדה אגדה תות שדה 2,רמנסקי,,רולדה אגדה תות שדה 200 גר,גרמים,200.00,100 גרם,false,1,6.90,3.4500,true,1,167504
4607001410324,false,רולדה אגדה פירות יער,רמנסקי,,רולדה אגדה פירות יער 200 גר,גרמים,200.00,100 גרם,false,1,6.90,3.4500,true,1,111572
4607001411666,false,רולדה אגדה ריבת חלב,,,רולדה אגדה ריבת חלב 200 גר,גרמים,200.00,100 גרם,false,1,6.90,3.4500,true,1,137952
4607001414452,false,טארטלט רגיל 180 גר,רמנסקי,,טארטלט רגיל 180 גר,גרמים,180.00,100 גרם,false,1,9.90,5.5000,true,1,111587
4607001415442,false,עוגה אישית ארנבון במ,רמנסקי,,עוגה אישית ארנבון במילוי שוקולד 150 גר,גרמים,150.00,100 גרם,false,1,11.90,7.9333,true,1,168703
4607001415701,false,טורט טראפל 350 גר,רמנסקי,,טורט טראפל 350 גר,גרמים,350.00,100 גרם,false,1,16.90,4.8286,true,1,167508
4607001415725,false,טורט שוורצואלד יער ש,רמנסקי,,טורט שוורצואלד יער שחור ודובדבן 350 גר,גרמים,350.00,100 גרם,false,1,16.90,4.8286,true,1,167505
4607001416128,false,פטיפורים בייקר האוס,רמנסקי,,פטיפורים בייקר האוס קרם טרופל 225 גר,גרמים,225.00,100 גרם,false,1,17.90,7.9556,true,1,173469
4607001416241,false,קקס עם קרם חלב מרוכז,רמנסקי,,קקס עם קרם חלב מרוכז 470 גר,גרמים,470.00,100 גרם,false,1,15.90,3.3830,true,1,175931
4607001416265,false,קקס בטעם תות 470 גר,רמנסקי,,קקס בטעם תות 470 גר,גרמים,470.00,100 גרם,false,1,15.90,3.3830,true,1,176545
4607001417569,false,טורט דבש במילוי ריבת,רמנסקי,,טורט דבש במילוי ריבת חלב 350 גר,גרמים,350.00,100 גרם,false,1,16.90,4.8286,true,1,205915
4607002990238,false,שעועית אדומה דוד וני,,RU,שעועית אדומה דוד וניה 400 גר,גרמים,400.00,100 גרם,false,12,9.90,2.4750,true,1,208459
4607002990252,false,שעועית לבנה דוד וניה,,RU,שעועית לבנה דוד וניה 400 גר,גרמים,400.00,100 גרם,false,12,9.90,2.4750,true,1,208460
4607002990290,false,מלפפונים  מוחמצים  ד,רוסקויי פולה אלבאשי,RU,מלפפון מוחמץ דיאדיה וניה 680 גר,גרמים,680.00,100 גרם,false,1,13.90,2.0441,true,1,182299
4607002990474,false,עגבניות מוחמצות  דאד,רוסקויי פולה אלבאשי,RU,עגבניות מוחמצות 680 גר,גרמים,680.00,100 גרם,false,1,13.90,2.0441,true,1,184417
4607002990481,false,עגבניות במיץ עגבניות,דדיה ואניה,,עגבניות במיץ עגבניות דיאדיה וניה 680 גר,גרמים,680.00,100 גרם,false,1,13.90,2.0441,true,1,182300
4607002995752,false,מלפפונים ועגבניות מוחמצים,דדיה ואניה,,אסורטי עגבניות ומלפפון דיאדיה וניה 680 ג,גרמים,680.00,100 גרם,false,1,13.90,2.0441,true,1,187395
4607002995868,false,"פלפלים ברוטב עגבניות ""לצ'ו""",דדיה ואניה,,לצו דיאדיה וניה 680 גר,גרמים,680.00,100 גרם,false,1,13.90,2.0441,true,1,182298
4607002995943,false,ממרח קישואים קלויים,דדיה ואניה,,ממרח קישואים קלויים 460 גר,גרמים,460.00,100 גרם,false,1,11.90,2.5870,true,1,193858
4607002997558,false,סלט פלפל אדום הונגרי,דדיה ואניה,,סלט הונגרי דיאדיה וניה 460 גר,גרמים,460.00,100 גרם,false,1,11.90,2.5870,true,1,182296
4607002997633,false,אדגיקה ממרח פיקנטי ד,,,אדגיקה ממרח פיקנטי דיאדיה וניה 460 גר,גרמים,460.00,100 גרם,false,1,11.90,2.5870,true,1,184087
4607002998180,false,מלפפונים במלח דיאדיה,,,מלפפונים במלח דיאדיה וניה 950 גר,גרמים,950.00,100 גרם,false,1,16.90,1.7789,true,1,201912
4607002999187,false,מלפפונים קורנישונים,,,עגבניות מוחמצות 680 גר,גרמים,680.00,100 גרם,false,1,13.90,2.0441,true,1,184086
4607002999286,false,קישואים באדזיקה דיאד,,,קישואים באדזיקה דיאדיה וניה 460 גר,גרמים,460.00,100 גרם,false,1,11.90,2.5870,true,1,182297
4607002999323,false,ממרח חצילים 460 גרם,דדיה ואניה,,ממרח חצילים 460 גר,גרמים,460.00,100 גרם,false,1,11.90,2.5870,true,1,193859
4607002999545,false,שעועית אדומה לוביו 4,,,שעועית אדומה לוביו 480 גר,גרמים,480.00,100 גרם,false,1,11.90,2.4792,true,1,193857
4607002999620,false,כוסמת עם פטריות שמפי,,,כוסמת עם פטריות שמפיניון 460 גר,גרמים,460.00,100 גרם,false,1,11.90,2.5870,true,1,193856
4607005092038,false,סודה לשתייה רוסי 700,,,סודה לשתייה רוסי 700 גר,גרמים,700.00,100 גרם,false,1,14.90,2.1286,true,1,182622
4607005092441,false,תבלין מלח סונסקיה קל,אגרואימפורט,,תבלין מלח סונסקיה קלאסי 200 גר,גרמים,200.00,100 גרם,false,10,11.90,5.9500,true,1,204571
4607005400550,false,שוקולד מריר 72% 250,POBEDA,,"שוקולד מריר 250 ג""ר",גרמים,250.00,100 גרם,false,1,19.90,7.9600,true,1,111593
4607005402387,false,בונ טרופל שוקולד 180,,,"בונבוניירות ""טרופל""",גרמים,180.00,100 גרם,false,1,19.90,11.0556,true,1,111604
4607011260230,false,עוגיות שיבולת שועל ח,לובימיי קראי,,עוגיות שיבולת שועל חווטי קא קלאסי 400 גר,גרמים,400.00,100 גרם,false,1,9.90,2.4750,true,1,170948
4607011260247,false,עוגיות שיבולת שועל ח,לובימיי קראי,,עוגיות שיבולת שועל חוואטי קא חלב 400 גר,גרמים,400.00,100 גרם,false,1,9.90,2.4750,true,1,170949
4607011268687,false,עוגיות שיבולת שועל ע,"""lyubimiy kray""",,עוגיות שיבולת שועל עםחמוציות ופרוקטוזה 3,גרמים,300.00,100 גרם,false,1,11.90,3.9667,true,1,145183
4607012350992,false,גרעיני חמניות מרטין,Martin,,גרעיני חמניות מרטין ללא מלח 100 גר,גרמים,100.00,100 גרם,false,1,6.90,6.9000,true,1,166303
4607012351005,false,מרטין גרעיני חמניות 200ג,"נארז ע""י : א.ג. גילר",RU,גרעיני חמנייה מרטין 200גר,גרמים,200.00,100 גרם,false,1,12.90,6.4500,true,1,146690
4607012351128,false,גרעיני חמניות קלויים,מרטין,,גרעיני חמניות מרטין 500גר,גרמים,500.00,100 גרם,false,1,29.90,5.9800,true,1,147898
4607012351791,false,סוחריקי מרטין גבינה,MARTIN,,סוחריקי מרטין גבינה 60גר,גרמים,60.00,100 גרם,false,1,4.90,8.1667,true,1,147902
4607012351807,false,סוחריקי מרטין בייקון,MARTIN,,סוחריקי מרטין בייקון 60גר,גרמים,60.00,100 גרם,false,1,4.90,8.1667,true,1,147901
4607012351821,false,סוחריקי מרטין ירק עם,MARTIN,,סוחריקי מרטין ירק עם שמנת 60גר,גרמים,60.00,100 גרם,false,1,4.90,8.1667,true,1,147899
4607012351951,false,גרעיני חמניות מרטין,Martin,,גרעיני חמניות מרטין עם מלח 100 גר,גרמים,100.00,100 גרם,false,1,6.90,6.9000,true,1,166304
4607012351999,false,גרעיני חמניות קלויים עם מלח,"נארז ע""י : א.ג. גילר",RU,גרעיני חמנייה מרטין עם מלח 200גר,גרמים,200.00,100 גרם,false,1,12.90,6.4500,true,1,151329
4607012352095,false,גרעיני חמניות קלויים עם מלח,מרטין,,גרעיני חמניות מרטין עם מלח 500 גר,גרמים,500.00,100 גרם,false,1,29.90,5.9800,true,1,169513
4607012352453,false,גרעיני חמניות פסים קלויים עם מלח,מרטין,,גרעיני חמניות מרטין פסים 150 גר,גרמים,150.00,100 גרם,false,1,9.90,6.6000,true,1,180273
4607012352538,false,גרעיני חמניות קלויים מיקס,מרטין,,גרעיני חמניות מרטין מיקס 200 גר,גרמים,200.00,100 גרם,false,1,12.90,6.4500,true,1,184088
4607012352927,false,בוטנים מרטין קלויים,MARTIN,,גרעיני חמניות מרטין בלי מלח 200 גר,גרמים,200.00,100 גרם,false,14,12.90,6.4500,true,1,195621
4607012353382,false,גרעיני חמניות לבן מר,,,גרעיני חמניות לבן מרטין עם מלח 250 גר,גרמים,250.00,100 גרם,false,1,14.90,5.9600,true,1,206134
4607012353566,false,תערובת גרעינים ובוטנ,מרטין,,תערובת גרעינים ובוטנים מרטין 150 גר,גרמים,150.00,100 גרם,false,1,9.90,6.6000,true,1,207146
4607012353702,false,גרעיני חמניות פסים מ,,,גרעיני חמניות פסים מרטין עם מלח 250 גר,גרמים,250.00,100 גרם,false,1,14.90,5.9600,true,1,209700
4607014780551,false,שמן חמניות בלאגו מזו,קליסה,,"שמן חמניות ""בלאגו"" מ",מיליליטרים,1000.00,"100 מ""ל",false,1,21.90,2.1900,true,1,111613
4607014782111,false,שמן חמניות בלאגו לא,קליסה,,"שמן חמניות ""בלאגו"" ל",מיליליטרים,1000.00,"100 מ""ל",false,1,21.90,2.1900,true,1,111614
4607014782906,false,שמן חמניות קארולינה,,,"שמן חמניות קארולינה מזוכך 900 מ""ל",מיליליטרים,900.00,"100 מ""ל",false,1,13.90,1.5444,true,1,195849
4607014787611,false,שמן מעורב חמניות וקנ,,,שמן מעורב חמניות וקנולה מזוכך קרולינה,מיליליטרים,900.00,"100 מ""ל",false,15,12.90,1.4333,true,1,208522
4607014788014,false,שמן קנולה 1 ל,,,שמן קנולה 1 ל,ליטרים,1.00,ליטר,false,1,11.90,11.9000,true,1,208325
4607016240374,false,גריסים פנינה 800 גר,אובלקה,,גריסים פנינה 800 גר,גרמים,800.00,100 גרם,false,1,8.90,1.1125,true,1,111616
4607016240398,false,סולת 700 גר,אובלקה,,"סולת 700 גר""",גרמים,700.00,100 גרם,false,1,9.90,1.4143,true,1,111617
4607016240893,false,כוסמת 800 גר,אובלקה,,כוסמת 800 גר,גרמים,800.00,100 גרם,false,1,16.90,2.1125,true,1,111636
4607016240909,false,אפונה מרוסקת 800 גר,אובלקה,,"אפונה מרוסקת 800 גר""",גרמים,800.00,100 גרם,false,1,10.90,1.3625,true,1,111637
4607016240923,false,גריסי שעורה 600 גר,אובלקה,,גריסי שעורה 600גר,גרמים,600.00,100 גרם,false,1,8.90,1.4833,true,1,111639
4607016240930,false,דוחן 800 גר,אובלקה,,דוחן 800גר,גרמים,800.00,100 גרם,false,1,12.90,1.6125,true,1,111640
4607016245171,false,שיבולת שועל אסורטי 5,אובלקה,,דייסה שיבולת שועל אסורטי 5 טעמים,גרמים,200.00,100 גרם,false,1,13.90,6.9500,true,1,202965
4607016245324,false,תערובת 4 דגנים 350 ג,,,תערובת 4 דגנים 350 גר,גרמים,350.00,100 גרם,false,1,7.90,2.2571,true,1,180277
4607016245454,false,אורז ארוך מאודה 5 שק,,,אורז ארוך מאודה 5 שקיות 80 גר,גרמים,400.00,100 גרם,false,1,10.90,2.7250,true,1,192293
4607016245461,false,קטניות גריסי חיטה 80,אובלקה,,קטניות גריסי חיטה 80 גר חמישייה,גרמים,400.00,100 גרם,false,1,10.90,2.7250,true,1,172927
4607016245478,false,גריסי דוחן 80 גר חמי,אובלקה,,גריסי דוחן 80 גר חמישייה,גרמים,400.00,100 גרם,false,1,10.90,2.7250,true,1,172929
4607016245485,false,קטניות כוסמת 80 גר ח,אובלקה,,קטניות כוסמת 80 גר חמישייה,גרמים,400.00,100 גרם,false,1,12.90,3.2250,true,1,172930
4607016245492,false,אורז ארוך 80 גר חמיש,אובלקה,,אורז ארוך 80 גר חמישייה,גרמים,400.00,100 גרם,false,1,11.90,2.9750,true,1,172926
4607016245539,false,אפונה מרוסקת 80 גר ח,אובלקה,,אפונה מרוסקת 80 גר חמישייה,גרמים,400.00,100 גרם,false,1,10.90,2.7250,true,1,173494
4607016245805,false,שיבולת שועל עם תערוב,אובלקה,,דייסה שיבולת שועל עם תערובת פירות יער 5,גרמים,200.00,100 גרם,false,1,13.90,6.9500,true,1,172920
4607016246420,false,פתית שיבולת שועל הרק,,,פתית שיבולת שועל הרקולס משביע 400 גר,גרמים,400.00,100 גרם,false,1,5.90,1.4750,true,1,198322
4607016246437,false,פתית שיבולת שועל הרק,,,פתית שיבולת שועל הרקולס 400 גר,גרמים,400.00,100 גרם,false,1,4.90,1.2250,true,1,198321
4607016246444,false,NH פתיתי כוסמת 500 ג,,,NH פתיתי כוסמת 500 גר,גרמים,500.00,100 גרם,false,1,12.90,2.5800,true,1,198751
4607016247175,false,אורז מלוטש לפלוב אוב,,,אורז מלוטש לפלוב אובלקה 800 גר,גרמים,800.00,100 גרם,false,1,13.90,1.7375,true,1,192292
4607016247397,false,דייסת שיבולת שועל עם,,,דייסת שיבולת שועל עם תות שדה חמישייה,גרמים,200.00,100 גרם,false,1,9.90,4.9500,true,1,198327
4607016313030,false,רוטב ברוסניקה קינטו,ז אי או יוזמורריבפלו,,רוטב ברוסניקה קינטו 320 גר,גרמים,320.00,100 גרם,false,1,27.90,8.7187,true,1,206129
4607016419060,false,דובשניות במילוי בטעם,,,דובשניות במילוי בטעם ריבת חלב 500 גר,גרמים,500.00,100 גרם,false,1,15.90,3.1800,true,1,205360
4607018271727,false,בלינציס במילוי מחית,,,בלינציס במילוי מחית תות 360 גר,גרמים,360.00,100 גרם,false,1,11.90,3.3056,true,1,120139
4607018271765,false,בלינציס במילוי גבינה,לינה,,בלינציס במילוי גבינה לבנה 360 גר,גרמים,360.00,100 גרם,false,1,11.90,3.3056,true,1,166924
4607018271819,false,בלינציס 450 גר,,,בלינציס 450 גר,גרמים,450.00,100 גרם,false,1,16.90,3.7556,true,1,120143
4607018272854,false,בלינציס ריק 360 גר,לינה,,בלינציס ריק 360 גר,גרמים,360.00,100 גרם,false,1,11.90,3.3056,true,1,166925
4607018272885,false,פנקייק עם צימוקים 28,,,פנקייק עם צימוקים 280 גר,גרמים,280.00,100 גרם,false,1,11.90,4.2500,true,1,124819
4607018276890,false,בלינציס במילוי מחית,לינה,,בלינציס במילוי מחית אוכמניות שחורות 360,גרמים,360.00,100 גרם,false,1,11.90,3.3056,true,1,199951
4607018277736,false,בלינצס במילוי מחית פ,,,בלינצס במילוי מחית פטל לינה 360 גר,גרמים,360.00,100 גרם,false,1,11.90,3.3056,true,1,198087
4607018771791,false,מים מינרליים טבעיים,טסטי פוד,RU,מים מינרליים טבעיים מוגז יסינטוקי מס 17,מיליליטרים,450.00,"100 מ""ל",false,20,9.90,2.2000,true,1,208197
4607018771821,false,מים מינרליים טבעיים,טסטי פוד,RU,מים מינרליים טבעיים מוגזים יסינטוקי מס 4,מיליליטרים,450.00,"100 מ""ל",false,20,9.90,2.2000,true,1,208196
4607023791029,false,קוויאר אדום 95 גר,א.ר.ד.י.ו,,קוויאר פחיות 95 גרם,גרמים,95.00,100 גרם,false,1,34.90,36.7368,true,1,111664
4607024891773,false,צנימים סלמון וגבינה,קה דה בה,,צנימים סלמון וגבינה 100 גר,גרמים,100.00,100 גרם,false,1,4.90,4.9000,true,1,167907
4607024891827,false,צנימים חולודץ 100 גר,קה דה בה,,צנימים חולודץ 100 גר,גרמים,100.00,100 גרם,false,1,4.90,4.9000,true,1,167906
4607025280026,false,קמח חיטה 1 קג,אובלקה,,"קמח חיטה 1 ק""ג",גרמים,1000.00,100 גרם,false,1,10.90,1.0900,true,1,111666
4607026342341,false,יין מבעבע לבן חצי מת,,,יין מבעבע לבן חצי מתוק אבראו דורסו 750,מיליליטרים,750.00,"100 מ""ל",false,1,39.90,5.3200,true,1,204436
4607026342495,false,יין מבעבע לבן יבש מא,,,יין מבעבע לבן יבש מאוד ברוט אבראו דורסו,מיליליטרים,750.00,"100 מ""ל",false,1,39.90,5.3200,true,1,204435
4607026342761,false,יין מבעבע לבן חצי יב,,,יין מבעבע לבן חצי יבש אבראו דורסו 750 מל,מיליליטרים,750.00,"100 מ""ל",false,1,39.90,5.3200,true,1,204433
4607026342792,false,יין מבעבע רוזה חצי י,,,יין מבעבע רוזה חצי יבש אבראו דורסו 750 מ,מיליליטרים,750.00,"100 מ""ל",false,1,39.90,5.3200,true,1,204434
4607026530212,false,יורוסטנדרט כוסמת 900,אגרופרודקט,RU,"כוסמת 900 גר""",גרמים,900.00,100 גרם,false,1,16.90,1.8778,true,1,111669
4607029050373,false,שמן חמניות לא מזוכך,קובנוצ'קה,,שמן חמניות לא מזוכך פרימיום קובנוצקה 1 ל,ליטרים,1.00,ליטר,false,1,24.90,24.9000,true,1,171192
4607029050380,false,שמן חמניות מזוכך 1 ל,קובנוצ'קה,,שמן חמניות מזוכך 1 ל,ליטרים,1.00,ליטר,false,1,24.90,24.9000,true,1,171193
4607029051035,false,עגבניות אדומות בחומץ,קובנוצ'קה,,עגבניות אדומות בחומץ קובנוצקה 720 גר,גרמים,720.00,100 גרם,false,1,14.90,2.0694,true,1,171209
4607029052650,false,מלפפון ועגבניות בחומ,,,מלפפון ועגבניות בחומץ קובנוצקה 1500 גר,גרמים,1500.00,100 גרם,false,1,26.90,1.7933,true,1,172669
4607029053060,false,ממרח חצילים קובנוצקה,,,ממרח חצילים קובנוצקה 500 גר,גרמים,500.00,100 גרם,false,1,14.90,2.9800,true,1,207563
4607029053077,false,ממרח קישואים קובנוצק,,,ממרח קישואים קובנוצקה 500 גר,גרמים,500.00,100 גרם,false,1,14.90,2.9800,true,1,207562
4607029053091,false,תבשיל ירקות ראגו הונ,,,תבשיל ירקות ראגו הונגרי קובנוצקה 500 גר,גרמים,500.00,100 גרם,false,1,14.90,2.9800,true,1,207567
4607029053367,false,תבשיל סאוטה חצילים ק,,,תבשיל סאוטה חצילים קובנוצקה 500 גר,גרמים,500.00,100 גרם,false,1,14.90,2.9800,true,1,207566
4607029053855,false,ממרח קישואים 500 גר,,,ממרח קישואים 500 גר,גרמים,500.00,100 גרם,false,1,6.90,1.3800,true,1,208769
4607029345813,false,עוגת שוקולד בלגי 900,,,עוגת שוקולד בלגי 900 גר,גרמים,900.00,100 גרם,false,1,82.90,9.2111,true,1,210837
4607029348166,false,סט עוגות אישיות מוראוויניק 420 גרם Muroveinik,,,סט עוגות אישיות מוראוויניק 420 גר,גרמים,420.00,100 גרם,false,1,25.90,6.1667,true,1,210827
4607036201560,false,ממרח קישואים פיקנטה,,,ממרח קישואים פיקנטה 520 גר,גרמים,520.00,100 גרם,false,1,14.90,2.8654,true,1,190461
4607037431164,false,זפיר לאנז סליבוצני 4,פקטורי נבה אל טי די,,זפיר לאנז סליבוצני 420 גר,גרמים,420.00,100 גרם,false,1,19.90,4.7381,true,1,168869
4607037431188,false,זפיר לאנז מצופה שוקו,NEVA,,זפיר מצופה שוקולד 45,גרמים,450.00,100 גרם,false,1,27.90,6.2000,true,1,111695
4607037431218,false,זפיר קרם ברולה 420 ג,NEVA,,זפיר קרם ברולה 420 ג,גרמים,420.00,100 גרם,false,1,19.90,4.7381,true,1,111696
4607037431263,false,זפיר לאנז בטעם ריבת,פקטורי נבה אל טי די,,זפיר לאנז בטעם ריבת חלב 420 גר,גרמים,420.00,100 גרם,false,1,19.90,4.7381,true,1,168870
4607037431300,false,זפיר וניל 420 גר,NEVA,,זפיר וניל 420 גר,גרמים,420.00,100 גרם,false,1,19.90,4.7381,true,1,111698
4607037433380,false,מבחר ממתקי גלי בטעם,פנזה,,מבחר ממתקי גלי בטעם פירות 250 גר,גרמים,250.00,100 גרם,false,1,14.90,5.9600,true,1,202944
4607037435797,false,ממתק מוקצף בטעם וניל,פנזה,,ממתק מוקצף בטעם וניל וחתיכות מרמלדה 220,גרמים,220.00,100 גרם,false,1,11.90,5.4091,true,1,202941
4607037437296,false,פסטילה וניל 200 גר,NEVA,,פסטילה וניל 200 גרי,גרמים,200.00,100 גרם,false,1,11.90,5.9500,true,1,144346
4607037437647,false,זפיר לאנז חמוציות 42,,,זפיר לאנז חמוציות 420 גר,גרמים,420.00,100 גרם,false,1,19.90,4.7381,true,1,173332
4607037439535,false,פסטילה בטעם וניל עם,פקטורי נבה אל טי די,,פסטילה בטעם וניל עם מרמלד 200 גר,גרמים,200.00,100 גרם,false,1,12.90,6.4500,true,1,168873
4607037439962,false,זפיר וניל פרוקטוזה מ,NEVA,,זפיר וניל פרוקטוזה מצופה שוקולד 200ג,גרמים,200.00,100 גרם,false,1,19.90,9.9500,true,1,144355
4607038060035,false,שימורי דג סיירה בשמן,אואואו רוסקי מיר,,שימורי דג סיירה בשמן,גרמים,250.00,100 גרם,false,1,16.90,6.7600,true,1,111700
4607038061018,false,שימורי גורבושה טבעי,ווו רוסיה פישינג וור,,שימורי גורבושה טבעי 250 גר,גרמים,250.00,100 גרם,false,1,13.90,5.5600,true,1,118545
4607038061025,false,שימורי דג סיירה טבעי,ווו רוסיה פישינג וור,,שימורי דג סיירה טבעי 250 גר,גרמים,250.00,100 גרם,false,1,16.90,6.7600,true,1,118625
4607038061056,false,שימורי קלמר 250 גר,ווו רוסיה פישינג וור,,שימורי קלמר 250 גר,גרמים,250.00,100 גרם,false,1,14.90,5.9600,true,1,111705
4607041133054,false,רוטב סויה סן סוי קלא,או או או סוסטרה,,"רוטב סויה סן סוי קלאסיק 250 מ""ל",מיליליטרים,250.00,"100 מ""ל",false,1,10.90,4.3600,true,1,167952
4607041134785,false,רוטב סויה סן סוי לסו,או או או סוסטרה,,"רוטב סויה סן סוי לסושי 250 מ""ל",מיליליטרים,250.00,"100 מ""ל",false,1,10.90,4.3600,true,1,167953
4607041230647,false,צנימים מיני פוסולסקי,וופלשניה,,צנימים מיני פוסולסקי צימוקים 250 גר,גרמים,250.00,100 גרם,false,1,8.90,3.5600,true,1,148262
4607041230852,false,צנימים פוסולסקי צימו,וופלשניה,,צנימים פוסולסקי צימוקים וסוכר 300גר,גרמים,300.00,100 גרם,false,1,10.90,3.6333,true,1,148263
4607041232689,false,כעכים פוסולסקי מליוט,וופלשניה,,כעכים פוסולסקי מליוטקה עם פרג 200 גר,גרמים,200.00,100 גרם,false,1,5.90,2.9500,true,1,179294
4607041232764,false,כעכים פוסולסקי מליוט,וופלשניה,,כעכים פוסולסקי מליוטקה טעם וניל 200 גר,גרמים,200.00,100 גרם,false,1,5.90,2.9500,true,1,179293
4607041310660,false,גרעיני חמניות קלויים,,,גרעיני חמניות קלויים בוגטירי 250 גר,גרמים,250.00,100 גרם,false,16,15.90,6.3600,true,1,195358
4607044600027,false,רוטב עשן קלאסיק 330,,,רוטב עשן קלאסיק 330,מיליליטרים,330.00,"100 מ""ל",false,1,21.90,6.6364,true,1,120065
4607051158092,false,תה קורטיס בננה 36 גר,או א.או מאי קומפני,,תה קורטיס בננה 36 גר,גרמים,36.00,100 גרם,false,1,12.90,35.8333,true,1,178258
4607051158221,false,תה שחור ארל גריי 20,או א.או מאי קומפני,,תה ארל גריי 34 גר,גרמים,34.00,100 גרם,false,1,12.90,37.9412,true,1,167922
4607051158269,false,תה שחור סאנני לינון,או א.או מאי קומפני,,תה לימון 34 גר,גרמים,34.00,100 גרם,false,1,12.90,37.9412,true,1,167923
4607051158306,false,תה שחור איזבלה גראפ,או א.או מאי קומפני,,תה ענבים 36 גר,גרמים,36.00,100 גרם,false,1,12.90,35.8333,true,1,167924
4607051158481,false,תה ירוק 20 שקיקים,או א.או מאי קומפני,,תה מוחיטו 34 גר,גרמים,34.00,100 גרם,false,1,12.90,37.9412,true,1,167926
4607051158672,false,תה קורטיס ברייס 34 ג,או א.או מאי קומפני,,תה קורטיס ברייס 34 גר,גרמים,34.00,100 גרם,false,1,12.90,37.9412,true,1,167929
4607051159907,false,תה RICHARD KINGS TEA,או א.או מאי קומפני,,תה RICHARD KINGS TEA 100,Unknown,0.00,Unknown,false,1,19.90,0.0000,true,1,183330
4607051159945,false,תה RICHARD ROYAL CEY,או א.או מאי קומפני,,תה RICHARD ROYAL CEYLON 100,Unknown,0.00,Unknown,false,1,21.90,0.0000,true,1,183331
4607054450810,false,גרעיני חמניות עם מלח,,,גרעיני חמניות עם מלח 200 גר,גרמים,200.00,100 גרם,false,1,10.90,5.4500,true,1,205368
4607054450841,false,גרעינים שחורים מטוגנ,,,"גרעינים שחורים מטוגנ ""סטאניצ""ניה"" 400 גר",גרמים,400.00,100 גרם,false,1,24.90,6.2250,true,1,125219
4607054450865,false,גרעינים סטניצניה באי,אגרוסויוז,,גרעינים סטניצניה באיקי XXL,גרמים,400.00,100 גרם,false,1,22.90,5.7250,true,1,174005
4607054451718,false,גרעינים טמבובסקי וול,או.או.או אגרוסווז,,גרעינים טמבובסקי וולק 230 גר,גרמים,230.00,100 גרם,false,1,11.90,5.1739,true,1,169205
4607054451732,false,גרעינים XXL טמבובסקי,או.או.או אגרוסווז,,גרעינים טמבובסקי וולק XXL,גרמים,400.00,100 גרם,false,1,15.90,3.9750,true,1,169207
4607054451831,false,גרעינים טמבובסקי וול,או.או.או אגרוסווז,,גרעינים טמבובסקי וולק עם מלח 200 גר,גרמים,200.00,100 גרם,false,1,11.90,5.9500,true,1,169206
4607054452319,false,גרעיני דלעת 200 גר,,,גרעיני דלעת 200 גר,גרמים,200.00,100 גרם,false,1,20.90,10.4500,true,1,190456
4607054452371,false,גרעיני חמניות קלויים,,,גרעיני חמניות קלויים סטניצניה 250 גר,גרמים,250.00,100 גרם,false,1,17.90,7.1600,true,1,181312
4607054452555,false,גרעיני חמניות סטאניצ,אגרוסויוז,,גרעיני חמניות סטאניצניה קלויים עם מלח,גרמים,500.00,100 גרם,false,1,27.90,5.5800,true,1,181708
4607054453651,false,בוטנים טמבובסקי וולק,,,בוטנים טמבובסקי וולק קלויים 250 גר,גרמים,250.00,100 גרם,false,1,15.90,6.3600,true,1,198579
4607065580193,false,איטריות דושירק בטעם,,,"איטריות ""דושירק"" עגל",גרמים,90.00,100 גרם,false,1,8.90,9.8889,true,1,111749
4607065580216,false,איטריות דושירק בטעם,,,"איטריות ""דושירק"" בקר",גרמים,90.00,100 גרם,false,1,8.90,9.8889,true,1,111751
4607065580223,false,איטריות דושירק בטעם,,,"איטריות ""דושירק"" עוף",גרמים,90.00,100 גרם,false,1,8.90,9.8889,true,1,111752
4607065580230,false,איטריות דושירק בטעם,,,"איטריות ""דושירק"" פטר",גרמים,90.00,100 גרם,false,1,8.90,9.8889,true,1,111753
4607065580247,false,איטריות דושירק בטעם,,,"איטריות ""דושירק"" בטע",גרמים,90.00,100 גרם,false,1,8.90,9.8889,true,1,111754
4607065580261,false,מחית תפוא להכנה מהיר,,RU,"פירה ""דושירק"" עוף",גרמים,40.00,100 גרם,false,24,4.90,12.2500,true,1,159386
4607065580278,false,מחית תפוא להכנה מהיר,,RU,"פירה ""דושירק"" בקר",גרמים,40.00,100 גרם,false,24,4.90,12.2500,true,1,159387
4607065580353,false,תבשיל איטריות דושירק,,,"איטריות ""דושירק"" קימ",גרמים,90.00,100 גרם,false,1,8.90,9.8889,true,1,111755
4607065580575,false,אטריות דושיראק להכנה,DOSHIRAK,,אטריות דושיראק להכנה מהירה בטעם בקר 110,גרמים,110.00,100 גרם,false,1,11.90,10.8182,true,1,178755
4607065580650,false,מרק תפוא להכנה מהירה,,RU,"מחית תפו""א להכנה מהירה בטעם גבינה דושירק",גרמים,30.00,100 גרם,false,24,4.90,16.3333,true,1,199593
4607065580902,false,תבשיל איטריות דושירק,,,תבשיל איטריות דושירק פירות ים 90 גר,גרמים,90.00,100 גרם,false,1,8.90,9.8889,true,1,192476
4607066691942,false,חרדל יבש 400 גר,רספק,,חרדל יבש 400 גרם,גרמים,400.00,100 גרם,false,1,22.90,5.7250,true,1,111758
4607067937681,false,גלידה פלומביר וולוגו,,,גלידה פלומביר וולוגודסקי וניל 250 גר,גרמים,250.00,100 גרם,false,1,9.90,3.9600,true,1,211077
4607083550468,false,שמן חמניות אידאל מזו,,,שמן חמניות אידאל מזוכך 1 ל,ליטרים,1.00,ליטר,false,1,18.90,18.9000,true,1,192611
4607084351385,false,עוגיות שוקו פאי 360,,,עוגיות שוקו פאי 360 גר,גרמים,360.00,100 גרם,false,1,15.90,4.4167,true,1,170117
4607084352115,false,עוגיות שוקו פאי תפוז,לוט.ק.פ,RU,עוגיות שוקו פאי תפוז 360 גר,גרמים,360.00,100 גרם,false,8,15.90,4.4167,true,1,198548
4607084352245,false,עוגיות שוקו פאי דובד,לוט.ק.פ,RU,עוגיות שוקו פאי דובדבן 360 גר,גרמים,360.00,100 גרם,false,8,15.90,4.4167,true,1,199510
4607084352511,false,עוגיות שוקו פאי אוכמ,לוט.ק.פ,RU,עוגיות שוקו פאי אוכמניות שחורות 360 גר,גרמים,360.00,100 גרם,false,8,15.90,4.4167,true,1,198546
4607084352931,false,עוגיות שוקו פאי תפוח,לוט.ק.פ,RU,עוגיות שוקו פאי תפוח 360 גר,גרמים,360.00,100 גרם,false,8,15.90,4.4167,true,1,208571
4607084353457,false,עוגיות שוקו פאי 360,,,עוגיות שוקו פאי 360 גר,גרמים,360.00,100 גרם,false,1,18.90,5.2500,true,1,211585
4607084416916,false,אפונה ירוקה במי מלח,,,אפונה ירוקה במי מלח 480 גר,גרמים,480.00,100 גרם,false,1,8.90,1.8542,true,1,211569
4607084419382,false,חצילים מטוגנים עם יר,,,חצילים מטוגנים עם ירקות סגנון הונגרי EKO,גרמים,480.00,100 גרם,false,1,12.90,2.6875,true,1,188137
4607084419955,false,סלט ירקות יסיצילאיני,,,סלט ירקות יסיצילאיני 500 גר EKO,גרמים,500.00,100 גרם,false,1,12.90,2.5800,true,1,188138
4607097070150,false,פתיתי כוסמת אלטייסקי,מלניצ'ני קומפלקס,,פתיתי כוסמת אלטייסקיה סקזקה 400 גר,גרמים,400.00,100 גרם,false,1,10.90,2.7250,true,1,167917
4607097074769,false,כוסמת אלטייסקיה סקאז,מלניצ'ני קומפלקס,,"כוסמת ""אלטייסקיה סקא",גרמים,800.00,100 גרם,false,1,14.90,1.8625,true,1,111793
4607109409619,false,פיניש טבליות 25 יח' ALL IN 1,הדקלאים אגודת שיתופי,PL,טבליות מדיח פיניש אול אין וואן 25 יח,Unknown,0.00,Unknown,false,1,26.90,0.0000,true,1,174168
4607117890720,false,פרלין שוקולד מסקה 25,רוט פרונט,,פרלין שוקולד מסקה 250גר,גרמים,250.00,100 גרם,false,1,16.90,6.7600,true,1,145159
4607117890768,false,סוכ. מוסקביצקה 250 ג,רוט פרונט,,"סוכ. מוסקביצ""קה 250 גר",גרמים,250.00,100 גרם,false,1,13.90,5.5600,true,1,121272
4607117890843,false,סוכ. קרמל רקובה שייק,,,סוכ. קרמל רקובה שייקה 250 גר,גרמים,250.00,100 גרם,false,20,13.90,5.5600,true,1,188668
4607117890881,false,סוכ. לימונציקי 250 ג,רוט פרונט,,"סוכ. לימונצ""יקי 250 גר",גרמים,250.00,100 גרם,false,1,8.90,3.5600,true,1,121270
4607117891017,false,סוכ. זולוטוי קליוציק,רוט פרונט,,"סוכ. זולוטוי קליוצ""יק 250 גר",גרמים,250.00,100 גרם,false,1,12.90,5.1600,true,1,121271
4607117891802,false,סוכ קרא קום 250 גר,רוט פרונט,,סוכ קרא קום 250 גר,גרמים,250.00,100 גרם,false,1,19.90,7.9600,true,1,144880
4607126190064,false,פת פריכה ילזבטה מקמח,,,פת פריכה ילזבטה מקמח שיפון 75 גר,גרמים,75.00,100 גרם,false,1,8.90,11.8667,true,1,186334
4607132826094,false,קוזינאקי חמניות טימו,,,קוזינאקי חמניות טימושה 150 גר,גרמים,150.00,100 גרם,false,1,6.90,4.6000,true,1,204880
4607144733502,false,זפיר סלדקיי איסטוריי,סמרה,,זפיר סלדקיי איסטוריי עם תות 250גר,גרמים,250.00,100 גרם,false,1,13.90,5.5600,true,1,150973
4607144733526,false,זפיר סלדקיי איסטוריי,סמרה,,זפיר סלדקיי איסטוריי בטעם קראנץ 250גר,גרמים,250.00,100 גרם,false,1,13.90,5.5600,true,1,150972
4607145720822,false,תערובת ירקות במלח 95,,,תערובת ירקות במלח 950 מל,מיליליטרים,950.00,"100 מ""ל",false,1,20.90,2.2000,true,1,205250
4607145723656,false,תערובת ירקות במלח 35,,,תערובת ירקות במלח 350 מל,מיליליטרים,350.00,"100 מ""ל",false,1,14.90,4.2571,true,1,205256
4607163091577,false,מיץ תפוע ירוקים 1 ל,,,מיץ תפוע ירוקים 1 ל,ליטרים,1.00,ליטר,false,1,13.90,13.9000,true,1,209566
4607163091591,false,מיץ משמש ותפוחים 1 ל,,,מיץ משמש ותפוחים 1 ל,ליטרים,1.00,ליטר,false,1,13.90,13.9000,true,1,209564
4607163091607,false,מיץ דובדבן ותפוחים 1,,,מיץ דובדבן ותפוחים 1 ל,ליטרים,1.00,ליטר,false,1,13.90,13.9000,true,1,209562
4607163093014,false,מיץ תפוע וענבים 1 ל,,,מיץ תפוע וענבים 1 ל,ליטרים,1.00,ליטר,false,1,13.90,13.9000,true,1,209561
4607163093076,false,מיץ דומדמניות ותפוחי,,,מיץ דומדמניות ותפוחים 1 ל,ליטרים,1.00,ליטר,false,1,13.90,13.9000,true,1,209558
4607167190054,false,ריבת אימפריה תות שדה,אימפריה ג'מוב,,"ריבת אימפריה תות שדה 1 ק""ג",קילוגרמים,1.00,"ק""ג",false,1,36.90,36.9000,true,1,181681
4607167190115,false,ריבת אימפריה פטל 1 ק,אימפריה ג'מוב,,"ריבת אימפריה פטל 1 ק""ג",קילוגרמים,1.00,"ק""ג",false,1,39.90,39.9000,true,1,181679
4607167190177,false,ריבת אימפריה אגסים 1,אימפריה ג'מוב,,"ריבת אימפריה אגסים 1 ק""ג",קילוגרמים,1.00,"ק""ג",false,1,36.90,36.9000,true,1,181669
4607167191297,false,ריבת אימפריה אובלפיח,אימפריה ג'מוב,,"ריבת אימפריה אובלפיחה 1 ק""ג",קילוגרמים,1.00,"ק""ג",false,1,36.90,36.9000,true,1,181670
4607931605234,false,משקה לימונד 500 מל,RASSVET,,"משקה ""לימונד"" 0.5 ל",מיליליטרים,500.00,"100 מ""ל",false,1,9.90,1.9800,true,1,150832
4607931605241,false,משקה ברבריס 500 מל,RASSVET,,"משקה ""ברבריס"" 0.5 ל",מיליליטרים,500.00,"100 מ""ל",false,1,9.90,1.9800,true,1,150834
4610007300131,false,קמח טיחורצקיה 1 קג,,,קמח טיחורצקיה 1 קג,קילוגרמים,1.00,"ק""ג",false,1,9.90,9.9000,true,1,211668
4610007300179,false,קמח חיטה טיחורצקיה 2,,,קמח חיטה טיחורצקיה 2 קג,קילוגרמים,2.00,"ק""ג",false,1,15.90,7.9500,true,1,211570
4610028070976,false,עוגיות מקרון בטעם מנ,,,עוגיות מקרון בטעם מנגו פסיפלורה 60 גר,גרמים,60.00,100 גרם,false,12,11.90,19.8333,true,1,202912
4610028070990,false,עוגיות מקרון בטעם פי,,,עוגיות מקרון בטעם פיסטוק 60 גר,גרמים,60.00,100 גרם,false,12,11.90,19.8333,true,1,201301
4610028071034,false,עוגיות מקרון בטעם תו,,,עוגיות מקרון בטעם תות שדה 60 גר,גרמים,60.00,100 גרם,false,12,11.90,19.8333,true,1,204727
4610028071546,false,עוגיות מקרון בטעם או,,,עוגיות מקרון בטעם אוכמניות כחולות 60 גר,גרמים,60.00,100 גרם,false,12,11.90,19.8333,true,1,201880
4610082660045,false,שוקולד מריר אגוזי לו,,,שוקולד מריר אגוזי לוז 90 גר,גרמים,90.00,100 גרם,false,1,11.90,13.2222,true,1,211494
4610082660069,false,שוקולד מריר שקדים 90,,,שוקולד מריר שקדים 90 גר,גרמים,90.00,100 גרם,false,1,11.90,13.2222,true,1,211495
4610082660731,false,סוכריות טראפל שוקולד,,,סוכריות טראפל שוקולד ללא סוכר 150 גר,גרמים,150.00,100 גרם,false,1,15.90,10.6000,true,1,211493
4612497002199,false,פטריות לבנות פורציני,,,פטריות לבנות פורציני קפוא 300 גר,גרמים,300.00,100 גרם,false,1,26.90,8.9667,true,1,192981
4612497003165,false,פטריות ליסיצקי קפוא,,,פטריות ליסיצקי קפוא 300 גר,גרמים,300.00,100 גרם,false,1,26.90,8.9667,true,1,193928
4620004250780,false,ממתקי חמניות בטעם ונ,אזוב,RU,"ממתק חלבה 250 גר""",גרמים,250.00,100 גרם,false,16,8.90,3.5600,true,1,138313
4620004251176,false,חלווה על חמניות על פ,,,חלבה על חמניות על פרוקטוזה 180גר,גרמים,180.00,100 גרם,false,1,8.90,4.9444,true,1,146806
4620004252265,false,מרמלד גילי בטעם פטל,אזוב,RU,מרמלד גילי בטעם פטל 300 גר,גרמים,300.00,100 גרם,false,1,12.90,4.3000,true,1,150407
4620004252661,false,מרמלד גלי בטעם דומדמ,CFACTORY AZOV,RU,מרמלד גלי בטעם אוכמניות שחורות 300 גר,גרמים,300.00,100 גרם,false,1,12.90,4.3000,true,1,173009
4620005470200,false,דג יבש וובלה 200 גר,ווו רוסיה פישינג וור,,דג יבש וובלה 200 גר,גרמים,200.00,100 גרם,false,1,28.90,14.4500,true,1,197454
4620008991153,false,וודקה פרבק שיפון 700,,,וודקה פרבק שיפון 700 מל,מיליליטרים,700.00,"100 מ""ל",false,12,59.90,8.5571,true,1,203816
4620015850351,false,תה ירוק אוגו קוקטייל,או א.או מאי קומפני,,תה מאיסקי ירוק חוגו קוקטייל 20 שק,Unknown,0.00,Unknown,false,1,12.90,0.0000,true,1,169204
4620015851068,false,תה שחור קורטיס טרופל,זא א או מאי קומפני,,תה שחור קורטיס טרופל 36 גר,גרמים,36.00,100 גרם,false,1,12.90,35.8333,true,1,173752
4620015851860,false,תה שחור ריצארד רויאל,או א.או מאי קומפני,,תה שחור RICHARD ROYAL MISS GREY,גרמים,34.00,100 גרם,false,1,12.90,37.9412,true,1,181520
4620015851884,false,תה שחור ריצארד רויאל,או א.או מאי קומפני,,תה שחור RICHARD ROYAL LIME+MINT,גרמים,34.00,100 גרם,false,1,12.90,37.9412,true,1,181521
4620015852553,false,תה שחור קורטיס אוכמנ,או א.או מאי קומפני,,תה שחור CURTIS BLUE BERRIES,גרמים,36.00,100 גרם,false,1,12.90,35.8333,true,1,181518
4620015852973,false,תה פירות ריצרד רואיל,או א.או מאי קומפני,,תה פירות ריצרד רואיל אדום 34 גר,גרמים,34.00,100 גרם,false,12,12.90,37.9412,true,1,187457
4620015854779,false,תה שחור קרטיס מנגו ו,קאן אגריטך פרייבט למ,,תה שחור קרטיס מנגו ופירות 20 שק,Unknown,0.00,Unknown,false,1,12.90,0.0000,true,1,210523
4620060880044,false,סוכריות קרמל על מקל,,,סוכריות קרמל על מקל בטעמים שונים 26 גר,גרמים,26.00,100 גרם,false,1,2.90,11.1538,true,1,208294
4627084680346,false,רוטב רימונים 310 מל,,,רוטב רימונים 300 גר,מיליליטרים,310.00,"100 מ""ל",false,1,24.90,8.0323,true,1,179987
4630007985480,false,ציקורי נמס 75 גר,,,ציקורי נמס 75 גר,גרמים,75.00,100 גרם,false,1,6.90,9.2000,true,1,186809
4630009187882,false,מיץ ירקות עם מלח וכת,,,מיץ ירקות עם מלח וכתישה 1 ל,ליטרים,1.00,ליטר,false,1,13.90,13.9000,true,1,209559
4630009189619,false,מחית תפוח דובדבן 120,,,מחית תפוח דובדבן 120 גר,גרמים,120.00,100 גרם,false,1,5.90,4.9167,true,1,209569
4630038370828,false,עגבניות כבושות במלח,,,עגבניות כבושות במלח ואניה 950 גר,גרמים,950.00,100 גרם,false,1,16.90,1.7789,true,1,207149
4630038371122,false,אפונה ירוקה דוד ואני,,,שימורי אפונה ירוקה דוד ואניה 460 גר,גרמים,460.00,100 גרם,false,1,11.90,2.5870,true,1,207148
4630049326746,false,שמן חמניות בראביטה 8,,,שמן חמניות בראביטה 870 מל,מיליליטרים,870.00,"100 מ""ל",false,,12.90,1.4828,true,1,210464
4631149937504,false,פחם עץ אלון בקופסא 2,,,פחם עץ אלון בקופסא 2 קג,קילוגרמים,2.00,"ק""ג",false,1,29.90,14.9500,true,1,209343
4640001890031,false,סודה לשתיה 500 גר,או או או בשקיריה,,"סודה לשתיה 500 גר""",גרמים,500.00,100 גרם,false,1,7.90,1.5800,true,1,144888
4640018993343,false,פיניש קואנטום קפסולות ג'יל רגיל 30 יחי,רקיט בנקיזר,PL,פיניש קוואנטום 30 יח קפסולות גל למדיח,Unknown,0.00,Unknown,false,1,39.90,0.0000,true,1,198518
4640018993398,false,קפסולות ג'יל רגיל קואנטום 60 יח' פיניש,רקיט בנקיזר,PL,גל קפסולות פיניש קוואנטום 60 יח,Unknown,0.00,Unknown,false,1,54.90,0.0000,true,1,199472
4650056310217,false,שימורי כרוב ים 220 ג,,,שימורי כרוב ים 220 גר,גרמים,220.00,100 גרם,false,1,5.90,2.6818,true,1,206126
4660011134499,false,עוגה פתיציה מולוקו 4,,,עוגה פתיציה מולוקו 400 גר,גרמים,400.00,100 גרם,false,1,39.90,9.9750,true,1,210829
4660011134529,false,עוגה שמנת תותים 800 ג',,,עוגה שמנת תותים 800 גר,גרמים,800.00,100 גרם,false,1,82.90,10.3625,true,1,210836
4660011135120,false,סט עוגות אישיות ריבת חלב 300 ג',,,סט עוגות אישיות ריבת חלב 300 גר,גרמים,300.00,100 גרם,false,1,25.90,8.6333,true,1,210828
4660013940135,false,שוקולד לבן עם חתיכות,,,שוקולד לבן עם חתיכות תות שדה 100 גר,גרמים,100.00,100 גרם,false,1,6.90,6.9000,true,1,202916
4660047661723,false,ממרח פטה עם כבד עוף,,,ממרח פטה עם כבד עוף 100 גר,גרמים,100.00,100 גרם,false,1,5.90,5.9000,true,1,190465
4660047661730,false,ממרח פטה עם כבד אווז,,,ממרח פטה עם כבד אווז 100 גר,גרמים,100.00,100 גרם,false,1,5.90,5.9000,true,1,190466
4660047661778,false,ממרח פטה עם כבד הודו,,,ממרח פטה עם כבד הודו 100 גר,גרמים,100.00,100 גרם,false,1,5.90,5.9000,true,1,190470
4660115902291,false,תה שחור פטל 20 שק 34,או א.או מאי קומפני,,תה שחור פטל 20 שק 34 גר,גרמים,34.00,100 גרם,false,1,12.90,37.9412,true,1,213317
4660115904431,false,תה ירוק קרטיס 20 שק,קאן אגריטך פרייבט למ,,תה ירוק קרטיס 20 שק,Unknown,0.00,Unknown,false,1,12.90,0.0000,true,1,210524
4660115904479,false,תה ירוק קרטיס 20 שק,קאן אגריטך פרייבט למ,,תה ירוק קרטיס 20 שק,Unknown,0.00,Unknown,false,1,12.90,0.0000,true,1,210525
4665270950019,false,שיבולת שועל סמייניה,או או או פמילי סטוק,,שיבולת שועל סמייניה זאקרומה 450 גר,גרמים,450.00,100 גרם,false,1,4.90,1.0889,true,1,178281
4665270950033,false,כוסמת סמייניה זאקרומ,או או או פמילי סטוק,,כוסמת סמייניה זאקרומה 800 גר,גרמים,800.00,100 גרם,false,12,14.90,1.8625,true,1,178278
4670019040586,false,רצועות דג אלתית מיוב,ARENA,,רצועות דג אלתית מיובש ממולח 50 גר,גרמים,50.00,100 גרם,false,1,21.90,43.8000,true,1,173679
4670033810707,false,פירורי לחם לעוף קריס,PROFAGROTECHNIKA,,פירורי לחם לעוף קריספי ונגטס 200 גר,גרמים,200.00,100 גרם,false,1,7.90,3.9500,true,1,202864
4680009730021,false,דובשניות סחרניה בטעם,,,דובשניות סחרניה בטעם וניל 500 גר,גרמים,500.00,100 גרם,false,1,12.90,2.5800,true,1,205362
4680009734395,false,בייגל בטעם וניל 500,BKK,RU,בייגל בטעם וניל 500 גר,גרמים,500.00,100 גרם,false,10,12.90,2.5800,true,1,199599
4680009734432,false,בייגל פרג 500 גר,BKK,RU,בייגל פרג 500 גר,גרמים,500.00,100 גרם,false,10,12.90,2.5800,true,1,199598
4680009735859,false,דובשניות במילוי בטעם,,,דובשניות במילוי בטעם דובדבנים 500 גר,גרמים,500.00,100 גרם,false,1,15.90,3.1800,true,1,205359
4680019560854,false,מיץ עגבניות עם מלח ו,,,מיץ עגבניות עם מלח וכתישה 1 ל,ליטרים,1.00,ליטר,false,1,13.90,13.9000,true,1,209560
4680019563350,false,משקה שיבולת שועל וני,,,משקה שיבולת שועל וניל 1 ל,ליטרים,1.00,ליטר,false,1,12.90,12.9000,true,1,211542
4680019564432,false,מחית בננה 120 גר,,,מחית בננה 120 גר,גרמים,120.00,100 גרם,false,1,5.90,4.9167,true,1,209571
4680019565262,false,מיץ תפוע ירוקים 2 ל,,,מיץ תפוע ירוקים 2 ל,ליטרים,2.00,ליטר,false,1,22.90,11.4500,true,1,209552
4680019565309,false,מיץ פירות עם כתישה 2,,,מיץ פירות עם כתישה 2 ל,ליטרים,2.00,ליטר,false,1,22.90,11.4500,true,1,209553
4680019565408,false,מיץ עגבניות עם מלח,,,מיץ עגבניות עם מלח 2 ל,ליטרים,2.00,ליטר,false,1,22.90,11.4500,true,1,209557
4680036913121,false,קוואס יאחונט 450 מל,,,קוואס יאחונט 450 מל,מיליליטרים,450.00,"100 מ""ל",false,1,8.90,1.9778,true,1,209311
4680036914913,false,בירה גיגולי ללא אלכו,,,בירה גיגולי ללא אלכוהול בק 450 מל,מיליליטרים,450.00,"100 מ""ל",false,1,7.90,1.7556,true,1,198090
4680036915934,false,בירה זיגולי בק 450 מ,,,בירה זיגולי בק 500 מל,מיליליטרים,450.00,"100 מ""ל",false,1,9.90,2.2000,true,1,210058
4680046809247,false,שמן חמניות לוקס 870,,,שמן חמניות לוקס 870 מל,מיליליטרים,870.00,"100 מ""ל",false,1,14.90,1.7126,true,1,197344
4690329007765,false,צנימים לסלט ומרק 100,קה דה או נובוסיבירסק,,צנימים לסלט ומרק מלוח 100 גר,גרמים,100.00,100 גרם,false,28,3.90,3.9000,true,1,184297
4690329008274,false,צנימים לסלט עם שום 1,קה דה או נובוסיבירסק,,צנימים לסלט עם שום 100 גר,גרמים,100.00,100 גרם,false,28,4.90,4.9000,true,1,187426
4699302736913,false,חטיפי פיתה לבשיקי בט,,,חטיפי פיתה לבשיקי בטעם בצל ירוק 100 גר,גרמים,100.00,100 גרם,false,1,7.90,7.9000,true,1,211067
4699302736920,false,חטיפי פיתה לבשיקי בט,,,חטיפי פיתה לבשיקי בטעם נקניקיות שום 100,גרמים,100.00,100 גרם,false,1,7.90,7.9000,true,1,211068
4699302736944,false,חטיפי פיתה לבשיקי בט,,,חטיפי פיתה לבשיקי בטעם שמנת עם בצל 90 גר,גרמים,90.00,100 גרם,false,1,7.90,8.7778,true,1,213704
4740012032908,false,שוקולד לבן עם פצפוצי,ORKLA,EE,שוקולד לבן עם פצפוני,גרמים,100.00,100 גרם,false,13,7.90,7.9000,true,1,113794
4740036005551,false,חמאה טארה 200 גר,,,חמאה טארה 200 גר,גרמים,200.00,100 גרם,false,1,12.90,6.4500,true,1,209460
4740098098331,false,קוקטייל בלו לגון לה,אה לי קוק,EE,קוקטייל בלו לגון לה קוק 330 מל,מיליליטרים,330.00,"100 מ""ל",false,1,9.90,3.0000,true,1,210826
4740098098355,false,קוקטייל לה קוק מוחיט,אה לי קוק,EE,קוקטייל לה קוק מוחיטו 330 מל,מיליליטרים,330.00,"100 מ""ל",false,1,9.90,3.0000,true,1,209737
4740098098379,false,קוקטייל לה קוק מרגרי,אה לי קוק,EE,קוקטייל לה קוק מרגריטה 330 מל,מיליליטרים,330.00,"100 מ""ל",false,1,9.90,3.0000,true,1,209736
4740098098393,false,מוחיטו קוקטייל סק או,,,קוקטייל סקס און דה ביץ לה קוק 330 מל,מיליליטרים,330.00,"100 מ""ל",false,1,9.90,3.0000,true,1,209738
4750001001891,false,שוקולד לאימה חלב 100,LAIMA,,"שוקולד ""לאימה"" חלב 100 גר",גרמים,100.00,100 גרם,false,1,5.90,5.9000,true,1,123435
4750001002072,false,שוקולד לאימה אקסטרים,LAIMA,,"שוקולד ""לאימה"" אקסטרים חלב אגוז ל 100 גר",גרמים,100.00,100 גרם,false,1,5.90,5.9000,true,1,146022
4750001008869,false,אסורטי מריר 70% 360,LAIMA,,אסורטי מריר 70% 360 גר,גרמים,360.00,100 גרם,false,1,40.90,11.3611,true,1,113816
4750001010237,false,אסורטי מריר אולד ריג,LAIMA,,אסורטי מריר אולד ריגה 360 גר,גרמים,360.00,100 גרם,false,12,40.90,11.3611,true,1,213714
4750001814743,false,אסורטי ורדים אדומים,LAIMA,,אסורטי ורדים אדומים 470 גר,גרמים,470.00,100 גרם,false,1,39.90,8.4894,true,1,113820
4750001950038,false,בונ לאימה סלקשן שוקו,LAIMA,,בונ לאימה סלקשן שוקולד מריר עם בלסם 420,גרמים,420.00,100 גרם,false,1,39.90,9.5000,true,1,174652
4750001950946,false,שוקולד מריר לאימה 70,LAIMA,,שוקולד מריר לאימה 70% 100 גר,גרמים,100.00,100 גרם,false,1,10.90,10.9000,true,1,183800
4750001951141,false,שוקולד מריר לאימה 70,,,שוקולד מריר לאימה 70% 100 גר,גרמים,90.00,100 גרם,false,1,10.90,12.1111,true,1,181888
4750010492826,false,דג שפרוטים מעושנים ר,,,דג שפרוטים מעושנים ריגה צנצנת 250 גר,גרמים,250.00,100 גרם,false,1,14.90,5.9600,true,1,192561
4750010502228,false,שימורי דג שפרוטים מעושנים ריגה 160 ג',אונדה אל טי די,,דג שפרוטים ריגה מעושנים 160 גר,גרמים,160.00,100 גרם,false,36,8.90,5.5625,true,1,190110
4750011814511,false,ממתק גלי לאימה מסוכר,LAIMA,,ממתק גלי לאימה מסוכרות לימון ותפוזים 190,גרמים,190.00,100 גרם,false,1,16.90,8.8947,true,1,161148
4750011849063,false,ממתק גלי לאימה מסוכר,LAIMA,,ממתק גלי לאימה מסוכרות בטעם חמוציות 190,גרמים,190.00,100 גרם,false,1,16.90,8.8947,true,1,174653
4750021101380,false,בלזאם ריגה בלאק 700,אס פי אי,,בלזאם שחור 0.7 ל,מיליליטרים,700.00,"100 מ""ל",false,1,79.90,11.4143,true,1,119964
4750024001908,false,טונגי תפוא בטעם שמיר,,,טונגי תפוא בטעם שמיר 130 גר,גרמים,130.00,100 גרם,false,1,15.90,12.2308,true,1,211258
4750024002011,false,טונגי תפוא בטעם צימי,,,טונגי תפוא בטעם צימיצורי 130 גר,גרמים,130.00,100 גרם,false,1,15.90,12.2308,true,1,212606
4750024002196,false,טונגי תפוא בטעם גבינ,,,טונגי תפוא בטעם גבינת שמנת 130 גר,גרמים,130.00,100 גרם,false,1,15.90,12.2308,true,1,212605
4750042000136,false,משקה אבטיח מלון 1.5,Cido,LV,משקה אבטיח מלון 1.5 ל פרוטו,ליטרים,1.50,ליטר,false,8,14.90,9.9333,true,1,196153
4750042000167,false,משקה פירות יער 1.5 ל,Cido,LV,משקה פירות יער 1.5 ל פרוטו,ליטרים,1.50,ליטר,false,8,14.90,9.9333,true,1,189772
4750042300878,false,מיץ עגבניות סידו עם,,,מיץ עגבניות סידו עם מלח ים 1 ל,ליטרים,1.00,ליטר,false,1,14.90,14.9000,true,1,113903
4750042804505,false,נקטר סידו דומדמניות,Cido,,נקטר סידו דומדמניות שחורות ותפוח 1 ל,ליטרים,1.00,ליטר,false,1,14.90,14.9000,true,1,167072
4750050000104,false,חטיף גבינה קרומס עם,PIENSAIMNIEKS,,חטיף גבינה קרומס עם שבבי שוקולד 38 גר,גרמים,38.00,100 גרם,false,40,3.90,10.2632,true,1,194300
4750050000111,false,חטיף גבינה קרומס קרמ,PIENSAIMNIEKS,,חטיף גבינה קרומס קרמל מלוחה 38 גר,גרמים,38.00,100 גרם,false,40,3.90,10.2632,true,1,194299
4750050000128,false,חטיף גבינה קרומס פטל,PIENSAIMNIEKS,,חטיף גבינה קרומס פטל רימון 38 גר,גרמים,38.00,100 גרם,false,40,3.90,10.2632,true,1,194298
4750050341405,false,חטיף גבינה בטעם וניל,PIENSAIMNIEKS,,ממתק גבינה בשוקולד,גרמים,45.00,100 גרם,false,1,3.90,8.6667,true,1,113914
4750050341498,false,חטיף גבינה בשוקולד ע,PIENSAIMNIEKS,,חטיף גבינה בשוקולד עגוז לוז 45גר,גרמים,45.00,100 גרם,false,1,3.90,8.6667,true,1,146024
4750050341511,false,חטיף גבינה עם יוגורט,PIENSAIMNIEKS,,ממתק גבינה בשוקולד 5,גרמים,50.00,100 גרם,false,1,3.90,7.8000,true,1,113915
4750050342211,false,חטיף גבינה קרומס 45,PIENSAIMNIEKS,,חטיף גבינה קרומס 45 גר 6+1,גרמים,315.00,100 גרם,false,1,22.90,7.2698,true,1,166340
4750050342259,false,חטיף גבינה שוקולד קר,PIENSAIMNIEKS,,חטיף גבינה שוקולד קרומס 45 גר 6+1,גרמים,315.00,100 גרם,false,8,22.90,7.2698,true,1,191677
4750050526000,false,גבינה מותכת דזינטרס,,,"גבינה מותכת ""דזינטרס",גרמים,200.00,100 גרם,false,20,19.90,9.9500,true,1,113917
4750050526185,false,גבינה מותכת דזינטרס,,,"גבינה מותכת ""דזינטרס",גרמים,200.00,100 גרם,false,1,19.90,9.9500,true,1,113919
4750050526253,false,גבינה מותכת דזינטרס,,,גבינה מותכת דזינטרס עם שרימפס 200 גר,גרמים,200.00,100 גרם,false,20,19.90,9.9500,true,1,193531
4750072012604,false,גבינת קרם ציז 150 גר,,,גבינה סטרינגציז,גרמים,150.00,100 גרם,false,,9.90,6.6000,true,1,144503
4750072013335,false,תחליף פטה קומבי וויט,,,תחליף פטה קומבי וויט 250 גר,גרמים,250.00,100 גרם,false,1,16.90,6.7600,true,1,187251
4750093002974,false,גבינת צדר אדום פרוס,,,גבינת צדר אדום פרוס 125 גר,גרמים,125.00,100 גרם,false,1,12.90,10.3200,true,1,209337
4750093002981,false,גבינת מאסדם פרוס 125,,,גבינת מאסדם פרוס 125 גר,גרמים,125.00,100 גרם,false,1,12.90,10.3200,true,1,209338
4750108005259,false,משקה מוגז הפי ניו אי,,,משקה מוגז הפי ניו איר ללא אלכוהול 750 מל,מיליליטרים,750.00,"100 מ""ל",false,1,21.90,2.9200,true,1,173622
4750108005297,false,משקה מוגז סנטה קלאוס,,,משקה מוגז סנטה קלאוס ללא אלכוהול 750 מל,מיליליטרים,750.00,"100 מ""ל",false,1,21.90,2.9200,true,1,173623
4750142002078,false,בירה צסו יורמלה פחית,"""cesu alus""",,בירה צסו יורמלה פחית 500 מל,מיליליטרים,500.00,"100 מ""ל",false,1,6.90,1.3800,true,1,209936
4750142002719,false,בירה בפחית לא מסוננת,"""cesu alus""",,בירה צסו יורמלה לא מסוננת פחית 500 מל,מיליליטרים,500.00,"100 מ""ל",false,1,6.90,1.3800,true,1,209937
4750142003426,false,בירה פילזנר Pilsener אקסטרה,"""cesu alus""",,בירה פילזנר אקסטרה פחית 500 מל,מיליליטרים,500.00,"100 מ""ל",false,1,6.90,1.3800,true,1,197352
4750142004980,false,בירה ציסו פרמיום פח,"""cesu alus""",,בירה ציסו פרמיום פח 568 מל,מיליליטרים,568.00,"100 מ""ל",false,1,8.90,1.5669,true,1,210284
4750142005000,false,בירה ציסו כהה בוהמיי,"""cesu alus""",,בירה ציסו כהה בוהמיין פח 568 מל,מיליליטרים,568.00,"100 מ""ל",false,1,8.90,1.5669,true,1,210272
4750142005062,false,בירה צסו ברוזה לא מס,,,בירה צסו ברוזה לא מסוננת פח 568 מל,מיליליטרים,568.00,"100 מ""ל",false,1,8.90,1.5669,true,1,210193
4750142016518,false,בירה צ'סו Cesu לא מסוננת,צסו אלוס,LV,בירה ציסו לא מסוננת פח568מל,מיליליטרים,568.00,"100 מ""ל",false,1,8.90,1.5669,true,1,146691
4750142021505,false,פחית בירה פילזנר Pilsener,צסו אלוס,LV,"בירה פילזנר בהירה 500 מ""ל",מיליליטרים,500.00,"100 מ""ל",false,1,6.90,1.3800,true,1,113932
4750163986661,false,צנימים מטוגנים מלחם,,,צנימים מטוגנים מלחם שיפון עם שום 180 גר,גרמים,180.00,100 גרם,false,1,15.90,8.8333,true,1,211259
4750211417116,false,שימורי חמציץ קרוניס,,,שימורי חמציץ קרוניס 290 גר,גרמים,290.00,100 גרם,false,8,9.90,3.4138,true,1,192871
4750211710415,false,מרק קרוניקס בורש 500,,,מרק קרוניקס בורש 500 גר,גרמים,500.00,100 גרם,false,1,11.90,2.3800,true,1,170103
4750211720414,false,מרק קרוניס סוליאנקה,,,מרק קרוניס סוליאנקה 500 גר,גרמים,500.00,100 גרם,false,1,12.90,2.5800,true,1,170115
4750211730413,false,מרק קרוניס רסולניק 5,,,מרק קרוניס רסולניק 500 גר,גרמים,500.00,100 גרם,false,1,11.90,2.3800,true,1,180756
4750211741112,false,מרק סלק קר עם חרדל 5,,,מרק סלק קר עם חרדל 500 גר,גרמים,500.00,100 גרם,false,1,11.90,2.3800,true,1,211633
4750211770419,false,מרק קרוניקס חרצו 500,,,מרק קרוניקס חרצו 500 גר,גרמים,500.00,100 גרם,false,1,11.90,2.3800,true,1,170100
4750211797218,false,מרק קרוניס פטריות 50,סיא קרוניס,,מרק קרוניס פטריות 500 גר,גרמים,500.00,100 גרם,false,1,12.90,2.5800,true,1,171721
4750616000258,false,שפרוטים גדולים מעושנים בשמן צמחי,בריויאס וילניוס,,שפרוטים גדולים בשמן 190 גר,גרמים,190.00,100 גרם,false,1,8.90,4.6842,true,1,140113
4750616000593,false,שפרוטים מעושנים בשמן צמחי,בריויאס וילניוס,,שפרוטים ריגה בשמן 190 גר,גרמים,190.00,100 גרם,false,1,8.90,4.6842,true,1,113997
4750616001194,false,שפרוטים מעושנים בשמן צמחי,בריויאס וילניוס,,שפרוטים ריגה בשמן 240 גר,גרמים,240.00,100 גרם,false,1,8.90,3.7083,true,1,120252
4750616001217,false,סרדינים בשמן 240 גר,BRINVAS VILNUS,,סרדינים בשמן 240 גר,גרמים,240.00,100 גרם,false,1,6.90,2.8750,true,1,177105
4750616001262,false,שפרוטים צארסקיה בשמן,BRINVAS VILNUS,,שפרוטים צארסקיה בשמן 240 גר,גרמים,240.00,100 גרם,false,1,12.90,5.3750,true,1,113998
4750616001361,false,שימורי הרינג מעושן בשמן צמחי,בריויאס וילניוס,,סלאקה מעושנת 190 גר,גרמים,190.00,100 גרם,false,1,8.90,4.6842,true,1,177104
4750616001439,false,סרדינים במיץ עגבניות,BRINVAS VILNUS,,סרדינים במיץ עגבניות 240 גר,גרמים,240.00,100 גרם,false,1,6.90,2.8750,true,1,177106
4750616001651,false,דגי שיפרוט גדולים מעושנים בשמן צמחי,בריויאס וילניוס,,שפרוטים גדולים בשמן 240 גר,גרמים,240.00,100 גרם,false,1,8.90,3.7083,true,1,114004
4750616001989,false,שימורי דגים פטה שפרו,בריויאס וילניוס,,פטה שפרוטים 250 גר,גרמים,250.00,100 גרם,false,1,6.90,2.7600,true,1,114006
4750616002276,false,קילקה ברוטב עגבניות עם צ'ילי,בריויאס וילניוס,,קילקה במיץ עגבניות עם צילי 240 גר,גרמים,240.00,100 גרם,false,1,6.90,2.8750,true,1,114007
4750616002337,false,שימורי דגי קילקה שלמים ברוטב עגבניות,בריויאס וילניוס,,קילקה במיץ עגבניות 240 גר,גרמים,240.00,100 גרם,false,1,6.90,2.8750,true,1,114009
4750616006564,false,סרדינים על הגריל בשמ,,LV,סרדינים על הגריל בשמן זית 190 גר,גרמים,190.00,100 גרם,false,48,10.90,5.7368,true,1,199875
4750616006571,false,סרדינים על הגריל בשמ,,LV,סרדינים על הגריל בשמן זית עם צילי 190 גר,גרמים,190.00,100 גרם,false,48,10.90,5.7368,true,1,208409
4750616006588,false,סרדינים על הגריל עם,,LV,סרדינים על הגריל עם לימון בשמן זית 190 ג,גרמים,190.00,100 גרם,false,48,10.90,5.7368,true,1,199876
4750817032003,false,סלט סלמון עם ירקות ב,,,סלט סלמון עם ירקות בטעם אסיאתי 240 גר,גרמים,240.00,100 גרם,false,48,8.90,3.7083,true,1,194898
4750817111005,false,פילה סלמון במיץ טבעי,ZENTENE,LV,פילה סלמון במיץ טבעי 200 גר,גרמים,200.00,100 גרם,false,48,10.90,5.4500,true,1,191659
4750817111616,false,פילה סלמון ברוטב עגב,ZENTENE,LV,פילה סלמון ברוטב עגבניות 200 גר,גרמים,200.00,100 גרם,false,48,10.90,5.4500,true,1,191660
4750817130808,false,סאירה במיץ טבעי 240,,,סאירה במיץ טבעי 240 גר,גרמים,240.00,100 גרם,false,48,10.90,4.5417,true,1,207308
4750817133120,false,סרדינים בשמן 240 גר,ZENTENE,LV,סרדינים בשמן 240 גר,גרמים,240.00,100 גרם,false,48,8.90,3.7083,true,1,191653
4750817137821,false,מקרל בשמן 240 גר,ZENTENE,LV,מקרל בשמן 240 גר,גרמים,240.00,100 גרם,false,48,9.90,4.1250,true,1,191657
4750817138125,false,סאירה בשמן צמחי 240,,,סאירה בשמן צמחי 240 גר,גרמים,240.00,100 גרם,false,48,10.90,4.5417,true,1,207307
4750817224927,false,שפרוטים מעושנים בשמן,,,שפרוטים מעושנים בשמן צמחי שקוף 240 גר,גרמים,240.00,100 גרם,false,1,14.90,6.2083,true,1,203956
4751000837368,false,מאפה זאפירה עם חתיכו,סיא דאוגיליס פארטנרי,,מאפה זאפירה עם חתיכות אננס 300 גר,גרמים,300.00,100 גרם,false,1,15.90,5.3000,true,1,173743
4751000837375,false,מאפה זאפירה תפוח עץ,סיא דאוגיליס פארטנרי,,מאפה זאפירה תפוח עץ 300 גר,גרמים,300.00,100 גרם,false,1,15.90,5.3000,true,1,173744
4751000837610,false,מאפה זאפירה בטעם צימ,סיא דאוגיליס פארטנרי,,מאפה זאפירה בטעם צימוקים 320 גר,גרמים,320.00,100 גרם,false,1,15.90,4.9688,true,1,174837
4751001583820,false,שפרוטים שקוף מעושנים,GAMMA-A,,שפרוטים ריגה 240גר,גרמים,240.00,100 גרם,false,1,13.90,5.7917,true,1,146119
4751002121601,false,לחם שחור 700 גר,MATSS,,לחם שחור 700 גר,גרמים,700.00,100 גרם,false,8,23.90,3.4143,true,1,199248
4751002121625,false,לחם בורודינסקי 350 ג,MATSS,,לחם בורודינסקי 350 גר,גרמים,350.00,100 גרם,false,20,12.90,3.6857,true,1,199247
4751003923358,false,קילקה מטוגן ברוטב חר,REGATTA,,קילקה מטוגן ברוטב חרדל רגטה 240 גר,גרמים,240.00,100 גרם,false,1,6.90,2.8750,true,1,172597
4751005703569,false,שפרוטים פיגיורה בשמן,PIEJURA,,שפרוטים פיגיורה בשמן 250גר,גרמים,250.00,100 גרם,false,1,16.90,6.7600,true,1,147444
4751007730938,false,שפרוטים מעושנים בשמן,karavela,LV,שפרוטים מעושנים בשמן צמחי 240 גר,גרמים,240.00,100 גרם,false,24,8.90,3.7083,true,1,186351
4751007732864,false,פילה סלמון ברוטב חרד,KARAVELA,,פילה סלמון ברוטב חרד,גרמים,170.00,100 גרם,false,1,11.90,7.0000,true,1,114063
4751007733212,false,פילה סלמון ברוטב חרד,,,פילה סלמון ברוטב חרדל ארנולד סורנסן 170,גרמים,170.00,100 גרם,false,1,11.90,7.0000,true,1,197462
4751007733229,false,פילה סלמון ברוטב עגב,,,פילה סלמון ברוטב עגבניות ארנולד סורנסן,גרמים,170.00,100 גרם,false,1,11.90,7.0000,true,1,197461
4751007737111,false,דג סלמון במי מלח 240,ALTAYSKAYA KRUPA,,דג סלמון במי מלח 240 גר,מיליליטרים,240.00,"100 מ""ל",false,24,7.90,3.2917,true,1,207453
4751007738156,false,שימורי צדפות מעושנות,,,שימורי צדפות מעושנות ברוטב לימון 120 גר,גרמים,120.00,100 גרם,false,1,12.90,10.7500,true,1,197451
4751007738163,false,שימורי צדפות מעושנות,,,שימורי צדפות מעושנות ברוטב שום 120 גר,גרמים,120.00,100 גרם,false,1,12.90,10.7500,true,1,197450
4751007738385,false,קילקה ברוטב עגבניות,,,קילקה ברוטב עגבניות פתיחה קלה 240 גר,גרמים,240.00,100 גרם,false,24,5.90,2.4583,true,1,196165
4751007738392,false,שימורי דג שפרוטים מע,,,שימורי דג שפרוטים מעושנים 240 גר,גרמים,240.00,100 גרם,false,24,10.90,4.5417,true,1,201138
4751007739542,false,שימורי סורימי במרינד,,,שימורי סורימי במרינדה עם פטרוזיליה 160 ג,גרמים,160.00,100 גרם,false,1,18.90,11.8125,true,1,211578
4751007739559,false,שימורי סורימי בשמן ל,,,שימורי סורימי בשמן לפתית 160 גר,גרמים,160.00,100 גרם,false,1,18.90,11.8125,true,1,211579
4751007739917,false,סלמון ברובמיץ טבעי 1,,,נתחי דג סלמון במיץ טבעי 185 גר,גרמים,185.00,100 גרם,false,1,9.90,5.3514,true,1,210387
4751008660838,false,ממתק אומניה שקדים לל,,,ממתק אומניה ללא סוכר 90 גר,גרמים,90.00,100 גרם,false,1,6.90,7.6667,true,1,184426
4751008660845,false,ממתק אומניה ללא סוכר,,,ממתק אומניה ללא סוכר עם שקדים 90 גר,גרמים,90.00,100 גרם,false,1,6.90,7.6667,true,1,184428
4751017403419,false,כבד דג שיבוט במיץ טב,MALBI CHOCOLATE,,כבד דג שיבוט במיץ טבעי 115 גר,גרמים,115.00,100 גרם,false,1,9.90,8.6087,true,1,197858
4751019531035,false,מוזלי בוטנים 300 גר,,,מוזלי בוטנים 300 גר,גרמים,300.00,100 גרם,false,1,13.90,4.6333,true,1,210259
4751024270028,false,מקלוני גבינה קשה מעו,,,מקלוני גבינה קשה מעושנת 28% 100 גר,גרמים,100.00,100 גרם,false,1,19.90,19.9000,true,1,186628
4751024270103,false,צמת גבינה קשה מעושנת,,,צמת גבינה קשה מעושנת 28% 200 גר,גרמים,200.00,100 גרם,false,1,29.90,14.9500,true,1,186629
4751027950095,false,מבחר שוקולד אגוזים ח,VICHUNAY,LT,מבחר שוקולד אגוזים חלב ללא סוכר 132 גר,גרמים,132.00,100 גרם,false,1,24.90,18.8636,true,1,206338
4751027950194,false,שוקולד ללא סוכר 60%,PIEJURA,,שוקולד ללא סוכר 60% מריר 100 גרם,גרמים,100.00,100 גרם,false,1,10.90,10.9000,true,1,202746
4751027951122,false,שוקולד חלב ללא סוכר,,,שוקולד חלב ללא סוכר 60% מריר 26 גר,גרמים,26.00,100 גרם,false,1,3.90,15.0000,true,1,211805
4751029291134,false,שפרוטים מעושנים בשמן,סיא בוגה,,שפרוטים מעושנים בשמן 190 גר,גרמים,190.00,100 גרם,false,18,8.90,4.6842,true,1,199513
4751031690048,false,חתיכות סורימי 300 גר,,,חתיכות סורימי 300 גר,גרמים,300.00,100 גרם,false,1,16.90,5.6333,true,1,212772
4751032740315,false,מרק סוליאנקה עם מלפפ,DIMDINI,LV,מרק סוליאנקה עם מלפפון כבוש 500 מל,מיליליטרים,500.00,"100 מ""ל",false,6,9.90,1.9800,true,1,201956
4751032740346,false,מרק בורשט עם כרוב טר,DIMDINI,LV,מרק בורשט עם כרוב טרי 500 מל,מיליליטרים,500.00,"100 מ""ל",false,6,9.90,1.9800,true,1,201955
4751032740353,false,מרק רסולניק עם מלפפו,DIMDINI,LV,מרק רסולניק עם מלפפון כבוש 500 מל,מיליליטרים,500.00,"100 מ""ל",false,6,9.90,1.9800,true,1,201959
4751032740360,false,מרק אפונה 500 מל,DIMDINI,LV,מרק אפונה 500 מל,מיליליטרים,500.00,"100 מ""ל",false,6,9.90,1.9800,true,1,201957
4751033540235,false,שוקולד מריר 72% ללא,,,שוקולד מריר 72% ללא סוכר 100 גר,גרמים,100.00,100 גרם,false,20,9.90,9.9000,true,1,211374
4751033540396,false,שוקולד חלב 60% 100 ג,,,שוקולד חלב 60% 100 גר,גרמים,100.00,100 גרם,false,1,12.90,12.9000,true,1,198787
4751033540419,false,שוקולד חלב 70% 100 ג,,,שוקולד חלב 70% 100 גר,גרמים,100.00,100 גרם,false,1,12.90,12.9000,true,1,198788
4751033540426,false,שוקולד מריר 80% קולו,,,שוקולד חלב 80% קולומביה 100 גר,גרמים,100.00,100 גרם,false,1,12.90,12.9000,true,1,198789
4751033540433,false,שוקולד חלב 77% דומינ,,,שוקולד חלב 77% דומיניקאנה 100 גר,גרמים,100.00,100 גרם,false,1,12.90,12.9000,true,1,198790
4760013404054,false,עוגיות בטעם חלב מרוכ,,,עוגיות בטעם חלב מרוכז 390 גר,גרמים,390.00,100 גרם,false,1,6.90,1.7692,true,1,212746
4760062101805,false,תה שחור בוקט 50 גר,,,תה שחור בוקט 50 גר,גרמים,50.00,100 גרם,false,1,9.90,19.8000,true,1,195763
4760065708964,false,עגבניות אדומות קלופו,,,עגבניות אדומות קלופות חתוכות 660 גר,גרמים,660.00,100 גרם,false,12,12.90,1.9545,true,1,210339
4760068001710,false,ריבת תות שדה 400 גר,,,ריבת תות שדה 400 גר,גרמים,400.00,100 גרם,false,1,15.90,3.9750,true,1,206142
4760068002274,false,ריבת חבושים 400 גר,BIZIM TARLA,,ריבת חבושים 400 גר,גרמים,400.00,100 גרם,false,1,15.90,3.9750,true,1,206143
4760127702220,false,עוגת רולדה קרם שוקול,,,עוגת רולדה קרם שוקולד ואגוז בוניטה 150,גרמים,150.00,100 גרם,false,1,5.90,3.9333,true,1,212718
4760127704347,false,מיני עוגת רולדה בטעם,,,מיני עוגת רולדה בטעם שוקולד 500 גר,גרמים,500.00,100 גרם,false,1,19.90,3.9800,true,1,212724
4760129500985,false,ריבת קורנל 400 גר,,,ריבת קורנל 400 גר,גרמים,400.00,100 גרם,false,1,18.90,4.7250,true,1,210447
4770033223986,false,ברנדי גלוריה 700 מל,STUMBRAS,,"ברנדי ""גלוריה"" 0.7 ל",מיליליטרים,700.00,"100 מ""ל",false,1,69.90,9.9857,true,1,114110
4770033224167,false,וודקה ליטה פלפל דבש,STUMBRAS,,וודקה ליטה פלפל דבש,מיליליטרים,700.00,"100 מ""ל",false,1,54.90,7.8429,true,1,114114
4770075447845,false,בירה בהירה אקסטרא פח,סוויטוריס-אוטנוס אלט,,בירה בהירה אקסטרא פח 568 מל,מיליליטרים,568.00,"100 מ""ל",false,1,8.90,1.5669,true,1,205898
4770075448071,false,בירה קוניג סטאדטר 5%,,,"בירה קוניג סטאדטר 5% פח 500 מ""ל",מיליליטרים,500.00,"100 מ""ל",false,1,6.90,1.3800,true,1,184927
4770173822452,false,תערובת תיבול ארומט 5,,,תערובת תיבול ארומט 500 גר,גרמים,500.00,100 גרם,false,1,17.90,3.5800,true,1,211590
4770173822773,false,תערובת תיבול לכנפי ע,,,תערובת תיבול לכנפי עוף 210 גר,גרמים,210.00,100 גרם,false,1,17.90,8.5238,true,1,211595
4770179999004,false,בונ אסורטי פרגלה שוק,PERGALE,,בונ אסורטי פרגלה שוקולד מריר 343 גר,גרמים,343.00,100 גרם,false,1,32.90,9.5918,true,1,206253
4770190088763,false,כיסוני גיוזה עם שרימ,VICHUNAY,LT,כיסוני גיוזה עם שרימפס VICI,גרמים,400.00,100 גרם,false,6,37.90,9.4750,true,1,191668
4770190133210,false,מקלות סורימי עם בשר,,,מקלות סורימי עם בשר סרטן ים 200 גר,גרמים,200.00,100 גרם,false,14,16.90,8.4500,true,1,201840
4770190134781,false,בשר סורימי עם בשר סר,,,בשר סורימי עם בשר סרטן ים 120 גר,גרמים,120.00,100 גרם,false,20,10.90,9.0833,true,1,201839
4770190151832,false,נקניק סורימי 500 גר,,,נקניק סורימי 500 גר,גרמים,500.00,100 גרם,false,1,36.90,7.3800,true,1,212479
4770237049290,false,גלידת שמנת בטעם וניל בציפוי צימקאו על מקל פלומביר 58 גר' SVALIA,,,גלידה אסקימו פלומביר 58 גר,גרמים,58.00,100 גרם,false,1,5.90,10.1724,true,1,140252
4770237049443,false,גלידת שמנת בטעם קרמל- קרם ברולה פלומביר בגביע וופל אישי 70 גר' SVALIA,Svalya,,גלידת פלומביר קרם ברולה בכוס 70 גר,גרמים,70.00,100 גרם,false,1,5.90,8.4286,true,1,151241
4770237049450,false,גלידת שמנת בטעם וניל בגביע וופל אישי פלומביר 70 גר' SVALIA,Svalya,,גלידת פלומביר בכוס 70 גר,גרמים,70.00,100 גרם,false,1,5.90,8.4286,true,1,151239
4770237051804,false,חטיף גבינה וניל 45 ג,פנו ז'ויגזדס,,חטיף גבינה וניל 45 גר,גרמים,45.00,100 גרם,false,1,3.90,8.6667,true,1,148503
4770237051811,false,חטיף גבינה ריבת חלב,פנו ז'ויגזדס,,חטיף גבינה ריבת חלב 45 גר,גרמים,45.00,100 גרם,false,1,3.90,8.6667,true,1,148506
4770237051828,false,חטיף גבינה תות שדה 4,פנו ז'ויגזדס,,חטיף גבינה תות שדה 45 גר,גרמים,45.00,100 גרם,false,1,3.90,8.6667,true,1,148505
4770237051842,false,חטיף גבינה שוקולד 45,פנו ז'ויגזדס,,חטיף גבינה שוקולד 45 גר,גרמים,45.00,100 גרם,false,1,3.90,8.6667,true,1,148504
4770237052092,false,גלידת שמנת בטעם וניל בציפוי צימקאו בגביע וופל אישי 85 גר' SVALIA,,,גלידת סליבוצנויה גביע וופל 85 גר,גרמים,85.00,100 גרם,false,1,5.90,6.9412,true,1,151244
4770237054423,false,גלידת ס שרבט מנגו עם אפרסק בגביע וופל אישי 85 גר' SVALIA,,,גלידה שרבט עם מנגו ואפרסק בכוס 85 גר,גרמים,85.00,100 גרם,false,1,5.90,6.9412,true,1,171748
4770237055048,false,בסגנון שמנת 15% 350,,,בסגנון שמנת 15% 350 גר,גרמים,350.00,100 גרם,false,1,10.90,3.1143,true,1,187142
4770237055055,false,בסגנון שמנת 30% 200,,,בסגנון שמנת 30% 200 גר,גרמים,200.00,100 גרם,false,1,10.90,5.4500,true,1,187143
4770237055567,false,גלידת שמנת בטעם שוקולד עם אגוזי לוז מצופה צמקאו פלומביר 63 גר SVALIA,,,גלידת אסקימו שוקולד אגוזים 63 גר,גרמים,63.00,100 גרם,false,1,5.90,9.3651,true,1,186159
4770237055574,false,גלידת שמנת בטעם וניל בגביע וופל עם שקדים בציפוי צימקאו SVALYA גר 85,,,גלידת שמנת עם שקדים 85 גר,גרמים,85.00,100 גרם,false,1,5.90,6.9412,true,1,186160
4770237055598,false,גלידה פלומביר וניל ס,,,גלידה פלומביר וניל סבליה דלי 400,גרמים,400.00,100 גרם,false,1,25.90,6.4750,true,1,187533
4770265045264,false,דייסת שיבולת שועל 20,,,דייסת שיבולת שועל 200 גר,גרמים,200.00,100 גרם,false,1,7.90,3.9500,true,1,184537
4770265046452,false,גבינה מותכת סבליה 28,,,גבינה מותכת סבליה 28% 185 גר,גרמים,185.00,100 גרם,false,1,19.90,10.7568,true,1,193396
4770265046568,false,דייסת אורז עם משמש 2,,,דייסת אורז עם משמש 200 גר,גרמים,200.00,100 גרם,false,1,7.90,3.9500,true,1,184540
4770265046575,false,דייסת סולת עם תותי ב,,,דייסת סולת עם תותי בר 200 גר,גרמים,200.00,100 גרם,false,1,7.90,3.9500,true,1,184539
4770265213786,false,ריאזנקה סבליה 500 מל,,,"ריאזנקה סבליה 500 מ""ל",מיליליטרים,500.00,"100 מ""ל",false,1,10.90,2.1800,true,1,177920
4770265214752,false,יוגורט יווני סבליה 2,,,יוגורט יווני סבליה 200 גר,גרמים,200.00,100 גרם,false,1,9.90,4.9500,true,1,185430
4770265214769,false,יוגורט יווני סבליה ד,,,יוגורט יווני סבליה דבש 200 גר,גרמים,150.00,100 גרם,false,1,9.90,6.6000,true,1,185433
4770265214783,false,יוגורט יווני סבליה ד,,,יוגורט יווני סבליה דובדבן 150 גר,גרמים,150.00,100 גרם,false,1,9.90,6.6000,true,1,185432
4770265215018,false,יוגורט יווני סבליה א,,,יוגורט יווני סבליה אפרסק 150 גר,גרמים,150.00,100 גרם,false,1,9.90,6.6000,true,1,185434
4770265219535,false,תחליף גבינה מעושנת ג,,,תחליף גבינה אבלוגי מעושנת גורמן 150 גר,גרמים,150.00,100 גרם,false,1,11.90,7.9333,true,1,205226
4770266187161,false,וופל במילוי קרמל 440,,,וופל במילוי קרמל 440 גר,גרמים,440.00,100 גרם,false,1,24.90,5.6591,true,1,211810
4770275048309,false,גבינת קוטג סבליה עם,,,גבינת קוטג סבליה עם תבלינים 15% 130 גר,גרמים,130.00,100 גרם,false,1,11.90,9.1538,true,1,193393
4770275048316,false,גבינת קוטג סבליה עם,,,גבינת קוטג סבליה עם מלפפון שמיר 15% 130,גרמים,130.00,100 גרם,false,1,11.90,9.1538,true,1,193394
4770275048354,false,גבינה סבליה ברינזה 6,פנו ז'ויגזדס,,גבינה סבליה ברינזה 60% 400גר,גרמים,400.00,100 גרם,false,1,49.90,12.4750,true,1,148508
4770275049580,false,בסגנון טבורוג סבליה,,,בסגנון טבורוג סבליה 5% 370 גר,גרמים,370.00,100 גרם,false,1,18.90,5.1081,true,1,173038
4770275049597,false,בסגנון טבורוג סבליה,,,בסגנון טבורוג סבליה 5% 900 גר,גרמים,900.00,100 גרם,false,1,39.90,4.4333,true,1,173039
4770275049603,false,בסגנון טבורוג סבליה,,,בסגנון טבורוג סבליה 9% 370 גר,גרמים,370.00,100 גרם,false,1,18.90,5.1081,true,1,173037
4770275049696,false,קפיר סבליה 900 מל,,,"קפיר סבליה 900 מ""ל",מיליליטרים,900.00,"100 מ""ל",false,1,14.90,1.6556,true,1,177919
4770301235246,false,בירה חיטה מייסטר וול,,,בירה חיטה מייסטר וולפאס אנגלמן 500 מל,מיליליטרים,500.00,"100 מ""ל",false,1,6.90,1.3800,true,1,211071
4770337046427,false,גבינה מאסדם 24.7% פר,,,גבינה מאסדם 24.7% פרוסות 150 גר,גרמים,150.00,100 גרם,false,1,17.90,11.9333,true,1,208323
4770337046748,false,גבינה פרמזן 200 גר,,,גבינה פרמזן 200 גר,גרמים,200.00,100 גרם,false,1,23.90,11.9500,true,1,192459
4770337047431,false,תחליף גבינה סבליה 15,,,תחליף גבינה סבליה 150 גר,גרמים,150.00,100 גרם,false,1,11.90,7.9333,true,1,176226
4770337047448,false,תחליף גבינה דברו 150,,,תחליף גבינה דברו 150 גר,גרמים,150.00,100 גרם,false,1,11.90,7.9333,true,1,176227
4770337047455,false,תחליף גבינה רוסייסקי,,,תחליף גבינה רוסייסקי 150 גר,גרמים,150.00,100 גרם,false,1,11.90,7.9333,true,1,176228
4770337048377,false,גבינה אולד וילנוס 27,,,גבינה אולד וילנוס 27.5% פרוסות 150 גר,גרמים,150.00,100 גרם,false,1,17.90,11.9333,true,1,208324
4770337048797,false,גבינה אמנטל 27% פרוס,,,גבינה אמנטל 27% פרוסות 150 גר,גרמים,150.00,100 גרם,false,1,17.90,11.9333,true,1,208322
4770349221102,false,בירה בהירה אקסטרא 50,סוויטוריס-אוטנוס אלט,,בירה בהירה אקסטרא 500 מל,מיליליטרים,500.00,"100 מ""ל",false,1,9.90,1.9800,true,1,122350
4770349227203,false,בירה בלטס חפוויזן לא,,,"בירה בלטס חפוויזן לא מסונן 568 מ""ל",מיליליטרים,568.00,"100 מ""ל",false,1,8.90,1.5669,true,1,196977
4770471046659,false,גבינה גרנד 180 גר,,,גבינה גרנד 180 גר,גרמים,180.00,100 גרם,false,1,19.90,11.0556,true,1,146187
4770583214052,false,מיונז פרובנסל 880 גר,KEDANEYSKI KONSERVNY,,מיונז פרובנסל 900 גר,גרמים,880.00,100 גרם,false,1,19.90,2.2614,true,1,114245
4770583219194,false,כרוב עם חמוציות 900,KEDANEYSKI KONSERVNY,,"כרוב עם חמוציות 900 מ""ל",מיליליטרים,900.00,"100 מ""ל",false,8,17.90,1.9889,true,1,187110
4770583219231,false,רוטב עגבניות חרנובינ,KEDANEYSKI KONSERVNY,,רוטב עגבניות חרנובינה חריף עם חזרת 300 ג,גרמים,300.00,100 גרם,false,1,14.90,4.9667,true,1,179688
4770583221340,false,מיונז אמריקן 620 גר,,,מיונז אמריקן 620 גר,גרמים,620.00,100 גרם,false,1,23.90,3.8548,true,1,189824
4770583228219,false,ממרח סלמון בטעם לימו,,,ממרח סלמון בטעם לימון 280 גר,גרמים,280.00,100 גרם,false,1,17.90,6.3929,true,1,210241
4770583228226,false,ממרח סלמון בטעם מתוב,,,ממרח סלמון בטעם מתובל 280 גר,גרמים,280.00,100 גרם,false,1,17.90,6.3929,true,1,210242
4770583228240,false,ממרח סלמון בטעם גריל,,,ממרח סלמון בטעם גריל 280 גר,גרמים,280.00,100 גרם,false,1,17.90,6.3929,true,1,210244
4770608239138,false,אוכל לחתולים ויסקס פ,,,אוכל לחתולים ויסקס פאוצ ביף 100 גר,גרמים,100.00,100 גרם,false,24,4.90,4.9000,true,1,166004
4771033017070,false,בגט צרפתי אפוי למחצה,סיא בוגה,,בגט צרפתי אפוי למחצה עם חמאה ושום 175 גר,גרמים,175.00,100 גרם,false,1,10.90,6.2286,true,1,198708
4771050157636,false,מרגרינה וילנוס 400 ג,VILNIUS MARGARINE,,"מרגרינה ""וילנוס"" 400",גרמים,400.00,100 גרם,false,1,13.90,3.4750,true,1,114260
4771632086859,false,קפה טחון ארומה גולד,,,קפה טחון ארומה גולד בשקית 80 גר,גרמים,80.00,100 גרם,false,24,7.90,9.8750,true,1,179992
4779020987689,false,כבד שיבוט 240 גר,,,כבד שיבוט 240 גר,גרמים,240.00,100 גרם,false,1,19.90,8.2917,true,1,210648
4779027471143,false,חטיף גבינה לבנה בטעם,,,חטיף גבינה לבנה בטעם חלב מרוכז 43 גר,גרמים,43.00,100 גרם,false,,3.90,9.0698,true,1,211263
4779027471150,false,חטיף גבינה לבנה בטעם,,,חטיף גבינה לבנה בטעם פלומביר 43 גר,גרמים,43.00,100 גרם,false,,3.90,9.0698,true,1,211264
4779027471167,false,חטיף גבינה לבנה בטעם,,,חטיף גבינה לבנה בטעם קרם ברולה 43 גר,גרמים,43.00,100 גרם,false,,3.90,9.0698,true,1,211265
4779027471181,false,חטיף גבינה לבנה במיל,,,חטיף גבינה לבנה במילוי דובדבנים 43 גר,גרמים,43.00,100 גרם,false,,3.90,9.0698,true,1,211266
4779036871743,false,גלידת שמנת בטעם בננה,,,גלידת שמנת בטעם בננה בגביע 75 גר,גרמים,75.00,100 גרם,false,1,5.90,7.8667,true,1,210304
4779036940852,false,עוגיות שוקו גריבוצקי,קאן אגריטך פרייבט למ,,עוגיות שוקו גריבוצקי,Unknown,0.00,Unknown,false,1,5.90,0.0000,true,1,210526
4780030111308,false,עגבניות בחומץ 720 מל,,,עגבניות בחומץ 720 מל,מיליליטרים,720.00,"100 מ""ל",false,1,12.90,1.7917,true,1,212120
4780047500683,false,שום בחומץ 720 גר,,,שום בחומץ 720 גר,גרמים,720.00,100 גרם,false,1,19.90,2.7639,true,1,212129
4780064180080,false,צימוקים בהירים אוזבק,,,צימוקים בהירים אוזבקיים 150 גר,גרמים,150.00,100 גרם,false,1,11.90,7.9333,true,1,211437
4780100580065,false,עלי תה ירוק סיני מעי,יוטי פקטורי,,"תה מעיין ירוק 200 ג""",גרמים,200.00,100 גרם,false,1,15.90,7.9500,true,1,114286
4780112260016,false,מיקס פירות יבשים לקו,,,מיקס פירות יבשים לקומפוט 400 גר,גרמים,400.00,100 גרם,false,1,17.90,4.4750,true,1,212138
4791001052308,false,תה אדבין ארל גריי 10,,,תה אדבין ארל גריי 10,גרמים,150.00,100 גרם,false,1,21.90,14.6000,true,1,123395
4791001057266,false,תה אדבין ברקפסט 150,,,תה אדבין ברקפסט 10 י,גרמים,150.00,100 גרם,false,1,21.90,14.6000,true,1,114299
4791021001836,false,תה סגול 25 שק,IMPRA,,תה סגול 25 שק,Unknown,0.00,Unknown,false,1,6.90,0.0000,true,1,120915
4791021002574,false,תה ארל גריי 250 גר,IMPRA,,"תה ""ארל גריי"" 250 ג""",גרמים,250.00,100 גרם,false,1,35.90,14.3600,true,1,114307
4791021002789,false,תה ירוק אימפרה 100 ש,IMPERIAL TEA EXPORT,,תה ירוק אימפרה 100 ש,גרמים,200.00,100 גרם,false,1,22.90,11.4500,true,1,114309
4791021003397,false,תה אימפרה שחור פירות,IMPRA,,"תה ""מתנה"" שחור פירות",גרמים,160.00,100 גרם,false,1,29.90,18.6875,true,1,114310
4791021003588,false,תה שחור אימפרה 100 ש,IMPERIAL TEA EXPORT,LK,תה אימפרה צהוב 100 ש,גרמים,150.00,100 גרם,false,1,11.90,7.9333,true,1,114311
4791021004554,false,תה ירוק מנטה 25 שקיק,IMPERIAL TEA EXPORT,,"תה ירוק מנטה 30שק""",גרמים,50.00,100 גרם,false,1,11.90,23.8000,true,1,114317
4791021006930,false,תה ירוק אימפרה 250 ג,IMPRA,,תה ירוק אימפרה 250 ג,גרמים,250.00,100 גרם,false,1,11.90,4.7600,true,1,114324
4791021008248,false,תה ירוק 250 גר,IMPRA,,"תה ירוק 250 ג""ר",גרמים,250.00,100 גרם,false,1,35.90,14.3600,true,1,114325
4791021009047,false,תה חלומות פלא 100 שק,IMPRA,,תה חלומות פלא 100 שק,גרמים,200.00,100 גרם,false,1,22.90,11.4500,true,1,114327
4791021009054,false,תה אנגלי 100 שק,IMPRA,,"תה אנגלי 100 שק""",גרמים,200.00,100 גרם,false,1,22.90,11.4500,true,1,114328
4791021012504,false,תה אימפרה אדום 250 ג,IMPRA,,תה אימפרה אדום 250 ג,גרמים,250.00,100 גרם,false,1,17.90,7.1600,true,1,114330
4791021015000,false,תה אימפרה אדום 500 ג,IMPRA,,תה אימפרה אדום 500 ג,גרמים,500.00,100 גרם,false,1,34.90,6.9800,true,1,114331
4791021112501,false,תה קלאסיק פיל 250 גר,IMPRA,,"תה קלאסיק פיל 250 ג""",גרמים,250.00,100 גרם,false,1,17.90,7.1600,true,1,114333
4791021917595,false,תה ארל גריי 250 גר,IMPRA,,תה ארל גריי 250 גר,גרמים,250.00,100 גרם,false,1,15.90,6.3600,true,1,120919
4791021944720,false,תה ארל גריי ספיישל 1,IMPERIAL TEA EXPORT,,תה ארל גריי ספיישל 200 גר,גרמים,200.00,100 גרם,false,1,22.90,11.4500,true,1,185966
4791021947592,false,תה רויאל 100 שק * 15,IMPRA,,תה רויאל 100 שק * 15 גר,גרמים,150.00,100 גרם,false,18,14.90,9.9333,true,1,194520
4791045001539,false,תה הייליס אריסטוקרט,,,"תה ""הייליס אריסטוקרט",גרמים,250.00,100 גרם,false,1,19.90,7.9600,true,1,114345
4791045001560,false,תה הייליס ברקפסט 150,,,תה הייליס ברקפסט 150 גר,גרמים,150.00,100 גרם,false,1,22.90,15.2667,true,1,114346
4791045001867,false,תה שוטלנדסקי 100 שק,,,"תה שוטלנדסקי 100 שק""",גרמים,200.00,100 גרם,false,1,22.90,11.4500,true,1,114349
4791045001874,false,תה אריסטוקרט 100 שק,,,תה אריסטוקרט 100 שק,גרמים,200.00,100 גרם,false,1,22.90,11.4500,true,1,140313
4791045002154,false,תה שחור רויאל 100 גר,,,"תה שחור ""רויאל"" 100",גרמים,100.00,100 גרם,false,1,22.90,22.9000,true,1,114351
4791045002536,false,תה אנגלי 230 גר,,,"תה אנגלי 230 ג""ר",גרמים,230.00,100 גרם,false,1,24.90,10.8261,true,1,114353
4791045002611,false,תה הייליס אריסטוקרט,,,תה הייליס אריסטוקרט 300גר,גרמים,300.00,100 גרם,false,1,34.90,11.6333,true,1,150465
4800888219534,false,דאב - דאודורנט סטיק לאישה אנטי פרספירמט 50 גרם,יוניליוור פיליפינים,IL,דאודורנט דאב סטיק אוריגינל 50 גר,גרמים,50.00,100 גרם,false,1,15.90,31.8000,true,1,210220
4802431579003,false,לבש דק ארמני,,,לבש דק ארמני,Unknown,0.00,Unknown,false,1,16.90,0.0000,true,1,179395
4810014018658,false,קוואס סטארוזיטני 1.4,,,קוואס סטארוזיטני 1.4 ל,ליטרים,1.40,ליטר,false,1,15.90,11.3571,true,1,213057
4810025000031,false,יין נתזים חצי יבש 75,,,"שמפניה ""סובטסקויה"" ח",מיליליטרים,750.00,"100 מ""ל",false,1,27.90,3.7200,true,1,114414
4810025000048,false,יין נתזים חצי מתוק 7,,,"שמפניה ""סובטסקויה"" ח",מיליליטרים,750.00,"100 מ""ל",false,1,27.90,3.7200,true,1,114415
4810025000253,false,יין נתזים חצי יבש זה,,,"יין נתזים ""זולוטויה""",מיליליטרים,750.00,"100 מ""ל",false,1,27.90,3.7200,true,1,114418
4810025000260,false,יין נתזים חצי מתוק ז,,,"שמפניה ""זהב"" חצי מתו",מיליליטרים,750.00,"100 מ""ל",false,1,27.90,3.7200,true,1,114419
4810065006987,false,חלב מרוכז ממותק רוגצ,,,חלב מרוכז ממותק רוגצוב 380 גר,גרמים,380.00,100 גרם,false,1,17.90,4.7105,true,1,181805
4810065013121,false,חלב מרוכז ממותק 8.5%,,,חלב מרוכז ממותק 8.5% רוגצב 270 גר,גרמים,270.00,100 גרם,false,24,15.90,5.8889,true,1,206802
4810067007852,false,עוגיות ספרטק בצורת ח,SPARTAK,,עוגיות ספרטק בצורת חיות 450 גר,גרמים,450.00,100 גרם,false,1,14.90,3.3111,true,1,178735
4810073007235,false,חטיף גבינה טימושקה ע,,,חטיף גבינה טימושקה על וופל בלגי עם אוכמנ,גרמים,65.00,100 גרם,false,1,6.90,10.6154,true,1,188617
4810073007242,false,חטיף גבינה טימושקה ע,,,חטיף גבינה טימושקה על וופל בלגי בטעם וני,גרמים,65.00,100 גרם,false,1,6.90,10.6154,true,1,188613
4810073007259,false,חטיף גבינה טימושקה ע,,,חטיף גבינה טימושקה על וופל בלגי בטעם טרו,גרמים,65.00,100 גרם,false,1,6.90,10.6154,true,1,188614
4810073008423,false,חטיף גבינה בטעם שוקו,,,חטיף גבינה בטעם שוקולד עם ביסקוויט 65 גר,גרמים,65.00,100 גרם,false,1,6.90,10.6154,true,1,209025
4810165432136,false,לחם על בסיס מחמצת מא,ארדי שיווק וסיטונאות,,"לחם סטוליצ""ני",גרמים,500.00,100 גרם,false,1,9.90,1.9800,true,1,114441
4810165434321,false,לחם צרפתי/טעים/בריאו,ארדי שיווק וסיטונאות,,לחם צרפתי/טעים/בריאו,גרמים,650.00,100 גרם,false,1,12.90,1.9846,true,1,114442
4810168000011,false,פילה דג הרינג מלוח מצונן 250ג',,,פילה דג הרינג מלוח מצונן 250 גר,גרמים,250.00,100 גרם,false,1,13.90,5.5600,true,1,140406
4810168000066,false,פילה דג הרינג מלוח מצונן עם תבלין 250ג,SANTA BREMOR,,דג מטיאס מתובל 250 גר,גרמים,250.00,100 גרם,false,1,13.90,5.5600,true,1,143071
4810168000103,false,פילה דג הרינג מלוח מ,,,דג מטיאס מעושן 250 גר,גרמים,250.00,100 גרם,false,1,13.90,5.5600,true,1,143080
4810168000998,false,פילה דג הרינג מלוח מצונן עם בצל בצנצנת חתיכות 260ג',,,חתיכות פילה דג הרינג מלוח מצונן עם בצל,גרמים,260.00,100 גרם,false,1,17.90,6.8846,true,1,151084
4810168001056,false,פילה דג הרינג מלוח מצונן בצנצנת חתיכות 260ג',,,חתיכות פילה דג הרינג מלוח מצונן 260 גר,גרמים,260.00,100 גרם,false,1,17.90,6.8846,true,1,143082
4810168001933,false,מקלות סורימי בטעם סר,,,מקלות סורימי בטעם סרטן 200 גרם,גרמים,200.00,100 גרם,false,1,6.90,3.4500,true,1,204541
4810168001964,false,נתחי סורימי בטעם סרט,,,נתחי סורימי בטעם סרטן 200 גרם,גרמים,200.00,100 גרם,false,1,6.90,3.4500,true,1,204542
4810168004132,false,ביצי דג טרוטונית אטל,,,ביצי דג טרוטונית אטלנטי מומלח מצונן 180,גרמים,180.00,100 גרם,false,1,15.90,8.8333,true,1,143074
4810168004149,false,ביצי דג טרוטונית אטל,,,ביצי דג טרוטונית אטלנטי מעושן מצונן 180,גרמים,180.00,100 גרם,false,1,15.90,8.8333,true,1,143075
4810168004156,false,ביצי דג טרוטונית אטל,,,ביצי דג טרוטונית אטלנטי עם סלמון מעושן,גרמים,180.00,100 גרם,false,1,15.90,8.8333,true,1,143076
4810168011017,false,סורימי בטעם סרטן 150,,,סורימי בטעם סרטן 150 גר,גרמים,150.00,100 גרם,false,1,9.90,6.6000,true,1,213147
4810168016104,false,ביצי דג טרוטונית אטל,,,ביצי דג טרוטונית אטלנטי עם הסילונים 180,גרמים,180.00,100 גרם,false,1,15.90,8.8333,true,1,143078
4810168018795,false,חתיכות פילה דג הרינג מלוח מצונן 200ג',SANTA BREMOR,,חתיכות פילה דג הרינג מלוח מצונן 200 גר,גרמים,200.00,100 גרם,false,1,13.90,6.9500,true,1,143081
4810168019051,false,חתיכות פילה דג הרינג מלוח מצונן עם תבלין 200ג',SANTA BREMOR,,חתיכות פילה דג הרינג מלוח מצונן עם תבלי,גרמים,200.00,100 גרם,false,1,13.90,6.9500,true,1,190540
4810168020330,false,אצות ים מוחמצות עם פ,,,אצות ים מוחמצות עם פטריות 150 גר,גרמים,150.00,100 גרם,false,1,6.90,4.6000,true,1,140426
4810168020361,false,אצות ים מוחמצות עם ח,,,אצות ים מוחמצות עם חצילים 150 גר,גרמים,150.00,100 גרם,false,1,6.90,4.6000,true,1,140427
4810168020392,false,אצות ים מוחמצות עם ג,,,אצות ים מוחמצות עם גזר 150 גר,גרמים,150.00,100 גרם,false,1,6.90,4.6000,true,1,140428
4810168023478,false,סלט אצות ים צוקה 150,,,סלט אצות ים צוקה 150 גר,גרמים,150.00,100 גרם,false,1,14.90,9.9333,true,1,213146
4810168024260,false,ביצי דג שיבוט מומלח,,,ביצי דג שיבוט מומלח מצונן 130 גר,גרמים,130.00,100 גרם,false,1,15.90,12.2308,true,1,147225
4810168024512,false,פילה דג הרינג מלוח מצונן עם תבלין בצנצנת חתיכות 260ג,,,חתיכות פילה דג הרינג מלוח מצונן עם תבלין,גרמים,260.00,100 גרם,false,1,17.90,6.8846,true,1,143083
4810168025793,false,ביצי דג זהבנון מומלח,,,ביצי דג זהבנון מומלח מצונן 130 גר,גרמים,130.00,100 גרם,false,1,15.90,12.2308,true,1,147224
4810168031794,false,ביצי דג הרינג אטלנטי,,,ביצי דג הרינג אטלנטי מומלח מצונן 110 גר,גרמים,110.00,100 גרם,false,1,15.90,14.4545,true,1,151109
4810168038250,false,גלידה אסקימו יוקי חל,,,"גלידה אסקימו ""יוקי"" חלב ציפורים 65 גר",גרמים,65.00,100 גרם,false,1,5.90,9.0769,true,1,168340
4810168038977,false,"גלידת שמנת בטעם וניל בגביע וופל אישי פלומביר ""75 ""YUKKIג'",,,גלידה פלומביר יוקי בכוס 75 גר,גרמים,75.00,100 גרם,false,1,5.90,7.8667,true,1,179283
4810168038984,false,גלידת שמנת משובחת בטעם וניל וופל בין השכבות 80 גר YUKKI,,,"גלידת פלומביר ""יוקי"" בריקט 80 גר",גרמים,80.00,100 גרם,false,1,5.90,7.3750,true,1,168342
4810168038991,false,גלידה שוקולד פלומביר,,,"גלידת פלומביר ""יוקי"" שוקולד בגביע 75 גר",גרמים,75.00,100 גרם,false,1,5.90,7.8667,true,1,168339
4810168039004,false,גלידה פלומביר משפחתי,,,"גלידת פלומביר ""יוקי"" משפחתית 400 גר",גרמים,400.00,100 גרם,false,1,23.90,5.9750,true,1,168343
4810168045098,false,גלידה קרם ברולה פלומ,santa bremor,,גלידה קרם ברולה פלומביר בכוס יוקי 70 גר,גרמים,70.00,100 גרם,false,52,5.90,8.4286,true,1,186615
4810168045432,false,גלידת שמנת בטעם וניל עם מילוי קרם טראפל בציפוי צימקאו 65 גר YUKKI,santa bremor,,גלידת אסקימו יוקי טרופל 65 גר,גרמים,65.00,100 גרם,false,1,5.90,9.0769,true,1,185495
4810168045555,false,פילה דג סלמון מלוח פ,,,פילה דג סלמון מלוח פרוס קפוא 100 גר,גרמים,100.00,100 גרם,false,1,22.90,22.9000,true,1,193731
4810168045579,false,פילה דג פורל מלוח פר,,,פילה דג פורל מלוח פרוס קפוא 100 גר,גרמים,100.00,100 גרם,false,1,22.90,22.9000,true,1,193733
4810168045593,false,פילה דג סלמון מלוח ק,,,פילה דג סלמון מלוח קפוא 200 גר,גרמים,200.00,100 גרם,false,1,42.90,21.4500,true,1,193735
4810168045616,false,פילה דג פורל מלוח קפ,,,פילה דג פורל מלוח קפוא 200 גר,גרמים,200.00,100 גרם,false,1,42.90,21.4500,true,1,193737
4810168047368,false,בצק שמרים עלים מרודד,,,בצק שמרים עלים מרודד מוקפא 450 גר,גרמים,450.00,100 גרם,false,1,8.90,1.9778,true,1,204250
4810168049966,false,בלינצס במילוי דובדבן,,,בלינצס במילוי דובדבן מוקפא 360 גר,גרמים,360.00,100 גרם,false,1,12.90,3.5833,true,1,204244
4810168051396,false,בצק שמרים מרודד מוקפ,,,בצק שמרים מרודד מוקפא 450 גר,גרמים,450.00,100 גרם,false,1,6.90,1.5333,true,1,204248
4810168051570,false,בלינצס במילוי תפוע ו,,,"בלינצס במילוי תפו""ע וקינמון 360 גר",גרמים,360.00,100 גרם,false,1,12.90,3.5833,true,1,204246
4810168052270,false,עלי בלינצ'ס מוקפאים 320 גר,,,עלי בלינצס מוקפאים 320 גר,גרמים,320.00,100 גרם,false,1,9.90,3.0938,true,1,204247
4810168053031,false,גלידה פלומביר יוקי ב,,,גלידה פלומביר יוקי בריקט שוקולד 80 גר,גרמים,80.00,100 גרם,false,1,5.90,7.3750,true,1,199454
4810168055028,false,כיסונים במילוי דובדב,,,כיסונים במילוי דובדבנים מוקפא 450 גר,גרמים,450.00,100 גרם,false,1,18.90,4.2000,true,1,204236
4810168055035,false,כיסונים במילוי טבורו,,,כיסונים במילוי טבורוג וצימוקים 450 גר,גרמים,450.00,100 גרם,false,1,15.90,3.5333,true,1,204276
4810168055059,false,כיסונים במילוי גבינת,,,כיסונים במילוי גבינת ריקוטה ותרד 450 גר,גרמים,450.00,100 גרם,false,1,18.90,4.2000,true,1,204234
4810168055080,false,כיסונים במילוי כרוב,,,כיסונים במילוי כרוב ופטריות 450 גר,גרמים,450.00,100 גרם,false,1,12.90,2.8667,true,1,204242
4810168055165,false,לביבות גבינת טבורוג,,,לביבות גבינת טבורוג מוקפא 450 גר,גרמים,450.00,100 גרם,false,1,18.90,4.2000,true,1,204233
4810168055349,false,ביצי דג שיבוט עם חתי,,,ביצי דג שיבוט עם קריל 90 גר,גרמים,90.00,100 גרם,false,1,10.90,12.1111,true,1,214591
4810168055875,false,חתיכות פילה הרינג מת,,,חתיכות פילה הרינג מתובל מלוח בשמן 1.2 קג,קילוגרמים,1.20,"ק""ג",false,1,39.90,33.2500,true,1,205454
4810168055882,false,חתיכות פילה דג הרינג,,,חתיכות פילה דג הרינג מומלח בשמן 1.2 קג,קילוגרמים,1.20,"ק""ג",false,1,39.90,33.2500,true,1,205453
4810168055899,false,פילה דג הרינג מומלח,,,פילה דג הרינג מומלח בשמן מצונן 1.2 קג,קילוגרמים,1.20,"ק""ג",false,1,39.90,33.2500,true,1,205451
4810168055905,false,פילה דג הרינג סקנדינ,,,פילה דג הרינג סקנדינבי מומלח בשמן 1.2 קג,קילוגרמים,1.20,"ק""ג",false,1,39.90,33.2500,true,1,205452
4810168056964,false,בלינצס במילוי ממרח ק,,,בלינצס במילוי ממרח קקאו אגוזי לוז 360 גר,גרמים,360.00,100 גרם,false,6,12.90,3.5833,true,1,206956
4810168057435,false,חתיכות פילה דג הרינג מלוח בשמן מצונן 400 גר,,,חתיכות פילה דג הרינג מלוח בשמן 400 גר,גרמים,400.00,100 גרם,false,1,26.90,6.7250,true,1,206847
4810168057510,false,חתיכות פילה דג הרינג מתובל מלוח בשמן 400 גר,,,חתיכות פילה דג הרינג מלוח בשמן 400 גר,גרמים,400.00,100 גרם,false,1,26.90,6.7250,true,1,207941
4810168058548,false,חתיכות פילה דג הרינג,,,חתיכות פילה דג הרינג מלוח בשמן 1.2 קג,קילוגרמים,1.20,"ק""ג",false,1,39.90,33.2500,true,1,207940
4810168058975,false,חתיכות פילה דג הרינג סקנדינבי מלוח מצונן 260 גר,,,חתיכות פילה הרינג סקנדינבי מצונן 260 גר,גרמים,260.00,100 גרם,false,1,17.90,6.8846,true,1,211614
4810168058982,false,חתיכות פילה דג הרינג סקנדינבי מלוח בשמן 400 גר,,,חתיכות פילה הרינג סקנדינבי בשמן 400 גר,גרמים,400.00,100 גרם,false,1,26.90,6.7250,true,1,211613
4810168058999,false,פילה דג הרינג סקנדינבי מלוח מצונן 250ג',,,פילה דג הרינג סקנדינבי מלוח מצונן 250 גר,גרמים,250.00,100 גרם,false,10,13.90,5.5600,true,1,210351
4810168062125,false,כיסונים פרווה במילוי,,,כיסונים במילוי אוכמניות כחולות 450 גר,גרמים,450.00,100 גרם,false,1,18.90,4.2000,true,1,213923
4810168062132,false,כיסונים במילוי גבינת,,,כיסונים במילוי גבינת טבורוג מוקפא 450 גר,גרמים,450.00,100 גרם,false,1,15.90,3.5333,true,1,213926
4810168062170,false,כיסונים פרווה במילוי,,,כיסונים במילוי תפוא ובצל 450 גר,גרמים,450.00,100 גרם,false,1,12.90,2.8667,true,1,213929
4810168062200,false,בלינצס במילוי דובדבן,,,בלינצס במילוי דובדבן מוקפא 360 גר,גרמים,360.00,100 גרם,false,1,12.90,3.5833,true,1,213932
4810168062217,false,בלינצס במילוי תפוע ו,,,בלינצס במילוי תפוע וקינמון 360 גר,גרמים,360.00,100 גרם,false,1,12.90,3.5833,true,1,213934
4810168062224,false,בלינצס במילוי ממרח ק,,,בלינצס במילוי ממרח קקאו אגוזי לוז 360 גר,גרמים,360.00,100 גרם,false,6,12.90,3.5833,true,1,213935
4810285004008,false,קוואס לידסקיי לחם 1.,לידסקויה פיבו,,קוואס לידסקיי לחם 1.5 ל,ליטרים,1.50,ליטר,false,1,13.90,9.2667,true,1,170952
4810285006743,false,קוואס לידסקיי כהה 1.,לידסקויה פיבו,,קוואס לידסקיי כהה 1.5 ל,ליטרים,1.50,ליטר,false,1,13.90,9.2667,true,1,170953
4810319000105,false,לחם,,,לחם,Unknown,0.00,Unknown,false,1,9.90,0.0000,true,1,114462
4810319000259,false,לחם צימוקים 530 גר,ארדי שיווק וסיטונאות,,לחם צימוקים 530 גר,גרמים,530.00,100 גרם,false,1,12.90,2.4340,true,1,114463
4810350000027,false,לחם מאסטר 700 גר,ארדי שיווק וסיטונאות,,לחם מאסטר 500 גר,גרמים,700.00,100 גרם,false,1,13.90,1.9857,true,1,114464
4810410024420,false,שוקולד מריר מילוי בט,קמונרקה,BY,שוקולד מריר מילוי בטעם חלב מרוכז 200 גר,גרמים,200.00,100 גרם,false,17,14.90,7.4500,true,1,199604
4810410028954,false,שוקולד מריר ממולא קר,קמונרקה,BY,שוקולד מריר ממולא קרם בטעם טרופל 200 גר,גרמים,200.00,100 גרם,false,1,16.90,8.4500,true,1,206871
4810410052294,false,שוקולד מריר מילוי בט,קמונרקה,BY,שוקולד מריר מילוי בטעם דובדבן 200 גר,גרמים,200.00,100 גרם,false,17,16.90,8.4500,true,1,199603
4810410055752,false,ממתק מוקצף פטיציה מו,,,ממתק מוקצף פטיציה מולוקו 200 גר,גרמים,200.00,100 גרם,false,,19.90,9.9500,true,1,211125
4810410064891,false,שוקולד חלב מילוי בטע,קמונרקה,BY,שוקולד חלב מילוי בטעם טראפלס 200 גר,גרמים,200.00,100 גרם,false,17,16.90,8.4500,true,1,210275
4810410075293,false,שוקולד מריר קומונרקה,קמונרקה,BY,שוקולד מריר קומונרקה מילוי חמוציות 200 ג,גרמים,200.00,100 גרם,false,17,16.90,8.4500,true,1,200620
4810410075309,false,שוקולד מריר קומונרקה,קמונרקה,BY,שוקולד מריר קומונרקה מילוי משמש 200 גר,גרמים,200.00,100 גרם,false,17,16.90,8.4500,true,1,200619
4810410075316,false,שוקולד מריר קומונרקה,קמונרקה,BY,שוקולד מריר קומונרקה מילוי דומדומיות שחו,גרמים,200.00,100 גרם,false,17,16.90,8.4500,true,1,200621
4810987106765,false,פרופיטרול עם קרם פטי,,,פרופיטרול עם קרם פטיסייר 240 גר,גרמים,240.00,100 גרם,false,12,14.90,6.2083,true,1,189008
4811168011038,false,וודקה בולבש 700 מל,,,וודקה בולבש 700 מל,מיליליטרים,700.00,"100 מ""ל",false,1,54.90,7.8429,true,1,197446
4815387003577,false,תה פארטי גריט אריזת,MALBI CHOCOLATE,,תה פארטי גריט אריזת שי 155 גר,גרמים,155.00,100 גרם,false,1,29.90,19.2903,true,1,212574
4820000190954,false,בירה אובולון בהירה 5,OBOLON,,"בירה ""אובולון"" בהירה",מיליליטרים,500.00,"100 מ""ל",false,1,7.90,1.5800,true,1,114511
4820000190961,false,בירה אובולון פחית צה,OBOLON,,בירה אובולון צהוב בפ,מיליליטרים,500.00,"100 מ""ל",false,1,7.90,1.5800,true,1,114512
4820000190985,false,"בירה OBOLON לאגר פחית 500 מ""ל",OBOLON,,בירה אובולון ירוק בפ,מיליליטרים,500.00,"100 מ""ל",false,1,7.90,1.5800,true,1,114513
4820000195850,false,בירה זיגוליובסקויה 1,OBOLON,,בירה זיגוליובסקויה 1 לי,מיליליטרים,1000.00,"100 מ""ל",false,1,11.90,1.1900,true,1,144381
4820000455909,false,קוואס טאראס 1.5 ל,,,קוואס טאראס 1.5 ל,ליטרים,1.50,ליטר,false,1,19.90,13.2667,true,1,171338
4820000456401,false,בירה רוברט דומס בק 5,קלסברג אוקראינה,,"בירה רוברט דומס בק 500 מ""ל",מיליליטרים,500.00,"100 מ""ל",false,1,9.90,1.9800,true,1,170533
4820002300764,false,עוגיות ללא סוכר 200,לקורנה,,עוגיות ללא סוכר 200,גרמים,200.00,100 גרם,false,1,5.90,2.9500,true,1,114699
4820002302034,false,קרקר פסיאנס 400 גר,חרקוב בסקוויט,,"קרקר ""פסיאנס"" 400",גרמים,400.00,100 גרם,false,1,12.90,3.2250,true,1,114702
4820002302058,false,קרקר עדין 400 גר,חרקוב בסקוויט,,"קרקר עדין 400 ג""ר",גרמים,400.00,100 גרם,false,1,12.90,3.2250,true,1,114703
4820002303727,false,וופל לימונציק על בסי,חרקוב בסקוויט,,"וופלים לימונצ""יק עם",גרמים,130.00,100 גרם,false,1,6.90,5.3077,true,1,114708
4820002304014,false,ביסקויט פטל עם שמנת,חרקוב בסקוויט,,ביסקויט פטל עם שמנת,גרמים,330.00,100 גרם,false,1,17.90,5.4242,true,1,114711
4820002305462,false,ביסקוויט על פרוקטוז,חרקוב בסקוויט,,ביסקוויט דיאט עם פרו,גרמים,400.00,100 גרם,false,1,12.90,3.2250,true,1,114715
4820002309538,false,עוגת וופל קפריזוליה,KHARKIV BISCUIT,,עוגת וופל קפריזוליה פרוקטוזה 210 גר,גרמים,210.00,100 גרם,false,1,12.90,6.1429,true,1,175403
4820002710426,false,בירה אובלון לבנה בקב,אובלון,,"בירה ""אובולון"" לבנה",מיליליטרים,1000.00,"100 מ""ל",false,1,11.90,1.1900,true,1,114728
4820002710860,false,בירה אובלון פשניצינו,OBOLON,,"בירה ""אובלון פשניצינויה"" 1 ל",ליטרים,1.00,ליטר,false,1,11.90,11.9000,true,1,120747
4820003148358,false,רוטב מיונז בסגנון אד,,,רוטב מיונז בסגנון אדגיקה 180 גר,גרמים,180.00,100 גרם,false,1,8.90,4.9444,true,1,212549
4820003149560,false,מיונז 72% אירופיאן ס,,,מיונז 72% אירופיאן סטייל 295 גר,גרמים,295.00,100 גרם,false,1,11.90,4.0339,true,1,212546
4820003149584,false,מיונז 67% פרובנסל 29,,,מיונז 67% פרובנסל 295 גר,גרמים,295.00,100 גרם,false,1,9.90,3.3559,true,1,212548
4820003352076,false,יין מבעבע ארטימובסקו,ARTWINER,,יין מבעבע ארטימובסקויה מוסקט חצי יבש,מיליליטרים,750.00,"100 מ""ל",false,1,39.90,5.3200,true,1,173694
4820003353622,false,יין מבעבע ארטיומובסק,ARTWINER,,יין מבעבע ארטיומובסקויה לבן חצי מתוק 750,מיליליטרים,750.00,"100 מ""ל",false,1,39.90,5.3200,true,1,187111
4820003689189,false,נקטר ויטמארק עגבניות,,,"נקטר ""ויטמארק"" עגבניות 1.93 ל",ליטרים,1.93,ליטר,false,1,24.90,12.9016,true,1,147413
4820003689325,false,נקטר מולטיפרוט נאש ס,נאש סוק,,נקטר מולטיפרוט 1.93 ל,ליטרים,1.93,ליטר,false,6,24.90,12.9016,true,1,177625
4820003689387,false,נקטר נאש סוק בטעם דו,ויטמרק,,נקטר נאש סוק בטעם דובדבן 1.93 ל,ליטרים,1.93,ליטר,false,1,24.90,12.9016,true,1,147409
4820003689400,false,נקטר תות שדה תפוע נא,ויטמרק,,"נקטר ""ויטמארק"" תות תפו""ע 1.93 ל",ליטרים,1.93,ליטר,false,1,24.90,12.9016,true,1,147414
4820004923589,false,יין מבעבע מרנגו חצי,,,"יין מבעבע מרנגו חצי יבש 750 מ""ל",מיליליטרים,750.00,"100 מ""ל",false,1,24.90,3.3200,true,1,194240
4820004924814,false,יין מבעבע מרנגו אקסט,,,"יין מבעבע מרנגו אקסטרא ברוט יבש 750 מ""ל",מיליליטרים,750.00,"100 מ""ל",false,1,24.90,3.3200,true,1,194241
4820005443871,false,שעועית עם ירקות 460,,,שעועית עם ירקות 460 גר,גרמים,460.00,100 גרם,false,1,8.90,1.9348,true,1,205091
4820009940512,false,בירה וייסבורג לאגר 5,אומנפיבו,UA,בירה וייסבורג לאגר 500 מל,מיליליטרים,500.00,"100 מ""ל",false,12,7.90,1.5800,true,1,191646
4820011186106,false,סוכ עם ויטמין C בטעם,,,סוכ עם ויטמין C בטעם תפוז בתוספת סוכר,גרמים,25.00,100 גרם,false,1,3.90,15.6000,true,1,190471
4820011186113,false,סוכ עם ויטמין C בטעם,,,סוכ עם ויטמין C בטעם תות בתוספת סוכר 25,גרמים,25.00,100 גרם,false,1,3.90,15.6000,true,1,190472
4820011186120,false,סוכ עם ויטמין C בתוס,,,סוכ עם ויטמין C בתוספת סוכר 25 גר,גרמים,25.00,100 גרם,false,1,3.90,15.6000,true,1,190473
4820012596300,false,אסקימו לב בטעם פיסטו,,,אסקימו לב בטעם פיסטוק 85 גר,גרמים,85.00,100 גרם,false,22,5.90,6.9412,true,1,197641
4820012598373,false,פלומביר אליסקה 80 גר,laska,,פלומביר אליסקה 80גר,גרמים,80.00,100 גרם,false,1,5.90,7.3750,true,1,150334
4820012599356,false,גלידה כוס וליקן קקאו,,,גלידה כוס וליקן קקאו 70 גר,גרמים,70.00,100 גרם,false,18,5.90,8.4286,true,1,195296
4820012790210,false,פטריות מיובשות חתוכו,,,פטריות מיובשות חתוכות לבנות 15 גר,גרמים,15.00,100 גרם,false,1,16.90,112.6667,true,1,150381
4820015165206,false,גלידת שמנת משובחת בטעם וניל בגביע וופל אישי פלומביר מס' 1 70 גר',ז'יטומרסקי זאבוד,,גלידת פלומביר בכוס ו,Unknown,0.00,Unknown,false,30,5.90,0.0000,true,1,114936
4820024797511,false,ממרח קישואים גוספודר,,,ממרח קישואים גוספודרוצקה,גרמים,475.00,100 גרם,false,1,10.90,2.2947,true,1,176928
4820024798761,false,עגבניות לא מקולפות ב,אודסה קונדיטר,UA,עגבניות לא מקולפות במיץ עגבניות 875 גר,גרמים,875.00,100 גרם,false,1,15.90,1.8171,true,1,174120
4820026670430,false,בונבוניירות סולנצני,חרקוב בסקוויט,,"בונבוניירות ""סולנצ""נ",גרמים,500.00,100 גרם,false,1,24.90,4.9800,true,1,115095
4820029431083,false,משקה כהלי מוגז בטעם,OBOLON,,"משקה כהלי מוגז בטעם גין טוניק 330 מ""ל",מיליליטרים,330.00,"100 מ""ל",false,1,10.90,3.3030,true,1,182776
4820029431106,false,משקה כהלי מוגז בטעם,OBOLON,,"משקה כהלי מוגז בטעם רום עם קולה 330 מ""ל",מיליליטרים,330.00,"100 מ""ל",false,1,10.90,3.3030,true,1,182775
4820029431175,false,משקה כהלי מוגז בטעם,OBOLON,,"משקה כהלי מוגז בטעם וודקה ליים 330 מ""ל",מיליליטרים,330.00,"100 מ""ל",false,1,10.90,3.3030,true,1,190876
4820029960361,false,קונפיטורה פירות יער,,,קונפיטורה פירות יער 1200 גר,גרמים,1200.00,100 גרם,false,1,32.90,2.7417,true,1,199838
4820029960439,false,קונפיטורה דומדמניות,טסומאן,,קונפיטורה דומדמניות 1200 גר,גרמים,1200.00,100 גרם,false,1,39.90,3.3250,true,1,213339
4820029960897,false,קונפיטורה דומדמניות,,,קונפיטורה דומדמניות אדומות 1200 גר,גרמים,1200.00,100 גרם,false,1,32.90,2.7417,true,1,199837
4820029961313,false,קונפיטורה פטל 1200 ג,טסומאן,,קונפיטורה פטל 1200 גר,גרמים,1200.00,100 גרם,false,1,39.90,3.3250,true,1,213337
4820030561380,false,ממרח קישואים קיץ 500,אוריקה,,ממרח קישואים קיץ 200 גר,גרמים,500.00,100 גרם,false,1,11.90,2.3800,true,1,174563
4820030561410,false,שעועית ברוטב עגבניות,אוריקה,,שעועית ברוטב עגבניות 540 גר,גרמים,540.00,100 גרם,false,1,12.90,2.3889,true,1,171958
4820030561526,false,שימורי אפונה ירוקה 5,אוריקה,,שימורי אפונה ירוקה 500 גר,גרמים,500.00,100 גרם,false,12,12.90,2.5800,true,1,173133
4820030561557,false,שעועית לבנה 540 גר,אוריקה,,שעועית לבנה 540 גר,גרמים,540.00,100 גרם,false,1,12.90,2.3889,true,1,171957
4820030561632,false,מיץ עגבניות 3 ל,אוריקה,,מיץ עגבניות 3 ליטר,ליטרים,3.00,ליטר,false,1,37.90,12.6333,true,1,173131
4820039710710,false,קונפיטורה פוסולסקי ד,,,"קונפיטורה פוסולסקי דבור פטל 1.25 ק""ג",קילוגרמים,1.25,"ק""ג",false,1,39.90,31.9200,true,1,180917
4820043010394,false,שמן חמניות אוקראיני,אגרוספרום,,"שמן חמניות אוקראיני 500 מ""ל",מיליליטרים,500.00,"100 מ""ל",false,1,34.90,6.9800,true,1,115304
4820043010585,false,שמן פשתן 350 מל,אגרוספרום,,"שמן פשתן 350 מ""ל",מיליליטרים,350.00,"100 מ""ל",false,1,34.90,9.9714,true,1,115308
4820043010745,false,שמן מגדילן מצוי 350,אגרוספרום,,"שמן מגדילן מצוי 350 מ""ל",מיליליטרים,350.00,"100 מ""ל",false,1,69.90,19.9714,true,1,115309
4820043091850,false,עגבניות מוחמצות פיקנ,Gora ukraine llc,,עגבניות מוחמצות פיקנטי 1.85ל,קילוגרמים,1.85,"ק""ג",false,1,18.90,10.2162,true,1,149734
4820046962652,true,בירה בהירה בוצקובויה,,,בירה בהירה בוצקובויה 4.3% 500 מל לא מסונ,מיליליטרים,500.00,"100 מ""ל",false,20,11.90,2.3800,true,1,185589
4820046962829,true,בירה כהה בוצקובויה 4,,,בירה כהה בוצקובויה 4.3% 500 מל לא מסונ,מיליליטרים,500.00,"100 מ""ל",false,20,11.90,2.3800,true,1,200203
4820056380354,false,עולש ציקורי פלוס 100,ורחובינקה,UA,עולש ציקורי פלוס 100 גר,גרמים,100.00,100 גרם,false,24,7.90,7.9000,true,1,187384
4820061980174,false,ביצקי מטוגנים ברוטב,מפעל ניקולייבסקי,,ביצקי מטוגנים ברוטב עגבניות 250 גר,גרמים,250.00,100 גרם,false,1,7.90,3.1600,true,1,204471
4820061980433,false,ביצקי עם ירקות ברוטב,,,ביצקי עם ירקות ברוטב עגבניות 250 גר,גרמים,250.00,100 גרם,false,1,7.90,3.1600,true,1,209701
4820065706329,false,פילה סלמון אטלנטי מע,,,פילה סלמון אטלנטי מעושן קפוא 500 גר,גרמים,500.00,100 גרם,false,1,79.90,15.9800,true,1,182164
4820077081124,false,שמן חמניות גארנה לא,,,"שמן חמניות גארנה לא מזוכך 850 מ""ל",מיליליטרים,850.00,"100 מ""ל",false,1,12.90,1.5176,true,1,177528
4820077081148,false,שמן חמניות גארנה מזו,,,"שמן חמניות גארנה מזוכך 850 מ""ל",מיליליטרים,850.00,"100 מ""ל",false,1,12.90,1.5176,true,1,177527
4820077081773,false,שמן חמניות דיקנקה מז,,,שמן חמניות דיקנקה מזוכך 1 ל,ליטרים,1.00,ליטר,false,1,14.90,14.9000,true,1,190476
4820077081780,false,שמן חמניות דיקנקה לא,,,שמן חמניות דיקנקה לא מזוכך 1 ל,ליטרים,1.00,ליטר,false,1,14.90,14.9000,true,1,190477
4820077083449,false,שמן חמניות לא מזוכך,,,שמן חמניות לא מזוכך 1 ל,ליטרים,1.00,ליטר,false,1,20.90,20.9000,true,1,212113
4820080720584,false,וודקה חלבני דר קלאסיק,NATIONAL ALCOHOL COM,,"וודקה חלבני דאר קלאסיק 700 מ""ל",מיליליטרים,700.00,"100 מ""ל",false,1,54.90,7.8429,true,1,115530
4820080720768,false,וודקה חלבניי דאר חיט,NATIONAL ALCOHOL COM,,"וודקה ""חלבניי דאר"" פ",מיליליטרים,700.00,"100 מ""ל",false,1,54.90,7.8429,true,1,115531
4820080721536,false,וודקה חלבני דאר שיפו,NATIONAL ALCOHOL COM,,"וודקה "" חלבני דאר"" ז",מיליליטרים,700.00,"100 מ""ל",false,1,54.90,7.8429,true,1,115534
4820103341543,false,חלב מרוכז מבושל 370,,,חלב מרוכז מבושל 370 גר,גרמים,370.00,100 גרם,false,1,11.90,3.2162,true,1,192097
4820103341574,false,חלב מרוכז 370 גר,,,"חלב מרוכז 400 גר""",גרמים,370.00,100 גרם,false,1,10.90,2.9459,true,1,143740
4820139474307,false,שכר דובדבן זלטוגור 5,,,שכר דובדבן זלטוגור 500מל,מיליליטרים,500.00,"100 מ""ל",false,1,19.90,3.9800,true,1,150482
4820139474321,false,שכר פירות יער זלטוגו,,,שכר פירות יער זלטוגור 500מל,מיליליטרים,500.00,"100 מ""ל",false,1,19.90,3.9800,true,1,150484
4820145960238,false,דג קילקה 240 גר,סופוי,,דג קילקה 240 גר,גרמים,240.00,100 גרם,false,24,5.90,2.4583,true,1,174812
4820154722162,false,גלידה לנינגרד 70 גר,ז'יטומרסקי זאבוד,,גלידה לנינגרד 70גר,גרמים,70.00,100 גרם,false,1,5.90,8.4286,true,1,122616
4820154722445,false,גלידה אסקימוס וניל 7,ז'יטומרסקי זאבוד,,גלידה אסקימוס וניל 750גר,גרמים,750.00,100 גרם,false,1,29.90,3.9867,true,1,145941
4820154722469,false,גלידה אסקימוס כוס ונ,ז'יטומרסקי זאבוד,,גלידה אסקימוס כוס וניל 85גר,גרמים,85.00,100 גרם,false,1,5.90,6.9412,true,1,145938
4820154722803,false,גלידה אסקימוס שוקולד,ז'יטומרסקי זאבוד,,גלידה אסקימוס שוקולד 750גר,גרמים,750.00,100 גרם,false,1,29.90,3.9867,true,1,145942
4820154723428,true,גלידה אמפרזה תות שדה,ז'יטומרסקי זאבוד,,גלידה אמפרזה תות שדה 100 גר,גרמים,100.00,100 גרם,false,1,7.90,7.9000,true,1,166572
4820154723442,true,גלידה אמפרזה טריפל ש,ז'יטומרסקי זאבוד,,גלידה אמפרזה טריפל שוקולד 100 גר,גרמים,100.00,100 גרם,false,1,7.90,7.9000,true,1,166571
4820154727938,false,גלידה חלבית עם מלון וליים 85 גר,ז'יטומרסקי זאבוד,,גלידה אסקימו מלון ליים 85גר,גרמים,85.00,100 גרם,false,1,5.90,6.9412,true,1,179146
4820156631042,false,עוגיות גרונה זוו 250,GRONA,,עוגיות גרונה זוו 160 גר,גרמים,250.00,100 גרם,false,1,8.90,3.5600,true,1,171029
4820156631059,false,עוגיות גרונה מריה 31,GRONA,,עוגיות גרונה מריה 310 גר,גרמים,310.00,100 גרם,false,1,10.90,3.5161,true,1,171023
4820156633473,false,מאפה בצק עלים פלמנקו,GRONA,,מאפה בצק עלים פלמנקו 320 גר,גרמים,320.00,100 גרם,false,1,12.90,4.0313,true,1,184189
4820160780392,false,פירושקי עם כרוב 450,סיא בוגה,,פירושקי עם כרוב 450 גר,גרמים,450.00,100 גרם,false,1,9.90,2.2000,true,1,183415
4820165641384,false,סושקה מליוטקה וניל פ,סלובוז'נסקי ברד בייק,,סושקה מליוטקה וניל פלורה 300 גר,גרמים,300.00,100 גרם,false,1,6.90,2.3000,true,1,167384
4820165641391,false,סושקה בטעם וניל פלור,סלובוז'נסקי ברד בייק,,סושקה בטעם וניל פלורה 300 גר,גרמים,300.00,100 גרם,false,1,6.90,2.3000,true,1,167378
4820165641421,false,סולומקה חרומטיק מתוק,סלובוז'נסקי ברד בייק,,סולומקה חרומטיק מתוקה 250 גר,גרמים,250.00,100 גרם,false,1,6.90,2.7600,true,1,167376
4820171991664,false,קרפלך עם תפוא 900 גר,לאסקה,,"קרפלך עם תפו""א 900 גר",גרמים,900.00,100 גרם,false,1,26.90,2.9889,true,1,167666
4820171991701,false,קרפלך במילוי דובדבן,,,קרפלך במילוי דובדבן 900 גר,גרמים,900.00,100 גרם,false,1,39.90,4.4333,true,1,190592
4820171991770,false,קרפלך עם גבינה מתוקה,לאסקה,,קרפלך עם גבינה מתוקה 900 גר,גרמים,900.00,100 גרם,false,1,31.90,3.5444,true,1,167668
4820171993279,false,קרפלך עם תפוא ופטריו,לאסקה,,"קרפלך עם תפו""א ופטריות 900 גר",גרמים,900.00,100 גרם,false,1,26.90,2.9889,true,1,169591
4820171993293,false,קרפלך עם גבינה מלוחה,לאסקה,,קרפלך עם גבינה מלוחה 900 גר,גרמים,900.00,100 גרם,false,1,31.90,3.5444,true,1,169625
4820171997833,false,קרפלך תפוא ושמיר 900,,,"קרפלך תפו""א ושמיר 900 גר",גרמים,900.00,100 גרם,false,1,26.90,2.9889,true,1,190591
4820176062956,false,יין מבעבע קרים לבן ח,,,יין מבעבע קרים לבן מתוק 750 מל,מיליליטרים,750.00,"100 מ""ל",false,1,49.90,6.6533,true,1,201482
4820176202659,false,עוגיות שיבולת שועל ק,,,עוגיות שיבולת שועל קלאסי 400 גר,גרמים,400.00,100 גרם,false,1,9.90,2.4750,true,1,211571
4820176202727,false,עוגיות שיבולת שועל 4,,,עוגיות שיבולת שועל 400 גר,גרמים,400.00,100 גרם,false,,11.90,2.9750,true,1,212565
4820179251593,false,אטריות רולטון להכנה,MAREVEN FOOD,,אטריות רולטון להכנה מהירה בקר בכוס 75 גר,גרמים,75.00,100 גרם,false,1,6.90,9.2000,true,1,182769
4820179251616,false,אטריות רולטון להכנה,MAREVEN FOOD,,אטריות רולטון להכנה מהירה עוף בכוס 75 גר,גרמים,75.00,100 גרם,false,1,6.90,9.2000,true,1,182768
4820179254013,false,פירה רולטון בטעם שמנ,,,פירה רולטון בטעם שמנת בכוס 40 גר,גרמים,40.00,100 גרם,false,1,5.90,14.7500,true,1,194866
4820179254693,false,פירה רולטון להכנה מה,MAREVEN FOOD,,פירה רולטון להכנה מהירה בטעם שינקן גבינה,גרמים,55.00,100 גרם,false,1,8.90,16.1818,true,1,203853
4820179254716,false,פירה רולטון להכנה מה,MAREVEN FOOD,,פירה רולטון להכנה מהירה בטעם עוף בכוס,גרמים,55.00,100 גרם,false,1,8.90,16.1818,true,1,203852
4820179255003,false,אטריות רולטון להכנה,MAREVEN FOOD,,אטריות רולטון להכנה מהירה גבינה וירק 75,גרמים,75.00,100 גרם,false,1,6.90,9.2000,true,1,203850
4820180250042,false,צמות סולוגוני מעושן,,,צמות סולוגוני מעושן 100 גר,גרמים,100.00,100 גרם,false,1,18.90,18.9000,true,1,180222
4820180251018,false,צמות סולוגוני מעושן,,,צמות סולוגוני מעושן 100 גר,גרמים,100.00,100 גרם,false,1,18.90,18.9000,true,1,190778
4820182740053,false,ציפס בטעם סרטן 70 גר,קלוס צ'פסוב,,ציפס בטעם סרטן 70 גר,גרמים,70.00,100 גרם,false,1,8.90,12.7143,true,1,169474
4820182740077,false,ציפס בטעם גבינה 70 ג,קלוס צ'פסוב,,ציפס בטעם גבינה 70 גר,גרמים,70.00,100 גרם,false,1,8.90,12.7143,true,1,169475
4820182740084,false,ציפס בטעם בייקון 70,קלוס צ'פסוב,,ציפס בטעם בייקון 70 גר,גרמים,70.00,100 גרם,false,1,8.90,12.7143,true,1,169473
4820182742903,false,קרוטונים פלינט בטעם,Snacks,,קרוטונים פלינט בטעם סרטן 35 גר,גרמים,35.00,100 גרם,false,1,2.90,8.2857,true,1,192661
4820182742972,false,קרוטונים פלינט בטעם,Snacks,,קרוטונים פלינט בטעם קוויאר 35 גר,גרמים,35.00,100 גרם,false,1,2.90,8.2857,true,1,192662
4820182742989,false,קרוטונים פלינט בטעם,Snacks,,קרוטונים פלינט בטעם גבינה 35 גר,גרמים,35.00,100 גרם,false,1,2.90,8.2857,true,1,197816
4820182746918,false,קרוטונים פלינט בטעם,MALBI CHOCOLATE,,קרוטונים פלינט בטעם עגל עם אדזיקה 70 גר,גרמים,70.00,100 גרם,false,1,3.90,5.5714,true,1,212223
4820185230179,false,גלידה לקומקה עם קקאו,laska,,גלידה לקומקה עם קקאו 100גר,גרמים,100.00,100 גרם,false,1,5.90,5.9000,true,1,150327
4820185230186,false,גלידה לקומקה 100 גר,laska,,גלידה לקומקה 100גר,גרמים,100.00,100 גרם,false,1,5.90,5.9000,true,1,150328
4820185230384,false,פלומביר בלורוסי 90 ג,laska,,פלומביר בלורוסי 90גר,גרמים,90.00,100 גרם,false,1,5.90,6.5556,true,1,169349
4820185230643,false,פלומביר סובייטי 60 ג,,,פלומביר סובייטי 60 גר,גרמים,60.00,100 גרם,false,1,5.90,9.8333,true,1,166548
4820185230742,false,גלידה ואלס וינאי 70,,,גלידה ואלס וינאי 70 גר,גרמים,70.00,100 גרם,false,1,5.90,8.4286,true,1,166544
4820185235013,false,גלידה אסקימו וניל במ,,,גלידה אסקימו וניל במילוי תות שדה 80 גר,גרמים,80.00,100 גרם,false,1,5.90,7.3750,true,1,190913
4820185236256,false,גלידה בריקט מקסימוס,,,גלידה בריקט מקסימוס שוקולד 90 גר,גרמים,90.00,100 גרם,false,1,5.90,6.5556,true,1,211076
4820189290117,false,ברנדי אזנאורי 5 שנים,,,ברנדי אזנאורי 5 שנים 500 מל,מיליליטרים,500.00,"100 מ""ל",false,1,54.90,10.9800,true,1,201915
4820189290216,false,יין אזנאורי אדום חצי,,,"יין אזנאורי אדום חצי מתוק 750 מ""ל",מיליליטרים,750.00,"100 מ""ל",false,12,32.90,4.3867,true,1,194972
4820189290223,false,יין אזנאורי לבן חצי,,,"יין אזנאורי לבן חצי מתוק 750 מ""ל",מיליליטרים,750.00,"100 מ""ל",false,12,32.90,4.3867,true,1,194973
4820189290629,false,יין מבעבע אזנאורי לב,,,יין מבעבע אזנאור לבן ברוט 750 מל,מיליליטרים,750.00,"100 מ""ל",false,6,32.90,4.3867,true,1,200716
4820189290865,false,יין מבעבע אזנאורי רו,,,יין מבעבע אזנאור רוזה חצי מתוק 750 מל,מיליליטרים,750.00,"100 מ""ל",false,6,32.90,4.3867,true,1,200717
4820193030303,false,בירה זיברט בהירה פח,Obolon,,"בירה זיברט בהירה פח 500 מ""ל",מיליליטרים,500.00,"100 מ""ל",false,1,7.90,1.5800,true,1,172714
4820193031706,false,בירה אובולון חזקה בה,OBOLON,,בירה אובולון חזקה בהירה פחית 500 מל,מיליליטרים,500.00,"100 מ""ל",false,1,8.90,1.7800,true,1,201924
4820193551945,false,גלידה בריקט וניל לאס,,,גלידה בריקט וניל לאסונקה 90 גר,גרמים,90.00,100 גרם,false,27,5.90,6.5556,true,1,195294
4820193551990,false,גלידה כוס וליקן משמש,,,גלידה כוס וליקן משמש דובדבן 70 גר,גרמים,70.00,100 גרם,false,18,5.90,8.4286,true,1,195295
4820195090909,false,ממתקי שוקולד ממולאים,,,ממתקי שוקולד ממולאים סטרלה 200 גר,גרמים,200.00,100 גרם,false,1,21.90,10.9500,true,1,198069
4820195093214,false,ממתק וופל עם פרוקטוז,ז'יטומיר,,ממתק וופל עם פרוקטוזה מצופה שוקולד לנה,גרמים,372.00,100 גרם,false,1,17.90,4.8118,true,1,191349
4820198871277,false,תה שחור עלי כותרת פר,MALBI CHOCOLATE,,תה שחור עלי כותרת פרחים ופירות יער 80 גר,גרמים,80.00,100 גרם,false,1,14.90,18.6250,true,1,203858
4820198874605,false,תערובת תה עלים בטעם,MALBI CHOCOLATE,,תערובת תה עלים בטעם ענבים עלי כותרת פרחי,גרמים,30.00,100 גרם,false,1,9.90,33.0000,true,1,197861
4820198874643,false,תערובת תה פירות ופרח,MALBI CHOCOLATE,,תערובת תה פירות ופרחים בטעם פירות יער,גרמים,30.00,100 גרם,false,1,9.90,33.0000,true,1,197863
4820198876418,false,תה שחור בניחוח וניל,,,תה שחור בניחוח וניל וברגמיט 30 גר,גרמים,30.00,100 גרם,false,1,9.90,33.0000,true,1,203856
4820199870019,false,סושקה וניל 300 גר,BKK,,סושקה וניל 300 גר,גרמים,300.00,100 גרם,false,1,6.90,2.3000,true,1,179029
4820199870026,false,סושקה מלוטקה 300 גר,BKK,,סושקה מלוטקה 300 גר,גרמים,300.00,100 גרם,false,1,6.90,2.3000,true,1,179030
4820199870606,false,עוגיות אובסני קלאסי,BKK,,עוגיות אובסני קלאסי 300 גר,גרמים,300.00,100 גרם,false,1,8.90,2.9667,true,1,179034
4820199870781,false,דובשנית מולוצניה 380,BKK,,דובשנית מולוצניה 380 גר,גרמים,380.00,100 גרם,false,1,11.90,3.1316,true,1,179023
4820224231501,false,פילה פורל ים מעושן פ,,,פילה פורל ים מעושן פרוס 200 גר,גרמים,200.00,100 גרם,false,20,39.90,19.9500,true,1,195306
4820229031311,false,"וודקה חורטיצה 700 מ""ל פלטינום",Global Gourmet Produ,UA,"וודקה חורטיצה פלטינום 700 מ""ל",מיליליטרים,700.00,"100 מ""ל",false,1,59.90,8.5571,true,1,199850
4820229033520,false,וודקה פרבק פלפל ודבש,,,וודקה פרבק פלפל ודבש 700 מל,מיליליטרים,700.00,"100 מ""ל",false,12,59.90,8.5571,true,1,196894
4820237030061,false,ממתק במבוק בטעם חלב,,,ממתק במבוק בטעם חלב מרוכז 270 גר,גרמים,270.00,100 גרם,false,1,9.90,3.6667,true,1,211690
4823006801251,false,עגבניות במיץ עגבניות,NEZHIN,,עגבניות במיץ עגבניות,גרמים,920.00,100 גרם,false,1,21.90,2.3804,true,1,115740
4823006801435,false,לצו 450 גר,NEZHIN,,"לצ""ו 450 גר""",גרמים,450.00,100 גרם,false,1,17.90,3.9778,true,1,115742
4823006801862,false,איקרה קישואים 450 גר,NEZHIN,,איקרה קישואים 450 גר,גרמים,450.00,100 גרם,false,1,17.90,3.9778,true,1,115744
4823006802050,false,אסורטי נזין 920 גר,NEZHIN,,"אסורטי ""נז""ין"" 920 ג",גרמים,920.00,100 גרם,false,1,21.90,2.3804,true,1,115747
4823006802128,false,מלפפונים בחומץ 920 ג,NEZHIN,,מלפפונים בחומץ 920 ג,גרמים,920.00,100 גרם,false,1,21.90,2.3804,true,1,115749
4823006802135,false,איקרה חצילים 450 גר,NEZHIN,,"איקרה חצילים 450 גר""",גרמים,450.00,100 גרם,false,1,17.90,3.9778,true,1,115750
4823006802395,false,חצילים נזין 450 גר,NEZHIN,,חצילים נזין 450גר,גרמים,450.00,100 גרם,false,1,17.90,3.9778,true,1,115752
4823006802401,false,אדגיקה 450 גר,NEZHIN,,"אדג""יקה 450 גר""",גרמים,450.00,100 גרם,false,1,17.90,3.9778,true,1,115753
4823063113038,false,מיץ סנדורה ירקות מעו,סנדורה,,"מיץ סנדורה ירקות מעוקר 950 מ""ל",מיליליטרים,950.00,"100 מ""ל",false,1,15.90,1.6737,true,1,184122
4823063114530,false,מיץ עגבניות סנדורה פ,,,מיץ עגבניות סנדורה פיקנטי 950 מל,מיליליטרים,950.00,"100 מ""ל",false,1,15.90,1.6737,true,1,204866
4823077602863,false,סוכריות טופי בטעם חל,רושן,UA,סוכ רושן גלי קרייזי פצולקה 200 גר,גרמים,200.00,100 גרם,false,1,6.90,3.4500,true,1,203938
4823077604171,false,סוכ קארא קום 1 קג,,,סוכ קארא קום 1 קג,קילוגרמים,1.00,"ק""ג",false,1,54.90,54.9000,true,1,172516
4823077604416,false,סוכ קראסני מאק 1 קג,,,סוכ קראסני מאק 1 קג,קילוגרמים,1.00,"ק""ג",false,1,54.90,54.9000,true,1,172515
4823077608513,false,סוכריות טופי חלב Korivka,רושן Roshen,,סוכ קורובקה 205 גר,גרמים,205.00,100 גרם,false,1,6.90,3.3659,true,1,174030
4823077608933,false,סוכריות שוקולד לצ'נה,,,סוכ לצינה,Unknown,0.00,Unknown,false,1,54.90,0.0000,true,1,172517
4823077611308,false,עוגת רושן נפוליאון 1,,,"עוגת רושן נפוליאון 1 ק""ג",קילוגרמים,1.00,"ק""ג",false,1,65.90,65.9000,true,1,180096
4823077613630,false,חטיף שוקולד חלב במילוי קרם ברולה,רושן Roshen,,בטונציק שוקולד רושן קרם ברולה 43 גר,גרמים,43.00,100 גרם,false,1,3.90,9.0698,true,1,171745
4823077614675,false,ביסקוויט לקפה רושן18,קייב קרמנציק,,ביסקוויט חלב 185 גר,גרמים,185.00,100 גרם,false,1,3.90,2.1081,true,1,172486
4823077614699,false,ביסקוויט לקפה רושן ב,קייב קרמנציק,,ביסקוויט וניל 185 גר,גרמים,185.00,100 גרם,false,1,3.90,2.1081,true,1,172485
4823077614767,false,שוקולד רושן חלב נוגט,רושן,,שוקולד חלב נוגט רושן בטעם אגוזי לוז 90 ג,גרמים,90.00,100 גרם,false,1,4.90,5.4444,true,1,204844
4823077614804,false,שוקולד חלב בטעם אוכמניות,רושן Roshen,,שוקולד חלב נוגט בטעם אוכמניות כחולות 90,גרמים,90.00,100 גרם,false,1,4.90,5.4444,true,1,174028
4823077615757,false,בונ סטרלה 200 גר,רושן,,בונ סטרלה 200 גר,גרמים,200.00,100 גרם,false,1,24.90,12.4500,true,1,172474
4823077616013,false,בונ וצרני קייב 176 ג,רושן,,בונ וצרני קייב 176 גר,גרמים,176.00,100 גרם,false,1,25.90,14.7159,true,1,174895
4823077617041,false,חטיף שוקולד חלב במילוי קרמל,רושן Roshen,,בטונציק שוקולד רושן קרמל 43 גר,גרמים,43.00,100 גרם,false,1,3.90,9.0698,true,1,172460
4823077617829,false,עוגת רושן קייבסקי 45,,,עוגת רושן קייבסקי 450 גר,גרמים,450.00,100 גרם,false,1,59.90,13.3111,true,1,180095
4823077617836,false,עוגת רושן קייבסקי 85,,,עוגת רושן קייבסקי 850 גר,גרמים,850.00,100 גרם,false,1,95.90,11.2824,true,1,180097
4823077618161,false,וופל רול קונאפטו חלב,רושן,,וופל רול קונאפטו חלב 140 גר,גרמים,156.00,100 גרם,false,1,6.90,4.4231,true,1,197960
4823077618901,false,בונבוניירה שוטרס רום,רושן,,בונ שוטרס רום ליקר 150 גר,גרמים,150.00,100 גרם,false,1,12.90,8.6000,true,1,179298
4823077618918,false,בונ שוטרס ברנדי ליקר,רושן,,בונ שוטרס ברנדי ליקר 150 גר,גרמים,150.00,100 גרם,false,1,12.90,8.6000,true,1,179299
4823077620102,false,עוגת רושן גריליאז 45,,,עוגת רושן גריליאז 450 גר,גרמים,450.00,100 גרם,false,1,49.90,11.0889,true,1,180092
4823077620737,false,בונ וצרני קייב 352 ג,,,בונ בצרני קייב 352 גר,גרמים,352.00,100 גרם,false,1,39.90,11.3352,true,1,181318
4823077621154,false,בטונציק שוקולד רושן,רושן,,בטונציק שוקולד רושן ממולא 43 גר,גרמים,43.00,100 גרם,false,1,3.90,9.0698,true,1,183048
4823077621635,false,וופל רושן בטעם חלב 7,Unknown,,וופל רושן בטעם חלב 72 גר,גרמים,72.00,100 גרם,false,1,3.90,5.4167,true,1,205770
4823077621642,false,וופל רושן בטעם שוקול,Unknown,,וופל רושן בטעם שוקולד 72 גר,גרמים,72.00,100 גרם,false,1,3.90,5.4167,true,1,205771
4823077621659,false,וופל רושן בטעם אגוז,Unknown,,וופל רושן בטעם אגוז 72 גר,גרמים,72.00,100 גרם,false,1,3.90,5.4167,true,1,205772
4823077622359,false,אסורטי שוקולאטריה 25,,,אסורטי שוקולאטריה 256 גר,גרמים,256.00,100 גרם,false,8,34.90,13.6328,true,1,187523
4823077623714,false,סוכריות טופי בטעם חל,רושן,,סוכ כוס חלב 150 גר,גרמים,150.00,100 גרם,false,12,6.90,4.6000,true,1,188157
4823077624223,false,סוכריות ג'לי בטעמי פירות Summer Mix,רושן Roshen,,גלי בוני פרוט סאמר מיקס 200 גר,גרמים,200.00,100 גרם,false,1,6.90,3.4500,true,1,188162
4823077624247,false,סוכריות ג'לי מסוכרות בטעמי פירות,רושן Roshen,,גלי בוני פרוט ציטרוס מיקס 200 גר,גרמים,200.00,100 גרם,false,1,6.90,3.4500,true,1,188160
4823077624261,false,גלי בוני פרוט ברי מי,,,גלי בוני פרוט ברי מיקס 200 גר,גרמים,200.00,100 גרם,false,1,6.90,3.4500,true,1,188161
4823077624285,false,בונ אסורטי שוקולאטרי,,,בונ אסורטי שוקולאטריה 194 גר,גרמים,194.00,100 גרם,false,8,22.90,11.8041,true,1,187417
4823077624391,false,רושן סוכריות טופי מי,רושן,,סוכ טופי מינקי בינקי 185 גר,גרמים,185.00,100 גרם,false,1,6.90,3.7297,true,1,204546
4823077625145,false,ממתקי שוקולד מריר עם דובדבן בליקר דובדבן,רושן Roshen,,בונ דובדבן+ליקר דובדבן 155 גר,גרמים,155.00,100 גרם,false,1,12.90,8.3226,true,1,190648
4823077625589,false,וופל רושן בטעם חלב 2,,,וופל רושן חלב 216 גר,גרמים,216.00,100 גרם,false,1,6.90,3.1944,true,1,191388
4823077625602,false,וופל רושן בטעם שוקול,,,וופל רושן שוקולד 216 גר,גרמים,216.00,100 גרם,false,1,6.90,3.1944,true,1,191389
4823077625626,false,וופל רושן בטעם אגוז,,,וופל רושן אגוז 216 גר,גרמים,216.00,100 גרם,false,1,6.90,3.1944,true,1,191390
4823077625879,false,בונבוניירה קומפלימנט,קייב קרמנציק,,בונבוניירה קומפלימנט 145 גר,גרמים,145.00,100 גרם,false,8,18.90,13.0345,true,1,194337
4823077626203,false,שוקולד רושן אוורירי,רושן Roshen,,שוקולד אוורירי מריר 80 גר,גרמים,80.00,100 גרם,false,20,6.90,8.6250,true,1,192239
4823077626227,false,שוקולד רושן אוורירי,רושן Roshen,,שוקולד אורירי חלב 80 גר,גרמים,80.00,100 גרם,false,20,6.90,8.6250,true,1,192238
4823077626241,false,שוקולד אורירי לבן קרמל,רושן Roshen,,שוקולד אוורירי לבן קרמל 80 גר,גרמים,80.00,100 גרם,false,20,6.90,8.6250,true,1,192237
4823077626364,false,שוקולד רושן אוורירי,רושן Roshen,,שוקולד אוורירי לבן 80 גר,גרמים,80.00,100 גרם,false,20,6.90,8.6250,true,1,192236
4823077629136,false,שוקולד חלב לקמי רושן,,,שוקולד חלב לקמי רושן 90 גר,גרמים,90.00,100 גרם,false,1,6.90,7.6667,true,1,211602
4823077630057,false,חמאה רושן 200 גרם 82,,,חמאה רושן 82.5% 200 גר,גרמים,200.00,100 גרם,false,24,10.90,5.4500,true,1,199998
4823077631023,false,עוגת רושן טרופל 520,,,עוגת רושן טרופל 520 גר,גרמים,520.00,100 גרם,false,1,49.90,9.5962,true,1,213351
4823077631467,false,קרקר עם מלח ים רושן,רושן,,קרקר עם מלח ים רושן 168 גר,גרמים,168.00,100 גרם,false,1,4.90,2.9167,true,1,203940
4823077631474,false,קרקר קלאסי רושן 168,רושן,,קרקר קלאסי רושן 168 גר,גרמים,168.00,100 גרם,false,1,4.90,2.9167,true,1,203939
4823077631856,false,וופל רול קונאפטו קוק,רושן,,וופל רול קונאפטו קוקוס 140 גר,גרמים,140.00,100 גרם,false,15,6.90,4.9286,true,1,201937
4823077631863,false,וופל רול קונאפטו וני,רושן,,וופל רול קונאפטו וניל 140 גר,גרמים,140.00,100 גרם,false,15,6.90,4.9286,true,1,201936
4823077632112,false,וופל רושן בטעם קקאו,,,וופל רושן בטעם קקאו חלב 216 גר,גרמים,216.00,100 גרם,false,1,6.90,3.1944,true,1,203934
4823077632259,false,חטיף שוקולד חלב ובוטנים,רושן Roshen,,בטונציק קרם בוטנים רושן 38 גר,גרמים,38.00,100 גרם,false,30,3.90,10.2632,true,1,202475
4823077632570,false,שוקולד רושן מריר 85,רושן,,שוקולד מריר ברוט 80 גר,גרמים,85.00,100 גרם,false,20,6.90,8.1176,true,1,204545
4823077632587,false,שוקולד רושן חלב עם ש,רושן,,שוקולד רושן חלב שקד שלם 90 גר,גרמים,90.00,100 גרם,false,1,7.90,8.7778,true,1,204544
4823077632594,false,שוקולד רושן חלב אגוז,רושן,,שוקולד רושן חלב אגוז שלם 90 גר,גרמים,90.00,100 גרם,false,1,7.90,8.7778,true,1,204543
4823077633034,false,"גליליות רושן ""קונאפט",רושן,,גליליות וופל רושן קונאפטו קקאו 140 גר,גרמים,140.00,100 גרם,false,15,6.90,4.9286,true,1,202654
4823077633058,false,"גליליות רושן ""קונאפט",רושן,,גליליות וופל רושן קונאפטו אגוז 140 גר,גרמים,140.00,100 גרם,false,15,6.90,4.9286,true,1,202653
4823077633317,false,עוגיות לוויטה שוקולד,,,עוגיות שוקולד עם חתיכות שוקולד 150 גר,גרמים,150.00,100 גרם,false,16,6.90,4.6000,true,1,203930
4823077633324,false,עוגיות שוקוציפס לווי,,,עוגיות שוקוציפס חתיכות שוקולד 150 גר,גרמים,150.00,100 גרם,false,16,6.90,4.6000,true,1,203929
4823077633331,false,עוגיות רושן לוויטהבט,,,עוגיות רושן בטעם תפוז 150 גר,גרמים,150.00,100 גרם,false,16,6.90,4.6000,true,1,203928
4823077633348,false,עוגיות רושן לוויטה ע,,,עוגיות רושן לוויטה עם חתיכות בוטנים 150,גרמים,150.00,100 גרם,false,16,6.90,4.6000,true,1,203810
4823077633515,false,רושן חטיף וופל במילו,,,חטיף וופל במילוי קרם חלבי רושן 34 גר,גרמים,34.00,100 גרם,false,1,3.90,11.4706,true,1,211606
4823077634116,false,סוכריות רושן קורובקה,,,סוכ קורובקה 1 קג,קילוגרמים,1.00,"ק""ג",false,7,24.90,24.9000,true,1,204113
4823077634178,false,עוגיות רושן לוויטה ב,,,עוגיות במילוי תפוח קינמון 168 גר,גרמים,168.00,100 גרם,false,1,6.90,4.1071,true,1,206168
4823077634192,false,עוגיות במילוי דובדבן,,,עוגיות במילוי דובדבן וניל 168 גר,גרמים,168.00,100 גרם,false,1,6.90,4.1071,true,1,206170
4823077634222,false,עוגיות Lovita ממולאות ג'לי תפוז מצופות צימקאו,רושן Roshen,,עוגיות תפוז 135 גר,גרמים,135.00,100 גרם,false,1,6.90,5.1111,true,1,206173
4823077634246,false,עוגיות Lovita ממולאות ג'לי פטל מצופות צימקאו,רושן Roshen,,עוגיות פטל 135 גר,גרמים,135.00,100 גרם,false,1,6.90,5.1111,true,1,206171
4823077634277,false,עוגיות Lovita ממולאות ג'לי תות שדה מצופות צימקאו,רושן Roshen,,עוגיות תות שדה 135 גר,גרמים,135.00,100 גרם,false,1,6.90,5.1111,true,1,206172
4823077634369,false,שוקולד רושן חלב אוור,,,שוקולד חלב ופצפוצי אורז לקמי רושן 85 גר,גרמים,85.00,100 גרם,false,1,6.90,8.1176,true,1,211603
4823077634376,false,שוקולד רושן חלב אוור,,,שוקולד חלב וקרם אגוזים לקמי רושן 85 גר,גרמים,85.00,100 גרם,false,1,6.90,8.1176,true,1,211604
4823077634741,false,עוגיות רושן לוויטה ב,,,עוגיות במילוי תות שדה 168 גר,גרמים,168.00,100 גרם,false,1,6.90,4.1071,true,1,206178
4823077635489,false,חטיף וופל רושן קרם ק,,,חטיף וופל רושן קרם קקאו 350 גר,גרמים,350.00,100 גרם,false,1,16.90,4.8286,true,1,208283
4823077635533,false,חטיף וופל רושן קרם ח,,,חטיף וופל רושן קרם חלב 350 גר,גרמים,350.00,100 גרם,false,1,16.90,4.8286,true,1,208282
4823077636004,false,עוגיות Lovita ממולאות ג'לי דובדבן מצופות צימקאו,רושן Roshen,,עוגיות קקאו דובדבן לוביטה 135 גר,גרמים,135.00,100 גרם,false,1,6.90,5.1111,true,1,208284
4823077636059,false,עוגיות קקאו דובדבן ל,,,עוגיות קקאו דובדבן לוביטה 420 גר,גרמים,420.00,100 גרם,false,1,16.90,4.0238,true,1,208281
4823077636073,false,עוגיות תות שדה לוביט,,,עוגיות תות שדה לוביטה 420 גר,גרמים,420.00,100 גרם,false,1,16.90,4.0238,true,1,208279
4823077636097,false,עוגיות פטל לוביטה 42,,,עוגיות פטל לוביטה 420 גר,גרמים,420.00,100 גרם,false,1,16.90,4.0238,true,1,208278
4823077636110,false,עוגיות תפוז לוביטה 4,,,עוגיות תפוז לוביטה 420 גר,גרמים,420.00,100 גרם,false,1,16.90,4.0238,true,1,208280
4823077636172,false,וופל רושן בטעם לימון,,,וופל רושן בטעם לימון 216 גר,גרמים,216.00,100 גרם,false,20,6.90,3.1944,true,1,210350
4823077636332,false,עוגיות לוויטה במילוי,,,עוגיות רושן לוביטה במילוי קרם שוקולד 127,גרמים,127.00,100 גרם,false,1,6.90,5.4331,true,1,213991
4823077636400,false,עוגיות לוויטה במילוי,,,עוגיות רושן לוביטה במילוי קרם חלב 127 גר,גרמים,127.00,100 גרם,false,1,6.90,5.4331,true,1,213993
4823077636417,false,עוגיות לוויטה במילוי,,,עוגיות רושן לוביטה במילוי קרם אגוזים 127,גרמים,127.00,100 גרם,false,1,6.90,5.4331,true,1,213994
4823077636547,false,סוכריות ממולאות בטעם,רושן,,סוכ בים בום 468 גר,גרמים,468.00,100 גרם,false,12,11.90,2.5427,true,1,209912
4823077636554,false,סוכריות ממולאות קרם,רושן,,סוכ טיפת חלב 378 גר,גרמים,378.00,100 גרם,false,12,11.90,3.1481,true,1,209914
4823077636561,false,סוכריות ממולאות בטעם,רושן,,סוכ קפה לייק 378 גר,גרמים,378.00,100 גרם,false,12,11.90,3.1481,true,1,209913
4823077636585,false,סוכריות רושן טופי מי,רושן,,סוכ מינקי בינקי 325 גר,גרמים,325.00,100 גרם,false,12,11.90,3.6615,true,1,209915
4823077636592,false,סוכריות גלי רושן קרי,רושן,,סוכ קרייזי דבורה 378 גר,גרמים,378.00,100 גרם,false,12,11.90,3.1481,true,1,209911
4823077636608,false,סוכריות טופי רושן במ,רושן,,סוכ טופליני 325 גר,גרמים,325.00,100 גרם,false,12,11.90,3.6615,true,1,209917
4823077636738,false,סוכריות רומשקה 2 קג,,,סוכריות רומשקה 2 קג,קילוגרמים,2.00,"ק""ג",false,1,89.90,44.9500,true,1,209851
4823077638367,false,עוגת רושן זולוטוי קל,,,עוגת רושן זולוטוי קלוציק 500 גר,גרמים,500.00,100 גרם,false,1,49.90,9.9800,true,1,213350
4823097809785,false,גלידה שמנת משובחת בט,ז'יטומרסקי זאבוד,,גלידה וניל 1 קג,קילוגרמים,1.00,"ק""ג",false,1,36.90,36.9000,true,1,203513
4823097810019,false,גלידת שמנת ונילה קרמ,,,גלידת שמנת ונילה קרמל וופל אמפרזה 100 גר,גרמים,100.00,100 גרם,false,1,7.90,7.9000,true,1,204477
4823098200185,false,וודקה חלבני דאר קראפ,NATIONAL ALCOHOL COM,,וודקה חלבני דאר קראפטד גינגר ודבש 700 מל,מיליליטרים,700.00,"100 מ""ל",false,1,54.90,7.8429,true,1,185837
4823098200208,false,וודקה חלבני דאר קראפ,NATIONAL ALCOHOL COM,,"וודקה חלבני דאר קראפטד קלאסיק 700 מ""ל",מיליליטרים,700.00,"100 מ""ל",false,1,54.90,7.8429,true,1,185836
4823105400669,false,מלפפונים במלח 770 גר,,,מלפפונים במלח 770 גר,גרמים,770.00,100 גרם,false,1,20.90,2.7143,true,1,210888
4823105400768,false,פלפל מתוק בחומץ 500,,,פלפל מתוק בחומץ 500 גר,גרמים,500.00,100 גרם,false,1,13.90,2.7800,true,1,210897
4823105400799,false,אפונה במי מלח 200 גר,,,אפונה במי מלח 200 גר,גרמים,200.00,100 גרם,false,1,7.90,3.9500,true,1,210884
4823105400805,false,אפונה במי מלח 510 גר,,,אפונה במי מלח 510 גר,גרמים,510.00,100 גרם,false,1,12.90,2.5294,true,1,210885
4823105402618,false,חרדל בסגנון רוסי חרי,,,חרדל בסגנון רוסי חריף 190 גר,גרמים,190.00,100 גרם,false,1,6.90,3.6316,true,1,210874
4823105802173,false,ממתק שוקולד טרופל חל,,,ממתק שוקולד טרופל חלבי 200 גר,גרמים,200.00,100 גרם,false,1,9.90,4.9500,true,1,198382
4823105802227,false,ממתק שוקולד טרופל או,,,ממתק שוקולד טרופל אוריגינל 200 גר,גרמים,200.00,100 גרם,false,1,9.90,4.9500,true,1,198383
4823105802913,false,בונ שוקולדני נוצ 170,,,בונ שוקולדני נוצ 170 גר,גרמים,170.00,100 גרם,false,1,29.90,17.5882,true,1,198384
4823105808410,false,חטיף שוקולד מריר ממו,,,חטיף שוקולד מריר ממולא שוקולד עם פרוקטוז,גרמים,38.00,100 גרם,false,1,3.90,10.2632,true,1,208628
4823105810901,false,מגוון ממתקים מס 1 20,,,מגוון ממתקים מס 1 201 גר,גרמים,201.00,100 גרם,false,1,19.90,9.9005,true,1,214223
4823105810925,false,מגוון ממתקים מס 3 40,,,מגוון ממתקים מס 3 403 גר,גרמים,403.00,100 גרם,false,1,39.90,9.9007,true,1,214225
4840008000499,false,סושקה פרנזלוטה צלנוצ,פרנזלוטה,,סושקה פרנזלוטה צלנוצוק 500גר,גרמים,500.00,100 גרם,false,1,9.90,1.9800,true,1,145189
4840008000987,false,מיני כעכים סושקה וני,פרנזלוטה,,סושקה פרנזלוטה בטעם וניל 500גר,גרמים,500.00,100 גרם,false,1,9.90,1.9800,true,1,145187
4840008001199,false,מיני כעכים סושקה וני,FRANZELUTA,,סושקה מיני פרנזלוטה בטעם וניל 500 גר,גרמים,500.00,100 גרם,false,1,9.90,1.9800,true,1,145184
4840008001205,false,מיני כעכים סושקה פרג,FRANZELUTA,,סושקה מיניע פרנזלוטה עם פרג 500גר,גרמים,500.00,100 גרם,false,1,9.90,1.9800,true,1,145185
4840008002431,false,דפי וופל פרנזולטה מל,Franzeluta,,דפי וופל פרנזולטה מלבן 350 גר,גרמים,350.00,100 גרם,false,1,13.90,3.9714,true,1,166144
4840008008624,false,מיני כעכים סושקה לוב,FRANZELUTA,,סושקה מיניע פרנזלוטה לוביטלסקייה 500גר,גרמים,500.00,100 גרם,false,1,9.90,1.9800,true,1,145186
4840008012812,false,לחם שיפון בורודינסקי,,,לחם שיפון בורודינסקי 450 גר,גרמים,450.00,100 גרם,false,1,9.90,2.2000,true,1,204442
4840008017749,false,מיני סוחרי וניל פראנ,FRANZELUTA,,מיני סוחרי וניל פראנזלוטה 200 גר,גרמים,200.00,100 גרם,false,1,7.90,3.9500,true,1,175812
4840008017763,false,מיני צנימים פראנזלוצ,FRANZELUTA,,מיני צנימים פראנזלוצה עם צימוקים 200גר,גרמים,200.00,100 גרם,false,1,7.90,3.9500,true,1,146689
4840008018319,false,דובשניות עם שזיף 400,פרנזלוטה,,דובשניות עם שזיף 400 גר,גרמים,400.00,100 גרם,false,1,8.90,2.2250,true,1,179732
4840008018333,false,דובשניות פרנזולטה בט,פרנזלוטה,,דובשניות פרנזולטה בטעם דבש 400 גר,גרמים,400.00,100 גרם,false,1,8.90,2.2250,true,1,167097
4840008018371,false,דובשניות צפניות-סברנ,פרנזלוטה,,דובשניות פרנזלוטה סברניה 400 גר,גרמים,400.00,100 גרם,false,1,8.90,2.2250,true,1,168191
4840008019521,false,עוגיות פרנזולטה בצק,FRANZELUTA,,עוגיות פרנזולטה בצק עלים לבבות דקל 350 ג,גרמים,350.00,100 גרם,false,1,9.90,2.8286,true,1,180268
4840008019897,false,דפי וופל פרנזולטה עג,Franzeluta,,דפי וופל פרנזולטה עגולים 100 גר,גרמים,100.00,100 גרם,false,1,9.90,9.9000,true,1,166143
4840008028028,false,צנימים פראנזלוצה עם,FRANZELUTA,,צנימים פראנזלוצה עם צימוקים 200גר,גרמים,200.00,100 גרם,false,1,7.90,3.9500,true,1,146688
4840008030243,false,לחם שיפון טאלין פרוס,,,לחם שיפון טאלין פרוס 500 גר,גרמים,500.00,100 גרם,false,1,9.90,1.9800,true,1,203034
4840008031806,false,דובשניות בטעם חלב מר,Franzeluta,,דובשניות בטעם חלב מרוכז 400 גר,גרמים,400.00,100 גרם,false,1,8.90,2.2250,true,1,177045
4840008037778,false,סופר מיני סושקה וניל,,MD,סופר מיני סושקה וניל 300 גר,גרמים,300.00,100 גרם,false,12,7.90,2.6333,true,1,207273
4840008037792,false,סופר מיני סושקה לובי,,MD,סופר מיני סושקה לוביטלסקיה 300 גר,גרמים,300.00,100 גרם,false,12,7.90,2.6333,true,1,207274
4840008040075,false,עוגיות אוזניים קינמו,FRANZELUTA,,עוגיות אוזניים קינמון 350 ג,גרמים,350.00,100 גרם,false,1,9.90,2.8286,true,1,205913
4840013000217,false,יין מבעבע קריקובה חצ,קריקובה,MD,שמפניה קריקובה חצי מ,מיליליטרים,750.00,"100 מ""ל",false,12,39.90,5.3200,true,1,115973
4840013000248,false,יין מבעבע קריקובה חצ,קריקובה,MD,שמפניה קריקובה חצי י,מיליליטרים,750.00,"100 מ""ל",false,12,39.90,5.3200,true,1,115974
4840013001054,false,יין מבעבע קריקובה מו,קריקובה,MD,שמפניה קריקובה מוסקט,מיליליטרים,750.00,"100 מ""ל",false,12,39.90,5.3200,true,1,115975
4840019004622,false,מלפפונים בחומץ 670 ג,,,מלפפונים בחומץ 670 גר,גרמים,670.00,100 גרם,false,1,10.90,1.6269,true,1,211109
4840019004639,false,אסורטי עגבניות ומלפפ,,,אסורטי עגבניות ומלפפונים מוחמצים 980 גר,גרמים,980.00,100 גרם,false,1,13.90,1.4184,true,1,211113
4840019004721,false,קורנישונים בחומץ 670,,,קורנישונים בחומץ 670 גר,גרמים,670.00,100 גרם,false,1,10.90,1.6269,true,1,211112
4840022000956,false,מיץ ויטה פרמיום תפוח,,,מיץ ויטה פרמיום תפוח גזר 1ל,ליטרים,1.00,ליטר,false,1,14.90,14.9000,true,1,145823
4840022001199,false,מיץ ויטה פרמיום עגבנ,,,מיץ ויטה פרמיום עגבניות 1ל,ליטרים,1.00,ליטר,false,1,14.90,14.9000,true,1,145822
4840022004206,false,מיץ עגבניות ויטה נטו,,,מיץ עגבניות ויטה נטורליס 1ל,ליטרים,1.00,ליטר,false,1,9.90,9.9000,true,1,146598
4840022004626,false,מיץ ויטה נטורליס עגב,,,מיץ ויטה נטורליס עגבניות 2 ליטר,ליטרים,2.00,ליטר,false,1,16.90,8.4500,true,1,145808
4840022005265,false,מיץ תפוחים 1 ל,,,מיץ תפוחים 1 ליטר,ליטרים,1.00,ליטר,false,1,10.90,10.9000,true,1,118831
4840022005272,false,מיץ תפוח ענבים 1 ל,,,מיץ תפוח ענבים 1 ליטר,ליטרים,1.00,ליטר,false,1,10.90,10.9000,true,1,118832
4840022005661,false,ריבת פטל 680 גר,,,ריבת פטל 680גר,גרמים,680.00,100 גרם,false,1,32.90,4.8382,true,1,118839
4840022006637,false,נקטר נטורליס תפוח דו,,,נקטר ויטה נטורליס תפוח דובדבן 1 ליטר,ליטרים,1.00,ליטר,false,1,9.90,9.9000,true,1,118845
4840022008747,false,ריבה שזיפים ויטה 680,,,ריבה שזיפים ויטה 680 גר,גרמים,680.00,100 גרם,false,1,26.90,3.9559,true,1,183900
4840022009560,false,משקה קל ויטה נטורליס,,,משקה קל ויטה נטורליס תפוחים פירות יער 1ל,ליטרים,1.00,ליטר,false,1,9.90,9.9000,true,1,192066
4840022010788,false,משקה קל תפוח ענבים נ,,,משקה קל תפוח ענבים נטורליס 1 ל,ליטרים,1.00,ליטר,false,1,9.90,9.9000,true,1,210263
4840032001943,false,בירה קישינב בלונדה פ,,,בירה קישינב בלונדה פחית 500 מל,מיליליטרים,500.00,"100 מ""ל",false,1,6.90,1.3800,true,1,204413
4840034001866,false,אפונה ירוקה ויטה 415,,,אפונה ירוקה ויטה 415גר,גרמים,415.00,100 גרם,false,1,8.90,2.1446,true,1,150440
4840048000299,false,ברנדי בליי אייסט 500,,,"ברנדי ""בליי אייסט"" 0",מיליליטרים,500.00,"100 מ""ל",false,1,69.90,13.9800,true,1,115994
4840095001263,false,בונבוניירות מטאורית,BUCURIA,,"בונבוניירות ""מטאורית 400גר",גרמים,400.00,100 גרם,false,1,29.90,7.4750,true,1,116005
4840095003090,false,מרמלד דולקי 350 גר,BUCURIA,,"מרמלד דולקי 350 ג""ר",גרמים,350.00,100 גרם,false,1,11.90,3.4000,true,1,116009
4840259010995,false,עוגיות קרקר בטעם ביי,,,עוגיות קרקר בטעם בייקון 200 גר,גרמים,200.00,100 גרם,false,1,5.90,2.9500,true,1,211565
4840259011008,false,עוגיות קרקר בטעם סלמ,,,עוגיות קרקר בטעם סלמי 200 גר,גרמים,200.00,100 גרם,false,1,5.90,2.9500,true,1,211566
4840259011039,false,כעכים עם פרג 300 גר,,,כעכים עם פרג 300 גר,גרמים,300.00,100 גרם,false,1,9.90,3.3000,true,1,211554
4840557002937,false,ברנדי קנטמרי פרסטיז,מולדבסקי סטנדרט,,"ברנדי קנטמרי פרסטיז 500 מ""ל",מיליליטרים,500.00,"100 מ""ל",false,1,49.90,9.9800,true,1,171298
4840709003393,false,ברנדי קווינט 500 מל,,,"ברנדי קווינט 500 מ""ל",מיליליטרים,500.00,"100 מ""ל",false,1,49.90,9.9800,true,1,173343
4840748000667,false,פטיסונים מוחמצים 670,,,פטיסונים מוחמצים 670 גר,גרמים,670.00,100 גרם,false,1,14.90,2.2239,true,1,116099
4840748001954,false,מלפפונים 6-9 מוחמצים,,,מלפפונים 6-9 מוחמצים 670 גר,גרמים,670.00,100 גרם,false,1,10.90,1.6269,true,1,116102
4840748002753,false,אפונה בראבו 420 גר,נטור ברבו,,אפונה בראבו 420 גר,גרמים,420.00,100 גרם,false,1,7.90,1.8810,true,1,173059
4840748003811,false,עגבניות במיץ עגבניות,,,עגבניות במיץ עגבניות 660 גר,גרמים,660.00,100 גרם,false,1,10.90,1.6515,true,1,210214
4840748005556,false,מלפפונים 6-9 במלח 92,,,מלפפונים 6-9 במלח 925 גר,גרמים,925.00,100 גרם,false,1,14.90,1.6108,true,1,210211
4850001001911,false,ברנדי אררט 3 שנים 70,ירוואן ברנדי קומפני,,"ברנדי אררט 3 שנים 700 מ""ל",מיליליטרים,700.00,"100 מ""ל",false,1,109.90,15.7000,true,1,172170
4850001035602,false,ריבת דובדבן חמוץ 600,,,ריבת דובדבן חמוץ 600 גר,גרמים,600.00,100 גרם,false,1,25.90,4.3167,true,1,189376
4850001035619,false,ריבת פרי עץ תות 600,,,ריבת פרי עץ תות 600 גר,גרמים,600.00,100 גרם,false,1,25.90,4.3167,true,1,185313
4850001037668,false,ריבת שזיפי בר 600 גר,,,ריבת שזיפי בר 600 גר,גרמים,600.00,100 גרם,false,8,25.90,4.3167,true,1,201283
4850001110439,false,ממרח חצילים יאן 470,,,"ממרח חצילים ""יאן"" 470 גר",גרמים,470.00,100 גרם,false,1,15.90,3.3830,true,1,178940
4850001111603,false,משקה כהלי רימונים וי,,,"משקה כהלי רימונים ויניאן 750 מ""ל",מיליליטרים,750.00,"100 מ""ל",false,1,34.90,4.6533,true,1,179571
4850001113874,false,קונפיטורה יאן דובדבנ,,,קונפיטורה יאן דובדבנים לבנים 567 גר,גרמים,567.00,100 גרם,false,1,19.90,3.5097,true,1,187324
4850001113881,false,קונפיטורה יאן מורן 5,,,קונפיטורה יאן מורן 567 גר,גרמים,567.00,100 גרם,false,1,19.90,3.5097,true,1,187322
4850001114178,false,קונפיטורה יאן חבושים,,,קונפיטורה יאן חבושים 567 גר,גרמים,567.00,100 גרם,false,1,19.90,3.5097,true,1,187321
4850001114482,false,קונפיטורה יאן תאנים,,,קונפיטורה יאן תאנים 567 גר,גרמים,567.00,100 גרם,false,1,19.90,3.5097,true,1,187323
4850001117704,false,רוטב שזיפים טקמאלי א,,,רוטב שזיפים טקמאלי אדום 330 גר,גרמים,330.00,100 גרם,false,1,10.90,3.3030,true,1,201723
4850001117773,false,ממרח קישואים יאן 470,,,ממרח קישואים יאן 470 גר,גרמים,470.00,100 גרם,false,1,15.90,3.3830,true,1,198549
4850001118954,false,משקה כהלי פטל אדום 7,,,משקה כהלי פטל אדום 750 מל,מיליליטרים,750.00,"100 מ""ל",false,1,34.90,4.6533,true,1,201533
4850001396604,false,רחת לוקום בטעם ורדים,,,רחת לוקום בטעם ורדים גויקו 250 גר,גרמים,250.00,100 גרם,false,1,7.90,3.1600,true,1,213072
4850001397649,false,דרזה שוקולד חלב פנדה,,,דרזה שוקולד חלב פנדה 150 גר,גרמים,150.00,100 גרם,false,20,8.90,5.9333,true,1,189757
4850004380037,false,שוקולד מריר 72% 90 ג,,,שוקולד מריר 72% 90 גר,גרמים,90.00,100 גרם,false,1,9.90,11.0000,true,1,213262
4850004381973,false,מבחר ממתקי שוקולד ממ,,,מבחר ממתקי שוקולד ממולאים אבנגרד 280 גר,גרמים,280.00,100 גרם,false,1,48.90,17.4643,true,1,213243
4850004382161,false,מבחר ממתקי שוקולד ממ,,,מבחר ממתקי שוקולד ממולאים אבנגרד 410 גר,גרמים,410.00,100 גרם,false,1,69.90,17.0488,true,1,213244
4850004382390,false,מבחר ממתקי שוקולד לא,,,מבחר ממתקי שוקולד לאונז 280 גר,גרמים,280.00,100 גרם,false,1,48.90,17.4643,true,1,213246
4850004382482,false,שוקולד מריר 82% ושוק,,,שוקולד מריר 82% ושוקולד חלב 90 גר,גרמים,90.00,100 גרם,false,1,9.90,11.0000,true,1,213264
4850008150087,false,יין אדום חצי מתוק 75,ארמניה ויין פקטורי,,"יין אדום חצי מתוק 750 מ""ל",מיליליטרים,750.00,"100 מ""ל",false,1,39.80,5.3067,true,1,167931
4850008150988,false,יין קאגור ארמניה מתו,ארמניה ויין פקטורי,,"יין קאגור ארמניה מתוק מתוק 750 מ""ל",מיליליטרים,750.00,"100 מ""ל",false,1,39.90,5.3200,true,1,187434
4850008151862,false,ברנדי גרנד ירבן 5 שנ,ארמניה ויין פקטורי,,"ברנדי גרנד ירבן 5 שנים 700 מ""ל",מיליליטרים,700.00,"100 מ""ל",false,1,89.90,12.8429,true,1,171151
4850008151886,false,ברנדי גרנד ירבן 7 שנ,ארמניה ויין פקטורי,,"ברנדי גרנד ירבן 7 שנים 500 מ""ל",מיליליטרים,500.00,"100 מ""ל",false,1,89.90,17.9800,true,1,171152
4850009741475,false,לפתן אפרסק ודובדבן 1,,,לפתן אפרסק ודובדבן 1 ל,ליטרים,1.00,ליטר,false,1,14.90,14.9000,true,1,208762
4850009745718,false,לפתן דובדבנים קורלינ,,,לפתן דובדבנים קורלינה 1 ל,ליטרים,1.00,ליטר,false,1,14.90,14.9000,true,1,208768
4850011110818,false,קונפיטורה תמרה דובדב,תמרה פירות,,קונפיטורה תמרה דובדבן 400 גר,גרמים,400.00,100 גרם,false,1,22.90,5.7250,true,1,182605
4850011110832,false,קונפיטורה תמרה פטל 4,תמרה פירות,,קונפיטורה תמרה פטל 400 גר,גרמים,400.00,100 גרם,false,1,24.90,6.2250,true,1,182604
4850011110931,false,קונפיטורה תמרה קיזיל,תמרה פירות,,קונפיטורה תמרה קיזיל 400 גר,גרמים,400.00,100 גרם,false,1,21.90,5.4750,true,1,182606
4850011113390,false,קונפיטורה תמרה דובדב,,,קונפיטורה תמרה דובדבן קורנילה 900 גר,גרמים,900.00,100 גרם,false,1,35.90,3.9889,true,1,192222
4850011113406,false,קונפיטורה תמרה תות ש,,,קונפיטורה תמרה תות שדה 900 גר,גרמים,900.00,100 גרם,false,1,35.90,3.9889,true,1,208315
4850011113901,false,קונפיטורה תמרה פטל 9,,,קונפיטורה תמרה פטל 900 גר,גרמים,900.00,100 גרם,false,1,39.90,4.4333,true,1,192223
4850011113918,false,קונפיטורה תמרה דובדב,,,קונפיטורה תמרה דובדבנים 900 גר,גרמים,900.00,100 גרם,false,1,35.90,3.9889,true,1,192224
4850016340142,false,מרק דגים פורל רואילי,או או או אקו פוד,,מרק דגים פורל רואילי 530 גר,גרמים,530.00,100 גרם,false,1,17.90,3.3774,true,1,173082
4850019024742,false,לפתן שזיפים 1 ל,,,לפתן שזיפים 1 ל,ליטרים,1.00,ליטר,false,1,14.90,14.9000,true,1,208763
4850022431841,false,דרזה שמנת 150 גר,,,דרזה שמנת 150 גר,גרמים,150.00,100 גרם,false,20,8.90,5.9333,true,1,192005
4850022432015,false,דרזה שוקולד אגוזים 1,,,דרזה שוקולד אגוזים 150 גר,גרמים,150.00,100 גרם,false,20,8.90,5.9333,true,1,192004
4850022432695,false,דרזה שוקולד בוטנים 1,,,דרזה שוקולד בוטנים 150 גר,גרמים,150.00,100 גרם,false,20,8.90,5.9333,true,1,204354
4850022432848,false,דרזה שוקולד עם גל פי,,,דרזה שוקולד עם גל פירות 150 גר,גרמים,150.00,100 גרם,false,20,8.90,5.9333,true,1,213059
4860004070173,false,יין גרוזיני אלזאני א,GWS,,יין גרוזיני אלזאני אדום 750מל,מיליליטרים,750.00,"100 מ""ל",false,1,35.90,4.7867,true,1,145219
4860004070227,false,יין גרוזיני אלזאני ל,GWS,,יין גרוזיני אלזאני לבן 750מל,מיליליטרים,750.00,"100 מ""ל",false,1,35.90,4.7867,true,1,145220
4860004073082,false,יין גרוזיני ספראבי 7,GWS,,יין גרוזיני ספראבי 750מל,מיליליטרים,750.00,"100 מ""ל",false,1,35.90,4.7867,true,1,145217
4860004073105,false,יין גרוזיני קינזמראו,GWS,,יין גרוזיני קינזמראולי 750מל,מיליליטרים,750.00,"100 מ""ל",false,1,35.90,4.7867,true,1,145218
4860004652706,false,בירה ארגו לבן 500 מל,,GE,בירה ארגו לבן 500 מל,מיליליטרים,500.00,"100 מ""ל",false,20,8.90,1.7800,true,1,208143
4860008662251,false,יין קינדזמראולי אדום,,,"יין קינדזמראולי אדום חצי מתוק 750 מ""ל",מיליליטרים,750.00,"100 מ""ל",false,1,39.90,5.3200,true,1,184931
4860008662275,false,יין עמק אלזאני לבן ח,,,"יין עמק אלזאני לבן חצי מתוק 750 מ""ל",מיליליטרים,750.00,"100 מ""ל",false,1,39.90,5.3200,true,1,186919
4860008662336,false,יין חוונצקרה אדום חצ,,,"יין חוונצקרה אדום חצי מתוק 750 מ""ל",מיליליטרים,750.00,"100 מ""ל",false,1,39.90,5.3200,true,1,184929
4860009000014,false,מיץ רימונים 100% סחוט ללא תוספת סוכר,Aromaproduct ltd,,מיץ רימונים גרוזיני,ליטרים,1.00,ליטר,false,1,18.90,18.9000,true,1,116163
4860009120187,false,נקטר דובדבנים קמפה 1,,,נקטר דובדבנים קמפה 1 ל,ליטרים,1.00,ליטר,false,1,11.90,11.9000,true,1,205088
4860009120194,false,מיץ תפוחי עץ 100% קמ,,,מיץ תפוחי עץ 100% קמפה 1 ל,ליטרים,1.00,ליטר,false,1,11.90,11.9000,true,1,205084
4860009120200,false,מיץ תפוזים 100% קמפה,,,מיץ תפוזים 100% קמפה 1 ל,ליטרים,1.00,ליטר,false,1,11.90,11.9000,true,1,205086
4860009120279,false,מיץ דובדבן ורימון קמ,,,מיץ דובדבן ורימון קמפה 1 ל,ליטרים,1.00,ליטר,false,1,11.90,11.9000,true,1,205085
4860009120460,false,נקטר פירות טרופיים ק,,GE,נקטר פירות טרופיים קמפה 1 ל,ליטרים,1.00,ליטר,false,12,11.90,11.9000,true,1,206794
4860013080514,false,ברנדי אולד קאחטי 3 ש,,,ברנדי אולד קאחטי 3 שנים 500 מל,מיליליטרים,500.00,"100 מ""ל",false,12,54.90,10.9800,true,1,208306
4860013080521,false,ברנדי אולד קאחטי 4 ש,קחטיאן טרדיטיונל,,"ברנדי אולד קאחטי 4 שנים 500 מ""ל",מיליליטרים,500.00,"100 מ""ל",false,1,59.90,11.9800,true,1,169542
4860013080538,false,ברנדי אולד קאחטי 5 ש,קחטיאן טרדיטיונל,,"ברנדי אולד קאחטי 5 שנים 500 מ""ל",מיליליטרים,500.00,"100 מ""ל",false,1,64.90,12.9800,true,1,169543
4860013080682,false,ברנדי אולד קאחטי 10,,,ברנדי אולד קאחטי 10 שנים 500 מל,מיליליטרים,500.00,"100 מ""ל",false,1,84.90,16.9800,true,1,202312
4860019001346,false,מים מינרליים בורזומי,אי די אס בורגומי,,"מים מינרליים ""בורג""ו",מיליליטרים,500.00,"100 מ""ל",false,1,7.90,1.5800,true,1,116178
4860019001414,false,מים מינירליים בורגומ,אי.די.אס בורג'יומי,,מים מינירליים בורגומי 750מל,מיליליטרים,750.00,"100 מ""ל",false,1,8.50,1.1333,true,1,145214
4860019001421,false,מים מינירליים בורגומ,,,מים מינירליים בורגומי 750מל שישייה,מיליליטרים,750.00,"100 מ""ל",false,1,39.90,5.3200,true,1,145246
4860065010071,false,יין קינדזמאראולי מגא,תליאני וולי,,יין קינזמראולי קרמיק,מיליליטרים,750.00,"100 מ""ל",false,6,44.90,5.9867,true,1,141764
4860065010088,false,יין אחאשני אדום מגאו,תליאני וולי,,יין אחאשני אדום מגאורגיה 750 מל,מיליליטרים,750.00,"100 מ""ל",false,6,44.90,5.9867,true,1,198082
4860065010286,false,יין אודגלשי אדום חצי,תליאני וולי,GE,יין אטנורי קרמיקה 0.,מיליליטרים,750.00,"100 מ""ל",false,6,44.90,5.9867,true,1,141766
4860065013195,false,יין מבעבע חצי ברוט ע,,,יין מבעבע חצי ברוט עמק תליאני 750 מל,מיליליטרים,750.00,"100 מ""ל",false,1,39.90,5.3200,true,1,204420
4860099000970,false,יין מוקוזני אדום יבש,,,"יין מוקוזני אדום יבש 750 מ""ל",מיליליטרים,750.00,"100 מ""ל",false,1,39.80,5.3067,true,1,171146
4860102000515,false,אדגיקה סחוג אבחזי 12,,GE,אדגיקה סחוג אבחזי 120 גר,גרמים,120.00,100 גרם,false,12,9.90,8.2500,true,1,208152
4860102001161,false,מלח סוונטי פיקנטי 17,,,מלח סוונטי פיקנטי 170 גר,גרמים,170.00,100 גרם,false,1,14.90,8.7647,true,1,205848
4860102001314,false,תבלין חמלי סונלי גאו,,,תבלין חמלי סונלי גאורגי 108 גר,גרמים,108.00,100 גרם,false,1,14.90,13.7963,true,1,205845
4860102001468,false,ריבת פיגואה גאורגי 5,,,ריבת פיגואה גאורגי 500 גר,גרמים,500.00,100 גרם,false,1,21.90,4.3800,true,1,213065
4860104540637,false,אגוזי מלך בדבש לינדן,,,אגוזי מלך בדבש לינדן גאורגי 390 גר,גרמים,390.00,100 גרם,false,1,39.90,10.2308,true,1,210457
4860108700617,true,רוטב עגבניות חריף סא,,,"רוטב עגבניות חריף סאציבלי 540 מ""ל",מיליליטרים,540.00,"100 מ""ל",false,12,13.90,2.5741,true,1,191627
4860108700624,true,רוטב עגבניות סאציבלי,,,"רוטב עגבניות סאציבלי 540 מ""ל",מיליליטרים,540.00,"100 מ""ל",false,12,13.90,2.5741,true,1,191626
4860108710531,false,לפתן תות שדה 100% 1,קחטיאן טרדיטיונל,,לפתן תות שדה 100% 1 ל,ליטרים,1.00,ליטר,false,1,14.90,14.9000,true,1,179974
4860108710661,false,לפתן אפרסק 100% 1 ל,קחטיאן טרדיטיונל,,לפתן אפרסק 100% 1 ל,ליטרים,1.00,ליטר,false,1,14.90,14.9000,true,1,179973
4860108710708,false,לפתן שזיפים 100% 1 ל,קחטיאן טרדיטיונל,,לפתן שזיפים 100% 1 ל,ליטרים,1.00,ליטר,false,6,14.90,14.9000,true,1,179972
4860108710739,false,לפתן ענבים סאפרבי 10,קחטיאן טרדיטיונל,,לפתן ענבים סאפרבי 100% 1 ל,ליטרים,1.00,ליטר,false,6,14.90,14.9000,true,1,211632
4860111650824,false,משקה מוגז קזבגי אגס,,GE,משקה מוגז קזבגי אגס 1 ל,ליטרים,1.00,ליטר,false,6,10.90,10.9000,true,1,212237
4865602000010,false,מים מינרלים נבגלבי 5,נבגלבי,,"מים ""נבגלוי"" 0.5 ליט",מיליליטרים,500.00,"100 מ""ל",false,1,6.90,1.3800,true,1,119796
4865602000027,false,מים מינרלים נבגלבי מ,נבגלבי,,מים מינרליים נבגלבי מוגז 1 ל,ליטרים,1.00,ליטר,false,1,6.90,6.9000,true,1,144018
4867106070018,false,יין גרוזיני חבנצקרה,אליאנס,,"יין גרוזיני חבנצקרה 700 מ""ל",מיליליטרים,700.00,"100 מ""ל",false,1,34.90,4.9857,true,1,170630
4867106070025,false,יין גרוזיני קינזמראו,אליאנס,,"יין גרוזיני קינזמראולי 700 מ""ל",מיליליטרים,700.00,"100 מ""ל",false,1,34.90,4.9857,true,1,170631
4891228430085,false,שיק אקסטרים 3 קומפורט + רגיש 4 יחידות,אנרג'יזר Energizer,CN,סכיני גילוח חד פעמי,Unknown,0.00,Unknown,false,1,19.90,0.0000,true,1,116244
4901777020320,false,ליקר מידורי 700 מל,רמי קואנטרו,,ליקר מידורי 0.7,מיליליטרים,700.00,"100 מ""ל",false,1,99.90,14.2714,true,1,144623
5000157143365,false,מתבל בטעם מיונז וקטשופ היינץ 425 ג',היינץ Heinz,PL,"מתבל בטעם מיונז וקטשופ היינץ 425 מ""ל",מיליליטרים,425.00,"100 מ""ל",false,1,14.90,3.5059,true,1,195602
5000159020312,false,מלטיזרס אריזה קטנה 37 גרם,מלטיזרס Maltesers,NL,סוכריות מלטיזרס 37 גר,גרמים,37.00,100 גרם,false,1,4.90,13.2432,true,1,146695
5000159376792,false,סוכריות סקיטלס Skittles פירות חמוצים,ריגלי ממתקים,,"סוכריות ""סקיטלס"" חמוץ 38 גר",גרמים,38.00,100 גרם,false,1,2.90,7.6316,true,1,143768
5000159407236,false,מרס חטיף שוקולד 51גר,מרס הולנד בי.וי.,NL,חטיף מרס 51 גר,גרמים,51.00,100 גרם,false,1,3.90,7.6471,true,1,105740
5000159414197,false,מלטיזרס-כדורים פריכים בציפוי שוולד חלב 135 גרם,מרס שוקולד צ.אמריקה,NL,סוכריות מלטיזרס 135 גר,גרמים,135.00,100 גרם,false,20,11.90,8.8148,true,1,209843
5000159452540,false,סניקרס מארז חמישייה 5*50 גרם,סניקרס Snickers,NL,מארז שוקולד סניקרס חמישייה,גרמים,250.00,100 גרם,false,12,10.90,4.3600,true,1,197957
5000159452977,false,מארז מיקס מיני חטיפי שוקולד,טוויקס Twix,NL,מיקס מיני חטיפים שקית 400 גר,גרמים,400.00,100 גרם,false,1,22.90,5.7250,true,1,145071
5000159536400,false,טוויקס מארז עשריה 99 קלוריות,,,טוויקס סטיקס 10 יח 200 גר,גרמים,200.00,100 גרם,false,1,15.90,7.9500,true,1,204531
5000159538640,false,מארס באונטי חמישייה,באונטי,NL,מאגדת שוקולד באונטי חמישייה,גרמים,285.00,100 גרם,false,12,10.90,3.8246,true,1,203688
5000267024202,false,"וויסקי ג'וני בלאק לייבל עם פורר 700מ""ל",אלכוהול (איי.בי.בי),,"ג""וני ווקר שחור",מיליליטרים,700.00,"100 מ""ל",false,1,124.90,17.8429,true,1,105783
5000299611104,false,ויסקי שיבאס ריגאל 13,,,ויסקי שיבאס ריגאל 13 שרי 700 מל,מיליליטרים,700.00,"100 מ""ל",false,1,149.90,21.4143,true,1,181302
5000299626276,false,שיבאס ריגאל 13 שיפון,,,שיבאס ריגאל 13 שיפון אמריקאי 700 מל,מיליליטרים,700.00,"100 מ""ל",false,1,144.90,20.7000,true,1,205103
5000394140820,false,שישיות סוללות AA פלוס פאוור דורסל,Unknown,,סוללות דורסל AA פלוס פאור שישייה,Unknown,0.00,Unknown,false,1,18.90,0.0000,true,1,206013
5000394141209,false,שישיות סוללות AAA פלוס פאוור דורסל,Unknown,,סוללות דורסל AAA פלוס פאור שישייה,Unknown,0.00,Unknown,false,1,18.90,0.0000,true,1,206014
5000394141827,false,סוללות פלוס פאור 202,,,סוללות פלוס פאור 2021 C,Unknown,0.00,Unknown,false,1,24.90,0.0000,true,1,211383
5000394142190,false,סוללות דורסל 9V פלוס,דורסל Duracell,,סוללות פלוס פאוור 9,Unknown,0.00,Unknown,false,1,24.90,0.0000,true,1,211385
5000396037548,false,מקוויטיס ביסקוויט מצופה שוקולד מריר 200 ג',ברנדס סרטרה נשיונל,,ביסקוויט מקוויטיס מצופה שוקולד מריר 200,גרמים,200.00,100 גרם,false,1,9.90,4.9500,true,1,181091
5000396037944,false,ביסקוויט קלאסי 250 ג' מקוויטיס,ברנדס סרטרה נשיונל,,ביסקוויט מקוויטיס קלאסי 250 גר,גרמים,250.00,100 גרם,false,1,9.90,3.9600,true,1,181088
5010035068352,false,עוגיות שוקוציפס משוק,,,עוגיות שוקוציפס משוקולד חלב 180 גר,גרמים,180.00,100 גרם,false,1,10.90,6.0556,true,1,205578
5010035068376,false,עוגיות טריפל שוקוציפ,,,עוגיות טריפל שוקוציפס לבן ומריו פוקס 180,גרמים,180.00,100 גרם,false,1,10.90,6.0556,true,1,205576
5010106110225,false,ויסקי בלנטיינס 12שנה,,,וויסקי בלנטיינס 12שנה 700מל,מיליליטרים,700.00,"100 מ""ל",false,1,129.90,18.5571,true,1,148497
5010327000046,false,וויסקי גרנט'ס סקוטי,"איי, בי, אינבוו",,וויסקי גרנטיס באריזת,מיליליטרים,700.00,"100 מ""ל",false,1,79.90,11.4143,true,1,105827
5010327105215,false,וויסקי מאנקי שולדר Monkey Shoulder,וויליאם גרנט ובניו,GB,וויסקי מוניק שולדר 0.7ל,מיליליטרים,700.00,"100 מ""ל",false,1,149.90,21.4143,true,1,144620
5010394984577,false,פדיגרי דנטאסטיקס כלב קטן 110 גרם (7 יח')BP29V,פדיגרי Pedigree,HU,פדיגרי דנטא סטיקס 100 גר,גרמים,110.00,100 גרם,false,1,12.90,11.7273,true,1,105837
5010677551397,false,"בקרדי בריזר ליים 275 מ""ל בקבוק",בקרדי בריזר Bacardi Breezer,BE,בקרדי בריזר לימון ליים 275 מל,מיליליטרים,275.00,"100 מ""ל",false,1,14.90,5.4182,true,1,124359
5010677554398,false,"בקרדי בריזר אבטיח 275 מ""ל בקבוק",בקרדי בריזר Bacardi Breezer,BE,בקרדי בריזר אבטיח 27,מיליליטרים,275.00,"100 מ""ל",false,1,14.90,5.4182,true,1,105858
5010677850100,false,וודקה גריי גוס בקבוק,בקרדי מרטיני,FR,"וודקה גריי גוס 700 מ""ל",מיליליטרים,700.00,"100 מ""ל",false,6,119.90,17.1286,true,1,191685
5010852000917,false,ויסקי בארקליס 700 מל,CAMPBELL MEYER,,וויסקי בארקליס 0.7 ל,מיליליטרים,700.00,"100 מ""ל",false,1,64.90,9.2714,true,1,105863
5011007003005,false,"וויסקי ג'יימסון אירי מזוקק 700 מ""ל",אייריש דיסטילרז,IE,"ויסקי ג""יימסון 0.7 ל",מיליליטרים,700.00,"100 מ""ל",false,1,99.90,14.2714,true,1,105874
5011007025960,false,ויסקי גיימסון 700 מל,,,ויסקי גיימסון 700 מל,מיליליטרים,700.00,"100 מ""ל",false,1,139.90,19.9857,true,1,209350
5011026108033,false,וויסקי אירי טולמור דיו,פארייפאבה אגרואינדוס,IE,וויסקי טולמור דיו 0.7ל,מיליליטרים,700.00,"100 מ""ל",false,1,89.90,12.8429,true,1,144614
5011166055709,false,ויסקי אירי פוגס 700,,,ויסקי אירי פוגס 700 מל,מיליליטרים,700.00,"100 מ""ל",false,1,89.90,12.8429,true,1,203152
5014271310428,false,סן דלפו מעדן דבדבן שחור ללא סוכ 284 ג',המאפיה של הרמן,FR,"מעדן ""סנט דלפור"" דוב",גרמים,284.00,100 גרם,false,1,19.90,7.0070,true,1,105948
5014271795980,false,מעדן פרי חמוציות ואוכמניות,סנדלפור St.dalfour,FR,"מעדן ""סנט דלפור"" אוכ",גרמים,284.00,100 גרם,false,1,19.90,7.0070,true,1,111940
5024546356587,false,ויסקי גראנד מקניש 1,אגדת,IL,ויסקי מקניש 1 ל,מיליליטרים,1000.00,"100 מ""ל",false,1,99.90,9.9900,true,1,111962
5024546366630,false,ויסקי סקוטש לאודרס 1,אגדת,IL,"וויסקי ""סקוטש לאודרס",מיליליטרים,1000.00,"100 מ""ל",false,1,99.90,9.9900,true,1,111966
5028349003693,false,ויסקי בוני אנד קלייד,גלן קלייד,,וויסקי בוני אנד קלייד 1 ל,ליטרים,1.00,ליטר,false,1,99.90,99.9000,true,1,166417
5029053510828,false,קוטקס - תחבושות אולטרה סופר + כנפיים 22 יח',קימברלי קלארק,,"תחבושות ""קוטקס"" סופר",Unknown,0.00,Unknown,false,1,17.90,0.0000,true,1,111982
5050083302862,false,דגני בוקר קלוגס פופס,,,דגני בוקר קלוגס פופס עם דבש 375 גר,גרמים,375.00,100 גרם,false,1,18.90,5.0400,true,1,205074
5050083559761,false,קלוגס קוקו פופס שוקוס 500 גרם.,קלוגס מניופקטורינג א,ES,קורנפלקס קלוגס קוקו פופס שוקוס 500 גר,גרמים,500.00,100 גרם,false,1,16.90,3.3800,true,1,196742
5053827109307,false,דגני בוקר קלוגס ספיי,,,דגני בוקר קלוגס ספיישל קי קלאסיק 300 גר,גרמים,300.00,100 גרם,false,1,18.90,6.3000,true,1,205071
5053827191753,false,דגני בוקר קלוגס 8 וו,,,דגני בוקר קלוגס 8 ווראייטי 190 גר,גרמים,190.00,100 גרם,false,24,18.90,9.9474,true,1,211620
5053827203685,false,דגני בוקר קלוגס לאמה,,,דגני בוקר קלוגס לאמה לופס דבש 330 גר,גרמים,330.00,100 גרם,false,1,18.90,5.7273,true,1,205070
5053827215862,false,קלוגס קוקו פופס שוקו 500ג',קלוגס Kellogg's,GB,דגני בוקר קלוגס קוקו פופס 500 גר,גרמים,500.00,100 גרם,false,16,16.90,3.3800,true,1,195888
5055966801005,false,ויסקי בושמילס אוריגי,אלב בושמילס,,"וויסקי אירי בושמילס אוריגינל 700 מ""ל",מיליליטרים,700.00,"100 מ""ל",false,1,99.90,14.2714,true,1,167160
5060045588128,false,ווסקי ג'ים בים לבן,"איי, בי, אינבוו",US,"גים בים לבן כשר 700 מ""ל",מיליליטרים,700.00,"100 מ""ל",false,1,99.90,14.2714,true,1,185093
5060412214124,false,חול אברקלין צהוב פיזור מופחת,אבר קלין Ever clean,,אבר קלין חול פיזור צהוב מופחת 6 קג,קילוגרמים,6.00,"ק""ג",false,1,54.90,9.1500,true,1,198445
5060517886486,false,"משקה אנרגיה מונסטר פח 500 מ""ל",מונסטר אנרג'י Monster Energy,RU,"משקה אנרגיה מונסטר פחית 500 מ""ל",מיליליטרים,500.00,"100 מ""ל",false,24,7.90,1.5800,true,1,196243
5060517886516,false,"משקה אנרגיה מונסטר זירו פח 500 מ""ל",מונסטר אנרג'י Monster Energy,RU,"משקה אנרגיה מונסטר זירו פחית 500 מ""ל",מיליליטרים,500.00,"100 מ""ל",false,24,7.90,1.5800,true,1,196244
5060639128051,false,"משקה אנרגיה מונסטר אולטרה פחית 500 מ""ל",מונסטר אנרג'י Monster Energy,RS,"משקה אנרגיה מונסטר אולטרה פחית 500 מ""ל",מיליליטרים,500.00,"100 מ""ל",false,24,7.90,1.5800,true,1,199501
5060639129102,false,"משקה אנרגיה מונסטר מנגו פח 500 מ""ל",מונסטר אנרג'י Monster Energy,RS,משקה אנרגיה מונסטר מנגו פחית 500 מל,מיליליטרים,500.00,"100 מ""ל",false,24,7.90,1.5800,true,1,201902
5201184053614,false,נר מספר דיסני ליום ה,סודי,,נר מספר דיסני ליום הולדת,Unknown,0.00,Unknown,false,1,6.90,0.0000,true,1,118492
5201306803400,false,זיתים מושחרים 465 גר,אינטרקום יוון,,זיתים מושחרים 465 גר,גרמים,465.00,100 גרם,false,12,26.90,5.7849,true,1,112048
5202429109394,false,זיתים מושחרים אליטה,,,זיתים מושחרים אליטה 820 מל,גרמים,820.00,100 גרם,false,1,19.90,2.4268,true,1,203570
5310115000501,false,בסיס לעוגה וניל 400,,,בסיס לעוגה וניל 400 גר,גרמים,400.00,100 גרם,false,1,13.90,3.4750,true,1,112121
5310115001065,false,טרנצטו שמיניות 200 ג,,,"טרנצ""טו שמיניות 200",גרמים,200.00,100 גרם,false,1,6.90,3.4500,true,1,112126
5310115001072,false,עוגת טורטינה בטעם תו,,,"עוגת ""טורטינה"" בטעם",גרמים,200.00,100 גרם,false,1,6.90,3.4500,true,1,112127
5310115001089,false,טורטינה חלב 200 גר,,,טורטינה חלב 200גר,גרמים,200.00,100 גרם,false,1,6.90,3.4500,true,1,118647
5319990225535,false,עוגת רולדה בטעם תות,,,עוגת רולדה בטעם תות,גרמים,300.00,100 גרם,false,1,6.90,2.3000,true,1,112139
5390424121845,false,ויסקי דה דאבלינר בור,,,ויסקי דה דאבלינר בורבון קאסק 700 מל,מיליליטרים,700.00,"100 מ""ל",false,1,99.90,14.2714,true,1,199033
5400265024240,false,קופידו פרלינים בלגים,HAMLET NV,,קופידו-פרלינים בלגים,גרמים,150.00,100 גרם,false,1,18.90,12.6000,true,1,112195
5400265037998,false,בובת סנטה המלט 125 ג,,,בובת סנטה המלט 125 גר,גרמים,125.00,100 גרם,false,1,18.90,15.1200,true,1,213732
5410126006087,false,לוטוס עוגיות קרמל 700 גרם,כלורוקס אוקלנד,BE,"ביסקוויט ""לוטוס"" קרמל 700 גר",גרמים,700.00,100 גרם,false,1,24.90,3.5571,true,1,144066
5410126106022,false,לוטוס מארז חגים 250X2 גר',לוטוס בייקרי,BE,מארז חגים עוגיות לוטוס 2*250,גרמים,500.00,100 גרם,false,,15.90,3.1800,true,1,199328
5410126106183,false,ביסקוויט קרמל 312גרם 50יח,כלורוקס אוקלנד,BE,ביסקויט קרמל לוטוס 3,גרמים,312.00,100 גרם,false,1,15.90,5.0962,true,1,112218
5410126116953,false,ממרח עוגיות קרמל 400 ג' לוטוס,לוטוס בייקרי בלגיה נ,BE,"ממרח עוגיות ""לוטוס"" קרמל 400 גר",גרמים,400.00,100 גרם,false,1,19.90,4.9750,true,1,121654
5410126666038,false,עוגיות לוטוס 18*2 279 גרם,לוטוס ביקרי,BE,עוגיות לוטוס 279 גר,גרמים,279.00,100 גרם,false,10,9.90,3.5484,true,1,188165
5410126726947,false,ממרח עוגיות לוטוס קראנץ' 380 גרם,לוטוס בייקרי בלגיה נ,BE,ממרח עוגיות לוטוס קראנץי 380 גר,גרמים,380.00,100 גרם,false,1,19.90,5.2368,true,1,146934
5410291021991,false,ממרח אגוזי לוז עם קקאו,צ'וקטה Chocketa,,ממרח צוקטה אגוזי לוז עם קקאו 700 גר,גרמים,700.00,100 גרם,false,1,19.90,2.8429,true,1,172116
5410291022011,false,ממרח אגוזי לוז עם קקאו 350 גרם חלב נכרי,צ'וקטה Chocketa,,ממרח צוקטה אגוזי לוז עם קקאו 350 גר,גרמים,350.00,100 גרם,false,1,11.90,3.4000,true,1,172115
5410291022738,false,צ'וקטה ממרח חלב ואגוזי לוז עם קקאוי 350ג',צ'וקטה Chocketa,,ממרח דואו צוקטה 350 גר,גרמים,350.00,100 גרם,false,1,11.90,3.4000,true,1,204618
5410316994019,false,וודקה סמירנוף אדום ב,דיאג'ו אופריישנס איט,US,וודקה סמירנוף 0.7 ל,מיליליטרים,700.00,"100 מ""ל",false,1,54.90,7.8429,true,1,123310
5410658902819,false,קפסולות קפה אלומיניום דרגת חוזק 12 Fortisimo- Espresso,,,קפסולות קפה פורטיסימו ריסטרטו 12,Unknown,0.00,Unknown,false,1,11.90,0.0000,true,1,186171
5410976823018,false,גיליאן שוקולד מריר פ,,,גיליאן שוקולד מריר פטל 100 גר,גרמים,100.00,100 גרם,false,1,14.90,14.9000,true,1,197214
5411188094173,false,רביעיה מעדן סויה טעם קרמל 125 ג' אלפרו,אלפרו,BE,מעדן סויה מנה בטעם קרמל רביעייה,גרמים,500.00,100 גרם,false,1,17.90,3.5800,true,1,177782
5411188110835,false,אלפרו חלב סויה שקדים וניל 1ל',הנסיך- מפעל לייצור ט,BE,חלב שקדים אלפרו 1 לי,ליטרים,1.00,ליטר,false,1,13.90,13.9000,true,1,125126
5411188112709,false,משקה אלפרו שקדים ללא סוכר 1 ליטר,הנסיך- מפעל לייצור ט,BE,אלפרו משקה שקדים ללא סוכר,ליטרים,1.00,ליטר,false,1,13.90,13.9000,true,1,173074
5411188115366,false,אלפרו משקה שיבולת שועל 1 ליטר,הנסיך- מפעל לייצור ט,BE,"משקה שיבולת שועל ""אלפרו"" 1 ל",ליטרים,1.00,ליטר,false,1,13.90,13.9000,true,1,146549
5411188115472,false,אלפרו משקה סויה 1 ליטר,הנסיך- מפעל לייצור ט,BE,משקה סויה אלפרו 1 ל,ליטרים,1.00,ליטר,false,1,14.90,14.9000,true,1,199352
5411188124689,false,משקה שיבולת שועל ללא סוכר 1ל' אלפרו,אלפרו Alpro,BE,משקה שיבולת שועל ללס אלפרו 1 ל,ליטרים,1.00,ליטר,false,8,14.90,14.9000,true,1,199996
5411188134985,false,אלפרו 3.5% NOT M*LK שיבולת שועל 1 ליטר בית יוסף,הנסיך- מפעל לייצור ט,BE,משקה שיבולת שועל 3.5% אלפרו 1 ל,ליטרים,1.00,ליטר,false,1,13.90,13.9000,true,1,205721
5411188135005,false,אלפרו 1.8% NOT M*LK שיבולת שועל 1 ליטר בית יוסף,הנסיך- מפעל לייצור ט,BE,משקה שיבולת שועל 1.8% אלפרו 1 ל,ליטרים,1.00,ליטר,false,1,13.90,13.9000,true,1,205722
5411188543398,false,משקה סויה ללא סוכר 1 ל' אלפרו,הנסיך- מפעל לייצור ט,BE,משקה סויה אלפרו ללא סוכר 1 ל,ליטרים,1.00,ליטר,false,1,14.90,14.9000,true,1,199353
5411616002190,false,בירה מרטינס סטרונג 8,מבשלת מרטנס,BE,בירה מרטנס חזק 500מל,מיליליטרים,500.00,"100 מ""ל",false,1,7.90,1.5800,true,1,150606
5411616133245,false,בירה מרטנס לאגר פחית,מבשלת מרטנס,BE,"בירה ""מרטנס ירוק"" 50",מיליליטרים,500.00,"100 מ""ל",false,1,7.90,1.5800,true,1,112261
5411616148546,false,בירה מרטנס גולד פחית,מבשחת מרטנס,BE,"בירה ""מרטנס גולד"" 50",מיליליטרים,500.00,"100 מ""ל",false,1,7.90,1.5800,true,1,112263
5413121355075,false,בלג'יאן-שוקולד תפוז 100ג',BCG,,"פרסטיז"" שוקולד בלגי",גרמים,100.00,100 גרם,false,1,12.90,12.9000,true,1,112297
5413121355099,false,בלג'יאן-שוקולד מריר 72% פוךי קפה 100ג',BCG,,"פרסטיז"" שוקולד בלגי",גרמים,100.00,100 גרם,false,1,12.90,12.9000,true,1,112299
5413121355105,false,בלג'יאן-שוקולד חלב משובח 72% 100ג',BCG,,"פרסטיז"" שוקולד בלגי",גרמים,100.00,100 גרם,false,1,12.90,12.9000,true,1,112300
5413121355143,false,בלג'יאן-שוקולד לבן משובח 72% 100ג',BCG,,"פרסטיז"" שוקולד בלגי",גרמים,100.00,100 גרם,false,1,12.90,12.9000,true,1,112301
5413121356737,false,שוקולד מריר בלגי ללא,BCG,,"בלג""יאן שוקולד בלגי",גרמים,100.00,100 גרם,false,1,14.90,14.9000,true,1,112302
5413121356829,false,שוקולד חלב ללא סוכר,BCG,,"בלג""יאן שוקולד בלגי",גרמים,100.00,100 גרם,false,1,14.90,14.9000,true,1,112303
5413121358694,false,בלג'יאן-שוקולד בלגי 72% 100ג',BCG,,"פרסטיז"" שוקולד בלגי",גרמים,100.00,100 גרם,false,1,12.90,12.9000,true,1,112304
5413121359769,false,לבבות וצדפי שוקולד 195ג' בלגיאן,BCG,,"צדפי שוקולד בלגי ""בל",גרמים,195.00,100 גרם,false,1,16.90,8.6667,true,1,112309
5413121363513,false,בלג'יאן-שוקולד מריר דובדבן 100גר,BCG,,שוקולד מריר בלגיאן דובדבן 100 גר,Unknown,0.00,Unknown,false,1,12.90,0.0000,true,1,180260
5413121388905,false,"בלג'יאן-טראפלס אגוז ""חג שמח""150גר'",,,בלגיאן טראפלס אגוז חג שמח 150 גר,גרמים,150.00,100 גרם,false,1,14.90,9.9333,true,1,197206
5413149655522,false,"אבקת כביסה שושן צחור 1.25 ק""ג אריאל",פרוקטר אנד גמבל,,אבקת כביסה אריאל שוש,קילוגרמים,1.25,"ק""ג",false,1,14.90,11.9200,true,1,112341
5413149922907,false,"אבקת כביסה קולור וסטייל 5 ק""ג אריאל",אריאל Ariel,,אבקת כביסה אריאל 5 קג,קילוגרמים,5.00,"ק""ג",false,1,39.90,7.9800,true,1,112372
5413149980594,false,פיירי לימון 433 מל,,,פיירי לימון 433 מל,מיליליטרים,433.00,"100 מ""ל",false,1,7.90,1.8245,true,1,214180
5413149980761,false,פיירי אוריגינל 433 מ,,,פיירי אוריגינל 433 מל,מיליליטרים,433.00,"100 מ""ל",false,1,7.90,1.8245,true,1,214181
5413165430226,true,קפה קלוי וטחון בטעם,,,קפה קלוי וטחון בטעם אייריש קרים 125 גר,גרמים,125.00,100 גרם,false,1,25.90,20.7200,true,1,199812
5413165430660,true,קפה קלוי וטחון בטעם,,,קפה קלוי וטחון בטעם דובדבן 125 גר,גרמים,125.00,100 גרם,false,1,25.90,20.7200,true,1,199808
5413548040479,false,בונבוניירה רפאלו 240 גרם,קדבורי,PL,"בונבוניירה ""רפאלו"" 240 גר",גרמים,240.00,100 גרם,false,1,24.90,10.3750,true,1,112384
5420066370001,false,טראפל שוקולד בלגי קר,,,טרופל בלגי קרמל 150 גר,גרמים,150.00,100 גרם,false,1,14.90,9.9333,true,1,173653
5420066370025,false,טראפל שוקולד בלגי קפ,,,טרופל בלגי קפה 150 גר,גרמים,150.00,100 גרם,false,1,14.90,9.9333,true,1,173652
5420066370032,false,טראפל שוקולד בלגי מר,,,טרופל בלגי מריר 150 גר,גרמים,150.00,100 גרם,false,1,14.90,9.9333,true,1,173649
5420066370049,false,טראפל שוקולד בלגי תפ,,,טרופל בלגי תפוז 150 גר,גרמים,150.00,100 גרם,false,1,14.90,9.9333,true,1,173654
5420066370384,false,טראפל בלגי אגוזים 150 ג',,,טרופל בלגי אגוזים 150 גר,גרמים,150.00,100 גרם,false,1,14.90,9.9333,true,1,173651
5425017240013,false,בירה חזקה ברוז זוט ב,,,בירה חזקה ברוז זוט בלונד 330 מל,מיליליטרים,330.00,"100 מ""ל",false,1,13.90,4.2121,true,1,211995
5425017240075,false,בירה חזקה ברוז זוט ד,,,בירה חזקה ברוז זוט דאבל 330 מל,מיליליטרים,330.00,"100 מ""ל",false,1,13.90,4.2121,true,1,211996
5425017240457,false,בירה חזקה שטאפה הנדר,,,בירה חזקה שטאפה הנדריק טריפל 330 מל,מיליליטרים,330.00,"100 מ""ל",false,1,13.90,4.2121,true,1,211997
5425017240648,false,בירה חזקה שטאפה הנדר,,,בירה חזקה שטאפה הנדריק קוודרופל 330 מל,מיליליטרים,330.00,"100 מ""ל",false,1,13.90,4.2121,true,1,211998
5425019810122,false,מאגדת בקבוקוני שוקול,,,מאגדת בקבוקוני שוקולד ליקר 86 גר,גרמים,86.00,100 גרם,false,1,28.90,33.6047,true,1,213380
5600241519054,false,סרדין בלמר בשמן זית,,,סרדין בלמר בשמן זית פיקנטי 120 גר,גרמים,120.00,100 גרם,false,1,15.90,13.2500,true,1,205156
5600241519252,false,זוג נתחי טונה קרדום,,,זוג נתחי טונה קרדום במים 160 גר,גרמים,320.00,100 גרם,false,1,14.90,4.6563,true,1,205167
5600241519269,false,זוג נתחי טונה קרדום,,,זוג נתחי טונה קרדום בשמן זית 160 גר,גרמים,320.00,100 גרם,false,1,14.90,4.6563,true,1,205168
5600241519276,false,זוג נתחי טונה קרדום,,,זוג נתחי טונה קרדום בשמן חמניות 160 גר,גרמים,320.00,100 גרם,false,1,14.90,4.6563,true,1,205169
5600241519283,false,זוג נתחי טונה קרדום,,,זוג נתחי טונה קרדום ברוטב עגבניות 160 גר,גרמים,320.00,100 גרם,false,1,14.90,4.6563,true,1,205170
5600241519429,false,תמנון קרדום ברוטב עג,,,תמנון קרדום ברוטב עגבניות 120 גר,גרמים,120.00,100 גרם,false,1,10.90,9.0833,true,1,205163
5601008200444,false,עוגיות גודיס מרבה טבעת מצופה שוקו' חלב 150ג',הנסיך- מפעל לייצור ט,PT,"עוגיות ""מרבה"" גודיס שוקולד חלב 150 גר",גרמים,150.00,100 גרם,false,1,5.90,3.9333,true,1,112444
5601008200451,false,עוגיות גודיס מרבה טבעת מצופה שוקו' מריר 150ג',מרבה Merba,PT,"עוגיות ""מרבה"" גודיס שוקולד מריר 150 גר",גרמים,150.00,100 גרם,false,1,5.90,3.9333,true,1,112445
5601008200468,false,עוגיות מרבה גודיס טבעת מצופה שוקו' לבן 150ג',קריניציה ויטמינה אס,PT,"עוגיות ""מרבה"" גודיס שוקולד לבן 150 גר",גרמים,150.00,100 גרם,false,1,5.90,3.9333,true,1,112446
5694110028129,false,כבד דג שיבוט 115 גר,,IS,כבד דג שיבוט 120 גר,גרמים,115.00,100 גרם,false,12,8.90,7.7391,true,1,186792
5694230223312,false,שימורי כבד דג במיץ ט,,IS,שימורי כבד דג במיץ טבעי 121 גר,גרמים,121.00,100 גרם,false,12,9.90,8.1818,true,1,191331
5694230223336,false,שימורי כבד דג מעושן,,IS,שימורי כבד דג מעושן 121 גר,גרמים,121.00,100 גרם,false,12,9.90,8.1818,true,1,191332
5701932026964,false,פופקורן להכנה במיקרוגל בטעם טבעי 6 שקיות,הוט פופ Hot pop,US,"הוטפופ מלוח 600 ג""ר",גרמים,600.00,100 גרם,false,1,15.90,2.6500,true,1,116297
5704025032156,false,דניש קומבי בלו 100 ג,Lazur,,דניש קומבי בלו 100 גר,גרמים,100.00,100 גרם,false,1,10.90,10.9000,true,1,194855
5711953106583,false,גבינת שמנת בטעם טבעי 200 גרם ארלה,ארלה פודס אמבה,DK,גבינת שמנת ארלה טבעי 200 גר,גרמים,200.00,100 גרם,false,1,14.90,7.4500,true,1,194017
5711953106606,false,גבינת שמנת עם תבלינים ועשבי תיבול 23.5%,ארלה פודס אמבה,DK,גבינת שמנת ארלה עשבי תיבול 200 גר,גרמים,200.00,100 גרם,false,1,14.90,7.4500,true,1,194018
5740900403215,false,ממרח לורפק חמאה עם מלח 250 ג',לורפאק Lurpak,,ממרח מחמאת לורפק עם מלח 250 גר,גרמים,250.00,100 גרם,false,1,16.90,6.7600,true,1,191309
5740900403239,false,ממרח לורפק חמאה בלי מלח 250 ג',לורפאק Lurpak,,ממרח מחמאת לורפק ללא מלח 250 גר,גרמים,250.00,100 גרם,false,1,16.90,6.7600,true,1,191310
5740900403284,false,חמאה ללא מלח 200 גרם לורפק כשרות או קיי,לורפאק Lurpak,DK,חמאה לורפק ללא מלח 200 גר,גרמים,200.00,100 גרם,false,1,11.90,5.9500,true,1,199636
5740900403864,false,חמאה +מלח 200 גרם לורפק כשרות או קיי,ארלה פודס אמבה,DK,חמאה לורפק מלח 200 גר,גרמים,200.00,100 גרם,false,20,11.90,5.9500,true,1,205220
5774540694306,false,אנטון ברג בקבוקוני ל,,,אנטון ברג-16 בקבוקי,גרמים,250.00,100 גרם,false,1,49.90,19.9600,true,1,162612
5900020012814,false,דגני בוקר בטעם שוקולד נסקוויק Nesquik,מיוצר עי קונדיטוריית,PL,נסקוויק דגני בוקר בט,גרמים,500.00,100 גרם,false,1,21.90,4.3800,true,1,116323
5900020026552,false,דגני בוקר האני נאט צ'יריוס בטעם דבש ושקדים,נסטלה צרפת איטנקורט,FR,דגני בוקר האני נאט ציריוס 625 גר,גרמים,625.00,100 גרם,false,1,21.90,3.5040,true,1,171145
5900020034991,false,דגני בוקר צדפים בטעם שוקולד 450 ג' קראנץ',סי. פי. פולין,PL,דגני בוקר קראנץ צדפים בטעם שוקולד 450 גר,גרמים,450.00,100 גרם,false,6,21.90,4.8667,true,1,197035
5900020036407,false,דגני בוקר ליון Lion בטעם שוקולד וקרמל,נסטלה פולין דגני בוק,,דגני בוקר ליון שוקולד וקרמל 480 גר,גרמים,480.00,100 גרם,false,1,21.90,4.5625,true,1,198000
5900020037916,false,דגני בוקר שיבולת שועל צ'ריוס 375ג',ג'נרל מילס סאן אדריא,PL,דגני בוקר ציריוס שיבולת שועל 375 גר,גרמים,375.00,100 גרם,false,16,17.90,4.7733,true,1,202022
5900073020071,false,חטיפי תפוא בטעם בייק,,,חטיפי תפוא בטעם בייקון מעושן 135 גר,גרמים,135.00,100 גרם,false,1,11.90,8.8148,true,1,212097
5900073020088,false,חטיפי תפוא בטעם גבינ,,,חטיפי תפוא בטעם גבינה ובצל 135 גר,גרמים,135.00,100 גרם,false,1,12.90,9.5556,true,1,212096
5900073180935,false,חטיפי תפוא בטעם חמאה,,,חטיפי תפוא בטעם חמאה 135 גר,גרמים,135.00,100 גרם,false,1,12.90,9.5556,true,1,212095
5900073180959,false,חטיפי תפוא בטעם שמנת,,,חטיפי תפוא בטעם שמנת ובצל 135 גר,גרמים,135.00,100 גרם,false,1,11.90,8.8148,true,1,212098
5900084064064,false,חרדל בסגנון צרפתי 18,,LT,חרדל בסגנון צרפתי 185 גר,גרמים,185.00,100 גרם,false,1,10.90,5.8919,true,1,206341
5900352000770,false,שוקולד חלב ממולא ג'לי דובדבן Mella,,,"גלרטקה דובדבן 190 ג""",גרמים,190.00,100 גרם,false,1,8.90,4.6842,true,1,116366
5900352002576,false,שוקולד חלב ממולא ג'לי אוכמניות Mella,,,גלרטקה אוכמניות שחור,גרמים,190.00,100 גרם,false,1,8.90,4.6842,true,1,116370
5900353615683,false,בונבוניירה וויסקי בש,MIEZSKO,PL,בונ ויסקי בשוקולד מריר 180 גר MIESZKO,גרמים,180.00,100 גרם,false,1,19.90,11.0556,true,1,188179
5900353615690,false,בונבוניירה ברנדי בשו,MIEZSKO,PL,בונ ברנדי בשוקולד מריר 180 גר MIESZKO,גרמים,180.00,100 גרם,false,1,19.90,11.0556,true,1,188178
5900437005171,false,פיצה 4 גבינות 335 גר,,,פיצה 4 גבינות 335 גר,גרמים,335.00,100 גרם,false,5,24.90,7.4328,true,1,204251
5900627066715,false,טבליות למדיח פיניש 1,רקיט בנקיזר,PL,טבליות למדיח כלים פיניש 100 יח,Unknown,0.00,Unknown,false,1,64.90,0.0000,true,1,184536
5900675009023,false,תה חמוציות באלין 40,,,תה חמוציות באלין 40 גר,גרמים,40.00,100 גרם,false,18,3.90,9.7500,true,1,208949
5900675009030,false,תה ורד הבר באלין 35,,,תה ורד הבר באלין 35 גר,גרמים,35.00,100 גרם,false,18,3.90,11.1429,true,1,208950
5900675009047,false,תה פטל באלין 40 גר,,,תה פטל באלין 40 גר,גרמים,40.00,100 גרם,false,18,3.90,9.7500,true,1,208951
5900675009054,false,תה ענבי שועל שחורים,,PL,תה ענבי שועל שחורים באלין 40 גר,גרמים,40.00,100 גרם,false,18,3.90,9.7500,true,1,208952
5900675009108,false,תה היביסקוס באלין 30,,PL,תה היביסקוס באלין 30 גר,גרמים,30.00,100 גרם,false,18,3.90,13.0000,true,1,208957
5900675009122,false,תה בבונג באלין 30 גר,,PL,תה בבונג באלין 30 גר,גרמים,30.00,100 גרם,false,18,3.90,13.0000,true,1,208959
5900675009146,false,תה פירות גן באלין 35,,PL,תה פירות גן באלין 35 גר,גרמים,35.00,100 גרם,false,18,3.90,11.1429,true,1,208961
5900857007793,false,גבינה רדמר סרנדה פרו,,,ת.גבינה רדמר סרנדה פרוס 135 גר,גרמים,135.00,100 גרם,false,1,11.90,8.8148,true,1,191020
5900857007892,false,גבינה גאודה סרנדה פר,,,ת.גבינה גאודה סרנדה פרוס 135 גר,גרמים,135.00,100 גרם,false,1,11.90,8.8148,true,1,191024
5900907000101,false,תערובת מלפפונים ועגב,URBANEK,,תערובת מלפפונים ועגב,קילוגרמים,2.55,"ק""ג",false,1,32.90,12.9020,true,1,116459
5900907000477,false,ריבת שזיפים 330 גר,URBANEK,,ריבת שזיפים 330גר,גרמים,330.00,100 גרם,false,1,9.90,3.0000,true,1,147965
5900907000521,false,חזרת לבנה 180 גר,URBANEK,,חזרת,גרמים,180.00,100 גרם,false,1,7.90,4.3889,true,1,116464
5900907000583,false,מלפפון בחומץ בצנצנת,ברצה אורבנק,PL,"מלפפון בחומץ 900 ג""ר",גרמים,900.00,100 גרם,false,1,15.90,1.7667,true,1,116465
5900907000835,false,מלפפון בחומץ אורבנק,אורבנק,PL,מלפפונים בחומץ 2.55,קילוגרמים,2.55,"ק""ג",false,1,32.90,12.9020,true,1,116467
5900907001238,false,עגבניות בחומץ 2.55 ק,URBANEK,,עגבניות בחומץ 2.55 ק,קילוגרמים,2.55,"ק""ג",false,1,32.90,12.9020,true,1,116469
5900907001412,false,אסורטי אורבנק 2.55 ק,URBANEK,,"אסורטי 2.55 ק""ג",קילוגרמים,2.55,"ק""ג",false,1,32.90,12.9020,true,1,116470
5900907001429,false,אסורטי 920 גרםURBAN,יושלם,,"אסורטי 920 ג""ר",גרמים,900.00,100 גרם,false,1,15.90,1.7667,true,1,116471
5900907001450,false,מלפפונים במלח 900 גר,אורבנק,PL,מלפפונים במלח 900 גר,גרמים,900.00,100 גרם,false,1,15.90,1.7667,true,1,116472
5900907001474,false,עגבניות אדומות בחומץ,URBANEK,,עגבניות בחומץ 900גר,גרמים,900.00,100 גרם,false,1,15.90,1.7667,true,1,116473
5900907001498,false,עלי חומעה כבושים 350,URBANEK,,עלי חומעה כבושים,גרמים,350.00,100 גרם,false,1,9.90,2.8286,true,1,116474
5900907001597,false,כרוב כבוש עם גזר 900,אורבנק,PL,כרוב כבוש עם גזר,גרמים,900.00,100 גרם,false,1,15.90,1.7667,true,1,116475
5900907001719,false,תערובת מלפפונים ועגב,סגל דברים טובים,IL,תערובת מלפפונים ועגב,גרמים,900.00,100 גרם,false,1,15.90,1.7667,true,1,116478
5900907003027,false,עגבניות במיץ טבעי 92,URBANEK,,"עגבניות במיץ טבעי ""א",גרמים,920.00,100 גרם,false,12,15.90,1.7283,true,1,116482
5900907003393,false,עגבניות שרי בחומץ 93,אורבנק,PL,עגבניות שרי בחומץ 930 גר,גרמים,930.00,100 גרם,false,12,16.90,1.8172,true,1,120909
5900951020889,false,אוכל לחתולים ויסקס צ,ויסקס Whiskas,PL,אוכל לחתולים ויסקס ציקן 400 גר,גרמים,400.00,100 גרם,false,1,9.90,2.4750,true,1,166001
5900951284571,false,אוכל לכלבים פדיגרי ב,מארס,US,אוכל לכלבים פדיגרי בקר פח 400 גר,גרמים,400.00,100 גרם,false,24,9.90,2.4750,true,1,201939
5901064761805,false,שכר פטל נלבקה באבוני,וינפוד,,שכר פטל 750מל,מיליליטרים,750.00,"100 מ""ל",false,1,29.90,3.9867,true,1,145455
5901064761911,false,שכר דמדמניות שחורות,וינפוד,,שכר אוכמניות 750מל,מיליליטרים,750.00,"100 מ""ל",false,1,29.90,3.9867,true,1,145453
5901064778513,false,יין רימונים קסטלו גר,הנקל וינפול,,יין רימונים קסטלו גרן דסרט 750מל,מיליליטרים,750.00,"100 מ""ל",false,1,24.80,3.3067,true,1,149904
5901177157267,false,בונ בית קריסמס עם ממ,,,בונ בית קריסמס עם ממתקים 200 גר,גרמים,200.00,100 גרם,false,1,15.90,7.9500,true,1,213389
5901177157274,false,בונ ירוקה בצורת עץ ע,,,בונ ירוקה בצורת עץ עם ממתקים 170 גר,גרמים,170.00,100 גרם,false,1,14.90,8.7647,true,1,213390
5901177157281,false,בונ זהב בצורת עץ עם,,,בונ זהב בצורת עץ עם ממתקים 170 גר,גרמים,170.00,100 גרם,false,1,14.90,8.7647,true,1,213391
5901483060107,false,חליטת עלי טיליה ללא,BIFIX,,חליטת טיליה 20 שק,Unknown,0.00,Unknown,false,1,9.90,0.0000,true,1,117462
5901483060305,false,תה מליסה 20 שק,BIFIX,,תה מליסה 20שק,יחידה,1.00,יחידה,false,1,9.90,9.9000,true,1,147983
5901483060404,false,חליטת בבונג 20 שקיקי,bifix,,"תה בבונג 20 שק""",גרמים,50.00,100 גרם,false,1,9.90,19.8000,true,1,117463
5901483080501,false,תה פירות יער 100 גר,BIFIX,,תה פירות יער 100 גר,גרמים,100.00,100 גרם,false,1,13.90,13.9000,true,1,117467
5901483082970,false,חליטת ורדי בר פרי של,,,חליטת ורדי בר פרי שלם 100 גר,גרמים,100.00,100 גרם,false,1,13.90,13.9000,true,1,183004
5901483084752,false,קונפיטורת דובדבנים 3,,,קונפיטורת דובדבנים 330 גר,גרמים,330.00,100 גרם,false,1,14.90,4.5152,true,1,203692
5901489038186,false,שימורי כבד דג שיבוט,,,שימורי כבד דג שיבוט 190 גר,גרמים,190.00,100 גרם,false,1,13.90,7.3158,true,1,210517
5902162101234,false,פיצה קפוא משפחתית 10,,,פיצה קפוא משפחתית 1000 גר,גרמים,1000.00,100 גרם,false,1,33.90,3.3900,true,1,213362
5902198160403,false,"משקה אנרגיה XL TEN פחית לל""ס 250מ""ל","טמפו משקאות בע""מ",IL,משקה אנרגיה XL ten,מיליליטרים,250.00,"100 מ""ל",false,1,4.20,1.6800,true,1,177759
5902377000612,false,ממרח קורובקינו גבינה,KOROVKINO,,ממרח קורובקינו גבינה מותכת עם אמנטל 100,גרמים,100.00,100 גרם,false,1,4.90,4.9000,true,1,178749
5902377000629,false,ממרח קורובקינו גבינה,KOROVKINO,,ממרח קורובקינו גבינה מותכת עם פטריות 100,גרמים,100.00,100 גרם,false,1,4.90,4.9000,true,1,178750
5902377000643,false,ממרח קורובקינו גבינה,KOROVKINO,,ממרח קורובקינו גבינה מותכת עם שינקה 100,גרמים,100.00,100 גרם,false,1,4.90,4.9000,true,1,178752
5902377000650,false,ממרח קורובקינו גבינה,KOROVKINO,,ממרח קורובקינו גבינה מותכת עם סלמון 100,גרמים,100.00,100 גרם,false,1,4.90,4.9000,true,1,178753
5902510275310,false,ממרח בטעם כבד אווז ו,,PL,ממרח בטעם כבד אווז ופטריות 130 גר,גרמים,130.00,100 גרם,false,1,4.90,3.7692,true,1,202637
5902510275327,false,ממרח בטעם כבד אווז ו,,,ממרח בטעם כבד אווז ופטריות 300 גר,גרמים,300.00,100 גרם,false,1,9.90,3.3000,true,1,211119
5902510275334,false,ממרח בטעם כבד אווז ד,,PL,ממרח בטעם כבד אווז דליקטס 130 גר,גרמים,130.00,100 גרם,false,1,4.90,3.7692,true,1,202638
5902510275365,false,ממרח בטעם כבד ברווז,,,ממרח בטעם כבד ברווז מעודן 300 גר,גרמים,300.00,100 גרם,false,1,9.90,3.3000,true,1,211117
5902510275372,false,ממרח בטעם כבד ברווז,,PL,ממרח בטעם כבד ברווז צרפתי 130 גר,גרמים,130.00,100 גרם,false,1,4.90,3.7692,true,1,202640
5902510275389,false,ממרח בטעם כבד ברווז,,,ממרח בטעם כבד ברווז צרפתי 300 גר,גרמים,300.00,100 גרם,false,1,9.90,3.3000,true,1,211120
5902510275396,false,ממרח בטעם כבד עוף עד,,PL,ממרח בטעם כבד עוף עדין 130 גר,גרמים,130.00,100 גרם,false,1,4.90,3.7692,true,1,202641
5902510275402,false,ממרח בטעם כבד עוף עד,,,ממרח בטעם כבד עוף עדין 300 גר,גרמים,300.00,100 גרם,false,1,9.90,3.3000,true,1,211118
5902768879025,false,כבד דג שיבוט 240 גר,,,כבד דג שיבוט 240 גר,גרמים,240.00,100 גרם,false,1,15.90,6.6250,true,1,183801
5902781000062,false,תה ורד הבר 25 שק,,,"תה ורד הבר 25 שק""",גרמים,75.00,100 גרם,false,1,7.90,10.5333,true,1,117560
5902781000093,false,חליטת תה מלווה קמומל,,,"תה קמומיל 25 שק""",Unknown,0.00,Unknown,false,1,7.90,0.0000,true,1,117561
5902781000130,false,חליטת פטל מלווה 25 ש,,,"תה 25 שק""",גרמים,50.00,100 גרם,false,1,7.90,15.8000,true,1,117563
5902781000215,false,חליטת ענבי שועל שחור,,,תה דמדמניות שחורות 2,Unknown,0.00,Unknown,false,1,7.90,0.0000,true,1,117565
5902781000468,false,חליטת דובדבן מלווה 2,,,תה דובדובן,גרמים,75.00,100 גרם,false,1,7.90,10.5333,true,1,117572
5902781001304,false,חליטת מליסה מלווה 25,,,תה מליסה,Unknown,0.00,Unknown,false,1,7.90,0.0000,true,1,117585
5902781001366,false,תה פיגורה לוקס מלווה,,,תה פיגורה לוקס,גרמים,40.00,100 גרם,false,1,9.90,24.7500,true,1,117591
5902781002226,false,תה אקסקלוסיב גינגר ו,,,"תה ג""ינג""ר עם לימון",יחידה,20.00,יחידה,false,1,12.90,0.6450,true,1,117660
5902781002233,false,תה אקסקלוסיב חמוציות,,,תה חמוציות עם פרי חו,גרמים,40.00,100 גרם,false,1,12.90,32.2500,true,1,117661
5902781002240,false,תה סוד היער 20 שק,,,"תה סוד היער 20 שק""",יחידה,20.00,יחידה,false,1,12.90,0.6450,true,1,117662
5902781002264,false,תה קוקטייל פירות 20,,,תה קוקטייל פירות 20,יחידה,20.00,יחידה,false,1,9.90,0.4950,true,1,117664
5902781002288,false,תה גינגר עם ורד הב,,,"תה ג""ינג""ר עם ורד הב",Unknown,0.00,Unknown,false,1,9.90,0.0000,true,1,117666
5902781002295,false,תה פטל עם אוכמניות מ,,,תה פטל עם אוכמניות כ,גרמים,40.00,100 גרם,false,1,9.90,24.7500,true,1,117667
5902781002318,false,תה ורד הבר עם זאנסא,,,"תה ורד הבר עם ז""אנסא",גרמים,40.00,100 גרם,false,1,9.90,24.7500,true,1,117669
5902781002325,false,תה קמומיל עם לימון 2,,,תה קמומיל עם לימון 2,יחידה,20.00,יחידה,false,1,9.90,0.4950,true,1,117670
5902781002479,false,תה ופטל ותות שדה מלו,,,תה תות שדה ופטל,Unknown,0.00,Unknown,false,1,12.90,0.0000,true,1,123459
5902781002486,false,תה אקסקלוסיב ירוק עם,,,"תה ירוק עם ג""ינג""ר",Unknown,0.00,Unknown,false,1,12.90,0.0000,true,1,123458
5904277110958,false,קפה נמס נטול קפאין 1,INSTANTA,,קפה נמס,גרמים,100.00,100 גרם,false,1,19.90,19.9000,true,1,117773
5904277115274,false,קפה קופרו 200 גר,INSTANTA,,"קפה ""קופרו"" 200 גר""",גרמים,200.00,100 גרם,false,1,18.90,9.4500,true,1,117781
5904603190302,false,סלט כרוב כבוש 850 גר,דבורק,,סלט כרוב כבוש 850גר,גרמים,850.00,100 גרם,false,1,11.90,1.4000,true,1,149682
5904603190340,false,מלפפונים בחומץ עם שמ,,,מלפפונים בחומץ עם שמיר ושזיפים 860גר,גרמים,860.00,100 גרם,false,1,17.90,2.0814,true,1,165984
5904603190432,false,אפונה ירוקה דבורק 48,,,אפונה ירוקה דבורק 480 גר,גרמים,480.00,100 גרם,false,1,10.90,2.2708,true,1,211581
5904603190555,false,מלפפון בחומץ עם חזרת,,,מלפפון בחומץ עם שמיר 860 גר,גרמים,860.00,100 גרם,false,1,17.90,2.0814,true,1,176146
5904603190654,false,עגבניות צהוב אדום בח,דבורק,,עגבניות צהוב אדום בחומץ דבוריק 880 גר,גרמים,880.00,100 גרם,false,8,14.90,1.6932,true,1,149677
5904603190883,false,עגבניות ירוקות כבושו,דבורק,,עגבניות ירוקות כבושות דבוריק 880 גר,גרמים,880.00,100 גרם,false,1,14.90,1.6932,true,1,149678
5904603191323,false,מלפפונים כבושים דוור,דבורק,,מלפפונים כבושים 860גר,גרמים,860.00,100 גרם,false,1,17.90,2.0814,true,1,149680
5904603192054,false,מלפפונים בחומץ עם רו,,,מלפפונים בחומץ עם רוטב חרדל 700 גר,גרמים,700.00,100 גרם,false,8,17.90,2.5571,true,1,198127
5904941750312,false,"משקה אנרגיה BLU מוחיטו 250 מ""ל",אקו - ביט,PL,"משקה אנרגיה ""בלו"" מוחיטו",Unknown,0.00,Unknown,false,1,3.90,0.0000,true,1,123180
5904941751302,false,"משקה אנרגיה בלו 250 מ""ל- בודד",אקו - ביט,PL,"משקה אנרגיה ""BLU""",מיליליטרים,250.00,"100 מ""ל",false,1,3.90,1.5600,true,1,117815
5904941751524,false,"משקה אנרגיה BLU דיי אבטיח 250 מ""ל",אקו - ביט,PL,"משקה אנרגיה ""בלו"" אבטיח",Unknown,0.00,Unknown,false,1,3.90,0.0000,true,1,123179
5904941751715,false,"משקה אנרגיה בלו קרנברי 250 מ""ל -בודד",אקו - ביט,PL,"משקה אנרגיה ""BLU"" קר",מיליליטרים,250.00,"100 מ""ל",false,1,3.90,1.5600,true,1,117819
5904941751913,false,בלו משקה אנרגיה פסיפלורה 250מל,,,"משקה אנרגיה ""בלו"" בט",מיליליטרים,250.00,"100 מ""ל",false,1,3.90,1.5600,true,1,117824
5904941751920,false,בלו משקה אנרגיה דיי חצי מכמות הקלו250 מל,אקו - ביט,PL,"משקה אנרגיה ""בלו"" די",Unknown,0.00,Unknown,false,1,3.90,0.0000,true,1,117825
5905643070883,false,תות שדה בסירופ קל 40,,PL,תות שדה בסירופ קל 425 גר,גרמים,400.00,100 גרם,false,1,12.90,3.2250,true,1,172352
5906485301012,false,"משקה אנרגיה XL פחית 250 מ""ל","טמפו משקאות בע""מ",IL,משקה אנרגיה XL 250 מ,מיליליטרים,250.00,"100 מ""ל",false,1,4.20,1.6800,true,1,117853
5907070001096,false,גבינה לאזור בלו פרוס,,,גבינה לאזור בלו פרוסות 100 גר,גרמים,100.00,100 גרם,false,1,12.90,12.9000,true,1,192369
5907070006121,false,גבינה לאזור גולדן פר,Lazur,,גבינה לזור גולדן פרוס 100 גר,גרמים,100.00,100 גרם,false,1,12.90,12.9000,true,1,147086
5907623350404,false,כבד דג שיבוט 240 גר,,,כבד דג שיבוט 240 גר,גרמים,240.00,100 גרם,false,1,16.90,7.0417,true,1,118566
5935824563323,false,סנטה בסריג פסים 44*1,,,סנטה בסריג פסים 44*15*12 סמ,Unknown,0.00,Unknown,false,1,59.90,0.0000,true,1,207031
5941000025592,false,חטיפי תפוא הגל בטעם,,,חטיפי תפוא הגל בטעם גבינה של לייס 130 גר,גרמים,130.00,100 גרם,false,1,18.90,14.5385,true,1,210868
5941021001179,false,שוקולד סנטה היידי עו,,,קריסמס סנטה היידי 70 גר,גרמים,70.00,100 גרם,false,14,14.90,21.2857,true,1,181627
5941021003531,false,שוקולד איש שלג היידי,,,איש שלג היידי 20 גר,גרמים,20.00,100 גרם,false,15,3.90,19.5000,true,1,181631
5941021004446,false,שוקולד קריסמס סנטה ו,,,קריסמס סנטה ואיש שלג היידי 40 גר,גרמים,40.00,100 גרם,false,10,7.90,19.7500,true,1,181628
5941021004989,false,שוקולד איש שלג היידי,,,איש שלג היידי 70 גר,גרמים,70.00,100 גרם,false,14,14.90,21.2857,true,1,188552
5941021007492,false,שוקולד אייל היידי 70,,,שוקולד אייל היידי 70 גר,גרמים,70.00,100 גרם,false,1,14.90,21.2857,true,1,188553
5941021011277,false,שוקולד פינגווין הייד,,,פינגווין היידי 70 גר,גרמים,70.00,100 גרם,false,14,14.90,21.2857,true,1,188554
5941021013493,false,שוקולד היידי אנגי 70,,,שוקולד היידי אנגי 70 גר,גרמים,70.00,100 גרם,false,14,14.90,21.2857,true,1,200844
5941021019341,false,פינגווין קריסמס היי,,,פינגווין קריסמס היידי 20 גר,גרמים,20.00,100 גרם,false,15,3.90,19.5000,true,1,200846
5941021111564,false,קריסמס סנטה מגף הייד,,,קריסמס סנטה מגף היידי 20 גר,גרמים,20.00,100 גרם,false,15,3.90,19.5000,true,1,181629
5941974201978,false,בירה נמטסקויה פילס 5,מארטנס ס.א,,"בירה נמטסקויה פילס 500 מ""ל",מיליליטרים,500.00,"100 מ""ל",false,1,4.90,0.9800,true,1,185501
5942219000059,false,מים מינרלים מבעבעים,,,מים מינרליים בורסק 1.5 ליטר,ליטרים,1.50,ליטר,false,1,8.90,5.9333,true,1,117940
5998710131877,false,ממתק שוקולד שרי קווי,,,"חטיף ""בונבונטי"" דובדבן בשוקולד 36 גר",גרמים,36.00,100 גרם,false,1,3.90,10.8333,true,1,125344
5998749108550,false,ויסקאס חטיף עוף וגבינה 60 ג',ויסקס Whiskas,PL,"מזון לחתולים ""ויסקס"" עוף וגבינה 60 גר",גרמים,60.00,100 גרם,false,1,11.90,19.8333,true,1,143152
5998749128909,false,חטיף לחתולים ויסקס א,ויסקס,PL,אוכל לחתולים ויסקס חטיף אנטי היירבול 55,גרמים,55.00,100 גרם,false,1,11.90,21.6364,true,1,189217
6001067017530,false,קולגייט מברשת שיניים לילדים ספיידרמן,יבואן ומשווק: ש. שסט,CN,מברשת שיניים קולגייט לילדים 2-5,Unknown,0.00,Unknown,false,1,14.90,0.0000,true,1,125129
6008165271192,false,סיגריות פאל מאל אדום ארוך,אמריקן גרדן,,פאל מאל אדום ארוך,Unknown,0.00,Unknown,false,1,30.00,0.0000,false,1,125601
6111094000198,false,קוסקוס דק 350 ג' דארי,דארי Dari,,קוסקוס דארי 350 גר,גרמים,350.00,100 גרם,false,1,5.90,1.6857,true,1,179436
6111094000242,false,תומר קוסקוס דארי דק 500גר,דרי קוספט,MA,"קוסקוס ""דארי"" דק 500",גרמים,500.00,100 גרם,false,1,9.90,1.9800,true,1,112481
6111094000259,false,קוסקוס דארי בינוני ת,דארי Dari,,"קוסקוס ""דארי"" בינוני",גרמים,500.00,100 גרם,false,1,10.90,2.1800,true,1,112482
6111094000808,false,"קוסקוס דארי בינוני תומר 1 ק""ג + 10% תוספת",דרי קוספט,MA,"קוסקוס דארי בינוני 1.1 ק""ג",קילוגרמים,1.10,"ק""ג",false,1,14.90,13.5455,true,1,169761
6192923013251,false,שלישיית קישוטי לב/פע,,IL,שלישיית קישוטי לב לתלייה,Unknown,0.00,Unknown,false,1,19.90,0.0000,true,1,206203
6253504180394,false,כוס פלסטיק 100 יח,,,כוס פלסטיק 100 יח,Unknown,0.00,Unknown,false,1,6.90,0.0000,true,1,210857
6411401072666,false,פייזר פרליני שוקולד,,,"בונ"" ""פייזר ליקר"" 15",גרמים,150.00,100 גרם,false,12,19.90,13.2667,true,1,112562
6411401072758,false,פייזר פרליני שוקולד,,,פייזר פרליני שוקולד במילוי וודקה 150 גר,גרמים,150.00,100 גרם,false,12,19.90,13.2667,true,1,201067
6416453072817,false,פייזר שוקולד מריר גי,,,פייזר שוקולד מריר גיישה 150 גר,גרמים,150.00,100 גרם,false,12,19.90,13.2667,true,1,201066
6430016342049,false,חמאה טאוסנד לייק 475ג',,,"חמאה ""טאוסנד לייק"" 475 גר",גרמים,475.00,100 גרם,false,1,39.90,8.4000,true,1,150911
6523032590775,false,גרלנדה עם ריבועים במ,,,גרלנדה עם ריבועים במגוון צבעים,Unknown,0.00,Unknown,false,1,4.90,0.0000,true,1,200892
6769798451091,false,עץ אשוח מושלג פירות,,,עץ אשוח מושלג פירות אדומים 150 סמ,Unknown,0.00,Unknown,false,1,349.90,0.0000,true,1,207118
6769798454955,false,עץ אשוח ירוק 90 סמ,,,עץ אשוח ירוק 90 סמ,Unknown,0.00,Unknown,false,1,69.90,0.0000,true,1,207125
6892021001869,false,עץ אשוח דקורטיבי מוש,,IL,עץ אשוח דקורטיבי מושלג כוכב וכדורים 50סמ,Unknown,0.00,Unknown,false,1,49.90,0.0000,true,1,206653
6899636816987,false,בובת שור צעיף נק ורו,,IL,"בובת שור צעיף נק ורודות 20 ס""מ",Unknown,0.00,Unknown,false,1,39.90,0.0000,true,1,200523
6901022100409,false,גינגר כתוש 95% גינגר,עבדו,,גינגר כתוש 95% גינגר טרי 100 גר,גרמים,100.00,100 גרם,false,1,6.90,6.9000,true,1,212845
6901022100416,false,שום כתוש 95% שום טרי,עבדו,,שום כתוש 95% שום טרי 100 גר,גרמים,100.00,100 גרם,false,1,6.90,6.9000,true,1,212844
6901248893239,false,רצועות דביקון מיובש,אקוואטיק,,רצועות דביקון מיובש,גרמים,90.00,100 גרם,false,1,16.90,18.7778,true,1,142872
6901489340240,false,פטריות כבושות מיקס 8,,,פטריות כבושות מיקס 880 מל,מיליליטרים,840.00,"100 מ""ל",false,1,19.90,2.3690,true,1,124829
6901489340257,false,פטריות כבושות אופיאט,,,פטריות כבושות אופיאטה 880 מל,גרמים,840.00,100 גרם,false,1,19.90,2.3690,true,1,124832
6901489340271,false,פטריות כבושות בורובי,,,פטריות כבושות בורוביקי 880 מל,גרמים,840.00,100 גרם,false,1,19.90,2.3690,true,1,124827
6916305932516,false,קישוט לראש עץ קרן בו,,IL,קישוט לראש עץ קרן בורדו עם תחרה,Unknown,0.00,Unknown,false,1,19.90,0.0000,true,1,207380
6916305932592,false,מארז 4 מגפי סנטה לקי,,IL,מארז 4 מגפי סנטה לקישוט העץ,Unknown,0.00,Unknown,false,1,19.90,0.0000,true,1,207385
6920510504345,false,צעצוע פרוזן עם ממתק,,,צעצוע פרוזן עם ממתק סוויט בוקס 10 גר,Unknown,0.00,Unknown,false,1,11.90,0.0000,true,1,208404
6920510504369,false,צעצוע מכוניות עם ממת,,,צעצוע מכוניות עם ממתק סוויט בוקס 10 גר,Unknown,0.00,Unknown,false,1,11.90,0.0000,true,1,208405
6920510504383,false,צעצוע נסיכות עם ממתק,,,צעצוע נסיכות עם ממתק סוויט בוקס 10 גר,Unknown,0.00,Unknown,false,1,11.90,0.0000,true,1,208406
6920510504420,false,צעצוע ספיידרמן עם ממ,,,צעצוע ספיידרמן עם ממתק סוויט בוקס 10 גר,Unknown,0.00,Unknown,false,1,11.90,0.0000,true,1,208408
6920510504444,false,צעצוע הנוקמים עם ממת,,,צעצוע הנוקמים עם ממתק סוויט בוקס 10 גר,Unknown,0.00,Unknown,false,1,11.90,0.0000,true,1,208407
6920902690496,false,דגל בד 60/80,,,דגל בד 60/80,Unknown,0.00,Unknown,false,1,9.90,0.0000,true,1,197234
6920902697259,false,דגל בד 150/220,,,דגל בד 150/220,Unknown,0.00,Unknown,false,1,29.90,0.0000,true,1,197236
6921236832972,false,פטריות מוחמצות 840 ג,דליאן ג'יי אנד אן פו,,פטריות בחומץ 880 מל,גרמים,840.00,100 גרם,false,1,23.90,2.8452,true,1,118093
6922571300607,false,ארנה-דג פוטה עם צילי,ארנה,CN,ארנה-דג פוטה עם צילי 100 גר,גרמים,100.00,100 גרם,false,50,15.90,15.9000,true,1,190662
6922571301642,false,רצועות דינון מיובש ו,,,רצועות דינון מיובש וממולח בטעם מעושן,Unknown,0.00,Unknown,false,1,10.90,0.0000,true,1,196734
6922571302205,false,דג בליצוק ארנה 100 ג,אקוואטיק,,דג בליצוק ארנה 100 גר,גרמים,100.00,100 גרם,false,1,16.90,16.9000,true,1,193117
6922571330888,false,פרוסות דג שיבוט מיוב,קינגדאו,,פרוסות דג שיבוט מיובש וממולח 80 גר,גרמים,80.00,100 גרם,false,1,10.90,13.6250,true,1,147780
6927388792874,false,שלישיית כדורים תלת מ,,,שלישיית כדורים תלת מימד 8 סמ לקישוט,Unknown,0.00,Unknown,false,1,19.90,0.0000,true,1,208189
6936109021209,true,כרטיס ברכה קטן לקריס,,,כרטיס ברכה קטן לקריס,,0.00,,false,,1.00,0.0000,true,1,173245
6942971507031,false,סוויט בוקס צעצוע ודו,גואנגדונג ויסקי פודס,,מארז סוכ גלי בטעם פירות וצעצוע חתולים,Unknown,0.00,Unknown,false,1,11.90,0.0000,true,1,178714
6942971507123,false,סוויט בוקס צעצוע ודו,גואנגדונג ויסקי פודס,,מארז סוכ גלי בטעם פירות וצעצוע כלבים,Unknown,0.00,Unknown,false,1,11.90,0.0000,true,1,178715
6942971508090,false,סוויט בוקס צעצוע ודו,,,מארז סוכ גלי עם צעצוע תינוקות,Unknown,0.00,Unknown,false,1,11.90,0.0000,true,1,180274
6944027000015,false,תה סיני 125 גר,זאינינג קריאלס אואיל,,"תה סיני 125 גר""",מיליליטרים,125.00,"100 מ""ל",false,1,6.90,5.5200,true,1,118307
6944027000428,false,תה ירוק סיני 250 גר,זאינינג קריאלס אואיל,,"תה סיני 250 גר""",גרמים,250.00,100 גרם,false,1,11.90,4.7600,true,1,118308
6944027000725,false,תה ירוק יסמין 100 גר,זאינינג קריאלס אואיל,,"תה סיני ""ג""אסמין"" 10",גרמים,100.00,100 גרם,false,1,9.90,9.9000,true,1,118310
6956986351626,false,"פינגווין 27 ס""מ",,IL,"פינגווין 27 ס""מ",Unknown,0.00,Unknown,false,1,49.90,0.0000,true,1,200531
6957763801518,false,סאיירה במיץ טבעי 425,,,סאיירה במיץ טבעי 425 גר,גרמים,425.00,100 גרם,false,1,12.90,3.0353,true,1,205752
6957763801525,false,סאיירה בשמן צמחי 425,,,סאיירה בשמן צמחי 425 גר,גרמים,425.00,100 גרם,false,1,12.90,3.0353,true,1,205754
6969691821889,false,קישוט סנטה/סמל השנה,,IL,קישוט סנטה/סמל השנה סנובים גודום,Unknown,0.00,Unknown,false,1,8.90,0.0000,true,1,200355
6971289090010,false,פטריות מאסליאטה מוחמ,,,פטריות מאסליאטה מוחמצות שלמות 530 מל,מיליליטרים,530.00,"100 מ""ל",false,1,15.90,3.0000,true,1,184611
6971289090027,false,פטריות לבנות מוחמצות,,,"פטריות לבנות מוחמצות שלמות 530 מ""ל",מיליליטרים,530.00,"100 מ""ל",false,1,15.90,3.0000,true,1,184615
6971289090041,false,פטריות לבנות מוחמצות,,,"פטריות לבנות מוחמצות אלפא שלמות 840 מ""ל",מיליליטרים,840.00,"100 מ""ל",false,1,22.90,2.7262,true,1,185506
6971289090058,false,פטריות גרוזדי מוחמצו,,,"פטריות גרוזדי מוחמצות אלפא שלמות 840 מ""ל",מיליליטרים,840.00,"100 מ""ל",false,1,19.90,2.3690,true,1,185504
6971289090096,false,פטריות אופיאטה מוחמצ,,,פטריות אופיאטה מוחמצות אלפא שלמות 840 מל,מיליליטרים,840.00,"100 מ""ל",false,1,24.90,2.9643,true,1,185502
6972554330015,true,קיסמי שיניים,,IL,קיסמי שיניים,Unknown,0.00,Unknown,false,1,1.50,0.0000,true,1,199719
6985124200595,false,סניגורוצקה חצאית טול,,IL,סניגורוצקה חצאית טול לבנה 30 סמ,Unknown,0.00,Unknown,false,1,79.90,0.0000,true,1,200255
7290000000018,false,כרוב קייל,ירק הגליל,,כרוב קייל,Unknown,0.00,Unknown,false,1,12.90,0.0000,true,1,95625
7290000000169,false,תפוח אדמה לאפיה,ביכורי שדה דרום 2002,,"תפו""א לאפיה",קילוגרמים,1.00,"ק""ג",true,,4.90,4.9000,true,1,96235
7290000000285,false,נקניק אגסי,ישרקו שיווק מותגי מז,,נקניק אגסי,קילוגרמים,1.00,"ק""ג",true,,179.00,179.0000,true,1,96351
7290000000390,false,מארז שוופס סודה 250,"ולדמן ביח""ר לנקניק ו",,נקניק בריאנסקיה,קילוגרמים,1.00,"ק""ג",true,,85.00,85.0000,true,1,93374
7290000000396,false,פריזר אליטניה,"ולדמן ביח""ר לנקניק ו",,פריזר אליטנאיה,קילוגרמים,1.00,"ק""ג",true,,89.00,89.0000,true,1,92926
7290000000403,false,עוף מעושן,"ולדמן ביח""ר לנקניק ו",,עוף מעושן,קילוגרמים,1.00,"ק""ג",true,,49.00,49.0000,true,1,93375
7290000000406,false,קוסטיצה/מילאנו/אפוי,"ולדמן ביח""ר לנקניק ו",,קוסטיצה/מילנו/אפוי,קילוגרמים,1.00,"ק""ג",true,,199.00,199.0000,true,1,92939
7290000000414,false,נקניק קרקובסקיה,"ולדמן ביח""ר לנקניק ו",,נקניק קרקובסקיה,קילוגרמים,1.00,"ק""ג",true,,119.00,119.0000,true,1,95767
7290000000423,false,ישבן הודו מעושן,"ולדמן ביח""ר לנקניק ו",,ישבן הודו מעושן,קילוגרמים,1.00,"ק""ג",true,,29.00,29.0000,true,1,93994
7290000000432,false,נקניק דטסקיה,"ולדמן ביח""ר לנקניק ו",,נקניק דטסקיה,קילוגרמים,1.00,"ק""ג",true,,75.00,75.0000,true,1,93997
7290000000436,false,בוט דיאטטי מעושן,"ולדמן ביח""ר לנקניק ו",,בוט דיאטטי מעושן,קילוגרמים,1.00,"ק""ג",true,,85.00,85.0000,true,1,95783
7290000000450,false,פריזר דוקטורסקייה/מי,"ולדמן ביח""ר לנקניק ו",,פריזר דוקטורסקייה/מיני,קילוגרמים,1.00,"ק""ג",true,,65.00,65.0000,true,1,95161
7290000000456,false,פרלמנט,"ולדמן ביח""ר לנקניק ו",,פרלמנט,קילוגרמים,1.00,"ק""ג",true,,95.00,95.0000,true,1,93410
7290000000468,false,כרעיים/שוקיים עוף מע,"ולדמן ביח""ר לנקניק ו",,כרעיים/שוקיים עוף מע,קילוגרמים,1.00,"ק""ג",true,,49.00,49.0000,true,1,95169
7290000000478,false,לשון בקר מבושל,"ולדמן ביח""ר לנקניק ו",,לשון בקר מבושל,קילוגרמים,1.00,"ק""ג",true,,85.00,85.0000,true,1,93420
7290000000495,false,קבנוס פראג,"ולדמן ביח""ר לנקניק ו",,קבנוס פראג,קילוגרמים,1.00,"ק""ג",true,,105.00,105.0000,true,1,93425
7290000000612,false,פריזר צאיניה,קרלברג ייצור ושיווק,,פסטרמה כתף בקר,קילוגרמים,1.00,"ק""ג",true,,79.00,79.0000,true,1,95869
7290000000613,false,פריזר עוף ליאונסקיה,קרלברג ייצור ושיווק,,אוסובוקו,קילוגרמים,1.00,"ק""ג",true,,65.00,65.0000,true,1,93075
7290000000832,false,פריזר ביצה,מעדני מניה תעשיות בש,,פריזר ביצה,קילוגרמים,1.00,"ק""ג",true,,39.00,39.0000,true,1,96708
7290000000850,false,קרקובסקיה דימוב,מעדני בשר השוקת,,קרקובסקיה דימוב,קילוגרמים,1.00,"ק""ג",true,,99.00,99.0000,true,1,94447
7290000001011,false,זרניסטיה,מעדני מניה תעשיות בש,,זרניסטיה,קילוגרמים,1.00,"ק""ג",true,,155.00,155.0000,true,1,92445
7290000001132,false,פריזר צהוב קטן,מעדני מניה תעשיות בש,,פריזר צהוב קטן,קילוגרמים,1.00,"ק""ג",true,,35.00,35.0000,true,1,143325
7290000001140,false,פריזר תה בייבי,מעדני מניה תעשיות בש,,"נקניק פריזר תה צ""איניה בייבי",קילוגרמים,1.00,"ק""ג",true,,65.00,65.0000,true,1,122418
7290000001396,false,פריזר אליטניה מיני,"ולדמן ביח""ר לנקניק ו",,פריזר אליטניה מיני,קילוגרמים,1.00,"ק""ג",true,,89.00,89.0000,true,1,93488
7290000001401,false,נקניק סופר דומשניה,"ולדמן ביח""ר לנקניק ו",,נקניק סופר דומאשניה,קילוגרמים,1.00,"ק""ג",true,,129.00,129.0000,true,1,96819
7290000001417,false,נקניק ליברנייה,"ולדמן ביח""ר לנקניק ו",,נקניק ליברנייה,קילוגרמים,1.00,"ק""ג",true,,75.00,75.0000,true,1,148917
7290000001425,false,בוט מולוצניה בוואקום,"ולדמן ביח""ר לנקניק ו",,בוט מולוצניה בוואקום,קילוגרמים,1.00,"ק""ג",true,,79.00,79.0000,true,1,148879
7290000001435,false,כנפיים הודו מעושנות,"ולדמן ביח""ר לנקניק ו",,כנפיים הודו מעושן,קילוגרמים,1.00,"ק""ג",true,,49.00,49.0000,true,1,148863
7290000001448,false,קייזר מחולק בוואקום,"ולדמן ביח""ר לנקניק ו",,קייזר מחולק בוואקום,קילוגרמים,1.00,"ק""ג",true,,179.00,179.0000,true,1,148876
7290000001470,false,קייזר כפול מחולק בוו,"ולדמן ביח""ר לנקניק ו",,קייזר קפול מחולק בוואקום,קילוגרמים,1.00,"ק""ג",true,,179.00,179.0000,true,1,148877
7290000001500,false,פריזר רוסי קטן,מעדני מניה תעשיות בש,,פריזר רוסי קטן,קילוגרמים,1.00,"ק""ג",true,,69.00,69.0000,true,1,96214
7290000001508,false,פריזר בייגלה,מעדני מניה תעשיות בש,,פריזר בייגלה,קילוגרמים,1.00,"ק""ג",true,,69.00,69.0000,true,1,96216
7290000001517,false,פריזר בייבי סנדוויץ,מעדני מניה תעשיות בש,,"פריזר ביבי סנדוויץ""",קילוגרמים,1.00,"ק""ג",true,,35.00,35.0000,true,1,94085
7290000001535,false,פילה א,מעדני מניה תעשיות בש,,"פילה א""",קילוגרמים,1.00,"ק""ג",true,,119.00,119.0000,true,1,96833
7290000001553,false,קוסטיצה לבן/שחור,מעדני מניה תעשיות בש,,קוסטיצה לבן/שחור,קילוגרמים,1.00,"ק""ג",true,,129.00,129.0000,true,1,96221
7290000001597,false,פריזר עגל בייבי,מעדני מניה תעשיות בש,,פריזר עגל ביבי,קילוגרמים,1.00,"ק""ג",true,,55.00,55.0000,true,1,96840
7290000001611,false,פריזר סליבוצניה מיני,,,פריזר סליבוצניה מיני,קילוגרמים,1.00,"ק""ג",true,,89.00,89.0000,true,1,199459
7290000001832,false,לוביטלסקיה בייבי,מעדני מניה תעשיות בש,,לוביטלסקיה בייבי,קילוגרמים,1.00,"ק""ג",true,,35.00,35.0000,true,1,96264
7290000001864,false,פיקוליני שום/חרדל/בי,מעדני בשר השוקת,,פיקוליני אישי שום/חרדל/ביקון/שישליק/גבינ,קילוגרמים,1.00,"ק""ג",true,,159.00,159.0000,true,1,121528
7290000003009,false,סרדלקי טלינסקיה,מעדני בשר השוקת,,סרדלקי טלינסקיה,קילוגרמים,1.00,"ק""ג",true,,59.00,59.0000,true,1,93634
7290000003011,false,נקניק לבובסקיה,מעדני בשר השוקת,,נקניק לבובסקיה,קילוגרמים,1.00,"ק""ג",true,,79.00,79.0000,true,1,95737
7290000003012,false,נקניק רוסטובסקיה,מעדני בשר השוקת,,נקניק רוסטובסקיה,קילוגרמים,1.00,"ק""ג",true,,79.00,79.0000,true,1,96980
7290000003025,false,פסטרמה עננים,מעדני בשר השוקת,,פסטרמה עננים,קילוגרמים,1.00,"ק""ג",true,,85.00,85.0000,true,1,96369
7290000003266,false,פילה סלמון,,,פילה סלמון,קילוגרמים,1.00,"ק""ג",true,,89.90,89.9000,true,1,213885
7290000023809,false,"יין ברקן קלאסיק קברנה סובניון 750מ""ל",יקבי ברקן שיווק והפצ,IL,"יין ""קלאסיק"" קברנה ס",מיליליטרים,750.00,"100 מ""ל",false,1,32.90,4.3867,true,1,93759
7290000023816,false,"יין ברקן קלאסיק אמרלד ריזלינג 750מ""ל",יקבי ברקן שיווק והפצ,IL,"יין ""קלאסיק"" אמרלד ר",מיליליטרים,750.00,"100 מ""ל",false,1,32.90,4.3867,true,1,94199
7290000023823,false,יין ברקן קלאסיק סובנ,יקבי ברקן שיווק והפצ,IL,"יין ""קלאסיק"" סוביניו",מיליליטרים,750.00,"100 מ""ל",false,1,32.90,4.3867,true,1,94200
7290000023977,false,"יין ברקן קלאסיק מרלו 750 מ""ל",יקבי ברקן שיווק והפצ,IL,"יין ""קלאסיק"" מרלו 750 מ""ל",מיליליטרים,750.00,"100 מ""ל",false,1,32.90,4.3867,true,1,93760
7290000024202,false,"יין ברקן רזרב קברנה סובניון 750 מ""ל",ברקן שיווק והפצה בעמ,IL,"יין ""רזרב"" קברנה סוב",מיליליטרים,750.00,"100 מ""ל",false,1,49.90,6.6533,true,1,120474
7290000024264,false,"יין ברקן רזרב מרלו 750 מ""ל",כרמי צבי - אחים סגל,IL,"יין ""רזרב"" מרלו 0.75",מיליליטרים,750.00,"100 מ""ל",false,1,49.90,6.6533,true,1,120475
7290000024523,false,מיץ ענבים תירוש אדום,כרמי צבי - האחים סגל,IL,מיץ ענבים ברקן 1ליטר,מיליליטרים,1000.00,"100 מ""ל",false,1,17.90,1.7900,true,1,123750
7290000024943,false,וודקה קגלביץ מלון 70,ברקן סגל,,"וודקה ""קגלביץ"""" מלון",מיליליטרים,700.00,"100 מ""ל",false,1,39.80,5.6857,true,1,95922
7290000036144,false,קורנפלור שקית 200 גר,קריות זול,IL,קורנפלור שקית,גרמים,200.00,100 גרם,false,1,3.90,1.9500,true,1,96547
7290000036151,false,קורנפלור 500 גר,גלעם,,קורנפלור 500 ג,גרמים,500.00,100 גרם,false,1,7.90,1.5800,true,1,94697
7290000040042,false,יוגורט תות %3 גביע 150 ג' יופלה,תנובה בעמ,IL,יופלה תות 3%,גרמים,150.00,100 גרם,false,1,5.00,3.3333,true,1,94698
7290000040066,false,יוגורט דובדבן 3% שומן 150 ג' יופלה,תנובה מרכז שיתופי לש,IL,יופלה דובדבן 3%,גרמים,150.00,100 גרם,false,1,5.00,3.3333,true,1,96548
7290000040080,false,יוגורט אפרסק 3% שומן 150 ג' יופלה,תנובה בעמ,IL,יופלה אפרסק 3%,גרמים,150.00,100 גרם,false,1,5.00,3.3333,true,1,94205
7290000040974,false,חלב תנובה קרטון דל לקטוז 2% 1ל,תנובה מרכז שיתופי לש,IL,חלב טרי דל לקטוז 1 ל,ליטרים,1.00,ליטר,false,1,7.00,7.0000,true,1,93767
7290000041858,false,"שמנת חמוצה 15% יטבתה 200 מ""ל מהדרין",שטראוס גרופ,IL,שמנת חמוצה 15%,מיליליטרים,200.00,"100 מ""ל",false,1,2.40,1.2000,true,1,93768
7290000042015,false,חלב טרי 3% תנובה שקית 1ל' מהדרין,תנובה מרכז שיתופי לש,IL,חלב שקית 1 ליטר מהדר,ליטרים,1.00,ליטר,false,1,5.43,5.4300,true,1,95928
7290000042435,false,חלב טרי 1% קרטון פקק 1ל' תנובה,תנובה מרכז שיתופי לש,IL,חלב דל שומן בקרטון 1,ליטרים,1.00,ליטר,false,1,5.86,5.8600,true,1,95930
7290000042640,false,"חלב תנובה עמיד 3% קרטון 250 מ""ל",קריות זול,IL,250 חלב עמיד,מיליליטרים,250.00,"100 מ""ל",false,1,2.90,1.1600,true,1,95931
7290000043012,false,"שוקו עמיד 2% בקרטון 250 מ""ל תנובה",תנובה מרכז שיתופי לש,IL,25שוקו עמיד,מיליליטרים,250.00,"100 מ""ל",false,1,4.90,1.9600,true,1,95298
7290000043814,false,"שמנת מתוקה להקצפה 38% 250 מ""ל תנובה",תנובה מרכז שיתופי לש,IL,שמנת עמידה לקצפת 38%,מיליליטרים,250.00,"100 מ""ל",false,1,6.47,2.5880,true,1,94702
7290000043890,false,רויון בקרטון 1 ליטר,תנובה מרכז שיתופי לש,IL,רויון 1 ליטר,ליטרים,1.00,ליטר,false,1,11.90,11.9000,true,1,95299
7290000043944,false,כד יוגורט תנובה 4% שומן 1.5 ליטר,מיוצר עי קונדיטוריית,IL,יוגורט 4.5% 1.5 ליטר,ליטרים,1.50,ליטר,false,1,16.90,11.2667,true,1,94210
7290000044712,false,יוגורט עם תות 1.5% שומן 500 ג' פרילי,מיוצר עי קונדיטוריית,IL,"פרילי תות 500 מ""ל",מיליליטרים,500.00,"100 מ""ל",false,1,11.90,2.3800,true,1,95300
7290000044880,false,באדי יוגורט תות 3% שומן 500 ג' תנובה,מיוצר עי קונדיטוריית,IL,"באדי תות 500 מ""ל",גרמים,500.00,100 גרם,false,1,8.90,1.7800,true,1,93770
7290000045573,false,גבינת מותכת משולשים 25% שומן 200 ג' נעמה,קריות זול,IL,גבינה משולשת נעמה 20,גרמים,200.00,100 גרם,false,1,15.90,7.9500,true,1,93771
7290000045580,false,"גבינת מותכת נעמה חורש 25%, 240 ג'",תנובה מרכז שיתופי לש,IL,גבינה משולשת חורש,גרמים,240.00,100 גרם,false,1,18.90,7.8750,true,1,93772
7290000045771,false,יוגורט 4% שומן 3 ל' תנובה,תנובה מרכז שיתופי לש,IL,יוגורט 4.5% 3 ליטר,ליטרים,3.00,ליטר,false,1,29.90,9.9667,true,1,94705
7290000045917,false,תנובה גבינת פרומעז 23% גלילית 200ג,קריות זול,IL,"קולאז"" גבינת עיזים (",גרמים,200.00,100 גרם,false,1,26.90,13.4500,true,1,95301
7290000046327,false,"גבינת גלבוע פרוס 22%, 200 ג' תנובה",תנובה מרכז שיתופי לש,IL,גבינה גלבוע פרוס,גרמים,200.00,100 גרם,false,1,13.90,6.9500,true,1,95303
7290000047546,false,כנען גבינה לבנה ללא מלח 5% 500 ג',תנובה מרכז שיתופי לש,IL,גבינה לבנה כנען 500 גר,גרמים,500.00,100 גרם,false,1,24.90,4.9800,true,1,93148
7290000048185,false,גבינה לבנה 5% שומן 250 ג' תנובה,מיוצר עי קונדיטוריית,IL,גבינה למריחה 5% 250,גרמים,250.00,100 גרם,false,1,4.90,1.9600,true,1,93149
7290000048192,false,גבינה לבנה 9% שומן 250 ג' תנובה,מחלבת אלון תבור,IL,גבינה למריחה 9% 250,גרמים,250.00,100 גרם,false,1,4.90,1.9600,true,1,93150
7290000048307,false,קוטג' 5% וזיתים ירוקים 250ג' תנובה,מיוצר עי קונדיטוריית,IL,"קוטג"" זיתים 5% 250 ג",גרמים,250.00,100 גרם,false,1,6.30,2.5200,true,1,96555
7290000048437,false,גבינה צפתית 5% 200 ג' פיראוס,פארייפאבה אגרואינדוס,IL,גבינה צפתית פיראוס 5% 200 גר,גרמים,200.00,100 גרם,false,1,14.80,7.4000,true,1,95306
7290000050447,false,יוגורט תות 500 ג' יופלה,מיוצר עי קונדיטוריית,IL,"יופלה ""YYY"" תות 3% 5",גרמים,500.00,100 גרם,false,1,13.90,2.7800,true,1,93774
7290000050454,false,יוגורט אפרסק 500 ג' יופלה,מיוצר עי קונדיטוריית,IL,"יופלה ""YYY"" אפרסק 3%",מיליליטרים,500.00,"100 מ""ל",false,1,13.90,2.7800,true,1,94707
7290000051006,false,קישקע במגש,,,קישקע במגש,קילוגרמים,1.00,"ק""ג",true,,45.90,45.9000,true,1,92936
7290000051307,false,מארז הפסקת אוכל עם דגני עוגי ומשקה חלב עמיד בטעם וניל,תנובה מרכז שיתופי לש,IL,הפסקת אוכל דגני עוגי,גרמים,150.00,100 גרם,false,1,8.90,5.9333,true,1,95309
7290000051352,false,חלב מלא בטעם של פעם 3.4% תנובה קרטון 1 ל',תנובה מרכז שיתופי לש,IL,חלב של פעם מלא 3.5%,ליטרים,1.00,ליטר,false,1,7.70,7.7000,true,1,93152
7290000051376,false,יופלה דיאט אננס גביע 150 ג',תנובה מרכז שיתופי לש,IL,יופלה דיאט אננס ספור,גרמים,150.00,100 גרם,false,1,4.80,3.2000,true,1,94709
7290000051710,false,לאבנה 9% עם שמן זית וזעתר 263 ג' פיראוס,"תנובה, מחלבת אלון תב",IL,פיראוס לבנה עם שמן ז,גרמים,263.00,100 גרם,false,1,13.90,5.2852,true,1,93153
7290000052311,false,גבינה צהובה לייט 15% 200 ג' עמק,תנובה מרכז שיתופי לש,IL,עמק פרוס בקופסה 15%,גרמים,200.00,100 גרם,false,1,16.90,8.4500,true,1,94714
7290000052649,false,גבינת לאבנה 5% שומן 500 ג' פיראוס,תנובה מרכז שיתופי לש,IL,גבינת פיראוס לאבנה 5% 500 גר,גרמים,500.00,100 גרם,false,1,19.90,3.9800,true,1,95937
7290000052717,false,קוטג' 5%עם שום שמיר 250 ג' תנובה,מיוצר עי קונדיטוריית,IL,"קוטג"" 5% עם שום שמיר 250 גר",גרמים,250.00,100 גרם,false,1,6.30,2.5200,true,1,121849
7290000055329,false,יופלה משקה יוגורט תות מלון 1.5% 250מל.,תנובה מרכז שיתופי לש,IL,"משקה יוגורט ""יופלה""",גרמים,250.00,100 גרם,false,1,5.50,2.2000,true,1,97187
7290000055336,false,יופלה משקה יוגורט בננה אפרסק 1.5% 250מל,תנובה מרכז שיתופי לש,IL,"משקה יוגורט ""יופלה""",גרמים,250.00,100 גרם,false,1,5.50,2.2000,true,1,93161
7290000055343,false,יופלה משקה יוגורט טרופי 1.5% 250מל,תנובה מרכז שיתופי לש,IL,"משקה יוגורט ""יופלה""",גרמים,250.00,100 גרם,false,1,5.50,2.2000,true,1,94246
7290000056845,false,חלב טרי 3% הומוגני קרטון 1.5 ל' תנובה,פארייפאבה אגרואינדוס,IL,חלב טרי הומוגני 3% 1.5 ליטר,מיליליטרים,1500.00,"100 מ""ל",false,1,9.34,0.6227,true,1,93791
7290000056906,true,יוגורט ביו 1.5% יופל,,,מאגדת שמינייה יופלה,גרמים,1200.00,100 גרם,false,1,16.80,1.4000,true,1,97086
7290000056951,false,"שמנת לבישול 15% שומן 500 מ""ל תנובה",תנובה מרכז שיתופי לש,IL,שמנת לבישול 15% 500מ,מיליליטרים,500.00,"100 מ""ל",false,1,16.90,3.3800,true,1,97190
7290000057088,false,גבינת דק דק 28% 200 ג' עמק,תנובה מרכז שיתופי לש,IL,"גבינה עמק דק 200גר""",גרמים,200.00,100 גרם,false,1,16.90,8.4500,true,1,94725
7290000057118,true,גבינה עמק קלאסית 400,,,גבינה סמי עמק 400 גר,גרמים,400.00,100 גרם,false,1,21.90,5.4750,true,1,95850
7290000057132,false,יוגורט טבעי 1.5% שומן 200 ג' תנובה,מחלבת אלון תבור,IL,"יוגורט ""תנובה"" 1.5%",גרמים,200.00,100 גרם,false,1,3.10,1.5500,true,1,95324
7290000057149,false,יוגורט טבעי 3% שומן 200 ג' תנובה,מיוצר עי קונדיטוריית,IL,יוגורט תנובה טבעי 3% 200 גר,גרמים,200.00,100 גרם,false,1,3.10,1.5500,true,1,96572
7290000058030,false,"יופלה שטוזים משקה יוגורט תות 8 יח' * 100 מ""ל",מיוצר עי קונדיטוריית,IL,יופלה שטוזים משקה יוגורט תות 800,מיליליטרים,800.00,"100 מ""ל",false,1,21.90,2.7375,true,1,119122
7290000058047,true,שמנת 38% עמידה 500 מ,,,שמנת 38% עמידה 500 מל,מיליליטרים,500.00,"100 מ""ל",false,1,12.94,2.5880,true,1,121523
7290000060163,false,פסטה אסם אטריות דקות 400גר,"אסם השקעות בע""מ",IL,אסם אטריות דקות 400,גרמים,400.00,100 גרם,false,1,7.50,1.8750,true,1,95952
7290000060200,false,פסטה אסם פתיתים אפויים קוסקוס 500גר,"אסם השקעות בע""מ",IL,פתיתים אפויים קוסקוס,גרמים,500.00,100 גרם,false,1,7.90,1.5800,true,1,97193
7290000060217,false,פסטה אסם מקרוני 7 500 גר,קריות זול,IT,"פסטה מקרוני 500 ג""ר",גרמים,500.00,100 גרם,false,1,5.90,1.1800,true,1,93170
7290000060248,false,פסטה אסם פתיתים תלתלים 500גר,קריות זול,IT,אטריות אסם תלתלים 500 גר,גרמים,500.00,100 גרם,false,1,5.90,1.1800,true,1,93171
7290000060330,false,פרפקטו פרפקטו ספיראלי גירף 500 גר,קריות זול,IT,פרפקטו ספירלי (57) 5,גרמים,500.00,100 גרם,false,1,7.90,1.5800,true,1,94251
7290000060408,false,פסטה אסם פתיתים אפויים טבעות 500 גר,"אסם השקעות בע""מ",IL,פתיתים אפויים טבעות,גרמים,500.00,100 גרם,false,1,7.90,1.5800,true,1,96580
7290000060576,false,פסטה אסם פתיתים אפוי כוכב 500גר,"אסם השקעות בע""מ",IL,פתיתים אפויים כוכבים,גרמים,500.00,100 גרם,false,1,7.90,1.5800,true,1,97194
7290000060781,false,פסטה אסם פתיתים מסולסלים 500גר,קריות זול,IT,פתיתים אסם מסולסלים,גרמים,500.00,100 גרם,false,1,5.90,1.1800,true,1,96582
7290000060828,false,פסטה קרניים בינוניות 500 ג' אסם,קריות זול,IT,פסטה אסם קרניים בינו,גרמים,500.00,100 גרם,false,1,5.90,1.1800,true,1,97195
7290000060842,false,פסטה אסם פתיתים צדפים גדולים 500גר,קריות זול,IT,פסטה אסם צדפים גדולי,גרמים,500.00,100 גרם,false,1,5.90,1.1800,true,1,95331
7290000060859,false,פסטה אסם פתיתים צדפים קטנים 500גר,קריות זול,IT,פסטה אסם צדפים קטנים,גרמים,500.00,100 גרם,false,1,5.90,1.1800,true,1,95332
7290000060880,false,פסטה מס' 8 ספגטי אסם 500ג',קריות זול,IT,"ספגטי אסם (3) 500 ג""",גרמים,500.00,100 גרם,false,1,5.90,1.1800,true,1,93173
7290000060903,false,פסטה אסם פתיתים אפויים אורז 500גר,"אסם השקעות בע""מ",IL,פתיתים אפויים אורז 5,גרמים,500.00,100 גרם,false,1,7.90,1.5800,true,1,94254
7290000060958,false,פסטה אסם אטריות בינוניות 400 גרם,"אסם השקעות בע""מ",IL,אסם אטריות בינוניות,גרמים,400.00,100 גרם,false,1,7.50,1.8750,true,1,94255
7290000060965,false,פסטה אסם אטריות רחבות 400גר,"אסם השקעות בע""מ",IL,אסם אטריות רחבות 400,גרמים,400.00,100 גרם,false,1,7.50,1.8750,true,1,94730
7290000061061,false,קרקר בצל אסם 250 גרם,"אסם השקעות בע""מ",IL,"קרקר בצל 250 ג""ר",גרמים,250.00,100 גרם,false,1,10.90,4.3600,true,1,93174
7290000061214,false,פתיתים אפויים קוסקוס עם בצל אסם 500 גר',"אסם השקעות בע""מ",IL,פתיתי קוסקוס עם בצל,גרמים,500.00,100 גרם,false,1,7.90,1.5800,true,1,97196
7290000061764,false,נסקפה רד מאג טעם חדש 200ג',נסטלה ספרד קפה,ES,קפה נמס רד מאג 200 ג,גרמים,200.00,100 גרם,false,1,24.90,12.4500,true,1,94257
7290000062242,false,דובונים שמנת בצל 40 גר' אסם,"אסם השקעות בע""מ",IL,דובונים בטעם שמנת בצל 40 גר,גרמים,40.00,100 גרם,false,1,4.90,12.2500,true,1,119723
7290000063102,false,קמח עוגה אסם תופח מאליו 350ג',"אסם השקעות בע""מ",IL,קמח תופח מאליו 350 ג,גרמים,350.00,100 גרם,false,1,4.90,1.4000,true,1,95955
7290000063140,false,שקדי מרק רכיבים טבעיים בשקית 400 ג' אסם,"אסם השקעות בע""מ",IL,שקדי מרק רכיבים טבעי,גרמים,400.00,100 גרם,false,1,10.90,2.7250,true,1,95337
7290000063157,false,"קמח תופח מאליו אסם 1 ק""ג","אסם השקעות בע""מ",IL,"קמח תופח מאליו 1 ק""ג",גרמים,1000.00,100 גרם,false,1,9.90,0.9900,true,1,96587
7290000065090,false,מיני קרוטונים למרק ולסלט 400 ג' אסם,עינת תעשיות מזון,IL,מיני קרוטונים למרק 400 גר,גרמים,400.00,100 גרם,false,1,22.90,5.7250,true,1,97201
7290000065391,false,פילה נסיכת הנילוס 10,,,פילה נסיכת הנילוס 100%,קילוגרמים,1.00,"ק""ג",true,,49.90,49.9000,true,1,213081
7290000065557,false,אוסם - מנה חמה קוסקוס עם ירקות 84 גרם,"אסם תעשיות מזון בע""מ",IL,מנה חמה קוסקוס עם יר,גרמים,84.00,100 גרם,false,1,6.90,8.2143,true,1,94736
7290000066196,false,ביסלי גדול בטעם גריל 200 ג' אסם,מיוצר עי קונדיטוריית,IL,ביסלי בטעם גריל 200,גרמים,200.00,100 גרם,false,1,7.90,3.9500,true,1,93804
7290000066264,false,אוסם - חטיף דובונים 40 גרם,"אסם השקעות בע""מ",IL,היסטרי דובונים חטיף 40גר,גרמים,40.00,100 גרם,false,1,4.90,12.2500,true,1,94262
7290000066295,false,אסם במבה תות מחומרים טבעיים 30גר,מיוצר עי קונדיטוריית,IL,במבה מתוקה מחומרים ט,גרמים,30.00,100 גרם,false,1,2.90,9.6667,true,1,96593
7290000066332,false,אפרופו חטיף אסם 50ג',מיוצר עי קונדיטוריית,IL,"אפרופו 50 ג""ר",גרמים,50.00,100 גרם,false,1,5.50,11.0000,true,1,93181
7290000066431,false,פופקו חטיף תירס בטעם חמאה ודבש 80 גרם,מיוצר עי קונדיטוריית,IL,פופקו חטיף תירס בטעם,גרמים,80.00,100 גרם,false,1,4.90,6.1250,true,1,95959
7290000067544,false,פירורית זהב שקית 200גר,עינת תעשיות מזון,IL,"פירורית זהב 200 ג""ר",גרמים,200.00,100 גרם,false,1,6.90,3.4500,true,1,94266
7290000067599,false,אוסם - מנה חמה ספגטי רוטב בולנז 65 גרם,"אסם השקעות בע""מ",IL,מנה חמה ספגטי בולונז,גרמים,65.00,100 גרם,false,1,6.90,10.6154,true,1,94747
7290000068138,false,אסם פודינג אינסטנט וניל 80 גרם,מיוצר עי קונדיטוריית,IL,פודינג אינסטנט בטעם,גרמים,80.00,100 גרם,false,1,5.90,7.3750,true,1,93807
7290000068190,false,ג'לי תות שדה צבע טבעי 85 ג',מיוצר עי קונדיטוריית,IL,"ג""לי בזק בטעם תות שד",גרמים,90.00,100 גרם,false,1,5.90,6.5556,true,1,95964
7290000068237,false,ג'לי פטל צבע טבעי 85ג' אסם,מיוצר עי קונדיטוריית,IL,"ג""לי בזק בטעם פטל צב",גרמים,85.00,100 גרם,false,1,5.90,6.9412,true,1,95965
7290000069156,false,דלידג פילה סלמון נור,,,פילה דג סלמון קפוא,קילוגרמים,1.00,"ק""ג",true,,89.90,89.9000,true,1,190638
7290000069583,false,סטייק סלומון נורבגי,,,סטייק סלומון נורבגי,קילוגרמים,1.00,"ק""ג",true,,69.90,69.9000,true,1,118689
7290000070308,false,אבקת מרק עוף אמיתי במיכל 400 גרם,"אסם השקעות בע""מ",IL,אבקת מרק עוף אמיתי בשרי אסם 400 גר,גרמים,400.00,100 גרם,false,1,19.90,4.9750,true,1,95972
7290000072241,false,אסם רוטב לפיצה בקבוק,"אסם השקעות בע""מ",IL,"רוטב פיצה 290 מ""ל",גרמים,320.00,100 גרם,false,1,10.90,3.4063,true,1,93816
7290000072623,false,אסם קטשופ בקבוק לחיץ,"אסם השקעות בע""מ",IL,קטשופ בקבוק לחיץ 750,גרמים,750.00,100 גרם,false,1,10.90,1.4533,true,1,96605
7290000072630,false,קטשופ חריף אוסם 750 ג',"אסם השקעות בע""מ",IL,"קטשופ חריף 750 ג""ר",גרמים,750.00,100 גרם,false,1,11.90,1.5867,true,1,93818
7290000072753,false,קפה טייסטר צ'ויס קפה מגורען 200ג',נסטלה קוריאה - קפה,IL,"קפה טסטר צ""ויס 200 גר",גרמים,200.00,100 גרם,false,1,29.90,14.9500,true,1,94296
7290000073699,false,סלט חומוס צבר 150 גר,סלטי צבר,IL,"חומוס ""צבר"" 150 גרם",גרמים,150.00,100 גרם,false,1,4.90,3.2667,true,1,119286
7290000073750,false,אוסם - מנה חמה נודלס בטעם עוף 70 גרם,טאי רזידנט,CN,מנה חמה נודלס - אטרי,גרמים,71.00,100 גרם,false,1,6.90,9.7183,true,1,96607
7290000073767,false,אוסם - מנה חמה נודלס בטעם בקר 70 גרם,טאי רזידנט,CN,מנה חמה נודלס- אטריו,גרמים,71.00,100 גרם,false,1,6.90,9.7183,true,1,97213
7290000073774,false,אוסם - מנה חמה נודלס בטעם פיקנטי 70 גרם,טאי רזידנט,CN,מנה חמה נודלס - אטרי,גרמים,71.00,100 גרם,false,1,6.90,9.7183,true,1,95979
7290000074153,false,ביסקוויט פתיבר שוקו,מיוצר עי קונדיטוריית,IL,"פתי בר שוקו 500 ג""ר",גרמים,500.00,100 גרם,false,1,13.90,2.7800,true,1,93196
7290000074184,false,אוסם - פתי בר בינוני 500 גרם,"אסם השקעות בע""מ",IL,"פתי בר 500 ג""ר",גרמים,500.00,100 גרם,false,1,11.90,2.3800,true,1,95980
7290000074245,false,אוסם - קרם קרקר אסם 250 גרם,"אסם השקעות בע""מ",IL,"קרם קרקר 250 ג""ר",גרמים,250.00,100 גרם,false,1,9.90,3.9600,true,1,95363
7290000074252,false,קרקר אסם שומשום 250 גרם,"אסם השקעות בע""מ",IL,"קרקר שומשום 250 ג""ר",גרמים,250.00,100 גרם,false,1,9.90,3.9600,true,1,94761
7290000074276,false,קרקר פיקנטי טבעון 250 ג' אסם,"אסם השקעות בע""מ",IL,"קרקר פיקנטי 250 ג""ר",גרמים,250.00,100 גרם,false,1,10.90,4.3600,true,1,95364
7290000074375,false,אוסם - קרקר זהב 150 גרם,"אסם השקעות בע""מ",IL,"קרקר זהב 150 ג""ר",גרמים,150.00,100 גרם,false,1,7.90,5.2667,true,1,93822
7290000074481,false,לחמית אגוזים אסם 160 ג',"אסם השקעות בע""מ",IL,לחמית עם אגוזים 160,גרמים,160.00,100 גרם,false,1,9.90,6.1875,true,1,96609
7290000075204,false,אוסם - לחמית חיטה מלאה 250 גרם,"אסם השקעות בע""מ",IL,לחמית חיטה מלאה 250,גרמים,250.00,100 גרם,false,1,9.90,3.9600,true,1,96613
7290000075693,false,עוגת הבית שמרים בריוש שוקולד 360ג',מיוצר עי קונדיטוריית,IL,עוגת בריוש שוקולד 360 גר,גרמים,360.00,100 גרם,false,1,15.90,4.4167,true,1,93202
7290000076133,false,בייגלה שמיניות קטנות 400 גרם אסם,"אסם השקעות בע""מ",IL,בייגלה שמיניות קטנות 400 גר,גרמים,400.00,100 גרם,false,1,9.90,2.4750,true,1,95986
7290000077017,false,עוגיות קרמוגית וקרם שוקולד אסם 200 גרם,מיוצר עי קונדיטוריית,IL,עוגיות קרמוגית במילו,גרמים,200.00,100 גרם,false,1,9.90,4.9500,true,1,95989
7290000077253,false,אוסם - לחמית כפרית עם דגנים מלאים 190 גרם,"אסם השקעות בע""מ",IL,לחמית כפרית 190 גרם,גרמים,190.00,100 גרם,false,1,9.90,5.2105,true,1,94764
7290000094530,false,דג בקלה ארוז,,,דג בקלה ארוז,קילוגרמים,1.00,"ק""ג",true,,21.90,21.9000,true,1,194986
7290000094882,false,פלאונדר דג סול שלם,,,פלאונדר דג סול שלם,קילוגרמים,1.00,"ק""ג",true,,24.90,24.9000,true,1,212335
7290000103839,false,מרק כתום קפוא 570 ג' סנפרוסט,"סנפרוסט בע""מ",IL,"מרק כתום ""סנפרוסט"" 5",גרמים,570.00,100 גרם,false,12,17.90,3.1404,true,1,92706
7290000103860,false,מרק עדשים קפוא 570 ג' סנפרוסט,"איי, בי, אינבוו",IL,"מרק עדשים ""סנפרוסט""",גרמים,570.00,100 גרם,false,12,17.90,3.1404,true,1,92532
7290000103877,false,מרק שעועית קפוא 640 ג' סנפרוסט,"סנפרוסט בע""מ",IL,"מרק שעועית ""סנפרוסט""",גרמים,640.00,100 גרם,false,12,17.90,2.7969,true,1,92500
7290000104683,false,שעועית שלמה 800 ג' סנפרוסט,"סנפרוסט בע""מ",IL,שעועית ירוקה שלמה 80,גרמים,800.00,100 גרם,false,1,17.90,2.2375,true,1,94772
7290000104690,false,תירס גרעינים 800 ג' סנפרוסט,"איי, בי, אינבוו",IL,"גרעיני תירס 800 ג""ר",גרמים,800.00,100 גרם,false,1,17.90,2.2375,true,1,97227
7290000104737,false,שעועית צהובה חתוכה 800 ג' סנפרוסט,"סנפרוסט בע""מ",IL,שעועית צהובה חתוכה 8,גרמים,800.00,100 גרם,false,1,17.90,2.2375,true,1,97230
7290000104744,false,כרובית סנפרוסט 800גר,"סנפרוסט בע""מ",IL,כרובית קפואה,גרמים,800.00,100 גרם,false,1,21.90,2.7375,true,1,94773
7290000104751,false,כרוב ניצנים סנפרוסט 800 גרם,"איי, בי, אינבוו",IL,"כרוב ניצנים 800 גר""",גרמים,800.00,100 גרם,false,1,21.90,2.7375,true,1,94313
7290000107189,false,תחתיות ארטישוק סנפרוסט 400גר,"איי, בי, אינבוו",IL,תחתיות ארטישוק 400 ג,גרמים,400.00,100 גרם,false,1,21.90,5.4750,true,1,96625
7290000107295,false,תפרחות ברוקולי סנפרוסט 800 ג',"איי, בי, אינבוו",IL,תפרחות ברוקולי 800 ג,גרמים,800.00,100 גרם,false,1,21.90,2.7375,true,1,93212
7290000110844,false,"כיפלי גריל בד""צ תלמה 70 ג'",יוניליור ישראל מזון,IL,"כיפלי גריל 70 ג""ר בד",גרמים,70.00,100 גרם,false,1,4.90,7.0000,true,1,94778
7290000110851,false,"כיפלי בצל בד""צ תלמה 70 ג'",אתר שפע - Food,IL,"כיפלי בצל 70 ג""ר בד""",גרמים,70.00,100 גרם,false,1,4.90,7.0000,true,1,93839
7290000111063,false,מיונז אמיתי תלמה 250 ג',יוניליוור ישראל מזון,IL,"מיונז תלמה 250 ג""ר",גרמים,250.00,100 גרם,false,1,7.90,3.1600,true,1,96626
7290000111117,false,מרכך כביסה לבן 4 ל' בדין,יוניליור ישראל טיפוח,IL,מרכך כביסה בדין לבן,ליטרים,4.00,ליטר,false,1,20.90,5.2250,true,1,96006
7290000111186,false,מיונז אמיתי תלמה 500 ג',יוניליוור ישראל מזון,IL,"מיונז תלמה 500 ג""ר",גרמים,500.00,100 גרם,false,1,10.90,2.1800,true,1,93840
7290000111353,false,"מיונז אמיתי תלמה 1 ק""ג",יוניליוור ישראל מזון,IL,"מיונז ""תלמה"" 1 ק""ג",קילוגרמים,1.00,"ק""ג",false,1,16.90,16.9000,true,1,94779
7290000112220,false,טחינה גולמית 100%בארכה 500ג',רושדי תעשיות מזון בע,IL,טחינה בארכה שומשום 100% 500 גר,גרמים,500.00,100 גרם,false,1,13.90,2.7800,true,1,96008
7290000112503,false,מרק עשיר ירקות 61 ג' קנור,יוניליוור ישראל מזון,IL,"מרק עשיר ירקות 61 ג""",גרמים,69.00,100 גרם,false,1,9.90,14.3478,true,1,97235
7290000112619,false,מרק עוף לתיבול והעשרה קנור 400 ג',יוניליוור ישראל מזון,IL,"קנור מרק עוף 400 ג""ר",גרמים,400.00,100 גרם,false,1,15.90,3.9750,true,1,97236
7290000116204,false,"אבקת מרק דגש בטעם עוף 1ק""ג קנור",יוניליוור ישראל מזון,IL,"מרק דגש ""תלמה"" בטעם",קילוגרמים,1.00,"ק""ג",false,1,16.90,16.9000,true,1,94319
7290000116884,false,רוטב ברביקיו 350 ג' קנור,יוניליוור ישראל מזון,IL,"רוטב ברביקיו 350 ג""ר",גרמים,350.00,100 גרם,false,1,12.90,3.6857,true,1,94320
7290000116945,false,קנור סויה קלאסי בדצ 350ג PAL,יוניליוור ישראל מזון,IL,רוטב סויה קנור 340 ג,מיליליטרים,300.00,"100 מ""ל",false,1,12.90,4.3000,true,1,95387
7290000117171,false,נמס בכוס בטעם עוף דל 48 ג' קנור,יוניליוור ישראל מזון,IL,מרק טעם עוף דל קל 48,גרמים,48.00,100 גרם,false,1,6.90,14.3750,true,1,96633
7290000117720,false,קנור - נמס בכוס זוג פטריות 21.50 גרם * 2,יוניליוור ישראל מזון,IL,נמס בכוס פטריות שקית,גרמים,43.00,100 גרם,false,1,6.90,16.0465,true,1,96016
7290000118277,false,כופתאות מצה להכנת מהירה 65 ג' קנור,יוניליוור ישראל מזון,IL,"קניידלך ""קנור"" 65 ג""",גרמים,130.00,100 גרם,false,1,9.90,7.6154,true,1,93850
7290000120836,false,הלמנס מיונז אמיתי 394גר ADR,קונפקו אינק' די.בי.א,CA,"מיונז הלמנס 394 ג""ר",גרמים,394.00,100 גרם,false,1,9.90,2.5127,true,1,93852
7290000120874,false,מיונז הלמנס לייט מופחת קלוריות 424ג,"שד' קילבורן 2816, שי",US,מיונז הלמנס לייט 424,גרמים,424.00,100 גרם,false,1,9.90,2.3349,true,1,94786
7290000121093,false,גבינה מון בלאן שוויצרית 120ג',האי נאם סי או אל.טי.,IL,"גבינת ""מון בלאן שווי",גרמים,120.00,100 גרם,false,1,11.90,9.9167,true,1,93854
7290000121154,false,"גבינת מון בלאן סלמון, 120 ג'",האי נאם סי או אל.טי.,IL,"גבינת ""מון בלאן סלומ",גרמים,120.00,100 גרם,false,1,11.90,9.9167,true,1,97245
7290000123010,false,בשר מוכשר מס 2,פריגוצאקו / פרגוואי,,"בשר מוכשר מס"" 2",קילוגרמים,1.00,"ק""ג",true,,42.90,42.9000,true,1,95547
7290000124841,false,שוקולד חלב שלישייה כשלפ 300 גר',יוניליוור ישראל מזון,IL,מאגדת שוקולד חלב ורד הגליל 100 ג שלישייה,גרמים,300.00,100 גרם,false,1,14.90,4.9667,true,1,96640
7290000129457,false,אבקת רוטב פטריות קנור 28 ג' שקית,יוניליוור ישראל מזון,IL,רוטב פטריות קנור 28 גר,גרמים,28.00,100 גרם,false,1,3.90,13.9286,true,1,94798
7290000131782,false,פילה סלמון קפוא,,,פילה סלמון קפוא,קילוגרמים,1.00,"ק""ג",true,,89.90,89.9000,true,1,205794
7290000135045,false,"משקה אנרגיה XL TEN תפוח 250 מ""ל","טמפו משקאות בע""מ",IL,משקה אנרגיה XL ten תפוח,מיליליטרים,250.00,"100 מ""ל",false,24,4.20,1.6800,true,1,191401
7290000135052,false,"משקה אנרגיה XL TEN מנגו 250 מ""ל","טמפו משקאות בע""מ",IL,משקה אנרגיה XL ten מנגו,מיליליטרים,250.00,"100 מ""ל",false,24,4.20,1.6800,true,1,191400
7290000135113,false,"משקה אנרגיה XL פחית ten נענע ליים 250 מ""ל",טמפו,IL,"משקה אנרגיה XL TEN נענע ליים 250 מ""ל",מיליליטרים,250.00,"100 מ""ל",false,24,4.20,1.6800,true,1,195965
7290000135595,false,פפסי מקס בטעם דובדבן 1.5 ליטר,"איי, בי, אינבוו",IL,פפסי מקס דובדבן 1.5 ליטר,ליטרים,1.50,ליטר,false,1,7.90,5.2667,true,1,203922
7290000136431,false,משקה בטעם אפרסק צלול תריסר 1.5 ל' ג'אמפ,ג'אמפ,,גאמפ אפרסק 1.5 ל,ליטרים,1.50,ליטר,false,1,7.90,5.2667,true,1,207647
7290000136455,false,משקה בטעם אשכוליות תריסר 1.5 ל' ג'אמפ,ג'אמפ,IL,גאמפ אשכוליות 1.5 ל,מיליליטרים,1500.00,"100 מ""ל",false,1,7.90,0.5267,true,1,207642
7290000136486,false,משקה בטעם אשכוליות דיאט תריסר 1.5 ל' ג'אמפ,ג'אמפ,IL,גאמפ אשכולית דיאט 1.5 ל,מיליליטרים,1500.00,"100 מ""ל",false,1,7.90,0.5267,true,1,207645
7290000136516,false,משקה בטעם מנגו פסיפלורה תריסר 1.5 ל' ג'אמפ,ג'אמפ,IL,גאמפ מנגו 1.5 ל,מיליליטרים,1500.00,"100 מ""ל",false,1,7.90,0.5267,true,1,207640
7290000136523,false,משקה בטעם ענבים תריסר 1.5 ל' ג'אמפ,ג'אמפ,IL,גאמפ ענבים 1.5 ל,מיליליטרים,1500.00,"100 מ""ל",false,1,7.90,0.5267,true,1,207643
7290000136561,false,משקה בטעם תות בננה תריסר 1.5 ל' ג'אמפ,ג'אמפ,IL,גאמפ תות בננה 1.5 ל,מיליליטרים,1500.00,"100 מ""ל",false,1,7.90,0.5267,true,1,207644
7290000136585,false,משקה בטעם תפוזים תריסר 1.5 ל' ג'אמפ,ג'אמפ,IL,משקה גאמפ תפוז 1.5 ל,ליטרים,1.50,ליטר,false,1,7.90,5.2667,true,1,207641
7290000136608,false,משקה בטעם תפוח צלול תריסר 1.5 ל' ג'אמפ,ג'אמפ,IL,גאמפ תפוח 1.5 ל,ליטרים,1.50,ליטר,false,1,7.90,5.2667,true,1,207646
7290000136646,false,משקה מאלט תריסר 1.5 ל' נשר,טמפו,IL,בירה נשר מאלט 1.5 ל,ליטרים,1.50,ליטר,false,1,9.50,6.3333,true,1,207636
7290000136660,false,סודה טמפו ליטר וחצי,טמפו,IL,מי סודה 1.5 ל,ליטרים,1.50,ליטר,false,1,3.90,2.6000,true,1,208079
7290000136677,false,פפסי קולה פיקדון 1.5 ליטר,טמפו,IL,פפסי קולה 1.5 ל,ליטרים,1.50,ליטר,false,1,7.90,5.2667,true,1,208086
7290000136684,false,פפסי מקס פיקדון 1.5 ליטר,טמפו,IL,פפסי מקס 1.5 ל,ליטרים,1.50,ליטר,false,1,7.90,5.2667,true,1,208087
7290000136707,false,מירינדה בקבוק 1.5 לי,טמפו,IL,מירינדה 1.5 ל,ליטרים,1.50,ליטר,false,1,7.90,5.2667,true,1,208078
7290000136769,false,מארז שישיה בטעם קולה 1.5 ל' פפסי,פפסי Pepsi,IL,פפסי קולה 1.5 ל שישיה,ליטרים,9.00,ליטר,false,1,39.90,4.4333,true,1,207633
7290000136776,false,מארז פפסי מקס שישיה 1.5ל',פפסי Pepsi,IL,פפסי מקס 1.5 ל שישיה,ליטרים,9.00,ליטר,false,1,39.90,4.4333,true,1,207634
7290000136790,false,מארז סודה שישייה 1.5 ל' טמפו,טמפו,IL,מי סודה טמפו 1.5 ל שישיה,ליטרים,9.00,ליטר,false,1,15.90,1.7667,true,1,207625
7290000136844,false,מארז מים מזוככים אקווה נובה שישיית 2 ליטר,אקווה נובה Aqua Nova,IL,מים מזוככים אקווה נובה 2 ל שישיה,ליטרים,12.00,ליטר,false,1,11.90,0.9917,true,1,207621
7290000136851,false,סבן אפ פיקדון 1.5 ליטר,טמפו,IL,סבן אפ 1.5 ל,ליטרים,1.50,ליטר,false,1,7.90,5.2667,true,1,208085
7290000136868,false,שישיית מים מינרלים סאן בנדטו,סאן בנדטו San Benedetto,IL,מים מינרליים סאן בנדטו 1.5 ל שישיה,ליטרים,9.00,ליטר,false,1,18.90,2.1000,true,1,207622
7290000136875,false,מארז מים מינרלים מוגז 6* 1.5 ל' סאן בנדטו,סאן בנדטו San Benedetto,IL,מים מינרליים מוגזים סאן בנאדטו 1.5 ל שיש,ליטרים,9.00,ליטר,false,1,18.90,2.1000,true,1,207624
7290000136936,false,סבן אפ דיאט בקבוק 1.,טמפו,IL,סבן אפ דיאט 1.5 ל,ליטרים,1.50,ליטר,false,1,7.90,5.2667,true,1,208084
7290000137513,false,גלידונית גלידה וניל בציפוי שוקולד 60 יח' קרמיסימו,"גלידת שטראוס בע""מ, ר",IL,גלידונית וניל בציפוי,גרמים,700.00,100 גרם,false,1,44.90,6.4143,true,1,97251
7290000137643,false,מאגדת שלגוני טעמקור 8 יח' שטראוס,"גלידת שטראוס בע""מ, ר",IL,גלידה טעמקור 8 יח,גרמים,416.00,100 גרם,false,1,29.90,7.1875,true,1,96648
7290000140573,false,סטייק פורל בעישון קר,,,סטייק פורל בעישון קר,קילוגרמים,1.00,"ק""ג",true,,149.00,149.0000,true,1,210852
7290000144160,false,שמן זית כתית מעולה ארומתי מודגש 750מל,"מרקאולאו, ספרד.אבסה,",IT,שמן זית בטעם מודגש 750 מל,מיליליטרים,750.00,"100 מ""ל",false,1,29.90,3.9867,true,1,94806
7290000144467,false,שמן חמניות מועשר בנוגדי חמצון 1 ל' עץ הזית,"נארז ע""י : א.ג. גילר",GR,שמן חמניות בריאות 1 ל,ליטרים,1.00,ליטר,false,1,15.90,15.9000,true,1,97256
7290000148380,false,פיסטוקים קלויים קליי,"ג'י אנד ג'י בע""מ",IL,פיסטוק קלוי 200גר,גרמים,200.00,100 גרם,false,1,19.90,9.9500,true,1,95403
7290000148748,false,גרעיני חמניה קלית גת 200 ג',"ג'י אנד ג'י בע""מ",IL,"גרעיני חמנייה 200 ג""",גרמים,200.00,100 גרם,false,1,5.90,2.9500,true,1,95404
7290000149844,false,סנו - סינטבון סבון רב שימושי,סנו,,סבון סינטבון,גרמים,230.00,100 גרם,false,1,7.90,3.4348,true,1,94341
7290000158105,false,שניצל עוף טוב מיני דינוזאור 700 גרם,מוצרי עוף טוב (2001),IL,"שניצל דינוזאור ""עוף טוב"" 700 גר",גרמים,700.00,100 גרם,false,1,29.90,4.2714,true,1,119324
7290000166605,false,סיף פנטסטיק ניקיון כללי יסמין 4ליטר,סיף פנטסטיק Cif Fantastic,IL,"""סיף פנטסטיק"" לניקוי",Unknown,0.00,Unknown,false,1,19.90,0.0000,true,1,119955
7290000168173,false,ברנפלקס קרנצים 375 ג' תלמה,יוניליור ישראל מזון,IL,"ברנפלקס קרנצ""ים 375 גר",גרמים,375.00,100 גרם,false,1,21.90,5.8400,true,1,122581
7290000169538,false,"נמס בכוס עגבניות וקרוטונים מרק כשרות בד""ץ 62 ג' קנור",יוניליוור ישראל מזון,IL,נמס בכוס עגבניות וקרוטונים 62 גר,גרמים,62.00,100 גרם,false,1,6.90,11.1290,true,1,143169
7290000169798,false,"עוגי מופחת סוכר 20% פצפוצי שוקו' 500ג' בד""צ",יוניליוור שפע ישראל,IL,"דגני בוקר ""עוגי"" מופחת סוכר 500 גר",גרמים,500.00,100 גרם,false,1,18.90,3.7800,true,1,144109
7290000170053,false,שוקולד פרה 100 ג' חלב.,"תופינית בע""מ",IL,"שוקולד ""פרה"" חלב",גרמים,100.00,100 גרם,false,1,6.90,6.9000,true,1,97272
7290000174723,false,אבקת שוקולית עלית קופסא 500ג',הנסיך- מפעל לייצור ט,IL,"שוקולית 500 ג""ר",גרמים,500.00,100 גרם,false,1,13.90,2.7800,true,1,96676
7290000176079,false,קפה טורקי עם היל עלית 100 ג',הנסיך- מפעל לייצור ט,IL,קפה טורקי עם הל,גרמים,100.00,100 גרם,false,1,10.90,10.9000,true,1,96058
7290000176116,false,"קפה טורקי עלית וואקום 1 ק""ג",הנסיך- מפעל לייצור ט,IL,"קפה טורקי ואקום 1 ק""",קילוגרמים,1.00,"ק""ג",false,1,79.90,79.9000,true,1,97276
7290000176413,false,קפה נמס אבקתי עלית 5,הנסיך- מפעל לייצור ט,IL,עלית קפה נמס אבקתי 50גר,גרמים,50.00,100 גרם,false,1,9.90,19.8000,true,1,96678
7290000176420,false,קפה נמס אבקתי 200ג עלית,שטראוס קפה בי.וי,IL,קפה נמס עלית 200 גר,גרמים,200.00,100 גרם,false,1,19.90,9.9500,true,1,94353
7290000176468,false,קפה נמס נטול קפאין 50 ג' קפה האג,"איי, בי, אינבוו",IL,קפה נמס האג נטול קפא,גרמים,50.00,100 גרם,false,1,12.90,25.8000,true,1,94827
7290000178707,false,חטיף תפוציפס טבעי 50,"שטראוס פריטו ליי בע""",IL,"תפוצ""יפס מלוח 50 גר""",גרמים,50.00,100 גרם,false,1,3.90,7.8000,true,1,96061
7290000178721,false,חטיף תפוציפס טבעי 20,"שטראוס פריטו ליי בע""",IL,"תפוצ""יפס 200 גר""",גרמים,200.00,100 גרם,false,1,10.90,5.4500,true,1,95424
7290000180212,false,שוקולוד פרה מריר אגוזים 100ג' עלית,"שטראוס גרופ בע""מ",IL,שוקולד פרה מריר אגוזים 100 גר,גרמים,100.00,100 גרם,false,1,6.90,6.9000,true,1,96062
7290000186535,false,נייר טואלט טריו לבן 32 גלילים לילי,קימברלי קלארק ישראל,IL,נייר טואלט לילי טריו לבן 32גל,יחידה,1.00,יחידה,false,1,42.90,42.9000,true,1,148202
7290000187860,false,מגבוני טואלט לחים לילי דיספנסר 40יח',עלבד משואות יצחק בעמ,IL,"נייר טואלט ""לילי"" לח",Unknown,0.00,Unknown,false,1,7.90,0.0000,true,1,95034
7290000187921,false,נייר טואלט לבן 32 גלילים לילי,קימברלי קלארק ישראל,IL,"נייר טואלט ""לילי"" לב",יחידה,1.00,יחידה,false,1,43.90,43.9000,true,1,95426
7290000187938,false,לילי - נייר טואולט נייר טואלט פסטל 32 יח',קימברלי קלארק,IL,"נייר טואלט ""לילי"" פס",יחידה,1.00,יחידה,false,1,39.90,39.9000,true,1,94357
7290000187952,false,נייר טואלט טריו לילי פרימיום 32גליל,קימברלי קלארק,IL,"נייר טואלט ""לילי"" טר",Unknown,0.00,Unknown,false,1,43.90,0.0000,true,1,95427
7290000188553,false,קוטקס - מגן תחתון סילק נורמל 60 יח',קימברלי קלארק,CN,"מגיני תחתון ""קוטקס""",Unknown,0.00,Unknown,false,1,17.90,0.0000,true,1,95430
7290000188560,false,קוטקס - מגני תחתון לארג' 52 יח',קימברלי קלארק,,"מגיני תחתון ""קוטקס""",Unknown,0.00,Unknown,false,1,16.80,0.0000,true,1,93885
7290000188591,false,קוטקס - מגן תחתון סילק יאנג 60 יח',קימברלי קלארק,CN,"מגיני תחתון ""קוטקס""",Unknown,0.00,Unknown,false,1,17.90,0.0000,true,1,96064
7290000189192,false,מגבת רב שימושית סופר ניקול 64 דף,קימברלי קלארק,CO,מטלית ניקול חכמה יומית 64 יח,Unknown,0.00,Unknown,false,1,17.90,0.0000,true,1,95431
7290000189536,false,אשפתון שרוך מתכלה 52/65 ניקול 40 יח',אשפלסט,TR,"אשפטון 40יח""",Unknown,0.00,Unknown,false,1,19.90,0.0000,true,1,93889
7290000190198,false,מטליות לניקוי וחיטוי חדרי שירותים ואמבטיה,עלבד משואות יצחק בעמ,IL,"מטליות ""ניקול"" לניקוי שירוטים ואמבט",Unknown,0.00,Unknown,false,1,10.90,0.0000,true,1,144682
7290000191225,false,האגיס - רך נולד מידה 2 מוקטן 44 יח',קימברלי קלארק שיווק,IL,"טיטולי ""האגיס"" ליטל בייביס שלב 2 46 יח",Unknown,0.00,Unknown,false,1,33.90,0.0000,true,1,166185
7290000191539,false,ממחטות טישו לילי צבעוני חמישיה,חוגלה קימברלי,IL,מגבוני לילי צבעוני 5 יח,Unknown,0.00,Unknown,false,1,15.90,0.0000,true,1,121864
7290000191966,false,נייר טואלט לח סנסטיב 48 יח' לילי,עלבד משואות יצחק בעמ,IL,"נייר טואלט ""לילי"" לח",Unknown,0.00,Unknown,false,1,7.90,0.0000,true,1,92679
7290000192581,false,מגבת נייר גליל כפול ניקול 12=6 גליל,,,מגבות נייר גליל כפול 6 יח,Unknown,0.00,Unknown,false,1,21.90,0.0000,true,1,185811
7290000193205,false,לילי תחבושות נטורל לילה 20 יח',קריות זול,,תחבושות לילי נטורל,Unknown,0.00,Unknown,false,1,15.90,0.0000,true,1,95439
7290000193472,false,לילי מגני תחתון נטורל נורמל 60 יח',חוגלה קימברלי,IL,מגן תחתון לילי נורמל,Unknown,0.00,Unknown,false,1,15.90,0.0000,true,1,93893
7290000193540,false,לילי אינטימייט מגן תחתון לונג 52יח',חוגלה קימברלי,IL,מגני תחתון לילי נטורל לונג 52 יח,Unknown,0.00,Unknown,false,1,15.90,0.0000,true,1,94366
7290000193618,false,לילי אינטימייט מגן תחתון נורמל 24 יח',קריות זול,,מגן תחתון לילי לייט 62 יח,Unknown,0.00,Unknown,false,1,15.90,0.0000,true,1,93261
7290000193649,false,לילי תחבושות נטורל אולטרה סופר 24 יח',קריות זול,,תחבושות לילי נורמל עם כנפיים 24 יח,Unknown,0.00,Unknown,false,1,15.90,0.0000,true,1,93262
7290000195216,false,נייר אפייה בשקית ניקול 50 יח',אופל,,נייר אפיה 50יח,Unknown,0.00,Unknown,false,1,10.90,0.0000,true,1,146288
7290000195537,false,האגיס - מגבוני האגיס דיילי קר לא מבושם 64 יח' * 4,חוגלה קימברלי,IL,מארז מגבוני האגיס נט,Unknown,0.00,Unknown,false,1,21.90,0.0000,true,1,96682
7290000195773,false,האגיס - מגבוני האגיס סנסטיב קר לא מבושם 64 יח' * 4,חוגלה קימברלי,IL,האגיס נטורל מילוי רב,Unknown,0.00,Unknown,false,1,21.90,0.0000,true,1,93266
7290000197432,false,שקיות אוכל סנדביצ'ון ניקול מארז 150X2יח',אשלפסט תעשיות בעמ,IL,"סנדוויצ""ון זוג",Unknown,0.00,Unknown,false,1,14.90,0.0000,true,1,97531
7290000197548,false,האגיס - פרידום דריי שלב 5 36 יח',קימברלי קלארק ישראל,IL,"טיטולי ""האגיס"" פרידום דריי שלב 5 38 יח",יחידה,1.00,יחידה,false,1,42.90,42.9000,true,1,166189
7290000197678,false,האגיס - פרידום פלוס שלב 6 30 יח',קימברלי קלארק ישראל,IL,"טיטולי ""האגיס"" פרידום דריי שלב 6 34 יח",יחידה,1.00,יחידה,false,1,42.90,42.9000,true,1,166190
7290000197753,false,ניילון נצמד אנטי בטקריאלי ניקול 30X2מ',קריות זול,,ניילון נצמד ניקול זוג 30 מטר,Unknown,0.00,Unknown,false,1,10.90,0.0000,true,1,97534
7290000197876,false,ניקול תבנית אלומיניום 4 יח' 2 מכסים,פאלאס,CN,מגשית אלומיניום,Unknown,0.00,Unknown,false,1,9.90,0.0000,true,1,97667
7290000197999,false,רדיד אלומיניום עבה ניקול זוגי 30X7.5מ',קריות זול,IL,רדיד אלומיניום 30*7.,Unknown,0.00,Unknown,false,1,16.90,0.0000,true,1,97473
7290000199313,false,קוטקס - תחבושות יאנג 30 יח',KC Turkey,,תחבושות קוטקס יאנג נורמל פלוס 28 יח,Unknown,0.00,Unknown,false,1,17.90,0.0000,true,1,97536
7290000204086,false,כרית קרצוף סקוטש ניקול 1+2,חוגלה קימברלי,US,כרית קרצוף ניקול 3 יח,Unknown,0.00,Unknown,false,1,10.90,0.0000,true,1,97537
7290000204147,false,ניקול כריות יפניות 2 ב 1 רביעייה,פלסטו פוליש (ברקן),IL,כריות יפניות דו צדדיות ניקול 4 יח,Unknown,0.00,Unknown,false,1,10.90,0.0000,true,1,98373
7290000204215,false,ניקול כריות יפניות 6 יח',פלסטו פוליש (ברקן),IL,כריות ניקוי יפניות ניקול 6 יח,Unknown,0.00,Unknown,false,1,10.90,0.0000,true,1,97454
7290000207162,false,רוטב עגבניות מרכיב טבעי 100 ג' יכין,"זנלכל בע""מ",IL,פלסטיק רסק עגבניות 1,גרמים,100.00,100 גרם,false,1,2.50,2.5000,true,1,98390
7290000208008,false,רסק פלפל חריף חריסה A2 יכין 550 ג',"זנלכל בע""מ",IL,חריסה,גרמים,550.00,100 גרם,false,1,8.90,1.6182,true,1,97475
7290000208022,false,עגבניות מרוסקות פריכוז 800 ג' יכין,"זנלכל בע""מ",IL,עגבניות מרוסקות 800ג,גרמים,800.00,100 גרם,false,1,8.90,1.1125,true,1,100950
7290000208091,false,אפונה עדין A2 יכין 550 ג',"זנלכל בע""מ",IL,אפונה עדין יכין,גרמים,550.00,100 גרם,false,1,8.90,1.6182,true,1,100458
7290000208114,false,אפונת גינה וגזר 550 ג' יכין,"זנלכל בע""מ",IL,אפונה גזר,גרמים,550.00,100 גרם,false,1,7.90,1.4364,true,1,97476
7290000208145,false,גרגרי תירס מתוק לייט A2 יכין 550 ג',"זנלכל בע""מ",IL,תירס לייט,גרמים,550.00,100 גרם,false,1,8.90,1.6182,true,1,98392
7290000208213,false,שעועית לבנה אפויה A2 ברוטב עגבניות יכין 560ג',היינץ צפון אמריקה מק,IL,שעועית אפויה,גרמים,580.00,100 גרם,false,1,8.90,1.5345,true,1,97492
7290000208220,false,שעועית צילי חריף 550 ג' יכין,היינץ צפון אמריקה מק,IL,"שעועית צ""ילי",גרמים,580.00,100 גרם,false,1,8.90,1.5345,true,1,97542
7290000208244,false,בסיס עגבניות לשקשוקה 570 ג' יכין,"זנלכל בע""מ",IL,בסיס עגבניות לשקשוקה,גרמים,570.00,100 גרם,false,1,8.90,1.5614,true,1,97543
7290000208268,false,שעועית צהובה א-2. יכין 550 ג',"זנלכל בע""מ",IL,שעועית צהובה חתוכה,גרמים,550.00,100 גרם,false,1,8.90,1.6182,true,1,100460
7290000208312,false,גרעיני תירס מתוק בואקום יכין 400 גר',"זנלכל בע""מ",IL,גרעיני תירס מתוק 325 גר,גרמים,400.00,100 גרם,false,1,6.90,1.7250,true,1,97457
7290000208329,false,גרעיני תירס מתוק A2 יכין 550ג',"זנלכל בע""מ",IL,גרעיני תירס 560 גר,גרמים,550.00,100 גרם,false,1,7.90,1.4364,true,1,97458
7290000208343,false,עגבניות מרוסקות שום יכין 800 גר,היינץ צפון אמריקה מק,IL,עגבניות מרוסקות,גרמים,800.00,100 גרם,false,1,8.90,1.1125,true,1,100461
7290000208459,false,לקט ירקות מעורבים 550 ג' יכין,"זנלכל בע""מ",IL,"לקט תפו""א",גרמים,550.00,100 גרם,false,1,8.90,1.6182,true,1,121960
7290000208480,false,גרעיני תירס בטעם חמאה 550 ג' יכין,קריות זול,IL,תירס חמאה יכין,גרמים,550.00,100 גרם,false,1,8.90,1.6182,true,1,100955
7290000208534,false,גרעיני תירס ילדים 550 גרם יכין,"זנלכל בע""מ",IL,A2 גרעיני תירס קיד,גרמים,550.00,100 גרם,false,1,8.90,1.6182,true,1,97544
7290000208893,false,תירס מתוק לייט יכין,היינץ צפון אמריקה מק,IL,תירס לייט יכין בוואקום 400 גר,גרמים,400.00,100 גרם,false,1,5.90,1.4750,true,1,97663
7290000208947,false,עגבניות מרוסקות 240 גרם יכין,היינץ צפון אמריקה מק,IL,עגבניות מרוסקות 260,גרמים,240.00,100 גרם,false,1,5.90,2.4583,true,1,100463
7290000209012,false,חומץ הדרים יכין 1 לי,"זנלכל בע""מ",IL,חומץ הדרים 1 ליטר,ליטרים,1.00,ליטר,false,1,5.90,5.9000,true,1,98393
7290000209173,false,חומץ סינטטי יכין 1 ל,זנלכל,IL,חומץ סינטטי 1 ליטר,ליטרים,1.00,ליטר,false,1,4.90,4.9000,true,1,123831
7290000209371,false,שלישיית תירס קטן יכי,היינץ צפון אמריקה מק,IL,תירס יכין 140 גר שלישייה,גרמים,600.00,100 גרם,false,1,14.90,2.4833,true,1,167140
7290000209388,false,תירס גרגרים לייט וואקום מארז 60X3ג',יכין,,שלשות תירס יכין לייט 140 גר,גרמים,600.00,100 גרם,false,1,14.90,2.4833,true,1,167141
7290000209524,false,סירופ דייאט פטל יכין,זנלכל,IL,סירופ פטל דיאט,ליטרים,1.00,ליטר,false,1,16.90,16.9000,true,1,97692
7290000209722,false,רסק עגבניות 28% פריכוז 580 גרם יכין,"זנלכל בע""מ",IL,A2 רסק עגבניות פריכו,גרמים,580.00,100 גרם,false,1,8.90,1.5345,true,1,97498
7290000209906,false,עגבניות מרוסקות בתוספת בצל 240 ג' יכין,זנלכל,IL,עגבניות מרוסקות עם ב,גרמים,240.00,100 גרם,false,1,5.90,2.4583,true,1,97693
7290000209913,false,עגבניות קוביות יכין 240 ג',"זנלכל בע""מ",IL,עגבניות קוביות 260 ג,גרמים,240.00,100 גרם,false,1,5.90,2.4583,true,1,97499
7290000209944,false,רוטב לעגבניות בסיס לשקשוקה 240 ג' יכין,"זנלכל בע""מ",IL,בסיס לעגבניות שקשוקה,גרמים,240.00,100 גרם,false,1,5.90,2.4583,true,1,97673
7290000209968,false,רוטב עגבניות ללזניה יכין 240 גרם,"זנלכל בע""מ",IL,"רוטב לזניה 260 ג""ר",גרמים,240.00,100 גרם,false,1,5.90,2.4583,true,1,98398
7290000210148,false,אפונה ירוקה אלפא 550,,,אפונה ירוקה אלפא 550,גרמים,550.00,100 גרם,false,1,7.90,1.4364,true,1,97674
7290000210896,false,רוטב בולונז לפסטה יכין 240 גר',"זנלכל בע""מ",IL,"רוטב פסטה בולונז 260 ג""ר",גרמים,240.00,100 גרם,false,1,5.90,2.4583,true,1,122443
7290000211169,false,"אורז תאילנדי אחד אחד סוגת 1 ק""ג",האי נאם סי או אל.טי.,IL,"אורז תאילנדי 1 ק""ג",קילוגרמים,1.00,"ק""ג",false,1,6.90,6.9000,true,1,97695
7290000211312,false,סוגת אורז מלא פרסי אחד אחד 1 קג,האי נאם סי או אל.טי.,IL,"אורז מלא 1 ק""ג",קילוגרמים,1.00,"ק""ג",false,1,9.90,9.9000,true,1,100960
7290000211381,false,"סוכר חום כהה בשקית סוגת 1 ק""ג",טונגאט היולט שוגר בע,ZA,סוכר חום 1קג,קילוגרמים,1.00,"ק""ג",false,1,12.90,12.9000,true,1,100961
7290000211442,false,"סוגת אורז פרסי קלאסי שקית 1 ק""ג",האי נאם סי או אל.טי.,IL,"אורז פרסי קלאסי 1 ק""",קילוגרמים,1.00,"ק""ג",false,1,10.90,10.9000,true,1,97696
7290000211503,false,סוכר לבן ארוז בשקית,"סוגת תעשיות בע""מ",IL,"סוכר לבן 1 ק""ג",קילוגרמים,1.00,"ק""ג",false,1,4.90,4.9000,true,1,97677
7290000211626,false,"אורז חיש 1 ק""ג סוגת",סוגת תעשיות,IL,"אורז חיש 1 ק""ג",קילוגרמים,1.00,"ק""ג",false,1,10.90,10.9000,true,1,100962
7290000211985,false,"אורז ריזוטו עגול סוגת 1 ק""ג","סוגת תעשיות בע""מ",IL,אורז עגול ריזוטו 1 ק,קילוגרמים,1.00,"ק""ג",false,1,9.90,9.9000,true,1,97502
7290000214115,false,מרק עוף בצנצנת 400 ג' ויטה,"פרי הגליל בע""""מ",IL,"מרק עוף צנצנת 400 ג""",גרמים,400.00,100 גרם,false,1,10.90,2.7250,true,1,99188
7290000217950,false,נקניקיות וינר חדש בו,מעדני מניה תעשיות בש,,וינר חדש בואקום,קילוגרמים,1.00,"ק""ג",true,,75.00,75.0000,true,1,125692
7290000218100,false,נקניקיות גבינה בוואק,מעדני מניה תעשיות בש,,נקניקיות גבינה בוואקום,קילוגרמים,1.00,"ק""ג",true,,65.00,65.0000,true,1,177814
7290000218502,false,חמין ויטה 568 גרם,"פרי הגליל בע""""מ",IL,חמין ויטה 568 גר,גרמים,568.00,100 גרם,false,1,9.90,1.7430,true,1,98402
7290000219176,false,קנקרס מעושן בוואקום,מעדני מניה תעשיות בש,,קנקרס מעושן בוואקום,קילוגרמים,1.00,"ק""ג",true,,35.00,35.0000,true,1,177813
7290000219510,false,נקניקיות פרנקפורטר ב,מעדני מניה תעשיות בש,,נקניקיות פרנקפורטר בוואקום,קילוגרמים,1.00,"ק""ג",true,,45.00,45.0000,true,1,177815
7290000226444,false,פילה אמנון 5-7 עם עו,,,פילה אמנון 5-7 עם עור,קילוגרמים,1.00,"ק""ג",true,,29.90,29.9000,true,1,213766
7290000238029,false,"בצק עלים צרפתי מרודד מעדנות 1ק""ג",מיוצר עי קונדיטוריית,IL,"בצק עלים צרפתי 1 ק""ג",קילוגרמים,1.00,"ק""ג",false,1,15.90,15.9000,true,1,100471
7290000238036,false,מלאווח 6יח' מעדנות 700ג',מיוצר עי קונדיטוריית,IL,"מלווח עגול 700 ג""ר",גרמים,700.00,100 גרם,false,1,18.90,2.7000,true,1,97480
7290000238173,false,בורקס גבינה 800 ג' מעדנות,מיוצר עי קונדיטוריית,IL,בורקס גבינה 800גר,גרמים,800.00,100 גרם,false,1,22.90,2.8625,true,1,100967
7290000238180,false,בורקס תפוחי אדמה מעדנות 800ג',מיוצר עי קונדיטוריית,IL,"בורקס תפו""א 800 ג""ר",גרמים,800.00,100 גרם,false,1,19.90,2.4875,true,1,98407
7290000244631,false,"קרם ענוגה בגליצרין 80 מ""ל",טרופיקל דגיל,IL,"קרם ידיים ענוגה גליצרין 80 מ""ל",מיליליטרים,80.00,"100 מ""ל",false,1,10.90,13.6250,true,1,123904
7290000245508,false,"קומפקט סוד 1.25ק""ג שושו מרענן -מרכז","הנקל סוד בע""מ",IL,אבקת כביסה סוד שושן 1.25 קג,קילוגרמים,1.25,"ק""ג",false,1,13.90,11.1200,true,1,147923
7290000253220,false,שוקולד צ'יפס חום אופנהיימר 260 גר',אופנהיימר,IL,"אופנהיימר שוקוצ""יפס",גרמים,260.00,100 גרם,false,1,11.90,4.5769,true,1,100485
7290000253251,false,שוקולד צ'יפס לבן אופנהיימר 300ג',אופנהיימר,IL,"אופנהיימר שוקוצ""יפס 300גר",גרמים,250.00,100 גרם,false,1,11.90,4.7600,true,1,97517
7290000262161,false,נייר טואלט לב אדום 40 גלילים מולט,חוגלה קימברלי,IL,מולט לב אדום 40 גליל,יחידה,1.00,יחידה,false,1,34.90,34.9000,true,1,100977
7290000265153,false,דג פלמידה מעושנת בוו,,,דג פלמידה מעושנת בוואקום,קילוגרמים,1.00,"ק""ג",true,,79.00,79.0000,true,1,197616
7290000265191,false,דג מקרוסקה בוואקום,,,דג מקרוסקה בוואקום,קילוגרמים,1.00,"ק""ג",true,,95.90,95.9000,true,1,197617
7290000265252,false,דג רינגו בוואקום,,,דג רינגו בוואקום,קילוגרמים,1.00,"ק""ג",true,,39.90,39.9000,true,1,197614
7290000265436,false,דג הרינג בוואקום,,,דג הרינג בוואקום,קילוגרמים,1.00,"ק""ג",true,,35.90,35.9000,true,1,197615
7290000265702,false,מקרל גדול קפוא,,,מקרל גדול קפוא,קילוגרמים,1.00,"ק""ג",true,,39.90,39.9000,true,1,194494
7290000265719,false,הרינג קפוא,,,הרינג קפוא,קילוגרמים,1.00,"ק""ג",true,,29.90,29.9000,true,1,194495
7290000272696,false,עסיס מיץ לימון טבעי משומר 1 ל' אסם,בית-השיטה עסיס תעשיו,IL,"מיץ לימון ""עסיס"" משו",ליטרים,1.00,ליטר,false,1,10.90,10.9000,true,1,100981
7290000272726,false,חומץ טבעי 5% עסיס 1 ל' אסם,בית השיטה עסיס תעשיו,IL,"חומץ טבעי 5% ""עסיס""",ליטרים,1.00,ליטר,false,1,6.90,6.9000,true,1,97487
7290000281382,false,נתחי פילה דג סלומון,,,נתחי פילה דג סלומון קפוא,קילוגרמים,1.00,"ק""ג",true,,99.90,99.9000,true,1,188299
7290000281443,false,סטייק דג טונה קפוא,,,סטייק דג טונה קפוא,קילוגרמים,1.00,"ק""ג",true,,49.90,49.9000,true,1,189697
7290000286228,false,כרית קרצוף לכלים סנו סושי 6יח',סנו מפעלי ברונו בעמ,IL,סנו סושי כריות יפניו,Unknown,0.00,Unknown,false,1,11.90,0.0000,true,1,98435
7290000286237,false,פילה סלמון קפוא,,,פילה סלמון קפוא,קילוגרמים,1.00,"ק""ג",true,,79.90,79.9000,true,1,214077
7290000286297,false,"סנו אנטי קאלק מסיר אבן מקומקום 700 מ""ל",סנו מפעלי ברונוס בעמ,IL,סנו אנטי קאלק מסיר א,מיליליטרים,700.00,"100 מ""ל",false,1,9.90,1.4143,true,1,97707
7290000286594,false,סנו X לימון במיכל 600 ג',סנו מפעלי ברונוס בעמ,IL,חול ניקוי סנו X לימו,גרמים,600.00,100 גרם,false,1,9.90,1.6500,true,1,97730
7290000286761,false,ניילון נצמד סנו סושי פלסטיק מארז 30X2 מ',מיוצר עי קונדיטוריית,CN,סנו סושי ניילון נצמד,Unknown,0.00,Unknown,false,1,10.90,0.0000,true,1,100984
7290000287621,false,"מנקה אסלות סנו אנטי קאלק 750 מ""ל,",מיוצר עי קונדיטוריית,IL,סנו אנטי קאלק לאסלות,מיליליטרים,750.00,"100 מ""ל",false,1,10.90,1.4533,true,1,97735
7290000287956,false,פילה לברק 5-7 בוואקו,,,פילה לברק 5-7 בוואקום,קילוגרמים,1.00,"ק""ג",true,,44.90,44.9000,true,1,171160
7290000288024,false,סנו - ז'אוול אקונומיקה בריח לימון 4 ליטר,"סנו מפעלי ברונוס בע""",IL,"סנו ז""אוול לימון 4 ל",ליטרים,4.00,ליטר,false,1,16.90,4.2250,true,1,97714
7290000288048,false,סנו ז'אוול קצף לבנדר מרסס 1ל',"סנו מפעלי ברונוס בע""",IL,"סנו ז""אוול מרסס מונב",ליטרים,1.00,ליטר,false,1,16.90,16.9000,true,1,97548
7290000288109,false,"אבקת כביסה מקסימה אפקט ג''אוול 1.25 ק""ג סנו",סנו מפעלי ברונוס בעמ,IL,אבקת כביסה סנו מקסימה,גרמים,1250.00,100 גרם,false,1,14.90,1.1920,true,1,100989
7290000288352,false,"סנו K-300 חרקים ונמלים 630מ""ל","סנו מפעלי ברונוס בע""",IL,K-300,מיליליטרים,630.00,"100 מ""ל",false,1,24.90,3.9524,true,1,100501
7290000288383,false,"סנו K-500 נמלים ותיקנים 630מ""ל",מיוצר עי קונדיטוריית,IL,K-500 נמלים,מיליליטרים,400.00,"100 מ""ל",false,1,21.90,5.4750,true,1,97718
7290000288642,false,סנו - מקסימה מרכך כביסה סנסטיב ורוד 4 ליטר,"סנו מפעלי ברונוס בע""",IL,מרכך כביסה סנו מקסימ,ליטרים,4.00,ליטר,false,1,21.90,5.4750,true,1,98443
7290000288727,false,"אבקת כביסה מקסימה מאסק 1.25 ק""ג סנו",קריות זול,IL,אבקת כביסה סנו מקסימ,גרמים,1250.00,100 גרם,false,1,14.90,1.1920,true,1,97591
7290000289069,false,סנו - ז'אוול מרסס קצף ניקוי בתוספת אקונומיקה בריח לימון 1 ליטר,"סנו מפעלי ברונוס בע""",IL,"סנו ז""אוול מרסס לימו",ליטרים,1.00,ליטר,false,1,16.90,16.9000,true,1,97592
7290000289472,false,סנו סושי שקיות 76*90 50 יח' XXL,מיוצר עי קונדיטוריית,IL,סנו סושי שקיות 90*76,Unknown,0.00,Unknown,false,1,18.90,0.0000,true,1,97739
7290000289885,false,"סנו פרש ענק אושן כחול 375 מ""ל",קריות זול,IL,סנופרש יבש אושן,מיליליטרים,375.00,"100 מ""ל",false,1,10.90,2.9067,true,1,97721
7290000289915,false,"סנו פרש ענק קוקו וניל צהוב 375 מ""ל",סנו,IL,סנופרש יבש סאן סט,מיליליטרים,375.00,"100 מ""ל",false,1,10.90,2.9067,true,1,97722
7290000291963,false,סנו ז'אוול סמיכה לימון 1 ל',סנו,IL,"סנ ז""אוול סמיכה 1 לי",ליטרים,1.00,ליטר,false,1,8.90,8.9000,true,1,100992
7290000292564,false,"סנו 2000-K דוחה חרקים ללא ריח 750 מ""ל",מיוצר עי קונדיטוריית,IL,K-2000 ללא ריח,מיליליטרים,750.00,"100 מ""ל",false,1,31.90,4.2533,true,1,97553
7290000292687,false,סנובון לאסלה כחול אפרסק נתלה 55X3ג',מיוצר עי קונדיטוריית,IL,סנובון כחול שלישייה,גרמים,165.00,100 גרם,false,1,17.90,10.8485,true,1,99226
7290000293820,false,"קרמה מן שמפו וג'ל גל רחצה אקטיב בלוק 700מ""ל",קוסמופארם בעמ,IL,"ג""ל רחצה קרמה מן אקטיב בלוק 700 מל",מיליליטרים,700.00,"100 מ""ל",false,1,18.90,2.7000,true,1,184830
7290000293943,false,סנו אנטי קאלק מסיר אבנית וחלודה 1ל',מיוצר עי קונדיטוריית,IL,סנו אנטי קאלק מרסס 1,ליטרים,1.00,ליטר,false,1,18.90,18.9000,true,1,100994
7290000294773,false,סנו ז'אוול 4ליטר מונטבלאן קול,"סנו מפעלי ברונוס בע""",IL,"סנו ז""אוול מונבלאן 4",ליטרים,4.00,ליטר,false,1,16.90,4.2250,true,1,97603
7290000294780,false,סנו - ז'אוול אקונומיקה סמיכה מבושמת 4 ליטר,"סנו מפעלי ברונוס בע""",IL,"סנו ז""אוול סמיכה 4 ל",ליטרים,4.00,ליטר,false,1,16.90,4.2250,true,1,97562
7290000295299,false,כרית קרצוף יפניות סנו סושי 4 יח',סנו מפעלי ברונו בעמ,IL,סנו סושי כריות יפניו,Unknown,0.00,Unknown,false,1,11.90,0.0000,true,1,100995
7290000295336,false,"סנו - מקסימה אבקת כביסה סנסטיב 1.25 ק""ג",סנו מפעלי ברונוס בעמ,IL,אבקת כביסה סנו מקסימ,גרמים,1250.00,100 גרם,false,1,14.90,1.1920,true,1,97604
7290000295343,false,"אבקת כביסה מקסימה ביו 1.25 ק""ג סנו",קריות זול,IL,אבקת כביסה סנו מקסימ,גרמים,1250.00,100 גרם,false,1,14.90,1.1920,true,1,97564
7290000295572,false,"סנו מנקה אסלות 00 זוג * 750 מ""ל",מיוצר עי קונדיטוריית,IL,"צמד ""00"" סנו מנקה אס",ליטרים,1.50,ליטר,false,1,16.90,11.2667,true,1,97606
7290000295794,false,כרית מתכת סנו סושי אל חלד 3יח',,,סנו סושי ספוגית אל ח,Unknown,0.00,Unknown,false,1,11.90,0.0000,true,1,97744
7290000300900,false,טבעול שניצל תירס 8*750גרם רכיבים טבעיים,עיצובים 2020 (4.8),IL,טבעול שניצל תירס 750,גרמים,750.00,100 גרם,false,1,25.90,3.4533,true,1,100998
7290000303581,false,פול מצרי A-2 פרי הגליל 560ג',"פרי הגליל בע""""מ",IL,פול מצרי,גרמים,560.00,100 גרם,false,1,6.90,1.2321,true,1,97749
7290000303598,false,שעועית אפוייה A2 פרי גליל 570 ג',"פרי הגליל בע""""מ",IL,שעועית לבנה,גרמים,570.00,100 גרם,false,1,6.90,1.2105,true,1,97771
7290000307015,false,אפונת גינה גדול A2 פרי גליל 550ג',"פרי הגליל בע""""מ",IL,אפונה גינה גדולה 550גר,גרמים,550.00,100 גרם,false,1,6.90,1.2545,true,1,97750
7290000307046,false,אפונה גינה וגזר 550 ג' פרי הגליל,"פרי הגליל בע""""מ",IL,אפונה וגזר גינה550גר,גרמים,550.00,100 גרם,false,1,6.90,1.2545,true,1,100515
7290000307220,false,גרעיני תירס מתוק בוואקום פרי גליל 340ג',"פרי הגליל בע""""מ",IL,תירס מתוק בואקוס,גרמים,340.00,100 גרם,false,1,5.90,1.7353,true,1,101005
7290000307237,false,גרעיני תירס מתוק 550 ג' פרי הגליל,"פרי הגליל בע""""מ",IL,"תירס מתוק 550 גר""",גרמים,550.00,100 גרם,false,1,6.90,1.2545,true,1,99247
7290000307343,false,שעועית ירוקה חתוכה A2 פרי גליל 550ג',"פרי הגליל בע""""מ",IL,שעועית ירוקה חתוכה 560 גר,גרמים,560.00,100 גרם,false,1,6.90,1.2321,true,1,97772
7290000307800,false,פול ירוק 800 ג' פרי הגליל,"פרי הגליל בע""""מ",IL,פול ירוק 800גר,גרמים,800.00,100 גרם,false,1,14.90,1.8625,true,1,98479
7290000307985,false,גרעיני תירס מתוק 340 ג' פרי הגליל,"פרי הגליל בע""""מ",IL,גרעיני תירס ללא תוספת סוכר ומלח,גרמים,410.00,100 גרם,false,1,5.50,1.3415,true,1,99248
7290000311432,false,עוגיות גרנולה קינמון ללא תוספת סוכר 200ג,רוקחמן,IL,עוגיות גרנולה קינמון ללא סוכר 200 גר,גרמים,200.00,100 גרם,false,1,10.90,5.4500,true,1,209993
7290000311463,false,"עוגיות חיטה מלאה בטעם חמאה 200 גר' לל""ס",רוקחמן,IL,עוגיות חיטה מלאה חמאה ללא סוכר 200 גר,גרמים,200.00,100 גרם,false,1,10.90,5.4500,true,1,209994
7290000311890,false,ופל בטעם לימון ללא סוכר 180 גר',"רוקחמן בע""מ",IL,וופל בטעם לימון ללא סוכר 180 גר,גרמים,180.00,100 גרם,false,1,8.90,4.9444,true,1,209991
7290000334042,false,"צ'יפס טוגן תפוגן 2 ק""ג","תעשיות תפוגן בע""מ",IL,"תפוגן 2ק""ג",קילוגרמים,2.00,"ק""ג",false,1,24.90,12.4500,true,1,97760
7290000339566,false,מרכך כביסה ורוד 4 ל' בדין,יוניליור ישראל טיפוח,IL,מרכך כביסה בדין ורוד,ליטרים,4.00,ליטר,false,1,20.90,5.2250,true,1,98486
7290000342832,false,מרכך כביסה צהוב 4 ל' בדין,קריות זול,,מרכך כביסה בדין צהוב,ליטרים,4.00,ליטר,false,1,20.90,5.2250,true,1,101018
7290000342856,false,מרכך כביסה כחול 4 ל' בדין,יוניליור ישראל טיפוח,IL,מרכך כביסה בדין כחול,ליטרים,4.00,ליטר,false,1,20.90,5.2250,true,1,100528
7290000345055,false,תה ויסוצקי ארל גריי 100 ג',מולינו ניקולי s.p.a,IL,"תה ""ארל גריי"" בתפזור",גרמים,100.00,100 גרם,false,1,15.90,15.9000,true,1,101019
7290000345215,false,תה ויסוצקי קלאסיק 100/1 כחול מעודן,מולינו ניקולי s.p.a,IL,תה ויסוצקי קלאסיק 10,גרמים,100.00,100 גרם,false,1,18.90,18.9000,true,1,99262
7290000345282,false,נתחי פילה סלומון נור,,,נתחי פילה סלומון נורבגי,קילוגרמים,1.00,"ק""ג",true,,99.90,99.9000,true,1,183221
7290000345284,false,תה ויסוצקי קלאסיק טעם עשיר 100/1.5יח',מולינו ניקולי s.p.a,IL,תה ויסוצקי קלאסיק 10,גרמים,150.00,100 גרם,false,1,16.90,11.2667,true,1,97807
7290000345291,false,תה ארל גריי 25 שקיקים ויסוצקי,קריות זול,IL,תה ויסוצקי בלק לייבל 25שקיות,גרמים,38.00,100 גרם,false,1,15.90,41.8421,true,1,98487
7290000345307,false,תה ארל גריי 50 שקיקים ויסוצקי,מולינו ניקולי s.p.a,IL,ויסוצקי ארל גריי 50 שק,גרמים,75.00,100 גרם,false,1,29.90,39.8667,true,1,97777
7290000345435,false,פילה מרלוזה,,,פילה מרלוזה,קילוגרמים,1.00,"ק""ג",true,,35.90,35.9000,true,1,212835
7290000346021,false,חליטת קמומיל הגן הקס,בית ויסוצקי,IL,"""הגן הקסום"" קמומיל 5",גרמים,75.00,100 גרם,false,1,31.90,42.5333,true,1,98505
7290000346137,false,תה הגן הקסום הילולי פירות 25 שקיקים,קריות זול,IL,"""הגן הקסום"" הילולי פ",גרמים,63.00,100 גרם,false,1,17.90,28.4127,true,1,99263
7290000346199,false,תה הגן הקסום תה פירות יער 25 יח',קריות זול,IL,"""הגן הקסום"" פירות יע",גרמים,68.00,100 גרם,false,1,17.90,26.3235,true,1,98424
7290000346205,false,תה הגן הקסום תה קמומיל 25 יח',קריות זול,IL,חליטת הגן הקסום קמומיל 25 שק,גרמים,38.00,100 גרם,false,1,17.90,47.1053,true,1,100530
7290000346229,false,תה הגן הקסום ורד הבר והיביסקוס 25יח',ויסוצקי,IL,"""הגן הקסום"" ורד הבר",גרמים,75.00,100 גרם,false,1,17.90,23.8667,true,1,99265
7290000347738,false,תה ירוק נענע 25 שקיקים 1.5 גרם,קריות זול,IL,"תה ירוק נענע 25 שק""",גרמים,38.00,100 גרם,false,1,24.90,65.5263,true,1,100532
7290000347752,false,תה ירוק לימונית ולואיזה 25 שקיקים *1.5 ג'' ויסוצקי,קריות זול,IL,תה ירוק לימונית/לואי 25 שקיות,גרמים,38.00,100 גרם,false,1,24.90,65.5263,true,1,97809
7290000355382,false,עגבניות מרוסקות עם בזיליקום 800ג',"מילוז(1989)בע""""מ",IL,עגבניות מרוסקות עם ב,גרמים,800.00,100 גרם,false,1,7.90,0.9875,true,1,98507
7290000355481,false,רסק עגבניות BX22 טומטו 600ג' A2,"מילוז(1989)בע""""מ",IL,רסק עגבניות טומטו 570 גר,גרמים,570.00,100 גרם,false,1,5.90,1.0351,true,1,97810
7290000355498,false,רוטב עגבניות A2 BX28 טומטו 580ג',"מילוז(1989)בע""""מ",IL,רסק עגבניות 28% 580 גר,גרמים,580.00,100 גרם,false,1,5.90,1.0172,true,1,97811
7290000377445,false,נש צאנס קלית גת 200 גר',"ג'י אנד ג'י בע""מ",IL,"צ""אנס שקית 200 ג""ר",גרמים,200.00,100 גרם,false,1,9.90,4.9500,true,1,100538
7290000403715,false,אווז שלם קפוא,,,אווז שלם קפוא,קילוגרמים,1.00,"ק""ג",true,,69.90,69.9000,true,1,207060
7290000408316,false,דנונה ביו יוגורט טבעי 3% 200 ג',מיוצר עי קונדיטוריית,IL,יוגורט דנונה ביו 3%,גרמים,200.00,100 גרם,false,1,3.80,1.9000,true,1,97625
7290000408354,false,יוגורט עם אורז מצופה שוקולד קקאו 175 ג' דנונה,"שטראוס בריאות בע""מ",IL,מעדן בר פיצפוצים 173 גר,גרמים,173.00,100 גרם,false,1,4.90,2.8324,true,1,97788
7290000411488,false,צדר כתום אנגלי,,,צדר כתום אנגלי,קילוגרמים,1.00,"ק""ג",true,,119.00,119.0000,true,1,203288
7290000411495,false,מנצגו ספרדי,סלטי הכפר,,מנצגו ספרדי,קילוגרמים,1.00,"ק""ג",true,,129.00,129.0000,true,1,173787
7290000411563,false,גבינה פרובולונה,,,גבינה פרובולונה,קילוגרמים,1.00,"ק""ג",true,,129.00,129.0000,true,1,205620
7290000412481,false,סנו - מנקה אסלות 00 1 ליטר,מיוצר עי קונדיטוריית,IL,"""00"" מנקה אסלות 1 לי",ליטרים,1.00,ליטר,false,1,7.90,7.9000,true,1,97626
7290000416021,false,ממרח שוקולד השחר חלבי 500 גר',השחר העולה,IL,ממרח השחר 500,גרמים,500.00,100 גרם,false,1,12.90,2.5800,true,1,97627
7290000416045,false,ממרח שוקולד השחר דלי,השחר העולה,IL,"ממרח השחר 1ק""ג",קילוגרמים,1.00,"ק""ג",false,1,21.90,21.9000,true,1,98454
7290000416809,false,ממרח חלב קרם חצי מובחרלמריחה 350 ג' השחר,,,ממרח חצי חצי השחר 350 גר,גרמים,350.00,100 גרם,false,1,10.90,3.1143,true,1,185262
7290000416922,false,ממרח חלבי השחר 350 ג',,,ממרח חלב השחר 350 גר,גרמים,350.00,100 גרם,false,12,10.90,3.1143,true,1,185261
7290000419220,false,לנדוור כחול המקורי קפה טחון טורקי 3*100 גרם 16 יח',קפה לנדוור,IL,לנדוור כחול מארז קפה,גרמים,300.00,100 גרם,false,1,19.90,6.6333,true,1,97791
7290000419374,false,לנדוור לבוקר קפה טחון טורקי 3*100 גרם 16 יח',קפה לנדוור,IL,קפה לנדוור טחון טורק,גרמים,300.00,100 גרם,false,1,19.90,6.6333,true,1,98516
7290000420325,false,פופ קורן טבעי למיקרוגל 5 יח',קריות זול,US,"פופקורן ""פופסטאר"" טב",גרמים,500.00,100 גרם,false,1,12.90,2.5800,true,1,98458
7290000420332,false,פופ קורן חמאה למיקרוגל 5יח',קריות זול,US,"פופקורן פופסטאר בטעם חמאה 500 גר""",גרמים,500.00,100 גרם,false,1,12.90,2.5800,true,1,97630
7290000437127,false,רגל עגל חלב פרוס במג,,,רגל עגל חלב פרוס במגש,קילוגרמים,1.00,"ק""ג",true,,31.90,31.9000,true,1,119975
7290000449128,false,סיף פנטסטיק לימון ניקוי רב תכליתי 4ל',יוניליוור ישראל טיפו,IL,"""סיף פנטסטיק"" לניקוי",ליטרים,4.00,ליטר,false,1,19.90,4.9750,true,1,98461
7290000450209,false,נתחי טונה פוסידון בשמן 110 ג',"מיוצר עי וליגר בעמ,",IL,טונה פוסידון בשמן 10,גרמים,110.00,100 גרם,false,1,6.50,5.9091,true,1,100543
7290000450308,false,נתחי טונה פוסידון במים 110 ג',ויליגר בעמ עבור נטו,IL,טונה פוסידון במים 10,גרמים,110.00,100 גרם,false,1,6.50,5.9091,true,1,98463
7290000453385,false,שמרים יבשים פאקא אינסטנט 500ג',פאקא תעשיות בעמ,IL,שמרים יבשים פאקא אינסטנט 500 גר,גרמים,500.00,100 גרם,false,1,14.90,2.9800,true,1,169729
7290000453781,false,שמרים יבשים שמרית 125 ג',STRAUSS-ISRAEL,,שמרים יבשים 125 גר,גרמים,125.00,100 גרם,false,12,5.90,4.7200,true,1,188004
7290000453798,false,שמרים יבשים אקטיביים שימרית 500 ג',"גי' בי' רכיבים בע""מ",,שמרים אקטיביים 500 גר,גרמים,500.00,100 גרם,false,1,12.90,2.5800,true,1,170672
7290000461625,false,בייגלה שמיניות מלח בייגל בייגל 400 ג',בייגל את בייגל מזון,IL,"שמונה שמונה 400 ג""ר",גרמים,400.00,100 גרם,false,1,11.90,2.9750,true,1,97820
7290000467153,false,צבר חומוס סמיר הגדול 400גר,סלטי צבר,IL,חומוס צבר סמיר הגדול 400גר,גרמים,400.00,100 גרם,false,1,13.90,3.4750,true,1,146921
7290000467511,false,ביסלי חטיף ברביקיו אסם 55 ג',"אסם השקעות בע""מ",IL,ביסלי אסם בטעם ברביקיו 55גר,גרמים,55.00,100 גרם,false,1,3.90,7.0909,true,1,146867
7290000467887,false,ביסלי חטיף פיצה אסם 55 ג',"אסם השקעות בע""מ",IL,ביסלי אסם בטעם פיצה 55גר,גרמים,55.00,100 גרם,false,1,3.90,7.0909,true,1,146869
7290000468747,false,ביסלי חטיף גריל אסם 55 ג',"אסם השקעות בע""מ",IL,ביסלי אסם בטעם גריל 55גר,גרמים,55.00,100 גרם,false,1,3.90,7.0909,true,1,146866
7290000468877,false,ביסלי בטעם בצל 55 ג' אסם,"אסם השקעות בע""מ",IL,ביסלי אסם בטעם בצל 55גר,גרמים,55.00,100 גרם,false,1,3.90,7.0909,true,1,146868
7290000474076,false,חלב 3% טרה 1ל' קרטון מהדרין,קריות זול,IL,חלב בקרטון 3% 1 ליטר,ליטרים,1.00,ליטר,false,1,6.23,6.2300,true,1,98264
7290000474090,false,חלב הומוגני 1% קרטון טרה 1ל',מילקו תעשיות בעמ,IL,חלב בקרטון 1% 1 ליטר,ליטרים,1.00,ליטר,false,1,5.86,5.8600,true,1,97826
7290000474502,false,גבינה לבנה 5% 250ג' טרה מהדרין,קריות זול,IL,"גבינה לבנה 5% 250 ג""",גרמים,250.00,100 גרם,false,1,4.90,1.9600,true,1,97828
7290000474540,false,גבינה טוב טעם 3% טרה 250ג' מהדרין,קריות זול,IL,גבינה טוב טעם 3% 250 גר,גרמים,250.00,100 גרם,false,1,11.90,4.7600,true,1,99316
7290000480107,false,קוואקר שיבולת שועל פחית 500 גר',וולקרס סנקס לימיטד,GB,"קוואקר שיבולת שועל פחית 500 ג""ר",גרמים,500.00,100 גרם,false,1,11.90,2.3800,true,1,101050
7290000480442,false,קוואקר שיבולת שועל שקית 500 גר',פריטו ליי FRITO-LAY,IL,"קוואקר שיבולת שועל שקית 500 ג""ר",גרמים,500.00,100 גרם,false,1,11.90,2.3800,true,1,101051
7290000484747,false,עראק עלית 700 מל 40% כהל,יקב הגליל שווק בעמ,IL,הארק עלית 700 מל,מיליליטרים,700.00,"100 מ""ל",false,1,59.90,8.5571,true,1,171857
7290000493176,false,אבקת רוטב צלי לבשר 22ג' אסם,"אסם השקעות בע""מ",IL,"רוטב צלי באבקה 22 ג""",גרמים,22.00,100 גרם,false,1,4.90,22.2727,true,1,101052
7290000493183,false,אבקת רוטב פיטריות 30 ג' אסם,"אסם השקעות בע""מ",IL,רוטב פטריות באבקה 30,גרמים,30.00,100 גרם,false,1,3.90,13.0000,true,1,98494
7290000497044,false,ברמן אקטיב לחם ארוז,מאפית י את א ברמן בע,IL,לחם ברמן אקטיב 750גר,גרמים,750.00,100 גרם,false,1,16.90,2.2533,true,1,147806
7290000497112,false,לחם ברמן אחיד פרוס 750ג',מאפית י את א ברמן בע,IL,לחם אחיד פרוס 750 גר,גרמים,750.00,100 גרם,false,1,6.70,0.8933,true,1,99318
7290000497204,false,פיתה אסלי ברמן חמישי,מאפית י את א ברמן בע,IL,"פיתות ""ברמן אסלי "" 5",גרמים,500.00,100 גרם,false,1,7.90,1.5800,true,1,97875
7290000497228,false,לחמניה רגילה בשקית ברמן 6יח',מאפית י את א ברמן בע,IL,6 לחמניות בשקית 450,גרמים,450.00,100 גרם,false,1,10.90,2.4222,true,1,98495
7290000497273,false,לחמניות אקטיב מארז 6 יח',מאפית י את א ברמן בע,IL,לחמניות ברמן אקטיב 450 גר 6 יח,גרמים,450.00,100 גרם,false,1,14.90,3.3111,true,1,172195
7290000497303,false,לחמניה מקמח מלא 6יח' ברמן 450ג',מאפית י את א ברמן בע,IL,6 לחמניות מקמח מלא 4,גרמים,450.00,100 גרם,false,1,11.90,2.6444,true,1,98570
7290000497426,false,לחם לעניין פלוס 500 גר',מאפית י את א ברמן בע,IL,לחם קל לעניין ברמן 500 גר,גרמים,500.00,100 גרם,false,1,16.90,3.3800,true,1,100558
7290000497532,false,"לחם מקמח מלא""לעניין"" 750 גר'",מאפית י את א ברמן בע,IL,לחם ברמן לעניין 750,גרמים,750.00,100 גרם,false,1,14.90,1.9867,true,1,101055
7290000497570,false,לחם דגנים פלוס 500 גר',מאפית י את א ברמן בע,IL,ברמן דגני דגני קלות 500 גר,גרמים,500.00,100 גרם,false,1,14.90,2.9800,true,1,101056
7290000498003,false,לחם מקמח מלא ברמן 75,מאפית י את א ברמן בע,IL,לחם ברמן מקמח מלא 750 גר,גרמים,750.00,100 גרם,false,1,16.90,2.2533,true,1,184225
7290000498034,false,לחם אי פרי קמח כוסמין מלא 750 גר',מאפית י את א ברמן בע,IL,לחם מקמח כוסמין מלא ברמן 750 גר,גרמים,750.00,100 גרם,false,1,16.90,2.2533,true,1,193900
7290000504025,false,סוכרזית פטריה 300 טבליות,אף.סי תבליני בגליל ב,IL,סוכרזית פטריה 300,גרמים,246.00,100 גרם,false,1,8.90,3.6179,true,1,100563
7290000504049,false,סוכרזית קנקן 1200 טבליות,אף.סי תבליני בגליל ב,IL,סוכרזית קנקן 1200,גרמים,98.00,100 גרם,false,1,19.90,20.3061,true,1,101061
7290000504261,false,סוויט דיאט כמו סוכר ממתיק אבקתי 65ג',סוכרזית Sucrazit,IL,סוויט דאיט כמו סוכר 100 גר,גרמים,100.00,100 גרם,false,1,24.90,24.9000,true,1,97851
7290000504278,false,סוכרזית - קלאסי פטנט 700 טבליות,אף.סי תבליני בגליל ב,IL,סוכרזית פטנט 700,גרמים,57.00,100 גרם,false,1,15.90,27.8947,true,1,98572
7290000521008,false,"יין אדום יבש סגל 750 מ""ל",כרמי צבי - אחים סגל,IL,"יין ""סגל"" אדום יבש 0",מיליליטרים,750.00,"100 מ""ל",false,1,22.90,3.0533,true,1,98499
7290000521015,false,"יין סגל לבן יבש 750מ""ל","מיוצר ע""י כרמי צבי-",IL,"יין ""סגל"" לבן יבש 0.",מיליליטרים,750.00,"100 מ""ל",false,1,22.90,3.0533,true,1,98576
7290000521404,false,"יין מרום גליל קברנה סוביניון סינגל 750 מ""ל",כרמי צבי אחים סגל בע,IL,"יין ""מרום גליל"" קברנ",מיליליטרים,750.00,"100 מ""ל",false,1,39.90,5.3200,true,1,98500
7290000521411,false,מרום גליל סינגל מרלו 750מל,כרמי צבי אחים סגל בע,IL,"יין ""מרום גליל"" מרלו",מיליליטרים,750.00,"100 מ""ל",false,1,39.90,5.3200,true,1,98578
7290000522180,false,שוקו חלב הרים טהור 2,,,"שוקו חלב הרים טהור 2% 250 מ""ל",מיליליטרים,250.00,"100 מ""ל",false,1,4.90,1.9600,true,1,121146
7290000523125,false,מלח הארץ הים האדום 250 ג' עדין,חברת מלח הארץ אילת ב,IL,"מלח ים יבש 250 ג""ר",גרמים,250.00,100 גרם,false,1,5.90,2.3600,true,1,101071
7290000523224,false,מלח הארץ הים האדום 500 ג' עדין,חברת מלח הארץ אילת ב,IL,מלח הארץ ים יבש 500,גרמים,500.00,100 גרם,false,1,7.90,1.5800,true,1,98307
7290000523514,false,מלח הארץ 50% מכמות הנתרן 250 גרם,חברת מלח הארץ אילת ב,IL,מלח הארץ מופחת נתרן,גרמים,250.00,100 גרם,false,1,9.90,3.9600,true,1,97852
7290000523521,false,מלח ים מועשר ביוד 250 ג' מלח הארץ,חברת מלח הארץ אילת ב,IL,מלח הארץ מועשר ביוד,גרמים,250.00,100 גרם,false,1,5.90,2.3600,true,1,97883
7290000523804,false,"מלח עדין צנצנת 1 ק""ג מלח הארץ",חברת מלח הארץ אילת ב,IL,"צנצנת מלח עדין 1 ק""ג",קילוגרמים,1.00,"ק""ג",false,1,6.90,6.9000,true,1,101072
7290000525969,false,פרימור סחוט תפוזים טבעי 1ל',"גניר (1992) בע""מ",IL,"מיץ ""פרימור"" תפוזים",מיליליטרים,1000.00,"100 מ""ל",false,1,16.90,1.6900,true,1,99349
7290000530086,false,נקניק סלמי מעושן 600 ג' זוגלובק,נקניק נהריה כשר זוגל,IL,נקניק סלמי מעושן 700,גרמים,600.00,100 גרם,false,1,29.90,4.9833,true,1,99350
7290000530109,false,קבנוס זוגי בואקום זוגלובק 180ג',נקניק נהריה כשר זוגל,IL,קבנוס מארז זוג,גרמים,360.00,100 גרם,false,1,29.90,8.3056,true,1,99351
7290000530116,false,נקניק סלמי מעושן בשן 470 ג' זוגלובק,נקניק נהריה כשר זוגל,IL,נקניק בשן 8000,גרמים,470.00,100 גרם,false,1,25.90,5.5106,true,1,98504
7290000530413,false,המבורגר זהב זוגלובק 400 גר',נקניק נהריה כשר זוגל,IL,המבורגר זהב,גרמים,400.00,100 גרם,false,1,19.90,4.9750,true,1,98580
7290000530598,false,נקניקיות וינר 500 ג' טרי זוגלובק,נקניק נהריה כשר זוגל,IL,נקניקיות וינר גוליבר,גרמים,500.00,100 גרם,false,1,14.90,2.9800,true,1,98524
7290000530604,false,נקניקיות וינר חריפות גוליבר 500ג זוגלובק,נקניק נהריה כשר זוגל,,נקניקיות חריפות,גרמים,400.00,100 גרם,false,1,13.90,3.4750,true,1,97855
7290000530703,false,זוג במארז חרמון הודו + סלמי תה זוגלובק 800 גר',נקניק נהריה כשר זוגל,IL,"תה מעושן 400 ג""ר+חרמ",גרמים,800.00,100 גרם,false,1,26.90,3.3625,true,1,98309
7290000531601,false,סטייק בורגר זהב זוגלובק 400ג',נקניק נהריה כשר זוגל,IL,סטייק בורגר 400 גר,גרמים,400.00,100 גרם,false,1,19.90,4.9750,true,1,101073
7290000531977,false,בורקס גבינה 800 ג' זוגלובק,נקניק נהריה כשר זוגל,IL,"בורקס גבינה 800 ג""ר",גרמים,800.00,100 גרם,false,1,17.90,2.2375,true,1,100567
7290000533353,false,"בצק עלים צרפתי 1 ק""ג זוגלובק",מאפיית אריאל וגידרון,IL,בצק עלים צרפתי,קילוגרמים,1.00,"ק""ג",false,1,17.90,17.9000,true,1,99354
7290000536743,false,קריספי סטיקס תירס 500 ג' זוגלובק,נקניק נהריה כשר זוגל,IL,קריספי סטיקס תירס 500גר,גרמים,500.00,100 גרם,false,1,16.90,3.3800,true,1,150303
7290000537566,false,נקניקיות עוף טרי 400 ג' זוגלובק,נקניק נהריה כשר זוגל,IL,"נקניקיות עוף 400 גר""",גרמים,400.00,100 גרם,false,1,13.90,3.4750,true,1,100568
7290000554402,false,מלבי 160גר מחלבות גד,"מיוצר ע""י קוד יצרן E",IL,מלבי 5% 160 גרם,גרמים,160.00,100 גרם,false,1,5.90,3.6875,true,1,97861
7290000554532,false,גבינה צפתית מעודנת במלח ים 5% 200 ג' גד,הנסיך- מפעל לייצור ט,IL,צפתית מעודנת מלח ים 200גר,גרמים,200.00,100 גרם,false,1,14.90,7.4500,true,1,99371
7290000554600,false,מוצרלה מגורדת 18% 300 גרם - רובין,מחלבות גד בעמ,IL,מוצרלה מגורדת 22% 300גר,גרמים,300.00,100 גרם,false,1,26.90,8.9667,true,1,129242
7290000554624,false,ירח מתוק 3% 150 גרם רובין,"מיוצר ע""י קוד יצרן E",IL,ירח מתוק 3% 150 גרם,גרמים,150.00,100 גרם,false,1,5.90,3.9333,true,1,126747
7290000554686,false,לאבנה שמן זית וזעתר 5% 250 גרם - רבנות,מחלבות גד בעמ,IL,לאבנה בשמן זית וזעתר 5% 250 גר,גרמים,250.00,100 גרם,false,1,14.90,5.9600,true,1,98529
7290000554822,false,גבינת ריקוטה טבעי 5% שומן 250 ג' גד,מחלבות גד בעמ,IL,ריקוטה 5% 250 גרם,גרמים,250.00,100 גרם,false,1,13.90,5.5600,true,1,98530
7290000554839,false,שמנת מתוקה קשה בסגנון איטלקי 40% שומן 250 ג' גד,מחלבות גד בעמ,IL,גבינה מסקרפונה 40% 250 גרם,גרמים,250.00,100 גרם,false,1,21.90,8.7600,true,1,101078
7290000555502,false,בקבוק 1.20 ₪,,,בקבוק 1.20 ₪,Unknown,0.00,Unknown,false,1,1.20,0.0000,true,1,99561
7290000555503,false,פיקדון בירה קוזל,,,פיקדון בירה קוזל,Unknown,0.00,Unknown,false,1,1.20,0.0000,true,1,98368
7290000555505,false,פיקדון שישיית בירה 7,,,פיקדון שישיית בירה 7.20,Unknown,0.00,Unknown,false,1,7.20,0.0000,true,1,152925
7290000560533,false,אדג' ג'ל ירוק לעור רגיל 198גרם,אס.סי ג'ונסון ובניו,US,אדג גל לגילוח ירוק לעור רגיל 200 גרם,גרמים,200.00,100 גרם,false,1,16.90,8.4500,true,1,97862
7290000604343,false,תמר דקל נור 400 גר,פרי וירק טמרה ושותפי,,תמר דקל נור 400 גרם,גרמים,400.00,100 גרם,false,1,9.90,2.4750,true,1,100576
7290000644598,false,דג יבש,,,דג יבש,קילוגרמים,1.00,"ק""ג",true,,99.00,99.0000,true,1,211596
7290000646299,false,פילה נסיכת הנילוס קפ,דגי תנובה,ZA,פילה נסיכת הנילוס,קילוגרמים,1.00,"ק""ג",true,,49.90,49.9000,true,1,197050
7290000652177,false,נתחי פילה נסיכת הנילוס 100%,,,נתחי פילה נסיכת הנילוס,קילוגרמים,1.00,"ק""ג",true,,59.90,59.9000,true,1,197051
7290000655376,false,פילה דניס קפוא 100%,,TR,פילה דניס קפוא,קילוגרמים,1.00,"ק""ג",true,,89.90,89.9000,true,1,186162
7290000657866,false,פילה אמנון 5-7,דלידג,,פילה אמנון 5-7,קילוגרמים,1.00,"ק""ג",true,,29.90,29.9000,true,1,144016
7290000659312,false,דגי תנובה פילה סלומון קפוא בוואקום,PEQUERA DEL,,פילה דג סלמון פרימיום,קילוגרמים,1.00,"ק""ג",true,,89.90,89.9000,true,1,121508
7290000688374,false,"מי עדן בייבי מארז 330X6 מ""ל","מי עדן בע""מ",,שישיית מי עדן בייבי,מיליליטרים,1980.00,"100 מ""ל",false,1,14.90,0.7525,true,1,98557
7290000688381,false,מי עדן פקק ספורט 6*500 מל.,"מי עדן בע""מ",IL,שישיית סנופי 0.5 ליט,ליטרים,3.00,ליטר,false,1,13.90,4.6333,true,1,99387
7290000688503,false,מים מינרליים מי עדן,"מי עדן בע""מ",IL,מי עדן ספורט 0.75 לי,ליטרים,4.50,ליטר,false,1,16.90,3.7556,true,1,99388
7290000714339,false,וינר חדש עבה בואקום,מעדני מניה תעשיות בש,,וינר חדש עבה בואקום,קילוגרמים,1.00,"ק""ג",true,,69.00,69.0000,true,1,125691
7290000768294,false,פילה אמנון 5-7 ללא ע,,,פילה אמנון 5-7 ללא עור בוואקום,קילוגרמים,1.00,"ק""ג",true,,29.90,29.9000,true,1,193507
7290000775317,false,פילה זהבנון 1 קג,דלידג,,"פילה זהבנון 1 ק""""ג",קילוגרמים,1.00,"ק""ג",false,1,24.90,24.9000,true,1,95457
7290000803180,false,מרידול מי פהשטיפה דנטלית 400 מל,קולגייט פלמוליב,CH,שטיפה דנטאלית מרידול 400 מייל,מיליליטרים,400.00,"100 מ""ל",false,1,27.90,6.9750,true,1,101101
7290000805368,false,מזון כלבים בונזו גור,אף.סי תבליני בגליל ב,FR,"בונזו גורים 3 ק""ג",קילוגרמים,3.00,"ק""ג",false,1,69.90,23.3000,true,1,101102
7290000805597,false,בונזו 7+ לכלבים 3קג,קריות זול,FR,"בונזו ""סניור 7+"" 3 קג",קילוגרמים,3.00,"ק""ג",false,1,49.90,16.6333,true,1,126770
7290000805795,false,חול לחתולים יורו קיט,דולפין ספא,IL,"חול לחתולים 10 ק""ג",קילוגרמים,10.00,"ק""ג",false,1,34.90,3.4900,true,1,98383
7290000805900,false,"לה קט עוף 2.85 ק""ג",קריות זול,FR,"לה קט עוף 2.85 ק""ג",קילוגרמים,2.85,"ק""ג",false,1,57.90,20.3158,true,1,97932
7290000805917,false,"לה קט כבד 2.85 ק""ג",קריות זול,FR,"לה קט כבד 2.85 ק""ג",קילוגרמים,2.85,"ק""ג",false,1,57.90,20.3158,true,1,98643
7290000805924,false,מזון חתולים לה קט דג,קריות זול,FR,"לה קט דגים 2.85 ק""ג",קילוגרמים,2.85,"ק""ג",false,1,57.90,20.3158,true,1,100587
7290000835107,false,פילה מדומה מס 6 מוכש,,,פילה מדומה מס 6 מוכשר ארגנטינה,קילוגרמים,1.00,"ק""ג",true,,41.90,41.9000,true,1,212282
7290000835961,false,פילה אמנון 7-9 בוואק,,,פילה אמנון 7-9 בוואקום,קילוגרמים,1.00,"ק""ג",true,,29.90,29.9000,true,1,198044
7290000847653,false,שוק ברווז קפוא,,,שוק ברווז קפוא,קילוגרמים,1.00,"ק""ג",true,,99.90,99.9000,true,1,214442
7290000873519,false,פילה פורל קפוא,,,פילה פורל קפוא,קילוגרמים,1.00,"ק""ג",true,,79.90,79.9000,true,1,213310
7290000909387,false,ניוקי אבאל תפוא 1 קג,Ciemme Alimentari SR,IT,"ניוקי אבאל תפו""א 1 ק""ג",גרמים,1000.00,100 גרם,false,1,9.90,0.9900,true,1,182744
7290000919803,false,סרדין שלם,,,סרדין שלם,קילוגרמים,1.00,"ק""ג",true,,24.90,24.9000,true,1,209498
7290000999984,false,הצטרפות מועדון מהקופ,,,הצטרפות מועדון מהקופה,Unknown,0.00,Unknown,false,1,0.01,0.0000,true,1,181948
7290001050064,false,"אבקת סוכר 1 ק""ג",ר.ס.,,"אבקת סוכר 1 ק""ג",קילוגרמים,1.00,"ק""ג",false,1,12.90,12.9000,true,1,98970
7290001199039,false,סלט בולגרי 450 גר,סלטי עמים ברדה,,"סלט בולגרי 450 ג""ר",גרמים,450.00,100 גרם,false,1,14.90,3.3111,true,1,97937
7290001199053,false,חציל תאילנדי 500 גר,סלטי עמים ברדה,,"חציל תאילנדי 500 גר""",גרמים,500.00,100 גרם,false,1,16.90,3.3800,true,1,98999
7290001199084,false,גזר בסיגנון קוריאני,סלטי עמים ברדה,,גזר בסיגנון קוריאני,גרמים,450.00,100 גרם,false,1,15.90,3.5333,true,1,97963
7290001199091,false,חצילים בסיגנון קוריא,סלטי עמים ברדה,,חצילים בסיגנון קוריא,גרמים,500.00,100 גרם,false,1,15.90,3.1800,true,1,99411
7290001199107,false,סוטא אוקראיני 450 גר,סלטי עמים ברדה,,סוטא אוקראיני,גרמים,450.00,100 גרם,false,1,13.90,3.0889,true,1,101114
7290001199190,false,כרוב צבוע ברדה 1 קג,,,כרוב צבוע ברדה 1 קג,קילוגרמים,1.00,"ק""ג",false,1,17.90,17.9000,true,1,197188
7290001199220,false,סלט בלקני ברדה 500 ג,,,"ממרח פטריות 250 גר""",גרמים,500.00,100 גרם,false,1,16.90,3.3800,true,1,127366
7290001199244,false,כרוב במלח 1 קג,סלטי עמים ברדה,,"כרוב במלח 1 ק""ג",קילוגרמים,1.00,"ק""ג",false,1,18.90,18.9000,true,1,98683
7290001199251,false,סלט סקנדינבי ברדה 50,,,סלט סקנדינבי ברדה 500 גר,גרמים,500.00,100 גרם,false,1,16.90,3.3800,true,1,199000
7290001199275,false,אדזיקה 250 גר,סלטי עמים ברדה,,"אדז""יקה 250 ג""ר",גרמים,500.00,100 גרם,false,1,10.90,2.1800,true,1,99873
7290001199276,false,סלט קרימסקי ברדה 500,,,סלט קרימסקי ברדה 500 גר,גרמים,500.00,100 גרם,false,1,16.90,3.3800,true,1,199001
7290001199343,false,חזרת 180 גר,סלטי עמים ברדה,,"חזרת 180 ג""ר",גרמים,180.00,100 גרם,false,1,10.90,6.0556,true,1,99412
7290001199350,false,חרדל 180 גר,סלטי עמים ברדה,,"חרדל 180 ג""ר",גרמים,180.00,100 גרם,false,1,10.90,6.0556,true,1,101117
7290001199404,false,כרוב במלח עם חמוציות,סלטי עמים ברדה,,כרוב במלח עם חמוציות,קילוגרמים,1.00,"ק""ג",false,1,18.90,18.9000,true,1,99413
7290001199435,false,חציל פיקנטי 500 גר,סלטי עמים ברדה,,"חציל פיקנטי 500 גר""",גרמים,500.00,100 גרם,false,1,16.90,3.3800,true,1,101118
7290001199459,false,כרוב במלח עם תפוחי ע,סלטי עמים ברדה,,כרוב במלח עם תפוחי ע,קילוגרמים,1.00,"ק""ג",false,1,18.90,18.9000,true,1,99414
7290001199596,false,סלט בולגרי ברדה 1 קג,,,גזר ולימון חריף 250,קילוגרמים,1.00,"ק""ג",false,1,17.90,17.9000,true,1,128530
7290001230331,false,סיגריות כאמל בוקס חפ,Unknown,,כאמל בוקס פילטר,Unknown,0.00,Unknown,false,1,31.00,0.0000,false,1,97367
7290001230739,false,כאמל קופסא בודדת כחו,Unknown,,כאמל כחול,Unknown,0.00,Unknown,false,1,31.00,0.0000,false,1,97415
7290001231932,false,סיגריות וינסטון כחול,Unknown,,וינסטון כחול בוקס,Unknown,0.00,Unknown,false,1,33.00,0.0000,false,1,97444
7290001235938,false,סיגריות וינסטון כחול,Unknown,,וינסטון לייט ארוך,Unknown,0.00,Unknown,false,1,33.00,0.0000,false,1,97974
7290001247068,false,נקטר ספרינג תות בננה קרטונית 1 ל',"יפאורה תבורי בע""מ",IL,ספרינג תות 1 ליטר,ליטרים,1.00,ליטר,false,1,6.90,6.9000,true,1,100603
7290001247082,false,נקטר ספרינג עגבניות קרטונית 1 ל',"יפאורה תבורי בע""מ",IL,ספרינג עגבניות 1 ליט,מיליליטרים,1000.00,"100 מ""ל",false,1,6.90,0.6900,true,1,98698
7290001247099,false,נקטר ספרינג מנגו קרטונית 1 ל',"יפאורה תבורי בע""מ",IL,ספרינג מנגו 1 ליטר,ליטרים,1.00,ליטר,false,1,6.90,6.9000,true,1,101121
7290001247105,false,נקטר ספרינג אפרסק קרטונית 1 ל',"יפאורה תבורי בע""מ",IL,ספרינג אפרסק 1 ליטר,מיליליטרים,1000.00,"100 מ""ל",false,1,6.90,0.6900,true,1,97977
7290001247112,false,נקטר ספרינג לימונענע קרטונית 1 ל',"יפאורה תבורי בע""מ",IL,ספרינג לימון 1 ליטר,מיליליטרים,1000.00,"100 מ""ל",false,1,6.90,0.6900,true,1,99416
7290001247129,false,נקטר ספרינג תפוזים קרטונית 1 ל',"יפאורה תבורי בע""מ",IL,ספרינג תפוזים 1 ליטר,מיליליטרים,1000.00,"100 מ""ל",false,1,6.90,0.6900,true,1,97940
7290001247143,false,נקטר ספרינג תפוחים קרטונית 1 ל',"יפאורה תבורי בע""מ",IL,ספרינג תפוח 1 ליטר,מיליליטרים,1000.00,"100 מ""ל",false,1,6.90,0.6900,true,1,97978
7290001265642,false,"מעדני לה קט פטה, שלישיה 3 * 400 ג'",קריות זול,FR,מעדני לה קט פטה 3*40,גרמים,1200.00,100 גרם,false,1,23.90,1.9917,true,1,101122
7290001302194,false,ביסלי בטעם פלאפל 55 ג' אסם,"אסם השקעות בע""מ",IL,ביסלי אסם בטעם פלפל 55גר,גרמים,55.00,100 גרם,false,1,3.90,7.0909,true,1,146870
7290001302279,false,אוסם - במבה קלאסי 60 גרם,מיוצר עי קונדיטוריית,IL,במבה אסם קלאסי 60גר,גרמים,60.00,100 גרם,false,1,4.90,8.1667,true,1,146874
7290001327791,false,שטראוס קרמיסימו עוגיות 1.33 ליטר,"גלידת שטראוס בע""מ, ר",IL,קרמיסימו עוגיות 1.33,ליטרים,1.33,ליטר,false,1,18.90,14.2105,true,1,99005
7290001361009,false,עוגת טורט קייבסקי,האי נאם סי או אל.טי.,IL,טורט קייבסקי,גרמים,700.00,100 גרם,false,1,78.90,11.2714,true,1,99471
7290001361016,false,עוגת גינגי שכבות בצק,GS עבור נטו מלינדה ס,IL,עוגות גינגית פס 600 גר,גרמים,600.00,100 גרם,false,1,41.90,6.9833,true,1,99010
7290001361054,false,אקלרים פטיסייר (600 ג'),אף.סי תבליני בגליל ב,IL,אקלרים 600 גר,גרמים,600.00,100 גרם,false,1,42.90,7.1500,true,1,92320
7290001361061,false,אקלרים בציפוי שוקולד,"נטלי פלוס בע""מ",IL,אקלרים בציפוי שוקולד,גרמים,600.00,100 גרם,false,1,42.90,7.1500,true,1,97348
7290001361078,false,עוגה לילות קייב 900,נטלי פלוס,,לילות קייב,גרמים,900.00,100 גרם,false,1,94.90,10.5444,true,1,99472
7290001361085,false,עוגת נפוליאון פס 600,אף.סי תבליני בגליל ב,IL,עוגת נפוליאון פס,גרמים,600.00,100 גרם,false,1,41.90,6.9833,true,1,100611
7290001361092,false,עוגת פיצוץ פס 400 גר,GS עבור נטו מלינדה ס,IL,עוגת פיצוץ פס,גרמים,400.00,100 גרם,false,1,41.90,10.4750,true,1,97945
7290001361153,false,עוגת פיצוץ גדולה 1 ק,נטלי פלוס,,"עוגת פיצוץ גדולה 1 ק""ג",קילוגרמים,1.00,"ק""ג",false,1,94.90,94.9000,true,1,100612
7290001361160,false,עוגת מיסטיקה אננס 750 ג',נטלי פלוס,,"עוגת ""מיסטיקה"" בטעם",גרמים,750.00,100 גרם,false,1,69.90,9.3200,true,1,99012
7290001361177,false,עוגת דובדבנים פס 650,נטלי פלוס,,עוגת דובדבנים פס,גרמים,650.00,100 גרם,false,1,45.90,7.0615,true,1,97984
7290001361207,false,עוגת פס אוכמניות 650,נטלי פלוס,,עוגת אוכמניות פס,גרמים,650.00,100 גרם,false,1,45.90,7.0615,true,1,100613
7290001361269,false,פס קייבסקי ללא קמח 3,נטלי פלוס בעמ,IL,טורט קייב,גרמים,350.00,100 גרם,false,1,41.90,11.9714,true,1,126464
7290001361276,false,כדורי שוקולד 400 גר',נטלי פלוס,,כדורי שוקולד 400גר,גרמים,700.00,100 גרם,false,1,34.90,4.9857,true,1,126462
7290001361290,false,"עוגת מוצרט 1 ק""ג","נטלי פלוס בע""מ",IL,"עוגה מוצרט 1 ק""ג",גרמים,1000.00,100 גרם,false,1,94.90,9.4900,true,1,101129
7290001361344,false,עוגת מוזה פס של נטלי,"נטלי פלוס בע""מ",IL,עוגת מוזה פס של נטלי 400 גר,גרמים,400.00,100 גרם,false,1,45.90,11.4750,true,1,173883
7290001361436,false,עוגת פס שמנת סמטניק,נטלי פלוס בעמ,IL,עוגת פס שמנת סמטניק נטלי 550 גר,גרמים,550.00,100 גרם,false,1,43.90,7.9818,true,1,201439
7290001361580,false,פס היער השחור נטלי 550 ג',"נטלי פלוס בע""מ",IL,עוגת פס היער השחור נטלי 550 גר,גרמים,550.00,100 גרם,false,1,43.90,7.9818,true,1,127655
7290001361733,false,עוגת פס אלפחורס נטלי,נטלי פלוס בעמ,IL,עוגת פס אלפחורס נטלי 550 גר,גרמים,550.00,100 גרם,false,1,43.90,7.9818,true,1,201438
7290001361894,false,פס טראפלס שוקולד 450 ג',נטלי פלוס,,עוגת טרפלס שוקולד 450גר,גרמים,450.00,100 גרם,false,1,39.90,8.8667,true,1,146906
7290001361924,false,פס גבינה פירורים 450 ג',נטלי פלוס,,עוגת פס גבינה פירורים 450 גר,גרמים,450.00,100 גרם,false,1,39.90,8.8667,true,1,99014
7290001361979,false,פס גבינה פירורים ללא סוכר 450 ג',נטלי פלוס,,עוגת פס גבינה ללא סוכר 450 גר,גרמים,500.00,100 גרם,false,1,39.90,7.9800,true,1,98707
7290001419618,false,וופל בלגי עלמה שחור לבן וניל 200ג',גילרו,,"וופל ""עלמה"" בלגי 200",גרמים,200.00,100 גרם,false,1,4.90,2.4500,true,1,97948
7290001419779,false,וופל שוקו' עלמה קלאסי 200 גר,"גילרו בע""מ",,"ופל שוקולד ""עלמה"" קל",גרמים,200.00,100 גרם,false,1,4.90,2.4500,true,1,97949
7290001468104,false,מארז גפרורים 10יח,י.ד. יבוא,,גפרורים,Unknown,0.00,Unknown,false,1,4.90,0.0000,true,1,144050
7290001468159,false,ריבת חלב טופ מותגים,מ.א.מ השלושה,,ריבת חלב 450 גר,גרמים,450.00,100 גרם,false,1,13.90,3.0889,true,1,98723
7290001468319,false,"מיץ לימון נאמן 200מ""ל",ITAL LEMON,,מיץ לימון טבעי 200 מל,מיליליטרים,200.00,"100 מ""ל",false,1,6.90,3.4500,true,1,99043
7290001468326,false,מיץ לימון טבעי 500מל,ITAL LEMON,,50מיץ לימון,מיליליטרים,500.00,"100 מ""ל",false,1,12.90,2.5800,true,1,98725
7290001468609,false,סוכר וניל 100 גר,ר.ס.,,סוכר וניל,גרמים,100.00,100 גרם,false,1,3.00,3.0000,true,1,99481
7290001468616,false,אבקת אפיה נאמן מארז 10X10 ג',ר.ס.,,אבקת אפיה,גרמים,100.00,100 גרם,false,1,2.90,2.9000,true,1,99482
7290001468661,false,"מסיר לק ריחני 180 מ""ל",מעבדות קליאו,,מסיר לק ריחני,מיליליטרים,180.00,"100 מ""ל",false,1,7.90,4.3889,true,1,101132
7290001468708,false,קורנפלור 500 גר,ר.ס.,,"קורנפלור 500 ג""ר",גרמים,500.00,100 גרם,false,1,6.90,1.3800,true,1,98726
7290001468715,false,אבקת סוכר 100 גר,ר.ס.,,10אבקת סוכר ג,גרמים,100.00,100 גרם,false,1,2.50,2.5000,true,1,99485
7290001468753,false,קמח תפוחי אדמה 500 ג' נאמן,תבליני ביטון,IL,"50קמח תפו""א ג",גרמים,500.00,100 גרם,false,1,6.90,1.3800,true,1,98727
7290001468760,false,פחמים דחוס 3קג,CARBONBRIQMA,,"פחם דחוס 3 ק""ג",קילוגרמים,3.00,"ק""ג",false,1,19.90,6.6333,true,1,99892
7290001468852,false,סודה לשתיה 50 מל,ר.ס.,,סודה לשתיה,גרמים,50.00,100 גרם,false,1,1.90,3.8000,true,1,101134
7290001468883,false,ממרח פרי בטעם ריבה 8,צור,,ממרח פרי בטעם ריבה 820 גרם,גרמים,820.00,100 גרם,false,1,12.90,1.5732,true,1,97999
7290001482186,false,לפתן אננס חתוך ויליפ,הנסיך- מפעל לייצור ט,TH,"אננס חתוך 600 גר""",גרמים,565.00,100 גרם,false,1,6.90,1.2212,true,1,98000
7290001485019,false,גבינת שמנת 5% טעם טבעי 200 ג' טרה,קריות זול,IL,גבינת שמנת טבעי 5% 200 גר,גרמים,200.00,100 גרם,false,1,11.90,5.9500,true,1,98730
7290001491096,false,תה ירוק בתוספת לימונית ולואיזה 50 שקיקים ויסוצקי,קריות זול,IL,תה ירוק לימונית/לואי,גרמים,75.00,100 גרם,false,1,39.90,53.2000,true,1,98004
7290001581780,false,נקניקיות מרגז פיקנטי,,,נקניקיות מרגז פיקנטיות 400 גר,גרמים,400.00,100 גרם,false,1,29.90,7.4750,true,1,202831
7290001594568,false,"בירה קרלסברג פחית 500 מ""ל",מבשלות בירה בינלאומי,RO,"קרלסברג 500 מ""ל פחית",מיליליטרים,500.00,"100 מ""ל",false,1,9.90,1.9800,true,1,99067
7290001594575,false,"בירה טובורג פחית 500 מ""ל",מבשלות בירה בינלאומי,IL,"טובורג 500 מ""ל פחית",מיליליטרים,500.00,"100 מ""ל",false,1,8.90,1.7800,true,1,100623
7290001594803,false,"בירה טובורג גרין מארז 330X6מ""ל",קרלסברג ישראל,,שישיית טובורג גרין 3,ליטרים,1.98,ליטר,false,1,41.90,21.1616,true,1,101138
7290001594865,false,"קרלסברג בירה בקבוק 6* 330 מ""ל",קרלסברג ישראל,IL,בירה קרלסברג שישייה,ליטרים,1.98,ליטר,false,1,40.90,20.6566,true,1,99535
7290001670224,false,מלית פרג 400 גרם פוליבה,"פוליבה בע""מ",IL,"מלית פרג 400 ג""ר",גרמים,400.00,100 גרם,false,1,11.90,2.9750,true,1,98019
7290001670507,false,מלית תמרים פוליבה 450 ג',"פוליבה בע""מ",IL,ממרח תמרים פוליבה 450 גר,גרמים,450.00,100 גרם,false,1,10.90,2.4222,true,1,100625
7290001670736,false,כפפות נילון שקוף 100 יחידות,יבוא ושיווק: הנמל אר,IL,כפפות שקוף,Unknown,0.00,Unknown,false,1,5.90,0.0000,true,1,97972
7290001738771,false,טושיונקה בקר אדום 40,,,מעדן בקר ראש 400 גר,גרמים,400.00,100 גרם,false,1,19.90,4.9750,true,1,175888
7290001791349,false,אקונומיקה פסגה ריחנית 4ליטר,"סנו מפעלי ברונוס בע""",IL,סנו פיסגה אקונומיקה,ליטרים,4.00,ליטר,false,1,9.90,2.4750,true,1,99100
7290001791356,false,"סנו - פרש מילוי למטהר אוויר בלו אייר 250 מ""ל",קריות זול,IL,פרש אוטומטיק לבנדר,מיליליטרים,250.00,"100 מ""ל",false,1,14.90,5.9600,true,1,97349
7290001813454,false,עוגיות חיוכים חגיגה שוקו 900 ג',אפיפית נצרת תעשיות ב,IL,"חיוכים שוקו 900 ג""ר",גרמים,900.00,100 גרם,false,1,20.90,2.3222,true,1,98009
7290001813478,false,עוגיות חיוכים חגיגה וניל 900 ג',אפיפית נצרת תעשיות ב,IL,"חיוכים וניל 900 ג""ר",גרמים,900.00,100 גרם,false,1,20.90,2.3222,true,1,98010
7290001865439,false,פמלי לקשרי 1ליטר וניל טהור +משאבה,אף.סי תבליני בגליל ב,IL,"אל סבון ""פמילי"" עם מ",ליטרים,1.00,ליטר,false,1,11.90,11.9000,true,1,101160
7290001865453,false,פמלי לקשרי 1ליטר לבנדר ארומטי+משאבה,מיוצר עי קונדיטוריית,TR,"אל סבון ""פמילי"" עם מ",ליטרים,1.00,ליטר,false,1,11.90,11.9000,true,1,99914
7290001881040,false,מלפפון ביבי במלח 600,,,מלפפונון במלח 600 גר,קילוגרמים,1.00,"ק""ג",false,1,29.90,29.9000,true,1,143842
7290001881095,false,עגבניות שרי יחידה 60,,,עגבניות שרי 500 גר,גרמים,500.00,100 גרם,false,1,29.90,5.9800,true,1,99121
7290001881293,false,תות שדה קפוא 300 גר,,,חמאת קוויאר שחור,גרמים,300.00,100 גרם,false,1,11.90,3.9667,true,1,99122
7290001881873,false,"מאמא מרי כרוב עם חמוציות 1 ק""ג",,,כרוב כבוש עם חמוציות,קילוגרמים,1.00,"ק""ג",false,1,19.90,19.9000,true,1,99123
7290001975015,false,בירה טובורג גרין 500,קרלסברג ישראל,,בירה טובורג גרין 0.5,מיליליטרים,500.00,"100 מ""ל",false,1,8.90,1.7800,true,1,99560
7290001990117,false,שומשום סוגת 100 גרם,האי נאם סי או אל.טי.,IL,שומשום 100גר,גרמים,100.00,100 גרם,false,1,3.90,3.9000,true,1,98797
7290002000143,false,"חדש -פנג'ל ק.ידיים קלאסיק 80מ""ל",מיוצר עי קונדיטוריית,IL,"קרם ידיים ""פנג""ל"" קל",Unknown,0.00,Unknown,false,1,7.90,0.0000,true,1,98082
7290002007029,false,קוקוס טחון 100 ג' הנמל,יבוא ושיווק: הנמל אר,IL,קוקוס 100 גר,גרמים,100.00,100 גרם,false,1,3.90,3.9000,true,1,98084
7290002007036,false,כוסמת 500 גר,,,"כוסמת 500 גר""",גרמים,500.00,100 גרם,false,1,10.90,2.1800,true,1,100644
7290002007180,false,קמח תירס 500 ג' הנמל,הנמל אריזות ושיווק ב,IL,"קמח תירס 500 ג""ר",גרמים,500.00,100 גרם,false,1,4.90,0.9800,true,1,98823
7290002007234,false,אבקת סוכר 100 ג' הנמל,"מיוצר וארוז ע""י: ר.ס",IL,"אבקת סוכר 100 ג""ר",גרמים,100.00,100 גרם,false,1,2.50,2.5000,true,1,100646
7290002007302,false,סוכריות לקישוט צבע אחיד 100 ג' הנמל,קריות זול,,מזרה צבע אחיד,גרמים,100.00,100 גרם,false,1,5.90,5.9000,true,1,98034
7290002007371,false,פירורי לחם הנמל 500 ג',הנמל אריזות ושיווק ב,IL,"פירורי לחם 500 ג""ר",גרמים,500.00,100 גרם,false,1,6.90,1.3800,true,1,99131
7290002007852,false,"תמצית אפייה בטעמים שונים 55 מ""ל הנמל",ממתקי עלה יצור ושיוו,IL,תמצית וניל,מיליליטרים,55.00,"100 מ""ל",false,1,3.90,7.0909,true,1,98039
7290002008057,false,"תמצית אפייה בטעם רום 55 מ""ל הנמל",ממתקי עלה יצור שיווק,IL,תמצית רום,מיליליטרים,55.00,"100 מ""ל",false,1,3.90,7.0909,true,1,99147
7290002008170,false,עטרות חום 3 מספר הנמל,הנמל,IL,עטרות חום 3,יחידה,1.00,יחידה,false,1,5.00,5.0000,true,1,118502
7290002008347,false,קורנפלור הנמל 500 גר,,,קורנפלור הנמל 500 גר,גרמים,500.00,100 גרם,false,1,6.90,1.3800,true,1,98095
7290002008439,false,דפי נייר סנדוויץ הנמל 100 יח',קריות זול,,דפים סנדביץ,Unknown,0.00,Unknown,false,1,6.90,0.0000,true,1,98044
7290002008507,false,נייר אפייה 50 יח' הנמל,הנמל אריזות ושיווק ב,IL,נייר אפיה 50 יח,Unknown,0.00,Unknown,false,1,9.90,0.0000,true,1,99580
7290002008620,false,"צבע מאכל ירוק 55 מ""ל הנמל",ממתקי עלה יצור שיווק,IL,"צבע מאכל ירוק 55 מ""ל",מיליליטרים,55.00,"100 מ""ל",false,1,4.00,7.2727,true,1,99933
7290002008668,false,צמרוני ביוטי עגול קלירי 200 יח',,TR,צמרוני ביוטי עגול 20,Unknown,0.00,Unknown,false,1,4.90,0.0000,true,1,98099
7290002008743,false,סוכר וניל 10*10 ג' הנמל,"מיוצר וארוז ע""י: ר.ס",IL,"סוכר וניל 10 יח""",גרמים,100.00,100 גרם,false,1,2.50,2.5000,true,1,99934
7290002008750,false,אבקת אפיה הנמל מארז 10X10 ג',"מיוצר ע""י:ר.ס. חברה",IL,"אבקת אפיה 10 יח""",גרמים,100.00,100 גרם,false,1,2.50,2.5000,true,1,101179
7290002008774,false,שומשום הנמל 200 גרם,הנמל אריזות ושיווק ב,IL,שומשום ג,גרמים,200.00,100 גרם,false,1,6.90,3.4500,true,1,99582
7290002008927,false,סוכריות לקישוט שוקו לבן 100 ג' הנמל,ממתקי עלה יצור שיווק,IL,סוכריות לקישוט שוקו לבן,גרמים,100.00,100 גרם,false,1,5.90,5.9000,true,1,123559
7290002008989,false,קישקשים קשים לשתיה 225יח הנמל,הנמל אריזות ושיווק ב,CN,קישקשים,Unknown,0.00,Unknown,false,1,9.90,0.0000,true,1,98832
7290002037057,false,לחם לבן פרוס 500 גרם,מאפיית ודש,,"לחם לבן ארוז 500 גר""",גרמים,500.00,100 גרם,false,1,5.90,1.1800,true,1,99154
7290002040071,false,קוסקוס עבה הנמל 350 גר',"קוסקוס מזון בע""מ",IL,350קוסקוס עבה ג,גרמים,350.00,100 גרם,false,1,5.90,1.6857,true,1,100654
7290002050056,false,גוגי ברי 130 גר,זארובי,,גוגי ברי 130 גר,גרמים,130.00,100 גרם,false,1,19.90,15.3077,true,1,168898
7290002050537,false,גרעיני חמניות מקולף,,,גרעיני חמניות מקולף 220 גר,גרמים,220.00,100 גרם,false,1,6.90,3.1364,true,1,182280
7290002050544,false,גרעיני דלעת מקולף 25,,,גרעיני דלעת מקולף 250 גר,גרמים,250.00,100 גרם,false,1,11.90,4.7600,true,1,182281
7290002050551,false,אגוז פקאן טבעי 180 ג,,,אגוז פקאן טבעי 180 גר,גרמים,180.00,100 גרם,false,1,23.90,13.2778,true,1,205616
7290002050575,false,קשיו טבעי 220 גר,,,קשיו טבעי 220 גר,גרמים,220.00,100 גרם,false,1,23.90,10.8636,true,1,182282
7290002050599,false,אגוז ברזילאי 220 גר,,,אגוז ברזילאי 220 גר,גרמים,220.00,100 גרם,false,1,29.90,13.5909,true,1,205617
7290002050803,false,סוכריות גומי זארובי,,,רביעיית ממתקים 550 גר,גרמים,550.00,100 גרם,false,1,25.90,4.7091,true,1,204411
7290002050865,false,אגוזי מלך 150 גר,,,אגוזי מלך 150 גר,גרמים,150.00,100 גרם,false,1,12.90,8.6000,true,1,182284
7290002050872,false,שקד טבעי אמריקאי 240,,,שקד טבעי אמריקאי 240 גר,גרמים,240.00,100 גרם,false,1,25.90,10.7917,true,1,182285
7290002050940,false,געלה פרמיום 500 גר,,,געלה פרמיום 500 גר,גרמים,500.00,100 גרם,false,1,34.90,6.9800,true,1,182287
7290002050964,false,חמוציות מופחת סוכר 2,,,חמוציות מופחת סוכר 200 גר,גרמים,200.00,100 גרם,false,1,13.90,6.9500,true,1,182290
7290002050988,false,גרנולה פרמיום 450 גר,,,גרנולה פרמיום 450 גר,גרמים,450.00,100 גרם,false,1,22.90,5.0889,true,1,213066
7290002057055,false,זיתים סורי ירוק שלם A2 יבנה 560ג',קריות זול,IL,זית סורי שלם,גרמים,560.00,100 גרם,false,1,10.90,1.9464,true,1,98857
7290002057062,false,זיתים ירוק מנזנילנו בינוני יבנה 540ג',,,זיתים מנזלינו בינוני יבנה 560 גר,גרמים,560.00,100 גרם,false,1,6.90,1.2321,true,1,99600
7290002057123,false,זיתים חרוזית ירוק A2 יבנה 540ג',קריות זול,IL,חרוזית יבנה,גרמים,560.00,100 גרם,false,1,9.90,1.7679,true,1,98121
7290002057352,false,מלפפון במלח 7-9 560 ג' יבנה,אף.סי תבליני בגליל ב,IL,מלפפון במלח 7-9,גרמים,560.00,100 גרם,false,1,6.50,1.1607,true,1,98122
7290002057369,false,מלפפון במלח ‏12‏-‏10‏ 560 ג' יבנה,קבוצת יבנה,IL,מלפפון יבנה במלח 10-12 560 גר,גרמים,560.00,100 גרם,false,1,7.90,1.4107,true,1,99950
7290002057376,false,מלפפון במלח ‏17‏-‏13‏ 560 ג' יבנה,קבוצת יבנה,IL,מלפפונים במלח 13-17,גרמים,560.00,100 גרם,false,1,9.90,1.7679,true,1,99173
7290002057451,false,מלפפון בחומץ ‏9‏-‏7‏ %‏20‏ 560 ג' יבנה,אף.סי תבליני בגליל ב,IL,מלפפון בחומץ 7-9,גרמים,560.00,100 גרם,false,1,6.50,1.1607,true,1,99174
7290002057475,false,מלפפונים בחומץ 13-17 קטן A2 יבנה 540ג',קבוצת יבנה,IL,מלפפון בחומץ 13-17,גרמים,560.00,100 גרם,false,1,9.90,1.7679,true,1,98123
7290002057628,false,זיתים טבעות מושחר A2 יבנה 540ג',קריות זול,IL,טבעות מושחר,גרמים,560.00,100 גרם,false,1,9.90,1.7679,true,1,98080
7290002057734,false,זיתים חרוזית שחור A2 יבנה 540ג',קריות זול,IL,חרוזת שחור,גרמים,560.00,100 גרם,false,1,9.90,1.7679,true,1,98859
7290002079033,false,לחם דגנים לייט פרוס 500 ג',מאפיית דוידוביץ ובני,IL,לחם דגנים לייט,גרמים,500.00,100 גרם,false,1,13.90,2.7800,true,1,99608
7290002079156,false,פיתות דוידוביץ חמישי,מאפיית דוידוביץ,,פיתות חמישייה,גרמים,500.00,100 גרם,false,1,6.90,1.3800,true,1,99954
7290002079316,false,חלה מעודנת פרוסה,מאפית דוידוביץ ובניו,IL,חלה פרוסה,גרמים,500.00,100 גרם,false,1,9.90,1.9800,true,1,99609
7290002079361,false,לחמניות המבורגר חתוך 6+2*60 ג',מאפיית אחדות חיפה,IL,לחמניה המבורגר פרוס 480 גר,גרמים,480.00,100 גרם,false,1,16.90,3.5208,true,1,99955
7290002079408,false,"תערובת קרוטונים מתובלים לסלט, 250 גרם",חטיפים מן הטבע,,קרוטונים לסלט 250 גר,גרמים,250.00,100 גרם,false,1,9.90,3.9600,true,1,98867
7290002079477,false,**לחם אחיד פרוס 750גר,מאפיית דוידוביץ ובני,IL,"שחור פרוס 750 גר""",גרמים,750.00,100 גרם,false,1,6.70,0.8933,true,1,98103
7290002079927,false,לחם דגנים מלא דוידוב,מאפיית אחדות חיפה(93,IL,לחם דגנים מלא 750 גר,גרמים,750.00,100 גרם,false,1,13.90,1.8533,true,1,99182
7290002079996,false,לחם אחיד קל פרוס 750 גרם,הנסיך- מפעל לייצור ט,IL,לחם אחיד קל פרוס,גרמים,750.00,100 גרם,false,1,13.90,1.8533,true,1,100663
7290002096498,false,דובשניות חפץ 600 גרם,דובשנית,IL,דובשניות 600 גר,גרמים,600.00,100 גרם,false,1,15.90,2.6500,true,1,121436
7290002107071,false,צוריאל פטה עיזים מעודנת גביע 16% 200ג,מחלבת משק צוריאל,IL,בולגרית עיזים מעודנת 16% 200 גר,גרמים,200.00,100 גרם,false,1,24.90,12.4500,true,1,101192
7290002107385,false,גבינת מה עיזים בגליל צוריאל 180 ג',מחלבת משק צוריאל,IL,מה-עז - גליל גבינת ע,גרמים,180.00,100 גרם,false,,24.90,13.8333,true,1,100666
7290002107491,false,גבינת עזים למריחה טבעי 5% צוריאל 250 ג',מחלבת משק צוריאל,IL,גבינת עיזים למריחה 5,גרמים,250.00,100 גרם,false,1,14.90,5.9600,true,1,101193
7290002107798,false,גבינה בולגרית מעודנת 5% צוריאל 250ג',מחלבת משק צוריאל,IL,בולגרית קלאסית 5% בג,גרמים,250.00,100 גרם,false,1,21.90,8.7600,true,1,100668
7290002107965,false,טבורוג גבינה לאפייה 5% צוריאל 500 ג',מחלבת משק צוריאל,IL,גבינה טבורוג 5% 500,גרמים,500.00,100 גרם,false,1,24.90,4.9800,true,1,98869
7290002118398,false,צמרוני אוזניים בקופסא מרובעת 200 יח',,,צמר ביוטי,Unknown,0.00,Unknown,false,1,4.90,0.0000,true,1,98135
7290002129462,false,פיצה איטלקית דקה שלושת האופים מארז זוג 640 ג',,,זוג פיצה שלושת האופים דקה 640 גר,גרמים,640.00,100 גרם,false,1,25.90,4.0469,true,1,176898
7290002129479,false,פיצה איטלקית דקה 320 ג' שלושת האופים,האי נאם סי או אל.טי.,IT,פיצה שלושת האופים דקה 320 גר,גרמים,320.00,100 גרם,false,1,14.90,4.6563,true,1,176897
7290002130567,false,דבש טהור מפרחי בר בזכוכית 350 גרם,מכוורת יד מרדכי שטרא,IL,"דבש טהור 350 ג""ר",גרמים,350.00,100 גרם,false,1,19.90,5.6857,true,1,98872
7290002130574,false,דבש טהור מפרחי בר בזכוכית 500 ג' יד מרדכי,מכוורת יד מרדכי שטרא,IL,"דבש טהור 500 ג""ר",גרמים,500.00,100 גרם,false,1,25.90,5.1800,true,1,100198
7290002132011,false,עוגיות מזרחיות 400 ג' עבאדי,מאפיית יוסף ושמחה עב,IL,עוגיות עבאדי מזרחיות 400 גר,גרמים,400.00,100 גרם,false,1,15.90,3.9750,true,1,100671
7290002157960,false,טונה במים ויליגר רביעיה * 140ג',ויליגר,,טונה ויליגר במי מלח 140 גר רביעייה,גרמים,560.00,100 גרם,false,1,20.90,3.7321,true,1,194304
7290002190516,false,ריבת חלב ממרח קומידה 500 גר',קריות זול,IL,ריבת חלב פלסטיק 500,גרמים,500.00,100 גרם,false,1,12.90,2.5800,true,1,98138
7290002195054,false,המבורגר בלדי 400 גרם ארוז,יוליניבר,IL,"המבורגר בלדי 400 גר""",גרמים,400.00,100 גרם,false,1,12.90,3.2250,true,1,100203
7290002195078,false,קבב כבש בלדי קפוא 400 ג',,,"קבב כבש 400 גר""",גרמים,400.00,100 גרם,false,1,12.90,3.2250,true,1,98885
7290002195085,false,קבב מזרחי בלדי 400 ג'- 8 יח',יוליניבר,IL,"קבב מזרחי 400 גר""",גרמים,400.00,100 גרם,false,1,12.90,3.2250,true,1,98108
7290002195092,false,קבב רומני 400 גרם ארוז,,,"קבב רומני 400 גר""",גרמים,400.00,100 גרם,false,1,12.90,3.2250,true,1,100204
7290002239185,false,אפונת גינה קפואה פרי גליל 800 גרם,"פרי הגליל בע""""מ",IL,"אפונה 800 ג""ר",גרמים,800.00,100 גרם,false,1,10.90,1.3625,true,1,99614
7290002253105,false,מגשית קוביות שום טרי דורות 80 ג',עיצובים 2020 (3.8),IL,דורות קוביות שום טרי,גרמים,80.00,100 גרם,false,1,12.90,16.1250,true,1,99961
7290002253198,false,ג'ינג'ר טרי כתוש במגשית 70 ג' דורות,עיצובים 2020 (3.8),IL,"דורות ג""ינג""ר טרי כת",גרמים,70.00,100 גרם,false,1,9.90,14.1429,true,1,98140
7290002259640,false,"רדיד אלומניום דיימונד 084- 7.50 מ""ר *0.3",ריינולדס מוצרי צריכה,CN,רדיד אלומיניום דיימונד 30 סמ,Unknown,0.00,Unknown,false,1,10.90,0.0000,true,1,153469
7290002260059,false,במבה יום הולדת 60 ג' אסם,"אסם השקעות בע""מ",IL,במבה אסם יום הולדת 60גר,גרמים,60.00,100 גרם,false,1,4.90,8.1667,true,1,146875
7290002281498,false,גבינה צהובה מגורדת על בסיס חלב 500 ג' ריץ,האי נאם סי או אל.טי.,PL,ריץ מגורדת על בסיס חלב 500 גר,גרמים,500.00,100 גרם,false,,24.90,4.9800,true,1,195288
7290002304203,false,קונפיטורה תות שדה לי,ענבי ציון,,"קונפיטורה ""ענבי ציון",גרמים,600.00,100 גרם,false,1,24.90,4.1500,true,1,98156
7290002304210,false,קונפיטורה משמש לייט,ענבי ציון,,"קונפיטורה ""ענבי ציון",גרמים,600.00,100 גרם,false,1,24.90,4.1500,true,1,99618
7290002304227,false,קונפיטורה דובדבן חמו,ענבי ציון,,"קונפיטורה ""ענבי ציון",גרמים,600.00,100 גרם,false,1,24.90,4.1500,true,1,98900
7290002304234,false,קונפיטורה אוכמניות ל,ענבי ציון,,"קונפיטורה ""ענבי ציון",גרמים,600.00,100 גרם,false,1,24.90,4.1500,true,1,99964
7290002304418,false,קונפיטורת אוכמניות 1,ענבי ציון,,קונפיטורת אוכמניות 1,קילוגרמים,1.20,"ק""ג",false,1,29.90,24.9167,true,1,99965
7290002304432,false,קונפיטורת תות 1.2 קג,ענבי ציון,,"קונפיטורת תות 1.2 ק""",קילוגרמים,1.20,"ק""ג",false,1,29.90,24.9167,true,1,100211
7290002304456,false,קונפיטורת חמוציות ענ,ענבי ציון,,"קונפיטורת חמוציות ""ע",קילוגרמים,1.20,"ק""ג",false,1,29.90,24.9167,true,1,97435
7290002304609,false,קונפיטורת תותים ענבי,ענבי ציון,,"קונפיטורה ""ענבי ציון",גרמים,600.00,100 גרם,false,1,19.90,3.3167,true,1,100681
7290002304623,false,קונפיטורת פירות יער,ענבי ציון,,"קונפיטורה ""ענבי ציון",גרמים,600.00,100 גרם,false,1,19.90,3.3167,true,1,100682
7290002304630,false,קונפיטורת דובדבן ענב,ענבי ציון,,"קונפיטורה ""ענבי ציון",גרמים,600.00,100 גרם,false,1,19.90,3.3167,true,1,98905
7290002304654,false,קונפיטורת שזיפים ענב,ענבי ציון,,"קונפיטורה ""ענבי ציון",גרמים,600.00,100 גרם,false,1,19.90,3.3167,true,1,99619
7290002304661,false,קונפיטורת אוכמניות ע,ענבי ציון,,"קונפיטורה ""ענבי ציון",גרמים,600.00,100 גרם,false,1,19.90,3.3167,true,1,99620
7290002331360,false,"נביעות מים מינרליים טו גו מארז 500X6מ""ל",קריות זול,IL,נביעות ספורט שישייה,ליטרים,3.00,ליטר,false,1,14.90,4.9667,true,1,100686
7290002331421,false,"מים אישי נביעות מארז שישייה* 755 מ""ל",קריות זול,IL,שישית נביעות,ליטרים,4.53,ליטר,false,1,17.90,3.9514,true,1,99627
7290002345015,false,סינטה דק דק אל גאוצ'ו 250ג' מינוט,"טיבון ויל אחזקות בע""",IL,סינטה דק דק אל גאוצו 250 גר,גרמים,250.00,100 גרם,false,1,24.90,9.9600,true,1,184217
7290002353836,false,סרדין רוברט בשמן זית 120 ג',קונסרבס פורטוגל נורט,PT,"סרדין ""רוברט"" בשמן ז",גרמים,120.00,100 גרם,false,1,8.90,7.4167,true,1,98145
7290002374268,false,שמן חמניות מילומור 1 ליטר,שמן תעשיות,IL,שמן חמניות מילומור 1 ל,ליטרים,1.00,ליטר,false,1,11.90,11.9000,true,1,98933
7290002374312,false,שמן קנולה מילומור 1 ליטר,"נארז ע""י : א.ג. גילר",EE,שמן קנולה מילומור 1 ל,ליטרים,1.00,ליטר,false,1,11.90,11.9000,true,1,101220
7290002374640,false,שמן קנולה פלוס אומגה 3 1ל' עץ הזית,שמן תעשיות,IL,שמן קנולה עץ הזית פלוס אומגה 3 1 ל,ליטרים,1.00,ליטר,false,1,15.90,15.9000,true,1,148708
7290002507277,false,קציצות דג דלידג 700 ג',אף.סי תבליני בגליל ב,IL,"קציצות דג 700 ג""ר",גרמים,700.00,100 גרם,false,1,24.90,3.5571,true,1,180184
7290002507604,false,פיצת השף מאיטליה 320 גר',האי נאם סי או אל.טי.,IT,פיצה דקה עגולה תפזור,גרמים,320.00,100 גרם,false,1,16.90,5.2812,true,1,184222
7290002542506,false,"בירה קורונה בקבוק 355מ""ל",קריניציה ויטמינה אס,MX,"בירה קורונה 355 מ""ל",מיליליטרים,355.00,"100 מ""ל",false,1,9.90,2.7887,true,1,99651
7290002542780,false,"שישיית בירה סטלה ארטואה 330 מ""ל*6",סטלה ארטואה Stella Artois,BE,שישיית בירה סטלה ארטואה 330 מל,מיליליטרים,1980.00,"100 מ""ל",false,1,32.90,1.6616,true,1,203686
7290002542797,false,בקבוק בירה לף בלונד,לף Leffe,BE,בירה לף בלונד בק 330 מל,מיליליטרים,330.00,"100 מ""ל",false,1,10.90,3.3030,true,1,209928
7290002542810,false,בירה הוגרדן בקבוק 33,הוגרדן Hoegaarden,BE,בירה הוגרדן בק 330 מל,מיליליטרים,330.00,"100 מ""ל",false,1,10.90,3.3030,true,1,209930
7290002543046,false,קלוגס פרוסטיס דגנים וסוכר 750ג',קלוג מנייופרטורינג א,ES,"דגני בוקר ""קלוגס"" פרוסטיס 750 גר",גרמים,750.00,100 גרם,false,1,17.90,2.3867,true,1,98217
7290002543237,false,קלוגס קורנפלקס 750גר,קלוגס קומפני אוף גרי,DE,"קורנפלקס ""קלוגס"" 750 גר",גרמים,750.00,100 גרם,false,1,14.90,1.9867,true,1,99652
7290002617723,false,"שרימפס 26/30 מקולף 1ק""ג.",,,שרימפס מקולף 26/30 1קג,קילוגרמים,1.00,"ק""ג",false,1,99.90,99.9000,true,1,146481
7290002627098,false,שלושת האופים פיצה ביס 350 גר',שלושת האופים,,פיצה ביס 350 גר,גרמים,350.00,100 גרם,false,1,15.90,4.5429,true,1,205776
7290002627210,false,"גפילטעפיש קציצות מדגי קרפיון וכסיף 560 גר' בעל""ז",האי נאם סי או אל.טי.,IL,גפילטע פיש קציצות 560 גרם,גרמים,560.00,100 גרם,false,1,13.90,2.4821,true,1,193430
7290002654667,false,תערובת להכנת עוגת וניל כהאנס 560ג',י.כהן,,אבקה להכנת עוגת וניל,גרמים,560.00,100 גרם,false,1,15.90,2.8393,true,1,98193
7290002654674,false,תערובת להכנת עוגת שוקולד כהאנס 560ג',י.כהן,,תערובת להכנת עוגת שו,גרמים,560.00,100 גרם,false,1,15.90,2.8393,true,1,100250
7290002661153,false,"לחם דני קל ברמן 1 ק""",מאפית י את א ברמן בע,IL,לחם דני קל,Unknown,0.00,Unknown,false,1,17.90,0.0000,true,1,100255
7290002661214,false,ברמן לחם גליל קל מהדרין 750 גרם,מאפית י את א ברמן בע,IL,לחם ברמן גלילי קל 750גר,גרמים,750.00,100 גרם,false,1,15.90,2.1200,true,1,150042
7290002674238,false,"אקווה פרש - משחת שיניים מנטה מרענן 125 מ""ל",,,משחת שיניים אקווה פרש מנטה 125 מל,מיליליטרים,125.00,"100 מ""ל",false,1,8.90,7.1200,true,1,189738
7290002692393,false,שמן קנולה מועשר עץ ה,שמן תעשיות,IL,שמן קנולה מועשר עץ הזית 1 ל,ליטרים,1.00,ליטר,false,1,15.90,15.9000,true,1,100724
7290002692775,false,"תרסיס שמן קנולה בטעם חמאה 200 מ""ל עץ הזית",,,תרסיס שמן קנולה בטעם חמאה עץ הזית 200 מל,מיליליטרים,200.00,"100 מ""ל",false,1,16.90,8.4500,true,1,98249
7290002730811,false,"קולגייט משחת שיניים ג'ל משפחתי 100מ""ל",הנסיך- מפעל לייצור ט,PL,משחת שיניים קולגייט גל 100 מל,מיליליטרים,100.00,"100 מ""ל",false,1,12.90,12.9000,true,1,99665
7290002730903,false,פלמוליב סבון מוצק ורדים רביעייה * 125 ג',הנסיך- מפעל לייצור ט,TR,סבון מוצק פלמוליב רביעייה,גרמים,400.00,100 גרם,false,1,15.90,3.9750,true,1,98200
7290002735007,false,"בצק עלים 1 ק""ג ינון",,,"בצק עלים 1 ק""ג ינון",קילוגרמים,1.00,"ק""ג",false,1,13.90,13.9000,true,1,98254
7290002735014,false,מלוואח ארוז ינון 800 גר',ג'נרל מילס סאן אדריא,IL,מלווח ינון,גרמים,800.00,100 גרם,false,1,13.90,1.7375,true,1,98201
7290002752332,false,"סוכריות מנטוס פירות בגליל, 37.5 גרם",הדקלאים אגודת שיתופי,NL,מנטוס פירות 40 גלילי,גרמים,38.00,100 גרם,false,1,3.50,9.2105,true,1,101257
7290002752349,false,סוכריות מנטוס מנטה 40יח' בגליל 38ג',פרפטי ואן מלה,NL,מנטוס מנטה 40 גלילים,גרמים,38.00,100 גרם,false,1,3.50,9.2105,true,1,100265
7290002752493,false,רביעיה סוכריות מנטה 4* 16 ג' טיק טק,קריות זול,ZA,סוכריות טיק טק מנטה רביעייה,גרמים,64.00,100 גרם,false,1,9.90,15.4688,true,1,98990
7290002753223,false,רביעייה סוכריות תפוז 4*16 ג' טיק טק,קריות זול,ZA,סוכריות טיק טק תפוז רביעייה,גרמים,64.00,100 גרם,false,1,9.90,15.4688,true,1,100266
7290002753995,false,ערכת קישוטי עוגה 150 גר',היינץ צפון אמריקה מק,DE,"קישוטי עוגה 150 ג""ר",גרמים,200.00,100 גרם,false,1,17.90,8.9500,true,1,100733
7290002757665,false,קבב מזרחי טיבון ויל 400 ג',טיבון ויל,,"קבב מזרחי 400 גר""",גרמים,400.00,100 גרם,false,1,10.90,2.7250,true,1,98206
7290002757672,false,המבורגר מזרחי טיבון ויל 400ג',טיבון ויל,,"המבורגר 400 גר""",גרמים,400.00,100 גרם,false,1,10.90,2.7250,true,1,98268
7290002757726,false,בורקס גבינה 700 ג' שלושת האופים,אופרה,,"בורקס גבינה 700 גר""",גרמים,700.00,100 גרם,false,1,17.90,2.5571,true,1,100268
7290002757733,false,ג'חנון 650 ג' שלושת האופים,אופרה,,"ג""חנון 650 גר""",גרמים,650.00,100 גרם,false,1,12.90,1.9846,true,1,98269
7290002757740,false,בורקס תפוא 700 גר' קהילות,אופרה,,"בורקס תפו""א 700 גר""",גרמים,700.00,100 גרם,false,1,12.90,1.8429,true,1,99670
7290002793311,false,שירות והחלפה מילוי גז (60),סודה סטרים,,בלון גז מילוי 60 ל,Unknown,0.00,Unknown,false,1,56.90,0.0000,true,1,98277
7290002805151,false,סיף פנטסטיק לרצפות בניחוח סחלבים 4ל',יוניליוור ישראל טיפו,IL,"נוזל רצפות ""סיף פנטס",ליטרים,4.00,ליטר,false,1,18.90,4.7250,true,1,101269
7290002824640,false,גבינה שטראוס 5% 250 ג',מיוצר עי קונדיטוריית,IL,גבינה לבנה סקי 5% 25,גרמים,250.00,100 גרם,false,1,4.90,1.9600,true,1,99024
7290002839187,false,תבלין מעורב,,,תבלין מעורב,גרמים,0.00,100 גרם,false,1,4.90,0.0000,true,1,100285
7290002839248,false,תבלין שקית מעורב 100,,,תבלין שקית מעורב,גרמים,100.00,100 גרם,false,1,4.50,4.5000,true,1,99031
7290002845058,false,מלפפונים 30-36 בחומץ,,,מלפפונים 30-36 בחומץ,קילוגרמים,3.00,"ק""ג",false,1,16.90,5.6333,true,1,98284
7290002868996,false,קוטג' 5% מועשר טרה 250ג' מהדרין,קריות זול,IL,קוטג ביו 5% מועשרת ב,גרמים,250.00,100 גרם,false,1,6.30,2.5200,true,1,100759
7290002871248,false,"בירה טובורג רד חוזר 500 מ""ל",מבשלות בירה בינלאומי,IL,"בירה טובורג 500מ""""ל",מיליליטרים,500.00,"100 מ""ל",false,1,8.90,1.7800,true,1,101279
7290002871361,false,"קרלסברג בירה בק.חוזר 500 מ""ל",מבשלות בירה בינלאומי,IL,"בירה קרלסברג 500 מ""ל",מיליליטרים,500.00,"100 מ""ל",false,1,8.90,1.7800,true,1,99689
7290002881025,false,מעדן דובדבן חמוץ סן,קריות זול,,מעדן דובדבן חמוץ 100,גרמים,284.00,100 גרם,false,1,13.90,4.8944,true,1,100760
7290002881209,false,רסק תפוחי עץ דיאט 700 ג' תומר,Geurts conservenfabr,,רסק תפוח עץ דיאט 720,גרמים,720.00,100 גרם,false,1,10.90,1.5139,true,1,98584
7290002881216,false,רסק תפוחי עץ בצנצנת 700 ג' תומר,Geurts conservenfabr,,רסק תפוחי עץ בצנצנת,גרמים,700.00,100 גרם,false,1,10.90,1.5571,true,1,99693
7290002881230,false,אננס חתוך 825 ג' תומר,סאן רייז,,אננס חתוך,גרמים,850.00,100 גרם,false,1,10.90,1.2824,true,1,100292
7290002881247,false,אננס שלם פרוסות תומר,סאן רייז,,אננס שלם,גרמים,850.00,100 גרם,false,1,10.90,1.2824,true,1,99051
7290002881254,false,קוקטייל פירות טרופי תומר 820 ג',סאן רייז,,קוקטייל טרופי 820 גר,גרמים,820.00,100 גרם,false,1,9.90,1.2073,true,1,101282
7290002881261,false,ליצי שלם תומר 565 גר,גיבונג אינדסקיאלס,,ליצי שלם תומר,גרמים,565.00,100 גרם,false,1,9.90,1.7522,true,1,98585
7290002881407,false,נודלס אטריות ביצים דק תומר 400ג',קריות זול,,נודלס דק,גרמים,400.00,100 גרם,false,1,6.90,1.7250,true,1,99694
7290002881414,false,נודלס עבה תומר 400גר,אופאל,,נודלס עבה,גרמים,400.00,100 גרם,false,1,6.90,1.7250,true,1,100294
7290002881513,false,חמאת בוטנים עם שברי בוטנים 510 ג' תומר,Niza s a,,חמאת בוטנים עם שברים,גרמים,510.00,100 גרם,false,1,13.90,2.7255,true,1,99053
7290002881551,false,עלי גפן ממולאים תומר,אסמה תורכיה,,"עלי גפן 400 ג""ר",גרמים,400.00,100 גרם,false,1,10.90,2.7250,true,1,100764
7290002881582,false,צנצנת עלי גפן למילוי,אסמה תורכיה,,צנצנת עלי גפן למילוי,גרמים,700.00,100 גרם,false,1,13.90,1.9857,true,1,98587
7290002881612,false,לפתן דובדבנים חמוצים,Fructo sliven jsc,,לפתן דובדבנים חמוצים 680 גר,גרמים,680.00,100 גרם,false,1,10.90,1.6029,true,1,144407
7290002881803,false,שמן קנולה תומר 1 ל,,,שמן קנולה תומר 1 ל,ליטרים,1.00,ליטר,false,15,11.90,11.9000,true,1,207322
7290002881865,false,פטריות שמפיניון חתוכות 400 ג' תומר,Prochamp B.V,,פטריות חתוכות 400 גר,גרמים,400.00,100 גרם,false,1,4.90,1.2250,true,1,119686
7290002881933,false,סרדין מרוקאי במי מלח,Union des pecheries,,סרדין מרוקאי במי מלח 125 גר,גרמים,125.00,100 גרם,false,1,5.90,4.7200,true,1,121184
7290002881971,false,סרדין מרוקאי בשמן זית 125 ג' תומר,Union des pecheries,,סרדין מרוקאי בשמן זי,גרמים,125.00,100 גרם,false,1,6.90,5.5200,true,1,100036
7290002909569,false,דג ברבוניה פילה קפוא 400 ג',דולפין ספא,,פילה ברבוניה 400 גר,גרמים,400.00,100 גרם,false,1,22.90,5.7250,true,1,171166
7290002921332,false,סבון פלא אסטוניש מסיר כתמים 75גר,קריות זול,,סבון מסיר כתמים אסטוניש בקופסא 75 גר,גרמים,75.00,100 גרם,false,1,12.90,17.2000,true,1,176498
7290002921349,false,דבק סופר גלו מארז זוגי,קריות זול,,לוקטייט סופר גלו 3 זוגי,Unknown,0.00,Unknown,false,1,16.90,0.0000,true,1,203057
7290002929642,false,טונה וילגר בשמן רביעיה * 140 ג',דיאמנט פוד פרודקט קו,TH,טונה ויליגר בשמן 140גר רביעייה,גרמים,560.00,100 גרם,false,1,20.90,3.7321,true,1,146998
7290002966005,false,דמוי קוויאר אדום 125,,,קוויאר אדום (דמוי) 125 גר,גרמים,125.00,100 גרם,false,1,13.90,11.1200,true,1,100780
7290002966012,false,מעדן קוויאר שחור 130,,,קוויאר שחור (דמוי) 130 גר,גרמים,125.00,100 גרם,false,1,13.90,11.1200,true,1,98598
7290002966029,false,דמוי קוויאר אדום 130,,,קוויאר אדום (דמוי) 130 גר,גרמים,130.00,100 גרם,false,1,12.90,9.9231,true,1,149390
7290002966036,false,דמוי קוויאר שחור 130,,,קוויאר שחור (דמוי) 130 גר,גרמים,130.00,100 גרם,false,1,12.90,9.9231,true,1,149389
7290002966791,false,מעדן סלט איקרה לבנה,,,מעדן סלט איקרה לבנה טבעוני 200 גר,גרמים,200.00,100 גרם,false,1,13.90,6.9500,true,1,197631
7290002971016,false,"שטיבל סולת חיטה 1 ק""ג",,,סולת שטיבל,קילוגרמים,1.00,"ק""ג",false,1,4.90,4.9000,true,1,98338
7290002971030,false,קמח שיפון שטיבל מס 7,מיוצר עי קונדיטוריית,IL,"קמח שיפון מס"" 7",קילוגרמים,1.00,"ק""ג",false,1,6.90,6.9000,true,1,98619
7290002971139,false,קמח תופח 1 קג,שטיבל,,קמח תופח 1 קילו,קילוגרמים,1.00,"ק""ג",false,1,7.90,7.9000,true,1,98620
7290002971214,false,שטיבל 2 קמח לחם מעוש,מיוצר עי קונדיטוריית,IL,"קמח לחם מס"" 2",קילוגרמים,1.00,"ק""ג",false,1,7.90,7.9000,true,1,99085
7290002977001,false,סולת 1 ק'ג הטחנות הגדולות,,,"סולת 1 ק""ג",קילוגרמים,1.00,"ק""ג",false,1,3.90,3.9000,true,1,127701
7290002977032,false,"סוכר לבן סטודן 1 ק""ג",,,"סוכר לבן 1 ק""ג",קילוגרמים,1.00,"ק""ג",false,1,4.90,4.9000,true,1,180561
7290002977100,false,קמח לבן בהיר 1 קג,,,"קמח לבן בהיר 1 ק""ג",קילוגרמים,1.00,"ק""ג",false,1,4.50,4.5000,true,1,100306
7290003015641,false,ריצפז סנו פרש יסמין 2ל',קריות זול,IL,ריצפז פרש יסמין 2 לי,ליטרים,2.00,ליטר,false,1,17.90,8.9500,true,1,100792
7290003029181,false,משקה יטבתה שוקו' בקבוק 1ל מהדרין,מחלבת יטבתה,IL,שוקו יוטבתה 1 ליטר,ליטרים,1.00,ליטר,false,1,11.90,11.9000,true,1,98356
7290003029372,false,משקה חלב בננה בקבוק 1ל' יוטבתה,מחלבת יטבתה,IL,משקה חלב בננה בקבוקי,ליטרים,1.00,ליטר,false,1,11.90,11.9000,true,1,98632
7290003029389,false,"משקה חלב בננה פקק ספורט 250 מ""ל יוטבתה",שטראוס גרופ,IL,"משקה חלב בננה 250 מ""",מיליליטרים,250.00,"100 מ""ל",false,1,5.50,2.2000,true,1,100795
7290003029433,false,"משקה יטבתה שוקו פקק 250 מ""ל מהדרין",מחלבת יטבתה,IL,משקה שוקו בקבוק 250,מיליליטרים,250.00,"100 מ""ל",false,1,5.50,2.2000,true,1,101317
7290003029815,false,חלב יוטבתה מועשר 3% בכד 2ל',מחלבת יטבתה,IL,חלב מועשר כד 2 ליטר,ליטרים,2.00,ליטר,false,1,14.90,7.4500,true,1,98359
7290003047642,false,תה שחור יילו לייבל 100*1.5 ג' שקיק ליפטון,"יונילוור רוסייה בע""מ",RU,תה YL ליפטון 100 שקי,גרמים,150.00,100 גרם,false,1,13.90,9.2667,true,1,98648
7290003069705,false,"פיצה אישית גבינה דק 80 ג' תפזורת בד""צ",שלושת האופים,IL,פיצה דקה עגולה תפזור,גרמים,80.00,100 גרם,false,1,2.90,3.6250,true,1,178045
7290003094127,false,קוויאר פחיות צארסקיה,א.ר.ד.י.ו,,קוויאר פחיות צארסקיה 190 גר,גרמים,190.00,100 גרם,false,1,69.90,36.7895,true,1,145703
7290003094363,false,שרימפס מבושל 41-50 7,,,שרימפס מבושל 41-50 750 גר,גרמים,750.00,100 גרם,false,,49.90,6.6533,true,1,189519
7290003094400,false,קוויאר אדום 140 גר,א.ר.ד.י.ו,,קוויאר אדום 140 גר,גרמים,140.00,100 גרם,false,1,42.90,30.6429,true,1,173784
7290003102068,false,צימרוני אוזניים מעץ 100 יח',כוטון סופט,,קיסמי אוזן עץ שקית,Unknown,0.00,Unknown,false,1,1.90,0.0000,true,1,98658
7290003102280,false,צימרוני שסתום לתינוק טוליפס פרמיום,טוליפס,,צימרוני אוזניים לתינ,Unknown,0.00,Unknown,false,1,5.90,0.0000,true,1,101323
7290003102891,false,שקיות צליה הוסטס בקופסה 10יח',הוסטס,,שקיות צליה,Unknown,0.00,Unknown,false,1,5.90,0.0000,true,1,100810
7290003102976,false,צימרוני אוז' פל' בקופסה 200יח',הדקלאים אגודת שיתופי,CN,צמרוני אוזניים פלסטי,Unknown,0.00,Unknown,false,1,4.90,0.0000,true,1,98661
7290003102990,false,פדים להסרת איפור 80 יח',כוטון סופט,,פדים,גרמים,40.00,100 גרם,false,1,8.90,22.2500,true,1,100323
7290003118113,false,פיתה ביס קמח לבן 10 יח',,,פיתה בייבי 10 יח,Unknown,0.00,Unknown,false,1,15.90,0.0000,true,1,188749
7290003126712,false,יוגורט עיזים בגביע 3% צוריאל 150 ג',מחלבת משק צוריאל,IL,יוגורט עיזים טבעי 150 גר,גרמים,150.00,100 גרם,false,1,6.50,4.3333,true,1,99111
7290003126958,false,טופו גבינה גוש בואקום צוריאל 300 ג',א.י.ן תעשיות מזון בע,IL,טופו גולמי 300 גר,גרמים,300.00,100 גרם,false,1,12.90,4.3000,true,1,128370
7290003127818,false,שקיות אשפה אחת אחת שרוך 60יח',אשפלסט,,"אשפתון 60 יח""",Unknown,0.00,Unknown,false,1,19.90,0.0000,true,1,100062
7290003133123,false,לחם זהב עגול אוקראיני 750 ג',מאפיית דוידוביץ ובני,IL,לחם שיפון אוקראיני 750 גר,גרמים,750.00,100 גרם,false,1,12.90,1.7200,true,1,100063
7290003143337,false,סילאן טבעי לחיץ קליית גת 350 גר',,,סילאן טבעי קליית גת 350גר,גרמים,350.00,100 גרם,false,1,14.90,4.2571,true,1,145117
7290003189076,false,פיצרלה מגורדת אישית 500 גרם,,,"פיצרלה אישית 500 ג""ר",גרמים,500.00,100 גרם,false,1,24.90,4.9800,true,1,100331
7290003189137,false,"גבינה שוורצית 1 ק""ג כפיר",,,"אמנטל שוויצרי 1 ק""ג",קילוגרמים,1.00,"ק""ג",false,1,35.90,35.9000,true,1,99735
7290003189144,false,"גבינה הולנדית 22% שומן 1 ק""ג כפיר",,,"הולנדית 1 ק""ג",קילוגרמים,1.00,"ק""ג",false,1,35.90,35.9000,true,1,99202
7290003189151,false,צ'דר בסיגנון גבינה 1,,,"בנוסח צ""דר אוסטרלי 1 ק""ג",קילוגרמים,1.00,"ק""ג",false,1,35.90,35.9000,true,1,100068
7290003208586,false,וורמוט מרטיני ביאנקו,מרטיני ורוסי,IT,"מרטיני לבן 750 מ""ל",מיליליטרים,750.00,"100 מ""ל",false,1,44.90,5.9867,true,1,99740
7290003224029,false,כיסוני דובדבן 400 גר,,,כיסונים עם דובדבן 40,גרמים,400.00,100 גרם,false,1,24.90,6.2250,true,1,100075
7290003224128,false,"כיסונים תפו""א 800 ג' מאמא מרי",מאמא מרי,,"כיסונים תפו""א 800 ג""",גרמים,800.00,100 גרם,false,1,22.90,2.8625,true,1,99211
7290003224135,false,כיסונים עם בשר 800 ג,מאמא מרי,,כיסונים עם בשר 800 ג,גרמים,800.00,100 גרם,false,1,26.90,3.3625,true,1,99135
7290003224142,false,"בלינצ'ס תפ""א ופטריות 7 יחידות",מאמא מרי,IL,"בלינצ""ס פטריות ותפו""",גרמים,400.00,100 גרם,false,1,21.90,5.4750,true,1,99212
7290003224159,false,בלינצ'יס בשר 7 יחידות,מאמא מרי,IL,"בלינצ""ס בשר 7 יח""",גרמים,400.00,100 גרם,false,1,26.90,6.7250,true,1,98694
7290003224173,false,בלינצ'יס פטריות 7 יחידות,מאמא מרי,IL,"בלינצ""ס פטריות 7 יח""",גרמים,400.00,100 גרם,false,1,21.90,5.4750,true,1,100078
7290003224272,false,"כיסונים בשר מוסקובסקי מאמא מרי 1 ק""ג",,,"כיסוני בשר מוסקובסקי 1 ק""ג",קילוגרמים,1.00,"ק""ג",false,1,34.90,34.9000,true,1,99136
7290003224333,false,דובדבן חמוץ מאמאמרי,מאמא מרי,,"דובדבן חמוץ 300 ג""ר",גרמים,300.00,100 גרם,false,1,12.90,4.3000,true,1,99137
7290003224456,false,"כיסונים בשר סיבירסקי מאמא מרי 1 ק""ג",מאמא מרי,,"כיסונים בשר ""סיבירסק",קילוגרמים,1.00,"ק""ג",false,1,32.90,32.9000,true,1,99138
7290003224463,false,"כיסונים בשר אוקראינסקי 1ק""ג",מאמא מרי,,"כיסונים בשר ""אוקראינ",קילוגרמים,1.00,"ק""ג",false,1,32.90,32.9000,true,1,99139
7290003224470,false,"כיסונים בשר 1ק""ג קייבסקי",מאמא מרי,IL,"כיסונים בשר ""קייבסקי",קילוגרמים,1.00,"ק""ג",false,1,32.90,32.9000,true,1,101344
7290003224487,false,"כיסונים בשר 1 ק""ג מאמא מרי",,,כיסונים עם בשר מאמא,קילוגרמים,1.00,"ק""ג",false,1,32.90,32.9000,true,1,99140
7290003224746,false,דומדמניות שחורות קפו,מאמא מרי,,דמדמניות שחורות 300 גר,גרמים,300.00,100 גרם,false,1,14.90,4.9667,true,1,99142
7290003224845,false,קרפלוני תפוא ופטריות,מאמא מרי,IL,"ריבת אפרסק 380 ג""ר",גרמים,800.00,100 גרם,false,1,22.90,2.8625,true,1,127845
7290003287215,false,גולש בקר קפוא ארוז 800 ג',,,גולש בקר קפוא ארוז 800 גר,גרמים,800.00,100 גרם,false,1,39.90,4.9875,true,1,119019
7290003321155,false,יוגורט בר עם פקאן מצופה שוקולד 183 ג' דנונה,"שטראוס בריאות בע""מ",IL,מעדן פקאן סיני 183 גר,גרמים,183.00,100 גרם,false,1,4.90,2.6776,true,1,99157
7290003387410,false,בלונס פדים להסרת איפור שלישיה,SEPTONA S.A.,GR,מסיר איפור,Unknown,0.00,Unknown,false,1,19.90,0.0000,true,1,100088
7290003402809,false,חטיף שוקולד לבן במיל,Unknown,,שוקולד ריזס לבן 39 גר,גרמים,39.00,100 גרם,false,1,3.90,10.0000,true,1,204219
7290003411276,false,עמבה הודית מובחרת הנמל 600ג',טרופיקל דגיל תעשיות,IL,עמבה הודית,גרמים,500.00,100 גרם,false,1,10.90,2.1800,true,1,100354
7290003411948,false,צמר גפן הנמל 100 גרם,ספה,TR,צמר גפן,Unknown,0.00,Unknown,false,1,4.90,0.0000,true,1,100097
7290003427154,false,"שמן זית כתית מעולה זיתא 750 מ""ל",זיתא – י.ט.ב תעשיות,IL,"שמן זית זיתא כתית 750 מ""ל",מיליליטרים,750.00,"100 מ""ל",false,1,32.90,4.3867,true,1,100098
7290003450602,false,חרדל אמיתי צהוב בקבוק לחיץ 255 גר,היינץ צפון אמריקה -,US,ממרח חרדל צהוב 255 גר,גרמים,255.00,100 גרם,false,1,9.90,3.8824,true,1,100362
7290003457991,false,מאגדת קורנטו קלאסיק בטעם וניל 6 יח',"גלידת שטראוס בע""מ, ר",IL,קורנטו קלאסיק,גרמים,378.00,100 גרם,false,1,34.90,9.2328,true,1,100846
7290003525478,false,סלט טונה ויליגר 160 גרם,"ויליגר, תעשיות בע""מ",IL,"סלט טונה 160 גר""",גרמים,160.00,100 גרם,false,1,5.90,3.6875,true,1,101368
7290003527380,false,דובדובן ללא חרצן 680 ג',גולדסטארקפט,,"דובדבן ""ויליגר"" ללא חרצן 680 גר",גרמים,680.00,100 גרם,false,1,10.90,1.6029,true,1,120386
7290003550753,false,טונה פוסידון בשמן רביעיה *108 ג',"מיוצר עי וליגר בעמ,",IL,רביעיית טונה פוסייד,גרמים,432.00,100 גרם,false,1,25.90,5.9954,true,1,99420
7290003578108,false,אננס חתיכות ויליפוד 850 ג',טקרנג פינאפל אינדסטר,TH,"אננס חתוך 850 ג""ר",גרמים,850.00,100 גרם,false,1,9.90,1.1647,true,1,99776
7290003578177,false,תירס גמדי שלם ויליפוד 410 ג',מגסטיק פוד אידסטרי ק,TH,"תירס גמדי 410 גר""",גרמים,410.00,100 גרם,false,1,7.90,1.9268,true,1,98747
7290003578290,false,מקלוני אורז וילי פוד 300ג',פוגיאן לונגהאי אנליד,CN,"מקלוני אורז 300 ג""ר",גרמים,300.00,100 גרם,false,1,7.90,2.6333,true,1,99277
7290003578313,false,דובדבנים חמוצים ללא חרצנים 680גר,דל מונטה היילס אס.אי,HU,דובדבן ללא חרצנים 680 גר,גרמים,680.00,100 גרם,false,1,11.90,1.7500,true,1,98749
7290003643004,false,"אורז בסמטי קלאסי 1 ק""ג סוגת",האי נאם סי או אל.טי.,IL,"אורז בסמטי 1 ק""ג",קילוגרמים,1.00,"ק""ג",false,1,12.90,12.9000,true,1,100859
7290003643127,false,סוגת אבקת אפיה 10*10 ג',גוד פוד פרודקטס S.p,IL,סוגת אבקת אפיה 10*10,גרמים,100.00,100 גרם,false,1,2.90,2.9000,true,1,99779
7290003643158,false,קורנפלור 200 ג' סוגת,המאפיה של הרמן,IL,"קורנפלור 200 ג""ר",גרמים,200.00,100 גרם,false,1,2.90,1.4500,true,1,101373
7290003643165,false,קורנפלור 500 ג' סוגת,,,קונפלור 500 גרם,גרמים,500.00,100 גרם,false,1,5.90,1.1800,true,1,99780
7290003643172,false,אבקת סוכר 100 ג' סוגת,א.ל ייצור ושיווק תבל,IL,אבקת סוכר,גרמים,100.00,100 גרם,false,1,2.90,2.9000,true,1,100860
7290003643325,false,קוסקוס בינוני 350 גרם סוגת,קריות זול,IL,"קוסקוס בינוני 350 ג""ר",גרמים,350.00,100 גרם,false,1,4.90,1.4000,true,1,100373
7290003643387,false,"סוכר לבן בצנצנת 1 ק""ג סוגת",האי נאם סי או אל.טי.,IL,סוכר לבן צנצנת,קילוגרמים,1.00,"ק""ג",false,1,8.90,8.9000,true,1,100374
7290003643646,false,"סוכר דמררה קלאסי בצנצנת סוגת 1 ק""ג",האי נאם סי או אל.טי.,IL,סוכר חום דמררה,קילוגרמים,1.00,"ק""ג",false,1,11.90,11.9000,true,1,100861
7290003643684,false,אפונה יבשה סוגת 500 גר',האי נאם סי או אל.טי.,IL,"אפונה 500 ג""ר",גרמים,500.00,100 גרם,false,1,6.90,1.3800,true,1,101375
7290003643707,false,גריסים 500 גרם סוגת,"סוגת תעשיות בע""מ",IL,גריסים 500גר,גרמים,500.00,100 גרם,false,1,5.90,1.1800,true,1,101376
7290003643714,false,חומוס סוגת 500 גרם,האי נאם סי או אל.טי.,IL,חומוס 500גר,גרמים,500.00,100 גרם,false,1,7.90,1.5800,true,1,100375
7290003643738,false,סוגת חיטה 500 גרם,האי נאם סי או אל.טי.,IL,חיטה 500גר,גרמים,500.00,100 גרם,false,1,5.90,1.1800,true,1,99783
7290003643745,false,סוגת כוסמת 500 גרם,האי נאם סי או אל.טי.,IL,"כוסמת 500 ג""ר",גרמים,500.00,100 גרם,false,1,7.90,1.5800,true,1,98752
7290003643752,false,עדשים ירוקים יבש סוגת 500 גר',האי נאם סי או אל.טי.,IL,"עדשים ירוקים 500 ג""ר",גרמים,500.00,100 גרם,false,1,7.90,1.5800,true,1,100109
7290003643776,false,"פופקורן גרעינים סוגת 500 ג' כשל""פ",האי נאם סי או אל.טי.,IL,פופקורן 500גר,גרמים,500.00,100 גרם,false,1,5.90,1.1800,true,1,100863
7290003643806,false,שעועית לבנה יבשה סוגת 500 ג',האי נאם סי או אל.טי.,IL,שעועית לבנה 500גר,גרמים,500.00,100 גרם,false,1,10.90,2.1800,true,1,99280
7290003643813,false,שעועית אדומה יבשה סוגת 500 גר',האי נאם סי או אל.טי.,IL,"שעועית אדומה 500 ג""ר",גרמים,500.00,100 גרם,false,1,10.90,2.1800,true,1,100110
7290003643820,false,חומוס ענק יבש סוגת 500 גרם,Unknown,,"חומוס ענק 500 ג""ר",גרמים,500.00,100 גרם,false,1,9.90,1.9800,true,1,100864
7290003706013,false,שורש פטרוזיליה,ביכורי שדה דרום 2002,IL,שורש פטרוזיליה,Unknown,0.00,Unknown,false,1,4.90,0.0000,true,1,98766
7290003706020,false,ראש סלרי ביכורי שדה ארוז,ביכורי שדה דרום 2002,IL,ראש סלרי,Unknown,0.00,Unknown,false,1,5.90,0.0000,true,1,98767
7290003706037,false,סלרי עלים ארוז 400ג',ביכורי שדה דרום 2002,,עלי סלרי,Unknown,0.00,Unknown,false,1,5.90,0.0000,true,1,100867
7290003715107,false,בוטנים קלופים 400 גר,,,"בוטנים קלופים 400 ג""",גרמים,400.00,100 גרם,false,1,11.90,2.9750,true,1,98769
7290003715299,false,מעורב מובחר זארובי 3,,,מעורב מובחר זארובי 350 גר,גרמים,350.00,100 גרם,false,1,19.90,5.6857,true,1,99443
7290003715329,false,בוטן קלוי בקליפה 350,,,בוטן קלוי בקליפה 350 גר,גרמים,350.00,100 גרם,false,1,10.90,3.1143,true,1,129521
7290003715534,false,משמש 250 גר,,,משמש 250 גר,גרמים,250.00,100 גרם,false,1,22.90,9.1600,true,1,99295
7290003715541,false,שזיפים 250 גר,,,שזיפים 250גר,גרמים,250.00,100 גרם,false,1,13.90,5.5600,true,1,101385
7290003715565,false,צימוקים 250 גר,,,צימוקים 250גר,גרמים,250.00,100 גרם,false,1,11.90,4.7600,true,1,100869
7290003715596,false,אגוז מלך 300 גר,,,"אגוז מלך 300 ג""ר",גרמים,300.00,100 גרם,false,1,28.90,9.6333,true,1,100378
7290003715688,false,שקד מלובן 100 גר,,,שקד מלובן,גרמים,100.00,100 גרם,false,1,11.90,11.9000,true,1,101387
7290003715701,false,גרעיני דלעת קלוף 100,,,גרעיני דלעת קלוף,גרמים,100.00,100 גרם,false,1,6.90,6.9000,true,1,100120
7290003715732,false,שקד טחון 100 גר,,,1שקד טחון,גרמים,100.00,100 גרם,false,1,11.90,11.9000,true,1,100379
7290003715787,false,צימוק שחור 250 גר,,,צימוק שחור 250גר,גרמים,250.00,100 גרם,false,1,9.90,3.9600,true,1,97469
7290003715817,false,חמוציות חצאים 150 גר,,,חמוציות חצאים 150 גר,גרמים,150.00,100 גרם,false,1,12.90,8.6000,true,1,97470
7290003715824,false,פרג טחון 100 גר,,,פרג טחון,גרמים,100.00,100 גרם,false,1,4.90,4.9000,true,1,99297
7290003781065,false,מלפפון קורנישון בסגנ,קורהאן,,מלפפון בסגנון ישראלי,גרמים,690.00,100 גרם,false,1,10.90,1.5797,true,1,100127
7290003781652,false,צלפים במי מלח ויליפוד 350 ג',קריות זול,TR,צלפים ג,גרמים,350.00,100 גרם,false,1,9.90,2.8286,true,1,99795
7290003781850,false,גבינת קשקבל פרוסות 2,,ES,גבינת קשקבל פרוסות 200 גר,גרמים,200.00,100 גרם,false,1,19.90,9.9500,true,1,205786
7290003804320,false,תיבולית שום ופטרוזיליה 72 ג' קנור,יוניליוור ישראל מזון,IL,תיבולית שום קנור 72,גרמים,72.00,100 גרם,false,1,7.90,10.9722,true,1,99301
7290003804382,false,"תיבולית פטריות בד""ץ 72 ג' קנור",יוניליוור ישראל מזון,IL,תיבולית פיטריות קנור,גרמים,72.00,100 גרם,false,1,7.90,10.9722,true,1,100130
7290003805501,false,"פתית שוודי תלמה בד""צ 300 ג'",יוניליוור ישראל מזון,IL,"פתית שוודי 300 ג""ר",גרמים,300.00,100 גרם,false,1,15.90,5.3000,true,1,99306
7290003805587,false,"פתית חיטה מלאה למה בד""צ 250 ג'",יוניליוור ישראל מזון,IL,פתית חיטה מלאה 250גר,גרמים,250.00,100 גרם,false,1,15.90,6.3600,true,1,100877
7290003807178,false,"רוטב סויה בסגנון סיני 300 מ""ל קנור",אתר חיפה 778,IL,רוטב סויה בסגנון סינ,מיליליטרים,300.00,"100 מ""ל",false,1,12.90,4.3000,true,1,99801
7290003807482,false,רוטב טריאקי 370 ג' קנור,יוניליוור ישראל מזון,IL,"רוטב טריאקי 300 מ""ל",גרמים,370.00,100 גרם,false,1,12.90,3.4865,true,1,100137
7290003864478,false,סרדינים בשמן צמחי ויליפוד 110ג' פתח קל,גולדן פרייז קאנינג א,TH,סרדינים בשמן צמחי 120 גר,גרמים,110.00,100 גרם,false,1,4.90,4.4545,true,1,101400
7290003864485,false,סרדינים ברוטב עגבנ יות ויליפוד 110ג' פתח קל,גולדן פרייז קאנינג א,TH,סרדין ברוטב עגבניות,גרמים,110.00,100 גרם,false,1,4.90,4.4545,true,1,98784
7290003864492,false,סרדינים בשמן צמחי חריף פתח קל ויליפוד 110ג',גולדן פרייז קאנינג א,TH,סרדינים בשמן צמחי חר,גרמים,110.00,100 גרם,false,1,4.90,4.4545,true,1,98785
7290003882694,false,נתחי טונה בשמן צמחי 850 ג' וילי פוד,גולדן פרייז,TH,"טונה בשמן ""מוסדי""",גרמים,850.00,100 גרם,false,1,29.90,3.5176,true,1,99460
7290003882922,false,עלי גפן ממולאים באורז ויליפוד 400ג',הזה פלאקספו פוד קו ב,CN,עלי גפן ממולאים באורז 400 גר,גרמים,400.00,100 גרם,false,1,9.90,2.4750,true,1,101401
7290003938049,false,נוזל הברקה למדיח הפי,אורומרקטינג,DE,הברקה למדיח הפי 1 ל,ליטרים,1.00,ליטר,false,1,14.90,14.9000,true,1,176466
7290003980574,false,תה סוסים 500 גר,סי.בי .אס קולומבו,,"תה סוסים 500 ג""ר",גרמים,500.00,100 גרם,false,1,39.90,7.9800,true,1,100400
7290003989539,false,לורנצו רביולי במילוי גבינה,מיוצר עי קונדיטוריית,IL,"רביולי גבינה 400 ג""ר",גרמים,400.00,100 גרם,false,1,19.90,4.9750,true,1,100146
7290004011338,false,"קצפת מתוקה מכונה 250 מ""ל ריץ'",האי נאם סי או אל.טי.,IT,"קצפת ""ריץ"" 250 מ""ל",מיליליטרים,250.00,"100 מ""ל",false,12,11.90,4.7600,true,1,100888
7290004022309,false,אמ&אמס אריזה בינונית,מרס,,סוכריות מ&מס חמאת בוטנים 80 גר,גרמים,80.00,100 גרם,false,1,7.90,9.8750,true,1,180606
7290004030100,false,מיץ תפוזים ולנסיה סחוט 1 ליטר100%,,,מיץ תפוזים סחוט וולנסיה 1 ל,ליטרים,1.00,ליטר,false,1,15.90,15.9000,true,1,196483
7290004030216,false,פריניב נקטר חמוציות 1ליטר,פריניב בעמ,IL,מיץ חמוציות 1 ל,ליטרים,1.00,ליטר,false,1,15.90,15.9000,true,1,120213
7290004030445,false,פריניב סחוט טבעי תפוזים 1ליטר,פריניב בעמ,IL,"מיץ תפוזים 1 ל""",ליטרים,1.00,ליטר,false,1,15.90,15.9000,true,1,99466
7290004030544,false,פריניב מיץ לימונדה לואיזה ולמון גראס 1 ליטר,פריניב בעמ,IL,משקה לימונדה לואיזה ולמון גראס 1 ל,ליטרים,1.00,ליטר,false,1,15.90,15.9000,true,1,101411
7290004030612,false,פרי ניב מיץ קיוי אגס ללא תוספת סוכר 1ל,פריניב בעמ,IL,מיץ קיווי אגס 90% ללא סוכר 1ל,ליטרים,1.00,ליטר,false,1,15.90,15.9000,true,1,146254
7290004030834,false,פריניב מיץ רימונים סחוט 1 ליטר,פריניב בעמ,IL,מיץ רימונים 100% 1 ל,ליטרים,1.00,ליטר,false,1,25.90,25.9000,true,1,99333
7290004033712,false,לחם עננים מקמח מלא עם פרוסות עבות,מאפית י את א ברמן בע,IL,לחם עננים ברמן מקמח מלא 750 גר,גרמים,750.00,100 גרם,false,1,14.90,1.9867,true,1,207045
7290004033729,false,לחם עננים מקמח כוסמין עם פרוסות עבות,מאפית י את א ברמן בע,IL,לחם עננים ברמן כוסמין 750 גר,גרמים,750.00,100 גרם,false,1,14.90,1.9867,true,1,207046
7290004033736,false,"עננים לחם לבן בסגנון בריוש עם פרוסות עבות, 500 גרם",מאפית י את א ברמן בע,IL,לחם עננים ברמן בסגנון בריוש 500 גר,גרמים,500.00,100 גרם,false,1,14.90,2.9800,true,1,207047
7290004033750,false,לחמניות עננים מתוקות,מאפית י את א ברמן בע,IL,לחמניות עננים 360 גר,גרמים,360.00,100 גרם,false,1,14.90,4.1389,true,1,213267
7290004043108,false,אמ&אמס אריזה בינונית,מרס,,סוכריות מ&מס שוקו 89 גר,גרמים,89.00,100 גרם,false,1,7.90,8.8764,true,1,180604
7290004043205,false,אמ&אמס אריזה בינונית,מרס,,סוכריות מ&מס בוטנים 93 גר,גרמים,93.00,100 גרם,false,1,7.90,8.4946,true,1,180605
7290004050955,false,פטה כבד עוף 170 גר,ישרקו שיווק מותגי מז,,"פטה כבד עוף 170 גר""",גרמים,170.00,100 גרם,false,1,16.90,9.9412,true,1,99336
7290004051419,false,ממרח כבד מיני 220 גר,ישרקו שיווק מותגי מז,,"ממרח כבד מיני 220 ג""",גרמים,220.00,100 גרם,false,1,19.90,9.0455,true,1,99338
7290004051792,false,נקניקיות קוקטייל 900,ישרקו שיווק מותגי מז,,נקניקיות קוקטייל 900,גרמים,900.00,100 גרם,false,1,54.90,6.1000,true,1,100896
7290004052041,false,קבנוס קלאסי 210 גר,ישרקו שיווק מותגי מז,,קבנוס קלאסי,גרמים,210.00,100 גרם,false,1,29.90,14.2381,true,1,99820
7290004052690,false,נקניקיות פרגית 600 ג,ישרקו שיווק מותגי מז,,נקניקיות פרגית 600 ג,גרמים,600.00,100 גרם,false,1,22.90,3.8167,true,1,100947
7290004053598,true,"פטרוצ""אן מזרע 720 גר",,,"פטרוצ""אן מזרע 720 גר",,0.00,,false,,65.90,0.0000,true,1,171616
7290004054267,false,נקניקיות פרנקפורט 90,ישרקו שיווק מותגי מז,,נקניקיות פרנקפורט 90,גרמים,900.00,100 גרם,false,1,54.90,6.1000,true,1,99357
7290004054649,false,מיני מוסקובסקיה 300,ישרקו שיווק מותגי מז,,מיני מוסקובסקיה 300 גר,גרמים,300.00,100 גרם,false,1,39.90,13.3000,true,1,100156
7290004054885,false,נקניקיות איטלקיות עם,ישרקו שיווק מותגי מז,,נקניקיות איטלקיות עם,גרמים,400.00,100 גרם,false,1,28.90,7.2250,true,1,100902
7290004055271,false,פניני קבנוס רו 160 ג,,,פניני קבנוס רו,גרמים,160.00,100 גרם,false,1,32.90,20.5625,true,1,153713
7290004055745,false,נקניקיות סליבוצניה 6,,,נקניקיות סליבוצניה 600 גר,גרמים,600.00,100 גרם,false,1,34.90,5.8167,true,1,183640
7290004061449,false,שף העוף שניצל אמרקאי 700 גר,,,שניצל אמריקאי 700 גר,גרמים,700.00,100 גרם,false,1,12.90,1.8429,true,1,100903
7290004061463,false,שניצל עוף אמיתי שומש,,,שניצל עוף אמיתי שומש,גרמים,700.00,100 גרם,false,1,29.90,4.2714,true,1,99493
7290004061487,false,טבעות עוף 700 גר,,,"טבעות עוף 700 גר""",גרמים,700.00,100 גרם,false,1,14.90,2.1286,true,1,100160
7290004061494,false,נגיסי עוף 700 גר,,,"נגיסי עוף 700 גר""",גרמים,700.00,100 גרם,false,1,14.90,2.1286,true,1,98817
7290004063016,false,מלח שולחן מעולה דק 1,האי נאם סי או אל.טי.,IL,"מלח דק 1 ק""ג",קילוגרמים,1.00,"ק""ג",false,1,1.90,1.9000,true,1,100418
7290004063092,false,מלח קריסטלי למדיח כל,,,"מלח ""קריסטל"" למדיח 2",קילוגרמים,2.00,"ק""ג",false,1,9.80,4.9000,true,1,101418
7290004063115,false,"מלח מטבח עבה להמלחת בשר ובישול 1 ק""ג 1ק""ג",האי נאם סי או אל.טי.,IL,"מלח עבה 1 ק""ג",קילוגרמים,1.00,"ק""ג",false,1,1.90,1.9000,true,1,99826
7290004063153,false,מלח ים אטלנטי טבעי 1,חברת מלח הארץ אילת ב,FR,"מלח ים אטלנטי טבעי 1 ק""ג",קילוגרמים,1.00,"ק""ג",false,1,14.90,14.9000,true,1,190389
7290004064082,false,מטחנה מלח ים טבעי 250 ג',חברת מלח הארץ אילת ב,IL,מלח הארץ טבעי 250 גר,גרמים,250.00,100 גרם,false,1,12.90,5.1600,true,1,171103
7290004064099,false,מטחנה מלח מהרי ההימלאיה 250 גרם,חברת מלח הארץ אילת ב,IL,מלח הארץ מהרי ההימלאיה 250 גר,גרמים,300.00,100 גרם,false,1,15.90,5.3000,true,1,171101
7290004064303,false,מלח אטלנטי צנצנת 800 גר',מלח הארץ,IL,מלח הארץ אטלנטי בצנצנת 800 גר,גרמים,800.00,100 גרם,false,1,19.90,2.4875,true,1,191799
7290004064358,false,"מלח דק זורם בקלות- קרטון 1 ק""ג",,IL,"מלח הארץ דק זורם בקלות קרטון 1 ק""ג",קילוגרמים,1.00,"ק""ג",false,12,4.90,4.9000,true,1,195371
7290004064501,false,מארז זוג מלחיות (מלחשום+הים האדום),,,זוג מלחיות 500 גר,גרמים,500.00,100 גרם,false,1,9.90,1.9800,true,1,210775
7290004068028,false,"ציזיקי יוגורט לשתיה גד 500 מ""ל",מיוצר על ידי קוד יצר,IL,ציזיקי 500מל,מיליליטרים,500.00,"100 מ""ל",false,1,9.90,1.9800,true,1,148520
7290004068035,false,"איירן יוגורט לשתייה 3% גד 500 מ""ל","מיוצר ע""י קוד יצרן M",IL,איירן 500מל,מיליליטרים,500.00,"100 מ""ל",false,1,7.90,1.5800,true,1,148521
7290004119010,false,גבינת שדה טבעי 25% 500 גרם - הרב וייטמן,,,שדה 500,גרמים,500.00,100 גרם,false,1,12.90,2.5800,true,1,99366
7290004119133,false,כד יוגורט תנובה 6.5% שומן 1.5 ליטר,מיוצר עי קונדיטוריית,IL,יוגורט תנובה 7% 1.5,ליטרים,1.50,ליטר,false,1,17.90,11.9333,true,1,101424
7290004119225,false,יוגורט אננס 3% שומן 150 ג' יופלה,תנובה מרכז שיתופי לש,IL,50 3%יופלה אננס,גרמים,150.00,100 גרם,false,1,5.00,3.3333,true,1,98846
7290004120108,false,יופלה דיאט יוגורט דובדבן %0 גביע 150ג',תנובה מרכז שיתופי לש,IL,יופלה דיאט דובדבן,גרמים,150.00,100 גרם,false,1,5.00,3.3333,true,1,99499
7290004120566,false,גבינה בולגרית 24% 250 ג' פיראוס,קריות זול,IL,גבינה בולגרית פיראוס,גרמים,250.00,100 גרם,false,1,23.90,9.5600,true,1,98849
7290004120573,false,גבינה בולגרית %16 250 ג' פיראוס,תנובה מרכז שיתופי לש,IL,גבינה בולגרית פיראוס,גרמים,250.00,100 גרם,false,1,23.90,9.5600,true,1,99833
7290004120832,false,חלב תנובה טרי 3% מהדרין כד 2 ל',תנובה מרכז שיתופי לש,IL,חלב שתיה כד 2 ליטר,ליטרים,2.00,ליטר,false,1,12.46,6.2300,true,1,100905
7290004121853,false,גבינה בולגרית בקוביות %5 200 ג' פיראוס,תנובה מרכז שיתופי לש,IL,גבינה בולגרית פיראוס,גרמים,200.00,100 גרם,false,1,21.90,10.9500,true,1,101427
7290004122119,false,פתיתי פרמזן לפסטה %23 100 ג' השף הלבן,פ.פ.ח. שאביט,IL,100 פתיתי פרמזן,גרמים,100.00,100 גרם,false,1,12.90,12.9000,true,1,99837
7290004122195,false,"גבינת גוש חלב פרוס 28%, כשרות מהדרין, 200 ג'",קריות זול,IL,גבינת גוש חלב פרוס 2,גרמים,200.00,100 גרם,false,1,14.90,7.4500,true,1,99501
7290004122348,false,עמק לייט 9% פרוס בקופסא,תנובה מרכז שיתופי לש,IL,גבינה עמק לייט 9%,גרמים,200.00,100 גרם,false,1,17.90,8.9500,true,1,100424
7290004122676,false,גבינת חמד לייט 5% פיראוס 250 ג',"תנובה,מחלבת טנא נוגה",IL,חמד לייט 5% גביע 250,גרמים,250.00,100 גרם,false,1,17.80,7.1200,true,1,99840
7290004122683,false,חטיף גבינת אצבעות 28% 172 ג' עמק,תנובה מרכז שיתופי לש,IL,אצבעות עמק,גרמים,172.00,100 גרם,false,1,16.90,9.8256,true,1,99502
7290004124205,false,יוגורט דיאט תות %0 שומן 150 ג' יופלה,תנובה מרכז שיתופי לש,IL,יופלה דיאט תות,גרמים,150.00,100 גרם,false,1,5.00,3.3333,true,1,98852
7290004125370,false,שמנת חמוצה מופחתת שומן 9%,תנובה מרכז שיתופי לש,IL,שמנת חמוצה 9% 200 גר,מיליליטרים,200.00,"100 מ""ל",false,1,3.90,1.9500,true,1,99378
7290004125400,false,"שלי אשל 4.5% תנובה 200מ""ל מהדרין",פארייפאבה אגרואינדוס,IL,אשל שלי,מיליליטרים,200.00,"100 מ""ל",false,1,1.69,0.8450,true,1,99506
7290004125417,false,"שלי גיל 3% תנובה 200מ""ל מהדרין",תנובה מרכז שיתופי לש,IL,גיל שלי,מיליליטרים,200.00,"100 מ""ל",false,1,1.51,0.7550,true,1,100428
7290004125455,false,**תנובה שמנת אורגינל מהדרין 15% 200מל,תנובה מרכז שיתופי לש,IL,שמנת חמוצה,מיליליטרים,200.00,"100 מ""ל",false,1,2.40,1.2000,true,1,99841
7290004125462,false,"שמנת אורגינל 15% מהדרין 500 מ""ל",תנובה מרכז שיתופי לש,IL,"שמנת חמוצה 500 גר""",מיליליטרים,500.00,"100 מ""ל",false,1,6.00,1.2000,true,1,100165
7290004125509,false,"שמנת 15% חצי מנה 100 מ""ל תנובה",תנובה מרכז שיתופי לש,IL,"שמנת חמוצה 15% תנובה 100 מ""ל",מיליליטרים,100.00,"100 מ""ל",false,1,1.70,1.7000,true,1,99507
7290004125578,false,משקה סויה מעושר בסידן תנובה 1ל',תנובה מרכז שיתופי לש,IL,משקה סויה בוקר,ליטרים,1.00,ליטר,false,1,9.90,9.9000,true,1,98853
7290004125585,false,משקה סויה וניל תנובה E אלטרנטיב,תנובה מרכז שיתופי לש,IL,משקה סויה וניל,ליטרים,1.00,ליטר,false,1,10.90,10.9000,true,1,99379
7290004125721,false,"שמנת לבישול 15% שומן 250 מ""ל תנובה",תנובה מרכז שיתופי לש,IL,שמנת לבישול 15% השף,מיליליטרים,250.00,"100 מ""ל",false,1,8.50,3.4000,true,1,100429
7290004125738,false,שמנת מתוקה עמידה להקצפה 32% השף הלבן,תנובה מרכז שיתופי לש,IL,שמנת עמידה להקצפה 32,מיליליטרים,250.00,"100 מ""ל",false,1,6.90,2.7600,true,1,99508
7290004126674,false,פרוסות גבינה חצי קשה 9% שומן 200 ג' עמק,תנובה מרכז שיתופי לש,IL,9% טל העמק,גרמים,200.00,100 גרם,false,1,19.90,9.9500,true,1,101433
7290004126759,false,יופלה דיאט פירות יער %0 גביע 150 ג',תנובה בעמ,IL,יופלה דיאט פירות יער,גרמים,150.00,100 גרם,false,1,5.00,3.3333,true,1,100908
7290004126872,false,משקאות חלב תנובה שוקו בקבוק 250מל,קריות זול,IL,שוק שוקו 250 מל,מיליליטרים,250.00,"100 מ""ל",false,1,5.90,2.3600,true,1,101434
7290004127077,false,קוטג' 3% שומן 250 ג' תנובה,מיוצר עי קונדיטוריית,IL,קוטג 3% 250גר,גרמים,250.00,100 גרם,false,1,6.30,2.5200,true,1,101435
7290004127329,false,קוטג' 5% תנובה 250ג' מהדרין,מיוצר עי קונדיטוריית,IL,"קוטג"" ""תנובה"" 5%",גרמים,250.00,100 גרם,false,1,6.30,2.5200,true,1,98876
7290004127336,false,קוטג' 9% תנובה 250 ג' הדרין,מיוצר עי קונדיטוריית,IL,"קוטג"" ""תנובה"" 9%",גרמים,250.00,100 גרם,false,1,6.30,2.5200,true,1,98877
7290004127800,false,גבינה לבנה 5% שומן 500 ג' תנובה,מיוצר עי קונדיטוריית,IL,גבינה למריחה 5% 500ג,גרמים,500.00,100 גרם,false,1,9.90,1.9800,true,1,101436
7290004127817,false,גבינה לבנה 9% שומן 500 ג' תנובה,מיוצר עי קונדיטוריית,IL,גבינה למריחה 9% 500,גרמים,500.00,100 גרם,false,1,9.90,1.9800,true,1,100430
7290004128333,false,לאבנה על בסיס יוגורט %9 שומן 500 ג' פיראוס,קריות זול,IL,גבינת לאבנה פיראוס 9% 500 גר,גרמים,500.00,100 גרם,false,1,19.90,3.9800,true,1,99843
7290004128340,false,קרם גבינת שמנת %5 בטעם טבעי 200 ג' תנובה,קריות זול,IL,קרם גבינת שמנת טבעי 200 גר,גרמים,200.00,100 גרם,false,1,11.90,5.9500,true,1,101438
7290004128432,false,פתיתים מיוחדים לפיצה על בסיס גבינה 500 ג',תנובה,IL,פתיתים מיוחדים לפיצה,גרמים,500.00,100 גרם,false,1,22.90,4.5800,true,1,101439
7290004129101,false,גבינת שמנת 25% בטעם טבעי 225 ג' נפוליאון,תנובה מרכז שיתופי לש,IL,גבינה נפוליאון,גרמים,225.00,100 גרם,false,1,13.90,6.1778,true,1,99511
7290004129118,false,גבינת שמנת 24% עם זיתים ירוקים 225 ג' נפוליאון,תנובה מרכז שיתופי לש,IL,גבינה נפוליאון,גרמים,225.00,100 גרם,false,1,13.90,6.1778,true,1,100432
7290004129156,false,גבינת שמנת25% עם שום שמיר 225 ג' נפוליאון,תנובה מרכז שיתופי לש,IL,גבינה נפוליאון,גרמים,225.00,100 גרם,false,1,13.90,6.1778,true,1,99512
7290004129767,false,יופלה לבן טבעי מאגדת 3% 8*150מל,מחלבת אלון תבור,IL,יופלה לבן מאגדת שמינ,גרמים,1200.00,100 גרם,false,1,17.90,1.4917,true,1,100912
7290004130794,false,משקה סויה טבעי במתיקות מופחתת 1 ליטר,תנובה מרכז שיתופי לש,IL,משקה סויה במתיקות מופחתת 1 ל,ליטרים,1.00,ליטר,false,1,10.90,10.9000,true,1,101441
7290004130916,false,יוגורט 3% פירות יער בשמנת 150 ג' יופלה,תנובה מרכז שיתופי לש,IL,יופלה פירות יער בשמנ,גרמים,150.00,100 גרם,false,1,5.00,3.3333,true,1,98879
7290004131074,false,**חלב תנובה טרי מהדרין קרטון 3% 1ל,תנובה מרכז שיתופי לש,IL,חלב 3%קרטון,ליטרים,1.00,ליטר,false,1,6.23,6.2300,true,1,100171
7290004132170,false,"לבן טבעי 1.5% 150 מ""ל יופלה",,,"יופלה לבן מעודן 150 מ""ל",גרמים,150.00,100 גרם,false,1,2.20,1.4667,true,1,119087
7290004132552,false,משקה סויה לייט בטעם טבעי טרי 1 ליטר,תנובה מרכז שיתופי לש,IL,משקה סויה טבעי לייט 1 ל,ליטרים,1.00,ליטר,false,1,10.90,10.9000,true,1,99844
7290004132712,false,חטיף אצבעות גבינת מוצרלה 20% 172 ג' עמק,תנובה מרכז שיתופי לש,IL,אצבעות עמק,גרמים,172.00,100 גרם,false,1,16.90,9.8256,true,1,99393
7290004133511,false,יופלה מאגדת לבן 1.5% מעודן 8 יח' * 150 ג',מיוצר עי קונדיטוריית,IL,יופלה לבן מעודן מאגד,גרמים,1200.00,100 גרם,false,1,21.90,1.8250,true,1,99397
7290004134945,false,יוגורט מוקה 3% שומן 150 ג' יופלה,תנובה מרכז שיתופי לש,IL,יופלה מוקה 3%,גרמים,150.00,100 גרם,false,1,5.00,3.3333,true,1,100178
7290004135225,false,מעדן תנובה דיאט שוקולדה 0% 150מל,תנובה מרכז שיתופי לש,IL,מעדן תנובה דיאט שוקו,גרמים,150.00,100 גרם,false,1,3.90,2.6000,true,1,98895
7290004136154,false,"משקה חלב אייס קפה תנובה בבקבוק 340 מ""ל",גוד פוד פרודקטס S.p,IL,"שוק אייס קפה 340 מ""ל",מיליליטרים,340.00,"100 מ""ל",false,1,5.80,1.7059,true,1,99849
7290004136598,false,מארז הפסקת אוכל עם קורנפלקס ומשקה חלב עמיד בטעם וניל,פארייפאבה אגרואינדוס,IL,מארז הפסקת אוכל,מיליליטרים,150.00,"100 מ""ל",false,1,8.90,5.9333,true,1,100917
7290004136857,false,מעדן גלי בטעם פטל 12,תנובה מרכז שיתופי לש,IL,"ג""לי פטל",גרמים,125.00,100 גרם,false,1,2.50,2.0000,true,1,100438
7290004136864,false,ג'לי תנובה אננס עם חתיכות אננס 125מל,קריות זול,IL,"ג""לי אננס עם חתיכות",גרמים,125.00,100 גרם,false,1,2.90,2.3200,true,1,99521
7290004136871,false,ג'לי תנובה אפרסק עם חתיכות אפרסק 125מל,תנובה מרכז שיתופי לש,IL,"ג""לי אפרסק עם חתיכות",גרמים,125.00,100 גרם,false,1,2.90,2.3200,true,1,99430
7290004137021,false,"שמנת לבישול 10% עמיד השף הלבן 250 מ""ל",תנובה מרכז שיתופי לש,IL,שמנת לבישול מופחתת ש,מיליליטרים,250.00,"100 מ""ל",false,1,8.50,3.4000,true,1,100439
7290004137809,false,לאבנה 5% שומן 250 ג' פיראוס,"תנובה, מחלבת אלון תב",IL,"לאבנה 5% 250 ג""ר",גרמים,250.00,100 גרם,false,1,12.90,5.1600,true,1,100919
7290004199074,false,סאני פלסטר אינטרסן 5,סאני פלסטר,,פלסטר,Unknown,0.00,Unknown,false,1,7.90,0.0000,true,1,100182
7290004199241,false,נרות חימום חסידים 50יח',חסידים,,נרות חימום חסידים בק,Unknown,0.00,Unknown,false,1,13.90,0.0000,true,1,100185
7290004199777,false,צימרוני אוז' פל' בכוס 300 יח',כוטון סופט,,צימרוני אוזניים,Unknown,0.00,Unknown,false,1,9.90,0.0000,true,1,99523
7290004200947,false,נר מנגן,,,נר מנגן,Unknown,0.00,Unknown,false,1,10.90,0.0000,true,1,100926
7290004219819,false,קומפלטה מלבין קפה הולנדי 200ג,פריזלנד פודס קיוויט,NL,מלבין קפה הולנדי 200,גרמים,200.00,100 גרם,false,1,9.90,4.9500,true,1,101452
7290004219826,false,מלבין קפה הולנדי קומפלטה 400ג',פריזלנד פודס קיוויט,NL,מלבין קפה הולנדי 400,גרמים,440.00,100 גרם,false,1,19.90,4.5227,true,1,99525
7290004221409,false,רוטב חזרת 453 גרם,וובר ספרינגפילד,,רוטב חזרת 453 גר,גרמים,453.00,100 גרם,false,1,24.90,5.4967,true,1,100191
7290004225285,false,גבינה בסגנון דנאבלו 100 ג',האי נאם סי או אל.טי.,DK,גבינה בסגנון דנאבלו 100 גר,גרמים,100.00,100 גרם,false,1,11.90,11.9000,true,1,121532
7290004256371,false,ריץ פרוס 400 ג' -צהובה פרוסה,מלקפול אלוורטוסקה,PL,ריץ פרוס 400 גר,גרמים,400.00,100 גרם,false,,17.90,4.4750,true,1,195289
7290004324605,false,"גבינת מון בלאן רוקפור 7%, 120 ג'",האי נאם סי או אל.טי.,IL,גבינה מון בלאן רוקפו,גרמים,120.00,100 גרם,false,1,11.90,9.9167,true,1,101531
7290004494049,false,יין דלתון פומה סובני,"איי, בי, אינבוו",IL,"יין דלתון פומה בלאן 750 מ""ל",מיליליטרים,750.00,"100 מ""ל",false,1,59.90,7.9867,true,1,172137
7290004494131,false,יין דלתון קברנה סוביניון גליל,"איי, בי, אינבוו",IL,"יין ""דלתון"" קברנה סו",מיליליטרים,750.00,"100 מ""ל",false,1,59.90,7.9867,true,1,101586
7290004494148,false,יין דלתון מרלו גליל,"איי, בי, אינבוו",IL,יין מרלו-דלתון,מיליליטרים,750.00,"100 מ""ל",false,1,59.90,7.9867,true,1,101587
7290004494179,false,יין דלתון שרדונה 750,"איי, בי, אינבוו",IL,"יין דלתון שרדונה 750 מ""ל",מיליליטרים,750.00,"100 מ""ל",false,1,59.90,7.9867,true,1,166405
7290004494377,false,יין דלתון שיראז גליל,"איי, בי, אינבוו",IL,"יין דלתון שירז 750 מ""ל D",מיליליטרים,750.00,"100 מ""ל",false,1,59.90,7.9867,true,1,166406
7290004502690,false,וודקה פילנדיה 1 ליטר,,,פינלנדיה 1 ליטר,ליטרים,1.00,ליטר,false,1,89.90,89.9000,true,1,101596
7290004502997,false,וודקה פינלנדיה בקבוק,בראון פורמן,FI,וודקה פינלנדיה 500 מ,מיליליטרים,500.00,"100 מ""ל",false,1,49.90,9.9800,true,1,101602
7290004584306,false,רבעיית גמדים בטעם תות בננה * 100 ג' שטראוס,מיוצר עי קונדיטוריית,IL,גבינה לבנה גמדים תות בננה 100 גר רביעיה,גרמים,400.00,100 גרם,false,1,11.50,2.8750,true,1,101643
7290004584351,false,גבינה במרקם שמנת 5% טבעי 200 ג' סימפוניה,"שטראוס בריאות בע""מ",IL,גבינת סימפוניה טבעי,גרמים,200.00,100 גרם,false,1,11.90,5.9500,true,1,101644
7290004584528,false,דנונה ביו יוגורט טבעי 1.5% 200 ג',מיוצר עי קונדיטוריית,IL,יוגורט דנונה ביו 1.5,גרמים,200.00,100 גרם,false,1,3.80,1.9000,true,1,101645
7290004603175,false,מלח הארץ מלחייה גס 500 גרם,תעשיות מלח לישראל,IL,מלח הים אדום 500גר,גרמים,500.00,100 גרם,false,1,7.90,1.5800,true,1,145497
7290004731076,false,אל סבון אלוורה כיף 1 ל',טרופיקל דגיל תעשיות,IL,כיף 1ליטר אלוורה,ליטרים,1.00,ליטר,false,1,11.90,11.9000,true,1,101676
7290004731472,false,"אל סבון צבעוני כיף שלישיה* 500 מ""ל",טרופיקל דגיל תעשיות,IL,אלסבון כיף שלישייה צ,מיליליטרים,1500.00,"100 מ""ל",false,1,20.90,1.3933,true,1,101687
7290004737443,false,קוקטייל פירות 820 גרם,ג'יאנגסו יואהו פוד ק,CN,"קוקטייל פירות 820 ג""",גרמים,820.00,100 גרם,false,1,8.90,1.0854,true,1,101703
7290004762827,false,"קרוטונים למרק בטעם שום בצל, 250 גרם",חטיפים מן הטבע,,קרוטונים למרק 250 גר,גרמים,250.00,100 גרם,false,1,9.90,3.9600,true,1,101707
7290005008481,false,ספיד סטיק - דאודורנט ג'ל לגבר ספורט 85 גרם,הנסיך- מפעל לייצור ט,BY,"ספיד סטיק ג""ל ספורט",גרמים,85.00,100 גרם,false,1,18.90,22.2353,true,1,101775
7290005020162,false,"וויסקי בלנטיינ'ס 700 מ""ל",פרנו,,"ויסקי בלנטיינס 700 מ""ל",מיליליטרים,700.00,"100 מ""ל",false,1,89.90,12.8429,true,1,101785
7290005068058,false,תירס קל מופחת קלוריות 550 ג' פרי הגליל,"פרי הגליל בע""""מ",IL,גרעיני תירס קל 550 גר,גרמים,550.00,100 גרם,false,1,6.90,1.2545,true,1,101819
7290005068447,false,"גרגרי תירס קל בוואקום ללת""ס פרי גליל 340ג'","פרי הגליל בע""""מ",IL,גרעיני תירס קל 340 גר,גרמים,340.00,100 גרם,false,1,5.90,1.7353,true,1,101820
7290005084355,false,"סנסודיין - משחת שיניים דואל קר זהב 75 מ""ל",גלקסו סמית קליין,GB,משחת שיניים סנסודיין דואל קר 75 מל,מיליליטרים,75.00,"100 מ""ל",false,1,20.90,27.8667,true,1,130409
7290005095061,false,נר נשמה 24 שעות פחית,,,חטיף 0 גר,Unknown,0.00,Unknown,false,1,1.90,0.0000,true,1,130411
7290005095344,false,נר נשמה שבועי בזכוכי,"מ.א. בע""מ",,"אטבי כביסה 30 יח""",Unknown,0.00,Unknown,false,1,12.90,0.0000,true,1,101828
7290005095375,false,כוסות לשתייה קרה 100,,,כוסות לשתייה קרה 100 יח,Unknown,0.00,Unknown,false,1,6.90,0.0000,true,1,177967
7290005095948,false,חנוכייה בינונית,"יודאיקה סנטר בע""מ",,חנוכייה בינונית,Unknown,0.00,Unknown,false,1,17.90,0.0000,true,1,148160
7290005111761,false,מזון לכלבים בשר בונז,קריות זול,FR,"בונזו בשר 3 ק""ג",קילוגרמים,3.00,"ק""ג",false,1,49.90,16.6333,true,1,101836
7290005113222,false,זיתים קוקטייל וגמבה יבנה 350ג',קדבורי,IL,מיקס זיתים יבנה 560 גר,גרמים,560.00,100 גרם,false,1,9.90,1.7679,true,1,183592
7290005175428,false,"קמח תירס לל""ג ריבארה 500 ג'",קריות זול,AR,קמח תירס אינסטנט 500,גרמים,500.00,100 גרם,false,1,6.90,1.3800,true,1,101851
7290005175589,false,וילי פוד קמח תירס ללא גלוטן 1קג,קריות זול,AR,"קמח תירס 1 ק""ג",קילוגרמים,1.00,"ק""ג",false,1,9.90,9.9000,true,1,101852
7290005197758,false,עוגיות חיוכים שוקו שוקו 150ג',אפיפית נצרת תעשיות ב,IL,"חיוכים שוקו 150 ג""ר",גרמים,150.00,100 גרם,false,1,4.90,3.2667,true,1,101858
7290005199738,false,גומי מאסט בטעם פפרמינט ריח פה נעים פליפטופ 28 ג' עלית,"שטראוס גרופ בע""מ",IL,מסטיק מאסט בטעם פפרמינט 28 גר,גרמים,28.00,100 גרם,false,16,4.50,16.0714,true,1,101869
7290005200786,false,תפוצ'יפס שמנת ובצל 50 גרם,"שטראוס פריטו ליי בע""",IL,"תפוצ""יפס שמנת ובצל 50גר",גרמים,50.00,100 גרם,false,1,3.90,7.8000,true,1,101874
7290005271410,false,ביצים L ארוזות 12 י,גליקסמן שיווק ביצים,,"ביצים 12 יח"" L",Unknown,0.00,Unknown,false,1,12.05,0.0000,true,1,101889
7290005271427,false,ביצים M ארוזות 12 י,גליקסמן שיווק ביצים,,"ביצים 12 יח"" M",Unknown,0.00,Unknown,false,1,11.15,0.0000,true,1,101890
7290005271656,false,ביצים אומגה 3 לבן 20,גליקסמן שיווק ביצים,IL,ביצים אומגה 3 לבן 20 יח XL,Unknown,0.00,Unknown,false,1,34.90,0.0000,true,1,120063
7290005271687,false,ביצים אומגה 3 לארג' 12 יח',גליקסמן שיווק ביצים,,ביצים אומגה 12 יח L,Unknown,0.00,Unknown,false,1,18.90,0.0000,true,1,150095
7290005271755,false,תבנית ביצים L חופש 12יחי,גליקסמן שיווק ביצים,,ביצים L חופש 12 יח,Unknown,0.00,Unknown,false,1,18.90,0.0000,true,1,180261
7290005271762,false,ביצים חופש מידיום 12 יח',גליקסמן שיווק ביצים,,ביצים L חופש 12 יח,Unknown,0.00,Unknown,false,1,17.90,0.0000,true,1,167520
7290005271847,false,ביצי גליקסמן 10 יח X,גליקסמן שיווק ביצים,,ביצי XL גליקסמן 10 יח,Unknown,0.00,Unknown,false,1,10.92,0.0000,true,1,184425
7290005287206,false,טונה בשמן סטארקיסט 4*160 ג',"סטארקיסט פודור בע""מ",,רביעיית טונה סטארקיס,גרמים,640.00,100 גרם,false,1,26.90,4.2031,true,1,101925
7290005290343,false,ורניקי תפוא ופטריות,שבע-תעשיות בצקים קפו,,ורניקי תפוא ופטריות 1 קג,קילוגרמים,1.00,"ק""ג",false,1,29.90,29.9000,true,1,167061
7290005296246,false,"פותח סתימות דריין אאוט 946 מ""ל יעקבי",יוליניבר,US,"פותח סתימות בכיור דריין און 946 מ""ל",מיליליטרים,946.00,"100 מ""ל",false,1,29.90,3.1607,true,1,176439
7290005296857,false,"פוליבוי מרסס לכל סוגי הרהיטים 500 מ""ל",דרמרס DRAMERS,PL,"ספריי רהיטים פוליבוי 300 מ""ל",מיליליטרים,300.00,"100 מ""ל",false,1,14.90,4.9667,true,1,179582
7290005423055,false,סנו פורטה פלוס מתז בניחות לימון 1 ל',"סנו מפעלי ברונוס בע""",IL,מתז פורטה פלוס בניחוח לימון XL סנו 1 ל,ליטרים,1.00,ליטר,false,12,14.90,14.9000,true,1,190509
7290005423505,false,"אורביטול מי פה להלבנת השיניים 500 מ""ל",קוסמופארם,IL,אורביטול מי פה להלבנ,מיליליטרים,500.00,"100 מ""ל",false,1,19.90,3.9800,true,1,101990
7290005423567,false,מטליות לניקוי כללי בגליל 40 יח' סנו סושי,אסותא תעשיות אלבד בע,IL,סנו סושי 30 בגליל צה,Unknown,0.00,Unknown,false,1,19.90,0.0000,true,1,101993
7290005423734,false,סנו - מקסימה מרכך כביסה אולטרה פרש 4 ליטר,"סנו מפעלי ברונוס בע""",IL,מרכך כביסה סנו מקסימה 4 ל,ליטרים,4.00,ליטר,false,1,21.90,5.4750,true,1,101995
7290005424113,false,מטליות רצפה 4 יח' סנו סושי,עופרטקס,IL,סנו סושי 4 מטליות רי,Unknown,0.00,Unknown,false,1,11.90,0.0000,true,1,102003
7290005424762,false,נוזל רצפות ריצפז ווקס דוחה חרקים 2 ליטר,"סנו מפעלי ברונוס בע""",IL,ריצפז פלוס דוחה תקינ,ליטרים,2.00,ליטר,false,1,27.90,13.9500,true,1,102011
7290005425646,false,סנו קליר ספריי אקדח לניקוי והברקת חלונות 1ל',"סנו מפעלי ברונוס בע""",IL,סנו קליר 1 ליטר,ליטרים,1.00,ליטר,false,1,11.90,11.9000,true,1,102036
7290005427107,false,סנו - סושי מגבות נייר הפלא 6 יחידות,מיוצר עי קונדיטוריית,IL,סנו סושי מגבות הפלא,Unknown,0.00,Unknown,false,1,11.90,0.0000,true,1,102073
7290005430602,false,"סנו - אוקסיג'ן מרסס מסיר כתמים 750 מ""ל","סנו מפעלי ברונוס בע""",IL,"סנו אוקסיג""ן מסיר כת",מיליליטרים,750.00,"100 מ""ל",false,1,17.90,2.3867,true,1,102137
7290005431883,false,קינוח מלבי חלבי עדן,עדן קינוחים Eden,IL,קינוח מלבי חלבי 165 גר,גרמים,165.00,100 גרם,false,1,6.90,4.1818,true,1,196026
7290005431906,false,קינוח קדאיף עדן 82 ג,עדן קינוחים Eden,IL,קינוח קדאיף 82 גר,גרמים,82.00,100 גרם,false,1,6.90,8.4146,true,1,196031
7290005431913,false,עוגת גבינה פירורים 92 גרם.,עדן קינוחים Eden,IL,עוגת גבינה פירורים 92 גר,גרמים,92.00,100 גרם,false,1,6.90,7.5000,true,1,196029
7290005431920,false,עוגת גבינה פירורים ללא תוספת סוכר,עדן קינוחים Eden,IL,עוגת גבינה פירורים לייט 78 גר,גרמים,78.00,100 גרם,false,1,6.90,8.8462,true,1,196028
7290005431968,false,מלבי שמנת עדן קינוחי,עדן קינוחים Eden,IL,מלבי שמנת 150 גר,גרמים,150.00,100 גרם,false,12,6.90,4.6000,true,1,198654
7290005476334,false,מטליות סולור מיקרופי,סנדיין,,מטליות סולור מיקרופייבר לרצפה 3 יח,Unknown,0.00,Unknown,false,1,17.90,0.0000,true,1,168664
7290005559907,false,פיצה משפחתית גבינה 500 ג' מעדנות,מיוצר עי קונדיטוריית,IL,פיצה משפחתית גבינה 5,גרמים,500.00,100 גרם,false,1,19.90,3.9800,true,1,102182
7290005559914,false,פיצה משפחתית זיתים 550 ג' מעדנות,מיוצר עי קונדיטוריית,IL,פיצה משפחתית זיתים 550 גר,גרמים,550.00,100 גרם,false,1,19.90,3.6182,true,1,102183
7290005559990,false,בצק פילאס תורכי מעדנות 600 גרם,מיוצר עי קונדיטוריית,IL,בצק פילאס תורכי 600,גרמים,600.00,100 גרם,false,1,19.90,3.3167,true,1,102185
7290005591761,false,דבש טהור מפרחי בר בלחיץ 400 ג' יד מרדכי,מכוורת יד מרדכי שטרא,IL,"דבש טהור לחיץ 400 ג""",גרמים,400.00,100 גרם,false,1,20.90,5.2250,true,1,102192
7290005651069,false,"לה קט מיקס 2.85 ק""ג",קריות זול,FR,"לה קט מיקס 2.85 ק""ג",קילוגרמים,2.85,"ק""ג",false,1,57.90,20.3158,true,1,102215
7290005651366,false,מזון כלבים כבד בונזו,קריות זול,FR,"בונזו בטעם כבד 3 ק""ג",קילוגרמים,3.00,"ק""ג",false,1,49.90,16.6333,true,1,102216
7290005651427,false,מעדני בונזו מולטיפק שלישיה * 410 ג',קריות זול,FR,בונזו מולטיפק 3*400,קילוגרמים,1.20,"ק""ג",false,1,21.90,18.2500,true,1,102217
7290005786006,false,קרפלך האיש עם השפם 1,שבע-תעשיות בצקים קפו,,קרפלך ידני 600 גר,קילוגרמים,1.00,"ק""ג",false,20,38.90,38.9000,true,1,130765
7290005786075,false,קרפלך סאן סאניץ בשר,שבע-תעשיות בצקים קפו,,קרפלך סאן סאניץ בשר עוף 1 קג,קילוגרמים,1.00,"ק""ג",false,1,39.90,39.9000,true,1,166057
7290005786082,false,קרפלך בשר אליטה 1 קג,,,קרפלך בשר אליטה 1 קג,קילוגרמים,1.00,"ק""ג",false,1,43.90,43.9000,true,1,185483
7290005786099,false,קרפלך שבע עגל 1 קג,שבע-תעשיות בצקים קפו,,קרפלך שבע עגל 600 גר,קילוגרמים,1.00,"ק""ג",false,1,39.90,39.9000,true,1,167773
7290005786105,false,קרפלך כבש 1 קג,שבע-תעשיות בצקים קפו,,קרפלך שבע כבש 1 קג,קילוגרמים,1.00,"ק""ג",false,1,43.90,43.9000,true,1,130105
7290005786129,false,בלינצס בשר 600 גר,שבע-תעשיות בצקים קפו,,בלינצס בשר 600 גר,גרמים,600.00,100 גרם,false,1,32.90,5.4833,true,1,166060
7290005786204,false,קרפלך ילדים 600 גר,נוריס,,קרפלך ילדים 600 גר,גרמים,600.00,100 גרם,false,1,20.90,3.4833,true,1,92256
7290005786730,false,קרפלך 3 חזרזירים 1 ק,,,"קרפלך 3 חזרזירים 1 ק""ג",קילוגרמים,1.00,"ק""ג",false,1,41.90,41.9000,true,1,190747
7290005786839,false,קרפלך עגל ליליה 1 קג,,,קרפלך עגל ליליה 1 קג,קילוגרמים,1.00,"ק""ג",false,1,36.90,36.9000,true,1,186165
7290005786983,false,קרפלך רווק 1 קג,שבע-תעשיות בצקים קפו,,"קרפלך רווק 1 ק""ג",קילוגרמים,1.00,"ק""ג",false,1,41.90,41.9000,true,1,180085
7290005786990,false,קרפלך 10 500 גר,,,"קרפלך 3 חזרזירים 1 ק""ג",גרמים,500.00,100 גרם,false,1,10.00,2.0000,true,1,186166
7290005838002,false,מעדן גבינה ויוגורט בטעם וניל 88 ג' דניאלה,"שטראוס בריאות בע""מ",IL,מעדן גבינה דניאלה,גרמים,88.00,100 גרם,false,1,4.10,4.6591,true,1,102273
7290005838613,false,שטראוס גבינת וניל 3% 125ג,"שטראוס בריאות בע""מ",IL,"סקי וניל 125 ג""ר",גרמים,125.00,100 גרם,false,1,3.80,3.0400,true,1,102275
7290005839108,false,סימפוניה 5% עם זיתים 200 ג' שטראוס,"שטראוס בריאות בע""מ",IL,גבינת סימפוניה 5% עם,גרמים,200.00,100 גרם,false,1,11.90,5.9500,true,1,102278
7290005839313,false,"מילקי טופ שוקולד מגולגל 170 מ""ל",מיוצר עי קונדיטוריית,IL,מעדן מילקי טופ מגולגלת 141 גר,גרמים,141.00,100 גרם,false,1,4.80,3.4043,true,1,102279
7290005896415,false,"בירה איגל פחית ירוק 500מ""ל","טמפו משקאות בע""מ",IL,"בירה איגל ירוק פחית 500 מ""ל",מיליליטרים,500.00,"100 מ""ל",false,1,6.90,1.3800,true,1,130806
7290005896439,false,"בירה מכבי בקבוק חוזר 500 מ""ל","טמפו משקאות בע""מ",IL,"בירה ""מכבי"" בק"" חוזר",מיליליטרים,500.00,"100 מ""ל",false,1,7.90,1.5800,true,1,102287
7290005896453,false,"בירה מכבי 7.9% בקבוק חוזר 500מ""ל",טמפו משקאות בע''מ,IL,"בירה ""מכבי"" 7.9% בק"" חוזר 500 מ""ל",מיליליטרים,500.00,"100 מ""ל",false,1,7.90,1.5800,true,1,174444
7290005896460,false,"בירה איגל לאגר חזקה 7.8% 500 מ""ל פחית",Unknown,,"בירה איגל איגל פחית 500 מ""ל",מיליליטרים,500.00,"100 מ""ל",false,1,7.90,1.5800,true,1,181798
7290005896620,false,מים מוגז ' סאן בנדטו ' יחידה,אקווה מינרלה סאן בנד,IT,מים סאן בנדטו מוגז 1,ליטרים,1.50,ליטר,false,1,3.90,2.6000,true,1,102288
7290005896637,false,מים סן בנדטו בודד 1.5 ליטר,אקווה מינרלה סאן בנד,IT,מים סן בנדטו בודד,Unknown,0.00,Unknown,false,1,3.90,0.0000,true,1,102289
7290005938245,false,ממרח פסטו קלאסי פרסקו 220ג' מצונן,מיוצר עי פרסקו חצבה,IL,פסטו קלאסי 220 גר,גרמים,220.00,100 גרם,false,1,18.90,8.5909,true,1,119524
7290005938627,false,ממרח עגבניות מיובשות 220ג',פרסקו חצבה 2006 בעמ,IL,ממרח עגבניות מיובשות 220 גר,גרמים,220.00,100 גרם,false,1,17.90,8.1364,true,1,119528
7290005966033,false,"יין הר חרמון לבן 750 מ""ל",יקב רמת הגולן,IL,"יין ""הר חרמון"" לבן",מיליליטרים,750.00,"100 מ""ל",false,1,32.90,4.3867,true,1,102302
7290005966088,false,"יין הר חרמון אדום עברית 750 מ""ל",יקב רמת הגולן,IL,"יין ""הר חרמון"" אדום",מיליליטרים,750.00,"100 מ""ל",false,1,32.90,4.3867,true,1,102303
7290005966347,false,יין סוביניון בלאן 750 מ''ל,יקב רמת הגולן,,"יין ""גמלא"" סוביניון",Unknown,0.00,Unknown,false,1,59.90,0.0000,true,1,102306
7290005966361,false,יין גמלא שרדונה 750,"כד בני דרום בע""מ",IL,"יין ""גמלא"" שרדונה",מיליליטרים,750.00,"100 מ""ל",false,1,59.90,7.9867,true,1,102307
7290005966507,false,יין גמלא קברנה סובינ,,,יין גמלא קברנה סוביניון 375 מל,מיליליטרים,375.00,"100 מ""ל",false,1,39.90,10.6400,true,1,202797
7290006229427,false,"סאן בנדטו מים מהאלפים מארז 500X6מ""ל",קריות זול,,שישיית סן בנדטו 500,ליטרים,3.00,ליטר,false,1,13.90,4.6333,true,1,102328
7290006229588,false,בירה איגל פחית זהב 500 מל',"טמפו משקאות בע""מ",IL,"בירה איגל זהב פחית 500 מ""ל",מיליליטרים,500.00,"100 מ""ל",false,1,6.90,1.3800,true,1,130850
7290006251107,false,תה ויסוצקי צ'אי מסאלה 25 יח',מולינו ניקולי s.p.a,IL,"תה ציאי מסאלה 25 שק""",גרמים,50.00,100 גרם,false,1,16.90,33.8000,true,1,102343
7290006251275,false,תה ויסוצקי ירוק סיני 25יח',קריות זול,IL,"תה ירוק סיני 25 שק""",גרמים,38.00,100 גרם,false,1,24.90,65.5263,true,1,102345
7290006251374,false,תה ירוק לימונית וגינגר 25 שקיקים ויסוצקי,קריות זול,IL,"תה ירוק לימונית וג""י",גרמים,38.00,100 גרם,false,1,24.90,65.5263,true,1,102348
7290006251589,false,תה ירוק עם עלי נענע 50 שקיקים ויסוצקי,בית ויסוצקי,IL,"תה ירוק נענע 50 שק""",גרמים,75.00,100 גרם,false,1,39.90,53.2000,true,1,102349
7290006265500,false,פטריות שמפיניון ארוז מרינה,"מרינה פטריות הגליל בע""מ",IL,פטריות ארוזות,Unknown,0.00,Unknown,false,1,8.50,0.0000,true,1,102358
7290006271181,false,מעדנות גחנון אפוי 750 גרם,מיוצר עי קונדיטוריית,IL,"ג""חנון אפוי 750 ג""ר",גרמים,750.00,100 גרם,false,1,22.90,3.0533,true,1,102380
7290006271648,false,"מיני בורקס תפו""א 800 ג' מעדנות","מעדנות בע""מ",IL,"מיני בורקס תפו""א מוז",גרמים,800.00,100 גרם,false,1,22.90,2.8625,true,1,102382
7290006272072,false,חטיפי פיצה בשקית מעדנות 650ג',"מעדנות בע""מ",IL,חטיפי פיצה מוזל 650,גרמים,650.00,100 גרם,false,1,29.90,4.6000,true,1,102386
7290006272430,false,בצק עלים חמאה מעדנות 600 ג',מיוצר עי קונדיטוריית,IL,בצק עלים חמאה 600 גר,גרמים,600.00,100 גרם,false,1,27.90,4.6500,true,1,102387
7290006306302,false,רביולי במילוי גבינות פרמזן ריקוטה 400 ג' פסטה נונה,פסטה נונה Pasta Nonn,IL,רביולי פרמזן וריקוטה 400 גרי,גרמים,400.00,100 גרם,false,1,23.90,5.9750,true,1,124995
7290006306319,false,רביולי במילוי בטטה 400 ג' פסטה נונה,דורום תעשיות מזון ופ,IL,רביולי בטטה 400 גרי,גרמים,400.00,100 גרם,false,1,23.90,5.9750,true,1,124996
7290006322104,false,לחם ריחיים קל פרוס 500 ג',מאפיית דוידוביץ ובני,IL,לחם ריחיים קל פרוס,גרמים,500.00,100 גרם,false,1,9.90,1.9800,true,1,102400
7290006322111,false,לחמניות ריחיים שישיי,מאפיית דוידוביץ ובני,IL,לחמניות ריחיים שישייה 450 גר,גרמים,450.00,100 גרם,false,1,11.90,2.6444,true,1,102401
7290006322128,false,לחמניות קלות שישייה,מאפיית דוידוביץ ובני,IL,לחמניות קלות שישייה 450 גר,גרמים,450.00,100 גרם,false,1,12.90,2.8667,true,1,102402
7290006322197,false,מארז 4 לחמניות הבית,מאפית דוידוביץ,IL,מארז 4 לחמניות הבית כפולות 120 גר,גרמים,120.00,100 גרם,false,1,14.90,12.4167,true,1,212327
7290006322838,false,לחם 100% קמח מלא 750 ג',מאפיית דוידוביץ ובני,IL,לחם 100% קמח מלא 750 גר,גרמים,750.00,100 גרם,false,1,12.90,1.7200,true,1,121147
7290006322876,false,פיתה 100% קמח מלא 50,,,פיתה 100% קמח מלא 500 גר,גרמים,500.00,100 גרם,false,1,8.90,1.7800,true,1,143358
7290006322968,false,לחם זיץ ברויט דוידוב,מאפיית דווידוביץ ובנ,IL,"לחם דווידוביץ זיץ ברויט 1.2 ק""ג",קילוגרמים,1.20,"ק""ג",false,1,16.90,14.0833,true,1,170046
7290006337016,false,בלינציס עם בשר 800 ג,מפעלי אירנה לבצק ממו,,בלינציס עם בשר 800 גר,גרמים,800.00,100 גרם,false,1,34.90,4.3625,true,1,169826
7290006337023,false,בלינציס עם גבינה 800,מפעלי אירנה לבצק ממו,,בלינציס עם גבינה 800 גר,גרמים,800.00,100 גרם,false,1,34.90,4.3625,true,1,170165
7290006337030,false,כרוב/פלפל ממולא 800,מפעלי אירנה לבצק ממו,,כרוב/פלפל ממולא 800 גר,גרמים,800.00,100 גרם,false,1,36.90,4.6125,true,1,169833
7290006337078,false,כיסוני בשר עבודת יד,מפעלי אירנה לבצק ממו,,כיסוני בשר עבודת יד מגש 800 גר,גרמים,800.00,100 גרם,false,1,31.90,3.9875,true,1,169816
7290006337085,false,צבורקי 600 גר,מפעלי אירנה לבצק ממו,,צבורקי 600 גר,גרמים,600.00,100 גרם,false,1,31.90,5.3167,true,1,169832
7290006337092,false,כיסוני בשר יאמי יאמי,מפעלי אירנה לבצק ממו,,כיסוני בשר יאמי יאמי מגש 800 גר,גרמים,800.00,100 גרם,false,1,31.90,3.9875,true,1,196651
7290006337214,false,צבורצקי מיני 600 גר,מפעלי אירנה לבצק ממו,,צבורצקי מיני 600 גר,גרמים,600.00,100 גרם,false,18,31.90,5.3167,true,1,193020
7290006337306,false,כיסוני בשר כבש מגש 8,מפעלי אירנה לבצק ממו,,כיסוני בשר כבש מגש 800 גר,גרמים,800.00,100 גרם,false,1,31.90,3.9875,true,1,169817
7290006337399,false,קרפלך במילוי בשר עוף,,,"מאפה מטוגן במילוי תפו""א ופטריות קפוא",קילוגרמים,1.00,"ק""ג",false,1,34.90,34.9000,true,1,177940
7290006337443,false,כיסוני בשר כבש 1.3 ק,מפעלי אירנה לבצק ממו,,"כיסוני בשר כבש 1.3 ק""ג",קילוגרמים,1.30,"ק""ג",false,1,38.90,29.9231,true,1,169811
7290006337450,false,כיסוני בשר לבן 1.3 ק,מפעלי אירנה לבצק ממו,,"כיסוני בשר לבן 1.3 ק""ג",קילוגרמים,1.30,"ק""ג",false,1,38.90,29.9231,true,1,169812
7290006337467,false,כיסוני בשר דומשניה 1,מפעלי אירנה לבצק ממו,,"כיסוני בשר דומשניה 1.3 ק""ג",קילוגרמים,1.30,"ק""ג",false,1,38.90,29.9231,true,1,169810
7290006337474,false,כיסוני בשר עגל 1.3 ק,מפעלי אירנה לבצק ממו,,"כיסוני בשר עגל/מיני 1.3 ק""ג",קילוגרמים,1.30,"ק""ג",false,1,38.90,29.9231,true,1,169813
7290006337504,false,כיסוני בשר משפחתי 1.,מפעלי אירנה לבצק ממו,,"כיסוני בשר משפחתי 1.3 ק""ג",קילוגרמים,1.30,"ק""ג",false,1,38.90,29.9231,true,1,169814
7290006337832,false,קציצות אוקראינה 800,,,קציצות אוקראינה 800 גר,גרמים,800.00,100 גרם,false,1,44.90,5.6125,true,1,172288
7290006337979,false,בצק שמרים 700 גר,מפעלי אירנה לבצק ממו,,כיסוני בשר לחיים 600 גר,גרמים,700.00,100 גרם,false,28,13.90,1.9857,true,1,169808
7290006337993,false,כיסונים אליטניה 1.3,,,"כיסונים אליטניה 1.3 ק""ג",קילוגרמים,1.30,"ק""ג",false,1,44.90,34.5385,true,1,177037
7290006374615,false,מזון מלכות מרוכז במיוחד 5.8% 340גר,קריות זול,IL,מזון מלכות בדבש 340,גרמים,340.00,100 גרם,false,1,44.90,13.2059,true,1,102430
7290006374738,false,קונפיטורה תות 340 ג' יד מרדכי,אף.סי תבליני בגליל ב,IL,"קונפיטורת תות 340 ג""",גרמים,340.00,100 גרם,false,1,14.90,4.3824,true,1,102437
7290006376039,false,קוואקר שבולת שועל 500 גרם,,,שיבולת שועל פרמיום הילדה 500 גר,גרמים,500.00,100 גרם,false,1,8.90,1.7800,true,1,102440
7290006376046,false,סוכר דמררה שקית 1 קג,רג'ואן,IL,סוכר דמררה שקית 1 קג,קילוגרמים,1.00,"ק""ג",false,24,10.90,10.9000,true,1,190183
7290006376091,false,סודה לשתייה קרטונית,,,סודה לשתייה קרטונית 50 גר,גרמים,50.00,100 גרם,false,1,2.90,5.8000,true,1,208285
7290006376312,false,שוקו כיף אבקה להכנת,ר.ס.,,פרימיום שוקו כיף שקי,קילוגרמים,1.00,"ק""ג",false,1,11.90,11.9000,true,1,102446
7290006376329,false,ציפוי לשניצל קלאסי 350 ג',,,ציפוי מתובל לשניצל קלאסי 350 גר,גרמים,350.00,100 גרם,false,12,14.90,4.2571,true,1,190182
7290006376626,false,אבקת סוכר מהדרין 100 ג',,,אבקת סוכר 100 גר,גרמים,100.00,100 גרם,false,1,3.90,3.9000,true,1,190179
7290006376688,false,עשיריית סוכר וניל,,,עשיריית סוכר וניל,Unknown,0.00,Unknown,false,1,3.90,0.0000,true,1,102448
7290006376695,false,עשיריית אבקת אפיה 10,,,עשיריית אבקת אפיה,גרמים,100.00,100 גרם,false,1,3.90,3.9000,true,1,102449
7290006376718,false,גלטין לעוגה פרימיום 24 יח,,,אבקת גלטין 12 גר זוג,גרמים,24.00,100 גרם,false,1,10.90,45.4167,true,1,102450
7290006376817,false,שמרים יבשים 33 גר,,,שמרים יבשים 33 גר,גרמים,33.00,100 גרם,false,24,7.90,23.9394,true,1,102451
7290006376862,false,"קפה ""פרימיום"" שלישייה 100 ג""ר",ר.ס.,,קפה טורקי 100 גר שלישייה,גרמים,300.00,100 גרם,false,1,16.90,5.6333,true,1,102452
7290006376923,false,פירורי לחם מוזהבים 2,י.כהן,,פירורי לחם מוזהבים 200 גר,גרמים,200.00,100 גרם,false,1,3.90,1.9500,true,1,203253
7290006459510,false,נרות חנוכה 44 יח,מנורה,,נרות חנוכה 44 יח,Unknown,0.00,Unknown,false,1,3.90,0.0000,true,1,207191
7290006459527,false,נרות חנוכה לוקס שקד,,,נרות חנוכה מיוחד 45 יח,Unknown,0.00,Unknown,false,1,6.90,0.0000,true,1,195300
7290006492432,false,גבינת מוצרלה בייבי 18% 300 ג' גד,מחלבות גד בעמ,IL,מוצרלה בייבי 18% 150,גרמים,150.00,100 גרם,false,1,15.90,10.6000,true,1,102477
7290006492616,false,גבינה בולגרית פרוסות 5% 250 ג' גד,DSH עבור מחלבות גד ב,IL,בולגרית 5% פרוסות 250גר,גרמים,250.00,100 גרם,false,1,26.90,10.7600,true,1,102478
7290006492630,false,גליל גד עז 22% 180 גרם - רבנות,מחלבות גד בעמ,IL,גליל גבינת עיזים 26%,גרמים,180.00,100 גרם,false,1,24.90,13.8333,true,1,131063
7290006492852,false,גבינת עיזים למריחה 5% שומן 250 ג' גד,קריות זול,IL,גבינת עיזים למריחה 5% 250גר,גרמים,250.00,100 גרם,false,1,16.90,6.7600,true,1,131069
7290006511157,false,"פטריות שלמות ויליפוד 400 גרם בד""ץ",אוקצ'מפס אס.איי אויי,PL,"פטריות שלמות ""גולדפו",גרמים,400.00,100 גרם,false,1,7.90,1.9750,true,1,102501
7290006511751,false,פטריות שמפניון חתוך ויליפוד 290X3 ג' בד”צ,לוטס,,פטריות חתוכות 290 גר שלישייה,גרמים,870.00,100 גרם,false,1,11.90,1.3678,true,1,144305
7290006546012,false,שעועית בנוסח מקסיקני בטעם חריף 580 ג' פרי הגליל,"פרי הגליל בע""""מ",IL,שעועית חומה מקסיקני 580 גר,גרמים,580.00,100 גרם,false,1,6.90,1.1897,true,1,102506
7290006546302,false,"צ'יפס קיטרינג פרי גליל 1.5 ק""ג","פרי הגליל בע""""מ",IL,"צ""יפס 1.5 ק""ג רובין",קילוגרמים,1.50,"ק""ג",false,1,17.90,11.9333,true,1,102507
7290006546517,false,צי'פס סטייק קפוא פרי הגליל 800 ג',"פרי הגליל בע""""מ",IL,סטייק ציפס 800 גר,גרמים,800.00,100 גרם,false,1,10.90,1.3625,true,1,102514
7290006618146,false,"מדליק פחמים נוזלי הפי- 500מ""ל",תות תעשיות מזון (201,NL,"מדליק פחמים הפי בקבוק 500 מ""ל",מיליליטרים,500.00,"100 מ""ל",false,1,15.90,3.1800,true,1,176489
7290006618610,false,6 ספוגיות כלים חלבי / בשרי,פלספק,TR,ספוגיות הפי חלבי/בשרי שישייה,Unknown,0.00,Unknown,false,1,7.90,0.0000,true,1,176447
7290006664037,false,גמדים דגנים ארוחת בוקר מארז 100X4ג',"שטראוס בריאות בע""מ",IL,רביעיית סופר גמדים ד,מיליליטרים,400.00,"100 מ""ל",false,1,11.50,2.8750,true,1,102639
7290006664655,false,"אקטימל לבן טבעי מארז 100X8 מ""ל",מיוצר עי קונדיטוריית,IL,אקטימל טבעי שמינייה,גרמים,864.00,100 גרם,false,1,21.90,2.5347,true,1,102650
7290006681553,false,שטראוס קרמבו ווניל 8יח,"גלידת שטראוס בע""מ",IL,"קרמבו וניל 8יח""",גרמים,200.00,100 גרם,false,1,14.90,7.4500,true,1,102713
7290006739346,false,נקניקיות פרגיות טרי 400 גרם זוגלובק,נקניק נהריה כשר זוגל,IL,נקניקיות פרגיות 400,גרמים,400.00,100 גרם,false,1,13.90,3.4750,true,1,102805
7290006739407,false,שניצל תירס לייט 630 ג' זוגלובק,נקניק נהריה כשר זוגל,IL,שניצל תירס לייט 630,גרמים,630.00,100 גרם,false,1,29.90,4.7460,true,1,102807
7290006739414,false,סלמי קוניאק 300 ג' זוגלובק,נקניק נהריה כשר זוגל,IL,"סלמי קוניאק 300 גר""",גרמים,300.00,100 גרם,false,1,25.90,8.6333,true,1,102808
7290006739421,false,סלמי מעושן איטלקי 300 ג' זוגלובק,נקניק נהריה כשר זוגל,IL,"סלמי איטלקי 300 גר""",גרמים,300.00,100 גרם,false,1,25.90,8.6333,true,1,102809
7290006739445,false,שניצל תירס קלאסי 750 ג' זוגלובק,נקניק נהריה כשר זוגל,IL,שניצל תירס קלאסי 750,גרמים,750.00,100 גרם,false,1,29.90,3.9867,true,1,102810
7290006741363,false,"בורקס תפו""א זוגלובק בד""צ 800ג'",מאפיית אריאל וגידרון,IL,"בורקס תפו""א 800 גר",גרמים,800.00,100 גרם,false,1,17.90,2.2375,true,1,102830
7290006741387,false,"מלאווח תימני זוגלובק 700 ג' בד""צ",נקניק נהריה כשר זוגל,IL,מלאווח תימני,גרמים,700.00,100 גרם,false,1,17.90,2.5571,true,1,102831
7290006742162,false,המבורגר מזרחי זוגלובק 400 גר',נקניק נהריה כשר זוגל,IL,המבורגר מזרחי 400 גר,גרמים,400.00,100 גרם,false,1,19.90,4.9750,true,1,102839
7290006742278,false,פסטרמה הודו צלויה על לבנים 330 ג' זוגלובק,נקניק נהריה כשר זוגל,IL,פסטרממיה צלויה על לב,גרמים,330.00,100 גרם,false,1,25.90,7.8485,true,1,102841
7290006742292,false,פסטרמה הודו בדבש 330 ג' זוגלובק,נקניק נהריה כשר זוגל,IL,פסטרממיה בדבש 330 גר,גרמים,330.00,100 גרם,false,1,25.90,7.8485,true,1,102843
7290006742315,false,פסטרמה חזה הודו ברביקיו זוגלובק 330 ג',נקניק נהריה כשר זוגל,IL,חזה הודו ברביקיו 330,גרמים,330.00,100 גרם,false,1,25.90,7.8485,true,1,102845
7290006748072,false,זר פרחים עונתי,Unknown,,זר פרחים,יחידה,1.00,יחידה,false,1,35.00,35.0000,true,1,146312
7290006748096,false,זר פרחים מיוחד,Unknown,,זר פרחים,יחידה,1.00,יחידה,false,1,50.00,50.0000,true,1,146314
7290006748119,false,זר פרחים,Unknown,,זר פרחים,Unknown,0.00,Unknown,false,1,59.00,0.0000,true,1,174269
7290006748133,false,זר פרחים קטן,Unknown,,זר פרחים,יחידה,1.00,יחידה,false,1,25.00,25.0000,true,1,146311
7290006748157,false,זר פרחים בינוני,Unknown,,זר פרחים,יחידה,1.00,יחידה,false,1,30.00,30.0000,true,1,146313
7290006764065,false,"בירה נשר מאלט בקבוק חוזר 500 מ""ל","טמפו משקאות בע""ם.",IL,נשר מאלט 500 חוזר,מיליליטרים,500.00,"100 מ""ל",false,1,5.70,1.1400,true,1,102856
7290006764072,false,"גולדסטאר בירה בק חוזר 500 מ""ל","טמפו משקאות בע""מ",IL,"בירה גולדסטאר 500מ""""",מיליליטרים,500.00,"100 מ""ל",false,1,7.90,1.5800,true,1,102857
7290006764096,false,בירה איגל בקבוק חוזר 3.8% 500 מל,"טמפו משקאות בע""מ",IL,"בירה איגל בק חוזר 500 מ""ל",מיליליטרים,500.00,"100 מ""ל",false,1,5.90,1.1800,true,1,173798
7290006764102,false,"בירה גולדסטאר ב.חוזר מארז 500X6מ""ל",טמפו,,"בירה גולדסטאר חוזר בק 500 מ""ל שישייה",מיליליטרים,3000.00,"100 מ""ל",false,1,39.90,1.3300,true,1,174445
7290006764157,false,"בירה גולדסטאר לא מסונן חוזר 500 מ""ל",טמפו משקאות בע''מ,IL,"בירה גולדסטאר לא מסונן חוזר 500 מ""ל",מיליליטרים,500.00,"100 מ""ל",false,1,7.90,1.5800,true,1,192984
7290006764164,false,שישיית גולדסטאר לא מ,טמפו משקאות בע''מ,IL,"בירה גולדסטאר לא מסונן בק חוזר 500 מ""ל",מיליליטרים,3000.00,"100 מ""ל",false,1,45.90,1.5300,true,1,124088
7290006775016,false,עוגה מבית טוב 450 גרם תפוז,אחדות ביחר לטחינה חל,IL,עוגת אחווה תפוז 450,גרמים,450.00,100 גרם,false,1,11.90,2.6444,true,1,102873
7290006775030,false,"עוגה מבית טוב"" 450 גרם שוקו-ציפס",אחדות ביחר לטחינה חל,IL,"עוגת אחווה שוקולד צ""",גרמים,450.00,100 גרם,false,1,11.90,2.6444,true,1,102875
7290006775047,false,"עוגה מבית טוב"" 450 גרם שוקולד",אחדות ביחר לטחינה חל,IL,עוגת אחווה שוקולד 45,גרמים,450.00,100 גרם,false,1,11.90,2.6444,true,1,102876
7290006775085,false,עוגת שמרים במילוי שוקולד 400גר,אחדות ביחר לטחינה חל,IL,"עוגת שמרים ""אחווה"" ע",גרמים,400.00,100 גרם,false,1,13.90,3.4750,true,1,102879
7290006775337,false,עוגת שמרים פרג 400 ג אחוה,אחדות ביחר לטחינה חל,IL,"עוגת שמרים ""אחווה"" פ",גרמים,400.00,100 גרם,false,1,13.90,3.4750,true,1,102881
7290006775344,false,עוגת שמרים קינמון ואגוזי מלך 400 גרם,אחדות ביחר לטחינה חל,IL,"עוגת שמרים ""אחווה"" ק",גרמים,400.00,100 גרם,false,1,13.90,3.4750,true,1,102882
7290006788429,false,"קרליין - נושם סאן רייס דאודורנט רול און לאישה כתום 75 מ""ל",אמיליה קוסמטיקס בעמ,IL,"דאו קרליין נושם רול און כתום 75 מ""ל",מיליליטרים,75.00,"100 מ""ל",false,1,12.90,17.2000,true,1,170622
7290006788504,false,"קרליין - נושם אוקסיג'ן דאודורנט ספריי לאישה סגול 200 מ""ל",מיוצר עי : אמיליה קו,IL,"דאו קרליין נושם ספריי סגול 200 מ""ל",מיליליטרים,200.00,"100 מ""ל",false,1,12.90,6.4500,true,1,131484
7290006960023,false,כרוב כבוש מאמא מרי,,,כרוב כבוש,גרמים,400.00,100 גרם,false,1,19.90,4.9750,true,1,102986
7290006960146,false,חזרת מאמא מרי 150 גר,,,פרשמק 200גר,גרמים,150.00,100 גרם,false,1,7.90,5.2667,true,1,154210
7290006960160,false,שום כתוש מאמא מרי 15,,,ממרח קוויאר,גרמים,150.00,100 גרם,false,1,7.90,5.2667,true,1,101520
7290006960368,false,פטריות אופיאטה 400 ג,,,"סלט פיקלס 500 גר""",גרמים,400.00,100 גרם,false,1,25.90,6.4750,true,1,131649
7290006960429,false,"מאמא מרי כרוב בולגרי 1 ק""ג",,,כרוב בולגרי 1 קייג,קילוגרמים,1.00,"ק""ג",false,1,19.90,19.9000,true,1,102993
7290006960641,false,סלט אצות ים טבעי 400,,,"סלט אצות ים 350 גר""",גרמים,400.00,100 גרם,false,1,22.90,5.7250,true,1,101526
7290006963314,false,עוגת שטולן קלאסית 75,KuchenMeister GmbH,DE,עוגת שטולן קלאסית 750 גר,גרמים,750.00,100 גרם,false,1,34.90,4.6533,true,1,213392
7290006963321,false,עוגת שטולן עם מרציפן,KuchenMeister GmbH,DE,עוגת שטולן עם מרציפן 750 גר,גרמים,750.00,100 גרם,false,1,37.90,5.0533,true,1,213393
7290006983176,false,אוסם - לחמית שיפון 250 גרם,"אסם השקעות בע""מ",IL,"לחמית שיפון 230 ג""ר",גרמים,230.00,100 גרם,false,1,9.90,4.3043,true,1,103001
7290006983527,false,עוגת הבית תפוחי עץ עם פירורים 400 ג' אסם,מיוצר עי קונדיטוריית,IL,עוגת הבית תפוחי עץ ע,גרמים,400.00,100 גרם,false,1,15.90,3.9750,true,1,103004
7290006983770,false,עוגת הבית שיש 400 ג' אסם,מיוצר עי קונדיטוריית,IL,"עוגת הבית שיש 400 ג""",גרמים,400.00,100 גרם,false,1,12.90,3.2250,true,1,103006
7290006983787,false,עוגת הבית שוקוציפס 400 גרם אסם,מיוצר עי קונדיטוריית,IL,"עוגת הבית שוקו צ""יפס",גרמים,400.00,100 גרם,false,1,12.90,3.2250,true,1,103007
7290006983794,false,עוגת הבית תפוז 400 ג' אסם,מיוצר עי קונדיטוריית,IL,עוגת הבית תפוז 400 ג,גרמים,400.00,100 גרם,false,1,12.90,3.2250,true,1,103008
7290006992864,false,"לה קט חתלתולים 2.85 ק""ג",united pet food,FR,"מזון לחתולים לה קט חתלתולים 2.85 ק""ג",קילוגרמים,2.85,"ק""ג",false,1,57.90,20.3158,true,1,171982
7290008000796,false,"כצט - סופרמן משחת שיניים לילדים 50 מ""ל",כצט נוביס,IL,משחת שיניים לילדים כצט 50 מל,מיליליטרים,50.00,"100 מ""ל",false,1,11.90,23.8000,true,1,208805
7290008005180,false,טושיונקה בקר/אסאדו 4,,,טושנקה בקר 400 גר,גרמים,400.00,100 גרם,false,1,19.90,4.9750,true,1,175889
7290008154222,false,שניצלונים עוף טוב 700 גרם,מולינו ניקולי s.p.a,IL,שניצלונים עוף טוב 70,גרמים,700.00,100 גרם,false,1,14.90,2.1286,true,1,103049
7290008175210,false,גבינת פרמזן מגורדת 90ג' ויליפוד,זנטי אס.איי.,IT,גבינת פרמזן מגורדת 9,גרמים,90.00,100 גרם,false,1,14.90,16.5556,true,1,103061
7290008175814,false,וילי פוד פטריות שמפיניון חתוך בדץ 400ג,"אוקצ'מפ אס, איי אויי",PL,"פטריות חתוך 400 ג""ר",גרמים,400.00,100 גרם,false,1,4.90,1.2250,true,1,103066
7290008330107,false,מרכך כביסה סגול 4 ל' בדין,יוניליור ישראל טיפוח,IL,מרכך כביסה בדין סגול,ליטרים,4.00,ליטר,false,1,20.90,5.2250,true,1,103114
7290008333115,false,אבקת ג'לטין טהור נטו 28 ג',ג'ליק פיניור,,אבקת גלטין טהור 28 גר,גרמים,28.00,100 גרם,false,1,10.90,38.9286,true,1,103120
7290008341981,false,טושונקה בקר 400 גר,גוד פוד,,"טושונקה בקר 400 ג""ר",גרמים,400.00,100 גרם,false,1,22.90,5.7250,true,1,103125
7290008343558,false,"סיגרים בשר שלושת האופים 1 ק""ג",שלושת האופים,IL,"סיגרים בשר 1 ק""ג",קילוגרמים,1.00,"ק""ג",false,1,19.90,19.9000,true,1,103127
7290008343602,false,"קובה בשר 1 ק""ג שלושת האופים",שלושת האופים,IL,"קובה בשר 1 ק""ג",קילוגרמים,1.00,"ק""ג",false,1,19.90,19.9000,true,1,103132
7290008345576,false,"סלט איקרה לבנה, 300 גרם דלידג",כלורוקס אוקלנד,IL,איקרה ביתית לבנה 300,גרמים,300.00,100 גרם,false,6,19.90,6.6333,true,1,103143
7290008345583,false,"סלט איקרה ורודה, 300 גרם דלידג",כלורוקס אוקלנד,IL,איקרה ביתית ורוד 300,גרמים,300.00,100 גרם,false,6,19.90,6.6333,true,1,103144
7290008347211,false,אצבעות דג מצופות נטו,אף.סי תבליני בגליל ב,IL,אצבעות דג 700 גרם,גרמים,700.00,100 גרם,false,1,22.90,3.2714,true,1,103145
7290008409049,false,מיני שניצלונים ושומשום מאמא עוף 500 ג',תנובה גליל שותפות מו,IL,מיני שניצלונים בציפוי שומשום 500 גר,גרמים,500.00,100 גרם,false,1,25.90,5.1800,true,1,120574
7290008409124,false,מאמא עוף קפוא שניצל ג'ונגל פריך 700 גרם,תנובה גליל שותפות מו,IL,"שניצל ג""ונגל מאמא עו",גרמים,700.00,100 גרם,false,1,31.90,4.5571,true,1,103158
7290008409216,false,מאמא עוף קפוא שניצל דק פריך 700 גרם,תנובה גליל,IL,"שניצל ""מאמא עוף"" דק",גרמים,700.00,100 גרם,false,1,39.90,5.7000,true,1,103160
7290008409315,false,מיני מיני דק שניצלונים בציפוי פריך מאמא עוף 500 ג',תנובה גליל,IL,מיני שניצלונים בציפוי פריך 500 גר,גרמים,500.00,100 גרם,false,1,25.90,5.1800,true,1,120573
7290008409582,false,שניצל אמיתי בציפוי ביתי מאמא עוף 700 ג',תנובה גליל שותפות מו,IL,שניצל אמיתי ביתי מאמא עוף 700 גר,גרמים,700.00,100 גרם,false,1,39.90,5.7000,true,1,103169
7290008409605,false,כוכבי עוף מאמא עוף 700 גר',תנובה גליל שותפות מו,IL,כוכבי עוף בציפוי פירורי לחם 700 גר,גרמים,700.00,100 גרם,false,1,31.90,4.5571,true,1,103170
7290008415514,false,חומוס צבר עם חריף עגול 150ג',סלטי צבר,IL,צבר חומוס עם חריף 15,גרמים,150.00,100 גרם,false,1,4.90,3.2667,true,1,103189
7290008415576,false,צבר חומוס צבר 850גרם,צבר,,חומוס צבר 850גרם,גרמים,850.00,100 גרם,false,1,13.90,1.6353,true,1,103190
7290008461221,false,סרדין רוברט בשמן חמניות 115 ג',"רמירז, מטוסינוס",PT,"סרדין ""רוברט"" בשמן ח",גרמים,115.00,100 גרם,false,1,7.90,6.8696,true,1,103202
7290008461238,false,סרדין רוברט בשמן חמניות ופלפל חריף 115 ג',"רמירז, מטוסינוס",PT,"סרדין ""רוברט"" בשמן ח",גרמים,115.00,100 גרם,false,1,7.90,6.8696,true,1,103203
7290008461283,false,צ'דר טריפל הגבינות ש,דאוליי צ'סמייקרס,,גבינת טריפל צדר 200 גר,גרמים,200.00,100 גרם,false,1,24.90,12.4500,true,1,177877
7290008462259,false,חרדל דיזון חריף מייל,יוניליוור צרפת,FR,"חרדל ""דיז""ון"" גרגרים",גרמים,380.00,100 גרם,false,1,18.90,4.9737,true,1,103206
7290008464222,false,"בירה מכבי 7.9% פחית 500 מ""ל","טמפו משקאות בע""מ",IL,"בורה מכבי פח 500 מ""ל",מיליליטרים,500.00,"100 מ""ל",false,1,8.50,1.7000,true,1,165988
7290008464468,false,"בירה גולדסטאר פחית 500 מ""ל","טמפו משקות בע""מ",IL,בירה גולדסטאר פחית 5,מיליליטרים,500.00,"100 מ""ל",false,1,9.90,1.9800,true,1,103214
7290008464741,false,"בירה גולדסטאר בק' מארז 330X6מ""ל",קריות זול,IL,שישיית בירה גולדסטאר,ליטרים,1.98,ליטר,false,1,35.90,18.1313,true,1,103221
7290008464796,false,"בירה היינקין ח""פ בקבוק 330X6מ""ל",קריות זול,IL,שישיית בירה היינקן ב,ליטרים,1.98,ליטר,false,1,39.90,20.1515,true,1,103223
7290008482530,false,תערובת להכנה קלה פנקייק 400 ג',י.כהן,,אבקה להכנת פנקייק 40,גרמים,400.00,100 גרם,false,1,14.90,3.7250,true,1,103237
7290008493710,false,פרורי גריסני זהב מאיר בייגל 200 ג',מאיר בייגל,,פירורי גריסני זהב 200גר,גרמים,200.00,100 גרם,false,1,5.90,2.9500,true,1,150872
7290008634335,false,מגבוני בד קטיפתיים,טוליפס,,מגבוני בד קטיפתיים,Unknown,0.00,Unknown,false,1,9.90,0.0000,true,1,103278
7290008634533,false,"ספוג+סקוטש עשיריה ""UNISUN""",יוניסן,,ספוג + סקוטש עשירייה,Unknown,0.00,Unknown,false,1,8.90,0.0000,true,1,103282
7290008634557,false,ספוג רחצה רך עם מסג,הוסטס,,"ספוג רחצה רך עם מסג""",Unknown,0.00,Unknown,false,1,5.90,0.0000,true,1,103284
7290008645935,false,חומוס לניגוב אחלה 750 ג',"שטראוס גרופ בע""מ",IL,חומוס אחלה ניגוב 750 גר,גרמים,750.00,100 גרם,false,1,9.90,1.3200,true,1,103306
7290008670135,false,ראקנטי סוביניון בלאן,רקנאטי,,יין רקנאטי גליל עליון סוביניון בלאן,מיליליטרים,750.00,"100 מ""ל",false,12,55.90,7.4533,true,1,197980
7290008670913,false,רקנאטי גליל עליון קברנה סוביניון,,,יין רקנאטי גליל עליון קברנה סוביניון,מיליליטרים,750.00,"100 מ""ל",false,1,55.90,7.4533,true,1,182268
7290008670937,false,יין רקנאטי גליל עליו,,,יין רקנאטי גליל עליון שיראז 2017,מיליליטרים,750.00,"100 מ""ל",false,12,55.90,7.4533,true,1,189691
7290008679411,false,כפפות לבית ולמטבח קט,קריות זול,,כפפות לבית ולמטבח,Unknown,0.00,Unknown,false,1,4.90,0.0000,true,1,103313
7290008679442,false,כפפות רגישות במיוחד,קריות זול,,כפפות רגישות במיוחד,Unknown,0.00,Unknown,false,1,4.90,0.0000,true,1,103316
7290008693134,false,מעדן גבינה ויוגורט בטעם תות 5% שומן 88 ג' דניאלה,"שטראוס בריאות בע""מ",IL,דניאלה תות,גרמים,88.00,100 גרם,false,1,4.10,4.6591,true,1,103332
7290008745239,false,תפוצ'יפס אקסטרא טבעי 50 ג',"שטראוס פריטו ליי בע""",IL,"תפוצ""יפס אקסי טבעי 50גר",גרמים,50.00,100 גרם,false,1,3.90,7.8000,true,1,103341
7290008747547,false,תפוצ'יפס אקסטרא 200גר טבעי,"שטראוס פריטו ליי בע""",IL,"תפוצ""יפס 200 גר""",גרמים,200.00,100 גרם,false,1,10.90,5.4500,true,1,103348
7290008752244,false,תפוצ'יפס אקסטרא גריל 50 גרם,"שטראוס פריטו ליי בע""",IL,"תפוצ""יפס אקסטרה גריל",גרמים,50.00,100 גרם,false,1,3.90,7.8000,true,1,103360
7290008753111,false,תפוציפס קראנץ מקסיקנ,"שטראוס פריטו ליי בע""",IL,"תפוצ""יפס מקסיקני 50",גרמים,50.00,100 גרם,false,1,3.90,7.8000,true,1,103362
7290008753364,false,דוריטוס גריל עלית 55 ג',שטראוס פריטו ליי בע,IL,"דוריטוס גליל 55 גר""",גרמים,55.00,100 גרם,false,1,3.20,5.8182,true,1,103364
7290008753371,false,דוריטוס נאצו מקסיקני 55ג',STRAUSS-ISRAEL,,דוריטוס נאצו 55 גר,גרמים,55.00,100 גרם,false,48,3.20,5.8182,true,1,103365
7290008753388,false,דוריטוס טבעי עלית 55 ג',שטראוס פריטו ליי בע,IL,"דוריטוס טבעי 55 גר""",גרמים,55.00,100 גרם,false,1,3.20,5.8182,true,1,103366
7290008754415,false,גומי מאסט בטעם ספירמינט עדין פליפטופ 28 ג' עלית,"שטראוס גרופ בע""מ",IL,מסטיק מאסט ספירמינט עדין 28 גר,גרמים,28.00,100 גרם,false,16,4.50,16.0714,true,1,103373
7290008757980,false,נקטר ספרינג רימונים קרטונית 1 ל',"יפאורה תבורי בע""מ",IL,ספרינג רימונים 1 ליט,מיליליטרים,1000.00,"100 מ""ל",false,1,6.90,0.6900,true,1,103386
7290008775816,false,ערגליות שוקו חדש12*300גרם 2020,מיוצר עי קונדיטוריית,IL,ערגליות שוקו 300 גר,גרמים,300.00,100 גרם,false,12,9.90,3.3000,true,1,103390
7290008775823,false,ערגליות תות חדש12*300גרם 2020,מיוצר עי קונדיטוריית,IL,ערגליות תות שדה 300,גרמים,300.00,100 גרם,false,12,9.90,3.3000,true,1,103391
7290008801119,false,סלקטד סוביניון בלאן כרמל 750 מל,אגודת הכורמים הקואופ,IL,סוביניון בלאן לבן יבש,מיליליטרים,750.00,"100 מ""ל",false,1,29.90,3.9867,true,1,103403
7290008801157,false,מרלו סלקטד כרמל מזרחי 750 מל,קריות זול,IL,יין מרלו אדום יבש 75,מיליליטרים,750.00,"100 מ""ל",false,1,29.90,3.9867,true,1,103404
7290008801522,false,"יין קינג דיויד קונקורד אדום 750 מ""ל",אגודת הכורמים הקואופ,IL,יין קונקורד אדום מתו,מיליליטרים,750.00,"100 מ""ל",false,1,22.90,3.0533,true,1,103410
7290008801843,false,"יין סלקטד קברנה סובניון 750מ""ל","כד בני דרום בע""מ",IL,יין קברנה סוביניון סלקטד 750 מל,מיליליטרים,750.00,"100 מ""ל",false,1,29.90,3.9867,true,1,103413
7290008801850,false,"יין סלקטד אמרלד ריזלינג 750מ""ל",אגודת הכורמים הקואופ,IL,אמרלד ריזלינג לבן חצ,מיליליטרים,750.00,"100 מ""ל",false,1,29.90,3.9867,true,1,103414
7290008802291,false,"יין מרלו פרייוט קולקשן 750 מ""ל",אגודת הכורמים הקואופ,IL,יין מרלו אדום יבש 75,מיליליטרים,750.00,"100 מ""ל",false,1,39.90,5.3200,true,1,103415
7290008802895,false,יין קברנה סוביניון פרייוט קולקשן,אגודת הכורמים הקאופו,IL,יין קברנה סובניון אד,מיליליטרים,750.00,"100 מ""ל",false,1,39.90,5.3200,true,1,103418
7290008804189,false,יין קברנה סוביניון הסדרה האזורית גליל עליון,אגודת הכורמים הקואופ,IL,יין אדום יבש קברנה ס,מיליליטרים,750.00,"100 מ""ל",false,1,59.90,7.9867,true,1,103425
7290008804462,false,יין פרייבט קולקשן מו,אגודת הכורמים הקואופ,IL,יין מוסקט קינוח לבן,מיליליטרים,500.00,"100 מ""ל",false,1,39.90,7.9800,true,1,103435
7290008805520,false,"יין סלקטד קברנה מרלו 750מ""ל","כד בני דרום בע""מ",IL,יין קברנה מרלו אדום,מיליליטרים,750.00,"100 מ""ל",false,1,29.90,3.9867,true,1,103447
7290008805964,false,"יין קברנה שיראז אזורית 750 מ""ל",אגודת הכורמים הקואופ,IL,יין אדום יבש קברנה ש,מיליליטרים,750.00,"100 מ""ל",false,1,59.90,7.9867,true,1,103449
7290008806985,false,נישנושים גלידה שוקו וניל בציפוי שוקולד 60 יח' קרמיסימו,שטראוס גלידות,IL,נשנושים שוקו וניל 60,גרמים,630.00,100 גרם,false,1,44.90,7.1270,true,1,103481
7290008807012,false,יין בינימינה טבע מוס,אליעז בנימינה,IL,"יין ""טבע"" מוסקט חצי",מיליליטרים,750.00,"100 מ""ל",false,1,24.90,3.3200,true,1,103482
7290008807029,false,יין טבע אמרלד רזלינג,אליעז בנימינה,IL,יין בנימינה אמרלד ריזלינג 750 מל,מיליליטרים,750.00,"100 מ""ל",false,1,24.90,3.3200,true,1,103483
7290008841030,false,פלפל שחור טחון 100 ג' זארובי,,,פלפל שחור טחון 100 ג,גרמים,100.00,100 גרם,false,1,9.90,9.9000,true,1,103534
7290008841047,false,כמון טחון קטן 100 ג' זארובי,,,"כמון טחון 100 ג""ר",גרמים,100.00,100 גרם,false,1,9.90,9.9000,true,1,103535
7290008841221,false,ציפורן שלם במטחנה זכוכית 40 ג' זארובי,,,ציפורן שלם ב מטחנה 40 גר,גרמים,40.00,100 גרם,false,1,9.90,24.7500,true,1,103552
7290008841603,false,עלי דפנה שקית 60 ג' זארובי,,,"עלי דפנה 60 ג""ר",גרמים,60.00,100 גרם,false,1,9.90,16.5000,true,1,103574
7290008841634,false,קשיו חריף מתוק קופסא,,,קשיו חריף מתוק קופסא 200 גר,גרמים,200.00,100 גרם,false,1,17.90,8.9500,true,1,206993
7290008841689,false,תבלין עוף 100 ג' זארובי,,,"תבלין לעוף 100 גר""",גרמים,100.00,100 גרם,false,1,9.90,9.9000,true,1,132418
7290008841887,false,קשיו קלוי קופסא 180,,,קשיו קלוי קופסא 180 גר,גרמים,180.00,100 גרם,false,1,14.90,8.2778,true,1,207204
7290008841894,false,אגוז מלך 250 גר,,,אגוז מלך 250 גר,גרמים,250.00,100 גרם,false,1,19.90,7.9600,true,1,209246
7290008841917,false,פלפל מתוק שלם 100 גר,,,פלפל מתוק שלם 100 גר,גרמים,100.00,100 גרם,false,1,9.90,9.9000,true,1,103585
7290008921015,false,יין תישבי קברנה סירה,"יקבי הבארון בע""מ",,יין קברנה סירה,מיליליטרים,750.00,"100 מ""ל",false,1,39.90,5.3200,true,1,103636
7290008921053,false,יין תישבי אדום סגול,"יקבי הבארון בע""מ",,"יין סוביניון בלאן 750 מ""ל",מיליליטרים,750.00,"100 מ""ל",false,1,39.90,5.3200,true,1,183731
7290008921169,false,יין תשבי קברנה סובינ,"יקבי הבארון בע""מ",,יין אדום יבש קברנה ס,מיליליטרים,750.00,"100 מ""ל",false,1,44.90,5.9867,true,1,103639
7290008921176,false,יין תשבי ויניארדס מר,"יקבי הבארון בע""מ",,מרלו אדום יבש,מיליליטרים,750.00,"100 מ""ל",false,1,44.90,5.9867,true,1,103640
7290008921190,false,יין אמרלד ריזלינג וי,יושלם,,יין ריזלינג 0.75 ל,מיליליטרים,750.00,"100 מ""ל",false,1,39.90,5.3200,true,1,103642
7290008921251,false,יין קברנה פרנק 750 מ,יושלם,,יין קברנה פרנק 750מל,מיליליטרים,750.00,"100 מ""ל",false,1,44.90,5.9867,true,1,147054
7290008921299,false,יין תישבי פטיט ורדו,,,יין תישבי פטיט ורוד 750מל,מיליליטרים,750.00,"100 מ""ל",false,1,44.90,5.9867,true,1,150590
7290008921572,false,יין ויוניה גוורצטרמי,יקבי תישבי,,"יין ויוניה גוורצטרמינר 750 מ""ל",מיליליטרים,750.00,"100 מ""ל",false,1,39.90,5.3200,true,1,193913
7290008940214,false,גבינת צדר אנגלי כתום,,,גבינת צדר אנגלי כתום 200 גר,גרמים,200.00,100 גרם,false,1,17.90,8.9500,true,1,210433
7290008940221,false,גבינת צדר אנגלי לבן,,,גבינת צדר אנגלי לבן 200 גר,גרמים,200.00,100 גרם,false,1,17.90,8.9500,true,1,210434
7290008961110,false,בשר בקר במיץ טבעי 40,פרוטרי,,בשר בקר במיץ טבעי 40,גרמים,400.00,100 גרם,false,1,21.90,5.4750,true,1,103653
7290008961127,false,טושונקה רוסי 400 גר,גוד פוד ג'.א'.ג'י. ב,,טושונקה רוסי 400גר,גרמים,400.00,100 גרם,false,1,21.90,5.4750,true,1,105021
7290008961134,false,קונפיטורה תות שדה 1.,,UA,לשון בקר פיטריות,קילוגרמים,1.25,"ק""ג",false,1,37.90,30.3200,true,1,155363
7290008961141,false,קונפיטורה משמש 1.25,,UA,טושונקה חזיר,קילוגרמים,1.25,"ק""ג",false,1,37.90,30.3200,true,1,155364
7290008961158,false,קונפיטורה דובדבן 1.2,,,טושונקה עם אפונה,קילוגרמים,1.25,"ק""ג",false,1,37.90,30.3200,true,1,155365
7290008961165,false,קונפיטוקה דובדבנים ל,,UA,טושונקה עם שעועי,קילוגרמים,1.25,"ק""ג",false,1,37.90,30.3200,true,1,132508
7290008961172,false,קונפיטורה דובדבנים מ,,UA,"קונפיטורה דובדבנים מתוקים 1.25 ק""ג",קילוגרמים,1.25,"ק""ג",false,1,37.90,30.3200,true,1,186478
7290008961271,false,בשר בקר עם כוסמת 400,פרוטרי,,בשר בקר עם כוסמת,גרמים,400.00,100 גרם,false,1,19.90,4.9750,true,1,103654
7290008961370,false,עגבניות מוחמצות פוסו,,,עגבניות מוחמצות פוסולסקי דבור 650 גר,גרמים,650.00,100 גרם,false,1,8.90,1.3692,true,1,206136
7290008961387,false,עגבניות שלמות במיץ ע,,,עגבניות שלמות במיץ עגבניות פ דבור 650 גר,גרמים,650.00,100 גרם,false,1,8.90,1.3692,true,1,206137
7290008961493,false,ריבה אוכמניות שחורות,,UA,סגושונקה ריבת חלב 70,קילוגרמים,1.25,"ק""ג",false,1,37.90,30.3200,true,1,132513
7290008961561,false,קוואקר 500 גר,פרוטרי,,"קוואקר 500 ג""ר",גרמים,500.00,100 גרם,false,1,7.90,1.5800,true,1,103659
7290008961585,false,כוסמת פוסולסקי דבור,סנקי,,כוסמת פוסולסקי דבור 800 גר,גרמים,800.00,100 גרם,false,1,12.90,1.6125,true,1,167094
7290008975780,false,מזון לכלבים מגזע קטן,קריות זול,FR,"בונזו בשר 3 ק""ג",קילוגרמים,3.00,"ק""ג",false,1,49.90,16.6333,true,1,103684
7290010018062,false,טושונקה בקר במיץ טבע,,,טושונקה בקר במיץ טבעי 400 גר,גרמים,400.00,100 גרם,false,1,19.90,4.9750,true,1,144390
7290010018239,false,טושונקה עם כוסמת 400,,,טושונקה עם כוסמת 400 גר,גרמים,400.00,100 גרם,false,1,18.90,4.7250,true,1,186322
7290010018543,false,טושונקה בטעם כפרי 40,,,טושונקה בטעם כפרי 400 גר,גרמים,400.00,100 גרם,false,1,19.90,4.9750,true,1,132646
7290010051557,false,בצל ירוק,,,בצל ירוק,Unknown,0.00,Unknown,false,1,4.90,0.0000,true,1,177655
7290010051595,false,חסה לבבות קיסר,,,חסה לבבות קיסר,Unknown,0.00,Unknown,false,1,8.90,0.0000,true,1,177671
7290010065295,false,פרינוק - מחית תפוחי עץ ובננה 130 גרם,פרינוק,CZ,"""פרינוק"" מחית תפוח ע",גרמים,130.00,100 גרם,false,1,4.90,3.7692,true,1,103847
7290010116980,false,אבקת שוקולית שקית עלית 850 ג',הנסיך- מפעל לייצור ט,IL,שוקולית 850 גר,גרמים,850.00,100 גרם,false,1,19.90,2.3412,true,1,103876
7290010117857,false,דוריטוס חריף אש 55 ג' עלית,STRAUSS-ISRAEL,,דוריטוס חריף אש 55 ג,גרמים,55.00,100 גרם,false,1,3.20,5.8182,true,1,103878
7290010119950,false,דוריטוס חמוץ חריף עלית 55ג',שטראוס גרופ,,דוריטוס חמוץ חריף 55,גרמים,55.00,100 גרם,false,1,3.20,5.8182,true,1,103885
7290010154005,false,סחוג תימני ירוק 250 ביטון,תבליני ביטון יוחאי,IL,סחוג תימני 250 גר,גרמים,250.00,100 גרם,false,1,13.90,5.5600,true,1,103918
7290010154678,false,אריסה מרוקאית ביטון 250 ג' ביטון,תבליני ביטון יוחאי,IL,אריסה מרוקאית 250 גר,גרמים,250.00,100 גרם,false,1,13.90,5.5600,true,1,185751
7290010154685,false,סלט שום כתוש 250 ג' ביטון יוחאי,תבליני ביטון יוחאי,IL,שום כתוש 250 גר,גרמים,250.00,100 גרם,false,1,13.90,5.5600,true,1,185752
7290010173174,false,"יין גליל אלון 750 מ""ל",יקב הרי גליל,IL,"יין גליל אלון 750 מ""ל",מיליליטרים,750.00,"100 מ""ל",false,1,54.90,7.3200,true,1,122107
7290010199891,false,"סטייל - סבון ידיים אדום 500 מ""ל משאבה - מרכז",דולפין ספא,TR,אל סבון ארומטי תה אדום 500 מל,מיליליטרים,500.00,"100 מ""ל",false,1,8.90,1.7800,true,1,103976
7290010237548,false,פפסי מקס בקבוק 500 מ``ל,טמפו משקאות בעמ,IL,פפסי מקס 0.5 ליטר,מיליליטרים,500.00,"100 מ""ל",false,1,3.90,0.7800,true,1,103981
7290010237562,false,מירינדה פלסטיק 500מל,"טמפו משקאות בע""מ",IL,מירינדה 0.5 ליטר,מיליליטרים,500.00,"100 מ""ל",false,1,3.90,0.7800,true,1,103982
7290010237685,false,"הייניקן בירה צואר ארוך 330מ""ל",טמפו משקאות בע''מ,IL,בירה הייניקן 330מל צ,מיליליטרים,330.00,"100 מ""ל",false,1,8.90,2.6970,true,1,103988
7290010237890,false,"בירה הייניקן בקבוק 500 מ""ל חוזר",טמפו משקאות בע''מ,IL,בירה היינקן בקבוק חו,מיליליטרים,500.00,"100 מ""ל",false,1,8.90,1.7800,true,1,103993
7290010259007,false,"עוגיות איטלקיות מובחרות ויליפוד 1 ק""ג",דן קייק,PT,עוגיות בישקוטים וניל,גרמים,200.00,100 גרם,false,1,6.90,3.4500,true,1,103997
7290010259359,false,וילי פוד נודלס אטר.ביצים להקפצה בדץ 200ג,פוג'יאן לונגהאי אנלי,TH,איטריות להקפצה נודלס,גרמים,200.00,100 גרם,false,1,4.90,2.4500,true,1,104002
7290010259830,false,מנת השף נודלס בסגנון סיני פיקנטי,נמצ'או(תאילנד) בעמ,TH,מנת השף מרק עם נודלס,גרמים,70.00,100 גרם,false,1,4.90,7.0000,true,1,104007
7290010259847,false,מנת השף מרק עם נודלס טעם תירס בדץ 70ג,קריות זול,TH,מנת השף מרק עם נודלס,גרמים,70.00,100 גרם,false,1,4.90,7.0000,true,1,104008
7290010259977,false,וילי פוד שמן קנולה בדץ 1ל,וילי פוד,PL,שמן קנולה 1ל,ליטרים,1.00,ליטר,false,1,10.90,10.9000,true,1,104015
7290010278916,false,בלונים מותגים שדקית 10יח',גמר,,שקית מודפס 10 יח,Unknown,0.00,Unknown,false,1,9.90,0.0000,true,1,175194
7290010300358,false,נייר אפייה 10 יח,אופל,,"נייר אפייה 10 יח""",Unknown,0.00,Unknown,false,1,2.90,0.0000,true,1,104054
7290010300365,false,מטליות מיקרופייבר מו,מ.א. מטליות,,מטליות מיקרופייבר מו,Unknown,0.00,Unknown,false,1,11.90,0.0000,true,1,104055
7290010300501,false,"סוכר חום דמררה נאמן 1 ק""ג",ר.ס.,,"סוכר חום 1ק""""ג שקית",קילוגרמים,1.00,"ק""ג",false,1,10.90,10.9000,true,1,104058
7290010300518,false,נאמן שבולת שועל שקית 500ג,ר.ס.,,קוואקר שיבולת שועל בשקית 500 גר,גרמים,500.00,100 גרם,false,1,9.90,1.9800,true,1,104059
7290010300532,false,חומץ 5% 1 ל,הילל תעשיות,,חומץ 5%,מיליליטרים,1000.00,"100 מ""ל",false,1,4.90,0.4900,true,1,104061
7290010300587,false,שומשום אלפרדו 200ג,ר.ס.,,"שומשום 200 ג""ר",גרמים,200.00,100 גרם,false,1,8.90,4.4500,true,1,104066
7290010300662,false,מיכל שקדי מרק 400 גר,"חטיפים מן הטבע בע""""מ",,מיכל שקדי מרק 400 גר,גרמים,400.00,100 גרם,false,1,12.90,3.2250,true,1,166838
7290010300778,false,"סבון נוזלי לגוף אלפא מארז 500X3מ""ל",,,"סבון נוזלי ""חלומית""",Unknown,0.00,Unknown,false,1,16.90,0.0000,true,1,104072
7290010300860,false,"אציטון אלפא 100מ""ל",מעבדות קליאו,,"אציטון 100 מ""ל",מיליליטרים,100.00,"100 מ""ל",false,1,3.90,3.9000,true,1,104077
7290010300891,false,גביעים לעוגה מס 3,התשב,,גביעים לעוגה,Unknown,0.00,Unknown,false,1,6.90,0.0000,true,1,104079
7290010328680,false,עוגה שוקולדו שוקוצ'יפ מריר ולבן אחוה 450ג',אחדות ביחר לטחינה חל,IL,עוגת אחווה שוקוציפס לבן מריר 450,גרמים,450.00,100 גרם,false,1,11.90,2.6444,true,1,150132
7290010471669,false,יוגורט תות עם קורנפלקס מצופה שוקולד ללא גלוטן 3.9%,"שטראוס בריאות בע""מ",IL,דנונה בר תות קורנפלק,גרמים,175.00,100 גרם,false,1,4.90,2.8000,true,1,104127
7290010627004,false,טחינה גולמית מסורתית ירושלים 500 ג',"בראשית ירושלים בע""מ",IL,טחינה ירושלים 500 גר,גרמים,500.00,100 גרם,false,1,13.90,2.7800,true,1,171430
7290010627844,false,טחינה גולמית שומשום מלא ירושלים 500גרם,"בראשית ירושלים בע""מ",IL,טחינה ירושלים מלא 500 גר,גרמים,500.00,100 גרם,false,1,13.90,2.7800,true,1,171429
7290010632152,false,כרית יפנית UNISUN-שלישיה,יוניסן,,שלישיית כריות יפניות,Unknown,0.00,Unknown,false,1,6.90,0.0000,true,1,104211
7290010632787,false,צימרוני אוזניים עץ 300יח',הדקלאים אגודת שיתופי,CN,צימרוני אוזניים 300,Unknown,0.00,Unknown,false,1,4.90,0.0000,true,1,104213
7290010679010,false,קוקטייל פירות ים 500,,,קוקטייל פירות ים 500,גרמים,500.00,100 גרם,false,1,28.90,5.7800,true,1,104228
7290010679027,false,טבעות קלמרי 500 גר,,,"טבעות קלמרי 500 גר""",גרמים,500.00,100 גרם,false,1,39.90,7.9800,true,1,104229
7290010679546,false,דג קט פיש מצופה פירו,אקוואטיק,,דג קט פיש מצופה פירורי לחם 400 גר,גרמים,400.00,100 גרם,false,1,21.90,5.4750,true,1,169042
7290010679935,false,פילה דג בסה 1 קג,,,פילה דג בסה 1 קג,קילוגרמים,1.00,"ק""ג",false,1,29.90,29.9000,true,1,125355
7290010701131,false,גפילטע פיש 400 גר,,,גפילטע פיש 400 גר,גרמים,400.00,100 גרם,false,1,25.90,6.4750,true,1,145193
7290010701353,false,רגל קרושה 400 גר,,,"רגל קרושה 400 גר""",גרמים,400.00,100 גרם,false,1,26.90,6.7250,true,1,104244
7290010701360,false,עוף קרוש 400 גר,,,עוף קרוש 400 גרי,גרמים,400.00,100 גרם,false,1,26.90,6.7250,true,1,104245
7290010701384,false,רגל קרושה מעורבת 400,,,רגל קרושה מעורבת 400,גרמים,400.00,100 גרם,false,1,26.90,6.7250,true,1,104247
7290010701407,false,ממרח כבד עוף 220 גר,,,ממרח כבד עוף 220 גר,גרמים,220.00,100 גרם,false,1,16.90,7.6818,true,1,104249
7290010701551,false,נקניקיות עוף 1 קג,,,נקניקיות עוף 1 קג,קילוגרמים,1.00,"ק""ג",false,1,25.90,25.9000,true,1,209047
7290010701599,false,טושונקה בשר לבן 340,VELES,,טושונקה בשר לבן 340 גר,גרמים,340.00,100 גרם,false,1,21.90,6.4412,true,1,144340
7290010701605,false,טושונקה בשר בקר 340,VELES,,טושונקה בשר בקר 340 גר,גרמים,340.00,100 גרם,false,1,21.90,6.4412,true,1,144341
7290010701636,false,פטה כבד עוף נקניק 20,,,פטה כבד עוף נקניק 210 גר,גרמים,200.00,100 גרם,false,1,12.90,6.4500,true,1,185692
7290010701704,false,נקניק דוקטורסקיה 450,,,נקניק דוקטורסקיה 450 גר,גרמים,450.00,100 גרם,false,1,22.90,5.0889,true,1,209048
7290010701711,false,ממרח כבד ביתי 200 גר,,,ממרח כבד ביתי 210 גר,גרמים,200.00,100 גרם,false,1,12.90,6.4500,true,1,185691
7290010701902,false,ממרח כבד בקר נקניק 2,,,ממרח כבד בקר נקניק 210 גר,גרמים,200.00,100 גרם,false,1,12.90,6.4500,true,1,185693
7290010701919,false,פטה כבד צרפתי ביין ל,,,פטה כבד צרפתי ביין לבן 180 גר,גרמים,180.00,100 גרם,false,1,22.90,12.7222,true,1,185690
7290010766956,false,אוליביה ממרח פלפלים מתוקים אדומים 180 גר,אוליביה,IL,ממרח פלפלים קלויים אוליביה 180 גר,גרמים,180.00,100 גרם,false,1,12.90,7.1667,true,1,202043
7290010791538,false,שימורי עוף גורמה לה קט 85 ג',מנדלז סי.אר. פרודקשן,TH,לה קט דליקטס עוף גורמה 85 גר,גרמים,85.00,100 גרם,false,1,5.90,6.9412,true,1,167049
7290010791545,false,שימורי כבד גורמה להקט 85 ג',"הייקיו, תאילנד",TH,לה קט דליקטס פטה כבד עוף 85 גר,גרמים,85.00,100 גרם,false,1,5.90,6.9412,true,1,167051
7290010791552,false,שימורי טונה גורמה לה קט 85 ג',"הייקיו, תאילנד",TH,לה קט דליקטס טונה ברוטב 85 גר,גרמים,85.00,100 גרם,false,1,5.90,6.9412,true,1,167053
7290010791576,false,מזון חתולים דליקטס מ,"הייקיו, תאילנד",TH,לה קט דליקטס דגי אוקינוס 85 גר,גרמים,85.00,100 גרם,false,1,5.90,6.9412,true,1,167052
7290010791583,false,מזון חתולים דליקטס א,מנדלז סי.אר. פרודקשן,TH,לה קט דליקטס דגי אוקינוס וטונה 85 גר,גרמים,85.00,100 גרם,false,1,5.90,6.9412,true,1,167050
7290010838219,false,ממתיק על בסיס צמח הסטיביה - שקיות,תות ממתקי איכות,IL,מרמולייט סטיביה 100 שקיות,Unknown,0.00,Unknown,false,1,29.90,0.0000,true,1,183095
7290010883356,false,כפפות אלוורה רב שימושיות מרופדות גדול L,סנו סושי,CN,סנו סושי זוג כפפות א,Unknown,0.00,Unknown,false,1,9.90,0.0000,true,1,104352
7290010883370,false,כפפות אלוורה רב שימושיות מרופדות בינוני M,האי נאם סי או אל.טי.,CN,סנו סושי זוג כפפות א,Unknown,0.00,Unknown,false,1,9.90,0.0000,true,1,104354
7290010886210,false,"סט 4 זיקוק עבה צבועני 18 ס""מ",,,סט 4 זיקוק עבה צבעוני 18סמ,יחידה,1.00,יחידה,false,1,14.90,14.9000,true,1,149558
7290010903801,false,אצבעות שניצל בציפוי,,,אצבעות שניצל בציפוי שוםשום 1 קג,קילוגרמים,1.00,"ק""ג",false,1,34.90,34.9000,true,1,200060
7290010945146,false,קוטג' 3% מועשר בסידן טרה 250 ג' מהדרין,קריות זול,IL,"קוטג"" 3% מועשר 250גר",גרמים,250.00,100 גרם,false,1,6.30,2.5200,true,1,104380
7290010945306,false,חלב 3% בקרטון 2 ל' טרה,קריות זול,IL,חלב 3% בקרטון 2 ליטר,ליטרים,2.00,ליטר,false,1,12.46,6.2300,true,1,104381
7290010945450,false,טרה גבינה לבנה מהדרין 3% 250ג,קריות זול,IL,גבינה לבנה 3% 250 גר,גרמים,250.00,100 גרם,false,1,4.90,1.9600,true,1,104384
7290011017866,false,קוקה קולה קלאסי בפחית,החברה המרכזית לייצור,IL,"קוקה קולה פח 330 מ""ל",מיליליטרים,330.00,"100 מ""ל",false,1,4.90,1.4848,true,1,119628
7290011017873,false,"קוקה קולה זירו פחית 330 מ""ל",החברה המרכזית לייצור,IL,קוקה קולה זירו פחי 330 מל,מיליליטרים,330.00,"100 מ""ל",false,1,4.90,1.4848,true,1,119521
7290011017880,false,דיאט קוקה קולה פחית סליק 330מל,החברה המרכזית לייצור,IL,דייאט קוקה קולה פחי 330 מל,מיליליטרים,330.00,"100 מ""ל",false,1,4.90,1.4848,true,1,119520
7290011018443,false,"פנטה אורנג פחית סליק 330 מ""ל",החברה המרכזית לייצור,IL,סליק פאנטה אורג 330מל,מיליליטרים,330.00,"100 מ""ל",false,1,4.90,1.4848,true,1,150022
7290011018924,false,דיאט קוקה קולה פרידג'פק סליק 6*330מל,החברה המרכזית לייצור,IL,קוקה קולה דיאט פח 330 מל מארז שישייה,מיליליטרים,1980.00,"100 מ""ל",false,1,23.90,1.2071,true,1,146719
7290011081492,false,גלידה בטעם שלושה שוקולדים 1.33ל' קרמיסימו,"גלידת שטראוס בע""מ, ר",IL,קרמיסימו שלושה שוקול,ליטרים,1.33,ליטר,false,1,18.90,14.2105,true,1,104490
7290011081690,false,קרמיסימו פרווה שוקו ציפ+וניל ציפ 1.33ל,קריות זול,IL,קרמיסימו פרווה וניל,ליטרים,1.33,ליטר,false,1,18.90,14.2105,true,1,104493
7290011090340,false,בייבי מיקס 120 גר,,,בייבי מיקס,גרמים,120.00,100 גרם,false,1,6.90,5.7500,true,1,177662
7290011090418,false,בזיליקום 40 גר,,,בזיליקום,גרמים,40.00,100 גרם,false,1,4.90,12.2500,true,1,177665
7290011090463,false,רוזמרין 40 גר,,,רוזמרין,גרמים,40.00,100 גרם,false,1,4.90,12.2500,true,1,177666
7290011090494,false,חמציץ,,,חמציץ,Unknown,0.00,Unknown,false,1,9.90,0.0000,true,1,177670
7290011090746,false,תרד 120 גר,,,תרד,גרמים,120.00,100 גרם,false,1,7.90,6.5833,true,1,177663
7290011090913,false,פלפל צילי,,,פלפל צילי,Unknown,0.00,Unknown,false,1,6.90,0.0000,true,1,199463
7290011090920,false,כרוב סיני,,,כרוב סיני,Unknown,0.00,Unknown,false,1,6.90,0.0000,true,1,177674
7290011094874,false,חסה לבבות שקית,,,חסה לבבות שקית,Unknown,0.00,Unknown,false,1,7.90,0.0000,true,1,177672
7290011126209,false,תה הגן הקסום תפוח וקינמון - סיידר 25 שקיקים,קריות זול,IL,"""הגן הקסום"" תפוח וקי",גרמים,68.00,100 גרם,false,1,17.90,26.3235,true,1,104539
7290011132583,false,"פפסי מקס ליים 500 מ""ל מארז שישייה","טמפו משקאות בע""מ",IL,פפסי מקס 500 מל שישייה,מיליליטרים,3000.00,"100 מ""ל",false,1,20.90,0.6967,true,1,104585
7290011142001,false,לחם שיפון 550 גר,מאפיית דואט,,"לחם ""דואט""",גרמים,550.00,100 גרם,false,1,13.90,2.5273,true,1,104603
7290011142025,false,לחם שיפון כפרי 600 ג,מאפיית דואט,,"לחם שיפון ""אוקראינסק",גרמים,600.00,100 גרם,false,1,13.90,2.3167,true,1,104605
7290011142032,false,לחם אוקראינסקי 630 ג,מאפיית דואט,,"לחם שיפון ""בורודינסק",גרמים,630.00,100 גרם,false,1,13.90,2.2063,true,1,104606
7290011142049,false,לחם ביתי עם סובין לל,מאפיית דואט,,"לחם ""לבריאות""",גרמים,630.00,100 גרם,false,1,14.90,2.3651,true,1,104607
7290011142070,false,לחם שיפון מחמצת 600,מאפיית דואט,,לחם בטעמים,גרמים,600.00,100 גרם,false,1,14.90,2.4833,true,1,104610
7290011142087,false,לחם שיפון בלורוסקי 6,מאפיית דואט,,לחם,גרמים,600.00,100 גרם,false,1,15.90,2.6500,true,1,104611
7290011142148,false,לחמניות עם שומשום 45,מאפיית דואט,,לחמים/לחמניות,גרמים,450.00,100 גרם,false,1,13.90,3.0889,true,1,104614
7290011142193,false,לחמניות מתוקות 400 ג,מאפיית דואט,,לחמניות מתוקות,גרמים,400.00,100 גרם,false,1,13.90,3.4750,true,1,104619
7290011142315,false,לחם מרוקאי מסורתי,מאפיית דואט,,פרנה,גרמים,550.00,100 גרם,false,1,15.90,2.8909,true,1,120382
7290011142322,false,פיתה בחבילה 10 יח,מאפיית דואט,,פיתה 10 יח,גרמים,1000.00,100 גרם,false,1,14.90,1.4900,true,1,122766
7290011142339,false,פיתה תימני 5 יח,מאפיית דואט,,פיתה תימני 5 יח,Unknown,0.00,Unknown,false,1,8.90,0.0000,true,1,122767
7290011142407,false,"לחם שבע דגנים 1100 ג""ר",מאפיית דואט,,לחם שבע דגנים 1.1קג,קילוגרמים,1.10,"ק""ג",false,1,18.90,17.1818,true,1,149895
7290011142445,false,לחם כוסמין 620 גר,,,לחם כוסמין 600 גר,גרמים,620.00,100 גרם,false,1,16.90,2.7258,true,1,183962
7290011142650,false,לחם שיפון 100% 900 גר',,,לחם שיפון 100% 900 גר,גרמים,900.00,100 גרם,false,1,17.90,1.9889,true,1,179282
7290011142827,false,פיתה כוסמין 500 גר,,,פיתה כוסמין 500 גר,גרמים,500.00,100 גרם,false,1,16.90,3.3800,true,1,188746
7290011142834,false,פיתה קמח מלא 10 יח',,,פיתה חיטה 500 גר,גרמים,500.00,100 גרם,false,1,15.90,3.1800,true,1,188747
7290011174866,false,צ'יפס בטטה 700 ג' פרי הגליל,פרי הגליל,IL,ציפס בטטה פרי הגליל 700 גר,גרמים,700.00,100 גרם,false,1,15.90,2.2714,true,1,175815
7290011194215,false,מעדן גבינה ויוגורט בטעם בננה 5% שומן 88 ג' דניאלה,"שטראוס בריאות בע""מ",IL,דניאלה בננה,גרמים,88.00,100 גרם,false,1,4.10,4.6591,true,1,104666
7290011194246,false,קוטג שטראוס 5% עם סידן 250ג,מיוצר עי קונדיטוריית,IL,"קוטג"" 5% עם סידן 250",גרמים,250.00,100 גרם,false,1,6.00,2.4000,true,1,104667
7290011223038,false,עלים לקרמשניט - בונומי 300גרם,בונומי ס.פ.א,IT,עלים לעוגת קרמשניט ו,גרמים,300.00,100 גרם,false,1,15.90,5.3000,true,1,104681
7290011223045,false,בונומי בישקוטים 200 גרם,בונומי ס.פ.א,IT,בישקוטים 200 גרם,גרמים,200.00,100 גרם,false,1,6.90,3.4500,true,1,104682
7290011379018,false,פטריות טריות מיקס מרינה זוגי 250X2ג',"מרינה פטריות הגליל בע""מ",IL,פטריות מארז צמד חמד,Unknown,0.00,Unknown,false,1,15.50,0.0000,true,1,104777
7290011402129,false,ציפס פלחים 1 קג,,,ציפס פלחים 1 קג,קילוגרמים,1.00,"ק""ג",false,1,12.90,12.9000,true,1,203342
7290011438142,false,"משקה יטבתה אייס קפה בבקבוק אישי 350 מ""ל",שטראוס גרופ,IL,אייס קפה בבקבוק 350,מיליליטרים,350.00,"100 מ""ל",false,1,6.60,1.8857,true,1,104798
7290011447281,false,תרכובת מזון המשך לפעוטות שלב 2 חלבי,מטרנה תעשיות ש.מ,IL,מטרנה חלבי שלב 2 700,גרמים,700.00,100 גרם,false,1,49.90,7.1286,true,1,104816
7290011447304,false,תרכובת מזון המשך לפעוטות שלב 3 חלבי,מטרנה תעשיות ש.מ,IL,מטרנה חלבי שלב 3 700,גרמים,700.00,100 גרם,false,1,49.90,7.1286,true,1,104818
7290011499105,false,בולגרית מסורתית 5% 250 גרם -רבנות,ג'נרל מילס סאן אדריא,IL,בולגרית בגביע 5% 250גר,גרמים,250.00,100 גרם,false,1,22.90,9.1600,true,1,104862
7290011499129,false,בולגרית מעודנת קוביות קטנות 5% 200 גרם - רבנות,קוד יצרן DSH,IL,קוביות בולגרית 5% 200גר,גרמים,200.00,100 גרם,false,1,21.90,10.9500,true,1,104863
7290011499327,false,גבינה בולגרית מעודנת 5% 250 גרם - רבנות,מיוצר על ידי DSH עבו,IL,בולגרית מעודנת 5% 250גר,גרמים,250.00,100 גרם,false,1,22.90,9.1600,true,1,133926
7290011499341,false,קשקבל בוואקום 26% 200 גרם - רבנות,הנסיך- מפעל לייצור ט,IL,קשקבל ארוז 22% 250 ג,גרמים,200.00,100 גרם,false,1,26.90,13.4500,true,1,133928
7290011499365,false,גד חלומי 24% 200 גרם רובין,"מחלבות גד בע""מ",IL,גבינה חלומי 24% 200גר,גרמים,200.00,100 גרם,false,1,21.90,10.9500,true,1,104867
7290011499419,false,גבינה במרקם שמנת בטעם טבעי 5% ניו יורק,מחלבות גד,IL,קרם שמנת טבעי ניו יורק 5% 200 גרם,גרמים,200.00,100 גרם,false,1,13.90,6.9500,true,1,104868
7290011499624,false,שמנת 30% ניו יורק טבעי 200 גרם רבנות,מחלבות גד,IL,שמנת טבעית 30% 200גר,גרמים,200.00,100 גרם,false,1,13.90,6.9500,true,1,148515
7290011505073,false,מטלית הפלא 5 UNISUN יחידות ענק,יוניסן,,"מטלית הפלא ""יוניסאן""",Unknown,0.00,Unknown,false,1,22.90,0.0000,true,1,104872
7290011505141,false,מטלית הפלא לרצפות 2יח' ענק,יוניסן,,מטלית הפלא לריצפה 2,Unknown,0.00,Unknown,false,1,22.90,0.0000,true,1,104874
7290011505493,false,כפות מהודר עבה במיוח,הוסטס,,"כפות חד פעמי 50 יח""",Unknown,0.00,Unknown,false,1,8.90,0.0000,true,1,104881
7290011505509,false,מזלגות מהודר עבה במי,הוסטס Hostess,,מזלגות חד פעמי 50 יח,Unknown,0.00,Unknown,false,1,8.90,0.0000,true,1,104882
7290011505516,false,סכין מהודר עבה במיוחד 50 יחידות הוסטס,הוסטס Hostess,,סכינים חד פעמי 50 יח,Unknown,0.00,Unknown,false,1,8.90,0.0000,true,1,104883
7290011505806,false,קיסמי שיניים דנטאליים מפלסטיק 200 יחידות בחבית,הוסטס Hostess,,קיסמי שיניים דנטאליים,Unknown,0.00,Unknown,false,1,10.90,0.0000,true,1,104888
7290011515911,false,שלגונים מופחתי קלוריות בטעם ריבת חלב - 6 יח',גלידות נסטלה (נגה גל,IL,לייט ריבת חלב 6יח,גרמים,312.00,100 גרם,false,1,29.90,9.5833,true,1,147124
7290011524548,false,גרגירי חומוס 800 ג' פרי הגליל,"פרי הגליל בע""""מ",IL,גרגירי חומוס 800 גרם,גרמים,800.00,100 גרם,false,1,10.90,1.3625,true,1,104917
7290011530488,false,שייק איט יום שבת תכלת 150 גר',"הבו-קדו בע""מ",IL,שייק איט תכלת 450 גר,גרמים,450.00,100 גרם,false,1,29.90,6.6444,true,1,204215
7290011530549,false,מיקס פירות קפואים שייק איט ורוד - 3*150 ג',"הבו-קדו בע""מ",IL,שייק איט ורוד 450 גר,גרמים,450.00,100 גרם,false,1,29.90,6.6444,true,1,197946
7290011570088,false,ממרח ריבת חלב לייט ללא תוספת סוכר,Satko ltd,IL,ריבת חלב לייט ללא גלוטן 400 גר,גרמים,400.00,100 גרם,false,1,18.90,4.7250,true,1,179446
7290011587468,false,מוזלי קראנצ'י בתוספת אגוזים,ויטליה,,"מוזלי קראנצ""י עם אגו",גרמים,600.00,100 גרם,false,1,19.90,3.3167,true,1,105003
7290011587581,false,פילה אנשובי צנצנת תו,Inversiones prisco s,,פילה אנשובי צנצנת תומר 100 גר,גרמים,100.00,100 גרם,false,1,12.90,12.9000,true,1,124376
7290011587826,false,חרדל דיז'ון תומר 370ג',Covinor sas,,חרדל דיזון 370גר,גרמים,370.00,100 גרם,false,1,11.90,3.2162,true,1,145131
7290011587857,false,עגבניות מיובשות בשמן חמניות ועשבי תיבול תומר 250 ג',Sunto gida sun ve ti,,עגבניות מיובשות מתובלות 250 גר,גרמים,250.00,100 גרם,false,1,11.90,4.7600,true,1,123493
7290011587994,false,רוטב סויה 700 ג' תומר,,,"רוטב סויה 750 מ""ל",מיליליטרים,700.00,"100 מ""ל",false,1,13.90,1.9857,true,1,106035
7290011593087,false,"שמן זית כתית מעולה 750 מ""ל סבא חביב",סאן אויל עיבוד ושיוו,IL,שמן זית סבא חביב בלדי 750 מל,מיליליטרים,750.00,"100 מ""ל",false,12,29.90,3.9867,true,1,106037
7290011598211,false,"סנו - אנטי קאלק מרסס ניקוי כללי 4 ב-1 700 מ""ל",מיוצר עי קונדיטוריית,IL,סנו אנטי קאלק רב שימ,מיליליטרים,700.00,"100 מ""ל",false,1,16.90,2.4143,true,1,106042
7290011607180,false,"קולון 101 לכביסה 1.25 ק""ג",ריקט בנקיזר ( ניר אי,IL,"אבקת כביסה ""קולון 10",קילוגרמים,1.25,"ק""ג",false,1,12.90,10.3200,true,1,106047
7290011615406,false,בולגרית בקוביות בשמן ותבלינים הבולגריה 325 ג' קוליוס,"קוליוס אס. איי, גריק",GR,בולגריה בקוביות 325 גר,גרמים,325.00,100 גרם,false,1,13.90,4.2769,true,1,106067
7290011644000,false,חטיף מקלות תירס מתוקים,סנקי,,מקלות תירס מתוקים 80,גרמים,80.00,100 גרם,false,1,4.90,6.1250,true,1,106111
7290011644505,false,כבד דג שיבוט 115 גר,יאקן איאצאפי,,כבד דג שיבוט 120 גר,גרמים,115.00,100 גרם,false,24,8.90,7.7391,true,1,186079
7290011695224,false,"רוטב צ'ילי מתוק 700 מ""ל",BAAECO,,"רוטב צ""ילי מתוק 700",גרמים,700.00,100 גרם,false,1,11.90,1.7000,true,1,106129
7290011695286,false,קיסם הפלא ורוד 250 יח',YANGCHENG DILING,,"קיסם הפלא 250 ג""ר",Unknown,0.00,Unknown,false,1,10.90,0.0000,true,1,106131
7290011695385,false,"תמצית רום מהדרין 50 מ""ל",עבדו,,"תמצית רום 50 מ""ל",מיליליטרים,50.00,"100 מ""ל",false,1,3.90,7.8000,true,1,106137
7290011695408,false,ציפוי מתובל לשניצל 3,עבדו,,ציפוי מתובל לשניצל 350 גר,גרמים,350.00,100 גרם,false,1,13.90,3.9714,true,1,106139
7290011695477,false,דבש לחיץ 350 גר,מכוורת עמק חפר,,"דבש לחיץ 350 גר""",גרמים,350.00,100 גרם,false,1,23.90,6.8286,true,1,106144
7290011695484,false,מפיות אלפא רב שכבתי,נ.ש.ם,,מפיות אלפא רב שכבתי,Unknown,0.00,Unknown,false,1,6.90,0.0000,true,1,106145
7290011695576,false,רוטב סויה 700 מל,BAAECO,,"רוטב סויה 700 מ""ל",מיליליטרים,700.00,"100 מ""ל",false,1,16.90,2.4143,true,1,106149
7290011695651,false,צנימים עגולים 300 גרם,S.P.A ניולט,,צנימים עגולים 300 גר,גרמים,300.00,100 גרם,false,1,12.90,4.3000,true,1,106157
7290011695712,false,חמאת בוטנים עם שברי 510 ג' NEEMAN,SUPER NUTRI,,חמאת בוטנים קרמי/קראנצ 510 גר,גרמים,510.00,100 גרם,false,1,14.90,2.9216,true,1,177292
7290011695927,false,אלומיניום קצר 30*60.,אופל,,אלומיניום קצר 30*60.,Unknown,0.00,Unknown,false,1,29.90,0.0000,true,1,106167
7290011695958,false,"חומץ תפוחים נאמן 750 מ""ל",הילל תעשיות,,חומץ תפוחים 750 מל,מיליליטרים,750.00,"100 מ""ל",false,1,13.90,1.8533,true,1,106170
7290011765095,false,ג'ל גילוח לעור עדין אלוורה,טרופיקל דגיל תעשיות,TR,"ג""ל גילוח ""קרמה מן""",מיליליטרים,200.00,"100 מ""ל",false,1,12.90,6.4500,true,1,106177
7290011800840,false,טחינה בלאדי רפי כהן 400 ג' צבר,סלטי צבר,IL,"טחינה לבנה ""צבר"" 400",גרמים,400.00,100 גרם,false,1,15.90,3.9750,true,1,106224
7290011851606,false,סחלב תערובת הכנה 500 ג',י.כהן,,סחלב 500 גר,גרמים,500.00,100 גרם,false,1,16.90,3.3800,true,1,174661
7290011860301,false,כדורי תפוא ביסבול תפ,תפוגן,,"כדורי תפו""א ביסבול תפגון תירס 700גר",גרמים,700.00,100 גרם,false,1,15.90,2.2714,true,1,146065
7290011870256,false,AA סוללות פוגיקום 4 יחידות,פוג'יקום,CN,רביעייה סוללה אצבע פוגיקום AA,Unknown,0.00,Unknown,false,10,7.90,0.0000,true,1,195748
7290011877156,false,"מבשם אוויר, בגדים וארונות פרש בניחוח מאסק",מיוצר עי קונדיטוריית,IL,"מטהר אוויר ""סנופרש""",מיליליטרים,375.00,"100 מ""ל",false,1,10.90,2.9067,true,1,106259
7290011877859,false,סנו אינסטלטור חדש פותח סתימות 200ג',מיוצר עי קונדיטוריית,IL,סנו אינסטלטור פותח ס,גרמים,200.00,100 גרם,false,1,13.90,6.9500,true,1,106273
7290011987015,false,פילה הרינג 200 גר,,,פילה הרינג 200 גר,גרמים,200.00,100 גרם,false,,12.90,6.4500,true,1,197620
7290011987268,false,סלמון פרוס 100 גר,,,סלמון פרוס 100 גר,גרמים,100.00,100 גרם,false,1,23.90,23.9000,true,1,106357
7290011987466,false,דג סלמון 200 גר,,,סלמון פרוס 200 גרם,גרמים,200.00,100 גרם,false,1,44.90,22.4500,true,1,106360
7290011996017,false,טעם אסיה אטריות תרד 454 ג',טעמי אסיה Taste of Asia,CN,אטריות תרד 454 גר,גרמים,454.00,100 גרם,false,10,10.90,2.4009,true,1,106370
7290011996031,false,טעם אסיה אטריות בצים 454 ג',טעמי אסיה Taste of Asia,CN,אטריות ביצים 454 גר,גרמים,454.00,100 גרם,false,10,10.90,2.4009,true,1,106371
7290011996123,false,אצות ים נורי גולד 10 דפים כשר,טעמי אסיה Taste of Asia,CN,אצות נורי גולד 10 דפים,גרמים,25.00,100 גרם,false,10,12.90,51.6000,true,1,177719
7290011996185,false,"חומץ אורז לבן (לסושי) 250 מ""ל",טעמי אסיה Taste of Asia,CN,חומץ אורז לסושי 250 מל,מיליליטרים,250.00,"100 מ""ל",false,6,9.90,3.9600,true,1,106375
7290011996222,false,נוזל אגוזי קוקוס ללא,טעמי אסיה Taste of Asia,TH,חלב קוקוס 400 מל,מיליליטרים,400.00,"100 מ""ל",false,24,7.90,1.9750,true,1,106376
7290011996499,false,אטריות אורז דקות טעם וריח 400ג',fujian longhai,CN,אטריות אורז דקות 400 גר,גרמים,400.00,100 גרם,false,15,10.90,2.7250,true,1,106380
7290011996819,false,מזרח מערב אטריות שעועית 250ג,טעמי אסיה Taste of Asia,CN,אטריות שעועית סיני 250 גר,גרמים,250.00,100 גרם,false,24,7.90,3.1600,true,1,170190
7290011996888,false,רוטב טריאקי 300 כשר,קיי.אר.אס.ספייסי פוד,TH,רוטב טריאקי 300 מל,מיליליטרים,300.00,"100 מ""ל",false,6,12.90,4.3000,true,1,169699
7290012019036,false,שיני שום בצנצנת תומר 330ג',Qingdao canned foods,,שיני שום בצנצנת,גרמים,330.00,100 גרם,false,1,10.90,3.3030,true,1,106402
7290012019401,false,נקטר דובדבן 100% ליט,Aromaproduct ltd,,מיץ דובדבן 100% 1 ל,ליטרים,1.00,ליטר,false,1,18.90,18.9000,true,1,143776
7290012030413,false,ביצי שליו 20 יח,,,"ביצי שליו 20 יח""",Unknown,0.00,Unknown,false,1,21.90,0.0000,true,1,106476
7290012116025,false,שמפו פיית הפרפרים לסירוק קל מכיל רוזמרין,קוסמופארם בע''מ,IL,"שמפו לשיער ""פיות"" 75",מיליליטרים,750.00,"100 מ""ל",false,1,10.90,1.4533,true,1,106485
7290012116063,false,"כיף אל סבון פיות בתמציות קמומיל 750 מ""ל",טרופיקל דגיל תעשיות,IL,"אל סבון ""פיות"" 750 מ",מיליליטרים,750.00,"100 מ""ל",false,1,10.90,1.4533,true,1,106486
7290012117039,false,מסיר אבנית ומנקה לאמבטיה 00,סנו,IL,"סנו ""00"" לאמבטיה 1 ל",ליטרים,1.00,ליטר,false,1,7.90,7.9000,true,1,106522
7290012117275,false,נוזל רב תכליתי לניקוי ולהברקה מילוי,טרופיקל דגיל תעשיות,IL,סנוקליר שקית מילוי 7,מיליליטרים,750.00,"100 מ""ל",false,1,6.90,0.9200,true,1,106528
7290012117350,false,ריצפז פרש 2 ליטר לילך לבנדר,"סנו מפעלי ברונוס בע""",IL,ריצפז סנו פרש לילך ל,ליטרים,2.00,ליטר,false,1,17.90,8.9500,true,1,106530
7290012117916,false,סנו אינסטלאטור פותח סתימות נוזלי 1 ל',"סנו מפעלי ברונוס בע""",IL,סנו אינסטלטור נוזלי,ליטרים,1.00,ליטר,false,1,26.90,26.9000,true,1,106560
7290012139482,false,עצם לחוצה מעושנת בצי,PINGYANG LELE PET PR,CN,עצם לחוצה מעושנת בציפוי עוף בונזו גוי,גרמים,160.00,100 גרם,false,1,21.90,13.6875,true,1,179565
7290012139567,false,ביסקוויט עוף בונזו ג,Ping Yang,,ביסקוויט עוף בונזו גוי 90 גר,גרמים,90.00,100 גרם,false,1,15.90,17.6667,true,1,179564
7290012159039,false,פטריות אורניה 440 גר,דליאן,,פטריות אורניה 440 גר,גרמים,440.00,100 גרם,false,1,9.90,2.2500,true,1,166021
7290012159053,false,פטריות שיטאקי 440 גר,דליאן,,פטריות שיטאקי 440 גר,גרמים,440.00,100 גרם,false,1,9.90,2.2500,true,1,166019
7290012159060,false,פטריות נמקו 440 גר,דליאן,,פטריות נמקו 440 גר,גרמים,440.00,100 גרם,false,1,9.90,2.2500,true,1,166022
7290012159077,false,פטריות צדפה 440 גר,דליאן,,פטריות צדפה 440 גר,גרמים,440.00,100 גרם,false,1,9.90,2.2500,true,1,166020
7290012159275,false,מיונז אמיתי לינה 430,לינה,,מיונז לינה 430 גר,גרמים,430.00,100 גרם,false,1,7.90,1.8372,true,1,170262
7290012159329,false,מיונז אמיתי לינה 860,KKF,,"מיונז אמיתי ""לינה"" 860 גר",גרמים,860.00,100 גרם,false,1,14.90,1.7326,true,1,125297
7290012173059,false,מנצס 350 גר,,,"מנצ""ס 350 ג""ר",גרמים,350.00,100 גרם,false,1,10.90,3.1143,true,1,106609
7290012173189,false,אגוז פקאן 150 גר,,,אגוז פקאן 150 גר,גרמים,150.00,100 גרם,false,1,22.90,15.2667,true,1,122489
7290012173271,false,שקד טבעי 350 גר,,,שקד טבעי 350 גר,גרמים,350.00,100 גרם,false,1,28.90,8.2571,true,1,185076
7290012173318,false,תבלין פפריקה מתוקה 8,,,תבלין פפריקה מתוקה 80גר,גרמים,80.00,100 גרם,false,1,4.90,6.1250,true,1,150988
7290012173349,false,תבלין פפריקה חריפה 6,,,תבלין פפריקה חריפה 60גר,גרמים,60.00,100 גרם,false,1,4.90,8.1667,true,1,150987
7290012173455,false,תבלין לעוף 70 גר,,,תבלין לעוף 70גר,גרמים,70.00,100 גרם,false,1,4.90,7.0000,true,1,150992
7290012173615,false,פקאן סיני 150 גר,,,פקאן סיני 150 גר,גרמים,150.00,100 גרם,false,1,14.90,9.9333,true,1,119100
7290012173745,false,ארבע עונות במטחנה זכוכית 45 ג' זארובי,,,ארבע עונות במטחנה 50 גר,גרמים,50.00,100 גרם,false,1,9.90,19.8000,true,1,204401
7290012173820,false,אגוז פיסטוק 150 גר,,,אגוז פיסטוק 150 גר,גרמים,150.00,100 גרם,false,1,14.90,9.9333,true,1,146259
7290012173837,false,אגוז קשיו קלוי 170 ג,,,אגוז קשיו קלוי 170 גר,גרמים,170.00,100 גרם,false,1,14.90,8.7647,true,1,146258
7290012173882,false,גרעיני חמניות 350 גר,,,גרעיני חמניות 350 גר,גרמים,350.00,100 גרם,false,1,10.90,3.1143,true,1,148135
7290012173912,false,חמוציות 300 גר,,,חמוציות 300גר,גרמים,300.00,100 גרם,false,1,12.90,4.3000,true,1,149125
7290012173998,false,צימוק בהיר 350 גר,,,צימוק בהיר 350גר,גרמים,350.00,100 גרם,false,1,12.90,3.6857,true,1,149128
7290012193125,false,ממתיק על בסיס סוכרלוז - טבליות,מיוצר עי קונדיטוריית,CN,"סוכרלוז ""מרמולייט"" 1",Unknown,0.00,Unknown,false,1,26.90,0.0000,true,1,106622
7290012226014,false,נקניקיות וינר זוגלובק 800 גרם,נקניק נהריה כשר זוגל,,נקניקיות וינר 800 גר,גרמים,800.00,100 גרם,false,1,23.90,2.9875,true,1,106633
7290012226021,false,סלמי מעושן פראג יבש 400 ג' זוגלובק,נקניק נהריה כשר זוגל,IL,סאלמי מעושן פראג 400,גרמים,400.00,100 גרם,false,1,19.90,4.9750,true,1,106634
7290012226120,false,קבנוס זוגלובק 135גר,נקניק נהריה כשר זוגל,IL,"קבנוס 135 גר""",גרמים,135.00,100 גרם,false,1,10.90,8.0741,true,1,106638
7290012226922,false,קבנוס בטעם שום 135 ג' זוגלובק,נקניק נהריה כשר זוגל,IL,קבנוס בטעם שום 135 ג,גרמים,135.00,100 גרם,false,1,10.90,8.0741,true,1,106642
7290012226939,false,קבנוס עם צ'ילי חריף 135ג' זוגלובק,נקניק נהריה כשר זוגל,IL,"קבנוס בטעם צ""ילי 135",גרמים,135.00,100 גרם,false,1,10.90,8.0741,true,1,106643
7290012226991,false,"נקניקיות עוף באריזת ג''מבו 1.5 ק""ג זוגלובק",נקניק נהריה כשר זוגל,IL,"נקניקיות ג""מבו 1.5 ק",קילוגרמים,1.50,"ק""ג",false,1,26.90,17.9333,true,1,106649
7290012227172,false,חרמן הודו בדבש וברביקיו זוג במארז 600 ג' זוגלובק,נקניק נהריה כשר זוגל,IL,מארז פםטרמה כפרית 300גר + חרמון 300 גר,גרמים,600.00,100 גרם,false,1,26.90,4.4833,true,1,92303
7290012227325,false,סלמי דק דק מעושן איטלקי 120 ג' זוגלובק,זוגלובק,IL,סלמי מעושן איטלקי דק דק 120 גר,גרמים,120.00,100 גרם,false,1,12.90,10.7500,true,1,188500
7290012227400,false,נקניקיות עוף זוגלובק 800 גרם,נקניק נהריה כשר זוגל,,נקניקיות עוף 800 גר,גרמים,800.00,100 גרם,false,1,23.90,2.9875,true,1,123569
7290012227912,false,קבנוס עודן 135 ג' זוגלובק,זוגלובק,,קבנוס מעודן 135 גר,גרמים,135.00,100 גרם,false,1,10.90,8.0741,true,1,179276
7290012227974,false,פסטרמה הודו בדבש טהור דק דק דק,זוגלובק,IL,פסטרמה בדבש דק דק 120 גר,גרמים,120.00,100 גרם,false,1,12.90,10.7500,true,1,188502
7290012227981,false,פסטרמה דק דק ברביקיו 120 ג' זוגלובק,זוגלובק,IL,פסטרמה ברביקיו דק דק 120 גר,גרמים,120.00,100 גרם,false,1,12.90,10.7500,true,1,188503
7290012228124,false,קבנוס סטיקס עם נגיעות מלח ים סדרת ריינהולד'ס,זוגלובק,IL,קבנוס סטיקס זוגלובק 50 גר,גרמים,50.00,100 גרם,false,1,10.90,21.8000,true,1,182049
7290012228278,false,נקנקיות בוקוורסט עוף ובקר ריינהולד'ס 310 ג' זוגלובק,זוגלובק,IL,נקניקיות בוקוורסט הודו 300 גר,גרמים,300.00,100 גרם,false,1,20.90,6.9667,true,1,188506
7290012228728,false,קבנוס סטיקס בסגנון מקסיקני חריף סדרת ריינהולד'ס,זוגלובק,IL,קבנוסטיקס בטעם מקסיקני 50 גר,גרמים,50.00,100 גרם,false,1,10.90,21.8000,true,1,193512
7290012245176,false,וופל ציפס קריספי 700,אגריסטו,BE,וופל ציפס קריספי 700 גר,גרמים,700.00,100 גרם,false,1,14.90,2.1286,true,1,210493
7290012245183,false,ציפס קריספי קלאסי 70,אגריסטו,BE,ציפס קריספי קלאסי 700 גר,גרמים,700.00,100 גרם,false,1,12.90,1.8429,true,1,210495
7290012245275,false,גולד ציפס בטטה קריספ,אגריסטו,BE,גולד ציפס בטטה קריספי 1 קג,קילוגרמים,1.00,"ק""ג",false,1,29.90,29.9000,true,1,203506
7290012245312,false,"צ'יפס אמריקאי 1.5 ק""ג גולד שארית",יוליניבר,BE,"ציפס אמריקאי גולד 1.5 ק""ג",קילוגרמים,1.50,"ק""ג",false,1,19.90,13.2667,true,1,196212
7290012245336,false,"גולד צ'יפס סטייק 1.5 ק""ג גולד שארית",אגריסטו,NL,"סטייק ציפס גולד 1.5 ק""ג",קילוגרמים,1.50,"ק""ג",false,1,19.90,13.2667,true,1,196214
7290012251146,false,מיני סרוולט קופצסקי,ישרקו שיווק מותגי מז,,מיני סרוולט קופציסקי 280 גר,גרמים,280.00,100 גרם,false,1,31.90,11.3929,true,1,150413
7290012251160,false,מיני סרוולט קרמליובס,ישרקו שיווק מותגי מז,,מיני סרוולט קרמליובסקי 360גר,גרמים,360.00,100 גרם,false,1,35.90,9.9722,true,1,150412
7290012251177,false,מיני סרוולט איטלקי 4,ישרקו שיווק מותגי מז,,מיני סרוולט איטלקי 400גר,גרמים,400.00,100 גרם,false,1,49.90,12.4750,true,1,150411
7290012251498,false,שרימפס מקולף 41-50 5,,,שרימפס מקולף 41/50 500גר,גרמים,500.00,100 גרם,false,1,39.90,7.9800,true,1,146478
7290012306204,false,אורז עגול לפלוב 1 קג,,,"אורז עגול לפלוב 1 ק""ג",קילוגרמים,1.00,"ק""ג",false,1,19.90,19.9000,true,1,179067
7290012306440,false,אורז חיש קוריאני 1 ק,,,אורז חיש קוריאני 1 קג,קילוגרמים,1.00,"ק""ג",false,15,13.90,13.9000,true,1,201927
7290012306501,false,פריכיות כוסמת 150 גר,כל בו מכבי,,פריכיות כוסמת 150גר,גרמים,150.00,100 גרם,false,1,13.90,9.2667,true,1,147596
7290012306532,false,פריכיות כוסמת עם מלח,כל בו מכבי,,פריכיות כוסמת עם מלח 150גר,גרמים,150.00,100 גרם,false,1,13.90,9.2667,true,1,150212
7290012313394,false,קוביות מלפפונים במלח 560ג' יבנה,,,מלפפון קוביות במלח 560 גר,גרמים,560.00,100 גרם,false,1,4.90,0.8750,true,1,209057
7290012313554,false,עלי גפן ממולא 400 גרםיבנה,קדבורי,IL,עלי גפן ממולאים יבנה 400 גר,גרמים,400.00,100 גרם,false,1,7.90,1.9750,true,1,186573
7290012404955,false,ספרינג קולקשן נקטר חמוציות 1.25 ל',"יפאורה תבורי בע""מ",IL,נקטר ספרינג קולקשן,מיליליטרים,1250.00,"100 מ""ל",false,1,12.90,1.0320,true,1,106760
7290012576607,false,"יין פרימייר אדום קברנה סובניון ומלבק 750 מ""ל","ברקן שיווק והפצה בע""",IL,יין פרימייר קברנה סוביניון ומלבק 750מל,מיליליטרים,750.00,"100 מ""ל",false,1,27.90,3.7200,true,1,146666
7290012576614,false,יין Premieur לבן חצי יבש אמרלד ריזלינג קולומברד,יקבי ברקן שיווק והפצ,IL,יין פרימייר ריזלינג קולומברד 750מל,מיליליטרים,750.00,"100 מ""ל",false,1,27.90,3.7200,true,1,146667
7290012602627,false,דבש יערה 500 גר,,,"דבש יערה 500 גר""",גרמים,500.00,100 גרם,false,1,31.90,6.3800,true,1,151394
7290012642036,false,פסטה לה פסטה 5 ספגטי,,,ספגטי לה פסטה 400גר,גרמים,400.00,100 גרם,false,1,3.90,0.9750,true,1,148565
7290012803796,false,שוקולד חלב עם אגוזים ללא תוספת סוכר,אלטינמארקה גידה סאן,TR,טוסו שוקולד חלב עם אגוזים 100 גר,גרמים,100.00,100 גרם,false,1,10.90,10.9000,true,1,121604
7290012823381,false,מרכך כביסה מקסימה סנסיטיב מרוכז ורוד 1 ל' סנו,"סנו מפעלי ברונוס בע""",IL,"מרכך כביסה ""סנו מקסי",מיליליטרים,1000.00,"100 מ""ל",false,1,16.90,1.6900,true,1,106976
7290012823541,false,מטליות ריצפז פרש בריח לבנדר 10 יח' סנו,"סנו מפעלי ברונוס בע""",IL,ריצפז פרש מטליות ינק,Unknown,0.00,Unknown,false,1,10.90,0.0000,true,1,106978
7290012823558,false,מטליות ענק לחות לרצפה 10 יח' סנו סושי,סנו מפעלי ברונוס בעמ,IL,מטליות ענק לחות לרצפ,Unknown,0.00,Unknown,false,1,10.90,0.0000,true,1,106979
7290012823602,false,נייר טואלט סופט סילק לבן - מארז 32 גלילים,טרופיקל דגיל תעשיות,IL,נייר טואלט סופט סילק,Unknown,0.00,Unknown,false,1,32.90,0.0000,true,1,106982
7290012899591,false,מלפפון אלפא 7-9 670,,,"מלפפון ""אלפא"" 7-9 670גר",גרמים,670.00,100 גרם,false,1,7.90,1.1791,true,1,119153
7290012899607,false,מלפפון אלפא 10-12 67,,IL,"מלפפון ""אלפא"" 10.-12 670גר",גרמים,670.00,100 גרם,false,12,7.90,1.1791,true,1,119154
7290012899874,false,מלפפון אלפא בחומץ 67,,IL,מלפפון אלפא בחומץ 670 גר,גרמים,670.00,100 גרם,false,12,7.90,1.1791,true,1,198975
7290012911293,false,דפי אורז ללא גלוטן 300 ג',טעמי אסיה Taste of Asia,VN,דפי אורז 300 גר,גרמים,300.00,100 גרם,false,10,14.90,4.9667,true,1,169702
7290012911477,false,קרם קוקוס גולד 400 ג,אסיאטיק אגרו אינדסטר,TH,קרם קוקוס 400 מל,מיליליטרים,400.00,"100 מ""ל",false,24,10.90,2.7250,true,1,169703
7290012911675,false,פטריות שיטאקה מיובשות,טעמי אסיה Taste of Asia,IL,פטריות שטאקי 85 גר,גרמים,85.00,100 גרם,false,1,18.90,22.2353,true,1,178133
7290012911965,false,ג'ינג'ר לסושי ללא צבע כשר 250ג',טעמי אסיה Taste of Asia,CN,גינגיר לסושי ללא צבע 250 גר,גרמים,250.00,100 גרם,false,6,9.90,3.9600,true,1,179758
7290012938580,false,"סנסודיין משחת שיניים להלבנה עדינה 75 מ""ל",גלקסוסמית'קליין קונס,GB,משחת שיניים סנסודיין הלבנה עדינה 75 מל,מיליליטרים,75.00,"100 מ""ל",false,1,20.90,27.8667,true,1,176156
7290012962455,false,"רדיד אלומיניום עבה במיוחד 18 מיקרון 50מ'45X ס""מ",הוסטס,,רדיד אלומיניום עבה במיוחד 50מטר,יחידה,1.00,יחידה,false,1,46.90,46.9000,true,1,146892
7290012962561,false,הוסטוס קיסמי שיניים 500 יח',הוסטס Hostess,,קיסמי שיניים 500יח,יחידה,1.00,יחידה,false,1,4.90,4.9000,true,1,148458
7290012962677,false,הוסטס ניילון נצמד ללא PVC עם מתקן לחיתוך 150 מ',הוסטס,,ניילון נצמד 150מט,מטרים,150.00,מטר,false,1,29.90,0.1993,true,1,149827
7290012962974,false,כפית מהודרת עבה במיו,F.T.I,,כפיות הוסטס עבה במיוחד 50 יח,Unknown,0.00,Unknown,false,1,8.90,0.0000,true,1,168207
7290012971839,false,כוסמת עם בשר 400 גר,,,כוסמת עם בשר 400 גר,גרמים,400.00,100 גרם,false,1,14.90,3.7250,true,1,177186
7290012996450,false,הפי מרכך לכביסה מרוכז כחול 1ל',קרלו,BE,מרכך כביסה הפי מרוכז פרחי אביב 1 ל,ליטרים,1.00,ליטר,false,1,12.90,12.9000,true,1,176457
7290012996610,false,הפי טבליות לניקוי אסלה 400 ג',ג'נרל מילס סאן אדריא,DE,טבליות לניקוי אסלה 14 יח,גרמים,400.00,100 גרם,false,1,14.90,3.7250,true,1,176454
7290012996672,false,הפי סבון לאסלה מבושם זוג,יוליניבר,IT,סבון אסלה כחול צלול 55 גר זוג,גרמים,110.00,100 גרם,false,1,9.90,9.0000,true,1,176442
7290012996702,false,מגן + מבשם דוחה עש בניחוח לבנדר,יעקבי - הפי Hepi,IT,גל מגן עש לבגדים הפי 2 יח,Unknown,0.00,Unknown,false,1,11.90,0.0000,true,1,176444
7290013038432,false,מים מזוככים אקווה נובה,אקווה נובה Aqua Nova,IL,אקווה נובה 2 ליטר,מיליליטרים,2000.00,"100 מ""ל",false,1,3.90,0.1950,true,1,107090
7290013083999,false,חול יורוקיטי קריסטלי 3.8 ל',קינדאו,CN,חול קריסטלי לחתולים,ליטרים,3.80,ליטר,false,1,34.90,9.1842,true,1,107099
7290013117526,false,מעדנות בצק שמרים למאפים מתוקים 900 גרם,"מעדנות בע""מ",IL,בצק שמרים למאפים מתוקים 900 גר,גרמים,900.00,100 גרם,false,1,19.90,2.2111,true,1,107136
7290013146755,false,מימונס קצפת 24% 500,,,מימונס קצפת 24% 500 גר,גרמים,500.00,100 גרם,false,1,13.90,2.7800,true,1,204608
7290013146762,false,קצפת לזילוף 24% שומן,,,מימונס קצפת 24% 200 גר,גרמים,200.00,100 גרם,false,1,6.90,3.4500,true,1,204607
7290013187215,false,פילה סלמון מנות קפוא,,,פילה סלמון מנות קפוא 800 גר,גרמים,800.00,100 גרם,false,,89.90,11.2375,true,1,205795
7290013220103,false,דובדבן קפוא 500 גרם,א.מ שרון,PL,דובדבן 500 גר,גרמים,500.00,100 גרם,false,1,19.90,3.9800,true,1,125483
7290013220110,false,פטל אדום קפוא 500 גר,,,פטל אדום קפוא 500 גר,גרמים,500.00,100 גרם,false,1,29.90,5.9800,true,1,125476
7290013220127,false,דומדמנית שחורה קפוא,א.מ שרון,PL,דומדמניות שחורות 500 גר,גרמים,500.00,100 גרם,false,1,19.90,3.9800,true,1,125485
7290013220134,false,מיקס פירות שדה קפוא,א.מ שרון,PL,מיקס פירות שדה 500 גר,גרמים,500.00,100 גרם,false,1,19.90,3.9800,true,1,125486
7290013220196,false,אוכמניות צהובות אובל,,,אוכמניות צהובות אובלפיחה 400 גר,גרמים,400.00,100 גרם,false,1,29.90,7.4750,true,1,145451
7290013220318,false,חמוצית קפוא 400 גרם,א.מ שרון,PL,חמוציות גן 400 גר,גרמים,400.00,100 גרם,false,1,24.90,6.2250,true,1,125478
7290013220486,false,תות עץ 400 גר,,,תות עץ 400 גר,גרמים,400.00,100 גרם,false,1,29.90,7.4750,true,1,209438
7290013220905,false,אוכמניות אדומות 400,,,אוכמניות אדומות 400 גר,גרמים,400.00,100 גרם,false,1,29.90,7.4750,true,1,125482
7290013220912,false,חמוציות יער 400 גר,,,חמוציות יער 400 גר,גרמים,400.00,100 גרם,false,1,29.90,7.4750,true,1,125479
7290013220929,false,אוכמניות כחולות קפוא,א.מ שרון,PL,אוכמניות כחולות 400 גר,גרמים,400.00,100 גרם,false,1,29.90,7.4750,true,1,125481
7290013220981,false,אוכמניות שחורות 400,,,אוכמניות שחורות 400 גר,גרמים,400.00,100 גרם,false,1,29.90,7.4750,true,1,125480
7290013268020,false,סנו - מקסימה מרכך כביסה מרוכז אולטרה פרש 1 ליטר,"סנו מפעלי ברונוס בע""",IL,"מרכך כביסה ""מקסימה""",מיליליטרים,1000.00,"100 מ""ל",false,1,16.90,1.6900,true,1,107272
7290013268242,false,תרכיז ריחני לניקוי רצפות בריח מלון מפנק ריצפז פרש,"סנו מפעלו ברונוס בע""",IL,ריצפז פרש הום מלון מפנק 2 ל,ליטרים,2.00,ליטר,false,8,19.90,9.9500,true,1,196253
7290013268433,false,"שמפו ומרכך לשיער לגבר 700 מ""ל קרמה",קוסמופארם,IL,"שמפו ומרכך ""קרמה מאן",מיליליטרים,700.00,"100 מ""ל",false,1,18.90,2.7000,true,1,107287
7290013268884,false,ריצפז פרש בניחוח מאסק,מיוצר עי קונדיטוריית,IL,"נוזל לניקוי רצפה ""סנ",ליטרים,2.00,ליטר,false,1,17.90,8.9500,true,1,107313
7290013268891,false,מסיר כתמים ג'ל אוקסיג'ן ללא אקונומיקה,"סנו מפעלי ברונוס בע""",IL,"סנו ג""ל ""אוקסיג""ן"" 3",ליטרים,3.00,ליטר,false,1,26.90,8.9667,true,1,107314
7290013269263,false,ג'ל כביסה מרוכז מקסימה בבישום קריסטל נואר,סנו מפעלי ברונוס בעמ,IL,"ג""ל כביסה ""מקסימה"" קריסטל 3 ל",מיליליטרים,3000.00,"100 מ""ל",false,1,28.90,0.9633,true,1,107330
7290013269287,false,סנו - מקסימה ג'ל כביסה מרוכז מאסק 3 ליטר,"סנו מפעלי ברונוס בע""",IL,"ג""ל כביסה ""מקסימה"" מאסק 3 ל",Unknown,0.00,Unknown,false,1,28.90,0.0000,true,1,122879
7290013269621,false,ריצפז פרש לניקוי רצפות בניחוח מלון בוטיק,מיוצר עי קונדיטוריית,IL,תרכיז לניקוי רצפות סנו ריצפז פרש הום 2ל,ליטרים,2.00,ליטר,false,8,19.90,9.9500,true,1,187525
7290013269638,false,ספוג הפלא אקסטרה Extra- מארז 6 יח',סנו סושי,US,"ספוג הפלא אקסטרה ""סנו סושי",Unknown,0.00,Unknown,false,1,10.90,0.0000,true,1,122822
7290013269751,false,מטליות לחותריצפז פרש לניקוי ריצפה בניחות מלון בוטיק 10 יח' סנו,טרופיקל דגיל תעשיות,IL,ריצפז מטליות לחות לניקוי הרצפה בניחוח מל,Unknown,0.00,Unknown,false,12,10.90,0.0000,true,1,187524
7290013269867,false,סנו סושי זוג מפות אירוח,מיוצר עי קונדיטוריית,IL,מפות שולחן סנו סושי זוג,Unknown,0.00,Unknown,false,1,9.90,0.0000,true,1,147524
7290013284082,false,חרוזית מושחר פריניר,פריניר,,זיתים פריניר חרוזית מושחר 560 גר,גרמים,560.00,100 גרם,false,1,9.90,1.7679,true,1,175936
7290013310118,false,"ממחטות כיס שישיה תלת שכבתי ""פנטזיה""",V.P.CO,,ממחטות כיס תלת שכבתי פנטזיה שישייה,Unknown,0.00,Unknown,false,1,5.90,0.0000,true,1,173777
7290013310163,false,מדליק פחם מוצק 40 יח' EASY LIGHT,הדקלאים אגודת שיתופי,DE,מדליק פחם מוצק איזי לייט 40יח,יחידה,1.00,יחידה,false,1,9.90,9.9000,true,1,148457
7290013310590,false,מטלית הפלא 30X30 UNISUN חמישיה,יוניסאן,,"מטלית הפלא ""יוניסאן"" חמישייה",Unknown,0.00,Unknown,false,1,11.90,0.0000,true,1,122123
7290013310675,false,מטלית הפלא לרצפות שלישיה UNISUN 50X80,יוניסן,,"מטלית הפלא לריצפה ""יוניסאן"" שלישייה",יחידה,3.00,יחידה,false,1,22.90,7.6333,true,1,120197
7290013358356,false,מאסטר שף - פירורי לחם מוזהבים 320 גרם,מנה י.א בעמ,IL,"פירורי לחם ""מנה""מוזהבים 350 גר",גרמים,320.00,100 גרם,false,1,6.90,2.1563,true,1,120470
7290013358363,false,פירורי לחם פנקו מזוהבים מאסטר שף מנה 300 ג',קריניציה ויטמינה אס,IL,"פירורי לחם ""מנה"" פנקו מוזהבים 300 גר",גרמים,300.00,100 גרם,false,1,9.90,3.3000,true,1,120471
7290013358417,false,"רוטב טיריאקי מאסטר שף אסייאתי 300 מ""ל",קריניציה ויטמינה אס,TH,רוטב טריאקי מאסטר שף 300מל,מיליליטרים,300.00,"100 מ""ל",false,1,11.90,3.9667,true,1,151441
7290013358462,false,"מיני קרוטונים למרק בתיבול שום, בצל ופטרוזיליה","עינת תעשיות מזון, אג",IL,מיני קרוטונים למרק מנה שום בצל 350גר,גרמים,350.00,100 גרם,false,1,18.90,5.4000,true,1,149914
7290013358530,false,מאסטר שף אסייאתי רוטב צ'ילי מתוק 700 מל,קריניציה ויטמינה אס,TH,רוטב צילי מתוק מאסטר שף 700מל,מיליליטרים,700.00,"100 מ""ל",false,1,12.90,1.8429,true,1,151445
7290013358547,false,מאסטר שף אסייאתי רוטב צ'ילי חריף 700 מל,קי אר אס ספייסי פוד,TH,רוטב צילי חריף מאסטר שף 700מל,מיליליטרים,700.00,"100 מ""ל",false,1,9.80,1.4000,true,1,151446
7290013361981,false,"צ'יפס קפוא פרי הגליל 2 ק""ג","פרי הגליל בע""""מ",IL,"ציפס קייטרינג ק""ג",קילוגרמים,2.00,"ק""ג",false,1,21.90,10.9500,true,1,118486
7290013381217,false,גפרורים ארוכים,י.ד. יבוא,,גפרון ארוך,Unknown,0.00,Unknown,false,1,7.90,0.0000,true,1,107386
7290013381293,false,שקיות רב סגר גדול 20יח',QINGDAO XIRONG,,שקיות פתח סגור גדול,Unknown,0.00,Unknown,false,1,9.90,0.0000,true,1,107390
7290013381699,false,קקאו טופ מותגים 500,נאמן לאורך זמן,,"קקאו ""טופ מותגים"" 500 גר",גרמים,500.00,100 גרם,false,1,22.90,4.5800,true,1,143380
7290013381767,false,גז למילוי מצתים 260 מ'ל,KOZMO,,"גז למצתים 260 מ""ל",Unknown,0.00,Unknown,false,1,9.90,0.0000,true,1,121295
7290013381897,false,טורטית מקמח חיטה 8 י,GRAFER,,טורטית מקמח חיטה 8 יח,גרמים,320.00,100 גרם,false,1,10.90,3.4063,true,1,143381
7290013381903,false,טורטית גדולות מקמח ח,GRAFER,,טורטית גדולות מקמח חיטה 6 יח,גרמים,372.00,100 גרם,false,1,10.90,2.9301,true,1,143383
7290013381972,false,סרדינים בשמן צמחי 12,Erg Conserve Sarl,,סרדינים בשמן צמחי 125 גר,גרמים,125.00,100 גרם,false,1,5.90,4.7200,true,1,166840
7290013381996,false,סרדינים בשמן זית 125,Erg Conserve Sarl,,סרדינים בשמן זית 125 גר,גרמים,125.00,100 גרם,false,1,5.90,4.7200,true,1,166842
7290013389077,false,"עלי טורטיה מקמח חיטה 25ס""מ 8יח' תומר 420 ג'",Azteca foods europe,,טורטיית קמח חיטה 6 יח,גרמים,420.00,100 גרם,false,1,6.90,1.6429,true,1,107407
7290013389114,false,ניוקי תפוח אדמה 500 ג' לה פסטה,לה פסטה La' Pasta,,"ניוקי תפו""א 500 גר""",גרמים,500.00,100 גרם,false,1,7.90,1.5800,true,1,107409
7290013389145,false,מיני ניוקי 500 ג' לה פסטה,לה פסטה La' Pasta,,"מיני ניוקי 500 גר""",גרמים,500.00,100 גרם,false,1,7.90,1.5800,true,1,107412
7290013389381,false,"קמח תירס פולנטה מולינו 1 ק""ג",פיקטה piccata,,"קמח תירס ""פולנטה"" 1 קג",קילוגרמים,1.00,"ק""ג",false,1,13.90,13.9000,true,1,123518
7290013404251,false,מלפפון 13-17 בחומץ 5,,,מלפפון 13-17 בחומץ,גרמים,560.00,100 גרם,false,1,7.90,1.4107,true,1,119216
7290013411013,false,סלט כרוב 1 קג,,,"סלט כרוב 1 ק""ג",קילוגרמים,1.00,"ק""ג",false,1,19.90,19.9000,true,1,172573
7290013411143,false,סלט גזר קוריאני 500,,,סלט גזר קוריאני 500 גר,גרמים,500.00,100 גרם,false,1,16.90,3.3800,true,1,172572
7290013411150,false,מלפפון בייבי 1 קג,,,"מלפפון בייבי 1 ק""ג",קילוגרמים,1.00,"ק""ג",false,1,25.90,25.9000,true,1,172566
7290013411204,false,סלט כרוב בולגרי 1 קג,,,"סלט כרוב בולגרי 1 ק""ג",קילוגרמים,1.00,"ק""ג",false,1,24.90,24.9000,true,1,172578
7290013411211,false,עגבניות שרי 1 קג,,,"עגבניות שרי 1 ק""ג",קילוגרמים,1.00,"ק""ג",false,1,25.90,25.9000,true,1,172568
7290013411365,false,גבינת סמוקרלה פרוס 2,,,גבינת סמוקרלה פרוס 200 גר,גרמים,200.00,100 גרם,false,1,19.90,9.9500,true,1,209595
7290013411518,false,גבינה גאודה בקר הולנ,,,גבינה גאודה בקר הולנדית 200 גר,גרמים,200.00,100 גרם,false,1,15.90,7.9500,true,1,203289
7290013411525,false,גבינה אמנטל שוויצרי,,,גבינה אמנטל שוויצרי 200 גר,גרמים,200.00,100 גרם,false,1,19.90,9.9500,true,1,203290
7290013411532,false,גבינה גאודה עיזים הו,,,גבינה גאודה עיזים הולנדית 200 גר,גרמים,200.00,100 גרם,false,1,26.90,13.4500,true,1,203291
7290013411549,false,גבינה מוצרלה איטלקית,,,גבינה מוצרלה איטלקית 200 גר,גרמים,200.00,100 גרם,false,1,16.90,8.4500,true,1,203292
7290013440648,false,מאגדת שלגוני אבטיח נסטלה 108X5ג',גלידות נסטלה (נגה גל,IL,קרחונים בטעם אבטיח 5יח,גרמים,540.00,100 גרם,false,1,24.90,4.6111,true,1,147160
7290013456281,false,ערק מלאכי 700 מל,,,"ערק ""מלאכי"" קלאסי 0.7 ל",מיליליטרים,700.00,"100 מ""ל",false,1,59.90,8.5571,true,1,120007
7290013472908,false,גבינה בולגרית קוביות ו.פוד 400 ג,וילי פוד,TW,הבולגריה בקוביות 400 גר,גרמים,400.00,100 גרם,false,1,21.90,5.4750,true,1,121303
7290013520067,false,10 לחמניות אצבע אגמי,מאפיית אגמי,,לחמניית אצבע 10 יח 750 גר,גרמים,750.00,100 גרם,false,1,15.90,2.1200,true,1,174492
7290013531117,false,רוטב פסטה לילדים 240 גרם יכין,"זנלכל בע""מ",IL,"רוטב פסטה לילדים 260 ג""ר",גרמים,240.00,100 גרם,false,1,5.50,2.2917,true,1,121961
7290013531377,false,תורמוס יכין 560 גרם,היינץ צפון אמריקה מק,IL,תורמוס יכין 560 גר,גרמים,560.00,100 גרם,false,1,8.90,1.5893,true,1,183600
7290013531582,false,זיתים מגולענים יכין מארז 3*60 גר',קרלו,IL,זיתים מגולענים יכין 3*200 גר,גרמים,600.00,100 גרם,false,1,13.90,2.3167,true,1,210146
7290013531629,false,רוטב פומדורו יכין 240ג,היינץ צפון אמריקה מק,IL,רוטב עגבניות לפסטה פומודורו יכין 260 גר,גרמים,240.00,100 גרם,false,1,5.90,2.4583,true,1,183595
7290013531759,false,שעועית אפויה במים 550 ג' יכין,"זנלכל בע""מ",IL,שעועית אפויה במים,גרמים,550.00,100 גרם,false,1,8.90,1.6182,true,1,167139
7290013585233,false,"ספרייט זירו פחית סליק 330 מ""ל",קוקה קולה Coca Cola,IL,ספרייט זירו פח סליק 330מל,מיליליטרים,330.00,"100 מ""ל",false,1,4.90,1.4848,true,1,151319
7290013585387,false,קוקה קולה זירו בקבוק,החברה המרכזית לייצור,IL,קוקה קולה זירו 1ל,ליטרים,1.00,ליטר,false,1,7.50,7.5000,true,1,150908
7290013585394,false,קוקה קולה קלאסי,החברה המרכזית לייצור,IL,קוקה קולה 1ל,ליטרים,1.00,ליטר,false,1,7.50,7.5000,true,1,150907
7290013608260,false,פרימור מיץ רימונים 100% סחוט טרי 1ל',"גניר (1992) בע""מ",IL,מיץ פרימור רימונים 1ל,ליטרים,1.00,ליטר,false,1,24.90,24.9000,true,1,146648
7290013675545,false,שניצל כלי תחבורה מאמא עוף 700 ג',,,שניצל כלי תחבורה מאמא עוף 700 גר,גרמים,700.00,100 גרם,false,1,31.90,4.5571,true,1,185160
7290013710307,false,זרעי פשתן 400 גרם,בטרפלקס,IL,זרעי פישתן 400גר,גרמים,400.00,100 גרם,false,1,14.90,3.7250,true,1,151130
7290013710352,false,סובין שיבולת שועל 20,בטרפלקס,IL,סובין שיבולת שועל 200גר,גרמים,200.00,100 גרם,false,1,10.90,5.4500,true,1,151128
7290013710406,false,זרעי פישתן טחונים 40,בטרפלקס,IL,זרעי פישתן טחונים 400גר,גרמים,400.00,100 גרם,false,1,11.90,2.9750,true,1,151131
7290013710734,false,חמאת פשתן 300 גרם,בטרפלקס,IL,חמאת פשטן 300 גר,גרמים,300.00,100 גרם,false,1,36.90,12.3000,true,1,180777
7290013713049,false,בירה גמס חזקה בק 330,"אביר הבר בע""מ",IL,בירה גמס חזקה בק 330 מל,מיליליטרים,330.00,"100 מ""ל",false,1,12.90,3.9091,true,1,182836
7290013720801,false,שרימפס מבושל מקולף 800 ג',,,שרימפס מקולף מבשל 1 קג,קילוגרמים,1.00,"ק""ג",false,1,79.90,79.9000,true,1,146831
7290013720924,false,ממרח פטה אווז 140 גר,,,ממרח פטה אווז 140 גר,גרמים,140.00,100 גרם,false,1,15.90,11.3571,true,1,165885
7290013847102,false,נתחי טונה בהירה בשמן - מארז שלישיה,סטארקיסט Starkist,,שלישיית טונה סטארקיסט 80 גר,גרמים,240.00,100 גרם,false,1,12.90,5.3750,true,1,214179
7290013847454,false,טונה בשמן קנולה סטארקיסט 4*160 ג',קריות זול,,רביעיית טונה סטארקיס בשמן קנולה 160 גר,גרמים,640.00,100 גרם,false,1,26.90,4.2031,true,1,204689
7290013847867,false,מארז זוג טונה בשמן סויה 140 ג' סטארקיסט,טונה ויטנאם קו. אל.ט,IL,זוג טונה סטארקיסט 140 גר,גרמים,280.00,100 גרם,false,1,12.90,4.6071,true,1,214178
7290013848611,false,רדיד אלומיניום עבה וחזק 61 מטר,סנו סושי,IL,"רדיד אלומיניום ""סנו סושי"" 61 מטר",Unknown,0.00,Unknown,false,1,36.90,0.0000,true,1,121939
7290013848758,false,סנו - מקסימה ג'ל כביסה מרוכז בייבי 3 ליטר,"סנו מפעלי ברונוס בע""",IL,"ג""ל כביסה ""סנו מקסימה"" מרוכז בייבי סנסיט",ליטרים,3.00,ליטר,false,1,29.90,9.9667,true,1,143532
7290013883407,false,"מרסס דזיטול לחיטוי כללי 750 מ""ל",יעקבי - דזיטול Desytol,ES,"חיטוי כללי מרסס דזיטול 750 מ""ל",מיליליטרים,750.00,"100 מ""ל",false,1,14.90,1.9867,true,1,176449
7290014002203,false,תה ויסוצקי חליטת לימונית ולואיזה 20יח',HIQ FOOD PRODUCTS,IL,"חליטות תה""גן הקסום"" לימונית לואיזה 25 שק",גרמים,38.00,100 גרם,false,1,17.90,47.1053,true,1,120406
7290014002944,false,גן קסום חליטת פירות וצמחים חמדת שקד 25 שקיקים,HIQ FOOD PRODUCTS,IL,תה גן קסום חליטת פירות וצמחים 25שק,גרמים,58.00,100 גרם,false,1,17.90,30.8621,true,1,147621
7290014066366,false,לנדוור-קפסולות אספרסו ריסטרטו(08) - 10יח'12X יח,קפה לנדוור,IL,קפסולות קפה לנדוור אספרסו ריסטרטו 10 יח,Unknown,0.00,Unknown,false,12,16.90,0.0000,true,1,197157
7290014066380,false,לנדוור-קפסולות אספרסו סופרימו(10) - 10יח'12X יח,קפה לנדוור,IL,קפסולות קפה לנדוור אספרסו סופרימו 10 יח,Unknown,0.00,Unknown,false,12,16.90,0.0000,true,1,197154
7290014079236,false,פטריות פורטובלה מיני סלסלה,מרינה פטריות הגליל,IL,פטריות פורטבלה מיני ארוזות,גרמים,200.00,100 גרם,false,1,9.90,4.9500,true,1,201091
7290014079847,false,צמד פטריות בייבי בלה,"מרינה פטריות הגליל בע""מ",IL,צמד בייבי בלה,Unknown,0.00,Unknown,false,1,15.50,0.0000,true,1,169995
7290014083479,false,גבינת גאודה פרוסות 150 גרם 29% שומן,ג.וילי פוד אינטרנשיו,IL,גבינת גאודה פרוסות 150 גר,גרמים,150.00,100 גרם,false,1,10.90,7.2667,true,1,121305
7290014088719,false,קפה הל סלאח אלדין 25,רג'ואן,IL,קפה הל סלאח אלדין 250 גר,גרמים,250.00,100 גרם,false,24,13.90,5.5600,true,1,187260
7290014088948,false,קקאו 150 גרם 100 %-ח,,,אבקת קקאו 150 גר,גרמים,150.00,100 גרם,false,1,7.90,5.2667,true,1,194465
7290014088993,false,סודה לשתייה פרימיום,,,סודה לשתיה 1 קג,קילוגרמים,1.00,"ק""ג",false,15,11.90,11.9000,true,1,199402
7290014126428,false,סוכרלוז סטיביה 150 ג,מיוצר עי קונדיטוריית,CN,סוכרלוז סטיביה 150דג,גרמים,150.00,100 גרם,false,1,29.90,19.9333,true,1,149489
7290014256637,false,יין לבן מתוק מבעבע Buzz מוסקטו,יקבי כרמל Carmel Winery,IL,יין בוז מוסקטו 750מל,מיליליטרים,750.00,"100 מ""ל",false,1,29.90,3.9867,true,1,149435
7290014397163,false,"מטהר אוויר פרש הום פריחת השקד, ורד אנגלי וכותנה",סנו פרש Fresh,,מטהר אוויר סנו פרש פלורל הרמוני,מיליליטרים,250.00,"100 מ""ל",false,1,14.90,5.9600,true,1,182047
7290014397279,false,שקיות מזון נשלפות XL גדולות במיוחד,אשפלסט תעשיות,IL,"שקיות מזון ""סנו סושי"" גדולות במיוחד 300",Unknown,0.00,Unknown,false,1,11.90,0.0000,true,1,121942
7290014397767,false,סנו ריצפז פרש הום 2 ליטר בניחוח כותנה-מרכז,"סנו מפעלי ברונוס בע""",IL,"נוזל לניקוי רצפות ""סנו ריצפז פרש הום"" 2ל",ליטרים,2.00,ליטר,false,1,19.90,9.9500,true,1,125338
7290014455245,false,גבינת גרנה פדנו משולש 29% 200 גרם בית יוסף,מחלבת סוציאלה מנטובה,IT,גבינה גרנה פדנו משולש 200 גר,גרמים,200.00,100 גרם,false,1,24.90,12.4500,true,1,168386
7290014455467,true,מעדן שיבולת שועל וחל,מחלבות גד שיווק 1992,,מעדן שיבולת שועל וחלב 2% 150 גר,גרמים,150.00,100 גרם,false,1,5.90,3.9333,true,1,168861
7290014459205,false,"צ'יפס טוגן סטייק תפוגן 1.8 ק""ג",תפוגן,,סטייק ציפס תפוגן 1.8קג,קילוגרמים,1.80,"ק""ג",false,1,24.90,13.8333,true,1,145058
7290014466463,false,"יין הר חרמון מסקטו עברית 750 מ""ל",יקב רמת הגולן,IL,"יין ""הר חרמון"" מוסקטו",Unknown,0.00,Unknown,false,1,32.90,0.0000,true,1,143738
7290014525290,false,חטיף קריספי עם מילוי בטעם תות שדה,סלים דליס Slim Delis,NL,חטיף מרבה סלים דליס קריספי תות 125 גר,גרמים,125.00,100 גרם,false,1,11.90,9.5200,true,1,170456
7290014525306,false,מרבה סלים דליס קריספי אוכמניות 125 גר,סלים דליס Slim Delis,NL,חטיף מרבה סלים דליס קריספי אוכמניות,גרמים,125.00,100 גרם,false,1,11.90,9.5200,true,1,170457
7290014525313,false,מרבה סלים דליס קריספי שוקולד 125 גר,סלים דליס Slim Delis,NL,חטיף מרבה סלים דליס קריספי שוקולד 125 גר,גרמים,125.00,100 גרם,false,1,11.90,9.5200,true,1,170458
7290014525573,false,מרבה שוקודליס עוגיות בציפוי שוקולד חלב,הלמה הלום בי.וי,NL,עוגיות מרבה שוקודליס בציפוי שוקולד חלב,גרמים,145.00,100 גרם,false,1,10.80,7.4483,true,1,186067
7290014534650,false,פסטה 55 צינור 400 ג' לה פסטה,,,ספגטי לה פסטה צינור 400גר,גרמים,400.00,100 גרם,false,1,3.90,0.9750,true,1,148569
7290014534674,false,ספגטי לה פסטה פרפר 4,,,ספגטי לה פסטה פרפר 400גר,גרמים,400.00,100 גרם,false,1,3.90,0.9750,true,1,148570
7290014534681,false,פסטה בורג 64 400 ג' לה פסטה,,,ספגטי לה פסטה בורג 400גר,גרמים,400.00,100 גרם,false,1,3.90,0.9750,true,1,148568
7290014534704,false,פסטה 25 אטריות מרק 400 ג' לה פסטה,,,ספגטי לה פסטה אטריות מרק 400גר,גרמים,400.00,100 גרם,false,1,3.90,0.9750,true,1,148622
7290014692299,false,גבינת ברי 125 ג' קסטיאלו ויליפוד,יורו צ'יז Euro Cheese,DK,גבינה ברי 125 גר,גרמים,125.00,100 גרם,false,36,19.90,15.9200,true,1,124696
7290014692305,false,גבינת קממבר 125ג' CASTELLO ויליפוד,הנסיך- מפעל לייצור ט,DK,גבינה קממבר 125 גר,גרמים,125.00,100 גרם,false,36,19.90,15.9200,true,1,124697
7290014692541,false,גבינת מגורדת 500ג' GOLDEN,ג.וילי פוד אינטרנשיו,IL,אמה מגורדת 500 גר,גרמים,500.00,100 גרם,false,1,21.90,4.3800,true,1,124699
7290014692565,false,וילי פוד גרעיני תירס 320 גרם,אקו קונסרויפרי קי.אפ,HU,גרעיני תירס מתוק 320 גר,גרמים,320.00,100 גרם,false,1,5.90,1.8438,true,1,123626
7290014692749,false,שמן זית כתית מעולה ק,אסטיאס בורגס,,"שמן זית כתית מעולה ""קוסטה דורו"" 750 מ""ל",מיליליטרים,750.00,"100 מ""ל",false,1,29.90,3.9867,true,1,143752
7290014748613,false,דג טוב מקלוני דגים בציפוי ציפס 600גר,עיצובים 2020 (4.9),IL,דג טוב מקלוני דגים בציפוי ציפס 600 גר,גרמים,600.00,100 גרם,false,12,29.90,4.9833,true,1,188014
7290014748675,false,קציצות דגים דג טוב 6,דג טוב,IL,דג טוב קציצות דגים 600 גר,גרמים,600.00,100 גרם,false,12,29.90,4.9833,true,1,188016
7290014749764,false,עוף טוב שניצל עוף ביתי עדין 700,מוצרי עוף טוב (2001),IL,שניצל עוף ביתי עדין עוף טוב 700 גר,גרמים,700.00,100 גרם,false,12,39.90,5.7000,true,1,197499
7290014758100,false,מאגדת יוגורט ביו 3% שומן 8 יח' *150ג' תנובה,מיוצר עי קונדיטוריית,IL,מאגדת שמיניית יוגורט ביו 3% תנובה,גרמים,1200.00,100 גרם,false,1,16.90,1.4083,true,1,122223
7290014758117,false,מאגדת יוגורט ביו 1.5% שומן 8 יח' *150 ג' תנובה,מיוצר עי קונדיטוריית,IL,מאגדת יוגורט*8 1.5% BIO,גרמים,1200.00,100 גרם,false,1,16.90,1.4083,true,1,122222
7290014758162,false,חלב עיזים מלא 3.6% קרטון 1 ל' תנובה,תנובה מרכז שיתופי לש,IL,חלב עיזים מלא 3.6% 1לי,ליטרים,1.00,ליטר,false,1,15.50,15.5000,true,1,124888
7290014759084,false,גבינת שמנת 16% בטעם טבעי 225 ג' נפוליאון,תנובה מרכז שיתופי לש,IL,גבינת שמנת נפוליאון 16% 225 גר,גרמים,225.00,100 גרם,false,1,13.90,6.1778,true,1,143940
7290014759534,false,גבינה בולגרית למריחה טבעי 5% 200 ג' פיראוס,"תנובה, מחלבת תל יוסף",IL,גבינה בולגרית טבעי 200 גר,גרמים,200.00,100 גרם,false,1,13.90,6.9500,true,1,144102
7290014760134,false,מעדן סויה בטעם וניל אלטרנטיב,תנובה Alternative,IL,מעדן סויה בטעם וניל 125 גר,גרמים,125.00,100 גרם,false,1,3.90,3.1200,true,1,146392
7290014760141,false,משקה שקדים תנובה E אלטרנטיב,תנובה Alternative,IL,משקה שקדים 1 ל,ליטרים,1.00,ליטר,false,1,12.90,12.9000,true,1,166026
7290014760448,false,גבינה צהובה גלבוע 400 גרם 22% שומן תנובה,מחלבת בית יצחק,IL,גבינת גלבוע 400גר,גרמים,400.00,100 גרם,false,1,23.90,5.9750,true,1,146245
7290014761056,false,מעדן שוקולד חלב מעולה 123 ג' יולו,מיוצר עי קונדיטוריית,IL,מעדן יולו שוקולד חלב מעולה 123גר,גרמים,123.00,100 גרם,false,1,4.90,3.9837,true,1,149500
7290014761063,false,מעדן שוקולד מריר מעולה 123 ג' יולו,מיוצר עי קונדיטוריית,IL,מעדן יולו שוקולד מריר מעולה 123גר,גרמים,123.00,100 גרם,false,1,4.90,3.9837,true,1,149502
7290014761070,false,מעדן שוקולד לבן מעולה 123 ג' יולו,מיוצר עי קונדיטוריית,IL,מעדן יולו שוקולד לבן מעולה 123גר,גרמים,123.00,100 גרם,false,1,4.90,3.9837,true,1,149501
7290014761193,false,יוגורט עם פירות יער 1.5% שומן 125 ג' פרילי,תנובה מרכז שיתופי לש,IL,יוגורט פרילי פירות יער 125גר,גרמים,125.00,100 גרם,false,1,3.90,3.1200,true,1,150136
7290014761414,false,מעדן שכבות שוקולד חלב ולבן 123 ג' יולו,מיוצר עי קונדיטוריית,IL,מעדן יולו שוקולד חלב ולבן 123גר,גרמים,123.00,100 גרם,false,1,4.90,3.9837,true,1,149505
7290014762756,false,נפוליאון גבינת שמנת עם בצל 16% שומן,הרדוף חלב,IL,גבינת שמנת נפוליאון בטעם בצל 225 גר,גרמים,225.00,100 גרם,false,1,13.90,6.1778,true,1,169437
7290014762831,false,גבינת שמנת חלפיניו 24% שומן 225 ג' נפוליאון,תנובה מרכז שיתופי לש,IL,גבינת שמנת נפוליאון 25% 225 גר,גרמים,225.00,100 גרם,false,1,13.90,6.1778,true,1,170861
7290014762909,false,פתיתי מוצרלה 20% שומן 200 ג' השף הלבן,"תנובה, מחלבת תל יוסף",IL,גבינת פתיתי מוצרלה 200 גר,גרמים,200.00,100 גרם,false,1,17.90,8.9500,true,1,170590
7290014763098,false,קרם גבינת שמנת 5% עם פלפל שום ובצל 200 ג' תנובה,תנובה,IL,קרם גבינת שמנת טוסקנה 5% 200 גר,גרמים,200.00,100 גרם,false,1,11.90,5.9500,true,1,170591
7290014763272,false,יוגורט סויה BIO לשתייה תות ובננה אלטרנטיב,תות תעשיות מזון (201,IL,"משקה סויה ביו עם תות ובננה 250 מ""ל",מיליליטרים,250.00,"100 מ""ל",false,1,5.90,2.3600,true,1,171405
7290014789913,false,עוגיות אוראו עם מילוי קרם וניל 3 * 176 ג',,,"עוגיות ""אוראו"" ממולאות קרם וניל 176 גר ש",גרמים,528.00,100 גרם,false,1,21.90,4.1477,true,1,143958
7290014791336,false,מים מינרליים מי עדן,יושלם,,מים מינרליים מי עדן 1 ל,ליטרים,1.00,ליטר,false,1,3.90,3.9000,true,1,178073
7290014803220,false,"נאמן חומץ בלסמי 5% 500מ""ל",COMTEMP,,"חומץ בלסמי 5% 500 מ""ל",מיליליטרים,500.00,"100 מ""ל",false,1,19.90,3.9800,true,1,168642
7290014803565,false,צנימים עגולים מחיטה מלאה 300ג',NEWLAT,,צנימים עגולים עם חיטה מלאה 300גר,גרמים,300.00,100 גרם,false,1,12.90,4.3000,true,1,148639
7290014803718,false,ביסקוויט תה פריך 720,oylum,,ביסקוויט תה פריך 720 גר,גרמים,720.00,100 גרם,false,1,11.90,1.6528,true,1,166283
7290014803855,false,ביסקוויט פתי בר 400,Oylum,,ביסקוויט פתי בר 400 גר,גרמים,400.00,100 גרם,false,1,6.90,1.7250,true,1,171006
7290014905160,false,"הפי מטהר אוויר פניני ריח בניחוחות, 130 גרם",יוליניבר,IT,מטהר אוויר הפי פניני ריח 130 גר,גרמים,130.00,100 גרם,false,1,11.90,9.1538,true,1,176448
7290014905207,false,הפי גל לניקוי אסלה 7,אורו,,"גל לניקוי אסלות הפי כחול 750 מ""ל",מיליליטרים,750.00,"100 מ""ל",false,1,7.90,1.0533,true,1,176453
7290014905344,false,הפי קצף לניקוי שטיחי,שרווין ויליאמס,US,קצף לשטיחים הפי 623 גר,גרמים,623.00,100 גרם,false,1,23.90,3.8363,true,1,176490
7290014905368,false,מטלית למטבח הפי עוד,פלספק,,מטלית למטבח הפי עוד ועוד בד לבן,Unknown,0.00,Unknown,false,1,9.90,0.0000,true,1,176446
7290014905498,false,הפי - גליל טבליות גם וגם דו צדדי,ג'נרל מילס סאן אדריא,TR,גליל מטליות הפי גם וגם צהוב דו צדדי,Unknown,0.00,Unknown,false,1,12.90,0.0000,true,1,176445
7290014905689,false,"נוזל כלים הפי מרוכז 24% תפוח 750 מ""ל",וונדפוט,BE,"נוזל כלים הפי תפוח ירוק מרוכז 24% 750 מ""",מיליליטרים,750.00,"100 מ""ל",false,1,7.90,1.0533,true,1,176455
7290014905696,false,"נוזל כלים הפי מרוכז 24% לימון 750 מ""ל",וונדפוט,BE,נוזל כלים הפי לימון צהוב מרוכז 24% 750 מ,מיליליטרים,750.00,"100 מ""ל",false,1,7.90,1.0533,true,1,176456
7290014905733,false,"הפי - מרסס להברקת שמשות 750 מ""ל",יוליניבר,TR,"ניקוי חלונות הפי 750 מ""ל",מיליליטרים,750.00,"100 מ""ל",false,1,8.90,1.1867,true,1,176451
7290014905962,false,סבון אסלה הפי בושם 5טיפות ורוד לבנדר נתלה,רלוי,IT,סבון אסלה 4 טיפות 55 גר,גרמים,55.00,100 גרם,false,1,9.90,18.0000,true,1,176443
7290014910379,false,מלפפונים במלח לינה 6,יוניקורן פיקלס,,מלפפון במלח 690 גר,גרמים,690.00,100 גרם,false,1,8.80,1.2754,true,1,181933
7290014910515,false,שפרוטים מעושנים רויא,,,שפרוטים מעושנים 250 גר,גרמים,250.00,100 גרם,false,1,12.90,5.1600,true,1,181325
7290015039055,false,וילי פוד רוטב צילי חריף בדץ 700מל,הנסיך- מפעל לייצור ט,TH,"רוטב צ""ילי חריף 700 מל",מיליליטרים,700.00,"100 מ""ל",false,1,9.90,1.4143,true,1,144299
7290015039246,false,נתחי טונה בשמן צמחי רביעיה * 160 ג' וילי פוד,וילי פוד,TH,נתחי טונה בשמן 160גר רביעייה,גרמים,640.00,100 גרם,false,1,19.90,3.1094,true,1,148688
7290015039338,false,נתחי טונה במי מלח רביעיה * 160 ג' וילי פוד,וילי פוד,,נתחי טונה במי מלח 160גר רביעייה,גרמים,640.00,100 גרם,false,1,19.90,3.1094,true,1,148689
7290015150118,false,עגבניות חתוכות דק בלה איטליה 3*400 ג',אמיליאנה קונסרב ס.פ.,IT,עגבניות חתוכות 400גר שלישייה,גרמים,1200.00,100 גרם,false,1,14.90,1.2417,true,1,151051
7290015155243,false,פרמיו חטיף כריות לתמיכה באנטי -היירבול לחתול 60ג',פרמיו Premio,,פרמיו כריות אנטי היירבול 60 גר,גרמים,60.00,100 גרם,false,1,9.90,16.5000,true,1,210691
7290015155250,false,פרמיו חטיף כריות סלמון 60גר,פרמיו Premio,,פרמיו כריות סלמון 60 גר,גרמים,60.00,100 גרם,false,1,9.90,16.5000,true,1,210690
7290015155274,false,פרמיו כריות עור ופרווה,פרמיו Premio,,פרמיו כריות עור ופרווה 60 גר,גרמים,60.00,100 גרם,false,1,9.90,16.5000,true,1,212202
7290015155410,false,פרמיו חטיף כריות דנטל עם עוף 60ג',פרמיו Premio,,פרמיו כריות דנטל עוף 60 גר,גרמים,60.00,100 גרם,false,1,9.90,16.5000,true,1,210692
7290015155847,false,מחית סלט פירות חטיפטף ללא תוספת סוכר,פרוטה פודיווין איי.א,CZ,פאוץ פרינוק סלט פירות 120 גר,גרמים,120.00,100 גרם,false,1,4.90,4.0833,true,1,198136
7290015156769,false,מחית פרינוק פאוץ' תפוח ואוכמניות 120 גרם,,,פאוץ פרינוק תפוח ואוכמניות 120 גר,גרמים,120.00,100 גרם,false,1,4.90,4.0833,true,1,198138
7290015156790,false,מחית לפתן פירות חטיפטף ללא תוספת סוכר,פרינוק,,פאוץ פרינוק לפתן פירות 120 גר,גרמים,120.00,100 גרם,false,1,4.90,4.0833,true,1,200018
7290015156813,false,מחית פרינוק פאוץ' פירות מעורבים 120 גרם,,,פאוץ פרינוק פירות מעורבים 120 גר,גרמים,120.00,100 גרם,false,1,4.90,4.0833,true,1,200019
7290015250078,false,בצק עלים צרפתי מרודד,,,בצק עלים צרפתי מרודד 1 קג,קילוגרמים,1.00,"ק""ג",false,10,17.90,17.9000,true,1,198657
7290015320481,false,שוקולד מריר 60% יעד,,,שוקולד מריר 60% 100 גר,גרמים,100.00,100 גרם,false,45,5.90,5.9000,true,1,197011
7290015342001,true,עוגיות בטעמים 500 גר,מאפה מילניום 2000,,עוגיות בטעמים 500 גר,גרמים,500.00,100 גרם,false,1,16.90,3.3800,true,1,170256
7290015342605,true,עוגיות בטעמים ללא סו,מאפה מילניום 2000,,עוגיות בטעמים ללא סוכר 300 גר,גרמים,300.00,100 גרם,false,1,16.90,5.6333,true,1,197987
7290015355834,false,קטשופ היינץ חריף 855,Heinz,,קטשופ היינץ חריף 855 גר,גרמים,855.00,100 גרם,false,1,17.90,2.0936,true,1,168384
7290015360067,false,ייגרייסטר 700 מל + 2,יגרמייסטר,,ייגרמייסטר 0.7ל+2 כוסות,מיליליטרים,700.00,"100 מ""ל",false,1,79.90,11.4143,true,1,145104
7290015528368,false,צלחת גדולה קרם מודפס,,,צלחת גדולה קרם מודפס זהב 20 יח,Unknown,0.00,Unknown,false,1,18.90,0.0000,true,1,149082
7290015537209,false,חומץ לבן 5% 1 ל,רג'ואן,IL,חומץ לבן 5% 1 ל,ליטרים,1.00,ליטר,false,24,4.90,4.9000,true,1,193603
7290015537223,false,חומץ תפוחים 6% 1 ל,רג'ואן,IL,חומץ תפוחים 6% 1 ל,ליטרים,1.00,ליטר,false,24,7.90,7.9000,true,1,193605
7290015537247,false,חומץ טבעי 1 ל,רג'ואן,IL,חומץ טבעי 1 ל,ליטרים,1.00,ליטר,false,24,6.90,6.9000,true,1,193602
7290015699730,false,סבון דה מארסיי יעקבי 1.5 ליטר *חדש-,וונדפוט,,נוזל רצפות הפי מבושמת ורוד 1.5 ליטר,ליטרים,1.50,ליטר,false,1,12.90,8.6000,true,1,176469
7290015804400,false,עגבניות מרוסקות טל 260 ג',טל,,עגבניות מרוסקות טל 260 גר,גרמים,250.00,100 גרם,false,1,3.90,1.5600,true,1,168632
7290015850407,false,שרימפס מבושל 26-30 1,,,"שרימפס מבושל 26-30 1 ק""ג",קילוגרמים,1.00,"ק""ג",false,1,89.90,89.9000,true,1,185333
7290015850520,false,קוביות דג בסה קפוא 5,,,קוביות דג בסה קפוא 500 גר,גרמים,500.00,100 גרם,false,,16.90,3.3800,true,1,196836
7290015858328,false,ממרח איולי פסטו 295 ג' עללחם,עלית,IL,רוטב איולי פסטו עללחם 295 גר,גרמים,295.00,100 גרם,false,1,15.90,5.3898,true,1,213141
7290015858441,false,ממרח איולי פלפלים 295 ג' עללחם,עלית,IL,רוטב איולי פלפלים עללחם 295 גר,גרמים,295.00,100 גרם,false,1,15.90,5.3898,true,1,213140
7290015858687,false,ממרח איולי שום 295 ג' עללחם,עלית,IL,רוטב איולי שום עללחם 295 גר,גרמים,295.00,100 גרם,false,1,15.90,5.3898,true,1,213143
7290015858694,false,"עללחם איולי שום לימון, 295 גרם",אסם,,רוטב איולי שום לימון עללחם 295 גר,גרמים,295.00,100 גרם,false,1,15.90,5.3898,true,1,213142
7290015951616,false,"יין גמלא סנגובזה 750 מ""ל",יקב הרי גליל,,"יין גמלא סנגובזה 2015 750 מ""ל",מיליליטרים,750.00,"100 מ""ל",false,1,59.90,7.9867,true,1,179853
7290015968034,false,סבון כחול לאסלה שליש,N.R.J.CO,,סבון כחול לאסלה שלישייה,Unknown,0.00,Unknown,false,1,16.90,0.0000,true,1,173103
7290015968096,false,מקל עץ ברזילאי מחוזק,N.O.T,,מקל עץ ברזילאי מחוזק 1.5 מטר,Unknown,0.00,Unknown,false,1,9.90,0.0000,true,1,173095
7290015968119,false,משטח מיקרופייבר דו צ,T.M.J.T.CO,,משטח מיקרופייבר דו צדדי לייבוש כלים,Unknown,0.00,Unknown,false,1,14.90,0.0000,true,1,173091
7290015968126,false,מקל מתכת טיטניום איט,F.I.S.P.A,,מקל מתכת טיטניום איטלקי מחוזק 1.5 מטר,Unknown,0.00,Unknown,false,1,9.90,0.0000,true,1,173096
7290015968324,false,נורת לד 12 וולט אור,F.E.CO.LTD,,נורת לד 12 וולט אור לבן,Unknown,0.00,Unknown,false,1,19.90,0.0000,true,1,175788
7290015968348,false,נורת לד 9 וולט אור ל,F.E.CO.LTD,,נורת לד 9 וולט אור לבן,Unknown,0.00,Unknown,false,1,14.90,0.0000,true,1,175784
7290015968355,false,נורת לד נר 5.5 וולט,F.E.CO.LTD,,נורת לד נר 5.5 וולט אור לבן,Unknown,0.00,Unknown,false,1,14.90,0.0000,true,1,175785
7290015968379,false,נורת לד כדור 5.5 וול,F.E.CO.LTD,,נורת לד כדור 5.5 וולט אור לבן,Unknown,0.00,Unknown,false,1,14.90,0.0000,true,1,175787
7290015968645,false,כפות חד פעמי מוכסף מ,J.E&W.Inc,,כף חד פעמי מוכסף מהודר הוסטס 20 יח,Unknown,0.00,Unknown,false,1,9.90,0.0000,true,1,185845
7290015968768,false,מגבוני טישו משובחים,B.P.CO,,מגבוני טישו משובחים מנייר 100 יח,Unknown,0.00,Unknown,false,1,18.90,0.0000,true,1,180711
7290015968782,false,פדים להסרת איפור במא,S.T.O.CO,,פדים להסרת איפור 80 יח שלישייה,Unknown,0.00,Unknown,false,1,19.90,0.0000,true,1,180712
7290015968812,false,"מפיות מודפסות 33*33 ס""מ הוסטס",W.W.P.CO,,מפיות מודפסות 20 יח,Unknown,0.00,Unknown,false,1,8.90,0.0000,true,1,180694
7290016006025,false,סודה שוופס בקבוק 500,יפאורה תבורי בעמ,IL,"סודה שוופס 500 מ""ל",מיליליטרים,500.00,"100 מ""ל",false,1,2.90,0.5800,true,1,171280
7290016006292,false,נקטר מנגו בננה מלון קרטונית 1 ל' ספרינג,"יפאורה תבורי בע""מ",IL,ספרינג מנגו בננה מלון 1 ליטר,ליטרים,1.00,ליטר,false,1,6.90,6.9000,true,1,170410
7290016006339,false,מים מינרלים - מארז רביעייה,מופק ממקור בזלתי עדן,IL,מים מינרליים מי עדן 1 ל רביעייה,ליטרים,4.00,ליטר,false,1,12.90,3.2250,true,1,170713
7290016006346,false,שוופס סודה מארז שישייה * 0.5 ל',יפאורה תבורי בעמ,IL,"סודה שוופס אוריגינל 500 מ""ל שישייה",ליטרים,3.00,ליטר,false,1,15.90,5.3000,true,1,170128
7290016035025,false,לחם פשתן ביכורים 450ג',דולפין ספא,IL,לחם פשתן ללא סוכר 450 גר,גרמים,450.00,100 גרם,false,15,25.90,5.7556,true,1,190293
7290016076011,false,לחם כוסמין רגיל,,,לבש ארמני 330 גר,גרמים,330.00,100 גרם,false,1,15.90,4.8182,true,1,195374
7290016077759,false,רוטב היינץ ברביקיו ק,היינץ Heinz,,רוטב היינץ ברביקיו קלאסי 480 גר,גרמים,480.00,100 גרם,false,1,16.90,3.5208,true,1,181462
7290016087147,false,רוטב פיצה מרגריטה 240 ג' פריניר,,,רוטב עגבניות פריניר לפיצה מרגריטה 240 גר,גרמים,240.00,100 גרם,false,1,5.90,2.4583,true,1,179181
7290016144017,false,"קמח חיטה מלאה נפלאות 100% 1 ק""ג",קמח מלכים,IL,קמח 100% חיטה 1 קג,קילוגרמים,1.00,"ק""ג",false,1,9.90,9.9000,true,1,211031
7290016144031,false,"קמח חיטה לבן נפלאות 1 ק""ג",קמח מלכים,IL,קמח חיטה לבן 1 קג,קילוגרמים,1.00,"ק""ג",false,1,6.90,6.9000,true,1,211032
7290016144048,false,"קמח כוסמין לבן נפלאות 1 ק""ג","קמח מלכים בע""מ",IL,קמח כוסמין לבן 1 קג,קילוגרמים,1.00,"ק""ג",false,1,14.90,14.9000,true,1,211034
7290016144062,false,"קמח שיפון מלא נפלאות, 1 ק""ג",קמח מלכים,IL,קמח שיפון מלא 1 קג,קילוגרמים,1.00,"ק""ג",false,1,8.90,8.9000,true,1,211036
7290016144086,false,נפלאות קמח חלה מנופה 1 ק”ג,קמח מלכים,IL,קמח חלה 1 קג,קילוגרמים,1.00,"ק""ג",false,1,7.90,7.9000,true,1,211038
7290016150117,false,סלק אדום מבושל 500 ג' בוואקום,חקלאי,IL,סלק אדום מקולף ומבושל 500 גר,גרמים,500.00,100 גרם,false,1,6.90,1.3800,true,1,182277
7290016150711,false,Avel -נוזל קוקוס תאילנדי בפחית 400 גרם,,,נוזל קוקוס אבאל פחית 400 גר,גרמים,400.00,100 גרם,false,1,5.90,1.4750,true,1,191096
7290016197495,false,מטלית קסם מיקרופייבר לרצפה ניקול 2יח',חוגלה קימברלי,CN,מטליות קסם ניקול לרצפה מארז זוג,Unknown,0.00,Unknown,false,1,19.90,0.0000,true,1,170999
7290016233209,false,רביעיית טונה בהירה בשמן סויה* 140 ג' מונטרי,,,טונה מונטרי בשמן 140 גר רביעייה,גרמים,560.00,100 גרם,false,12,17.90,3.1964,true,1,201215
7290016233384,false,גפילטע פיש 7קציצות מהדרין 550ג',,,גפילטע פיש 7 קציצות 555 גר,גרמים,555.00,100 גרם,false,1,14.90,2.6847,true,1,172662
7290016233575,false,שיבולת שועל 600 גר,,,שיבולת שועל 600 גר,גרמים,600.00,100 גרם,false,1,6.90,1.1500,true,1,177570
7290016233711,false,פסטה לינגוויני לה פס,,,לה פסטה לינגוויני 400 גר,גרמים,400.00,100 גרם,false,1,3.90,0.9750,true,1,184137
7290016245615,false,לחם שיפון 100% עם אג,מאפיית טעמי הכפר 201,,לחם שיפון 600 גר,גרמים,600.00,100 גרם,false,1,20.90,3.4833,true,1,212177
7290016245653,false,לחם סנדוויץ חצי משפח,מאפיית טעמי הכפר 201,,לחם סנדוויץ חצי משפחתי 550 גר,גרמים,550.00,100 גרם,false,1,16.90,3.0727,true,1,212176
7290016245929,false,לחם טחינה עשיר בחלבון 450 ג' ביכורים,מאפיית ביכורים,IL,לחם טחינה עשיר בחלבון 450 גר,גרמים,450.00,100 גרם,false,1,27.90,6.2000,true,1,209038
7290016304404,false,לחם קוביות 100% כוסמין 600 ג',מאפיית דוידוביץ ובני,IL,לחם כוסמין 600 גר,גרמים,600.00,100 גרם,false,1,13.90,2.3167,true,1,183661
7290016304596,false,מארז 10 לחמניות בשקית,מאפית דוידוביץ ובניו,IL,לחמניות רגילות 75 גר 10 יח,גרמים,750.00,100 גרם,false,1,12.90,1.7200,true,1,198045
7290016321661,false,מגבונים פרש וואנס סנסיטיב קר רביעיה,עלבד משואות יצחק,IL,מגבונים פרש וואנס רביעייה סנסיטיב קר,Unknown,0.00,Unknown,false,1,16.90,0.0000,true,1,192618
7290016321678,false,מגבונים לחים בניחוח מרענן עם תמציות קמומיל ואלוורה,עלבד משואות יצחק,IL,מגבונים לחים פרש וואנס רביעייה,Unknown,0.00,Unknown,false,1,16.90,0.0000,true,1,192617
7290016321883,false,פ.ו נייר טואלט מתכלה ילדים 40יח- שלישייה,עלבד משואות יצחק בעמ,IL,נייר טואלט לח פרשו וואנס לילדים שלישייה,Unknown,0.00,Unknown,false,1,13.90,0.0000,true,1,190455
7290016321890,false,פ.ו נייר טואלט מתכלה מבוגרים 40יח- שלישייה,עלבד משואות יצחק בעמ,IL,נייר טואלט לח פרשו וואנס למבוגרים שלישיי,Unknown,0.00,Unknown,false,1,13.90,0.0000,true,1,190454
7290016370119,false,מלפפון בטעם ביתי צנצ,,,מלפפון בטעם ביתי צנצנת 540 גר,גרמים,540.00,100 גרם,false,1,8.90,1.6481,true,1,204357
7290016370256,false,מארז טבעות זיתים יבנה 3*200 ג',,,טבעות ירוק שלישייה 200 גר,גרמים,600.00,100 גרם,false,1,12.90,2.1500,true,1,203801
7290016370263,false,יבנה מארז זיתים חרוזית 200*3 ג',,,חרוזית ירוק שלישייה 200 גר,גרמים,600.00,100 גרם,false,1,12.90,2.1500,true,1,203802
7290016370270,false,זית קלמטה מגולען 560 ג' -יבנה,,,זית קלמטה מגולען יווני 560 גר,גרמים,560.00,100 גרם,false,12,11.90,2.1250,true,1,201518
7290016370317,false,זיתים קלמטה ללא גלעין 560 גר',,,זית קלמטה ללא גלעין 560 גר,גרמים,560.00,100 גרם,false,12,14.90,2.6607,true,1,201519
7290016370904,false,זית חרוזית ירוק ‏400‏ ג' יבנה,,,זית חרוזית ירוק יבנה 400 גר,גרמים,400.00,100 גרם,false,1,6.90,1.7250,true,1,186574
7290016372342,false,עגבניות חתוך קוביות גראנד איטליה מארז 400X3ג',גרנד איטליה Grand Italia,,עגבניות חתוכות לקוביות 400 גר שלישייה,גרמים,1200.00,100 גרם,false,1,14.90,1.2417,true,1,181095
7290016372496,false,חליטת פירות וצמחים בטעם ג'ינג'ר ודבש -אפקט הג'ינג'ר,ויסוצקי,IL,חליטת תה סודות הצמחים גינגר ודבש 20 שק,Unknown,0.00,Unknown,false,1,17.90,0.0000,true,1,181076
7290016448399,false,אפונה ירוקה במי מלח,,,אפונה ירוקה במי מלח 685 גר,גרמים,685.00,100 גרם,false,1,11.90,1.7372,true,1,205626
7290016509786,false,פרסיל - ג'ל כביסה ירוק 2.50 ליטר,פרסיל Persil,IL,גל כביסה פרסיל ירוק 2.5 ל,ליטרים,2.50,ליטר,false,6,29.90,11.9600,true,1,189780
7290016509809,false,ג'ל מרוכז לכביסה קולור 2.5 ל' פרסיל,פרסיל Persil,IL,גל כביסה פרסיל קולור 2.5 ל,ליטרים,2.50,ליטר,false,6,29.90,11.9600,true,1,189781
7290016509823,false,ג'ל לכביסה לבנה וצבעונית בניחוח רענן,פרסיל Persil,,גל כביסה פרסיל בלו 2.5 ל,ליטרים,2.50,ליטר,false,6,29.90,11.9600,true,1,189782
7290016513288,false,פטל אדום 250 גר,,,פטל אדום 250 גר,גרמים,250.00,100 גרם,false,1,19.90,7.9600,true,1,174736
7290016513301,false,דומדמנית שחורה 250 ג,,,דומדמנית שחורה 250 גר,גרמים,250.00,100 גרם,false,1,11.90,4.7600,true,1,174727
7290016513332,false,מיקס פירות 250 גר,,,מיקס פירות 250 גר,גרמים,250.00,100 גרם,false,1,11.90,4.7600,true,1,174729
7290016580785,false,מרקיית פרח קרם עם עי,,,מרקיית פרח קרם עם עיטור זהב 10 יח,Unknown,0.00,Unknown,false,1,19.90,0.0000,true,1,199764
7290016580792,false,צלחת פרח 7 קרם עם עי,,,"צלחת פרח 7"" קרם עם עיטור זהב 10 יח",Unknown,0.00,Unknown,false,1,16.90,0.0000,true,1,199761
7290016580815,false,צלחת פרח 10.25 קרם ע,,,"צלחת פרח 10.25"" קרם עם עיטור זהב 10 יח",Unknown,0.00,Unknown,false,1,29.90,0.0000,true,1,199763
7290016667158,false,חרדל דיזון צנצנת 370,קובינור,,חרדל דיזון צנצנת 370 גר,גרמים,370.00,100 גרם,false,1,9.90,2.6757,true,1,175706
7290016667165,false,חרדל דיזון גרגירים 3,קובינור,,חרדל דיזון גרגירים 350 גר,גרמים,350.00,100 גרם,false,1,9.90,2.8286,true,1,175707
7290016667448,false,דובדבן מסוכר 100 גר,פוליבה,,דובדבן מסוכר 100 גר,גרמים,100.00,100 גרם,false,1,8.90,8.9000,true,1,185482
7290016667462,false,פריכיות חסכוני אורז 265 ג',פרח תעשיות,,מארז פריכיות אורז 265 גר,גרמים,265.00,100 גרם,false,1,12.90,4.8679,true,1,185555
7290016667479,false,פריכיות כוסמת מארז גדול 130 ג',פרח תעשיות,,פריכיות כוסמת 130גר,גרמים,130.00,100 גרם,false,1,10.90,8.3846,true,1,185556
7290016667486,false,פריכיות כוסמת דל נתרן 130 ג',פרח תעשיות,,מארז פריכיות כוסמת דל נתרן 130 גר,גרמים,130.00,100 גרם,false,1,10.90,8.3846,true,1,185557
7290016667639,false,שקיות אשפה גופיה ענק 75\90,BAAECO,,שקיות אשפה גופייה ענק 75/90,Unknown,0.00,Unknown,false,1,12.90,0.0000,true,1,194383
7290016667714,false,נייר פרגמנט לעטיפת מזון,,,אריזון נייר פרגמנט לעטיפת מזון,Unknown,0.00,Unknown,false,1,11.90,0.0000,true,1,198637
7290016667776,false,סוכריות קישוט צורות 90 ג',,,סוכריות קישוט צורות 90 גר,גרמים,90.00,100 גרם,false,1,11.90,13.2222,true,1,198636
7290016667813,false,מלח הימלאיה דק 500 גר',,,מלח הימלאיה דק 500 גר,גרמים,500.00,100 גרם,false,1,9.90,1.9800,true,1,202750
7290016667844,false,סוכריות קשות בטעם לימון 230 גר',,,סוכריות קשות בטעם לימון 230 גר,גרמים,230.00,100 גרם,false,12,9.90,4.3043,true,1,201893
7290016667875,false,סוכריות קשות בטעם לי,,,סוכריות קשות בטעם ליצי 230 גר,גרמים,230.00,100 גרם,false,12,9.90,4.3043,true,1,201896
7290016667882,false,סוכריות קשות בטעם מי,,,סוכריות קשות בטעם מיקס פירות 230 גר,גרמים,230.00,100 גרם,false,12,9.90,4.3043,true,1,201892
7290016682038,false,"מיץ תפוזים סחוט 100% טבעי. מפוסטר, מקורר",פריניב,IL,"מיץ תפוזים סחוט טבעי 400 מ""ל",מיליליטרים,400.00,"100 מ""ל",false,1,9.90,2.4750,true,1,196484
7290016682168,false,"פריניב מיץ תפוזים ולנסיה סחוט 100% 400 מ""ל",פריניב,,מיץ תפוז וולנסיה סחוט 100% 400 מל,מיליליטרים,400.00,"100 מ""ל",false,8,9.90,2.4750,true,1,204158
7290016682359,false,מיץ תפוזים שמוטי 2 ליטר,פריניב,IL,מיץ תפוז שמוטי סחוט 2 ל,ליטרים,2.00,ליטר,false,1,26.90,13.4500,true,1,207922
7290016682366,false,מיץ תפוח צלול 2 ליטר,פריניב,IL,מיץ תפוחים צלול 2 ל,ליטרים,2.00,ליטר,false,1,24.90,12.4500,true,1,207923
7290016682373,false,משקה קל לימונדה בלאדי 2 ליטר פריניב,פריניב,IL,מיץ לימונדה בלדי 2 ל,ליטרים,2.00,ליטר,false,1,24.90,12.4500,true,1,207924
7290016682380,false,משקה קל לימונדה לואיזה ולמון גארס 2 ל',פריניב,IL,מיץ לימונדה לואיזה 2 ל,ליטרים,2.00,ליטר,false,1,24.90,12.4500,true,1,207925
7290016682397,false,נקטר פריניב חמוציות,פריניב,IL,נקטר פרי ניב חמוציות 2 ל,ליטרים,2.00,ליטר,false,1,19.90,9.9500,true,1,207926
7290016717051,false,משקה Buzz מוגז בטעם רימון מבוסס יין אדום מתוק,יקבי כרמל Carmel Winery,IL,"יין באז רימון מ""ל",מיליליטרים,750.00,"100 מ""ל",false,12,29.90,3.9867,true,1,195966
7290016717099,false,"יין כרמל סלקטד אדום חצי יבש, 750 מ""ל",יקבי כרמל Carmel Winery,IL,"יין אדום חצי יבש סלקטד 750 מ""ל",מיליליטרים,750.00,"100 מ""ל",false,1,29.90,3.9867,true,1,174587
7290016717754,false,"יין ישן נושן היובל 750 מ""ל",אגודת הכורמים הקואופ,IL,"יין ישן נושן אדום ממותק 750 מ""ל",מיליליטרים,750.00,"100 מ""ל",false,1,22.90,3.0533,true,1,186403
7290016866674,false,"פרודונטקס - משחת שיניים מלבינה 75 מ""ל",פרודונטקס Parodontax,SK,משחת שיניים פרדונטקס מלבינה 75 מל,מיליליטרים,75.00,"100 מ""ל",false,1,29.90,39.8667,true,1,191116
7290017023199,false,"שוויפס מוגז תות ליים פחית סליק 330 מ""ל",,,משקה מוגז שוופס תות ליים פחית סליק 330 מ,מיליליטרים,330.00,"100 מ""ל",false,1,4.90,1.4848,true,1,183949
7290017023205,false,"שוויפס מוגז ענבים פחית סליק 330 מ""ל",,,"משקה מוגז שוופס ענבים פחית סליק 330 מ""ל",מיליליטרים,330.00,"100 מ""ל",false,1,4.90,1.4848,true,1,183948
7290017023212,false,"שוויפס מוגז פירות תפוח מארז רביעייה* 330 מ""ל",יפאורה תבורי,IL,משקה מוגז שוופס פירות תפוח פחית רביעייה,מיליליטרים,1320.00,"100 מ""ל",false,1,14.90,1.1288,true,1,183944
7290017023663,false,"שוופס מיץ פירות לימונייד פחית מארז 330X4מ""ל",יפאורה תבורי,IL,רביעיית פחיות שוופס מוגז פירות למונייד,מיליליטרים,1320.00,"100 מ""ל",false,1,14.90,1.1288,true,1,186045
7290017023670,false,"שוויפס מוגז למונייד פחית סליק 330 מ""ל",,,"שוופס מוגז למונייד פחית סליק 330 מ""ל",מיליליטרים,330.00,"100 מ""ל",false,1,4.90,1.4848,true,1,186046
7290017044019,false,אסותא דלי מטליות לחות לנ.,,,מטליות לחות אסותא לניקוי כללי 400 יח,Unknown,0.00,Unknown,false,1,19.90,0.0000,true,1,177536
7290017058092,false,שיבולת שועל שלמים 60,,,שיבולת שועל שלמים 600 גר,גרמים,600.00,100 גרם,false,1,6.90,1.1500,true,1,180583
7290017058139,false,"רביעיית רסק תפו""ע תות שדה",Cherry growers inc,,רביעיית רסק תפוח עץ עם תות שדה 113 גרם,גרמים,452.00,100 גרם,false,1,12.90,2.8540,true,1,182208
7290017058146,false,רסק תפוחי עץ עם אפרסק,Cherry growers inc,,רביעיית רסק תפוח עץ עם אפרסק,גרמים,452.00,100 גרם,false,1,12.90,2.8540,true,1,182207
7290017058351,false,שלישיית עגבניות מרוסקות * 400 ג' לה פסטה,יכין,,עגבניות מרוסקות לה פסטה 400 גר שלישייה,גרמים,1200.00,100 גרם,false,1,14.90,1.2417,true,1,183611
7290017058887,false,רביעיית טונה בהירה בצ'ילי* 140 ג' מונטרי,,,טונה מונטרי צילי 140 גר רביעייה,גרמים,560.00,100 גרם,false,12,18.90,3.3750,true,1,201217
7290017065007,true,גבינה מוצרלה פרוס 22,,,גבינה מוצרלה פרוס 22% 200 גר,גרמים,200.00,100 גרם,false,1,18.90,9.4500,true,1,176838
7290017065137,false,ריקוטה למריחה 5% טבעית 200 גרם - רובין,האי נאם סי או אל.טי.,IL,גבינה למריחה ריקוטה 5% טבעי 200 גר,גרמים,200.00,100 גרם,false,1,9.90,4.9500,true,1,181825
7290017065236,false,גבינה בולגרית מעודנת 24% גד 250 ג',הנסיך- מפעל לייצור ט,IL,בולגרית מעודנת 24% 250 גר,גרמים,250.00,100 גרם,false,1,22.90,9.1600,true,1,184467
7290017065434,false,פרוסות גבינה גאודה הולנדית חצי קשה 200 גרם בית יוסף,מחלבות גד בעמ,NL,גבינה גאודה בקר פרוסות 200 גר,גרמים,200.00,100 גרם,false,1,21.90,10.9500,true,1,191292
7290017065618,true,גבינה פקורינו פרוס 1,,,גבינה פקורינו פרוס 150 גר,גרמים,150.00,100 גרם,false,,21.90,14.6000,true,1,197066
7290017065731,false,גבינת שמנת 30% ניו יורק +כמהין 200 גרם רבנות,פ.פ.ח. שאביט,IL,גבינת שמנת ניו יורק כמהין 30% 200 גר,גרמים,200.00,100 גרם,false,1,13.90,6.9500,true,1,203256
7290017065786,false,גבינת צ'דר אנגלית גד 210 ג',מחלבות גד,IL,גבינת צדר אנגלית 210 גר,גרמים,210.00,100 גרם,false,12,21.90,10.4286,true,1,205824
7290017105048,false,טבעות ירוקים זיתים י,,,זיתים טבעות יכין 3*200 גר,גרמים,600.00,100 גרם,false,1,13.90,2.3167,true,1,210147
7290017105895,false,גרגרי חומוס להכנת חומוס 550 גרם יכין,זנלכל,IL,גרגרי חומוס מסעדות יכין 550 גר,גרמים,550.00,100 גרם,false,12,9.90,1.8000,true,1,199059
7290017106069,false,יכין קוביות סלק 550 ג',היינץ צפון אמריקה מק,IL,קוביות סלק יכין 550 גר,גרמים,550.00,100 גרם,false,1,8.90,1.6182,true,1,197424
7290017189253,false,קרפ אפוי וופס קפוא 6,מנדלז סי.אר. פרודקשן,BE,קרפ אפוי וופס קפוא 600 גר,גרמים,600.00,100 גרם,false,1,21.90,3.6500,true,1,196207
7290017197562,false,מטליות לחים אמה לניק,,,מטליות לחים אמה לניקוי רצפה 10 יח,Unknown,0.00,Unknown,false,1,9.90,0.0000,true,1,182600
7290017197579,false,מגבונים לחים אמה לני,,,מגבונים לחים אמה לניקוי כללי לימון 50 יח,Unknown,0.00,Unknown,false,1,9.90,0.0000,true,1,182599
7290017217154,false,"תבנית אלומיניום ענקית 4 יח' 40X34 ס""מ",,,תבנית אלומיניום ענקית 4 יח,Unknown,0.00,Unknown,false,1,11.90,0.0000,true,1,186768
7290017217161,false,"תבנית אלומיניום גדולה 7 יח' 32X34 ס""מ",,,תבנית אלומיניום גדולה 7 יח,Unknown,0.00,Unknown,false,1,11.90,0.0000,true,1,186773
7290017217185,false,"תבנית אלומיניום קטנה 16 יח' 22X16 ס""מ",,,תבנית אלומיניום קטנה 16 יח,Unknown,0.00,Unknown,false,1,11.90,0.0000,true,1,186769
7290017217192,false,"תבנית אלומיניום אינגליש 13 יח' 10.5X30ס""מ",,,תבנית אלומיניום אינגליש 13 יח,Unknown,0.00,Unknown,false,1,11.90,0.0000,true,1,186770
7290017217307,false,נרות חימום ריחניים בניחות ורדים 50יח',T.L.CO.LTD,CN,נרות חימום ריחניים בניחוח ורדים 50 יח,Unknown,0.00,Unknown,false,20,14.90,0.0000,true,1,189610
7290017217468,false,שקיות אוכל מנייר הוסט 50 יח',קילת,,שקיות אוכל מנייר 50 יח,Unknown,0.00,Unknown,false,1,7.90,0.0000,true,1,191201
7290017217697,false,כפפות משק בית אלוורה,,,כפפות משק בית אלוורה L,Unknown,0.00,Unknown,false,1,6.90,0.0000,true,1,199519
7290017217802,false,"שקיות אוכל 25 ס""מ זוג 2*150 בשרינק",,,זוג שקיות אוכל הוסטס בשרינק 300 יח,Unknown,0.00,Unknown,false,1,9.90,0.0000,true,1,195061
7290017217826,false,"שקיות זיפר - ענק להקפאה 28 ס""מ",,,שקיות זיפר הוסטס ענק בהקפאה 20 יח,Unknown,0.00,Unknown,false,1,11.90,0.0000,true,1,195062
7290017266053,false,"וופל עלמה לל""ס במילוי קרם טעם לימון 175 גר",גילרו,IL,וופל בלגי לימון ללא סוכר 175 גר,גרמים,175.00,100 גרם,false,1,7.90,4.5143,true,1,182794
7290017275352,false,"עוגת שמרים קרנץ תפו""ע וקינמון 400 גר' אחדות",,,"עוגת שמרים אחווה תפו""ע קינמון 400 גר",גרמים,400.00,100 גרם,false,1,13.90,3.4750,true,1,206183
7290017297149,false,גרגירי חומוס להכנת חומוס ביתי 550 ג',פרי הגליל,,גרגירי חומוס להכנה ביתית 550 גר,גרמים,550.00,100 גרם,false,1,6.90,1.2545,true,1,201312
7290017297200,false,לקט ירקות לצד העוף פרי הגליל 800 ג',פרי הגליל,,לקט ירקות לצד העוף 800 גר,גרמים,800.00,100 גרם,false,1,15.90,1.9875,true,1,201316
7290017297323,false,רוטב עגבניות מרוכז 100 גר' 22 BX טל וטרי,"מילוז(1989)בע""""מ",,רסק עגבניות מרוכז טל 100 גר,גרמים,100.00,100 גרם,false,48,1.90,1.9000,true,1,205627
7290017297620,false,רסק עגבניות A2 BX22 טל וטרי 570 גר',"מילוז(1989)בע""""מ",,רסק עגבניות 22% טל 600 גר,גרמים,570.00,100 גרם,false,1,5.90,1.0351,true,1,97812
7290017297682,false,כרובית מקופאות 800 ג' גרין פריש,גרין אנד פרש Green & Fresh,,כרובית גרין פרש 800 גר,גרמים,800.00,100 גרם,false,12,14.90,1.8625,true,1,208221
7290017457932,false,סוד מרכך כביסה מרוכז פרש קונטרול כחול,הנקל סוד,IL,מרכך כביסה סוד פרש כחול 900 מל,מיליליטרים,900.00,"100 מ""ל",false,1,13.90,1.5444,true,1,208811
7290017513485,false,מחית עגבניות רוסטיקה בלה איטליה 680 ג',היצרן: ס.פ. פודנצנו,IT,מחית עגבניות רוסטיקה 680 גר,גרמים,680.00,100 גרם,false,12,11.90,1.7500,true,1,195074
7290017513782,false,פליפז בייגלה מצופה שוקולד מריר 140 גרם,שוורצקוף& הנקל דיסלד,TR,חטיף בייגלה פליפס מצופה שוקולד מריר 140,גרמים,140.00,100 גרם,false,1,9.90,7.0714,true,1,195373
7290017599236,false,סוכרזית סטיוויה 200 טבליות,סנו מפעלי ברונוס.,IL,סוכרזית סטיוויה 200 טבליות,Unknown,0.00,Unknown,false,15,23.90,0.0000,true,1,206875
7290017599250,false,סוכרזית קלאסי 120 שקיות,ביסקול בע''מ,IL,סוכרזית קלאסי 120 גר,גרמים,120.00,100 גרם,false,1,17.90,14.9167,true,1,211434
7290017599274,false,סוכרזית סטיוויה 120 שקיות,ביסקול בע''מ,IL,סוכרזית סטיביה 120 גר,גרמים,120.00,100 גרם,false,1,36.90,30.7500,true,1,211436
7290017617084,false,סטארקיסט מיקס טוגו טונה עם שעועית 185 גר',דרדנל אוננטאס גידה,TR,מיקס טוגו טונה עם שעועית סטארקיסט 185 גר,גרמים,185.00,100 גרם,false,1,12.90,6.9730,true,1,202183
7290017617091,false,סטארקיסט מיקס טוגו טונה עם פתיתים 185 גר',דרדנל אוננטאס גידה,TR,מיקס טוגו טונה עם פתיתים סטארקיסט 185 גר,גרמים,185.00,100 גרם,false,1,12.90,6.9730,true,1,202184
7290017628073,false,ביצים XL חופש 20 יח,גליקסמן שיווק ביצים,IL,ביצים XL חופש 20 יח,Unknown,0.00,Unknown,false,1,32.90,0.0000,true,1,188302
7290017631905,false,מעדן בקר עם כבש 400,,,מעדן בשר עם כבש 400 גר,גרמים,400.00,100 גרם,false,1,20.90,5.2250,true,1,189314
7290017677811,false,"רוטב סויה קיקומן ללא חומרים משמרים 296 מ""ל",קיקומן פודז אינק,NL,"רוטב סויה קיקומן 296 מ""ל",מיליליטרים,296.00,"100 מ""ל",false,1,12.90,4.3581,true,1,192816
7290017712192,false,פרמיו נתחי פילה עוף לחתול,פרמיו Premio,FR,פרמיו נתחי פילה עוף ועשבי תיבול 100 גר,גרמים,100.00,100 גרם,false,1,3.90,3.9000,true,1,212206
7290017712239,false,פרמיו פטה עוף לכלב 150ג',פרמיו Premio,DE,פרמיו פטה עוף לכלב 150 גר,גרמים,150.00,100 גרם,false,1,3.90,2.6000,true,1,210710
7290017712628,false,סלמון לחתול פאוץ 85 ג הורייזן,,,הורייזן סלמון לחתול פאוץ 85 גר,גרמים,85.00,100 גרם,false,1,4.90,5.7647,true,1,212768
7290017712727,false,פרמיו גור חתולים בקר וכבד,פרמיו Premio,,פרמיו גור בקר וכבד 100 גר,גרמים,100.00,100 גרם,false,1,3.90,3.9000,true,1,210698
7290017712758,false,פרמיו סלמון לחתול,פרמיו Premio,,פרמיו סלמון 100 גר,גרמים,100.00,100 גרם,false,1,3.90,3.9000,true,1,210697
7290017712765,false,פרימו סלמון ופורל לחתול,פרמיו Premio,,פרמיו סלמון ופורל 100 גר,גרמים,100.00,100 גרם,false,1,3.90,3.9000,true,1,212205
7290017712772,false,פרמיו ברק וכבד לחתול,פרמיו Premio,,פרמיו בקר וכבד 100 גר,גרמים,100.00,100 גרם,false,1,3.90,3.9000,true,1,210699
7290017712949,false,פרמיו כריות סטרילייז לחתול,פרמיו Premio,,פרמיו כריות סטרילייז 60 גר,גרמים,60.00,100 גרם,false,1,9.90,16.5000,true,1,212203
7290017715315,false,זית צלוי על הגריל 74,,,זית צלוי על הגריל 740 גר,גרמים,740.00,100 גרם,false,1,19.90,2.6892,true,1,193128
7290017715353,false,זית שחור טאטוס 700 ג,,,זית שחור טאטוס 700 גר,גרמים,700.00,100 גרם,false,1,19.90,2.8429,true,1,193129
7290017715674,false,זית ירוק חרוזית 560 ג' תומר,,,זית ירוק חרוזית 560 גר,גרמים,560.00,100 גרם,false,12,7.90,1.4107,true,1,201209
7290017715704,false,זית מושחר טבעות 560 ג' תומר,,,זית מושחר טבעות 560 גר,גרמים,560.00,100 גרם,false,12,8.90,1.5893,true,1,201211
7290017715803,false,זית שחור מרינט חתוך,עדן,IL,זית שחור מרינט חתוך 560 גר,גרמים,560.00,100 גרם,false,12,8.90,1.5893,true,1,201213
7290017715995,false,מלפפונים בחומץ 10-12 20% 670 גרם,,,מלפפון בחומץ 10-12 +20% תומר 670 גר,גרמים,670.00,100 גרם,false,1,6.90,1.0299,true,1,197767
7290017744162,false,שפרוטים מעושנים ברוט,,,שפרוטים מעושנים ברוטב עגבניות 250 גר,גרמים,250.00,100 גרם,false,12,12.90,5.1600,true,1,197091
7290017746128,false,מארז 10 פיתות ביס לבן,,,פיתות ביס לבן מארז 10 יח,גרמים,550.00,100 גרם,false,1,8.90,1.6182,true,1,201085
7290017746135,false,מארז 10 פיתות ביס כוסמין,,,פיתות ביס כוסמין מארז 10 יח,גרמים,550.00,100 גרם,false,1,14.90,2.7091,true,1,201086
7290017746258,false,לחמניות פרינה 400 גר,מאפיית דוראל,IL,לחמניות פרינה 400 גר רביעייה,גרמים,400.00,100 גרם,false,1,12.90,3.2250,true,1,202333
7290017746272,false,4 יח' פיתה בצל מנקיש,,,פיתה בצל 4 יח 480 גר,גרמים,480.00,100 גרם,false,1,14.90,3.1042,true,1,202858
7290017746289,false,4 יח' פיתה זעתר מנקי,,,פיתה זעתר 4 יח 480 גר,גרמים,480.00,100 גרם,false,1,14.90,3.1042,true,1,202857
7290017746586,false,מארז פיתה 10 יחידות,,,פיתות קמח לבן 10 יח,Unknown,0.00,Unknown,false,1,12.90,0.0000,true,1,210136
7290017812571,false,מיץ ענבים אדום 100% טבעי 1 ליטר,יקבי כרמל Carmel Winery,IL,מיץ ענבים אדום 100% 1 ליטר,ליטרים,1.00,ליטר,false,1,22.90,22.9000,true,1,196346
7290017812847,false,יין סלקטד פרנץ גוורצטרמינר 750 מל,"כד בני דרום בע""מ",IL,יין סלקטד פרנץ גוורצטרמינר 750 מל,מיליליטרים,750.00,"100 מ""ל",false,12,29.90,3.9867,true,1,201953
7290017812885,false,יין קברנה סוביניון בלאן גוורצטרמינר,אגודת הכורמים א.ת אל,IL,יין סובניון בלאן גוורצטרמינר 750 מל,מיליליטרים,750.00,"100 מ""ל",false,12,39.90,5.3200,true,1,203294
7290017871363,false,"סבון ידיים מועשר בשמן מקדמיה פמלי 500 מ""ל יהלום",המאפיה של הרמן,TR,"סבון ידיים פמלי יהלום מעושר בשמן 500 מ""ל",מיליליטרים,500.00,"100 מ""ל",false,1,9.90,1.9800,true,1,196218
7290017873183,false,"סבון ידיים בניחות אשכולית אדומה 500 מ""ל יהלום",,TR,סבון ידיים פמלי יהלום אשכולית אדומה 500,מיליליטרים,500.00,"100 מ""ל",false,12,9.90,1.9800,true,1,209216
7290017888019,false,"משקה תפוח רימון סלק גינגיר פרות &ווג 350 מ""ל",פרוט אנד וג' Fruit & Veg,IL,"משקה פרויט & וג תפוח רימון וסלק 350 מ""ל",מיליליטרים,350.00,"100 מ""ל",false,1,6.90,1.9714,true,1,191706
7290017888026,false,"משקה אננס תפוח גזר פרות & ווג 350 מ""ל",פרוט אנד וג' Fruit & Veg,IL,"משקה פרויט & וג אננס תפוח וגזר 350 מ""ל",מיליליטרים,350.00,"100 מ""ל",false,1,6.90,1.9714,true,1,191707
7290017888033,false,"משקה בננה מלון נענע פרות &ווג 350 מ""ל",פרוט אנד וג' Fruit & Veg,IL,"משקה פרויט & וג בננה מלון ונענע 350 מ""ל",מיליליטרים,350.00,"100 מ""ל",false,1,6.90,1.9714,true,1,191708
7290017888088,false,"פחית סליק שוופס מוגז עדין אפרסק 330 מ""ל",,,משקה מוגז שוופס אפרסק פח סליק 330 מל,מיליליטרים,330.00,"100 מ""ל",false,1,4.90,1.4848,true,1,192596
7290017888095,false,"רביעיית פחיות שוופס מוגז עדין פירות יער 330 מ""ל.",יפאורה תבורי,IL,רביעיית פחיות שוופס מוגז עדין פירות יער,מיליליטרים,1320.00,"100 מ""ל",false,1,14.90,1.1288,true,1,191924
7290017888347,false,מים מינרליים בקבוק ס,"מי עדן בע""מ",,"מים מי עדן 500 מ""ל",מיליליטרים,500.00,"100 מ""ל",false,1,3.90,0.7800,true,1,192473
7290017888354,false,מים מינרליים בקבוק ס,"מי עדן בע""מ",,"מי עדן ספורט 750 מ""ל",מיליליטרים,750.00,"100 מ""ל",false,1,3.90,0.5200,true,1,192358
7290017888361,false,מי עדן בייבי 250 מל,"מי עדן בע""מ",,מי עדן בייבי 250 מל,מיליליטרים,250.00,"100 מ""ל",false,1,2.90,1.1600,true,1,199348
7290017888644,false,"משקה אננס בננה כורכום פרות & ווג 350 מ""ל",פרוט אנד וג' Fruit & Veg,IL,"משקה פרויט & וג אננס בננה כורכום 350 מ""ל",מיליליטרים,350.00,"100 מ""ל",false,1,6.90,1.9714,true,1,197169
7290017888729,false,שוופס סודה בקבוק 1 ל',"יפאורה תבורי בע""מ",IL,סודה שוופס בק 1 ל,ליטרים,1.00,ליטר,false,1,4.90,4.9000,true,1,198042
7290017913148,false,אסותא מרכך כביסה סגו,,,אסותא מרכך כביסה 4 ל סגול,ליטרים,4.00,ליטר,false,1,15.90,3.9750,true,1,191168
7290017913155,false,אסותא מרכך כביסה לבן,,,אסותא מרכך כביסה 4 ל לבן,ליטרים,4.00,ליטר,false,1,15.90,3.9750,true,1,191169
7290017913162,false,אסותא מרכך כביסה כחו,,,אסותא מרכך כביסה 4 ל כחול,ליטרים,4.00,ליטר,false,1,15.90,3.9750,true,1,191170
7290017913520,false,סבון מוצק לבנדר אסות,,,סבון מוצק לבנדר אסותא 4 יח,Unknown,0.00,Unknown,false,1,11.90,0.0000,true,1,205407
7290017925028,false,מארז צרי שוף שלישייה,פארייפאבה אגרואינדוס,BE,מארז בירה שוף צרי שלישייה,Unknown,0.00,Unknown,false,1,39.90,0.0000,true,1,190944
7290017928036,false,מאיר בייגל מקלות גריסיני שומשום 175 ג',מאיר בייגל,,בייגל מאיר מקלות גריסיני שומשום 175 גר,גרמים,175.00,100 גרם,false,1,11.90,6.8000,true,1,195910
7290017928210,false,מאיר בייגל בייגלה גדול שומשום 300 גר',מאיר בייגל,,בייגל מאיר גדול שומשום 250 גר,גרמים,250.00,100 גרם,false,1,11.90,4.7600,true,1,195904
7290017928227,false,מאיר בייגל שטוחהלה פינוקים 300 גר',מאיר בייגל,,בייגל מאיר שטוחלה פינוקים 300 גר,גרמים,300.00,100 גרם,false,1,11.90,3.9667,true,1,195908
7290017928661,false,סמאש שבורים בטעם צ'דר ובצל 300 גרם,מאיר בייגל,,בייגלה סמאש שבורים בטעם צדר 300 גר,גרמים,300.00,100 גרם,false,12,13.90,4.6333,true,1,202387
7290017928821,false,מאיר בייגל מקלות גריסיני קלאסי 200 ג',מאיר בייגל,,בייגל מאיר מקלות גריסיני קלאסי 200 גר,גרמים,200.00,100 גרם,false,1,11.90,5.9500,true,1,195909
7290017973975,false,רצועות קלמר מיובש ומ,,,רצועות קלמר מיובש ומומלח עם פלפל צילי 90,גרמים,90.00,100 גרם,false,1,13.90,15.4444,true,1,205811
7290017973982,false,פרוסות דג שיבוט אלבי,,,פרוסות דג שיבוט אלבין מיובש עם צילי 100,גרמים,100.00,100 גרם,false,1,13.90,13.9000,true,1,205813
7290017973999,false,פרוסות דג שיבוט אלבי,,,פרוסות דג שיבוט אלבין מיובש ומומלח 100,גרמים,100.00,100 גרם,false,1,13.90,13.9000,true,1,205812
7290018023495,false,טחינה גולמית 500ג' סבא חביב,,,טחינה גולמית 500 מל,מיליליטרים,500.00,"100 מ""ל",false,12,14.90,2.9800,true,1,201511
7290018071205,false,כפפות ניטרו כחולות אלסטיות S 100יח',איזיטאצ,CN,S כפפות ניטרו כחולות ללא אבקה 100 יח,Unknown,0.00,Unknown,false,1,19.90,0.0000,true,1,203741
7290018071212,false,כפפות ניטרו כחולות אלסטיות M ללא אבקה 100יח',איזיטאצ,CN,M כפפות ניטרו כחולות ללא אבקה 100 יח,Unknown,0.00,Unknown,false,1,19.90,0.0000,true,1,203742
7290018071229,false,כפפות ניטרו כחולות אלסטיות L ללא אבקה 100יח',איזיטאצ,CN,L כפפות ניטרו כחולות ללא אבקה 100 יח,Unknown,0.00,Unknown,false,1,19.90,0.0000,true,1,203743
7290018071236,false,כפפות ניטרו כחולות אלסטיות XL ללא אבקה 100יח',איזיטאצ,CN,XL כפפות ניטרו כחולות ללא אבקה 100 יח,Unknown,0.00,Unknown,false,1,19.90,0.0000,true,1,203744
7290018071311,false,כיסוי ניילון עם גומי ניצמד 30 יח',אשפלסט,,כיסוי ניילון עם גומי נצמד 30 יח,Unknown,0.00,Unknown,false,1,12.90,0.0000,true,1,204563
7290018071564,false,שקיות אשפה עם שרוך 2,,,שקיות אשפה עם שרוך 20 יח 75*90,Unknown,0.00,Unknown,false,1,14.90,0.0000,true,1,210030
7290018091661,false,פיצה ירקות שוק 380 ג' מעדנות,"מעדנות בע""מ",IL,פיצה משפחתית ירקות שוק 380 גר,גרמים,380.00,100 גרם,false,1,18.90,4.9737,true,1,207086
7290018192658,false,מארז זוג פטריות פורטובלה ושמפיניון מרינה,"מרינה פטריות הגליל בע""מ",IL,צמד איטלקי,Unknown,0.00,Unknown,false,1,15.50,0.0000,true,1,200266
7290018194065,false,אורז בסמטי 1 קילו PRIMO,,,אורז בסמטי 1 קג,קילוגרמים,1.00,"ק""ג",false,1,8.90,8.9000,true,1,211390
7290018219607,false,גרעיני דלעת 200 גר,,,גרעיני דלעת 200 גר,גרמים,200.00,100 גרם,false,1,9.90,4.9500,true,1,197808
7290018219713,false,כוסמת 750 גר,,,כוסמת 750 גר,גרמים,750.00,100 גרם,false,1,10.90,1.4533,true,1,201434
7290018219973,false,טוסקנה 50 ג' זארובי,,,טוסקנה 50 גר,גרמים,50.00,100 גרם,false,1,9.90,19.8000,true,1,204408
7290018294208,false,"סלקטד אדום יין ישראלי, 750 מ""ל","כד בני דרום בע""מ",IL,יין סלקטד אדום ישראלי 750 מל,מיליליטרים,750.00,"100 מ""ל",false,12,29.90,3.9867,true,1,205007
7290018348109,false,סוכר לבן 1 קג,,,סוכר לבן 1 קג,קילוגרמים,1.00,"ק""ג",false,1,4.90,4.9000,true,1,214437
7290018359129,false,פולפה עגבניות מקולפו,זנלכל,IL,פולטה עגבניות חתוכות דק יכין 690 גר,גרמים,690.00,100 גרם,false,1,8.90,1.2899,true,1,201681
7290018359495,false,תירס מהשדה בלי תוספת סוכר יכין 550 גר',היינץ צפון אמריקה מק,IL,תירס מהשדה ללא סוכר יכין 550 גר,גרמים,550.00,100 גרם,false,1,8.90,1.6182,true,1,201679
7290018359860,false,רסק עגבניות ליקופן - מארז זוג,יכין,,רסק עגבניות ליקופן טבעי 2*200 גר,גרמים,400.00,100 גרם,false,1,14.90,3.7250,true,1,210150
7290018359877,false,רסק עגבניות טבעי יכי,יכין,IL,רסק עגבניות טבעי 3*200 גר,גרמים,600.00,100 גרם,false,1,14.90,2.4833,true,1,210151
7290018359952,false,רוטב עגבניות לפסטה יכין 400 גרם,יכין,IL,רוטב עגבניות לפסטה יכין 400 גר,גרמים,400.00,100 גרם,false,1,11.90,2.9750,true,1,210534
7290018359969,false,רוטב עגבניות לפיצה יכין 400 גרם,יכין,IL,רוטב עגבניות לפיצה יכין 400 גר,גרמים,400.00,100 גרם,false,1,11.90,2.9750,true,1,210533
7290018380017,false,מלפפון בחומץ 13-17+ 20 % 670 ג' תומר,,,מלפפון בחומץ תומר 13-17 670 גר,גרמים,670.00,100 גרם,false,1,8.90,1.3284,true,1,198565
7290018380024,false,מלפפון במלח 13-17+ 20 % 670 ג' תומר,,,מלפפון במלח תומר 13-17 670 גר,גרמים,670.00,100 גרם,false,1,8.90,1.3284,true,1,198566
7290018380031,false,מלפפון בחומץ 18-25+ 20 % 670 ג' תומר,,,מלפפון בחומץ תומר 18-25 670 גר,גרמים,670.00,100 גרם,false,1,9.90,1.4776,true,1,198568
7290018380215,false,קורנישוון מיני פיקנט,,,קורנישוון מיני פיקנטי 670 גר,גרמים,670.00,100 גרם,false,1,9.90,1.4776,true,1,200402
7290018380253,false,שימורי מזון מלא לכלבים בוגרים עם עוף,באדי Buddy,,מזון לכלב עוף 400 גר,גרמים,400.00,100 גרם,false,24,4.90,1.2250,true,1,201101
7290018380260,false,מזון לכלב עם כבד 415 ג' BUDDY,Effeffe pet food,,מזון לכלב כבד 400 גר,גרמים,400.00,100 גרם,false,24,4.90,1.2250,true,1,201102
7290018380277,false,שימורים מזון מלא לכלבים בוגרים עם בשר אייל,Effeffe pet food,,מזון לכלב בשר ציד 400 גר,גרמים,400.00,100 גרם,false,1,4.90,1.2250,true,1,201100
7290018380284,false,שימורי מזון מלא לחתולים עם בקר,Effeffe pet food,,מזון לחתול בקר 400 גר,גרמים,400.00,100 גרם,false,24,4.90,1.2250,true,1,201106
7290018380307,false,שימורי מזון מלא לחתולים עם כבד,באדי Buddy,,מזון לחתול בשר כבד 400 גר,גרמים,400.00,100 גרם,false,24,4.90,1.2250,true,1,201104
7290018380314,false,שימורי מזון מלא לחתולים עם דגים,Effeffe pet food,,מזון לחתול דגים 400 גר,גרמים,400.00,100 גרם,false,24,4.90,1.2250,true,1,201108
7290018380321,false,שימורי מזון מלא לחתולים עם בשר אייל,Effeffe pet food,,מזון לחתול בשר ציד 400 גר,גרמים,400.00,100 גרם,false,24,4.90,1.2250,true,1,201107
7290018380482,false,"אורז תאילנדי 1 ק""ג 20X",,,אורז תאילנדי תומר 1 קג,קילוגרמים,1.00,"ק""ג",false,1,6.90,6.9000,true,1,204599
7290018380499,false,אורז יסמין הום מלי ת,,,אורז יסמין הום מלי תומר 1 קג,קילוגרמים,1.00,"ק""ג",false,1,9.90,9.9000,true,1,204601
7290018380741,false,דפי בצק פילו עגולים 500 גר' X16,,,דפי בצק פילו עגולים 500 גר,גרמים,500.00,100 גרם,false,1,15.90,3.1800,true,1,210398
7290018380772,false,שמן סויה תומר 1 ל,,,שמן סויה תומר 1 ל,ליטרים,1.00,ליטר,false,1,10.90,10.9000,true,1,209275
7290018380871,false,פטיסון כבוש שלם תומר,Polan polsko francus,,פטיסון כבוש שלם תומר 670 גרם,גרמים,670.00,100 גרם,false,1,16.90,2.5224,true,1,207172
7290018400661,false,לקט פאייה בסגנון ספרדי סנפרוסט 800 ג',"סנפרוסט בע""מ",IL,לקט פאייה בסגנון ספרדי סנפרוסט 800 גר,גרמים,800.00,100 גרם,false,12,19.90,2.4875,true,1,205140
7290018440193,false,בייגלה בציפוי קרם בטעם חמאת בוטנים פליפז 140 גר',שוורצקוף& הנקל דיסלד,TR,בייגלה בציפוי קרם חמאת בוטנים 140 גר,גרמים,140.00,100 גרם,false,8,9.90,7.0714,true,1,201671
7290018440209,false,בייגלה בציפוי פאדג' לבן פליפז 140 גר',שוורצקוף& הנקל דיסלד,TR,בייגלה בציפוי פאדג לבן 140 גר,גרמים,140.00,100 גרם,false,8,9.90,7.0714,true,1,201672
7290018440254,false,צ'אי קרמל מלוח 25 שק' ויסוצקי,קריות זול,IL,תה חווית צאי קרמל מלוח 25 שק,Unknown,0.00,Unknown,false,1,17.90,0.0000,true,1,205831
7290018440483,false,בייגלה מצופה קרמל מלוח ושוקולד פליפז 140 גר',שוורצקוף& הנקל דיסלד,TR,בייגלה פליפז מצופה קרמל מלוח ושוקולד 140,גרמים,140.00,100 גרם,false,8,9.90,7.0714,true,1,204999
7290018441626,false,גלידת פיינטים מנטה עוגיות 430 ג' בן וג'ירי,מוצרי איכות אמריקאיי,IL,גלידת מנטה עוגיות בטעם שוקולד 500 מל,מיליליטרים,500.00,"100 מ""ל",false,1,19.90,3.9800,true,1,207173
7290018471029,false,"סודה בטעם לימון - מארז 6 בקבוקים 500 מ""ל",יפאורה תבורי בעמ,IL,סודה שוופס לימון 500 מל שישייה,ליטרים,3.00,ליטר,false,1,15.90,5.3000,true,1,201025
7290018471180,false,פרוט&ווג אננס תפוח גזר 1 ליטר,פרוט אנד וג' Fruit & Veg,IL,פרוט ווג אננס תפוח גזר 1 ל,ליטרים,1.00,ליטר,false,1,12.90,12.9000,true,1,203753
7290018471197,false,פרוט&ווג' תפוח בננה מלון נענע 1 ליטר,פרוט אנד וג' Fruit & Veg,IL,פרוט ווג תפוח בננה מלון נענע 1 ל,ליטרים,1.00,ליטר,false,1,12.90,12.9000,true,1,203754
7290018471210,false,ספרינג קרטונית אגס סברס תפוח 1 ליטר,"יפאורה תבורי בע""מ",IL,ספרינג אגס סברס תפוח 1 ל,ליטרים,1.00,ליטר,false,1,6.90,6.9000,true,1,203047
7290018471302,false,"מארז רביעייה שוויפס טוניק 250מ""ל",יפאורה תבורי בעמ,IL,שוופס טוניק 250 מל רביעייה,מיליליטרים,1000.00,"100 מ""ל",false,1,22.90,2.2900,true,1,202323
7290018471395,false,פרוט&ווג' תפוח רימון סלק ג'ינג'ר 1 ליטר,פרוט אנד וג' Fruit & Veg,IL,פרוט ווג תפוח רימון סלק גינגר 1 ל,ליטרים,1.00,ליטר,false,1,12.90,12.9000,true,1,203756
7290018471401,false,פרוט&ווג' אננס בננה כורכום 1 ליטר,פרוט אנד וג' Fruit & Veg,IL,פרוט ווג אננס בננה כורכום 1 ל,ליטרים,1.00,ליטר,false,1,12.90,12.9000,true,1,203755
7290018471449,false,ספרינג שייק בננה תמר תפוז קרטונית 1 ליטר,"יפאורה תבורי בע""מ",IL,ספרינג שייק בננה תמר תפוז 1 ל,ליטרים,1.00,ליטר,false,1,10.90,10.9000,true,1,205187
7290018471456,false,ספרינג שייק אננס מנגו פסיפלורה 1 ליטר,"יפאורה תבורי בע""מ",IL,ספרינג שייק אננס מנגו פסיפלורה 1 ל,ליטרים,1.00,ליטר,false,1,10.90,10.9000,true,1,205188
7290018471470,false,תפוזינה נקטר תפוז פסיפלורה קרטונית 1 ליטר,"יפאורה תבורי בע""מ",IL,נקטר תפוזינה תפוז פסיפלורה 1 ל,ליטרים,1.00,ליטר,false,1,6.90,6.9000,true,1,203751
7290018471487,false,תפוזינה נקטר תפוז אננס קרטונית 1 ליטר,"יפאורה תבורי בע""מ",IL,נקטר תפוזינה תפוז אננס 1 ל,ליטרים,1.00,ליטר,false,1,6.90,6.9000,true,1,203749
7290018471616,false,שוופס אינדיאן טוניק 1 ל',"יפאורה תבורי בע""מ",IL,שוופס אינדיאן טוניק 1 ל,ליטרים,1.00,ליטר,false,1,9.90,9.9000,true,1,204555
7290018471623,false,שוופס טוניק אשכוליות ליצ`י 1 ל',"יפאורה תבורי בע""מ",IL,שוופס טוניק אשכוליות ליצי 1 ל,ליטרים,1.00,ליטר,false,1,9.90,9.9000,true,1,204557
7290018471630,false,שוופס טוניק מלפפון ליים 1 ל',"יפאורה תבורי בע""מ",IL,שוופס טוניק מלפפון ליים 1 ל,ליטרים,1.00,ליטר,false,1,9.90,9.9000,true,1,204556
7290018471692,false,ספרינג שייק בננה אננס קוקוס פירות יער קרטונית 1 ליטר,"יפאורה תבורי בע""מ",IL,ספרינג שייק בננה קוקוס פירות יער 1 ל,ליטרים,1.00,ליטר,false,1,10.90,10.9000,true,1,205186
7290018471906,false,שוופס מוגז פירות לימונדה ורודה 1.5 ליטר פיקדון,"יפאורה תבורי בע""מ",IL,מים שוופס מוגז לימונדה ורודה 1.5 ל,ליטרים,1.50,ליטר,false,1,8.90,5.9333,true,1,207780
7290018471913,false,שוופס מוגז פירות תפוחים 1.5 ל',"יפאורה תבורי בע""מ",IL,משקה פירות מוגז שוופס 1.5 ל,ליטרים,1.50,ליטר,false,1,8.90,5.9333,true,1,207781
7290018471920,false,שוופס מוגז פירות ענבים 1.5 ליטר פיקדון,"יפאורה תבורי בע""מ",IL,משקה ענבים מוגז שוופס 1.5 ל,ליטרים,1.50,ליטר,false,1,8.90,5.9333,true,1,207782
7290018471937,false,שוופס מוגז פירות תות ליים 1.5 ליטר פיקדון,"יפאורה תבורי בע""מ",IL,משקה מוגז שוופס תות ליים 1.5 ל,ליטרים,1.50,ליטר,false,1,8.90,5.9333,true,1,207783
7290018471944,false,שוופס מוגז פירות לימונייד 1.5 ליטר פיקדון,"יפאורה תבורי בע""מ",IL,מים שוופס מוגז לימונדה 1.5 ל,ליטרים,1.50,ליטר,false,1,8.90,5.9333,true,1,207784
7290018471951,false,שוופס מוגז פירות אשכולית אדומה 1.5 ליטר פיקדון,"יפאורה תבורי בע""מ",IL,משקה פירות מוגז שוופס 1.5 ל,ליטרים,1.50,ליטר,false,1,8.90,5.9333,true,1,207785
7290018516041,false,פרמיו דליקט עוף לחתול,פרמיו Premio,,פרמיו דליקט עוף 56 גר,גרמים,56.00,100 גרם,false,1,9.90,17.6786,true,1,210701
7290018516324,false,פאוץ תפוח ושבולת שועל 120 ג' פירונק,,,פאוץ פרינוק תפוח ושיבולת שועל 120 גר,גרמים,120.00,100 גרם,false,1,4.90,4.0833,true,1,204361
7290018516331,false,פאוץ תפוח בננה שבולת שועל 120 ג' פירונק,,,פאוץ פרינוק תפוח בננה ושיבולת שועל 120 ג,גרמים,120.00,100 גרם,false,1,4.90,4.0833,true,1,204362
7290018516348,false,מחית פרינוק פאוץ' שיבולת שועל סלט פירות 120 גרם,,,פאוץ פרינוק סלט פירות ושיבולת שועל 120 ג,גרמים,120.00,100 גרם,false,1,4.90,4.0833,true,1,204363
7290018516362,false,מחיט תפוח עץ בננה ושבולות שועל 190 ג' פרינוק גוניור,,,גוניור תפוע בננה ושיבולת שועל 190 גר,גרמים,190.00,100 גרם,false,1,5.90,3.1053,true,1,208862
7290018516959,false,"פרמיו סופרים עופות לכלב מגזע ננסי 3 ק""ג",פרמיו Premio,,פרמיו סופרים עופות לכלב מגזע ננסי 3 קג,קילוגרמים,3.00,"ק""ג",false,1,49.90,16.6333,true,1,212764
7290018517031,false,טורטיות עם קמח כוסמי,,,"טורטיות בתוספת קמח כוסמין 20 ס""מ 8 יח",גרמים,360.00,100 גרם,false,1,10.90,3.0278,true,1,203896
7290018517208,false,עוגיות קרם סנדוויץ' 360 גר',,,עוגיות קרם סנדוויץ חום לבן 360 גר,גרמים,360.00,100 גרם,false,1,9.90,2.7500,true,1,204987
7290018517260,false,זרעי פשתן 100% טבעי הנמל 400 ג',,,זרעי פשתן 100% טבעי 400 גר,גרמים,400.00,100 גרם,false,1,9.90,2.4750,true,1,204988
7290018517321,false,קוואקר אינסטנט נאמן שקית 500 ג',ר.ס.,,שיבולת שועל בשקית 500 גר,גרמים,500.00,100 גרם,false,1,9.90,1.9800,true,1,209819
7290018517529,false,עוגיות קרם סנדוויץ 900 גרם,,,עוגיות קרם סנדוויץ חסכוני 900 גר,גרמים,900.00,100 גרם,false,1,17.90,1.9889,true,1,212838
7290018517543,false,"עוגיות וניל ממולאות, 160 גרם",,,עוגיות וניל ממולאות קרם בטעם שוקולד 160,גרמים,160.00,100 גרם,false,1,5.90,3.6875,true,1,212839
7290018517550,false,עוגיות במילוי בטעם שוקולד 160ג',,,עוגיות שוקו ממולאות קרם בטעם שוקולד 160,גרמים,160.00,100 גרם,false,1,5.90,3.6875,true,1,212840
7290018542774,false,"צלחת 9"" מתכלה 100 יח",,,"צלחת 9"" מתכלה 100 יח",Unknown,0.00,Unknown,false,1,39.90,0.0000,true,1,208934
7290018553008,false,ערק לימון דודו 750 מ,,,ערק לימון דודו 750 מל,מיליליטרים,750.00,"100 מ""ל",false,12,79.90,10.6533,true,1,201488
7290018565896,false,כוסות נייר שתייה חמה,,,כוסות נייר שתייה חמה 50 יח,Unknown,0.00,Unknown,false,1,9.90,0.0000,true,1,210621
7290018652671,false,גלידה קרמריה שוקולד ווניל 1.4 ליטר,נסטלה,IL,לה קרמריה תו אייל 1.4 ל,ליטרים,1.40,ליטר,false,1,21.90,15.6429,true,1,208736
7290018652688,false,לה קרמריה טרופי ופירות אדומים 1.4 ל' נסטלה,גלידות נסטלה,IL,לה קרמריה טרופי ופירות אדומים 1.4 ל,ליטרים,1.40,ליטר,false,1,21.90,15.6429,true,1,208737
7290018710173,false,פולי קפה זהב נגרו 50,,,פולי קפה זהב נגרו 500 גר,גרמים,500.00,100 גרם,false,1,29.90,5.9800,true,1,204992
7290018710395,false,סוכר דמררה צנצנת 1 ק,,,סוכר דמררה צנצנת 1 קג,קילוגרמים,1.00,"ק""ג",false,1,13.90,13.9000,true,1,208287
7290018792858,false,אבקת קקאו טבעי 500 גרם,,,אבקת קקאו טבעי 500 גר,גרמים,500.00,100 גרם,false,1,24.90,4.9800,true,1,211023
7290018825020,true,תפוח אדמה לבן גורמה,ביכורי שדה דרום 2002,,תפוח אדמה לבן גורמה דוד משה,קילוגרמים,1.00,"ק""ג",true,,6.90,6.9000,true,1,205890
7290018889404,false,עוגת פס רד וולוט נטלי 550 ג' נטלי,,,פס רד וולוט 550 גר,גרמים,550.00,100 גרם,false,1,43.90,7.9818,true,1,210841
7290018893074,false,עוגת שכבות עם ליקר וניל -צ'וקטה,בלקוני,,עוגת שכבות שוקולד צוקטה 400 גר,גרמים,400.00,100 גרם,false,1,11.90,2.9750,true,1,206291
7290018893081,false,עוגות מגולגלות במילוי קרם חלבי וציפוי בטעם שוקולד,צ'וקטה Chocketa,,עוגה אישית צוקטה מגולגלת חלב 222 גר,גרמים,222.00,100 גרם,false,1,8.90,4.0090,true,1,205886
7290018893098,false,צ'וקטה ביסקוויט מצופה שוקולד חלב 100 גרם משולש K,צ'וקטה Chocketa,,ביסקוויט מצופה שוקולד חלב צוקטה 100 גר,גרמים,100.00,100 גרם,false,1,6.90,6.9000,true,1,212044
7290018893111,false,צ'וקטה שוקולד מריר בלגי 70% 100 גרם משולש K,צ'וקטה Chocketa,BE,שוקולד צקטה מריר 70% 100 גר,גרמים,100.00,100 גרם,false,28,8.90,8.9000,true,1,208779
7290018893128,false,צ'וקטה שוקולד חלב בלגי 34% 100 גרם משולש K,צ'וקטה Chocketa,BE,שוקולד צקטה חלב 34% 100 גר,גרמים,100.00,100 גרם,false,28,7.80,7.8000,true,1,208780
7290018893135,false,מקלות אפויים בתוספת מלח Salty,צ'וקטה Chocketa,,צוקטה גריסיני מלח 120 גר,גרמים,120.00,100 גרם,false,1,7.90,6.5833,true,1,211166
7290018893142,false,מקלות אפויים בתוספת שמן זית Salty,צ'וקטה Chocketa,,צוקטה גריסיני שמן זית 120 גר,גרמים,120.00,100 גרם,false,1,7.90,6.5833,true,1,211168
7290018893258,false,צ'וקטה עוגות אישיות קרם קרמל 300 ג',צ'וקטה Chocketa,,עוגות אישיות צוקטה בטעם קרמל 300 גר,גרמים,300.00,100 גרם,false,12,11.90,3.9667,true,1,205281
7290018893289,false,עוגות מגולגלות בטעם קקאו - 6 יחידות במארז,צ'וקטה Chocketa,,עוגה אישית צוקטה מגולגלת קקאו 222 גר,גרמים,222.00,100 גרם,false,1,8.90,4.0090,true,1,205885
7290018893319,false,צ'וקטה שוקולד מריר בלגי 85% 100 גרם משולש K,צ'וקטה Chocketa,BE,שוקולד צקטה מריר 85% 100 גר,גרמים,100.00,100 גרם,false,28,8.90,8.9000,true,1,208778
7290018893333,false,צ'וקטה קרקרים במליחות מעודנת 500 גרם,סטרופוופל,PT,קרקר מלוח מעודן צוקטה 500 גר,גרמים,500.00,100 גרם,false,1,14.90,2.9800,true,1,213091
7290018893401,false,שוקולד מריר פרימיום 70% 100 גרם צ'וקטה איגוד רבנים,צ'וקטה Chocketa,ES,שוקולד צקטה מריר 70% 100 גר,גרמים,100.00,100 גרם,false,20,8.90,8.9000,true,1,207342
7290018893531,false,צ'וקטה קרקרים מלוחים 500 גרם,סטרופוופל,PT,קרקרים מלוחים צוקטה 500 גר,גרמים,500.00,100 גרם,false,1,14.90,2.9800,true,1,213090
7290018893609,false,שוקולד מריר פרימיום 85% 100 גרם איגוד רבנים,צ'וקטה Chocketa,ES,שוקולד צקטה מריר 85% 100 גר,גרמים,100.00,100 גרם,false,20,8.90,8.9000,true,1,207343
7290018893708,false,עוגיות סנדוויץ' במילוי קרם בטעם שוקולד,צ'וקטה Chocketa,,עוגיות סנדוויץ שוקו צוקטה 250 גר,גרמים,250.00,100 גרם,false,1,6.90,2.7600,true,1,212042
7290018893753,false,צ'וקטה וופל חמאה בטעם לימון 100 ג,,,עלי וופל חמאה דקים לימון צוקטה 100 גר,גרמים,100.00,100 גרם,false,1,9.90,9.9000,true,1,211906
7290018893807,false,צ'וקטה - שוקולד מריר שלישייה 3 * 100 גרם,צ'וקטה Chocketa,,שוקולד מריר 60% צוקטה 300 גר,גרמים,300.00,100 גרם,false,1,12.90,4.3000,true,1,206296
7290018893906,false,עוגיות סנדוויץ' במילוי קרם בטעם וניל,צ'וקטה Chocketa,,עוגיות סנדוויץ וניל צוקטה 250 גר,גרמים,250.00,100 גרם,false,1,6.90,2.7600,true,1,212043
7290018893913,false,"צ`וקטה ממרח אגוזי לוז עם מקלות גריסיני קקאו, 52 גרם",,,מקלות גריסיני עם ממרח צוקטה 52 גר,גרמים,52.00,100 גרם,false,1,5.90,11.3462,true,1,208539
7290018893951,false,עוגיות וופל חמאה קינמון 100 ג',,BE,עוגיות וופל חמאה קינמון צוקטה 100 גר,גרמים,100.00,100 גרם,false,12,9.90,9.9000,true,1,212240
7290018894002,false,בלקוני וופל קוביות קקאו 250 גרם חלבי OU,בלקוני Balconi,IT,וופל קוביות קקאו בלקוני 250 גר,גרמים,250.00,100 גרם,false,1,10.90,4.3600,true,1,213843
7290018894071,false,צ'וקטה מארז סביבון לחנוכה,צ'וקטה Chocketa,IL,מארז סביבון לחנוכה 225 גר,גרמים,225.00,100 גרם,false,1,15.90,7.0667,true,1,213839
7290018894200,false,בלקוני וופל קוביות ויל 250 גרם חלבי OU,בלקוני Balconi,IT,וופל קוביות וניל בלקוני 250 גר,גרמים,250.00,100 גרם,false,1,10.90,4.3600,true,1,213842
7290018894408,false,קוביות וופל במילוי קרם אגוזי לוז - חלבי,בלקוני Balconi,IT,וופל קוביות אגוזי לוז בלקוני 250 גר,גרמים,250.00,100 גרם,false,1,10.90,4.3600,true,1,213841
7290018925065,false,פרימור מיץ תפוזים סחוט 2 ליטר,פרימור,IL,מיץ תפוזים סחוט פרימור 2 ל,ליטרים,2.00,ליטר,false,4,29.90,14.9500,true,1,208095
7290018972137,false,נקטר חמוציות 1 ל,,,נקטר חמוציות 1 ל,ליטרים,1.00,ליטר,false,1,12.90,12.9000,true,1,208214
7290018972151,false,נאגטס תירס 500 גר,,,נאגטס תירס 500 גר,גרמים,500.00,100 גרם,false,1,16.90,3.3800,true,1,208212
7290018972366,false,"פרוזן אדממה 1 ק""ג",,,אדממה 1 קג,קילוגרמים,1.00,"ק""ג",false,10,15.90,15.9000,true,1,209044
7290018972762,false,נודלס טעם עוף להכנה מהירה 72 גרם,,,נודלס מנה חמה עוף 72 גר,גרמים,72.00,100 גרם,false,1,5.90,8.1944,true,1,210402
7290018972786,false,נודלס טעם ירקות להכנה מהירה 72 גרם,,,נודלס מנה חמה ירקות 72 גר,גרמים,72.00,100 גרם,false,1,5.90,8.1944,true,1,210403
7290018989081,false,חומוס הבית להכנת חומוס טרי יכין,זנלכל,IL,חומוס הבית להכנת חומוס טרי 410 גר,גרמים,410.00,100 גרם,false,1,7.90,1.9268,true,1,210531
7290018989128,false,סירופ בטעם ענבים יכין 1 ליטר,זנלכל,IL,סירופ בטעם ענבים יכין 1 ל,ליטרים,1.00,ליטר,false,1,19.90,19.9000,true,1,210530
7290019056027,false,שוופס מוגז פירות תפוחים ללא סוכר 1.5 ליטר פיקדון,"יפאורה תבורי בע""מ",IL,משקה פירות מוגז שוופס תפוח ללא סוכר 1.5,ליטרים,1.50,ליטר,false,1,8.90,5.9333,true,1,207786
7290019056034,false,שוופס מוגז פירות אננס ללא סוכר 1.5 ליטר פיקדון,"יפאורה תבורי בע""מ",IL,משקה פירות מוגז אננס 1.5 ל,ליטרים,1.50,ליטר,false,1,8.90,5.9333,true,1,207787
7290019056041,false,שוופס מוגז פירות לימונייד ללא סוכר 1.5 ליטר פיקדון,"יפאורה תבורי בע""מ",IL,משקה פירות מוגז שוופס למונייד ללא סוכר,ליטרים,1.50,ליטר,false,1,8.90,5.9333,true,1,207788
7290019056058,false,שוופס מוגז עדין תפוח ליים 1.5 ליטר פיקדון,"יפאורה תבורי בע""מ",IL,שוופס מוגז עדין תפוח 1.5 ל,ליטרים,1.50,ליטר,false,1,8.90,5.9333,true,1,207774
7290019056072,false,שוופס מוגז עדין אננס 1.5 ליטר פיקדון,"יפאורה תבורי בע""מ",IL,מים שוופס מוגז עדין אננס 1.5 ל,מיליליטרים,1500.00,"100 מ""ל",false,1,8.90,0.5933,true,1,207776
7290019056089,false,שוופס מוגז עדין ענבי ריזלינג 1.5 ליטר פיקדון,"יפאורה תבורי בע""מ",IL,שוופס מוגז עדין ריזלינג 1.5 ל,ליטרים,1.50,ליטר,false,1,8.90,5.9333,true,1,207777
7290019056157,false,שוופס סודה פירות יער 1.5 ליטר בק' בודד פיקדון,,,סודה שוופס פירות יער 1.5 ל,ליטרים,1.50,ליטר,false,1,3.90,2.6000,true,1,207773
7290019056164,false,שוופס סודה 1.5 ליטר רביעייה פיקדון,"יפאורה תבורי בע""מ",IL,שוופס סודה 1.5 ל רביעיה,ליטרים,6.00,ליטר,false,1,11.90,1.9833,true,1,207764
7290019056171,false,שוופס סודה לימון 1.5 ליטר רביעייה פיקדון,"יפאורה תבורי בע""מ",IL,סודה שוופס לימון 1.5 ל רביעיה,ליטרים,6.00,ליטר,false,1,11.90,1.9833,true,1,207766
7290019056188,false,שוופס סודה נענע ליים 1.5 ליטר רביעייה פיקדון,"יפאורה תבורי בע""מ",IL,סודה שוופס נענע ליים 1.5 ל רביעיה,ליטרים,6.00,ליטר,false,1,11.90,1.9833,true,1,207768
7290019056201,false,שוופס סודה פירות יער 1.5 ליטר רביעייה פיקדון,"יפאורה תבורי בע""מ",IL,סודה שוופס פירות יער 1.5 ל רביעיה,ליטרים,6.00,ליטר,false,1,11.90,1.9833,true,1,207772
7290019056232,false,משקה מוגז בטעם ליים מוחיטו 1.5 ל' שוופס,"יפאורה תבורי בע""מ",IL,שוופס ליים מוחיטו 1.5 ל,ליטרים,1.50,ליטר,false,1,8.90,5.9333,true,1,207779
7290019056256,false,שוופס מים בטעמים תפוחים 1.5 ליטר פיקדון,"יפאורה תבורי בע""מ",IL,מים שוופס ווטר בטעם תפוח 1.5 ל,מיליליטרים,1500.00,"100 מ""ל",false,1,7.90,0.5267,true,1,207760
7290019056270,false,שוופס מים בטעמים פירות יער 1.5 ליטר פיקדון,"יפאורה תבורי בע""מ",IL,מים שוופס פירות יער 1.5 ל,ליטרים,1.50,ליטר,false,1,7.90,5.2667,true,1,207762
7290019056287,false,שוופס מים בטעמים אפרסק ללא סוכר 1.5 ליטר פיקדון,"יפאורה תבורי בע""מ",IL,משקה שוופס ווטר אפרסק 0 קולוריות 1.5 ל,ליטרים,1.50,ליטר,false,1,7.90,5.2667,true,1,207763
7290019056300,false,משקה בטעם ביטר לימון 1.5 ל' שוויפס,"יפאורה תבורי בע""מ",IL,שוופס ביטר 1.5 ל,ליטרים,1.50,ליטר,false,1,13.90,9.2667,true,1,207798
7290019056317,false,שוופס ראשן 1.5 ליטר פיקדון,"יפאורה תבורי בע""מ",IL,שוופס רוסציאן 1.5 ל,ליטרים,1.50,ליטר,false,1,13.90,9.2667,true,1,207799
7290019056324,false,שוופס טוניק 1.5 ליטר פיקדון,"יפאורה תבורי בע""מ",IL,שוופס טוניק 1.5 ל,ליטרים,1.50,ליטר,false,1,13.90,9.2667,true,1,207800
7290019056331,false,שוופס טוניק ללא סוכר 1.5 ליטר פיקדון,"יפאורה תבורי בע""מ",IL,שוופס טוניק ללא סוכר 1.5 ל,ליטרים,1.50,ליטר,false,1,13.90,9.2667,true,1,207801
7290019056355,false,משקה בטעם לימונענע עם חתיכות פרי,"יפאורה תבורי בע""מ",IL,משקה תפוזינה מיקס לימונענע 1.5 ל,ליטרים,1.50,ליטר,false,1,8.90,5.9333,true,1,207740
7290019056362,false,תפוזינה ענבים 1.5 ליטר פיקדון,"יפאורה תבורי בע""מ",IL,תפוזינה ענבים 1.5 ל,ליטרים,1.50,ליטר,false,1,8.90,5.9333,true,1,207741
7290019056379,false,תפוזינה תפוזים 1.5 ליטר פיקדון,"יפאורה תבורי בע""מ",IL,תפוזינה תפוזים 1.5 ל,ליטרים,1.50,ליטר,false,1,8.90,5.9333,true,1,207742
7290019056386,false,פתוזינה אשכולית 1.5 ליטר פיקדון,"יפאורה תבורי בע""מ",IL,תפוזינה אשכולית 1.5 ל,ליטרים,1.50,ליטר,false,1,8.90,5.9333,true,1,207743
7290019056393,false,תפוזינה תות בננה 1.5 ליטר פיקדון,"יפאורה תבורי בע""מ",IL,תפוזינה תות בננה 1.5 ל,ליטרים,1.50,ליטר,false,1,8.90,5.9333,true,1,207744
7290019056416,false,מיץ בטעם לימונדה ורודה 1.5 ל' תפוזינה,"יפאורה תבורי בע""מ",IL,תפוזינה לימונדה 1.5 ל,ליטרים,1.50,ליטר,false,1,8.90,5.9333,true,1,207746
7290019056423,false,מיץ בטעם תפוח רענן 1.5ל' תפוזינה,"יפאורה תבורי בע""מ",IL,משקה תפוזינה תפוח 1.5 ל,ליטרים,1.50,ליטר,false,1,8.90,5.9333,true,1,207747
7290019056430,false,תפוזינה תפוזים לייט 1.5 ליטר פיקדון,"יפאורה תבורי בע""מ",IL,תפוזינה תפוזים דיאט 1.5 ל,ליטרים,1.50,ליטר,false,1,8.90,5.9333,true,1,207748
7290019056478,false,ספרינג טי קר אפרסק 1.5ליטר פיקדון,"יפאורה תבורי בע""מ",IL,תה ספרינג אפרסק 1.5 ל,ליטרים,1.50,ליטר,false,1,7.90,5.2667,true,1,207750
7290019056485,false,ספריג תה ירוק לימון לואיזה 1.5 ליטר פיקדון,"יפאורה תבורי בע""מ",IL,תה ספרינג תה ירוק 1.5 ל,מיליליטרים,1500.00,"100 מ""ל",false,1,7.90,0.5267,true,1,207751
7290019056508,false,פרוט ווטר ענבים 1.5 ליטר פיקדון,"יפאורה תבורי בע""מ",IL,משקה פרויט ווטר ענבים 1.5 ל,ליטרים,1.50,ליטר,false,1,8.90,5.9333,true,1,207754
7290019056515,false,פרוט ווטר אננס 1.5 ליטר פיקדון,"יפאורה תבורי בע""מ",IL,משקה פרויט ווטר אננס 1.5 ל,ליטרים,1.50,ליטר,false,1,8.90,5.9333,true,1,207755
7290019056522,false,פרוט ווטר תות 1.5 ליטר פיקדון,"יפאורה תבורי בע""מ",IL,משקה פרויט ווטר תות 1.5 ל,ליטרים,1.50,ליטר,false,1,8.90,5.9333,true,1,207756
7290019056539,false,פרוט ווטר אפרסק 1.5 ליטר פיקדון,"יפאורה תבורי בע""מ",IL,משקה פרויט ווטר אפרסק 1.5 ל,ליטרים,1.50,ליטר,false,1,8.90,5.9333,true,1,207757
7290019056546,false,פרוט ווטר אבטיח 1.5 ליטר פיקדון,"יפאורה תבורי בע""מ",IL,משקה פרויט ווטר אבטיח 1.5 ל,ליטרים,1.50,ליטר,false,1,8.90,5.9333,true,1,207758
7290019056553,false,עין גדי מים מינרלים 2 ליטר*6 יח',עין גדי מים מינרליים,IL,מים מינרלים עין גדי 2 ל שישיה,ליטרים,12.00,ליטר,false,1,12.90,1.0750,true,1,207817
7290019056577,false,ספרינג מנגו 1.5 ליטר פיקדון,"יפאורה תבורי בע""מ",IL,ספרינג מנגו 1.5 ל,מיליליטרים,1500.00,"100 מ""ל",false,1,8.90,0.5933,true,1,207730
7290019056584,false,ספרינג תפוזים 1.5 ליטר פיקדון,"יפאורה תבורי בע""מ",IL,ספרינג תפוז 1.5 ל,מיליליטרים,1500.00,"100 מ""ל",false,1,8.90,0.5933,true,1,208190
7290019056591,false,ספרינג ענבים 1.5 ליטר פיקדון,"יפאורה תבורי בע""מ",IL,ספרינג ענבים 1.5 ל,מיליליטרים,1500.00,"100 מ""ל",false,1,8.90,0.5933,true,1,207731
7290019056607,false,ספרינג תפוחים 1.5 ליטר פיקדון,"יפאורה תבורי בע""מ",IL,ספרינג תפוחים 1.5 ל,מיליליטרים,1500.00,"100 מ""ל",false,1,8.90,0.5933,true,1,207732
7290019056614,false,ספרינג אפרסק 1.5 ליטר פיקדון,"יפאורה תבורי בע""מ",IL,ספרינג אפרסק 1.5 ל,ליטרים,1.50,ליטר,false,1,8.90,5.9333,true,1,207733
7290019056621,false,ספרינג פירות טרופיים 1.5 ליטר פיקדון,"יפאורה תבורי בע""מ",IL,ספרינג פירות קיץ טרופי 1.5 ל,מיליליטרים,1500.00,"100 מ""ל",false,1,8.90,0.5933,true,1,207734
7290019056638,false,ספרינג תות בננה 1.5 ליטר פיקדון,"יפאורה תבורי בע""מ",IL,ספרינג תות בננה 1.5 ל,מיליליטרים,1500.00,"100 מ""ל",false,1,8.90,0.5933,true,1,207735
7290019056645,false,ספרחנג אגס תפוח סברס 1.5 ליטר פיקדון,"יפאורה תבורי בע""מ",IL,ספרינג אגס סברס תפוח 1.5 ל,מיליליטרים,1500.00,"100 מ""ל",false,1,8.90,0.5933,true,1,207736
7290019056652,false,ספרינג אננס בננה 1.5 ליטר פיקדון,"יפאורה תבורי בע""מ",IL,ספרינג אננס בננה 1.5 ל,מיליליטרים,1500.00,"100 מ""ל",false,1,8.90,0.5933,true,1,207737
7290019056669,false,ספרינג תפוחים גיאט 1.5 ליטר פיקדון,"יפאורה תבורי בע""מ",IL,ספרינג תפוחים דיאט 1.5 ל,מיליליטרים,1500.00,"100 מ""ל",false,1,8.90,0.5933,true,1,207738
7290019056720,false,קריסטל מיץ ענבים 2 ליטר פיקדון,יפאורה תבורי,IL,קריסטל ענבים,ליטרים,2.00,ליטר,false,1,7.90,3.9500,true,1,207802
7290019056744,false,קריסטל מיץ תפוזים 2 ליטר פיקדון,יפאורה תבורי,IL,קריסטל תפוזים,ליטרים,2.00,ליטר,false,1,7.90,3.9500,true,1,207804
7290019056768,false,קריסטל מיץ מנגו 2 ליטר פיקדון,יפאורה תבורי,IL,קריסטל מנגו 2 ל,ליטרים,2.00,ליטר,false,1,7.90,3.9500,true,1,207806
7290019056775,false,קריסטל מוגז ענבים 2 ליטר פיקדון,יפאורה תבורי,IL,קריסטל ענבים,ליטרים,2.00,ליטר,false,1,7.90,3.9500,true,1,207807
7290019056782,false,משקה מוגז בטעם לימון ליים 2 ל' קריסטל,יפאורה תבורי,IL,קריסטל לימון ליי,ליטרים,2.00,ליטר,false,1,7.90,3.9500,true,1,207808
7290019056799,false,קריסטל מוגז אקזוטי 2 ליטר פיקדון,יפאורה תבורי,IL,קריסטל אקזוטי מוגז,ליטרים,2.00,ליטר,false,1,7.90,3.9500,true,1,207809
7290019056805,false,קריסטל מוגז תפוחים 2 ליטר פיקדון,יפאורה תבורי,IL,קריסטל תפוחים,ליטרים,2.00,ליטר,false,1,7.90,3.9500,true,1,207810
7290019056812,false,קריסטל מוגז מנטה 2 ליטר פיקדון,יפאורה תבורי,IL,קריסטל מנטה,ליטרים,2.00,ליטר,false,1,7.90,3.9500,true,1,207811
7290019056836,false,קריסטל מוגז תות 2 ליטר פיקדון,יפאורה תבורי,IL,קריסטל תות 2 ל,ליטרים,2.00,ליטר,false,1,7.90,3.9500,true,1,207813
7290019056843,false,קריסטל מוגז קולה 2 ליטר פיקדון,קריות זול,,קריסטל קולה,ליטרים,2.00,ליטר,false,1,7.90,3.9500,true,1,207814
7290019056881,false,מי סודה שוויפס 1.5ל',"יפאורה תבורי בע""מ",IL,שוופס סודה 1.5 ל,ליטרים,6.00,ליטר,false,1,3.90,0.6500,true,1,209673
7290019056935,false,משקה ארסי קולה 1.5 ל,,,משקה ארסי קולה 1.5 ל,ליטרים,1.50,ליטר,false,1,6.90,4.6000,true,1,210772
7290019056942,false,מים מינרליים טבעיים,יפאורה,IL,מים מינרליים טבעיים עין גדי 2 ל,ליטרים,2.00,ליטר,false,1,3.90,1.9500,true,1,208180
7290019056966,false,מי עדן בקבוק פיקדון 1.5 ליטר,"מי עדן בע""מ",IL,מי עדן 1.5 ל,ליטרים,1.50,ליטר,false,1,3.90,2.6000,true,1,208179
7290019056973,false,מי עדן 1.5 ליטר שישייה פיקדון,מופק ממקור בזלתי עדן,IL,מים מינרלים מי עדן 1.5 ל שישיה,ליטרים,9.00,ליטר,false,1,12.90,1.4333,true,1,207728
7290019153078,false,"שוופס ביטר למון לייט, 1.5 ליטר פקדון","יפאורה תבורי בע""מ",IL,שוופס ביטר למון לייט 1.5 ל,ליטרים,1.50,ליטר,false,1,13.90,9.2667,true,1,208579
7290019153085,false,"שוופס ללא סוכר מוחיטו, 1.5 ליטר פקדון","יפאורה תבורי בע""מ",IL,שוופס ליים מוחיטו ללא סוכר 1.5 ל,ליטרים,1.50,ליטר,false,1,8.90,5.9333,true,1,208578
7290019153269,false,שוופס סודה אננס 1.5 ליטר רביעייה פיקדון,"יפאורה תבורי בע""מ",IL,שוופס סודה אננס 1.5 ל רביעיה,ליטרים,6.00,ליטר,false,1,11.90,1.9833,true,1,210268
7290019153306,false,סודה שוויפס בטעם תפוח 1.5ל,"יפאורה תבורי בע""מ",,שוופס סודה תפוח 1.5 ל,ליטרים,1.50,ליטר,false,1,3.90,2.6000,true,1,211426
7290019153313,false,"משקהתפוח חמוציות אוכמניות 350 מ""ל פרות & ווג",יפאורה תבורי בעמ,IL,משקה פרויט & ווג תפוח חמוציות 350 מל,מיליליטרים,350.00,"100 מ""ל",false,1,6.90,1.9714,true,1,210267
7290019153344,false,"תפוזינה סנגרייה, 1.5 ליטר","יפאורה תבורי בע""מ",IL,תפוזינה סנגרייה 1.5 ל,ליטרים,1.50,ליטר,false,1,8.90,5.9333,true,1,210264
7290019153351,false,מיץ בטעם פינק אוזו 1.5 ל' תפוזינה,"יפאורה תבורי בע""מ",IL,תפוזינה פינק אוזו 1.5 ל,ליטרים,1.50,ליטר,false,1,8.90,5.9333,true,1,210265
7290019153375,false,מיץ בטעם מוחיטו 1.5 ל' תפוזינה,"יפאורה תבורי בע""מ",IL,תפוזינה מוחיטו 1.5 ל,ליטרים,1.50,ליטר,false,1,8.90,5.9333,true,1,210266
7290019153566,false,ספרינג רימון אוכמניות דובדבן 1.5 ליטר,יפאורה תבורי,IL,ספרינג רימון אוכמניות דובדבן 1.5 ל,מיליליטרים,1500.00,"100 מ""ל",false,1,8.90,0.5933,true,1,211930
7290019167020,false,עוגת גבינה עם פירות יער לייט 80 ג' קינוחי עדן,עדן קינוחים Eden,,קינוח עוגת גבינה פירות יער לייט 82 גר,גרמים,82.00,100 גרם,false,12,6.90,8.4146,true,1,212763
7290019167037,false,תותים בקצפת 82 ג' קינוחי עדן,עדן קינוחים Eden,,קינוח תותים בקצפת עדן 82 גר,גרמים,82.00,100 גרם,false,12,6.90,8.4146,true,1,212761
7290019167044,false,קצפת עם קרם בייגלה מתוק מלוח 82 ג' עדן,עדן קינוחים Eden,,קינוח קצפת עם קרם בייגלה מתוק מלוח 82 גר,גרמים,82.00,100 גרם,false,12,6.90,8.4146,true,1,212762
7290019176008,false,שמן קנולה 1 ל,,,שמן קנולה 1 ל,ליטרים,1.00,ליטר,false,1,11.90,11.9000,true,1,214078
7290019176039,false,פילה טונה בשמן קנולה,,,פילה טונה בשמן קנולה פלפל לימון 160 גר,גרמים,160.00,100 גרם,false,1,15.90,9.9375,true,1,207464
7290019176060,false,שמן חמניות מזוכך חמנ,,,שמן חמניות מזוכך חמניית זהב 1 ל,ליטרים,1.00,ליטר,false,1,17.90,17.9000,true,1,211252
7290019176077,false,שמן חמניות מזוכך טיפ,,,שמן חמניות מזוכך טיפת שמש 1 ל,ליטרים,1.00,ליטר,false,1,17.90,17.9000,true,1,211251
7290019226093,false,אננס חתוך תומר 565 ג,,,אננס חתוך תומר 565 גר,גרמים,565.00,100 גרם,false,1,7.90,1.3982,true,1,210605
7290019226109,false,אננס פרוס תומר 565 ג,,,אננס פרוס תומר 565 גר,גרמים,565.00,100 גרם,false,1,7.90,1.3982,true,1,210606
7290019226239,false,פורל ים מעושן 100 ג' טרוט,,,פורל ים מעושן 100 גר,גרמים,100.00,100 גרם,false,1,18.90,18.9000,true,1,213684
7290019232803,false,הולגריין ביסקוויט+קרם חלב ושוקולד חלב 300 גרם רבנות,"אולקר ביסקווי סנאי,",TR,ביסקוויט הולגריין קרם חלב ושוקולד 300 גר,גרמים,300.00,100 גרם,false,1,10.90,3.6333,true,1,211024
7290019233039,false,שקשוקה קלאסית- רוטב עגבניות עם קוביות פלפלים צלויים,זיתא,IT,רוטב עגבניות שקשוקה קלאסית 420 גר,גרמים,420.00,100 גרם,false,1,13.90,3.3095,true,1,211030
7290019302636,false,מארז רביעיית קרומבאכ,,,מארז רביעיית קרומבאכר+כוס 330 מל,מיליליטרים,1320.00,"100 מ""ל",false,1,24.90,1.8864,true,1,213292
7290030944860,false,סטייק דג לשנון אטלנט,,,סטייק דג לשנון אטלנטי פלטוס 1 קג,קילוגרמים,1.00,"ק""ג",false,1,84.90,84.9000,true,1,202041
7290089617074,false,פטריות מסליאטה מוחמצ,,CN,פטריות מסליאטה מוחמצות 680 גר,גרמים,680.00,100 גרם,false,6,14.90,2.1912,true,1,202341
7290089617142,false,פטריות אופיאטה מוחמצ,,CN,פטריות אופיאטה מוחמצות 680 גר,גרמים,680.00,100 גרם,false,6,14.90,2.1912,true,1,202339
7290100240632,false,"פתית 6 דגנים תלמה 250 גר בד""צ",יוניליוור ישראל מזון,IL,פתית 6 דגנים 250 גרם,גרמים,250.00,100 גרם,false,1,15.90,6.3600,true,1,107613
7290100240656,false,"פתית שיפון תלמה 300ג' בד""צ",יוניליוור ישראל מזון,IL,פתית שיפון 300 גרם,גרמים,300.00,100 גרם,false,1,15.90,5.3000,true,1,107614
7290100243671,false,מרכך כביסה אקסטרא בניחוח יסמין מרענן,יוניליוור סנאיי וי ט,TR,"מרכך כביסה ""בדין"" אק",מיליליטרים,960.00,"100 מ""ל",false,1,14.90,1.5521,true,1,107660
7290100245231,false,נמס בכוס מרק בטעם עוף עם אטריות ושקדי מרק-2 שקיות,יוניליוור ישראל מזון,IL,נמס בכוס ועוד בטעם ע,גרמים,50.00,100 גרם,false,1,6.90,13.8000,true,1,107692
7290100341803,false,חטיף לכלבים בונזו עו,ביופט,IL,חטיף לכלבים בונזו עוף דנטליים 20גר,גרמים,20.00,100 גרם,false,1,4.90,24.5000,true,1,151366
7290100570111,false,אביזרי מטבח,,,אביזרי מטבח,Unknown,0.00,Unknown,false,1,5.90,0.0000,true,1,125361
7290100570234,false,אביזרי מטבח,,,אביזרי מטבח,Unknown,0.00,Unknown,false,1,12.90,0.0000,true,1,151003
7290100572702,false,אביזרי מטבח ב-11.00,,,אביזרי מטבח,Unknown,0.00,Unknown,false,1,10.90,0.0000,true,1,125363
7290100573396,false,אביזרי מטבח.,,,אביזרי מטבח,Unknown,0.00,Unknown,false,1,9.90,0.0000,true,1,125362
7290100573716,false,שקית זילוף טרמיסו,,,אביזרי מטבח,Unknown,0.00,Unknown,false,1,14.90,0.0000,true,1,151002
7290100575055,false,אביזרי מטבח,,,אביזרי מטבח,Unknown,0.00,Unknown,false,1,29.90,0.0000,true,1,187141
7290100575086,false,אביזרי מטבח ב-6.99,,,אביזרי מטבח,Unknown,0.00,Unknown,false,1,6.90,0.0000,true,1,167261
7290100680650,false,מנה חמה נודלס-אטריות ירקות טעם תאילנדי אסם 76 ג',THAI PRESIDENT FOODS,TH,מנה חמה נודלס - אטרי,גרמים,76.00,100 גרם,false,1,6.90,9.0789,true,1,107835
7290100680711,false,פירורית זהב אסם זהב 350ג',עינת תעשיות מזון,IL,"פירורית זהב 350 ג""ר",גרמים,350.00,100 גרם,false,1,8.90,2.5429,true,1,107838
7290100680728,false,פירורית רגילה שקית 350 גרם,מיוצר עי קונדיטוריית,IL,"פירורית 350 ג""ר",גרמים,350.00,100 גרם,false,1,7.90,2.2571,true,1,107839
7290100685136,false,"מרק בטעם עוף 1 ק""ג אסם","אסם השקעות בע""מ",IL,אבקת מרק בטעם עוף 1 קג,קילוגרמים,1.00,"ק""ג",false,1,15.90,15.9000,true,1,107879
7290100685334,false,אבקת מרק עוף אמיתי ר.טבעיים 400ג' אסם,"אסם השקעות בע""מ",IL,מרק עוף רכיבים טבעיי,גרמים,400.00,100 גרם,false,1,21.90,5.4750,true,1,107881
7290100700020,false,סוגת גריסי פנינה 500גרם,האי נאם סי או אל.טי.,IL,גריסי פנינה 500 גר,גרמים,500.00,100 גרם,false,1,5.90,1.1800,true,1,107925
7290100700242,false,"אורז מלא עגול סוגת 1 ק""ג","סוגת תעשיות בע""מ",IL,"אורז מלא עגול 1 ק""ג",קילוגרמים,1.00,"ק""ג",false,1,9.90,9.9000,true,1,107928
7290100700310,false,"כוסמת 1ק""ג סוגת",,,כוסמת 1 קג,קילוגרמים,1.00,"ק""ג",false,1,15.90,15.9000,true,1,107931
7290100700372,false,"אורז בסמטי מלא סוגת 1 ק""ג",האי נאם סי או אל.טי.,IL,"אורז בסמטי מלא 1 ק""ג",קילוגרמים,1.00,"ק""ג",false,1,12.90,12.9000,true,1,107934
7290100700396,false,"סוגת אורז יסמין קלאסי 1 ק""ג",האי נאם סי או אל.טי.,IL,אורז יסמין קלאסי 1 ק,קילוגרמים,1.00,"ק""ג",false,1,11.90,11.9000,true,1,107936
7290100700563,false,אורז מיקס קלאסי 1 ק',סוגת תעשיות,IL,אורז מיקס 1 קג סוגת,קילוגרמים,1.00,"ק""ג",false,1,12.90,12.9000,true,1,107941
7290100700587,false,סוגת בורגול 500 גרם,האי נאם סי או אל.טי.,IL,"בורגול 500 גר""",גרמים,500.00,100 גרם,false,1,5.90,1.1800,true,1,107942
7290100701126,false,שעועית מש סוגת 500גר,סוגת,IL,שעועית מש 500 גרם,גרמים,500.00,100 גרם,false,1,10.90,2.1800,true,1,107972
7290100701140,false,"אורז ריזוטו 1 ק""ג סוגת","סוגת תעשיות בע""מ",IL,אורז ריזוטו ארבוריו,קילוגרמים,1.00,"ק""ג",false,1,13.90,13.9000,true,1,107973
7290100701157,false,אורז להכנת סושי סוגת,Unknown,,"אורז סושי 1 ק""ג",קילוגרמים,1.00,"ק""ג",false,1,13.90,13.9000,true,1,107974
7290100701300,false,סוגת קינואה אדומה 500גרם,Unknown,,קינואה אדומה 500 גרם,גרמים,500.00,100 גרם,false,1,12.90,2.5800,true,1,107981
7290100701331,false,קמח רב תכליתי שטיבל קמח חיטה לבן בהיר,"שטיבל בע""מ - טחנות ק",IL,"קמח רב תכליתי 1 ק""ג",גרמים,1000.00,100 גרם,false,1,6.90,0.6900,true,1,107983
7290100701409,false,קמח תירס סוגת 500 גר,,,קמח תירס 500גר,גרמים,500.00,100 גרם,false,1,5.90,1.1800,true,1,144499
7290100701454,false,גרישה - בורגול דק,"סוגת תעשיות בע""מ",IL,גרישה 500 גרם,קילוגרמים,0.50,"ק""ג",false,1,5.90,11.8000,true,1,107988
7290100701874,false,"קמח כוסמין 1 ק""ג סוגת",טחנות קמח שטיבל באר,IL,"קמח סוגת כוסמין מלא 1 ק""ג",קילוגרמים,1.00,"ק""ג",false,1,14.90,14.9000,true,1,173616
7290100701881,false,קמח פיצה ופוקצ'ה- קמח חיטה לבן בהיר שטיבל,"שטיבל בע""מ - טחנת קמ",IL,"קמח פיצה ופוקצ""ה 1 ק",גרמים,1000.00,100 גרם,false,1,6.90,0.6900,true,1,108004
7290100701966,false,אפונה צהובה 500 ג' סוגת,,,אפונה צהובה סוגת 500 גר,גרמים,500.00,100 גרם,false,1,6.90,1.3800,true,1,175793
7290100702246,false,שמרים יבשים בואקום 500 ג' סוגת,,,שמרים יבשים בוואקום 500 גר,גרמים,500.00,100 גרם,false,1,10.90,2.1800,true,1,175796
7290100702260,false,קוסקוס דק סוגת 350 גר',סוגת,IL,"קוסקוס דק 350 ג""ר",גרמים,350.00,100 גרם,false,1,4.90,1.4000,true,1,120193
7290100702277,false,קוסקוס עבה סוגת 350 גר',סוגת,IL,"קוסקוס עבה 350 ג""ר",גרמים,350.00,100 גרם,false,1,4.90,1.4000,true,1,120194
7290100702383,false,"קמח תופח סוגת 1 ק""ג",שטיבל טחנות קמח,IL,קמח תופח 1 קג,קילוגרמים,1.00,"ק""ג",false,1,6.90,6.9000,true,1,121224
7290100702611,false,פתיתים אפויים אורז סוגת 500 ג',אסיף,,פתיתים אפויים אורז 500 גר,גרמים,500.00,100 גרם,false,1,5.90,1.1800,true,1,124786
7290100702628,false,פתיתים אפויים קוסקוס סוגת 500 ג',יושלם,,פתיתים אפויים קוסוקס 500 גר,גרמים,500.00,100 גרם,false,1,5.90,1.1800,true,1,124787
7290100702642,false,פתיתים אפויים טבעת 500 ג' סוגת,,,פתיתים אפויים טבעות 500 גר,גרמים,500.00,100 גרם,false,1,5.90,1.1800,true,1,124789
7290100702741,false,"סוכר חום בהיר בצנצנת 1 ק""ג סוגת",סוגת,IL,סוכר חום בהיר צנצנת 1קג,קילוגרמים,1.00,"ק""ג",false,1,11.90,11.9000,true,1,145795
7290100702987,false,פתיתי שיבולת שועל דק סוגת 500ג',סוגת תעשיות,,שיבולת שועל 500 גר,גרמים,500.00,100 גרם,false,1,5.90,1.1800,true,1,169879
7290100702994,false,סוגת סוכר דמררה קלאסי בשקית 500 גרם,"סוגת תעשיות בע""מ",IL,סוכר דמררה קלאסי 500 גר,גרמים,500.00,100 גרם,false,1,5.90,1.1800,true,1,166906
7290100703533,false,קמח קסם תערובת קמח עם שמרים,"שטיבל בע""מ",IL,"קמח קסם סוגת 1 ק""ג",קילוגרמים,1.00,"ק""ג",false,1,8.90,8.9000,true,1,175792
7290100703557,false,"קמח פוקצ'ה 1ק""ג סוגת",קריות זול,,"קמח פוקצה 1 ק""ג",קילוגרמים,1.00,"ק""ג",false,1,6.90,6.9000,true,1,174455
7290100703564,false,פתיתי שיבולת שועל עבה סוגת 500 ג',,,שיבולת שועל עבה 500 גר,גרמים,500.00,100 גרם,false,1,5.90,1.1800,true,1,174454
7290100703854,false,קוביות סוכר לבן דמררה 500 ג' סוגת,,,קוביות סוכר דמררה 500 גר,גרמים,500.00,100 גרם,false,1,9.90,1.9800,true,1,181930
7290100703908,false,סוכר דמררה סוגת בשקי,,,סוכר חום דמררה סוגת 1 קג,קילוגרמים,1.00,"ק""ג",false,1,10.90,10.9000,true,1,180686
7290100703915,false,פופקורן להכנה במיקרוגל בטעם חמאה - מארז 6 שקיות,סוגת,,מארז פופקורן למיקרו חמאה 5+1 540 גר,גרמים,540.00,100 גרם,false,1,9.90,1.8333,true,1,184595
7290100703922,false,פופקורן להכנה במיקרוגל בטעם טבעי - מארז 6 שקיות,סוגת,,מארז פופקורן למיקרו טבעי 5+1 540 גר,גרמים,540.00,100 גרם,false,1,9.90,1.8333,true,1,184596
7290100703953,false,קוקוס סוגת 500 ג',,,קוקוס 500 גר,גרמים,500.00,100 גרם,false,1,9.90,1.9800,true,1,182895
7290100703960,false,שומשום 500 ג' סוגת,,,שומשום 500 גר,גרמים,500.00,100 גרם,false,1,9.90,1.9800,true,1,182894
7290100704066,false,עדשים צהובות 500 ג' סוגת,האי נאם סי או אל.טי.,IL,עדשים צהובות סוגת 500 גר,גרמים,500.00,100 גרם,false,1,7.90,1.5800,true,1,185685
7290100704493,false,"סוגת קמח שמרים פיצה ללא צורך בניפוי 1 ק""ג","שטיבל בע""מ - טחנת קמ",IL,קמח שמרים פיצה 1 קג,קילוגרמים,1.00,"ק""ג",false,1,8.90,8.9000,true,1,201674
7290100704684,false,"קמח שמרים כוסמין סוגת רב תכליתי 1 ק""ג סוגת",,,קמח שמרים כוסמין 1 קג,קילוגרמים,1.00,"ק""ג",false,1,19.90,19.9000,true,1,210774
7290100858592,false,אבקת קקאו עלית שקית 150 ג',הנסיך- מפעל לייצור ט,IL,"קקאו עלית 150 ג""ר",גרמים,150.00,100 גרם,false,1,9.90,6.6000,true,1,108044
7290100858608,false,אבקת קקאו עלית שקית 500 ג',שטראוס גרופ,IL,"קקאו עלית 500 ג""ר",גרמים,500.00,100 גרם,false,1,23.90,4.7800,true,1,108045
7290100924457,false,כדוריות סבון נתלה לאסלה לימון רענן - 3 יח',הנקל סוד,HU,שלישיית סבון אסלה סוד לימון,Unknown,0.00,Unknown,false,1,17.90,0.0000,true,1,208815
7290100924464,false,כדוריות סבון נתלה לאסלה עם אקונומיקה - 3 יח',הנקל סוד,HU,שלישיית סבון אסלה סוד אקונומיקה,Unknown,0.00,Unknown,false,1,17.90,0.0000,true,1,208813
7290101551027,false,קפסולות קפה אספרסו חזק במיוחד 14 עלית 10 יח',הנסיך- מפעל לייצור ט,IL,קפסולות קפה עלית חזק במיוחד 50 גר,גרמים,50.00,100 גרם,false,1,15.90,31.8000,true,1,189640
7290101551300,false,סילאן טבעי ללא תוספת סוכר בקבוק לחיץ,"פוליבה בע""מ",IL,סילאן יד מרדכי טבעי לחיץ 380 גר,גרמים,380.00,100 גרם,false,12,14.90,3.9211,true,1,186875
7290101551539,false,יוגורט PRO בטעם אפרסק 0% 20 גרם חלבון בגביע,דנונה - שטראוס,IL,יוגורט דנונה פרו 20 אפרסק 200 גר,גרמים,200.00,100 גרם,false,12,5.90,2.9500,true,1,187777
7290101582373,false,ייו רוזה גרנאש המושבה,בנימינה Binyamina,IL,יין בנימינה המושבה גרנאש בלאש רוזה 2017,מיליליטרים,750.00,"100 מ""ל",false,1,29.90,3.9867,true,1,198162
7290101812340,false,פטרוצאן מצונן מזרע 7,,,פטרוצאן מצונן מזרע 700 גר,גרמים,700.00,100 גרם,false,,59.90,8.5571,true,1,189309
7290101812876,false,נקניקיות קיבוצניה 70,ישרקו שיווק מותגי מז,,נקניקיות קיבוצניה 700 גרם,גרמים,700.00,100 גרם,false,1,56.90,8.1286,true,1,192121
7290101812999,false,נקניק מיני סלמי פיין,,,נקניק מיני סלמי פיין 350 גר,גרמים,350.00,100 גרם,false,1,34.90,9.9714,true,1,196572
7290101864127,false,"ספריי להסרת כתמים 750 מ""ל וניש קליה",קליה וניש Kalia Vanish,IL,"ספריי ""וניש קליה"" 750 מל",מיליליטרים,750.00,"100 מ""ל",false,1,16.90,2.2533,true,1,108238
7290101865261,false,"פיניש נוזל הברקה 800 מ""ל",רקיט בנקיזר,PL,"נוזל הברקה למדיח ""פי",מיליליטרים,800.00,"100 מ""ל",false,1,19.90,2.4875,true,1,108246
7290101866633,false,ווניש קליה ג`ל להסרת כתמים 3 ל',קליה וניש Kalia Vanish,IL,"ג""ל מסיר כתמים ""וניש קליה "" 3ל",ליטרים,3.00,ליטר,false,1,29.90,9.9667,true,1,119812
7290101866787,false,מסיר כתמים ומלבין לכביסה לבנה 3 ל וניש קליה,קליה וניש Kalia Vanish,PL,"נוזל להסרת כתמים ""קליה לבן"" 3ל",ליטרים,3.00,ליטר,false,1,29.90,9.9667,true,1,119811
7290101952121,false,מארז פטרוצאן עם שומן,,,מארז פטרוצאן עם שומן כבש 500 גר,גרמים,500.00,100 גרם,false,1,24.90,4.9800,true,1,197245
7290101980919,false,מארז שלישיית ביצי שו,זאיני,,שלישיית ביצי שוקולד,Unknown,0.00,Unknown,false,1,15.90,0.0000,true,1,108271
7290102003808,false,נר גמבו מאויירים דרד,סודי,,נר ג`מבו מאויירים דרדסים,Unknown,0.00,Unknown,false,1,6.90,0.0000,true,1,175064
7290102003891,false,נרות מטה לבבות - ספיידרמן(1X24),סודי,,נרות מטה לבבות ספיידרמן,Unknown,0.00,Unknown,false,1,6.90,0.0000,true,1,175089
7290102003907,false,נרות מטה לבבות מכוני,סודי,,נרות מטה לבבות מכוניות,Unknown,0.00,Unknown,false,1,6.90,0.0000,true,1,175088
7290102030330,false,תפוצ'יפס קראנצ' בטעם מקסיקני,"שטראוס פריטו ליי בע""",IL,"תפוצ""יפס קראנץ מקסיק",גרמים,200.00,100 גרם,false,1,10.90,5.4500,true,1,108303
7290102031276,false,מארז 8 יחידות אקטימל משקה יוגורט בטעם תות בננה,מיוצר עי קונדיטוריית,IL,שמיניית אקטימל תות ב,גרמים,864.00,100 גרם,false,1,21.90,2.5347,true,1,108308
7290102032334,false,אבקה להכנת משקה קפה בטעם וניל,STRAUSS-ISRAEL,IL,קפה נמס עלית בטעם ונ,גרמים,200.00,100 גרם,false,1,24.90,12.4500,true,1,108309
7290102390427,false,יוגורט ביו עם קציפת תות 3% שומן 150 ג' מולר,מולר Muller,IL,יוגורט מולר תות 150 מל,מיליליטרים,150.00,"100 מ""ל",false,1,5.20,3.4667,true,1,108352
7290102390465,false,יוגורט ביו עם קציפת אפרסק ופסיפלורה 3% שומן 150 ג' מולר,מולר Muller,IL,"יוגורט ""מולר"" אפרסק",מיליליטרים,150.00,"100 מ""ל",false,1,5.20,3.4667,true,1,108354
7290102390489,false,יוגורט ביו עם קציפת לימון 3% שומן 150 ג' מולר,מולר Muller,IL,"יוגורט ""מולר"" לימון",מיליליטרים,150.00,"100 מ""ל",false,1,5.20,3.4667,true,1,108355
7290102391844,false,יוגורט ביו עם קציפת פירות יער3% שומן 150 ג' מולר,מולר Muller,IL,"יוגורט ""מולר"" פרי די",מיליליטרים,150.00,"100 מ""ל",false,1,5.20,3.4667,true,1,108361
7290102392049,false,גבינה תבור לאפייה 5% 500 ג' צוריאל,מחלבת משק צוריאל,IL,תבור לאפיה 5% 500 גר,גרמים,500.00,100 גרם,false,1,24.90,4.9800,true,1,108364
7290102392254,false,חלב 1% בקרטון 2 ל' טרה,מילקו תעשיות בעמ,IL,חלב 2 ליטר 1%,ליטרים,2.00,ליטר,false,1,11.72,5.8600,true,1,108370
7290102393039,false,מולר מיקס יוגורט קרמי בתוספת פצפוצי שוקולד 170 ג',קריות זול,IL,יוגורט מיקס עם פצפוצי שוקולד מולר 150 גר,גרמים,150.00,100 גרם,false,1,5.90,3.9333,true,1,108394
7290102393060,false,מיקס יוגורט גליליות וופל קרם אגוזים 170 ג' מולר,קריות זול,IL,"יוגורט ""מולר"" מיקס ק",גרמים,170.00,100 גרם,false,1,5.90,3.4706,true,1,108395
7290102393176,false,סימפלי פרוט יוגורט אפרסק 3% שומן 150 ג' מולר,מילקו תעשיות בעמ,IL,"יוגורט ""מולר"" סימפלי",גרמים,150.00,100 גרם,false,1,5.50,3.6667,true,1,108405
7290102393190,false,סימפלי פרוט פירות היער 3% שומן 150 ג' מולר,מילקו תעשיות בעמ,IL,"יוגורט ""מולר"" סימפלי",גרמים,150.00,100 גרם,false,1,5.50,3.6667,true,1,108407
7290102393268,false,**טרה גבינה לבנה אריזת חיסכון 5% 750ג,טרה,IL,"גבינה לבנה ""טרה"" 5%",גרמים,750.00,100 גרם,false,1,14.90,1.9867,true,1,108411
7290102393299,false,יוגורט עיזים לשתייה 3% שומן 500 ג' צוריאל,מיוצר עי קוד יצרן HG,IL,יוגורט עיזים לשתייה,גרמים,500.00,100 גרם,false,1,12.90,2.5800,true,1,108412
7290102393848,false,יוגורט עיזים ביו 2.4% תות צוריאל 150ג',משק צוריאל,IL,יוגורט עיזים תות 150,גרמים,150.00,100 גרם,false,1,6.50,4.3333,true,1,108429
7290102393855,false,יוגורט עיזים 2.5% אפרסק צוריאל 150ג',מחלבת משק צוריאל,IL,יוגורט עיזים אפרסק 1,גרמים,150.00,100 גרם,false,1,6.50,4.3333,true,1,108430
7290102394081,false,מולר מיקס יוגורט קרמי עם קורנפלקס מצופה שוקולד,מילקו תעשייה בעמ,IL,יוגורט מולר מיקס קרמי קורנפלקס מצופה 170,גרמים,170.00,100 גרם,false,1,5.90,3.4706,true,1,108445
7290102394258,false,גבינת מה עז 9% שומן צוריאל 180 ג',מחלבת משק צוריאל,IL,"מה עז 180 גר"" 9% שומ",גרמים,180.00,100 גרם,false,1,24.90,13.8333,true,1,108452
7290102394463,false,נעם גבינה צהובה וואקום 28% 500גרם,Unknown,IL,גבינה צהובה 28% פרוס 500 גרי,גרמים,500.00,100 גרם,false,1,29.90,5.9800,true,1,124892
7290102394821,false,נעם גבינה צהובה דק דק פ.ח 28% 200גר,מילקו תעשיות בעמ,IL,גבינה צהובה דק דק 28,גרמים,200.00,100 גרם,false,1,16.90,8.4500,true,1,108465
7290102394845,false,פרוסות גבינת נעם מופחתת שומן 9%,מילקו תעשיות בעמ,IL,גבינה צהובה אדם לייט,גרמים,200.00,100 גרם,false,1,17.90,8.9500,true,1,108466
7290102395101,false,גבינה עם ממרח שוקולד 200ג' טרה,מילקו תעשיות בעמ,IL,ממרח גבינה ושוקולד 200 גר,גרמים,200.00,100 גרם,false,1,11.90,5.9500,true,1,144688
7290102395224,false,מארז 8 גביעים יוגורט ביו בטעם טבעי 1.7%,מולר Muller,IL,"מאגדת שמיניית ""מולר"" נטורל 1.7%",גרמים,1200.00,100 גרם,false,1,18.90,1.5750,true,1,121556
7290102395231,false,מולר נטורל 2.8% ביאנקו מאגדת 8 יח' * 150 ג',מולר Muller,IL,"מאגדת שמיניית ""מולר"" נטורל 2.8%",גרמים,1200.00,100 גרם,false,1,18.90,1.5750,true,1,121557
7290102395262,false,מארז 8 גביעים יוגורט בטעם תות שדה ואפרסק 3% Simply Fruit,מולר Muller,IL,מולר סימפלי פרוט מאג,גרמים,1200.00,100 גרם,false,1,29.90,2.4917,true,1,122175
7290102395378,false,גבינה צהובה נועם 28% וואקום פרוס 360ג',טרה,IL,גבינה צהובה 28% 360גרי,גרמים,360.00,100 גרם,false,1,21.90,6.0833,true,1,124891
7290102395439,false,מארז 8 גביעים יוגורט בטעם פירות יער וקיווי 3% Simply Fruit,מילקו תעשיות בעמ,IL,מולר סימפלי פרוט מאגדת שמינייה,גרמים,1200.00,100 גרם,false,1,29.90,2.4917,true,1,122176
7290102395521,false,"שמנת לבישול 15% שומן 500 מ""ל טרה",מילקו תעשיות בעמ,IL,שמנת לבישול 15% 500מל,מיליליטרים,500.00,"100 מ""ל",false,1,16.90,3.3800,true,1,145800
7290102396399,false,מארז 8 יחידות מעדן חלב בטעם שוקולד 1.5%,טרה,IL,מעדן שוקולד100 גר שמינייה,גרמים,800.00,100 גרם,false,1,14.90,1.8625,true,1,146949
7290102396665,true,גבינה נעם פרוסות 15%,,,גבינה נעם 15% 200 גר,גרמים,200.00,100 גרם,false,1,16.90,8.4500,true,1,167295
7290102397204,true,גבינה נעם פרוסות 22%,,,גבינה נעם 22% 200 גר,גרמים,200.00,100 גרם,false,1,16.90,8.4500,true,1,167294
7290102397310,false,מעדן מיני בטעם שוקולד קצפת מוו מאגדת 8 יח' * 70 ג',טרה,IL,מיני מעדן מוו שוקולד קצפת 70 גר שמינייה,גרמים,560.00,100 גרם,false,1,13.90,2.4821,true,1,169977
7290102397334,false,גבינה בולגרית 5% צוריאל גליל 250ג',מחלבת משק צוריאל,IL,בולגרית גלילית 5% בגביע 250 גר,גרמים,250.00,100 גרם,false,1,21.90,8.7600,true,1,169156
7290102397464,false,יוגורט ביו בתוספת גרעינים אגוזים וחמוציות 170 ג' מולר,מולר Muller,IL,יוגורט מולר נטורל פקאן גרעינים וחמוציות,גרמים,170.00,100 גרם,false,1,5.90,3.4706,true,1,177298
7290102397600,false,מיקס יוגורט בתוספת שקדים ובוטנים מקורמלים 170 ג' מולר,מילקו תעשייה בעמ,IL,יוגורט מולר מיקס שקדים ובוטנים בקרמל,גרמים,170.00,100 גרם,false,1,5.90,3.4706,true,1,171898
7290102397617,false,יוגורט ביו קרמי עם כדורים מצופים שוקולד חום לבן,מולר Muller,IL,יוגורט מולר מיקס קליק,גרמים,170.00,100 גרם,false,1,5.90,3.4706,true,1,171899
7290102397679,false,קוטג' וחצי 5% טרה 375 ג',Unknown,IL,קוטג וחצי 5% 375 גר,גרמים,375.00,100 גרם,false,1,8.50,2.2667,true,1,209228
7290102397730,false,פרוסות גבינה אמנטל חצי קשה 30% שומן 200 ג' נעם,Unknown,IL,גבינה אמנטל נעם 200 גר,גרמים,200.00,100 גרם,false,1,18.90,9.4500,true,1,178135
7290102397747,false,פרוסות גבינת מוצרלה נעם מחלב בקר 22%,טרה,IL,גבינה מוצרלה נעם 200 גר,גרמים,200.00,100 גרם,false,1,19.90,9.9500,true,1,178134
7290102398065,false,**חלב בקרטון 2 ליטר 3% מהדרין - טרה,Unknown,IL,חלב 3% בקרטון 2 ליטר,ליטרים,2.00,ליטר,false,1,12.46,6.2300,true,1,179285
7290102398072,false,**חלב בקרטון 1 ליטר 3% מהדרין,Unknown,IL,חלב בקרטון 3% 1 ליטר,ליטרים,1.00,ליטר,false,1,6.23,6.2300,true,1,179284
7290102398331,false,חלב דל לקטוז 2% מועשר בויטמין D,Unknown,IL,חלב מועשר דל לקטוז 1 ל,ליטרים,1.00,ליטר,false,1,7.90,7.9000,true,1,182793
7290102398560,false,שוקו מעושר בבקבוק 1ל' טרה,מילקו תעשיות בעמ,IL,שוקו טרה מועשר בק 1 ל,ליטרים,1.00,ליטר,false,1,11.90,11.9000,true,1,186172
7290102398577,false,משקה חלב בטעם שוקו 2% בבקבוק אישי,מילקו תעשיות בעמ,IL,"שוקו טרה מועשר בק 250 מ""ל",מיליליטרים,250.00,"100 מ""ל",false,1,5.90,2.3600,true,1,186175
7290102398614,false,משקה חלב בטעם בננה 1 ליטר טרה,מילקו תעשיות בעמ,IL,משקה חלב טרה בטעם בננה בק 1 ל,ליטרים,1.00,ליטר,false,1,11.90,11.9000,true,1,186173
7290102398638,false,משקה חלב בטעם מוקה 1 ליטר טרה,מילקו תעשיות בעמ,IL,משקה חלב טרה בטעם מוקה בק 1 ל,ליטרים,1.00,ליטר,false,1,11.90,11.9000,true,1,186174
7290102398805,false,משקה סויה - וניל 1 ליטר משק צוריאל,משק צוריאל,IT,משקה סויה בטעם וניל 1 ל,ליטרים,1.00,ליטר,false,1,10.90,10.9000,true,1,209229
7290102399635,false,"מולר פרופ יוגורט ביו עם קציפת קוקוס ואננס 150 מ""ל",מולר Muller,IL,יוגורט מולר פרופ קוקוס אננס 4.1%,מיליליטרים,150.00,"100 מ""ל",false,1,5.20,3.4667,true,1,197714
7290102399772,false,ממרח חמאת מולר ושמן לפתית במליחות עדינה,Molkerei Weihensteph,DE,מולר ספרדבל ממרח חמאה במליחות עדינה 250,גרמים,250.00,100 גרם,false,1,17.90,7.1600,true,1,198553
7290102399789,false,ממרח חמאת מולר ושמן לפתית ללא תוספת מלח,Molkerei Weihensteph,DE,מולר ספרדבל ממרח חמאה ללא מלח 250 גר,גרמים,250.00,100 גרם,false,1,17.90,7.1600,true,1,198554
7290102399796,false,מעדן יוגורט לבן מועשר בחלבון 200 ג' מולר אקטיב,מולר Muller,IL,יוגורט מולר אקטיב לבן מועשר 200 גר,גרמים,200.00,100 גרם,false,24,5.90,2.9500,true,1,196403
7290102399819,false,יוגורט עם פירות יער מולר אקטיב מועשר בחלבון 200 גר',מולר Muller,IL,יוגורט מולר פירות יער מועשר 200 גר,גרמים,200.00,100 גרם,false,24,5.90,2.9500,true,1,196401
7290102840243,false,אבקה להכנת פלאן קרמל 112 ג',י.כהן,,פלאן קרמל 112 גר,גרמים,112.00,100 גרם,false,1,8.90,7.9464,true,1,108518
7290102840939,false,תערובת להכנה מהירה עוגת בראוניס 600ג',י.כהן,,אבקה להכנת עוגת בראו,גרמים,600.00,100 גרם,false,1,15.90,2.6500,true,1,108524
7290102841127,false,אבקה להכנת עוגת פרג נאמן 600 ג',י.כהן,,אבקה להכנת עוגת פרג 560 גר,גרמים,560.00,100 גרם,false,1,15.90,2.8393,true,1,108525
7290102842346,false,ממתיק על בסיס סוכרלו,י.כהן,,ממתיק על בסיס סוכרלוז סוויט לוז 100 שק,Unknown,0.00,Unknown,false,1,20.90,0.0000,true,1,108540
7290102842360,false,תערובת להכנת סופלה בטעם שוקולד בלגי,י.כהן Kahan's,,תערובת להכנת סופלה ש,גרמים,250.00,100 גרם,false,1,15.90,6.3600,true,1,108541
7290102842711,false,תערובת להכנת עוגת גבינה 340ג,י.כהן,,עוגת גבינה תערובת אינסטנס 340גר,גרמים,340.00,100 גרם,false,1,16.90,4.9706,true,1,151146
7290103091460,false,"דאודורנט ספריי לגבר 200 מ""ל אדם",זוהר קוסמטיקס,IL,דאו ספריי אדם בייסיק לגבר 200 מל,מיליליטרים,200.00,"100 מ""ל",false,12,13.80,6.9000,true,1,207340
7290103129378,false,ספיד סטיק - דאודורנט ג'ל לגבר איקס 5 85 גרם,הנסיך- מפעל לייצור ט,US,ספיד סטיק גל X5,גרמים,85.00,100 גרם,false,1,18.90,22.2353,true,1,178680
7290103243302,false,עוגת שוקולד 450 גר,,,עוגת שוקולד 450 גר,גרמים,450.00,100 גרם,false,1,9.90,2.2000,true,1,176698
7290103243319,false,עוגה אנגלית 450 גר,,,עוגה אנגלית 450 גר,גרמים,450.00,100 גרם,false,1,9.90,2.2000,true,1,176699
7290103243326,false,עוגת שיש 450 גר,,,עוגת שיש 450 גר,גרמים,450.00,100 גרם,false,1,9.90,2.2000,true,1,176697
7290103243333,false,עוגת תפוז 450 גר,,,עוגת תפוז 450 גר,גרמים,450.00,100 גרם,false,1,9.90,2.2000,true,1,176696
7290103401429,false,עלית אוריגינס קצב ברזילאי 200ג,הנסיך- מפעל לייצור ט,IL,"קפה ""קצב ברזילאי"" 20",גרמים,200.00,100 גרם,false,1,26.90,13.4500,true,1,108569
7290104061417,false,חומוס טחינה אחלה 400 ג',"שטראוס גרופ בע""מ",IL,חומוס טחינה 400 גר,גרמים,400.00,100 גרם,false,1,10.90,2.7250,true,1,108712
7290104061424,false,חומוס אחלה עם זעתר 400 ג',מיוצר עי קונדיטוריית,IL,חומוס זעתר 400 גר,גרמים,400.00,100 גרם,false,1,10.90,2.7250,true,1,108713
7290104061431,false,חומוס אחלה עם צנובר 400 ג',"שטראוס גרופ בע""מ",IL,חומוס צנובר 400 גר,גרמים,400.00,100 גרם,false,1,10.90,2.7250,true,1,108714
7290104061448,false,חומוס עם חריף 400 ג' אחלה,מיוצר עי קונדיטוריית,IL,חומוס חריף 400 גר,גרמים,400.00,100 גרם,false,1,10.90,2.7250,true,1,108715
7290104065187,false,אבקה להכנת משקה קפה בטעם מוקה,STRAUSS-ISRAEL,IL,קפה נמס בטעם מוקה 20,גרמים,200.00,100 גרם,false,1,24.90,12.4500,true,1,108742
7290104067679,false,טחינה אחלה 400 גרם,מיוצר עי קונדיטוריית,IL,טחינה אחלה 400 גרי,גרמים,400.00,100 גרם,false,1,10.90,2.7250,true,1,144041
7290104068539,false,גומי מאסט בטעם מלון ואבטיח 28 ג' עלית,"שטראוס גרופ בע""מ",IL,מסטיק מאסט מלון ואבטיח 28 גר,גרמים,28.00,100 גרם,false,16,4.50,16.0714,true,1,108781
7290104068546,false,גומי מאסט בטעם לימון קולה ללא סוכר 28 ג' עלית,"שטראוס גרופ בע""מ",IL,מסטיק מאסט בטעם קולה קרח ולימון 28 גר,גרמים,28.00,100 גרם,false,16,4.50,16.0714,true,1,108782
7290104500572,false,אפרופו חטיף איטליאנו 50 ג' אסם,מיוצר עי קונדיטוריית,IL,אפרופו איטליאנו 50 ג,גרמים,50.00,100 גרם,false,1,5.50,11.0000,true,1,108804
7290104508189,false,גביעי וופל ממותקים לגלידה 24 יח',בטר אנד דיפרנט,IL,גביעי גלידה ממותקים,גרמים,95.00,100 גרם,false,1,13.90,14.6316,true,1,108853
7290104508202,false,גביעי גלידה אמריקאים 24 יח' אסם 120 ג',"גילרו בע""מ",IL,גביעי גלידה אמריקאים,גרמים,120.00,100 גרם,false,1,13.90,11.5833,true,1,108854
7290104570513,false,תמר מג'הול 1 ק'ג בד',פרי וירק טמרה ושותפי,IL,תמר מגהול 1קג,קילוגרמים,1.00,"ק""ג",false,1,15.90,15.9000,true,1,144427
7290104722530,false,תפוצ'יפס בטעם שמנת ובצל,"שטראוס פריטו ליי בע""",IL,"תפוצ""יפס שמנת בצל 20",גרמים,200.00,100 גרם,false,1,10.90,5.4500,true,1,108902
7290104728310,false,"שמנת עמידה לקצפת 38% שומן 250 מ""ל יוטבתה",מחלבת יטבתה,IL,שמנת עמידה לקצפת 38%,מיליליטרים,250.00,"100 מ""ל",false,1,6.47,2.5880,true,1,108998
7290104729003,false,"יד מרדכי - שמן זית כתית מעולה 2 קלאסי 750 מ""ל",מכוורת יד מרדכי שטרא,IL,שמן זית כתית מעולה 750 מל,מיליליטרים,750.00,"100 מ""ל",false,1,32.90,4.3867,true,1,109017
7290104963001,false,מגבונים סופטקר בניחוח עדין רביעיה,סופטקר Softcare,,מגבונים לחים סופטקר בניחוח עדן רביעייה,Unknown,0.00,Unknown,false,1,18.90,0.0000,true,1,170813
7290104963018,false,סופטקר רביעיית מגבונים ללא בישום,סופטקר Softcare,,מגבונים לחים סופטקר ללא בישום רביעייה,Unknown,0.00,Unknown,false,1,16.90,0.0000,true,1,170814
7290105360878,false,תפוצ'יפס מארז 4 יח' *50ג',"שטראוס פריטו ליי בע""",IL,תפוציפס טבעי 50גר מארז רביעייה,גרמים,200.00,100 גרם,false,1,11.90,5.9500,true,1,147236
7290105362339,false,"שמנת לבישול 15% 250 מ""ל יטבתה מהדרין",מחלבת יטבתה,IL,"שמנת ""יטבתה"" לבישול",מיליליטרים,250.00,"100 מ""ל",false,1,8.40,3.3600,true,1,109047
7290105368331,false,מעדן מילקי בטעם תות עם קצפת,מחלבת אחיהוד,IL,"מילקי תות 170 מ""ל",גרמים,133.00,100 גרם,false,1,2.90,2.1805,true,1,118700
7290105368904,false,"שמנת מתוקה להקצפה 32% שומן 250 מ""ל יוטבתה",מחלבת יטבתה,IL,שמנת מתוקה 32% 258 גר,גרמים,258.00,100 גרם,false,1,7.60,2.9457,true,1,119828
7290105430441,false,תחליב רחצה סחלב שחור וקרם לחות Naturals משאבה,הנסיך- מפעל לייצור ט,TR,"סבון נוזלי פלמוליב סחלב שחור 750 מ""ל",מיליליטרים,750.00,"100 מ""ל",false,1,18.90,2.5200,true,1,169512
7290105430458,false,תחליב רחצה מועשר בשקדים וקרם לחות Naturals משאבה,הנסיך- מפעל לייצור ט,TR,"סבון נוזלי פלמוליב שקדים 750 מ""ל",מיליליטרים,750.00,"100 מ""ל",false,1,18.90,2.5200,true,1,169511
7290105439499,false,מיונז הולנדי 481 ג' מאסטר שף,רמיה סי.וי. הולנד,NL,מיונז מאסטר שף הולנדי 481 גר,גרמים,483.00,100 גרם,false,1,10.90,2.2567,true,1,169708
7290105473950,false,יורוקיטי קופסה 5 קג,ביופט,IL,חול מתגבש לחתולים 5 קג,קילוגרמים,5.00,"ק""ג",false,1,39.90,7.9800,true,1,145376
7290105474049,false,מעדן מוס לה קט עוף 1,,,מעדן מוס לה קט עוף 155 גר,גרמים,155.00,100 גרם,false,1,5.90,3.8065,true,1,146303
7290105474056,false,מעדן מוס לה קט סלמון,,,מעדן מוס לה קט סלמון 155 גר,גרמים,155.00,100 גרם,false,1,5.90,3.8065,true,1,146304
7290105474063,false,מעדן מוס לה קט כבד 1,יו פי אף,FR,מעדן מוס לה קט כבד 155 גר,גרמים,155.00,100 גרם,false,1,5.90,3.8065,true,1,146306
7290105474070,false,מעדן מוס לה קט טונה,,,מעדן מוס לה קט טונה 155 גר,גרמים,155.00,100 גרם,false,1,5.90,3.8065,true,1,146305
7290105500151,false,וודקה פינלנדיה בקבוק,"אלטיה קורפ, הלסינקי,",FI,"וודקה ""פינלנדיה"" 0.7 ל",מיליליטרים,700.00,"100 מ""ל",false,1,64.90,9.2714,true,1,120069
7290105500236,false,וויסקי ג'ק דניאלס מס' 7 Brand No,ג'ק דניאלס Jack Daniel's,US,ויסקי גק דניאלס 700 מל,מיליליטרים,700.00,"100 מ""ל",false,6,109.90,15.7000,true,1,121680
7290105500953,false,"וויסקי ג'ק דניאלס דבש 700 מ""ל",ג'ק דניאל'ס,BE,וויסקי גיק דניאלס דבש 700מל,מיליליטרים,700.00,"100 מ""ל",false,1,109.90,15.7000,true,1,145245
7290105691712,false,עוגיות הפסקת קפה חיטה מלאה אסם 230 גר',היינץ צפון אמריקה מק,IL,עוגיות הפסקת קפה 230,גרמים,230.00,100 גרם,false,1,9.90,4.3043,true,1,109140
7290105694614,false,פסטה ספגטי מהיר הכנה 500ג' אסם,פסטה זארה,IT,"ספגטי ""אסם"" מהיר הכנה 500 גר",גרמים,500.00,100 גרם,false,1,6.90,1.3800,true,1,119418
7290105695024,false,אסם פתיתים אפויים אורז עם אטריות 500 גר,"אסם השקעות בע""מ",IL,פתיתים אפויים אורז עם אטריות 500 גר,גרמים,500.00,100 גרם,false,1,7.90,1.5800,true,1,120904
7290105695321,false,עוגת שוקולד בראוניז פאדג' 380 ג',מיוצר עי קונדיטוריית,IL,עוגת בראוניס פאדג 380 גר,גרמים,380.00,100 גרם,false,1,15.90,4.1842,true,1,121117
7290105962980,false,כרוב אדום במיונז 400 ג' אחלה,מיוצר עי קונדיטוריית,IL,"כרוב אדום ""אחלה"" 400 גר",גרמים,400.00,100 גרם,false,1,10.90,2.7250,true,1,118703
7290105962997,false,חצילים אחלה במיונז 400 גר',"שטראוס גרופ בע""מ",IL,"חצילים במיונז ""אחלה"" 400 גר",גרמים,400.00,100 גרם,false,1,10.90,2.7250,true,1,118702
7290105963000,false,מטבוחה אחלה 400 גרם,מיוצר עי קונדיטוריית,IL,"מטבוחה ""אחלה"" 400 גר",גרמים,400.00,100 גרם,false,1,10.90,2.7250,true,1,118701
7290105966469,false,"חומץ בלסמי יד מרדכי 250מ""ל",אצטייה ג'וזפה קרמוני,IT,"חומץ בלסמי ""יד מרדכי"" 250 מל",מיליליטרים,250.00,"100 מ""ל",false,1,14.90,5.9600,true,1,122488
7290105968777,false,פריכיות עם תחתית שוקולד מריר 70 ג' אנרגי,"טחנת האבן תעשיות בע""",IL,"פריכיות ""אנרגי"" תחתית שוקולד מריר 70 גר",גרמים,70.00,100 גרם,false,1,7.90,11.2857,true,1,122897
7290106520066,false,רבע לשבע במילוי קרם אגוזים ובציפוי שוקולד חלב,הגביע מוצרי וופלים ב,IL,"גלילי וופל ""רבע לשבע"" בציפוי שוקולד במיל",גרמים,160.00,100 גרם,false,1,10.90,6.8125,true,1,120634
7290106520912,false,"שמנת לבישול 9% 250 מ""ל יטבתה",מחלבת יטבתה,IL,"שמנת לבישול ""יטבתה"" 9%",מיליליטרים,250.00,"100 מ""ל",false,1,8.40,3.3600,true,1,122917
7290106525368,false,גלילי וופל רבע לשבע שחור לבן 125 גר',הגביע מוצרי וופלים ב,IL,גלילי וופל רבע לשבע שחור לבן 125 גר,גרמים,125.00,100 גרם,false,14,10.90,8.7200,true,1,144038
7290106526822,false,פריכיות אורז עם תחתית שוקולד חלב 80 ג' אנרגי,"טחנת האבן תעשיות בע""",IL,פריכיות אנרגי תחתית שוקולד חלב 80 גר,גרמים,80.00,100 גרם,false,1,7.90,9.8750,true,1,144560
7290106528628,false,דוריטוס טבעי עלית 185 ג',"שטראוס פריטו ליי בע""",IL,חטיף דוריטוס טבעי 185 גר,גרמים,185.00,100 גרם,false,12,6.90,3.7297,true,1,170437
7290106573598,false,צבר חומוס לבנוני 400גרם,סלטי צבר,IL,"חומוס ""צבר"" לבנוני 400 גר",גרמים,400.00,100 גרם,false,1,11.90,2.9750,true,1,124779
7290106573628,false,צבר חומוס עם טחינה 400גר,סלטי צבר,IL,"חומוס ""צבר"" עם טחינה 400 גר",גרמים,400.00,100 גרם,false,1,11.90,2.9750,true,1,124777
7290106573642,false,צבר חומוס צנובר 400גרם,סלטי צבר,IL,"חומוס ""צבר"" צנובר 400 גר",גרמים,400.00,100 גרם,false,1,11.90,2.9750,true,1,124782
7290106574953,false,בייגלה שטוחים כעכים שטוחים עם שומשום,מיוצר עי קונדיטוריית,IL,בייגלה שטוחים שומשום 300 גר,גרמים,300.00,100 גרם,false,1,9.90,3.3000,true,1,143479
7290106574977,false,בייגלה שטוחים כעכים שטוחים עם מלח,מיוצר עי קונדיטוריית,IL,בייגלה שטוחים עם מלח 300 גר,גרמים,300.00,100 גרם,false,1,9.90,3.3000,true,1,143481
7290106576513,false,סלט חומוס צבר 400 גר,סלטי צבר,IL,"סלט ""צבר"" חומוס 400 גר",גרמים,400.00,100 גרם,false,1,9.90,2.4750,true,1,144124
7290106576537,false,צבר חומוס מסעדה 700 גר,סלטי צבר,IL,"חומוס מסעדה ""צבר"" 700 גר",גרמים,700.00,100 גרם,false,1,10.90,1.5571,true,1,143477
7290106576797,false,"לה קרמריה גלידת וניל איטלקי כשל""פ 1.4ל'",תות תעשיות מזון (201,IL,לה קרמריה וניל איטלקי 1.4ל,ליטרים,1.40,ליטר,false,1,21.90,15.6429,true,1,147178
7290106576810,false,גלידה לה קרמריה ריבת חלב 1.4 ל' נסטלה,המאפיה של הרמן,IL,לה קרמריה ריבת חלב,ליטרים,1.40,ליטר,false,1,21.90,15.6429,true,1,147179
7290106576834,false,גלידה לה קרמריה פונטש בננה1.4 ל' נסטלה,תות תעשיות מזון (201,IL,לה קרמריה וניל פונטש בננה,גרמים,700.00,100 גרם,false,1,21.90,3.1286,true,1,147186
7290106576919,false,גלידה קרמריה סורבה תות לימון 1.4 ליטר,המאפיה של הרמן,IL,לה קרמריה סורבה תות לימון,גרמים,840.00,100 גרם,false,1,21.90,2.6071,true,1,147189
7290106576957,false,"לה קרמריה גלידת שוקו וניל פליק פרווה כשל""פ 1.4",תות תעשיות מזון (201,IL,לה קרמריה שוקו וניל פליק פרווה,ליטרים,1.40,ליטר,false,1,21.90,15.6429,true,1,147190
7290106577039,false,גלידה לה קרמריה שוקו וניל פליק 1.4 ל' נסטלה,תות תעשיות מזון (201,IL,לה קרמריה שוקו וניל פליק,ליטרים,1.40,ליטר,false,1,21.90,15.6429,true,1,147182
7290106577282,false,צבר טחינה מרובע 400גרם,סלטי צבר,IL,"טחינה ""צבר"" 400 גר",גרמים,400.00,100 גרם,false,1,12.90,3.2250,true,1,143811
7290106577527,false,סלט קולסלאו כרוב לבן וגזר 400 ג' צבר,סלטי צבר,IL,"כרוב קולסלאו ""צבר"" 400 גר",גרמים,400.00,100 גרם,false,1,12.90,3.2250,true,1,143818
7290106577541,false,כרוב אדום מרובע 400 ג' צבר,סלטי צבר,IL,"כרוב אדום ""צבר"" 400 גר",גרמים,400.00,100 גרם,false,1,12.90,3.2250,true,1,143817
7290106577572,false,צבר מטבוחה מרובע 400גרם,סלטי צבר,IL,מטבוחה צבר 400 גר,גרמים,400.00,100 גרם,false,1,12.90,3.2250,true,1,143810
7290106578692,false,אוסם - במבה ביסלי מיקס 80 גרם,פרו מן יו פתרונות אר,IL,חטיף ביסלי במבה מיקס 80גר,גרמים,80.00,100 גרם,false,1,4.90,6.1250,true,1,145688
7290106578821,false,הבית עוגת שמרים קלאסית בטעם שוקולד 350גר.,מיוצר עי קונדיטוריית,IL,עוגת הבית שמרים טעם שוקולד 350 גר,גרמים,350.00,100 גרם,false,1,15.90,4.5429,true,1,144204
7290106652996,false,כיף כף מקלות קוקוס חלבי 40 גר',SOLEN CIKOLATA GIDA,TR,חטיף כיף כף מקלות קוקוס 40 גר,גרמים,40.00,100 גרם,false,1,4.90,12.2500,true,1,143052
7290106654099,false,מילקי CAKE עוגות אישיות במילוי קרם חלב,STRAUSS-ISRAEL,,עוגת מילקי קרם חלב 272 גר שמינייה,גרמים,272.00,100 גרם,false,1,19.90,7.3162,true,1,169787
7290106662964,false,עלית סוכריות נוסטלגיה גומי יין 100גר,טופגאם תעשיות ממתקים,IL,סוכריות גומי עלית בטעם פירות 100 גר,גרמים,100.00,100 גרם,false,1,4.90,4.9000,true,1,166360
7290106663121,false,מילקי cake עוגה אישית 34 גרם,בובארד איטליה אס.פי.,IT,עוגה אישית מילקי קייק בציפוי שוקולד 34 ג,גרמים,34.00,100 גרם,false,1,2.90,8.5294,true,1,166786
7290106663183,false,צ'יטוס חטיף טעם גבינה 65ג,,,חטיף ציטוס גבינה 65 גר,גרמים,65.00,100 גרם,false,1,4.30,6.6154,true,1,177701
7290106663558,false,"רוטב טריאקי ורימון יד מרדכי 280מ""ל",אף.סי תבליני בגליל ב,IL,"רוטב יד מרדכי טריאקי רימון 280 מ""ל",גרמים,320.00,100 גרם,false,1,13.90,4.3438,true,1,166805
7290106667266,false,דוריטוס חמוץ חריף עלית 185 ג',הנסיך- מפעל לייצור ט,IL,חטיף דוריטוס חמוץ חריף 185 גר,גרמים,185.00,100 גרם,false,1,6.90,3.7297,true,1,170434
7290106668577,false,"מיץ לימון טבעי יד מרדכי 250 מ""ל",האי נאם סי או אל.טי.,IT,"מיץ לימון יד מרדכי טבעי 250 מ""ל",מיליליטרים,250.00,"100 מ""ל",false,1,7.90,3.1600,true,1,166802
7290106721807,false,אחלה סלט חציל פיקנטי מהדרין 400ג,"שטראוס גרופ בע""מ",IL,סלט חציל פיקנטי אחלה 400 גר,גרמים,400.00,100 גרם,false,1,10.90,2.7250,true,1,150243
7290106721920,false,צנצנת מסטיק מאסט בטעם ספירמינט עדין 66 ג' עלית,"שטראוס גרופ בע""מ.",IL,מסטיק מאסט מנטה עדינה 66 גר,גרמים,66.00,100 גרם,false,12,9.90,15.0000,true,1,166365
7290107280020,false,מטליות לחות סנו סושי לניקוי כללי שלישיה *50 יח',טרופיקל דגיל- תעשיות,IL,מגבונים לחים סנו סושי לניקוי כללי שלישיה,Unknown,0.00,Unknown,false,1,18.90,0.0000,true,1,144641
7290107280341,false,ריצפז מטליות לחות לניקוי הרצפה בניחוח מלון מפנק,"סנו מפעלי ברונוס סע""",IL,ריצפז מטליות לחות מלון מפנק,Unknown,0.00,Unknown,false,12,10.90,0.0000,true,1,196254
7290107280716,false,מלח למדיח להגנה מפני אבנית סנו ספארק Spark,סנו,IL,מלח למדיח סנו ספארק 2 קג,קילוגרמים,2.00,"ק""ג",false,1,11.90,5.9500,true,1,151311
7290107280761,false,נוזל לניקוי כלים בניחוח לימון רענן סנו ספארק Spark,מיוצר עי קונדיטוריית,IL,נוזל כלים ספארק לימון משאבה 1ל,ליטרים,1.00,ליטר,false,12,10.90,10.9000,true,1,149715
7290107647656,false,מאגדת מיני סולרו קוקוס אננס 245 ג',"מיוצר ע""י גלידת שטרא",IL,מאגדת מיני סולרו קוקו אנ פס 290 גר,גרמים,290.00,100 גרם,false,8,23.90,8.2414,true,1,189465
7290107647731,false,קוקומן חום לבן בטעם שוקולד ווניל,אתר שפע,,דגני בוקר קוקומן חום לבן בדצ 375 גר,גרמים,375.00,100 גרם,false,1,18.90,5.0400,true,1,180460
7290107647854,false,"שוגי מופחת סוכר תלמה 500 ג' בד""צ",יוניליוור ישראל מזון,IL,שוגי בדצ 500 גר,גרמים,500.00,100 גרם,false,1,18.90,3.7800,true,1,180465
7290107871990,false,פסטה צינורות 500 ג' אסם,פסטה זארה,IT,"פסטה צינורות 500 ג""ר",גרמים,500.00,100 גרם,false,1,5.90,1.1800,true,1,147646
7290107879521,false,קרחוני לה פרוטה La Frutta תות שדה - 5 יח',גלידות נסטלה Nestle,IL,גלידה לה פרוטה תות 5 יח,גרמים,350.00,100 גרם,false,1,24.90,7.1143,true,1,170742
7290107879569,false,קרחון לה פרוטה שרבט מנגו מאגדת 5יח',גלידות נסטלה Nestle,IL,גלידה לה פרוטה מנגו 5 יח,גרמים,350.00,100 גרם,false,1,24.90,7.1143,true,1,170743
7290107930321,false,קונפיטורה דובדבן יד מרדכי 340 ג',בית אל מזון,IL,קונפיטורה יד מרדכי דובדבן 340 גר,גרמים,340.00,100 גרם,false,1,14.90,4.3824,true,1,167750
7290107932080,false,חלב בבקבוק 3% שומן 1 ל' יוטבתה,מחלבת יטבתה,IL,חלב יטבתה מעושר 3% בק 1 ל,ליטרים,1.00,ליטר,false,1,7.90,7.9000,true,1,168773
7290107936309,false,דנונה יוגורט 7% יווני לבן 130 ג',"שטראוס בריאות בע""מ",IL,יוגורט דנונה יווני לבן 130 גר,גרמים,130.00,100 גרם,false,1,3.50,2.6923,true,1,174213
7290107936958,false,עד חצות ביסקוויט אצבעות שוקולד 125 גרם,הדקלאים אגודת שיתופי,FR,ביסקוויט עד חצות אצבעות 125 גר,גרמים,125.00,100 גרם,false,1,11.90,9.5200,true,1,181475
7290107936965,false,עד חצות עוגיות עיגולים 225 גר',ביסקווטרי עוגיות סנט,FR,ביסקוויט עד חצות עיגולים 225 גר,גרמים,225.00,100 גרם,false,1,11.90,5.2889,true,1,181476
7290107937498,false,חרדל דיזון יד מרדכי,,,חרדל דיזון יד מרדכי עם גרגרים 350 גר,גרמים,350.00,100 גרם,false,1,10.90,3.1143,true,1,171999
7290107937634,false,צנצנית מסטיק מאסט קוביות פפירמינט 58 ג' עלית,אסקום קונפקשיין,DE,מסטיק מאסט מנטה קוביות 58 גר,גרמים,58.00,100 גרם,false,12,9.90,17.0690,true,1,174195
7290107937641,false,מסטיק בצנצנת קוביות בזוקה 58 ג',אסקום קונפקשיין,DE,מסטיק בזוקה ללא סוכר 58 גר,גרמים,58.00,100 גרם,false,1,9.90,17.0690,true,1,174193
7290107938396,false,"אקטימל משקה פרוביוטי תות 100X8 מ""ל",מיוצר עי קונדיטוריית,IL,משקה יוגורט תות אקטימל 108 גר 8 יח,גרמים,864.00,100 גרם,false,1,21.90,2.5347,true,1,172405
7290107940467,false,אקטיביה יוגורט 1.5% שומן 200 ג' דנונה,מיוצר עי קונדיטוריית,IL,יוגורט אקטיביה 1.5% 200 גר,גרמים,200.00,100 גרם,false,1,3.90,1.9500,true,1,172394
7290107944472,false,סימפוניה גבינה במרקם שמנת 5% שום שמיר,"שטראוס בריאות בע""מ",IL,גבינת שמנת סימפוניה שום שמיר 5% 200 גר,גרמים,200.00,100 גרם,false,1,11.90,5.9500,true,1,174684
7290107945165,false,קונפיטורה משמש יד מרדכי 340 ג',אף.סי תבליני בגליל ב,IL,קונפיטורה יד מרדכי משמש 340 גר,גרמים,340.00,100 גרם,false,1,14.90,4.3824,true,1,176905
7290107951104,false,בפלות ופלים ארוכים בטעם שוקולד,"א.ג. גילרו בע""מ",IL,בפלות עלית שוקולד 200 גר,גרמים,200.00,100 גרם,false,1,4.90,2.4500,true,1,174763
7290107954976,false,"משקה יטבתה חלבון פרו קפה 350מ""ל",מחלבת יטבתה,DE,"משקה יטבתה פרו קפה 350 מ""ל",מיליליטרים,350.00,"100 מ""ל",false,8,6.50,1.8571,true,1,179465
7290107956543,false,דבש טהור מפרחי בר 900 ג' יד מרדכי,STRAUSS-ISRAEL,,דבש טהור 900 גר,גרמים,900.00,100 גרם,false,1,39.90,4.4333,true,1,193439
7290107956642,false,"תרסיס שמן זית יד מרדכי 150 מ""ל",פארייפאבה אגרואינדוס,ES,תרסיס שמן זית יד מרדכי 150 גר,מיליליטרים,150.00,"100 מ""ל",false,1,17.90,11.9333,true,1,182812
7290107956901,false,קפסולות אגוזי לוז למוכנת נספרסו,עלית,,קפסולות עלית אספרסו בטעם אגוזים 150 גר,גרמים,50.00,100 גרם,false,1,17.90,35.8000,true,1,182127
7290107957069,false,צנצנת מסטיק בטעם אוכמניות 66 ג' עלמה,"שטראוס גרופ בע""מ",IL,גומי לעיסה עלמה בטעם אוכמניות 66 גר,גרמים,66.00,100 גרם,false,1,9.90,15.0000,true,1,181477
7290107957076,false,צנצנת מסטיק בטעם ספירמינט 66 ג' עלמה,"שטראוס גרופ בע""מ",IL,גומי לעיסה עלמה בטעם ספירמינט 66 גר,גרמים,66.00,100 גרם,false,1,9.90,15.0000,true,1,181478
7290107957229,false,שוקולד צ'יפס מריר מעולה לאפיה עלית 250 ג',"פוליבה בע""מ",IL,שוקולד ציפס מריר עלית 250 גר,גרמים,250.00,100 גרם,false,1,11.90,4.7600,true,1,184359
7290107957991,false,מילקי CAKE מיניס קרם חלב בציפוי שוקולד חלב שקית 16X9ג',בובארד איטליה אס.פי.,IT,עוגיות אישי מילקי קייק מיניס במילוי קרם,גרמים,144.00,100 גרם,false,1,14.90,10.3472,true,1,186514
7290107973038,false,"פלמוליב סבון ידיים אקווריום 300 מ""ל",הנסיך- מפעל לייצור ט,IT,"סבון ידיים פלמוליב אקווריום 300 מ""ל",מיליליטרים,300.00,"100 מ""ל",false,1,10.90,3.6333,true,1,172612
7290107973861,false,מאסטר שף - עגבניות קצוצות דק שלישיה 400 גרם * 3,קונסרזיו קאסאלאסקו ד,IT,עגבניות מנה קצוצות דק 400 גר שלישייה,גרמים,1200.00,100 גרם,false,1,14.90,1.2417,true,1,173155
7290107974806,false,"מאסטר שף - אורז בסמטי 1 ק""ג",דווה סינג שיהם,,"אורז בסמטי מנה 1 ק""ג",קילוגרמים,1.00,"ק""ג",false,1,11.90,11.9000,true,1,176012
7290107974837,false,ממרח מתובל שום מאסטר שף 253ג',מאסטר שף,,מיונז מאסטר שף מתובל שום 253 גר,גרמים,246.00,100 גרם,false,1,7.90,3.2114,true,1,174298
7290107976848,false,פלמוליב סבון מוצק קמומיל 4*90 ג',קולגייט פלמוליב,,סבון פלמוליב קמומיל 90 גר רביעייה,גרמים,360.00,100 גרם,false,1,15.90,4.4167,true,1,181337
7290107976916,false,פלמוליב סבון ידיים חלב זייתים 300מל,פלמוליב Palmolive,,"סבון ידיים פלמוליב חלב זיתים 300 מ""ל",מיליליטרים,300.00,"100 מ""ל",false,1,10.90,3.6333,true,1,180317
7290107978323,false,אטריות דקיקות 400 גרם מאסטר שף,הדקלאים אגודת שיתופי,PL,אטריות מאסטר שף דקיקות 400 גר,גרמים,400.00,100 גרם,false,1,5.90,1.4750,true,1,179184
7290107978330,false,מאסטר שף אטריות דקות 400 ג',הדקלאים אגודת שיתופי,PL,אטריות מאסטר שף דקות 400 גר,גרמים,400.00,100 גרם,false,1,5.90,1.4750,true,1,179185
7290107978460,false,קראנצוס פלאפל 55 גרם,מנה,IL,קראנצוס מנה פלאפל 70 גר,גרמים,70.00,100 גרם,false,1,3.90,5.5714,true,1,180390
7290108073218,false,בועות סבון ספיידרמן,דולקפ,,"בועות סבון ספיידרמן 60 מ""ל",מיליליטרים,60.00,"100 מ""ל",false,1,2.90,4.8333,true,1,175112
7290108078916,false,בלון כסף ספרה 9,,,בלון כסף ספרה 9,Unknown,0.00,Unknown,false,1,5.90,0.0000,true,1,180122
7290108350128,false,סנו סושי שקיות אשפה חזקות במיוחד 40 יח',מיוצר עי קונדיטוריית,IL,שקיות אשפה סנו סושי חזקות במיוחד 40יח,יחידה,40.00,יחידה,false,1,24.90,0.6225,true,1,150272
7290108350531,false,סנו ספארק נוזל כלים בניחוח קלאסי עם משאבה 1 ל',מיוצר עי קונדיטוריית,IL,נוזל כלים סנו ספארק קלאסי 1 ל,ליטרים,1.00,ליטר,false,1,10.90,10.9000,true,1,166816
7290108350586,false,נוזל לניקוי כלים סנו ספארק Spark בניחוח לימון רענן,סנו,,נוזל כלים סנו ספארק 1.5 ל,ליטרים,1.50,ליטר,false,1,14.90,9.9333,true,1,170613
7290108350623,false,מרכך כביסה סופר מרוכז סופט סילק מקסימה 1 ל' סנו,"סנו מפעלי ברונוס בע""",IL,"מרכך כביסה ""מקסימה"" סופר מרוכז SOFT SILK",ליטרים,1.00,ליטר,false,1,16.90,16.9000,true,1,171756
7290108351507,false,מרכך כביסה מקסימה סופט סילק 4 ל' סנו,סנו מקסימה,IL,מרכך כביסה סנו מקסימה 4 ל,ליטרים,4.00,ליטר,false,1,21.90,5.4750,true,1,174822
7290108351804,false,סנו - מקסימה מרכך כביסה מרוכז ג'נטל בריז 1 ליטר,מיוצר עי קונדיטוריית,IL,מרכך מקסימה סופר מרוכז GENTLE BREEZE,ליטרים,1.00,ליטר,false,12,16.90,16.9000,true,1,192908
7290108351811,false,מקסימה מרכך כביסה סופר מרוכז פלור טאצ' 1 ליטר,מיוצר עי קונדיטוריית,IL,מרכך מקסימה סופר מרוכז FLORAL TOUCH,ליטרים,1.00,ליטר,false,1,16.90,16.9000,true,1,192907
7290108351835,false,מרכך כביסה בבישום עוצמתי פלורל טאצ',מיוצר עי קונדיטוריית,IL,מרכך כביסה סנו מקסימה FLORAL TOUCH,ליטרים,4.00,ליטר,false,6,21.90,5.4750,true,1,194215
7290108351989,false,"סנו פרש הום פרש הום מלון מפנק 200 מ""ל",מיוצר עי קונדיטוריית,IL,"סנופרש הום מבשם מלון מפנק 200 מ""ל",מיליליטרים,200.00,"100 מ""ל",false,1,11.90,5.9500,true,1,194220
7290108352672,false,מטלית הפלא לריצפה זוג סנו סושי,סנו מפעלי ברונוס.,CN,סנו סושי צמד מטליות הפלא לרצפה,Unknown,0.00,Unknown,false,1,19.90,0.0000,true,1,179130
7290108352825,false,ספוג הפלא נירוסטה סנו סושי 3יח',s.k.a.t ltdסנו מפעלי,CN,ספוג הפלא נירוסטה סנו סושי 3 יח,Unknown,0.00,Unknown,false,1,11.90,0.0000,true,1,185788
7290108352900,false,סנו סושי מגבות הפלא גליל כפול 6 גלילים,סנו מפעלי ברונוס בעמ,IL,סנו סושי מגבות הפלא,Unknown,0.00,Unknown,false,1,22.90,0.0000,true,1,192086
7290108353006,false,שקיות מזון נקשרות סנו סושי 250 יח',מיוצר עי קונדיטוריית,CN,שקיות אוכל סנו סושי XL נקשרות 250 יח,Unknown,0.00,Unknown,false,24,11.90,0.0000,true,1,192085
7290108353068,false,ספוג הפלא נירוסטה עם סיבי קירצוף סנו סושי 2 יח',מיוצר עי קונדיטוריית,CN,כרית קרצוף עם סיבי נירוסטה סנו סושי זוג,Unknown,0.00,Unknown,false,12,10.90,0.0000,true,1,192910
7290108353532,false,"שקיות אשפה נשלפות עם שרוך 65*54 ס""מ L",סנו סושי,IL,שקיות אשפה סנו סושי עם שרוך 100 יח,Unknown,0.00,Unknown,false,1,29.90,0.0000,true,1,196265
7290108353556,false,נייר טואלט סופט שלוש שכבות 32 גלילים סנו,טרופיקל דגיל תעשיות,IL,נייר טואלט סנו סופט 3 שכבות 32 גל,Unknown,0.00,Unknown,false,1,44.90,0.0000,true,1,197688
7290108353891,false,"קרמה - דאודורנט רול און לאישה קרמה מאסק 75 מ""ל","קוסמופארם בע""מ",IL,קרמה רול און מאסק 75 מל,מיליליטרים,75.00,"100 מ""ל",false,1,12.90,17.2000,true,1,200098
7290108353990,false,"קרמה - קרם גוף קרמה מאסק 500 מ""ל",טרופיקל דגיל תעשיות,IL,קרם גוף קרמה מאסק 500 מל,מיליליטרים,500.00,"100 מ""ל",false,1,24.90,4.9800,true,1,202428
7290108354904,false,סבון קרמה מוצק בוץ 400 ג',,,סבון בוץ מוצק קרמה 400 גר,גרמים,400.00,100 גרם,false,1,16.90,4.2250,true,1,190255
7290108354911,false,"שמפו, ג'ל רחצה וגילוח מועשר בתמצית אלוורה",טרופיקל דגיל תעשיות,IL,"שמפו/גל רחצה וגילוח 700 מ""ל",מיליליטרים,700.00,"100 מ""ל",false,1,18.90,2.7000,true,1,197001
7290108355451,false,"קרמה - דאודורנט רול און לאישה קרמה ורד ווניל 75 מ""ל",קרמה Crema,IL,קרמה רול און ורד וניל 75 מל,מיליליטרים,75.00,"100 מ""ל",false,1,12.90,17.2000,true,1,200101
7290108356052,false,"כיף תחליב רחצה בניחות מנטה קפואה 700 מ""ל",,,"תחליב רחצה כיף בניחוח מנטה קפואה 700 מ""ל",מיליליטרים,700.00,"100 מ""ל",false,12,12.90,1.8429,true,1,192084
7290108356090,false,"תרחיץ ג'ל לשטיפה אינטימית 220 מ""ל",,,תרחיץ גל לשטיפה אינטימית 220 מל,מיליליטרים,220.00,"100 מ""ל",false,1,23.90,10.8636,true,1,204590
7290108356113,false,"כיף תחליב רחצה דבש 700 מ""ל-מרכז",קוסמופארם בעמ,IL,"תחליב רחצה כיף דבש 700 מ""ל",מיליליטרים,700.00,"100 מ""ל",false,12,11.90,1.7000,true,1,189279
7290108356137,false,"כיף - תחליב רחצה לבנדר 700 מ""ל",קריות זול,IL,"תחליב רחצה כיף לבנדר 700 מ""ל",מיליליטרים,700.00,"100 מ""ל",false,12,11.90,1.7000,true,1,189281
7290108356151,false,"תחליב רחצה כיף מאסק יסמין 700 מ""ל",גוד פוד פרודקטס S.p,IL,"תחליב רחצה כיף מאסק יסמין 700 מ""ל",מיליליטרים,700.00,"100 מ""ל",false,12,11.90,1.7000,true,1,189284
7290108356199,false,כיף אל סבון אפרסק ופלפל שחור 1 ליטר,טרופיקל דגיל תעשיות,IL,אל סבון כיף אפרסק ופלפל שחור 1 לי,ליטרים,1.00,ליטר,false,1,11.90,11.9000,true,1,200089
7290108357004,false,"שמפו כיף ורד ושמן קוקוי 700 מ""ל",טרופיקל דגיל תעשיות,IL,שמפו כיף לשיער וורד ושמן קוקי 700 גר,מיליליטרים,700.00,"100 מ""ל",false,12,11.90,1.7000,true,1,196259
7290108357707,false,"כיף שמפו לשיער רגיל-תפוח זרעי צ'יה 700 מ""ל",גוד פוד פרודקטס S.p,IL,שמפו כיף לשיער רגיל תפוח זרעי ציה 700 גר,מיליליטרים,700.00,"100 מ""ל",false,1,11.90,1.7000,true,1,190242
7290108357752,false,"שמפו לשיער מעוצב רימונים ושמן ארגן 700 מ""ל כיף",קוסמופארם בעמ,IL,שמפו כיף מעוצב בחום קרטין וחמאת שיאה 700,מיליליטרים,700.00,"100 מ""ל",false,1,11.90,1.7000,true,1,190246
7290108359848,false,בייבי כיף שמפו אל דמע 1 ל',בייבי כיף Baby,IL,שמפו אל דמע בייבי כיף 1 ל,ליטרים,1.00,ליטר,false,1,22.90,22.9000,true,1,189408
7290108359893,false,"בייבי כיף תחליב רחצה 750 מ""ל",גוד פוד פרודקטס S.p,IL,"תחליב רחצה בייבי כיף 750 מ""ל",מיליליטרים,750.00,"100 מ""ל",false,1,17.90,2.3867,true,1,189410
7290108500677,false,כבד דג שיבוט מעושן בשמן הדג,"איטיליאן פוד, אס.פי.",IT,כבד דג שיבוט בשמן הדג 115 גר,גרמים,115.00,100 גרם,false,1,8.90,7.7391,true,1,186639
7290108501346,false,גבינה מגורדת גאודה 500 גר',Euro יורו מחלבות אירופה,IL,גבינה גאודה מגורדת 500 גר,גרמים,500.00,100 גרם,false,1,24.90,4.9800,true,1,180469
7290108501360,false,גבינת צ'דר בשלה 200גרם MATURED ORANGE,Wyke Farms,,גבינה צדר בשלה 200 גר,גרמים,200.00,100 גרם,false,1,19.90,9.9500,true,1,182652
7290108501407,false,גבינת צידר מיושנת 200 ג',וויקה פארמס אל.טי.די,GB,גבינה צדר מיושנת 200 גר,גרמים,200.00,100 גרם,false,1,19.90,9.9500,true,1,182653
7290108501964,false,חטיף אגוזים וצימוקים הפי נאטס מארז 35X4ג',וילי פוד,GR,חטיף,גרמים,140.00,100 גרם,false,12,14.90,10.6429,true,1,184945
7290108501988,false,חטיף שקדים וחמוציות הפי נוטס מארז 35X4ג',וילי פוד,GR,חטיף,גרמים,140.00,100 גרם,false,12,14.90,10.6429,true,1,184944
7290108502305,false,גבינת גרדה פדנו משולש 150 גר`וילי פוד,וילי פוד,IT,גבינה גרנה פדנו משולש 150 גר,גרמים,150.00,100 גרם,false,1,23.90,15.9333,true,1,188321
7290108502329,false,מארז נתחי טונה בהירה בשמן זית כתית,וילי פוד,,רביעיית נתחי טונה בשמן זית 160 גר,גרמים,640.00,100 גרם,false,1,26.90,4.2031,true,1,186638
7290108502510,false,קרקר קלאסי טבעי וילי,קולוסי אס פי איי,IT,קרקרים טבעי 500 גר,גרמים,500.00,100 גרם,false,1,9.90,1.9800,true,1,186651
7290108502541,false,גבינת שמנת טבעי 200ג' EURO CHEESE,קסוס אל פסטור,TR,גבינת שמנת בטעם טבעי 200 גר,גרמים,200.00,100 גרם,false,12,11.90,5.9500,true,1,187088
7290108502725,false,גבינת גאודה פרוסות 400 גר`וילי פוד,Euro יורו מחלבות אירופה,,גבינת גאודה פרוסות 400 גר,גרמים,400.00,100 גרם,false,1,19.90,4.9750,true,1,186597
7290108502763,false,גבינת קממבר 200 גרם,,,גבינת קממבר 200 גר,גרמים,200.00,100 גרם,false,1,19.90,9.9500,true,1,186596
7290108503067,false,פרמזנו משולש ויליפוד,וילי פוד,IL,גבינה פרמזנו משולש 150 גר,גרמים,150.00,100 גרם,false,1,18.90,12.6000,true,1,188324
7290108503159,false,גבינה כחולה עם עובש 100 גר,קסוס אל פסטור,ES,גבינה כחולה עם עובש 31% 100 גר,גרמים,100.00,100 גרם,false,1,13.90,13.9000,true,1,188326
7290108503647,false,"אורז בסמטי (דוואט) מובחר 1 ק""ג",אל.טי.פודס בעמ,IN,"אורז בסמטי דאווט 1 ק""ג",קילוגרמים,1.00,"ק""ג",false,1,12.90,12.9000,true,1,192249
7290108503814,false,גבינה מותכת למריחה 200 ג',לוטס,,גבינה מותכת למריחה 200 גר,גרמים,200.00,100 גרם,false,1,12.90,6.4500,true,1,190141
7290108504286,true,גבינה איבריקו צאנק 1,,,גבינה איבריקו צאנק 150 גר,גרמים,150.00,100 גרם,false,,19.90,13.2667,true,1,191581
7290108505153,false,יוגורט בטעם טבעי 2% שומן 150 ג',Euro יורו מחלבות אירופה,GR,יוגורט בטעם טבעי 10% 150 גר,גרמים,150.00,100 גרם,false,6,5.90,3.9333,true,1,197527
7290108505184,false,יוגורט עם קוקוס 5% שומן 150 ג',Euro יורו מחלבות אירופה,GR,יוגורט עם קוקוס 5% 150 גר,גרמים,150.00,100 גרם,false,6,5.90,3.9333,true,1,197535
7290108505207,false,יוגורט עם אוכמניות 0% שומן 150 ג',Euro יורו מחלבות אירופה,GR,יוגורט אוכמניות 0% 150 גר,גרמים,150.00,100 גרם,false,6,5.90,3.9333,true,1,197530
7290108505740,false,גבינת קשקבל קשה למחצה 25% שומן,Euro יורו מחלבות אירופה,TR,גבינה קשקבל חצי קשה 25% 200 גר,גרמים,200.00,100 גרם,false,12,14.90,7.4500,true,1,197521
7290108505962,false,שזיפים מיובשים וילי,,,שזיפים מיובשים וילי פוד 400 גר,גרמים,400.00,100 גרם,false,1,19.90,4.9750,true,1,196503
7290108508451,true,משקה יוגורט טבעי 3.2,,,משקה יוגורט טבעי 3.2% 200 מל,מיליליטרים,200.00,"100 מ""ל",false,,4.90,2.4500,true,1,203265
7290108508499,true,משקה איירן בסגנון טו,,,משקה איירן בסגנון טורקי 293 מל,מיליליטרים,293.00,"100 מ""ל",false,,4.90,1.6724,true,1,203261
7290108508543,false,אפונה מבושלת במי מלח,,,אפונה מבושלת במי מלח 700 גר,גרמים,700.00,100 גרם,false,1,9.90,1.4143,true,1,204809
7290108508888,true,ביסקוויט פתי בר 500,,,ביסקוויט פתי בר 500 גר,גרמים,500.00,100 גרם,false,12,6.90,1.3800,true,1,202552
7290108509120,false,גבינה בולגרית מעודנת 18% שומן יורו 500 ג',,,גבינה בולגרית מעודנת 500 גר,גרמים,500.00,100 גרם,false,1,19.90,3.9800,true,1,204813
7290108509205,false,חטיף אורז אפוי - טבעי לתינוקות 50 גרם,,,חטיף אורז אפוי בטעם טבעי לתינוקות 50 גר,גרמים,50.00,100 גרם,false,12,11.90,23.8000,true,1,207374
7290108509229,false,חטיף אורז אפוי - בננה לתינוקות 50 גרם,,,חטיף אורז אפוי בטעם בננה לתינוקות 50 גר,גרמים,50.00,100 גרם,false,12,11.90,23.8000,true,1,207375
7290108509250,true,אנטיפסטי ארטישוק 530,,,אנטיפסטי ארטישוק 530 גר,מיליליטרים,530.00,"100 מ""ל",false,1,19.90,3.7547,true,1,204258
7290108509403,true,חלווה טורקית קלאסית,,,חלבה טורקית קלאסית 350 גר,גרמים,350.00,100 גרם,false,1,11.90,3.4000,true,1,204264
7290108509410,true,חלווה טורקית עם קקאו,,,חלבה טורקית עם קקאו 350 גר,גרמים,350.00,100 גרם,false,1,11.90,3.4000,true,1,204266
7290108509649,false,זיתי קלמטה מגולענים 780 גרם,,,זית קלמטה מגולען 780 גר,גרמים,780.00,100 גרם,false,1,17.90,2.2949,true,1,204818
7290108509700,false,אורז פרסי דאווט 1 קג,אל טי פוד,IN,אורז פרסי דאווט 1 קג,קילוגרמים,1.00,"ק""ג",false,1,9.90,9.9000,true,1,205011
7290108509793,false,גליליות וופל במילוי שוקולד מריר 400 גרם חלבי,,GR,גליליות וופל במילוי שוקולד מריר 400 גר,גרמים,400.00,100 גרם,false,12,14.90,3.7250,true,1,208882
7290108509830,false,פופקורן למיקרו בטעם,,,פופקורן למיקרו בטעם שמנת חמוצה ובצל 100,גרמים,100.00,100 גרם,false,20,2.90,2.9000,true,1,207373
7290108509953,false,פולי קפה 100% קלויים,,,פולי קפה 100% קלויים 250 גר,גרמים,250.00,100 גרם,false,1,19.90,7.9600,true,1,210152
7290108509984,false,"רוטב סויה 300 מ""ל וילי פוד",,,רוטב סויה 300 מל,מיליליטרים,300.00,"100 מ""ל",false,1,8.90,2.9667,true,1,208608
7290109358482,false,עוגיות קרמוגית במילוי קרם בטעם חלבה,היינץ צפון אמריקה מק,IL,קרמוגית אסם במילוי חלווה 200 גר,גרמים,200.00,100 גרם,false,1,9.90,4.9500,true,1,189330
7290109580067,false,"טחון וונדרס 0% בשר , טבעוני",זוגלובק וונדרס Wonders,,טחון וונדרס 340 גר,גרמים,340.00,100 גרם,false,1,29.90,8.7941,true,1,204296
7290109580098,false,קבנוס בטעם סרירצ'ה 135 ג' זוגלובק,זוגלובק,IL,קבנוס בטעם סרירצה 135 גר,גרמים,135.00,100 גרם,false,1,10.90,8.0741,true,1,208858
7290109580104,false,פסטרמה פרימיום רוסטביף 150 גר',זוגלובק,IL,רוסטביף פרימיום 150 גר,גרמים,150.00,100 גרם,false,1,24.90,16.6000,true,1,208855
7290109580111,false,"צלעות אסאדו מעושנות פרימיום, 120 גרם",זוגלובק,IL,צלעות אסאדו מעושן פרימיום 120 גר,גרמים,120.00,100 גרם,false,1,24.90,20.7500,true,1,210816
7290109580135,false,פרימיום קורנדביף זוגלובק 180 ג',זוגלובק,IL,קורנדביף פרימיום 180 גר,גרמים,180.00,100 גרם,false,1,24.90,13.8333,true,1,208857
7290109580159,false,זוגלובק פרימיום פסטרמה בנוסח טוסקנה,זוגלובק,,פסטרמה בנוסח טוסקנה פרימיום 180 גר,גרמים,180.00,100 גרם,false,1,24.90,13.8333,true,1,208853
7290109580166,false,פרימיום סרוולד קלאסי זוגלובק 150 ג',זוגלובק,IL,סרוולד קלאסי פרימיום 150 גר,גרמים,150.00,100 גרם,false,1,24.90,16.6000,true,1,208854
7290109580210,false,נקנקיות ריינהולד'ס הצרפתיה זוגלובק 300 ג',זוגלובק,IL,נקניקיות ריינהולדס הצרפתיה 300 גר,גרמים,300.00,100 גרם,false,1,20.90,6.9667,true,1,205926
7290109580241,false,נאגטס מן הצומח 500 ג' זוגלובק,זוגלובק טבע,IL,נאגטס מן הצומח 500 גר,גרמים,500.00,100 גרם,false,1,22.90,4.5800,true,1,210793
7290109580432,false,פסטרמה חזה הודו מעושן 120 גר' זוגלובק,זוגלובק,IL,פסטרמה חזה הודו מעושן דק דק 120 גר,גרמים,120.00,100 גרם,false,1,12.90,10.7500,true,1,211314
7290109580449,false,סלמי בטעם כמהין פרימיום 180 ג' זוגלובק,זוגלובק,IL,סלמי בטעם כמהין פרימיום 180 גר,גרמים,180.00,100 גרם,false,1,24.90,13.8333,true,1,210815
7290109920146,false,"דורגול מסיר אבנית מקומקומים 750 מ""ל",דורינג,,"מסיר אבנית מקומקום דורגול 750 מ""ל",מיליליטרים,750.00,"100 מ""ל",false,1,19.90,2.6533,true,1,176488
7290109920313,false,"אסטוניש מרסס לניקוי חלונות 750 מ""ל",יעקבי- אסטוניש Astonish,,"אסטוניש מרסס מבריק שמשות 750 מ""ל",מיליליטרים,750.00,"100 מ""ל",false,1,14.90,1.9867,true,1,181775
7290109920658,false,"אסטוניש - מרסס אנטי בקטריאלי למטבח 750 מ""ל",אסטוניש,,"אסטוניש מרסס אנטי בקטריאלי למטבח 750 מ""ל",מיליליטרים,750.00,"100 מ""ל",false,1,14.90,1.9867,true,1,181778
7290109920740,false,הפי מרכך לכביסה מרוכז לבנדר 1ל',מיפא,,מרכך כביסה הפי מרוכז לבנדר 1 ל,ליטרים,1.00,ליטר,false,1,12.90,12.9000,true,1,181773
7290109920757,false,הפי מרכך לכביסה מרוכז ורדים 1ל',מיפא,,מרכך כביסה הפי מרוכז ורדים 1 ל,ליטרים,1.00,ליטר,false,1,12.90,12.9000,true,1,181772
7290109920849,false,"אסטוניש - מרסס לניקוי כללי בניחוח תפוז 750 מ""ל",יעקבי- אסטוניש Astonish,,אסטוניש מרסס תפוז לניקוי רב תכליתי 750 מ,מיליליטרים,750.00,"100 מ""ל",false,1,14.90,1.9867,true,1,181780
7290109920917,false,"הפי ג'ל אסלות עם כלור 750 מ""ל",אורו,,"גל לניקוי אסלות הפי עם כלור 750 מ""ל",מיליליטרים,750.00,"100 מ""ל",false,1,7.90,1.0533,true,1,185912
7290109921334,false,יעקבי דפי כביסה אידא,מרקה,ES,דפי בד לכביסה אידאל פרוטקט 15 יח,Unknown,0.00,Unknown,false,1,15.90,0.0000,true,1,190313
7290109921372,false,אסטוניש משחה לניקוי תנורים וגריל+ספוג 250 גר',אסטוניש,GB,משחה לתנורים אסטוניש+ספוג,Unknown,0.00,Unknown,false,1,15.90,0.0000,true,1,191220
7290109921488,false,"דורגול לניקוי וחיטוי מכונת הכביסה 500 מ""ל",דורינג,DE,"מסיר אבנית למכונת כביסה דורגול 500 מ""ל",מיליליטרים,500.00,"100 מ""ל",false,1,29.90,5.9800,true,1,193156
7290109922843,false,האקונומיקה המובילה באירופה נוסחה ייחודית מרוכז 2 ל,,,אקונומיקה נוסחה עוצמתית 2 ל,ליטרים,2.00,ליטר,false,1,11.90,5.9500,true,1,208061
7290109923031,false,"מרסס פרמיום ארומטיק למקלחון 750 מ""ל אסטוניש",,,מרסס ארומטיק למקלחון אסטוניש 750 מל,מיליליטרים,750.00,"100 מ""ל",false,1,16.90,2.2533,true,1,209239
7290109923147,false,"פלא של אקונומיקה 750 מ""ל אסטוניש",יעקבי- אסטוניש Astonish,,מרסס פלא של אקונומיקה אסטוניש 500 מל,מיליליטרים,750.00,"100 מ""ל",false,1,16.90,2.2533,true,1,209236
7290110110024,false,"פאנטה תות פחית סליק 330מ""ל",,,"פאנטה תות 330 מ""ל",מיליליטרים,330.00,"100 מ""ל",false,1,4.90,1.4848,true,1,179584
7290110110369,false,בירה קרלסברג לומה LUMA שישייה,מבשלות בירה בינלאומי,IL,בירה קרלסברג לומה 330 מל שישייה,מיליליטרים,1980.00,"100 מ""ל",false,1,45.90,2.3182,true,1,198469
7290110110659,false,"ספרייט לימון ליים פחית 330מ""ל",החברה המרכזית לייצור,IL,"סליק ספרייט 330 מ""ל",מיליליטרים,330.00,"100 מ""ל",false,1,4.90,1.4848,true,1,184440
7290110111809,false,"מארז פאנטה אורנג' 330 מ""ל * 6 יח'",החברה המרכזית לייצור,IL,פאנטה אורנג פח 330 מל מארז שישייה,מיליליטרים,1980.00,"100 מ""ל",false,1,23.90,1.2071,true,1,192067
7290110114855,false,"נביעות מים מינרליים, שישיה 6 * 1.5 ליטר פקדון",נביעות טבע הגליל בעמ,IL,מים מינרליים נביעות 1.5 ל שישיה,ליטרים,9.00,ליטר,false,1,12.90,1.4333,true,1,207669
7290110114886,false,מיץ סחוט קלמנטינה 2 ל' פריגת,גת,IL,מיץ סחוט קלמנטינה פריגת 2 ל,ליטרים,2.00,ליטר,false,1,29.90,14.9500,true,1,207206
7290110114893,false,מיץ סחוט תפוז 2 ל' פריגת,פריגת,IL,מיץ סחוט תפוזים פריגת 2 ל,ליטרים,2.00,ליטר,false,1,29.90,14.9500,true,1,207207
7290110114954,false,מיץ תפוזים מתקתקים 100% 2 ל' פריגת,פריגת,IL,משקה פריגת תפוזים מתקתק 100% 2 ל,ליטרים,2.00,ליטר,false,1,24.90,12.4500,true,1,207205
7290110114961,false,מיץ בטעם תפוזים 1.5ל' פריגת,מבשלות בירה בינלאומי,IL,פריגת תפוזים 1.5 ליט,ליטרים,1.50,ליטר,false,1,8.90,5.9333,true,1,207671
7290110114985,false,פריגת אשכולית 1.5 ליטר פיקדון,מבשלות בירה בינלאומי,IL,פריגת אשכוליות 1.5 ל,ליטרים,1.50,ליטר,false,1,8.90,5.9333,true,1,207673
7290110114992,false,פריגת light אשכולית 1.5 ליטר פיקדון,מבשלות בירה בינלאומי,IL,משקה קל אשכולית דיאט פריגת 1.5 ל,ליטרים,1.50,ליטר,false,1,8.90,5.9333,true,1,207661
7290110115005,false,פריגת ענבים 1.5 ליטר פיקדון,מבשלות בירה בינלאומי,IL,פריגת ענבים 1.5 ל,ליטרים,1.50,ליטר,false,1,8.90,5.9333,true,1,207674
7290110115012,false,מיץ ענבים בניחוח מרלו 1.5 ל' פריגת,פריגת,IL,משקה קל ענבים בניחוח מרלו פריגת 1.5 ל,ליטרים,1.50,ליטר,false,1,8.90,5.9333,true,1,207675
7290110115036,false,פריגת מנגו 1.5 ליטר פיקדון,מבשלות בירה בינלאומי,IL,פריגת מנגו 1.5 ל,ליטרים,1.50,ליטר,false,1,8.90,5.9333,true,1,207677
7290110115043,false,פריגת לימונענע 1.5 ליטר פיקדון,מבשלות בירה בינלאומי,IL,משקה פריגת לימונענע 1.5ל,ליטרים,1.50,ליטר,false,1,8.90,5.9333,true,1,207678
7290110115050,false,פריגת מיקס תות בננה 1.5 ליטר פיקדון,מבשלות בירה בינלאומי,IL,פריגת תות בננה 1.5 ל,ליטרים,1.50,ליטר,false,1,8.90,5.9333,true,1,207679
7290110115111,false,פריגת צלול אננס 1.5 ליטר פיקדון,מבשלות בירה לישראל ב,IL,פריגת צלול אננס 1.5 ל,ליטרים,1.50,ליטר,false,1,8.90,5.9333,true,1,207687
7290110115180,false,מים מינרליים נביעות,"נביעות טבע הגליל בע""",IL,מים מינרליים נביעות 1.5 ל,ליטרים,1.50,ליטר,false,1,3.90,2.6000,true,1,208195
7290110115203,false,קוקה קולה 1.5 ליטר פיקדון,קוקה קולה Coca Cola,IL,קוקה קולה 1.5 ל,ליטרים,1.50,ליטר,false,1,8.90,5.9333,true,1,207694
7290110115210,false,דיאט קוקה קולה 1.5 ליטר פיקדון,קוקה קולה Coca Cola,IL,דיאט קוקה קולה 1.5 ל,ליטרים,1.50,ליטר,false,1,8.90,5.9333,true,1,207695
7290110115227,false,קולה ZERO 1.5 ליטר פיקדון,קוקה קולה Coca Cola,IL,קוקה קולה זירו 1.5 ל,ליטרים,1.50,ליטר,false,1,8.90,5.9333,true,1,207696
7290110115241,false,קוקה קולה זירו לימון 1.5 ליטר,החברה המרכזית לייצור,IL,קולה זירו לימון 1.5 ל,ליטרים,1.50,ליטר,false,1,8.90,5.9333,true,1,207698
7290110115258,false,קולה ZERO מנגו 1.5 ליטר פיקדון,החברה המרכזית לייצור,IL,קוקה קולה זירו מנגו 1.5 ל,ליטרים,1.50,ליטר,false,1,8.90,5.9333,true,1,207699
7290110115265,false,ספרייט 1.5 ליטר LIME פיקדון,החברה המרכזית לייצור,IL,ספרייט ליים 1.5 ל,ליטרים,1.50,ליטר,false,1,8.90,5.9333,true,1,207705
7290110115272,false,ZERO ספרייט זירו 1.5 ליטר פיקדון,החברה המרכזית לייצור,IL,ספרייט זירו 1.5 ל,ליטרים,1.50,ליטר,false,1,8.90,5.9333,true,1,207706
7290110115296,false,פאנטה אורנג' 1.5 ליטר פיקדון,החברה המרכזית לייצור,IL,פאנטה אורנג 1.5 ליט,מיליליטרים,1500.00,"100 מ""ל",false,1,8.90,0.5933,true,1,207710
7290110115302,false,פאנטה ZERO אורנג' 1.5 ליטר פיקדון,החברה המרכזית לייצור,IL,פאנטה זירו אורנג 1.5 ל,ליטרים,1.50,ליטר,false,1,8.90,5.9333,true,1,207711
7290110115326,false,פאנטה אורנג' מנגו 1.5 ליטר פיקדון,החברה המרכזית לייצור,IL,פאנטה אורנג מנגו 1.5 ל,ליטרים,1.50,ליטר,false,1,8.90,5.9333,true,1,207714
7290110115333,false,פאנטה תות 1.5 ליטר פיקדון,החברה המרכזית לייצור,IL,פאנטה תות 1.5 ל,מיליליטרים,1500.00,"100 מ""ל",false,1,8.90,0.5933,true,1,207715
7290110115364,false,קוקה קולה שישיות 1.5 ליטר פיקדון,החברה המרכזית לייצור,IL,קוקה קולה 1.5 ל שישיה,ליטרים,9.00,ליטר,false,1,49.90,5.5444,true,1,207700
7290110115401,false,קינלי סודה שישייה 1.5 ליטר פיקדון,החברה המרכזית לייצור,IL,סודה קינלי 1.5 ל שישיה,ליטרים,9.00,ליטר,false,1,15.90,1.7667,true,1,207719
7290110115425,false,FUZE TEA גרין לימונענע -נענע 1.5 ליטר פיקדון,מבשלות בירה בינלאומי,IL,תה קר פיוז טי ירוק לימון נענע 1.5 ל,ליטרים,1.50,ליטר,false,1,8.90,5.9333,true,1,207720
7290110115449,false,אייס תה בטעם מנגו אננס 1.5ל' FUZE TEA,מבשלות בירה בינלאומי,IL,תה קר פיוז מנגו אננס 1.5ל,מיליליטרים,1500.00,"100 מ""ל",false,1,8.90,0.5933,true,1,207722
7290110115456,false,"תה קר בטעם אפרסק 19 קלוריות ב- 100 מ""ל",מבשלות בירה בינלאומי,IL,תה קר פיוז טי אפרסק 1.5 ל,מיליליטרים,1500.00,"100 מ""ל",false,1,8.90,0.5933,true,1,207723
7290110115463,false,אייס תה בטעם אפרסק 1.5ל' FUZE TEA,מבשלות בירה בינלאומי,IL,תה קר פיוז אפרסק 1.5ל,מיליליטרים,1500.00,"100 מ""ל",false,1,8.90,0.5933,true,1,207724
7290110115494,false,אייס תה בטעם ענבים 1.5ל' FUZE TEA,מבשלות בירה בינלאומי,IL,תה קר פיוז ענבים 1.5ל,מיליליטרים,1500.00,"100 מ""ל",false,1,8.90,0.5933,true,1,207727
7290110115586,false,פריגת תפוזים 40% פחות סוכר 1.5 ליטר פיקדון,מבשלות בירה בינלאומי,IL,משקה קל פריגת תפוזים 19 קל 1.5 ל,ליטרים,1.50,ליטר,false,1,8.90,5.9333,true,1,207681
7290110115593,false,פריגת אשכוליות 40% פחות סוכר 1.5 ליטר פיקדון,מבשלות בירה בינלאומי,IL,משקה קל פריגת אשכוליות 19 קל 1.5 ל,ליטרים,1.50,ליטר,false,1,8.90,5.9333,true,1,207682
7290110115616,false,FUZE tea zero גרין אננס 1.5 ליטר פיקדון,מבשלות בירה בינלאומי,IL,תה קר פיוז טי ירוק זירו אננס 1.5 ל,ליטרים,1.50,ליטר,false,1,8.90,5.9333,true,1,207820
7290110115623,false,משקה פיוז טי זירו ZERO בטעם אפרסק,מבשלות בירה בינלאומי,IL,תה קר פיוז טי זירו אפרסק 1.5 ל,מיליליטרים,1500.00,"100 מ""ל",false,1,8.90,0.5933,true,1,207819
7290110115838,false,"ספרייט זירו, 1.5 ליטר פקדון","אינסטנטה בע""מ",IL,ספרייט זירו 1.5 ל,ליטרים,1.50,ליטר,false,1,8.90,5.9333,true,1,208418
7290110115845,false,קוקה קולה 1.5 ליטר פיקדון,"אינסטנטה בע""מ",IL,קוקה קולה 1.5 ל,ליטרים,1.50,ליטר,false,1,8.90,5.9333,true,1,208077
7290110115869,false,קוקה קולה זירו 1.5 ליטר פיקדון,תות תעשיות מזון (201,IL,קוקה קולה זירו 1.5 ל,ליטרים,1.50,ליטר,false,1,8.90,5.9333,true,1,208149
7290110115876,false,סודה קינלי 1.5 ליטר,"אינסטנטה בע""מ",IL,סודה קינלי 1.5 ל,ליטרים,1.50,ליטר,false,1,4.50,3.0000,true,1,211883
7290110115890,false,מים מינרליים נביעות,נביעות,,מים מינרליים נביעות 500 מל,מיליליטרים,500.00,"100 מ""ל",false,1,3.90,0.7800,true,1,211882
7290110116040,false,פאנטה ZERO אורנג' כחול 1.5 ליטר,החברה המרכזית לייצור,IL,פאנטה זירו פירות כחול 1.5 ל,מיליליטרים,1500.00,"100 מ""ל",false,1,8.90,0.5933,true,1,211072
7290110116064,false,פאנטה ZERO פירות ירוק 1.5 ליטר פיקדון,החברה המרכזית לייצור,IL,פאנטה זירו פירות ירוק 1.5 ל,מיליליטרים,1500.00,"100 מ""ל",false,1,8.90,0.5933,true,1,211073
7290110116156,false,נביעות+ רכיבי פרי מנגו פסיפלורה 1.5 ליטר,נביעות,IL,נביעות+ רכיבי פרי מנגו פסיפלורה 1.5 ל,ליטרים,1.50,ליטר,false,12,9.90,6.6000,true,1,211676
7290110116170,false,נביעות+ רכיבי פרי קוקוס אננס 1.5 ליטר,נביעות,IL,נביעות+ רכיבי פרי אננס קוקוס 1.5 ל,ליטרים,1.50,ליטר,false,12,9.90,6.6000,true,1,211675
7290110116484,false,מיץ סחוט תות בננה 1 ל' פריגת,Unknown,IL,מיקס תות בננה סחוט 1 ל,ליטרים,1.00,ליטר,false,1,18.90,18.9000,true,1,213304
7290110116491,false,מיץ סחוט אפרסק משמש 1 ל' פריגת,Unknown,IL,מיקס אפרסק משמש סחוט 1 ל,ליטרים,1.00,ליטר,false,1,18.90,18.9000,true,1,213305
7290110116507,false,מיץ מיקס אננה בננה אגס 1 ל' פריגת,גת,IL,מיקס אננס בננה אגס סחוט 1 ל,ליטרים,1.00,ליטר,false,1,18.90,18.9000,true,1,213306
7290110116552,false,ספרייט לימון היט 1.5 ליטר LIME פיקדון,החברה המרכזית לייצור,IL,ספרייט למון היט 1.5 ל,ליטרים,1.50,ליטר,false,1,8.90,5.9333,true,1,213358
7290110116569,false,"ספרייט זירו ZERO בק LEMON HIT, 1.5 ליטר",החברה המרכזית לייצור,IL,ספרייט זירו למון היט 1.5 ל,ליטרים,1.50,ליטר,false,1,8.90,5.9333,true,1,213357
7290110320683,false,משקה יוגורט בטעם תות 1.5% - מארז 8 יח',מיוצר עי קונדיטוריית,IL,"משקה יופלה תות 107 מ""ל שמינייה",גרמים,856.00,100 גרם,false,1,17.90,2.0911,true,1,179234
7290110320850,false,פתיתים גבינה חצי קשה מגורדת 28% שומן,תנובה מרכז שיתופי לש,IL,פתיתי עמק 200 גר,גרמים,200.00,100 גרם,false,1,17.90,8.9500,true,1,179230
7290110320867,false,פתיתים גבינה חצי קשה מגורדת 28% שומן,תנובה מרכז שיתופי לש,IL,פתיתי עמק למאפים 28% 500 גר,גרמים,500.00,100 גרם,false,1,37.90,7.5800,true,1,179231
7290110321277,false,קוטג' בקטנה % 5 100 ג' תנובה,פארייפאבה אגרואינדוס,IL,קוטג בקטנה תנובה 5% 100 גר,גרמים,100.00,100 גרם,false,1,2.60,2.6000,true,1,182452
7290110321284,false,קוטג' בקטנה 9% 100 ג' תנובה,פארייפאבה אגרואינדוס,IL,קוטג בקטנה תנובה 9% 100 גר,גרמים,100.00,100 גרם,false,1,2.60,2.6000,true,1,182453
7290110321680,false,יוגורט GO בטעם תות 20 גרם חלבון בגביע,מיוצר עי קונדיטוריית,IL,יוגורט יופלה גו תות 200 גר,גרמים,200.00,100 גרם,false,1,5.90,2.9500,true,1,183023
7290110321703,false,יוגורט GO בטעם פירות יער 20 גרם חלבון בגביע,מיוצר עי קונדיטוריית,IL,יוגורט יופלה גו פירות יער 200 גר,גרמים,200.00,100 גרם,false,1,5.90,2.9500,true,1,185290
7290110321789,false,גבינת מסקרפונה 38% השף הלבן 250 ג',תנובה,IL,גבינת מסקרפונה השף הלבן 38% 250 גר,גרמים,250.00,100 גרם,false,1,18.80,7.5200,true,1,184429
7290110322946,false,יופלה טיוב יוגורט במרקם חלק בטעם תות בננה כשרות רבנות 348 ג',,,יוגורט יופלה בטעם תות בננה 348 גר,גרמים,348.00,100 גרם,false,1,12.90,3.7069,true,1,188066
7290110323301,false,טל העמק בסגנון אמנטל 32% שומן 200 גרם,עמק - תנובה,IL,טל העמק פרוס 32% 200 גר,גרמים,200.00,100 גרם,false,18,19.90,9.9500,true,1,189829
7290110323585,false,יופלה יוגורט עם דובדבן מופחת קלוריות 200 ג' GO,יופלה Yoplait,,יוגורט יופלה גו דובדבן מופחת קלוריות,גרמים,200.00,100 גרם,false,1,5.90,2.9500,true,1,189220
7290110323592,false,יופלה יוגורט עם אפרסק מופחת קלוריות 200 ג' GO,יופלה Yoplait,,יוגורט יופלה גו אפרסק מופחת קלוריות,גרמים,200.00,100 גרם,false,1,5.90,2.9500,true,1,189221
7290110323714,false,משקה קוקוס שקדים תנובה E אלטרנטיב,מיוצר עי קונדיטוריית,IL,משקה קוקוס שקדים 1 ל,ליטרים,1.00,ליטר,false,1,12.90,12.9000,true,1,189672
7290110324353,false,יוגורט GO לייט בטעם אננס 20 גרם חלבון בגביע,"תנובה בע""מ",IL,יוגורט יופלה גו לייט בטעם אננס 200 גר,גרמים,200.00,100 גרם,false,24,5.90,2.9500,true,1,192130
7290110324551,false,יופלה טיוב יוגורט במרקם חלק בטעם תות 348 ג',יופלה Yoplait,IL,יוגורט יופלה טיוב במרקם תות 348 גר,גרמים,348.00,100 גרם,false,1,12.90,3.7069,true,1,191460
7290110324926,false,משקה סויה ללא תוספת סוכר E אלטרנטיב,תנובה מרכז שיתופי לש,IL,משקה סויה ללא תוספת סוכר 1 ל,ליטרים,1.00,ליטר,false,16,10.90,10.9000,true,1,194310
7290110325114,false,"משקה יוגורט יופלה גו לייט תות בננה 250 מ""ל - רבנות",מיוצר עי קונדיטוריית,IL,משקה יוגורט גו לייט תות בננה 250 גר,גרמים,250.00,100 גרם,false,30,6.90,2.7600,true,1,193436
7290110325510,false,יופלה טיוב יוגורט במרקם חלק בטעם וניל - 348 ג',"תנובה בע""מ",IL,יוגורט יופלה טיוב בטעם וניל 348 גר,גרמים,348.00,100 גרם,false,16,12.90,3.7069,true,1,195743
7290110325619,false,משקה שיבולת שועל תנובה E אלטרנטיב,מיוצר עי קונדיטוריית,IL,משקה שיבולת שועל 1 ל,ליטרים,1.00,ליטר,false,16,12.90,12.9000,true,1,196366
7290110325893,false,משקה חלב GO מועשר בחלבון בטעם אייס קפה,מיוצר עי קונדיטוריית,IL,"משקה חלב תנובה גו אייס קפה 340 מ""ל",מיליליטרים,340.00,"100 מ""ל",false,20,8.50,2.5000,true,1,196363
7290110326210,false,יופלה און טופ פצפוצים 157 גרם.,מיוצר עי קונדיטוריית,IL,יוגורט יופלה און טופ פצפוצים 157 גר,גרמים,157.00,100 גרם,false,1,4.90,3.1210,true,1,197175
7290110326227,false,יוגורט און טופ קורנפלקס 157 ג' יופלה,מיוצר עי קונדיטוריית,IL,יוגורט יופלה און טופ קורנפלקס 157 גר,גרמים,157.00,100 גרם,false,1,4.90,3.1210,true,1,197177
7290110326234,false,יוגורט און טופ כוכבים 157 ג' יופלה,מיוצר עי קונדיטוריית,IL,יוגורט יופלה און טופ כוכבים 157 גר,גרמים,157.00,100 גרם,false,1,4.90,3.1210,true,1,197176
7290110326241,false,יופלה און טופ גרנולה 157 גרם.,מיוצר עי קונדיטוריית,IL,יוגורט יופלה און טופ גרנולה 157 גר,גרמים,157.00,100 גרם,false,1,4.90,3.1210,true,1,197178
7290110326944,false,יוגורט תנובה לבן 3%,תנובה,IL,יוגורט תנובה לבן 3% 150 גר,גרמים,150.00,100 גרם,false,1,3.90,2.6000,true,1,200800
7290110327125,false,פטה 21% מחלב צאן במי מלח-200ג',תנובה בעמ,GR,פטה 21% מחלב צאן במי מלח 200 גר,גרמים,200.00,100 גרם,false,8,21.90,10.9500,true,1,202513
7290110327514,false,משקה שיבולת שועל בטעם אגוזי לוז 1 ליטר אלטרנטיב,תנובה מרכז שיתופי לש,IL,משקה שיבולת שועל בטעם אגוזי לוז 1 ל,ליטרים,1.00,ליטר,false,16,12.90,12.9000,true,1,205143
7290110327545,false,מעדן און טופ תות פצפוצים מצופים שוקולד 157ג' יופלה,מיוצר עי קונדיטוריית,IL,יוגורט יופלה און טופ תות פצפוצי שוקולד,גרמים,157.00,100 גרם,false,1,4.90,3.1210,true,1,201279
7290110327637,false,יוגורט דיאט יופלה קיווי 0% שומן 150 ג' יופלה,תנובה מרכז שיתופי לש,IL,יופלה דיאט בטעם קיווי 150 גר,גרמים,150.00,100 גרם,false,1,4.90,3.2667,true,1,201276
7290110328016,false,משקה סויה מועשר בחלבון בטעם אגוזי לוז 250 גרם,תנובה מרכז שיתופי לש,IL,משקה סויה מועשר בחלבון אגוזי לוז 250 גר,גרמים,250.00,100 גרם,false,,5.90,2.3600,true,1,202517
7290110328504,false,טריו - מיקס גבינות מוצרלה סקנדינבית וגאודה 300 גרם,מיוצר עי קונדיטוריית,IL,מיקס מוצרלה/סקנדינבית וגאודה 300 גר,גרמים,300.00,100 גרם,false,1,26.90,8.9667,true,1,203118
7290110328627,false,יוגורט יופלה GO במרקם סמיך בטעם בננה קרמל 0%,מיוצר עי קונדיטוריית,IL,יוגורט יופלה גו במרקם סמיך בננה קרמל 0%,גרמים,200.00,100 גרם,false,12,5.90,2.9500,true,1,204253
7290110328764,false,יוגורט יופלה GO במרקם סמיך עם תות 0%,מיוצר עי קונדיטוריית,IL,יוגורט יופלה גו במרקם סמיך תות 0% 200 גר,גרמים,200.00,100 גרם,false,12,5.90,2.9500,true,1,204255
7290110328771,false,יוגורט יופלה GO במרקם סמיך עם פירות יער 0%,מיוצר עי קונדיטוריית,IL,יוגורט יופלה גו במרקם סמיך פירות יער 0%,גרמים,200.00,100 גרם,false,12,5.90,2.9500,true,1,204254
7290110328788,false,יוגורט יופלה GO במרקם סמיך בטעם אפרסק 0%,תנובה מרכז שיתופי לש,IL,יוגורט יופלה גו במרקם סמיך אפרסק 0% 200,גרמים,200.00,100 גרם,false,12,5.90,2.9500,true,1,204252
7290110329136,false,מעדן חלב מעושר בחלבון בטעם שוקולד 120 ג' GO,תנובה מרכז שיתופי לש,IL,מעדן חלב גו בטעם שוקולד 12ג חלבון 120 גר,גרמים,120.00,100 גרם,false,20,4.90,4.0833,true,1,207090
7290110329143,false,מעדן חלב מעושר בחלבון בטעם וניל גביע 120 ג' GO,תנובה מרכז שיתופי לש,IL,מעדן חלב גו בטעם וניל 12ג חלבון 120 גר,גרמים,120.00,100 גרם,false,20,4.90,4.0833,true,1,207088
7290110329266,false,יוגורט תנובה מחלב עיזים מלא תנובה 140 ג',קריות זול,IL,יוגורט תנובה מחלב עיזים מלא 140 גר,גרמים,140.00,100 גרם,false,1,5.90,4.2143,true,1,205141
7290110329686,false,"משקה חלב בטעם עוגיות 340 מ""ל GO",מיוצר עי קונדיטוריית,IL,משקה חלב תנובה גו בטעם עוגיות 340 מל,מיליליטרים,340.00,"100 מ""ל",false,20,8.50,2.5000,true,1,207087
7290110329716,false,משקה קפה קר בטעם קפוצ'ינו 230 ג' תנובה,תנובה מרכז שיתופי לש,IL,משקה קפה קר בטעם קפוצינו 230 מל,מיליליטרים,230.00,"100 מ""ל",false,1,6.90,3.0000,true,1,209845
7290110329723,false,משקה קפה קר בטעם לאטה 230 ג' תנובה,תנובה מרכז שיתופי לש,IL,משקה קפה קר בטעם לאטה 230 מל,מיליליטרים,230.00,"100 מ""ל",false,1,6.90,3.0000,true,1,209847
7290110329730,false,"משקה חלב עם שוקולד וקפה בסגנון לאטה 2.7%  230 מ""ל תנובה",תנובה מרכז שיתופי לש,IL,משקה חלב עם שוקולד וקפה בסגנון לאטה,מיליליטרים,230.00,"100 מ""ל",false,1,6.90,3.0000,true,1,209846
7290110329792,false,יוגורט סויה BIO Alternative אפרסק 150 ג' תנובה,מיוצר עי קונדיטוריית,IL,מעדן סויה ביו אפרסק 150 גר,גרמים,150.00,100 גרם,false,1,4.90,3.2667,true,1,208585
7290110329808,false,יוגורט סויה BIO Alternative תות 150 ג' תנובה,מיוצר עי קונדיטוריית,IL,מעדן סויה ביו תות 150 גר,גרמים,150.00,100 גרם,false,1,4.90,3.2667,true,1,208584
7290110329822,false,יוגורט סויה BIO Alternative פירות יער 150 ג' תנובה,מיוצר עי קונדיטוריית,IL,מעדן סויה ביו פירות יער 150 גר,גרמים,150.00,100 גרם,false,1,4.90,3.2667,true,1,208582
7290110550226,false,מטבעות שוקולד מריר לאפיה 400 ג עלית,שטראוס,IL,מטבעות שוקולד לאפיה 400 גר,גרמים,400.00,100 גרם,false,1,34.90,8.7250,true,1,209947
7290110552220,false,יוגורט PRO בטעם תות 0% סוכר לבן 20 גרם חלבון בגביע,"שטראוס בריאות בע""מ",IL,יוגורט דנונה פרו 20 תות ללא סוכר 200 גר,גרמים,200.00,100 גרם,false,12,5.90,2.9500,true,1,208256
7290110552237,false,יוגורט פרו בטעם אפרסק מנגו ללא סוכר 200 ג' דנונה,"שטראוס בריאות בע""מ",IL,יוגורט דנונה פרו 20 אפרסק מנגו ללס 200 ג,גרמים,200.00,100 גרם,false,12,5.90,2.9500,true,1,208257
7290110553029,false,"אנרג'י קריספס-פריכיות חומוס, עדשים ואפונה עם קייל וסלק","פרח תעשיו מזון בע""מ",IL,פריכיות חלבון קייל חומוס ומלח 60 גר,גרמים,60.00,100 גרם,false,1,10.90,18.1667,true,1,209297
7290110553098,false,"אנרג'י מיקס תערובת צימוקים, אגוזים ושוקולד חלב",אנרג'י Energy - שטראוס,,מיקס אגוזים אנרגי 100 גר,גרמים,100.00,100 גרם,false,1,17.90,17.9000,true,1,211901
7290110553425,false,קפה נמס עלית פחית מו,STRAUSS-ISRAEL,PL,קפה נמס עלית 200 גר+20% תוספת,גרמים,240.00,100 גרם,false,12,19.90,8.2917,true,1,208475
7290110554262,false,חלבית מלבין קפה חלבי 350 ג' עלית,,,מלבין קפה 350 גר,גרמים,350.00,100 גרם,false,1,24.90,7.1143,true,1,209299
7290110554422,false,רוטב עגבניות ופלפלים לשקשוקה 350 גר' יד מרדכי,אימילאנה,IT,רוטב עגבניות ופלפלים לשקשוקה יד מרדכי,גרמים,350.00,100 גרם,false,1,10.90,3.1143,true,1,208731
7290110554460,false,ציטוס קראנץ צ'דר חלפיניו 65 ג' עלית,,,חטיף ציטוס קראנץ צדר חלפיניו 65 גר,גרמים,65.00,100 גרם,false,48,4.30,6.6154,true,1,210546
7290110554477,false,קפסולת אספרסו לאפוגטו טעם מייפל פקאן 50 ג' עלית,שטראוס,IL,קפסולות קפה אספרסו לאפוגטו מייפל פקאן 50,גרמים,50.00,100 גרם,false,12,17.90,35.8000,true,1,210628
7290110554507,false,עלית - קפה טורקי תימני 100 גרם,שטראוס קפה בי.וי.,IL,קפה טורקי תימני 100 גר,גרמים,100.00,100 גרם,false,25,9.90,9.9000,true,1,210623
7290110554514,false,עלית - קפה טורקי אתיופי 100 גרם,שטראוס קפה בי.וי,IL,קפה טורקי אתיופי 100 גר,גרמים,100.00,100 גרם,false,25,9.90,9.9000,true,1,210624
7290110554705,false,"קפסולות קפה יונילקו אספרסו קלוי וטחון, 10 * 50 ג'",שטראוס קפה בי.וי.,IL,קפסולות קפה בתי קליה יוניקו 50 גר,גרמים,50.00,100 גרם,false,1,19.90,39.8000,true,1,212304
7290110555009,false,מארז זוג רוטב פסאטה 2* 350 ג' יד מרדכי,אימילאנה,IT,מחית עגבניות פסאטה זוגות 700 גר,גרמים,700.00,100 גרם,false,1,14.90,2.1286,true,1,209950
7290110556242,false,"שוקולד מריר פרווה 100 גר' בד""ץ תוצרת חוץ","שטראוס גרופ בע""מ.",IL,שוקולד מריר פרה 100 גר,גרמים,100.00,100 גרם,false,1,6.90,6.9000,true,1,212364
7290110557133,false,מעדן הגולן וניל 125 ג' שטראוס,מיוצר עי קונדיטוריית,IL,מעדן הגולן וניל 125 גר,גרמים,125.00,100 גרם,false,24,2.90,2.3200,true,1,206892
7290110557645,false,אנרג'י מיקס צימוקים חמוציות וש.לבן 100 גר שטראוס,Unknown,,מיקס צימוקים חמוציות אנרגי 100 גר,גרמים,100.00,100 גרם,false,1,17.90,17.9000,true,1,211902
7290110558215,false,"דנונה קראנצ`פיסטוק עם פיצפוץ לבן קראנצי פיסטוק, 173 גרם","שטראוס בריאות בע""מ",IL,דנונה קראנצ פיסטוק עם פצפוץ לבן 173 גר,גרמים,500.00,100 גרם,false,12,4.90,0.9800,true,1,213124
7290110558284,false,יוגורט ביו מולטי 200 ג' דנונה,"שטראוס בריאות בע""מ",IL,יוגורט דנונה ביו מולטי 200 גר,גרמים,200.00,100 גרם,false,24,3.90,1.9500,true,1,211239
7290110558314,false,דנונה פרו 20 ג' חלבון ללא סוכר פיסטוק 200 גרם,"שטראוס בריאות בע""מ",IL,דנונה פרו 20 גר ללא סוכר פיסטוק 200 גר,גרמים,200.00,100 גרם,false,12,5.90,2.9500,true,1,211895
7290110558666,false,מעדן גבינה בטעם תפוח 88 ג' דניאלה,"שטראוס בריאות בע""מ",IL,מעדן גבינה דניאלה בטעם תפוח 88 גר,גרמים,88.00,100 גרם,false,24,4.10,4.6591,true,1,213120
7290110558741,false,"גמדים פאוץ תפוח בננה, 100 ג' שטראוס","שטראוס בריאות בע""מ",IL,גבינה לבנה גמדים פאוץ תות בננה 100 גר,גרמים,100.00,100 גרם,false,1,5.90,5.9000,true,1,214287
7290110559748,false,ריל - מאגדת שקדים קוקוס ושוקולד מריר 35 גרם * 3,ואמואליס פודס,GR,מאגדת רייל שקד קוקוס שוקולד מריר 105 גר,גרמים,105.00,100 גרם,false,1,16.90,16.0952,true,1,211431
7290110559762,false,ריל - מאגדת אגוזים תמרם קוקוס 35 גרם * 3,ואמואליס פודס,GR,מאגדת רייל אגוזים תמרים קוקוס 105 גר,גרמים,105.00,100 גרם,false,1,16.90,16.0952,true,1,211429
7290110560836,false,מילקי פסק זמן מהדרין 133ג',מיוצר עי קונדיטוריית,IL,מעדן מילקי בטעם פסק זמן 133 גר,מיליליטרים,170.00,"100 מ""ל",false,1,2.90,1.7059,true,1,184241
7290110565527,false,יוגורט PRO פרו 1.5% 20 גרם חלבון בגביע,"שטראוס בריאות בע""מ",IL,יוגורט דנונה פרו עשיר בחלבון 200 גר,גרמים,200.00,100 גרם,false,1,5.90,2.9500,true,1,182028
7290110566975,false,דנונה פרו יוגורט 0% תות עשיר בחלבון 200ג',"שטראוס בריאות בע""מ",IL,יוגורט דנונה פרו תות 200 גר,גרמים,200.00,100 גרם,false,1,5.90,2.9500,true,1,184245
7290110568276,false,משקה וניל פרו Pro מועשר בחלבון 1.5%,מילקוורק,IL,משקה יטבתה פרו וניל 350 גר,מיליליטרים,350.00,"100 מ""ל",false,8,6.50,1.8571,true,1,185548
7290110568511,false,קונפיטורה פירות יער במתיקות מעודנת 265 ג' יד מרדכי,קריות זול,FR,קונפיטורת פירות יער יד מרדכי 265 גר,גרמים,265.00,100 גרם,false,6,14.90,5.6226,true,1,191416
7290110570224,false,משקה קפה קר בטעם עוגיות 230ג' יוטבתה,אנסטל מילק kg,AT,משקה קפה קר יטבתה בטעם עוגיות 230 מל,מיליליטרים,230.00,"100 מ""ל",false,10,7.90,3.4348,true,1,210478
7290110571375,false,"אנרג'י מיקס תערובת צימוקים, תמרים, טופי ושברי פקאן",אנרג'י Energy - שטראוס,,שקדים קוקוס ושוקולד אנרגי 100 גר,גרמים,100.00,100 גרם,false,1,17.90,17.9000,true,1,211903
7290110571405,false,עלית - מיני פינוקיות בגביע פסק זמן 180 גרם,עלית,IL,מיני פינוקיות בגביע פסק זמן 180 גר,גרמים,180.00,100 גרם,false,12,10.90,6.0556,true,1,212541
7290110571412,false,מיני פינוקיות - פאדג' שוקולד בגביע 180 גרם,עלית,IL,מיני פינוקיות בגביע פאדג 180 גר,גרמים,180.00,100 גרם,false,12,10.90,6.0556,true,1,212542
7290110571474,false,רבע לשבע טבעוני פופקורן 125 ג' עלית,הגביע מוצרי וופלים ב,IL,גלילי וופל רבע לשבע פופקורן 125 גר,גרמים,125.00,100 גרם,false,14,10.90,8.7200,true,1,211242
7290110572884,false,"קפסולות קפה מספר 20 למכונת אספרס אספרסו, 50 גרם",שטראוס קפה בי.וי.,IL,קפסולות קפה אספרסו 50 גר,גרמים,50.00,100 גרם,false,1,15.90,31.8000,true,1,213114
7290110576370,false,מארז שלישייה שוקולד מריר חלבי עם אגוזי לוז,עלית,FR,שלישיית שוקולד אגוז מריר 100 גר,גרמים,300.00,100 גרם,false,1,24.90,8.3000,true,1,212302
7290110576387,false,מאגדת שלישיית שוקולד אגוז חלב 300 ג' עלית,שטראוס,IL,שלישיית שוקולד אגוז חלב 100 גר,גרמים,300.00,100 גרם,false,1,24.90,8.3000,true,1,212301
7290110576752,false,טבלאות שוקולד ספלנדיד מריר 70% 100 ג' עלית,קימ'ס גריפלנן,BE,שוקולד ספלנדיד מריר 70% 100 גר,גרמים,100.00,100 גרם,false,1,9.90,9.9000,true,1,213115
7290110576776,false,טבלאות שוקולד ספלנדיד מריר 85% 100 ג' עלית,קימ'ס גריפלנן,BE,שוקולד ספלנדיד מריר 85% 100 גר,גרמים,100.00,100 גרם,false,1,9.90,9.9000,true,1,213116
7290110576790,false,סקי בטעם מוקה 125 ג' שטראוס,"שטראוס בריאות בע""מ",IL,מעדן גבינה סקי בטעם מוקה 125 גר,גרמים,125.00,100 גרם,false,24,3.70,2.9600,true,1,212371
7290110577230,false,משקה חלב בטעם פיסטוק יטבתה 1 ליטר,מחלבת יטבתה,IL,משקה חלב בטעם פיסטוק 1 ל,ליטרים,1.00,ליטר,false,12,11.90,11.9000,true,1,213117
7290110577247,false,"יטבתה משקה חלב-פיסטוק בבקבוק 350 מ""ל",מחלבת יטבתה,IL,משקה חלב בטעם פיסטוק 350 מל,מיליליטרים,350.00,"100 מ""ל",false,6,6.60,1.8857,true,1,213118
7290110577728,false,"משקה שייק חלבון מי גבינה עם פירות יער 350מ""ל יטבתה",מחלבת יטבתה,IL,שייק חלבון מי גבינה פירות יער 350 מל,מיליליטרים,350.00,"100 מ""ל",false,6,7.90,2.2571,true,1,214289
7290111340963,false,תחבושות קוטקס לילה 6,,,תחבושות קוטקס לילה 6 יח,Unknown,0.00,Unknown,false,1,7.80,0.0000,true,1,194249
7290111341366,false,מפיות אירוח חד שכבתי 30/30 150 יח',חוגלה קימברלי,SK,מפיות אירוח 150 יח זוג ניקול,Unknown,0.00,Unknown,false,1,7.90,0.0000,true,1,193350
7290111342004,false,נייר טואלט לח קידס 56 יח' לילי,עלבד,,נייר טואלט לח לילי קידס 56 יח,Unknown,0.00,Unknown,false,1,7.90,0.0000,true,1,192465
7290111344206,false,האגיס נטורל קר מגבונים לחים בבישום עדין רביעייה,חוגלה קימברלי,IL,רביעיית מגבוני האגיס נטורל קייר מבושם,Unknown,0.00,Unknown,false,1,21.90,0.0000,true,1,207585
7290111346293,false,מגבת נייר ניקול שישייה מהדורת חג,קימברלי קלארק,IL,נייר מגבת מהדורה 6 יח,Unknown,0.00,Unknown,false,1,11.90,0.0000,true,1,210202
7290111352966,false,יוגטה סוכריות ממולאות בטעם פירות 250 גרם ללא ג'לטין,סאדאט,TR,סוכריות גומי ממולאות פירות יוגטה 250 גר,גרמים,250.00,100 גרם,false,1,7.90,3.1600,true,1,205858
7290111354151,false,ממרח אגוזים 200 גר,,,ממרח אגוזים 200 גר,גרמים,200.00,100 גרם,false,1,15.90,7.9500,true,1,210635
7290111563492,false,סלט מטבוחה חריפה מרובע 400 ג' צבר,סלטי צבר,IL,סלטי צבר מטבוחה חריפה 400 גר,גרמים,400.00,100 גרם,false,1,12.90,3.2250,true,1,184495
7290111564727,false,עוגיות אסם קרמוגית וקרם אגוזים אסם 200ג',מיוצר עי קונדיטוריית,IL,עוגיות קרמוגית במילוי קרם אגוזים 200 גר,גרמים,200.00,100 גרם,false,1,9.90,4.9500,true,1,182123
7290111565038,false,"לה קרמריה וניל קוקילידה בד""צ 1.4 ל'",המאפיה של הרמן,IL,לה קרמריה וניל קוקילידה 1.4 ל,ליטרים,1.40,ליטר,false,1,21.90,15.6429,true,1,185125
7290111566318,false,טבעול שניצל דק מן הצומח 564 גר',עיצובים 2020 (4.8),IL,טבעול שניצל דק מן הצומח 564 גר,גרמים,564.00,100 גרם,false,1,29.90,5.3014,true,1,183261
7290111566561,false,טבעול שניצל ברוקולי 99 קלוריות 560גר',עיצובים 2020 (4.8),IL,שניצל ברוקולי טבעול 560 גר,גרמים,560.00,100 גרם,false,1,29.90,5.3393,true,1,183270
7290111568206,false,"מיקס ביסלי, אפרופו ופיצוחים מתובלים",פרו מן יו פתרונות אר,IL,ביסלי פארטי מיקס 150 גר,גרמים,150.00,100 גרם,false,1,7.90,5.2667,true,1,184476
7290111932779,false,"בלונס - קרם גוף במרקם מוס סגול 150 מ""ל",,,קרם גוף בלונס במרקם מוס מעושר בפטאיה 150,מיליליטרים,150.00,"100 מ""ל",false,1,19.90,13.2667,true,1,213021
7290111932786,false,"בלונס - ג'ל לניקוי הפנים רגיל יבש 250 מ""ל",,,גל לניקוי פנים בלונס רגיל יבש 250 מל,מיליליטרים,250.00,"100 מ""ל",false,1,19.90,7.9600,true,1,213023
7290111932793,false,גל לניקוי פנים בלונס,,,גל לניקוי פנים בלונס שמן מעורב 250 מל,מיליליטרים,250.00,"100 מ""ל",false,1,19.90,7.9600,true,1,213024
7290111932823,false,"בלונס - קרם גוף במרקם מוס לבן 150 מ""ל",,,קרם גוף בלונס במרקם מוס מעושר בפינגרליים,מיליליטרים,150.00,"100 מ""ל",false,1,19.90,13.2667,true,1,213022
7290111936203,false,"ליידי ספיד סטיק דרמה ספריי ויטמין אי 150 מ""ל",ליידי ספיד סטיק Lady Speed Stick,US,ליידי ספיד סטיק ספריי דרמה ויטמין,מיליליטרים,150.00,"100 מ""ל",false,12,13.80,9.2000,true,1,192489
7290111936333,false,פלמוליב גל רחצה מים,CP - Turkey+60,TR,פלמוליב גל רחצה מים מיסלרים כותנה 500 מל,מיליליטרים,500.00,"100 מ""ל",false,12,12.80,2.5600,true,1,193362
7290111937088,false,"ליידי ספיד סטיק דרמה רול און 50 מ""ל",,,ליידי ספיד סטיק דרמה רול און אומגה 3,Unknown,0.00,Unknown,false,1,12.80,0.0000,true,1,201114
7290111937705,false,פדים להסרת איפור בלו,,,בלונס פדים אובליים להסרת איפור שלשות,Unknown,0.00,Unknown,false,1,14.80,0.0000,true,1,201109
7290111937729,false,"בלונס - קרם גוף שקדים 200 מ""ל",,,קרם גוף בלונס שקדים 200 מל,מיליליטרים,200.00,"100 מ""ל",false,1,19.90,9.9500,true,1,213020
7290111938481,false,"רוטב סויה בהיר מאסטר שף 300 מ""ל",מאסטר שף,TH,"מאסטר שף רוטב סויה בהירה 300 מ""ל",מיליליטרים,300.00,"100 מ""ל",false,1,9.90,3.3000,true,1,197888
7290112001122,false,טבליות למדיח אול אין ואן 52 יח',פיניש,,טבליות למדיח פיניש אול ין ואן 52 יח,Unknown,0.00,Unknown,false,1,37.90,0.0000,true,1,190946
7290112002112,false,ג'ל כביסה מרוכז קולון 101 בניחוח ורדים,רקיט בנקיזר,IL,גל כביסה קולון בניחוח ורדים ורוד 2.5 ל,ליטרים,2.50,ליטר,false,1,24.90,9.9600,true,1,195099
7290112002129,false,ג'ל כביסה מרוכז קולון 101 בניחוח פריחה מרענן,קולון Colon,,גל כביסה קולון בניחוח מרענן ירוק 2.5 ל,ליטרים,2.50,ליטר,false,1,24.90,9.9600,true,1,195101
7290112003980,false,"וניש אבקה זויס צבע ולבן 1.350 ק""ג",רקיט בנקיזר,PL,אבקה להסרת כתמים וניש לבן הלבנה 1.35 קג,קילוגרמים,1.35,"ק""ג",false,6,29.80,22.0741,true,1,206981
7290112005083,false,וניש תוסף כביסה רב תכליתי לכביסה צבעונית,קליה וניש Kalia Vanish,IT,אבקה ורוד וניש גולד אריזת חיסכון 1.5 קג,קילוגרמים,1.50,"ק""ג",false,1,39.90,26.6000,true,1,213272
7290112190635,false,מגבונים לחים ירוק 72,,,מגבונים לחים ירוק 72 יח,Unknown,0.00,Unknown,false,1,3.90,0.0000,true,1,208818
7290112330352,false,"יוגורט PRO בטעם וניל 0% , 20 גרם חלבון בגביע","שטראוס בריאות בע""מ",IL,יוגורט דנונה פרו וניל 0% 200 גר,גרמים,200.00,100 גרם,false,12,5.90,2.9500,true,1,192059
7290112330390,false,יוגורט PRO בטעם פירות יער 0% 20 גרם חלבון בגביע,"שטראוס בריאות בע""מ",IL,יוגורט דנונה פרו פירות יער0% 200 גר,גרמים,200.00,100 גרם,false,12,5.90,2.9500,true,1,192060
7290112332585,false,"פריכיות תפו""א, אורז בתיבול סלק ומלח חי 30 גר'","פרח תעשיו מזון בע""מ",IL,"פריכיות משולש תפו""א/אורז סלק ומלח ים 30",גרמים,30.00,100 גרם,false,24,5.90,19.6667,true,1,192429
7290112332691,false,עוגיות קרם אגוזים פסק זמן 200 ג' עלית,הגביע מוצרי ופלים בע,IL,עוגיות עלית קרם פסק זמן 200 גר,גרמים,200.00,100 גרם,false,14,10.90,5.4500,true,1,192777
7290112332899,false,עלית - צנצנת בזוקה פופים קלאסי 58 גרם,רוג'ר אנד רוג'ר,DE,מסטיק בזוקה פופיס קלאסי 58 גר,גרמים,58.00,100 גרם,false,12,9.90,17.0690,true,1,192428
7290112334749,false,קפה טורקי שקית 10% תוספת 200 ג' עלית,שטראוס קפה בי.וי,IL,קפה טורקי עלית שקית תוספת 10%,גרמים,220.00,100 גרם,false,24,16.90,7.6818,true,1,192559
7290112336637,false,סוכריות מאסט Must ללא סוכר יוגורט תות ואוכניות,MIESZKO S.A - MS. JO,PL,סוכריות מאסט יוגורט תות אוכמניות ללא סוכ,גרמים,80.00,100 גרם,false,12,6.90,8.6250,true,1,193994
7290112336644,false,סוכריות מאסט ללא סוכר לימון 80 ג' עלית,MIESZKO S.A - MS. JO,PL,סוכריות מאסט לימון ללא סוכר 80 גר,גרמים,80.00,100 גרם,false,12,6.90,8.6250,true,1,193995
7290112336651,false,סוכריות מאסט ללא סוכר ריבת חלב 80 ג' עלית,MIESZKO S.A - MS. JO,PL,סוכריות מאסט ריבת חלב ללא סוכר 80 גר,גרמים,80.00,100 גרם,false,12,6.90,8.6250,true,1,193998
7290112336712,false,יוגורט PRO לבן 0% 21 גרם חלבון בגביע,"שטראוס בריאות בע""מ",IL,יוגורט דנונה פרו 21 0% 200 גר,גרמים,200.00,100 גרם,false,1,5.90,2.9500,true,1,190853
7290112337474,false,סוכריות מאסט ללא סוכר פטל לימון 80 ג' עלית,MIESZKO S.A - MS. JO,PL,סוכריות מאסט פטל לימון ללא סוכר 80 גר,גרמים,80.00,100 גרם,false,12,6.90,8.6250,true,1,193996
7290112337481,false,סוכריות מאסט ללא סוכר קפצ''ינו 80 ג' עלית,MIESZKO S.A - MS. JO,PL,סוכריות מאסט קפוצינו ללא סוכר 80 גר,גרמים,80.00,100 גרם,false,12,6.90,8.6250,true,1,193997
7290112339171,false,מעדן מילקי מוס שוקול,מיוצר עי קונדיטוריית,IL,מעדן מילקי מוס שוקולד וקצפת 81 גר,גרמים,81.00,100 גרם,false,24,3.40,4.1975,true,1,189496
7290112339867,false,גמדים לדרך גבינה לבנה עם מחית תות,שטראוס,IL,גבינה לבנה גמדים סקוויז תות לדרך 100 גר,גרמים,100.00,100 גרם,false,1,5.90,5.9000,true,1,190334
7290112339874,false,גמדים לדרך גבינה לבנה עם מחיות תות ובננה,שטראוס,IL,גבינה לבנה גמדים סקוויז תות בננה לדרך,גרמים,100.00,100 גרם,false,1,5.90,5.9000,true,1,190335
7290112340245,false,צנצנת מסטיק מאסט בטעם דובדבן 66 ג' עלית,"שטראוס גרופ בע""מ",IL,מסטיק מאסט דובדבן בצנצנת 66 גר,גרמים,66.00,100 גרם,false,12,9.90,15.0000,true,1,191414
7290112340252,false,צנצנת מסטיק מאסט בטעם אבטיח מלון 66 ג' עלית,"שטראוס גרופ בע""מ",IL,מסטיק מאסט אבטיח מלון 66 גר,גרמים,66.00,100 גרם,false,12,9.90,15.0000,true,1,191413
7290112340276,false,עוגיות קרם קפה נמס 200 ג' עלית,הגביע מוצרי ופלים בע,IL,עוגיות עלית קרם קפה 200 גר,גרמים,200.00,100 גרם,false,14,10.90,5.4500,true,1,192778
7290112341679,false,אקטיביה 3% שומן 200 ג' דנונה,מיוצר עי קונדיטוריית,IL,יוגורט אקטיביה 3% 200 גר,גרמים,200.00,100 גרם,false,24,3.90,1.9500,true,1,193969
7290112342515,false,דוריטוס צ'יזי טוויסט 55 גר',STRAUSS-ISRAEL,,דוריטוס קול ראנצ 55 גר,גרמים,55.00,100 גרם,false,48,3.20,5.8182,true,1,195734
7290112343420,false,"משקה חלב עם דגנים מלאים ובננה פרו יטבתה 350מ""ל",מחלבת יטבתה,IL,"משקה חלב יטבתה פרו ארוחת בוקר 350 מ""ל",מיליליטרים,350.00,"100 מ""ל",false,6,7.90,2.2571,true,1,195654
7290112343499,false,חטיף צ'יטוס פאפס אפוי בטעם גבינה,"שטראוס פריטו ליי בע""",IL,ציטוס פאפס בטעם גבינה 55 גר,גרמים,55.00,100 גרם,false,48,3.40,6.1818,true,1,205852
7290112344724,false,מעדן בטעם שוקולד בלונדי 170 ג' מילקי,מיוצר עי קונדיטוריית,IL,מעדן מילקי בטעם שוקולד בלונדי 170 גר,גרמים,170.00,100 גרם,false,24,3.40,2.0000,true,1,195662
7290112344755,false,מילקי שוקולד 26% פחות סוכר 135 גרם,מיוצר עי קונדיטוריית,IL,מילקי 26% פחות סוכר 135 גר,גרמים,135.00,100 גרם,false,24,2.90,2.1481,true,1,202056
7290112344786,false,קפה פלטינום קלאסיק 200 ג' עלית,שטראוס קפה בי.וי.,IL,קפה פלטינום קלאסיק 200 גר,גרמים,200.00,100 גרם,false,6,26.90,13.4500,true,1,196553
7290112346360,false,בפלות אחת אחת ופל בטעם שוקולד מצופה שוקולד,הגביע מוצרי וופלים ב,GR,בפלות אחת אחת בציפוי שוקולד 240 גר,גרמים,180.00,100 גרם,false,10,13.90,7.7222,true,1,209305
7290112346537,false,עוגיות פינוקיות בטעם טורטית 200 ג' עלית,הגביע מוצרי ופלים בע,IL,פינוקיות עוגיות עלית בטעם טורטית 200 גר,גרמים,200.00,100 גרם,false,14,10.90,5.4500,true,1,195688
7290112346827,false,"אקטימל ויטמין C פטל 8*100 מ""ל",קריות זול,IL,אקטימל ויטמין סי פטל שמינייה,גרמים,864.00,100 גרם,false,1,20.90,2.4190,true,1,201585
7290112347008,false,גמדים לדרך גבינה לבנה עם מחית תות ושיבולת שועל,מיוצר עי קונדיטוריית,IL,גמדים ארוחת בוקר תות סקוויז 100 גר,גרמים,100.00,100 גרם,false,7,5.90,5.9000,true,1,195650
7290112349606,false,מעדן גבינה ויוגורט תות בננה 88 ג' דניאלה,"שטראוס בריאות בע""מ",IL,מעדן גבינה דניאלה תות בננה 88 גר,גרמים,88.00,100 גרם,false,24,4.10,4.6591,true,1,208252
7290112349736,false,בזיליקום רוטב עגבניות לפסטה 350 גר' יד מרדכי,אמיליאנה קונסרב סוסי,IT,רוטב עגבניות לפסטה בזיליקום יד מרדכי,גרמים,350.00,100 גרם,false,1,10.90,3.1143,true,1,196565
7290112349743,false,ארביאטה רוטב עגבניות פיקנטי לפסטה 350 ג' יד מרדכי,אימילאנה,IT,רוטב עגבניות ארביאטה פיקנטי יד מרדכי,גרמים,350.00,100 גרם,false,1,10.90,3.1143,true,1,196564
7290112349750,false,פיצה רוטב עגבניות לפיצה 350 גר' יד מרדכי,אימילאנה,IL,רוטב עגבניות לפיצה יד מרדכי 350 גר,גרמים,350.00,100 גרם,false,1,10.90,3.1143,true,1,196563
7290112350312,false,קפסולות 15 קפה יותר למכונות נספרסו עלית 10יח',הנסיך- מפעל לייצור ט,IL,קפסולות קפה עלית חזק במיוחד 50 גר,גרמים,50.00,100 גרם,false,1,15.90,31.8000,true,1,198474
7290112351104,false,שוקולד פרה ממולא פיצפוצי אורז 100 ג' עלית,STRAUSS-ISRAEL,IL,שוקולד פרה פיצפוצי אורז 100 גר,גרמים,100.00,100 גרם,false,12,6.90,6.9000,true,1,197794
7290112351128,false,שוקולד פרה סוכריות קופצות 100 ג' עלית,"שטראוס גרופ בע""מ",IL,שוקולד פרה סוכריות קופצות 100 גר,גרמים,100.00,100 גרם,false,12,5.50,5.5000,true,1,199349
7290112351463,false,שלישיית סוכריות מאסט FRESH פטל לימון 45 ג' עלית,עלית,,שלישייה סוכריות בטעם פטל ולימון 45 גר,גרמים,45.00,100 גרם,false,8,9.90,22.0000,true,1,198532
7290112351470,false,סוכריות ללא סוכר בטעם תות רימון מאסט פרש,עלית,,שלישייה סוכריות בטעם רימון תות 45 גר,גרמים,45.00,100 גרם,false,8,9.90,22.0000,true,1,198533
7290112353887,false,"משקה קפה קר בטעם אגוזים יטבתה 230 מ""ל",אנסטל מילק kg,AT,משקה אייס קפה יטבתה בטעם אגוזים 230 מל,מיליליטרים,230.00,"100 מ""ל",false,1,7.90,3.4348,true,1,199105
7290112354211,false,פיצה מרגריטה 300 ג' דלישס,סקרלינפיצה אס. אר. א,IT,פיצה מרגריטה קפוא דלישס 400 גר,גרמים,400.00,100 גרם,false,1,25.90,6.4750,true,1,206217
7290112354235,false,ברקטה פיצה - 2 יחידות במארז,סקרלינפיצה אס. אר. א,IT,ברקטה פיצה דלישס 300 גר,גרמים,300.00,100 גרם,false,1,25.90,8.6333,true,1,206219
7290112354945,false,תפוצ'יפס wavy טבעי 50ג היתר מכירה,שטראוס פריטו ליי בע”,IL,חטיף תפוציפס טבעי 50 גר,גרמים,50.00,100 גרם,false,1,3.90,7.8000,true,1,212914
7290112354952,false,חטיף תפוצ'יפס WAVY בטעם פפריקה,שטראוס פריטו ליי בע”,IL,חטיף תפוציפס בטעם פפריקה 50 גר,גרמים,50.00,100 גרם,false,1,3.90,7.8000,true,1,212915
7290112354969,false,"תפוציפס WAVY טבעי , 200 גרם",שטראוס פריטו ליי בע”,IL,חטיף תפוציפס טבעי יבול חול 200 גר,גרמים,200.00,100 גרם,false,12,10.90,5.4500,true,1,212916
7290112355102,false,גמדים פאוץ סלט פירות 100 ג' שטראוס,"שטראוס בריאות בע""מ",IL,גמדים פאוץ סלט פירות 100 גר,גרמים,100.00,100 גרם,false,7,5.90,5.9000,true,1,202320
7290112355812,false,מעדן מילקי עם טופ קורנפלקס מצופה שוקולד,"שטראוס גרופ בע""מ",IL,מעדן מילקי טופ קורנפלקס מעורב 157 גר,גרמים,157.00,100 גרם,false,24,4.80,3.0573,true,1,205230
7290112355867,false,מילקי קצפת טופ פיצפוץ 86 גרם,"שטראוס גרופ בע""מ",IL,מעדן מילקי קצפת טופ פיצפוץ 86 גר,גרמים,86.00,100 גרם,false,20,3.90,4.5349,true,1,206893
7290112357045,false,עגבניות איטלקיות מרוסקות 390 גר' בקופסה טעם הטבע,שטראוס טעם הטבע,IT,עגבניות איטלקיות מרוסקות 390 גר,גרמים,390.00,100 גרם,false,1,6.90,1.7692,true,1,197970
7290112357076,false,קוביות עגבניות איטלקיות 390 גר' בקופסה טעם הטבע,שטראוס טעם הטבע,,קוביות עגבניות איטלקיות 390 גר,גרמים,390.00,100 גרם,false,16,6.90,1.7692,true,1,199703
7290112357083,false,אפונת גינה טעם הטבע 380 גר' בקופסה,שטראוס טעם הטבע,,אפונה גינה 380 גר,גרמים,380.00,100 גרם,false,1,6.90,1.8158,true,1,197968
7290112357106,false,שעועית אדומה 380 גר' בקופסה טעם הטבע,שטראוס טעם הטבע,,שעועית אדומה 380 גר,גרמים,380.00,100 גרם,false,1,6.90,1.8158,true,1,197966
7290112357113,false,גרגרי חומוס בקופסה 380 גר' טעם הטבע,שטראוס טעם הטבע,IT,גרגרי חומוס 380 גר,גרמים,380.00,100 גרם,false,1,6.90,1.8158,true,1,197967
7290112357892,false,סוכריות ללא סוכר בטעם מנטה מאסט פרש,עלית,,שלישייה סוכריות מנטה 45 גר,גרמים,45.00,100 גרם,false,8,9.90,22.0000,true,1,198531
7290112358004,false,חטיף שוקולד פסק זמן,שולן צ'יקולטה גידה ס,TR,פסק זמן קראנץ 32 גר,גרמים,32.00,100 גרם,false,1,4.90,15.3125,true,1,201885
7290112358219,false,יד מרדכי רוטב צ'ילי מתוק 300 גרם,אף.סי תבליני בגליל ב,IL,רוטב יד מרדכי צילי מתוק 300 גר,גרמים,300.00,100 גרם,false,1,13.90,4.6333,true,1,199095
7290112358233,false,יד מרדכי רוטב צילי חריף 300גרם,יד מרדכי,,רוטב יד מרדכי צילי חריף 300 גר,גרמים,300.00,100 גרם,false,1,13.90,4.6333,true,1,199357
7290112358240,false,יד מרדכי רוטב גריל 300 גרם,יד מרדכי,,רוטב יד מרדכי גריל 300 גר,גרמים,300.00,100 גרם,false,9,13.90,4.6333,true,1,197792
7290112358431,false,עד חצות דאבל ביסקוויט עם שוקולד חלב -8 אריזות אישיות,הדקלאים אגודת שיתופי,FR,ביסקויט עד חצות דאבל 200 גר,גרמים,200.00,100 גרם,false,10,11.90,5.9500,true,1,203600
7290112490032,false,"נמס בכוס תירס קנור בד""ץ, זוגי 22.5X2 גרם,",יוניליוור,IL,נמס בכוס תירס,גרמים,45.00,100 גרם,false,72,6.90,15.3333,true,1,187117
7290112490216,false,נמס בכוס מרק עוף עם קרוטונים רכיבים טבעיים,יוניליוור,,נמס בכוס בטעם עוף 48 גר,גרמים,48.00,100 גרם,false,1,6.90,14.3750,true,1,185756
7290112490230,false,נמס בכוס אפונה רכיבים טבעיים 50 ג' קנור,יוניליוור,,נמס בכוס אפונה 50 גר,גרמים,50.00,100 גרם,false,1,6.90,13.8000,true,1,185755
7290112490650,false,# 778 קונפיטורת תות כשלפ 340גר,קונפיטורות לה-ארדניי,BE,קונפיטורה 778 תות שדה 340 גר,גרמים,340.00,100 גרם,false,1,11.90,3.5000,true,1,186147
7290112490728,false,מרק עשיר ירקות עם בורגול רכיבים טבעיים 95 ג' קנור,יוניליוור ישראל מזון,IL,מרק עשיר ירקות בורגול רכיבים טבעי,גרמים,95.00,100 גרם,false,60,12.90,13.5789,true,1,187123
7290112490742,false,מרק עשיר פטריות עם גריסים רכיבים טבעיים 104 ג' קנור,יוניליוור,IL,מרק עשיר פטריות גריסים רכיבים טבע,גרמים,104.00,100 גרם,false,60,12.90,12.4038,true,1,187120
7290112490759,false,מרק עשיר עוף עם אטריות רכיבים טבעיים 74 ג' קנור,יוניליוור,IL,מרק עשיר עוף אטריות רכיבים טבעי,גרמים,74.00,100 גרם,false,60,12.90,17.4324,true,1,187121
7290112491558,false,שוקולד מריר פרווה מארז 100X6 גר',אתר צפת טבלאות ותעשי,IL,מאגדת שוקולד מריר ורד הגליל שישייה,גרמים,600.00,100 גרם,false,1,19.90,3.3167,true,1,190935
7290112491787,false,בייגלה דקים דקים שומשום ב.בייגל 300 גר',בייגל בייגל BB,IL,בייגל דקים דקים שומשום 300 גר,גרמים,300.00,100 גרם,false,12,11.90,3.9667,true,1,189459
7290112491794,false,בייגלה דקים דקים שמנת בצל 300 גר',בייגל בייגל BB,IL,בייגל דקים דקים שמנת בצל 300 גר,גרמים,300.00,100 גרם,false,12,11.90,3.9667,true,1,189516
7290112492449,false,"פינוק - שמפו לשיער רגיל 700 מ""ל",יוניליוור ישראל טיפו,IL,פינוק שמפו לשיער רגיל 700 מל,מיליליטרים,700.00,"100 מ""ל",false,12,10.90,1.5571,true,1,197697
7290112492456,false,"פינוק - פינוק לשיער יבש 700 מ""ל",יוניליוור ישראל טיפו,IL,פינוק שמפו לשיער יבש 700 מל,מיליליטרים,700.00,"100 מ""ל",false,12,10.90,1.5571,true,1,197698
7290112492463,false,"שמפו ומרכך לשיער רגיל 700 מ""ל פינוק",יוניליוור ישראל טיפו,IL,פונוק 2 ב-1 לשיער רגיל 700 מל,מיליליטרים,700.00,"100 מ""ל",false,12,10.90,1.5571,true,1,197699
7290112492500,false,"פינוק - שמפו שמן קוקוס 700 מ""ל","יוניליור ישראל, טיפו",IL,פינוק שמפו שמן קוקוס 700 מל,מיליליטרים,700.00,"100 מ""ל",false,12,10.90,1.5571,true,1,197701
7290112492531,false,"מרכך לשיער רגיל 700 מ""ל פינוק",יוניליוור,IL,"מרכך לשיער רגיל פינוק 700 מ""ל",מיליליטרים,700.00,"100 מ""ל",false,12,10.90,1.5571,true,1,195543
7290112492548,false,"פינוק - מרכך לשיער יבש 700 מ""ל",יוניליוור,IL,"מרכך פינוק לשיער יבש 700 מ""ל",מיליליטרים,700.00,"100 מ""ל",false,12,10.90,1.5571,true,1,195547
7290112492579,false,"פינוק - מרכך שמן קוקוס 700 מ""ל",יוניליוור,IL,"פינוק מרכך שמן קוקוס 700 מ""ל",מיליליטרים,700.00,"100 מ""ל",false,12,10.90,1.5571,true,1,195545
7290112492609,false,"פינוק - תחליב רחצה לבנדר וניל 700 מ""ל",יוניליוור,IL,"תחליב רחצה פינוק לבנדר ווניל 700 מ""ל",מיליליטרים,700.00,"100 מ""ל",false,12,9.90,1.4143,true,1,195540
7290112492982,false,"אבקת מרק פטריות כשל""פ 100% רכיבים טבעיים 400 גרם",יוניליוור ישראל מזון,IL,מרק קנור פטריות רכיבים טבעיים 400 גרם,גרמים,400.00,100 גרם,false,6,21.90,5.4750,true,1,195523
7290112492999,false,מרק בטעם עוף קנור 400 ג' צנצנת,יוניליוור ישראל מזון,IL,מרק קנור טעם עוף 400 גרם,גרמים,400.00,100 גרם,false,12,14.90,3.7250,true,1,195524
7290112493293,false,קנור - נמס ירקות וקרוטונים ר.טבעי 44 גרם,יוניליוור,IL,קנור נמס בכוס ירקות רכיבים טבעיים,גרמים,44.00,100 גרם,false,72,6.90,15.6818,true,1,193023
7290112493316,false,מרק אפונה רכיבים טבעיים 117 ג' קנור,יוניליוור,IL,מרק היום אפונה 100% רכיבים טבעיים,גרמים,117.00,100 גרם,false,60,12.90,11.0256,true,1,192954
7290112493965,false,גלידה מסטיגם 1.33ל'קרמיסימו,"גלידת שטראוס בע""מ, ר",IL,קרמיסימו מסטיגם 1.33 ליטר,ליטרים,1.33,ליטר,false,6,18.90,14.2105,true,1,195551
7290112494153,false,תיבולית בטעם צלי קנור 72 ג',יוניליוור ישראל מזון,IL,תיבולית צלי קנור 72 גרם,גרמים,72.00,100 גרם,false,144,7.90,10.9722,true,1,195499
7290112494221,false,קליק - ביסקויט תפזורת 65 גרם,יוניליוור ישראל מזון,IL,קליק ביסקויט 65 גר,גרמים,65.00,100 גרם,false,1,6.90,10.6154,true,1,194332
7290112494238,false,קליק - כדורים חלב תפזורת 65 גרם,יוניליוור ישראל מזון,IL,קליק כדורים 65 גר,גרמים,65.00,100 גרם,false,1,6.90,10.6154,true,1,194328
7290112494276,false,קליק כריות תפזורת 65 גר,יוניליוור ישראל מזון,IL,קליק כריות 65 גר,גרמים,65.00,100 גרם,false,1,6.90,10.6154,true,1,194330
7290112494283,false,קליק - מעורב חום לבן תפזורת 65 גרם,יוניליוור ישראל מזון,IL,קליק חום לבן 65 גר,גרמים,65.00,100 גרם,false,1,6.90,10.6154,true,1,194329
7290112494313,false,קליק - קורנפלקס תפזורת 65 גרם,יוניליוור ישראל מזון,IL,קליק קורנפלקס 65 גר,גרמים,65.00,100 גרם,false,1,6.90,10.6154,true,1,194331
7290112494344,false,קורנפלקס כספי אלופים תלמה850 גר',יוניליוור שפע ישראל,IL,קורנפלקס של אלופים 850 גר,גרמים,850.00,100 גרם,false,8,19.90,2.3412,true,1,196843
7290112494351,false,תלמה קורנפלקס של אלופים 850 ג',יוניליוור שפע ישראל,IL,קורנפלקס של אלופים 850 גר,גרמים,850.00,100 גרם,false,8,19.90,2.3412,true,1,196842
7290112494382,false,פירה בטעם ביתי - מוכן ברגע,יוניליוור ישראל מזון,IL,פירה בטעם ביתי 260 גרם,גרמים,260.00,100 גרם,false,24,11.90,4.5769,true,1,195493
7290112495006,false,כריות - כריות נוגט 686 גרם,יוניליוור שפע ישראל,IL,כריות נוגט 686 גר,גרמים,686.00,100 גרם,false,1,25.90,3.7755,true,1,194315
7290112495020,false,כריות צוקולדה תלמה 686 גר'.,יוניליוור שפע ישראל,IL,כריות צוקולדה 686 גר,גרמים,686.00,100 גרם,false,1,24.90,3.6297,true,1,194316
7290112495044,false,קוקומן פצפוצים בטעם שוקולד,יוניליור שפע ישראל ב,IL,קוקומן פיצפוצים 375 גר,גרמים,260.00,100 גרם,false,1,18.90,7.2692,true,1,194318
7290112495105,false,נשנושים חטיף בטעם שמנת בצל,בייגל את בייגל מזון,IL,נשנושים שמנת בצל 260 גר,גרמים,686.00,100 גרם,false,1,11.90,1.7347,true,1,194326
7290112495112,false,נשנושים זעתר ב.בייגל 260ג',בייגל את בייגל מזון,IL,נשנושים זעתר 260 גר,גרמים,260.00,100 גרם,false,1,11.90,4.5769,true,1,194327
7290112495167,false,נשנושים משולש שומשום 300ג' ב.בייגל,בייגל את בייגל מזון,IL,נשנושי קרקר משולשי שומשום 300 גר,גרמים,300.00,100 גרם,false,1,11.90,3.9667,true,1,194323
7290112495174,false,נשנושים קוקטייל שומשום 300ג' ב.בייגל,בייגל את בייגל מזון,IL,נשנושי קרקר קוקטייל שומשום 300 גר,גרמים,300.00,100 גרם,false,1,11.90,3.9667,true,1,194324
7290112495235,false,קורנפלקס וניל 448 ג' תלמה,יוניליוור שפע ישראל,IL,קורנפלקס תלמה וניל 448 גר,גרמים,448.00,100 גרם,false,10,17.90,3.9955,true,1,194320
7290112495433,false,דגני דליפקאן תוספת אגוזי פקאן ושקדים 400 גר,יוניליור שפע ישראל ב,IL,דליפקאן 400 גר,גרמים,400.00,100 גרם,false,1,21.90,5.4750,true,1,193625
7290112495686,false,קרקר שומשום 220 גרם,יוניליוור,IL,קרקר שומשום 220 גרם,גרמים,220.00,100 גרם,false,12,7.90,3.5909,true,1,196040
7290112495761,false,רוטב אלף האיים לייט חמץ הלמנס 305 ג',יוניליוור ישראל מזון,IL,רוטב הלמנס אלף האיים לייט 305 גרם,גרמים,305.00,100 גרם,false,12,10.90,3.5738,true,1,196047
7290112495785,false,רוטב לסלט שום הלמנס 300ג,יוניליוור ישראל מזון,IL,רוטב הלמנס שום 300 גרם,גרמים,300.00,100 גרם,false,12,10.90,3.6333,true,1,196045
7290112495938,false,קרקר משפחתי 6 דגנים 250 ג',"מיוצר ע""י קוד יצרן A",IL,קרקר 6 דגנים בייגל בייגל 250 גרם,גרמים,250.00,100 גרם,false,12,7.90,3.1600,true,1,196037
7290112496331,false,קורנפלקס בננה תלמה 448 גר'.,אתר שפע,,קורנפלקס בננה 448 גר,גרמים,448.00,100 גרם,false,12,17.90,3.9955,true,1,204201
7290112496430,false,נמס בכוס אקסטרה מרק עגבניות עם המון אטריות,יוניליוור ישראל מזון,IL,נמס בכוס אקסטרה עגבניות 37 גר,גרמים,686.00,100 גרם,false,1,4.50,0.6560,true,1,206940
7290112496447,false,נמס בכוס אקסטרה טעם עוף עם המון אטריות 27ג',יוניליוור ישראל מזון,IL,נמס בכוס אקסטרה טעם עוף 27 גר,גרמים,686.00,100 גרם,false,1,4.50,0.6560,true,1,206941
7290112496461,false,נמס בכוס אקסטרה מרק ירקות עם המון אטריות,יוניליוור ישראל מזון,IL,נמס בכוס אקסטרה ירקות 32 גרם,גרמים,32.00,100 גרם,false,120,4.30,13.4375,true,1,203051
7290112497000,false,סיף - פנטסטיק ניקוי רב תכליתי 1 ליטר,"זוהר דליה, קיבוץ דלי",IL,פנטסטיק סיף ניקוי כללי בניחוח לימון 1 ל,ליטרים,1.00,ליטר,false,12,12.90,12.9000,true,1,197705
7290112497123,false,תערובת להכנת מעדן בטעם סחלב,יוניליוור ישראל מזון,IL,סחלב קנור 112 גר,גרמים,112.00,100 גרם,false,12,12.90,11.5179,true,1,201720
7290112497499,false,טבלה שוקולד לבן ועוגיות קליק 85 ג',אתר צפת טבלאות ותעשי,IL,טבלת שוקולד קליק עוגיות לבן 85 גר,גרמים,85.00,100 גרם,false,1,5.90,6.9412,true,1,204685
7290112498632,false,גלידה מיני טעמקור מס,"גלידת שטראוס בע""מ, ר",IL,גלידה מיני טעמקור מסיבה 620 גר,גרמים,620.00,100 גרם,false,6,34.90,5.6290,true,1,197363
7290112498748,false,מאגדת מיני סולרו ותות 350ג',"מיוצר ע""י גלידת שטרא",IL,מאגדת מיני סולרו תות 350 גר,גרמים,350.00,100 גרם,false,1,23.90,6.8286,true,1,202719
7290112498915,false,מאגדת מיני מגנום שקדים מובחרים 250 ג',"מיוצר ע""י גלידת שטרא",IL,מאגדת מיני מגנום שקדים מובחרים 250 גר,גרמים,250.00,100 גרם,false,8,27.90,11.1600,true,1,204379
7290112498922,false,מאגדת מיני מגנום שוקולד לבן 250 ג',"מיוצר ע""י גלידת שטרא",IL,מאגדת מיני מגנום לבן 250 גר,גרמים,250.00,100 גרם,false,8,27.90,11.1600,true,1,204380
7290112499097,false,"מאגדת מיני מגנום מריר כשל""פ","מיוצר ע""י גלידת שטרא",IL,מאגדת מיני מגנום מריר 240 גר,גרמים,240.00,100 גרם,false,8,27.90,11.6250,true,1,207601
7290112499219,false,מאגדת מיני גודיז פיסטוק ושוקולד 235 ג' שטראוס,"גלידת שטראוס בע""מ, ר",IL,מאגדת גלידות גודיז פיסטוק שוקולד 235 גר,גרמים,235.00,100 גרם,false,8,23.90,10.1702,true,1,209368
7290112499455,false,"תחליב רחצה שמן מרוקאי פינוק 700 מ""ל",יוניליוור ישראל טיפו,IL,תחליב רחצה פינוק מרוקאי 700 מל,מיליליטרים,700.00,"100 מ""ל",false,12,9.90,1.4143,true,1,204205
7290112499462,false,תחליב רחצה פינוק בתוספת שמן קוקוס,יוניליוור ישראל טיפו,IL,תחליב רחצה פינוק שמן קוקוס 700 מל,מיליליטרים,700.00,"100 מ""ל",false,12,9.90,1.4143,true,1,204206
7290112499844,false,מאגדת מיני מגנום דואט שוקולד עם נוגט 5 יח' שטראוס,"מיוצר ע""י גלידת שטרא",IL,מיני מגנום דאבל חמישייה 310 גר,גרמים,310.00,100 גרם,false,8,27.90,9.0000,true,1,196034
7290112499943,false,מאגדת מיני מגנום קלאסיק שוקולד 5 יח' שטראוס,"מיוצר ע""י גלידת שטרא",IL,מיני מגנום שוקו וניל חמישייה 250 גר,גרמים,250.00,100 גרם,false,8,27.90,11.1600,true,1,196032
7290112770004,true,צימיצורי 250 גר,,,צימיצורי 250 גרם,גרמים,250.00,100 גרם,false,1,10.90,4.3600,true,1,182672
7290112770011,true,סלט פלפלים קלויים 40,,,סלט פלפלים קלויים 400 גרם,גרמים,400.00,100 גרם,false,1,15.90,3.9750,true,1,182673
7290112770035,true,סלסה פלפלים 250 גר,,,סלסה פלפלים 250 גרם,גרמים,250.00,100 גרם,false,1,11.90,4.7600,true,1,182675
7290112770042,true,מוס סלמון מעושן 250,,,מוס סלמון מעושן 250 גרם,גרמים,250.00,100 גרם,false,1,22.90,9.1600,true,1,182676
7290112770059,true,מטבוחה 400 גר,,,מטבוחה 400 גרם,גרמים,400.00,100 גרם,false,1,12.90,3.2250,true,1,182677
7290112770066,true,פלפלים חריפים 250 גר,,,פלפלים חריפים 250 גרם,גרמים,250.00,100 גרם,false,1,12.90,5.1600,true,1,182678
7290112770073,true,חציל רומני 400 גר,,,חציל רומני 400 גרם,גרמים,400.00,100 גרם,false,1,14.90,3.7250,true,1,182679
7290112770080,true,חומוס ביתי 400 גר,,,חומוס ביתי 400 גרם,גרמים,400.00,100 גרם,false,1,12.90,3.2250,true,1,182680
7290112770103,true,סלט גזר אסייתי 400 ג,,,סלט גזר אסייתי 400 גרם,גרמים,400.00,100 גרם,false,1,12.90,3.2250,true,1,182682
7290112770110,true,חציל במיונז 400 גר,,,חציל במיונז 400 גרם,גרמים,400.00,100 גרם,false,1,14.90,3.7250,true,1,182683
7290112770127,true,חציל בטחינה 400 גר,,,חציל בטחינה 400 גרם,גרמים,400.00,100 גרם,false,1,14.90,3.7250,true,1,182684
7290112770141,true,סלט סלק ושורשים 400,,,סלט סלק ושורשים 400 גרם,גרמים,400.00,100 גרם,false,1,13.90,3.4750,true,1,182686
7290112770158,true,חמוצים סינים 400 גר,,,חמוצים סינים 400 גר,גרמים,400.00,100 גרם,false,1,12.90,3.2250,true,1,182838
7290112770264,true,פשטידת פלפלים 600 גר,,,פשטידת פלפלים 600 גר,גרמים,600.00,100 גרם,false,1,36.90,6.1500,true,1,184897
7290112770288,true,פשטידת ברוקולי 600 ג,,,פשטידת ברוקולי 600 גר,גרמים,600.00,100 גרם,false,1,36.90,6.1500,true,1,184898
7290112770325,true,פשטידת פטריות 600 גר,,,פשטידה פטריות 600 גר,גרמים,600.00,100 גרם,false,1,36.90,6.1500,true,1,184900
7290112770332,true,סלט כרוב אדום 400 גר,,,סלט כרוב אדום 400 גרם,גרמים,400.00,100 גרם,false,1,13.90,3.4750,true,1,186178
7290112770349,true,סלט קולסלאו 400 גר,,,סלט קולסלאו 400 גרם,גרמים,400.00,100 גרם,false,1,12.90,3.2250,true,1,186179
7290112770356,true,סלט טורקי 400 גר,,,סלט טורקי 400 גרם,גרמים,400.00,100 גרם,false,1,13.90,3.4750,true,1,186180
7290112770387,true,סלט אבוקדו וביצים 40,,,סלט אבוקדו וביצים 400 גרם,גרמים,400.00,100 גרם,false,1,21.90,5.4750,true,1,189619
7290112770868,true,סלט תירס 400 גר,,,סלט תירס 400 גרם,גרמים,400.00,100 גרם,false,1,12.90,3.2250,true,1,196291
7290112770875,true,מרק בורשט 400 גר,,,מרק בורשט 400 גרם,גרמים,400.00,100 גרם,false,,19.90,4.9750,true,1,196647
7290112770882,true,מרק פטריות 400 גר,,,מרק פטריות 400 גר,גרמים,400.00,100 גרם,false,,15.00,3.7500,true,1,196646
7290112770943,true,סלט משוויה 400 גרם,,,סלט משוויה 400 גרם,גרמים,400.00,100 גרם,false,1,14.90,3.7250,true,1,197305
7290112770981,false,סלסה ירוקה חריפה אש,,,סלסה ירוקה חריפה אש 250 גר,גרמים,250.00,100 גרם,false,1,9.90,3.9600,true,1,203489
7290112771018,false,חציל מטוגן בטחינה 40,,,חציל מטוגן בטחינה 400 גר,גרמים,400.00,100 גרם,false,1,14.90,3.7250,true,1,203492
7290112771032,false,חצילים ופלפלים קלויי,,,חצילים ופלפלים קלויים 400 גר,גרמים,400.00,100 גרם,false,1,14.90,3.7250,true,1,203494
7290112771377,false,סלט תפוא אוליביה 400,,,סלט תפוא אוליביה 400 גר,גרמים,400.00,100 גרם,false,1,15.90,3.9750,true,1,210245
7290112771384,false,סלט הרינג ברוטב חרדל,,,סלט הרינג ברוטב חרדל 250 גר,גרמים,250.00,100 גרם,false,1,15.90,6.3600,true,1,210246
7290112963918,false,חטיפי קרקר דק רוזמרין 140 ג' פיטנס,נסטלה Nestle,IL,קרקר פיטנס דק רוזמרין 140 גר,גרמים,140.00,100 גרם,false,1,10.90,7.7857,true,1,192772
7290112964410,false,רוטב אוסם אלף האיים לסלט 290 ג' אסם,Unknown,IL,רוטב אלף האיים 290 גר,גרמים,290.00,100 גרם,false,1,10.90,3.7586,true,1,192764
7290112965301,false,זוג מרק נמס בטעם עוף עם שקדי מרק רגע חם,Unknown,IL,מרק נמס אסם בטעם עוף 52 גר זוג,גרמים,52.00,100 גרם,false,1,5.90,11.3462,true,1,195811
7290112965745,false,אוסם - ביסלי פריסטייל בצל מעושן 60 גרם,"אסם השקעות בע""מ",IL,ביסלי פריסטייל בצל מעושן 60 גר,גרמים,60.00,100 גרם,false,24,3.90,6.5000,true,1,204487
7290112965783,false,אוסם - ביסלי פריסטייל על האש 60 גרם,"אסם השקעות בע""מ",IL,ביסלי פריסטייל על האש 60 גר,גרמים,60.00,100 גרם,false,24,3.90,6.5000,true,1,204488
7290112965806,false,אוסם - ביסלי פריסטייל חמוץ חריף 60 גרם,Unknown,IL,ביסלי פריסטייל חמוץ חריף 60 גר,גרמים,60.00,100 גרם,false,24,3.90,6.5000,true,1,204486
7290112966728,false,צבר טחינה בלאדי פלפלים חריפים 350 גר',שוורצקוף& הנקל דיסלד,IL,טחינה צבר בלדי פלפלים חריפים 350 גר,גרמים,350.00,100 גרם,false,1,14.90,4.2571,true,1,194165
7290112966766,false,טחינה בלאדי חציל עגבניות ושום צבר 350 גר',שוורצקוף& הנקל דיסלד,IL,טחינה צבר בלדי חציל עגבניות 350 גר,גרמים,350.00,100 גרם,false,1,14.90,4.2571,true,1,194163
7290112966780,false,טחינה באלדי עם חציל קלוי צבר 350 גר',שוורצקוף& הנקל דיסלד,IL,טחינה צבר בלדי עם חציל קלוי 350 גר,גרמים,350.00,100 גרם,false,1,14.90,4.2571,true,1,194161
7290112966803,false,פודינג אינסטנט שוקולד 88 ג' אסם,"אסם השקעות בע""מ",IL,פודינג אינסטנט בטעם שוקולד 88 גר,גרמים,88.00,100 גרם,false,1,5.40,6.1364,true,1,195805
7290112967572,false,"אסם רוטב ברביקיו 290 מ""ל אסם",אסם,IL,"רוטב ברביקיו 290 מ""ל",גרמים,335.00,100 גרם,false,1,10.90,3.2537,true,1,195804
7290112968685,false,חומוס גרגרים בתטבילה צבר 400 גרם,שוורצקוף& הנקל דיסלד,IL,חומוס צבר גרגרים בתטבילה 400 גר,גרמים,400.00,100 גרם,false,6,13.90,3.4750,true,1,196360
7290112968807,false,פיטנס - קרקר דק סלק 140 גרם,מפעל אסם יקנעם,IL,קרקר פיטנס דק סלק 140 גר,גרמים,140.00,100 גרם,false,12,10.90,7.7857,true,1,201040
7290112968821,false,פיטנס - קרקר דק בטטה 140 גרם,מפעל אסם יקנעם,IL,קרקר פיטנס דק בטטה 140 גר,גרמים,140.00,100 גרם,false,12,10.90,7.7857,true,1,201041
7290113192300,false,זיתים חרוזית מושחר A2 בית השיטה 275 גר',בית השיטה,IL,חרוזית מושחר בית השיטה 275 גר,גרמים,560.00,100 גרם,false,12,10.90,1.9464,true,1,197881
7290113192317,false,בית השיטה טבעות זיתים מושחרים 280 גר',בית השיטה,IL,טבעות זיתים מושחרים בית השיטה 280 גר,גרמים,560.00,100 גרם,false,12,10.90,1.9464,true,1,197882
7290113192348,false,זיתים ירוקים שלמים גדולים מאוד בטעם שום,בית השיטה,IL,זית ירוק שום בית ישיטה 340 גר,גרמים,560.00,100 גרם,false,12,10.90,1.9464,true,1,197885
7290113192355,false,חרוזית זיתים ירוקים ללא גלעין 275 ג' בית השיטה,בית השיטה,IL,חרוזית ירוק בית השיטה 275 גר,גרמים,560.00,100 גרם,false,12,10.90,1.9464,true,1,197886
7290113192362,false,טבעות זיתים ירוקים 280 ג' בית השיטה,בית השיטה,IL,טבעות זיתים ירק בית השיטה 280 גר,גרמים,560.00,100 גרם,false,12,10.90,1.9464,true,1,197887
7290113192386,false,זיתים סורי מבוקע A2 בית השיטה 340ג',בית השיטה,IL,זית סורי מבוקע בית השיטה 340 גר,גרמים,560.00,100 גרם,false,12,10.90,1.9464,true,1,197893
7290113192393,false,בית השיטה קוקטייל זיתים א2 336גר',בית השיטה,IL,קוקטייל זיתים בית השיטה 336 גר,גרמים,560.00,100 גרם,false,12,11.90,2.1250,true,1,197895
7290113192478,false,בית השיטה מלפפונים במלח בינוני 10-12 320 גרם,בית השיטה,IL,מלפפון במלח 10-12 בית השיטה 320 גר,גרמים,560.00,100 גרם,false,12,7.90,1.4107,true,1,197904
7290113192485,false,בית השיטה מלפפונים בחומץ בינוני 10-12 290 גרם,בית השיטה,IL,מלפפון חומץ 10-12 בית השיטה 290 גר,גרמים,560.00,100 גרם,false,12,7.90,1.4107,true,1,197905
7290113192492,false,בית השיטה מלפפונים בחומץ קטנים 1317 290 גרם,בית השיטה,IL,מלפפון חומץ 13-17 בית השיטה 290 גר,גרמים,560.00,100 גרם,false,12,10.90,1.9464,true,1,197906
7290113192508,false,בית השיטה מלפפונים במלח קטן 1317 320 גרם,בית השיטה,IL,בית השיטה מלפפון במלח 13-17 320 גר,גרמים,560.00,100 גרם,false,12,10.90,1.9464,true,1,197907
7290113192515,false,בית השיטה מלפפונים במלח קטן מאוד 1825 320 גרם,בית השיטה,IL,מלפפון מלח 18-25 בית השיטה 320 גר,גרמים,560.00,100 גרם,false,12,12.90,2.3036,true,1,197908
7290113192522,false,בית השיטה מלפפונים בחומץ קטן מאוד 1825 290 גרם,בית השיטה,IL,מלפפון חומץ 18-25 בית השיטה 290 גר,גרמים,560.00,100 גרם,false,12,12.90,2.3036,true,1,197909
7290113192539,false,בית השיטה מלפפונים במלח גדול 79 320 גרם,בית השיטה,IL,מלפפון בית השיטה מלח 7-9 320 גר,גרמים,560.00,100 גרם,false,12,6.90,1.2321,true,1,197910
7290113192546,false,בית השיטה מלפפונים בחומץ גדול 79 290 גרם,בית השיטה,IL,מלפפון חומץ 7-9 בית השיטה 290 גר,גרמים,560.00,100 גרם,false,12,6.90,1.2321,true,1,197911
7290113192560,false,בית השיטה פלפל שיפקה חריף כבוש 230 גרם,בית השיטה,IL,פלפל שיפקה בית השיטה 230 גר,גרמים,560.00,100 גרם,false,12,7.90,1.4107,true,1,197913
7290113192577,false,בית השיטה כרוב כבוש חתוך 430 גרם,בית השיטה,IL,כרוב כבוש בית השיטה 430 גר,גרמים,560.00,100 גרם,false,12,7.90,1.4107,true,1,197914
7290113193017,false,בית השיטה קוקטייל זיתים 275 גר',בית השיטה,IL,קוקטייל זיתים בית השיטה 275 גר,גרמים,560.00,100 גרם,false,12,13.90,2.4821,true,1,196861
7290113193321,false,"שמן זית כתית מעולה בית השיטה 750 מ""ל",בית השיטה,IL,שמן זית בית השיטה 750 מל,מיליליטרים,750.00,"100 מ""ל",false,1,31.90,4.2533,true,1,198517
7290113193406,false,"קוקטייל טבעות זיתים - זיתים ירוקים, שחורים מרינד",בית השיטה,IL,טבעות קוקטייל זיתים בית השיטה 280 גר,גרמים,560.00,100 גרם,false,12,13.90,2.4821,true,1,197502
7290113194090,false,טבעות זיתים קלמטה בית השיטה 280 גר',בית השיטה,IL,טבעות קלמטה בית השיטה 280 גר,גרמים,560.00,100 גרם,false,12,13.90,2.4821,true,1,201051
7290113195356,false,שמן קנולה מזוכך בית,בית השיטה,,שמן קנולה בית השיטה 1 ל,ליטרים,1.00,ליטר,false,1,13.90,13.9000,true,1,205273
7290113195363,false,שמן חמניות מזוכך בית,בית השיטה,,שמן חמניות בית השיטה 1 ל,ליטרים,1.00,ליטר,false,1,13.90,13.9000,true,1,205274
7290113596771,false,תותח קונפטי מטאלי זה,,,"תותח קונפטי מטאלי זהב 40 ס""מ",Unknown,0.00,Unknown,false,1,9.90,0.0000,true,1,195146
7290113596788,false,תותח קונפטי מטאלי כס,,,"תותח קונפטי מטאלי כסף 40 ס""מ",Unknown,0.00,Unknown,false,1,9.90,0.0000,true,1,195147
7290113596795,false,תותח קונפטי מטאלי שח,,,"תותח קונפטי מטאלי שחור 40 ס""מ",Unknown,0.00,Unknown,false,1,9.90,0.0000,true,1,195148
7290113596801,false,תותח קונפטי מטאלי לב,,,"תותח קונפטי מטאלי לבן 40 ס""מ",Unknown,0.00,Unknown,false,1,9.90,0.0000,true,1,195149
7290113596818,false,תותח קונפטי מטאלי רו,,,"תותח קונפטי מטאלי רוזגולד 40 ס""מ",Unknown,0.00,Unknown,false,1,9.90,0.0000,true,1,195150
7290114310215,false,"**טרה שמנת מתוקה 38% 250 מ""ל בקבוק.",מילקו תעשיות בעמ,IL,שמנת מתוקה 38% 250 מל בקבוק,מיליליטרים,250.00,"100 מ""ל",false,12,6.47,2.5880,true,1,197447
7290114310222,false,חלב 1.5 ליטר 3% מועשר בסידן וויטמין D.,מילקו תעשיות בעמ,IL,חלב מועשר בסידן 3% 1.5 ל,ליטרים,1.50,ליטר,false,1,12.90,8.6000,true,1,198555
7290114310239,false,חלב טרה נטול לקטוז מועשר בוויטמין D 2% 1.5 ל',מילקו תעשיות בעמ,IL,חלב נטול לקטוז מועשר בויטמין 2% 1.5 ל,ליטרים,1.50,ליטר,false,1,12.90,8.6000,true,1,198556
7290114310338,false,צפתית מעודנת 5% 225 גר' משק צוריאל,מחלבת משק צוריאל,IL,צפתית מעודנת 5% 225 גר,גרמים,225.00,100 גרם,false,1,17.90,7.9556,true,1,201308
7290114310383,false,מולר קציפת יוגורט בטעם וניל צרפתי 97 גרם,מולר Muller,IL,קציפת יוגורט מולר פרופ בטעם וניל 97 גר,גרמים,97.00,100 גרם,false,1,4.90,5.0515,true,1,212639
7290114310390,false,"מולר פרופ קציפת יוגורט בננה לוטי 5% 150 מ""ל",מולר Muller,IL,קציפת יוגורט מולר פרופ בננה לוטי 97 גר,גרמים,97.00,100 גרם,false,1,4.90,5.0515,true,1,212641
7290114310406,false,"מולר פרופ קציפת יוגורט תות 5% 150 מ""ל",מולר Muller,IL,קציפת יוגורט מולר פרופ בטעם תות 97 גר,גרמים,97.00,100 גרם,false,1,4.90,5.0515,true,1,212640
7290114310567,false,לאבנה עיזים 5% שומן 200 גרם,משק צוריאל,IL,לאבנה עיזים 5% 200 גר,גרמים,200.00,100 גרם,false,1,14.90,7.4500,true,1,203615
7290114310574,false,גבינת קרם שמנת עיזים 5% 200 גרם צוריאל,משק צוריאל,IL,גבינת קרם שמנת עיזים 5% 200 גר,גרמים,200.00,100 גרם,false,1,14.90,7.4500,true,1,203614
7290114310611,false,"משקה חלב בננה בבקבוק פקק ספורט טרה 250 מ""ל",Unknown,IL,משקה חלב בננה 250 מל,מיליליטרים,250.00,"100 מ""ל",false,1,5.90,2.3600,true,1,203616
7290114310628,false,משקה חלב בטעם וניל עוגיות 1.5% שומן,מילקו תעשיות בעמ,IL,משקה חלב בטעם וניל עוגיות טרה בק 1 ל,ליטרים,1.00,ליטר,false,12,11.90,11.9000,true,1,203482
7290114310673,false,גבינת לאבנה 9% 250 גרם,טרה,IL,לאבנה 9% 250 גר,גרמים,250.00,100 גרם,false,1,12.90,5.1600,true,1,203022
7290114310963,false,יוגורט מחלב עיזים מלא כ3.8% שומן מועשר 500 גר',משק צוריאל,IL,יוגורט מחלב עיזים מלא כ-3.8% שומן 500 גר,גרמים,500.00,100 גרם,false,1,14.90,2.9800,true,1,207158
7290114311014,false,"משקה חלב אייס קפוצ'ינו בבקבוק 250 מ""ל",Unknown,IL,משקה חלב אייס קפוצינו 250 מל,מיליליטרים,250.00,"100 מ""ל",false,1,5.90,2.3600,true,1,209909
7290114311021,false,משקה חלב בטעם וניל עוגיות 1.5% שומן,Unknown,IL,משקה חלב וניל עוגיות 250 מל,מיליליטרים,250.00,"100 מ""ל",false,1,5.90,2.3600,true,1,209910
7290114311038,false,שמנת מתוקה עמידה 32% 250מל בקבוק,Unknown,IL,שמנת מתוקה להקפצה 32% טרה 250 גר,גרמים,250.00,100 גרם,false,1,7.90,3.1600,true,1,209908
7290114311076,false,"חמאת מולר צהובה עם שום, 200 גרם",מולר Muller,IL,חמאה צהובה עם שום מולר 200 גר,גרמים,200.00,100 גרם,false,30,11.90,5.9500,true,1,209763
7290114311298,false,יוגורט קציפת תות בננה מלון 150 ג' מולר,מולר Muller,IL,יוגורט מולר פרופ תות בננה מלון 150 גר,מיליליטרים,150.00,"100 מ""ל",false,1,4.90,3.2667,true,1,210823
7290114311304,false,יוגורט קציפת מנגו פסיפלורה בננה 150 ג' מולר,מולר Muller,IL,יוגורט מולר פרופ מנגו פסיפלורה בננה 150,מיליליטרים,150.00,"100 מ""ל",false,1,4.90,3.2667,true,1,210824
7290114311328,false,חלב נטול לקטוז 2% שומן מועשר בויטמין D,ג'י.אר.אמ.גרופו אלימ,IL,חלב מועשר 2% נטול לקטוז 1 ל,ליטרים,1.00,ליטר,false,1,7.90,7.9000,true,1,211753
7290114311359,false,יוגורט עם קציפת מנגו 3% שומן פרופ 150 ג' מולר,מולר Muller,IL,יוגורט מולר פרופ מנגו 150 גר,מיליליטרים,150.00,"100 מ""ל",false,1,4.90,3.2667,true,1,210825
7290114311434,false,"מולר אקטיב בטעם קרמל מלוח 0% שומן, 200 גרם",מולר Muller,IL,יוגורט מולר אקטיב בטעם קרמל מלוח 200 גר,גרמים,200.00,100 גרם,false,1,5.90,2.9500,true,1,212637
7290114311441,false,"מולר אקטיב בטעם עוגיות חמאה 0% שומן, 200 גרם",מולר Muller,IL,יוגורט מולר אקטיב בטעם עוגיות חמאה 200 ג,גרמים,200.00,100 גרם,false,1,5.90,2.9500,true,1,212638
7290114311458,false,"חלב מועשר 3% וויטמין קרטון, 1 ל טרה",Unknown,IL,חלב מועשר 3% ויטמין די 1 ל,ליטרים,1.00,ליטר,false,12,7.70,7.7000,true,1,212142
7290114311502,false,"משקה חלב בקבוק בטעם סחלב, 1 ליטר",מילקו תעשיות בעמ,IL,משקה חלב בטעם סחלב 1 ל,ליטרים,1.00,ליטר,false,1,11.90,11.9000,true,1,212636
7290114600941,false,מיונז מאסטר שף מיונז לחיץ 435 ג',קפה לנדוור,NL,מיונז לחיץ מאסטר שף 435 גר,גרמים,435.00,100 גרם,false,1,14.90,3.4253,true,1,198951
7290114602778,false,פרי סלייסים צ'יפס ירקות שורש 90 ג',,,פרי סלייסים ציפס ירקות שורש 90 גר,גרמים,90.00,100 גרם,false,1,12.90,14.3333,true,1,204178
7290114603508,false,"רוטב להקצפה מאסטר שף 300 מ""ל",מאסטר שף,TH,"רוטב להקפצה מאסטר שף 300 מ""ל",מיליליטרים,300.00,"100 מ""ל",false,12,9.90,3.3000,true,1,200157
7290114604895,false,ממרח ספייסי לחיץ 446 גר' מאסטר שף,מאסטר שף,NL,ממרח ספייסי לחיץ מאסטר שף 446 גר,גרמים,446.00,100 גרם,false,1,14.90,3.3408,true,1,203659
7290114604932,false,רוטב ברביקיו דבש מאסטר שף 520 ג',רמיה סי.וי. הולנד,NL,רוטב ברביקיו דבש מאסטר שף 520 גר,גרמים,520.00,100 גרם,false,1,12.90,2.4808,true,1,203665
7290114604963,false,מאסטר שף פירורי לחם מתובלים 230ג,מאסטר שף,IL,פירורים מתובלים מאסטר שף 230 גר,גרמים,230.00,100 גרם,false,20,6.90,3.0000,true,1,202019
7290114606530,false,רוטב בטעם מיונז וקטשופ מאסטר שף 515 ג',מאסטר שף,NL,רוטב בטעם מיונז וקטשופ מאסטר שף 515 גר,גרמים,515.00,100 גרם,false,1,14.90,2.8932,true,1,203662
7290114606547,false,מיונז עם פטריות כמהין מאסטר שף 242 ג',מאסטר שף,NL,מיונז עם פטריות כמהין מאסטר שף 242 גר,גרמים,242.00,100 גרם,false,1,14.90,6.1570,true,1,203661
7290114606561,false,מאסטר שף אטריות אורז דקות ורמיצ'לי 400 ג,,TH,אטריות אורז דקות מאסטר שף 400 גר,גרמים,400.00,100 גרם,false,30,9.90,2.4750,true,1,205729
7290114608640,false,קרוטונים לסלט כוסמין מאסטר שף 260 גר',EinatFood,IL,קרוטונים לסלט כוסמין מאסטר שף 260 גר,גרמים,260.00,100 גרם,false,12,18.90,7.2692,true,1,205112
7290114608671,false,סילאן לחיץ 470 ג' מאסטר שף,,,סילאן לחיץ מאסטר שף 470 גר,גרמים,470.00,100 גרם,false,1,12.80,2.7234,true,1,205428
7290115073676,false,מסכות כירוגית שחורות 50 יח',שמחה זה אנחנו,CN,מסכה חד פעמי צבעוני מארז 50 יח,Unknown,0.00,Unknown,false,1,7.90,0.0000,true,1,208924
7290115180688,false,יחידות טבק לחימום סג,Unknown,,סיגריות אייקוס סגול,Unknown,0.00,Unknown,false,1,27.00,0.0000,false,1,204372
7290115190014,false,סיגריות מרלבורו רד קצר בוקס,פיליפ מוריס,,מרלבורו רד,Unknown,0.00,Unknown,false,1,36.00,0.0000,false,1,200434
7290115190090,false,סיגריות מרלבורו גולד קצר בוקס,פיליפ מוריס,,מרלבורו גולד,Unknown,0.00,Unknown,false,1,36.00,0.0000,false,1,200423
7290115190151,false,סיגריות מרלבורו טאץP,פיליפ מוריס,,מרלבורו טאץ,Unknown,0.00,Unknown,false,1,31.00,0.0000,false,1,200430
7290115190199,false,סיגריות פרלמנט (חפיס,פיליפ מוריס,,פרלמנט רגיל ארוך RCB,Unknown,0.00,Unknown,false,1,41.00,0.0000,false,1,203691
7290115190212,false,סיגריות פרלמנט בלו ארוך,פיליפ מוריס,,פרלמנט בלו,Unknown,0.00,Unknown,false,1,41.00,0.0000,false,1,200425
7290115190250,false,סיגריות פרלמנט נייטP,פיליפ מוריס,,פרלמנט רגיל קצר,Unknown,0.00,Unknown,false,1,41.00,0.0000,false,1,199985
7290115190335,false,ל.מ כחול לייבל ארוך,פיליפ מוריס,,ל.מ כחול לייבל ארוך,Unknown,0.00,Unknown,false,1,30.00,0.0000,false,1,203795
7290115190359,false,סיגריות ל.מ בלוPP חפ,פיליפ מוריס,,ל.מ כחול לייבל קצר,Unknown,0.00,Unknown,false,1,31.00,0.0000,false,1,199983
7290115190373,false,סיגריות ל.מ. קפסולהP,פיליפ מוריס,,סיגריות ל.מ קפסולה,Unknown,0.00,Unknown,false,1,31.00,0.0000,false,1,200432
7290115190397,false,סיגריות LM רד לייבל קצר,פיליפ מוריס,,ל.מ אדום לייבל קצר,Unknown,0.00,Unknown,false,1,31.00,0.0000,false,1,199980
7290115190434,false,סיגריות LM לייט וייב סלימס,פיליפ מוריס,IL,ל.מ. וויב סלימס,Unknown,0.00,Unknown,false,1,31.00,0.0000,false,1,199986
7290115190496,false,סיגריות נקסט פיין 10,פיליפ מוריס,IL,נקסט לייט ארוך,Unknown,0.00,Unknown,false,1,30.00,0.0000,false,1,202534
7290115190519,false,סיגריות נקסט פיין חפ,פיליפ מוריס,,נקסט פיין,Unknown,0.00,Unknown,false,1,30.00,0.0000,false,1,200427
7290115190571,false,סיגריות נקסט לילךPP,פיליפ מוריס,,נקסט לילך,Unknown,0.00,Unknown,false,1,30.00,0.0000,false,1,199981
7290115190595,false,סיגריות נקסט אוריגינ,פיליפ מוריס,,נקסט אורגינל,Unknown,0.00,Unknown,false,1,30.00,0.0000,false,1,200422
7290115190939,false,אל.אם קפסולות קליק חפיסה,פיליפ מוריס,,סיגריות ל.מ קליק קפסולה,Unknown,0.00,Unknown,false,1,27.00,0.0000,false,1,206845
7290115191035,false,מרלבורו סאמר ספלאש ח,פיליפ מוריס,RS,מרלבורו סאמר ספלאש,Unknown,0.00,Unknown,false,1,31.00,0.0000,false,1,210135
7290115200676,false,עוגיות קרמוגית במילוי קרם בטעם קרמל מלוח,היינץ צפון אמריקה מק,IL,עוגיות קרמוגית קרמל מלוח 200 גר,גרמים,200.00,100 גרם,false,12,9.90,4.9500,true,1,199944
7290115201703,false,ביסלי בטעם ברביקיו 200 ג' אסם,מיוצר עי קונדיטוריית,IL,ביסלי ברביקיו 200 גר,גרמים,200.00,100 גרם,false,25,7.90,3.9500,true,1,201046
7290115204056,false,אסם קטשופ מופחת סוכר 690 גר',קריות זול,IL,קטשופ אסם מופחת סוכר 690 גר,גרמים,690.00,100 גרם,false,9,10.90,1.5797,true,1,204724
7290115205176,false,פיטנס - קרקר דק כפרי פיטנס 140 גרם,נסטלה Nestle,IL,קרקר פיטנס דק כפרי 140 גר,גרמים,140.00,100 גרם,false,12,10.90,7.7857,true,1,206950
7290115206531,false,אסם קרמוגית במילוי קרם בייגלה 12*200 גרם,אסם-נסטלה,IL,עוגיות קרמוגית במילוי קרם בייגלה 200 גר,גרמים,200.00,100 גרם,false,12,9.90,4.9500,true,1,206694
7290115208009,false,סירופ ענבים 1ל' ויטמינצ'יק,בית-השיטה עסיס תעשיו,IL,ויטמינציק ענבים 1 ל,ליטרים,1.00,ליטר,false,1,19.90,19.9000,true,1,208760
7290115208047,false,סירופ פטל 1 ל' ויטמינצ'יק,בית-השיטה עסיס תעשיו,IL,ויטמינציק פטל 1 ל,ליטרים,1.00,ליטר,false,1,19.90,19.9000,true,1,208755
7290115208061,false,סירופ תפוח 1ל' ויטמינצ'יק,בית השיטה עסיס תעשיו,IL,ויטמינציק תפוח 1 ל,ליטרים,1.00,ליטר,false,1,19.90,19.9000,true,1,208758
7290115670707,false,גרנולה שיבולת שועל עם שוקולד ואגוזי לוז,אנרג'י Energy - שטראוס,CZ,גרנולה שוקולד ואגוזים 400 גר,גרמים,400.00,100 גרם,false,1,14.90,3.7250,true,1,203630
7290115671339,false,מיני פינוקיות בראוניז בייגל בוטן עלית 180 ג' עלית,הגביע מוצרי ופלים בע,IL,מיני פינוקיות בראוניז בייגל בוטן 180 גר,גרמים,180.00,100 גרם,false,12,10.90,6.0556,true,1,205202
7290115671353,false,מיני פינוקיות עוגיות קקאו במילוי קרם בטעם וניל,עלית,IL,מיני פינוקיות שחור לבן 180 גר,גרמים,180.00,100 גרם,false,12,10.90,6.0556,true,1,208331
7290115675696,false,דגני בוקר קראנצ'ים שיבולת שועל עם אגוזים ושקדים,גלידות שטראוס,IL,קוואקר אגוזים 375 גר,גרמים,375.00,100 גרם,false,6,19.90,5.3067,true,1,204867
7290115675702,false,דגני בוקר קראנצ'ים שיבולת שועל עם פירות מיובשים,גלידות שטראוס,IL,קוואקר פירות 375 גר,גרמים,375.00,100 גרם,false,6,19.90,5.3067,true,1,204868
7290115677140,false,"תפוצ'יפס WAVY פפריקה, 200 ג'",שטראוס פריטו ליי בע”,IL,חטיף תפוציפס בטעם פפריקה 200 גר,גרמים,200.00,100 גרם,false,12,10.90,5.4500,true,1,212917
7290115677409,false,אורז קארי צהוב עם ירקות ברוטב קארי וקרם קוקוס,אוכל ביתי ניר עציון,IL,אורז קארי צהוב עם ירקות דלישס 350 גר,גרמים,350.00,100 גרם,false,1,26.90,7.6857,true,1,206221
7290115677423,false,אורז קארי ירוק חריף 350 ג' דלישס,"טרופיקל דגיל בע""מ אז",IL,אורז קארי ירוק חריף עם טופו דלישס 350 גר,גרמים,350.00,100 גרם,false,1,26.90,7.6857,true,1,206222
7290115678376,false,מעדן הגולן שוקולד 125 גרם,מיוצר עי קונדיטוריית,IL,מעדן הגולן שוקולד 125 גר,גרמים,125.00,100 גרם,false,24,2.90,2.3200,true,1,205219
7290116530161,false,"תחליב רחצה שייק אננס , מלון וחלב פינוק 700 מ""ל",יוניליוור ישראל טיפו,IL,תחליב רחצה פינוק אננס 700 מל,מיליליטרים,700.00,"100 מ""ל",false,12,9.90,1.4143,true,1,204209
7290116530185,false,דגני בוקר דלישקד קרמל מלוח 400 ג' תלמה,יוניליוור שפע ישראל,IL,דלישקד תלמה 400 גר,גרמים,400.00,100 גרם,false,12,21.90,5.4750,true,1,205980
7290116530291,false,מרכך לשיער שמן זית 7,יוניליוור,IL,מרכך לשיער שמן זית 700 מל,מיליליטרים,700.00,"100 מ""ל",false,12,10.80,1.5429,true,1,204939
7290116531090,false,דג-דג חטיף אפוי במליחות מעודנת 250 גרם,"דרך השוקולד 1, צפת 1",IL,חטיף דגדג במליחות מעודנת 250 גר,גרמים,250.00,100 גרם,false,1,9.90,3.9600,true,1,208565
7290116531496,false,דגני בוקר קינמונים 375 ג' תלמה,נאוג'אזיס נווזיס UAB,LT,קינמונים 375 גר,גרמים,375.00,100 גרם,false,10,18.90,5.0400,true,1,209230
7290116531762,false,בדין - דפים למייבש כביסה ורוד 40 יחידות,קריות זול,US,בדין דפים למייבש ורוד,Unknown,0.00,Unknown,false,12,17.90,0.0000,true,1,210273
7290116531779,false,בדין - דפים למייבש כביסה כחול 40 יחידות,קריות זול,US,בדין דפים למייבש כחול,Unknown,0.00,Unknown,false,1,17.90,0.0000,true,1,210274
7290116531830,false,דגני בוקר קינמון 686 ג' כריות,יוניליוור שפע ישראל,IL,כריות קינמון 686 גר,גרמים,686.00,100 גרם,false,1,25.90,3.7755,true,1,206938
7290116532011,false,קליק - חטיף נוגט שוקולד חלב 35 גרם,אזור התעשייה רמת גבר,IL,חטיף קליק נוגט 35 גר,גרמים,35.00,100 גרם,false,24,4.90,14.0000,true,1,209058
7290116532219,false,קורנפלקס תות 448 גרם תלמה רבנות,אתר שפע,,קורנפלקס תות 448 גר,גרמים,448.00,100 גרם,false,12,17.90,3.9955,true,1,210479
7290116930244,false,"תנובה יוגורט ביו 1.5% בד""צ 8*150 גרם",תנובה מרכז שיתופי לש,IL,יוגורט 1.5% שמיניה 150 גר,גרמים,1200.00,100 גרם,false,1,16.90,1.4083,true,1,209848
7290116930282,false,ארוחה בקטנה לאבנה עם קרקרים 150ג' תנובה,תנובה,IL,ארוחה בקטנה לאבנה עם קרקרים 150 גר,גרמים,150.00,100 גרם,false,1,7.90,5.2667,true,1,212072
7290116930435,false,יוגורט יופלה GO במרקם סמיך עם דובדבן 0%,תנובה מרכז שיתופי לש,IL,יוגורט גו במרקם סמיך 0% דובדבן 200 גר,גרמים,200.00,100 גרם,false,12,5.90,2.9500,true,1,209850
7290116930480,false,"משקה SHAKE בננה קיווי תפוח 230 מ""ל יופלה",יופלה Yoplait,IL,יופלה סנייק בננה קיווי תפוח 230 מל,מיליליטרים,230.00,"100 מ""ל",false,1,7.90,3.4348,true,1,211082
7290116930626,false,ארוחה בקטנה ציזיקי עם קרקרים 150ג' תנובה,תנובה,IL,ארוחה בקטנה ציזיקי עם קרקרים 150 גר,גרמים,150.00,100 גרם,false,1,7.90,5.2667,true,1,212073
7290116930701,false,מעדן חלב GO מועשר בחלבון בטעם קרמל מלוח,תנובה מרכז שיתופי לש,IL,מעדן חלב גו בטעם קרמל מלוח 120 גר,גרמים,120.00,100 גרם,false,20,4.90,4.0833,true,1,211080
7290116930718,false,מעדן תנובה דיאט בטעם שוקולד וקרמל מלוח 0% 150ג' תנובה,"תנובה בע""מ",IL,מעדן דיאט בטעם שוקולד וקרמל מלוח 150 גר,גרמים,150.00,100 גרם,false,1,3.90,2.6000,true,1,211095
7290116930954,false,יוגורט טעם פאי תפוחים 3% 150 ג' יופלה,"תנובה בע""מ",IL,יופלה בטעם פאי תפוחים 3% 150 גר,גרמים,150.00,100 גרם,false,1,4.90,3.2667,true,1,213164
7290116931081,false,מעדן סויה - טופי קרמל 125 גרם אלטרנטיב,תנובה מרכז שיתופי לש,IL,מעדן סויה בטעם טופי קרמל 125 גר,גרמים,125.00,100 גרם,false,1,3.90,3.1200,true,1,212074
7290116931104,false,יופלה גו במרקם סמיך עם אננס 0% שומן 200ג',תנובה בעמ,IL,יוגורט גו במרקם סמיך 0% אננס 200 גר,גרמים,200.00,100 גרם,false,12,5.90,2.9500,true,1,211672
7290117260029,false,קונפיטורה דובדבנים 380 ג' ויליפוד,וילי פוד,,קונפיטורה דובדבנים 380 גר,גרמים,380.00,100 גרם,false,12,9.90,2.6053,true,1,207364
7290117260234,false,"קפה טורקי אמיתי מטורקיה, שלישיה 3 * 100 גרם",וילי פוד,,מארז קפה טורקי אמיתי מטורקיה 100 גר,גרמים,300.00,100 גרם,false,1,14.90,4.9667,true,1,208607
7290117260821,false,גבינת כבשים צ'אנק עם פטריות כמהין 150 ג' אל פסטור,,,גבינת כבשים צאנק עם פטריות כמהין 150 גר,גרמים,150.00,100 גרם,false,8,27.90,18.6000,true,1,207377
7290117260975,true,זיתי קלמטה מגולענים,,,זיתי קלמטה מגולענים במי מלח 300 גר,גרמים,300.00,100 גרם,false,1,8.90,2.9667,true,1,211054
7290117261026,true,זיתים ירוקים מגולעני,,,זיתים ירוקים מגולענים במי מלח 300 גר,גרמים,300.00,100 גרם,false,1,7.90,2.6333,true,1,211055
7290117261354,false,גבינת ריקוטה 200ג5%שומן,באלבן גידה סנאי,TR,גבינת ריקוטה 5% 200 גר,גרמים,200.00,100 גרם,false,1,9.90,4.9500,true,1,211842
7290117261927,false,גבינת פקורינו מחלב כ,,,גבינת פקורינו מחלב כבשים צאנק 150 גר,גרמים,150.00,100 גרם,false,1,19.90,13.2667,true,1,211046
7290117380178,false,"סוויט פוף שוקולד חלב, 50 גרם","טחנת האבן תעשיות בע""",IL,סוויט פוף שוקולד חלב 50 גר,גרמים,50.00,100 גרם,false,1,4.90,9.8000,true,1,210549
7290117380185,false,"סוויט פוף שוקולד לבן, 50 גרם","טחנת האבן תעשיות בע""",IL,סוויט פוף שוקולד חלב לבן 50 גר,גרמים,50.00,100 גרם,false,1,4.90,9.8000,true,1,210550
7290117380871,false,עוגות אישיות בטעם אוכמניות 120 ג' סלים דליס פייבר,הלמה הלום,NL,חטיף מרבה סלים דליס פייבר אוכמניות 120 ג,גרמים,120.00,100 גרם,false,1,11.90,9.9167,true,1,210469
7290117380888,false,עוגיות סנדוויץ' מרבה 140 ג' טייק אווי,,,עוגיות סנדוויץ מרבה 140 גר,גרמים,140.00,100 גרם,false,1,9.90,7.0714,true,1,211169
7290117381182,false,רוטב סרירציה מאסטר ש,,,רוטב סרירצה מאסטר שף 360 מל,מיליליטרים,360.00,"100 מ""ל",false,1,14.90,4.1389,true,1,213089
7290117381205,false,שמן שומשום מאסטר שף,,,שמן שומשום מאסטר שף 370 מל,מיליליטרים,370.00,"100 מ""ל",false,1,24.90,6.7297,true,1,213088
7290117381229,false,פוף פריכיות מצופות שוקולד חלב 70 ג,,,פריכיות מצופות שוקולד חלב פוף 70 גר,גרמים,70.00,100 גרם,false,1,7.90,11.2857,true,1,212041
7290117381243,false,פוף פריכיות מצופות שוקולד חלב ותות 70 ג,,,פריכיות מצופות שוקולד חלב ותות פוף 70 גר,גרמים,70.00,100 גרם,false,1,7.90,11.2857,true,1,212038
7290117381250,false,פוף פריכיות מצופות שוקולד מריר ותפוז 70 ג,,,פריכיות מצופות שוקולד מריר ותפוז פוף 70,גרמים,70.00,100 גרם,false,1,7.90,11.2857,true,1,212039
7290165456320,false,לחם לטישסקי 700 גר,ארדי שיווק וסיטונאות,,לחם לטישסקי 750 גר,גרמים,700.00,100 גרם,false,1,13.90,1.9857,true,1,119797
7290165456412,false,לחם ליטאי עם תוספות,ארדי שיווק וסיטונאות,,"לחם ליטאי עם תוספות 1.1 ק""ג",גרמים,1100.00,100 גרם,false,1,16.90,1.5364,true,1,124887
7290166887215,false,לחם שיפון מיוחד פרוס,,,לחם שיפון מיוחד פרוס 350 גר,גרמים,350.00,100 גרם,false,1,9.90,2.8286,true,1,208162
7290166887239,false,לחם שיפון מיוחד גרעי,,,לחם שיפון מיוחד גרעיני חמניות פרוס 350 ג,גרמים,350.00,100 גרם,false,1,11.90,3.4000,true,1,208163
7290900010664,false,ניוקי אבאל בטטה 1 קג,,,"ניוקי אבאל בטטה 1 ק""ג",קילוגרמים,1.00,"ק""ג",false,1,9.90,9.9000,true,1,182745
7296051099015,false,מצת אלקטרונית לגז בצבעים,,,מצית גז בשלל צבעים,Unknown,0.00,Unknown,false,1,8.90,0.0000,false,1,183832
7296150000028,false,עלי גפן ממולאים באור,אקמר,,עלי גפן ממולאים 425 גר,גרמים,425.00,100 גרם,false,12,14.90,3.5059,true,1,174893
7312040017683,false,וודקה אבסולוט בקבוק,חברת אבסולוט,SE,וודקה אבסולוט 0.7 ל,מיליליטרים,700.00,"100 מ""ל",false,1,69.90,9.9857,true,1,123673
7501035042308,false,טקילה קוארבו סילבר 7,,,"טקילה קוארבו סילבר 700 מ""ל",מיליליטרים,700.00,"100 מ""ל",false,1,89.90,12.8429,true,1,179225
7501064191398,false,שישיית בירה קורונה אקסטרא *355 מל,קריניציה ויטמינה אס,MX,"בירה קורונה 355 מ""ל שישייה",מיליליטרים,2130.00,"100 מ""ל",false,1,34.90,1.6385,true,1,192413
7509546063515,false,ליידי ספיד סטיק -סטיק פרו 5 ספריי 150 מל,קולגייט פלמוליב,BY,ליידי ספיד סטיק פרו 5 ספריי 150 מל,מיליליטרים,150.00,"100 מ""ל",false,12,14.90,9.9333,true,1,213823
7509546666846,false,"קולגייט טוטאל משחת שיניים פחם 75 מ""ל",קולגייט פלמוליב,MX,משחת שיניים קולגייט טוטל פחם 75 מל,מיליליטרים,75.00,"100 מ""ל",false,48,19.90,26.5333,true,1,204161
7610008709008,false,בונ רגוסה קלאסיק 400,,,בונ רגוסה קלאסיק 400 גר,גרמים,400.00,100 גרם,false,6,49.90,12.4750,true,1,199268
7610243004463,false,"דורגול - מרסס להסרת אבנית במקלחון 600 מ""ל",יעקבי- דורגול Durgol,CH,"מסיר אבנית דורגול 500 מ""ל",מיליליטרים,500.00,"100 מ""ל",false,1,19.90,3.9800,true,1,179581
7613030979647,false,דגני בוקר טריקס פירות עולם היורה 480 ג',ג'נרל מילס סאן אדריא,IL,דגני בוקר טריקס 480 גר,גרמים,480.00,100 גרם,false,1,21.90,4.5625,true,1,184481
7613033548192,false,פיטנס - דגני בוקר שוקולד מריר 375 גרם,נסטלה צרפת איטנקורט,FR,"דגני בוקר ""פיטנס"" שו",גרמים,375.00,100 גרם,false,1,19.90,5.3067,true,1,112874
7613035548374,false,דגני בוקר גולדן מיניס מחיטה מלאה ותירס,נסטלה צרפת איטנקורט,FR,דגני בוקר גולדן מיניס 570 גר,גרמים,570.00,100 גרם,false,1,21.90,3.8421,true,1,168796
7613035807778,false,פרפקטו רוטב עגבניות לבולונז 400 ג' אסם,אסם פרפקטו Perfecto,ES,רוטב עגבניות פרפקטו לבולונז 400 גר,גרמים,400.00,100 גרם,false,1,8.90,2.2250,true,1,172552
7613035809109,false,פרפקטו רוטב עגבניות ובזיליקום 400 ג'אסם,אסם פרפקטו Perfecto,ES,רוטב פרפקטו עגבניות ובזיליקום 400 גר,גרמים,400.00,100 גרם,false,1,8.90,2.2250,true,1,172555
7613035809123,false,פרפקטו רוטב עגבניות עם פלפלים 400 ג' אסם,אסם פרפקטו Perfecto,ES,רוטב עגבניות פרפקטו עם פלפל 400 גר,גרמים,400.00,100 גרם,false,1,8.90,2.2250,true,1,172554
7613035809857,false,פרפקטו רוטב עגבניות לפסטה ולבישול 400 ג' אסם,אסם פרפקטו Perfecto,ES,רוטב עגבניות פרפקטו לפסטה 400 גר,גרמים,400.00,100 גרם,false,1,8.90,2.2250,true,1,172553
7613037686906,false,פיטנס - דגני בוקר שקדים ודבש 355 גרם,נסטלה צרפת איטנקורט,FR,פיטנס שקדים ודבש 355 גר,גרמים,355.00,100 גרם,false,1,19.90,5.6056,true,1,195801
7613039879382,false,גרבר - מחית תפוחי עץ 190 גרם,מטרנה,PL,"גרבר מחית תפו""ע 190 גר",גרמים,190.00,100 גרם,false,12,6.90,3.6316,true,1,202471
7613039881521,false,גרבר - מחית מנגו 190 גרם,נסטלה פולסקה אס.איי,PL,גרבר מחית מנגו 190 גר,גרמים,190.00,100 גרם,false,12,6.90,3.6316,true,1,202024
7622201050757,false,שוקולד מילקה טבלת חלב עם קרמל 100 ג',מילקה Milka,,"שוקולד ""מילקה"" חלב ע",גרמים,100.00,100 גרם,false,1,5.90,5.9000,true,1,112922
7622201098452,false,מילקה - שוקולד חום לבן 100 גרם,מונדלייז,DE,שוקולד מילקה הפי קאו 100 גר,גרמים,100.00,100 גרם,false,1,5.90,5.9000,true,1,196017
7622201098483,false,שוקולד מילקה חלב מיל,,,שוקולד מילקה חלב מילוי קרם אוורירי 90,גרמים,90.00,100 גרם,false,1,5.90,6.5556,true,1,198665
7622201127206,false,מילקה ממרח אגוזי לוז 350 ג',"נטרה מלה אנ.וי,",BE,ממרח אגוזים מילקה 350 גר,גרמים,350.00,100 גרם,false,1,16.90,4.8286,true,1,204193
7622201137052,false,אוראו מיני קוקיס - עוגיות שוקולד צ'יפס ותחתית מצופה שוקולד חלב,מונדלז אספנה גלטאס פ,ES,מילקה מיני קוקיז 110 גר,גרמים,110.00,100 גרם,false,1,8.90,8.0909,true,1,202697
7622201401900,false,עוגיות מילקה סנסיישן אוראו 156 גר',מונדלז פולסקה פרודקש,PL,עוגיות סנסיישן אוראו מילקה 156 גר,גרמים,156.00,100 גרם,false,1,9.90,6.3462,true,1,200198
7622201502515,false,מילקה - עוגיות קוקי לופ 132 גרם,גיורי קייקס קייאפטי,HU,עוגיות מילקה קוקי לופ 132 גר,גרמים,132.00,100 גרם,false,12,9.90,7.5000,true,1,206012
7622201801809,false,מילקה- שוק' חלב עם אגוזים 100 גר' חדש,מנדלז דויצ'לנד סנקס,DE,שוקולד מילקה חלב שברי אגוזים 100 גר,גרמים,100.00,100 גרם,false,1,5.90,5.9000,true,1,204852
7622201802394,false,שוקולד מילקה טבלה חלב 100 ג',מנדלז דויצ'לנד סנקס,DE,שוקולד חלב מילקה 100 גר,גרמים,100.00,100 גרם,false,1,5.90,5.9000,true,1,204850
7622201808631,false,מיני עוגיות אוראו במילוי קרם בטעם וניל,פי.טי. מונדלז אינדונ,ID,מיני עוגיות אוראו בטעם וניל בכוס 67 גר,גרמים,67.00,100 גרם,false,1,5.90,8.8060,true,1,204854
7622201813390,false,וופל במילוי קרם קקאו בציפוי שוקולד חלב,מונדליז סי.אר. ביסקו,,וופל מילקה במילוי קרם קקאו 150 גר,גרמים,150.00,100 גרם,false,1,9.90,6.6000,true,1,203555
7622210137234,false,עוגיות אוראו עם דאבל קרם וניל 170 ג',אוראו Oreo,,עוגיות אוראו עם דאבל קרם וניל 170 גר,גרמים,170.00,100 גרם,false,1,8.90,5.2353,true,1,173042
7622210229502,false,שוקולד קוטדור בושה מ,,BE,שוקולד קוטדור בושה מיני 1 קג,קילוגרמים,1.00,"ק""ג",false,1,79.90,79.9000,true,1,212635
7622210453327,false,עוגיות שוקוצ'יפס במילוי שוקולד סנסיישן,מנדלז פולסקה פרודקשן,PL,עוגיות מילקה סנסיישן 156 גר,גרמים,156.00,100 גרם,false,1,9.90,6.3462,true,1,181465
7622210609724,false,סוכריות קשות בטעם דו,,,סוכריות קשות בטעם דובדבן 25.2 גר,גרמים,25.00,100 גרם,false,1,5.90,23.6000,true,1,202934
7622210624284,false,קדבורי אוראו מצופה שוק' 204ג',,,קדבורי אוראו מצופה שוקולד 204 גר,גרמים,204.00,100 גרם,false,1,12.90,6.3235,true,1,211289
7622210638021,false,מיני עוגיות אוראו קראנצ'י בייטס מצופים,מונדלז אספניה ג'לאטס,ES,עוגיות אוראו ביס קראנצי בציפוי שוקולד,גרמים,110.00,100 גרם,false,1,7.90,7.1818,true,1,200202
7622210640062,false,גבינת עם פלפל חלפיניו למריחה פילדלפיה 175 ג',מונדלייז,DE,ממרח גבינה פילדלפיה למריחה פלפל חלפינו,גרמים,175.00,100 גרם,false,1,14.90,8.5143,true,1,202845
7622210806567,false,גומי לעיסה בטעם אבטי,,,גומי לעיסה בטעם אבטיח ללא תוספת סוכר,גרמים,18.00,100 גרם,false,1,7.90,43.8889,true,1,202929
7622210835338,false,עוגיות אוראו בטעם בראוניז,מנדלז אספנה גאלטס פר,ES,עוגיות אוראו בראוניז 176 גר,גרמים,176.00,100 גרם,false,1,8.90,5.0568,true,1,184878
7622210999368,false,שוקולד מילקה יוגורט,,,שוקולד מילקה יוגורט תות 100 גר,גרמים,100.00,100 גרם,false,1,5.90,5.9000,true,1,196016
7622210999535,false,שוקולד מילקה אקסטרה,מונדלייז,DE,שוקולד מילקה אקסטרה שוקולד 100 גר,גרמים,100.00,100 גרם,false,1,5.90,5.9000,true,1,197329
7622300270506,false,מילקה גריינס - עוגיות שיבולת שועל מצופות שוקולד 168 ג',מונדלז פולסקה פרודקש,PL,"עוגיות ""מילקה גריינס",גרמים,168.00,100 גרם,false,1,9.90,5.8929,true,1,123709
7622300617820,false,שוקלד מילקה טבלת חלב אוראו 100ג',מנדלז דויצ'לנד סנקס,DE,"שוקולד ""מילקה"" אוראו 100 גר",גרמים,100.00,100 גרם,false,1,5.90,5.9000,true,1,121651
7622300761363,false,עוגיות אוראו מיני כוסות בטעם שוקו 67 ג',פי.טי. מונדלז אינדונ,ID,עוגיות מיני אוראו קרם שוקולד 67 גר,גרמים,67.00,100 גרם,false,1,5.90,8.8060,true,1,172655
7702018357871,false,ג'ל גילוח ג'ילט פרוג,,,גל גילוח פרוגלייד 2 ב1 לעור רגיש,מיליליטרים,170.00,"100 מ""ל",false,1,24.90,14.6471,true,1,172976
7702018980833,false,"ג'ילט ג'ל גילוח סירייס מועשר בלחות - 200 מ""ל",פרוקטר & גמבל,,"גל גילוח סירייס מעושר בלחות 200 מ""ל",מיליליטרים,200.00,"100 מ""ל",false,1,15.90,7.9500,true,1,172974
7702174068826,false,סוכריות לקקן במילוי טופי בטעמי יוגורט פירות,יוגטה yogueta,CO,לקקן יוגטה פירות 12 יח,Unknown,0.00,Unknown,false,1,8.90,0.0000,true,1,145996
7798159560102,false,יין ארגנטו קלאסיק שר,,,יין ארגנטו קלאסיק שרדונה סוביניון לבן יב,מיליליטרים,750.00,"100 מ""ל",false,6,39.90,5.3200,true,1,199610
7798159560126,false,יין ארגנטו קלאסיק מל,,,יין ארגנטו קלאסיק מלבן אדום יבש 750 מל,מיליליטרים,750.00,"100 מ""ל",false,1,39.90,5.3200,true,1,197443
7798159560157,false,יין ארגנטו קלאסיק פי,,,יין ארגנטו קלאסיק פינו גריגין לבן יבש,מיליליטרים,750.00,"100 מ""ל",false,1,39.90,5.3200,true,1,197444
7890202101017,false,שישיית כדורים אדום,,,שישיית כדורים אדום מט לקישוט 6 סמ,Unknown,0.00,Unknown,false,1,6.90,0.0000,true,1,206397
7891024027998,false,"קולגייט מי פה טוטאל אנטי טרטר 500 מ""ל",קולגייט פלמוליב,,מי פה קולגייט טוטאל אנטי טרטר 500 מל,מיליליטרים,500.00,"100 מ""ל",false,1,29.90,5.9800,true,1,211907
7891024030974,false,"קולגייט משחת שיניים טריפל אקשן 75 מ""ל",הנסיך- מפעל לייצור ט,BR,"משחת שיניים קולגייט טריפל אקשן 75 מ""ל",מיליליטרים,75.00,"100 מ""ל",false,1,6.90,9.2000,true,1,170166
7891024124826,false,קולגייט משחת אופטיק ספרקלינג וייט 75מל,הנסיך- מפעל לייצור ט,BR,"משחת שיניים ""קולגייט"" אופטיק וייט 75 מל",מיליליטרים,75.00,"100 מ""ל",false,1,19.90,26.5333,true,1,144675
8000020006381,false,יין מבעבע צינזנו רוז,,,"צ""ינזנו מבעבע רוזה 0",מיליליטרים,750.00,"100 מ""ל",false,1,54.90,7.3200,true,1,109336
8000070055254,false,קפסולות קרמה גוסטו פורטה חוזק 13 55 ג' לוואצה,לוואצה Lavazza,,קפסולות לוואצה קרמה גוסטו חוזק 13,גרמים,55.00,100 גרם,false,1,19.90,36.1818,true,1,213538
8000113003402,false,"קמח תירס בוואקום 1 ק""ג",מולינו ניקולי אס.פי.,IT,קמח תירס בוואקום 1 ק,קילוגרמים,1.00,"ק""ג",false,1,15.90,15.9000,true,1,109345
8000380004669,false,וופל לואקר סנדוויץ קוביות ושוקולד 200ג',"א. לואקר, קונפקט ג'י",AT,"וופל ""לואקר"" בטעם קק",גרמים,200.00,100 גרם,false,1,10.90,5.4500,true,1,109357
8000380004911,false,קוביות וופל קואדרטיני Quadratini קרם אגוזים,קריניציה ויטמינה אס,AT,קואדרטיני אגוז 250 ג,גרמים,250.00,100 גרם,false,1,13.90,5.5600,true,1,109362
8000380004966,false,וופל קוארדטיני לואקר קוביות שוקולד 250ג',קריניציה ויטמינה אס,AT,קואדרטיני קקאו 250 ג,גרמים,250.00,100 גרם,false,1,13.90,5.5600,true,1,109364
8000380106028,false,טורטינה לואקר וופל שוקולד ואגוזים שישיה 125ג',קריניציה ויטמינה אס,IT,"עוגיות שוקולד ""טורטי",גרמים,125.00,100 גרם,false,1,15.90,12.7200,true,1,109370
8000380153534,false,מארז וופל שוקולד טורטינה Tortina שוקולד לבן,לואקר Loacker,IT,עוגיות שוקולד טורטינה שוקולד לבן,גרמים,125.00,100 גרם,false,1,15.90,12.7200,true,1,145433
8000380156009,false,לואקר ורד הדולמיטים שוקולד חלב 150 גר',קריניציה ויטמינה אס,IT,שוקולד הדולמיטים חלב 150 גר,גרמים,150.00,100 גרם,false,1,21.90,14.6000,true,1,186612
8000380201396,false,לואקר וופל טורטינה קרמל 125 גרם,לואקר Loacker,,שישיית שוקולד טורטינה קרמל 126 גרם,גרמים,126.00,100 גרם,false,24,15.90,12.6190,true,1,203498
8000380207183,false,טורטינה חמאת בוטנים לואקר 6*21גר,לואקר Loacker,,עוגיות טורטינה חמאת בוטנים 126 גר,גרמים,126.00,100 גרם,false,24,15.90,12.6190,true,1,209827
8000420000491,false,יין מבעבע אסטי לבן מ,,,יין מבעבע אסטי לבן מתוק 750מל,מיליליטרים,750.00,"100 מ""ל",false,1,49.90,6.6533,true,1,148696
8000420159991,false,יין גנציה בטעם אפרסק,,,יין גנציה בטעם אפרסק 750 מל,מיליליטרים,750.00,"100 מ""ל",false,1,29.90,3.9867,true,1,199035
8000420201300,false,וורמונט גנציה ביאנק,GANCIA,,וורמונט גנציה ביאנק לבן 700 מל,מיליליטרים,700.00,"100 מ""ל",false,1,39.90,5.7000,true,1,121221
8000420501295,false,וורמונט רוסו אדום מת,GANCIA,,וורמונט רוסו אדום מתוק 1ל,ליטרים,1.00,ליטר,false,1,39.90,39.9000,true,1,148700
8000420864321,false,וורמונט דרי אקסטרה ל,GANCIA,,וורמונט דרי אקסטרה לבן יבש 1ל,ליטרים,1.00,ליטר,false,1,39.90,39.9000,true,1,148701
8000500009673,false,בונבוניירה פררו רושה 300ג',קריות זול,IT,בונבוניירה פררו רושר 300 גר,גרמים,300.00,100 גרם,false,1,44.90,14.9667,true,1,109386
8000500023624,false,חטיפי הפי היפו Happy Hippo במילוי קרם חלב וקקאו,קינדר Kinder,DE,חטיף קינדר הפי היפו חמישייה,גרמים,104.00,100 גרם,false,1,13.90,13.3654,true,1,109387
8000500023976,false,בונבוניירת רפאלו Raffaello,קריות זול,PL,"בונבוניירת ""רפאלו"" 150 גר",גרמים,150.00,100 גרם,false,1,16.90,11.2667,true,1,109388
8000500026731,false,שוקולד ביצי הפתעה קינדר שלישייה,קריות זול,IT,ביצת הפתעה קינדר סופרייז שלישייה,Unknown,0.00,Unknown,false,1,15.90,0.0000,true,1,136465
8000500032237,false,בונבוניירה פררו רושר 375ג',פררו Ferrero,IT,בונבוניירה פררו רושר 375 גר,גרמים,375.00,100 גרם,false,1,44.90,11.9733,true,1,109391
8000500037874,false,בונבוניירה פררו רושה 200ג',קריות זול,IT,בונבוניירה פררו רושר 200 גר,גרמים,200.00,100 גרם,false,1,25.90,12.9500,true,1,109393
8000500071083,false,אצבעות שוקולד קינדר Kinder שש עשרה יחידות,קינדר Kinder,IT,שוקולד אצבעות קינדר 200 גר,גרמים,200.00,100 גרם,false,1,13.90,6.9500,true,1,109396
8000500121436,false,מארז קינדר בואנו Kinder Bueno לבן שלוש יחידות,קינדר Kinder,PL,חטיף קינדר בואנו לבן שלישייה,גרמים,117.00,100 גרם,false,1,10.90,9.3162,true,1,109398
8000500167656,false,קינדר שוקולד עם דגנים סיריאל 94 ג',,,שוקולד עם דגנים קינדר רביעייה 94 גר,גרמים,94.00,100 גרם,false,24,8.90,9.4681,true,1,194937
8000500214138,false,חטיף קינדר בואנו דאר,,,חטיף קינדר בואנו דארק 129 גר שלישייה,גרמים,129.00,100 גרם,false,1,9.90,7.6744,true,1,179963
8000500227848,false,נוטלה - בי רדי אצבעות ביסקוויט במילוי שוקולד 6 יח' * 22 גרם,Unknown,,חטיף עוגיות נוטלה בי ראדי,גרמים,132.00,100 גרם,false,1,11.90,9.0152,true,1,179235
8000500256213,false,קינדר שוקולד מיני בשקית.,קדבורי,IT,שוקולד מיני קינדר 120 גר,גרמים,120.00,100 גרם,false,1,10.90,9.0833,true,1,189451
8000500269169,false,קינדר קארדס Kinder Cards - חמישייה,קריות זול,IT,מארז פררו קינדר קארד 128 גר,גרמים,128.00,100 גרם,false,1,13.90,10.8594,true,1,204651
8000500386941,false,"ממרח קקאו עם אגוזי לוז, 900 גרם",קדבורי,IT,ממרח שוקולד נוטלה 900 גר,גרמים,900.00,100 גרם,false,1,28.90,3.2111,true,1,210011
8000570283607,false,מרטיני אסטי Asti יין לבן מתוק מבעבע,מרטיני Martini,IT,"יין מבעבע מרטיני מתוק 750 מ""ל",מיליליטרים,750.00,"100 מ""ל",false,1,64.90,8.6533,true,1,188719
8000570812708,false,יין מבעבע מרטיני רוז,,,יין מבעבע מרטיני רוזה,מיליליטרים,750.00,"100 מ""ל",false,1,64.90,8.6533,true,1,182352
8001090184412,false,"פיירי נוזל לניקוי כלים לימון שקוף, 900 מ""ל",,,סבון כלים פיירי לימון 900 מל,מיליליטרים,900.00,"100 מ""ל",false,1,12.90,1.4333,true,1,209919
8001090458353,false,סבון כלים פעולה אנטי-בקטריאלית אקליפטוס,פיירי Fairy,,"נוזל כלים פיירי אנטי בקטריאלי 515 מ""ל",מיליליטרים,515.00,"100 מ""ל",false,1,9.90,1.9223,true,1,179138
8001090580122,false,"הד אנד שולדרס שמפו סופרים משקם 400 מ""ל",הד אנד שולדרס H&S,,"שמפו האד אנד שולדרס סופרים משקם 400 מ""ל",מיליליטרים,400.00,"100 מ""ל",false,1,19.90,4.9750,true,1,190396
8001090721099,false,טבליות ג'ל לכביסה 3 ב-1 בניחוח אביב הרים,פרוקטר אנד גמבל,FR,קפסולות לכביסה אריאל 27 יח,גרמים,729.00,100 גרם,false,1,31.90,4.3759,true,1,185621
8001090721129,false,אריאל קפסולות לכביסה קולור 27 יח,פרוקטר אנד גמבל,FR,קפסולות לכביסה קולור אריאל 27 יח,גרמים,729.00,100 גרם,false,1,31.90,4.3759,true,1,185622
8001090740717,false,מגני תחתון אולוויז נורמל עם ניחוח רענן Fresh Scent,אולוויז Always,,מגן תחתון אולוויז נורמל מגה פק פרש 76 יח,Unknown,0.00,Unknown,false,1,18.90,0.0000,true,1,183472
8001090745903,false,"טייד אלפיין פרש 4 ק""ג אבקה",פרוקטר אנד גמבל,,"אבקת כביסה טייד אלפיין פרש 4 ק""ג",קילוגרמים,4.00,"ק""ג",false,1,29.90,7.4750,true,1,195131
8001090832573,false,"שמפו פנטן לחות מוגברת 660 מ""ל",פרוקטר & גמבל,RO,פנטן שמפו שמן לחות מוגברת 660 מל,מיליליטרים,660.00,"100 מ""ל",false,1,19.90,3.0152,true,1,201329
8001090832610,false,"שמפו פנטן למגע רך כמשי 660 מ""ל",פנטן Pantene,,פנטן שמפו למגע רך כמשי 660 מל,מיליליטרים,660.00,"100 מ""ל",false,1,19.90,3.0152,true,1,201330
8001090832771,false,"שמפו פנטן הזנת קרטין 660 מ""ל",פנטן Pantene,,פנטן שמפו הזנת קרטין 660 מל,מיליליטרים,660.00,"100 מ""ל",false,1,19.90,3.0152,true,1,201332
8001090832818,false,מרכך פנטן הנוסחה הקלאסית לשיער רגיל ומעורב,פרוקטר & גמבל,RO,פנטן מרכך נוסחה קלאסית 660 מל,מיליליטרים,660.00,"100 מ""ל",false,1,19.90,3.0152,true,1,201334
8001090832931,false,"פנטן קונדישנר למגע רך כמשי 660 מ""ל",פנטן Pantene,,פנטן מרכך למגע רך כמשי 660 מל,מיליליטרים,660.00,"100 מ""ל",false,1,19.90,3.0152,true,1,201337
8001090833136,false,אריאל ג'ל כביסה בייבי 2.255 ליטר,אריאל Ariel,FR,גל כביסה אריאל בייבי 2.25 ל,ליטרים,2.25,ליטר,false,4,29.90,13.2889,true,1,189192
8001090833167,false,אריאל ג'ל כביסה ניחוח הרים 2.365 ליטר,פרוקטור אנד גמבל,FR,גל כביסה אריאל ניחוח הרים 2.36 ל,ליטרים,2.36,ליטר,false,4,29.90,12.6695,true,1,189190
8001090833198,false,אריאל ג'ל כביסה ניחוח מרענן 2.365 ליטר,פרוקטור אנד גמבל,FR,גל כביסה אריאל ניחוח מרענן 2.36 ל,ליטרים,2.36,ליטר,false,4,29.90,12.6695,true,1,189189
8001090833228,false,אריאל ג'ל כביסה קולור 2.365 ליטר,אריאל Ariel,FR,גל כביסה אריאל קולור 2.36 ל,ליטרים,2.36,ליטר,false,4,29.90,12.6695,true,1,189191
8001090886460,false,לנור כדוריות הבושם בניחוח אביבי 140 גר,פרוקטר אנד גמבל,GB,מרכך כביסה לינור כדוריות הריח בניחוח אבי,גרמים,140.00,100 גרם,false,6,19.90,14.2143,true,1,192581
8001090899194,false,תחבושות אולוויז פלטינום נורמל 24 יח',אולוויז Always,,תחבושות אולוויז פלטינום נורמל 24 יח,Unknown,0.00,Unknown,false,1,19.90,0.0000,true,1,195119
8001090899224,false,תחבושות אולוויז פלטינום לונג 20 יח',אולוויז Always,,תחבושות אולוויז פלטינום לונג 20 יח,Unknown,0.00,Unknown,false,1,19.90,0.0000,true,1,195120
8001090899255,false,תחבושות אולוויז פלטינום לילה 16 יח',Unknown,,תחבושות אולוויז פלטינום לילה 16 יח,Unknown,0.00,Unknown,false,1,19.90,0.0000,true,1,195121
8001090899286,false,תחבושות אולוויז פלטינום לילה בטוח 14 יח',אולוויז Always,,תחבושות אולוויז פלטינום לילה בטוח 14 יח,Unknown,0.00,Unknown,false,1,19.90,0.0000,true,1,195122
8001620011935,false,מים מינרלים מוגזים שישייה בקבוק אישי,אקווה מינרלה סאן בנד,IT,"מים מוגז עדין ""סאן ב",ליטרים,3.00,ליטר,false,1,13.90,4.6333,true,1,109434
8001620017449,false,"סן בנדטו פקק ספורט 500מ""ל",,,"מים סאן בנדטו 500 מ""ל",מיליליטרים,500.00,"100 מ""ל",false,1,3.90,0.7800,true,1,187135
8001620017456,false,"מים מינרלים שישיה ספורט סאן בנדטו 500 מ""ל",סאן בנדטו San Benedetto,,"מים מינרל סאן בנדטו ספורט 500 מ""ל שישייה",מיליליטרים,3000.00,"100 מ""ל",false,1,15.90,0.5300,true,1,186860
8001841062624,false,מארז מגבוני פמפרס ללא בישום - רביעייה,פרוקטר אנד גמבל.,DE,מגבוני פמפרס פרש 52 יח רביעייה,Unknown,0.00,Unknown,false,3,19.90,0.0000,true,1,201512
8001841077949,false,מארז מגבוני פמפרס בניחוח מרענן - רביעייה,פרוקטר אנד גמבל,DE,מגבונים פמפרס פרש 52 יח רביעייה,Unknown,0.00,Unknown,false,1,19.90,0.0000,true,1,193454
8001841137179,false,"ה&ש קונדישנר-הנוסחה הקלאסית 275 מ""ל",פרוקטר אנד גמבל,RO,מרכך הד אנד שולדרס הנוסחה הקלאסית 275 מל,מיליליטרים,275.00,"100 מ""ל",false,6,17.90,6.5091,true,1,193446
8001841137216,false,"קונדישנר למגע רך כמשי הד אנד שולדרס 275 מ""ל",הד אנד שולדרס H&S,RO,"מרכך הד אנד שולדרס למגע רך כמשי 400 מ""ל",מיליליטרים,275.00,"100 מ""ל",false,6,17.90,6.5091,true,1,193447
8001841427126,false,מגן תחתון אולוויז מגה פק פרו פרש נורמל 64 יחי,פרוקטר & גמבל,DE,מגן תחתון אולוויז מגה פק פרו פרש נורמל,Unknown,0.00,Unknown,false,4,18.90,0.0000,true,1,198237
8001841500799,false,"הרבל אסנסס - שמפו ללא סולפטים אלוורה ומנגו 380 מ""ל",הרבל אסנס Herbal Essences,FR,שמפו הרבל אסנס אלוורה ומנגו 380 מל,מיליליטרים,380.00,"100 מ""ל",false,6,19.90,5.2368,true,1,201522
8001841500942,false,"הרבל אסנסס - שמפו ללא סולפטים אלוורה ובמבוק 380 מ""ל",הרבל אסנס Herbal Essences,FR,שמפו הרבל אסנס אלוורה ובמבוק 380 מל,מיליליטרים,380.00,"100 מ""ל",false,6,19.90,5.2368,true,1,201523
8001841502298,false,"הרבל אסנסס - מרכך ללא סולפטים אלוורה ומנגו 275 מ""ל",הרבל אסנס Herbal Essences,FR,מרכך הרבל אסנס אלוורה ומנגו 275 מל,מיליליטרים,275.00,"100 מ""ל",false,6,19.90,7.2364,true,1,201524
8001841625362,false,"נוזל כלים בניחוח לימון פלטינום 780 מ""ל פיירי",,,סבון כלים פיירי פלטינום לימון 780 מל,מיליליטרים,780.00,"100 מ""ל",false,1,12.90,1.6538,true,1,209920
8001841669465,false,אריאל קפסולות לכביסהבניחוח לנור 24 יח',פרוקטר אנד גמבל,FR,קפסולות אריאל בניחוח לנור 24 יח,Unknown,0.00,Unknown,false,1,31.90,0.0000,true,1,202245
8001841669519,false,אריאל טבליות ג'ל כביסה 55 יח',פרוקטר & גמבל,FR,קפסולות לכביסה אריאל 40 יח,קילוגרמים,1.39,"ק""ג",false,1,59.90,43.0935,true,1,198289
8001841680989,false,מגן תחתון אולוויז מגה פק פרו פרש לארג' 60 יחי,פרוקטר & גמבל,DE,מגן תחתון אולוויז מגה פק פרו פרש לארג,Unknown,0.00,Unknown,false,4,18.90,0.0000,true,1,198238
8001841715957,false,"הד&שולדרס - ג'ל רחצה ושמפו ניקוי אינטנסיבי 360 מ""ל","נארז ע""י : א.ג. גילר",FR,גל רחצה ושמפו שולדרס ניקוי אינטנסיבי 360,מיליליטרים,360.00,"100 מ""ל",false,1,19.90,5.5278,true,1,204635
8001841893990,false,פיירי טבליות למדיח פלטינום פלוס - מארז 30 יח',פיירי Fairy,,טבליות למדיח פיירי פלטינום פלוס 30 יח,Unknown,0.00,Unknown,false,4,39.90,0.0000,true,1,201516
8001841958460,false,פיירי טבליות למדיח אורגינל הכל באחד - מארז 48 יח',פרוקטר אנד גמבל,BE,טבליות למדיח כלים פיירי 48 יח,Unknown,0.00,Unknown,false,4,39.90,0.0000,true,1,201514
8001841960081,false,פיירי טבליות למדיח פלטינום הכל באחד - מארז 37 יח',פרוקטר אנד גמבל,BE,טבליות למדיח כלים פיירי פלטינום 37 יח,Unknown,0.00,Unknown,false,4,39.90,0.0000,true,1,201515
8001931120944,false,"פסטה קן לציפור דק, 500 גרם",GUACCI,,פסטה קן לציפור דק 500 גר,גרמים,500.00,100 גרם,false,1,8.90,1.7800,true,1,179576
8001943549122,false,"צ'וקטה מטבעות שוקולד חלב, 40 גרם",צ'וקטה Chocketa,,מטבעות שוקולד צוקטה 40 גר,גרמים,40.00,100 גרם,false,1,4.90,12.2500,true,1,206344
8002267014662,false,שלישייה ביצי שוקולד חלב עם צעצוע ברבי,צ'וקטה Chocketa,,ביצת הפתעה ברבי 60 גר שלישייה,גרמים,60.00,100 גרם,false,1,11.90,19.8333,true,1,183951
8002267016673,false,ביצת שוקולד עם הפתעה,,,ביצת שוקולד עם הפתעה ברבי 110 גר,גרמים,110.00,100 גרם,false,1,15.90,14.4545,true,1,208542
8002270866524,false,סאן פלנגרינו מים מינ,סן פלגרינו San Pellegrino,IT,מים מינרלים סן פלגרינו 1ל,ליטרים,1.00,ליטר,false,1,9.90,9.9000,true,1,151387
8002371000162,false,קרואסון במילוי קרם ש,,,קרואסון במילוי קרם שוקולד 400 גר,גרמים,400.00,100 גרם,false,1,18.90,4.7250,true,1,109477
8002371000360,false,קרואסון במילוי קרם פ,,,קרואסון במילוי קרם פטיסייר 400 גר,גרמים,400.00,100 גרם,false,1,18.90,4.7250,true,1,109480
8002371007888,false,קוראסון עם קרם שוקול,,,קוראסון במילוי קרם שוקולד ללא סוכר 300 ג,גרמים,300.00,100 גרם,false,1,18.90,6.3000,true,1,109490
8002371007895,false,קוראסון במילוי ריבת,,,קוראסון במילוי ריבת משמש ללא סוכר 300 גר,גרמים,300.00,100 גרם,false,1,18.90,6.3000,true,1,109491
8002450206003,false,ורדי רימונים ספרקלטיני,"איי, בי, אינבוו",IT,משקה כהלי מוגז ורדי רימונים 750 מל,מיליליטרים,750.00,"100 מ""ל",false,1,24.90,3.3200,true,1,109495
8002670504279,false,גרנרולו בורגר צמחי 2,,,גרנרולו בורגר צמחי 2*110 גר,גרמים,220.00,100 גרם,false,8,24.90,11.3182,true,1,208594
8002670504286,false,"מיני בורגר, 180 ג' GUSTARE",,,גרנרולו מיני בורגר 6*30 גר,גרמים,180.00,100 גרם,false,8,24.90,13.8333,true,1,208595
8002793000504,false,יין פיציני קיאנטי כת,,,יין פיציני קיאנטי כתום 750 מל,מיליליטרים,750.00,"100 מ""ל",false,1,34.90,4.6533,true,1,172156
8002793959239,false,יין פיציני קיאנטי קל,,,יין פיציני קיאנטי קלאסיק 750 מל,מיליליטרים,750.00,"100 מ""ל",false,1,59.90,7.9867,true,1,172161
8003405002558,false,וודקה רוברטו קוואלי,מזקקה פרנקולי,,"וודקה רוברטו קוואלי 700 מ""ל",מיליליטרים,700.00,"100 מ""ל",false,1,129.90,18.5571,true,1,171287
8003490043207,true,מיני גריסיני עם שומש,,,מיני גריסיני עם שומשום 150 גר,גרמים,150.00,100 גרם,false,1,9.90,6.6000,true,1,204260
8003490044488,true,מיני גריסיני בטעם פי,,,מיני גריסיני בטעם פיצה 150 גר,גרמים,150.00,100 גרם,false,1,9.90,6.6000,true,1,204262
8003740005054,false,ספגטי אריגי 500 גר,,,ספגטי אריגי 500 גר,גרמים,500.00,100 גרם,false,1,6.50,1.3000,true,1,195979
8003740005801,false,ספגטי חיטה מלאה אריג,,,ספגטי חיטה מלאה אריגי 500 גר,גרמים,500.00,100 גרם,false,1,6.50,1.3000,true,1,184883
8003740007058,false,ספגטי אריגי לינגווינ,,,ספגטי אריגי לינגוויני 500 גר,גרמים,500.00,100 גרם,false,1,6.50,1.3000,true,1,195978
8003740024079,false,פסטה אריגי טורטיליונ,,,פסטה אריגי טורטיליוני 500 גר,גרמים,500.00,100 גרם,false,1,6.50,1.3000,true,1,195975
8003740031077,false,פסטה אריגי פנה ריגטה,,,פסטה אריגי פנה ריגטה 500 גר,גרמים,500.00,100 גרם,false,1,6.50,1.3000,true,1,195972
8003740031886,false,פסטה אריגי פנה חיטה,,,פסטה פאנה רגטה מלאה אריגאי איטליה 500 גר,גרמים,500.00,100 גרם,false,1,6.50,1.3000,true,1,184884
8003740036072,false,פסטה אריגי פוזילי 50,,,פסטה אריגי פוזילי 500 גר,גרמים,500.00,100 גרם,false,1,6.50,1.3000,true,1,195974
8003740036805,false,פסטה אריגי פוזילי חי,,,פסטה פוזילי חיטה מלאה אריגאי איטליה 500,גרמים,500.00,100 גרם,false,1,6.50,1.3000,true,1,184885
8003740037079,false,פסטה אריגי פוזליני 5,,IT,פסטה אריגי פוזליני 500 גר,גרמים,500.00,100 גרם,false,1,6.50,1.3000,true,1,195973
8003740047078,false,פסטה אריגי קרסטה 500,,,פסטה אריגי קרסטה 500 גר,גרמים,500.00,100 גרם,false,1,6.50,1.3000,true,1,197607
8003740058081,false,ספגטי אריגי פרפלה 50,,,ספגטי אריגי פרפלה 500 גר,גרמים,500.00,100 גרם,false,1,6.50,1.3000,true,1,195980
8003740067199,false,רביולי עם גבינה אריג,,,רביולי עם גבינה אריגי 250 גר,גרמים,250.00,100 גרם,false,1,12.90,5.1600,true,1,212620
8003740077075,false,פסטה אריגי ביאווטה 5,,,פסטה אריגי ביאווטה 500 גר,גרמים,500.00,100 גרם,false,1,6.50,1.3000,true,1,197612
8003740079079,false,פסטה אריגי סטליני 50,,,פסטה אריגי סטליני 500 גר,גרמים,500.00,100 גרם,false,1,6.50,1.3000,true,1,197611
8003740088088,false,פסטה אריגי טליאטלה 5,,,פסטה טליאטלה אריגאי איטליה 500 גר,גרמים,500.00,100 גרם,false,1,8.90,1.7800,true,1,184888
8003740102074,false,פסטה אריגי אלפבטו 50,,,פסטה אריגי אלפבטו 500 גר,גרמים,500.00,100 גרם,false,1,6.50,1.3000,true,1,197609
8003740131074,false,פדליני אטריות למרק א,,,פסטה אריגי פידליני 500 גר,גרמים,500.00,100 גרם,false,1,6.50,1.3000,true,1,197610
8003740190071,false,פסטה אריגי אמוריני 5,,,פסטה אריגי אמוריני 500 גר,גרמים,500.00,100 גרם,false,1,6.50,1.3000,true,1,197608
8003740660666,false,פסטו אדום 190 גר,,,פסטו עגבניות 190 גר,גרמים,190.00,100 גרם,false,1,12.90,6.7895,true,1,199319
8003740660765,false,פסטו ירוק 190 גר,,,פסטו ירוק 190 גר,גרמים,190.00,100 גרם,false,1,12.90,6.7895,true,1,195986
8003740667566,false,רוטב פסטה ארבייאטה א,,,רוטב פסטה ארבייאטה אריגי 320 גר,גרמים,320.00,100 גרם,false,1,9.90,3.0938,true,1,195984
8003740669263,false,רוטב בולונז צמחי ארי,,,רוטב בולונז צמחי אריגי 320 גר,גרמים,320.00,100 גרם,false,1,10.90,3.4063,true,1,204906
8003740669362,false,רוטב פטריות אריגי 32,,,רוטב פטריות אריגי 320 גר,גרמים,320.00,100 גרם,false,1,10.90,3.4063,true,1,211754
8003753158556,false,אילי קפסולות אספרסו קלאסיקו 10 יח' 57 גרם,ג'ייקובס דאו אגרבטס,FR,קפסולות אילי אספרסו קלאסיקו 10 יח,גרמים,57.00,100 גרם,false,1,23.90,41.9298,true,1,203584
8004030102033,false,טונה בשמן זית עם מיץ לימון ופלפל שחור - מארז 3 יח',בולטון אלימנטרי,IT,טונה ריו מרה בשמן עם לימון ופלפל שלישיה,גרמים,240.00,100 גרם,false,1,26.90,11.2083,true,1,188798
8004030860001,false,ירקות עם קוקוס וטונה ריו מרה אינסלטיסימי 160 ג',"בולטון אלימנטרי בע""מ",IT,טונה ריו מארה אינסלטיסימי קוסקוס 160 גר,גרמים,160.00,100 גרם,false,1,16.90,10.5625,true,1,174300
8004800005502,false,וופל מיני רול גלילי ופל במילוי קרם קקאו- 125 ג' לאגו,לגו גרופ ס.פ.א.,IT,גלילי וופל קרם קקאו לאגו 125 גר,גרמים,125.00,100 גרם,false,1,9.90,7.9200,true,1,213158
8006423467866,false,בונ קריסמס טיפאני 18,,,בונ קריסמס טיפאני 180 גר,גרמים,180.00,100 גרם,false,1,17.90,9.9444,true,1,213382
8006540112793,false,"מרכך כביסה מרוכז בניחוח יסמין לנור 900 מ""ל",פרוקטר & גמבל,FR,מרכך כביסה לנור מרוכז בניחוח יסמין 900 מ,מיליליטרים,900.00,"100 מ""ל",false,1,16.90,1.8778,true,1,203550
8006540352960,false,טמפונים טמפקס פרל רג,פרוקטר & גמבל,HK,טמפונים רגולר פרל טמפקס 20 יח,Unknown,0.00,Unknown,false,1,21.90,0.0000,true,1,206019
8006540353004,false,טמפונים טמפקס פרל סו,פרוקטר & גמבל,HK,טמפונים סופר פרל טמפקס 18 יח,Unknown,0.00,Unknown,false,1,21.90,0.0000,true,1,206020
8006540358498,false,פרל טמפונים סופר פלו,פרוקטר & גמבל,HK,טמפונים טמפקס פרל סופר פלוס 18 יח,Unknown,0.00,Unknown,false,1,21.90,0.0000,true,1,206018
8006540491539,false,"נוזל כלים פלטינום אורגינל 780 מ""ל פיירי",,,סבון כלים פיירי פלטינום אוריגינל 780 מל,מיליליטרים,780.00,"100 מ""ל",false,1,12.90,1.6538,true,1,209921
8006540495216,false,"מרכך כביסה בניחוח אמאטיסט 900 מ""ל לנור",פרוקטר & גמבל,FR,מרכך כביסה לנור אמאטיסט 900 מל,מיליליטרים,900.00,"100 מ""ל",false,1,16.90,1.8778,true,1,210752
8006540566701,false,אריאל ג'ל כביסה להסרת כתמים קשים 1.925 ליטר,,IT,גל כביסה אריאל כתמים קשים 1.925 ל,ליטרים,1.93,ליטר,false,4,29.90,15.4922,true,1,211981
8006922085165,false,גלידה משפחתית בטעם טירמיסו סיווירו מאריה 2 ל',,,מעדן בטעם טרמיסו וקפה 1 קג,קילוגרמים,1.00,"ק""ג",false,4,44.90,44.9000,true,1,198943
8007153006943,false,שמן זית כתית מעולה 7,,,שמן זית כתית מעולה 750 מל,מיליליטרים,750.00,"100 מ""ל",false,1,34.90,4.6533,true,1,199753
8007153006950,false,שמן זית כתית מעולה 1,,,שמן זית כתית מעולה 1 ל,ליטרים,1.00,ליטר,false,1,44.90,44.9000,true,1,199734
8007153007117,false,שמן זית כתית מעולה פ,,,שמן זית כתית מעולה פירותי וארומטי 1 ל,ליטרים,1.00,ליטר,false,1,44.90,44.9000,true,1,206809
8007153007124,false,שמן זית כתית מעולה פ,,,שמן זית כתית מעולה פירותי מעודן 1 ל,ליטרים,1.00,ליטר,false,1,44.90,44.9000,true,1,206797
8007153034113,false,שמן זרעי ענבים פרציו,,,שמן זרעי ענבים פרציוני 1 ל,ליטרים,1.00,ליטר,false,1,29.90,29.9000,true,1,201501
8008429231014,false,שוקולד מריר ללא תוספ,,,שוקולד מריר ללא תוספת סוכר 75 גר,גרמים,75.00,100 גרם,false,1,9.90,13.2000,true,1,205128
8008440522016,false,בירה פרוני מארז שישי,פרונרי,IT,בירה פרוני 5.1% 330 מל שישייה,מיליליטרים,1980.00,"100 מ""ל",false,1,39.90,2.0152,true,1,207584
8008620063032,false,קריץ-קרקר שמן זית רוזמרין 250 ג',,,קרקרים עם שמן זית ור,גרמים,250.00,100 גרם,false,12,9.90,3.9600,true,1,136664
8008660210014,false,מעדן פרי משמש 100% רכיבי פרי,קריניציה ויטמינה אס,IT,מעדן ריבת משמש 300 גר,גרמים,300.00,100 גרם,false,1,13.90,4.6333,true,1,171096
8008660210021,false,מעדן פרי דובדבן 100% רכיבי פרי,שוורצקוף& הנקל דיסלד,IT,מעדן ריבת דובדבן 300 גר,גרמים,320.00,100 גרם,false,1,13.90,4.3438,true,1,171095
8008660210038,false,מעדן פרי תות שדה 100% רכיבי פרי,קריניציה ויטמינה אס,IT,מעדן ריבת תות שדה 300 גר,גרמים,300.00,100 גרם,false,1,13.90,4.6333,true,1,171098
8008660210045,false,מעדן פרי פירות יער 100% רכיבי פרי,שוורצקוף& הנקל דיסלד,IT,מעדן ריבת פירות יער 300 גר,גרמים,300.00,100 גרם,false,1,13.90,4.6333,true,1,171097
8008857601090,false,פסטה קנלוני רג'יה 250 גר',פסטה רג'יה Pasta Reggia,,קנלוני 250 גר,גרמים,250.00,100 גרם,false,1,7.90,3.1600,true,1,186836
8009470006637,false,מעדן טונה וסורימי ורוד להשאט 80 גר',,,מעדן לחתול להשאט טונה וסורימי 80 גר,גרמים,80.00,100 גרם,false,48,6.90,8.6250,true,1,201899
8009470006651,false,מעדן טונה וגזר ירוק להשאט 80 גר',,,מעדן לחתול להשאט טונה וגזר 80 גר,גרמים,80.00,100 גרם,false,48,6.90,8.6250,true,1,201898
8009470009010,false,סימבה שימורים לכלבים בשר 415 ג',אמ.או.אן.ג'י.אי.אמונ,,אוכל כלבים סימבה בשר 415 גר,גרמים,415.00,100 גרם,false,1,4.90,1.1807,true,1,179045
8009470009027,false,סימבה שימורים לכלבים עוף והודו 415 ג',אמ.או.אן.ג'י.אי.אמונ,,אוכל כלבים סימבה עוף והודו 415 גר,גרמים,415.00,100 גרם,false,1,4.90,1.1807,true,1,179048
8009470009072,false,סימבה שימורי חתולים בטעם עוף 415ג',אמ.או.אן.ג'י.אי.אמונ,,אוכל לחתולים סימבה עוף 415 גר,גרמים,415.00,100 גרם,false,1,4.90,1.1807,true,1,179051
8009470009096,false,סימבה שימורי חתולים טעם דגים וטונה 415ג',אמ.או.אן.ג'י.אי.אמונ,,אוכל לחתולים סימבה דג 415 גר,גרמים,415.00,100 גרם,false,1,4.90,1.1807,true,1,179049
8009470009164,false,סימבה שימורים לכלבים כבש 415 ג',אמ.או.אן.ג'י.אי.אמונ,,אוכל כלבים סימבה כבש 415 גר,גרמים,415.00,100 גרם,false,1,4.90,1.1807,true,1,179047
8009470009171,false,סימבה שימורים לכלבים צייד 415 ג',אמ.או.אן.ג'י.אי.אמונ,IT,אוכל כלבים סימבה בשר צייד 415 גר,גרמים,415.00,100 גרם,false,1,4.90,1.1807,true,1,179046
8009470009218,false,מעדן לחתול בשר 100 ג' סימבה,,,מעדן לחתולים סימבה בשר 100 גר,גרמים,100.00,100 גרם,false,1,4.90,4.9000,true,1,184548
8009470009225,false,סימבה מעדן לחתול עוף 100 ג',,,אוכל לחתולים סימבה עוף 100 גר,גרמים,100.00,100 גרם,false,1,4.90,4.9000,true,1,184546
8009470009232,false,מעדן לחתול דג 100 ג' סימבה,,,מעדן לחתולים סימבה דגים 100 גר,גרמים,100.00,100 גרם,false,1,4.90,4.9000,true,1,206806
8009470009423,false,מעדן טונה וגזר ירוק להשאט 80 גר',,,מעדן לחתול להשאט ירוק טונה וגזר 80 גר,גרמים,80.00,100 גרם,false,48,6.90,8.6250,true,1,203877
8009470009430,false,מעדן טונה וסורימי ורוד להשאט 80 גר',,,מעדן לחתול להשאט ורוד טונה וסורימי 80 גר,גרמים,80.00,100 גרם,false,48,6.90,8.6250,true,1,203878
8009470009461,false,מעדן טונה ועוף צהוב להשאט 80 גר',,,מעדן לחתול להשאט צהוב טונה ועוף 80 גר,גרמים,80.00,100 גרם,false,48,6.90,8.6250,true,1,203880
8009470009546,false,סימבה שימורי חתולים בטעם כבש 500ג',אמ.או.אן.ג'י.אי.אמונ,,אוכל לחתולים סימבה כבש 415 גר,גרמים,415.00,100 גרם,false,1,4.90,1.1807,true,1,179050
8009470016063,false,"סימבה מזון לחתולים עוף 2 ק""ג",אמ.או.אן.ג'י.אי.אמונ,IT,"אוכל לחתולים סימבה עוף 2 ק""ג",קילוגרמים,2.00,"ק""ג",false,1,34.90,17.4500,true,1,179054
8015997000607,false,מאריני- בישקוטים פריכים 200 ג',Biscottificio Verona,,בישקוטים פריכים מאריני 200 גר,גרמים,200.00,100 גרם,false,1,6.90,3.4500,true,1,191751
8018075001237,false,יין מתובל מבעבע חצי,,IT,יין מתובל מבעבע חצי מתוק פרגולינו מוחיטו,מיליליטרים,330.00,"100 מ""ל",false,24,11.90,3.6061,true,1,209031
8018075001299,false,יין מתובל מבעבע פרגו,,IT,יין מתובל מבעבע פרגולינו קוקטייל שפריץ,מיליליטרים,330.00,"100 מ""ל",false,24,11.90,3.6061,true,1,209032
8022470213485,false,דרגיה פריסקו דובדבן,ITALIANA CONFETTI-PR,,דרגיה פריסקו דובדבן מריר 500גר,גרמים,500.00,100 גרם,false,1,34.90,6.9800,true,1,145028
8023492000695,false,סטיק שוקולד גנדויה ע,Dg3 dolciaria,IT,שוקולד די גי גנדויה עם אגוזים ופולי קפה,גרמים,150.00,100 גרם,false,1,14.90,9.9333,true,1,179042
8032793344087,false,רוטב לשקשוקה פומי 70,קונסורזיו קאסאלאסקו,IT,פומי רוטב שקשוקה 700 גר,גרמים,700.00,100 גרם,false,1,14.90,2.1286,true,1,198149
8032793344520,false,תרכיז עגבניות רסק עגבניות מרוכז מאוד,פומי Pomi,,רסק עגבניות מרוכז מאוד 200 גר,גרמים,200.00,100 גרם,false,1,7.90,3.9500,true,1,200062
8032880800243,false,פיקניק הפתעה 50 גרם-איגוד רבנים,"הוסטה איטליה, ס.ר.ל.",IT,"פיקניק הפתעה 50 ג""ר",גרמים,50.00,100 גרם,false,1,7.90,15.8000,true,1,113018
8033116407502,false,יין מתובל מבעבע חצי,,,יין מתובל מבעבע חצי מתוק פרגולינו ביאנקו,מיליליטרים,330.00,"100 מ""ל",false,24,11.90,3.6061,true,1,199552
8034141060106,false,וורמוט ביאנקו גראן ט,,,"וורמוט ""גראן טורינו""",מיליליטרים,1000.00,"100 מ""ל",false,1,34.90,3.4900,true,1,113028
8050705431106,false,עוגיות במילוי קרם בט,,,עוגיות במילוי קרם בטעם שוקולד 300 גר,גרמים,300.00,100 גרם,false,1,18.90,6.3000,true,1,206192
8050705431120,false,עוגיות במילוי קרם בט,,,עוגיות במילוי קרם בטעם תות שדה 300 גר,גרמים,300.00,100 גרם,false,1,18.90,6.3000,true,1,206194
8050705431144,false,עוגיות במילוי קרם בט,,,עוגיות במילוי קרם בטעם בננה 300 גר,גרמים,300.00,100 גרם,false,1,18.90,6.3000,true,1,206191
8050705431168,false,עוגיות במילוי קרם בט,,,עוגיות במילוי קרם בטעם דובדבן 300 גר,גרמים,300.00,100 גרם,false,1,18.90,6.3000,true,1,206193
8050705432219,false,עוגיות בטעם קפה עם ק,,,עוגיות בטעם קפה עם קרם חלב 300 גר,גרמים,300.00,100 גרם,false,1,18.90,6.3000,true,1,196448
8050705434473,false,מאפה קרואסון קורנטו,,,מאפה קרואסון קורנטו מילוי משמש 300 גר,גרמים,300.00,100 גרם,false,1,14.90,4.9667,true,1,206187
8050705434480,false,מאפה קרואסון קורנטו,,,מאפה קרואסון קורנטו מילוי דובדבן 300 גר,גרמים,300.00,100 גרם,false,1,14.90,4.9667,true,1,206188
8050705435906,false,עוגה עם קרם פטיסייר,,,עוגה עם קרם פטיסייר 300 גר,גרמים,300.00,100 גרם,false,1,22.90,7.6333,true,1,209512
8050705435913,false,עוגה עם קרם שוקולד 3,,,עוגה עם קרם שוקולד 300 גר,גרמים,300.00,100 גרם,false,1,22.90,7.6333,true,1,209511
8052021063467,false,גרלנדה במגוון צבעים,,,גרלנדה במגוון צבעים 2מ*11סמ,Unknown,0.00,Unknown,false,1,5.90,0.0000,true,1,206360
8052021063528,false,גרלנדה במגוון צבעים,,,גרלנדה במגוון צבעים 2מ*9סמ,Unknown,0.00,Unknown,false,1,5.90,0.0000,true,1,206365
8076800195019,false,ברילה - צ.א ספגטי מס1 קפליני 500 גרם,ברילה גי.אי.אר פרטלי,IT,פסטה ברילה 500,גרמים,500.00,100 גרם,false,1,6.90,1.3800,true,1,113055
8076800195033,false,ברילה - צ.א ספגטיני מס3 חדש 500 גרם,ברילה גי.אי.אר פרטלי,IT,ספגטיני ברילה 500 גר,גרמים,500.00,100 גרם,false,1,6.90,1.3800,true,1,113056
8076800195057,false,ברילה - צ.א ספגטי מס5 חדש 500 גרם,ברילה גי.אי.אר פרטלי,IT,ספגטי ברילה מס 5 500 גר,גרמים,500.00,100 גרם,false,1,6.90,1.3800,true,1,113057
8076800315097,false,ברילה - צ.א בוקטיני מס9 500 גרם,ברילה גי.אי.אר פרטלי,IT,"פסטה ""ברילה"" בוקטיני",גרמים,500.00,100 גרם,false,1,6.90,1.3800,true,1,113059
8076802085738,false,ברילה - צ.ק פנה רגטה חדש 500 גרם,ברילה גי.אי.אר פרטלי,IT,"פסטה ""ברילה"" פנה רגט",גרמים,500.00,100 גרם,false,1,6.90,1.3800,true,1,113061
8076802085837,false,ברילה - צ.ק טורטליוני מס83 500 גרם,הנסיך- מפעל לייצור ט,IT,פסטה ברילה צינור 500 גר,גרמים,500.00,100 גרם,false,15,6.90,1.3800,true,1,113062
8076802085981,false,ברילה - צ.ק פוזילי חדש 500 גרם,ברילה גי.אי.אר פרטלי,IT,פסטה ברילה פוזילי 500 גר,גרמים,500.00,100 גרם,false,1,6.90,1.3800,true,1,113066
8076808050440,false,ברילה פסטה מקרוני מס 44 500 גר,ברילה Barilla,IT,"פסטה ""ברילה"" מקרוני",גרמים,500.00,100 גרם,false,1,6.90,1.3800,true,1,113068
8076808060654,false,ברילה - צ.ק פרפלה חדש 500 גרם,ברילה גי.אי.אר פרטלי,IT,"פסטה ""ברילה"" פרפלה",גרמים,500.00,100 גרם,false,1,6.90,1.3800,true,1,113069
8076808150072,false,ברילה - צ.א ספגטוני מס7 חדש 500 גרם,ברילה גי.אי.אר פרטלי,IT,"ספגטי ""ברילה"" עבה מס",גרמים,500.00,100 גרם,false,1,6.90,1.3800,true,1,113071
8076809512268,false,ברילה - צ.ק גירנדולה חדש 500 גרם,ברילה גי.אי.אר פרטלי,IT,"פסטה ""ברילה"" גירנדול",גרמים,500.00,100 גרם,false,1,6.90,1.3800,true,1,113073
8076809513654,false,בסיס רוטב עגבניות לבולונז 400 ג' ברילה,ברילה גי.אי.אר פרטלי,IT,"רוטב ""ברילה"" בסיס עג",גרמים,400.00,100 גרם,false,1,12.90,3.2250,true,1,113076
8076809513692,false,רוטב פסטה ברילה נפוליטנה 400ג',ברילה גי.אי.אר פרטלי,IT,"רוטב ""ברילה"" נפוליטנ",גרמים,400.00,100 גרם,false,1,12.90,3.2250,true,1,113077
8076809513739,false,רוטב פסטה ברילה בזיליקום 400 ג',ברילה גי.אי.אר פרטלי,IT,"רוטב ""ברילה"" בזיליקו",גרמים,400.00,100 גרם,false,1,12.90,3.2250,true,1,113078
8076809523561,false,רוטב עגבניות עם עשבי תיבול 400 ג' ברילה,ברילה גי.אי.אר פרטלי,IT,"400 רוטב ""ברילה"" בטעם פי",גרמים,400.00,100 גרם,false,1,12.90,3.2250,true,1,113081
8076809523707,false,ברילה ספגטי קסטלונה,ברילה גי.אי.אר פרטלי,IT,פסטה ברילה קסטלנה 500 גר,גרמים,500.00,100 גרם,false,12,11.80,2.3600,true,1,113082
8076809523738,false,פסטה ברילה לזניה 500ג',ברילה גי.אי.אר פרטלי,IT,"לזניה ""ברילה""",גרמים,500.00,100 גרם,false,1,21.90,4.3800,true,1,113084
8076809547956,false,ברילה - צ.ק קיפרי 500 גרם,ברילה ג'.אי.אר פרטלי,IT,פסטה ברילה קיפרי 500 גר,גרמים,500.00,100 גרם,false,14,6.90,1.3800,true,1,197146
8076809578998,false,ברילה - צ.ק. סטלינה 500 גרם,ברילה Barilla,,פסטה ברילה סטלינה 500 גר,גרמים,500.00,100 גרם,false,1,6.90,1.3800,true,1,204040
8410028228706,false,ברנדי מרקיז דה מיסה,ויליאמס אנד המברט,,ברנדי מרקיז דה מיסה,מיליליטרים,700.00,"100 מ""ל",false,1,79.90,11.4143,true,1,113098
8410104035112,false,"פיניש - נוזל הברקה 400 מ""ל",רקיט בנקיזר,PL,פיניש נוזל הברקה רגי,מיליליטרים,400.00,"100 מ""ל",false,1,9.90,2.4750,true,1,113109
8410104039134,false,"פיניש מנקה ומחדש מדיח 250מ""ל",הדקלאים אגודת שיתופי,PL,פיניש מנקה ומחדש מדי,מיליליטרים,250.00,"100 מ""ל",false,1,14.90,5.9600,true,1,113110
8410104045111,false,"פיניש מלח למדיח כלים 2ק""ג",פ.פ.ח. שאביט,IL,"מלח למדיח פיניש 2 ק""",קילוגרמים,2.00,"ק""ג",false,1,14.90,7.4500,true,1,139380
8410134002580,false,זיתים ירוקים עם טונה,אנגל קמצ'ו אלימנטסיו,,זיתים ירוקים עם טונה 300 גר,גרמים,300.00,100 גרם,false,1,8.90,2.9667,true,1,147633
8410134016839,false,זיתים ירוקים עם סלמו,אנגל קמצ'ו אלימנטסיו,,זיתים ירוקים עם סלמון 300 גר,גרמים,300.00,100 גרם,false,1,8.90,2.9667,true,1,147634
8410134095650,false,זיתים שחורים ללא גרי,אנגל קמצ'ו אלימנטסיו,,זיתים שחורים ללא גריעינים 350 גר,גרמים,350.00,100 גרם,false,1,8.90,2.5429,true,1,147632
8410134119509,false,זיתים שחורים 350 גר,אנגל קמצ'ו אלימנטסיו,,זיתים שחורים 350 גר,גרמים,350.00,100 גרם,false,1,8.90,2.5429,true,1,151054
8410161511253,false,ברנדי דה חרז רומטה 7,רומטה,,"ברנדי דה חרז רומטה 700 מ""ל",מיליליטרים,700.00,"100 מ""ל",false,1,74.90,10.7000,true,1,167772
8410179002651,false,זיתים שחורים מגולעני,,,"זיתים שחורים בלי חרצנים 350 מ""ל",גרמים,314.00,100 גרם,false,1,9.90,3.1529,true,1,181565
8410179002767,false,זיתים ירוקים עם אנשו,,,זיתים ירוקים עם אנשובי 300 גר,מיליליטרים,300.00,"100 מ""ל",false,12,9.90,3.3000,true,1,113124
8410179002798,false,זיתים ירוקים ממולאים,,,זיתים ירוקים עם לימון 314 מל,גרמים,314.00,100 גרם,false,1,9.90,3.1529,true,1,122447
8410179002804,false,זיתים ירוקים ממולאים,,,זיתים ירוקים עם גבינה 300 גר,גרמים,314.00,100 גרם,false,1,9.90,3.1529,true,1,113126
8410179002828,false,זיתים ירוקים עם סלמו,,,זיתים ירוקים עם סלמון 300 גר,גרמים,300.00,100 גרם,false,12,9.90,3.3000,true,1,113127
8410179002873,false,זיתים ירוקים ממולאים,,,זיתים ירוקים ממולאים בשרימפס 300 גר,מיליליטרים,300.00,"100 מ""ל",false,12,9.90,3.3000,true,1,113129
8410179002880,false,זיתים ירוקים ממולאים,,,זיתים ירוקים ממולאים בלובסטר 300 גר,מיליליטרים,300.00,"100 מ""ל",false,12,9.90,3.3000,true,1,113130
8410300102939,false,קוביות למרק גלינה בל,,,"קוביות למרק ""גלינה בלנקה"" בטעם בקר 8 יח",Unknown,0.00,Unknown,false,1,12.90,0.0000,true,1,121498
8410300104612,false,קוביות למרק גלינה בל,,,"קוביות למרק ""גלינה בלנקה"" בטעם פטריות 8",Unknown,0.00,Unknown,false,1,12.90,0.0000,true,1,121499
8410300233954,false,מרק גלינה בלנקה להכנ,,,"מרק ""גלינה בלנקה"" להכנה מהירה בטעם עוף",גרמים,15.00,100 גרם,false,1,3.90,26.0000,true,1,121451
8410300233978,false,מרק גלינה בלנקה להכנ,,,"מרק ""גלינה בלנקה"" להכנה מהירה בטעם שמפני",גרמים,15.00,100 גרם,false,1,3.90,26.0000,true,1,121453
8410300233992,false,מרק פירה אפונה גלינה,,,"מרק ""גלינה בלנקה"" פירה להכנה מהירה בטעם",גרמים,17.00,100 גרם,false,1,3.90,22.9412,true,1,121455
8410300238164,false,קוביות למרק גלינה בל,,,"קוביות למרק ""גלינה בלנקה"" בטעם עוף עם יר",Unknown,0.00,Unknown,false,1,12.90,0.0000,true,1,121500
8410300351382,false,קוביות מרק עוף ללא מ,יורופוד,,קוביות מרק עוף ללא מלח 8 גר,גרמים,8.00,100 גרם,false,1,12.90,161.2500,true,1,173011
8410342004796,false,שוקולד מריר 85% ללא סוכר טוראס 100ג',צ'יקולטס טוארס,ES,שוקולד מריר טוראס 85% ללא סוכר 100 גר,גרמים,100.00,100 גרם,false,12,14.90,14.9000,true,1,193875
8410342004987,false,"טוראס-שוקולד מריר 72% קפה ללת""ס 100ג",,,שוקולד מריר טוראס 72% ללא סוכר 100 גר,גרמים,100.00,100 גרם,false,12,14.90,14.9000,true,1,193874
8410376010701,false,גולון ביסקוויט מרי ללא סוכר 400 ג',תות תעשיות מזון (201,ES,גולון ביסקוויט מרי ל,גרמים,400.00,100 גרם,false,1,16.90,4.2250,true,1,113176
8410376014068,false,קרקר פיק דגים גולון,GULLON,,קרקר פיק דגים גולון 350 גר,גרמים,350.00,100 גרם,false,12,13.90,3.9714,true,1,195971
8410376033267,false,גולון ביסקוויט דגנים ללא סוכר 410 ג',,,ביסקוויט גולון דגנים ללא סוכר 410 גר,גרמים,410.00,100 גרם,false,15,16.90,4.1220,true,1,188996
8410376042481,false,ביסקוויט קרם יוגורט 220ג',גלטס גולון,,ביסקוויט גולון קרם יוגורט ללא סוכר,גרמים,220.00,100 גרם,false,1,14.90,6.7727,true,1,168394
8410376044393,false,גולון עוגיות ללא תוספת סוכר 125 ג',,,עוגיות שוקולד גולון ללא סוכר 210 גר,גרמים,210.00,100 גרם,false,10,18.90,9.0000,true,1,188994
8410376047509,false,טוסטדה ללא תוספת סוכ,גלטס גולון,,ביסקוויט גולון ללא סוכר 400 גר,גרמים,400.00,100 גרם,false,1,16.90,4.2250,true,1,184204
8410376059380,false,גולון- וופל וניל ללא תוספת סוכר 180 ג',,,גולון וופל וניל ללא תוספת סוכר 180 גר,גרמים,180.00,100 גרם,false,12,16.90,9.3889,true,1,201418
8411514802608,false,חול חתולים סניקט אלוורה 4 לי',טולסה,,חול לחתולים סניקאט 4 ל,ליטרים,4.00,ליטר,false,1,21.90,5.4750,true,1,187491
8413376022965,false,גבינת עיזים רכה 29%שומן 110גרם,,,גבינת עיזים פאסטור 29% 110 גר,גרמים,110.00,100 גרם,false,1,14.90,13.5455,true,1,181502
8413664511447,false,פאפאס ארגנטה ברוסקטה שום ופטרוזיליה 150 ג',,,פאפאס ארגנטה ברוסקטה שום ופטרוזיליה,גרמים,150.00,100 גרם,false,12,10.90,7.2667,true,1,113220
8413664511706,false,פאפאס ארגנטה ברוסקטה עגבניות 150 ג',,,פאפאס ארגנטה ברוסקטה עגבניות ואורגנו,גרמים,150.00,100 גרם,false,12,10.90,7.2667,true,1,113223
8420822130600,false,"ספריי סופר מסיר שומנים 750מ""ל יעקבי",יעקבי,,מסיר שומנים סופר 750 מל,מיליליטרים,750.00,"100 מ""ל",false,1,15.90,2.1200,true,1,208064
8423207207362,false,סלים דליס חטיף דגנים שוקולד לבן 120 ג',ביסנצ'ורי אס.אל.יו,ES,חטיף מרבה סלים דליס,גרמים,120.00,100 גרם,false,1,11.90,9.9167,true,1,149937
8423207208260,false,מרבה סלים דליס שוקולד חלב ללא גלוטן חדש,ביסנצ'ורי אס.אל.יו,ES,חטיף מרבה סלים דליס חלב ללא גלוטן,גרמים,78.00,100 גרם,false,1,11.90,15.2564,true,1,167157
8423207208680,false,מרבה סלים דליס לילדים עם שוקולד חלב,ביסנצ'ורי אס.אל.יו,ES,חטיף מרבה סלים דליס לילדים עם שוקולד חלב,גרמים,120.00,100 גרם,false,1,11.90,9.9167,true,1,170761
8423207208697,false,מרבה סלים דליס לילדים עם שוקולד לבן חדש,ביסנצ'ורי אס.אל.יו,ES,חטיף מרבה סלים דליס חלב לילדים,גרמים,120.00,100 גרם,false,1,11.90,9.9167,true,1,169584
8423207209885,false,סלים דליס מהדורה מיוחדת שוקולד חלב 120 ג',סלים דליס Slim Delis,,חטיף סלים דליס מהדורה מיוחדת שוקולד חלב,גרמים,120.00,100 גרם,false,1,11.90,9.9167,true,1,182478
8423207210928,false,חטיף דגנים מצופה שוקולד חלב ואגוזי לוז - 5 במארז,ביסנצ'ורי אס.אל.יו,ES,חטיף סלים דליס טופינג אגוזי לוז 90 גר,גרמים,90.00,100 גרם,false,16,11.90,13.2222,true,1,199279
8423371007089,false,משפחתי בוטנים מלוחים,Unknown,ES,בוטנים מלוחים בדבש 150 גר,גרמים,150.00,100 גרם,false,1,9.90,6.6000,true,1,199447
8423453905692,false,בירה ווילדר לאגר פחי,ווילדר,ES,"בירה ווילדר לאגר פחית 500 מ""ל",מיליליטרים,500.00,"100 מ""ל",false,24,6.90,1.3800,true,1,190346
8425206000081,false,ריבת חלב מרדל 450 גר,כלורוקס אוקלנד,ES,ריבת חלב מרדל 450 גר,גרמים,450.00,100 גרם,false,1,19.90,4.4222,true,1,198143
8425206000142,false,מרדל ריבת חלב בבקבוק לחיץ 370 ג',,,ריבת חלב בקבוק לחיץ 370 גר,גרמים,370.00,100 גרם,false,1,19.90,5.3784,true,1,198144
8436024290073,false,זיתים עם שרימפס 300,,,זיתים עם שרימפס 300 גר,גרמים,300.00,100 גרם,false,1,10.90,3.6333,true,1,203323
8436024290097,false,זיתים עם סלמון 300 ג,,,זיתים עם סלמון 300 גרם,גרמים,300.00,100 גרם,false,12,10.90,3.6333,true,1,207201
8436575292205,false,ארטיק חמשושים מאגדת 15*12 גר',שוורצקוף& הנקל דיסלד,IL,מאגדת חמשושים נסטלה,גרמים,180.00,100 גרם,false,6,21.90,12.1667,true,1,190801
8593868000050,false,בירה סטארופרמן פרמיו,,,בירה סטרופראמן לאגר,מיליליטרים,500.00,"100 מ""ל",false,1,8.90,1.7800,true,1,113313
8594071650056,false,עוגת דבש חגיגית 850,,,עוגת דבש חגיגית 850 גר,גרמים,850.00,100 גרם,false,1,79.90,9.4000,true,1,205307
8594071650292,false,עוגיות דבש מרלנקה 23,Marlenka,,עוגיות דבש מרלנקה 235 גר,גרמים,235.00,100 גרם,false,1,34.90,14.8511,true,1,147372
8594071650711,false,עוגת נפוליאון מרלנקה,Marlenka,,עוגת נפוליאון מרלנקה 300 גר,גרמים,300.00,100 גרם,false,1,34.90,11.6333,true,1,166028
8594071650841,false,פחזניות מרלנקה 250 ג,,,פחזניות מרלנקה 250 גר,גרמים,250.00,100 גרם,false,1,34.90,13.9600,true,1,170207
8594071650858,false,רולדה מרלנקה עם אוכמ,,,רולדה מרלנקה עם אוכמניות 300 גר,גרמים,300.00,100 גרם,false,1,36.90,12.3000,true,1,170208
8594071650865,false,רולדה מרלנקה עם פטל,,,רולדה מרלנקה עם פטל 300 גר,גרמים,300.00,100 גרם,false,1,36.90,12.3000,true,1,170209
8594071650896,false,עוגיות דבש מרלנקה לל,,,עוגיות דבש מרלנקה ללא גלוטן 235 גר,גרמים,235.00,100 גרם,false,1,36.90,15.7021,true,1,179455
8594071651381,false,עוגת נפוליאון קקאו מ,Marlenka,,עוגת נפוליאון קקאו מרלנקה,גרמים,300.00,100 גרם,false,1,34.90,11.6333,true,1,193338
8594404001418,false,בירה קוזל כהה בקבוק,פילזנסקי,CZ,בירה קוזל כהה בק 500 מל,מיליליטרים,500.00,"100 מ""ל",false,1,8.50,1.7000,true,1,113334
8606018615827,false,גלידת וניל עם שברי עוגיות אוראו 480 ג',נסטלה,IL,גלידה פיינט אוראו 480 מל,מיליליטרים,480.00,"100 מ""ל",false,1,17.90,3.7292,true,1,208732
8606018615841,false,גלידת וניל עם ליבת שוקולד חלב 480 ג' מילקה,נסטלה,IL,גלידה פיינט מילקה וניל שוקולד 480 מל,מיליליטרים,480.00,"100 מ""ל",false,1,17.90,3.7292,true,1,208733
8606018615865,false,גלידת קרמל ליבת שוקולד 480 ג' מילקה,נסטלה,IL,גלידה פיינט מילקה קרמל שוקולד 480 מל,מיליליטרים,480.00,"100 מ""ל",false,1,17.90,3.7292,true,1,208734
8606109023609,false,מיץ פרוויטה תפוע ודו,,IL,"מיץ פרוויטה תפו""ע ודובדבן חמוץ 750 מל",מיליליטרים,750.00,"100 מ""ל",false,1,10.90,1.4533,true,1,199029
8606109023623,false,מיץ פרוויטה תפוע ולי,,IL,"מיץ פרוויטה תפו""ע ולימון ליים 750 מל",מיליליטרים,750.00,"100 מ""ל",false,1,10.90,1.4533,true,1,199031
8680202110848,false,שמרים לאפיה יבשים נמסים אינסטנט,DOSU MAYA,,"שמרים נמסים 455 גר""",גרמים,455.00,100 גרם,false,1,13.90,3.0549,true,1,143064
8683130008355,false,מיונז הלמנס שום לחיץ 400*8 גר',יוניליוור ישראל שיוו,TR,מיונז הלמנס שום לחיץ 400 גר,גרמים,400.00,100 גרם,false,8,12.90,3.2250,true,1,205975
8683130008935,false,ממרח קטשיונז הלמנס ל,יוניליוור ישראל שיוו,TR,קטשיונז הלמנס 425 גר,גרמים,425.00,100 גרם,false,8,12.90,3.0353,true,1,208562
8683323063024,false,ממתק בטעם תותי פרוטי בצורת שטיח,מוטקה החולב,TR,ממתק שטיחים יוגטה תות פרוטי 220 גר,גרמים,220.00,100 גרם,false,1,7.90,3.5909,true,1,175700
8690504153740,false,שוקולד מריר במילוי קרם בטעם שוקולד מריר,ביסקוט ביסקווי סילבר,TR,שוקולד מריר גודיבה עם גאנש מריר 86 גר,גרמים,86.00,100 גרם,false,1,14.90,17.3256,true,1,185640
8690637073434,false,תה ליפטון ארל גריי 100 שקיקים,ליפטון Lipton,,"תה ""ליפטון"" ארל גריי",גרמים,200.00,100 גרם,false,1,21.90,10.9500,true,1,113418
8690637503856,false,ממרח הלמנס כ- 40% פחות שומן לעומת מיונז,הלמנס hellmann's,TR,ממרח הלמנס בק לחיץ 355 גר,גרמים,355.00,100 גרם,false,8,12.90,3.6338,true,1,201721
8690637555084,false,"בדין - מרכך כביסה אקסטרה לבן 960 מ""ל",יוניליוור סנאיי וי ט,TR,"מרכך כביסה ""בדין"" אקסטרה תפוז 960מל",מיליליטרים,960.00,"100 מ""ל",false,1,14.90,1.5521,true,1,113442
8690637842399,false,מאגדת מגנום מיני דאבל פרי יער שוקולד 6 יח' נסטלה,יוניליוור סנאי וי סי,TR,שלגון שמנת בטעם וניל מצופה עם פירות יער,גרמים,379.00,100 גרם,false,1,27.90,7.3615,true,1,183819
8690637866654,false,תה ירוק קלאסי ליפטון 50 שקיקים 75ג',,,תה ירוק ויסוצקי קלאסי 50 יח,Unknown,0.00,Unknown,false,1,24.90,0.0000,true,1,189512
8690637871245,false,הלמנס מיונז אמיתי 395 גר' בקבוק לחיץ.,יוניליוור,TR,מיונז הלמנס אמיתי לחיץ 395 גר,גרמים,395.00,100 גרם,false,8,12.90,3.2658,true,1,191705
8690637890666,false,מאגדת מגנום מיני דאבל פיסטוק 6 יח' שטראוס,יוניליוור סנאיי וי ט,TR,מאגדת מגנום דאבל פיסטוק 282 גר,גרמים,282.00,100 גרם,false,4,27.90,9.8936,true,1,191443
8690637971310,false,"מרכך כביסה אקסטרה בניחוח יערת הדבש 960 מ""ל בדין",יוניליוור סנאיי וי ט,TR,מרכך כביסה בדין אקסטרה יערת דבש 960 מל,מיליליטרים,960.00,"100 מ""ל",false,16,14.90,1.5521,true,1,199856
8690637989612,false,מאגדת מגנום מיני דאבל דולצ'ה גולד 246 ג',יונילוור סנאיי וי טי,TR,מאגדת מיני מגנום דאבל דולצה גולד 246 גר,גרמים,246.00,100 גרם,false,4,27.90,11.3415,true,1,203176
8690766156381,false,שוקולד גודייבה מריר מעולה 90% קקאו 90 גר,"אולקר מקבוצת פלאדיס,",TR,שוקולד גודיבה מריר מעולה 90% 90 גר,גרמים,90.00,100 גרם,false,1,14.90,16.5556,true,1,195863
8690770322598,false,"שמרים יבשים 125 גר` בד""צ",בראבו Bravo,,שמרים יבשים 125 גרם,גרמים,125.00,100 גרם,false,1,5.90,4.7200,true,1,113451
8690777203012,false,פלפל ירוק כבוש לא חריף סארה 600ג',יוליניבר,TR,פלפל ירוק כבוש ללא ח,גרמים,600.00,100 גרם,false,1,11.90,1.9833,true,1,113454
8690777204071,false,פלפלים כבושים - חריפים,יוליניבר,TR,"פלפל חריף 640 גר""",גרמים,640.00,100 גרם,false,1,11.90,1.8594,true,1,113455
8690777206051,false,חצילים קלויים על האש סארה 650 גר',קוראהן פזלרמה וי דיס,TR,חציל קלוי על האש 650,גרמים,650.00,100 גרם,false,1,11.90,1.8308,true,1,113457
8690777221405,false,פלפל אדום קלוי על האש סארה 650גרם,קוראהן פזלרמה וי דיס,TR,פלפל אדום קלוי על הא,גרמים,650.00,100 גרם,false,1,11.90,1.8308,true,1,113459
8690799020192,false,ממתק צורקחלה 80 גר,בוזטופרק גידה סאנאי,,ממתק צורקחלה 80 גר,גרמים,80.00,100 גרם,false,1,6.90,8.6250,true,1,167964
8690799021595,false,ריבת תות 1 קג,בוזטופרק גידה סאנאי,,"ריבת תות 1 ק""ג",קילוגרמים,1.00,"ק""ג",false,1,22.90,22.9000,true,1,119295
8690799021618,false,ריבת דובדבן 1 קג,בוזטופרק גידה סאנאי,,"ריבת דובדבן 1 ק""ג",קילוגרמים,1.00,"ק""ג",false,1,22.90,22.9000,true,1,119292
8690799023025,false,ריבת משמש עם תפוזים,בוזטופרק גידה סאנאי,,ריבת משמש עם תפוזים 1 קג,קילוגרמים,1.00,"ק""ג",false,6,22.90,22.9000,true,1,200140
8693495052177,false,תחליב רחצה זיתים ואלוורה,קולגייט פלמוליב,TR,"סבון נוזלי פלמוליב זיתים 750 מ""ל",מיליליטרים,750.00,"100 מ""ל",false,1,18.90,2.5200,true,1,182474
8693495052214,false,"פלמוליב תחליב רחצה פטל שחור 750 מ""ל",,,"סבון נוזלי פלמוליב פטל שחור 750 מ""ל",מיליליטרים,750.00,"100 מ""ל",false,1,16.80,2.2400,true,1,182476
8693495054034,false,"סבון לומינוס אבוקדו 750 מ""ל פלמוליב",,TR,פלמוליב גל רחצה לומינוס אבוקדו 750 מל,מיליליטרים,750.00,"100 מ""ל",false,12,18.90,2.5200,true,1,207197
8693638984754,false,קונפיטורה דובדבנים 1,,,קונפיטורה דובדבנים 1 קג,קילוגרמים,1.00,"ק""ג",false,1,19.90,19.9000,true,1,203568
8697040109323,false,אסותא סבון מוצק להיגיינה,אטש סונמז,,סבון אסוטא 100 גר,גרמים,100.00,100 גרם,false,1,5.90,5.9000,true,1,167850
8697040109873,false,אסותא סבון נוזלי משא,,,אסותא סבון נוזלי 1 ל משאבה כחול,ליטרים,1.00,ליטר,false,12,9.90,9.9000,true,1,200818
8697040109880,false,אסותא סבון נוזלי משא,,,אסותא סבון נוזלי 1 ל משאבה כתום,ליטרים,1.00,ליטר,false,12,9.90,9.9000,true,1,200819
8697040109903,false,אסותא גל רחצה אלוורה,,,אסותא גל רחצה אלוורה 700 מל,מיליליטרים,700.00,"100 מ""ל",false,12,10.90,1.5571,true,1,200821
8697040109910,false,אסותא גל רחצה פירות,,,אסותא גל רחצה פירות יער 700 מל,מיליליטרים,700.00,"100 מ""ל",false,12,10.90,1.5571,true,1,200822
8697406273125,false,רוטב לפסטה בזיליקום,חטיפים מן הטבע,,רוטב לפסטה בזיליקום 340 גר,גרמים,340.00,100 גרם,false,1,8.90,2.6176,true,1,211236
8697431460064,false,קונפיטורה משמש 70% פרי פרופה 454 גר',פרוטנגו Fruitango,,קונפיטורת משמש 70%,גרמים,450.00,100 גרם,false,1,12.90,2.8667,true,1,116832
8697431460378,false,קונפיטורה70% שזיף 450 ג' FRUPPA,פרוטנגו Fruitango,,קונפיטורה שזיפים 70%,גרמים,450.00,100 גרם,false,1,12.90,2.8667,true,1,116837
8697431921718,false,קונפיטורה דובדבן חמוץ 70% פרי פרופה 454 גר',Barhan gida sanayi v,,קונפיטורה דובדבן70%,גרמים,450.00,100 גרם,false,1,12.90,2.8667,true,1,147999
8697530910743,false,סיגריות פאל מאל כחול קצר מטאליק,Unknown,,פאל מאל כחול,Unknown,0.00,Unknown,false,1,30.00,0.0000,false,1,116857
8697530910750,false,סיגריות פאל מאל כחול ארוך האוס,Unknown,,פאל מאל כחול ארוך,Unknown,0.00,Unknown,false,1,30.00,0.0000,false,1,116858
8697659225179,false,מטהר אוויר עלי נענע,ATAK,,"מטהר אוויר עלי נענע פירות יער 250 מ""ל",מיליליטרים,250.00,"100 מ""ל",false,1,12.90,5.1600,true,1,178809
8697659229832,false,"פרש אנד מור מילוי למטהר אוויר - ווניל ועץ פראי, 250 מ""ל",ATAK,,מטהר אוויר יעקובי פרש מור וניל ועץ פראי,מיליליטרים,250.00,"100 מ""ל",false,1,12.90,5.1600,true,1,187101
8697659243180,false,מטהר אוויר פרש מור ו,רלוי,,מטהר אוויר פרש מור ורדים 300 מל,מיליליטרים,300.00,"100 מ""ל",false,1,11.90,3.9667,true,1,205056
8698313521538,false,גלידת שמנת בין שכבות,,,גלידת שמנת בין שכבות ביסקוויט 99 גר,גרמים,99.00,100 גרם,false,1,9.90,10.0000,true,1,209383
8698313596635,false,גלידה שמנת מאראשם משפחתי 500ג',,,גלידה שמנת עם חתיכות פיסטוק 500 מל,מיליליטרים,500.00,"100 מ""ל",false,1,26.90,5.3800,true,1,198989
8698313596659,false,גלידה פיסטוק שמנת משפחתי 500ג' מאראשם,,,גלידה שמנת בטעם פיסטוק 500 מל,מיליליטרים,500.00,"100 מ""ל",false,1,26.90,5.3800,true,1,198988
8710418111213,false,עוגיות טעם חמאה ספרי,CONTINENTAL BAKERIES,,עוגיות טעם חמאה ספריטס 400 גר,גרמים,400.00,100 גרם,false,1,9.90,2.4750,true,1,116915
8710502100864,false,עוגיות דאבל שוקולד 200 ג' מרבה פטיסרי,מרבה,NL,עוגיות מרבה פטיסרי מאפין רכות 210 גר,גרמים,200.00,100 גרם,false,1,10.90,5.4500,true,1,210552
8710502470035,false,עוגיות מרבה פטיסרי ש,מרבה,NL,עוגיות מרבה פטיסרי שוקולד ציפס מצופה 180,גרמים,200.00,100 גרם,false,1,10.90,5.4500,true,1,210554
8711000362693,false,קפסולות קפה לור אספר,כלורוקס אוקלנד,FR,קפסולות קפה לור אספרסו פפואה 10 יח,Unknown,0.00,Unknown,false,7,19.90,0.0000,true,1,192584
8711000362747,false,קפסולות אספרסו ריסטרטו 10* 52 ג' LOR,גיקובס דאו אגברטס צר,FR,קפסולות קפה לור אספרסו ריסטרטו 10 יח,Unknown,0.00,Unknown,false,10,19.90,0.0000,true,1,187330
8711000371176,false,קפסולות קפה אספרסו קלאסיקו 10*52 ג' ג'ייקובס,קריניציה ויטמינה אס,FR,קפסולות קפה גייקובס אספרסו קלאסיקו 52 ג,גרמים,52.00,100 גרם,false,10,14.90,28.6538,true,1,189200
8711000371183,false,קפסולות קפה אספרסו אינטנסו 10*52 ג' ג'ייקובס,קריניציה ויטמינה אס,FR,קפסולות קפה גייקובס אספרסו אינטנסו 52 ג,גרמים,52.00,100 גרם,false,10,14.90,28.6538,true,1,189201
8711000371206,false,קפסולות קפה אספרסו ריסטרטו 10*52 ג' ג'ייקובס,קריניציה ויטמינה אס,FR,קפסולות קפה גייקובס אספרסו ריסטרטו 52 ג,גרמים,52.00,100 גרם,false,10,14.90,28.6538,true,1,189202
8711000371244,false,קפסולות קפה אספרסו לונגו 10*52 ג' ג'ייקובס,ג'ייקובס Jacobs,FR,קפסולות קפה לור אספרסו לונגו 10 יח,Unknown,0.00,Unknown,false,10,14.90,0.0000,true,1,195699
8711000471296,false,לור קפסולות קפה אספרסו 13 אול 52ג,קראפט,FR,קפסולות קפה לור אספרסו אולטימו 10 יח,Unknown,0.00,Unknown,false,10,19.90,0.0000,true,1,197643
8711000495933,false,קפסולות קפה קלייה כהה 52ג' ג'ייקובס,JDE,FR,קפסולות קפה גייקובס בריסטה קלייה כהה 52,גרמים,52.00,100 גרם,false,10,16.90,32.5000,true,1,211387
8711000497050,false,קפסולות קפה קולומביה 52 ג' ג'ייקובס,JDE,FR,קפסולות קפה גייקובס בריסטה קולומביה 52 ג,גרמים,52.00,100 גרם,false,10,16.90,32.5000,true,1,211386
8711327475762,false,מגנום פיינט שוקולד לבן עוגיות 440X8מל,"מפעל גלידות בווספרם,",HU,מגנום פיינט שוקולד ךבן עוגיות 440 מל,מיליליטרים,440.00,"100 מ""ל",false,1,21.90,4.9773,true,1,202074
8711406022207,false,בירה לה טראפ קואדריפ,,,בירה לה טראפ קואדריפל 330מל,מיליליטרים,330.00,"100 מ""ל",false,1,11.90,3.6061,true,1,151044
8711406032602,false,בירה לה טראפ בלונד 3,,,בירה לה טראפ בלונד 330מל,מיליליטרים,330.00,"100 מ""ל",false,1,11.90,3.6061,true,1,151042
8712092005802,true,גבינה מעושנת טבעי 20,,,גבינה מעושנת טבעי 200 גר,גרמים,200.00,100 גרם,false,1,24.90,12.4500,true,1,179849
8714599104316,false,ג'ייקובס קפה שחור קלוי וטחון טורקי 200ג',ג'ייקובס Jacobs,,קפה שחור גייקובס קלוי וטחון טורקי 200 גר,גרמים,200.00,100 גרם,false,1,16.90,8.4500,true,1,195156
8714599410578,false,ג'ייקובס גולד צנצנת 47.5 ג',קראפט,,קפה גייקובס גולד 47.5 גר,גרמים,48.00,100 גרם,false,1,7.90,16.4583,true,1,202247
8714599410806,false,קפה נמס קרוננג בשקית עם סגירה חוזרת,ג'ייקובס Jacobs,RU,קפה גייקובס קרוננג ריפיל 160 גר עם סרירה,גרמים,160.00,100 גרם,false,9,19.90,12.4375,true,1,189199
8714599412220,false,קפה גייקובס וולווט מ,קראפט,,קפה גייקובס וולווט מיובש בהקפאה 95 גר,גרמים,95.00,100 גרם,false,1,17.90,18.8421,true,1,203583
8714599513781,false,קפה נמס גולד מיובש בהקפאה 200 ג' ג'ייקובס,אל.אל. סי ג''יקובס ד,RU,"יעקובס גולד מיובש בהקפאה 200 גר כשל""פ",גרמים,200.00,100 גרם,false,1,24.90,12.4500,true,1,169483
8714599513828,false,ג'ייקובס קרוננג מיובש בהקפאה 47.5 ג' צנצנת,קראפט,,קפה גייקובס גולד צנצנת 47.5 גר,גרמים,48.00,100 גרם,false,1,7.90,16.4583,true,1,202186
8714599513835,false,קפה ג'יקובס נטול קופאין מיובש בהקפאה 200 ג',ג'ייקובס Jacobs,,קפה יעקובס נטול קופאין 200 גר,גרמים,200.00,100 גרם,false,1,32.90,16.4500,true,1,171979
8714599513866,false,"ג'ייקובס קרוננג מיובש בהקפאה כשל""פ 200 ג'",אל.אל.סי גייקובס דאו,UA,"יעקובס קרוננג מיובש בהקפאה 200 גר כשל""פ",גרמים,200.00,100 גרם,false,1,26.90,13.4500,true,1,169482
8715700110141,false,מיונז קרמי היינץ צנצנת 460ג',ה.י.היינץ הולדינג בי,NL,ממרח היינץ צנצנת 460 גר,גרמים,460.00,100 גרם,false,1,11.90,2.5870,true,1,181466
8715700110158,false,מיונז לייט היינץ צנצנת 490 גר',ה.י.היינץ הולדינג בי,NL,ממרח היינץ לייט צנצנת 490 גר,גרמים,490.00,100 גרם,false,1,11.90,2.4286,true,1,181467
8715700115641,false,ממרח מיונז לחיץ לייט במרקם קרמי 420 ג' היינץ,היינץ Heinz,,היינץ ממרח במרקם קרמי 420 גר,גרמים,420.00,100 גרם,false,1,14.90,3.5476,true,1,179019
8715700117805,false,"קטשופ היינץ מתבל עגבניות ללא תוספת סוכר ומלח 425 מ""ל",ה.י היינץ הולדינג בי,NL,"מתבל עגבניות היינץ ללא סוכר ומלח 425 מ""ל",מיליליטרים,425.00,"100 מ""ל",false,10,10.90,2.5647,true,1,196629
8715700419732,false,מתבל עגבניות היינץ 7,ה.י. היינץ,NL,קטשופ היינץ 700 גר,גרמים,700.00,100 גרם,false,1,11.90,1.7000,true,1,146295
8715700422473,false,ממרח מיונז ללא חומרים משמרים 395 ג' היינץ,היינץ Heinz,NL,ממרח היינץ לחיץ 395 גר,גרמים,395.00,100 גרם,false,1,14.90,3.7722,true,1,174844
8715700423906,false,קטשופ מתובל עגבניות 50% פחות סוכר 555ג' היינץ,היינץ צפון אמריקה מק,NL,מתבל עגבניות היינץ 50% פחות סוכר 555 גר,גרמים,550.00,100 גרם,false,1,10.90,1.9818,true,1,183473
8717163647240,false,"אקס דאודורנט ספריי גוף לגבר שוקולד 150 מ""ל",ארנסט. רחוב קומבינצק,TR,"דאודורנט אקס ספריי שוקולד150 מ""ל",מיליליטרים,150.00,"100 מ""ל",false,6,11.90,7.9333,true,1,192526
8717163647264,false,"אקס ספריי גוף אייס צ'יל 150 מ""ל",יוניליוור,GB,"דאו אקס אייס צילי ספריי לגבר 150 מ""ל",מיליליטרים,150.00,"100 מ""ל",false,6,14.90,9.9333,true,1,191722
8717163655825,false,"רקסונה דאו' ספריי לנשים בניחוח כותנה, 150 מ""ל",יוניליוור,,דאודורנט רקסונה ספריי כותנה 150 מל,מיליליטרים,150.00,"100 מ""ל",false,1,11.90,7.9333,true,1,197719
8717677336593,false,טוניס שוקולד חלב 180 גרם רבנות - נוכרי,טוניס Tony's,,שוקולד חלב טוניס 180 גר,גרמים,180.00,100 גרם,false,1,19.90,11.0556,true,1,209092
8717677336616,false,טוניס שוקולד מריר+שקדים ומלח 180 גרם רבנות - נוכרי,אלפרד ריטר,NL,שוקולד מריר שקדים ומלח טוניס 180 גר,גרמים,180.00,100 גרם,false,1,19.90,11.0556,true,1,209096
8717677336630,false,שוקולד חלב מעולה שקדים ודבש 180 גרם,אלפרד ריטר,NL,שוקולד חלב עם שקדים ודבש טוניס 180 גר,גרמים,180.00,100 גרם,false,1,19.90,11.0556,true,1,209094
8718951048669,false,אג'קס ספריי לניקוי חלונות בניחוח חגיגת הפרחים,אג'קס Ajax,,ספריי לניקוי חלונות אגקס פרחים 750 מל,מיליליטרים,750.00,"100 מ""ל",false,1,14.80,1.9733,true,1,208537
8718951076372,false,"קולגייט משחת שיניים תמציות צמחים לשיניים 100 מ""ל",קולגייט פלמוליב,PL,משחת שיניים קולגייט הרבל עם תמצית צמחים,מיליליטרים,100.00,"100 מ""ל",false,48,9.80,9.8000,true,1,189518
8718951166288,false,משחת שיניים Max White קריסטלים לבנים,הנסיך- מפעל לייצור ט,PL,"משחת שיניים קולגייט מקס וייט 125 מ""ל",מיליליטרים,125.00,"100 מ""ל",false,12,16.90,13.5200,true,1,188564
8718951166561,false,משחת שיניים לרעננות מוגברת max fresh cooling crystals,הנסיך- מפעל לייצור ט,PL,"משחת שיניים קולגייט מקס פרש כחול 125 מ""ל",מיליליטרים,125.00,"100 מ""ל",false,12,16.90,13.5200,true,1,188563
8718951236790,false,"קולגייט טוטאל משחת שיניים קלין מינט לפה בריא 100 מ""ל",קולגייט Colgate,PL,משחת שיניים קולגייט קלין מינט לפה בריא י,מיליליטרים,100.00,"100 מ""ל",false,48,15.90,15.9000,true,1,189557
8718951236806,false,"קולגייט טוטאל הלבנה להסרת כתמים מהשן 100 מ""ל",קולגייט Colgate,PL,משחת שיניים סמסייעת בהסרת כתמים משטח שן,מיליליטרים,100.00,"100 מ""ל",false,48,15.90,15.9000,true,1,189556
8718951240742,false,"קולגייט טוטאל משחת שיניים פסים מרעננים 100 מ""ל",קולגייט Colgate,PL,משחת שיניים קולגייט פסים מרעננים לפה ברי,מיליליטרים,100.00,"100 מ""ל",false,48,15.90,15.9000,true,1,189558
8718951301139,false,תחליב רחצה פלמוליב ו,פלמוליב,TR,תחליב רחצה פלמוליב ויטמין ורימון 750 מל,מיליליטרים,750.00,"100 מ""ל",false,12,18.90,2.5200,true,1,197709
8718951315303,false,משחת שיניים קולגייט הגנה מקסימלית - מארז זוג,קולגייט-פלמוליב,PL,משחת שיניים קולגייט זוג,Unknown,0.00,Unknown,false,1,19.90,0.0000,true,1,198170
8718951338364,false,"אגקס תגריד פיור הום תפוח 500 מ""ל",,GR,אגקס טריגר פיור הום תפוח 500 מל,מיליליטרים,500.00,"100 מ""ל",false,12,15.90,3.1800,true,1,200152
8718951382718,false,"פלמוליב ג'ל רחצה חימר התחדשות 750 מ""ל",קולגייט פלמוליב,TR,גל רחצה פלמוליב חימר התחדשות 750 מל,מיליליטרים,750.00,"100 מ""ל",false,12,18.90,2.5200,true,1,199286
8718951428522,false,"פלמוליב סבון רחצה לגבר 4 ב-1 המפ 750 מ""ל",CP - Turkey+60,TR,סבון רחצה פלמוליב לגבר 4 ב 1 750 מל,מיליליטרים,750.00,"100 מ""ל",false,12,18.90,2.5200,true,1,206294
8718951431614,false,"סבון רחצה סו פירם מינרלים 750 מ""ל פלמוליב",קולגייט פלמוליב,TR,סבון רחצה פלמוליב סו פירם מינרלים 750 מל,מיליליטרים,750.00,"100 מ""ל",false,12,18.90,2.5200,true,1,205725
8718951433120,false,"קולגייט טוטאל ג'וניור 7-12 50 מ""ל",קולגייט פלמוליב,PL,קולגייט טוטאל גוניור 50 מל,מיליליטרים,50.00,"100 מ""ל",false,1,14.90,29.8000,true,1,212037
8718951477384,false,"קולגייט משחת שיניים טוטאל ג'ל מתקדם פיור 75 מ""ל",קולגייט פלמוליב,PL,משחת שיניים קולגייט טוטל גל 75 מל,מיליליטרים,75.00,"100 מ""ל",false,48,19.90,26.5333,true,1,208536
8718951498754,false,שישיית מברשות שיניים סופר פלקסי קולגייט,קולגייט פלמוליב,VN,מברשת שיניים קולגייט שישייה,Unknown,0.00,Unknown,false,1,19.90,0.0000,true,1,210548
8718951509627,false,"משחת שיניים אופטיק וויט לאוהבי קפה 75 מ""ל קולגייט",קולגייט פלמוליב,PL,מ שיניים קולגייט אופטיק וייט לאוהבי קפה,מיליליטרים,75.00,"100 מ""ל",false,48,27.90,37.2000,true,1,209899
8719200998001,false,מרגרינה לאפיה ובישול בלי מלח 200 ג' בלו בנד,מיוצר עי קונדיטוריית,IL,בלובנד בלי מלח 200 גרם,גרמים,200.00,100 גרם,false,60,4.50,2.2500,true,1,195508
8719200998018,false,מחמאה מרגרינה בטעם חמאה 200 ג' בלו בנד,פארייפאבה אגרואינדוס,IL,מחמאה בלובנד 200 גרם,גרמים,200.00,100 גרם,false,60,4.80,2.4000,true,1,195518
8719200998032,false,מזולה גלורי טעם חמאה 250ג',פארייפאבה אגרואינדוס,IL,מזולה גלורי טעם חמאה 250 גרם,גרמים,250.00,100 גרם,false,48,10.50,4.2000,true,1,195515
8719200998049,false,מרגרינה מזולה בטעם טבעי,פארייפאבה אגרואינדוס,IL,מזולה גלורי רגיל 250 גרם,גרמים,250.00,100 גרם,false,48,9.70,3.8800,true,1,195512
8719200998094,false,מרגרינה מזולה בטעם טבעי ללא תוספת מלח,"מיוצר ע""י יוניליוור",IL,מזולה לאפיה ללא מלח 200 גרם,גרמים,200.00,100 גרם,false,60,6.50,3.2500,true,1,195517
8720100012445,false,בקרסלנד וופל טוסט בל,דה בנקט גרופ,,בקרסלנד וופל טוסט בל,גרמים,250.00,100 גרם,false,1,12.90,5.1600,true,1,117078
8801043029353,false,נודלס אודון טמפורה ב,,,נודלס אודון טמפורה בכוס 75 גר,גרמים,75.00,100 גרם,false,1,14.90,19.8667,true,1,211877
8801043031011,false,נודלס שין חריף בכוס,,,נודלס שין חריף בכוס 68 גר,גרמים,68.00,100 גרם,false,1,12.90,18.9706,true,1,211872
8801043055628,false,נודלס קימצי בקערה כח,,,נודלס קימצי בקערה כחול 100 גר,גרמים,100.00,100 גרם,false,1,16.90,16.9000,true,1,211880
8801055707966,false,קפה טייסטר צו'יס נס קפה בריסטה 180ג',נסטלה קוריאה - קפה,IL,"קפה טסטר צ""ויס בריסטה 180 גר",גרמים,180.00,100 גרם,false,1,29.90,16.6111,true,1,171538
8850291105548,false,חטיף אצות ים עם שקדי,,,חטיף אצות ים עם שקדים פרוסים פיקנטי 40 ג,גרמים,40.00,100 גרם,false,1,12.90,32.2500,true,1,203312
8850291105555,false,חטיף אצות ים עם גרעי,,,חטיף אצות ים עם גרעיני דלעת ושומשום 40 ג,גרמים,40.00,100 גרם,false,1,12.90,32.2500,true,1,203311
8850389105832,false,משקה אלוורה בטעם תפוחים,סאפה פובליק קומפני ל,TH,משקה סאפה בטעם תפוחים 1ל,ליטרים,1.00,ליטר,false,1,13.90,13.9000,true,1,149578
8850389105849,false,משקה אלוורה בטעם אפרסק,סאפה פובליק קומפני ל,TH,משקה סאפה בטעם אפרסק 1ל,ליטרים,1.00,ליטר,false,1,13.90,13.9000,true,1,149579
8850389115336,false,סאפה מלון בקבוק תריסר 1ל',סאפה פובליק קומפני ל,TH,נקטר סאפה בטעם מלון 1 ל,ליטרים,1.00,ליטר,false,1,13.90,13.9000,true,1,183497
8850632604259,false,חיספוסים ממתק בטעם תות שדה בצורת מקלות,ג'נרל קנדי בעמ,TH,יוגטה חמצוצים 50 גרם,גרמים,50.00,100 גרם,false,1,3.90,7.8000,true,1,117213
8850632604266,false,יוגטה מקלות חמוצות בטעם קולה 50 גרם 24 יח',ג'נרל קנדי בעמ,TH,יוגטה חמצוצים 50 גרם,גרמים,50.00,100 גרם,false,1,3.90,7.8000,true,1,117214
8850632604372,false,יוגטה מקלות חמוצות שטיח - תות שדה 50 גרם,ג'נרל קנדי בעמ,TH,יוגטה חמצוצים 50 גרם,גרמים,50.00,100 גרם,false,1,3.90,7.8000,true,1,117215
8850632604402,false,יוגטה מקלות חמוצות שטיח בטעם מעורב24 יח',"ג'נרל קנדי בע""מ",TH,יוגטה חמצוצים 50 גרם,גרמים,50.00,100 גרם,false,1,3.90,7.8000,true,1,117216
8851613101378,false,משקה קוקוס ארוי-די,כלורוקס אוקלנד,TH,חלב קוקוס 250 מל,מיליליטרים,250.00,"100 מ""ל",false,1,9.90,3.9600,true,1,198129
8853484008817,false,אנשובי מיובשים 130 ג,טורקה,,"אנשובי 130 גר""",גרמים,130.00,100 גרם,false,1,14.90,11.4615,true,1,117237
8854661003786,false,שרימפס מבושל עם ראש 500 ג',,,שרימפס מבושל עם ראש,גרמים,500.00,100 גרם,false,1,29.90,5.9800,true,1,117252
8855072002603,false,דג צנינית צהובת פס צ,טורקה,,דג צנינית צהובת פס צ,גרמים,100.00,100 גרם,false,1,16.90,16.9000,true,1,117264
8855301214395,false,שימורי סרדינים טבעי,גולדן פריזה קנינג,,שימורי סרדינים טבעי בתוספת שמן 240 גר,גרמים,240.00,100 גרם,false,1,8.90,3.7083,true,1,200144
8855301214418,false,סרדינים בשמן צמחי 24,גולדן פריזה קנינג,,שימורי סרדינים בשמן צמחי 240 גר,גרמים,240.00,100 גרם,false,1,8.90,3.7083,true,1,200145
8855301214425,false,שימורי דג מקרל ברוטב,גולדן פריזה קנינג,,שימורי דג מקרל ברוטב עגבניות 240 גר,גרמים,240.00,100 גרם,false,24,8.90,3.7083,true,1,200143
8855301214449,false,שימורי דג מקרל שמן צ,גולדן פריזה קנינג,,שימורי דג מקרל שמן צמחי 240 גר,גרמים,240.00,100 גרם,false,24,8.90,3.7083,true,1,200142
8855301214463,false,שימורי דג מקרל במי מ,גולדן פריזה קנינג,,שימורי דג מקרל במי מלח 240 גר,גרמים,240.00,100 גרם,false,24,8.90,3.7083,true,1,200141
8857101301008,false,רוטב צילי מתוק 700 מ,פאן אינטר,TH,רוטב צילי מתוק 700 ג,מיליליטרים,700.00,"100 מ""ל",false,1,9.90,1.4143,true,1,117268
8859103401342,false,דג חקליל ארנה 100 גר,,,דג חקליל ארנה 100 גר,גרמים,100.00,100 גרם,false,1,16.90,16.9000,true,1,184013
8859103401984,false,דג צלופח מטוגן מלוח,,,דג צלופח מטוגן מלוח מיובש 80 גר,גרמים,80.00,100 גרם,false,1,13.90,17.3750,true,1,189242
8888021200256,false,סוללות אנרגייזר שמינ,יצרן: אנרג'ייזר סינג,SG,סוללות אנרגייזר שמינייה AA,Unknown,0.00,Unknown,false,1,24.90,0.0000,true,1,117300
8888021200720,false,סוללת אנרגייזר שמיני,יצרן: אנרג'ייזר סינג,SG,סוללת אנרגייזר שמינייה AAA,Unknown,0.00,Unknown,false,1,24.90,0.0000,true,1,117301
8888111030053,false,"מיץ אננס SW טבעי מארז 240X4מ""ל פרימיום",S&W,PH,"מיץ אננס SW רביעייה 240 מ""ל",מיליליטרים,960.00,"100 מ""ל",false,1,14.90,1.5521,true,1,192563
8901537024014,false,"אורז בסמטי מובחר 1 ק""ג - דוואט) יורה דיעה",הנסיך- מפעל לייצור ט,IN,"אורז בסמטי ""דאווט"" 1",קילוגרמים,1.00,"ק""ג",false,1,12.90,12.9000,true,1,118403
8906118240388,false,קורנישונים כבושים 68,אנגל קמצ'ו אלימנטסיו,,קורנישונים כבושים 680 גר,גרמים,680.00,100 גרם,false,1,11.90,1.7500,true,1,210519
8908000959361,false,קורנישונים כבושים בח,,,קורנישונים כבושים בחומץ 680 גר,גרמים,680.00,100 גרם,false,1,11.90,1.7500,true,1,170111
8908000959613,false,מלפפונים כבושים 680,קאן אגריטך פרייבט למ,,מלפפונים כבושים 680 גר,גרמים,680.00,100 גרם,false,1,14.90,2.1912,true,1,173087
8936018435256,false,דג ירח מלוח מיובש תכ,,,דג ירח מלוח מיובש תכלת 100 גר,גרמים,100.00,100 גרם,false,30,13.90,13.9000,true,1,197457
9001395807015,false,סוכ בננית 300 גר,האוסוירט,,סוכ בננית 300 גר,גרמים,300.00,100 גרם,false,1,10.90,3.6333,true,1,136708
9001414041369,false,מלח ים 92 גר,,,מלח ים 92 גר,גרמים,92.00,100 גרם,false,4,15.90,17.2826,true,1,194424
9001414041758,false,פלפל ומלח ים קוטניה,,,פלפל ומלח ים קוטניה 65 גר,גרמים,65.00,100 גרם,false,1,15.90,24.4615,true,1,171941
9001414441633,false,מלח הימולאי קוטניה 8,,,מלח הימולאי קוטניה 88 גר,גרמים,88.00,100 גרם,false,1,15.90,18.0682,true,1,180755
9002859037023,false,לקקנים גונץ 150 גר,GUNZ WARENHANDELS,,"לקקנים ""גונץ"" 150גר",גרמים,150.00,100 גרם,false,1,10.90,7.2667,true,1,119182
9002859038396,false,גונץ קרקרים עם מלח 250 ג',GUNZ WARENHANDELS,,"קרקרים עם מלח ""גונץ""",גרמים,250.00,100 גרם,false,1,9.90,3.9600,true,1,109953
9002859038419,false,קרקר עם שומן זית ורוזמרין גונץ 250 ג',GUNZ WARENHANDELS,,קרקרים עם שמן זית ור,גרמים,250.00,100 גרם,false,1,10.90,4.3600,true,1,109954
9002859047121,false,משקה מוגז בטעם תפוחי,GUNZ WARENHANDELS,,"משקה מוגז בטעם תפוחים לילדים 750 מ""ל",מיליליטרים,750.00,"100 מ""ל",false,1,23.90,3.1867,true,1,120657
9002859050206,false,גונץ טורטילה ציפס בט,,,גונץ טורטילה ציפס בטעם גבינה 200 גר,גרמים,200.00,100 גרם,false,22,10.90,5.4500,true,1,201741
9002859050725,false,תפזורת סנטה ברשת 100,GUNZ WARENHANDELS,,סנטה גונץ ברשת 100גר,גרמים,100.00,100 גרם,false,1,10.90,10.9000,true,1,148240
9002859055560,false,בוגי סוכריות דובדובן 200ג',GUNZ WARENHANDELS,,"סוכריות ""בוגי"" מטעם דובדבן בפחי 200גר",גרמים,200.00,100 גרם,false,1,10.90,5.4500,true,1,119190
9002859056963,false,אנשי שלג משוקולד ברש,GUNZ WARENHANDELS,,אנשי שלג גונץ שוקולד ברשת 100גר,גרמים,100.00,100 גרם,false,1,10.90,10.9000,true,1,148250
9002859058172,false,גונץ-בננה ציפוי שוקולד מריר 300ג',GUNZ WARENHANDELS,AT,"אצבעות בננה ""גונץ"" בציפוי שוקולד מריר",גרמים,300.00,100 גרם,false,1,16.90,5.6333,true,1,119191
9002859061240,false,שבבי בצל מטוגן 250 ג,,,שבבי בצל מטוגן 250 גר,גרמים,250.00,100 גרם,false,20,10.90,4.3600,true,1,192726
9002859064104,false,בוגי סוכריות מנטה 200ג',GUNZ WARENHANDELS,,"סוכריות ""בוגי"" בטעם מנטה פחי 200 גר",גרמים,200.00,100 גרם,false,1,10.90,5.4500,true,1,120647
9002859064982,false,שוקולד קריסמס גונץ ח,GUNZ WARENHANDELS,,שוקולד קריסמס גונץ חמישייה 75גר,גרמים,75.00,100 גרם,false,1,8.90,11.8667,true,1,148249
9002859066047,false,סוכריות בוגי בטעם קפ,GUNZ WARENHANDELS,,"סוכריות ""בוגי"" בטעם קפה פחי 200 גר",גרמים,200.00,100 גרם,false,1,10.90,5.4500,true,1,120646
9002859066894,false,מרציפן מצופה שוקולד גונץ 100 ג',Gunz,,חטיף גונץ מרציפן מצופה שוקולד 100 גר,גרמים,100.00,100 גרם,false,1,9.90,9.9000,true,1,171678
9002859067570,false,דפדפי שוקולד תפוז גו,GUNZ WARENHANDELS,,"דפדפי שוקולד תפוז ""גונץ"" 200 גר",גרמים,200.00,100 גרם,false,1,16.90,8.4500,true,1,120672
9002859071911,false,סנטה גונץ שוקולד חלב,GUNZ WARENHANDELS,,סנטה גונץ שוקולד חלב 100גר,גרמים,100.00,100 גרם,false,1,11.90,11.9000,true,1,148248
9002859072086,false,מקלות גונץ אפויים עם,GUNZ WARENHANDELS,,מקלות גונץ אפויים עם רוזמרין 250 גר,גרמים,250.00,100 גרם,false,12,16.90,6.7600,true,1,212910
9002859081590,false,שוקולד גונץ סנטה על,GUNZ WARENHANDELS,,שוקולד גונץ סנטה על מקל 90 גר שישייה,גרמים,540.00,100 גרם,false,1,10.90,2.0185,true,1,167623
9002859087257,false,גונץ-קרקר קלאסי עם מלח 200 ג',,,גונץ קרקר קלאסי עם מלח 200 גר,גרמים,200.00,100 גרם,false,1,9.90,4.9500,true,1,198876
9002859090516,false,גונץ-בוגי סוכריות בפח תפוח 200 ג',Gunz,,סוכריות בוגי גונץ תפוח בפח 200 גר,גרמים,200.00,100 גרם,false,1,10.90,5.4500,true,1,171677
9002859090530,false,גונץ-בוגי סוכריות בפח תפוז 200 ג',Gunz,,סוכריות בוגי גונץ תפוז בפח 200 גר,גרמים,200.00,100 גרם,false,1,10.90,5.4500,true,1,171676
9002859100536,false,בונבוניירה אצבעות שו,,,בונ אצבעות שוקולד מוצרט גונץ 200 גר,גרמים,200.00,100 גרם,false,1,15.90,7.9500,true,1,182716
9002859101021,false,מקלות גונץ אפויים בט,GUNZ WARENHANDELS,,מקלות גונץ אפויים בטעם פיצה 250 גר,גרמים,250.00,100 גרם,false,12,16.90,6.7600,true,1,212909
9002859102936,false,סוכריה על מקל מסטיק,,,סוכריה על מקל מסטיק פירות גונץ 144 גר,גרמים,144.00,100 גרם,false,15,9.90,6.8750,true,1,208516
9002859105630,false,גונץ מרציפן מצופה שוק חלב ונוגט 75גר,,,מרציפן גונץ מצופה שוקולד חלב ונוגט 75 ג,גרמים,75.00,100 גרם,false,1,8.90,11.8667,true,1,189593
9002859114571,false,גונץ מקלות בייגלה עם,,,גונץ מקלות בייגלה עם מלח 160 גר,גרמים,160.00,100 גרם,false,1,14.90,9.3125,true,1,211664
9002859114595,false,גונץ מקלות בייגלה עם,,,גונץ מקלות בייגלה עם שומשום 160 גר,גרמים,160.00,100 גרם,false,1,14.90,9.3125,true,1,211663
9003402660088,false,פחית בירה שטיגל גולדברו Goldbrau,שטיגל Stiegl,LV,"בירה שטיגל גולד בראו פח 500 מ""ל",מיליליטרים,500.00,"100 מ""ל",false,1,8.90,1.7800,true,1,186047
9008700146982,false,נקטר פירות אדומים רא,Rauch fruchtsafte gm,,"מיץ ""ראוך"" מולטיוויט",Unknown,0.00,Unknown,false,1,12.90,0.0000,true,1,110009
9013100062053,false,ליקר מוצארט קרם שוקו,,,ליקר מוצארט קרם שוקולד גולד 500 מל,מיליליטרים,500.00,"100 מ""ל",false,1,79.90,15.9800,true,1,199561
9120025834723,false,חטיף אוראו מצונן 120 גרם רבנות,בובארד איטליה אס.פי.,IT,חטיף אוראו 120 גר,גרמים,120.00,100 גרם,false,1,14.90,12.4167,true,1,212537
9312631801118,false,תה פרמיום שחור סלקשן,דילמח,,"תה ""פרמיום"" שחור סלקשן 200 גר",גרמים,200.00,100 גרם,false,24,19.90,9.9500,true,1,121776
9556771006921,false,קפוצינו אונו מומנטו,,MY,קפוצינו אונו מומנטו 20 שק,גרמים,510.00,100 גרם,false,12,24.90,4.8824,true,1,207275
9720188050109,false,טופוטי ממרח טופו בטעם גבינה 227 ג`,טופוטי ברנדס אינק.ג',IL,ממרח טופו 225 גר,גרמים,225.00,100 גרם,false,1,19.90,8.8444,true,1,142510
9720188060108,false,טופוטי ממרח על בסיס סויה בסגנון שמנת 340ג',טופוטי ברנדס אינק.ג',IL,ממרח טופו טעם שמנת 2,גרמים,340.00,100 גרם,false,1,21.90,6.4412,true,1,117321
9781968109004,false,ספר 10.90,,,ספר 10.90,Unknown,0.00,Unknown,false,1,10.90,0.0000,true,1,172087
9781968149901,false,ספר 14.90,,,ספר 14.90,Unknown,0.00,Unknown,false,1,14.90,0.0000,true,1,143305
9781968199906,false,ספר 19.90,,,ספר 19.90,Unknown,0.00,Unknown,false,1,19.90,0.0000,true,1,143306
