code,internal_code,name,manufacturer_name,manufacture_country,manufacturer_item_description,unit_qty,quantity,unit_of_measure,weighted,qty_in_package,price,unit_of_measure_price,allow_discount,status,item_id
96,true,משלוח אינטרנטי.,,,משלוח אינטרנטי.,יחידה,0.00,יחידה,false,,29.00,0.0000,true,1,34417
173,true,דלעת ערמונים,,,דלעת ערמונים,קילוגרמים,1.00,"ק""ג",true,,11.90,11.9000,true,1,50764
374,true,פטריות שמפניון,,,פטריות שמפניון,,1.00,יח',false,,8.90,8.9000,true,1,50765
1009,true,בגט שלם,,,בגט שלם,,1.00,יח',false,,4.90,4.9000,true,1,2426
1073,true,סופגניה גדולה בודדת,,,סופגניה גדולה בודדת,יחידה,0.00,יחידה,false,,3.90,0.0000,true,1,2435
1091,true,צנונית בייבי,,,צנונית בייבי,,400.00,100 גרם,false,,5.90,0.0148,true,1,35543
1095,true,בייבי בטטה,,,בייבי בטטה,,1.00,יח',false,,6.90,6.9000,true,1,50768
1486,true,פומלה אדומה,,,פומלה אדומה,קילוגרמים,1.00,"ק""ג",true,,7.90,7.9000,true,1,50780
1488,true,אשכולית אדומה,,,אשכולית אדומה,קילוגרמים,1.00,"ק""ג",true,,6.90,6.9000,true,1,50781
1494,true,תפו`א לבן תפזורת,,,תפו`א לבן תפזורת,קילוגרמים,1.00,"ק""ג",true,,4.90,4.9000,true,1,50786
1495,true,תפו`א אדום תפזורת,,,תפו`א אדום תפזורת,קילוגרמים,1.00,"ק""ג",true,,4.90,4.9000,true,1,50787
1500,true,פלפל כתום,,,פלפל כתום,קילוגרמים,1.00,"ק""ג",true,,9.90,9.9000,true,1,50790
1501,true,עגבניות,,,עגבניות,קילוגרמים,1.00,"ק""ג",true,,6.90,6.9000,true,1,50791
1502,true,מלפפונים,,,מלפפונים,קילוגרמים,1.00,"ק""ג",true,,6.90,6.9000,true,1,50792
1503,true,גזר ארוז,,,גזר ארוז,קילוגרמים,1.00,"ק""ג",true,,3.90,3.9000,true,1,50793
1504,true,סלק,,,סלק,קילוגרמים,1.00,"ק""ג",true,,3.90,3.9000,true,1,50794
1505,true,כרוב לבן,,,כרוב לבן,קילוגרמים,1.00,"ק""ג",true,,3.90,3.9000,true,1,50795
1506,true,כרוב אדום,,,כרוב אדום,קילוגרמים,1.00,"ק""ג",true,,5.90,5.9000,true,1,50796
1507,true,כרובית,,,כרובית,קילוגרמים,1.00,"ק""ג",true,,8.90,8.9000,true,1,50797
1510,true,קישואים,,,קישואים,קילוגרמים,1.00,"ק""ג",true,,8.90,8.9000,true,1,50798
1511,true,חצילים,,,חצילים,קילוגרמים,1.00,"ק""ג",true,,7.90,7.9000,true,1,50799
1513,true,פלפל ירוק,,,פלפל ירוק,קילוגרמים,1.00,"ק""ג",true,,8.90,8.9000,true,1,50800
1515,true,פלפל חריף,,,פלפל חריף,קילוגרמים,1.00,"ק""ג",true,,8.90,8.9000,true,1,50802
1516,true,פלפל אדום,,,פלפל אדום,קילוגרמים,1.00,"ק""ג",true,,9.90,9.9000,true,1,50803
1517,true,פלפל רומרו,,,פלפל רומרו,קילוגרמים,1.00,"ק""ג",true,,13.90,13.9000,true,1,50804
1519,true,בצל יבש,,,בצל יבש,קילוגרמים,1.00,"ק""ג",true,,4.90,4.9000,true,1,50806
1521,true,קולורבי,,,קולורבי,קילוגרמים,1.00,"ק""ג",true,,7.90,7.9000,true,1,50807
1522,true,חסה ערבית,,,חסה ערבית,,1.00,יח',false,,4.90,4.9000,true,1,50808
1527,true,פטרוזיליה גומי,,,פטרוזיליה גומי,,1.00,יח',false,,3.50,3.5000,true,1,35544
1528,true,כוסברה גומי,,,כוסברה גומי,,1.00,יח',false,,3.50,3.5000,true,1,35545
1529,true,שמיר גומי,,,שמיר גומי,,1.00,יח',false,,3.50,3.5000,true,1,35546
1530,true,נענע גומי,,,נענע גומי,,1.00,יח',false,,3.50,3.5000,true,1,35547
1535,true,תפו`א אדום ארוז,,,תפו`א אדום ארוז,קילוגרמים,1.00,"ק""ג",true,,4.90,4.9000,true,1,50814
1542,true,ערמונים,,,ערמונים,קילוגרמים,1.00,"ק""ג",true,,16.90,16.9000,true,1,50819
1545,true,שום ארוז ייבוא יח',,,שום ארוז ייבוא יח',,1.00,יח',false,,4.90,4.9000,true,1,50822
1546,true,אבטיח אישי,,,אבטיח אישי,קילוגרמים,1.00,"ק""ג",true,,5.90,5.9000,true,1,50823
1547,true,שומר,,,שומר,קילוגרמים,1.00,"ק""ג",true,,6.90,6.9000,true,1,50824
1550,true,תפו`א לבן ארוז,,,תפו`א לבן ארוז,קילוגרמים,1.00,"ק""ג",true,,3.90,3.9000,true,1,50825
1551,true,לימון,,,לימון,קילוגרמים,1.00,"ק""ג",true,,7.90,7.9000,true,1,50826
1552,true,תפוז,,,תפוז,קילוגרמים,1.00,"ק""ג",true,,5.90,5.9000,true,1,50827
1553,true,ענב לבן,,,ענב לבן,קילוגרמים,1.00,"ק""ג",true,,29.90,29.9000,true,1,50828
1555,true,תפוז ארוז,,,תפוז ארוז,קילוגרמים,1.00,"ק""ג",true,,4.90,4.9000,true,1,50830
1556,true,בננה מובחרת,,,בננה מובחרת,קילוגרמים,1.00,"ק""ג",true,,6.90,6.9000,true,1,50831
1557,true,צנון,,,צנון,קילוגרמים,1.00,"ק""ג",true,,6.90,6.9000,true,1,50832
1558,true,אשכולית צהובה,,,אשכולית צהובה,קילוגרמים,1.00,"ק""ג",true,,6.90,6.9000,true,1,50833
1560,true,דלעת ארוזה,,,דלעת ארוזה,קילוגרמים,1.00,"ק""ג",true,,9.90,9.9000,true,1,50835
1561,true,תפוח עץ זהוב,,,תפוח עץ זהוב,קילוגרמים,1.00,"ק""ג",true,,9.90,9.9000,true,1,50836
1562,true,תפוח עץ יונתן,,,תפוח עץ יונתן,קילוגרמים,1.00,"ק""ג",true,,9.90,9.9000,true,1,50837
1563,true,תפוח עץ חרמון,,,תפוח עץ חרמון,קילוגרמים,1.00,"ק""ג",true,,9.90,9.9000,true,1,50838
1564,true,תפוח עץ סמיט,,,תפוח עץ סמיט,קילוגרמים,1.00,"ק""ג",true,,9.90,9.9000,true,1,50839
1568,true,רימון,,,רימון,קילוגרמים,1.00,"ק""ג",true,,8.90,8.9000,true,1,50842
1570,true,קלמנטינה,,,קלמנטינה,קילוגרמים,1.00,"ק""ג",true,,5.90,5.9000,true,1,50843
1571,true,פלפל שושקה,,,פלפל שושקה,קילוגרמים,1.00,"ק""ג",true,,13.90,13.9000,true,1,50844
1572,true,אבוקדו מובחר,,,אבוקדו מובחר,קילוגרמים,1.00,"ק""ג",true,,10.90,10.9000,true,1,50845
1574,true,בטטה מתוקה,,,בטטה מתוקה,קילוגרמים,1.00,"ק""ג",true,,8.90,8.9000,true,1,50847
1576,true,אגס,,,אגס,קילוגרמים,1.00,"ק""ג",true,,11.90,11.9000,true,1,50848
1577,true,אגס נאשי,,,אגס נאשי,קילוגרמים,1.00,"ק""ג",true,,15.90,15.9000,true,1,50849
1581,true,פלפל צהוב,,,פלפל צהוב,קילוגרמים,1.00,"ק""ג",true,,9.90,9.9000,true,1,50850
1588,true,תירס ארוז,,,תירס ארוז,קילוגרמים,1.00,"ק""ג",true,,9.90,9.9000,true,1,50854
1590,true,משורית סרט 1590 ממ,,,פומלה,קילוגרמים,1.00,"ק""ג",true,,7.90,7.9000,true,1,50855
1591,true,ענב אדום,,,ענב אדום,קילוגרמים,1.00,"ק""ג",true,,21.90,21.9000,true,1,50856
1595,true,חציל בלדי,,,חציל בלדי,קילוגרמים,1.00,"ק""ג",true,,9.90,9.9000,true,1,50859
1601,true,סלרי חתוך ליח,,,סלרי חתוך ליח,,1.00,יח',false,,6.90,6.9000,true,1,47732
1604,true,אפרסמון,,,אפרסמון,קילוגרמים,1.00,"ק""ג",true,,11.90,11.9000,true,1,50862
1607,true,תפו`א קטן אפיה ארוז,,,תפו`א קטן אפיה ארוז,קילוגרמים,1.00,"ק""ג",true,,3.90,3.9000,true,1,50865
1608,true,זנגוויל\גינגיר תפזור,,,זנגוויל\גינגיר תפזור,קילוגרמים,1.00,"ק""ג",true,,22.90,22.9000,true,1,50866
1610,true,שרי אשכולות לקג,,,שרי אשכולות לקג,קילוגרמים,1.00,"ק""ג",true,,18.90,18.9000,true,1,50867
1613,true,דלורית,,,דלורית,קילוגרמים,1.00,"ק""ג",true,,5.90,5.9000,true,1,50869
1615,true,בצל אדום,,,בצל אדום,קילוגרמים,1.00,"ק""ג",true,,6.90,6.9000,true,1,50871
1616,true,כוסברה כשר,,,כוסברה כשר,,1.00,יח',false,,5.90,5.9000,true,1,47733
1617,true,אננס,,,אננס,,1.00,יח',false,,37.90,37.9000,true,1,50872
1618,true,אפרסמון קרמבו,,,אפרסמון קרמבו,קילוגרמים,1.00,"ק""ג",true,,15.90,15.9000,true,1,50873
1619,true,פומלית,,,פומלית,קילוגרמים,1.00,"ק""ג",true,,5.90,5.9000,true,1,50874
1620,true,קיווי,,,קיווי,קילוגרמים,1.00,"ק""ג",true,,15.90,15.9000,true,1,50875
1632,true,קישוא זוקיני ירוק,,,קישוא זוקיני ירוק,קילוגרמים,1.00,"ק""ג",true,,11.90,11.9000,true,1,50877
1636,true,פיטאיה,,,פיטאיה,,700.00,100 גרם,false,,17.90,0.0256,true,1,50880
1639,true,דלעת אקזוטית,,,דלעת אקזוטית,קילוגרמים,1.00,"ק""ג",true,,11.90,11.9000,true,1,50882
1645,true,תפוח עץ גלה,,,תפוח עץ גלה,קילוגרמים,1.00,"ק""ג",true,,9.90,9.9000,true,1,50883
1646,true,סלרי ראש,,,סלרי ראש,,1.00,יח',false,,5.90,5.9000,true,1,48536
1667,true,לוף תפזורת,,,לוף תפזורת,קילוגרמים,1.00,"ק""ג",true,,16.90,16.9000,true,1,50888
1683,true,תפוח עץ פינק קריפס,,,תפוח עץ פינק קריפס,קילוגרמים,1.00,"ק""ג",true,,13.90,13.9000,true,1,50895
1708,true,גזר תפזורת,,,גזר תפזורת,קילוגרמים,1.00,"ק""ג",true,,4.90,4.9000,true,1,50906
1733,true,שורש פטרוזיליה,,,שורש פטרוזיליה,,1.00,יח',false,,5.90,5.9000,true,1,49309
1814,true,בצלצלי שאלוט,,,בצלצלי שאלוט,,280.00,100 גרם,false,,14.90,0.0532,true,1,35548
1840,true,ברוקולי,,,ברוקולי,קילוגרמים,1.00,"ק""ג",true,,9.90,9.9000,true,1,50924
1845,true,שעועית ירוקה יח`,,,שעועית ירוקה יח`,,1.00,יח',false,,16.90,16.9000,true,1,46570
1941,true,ענב שחור,,,ענב שחור,קילוגרמים,1.00,"ק""ג",true,,21.90,21.9000,true,1,50940
2029,true,איסוף עצמי-הזמנות אי,,,איסוף עצמי-הזמנות אי,יחידה,0.00,יחידה,false,,15.00,0.0000,true,1,30898
3500,true,עוף טרי שלם,,,עוף טרי שלם,קילוגרמים,1.00,"ק""ג",true,,18.90,18.9000,true,1,26501
3501,true,כרעיים עוף טרי,,,כרעיים עוף טרי,קילוגרמים,1.00,"ק""ג",true,,26.90,26.9000,true,1,26502
3502,true,חזה עוף טרי,,,חזה עוף טרי,קילוגרמים,1.00,"ק""ג",true,,31.90,31.9000,true,1,26503
3507,true,שניצל עוף פרוס טרי,,,שניצל עוף פרוס טרי,קילוגרמים,1.00,"ק""ג",true,,34.90,34.9000,true,1,26506
3511,true,חזה הודו טרי,,,חזה הודו טרי,קילוגרמים,1.00,"ק""ג",true,,33.90,33.9000,true,1,26508
3517,true,שוקיים פטם טרי,,,שוקיים פטם טרי,קילוגרמים,1.00,"ק""ג",true,,28.90,28.9000,true,1,26513
3520,true,ירכיים עוף טרי,,,ירכיים עוף טרי,קילוגרמים,1.00,"ק""ג",true,,26.90,26.9000,true,1,26514
3522,true,שוארמה פרגיות טרי,,,שוארמה פרגיות טרי,קילוגרמים,1.00,"ק""ג",true,,54.90,54.9000,true,1,26515
3527,true,הודו טחון טרי,,,הודו טחון טרי,קילוגרמים,1.00,"ק""ג",true,,34.90,34.9000,true,1,26516
3534,true,סטייק פרגית טרי,,,סטייק פרגית טרי,קילוגרמים,1.00,"ק""ג",true,,49.90,49.9000,true,1,26521
3535,true,פילה עוף טרי,,,פילה עוף טרי,קילוגרמים,1.00,"ק""ג",true,,34.90,34.9000,true,1,26522
4015,true,קוקוס ראש,,,קוקוס ראש,,1.00,יח',false,,5.90,5.9000,true,1,50956
6013,true,"תרומה פתחון לב 10 ש""",,,"תרומה פתחון לב 10 ש""",יחידה,0.00,יחידה,false,,10.00,0.0000,true,1,245078
9999,true,פיקדון בקבוקים,,,פיקדון בקבוקים,יחידה,0.00,יחידה,false,,0.30,0.0000,true,1,75
5678585,true,ענב סקרלוטה,,,ענב סקרלוטה,קילוגרמים,1.00,"ק""ג",true,,21.90,21.9000,true,1,50971
32147230,false,"מיץ לימון משומר 200מ""ל(לימונית אקסטרא)",ג'נרל מילס סאן אדריא,,מיץ לימון סיצילייה 2,,200.00,"100 מ""ל",false,,6.90,0.0345,true,1,5443
50398911,false,"קרם חמצן 9% בקבוק 60 מ""ל",שוורצקופ,,אינדולה קרם חמצן 9%,,60.00,"100 מ""ל",false,,4.00,0.0667,true,1,7903
54051157,false,מעדן סויה טעם שוקו אלפרו רביעיה 125 ג',קריות זול,,אלפרו מעדן סויה בטעם,,500.00,100 גרם,false,,16.90,0.0338,true,1,21192
72940754,false,"מילקי מעדן וניל עם קצפת שטראוס 133 מ""ל","שטראוס גרופ בע""\מ",,"מילקי וניל 170 מ""ל",,170.00,"100 מ""ל",false,,2.90,0.0171,true,1,23207
72940761,false,"מילקי מעדן שוקולד עם קצפת שטראוס 133 מ""ל",מיוצר עי קונדיטוריית,,מילקי שוקולד מהדרין,,170.00,"100 מ""ל",false,,2.90,0.0171,true,1,23208
72940952,false,מעדן מילקי בטעם שוקולד עם אקסטרה קצפת,"שטראוס גרופ בע""\מ",,מילקי אקסטראה קצפת מ,,110.00,"100 מ""ל",false,,3.80,0.0345,true,1,23209
72940983,false,סלט חומוס 250 גר אחל,מיוצר עי קונדיטוריית,,אחלה חומוס 250ג,,250.00,100 גרם,false,,6.90,0.0276,true,1,23211
72941041,false,מעדן מילקי מיני בטעם שוקולד עם קצפת,"שטראוס גרופ בע""\מ",,מיני מילקי שוקולד 70,,70.00,"100 מ""ל",false,,2.50,0.0357,true,1,23212
72945308,false,קוביות שמרים לאפיה שמרית 2*25 ג',"פאקא תעשיות בע""\מ",,שמרית קוביות שמרים ל,,50.00,100 גרם,false,,3.50,0.0700,true,1,23213
72961520,false,"פרילי יוגורט עם אננס 1.5% תנובה 125 מ""ל",מיוצר עי קונדיטוריית,,פרילי אננס 1.5% 125מ,,125.00,"100 מ""ל",false,,3.50,0.0280,true,1,25692
72964132,false,פרילי טבע יוגורט עם גרנולה 200 גרם,מיוצר עי קונדיטוריית,,פרילי טבע עם גרנולה,,200.00,"100 מ""ל",false,,4.90,0.0245,true,1,25700
72964422,false,יוגורט פרחים 4.5% שומן 200 גרם,מחלבת תנובה,,תנובה יוגורט פרחים 4,,200.00,"100 מ""ל",false,,2.90,0.0145,true,1,25701
80042556,false,POLPA עגבניות חתוכות דק 400 גרם MUTTI,"איי, בי, אינבוו",,עגבניות MUTTI מרוסקו,,400.00,100 גרם,false,,5.90,0.0148,true,1,145830
80052760,false,קינדר בואנו Kinder Bueno עם חלב ואגוזי לוז,פררו - אלבה,,חטיף קינדר בואנו שוק,,43.00,100 גרם,false,,3.90,0.0907,true,1,41454
80136194,false,חטיפי הפי היפו Happy Hippo במילוי קרם חלבי ואגוזי לוז,קינדר Kinder,,הפי היפו 5*20ג,,102.00,100 גרם,false,,12.90,0.1265,true,1,41455
80176800,false,נוטלה ממרח שוקולד 750 גרם,פררו תעשיות איטליה ס,,ממרח שוקולד נוטלה 75,,750.00,100 גרם,false,,25.90,0.0345,true,1,41457
80177173,false,ממרח שוקולד נוטלה 350 גרם,פררו - אלבה,,ממרח נוטלה קקאו עם א,,350.00,100 גרם,false,,14.90,0.0426,true,1,41458
80177609,false,אצבעות שוקולד קינדר Kinder ארבע יחידות,פררו - אלבה,,קינדר אצבעות שוק.חלב,,50.00,100 גרם,false,,4.90,0.0980,true,1,41460
80177616,false,אצבעות שוקולד קינדר Kinder שמונה יחידות,פררו - אלבה,,אצבעות שוקולד קינדר,,100.00,100 גרם,false,,7.90,0.0790,true,1,41461
80273592,false,פלפל ארבע עונות 30 גר ארומה דה טוסקנה,דרוגיה ואלימנטרי אס.אר.א,,פלפל ארבע עונות,יחידה,0.00,יחידה,false,,12.90,0.0000,true,1,41204
80773429,false,מנטוס בקבוק מעוגל - מסטיק ללא סוכר בטעם תות 60 גרם,"פרפטי ואן מלה ג'\ידה,סאן",,מסטיק מנטוס בקבוק בט,,60.00,100 גרם,false,,10.90,0.1817,true,1,12549
80773443,false,מנטוס בקבוק מעוגל - מסטיק ללא סוכר בטעם מנטה 60 גרם,"פרפטי ואן מלה ג'\ידה,סאן",,מסטיק מנטוס בקבוק בט,,60.00,100 גרם,false,,10.90,0.1817,true,1,12550
80790990,false,מסטיק מנטוס בבקבוק מעוגל בטעם פירות -מנטה 60 ג',"פרפטי ואן מלה ג'\ידה,סאן",,מסטיק מנטוס בקבוק בט,,60.00,100 גרם,false,,10.90,0.1817,true,1,12554
80804697,false,מסטיק וויט White בטעם מנטה מתוקה ללא סוכר,"אינסטנטה בע""מ",,מסטיק מנטוס וויט מנט,,105.00,100 גרם,false,,16.30,0.1552,true,1,12560
80864295,false,סוכריות פיור וויט טעם מנטה עדינה 60 ג' מנטוס,"פרפטי ואן מלה ג'ידה,סאן",,מנטוס פיור וויט ללא,,60.00,100 גרם,false,,10.90,0.1817,true,1,203046
80896081,false,מנטוס בקבוק מעוגל - מסטיק ללא סוכר בטעם אבטיח 60 גרם,"פרפטי ואן מלה ג'\ידה,סאן",,מסטיק מנטוס בקבוק בט,,60.00,100 גרם,false,,10.90,0.1817,true,1,12573
80913467,false,מנטוס בקבוק מעוגל - מסטיק ללא סוכר בטעם מנטה,פרפטי ואן מלה הולנד,,מסטיק מנטוס בקבוק בט,,60.00,100 גרם,false,,10.90,0.1817,true,1,12575
87108712,false,סוכריות בטעם פירות מנטוס 4*37.5 גרם,פרפטי ואן מלה ברדה,,סוכריות מנטוס פירות,,150.00,100 גרם,false,,10.90,0.0727,true,1,12590
88888000,true,Temp SuperDept,,,Temp SuperDept,,0.00,,false,,0.00,0.0000,true,1,52095
88888001,true,יסוד,,,יסוד,,0.00,,false,,0.00,0.0000,true,1,52096
88888002,true,לחם ותחליפיו,,,לחם ותחליפיו,,0.00,,false,,0.00,0.0000,true,1,52097
88888003,true,דגנים,,,דגנים,,0.00,,false,,0.00,0.0000,true,1,52098
88888004,true,מחלקה טרייה,,,מחלקה טרייה,,0.00,,false,,0.00,0.0000,true,1,52099
88888005,true,שימורים,,,שימורים,,0.00,,false,,0.00,0.0000,true,1,52100
88888006,true,מרקים/תבשילים/תוספים,,,מרקים/תבשילים/תוספים,,0.00,,false,,0.00,0.0000,true,1,52101
88888007,true,דגים טריים,,,דגים טריים,,0.00,,false,,0.00,0.0000,true,1,52102
88888008,true,/פתיתים/אטריות/נודלס,,,/פתיתים/אטריות/נודלס,,0.00,,false,,0.00,0.0000,true,1,52103
88888009,true,וקולד/דבש/ריבות/חלבה,,,וקולד/דבש/ריבות/חלבה,,0.00,,false,,0.00,0.0000,true,1,52104
88888010,true,קפה ושוקו,,,קפה ושוקו,,0.00,,false,,0.00,0.0000,true,1,52105
88888012,true,תרכיזים/סירופים,,,תרכיזים/סירופים,,0.00,,false,,0.00,0.0000,true,1,52106
88888013,true,בעלי חיים,,,בעלי חיים,,0.00,,false,,0.00,0.0000,true,1,52107
88888014,true,תה,,,תה,,0.00,,false,,0.00,0.0000,true,1,52108
88888015,true,תינוקות וילדים,,,תינוקות וילדים,,0.00,,false,,0.00,0.0000,true,1,52109
88888016,true,עזרי מזון ובישול,,,עזרי מזון ובישול,,0.00,,false,,0.00,0.0000,true,1,52110
88888017,true,תבלינים ארוזים,,,תבלינים ארוזים,,0.00,,false,,0.00,0.0000,true,1,52111
88888018,true,בית מאפה,,,בית מאפה,,0.00,,false,,0.00,0.0000,true,1,52112
88888019,true,חומרי ניקוי,,,חומרי ניקוי,,0.00,,false,,0.00,0.0000,true,1,52113
88888020,true,חד פעמי,,,חד פעמי,,0.00,,false,,0.00,0.0000,true,1,52114
88888021,true,מעדניית סלטים,,,מעדניית סלטים,,0.00,,false,,0.00,0.0000,true,1,52115
88888022,true,היגיינה וטיפוח הגוף,,,היגיינה וטיפוח הגוף,,0.00,,false,,0.00,0.0000,true,1,52116
88888023,true,ביצים,,,ביצים,,0.00,,false,,0.00,0.0000,true,1,52117
88888024,true,בירות,,,בירות,,0.00,,false,,0.00,0.0000,true,1,52118
88888025,true,מעדנייה חלבית,,,מעדנייה חלבית,,0.00,,false,,0.00,0.0000,true,1,52119
88888026,true,פיצוחים ארוזים,,,פיצוחים ארוזים,,0.00,,false,,0.00,0.0000,true,1,52120
88888027,true,קטניות ואורז,,,קטניות ואורז,,0.00,,false,,0.00,0.0000,true,1,52121
88888028,true,חטיפים,,,חטיפים,,0.00,,false,,0.00,0.0000,true,1,52122
88888029,true,קים ונקניקיות ארוזים,,,קים ונקניקיות ארוזים,,0.00,,false,,0.00,0.0000,true,1,52123
88888030,true,גלידות,,,גלידות,,0.00,,false,,0.00,0.0000,true,1,52124
88888031,true,"פירות ירקות ללא מע""מ",,,"פירות ירקות ללא מע""מ",,0.00,,false,,0.00,0.0000,true,1,52125
88888032,true,פירות יבשים ארוז,,,פירות יבשים ארוז,,0.00,,false,,0.00,0.0000,true,1,52126
88888033,true,סלטים ארוזים,,,סלטים ארוזים,,0.00,,false,,0.00,0.0000,true,1,52127
88888034,true,יצוחיה/תבלינים במשקל,,,יצוחיה/תבלינים במשקל,,0.00,,false,,0.00,0.0000,true,1,52128
88888035,true,קוסמטיקה,,,קוסמטיקה,,0.00,,false,,0.00,0.0000,true,1,52129
88888036,true,קופונים/מתנות,,,קופונים/מתנות,,0.00,,false,,0.00,0.0000,true,1,52130
88888037,true,"פירות יבשים ללא מע""מ",,,"פירות יבשים ללא מע""מ",,0.00,,false,,0.00,0.0000,true,1,52131
88888038,true,עיתונים,,,עיתונים,,0.00,,false,,0.00,0.0000,true,1,52132
88888039,true,ציוד משרדי,,,ציוד משרדי,,0.00,,false,,0.00,0.0000,true,1,52133
88888040,true,שתיה קלה,,,שתיה קלה,,0.00,,false,,0.00,0.0000,true,1,52134
88888041,true,מיץ סחוט טרי,,,מיץ סחוט טרי,,0.00,,false,,0.00,0.0000,true,1,52135
88888042,true,קפואים,,,קפואים,,0.00,,false,,0.00,0.0000,true,1,52136
88888044,true,מוצרי חלב ותחליפיו,,,מוצרי חלב ותחליפיו,,0.00,,false,,0.00,0.0000,true,1,52137
88888046,true,בריאות,,,בריאות,,0.00,,false,,0.00,0.0000,true,1,52138
88888047,true,עוגות ועוגיות,,,עוגות ועוגיות,,0.00,,false,,0.00,0.0000,true,1,52139
88888048,true,רטבים ואסייתי,,,רטבים ואסייתי,,0.00,,false,,0.00,0.0000,true,1,52140
88888049,true,מוצרי אימפלס,,,מוצרי אימפלס,,0.00,,false,,0.00,0.0000,true,1,52141
88888050,true,שוקולד ומתוקים,,,שוקולד ומתוקים,,0.00,,false,,0.00,0.0000,true,1,52142
88888051,true,מעדניית דגים,,,מעדניית דגים,,0.00,,false,,0.00,0.0000,true,1,52143
88888052,true,אפייה,,,אפייה,,0.00,,false,,0.00,0.0000,true,1,52144
88888053,true,תרופות ותוספי תזונה,,,תרופות ותוספי תזונה,,0.00,,false,,0.00,0.0000,true,1,52145
88888054,true,אוכל מוכן,,,אוכל מוכן,,0.00,,false,,0.00,0.0000,true,1,52146
88888055,true,מוצרי נייר,,,מוצרי נייר,,0.00,,false,,0.00,0.0000,true,1,52147
88888056,true,עוגות מצוננות,,,עוגות מצוננות,,0.00,,false,,0.00,0.0000,true,1,52148
88888057,true,משקאות חריפים,,,משקאות חריפים,,0.00,,false,,0.00,0.0000,true,1,52149
88888059,true,סיגריות,,,סיגריות,,0.00,,false,,0.00,0.0000,true,1,52150
88888060,true,"פירות וירקות עם מע""מ",,,"פירות וירקות עם מע""מ",,0.00,,false,,0.00,0.0000,true,1,52151
88888061,true,לוגיסטי,,,לוגיסטי,,0.00,,false,,0.00,0.0000,true,1,52152
88888062,true,"פיקדון ללא מע""מ",,,"פיקדון ללא מע""מ",,0.00,,false,,0.00,0.0000,true,1,52153
88888063,true,מעדניית חמוצים,,,מעדניית חמוצים,,0.00,,false,,0.00,0.0000,true,1,52154
88888064,true,ב.ע.ד קפואים,,,ב.ע.ד קפואים,,0.00,,false,,0.00,0.0000,true,1,52155
88888065,true,דגים מעושנים ארוזים,,,דגים מעושנים ארוזים,,0.00,,false,,0.00,0.0000,true,1,52156
88888066,true,מעדניית נקניקים,,,מעדניית נקניקים,,0.00,,false,,0.00,0.0000,true,1,52157
88888067,true,בסטות,,,בסטות,,0.00,,false,,0.00,0.0000,true,1,52158
88888069,true,כביסה,,,כביסה,,0.00,,false,,0.00,0.0000,true,1,52159
88888070,true,טיפוח השיער,,,טיפוח השיער,,0.00,,false,,0.00,0.0000,true,1,52160
88888071,true,היגיינת הפה,,,היגיינת הפה,,0.00,,false,,0.00,0.0000,true,1,52161
88888072,true,יינות,,,יינות,,0.00,,false,,0.00,0.0000,true,1,52162
88888092,true,"תרומות -ללא מע""מ",,,"תרומות -ללא מע""מ",,0.00,,false,,0.00,0.0000,true,1,254660
88888095,true,טופמרקט,,,טופמרקט,,0.00,,false,,0.00,0.0000,true,1,52163
88888097,true,קודים כללים,,,קודים כללים,,0.00,,false,,0.00,0.0000,true,1,52164
88888099,true,פריטים לא קיימים,,,פריטים לא קיימים,,0.00,,false,,0.00,0.0000,true,1,52165
88888100,true,אריזות,,,אריזות,,0.00,,false,,0.00,0.0000,true,1,52166
88888101,true,מנה ביגוד -יבוא לבית,,,מנה ביגוד -יבוא לבית,,0.00,,false,,0.00,0.0000,true,1,52170
88888102,true,זמנה שילוט-יבוא לבית,,,זמנה שילוט-יבוא לבית,,0.00,,false,,0.00,0.0000,true,1,52180
88888200,true,פריטים חדשים בהמתנה,,,פריטים חדשים בהמתנה,,0.00,,false,,0.00,0.0000,true,1,74773
88888365,true,INTERNET,,,INTERNET,,0.00,,false,,0.00,0.0000,true,1,1
90087974,false,חומץ טבעי מתפוחים 750 מל,ראוך פרוכטסאפה,,חומץ תפוחים 5% תומר,,750.00,"100 מ""ל",false,,12.90,0.0172,true,1,24901
11182700954,false,קינג קול שעועית שחורה 439 גרם,האנאובר פודס קורפורשיין,,שעועית שחורה 232 גרם,,439.00,100 גרם,false,,9.90,0.0226,true,1,36854
13628609388,false,חומץ בלסמי מובחר 500מל,MONARI FEDERZONI,,חומץ בלסמי כשר ירוק,,500.00,"100 מ""ל",false,,25.00,0.0500,true,1,5447
16000185517,false,דגני בוקר פייבר וואן עתירי סובין FIBRE1,בטר אנד דיפרנט,,פייבר1- דגני בוקר עת,,555.00,100 גרם,false,,24.90,0.0449,true,1,197355
16000423534,false,חטיפי גרנולה קראנצ'י עם שיבולת שועל ושוקולד מריר נייצ'ר ואלי 5*42 גרם,ג'נרל מילס סאן אדריאן,,חטיף קראנצי שיבולת ש,,210.00,100 גרם,false,,19.50,0.0929,true,1,12600
16000548404,false,חטיפי גרנולה קראנצ'י עם שיבולת שועל ודבש נייצ'ר ואלי 5*42 גרם,ג'נרל מילס סאן אדריאן,,חטיף קראנצי גרנולה ש,,210.00,100 גרם,false,,19.50,0.0929,true,1,12604
16000548503,false,חטיפי גרנולה קראנצ'י עם מייפל וסוכר חום נייצ'ר ואלי 5*42 גרם,ג'נרל מילס סאן אדריאן,,חטיף קראנצי גרנולה מ,,210.00,100 גרם,false,,19.50,0.0929,true,1,12606
16000548909,false,חטיפי גרנולה קראנצ'י במגוון טעמים נייצ'ר ואלי 5*42 גרם,ג'נרל מילס סאן אדריאן,,חטיף קראנצי גרנולה מ,,210.00,100 גרם,false,,19.50,0.0929,true,1,12609
16229924263,false,"ארוי-די קרם קוקוס 250 מ""ל",תאי אגרי פוד פובליק קו'\,,"קרם קוקוס 250 מ""ל.",,250.00,"100 מ""ל",false,,9.90,0.0396,true,1,3347
18000701223,false,"פילסברי, עוגה בטעם שוקולד, תערובת להכנת עוגה בטעם שוקולד. 500 גרם",הדקלאים אגודת שיתופי,,תערובת לעוגת שוק.דוי,,500.00,100 גרם,false,,16.90,0.0338,true,1,12611
22200956932,false,דאודורנט ספיד סטיק גל 24/7 כחול 85 גר,הנסיך- מפעל לייצור ט,,דאו' ג'ל כחול ספיד ס,,85.00,100 גרם,false,,18.90,0.2224,true,1,21193
25700005698,false,זיפלוק שקיות אחסון בינוניות 24 יחידות,אס.סי.גונסון ובניו,,זיפלוק שקיות אחסון ב,,147.00,100 גרם,false,,12.90,0.0878,true,1,98635
31200001597,false,חמוציות אושן ספריי קליית גת בשקית 170 גרם,ליימן מותגים,,חמוציות ממותקות ומיו,,170.00,100 גרם,false,,9.90,0.0582,true,1,12618
36000516876,false,ממחטות נייר קלינקס לושן 3 שכבות 75 דף,חוגלה קימברלי,,קלינקס לושן תלת שכבת,יחידה,0.00,יחידה,false,,9.90,0.0000,true,1,8787
36000516890,false,קלינקס לושן שלוש שכבות 120 יחידות,חוגלה קימברלי,,קלינקס לושן תלת שכבת,יחידה,0.00,יחידה,false,,16.90,0.0000,true,1,8788
37600207188,false,חמאת בוטנים סקיפי קלאסי 462 גרם,חברת המזון אלגוד,,סקיפי חמאת בוטנים קל,,462.00,100 גרם,false,,17.90,0.0387,true,1,5226
37600207256,false,חמאת בוטנים סקיפי עם שברי בוטנים 462 גרם,חברת המזון אלגוד,,סקיפי חמאת בוטנים עם,,462.00,100 גרם,false,,17.90,0.0387,true,1,5227
38000232152,false,פרינגלס חטיפי תפוח אדמה בטעם ברביקיו 158 גרם,פרינגלס מנופקצ'ורינג קומ,,פרינגלס ביג ברביקיו,,158.00,100 גרם,false,,8.90,0.0563,true,1,26730
38000232176,false,פרינגלס ביג שמנת בצל 158 גרם,פרינגלס מנופקצ'ורינג קונ,,פרינגלס ביג שמנת בצל,,158.00,100 גרם,false,,8.90,0.0563,true,1,26731
38000232183,false,פרינגלס ביג אורגינל 149 גרם,פרינגלס מנופקצ'ורינג קונ,,פרינגלס ביג אורגינל,,158.00,100 גרם,false,,8.90,0.0563,true,1,26732
38527591053,false,קואקר דגנים מרובעים שיבולת שועל וקינמון,קוואקר אוטס קומפני,,דגני בוקר מרובעים קי,,412.00,100 גרם,false,,19.90,0.0483,true,1,24150
38527591060,false,דגני קוואקר מרובעים Quaker Squares עם סוכר חום,קוואקר אוטס קומפני,,דגני בוקר מרובעים קו,,412.00,100 גרם,false,,19.90,0.0483,true,1,24151
39000008006,false,אורטגה טאקו SHELL מקסיקני 164 גרם,בי אנד ג'י,,אורטגה טאקו מקסיקני,,164.00,100 גרם,false,,19.90,0.1213,true,1,36857
40000514480,false,M&M אריזה קטנה's שוקולד אריזה קטנה 48 גרם,M&M אם אנד אם,,עדשי שוקולד M&M שוקו,,48.00,100 גרם,false,,4.90,0.1021,true,1,20653
40000514510,false,M&M אריזה קטנה's בוטנים אריזה קטנה 49 גרם,M&M אם אנד אם,,בוטנים 49 גרם M&M עד,,49.00,100 גרם,false,,4.90,0.1000,true,1,20654
46214731552,false,עוגיות שוקולד צ'יפס 37% גודיס 225 גרם,קריניציה ויטמינה אס,,מרבה עוגיות שוקולד צ,,225.00,100 גרם,false,,7.90,0.0351,true,1,21201
50000170180,false,מזון חתולים פריסקיז עוף ברוטב 156 גרם,נסטלה פורינה USA קר,,פריסקיז פריים פילה ע,,156.00,100 גרם,false,,6.90,0.0442,true,1,18361
50000225224,false,מזול חתולים פריסקיז פילה הודו ברוטב 156 גרם,נסטלה פורינה USA קר,,פריסקיז פריים פילה ה,,156.00,100 גרם,false,,6.90,0.0442,true,1,18362
50000429646,false,פריסקיז פנסי פיסט לח דג אוקיאנוס 85 גרם,נסטלה פורינה USA ג',,פנסי פיסט פטה דג אוק,,85.00,100 גרם,false,,5.70,0.0671,true,1,18373
52100004266,false,עלי טימין מקורמיק 10,מקורמיק,,תימין ( עלים ) 67 גר,,67.00,100 גרם,false,,19.90,0.2970,true,1,279302
54881000208,false,תה שחור לימון וגינגיר 20 שקיות אחמד,אחמד תה אנגליה,,תה שחור לימון וגינג',,711.00,100 גרם,false,,8.90,0.0125,true,1,107379
54881007511,false,תה ירוק בטעם מנטה 20 שקיות AHMAD TEA,אחמד תה אנגליה,,תה ירוק בטעם מנטה 20,,180.00,100 גרם,false,,9.90,0.0550,true,1,107397
54881008945,false,תה ירוק 20 שקיות AHMAD TEA,אחמד תה אנגליה,,תה ירוק 20 שקיות - ת,,180.00,100 גרם,false,,9.90,0.0550,true,1,107399
55369902564,false,אפלסנקס רביעיות רסק תפוחי עץ ללא תוספת סוכר עברית,ליהי אורצ'דאניק,,אפלסנקס רסק תפוחי עץ,,452.00,100 גרם,false,,13.90,0.0308,true,1,36872
64144090013,false,פאם תרסיס על בסיס שמן קנולה בטעם חמאה,קונאגרה פודס,,תרסיס שמן פאם חמאה 1,,148.00,"100 מ""ל",false,,17.90,0.1209,true,1,12641
64144090020,false,"ספריי שמן PAM בטעם שמן זית 141 מ""ל",ליימן מותגים,,תרסיס שמן זית פאם 14,,148.00,100 גרם,false,,17.90,0.1209,true,1,12642
64144090051,false,"ספריי שמן PAM קנולה אורגינל 148 מ""ל",קונאגרה פודס,,תרסיס שמן קנולה פאם,,148.00,"100 מ""ל",false,,17.90,0.1209,true,1,12643
70177077563,false,תה ארל גריי 25 שקיות טוינינגס 50 גר,אר. טווינינגס אנד קומפני,,טווינינג ארל גריי 50,,50.00,100 גרם,false,,18.90,0.3780,true,1,13669
70177086664,false,תה ירוק טהור 25 שק TWININGS,אר. טווינינגס אנד קומפני,,טווינינג גרין פיור 5,,50.00,100 גרם,false,,19.90,0.3980,true,1,13672
77975094631,false,סניידרס סנדוויץ' בייגלה במילוי קרם בטעם צ'דר 226 גרם,סניידרס Snyder's,,סניידרס בייגלה סנדוו,,266.00,100 גרם,false,,15.90,0.0598,true,1,122827
611745285685,true,אבוקדו בשל יח,,,אבוקדו בשל יח,,470.00,100 גרם,false,,8.90,0.0189,true,1,50972
645173911038,false,קורנישון מלפפוןן מיני 720 גרם - תומר,קלמן אינדיה פי וי סי,,מלפפונים קורנישון מי,,720.00,100 גרם,false,,10.90,0.0151,true,1,24905
649660432020,false,היל ויו שזיפים מיובשים מגולענים 567 גרם,היל ויו פקינג קומפני,,הייל ויו שזיפים מיוב,,567.00,100 גרם,false,,29.90,0.0527,true,1,149615
651080647519,false,קיסמים עם חוט דנטלי פלאקרס מנטה 35 יחידות,"פלקרס רנור ארה""ב",,פלאקרס חוט דנטלי מנט,יחידה,0.00,יחידה,false,,9.90,0.0000,true,1,5475
710535495539,false,"Avel – אורז בסמטי 96% 1 ק""ג",,,"אבאל אורז בסמטי 1 ק""",קילוגרמים,1.00,"ק""ג",false,,11.90,11.9000,true,1,75937
728229123613,false,טרה חטיף על בסיס תפוח אדמה כחול בטעם טבעי 110 גרם,היין סלסטיאל גרופ,,טרה צ'יפס חטיף ירקות,,50.00,100 גרם,false,,15.50,0.3100,true,1,5479
811250030699,false,פלפל שחור טחון 50 גר,נפטון Neptune,,פלפל שחור טחון 50 גר,,50.00,100 גרם,false,,5.90,0.1180,true,1,34733
811250030798,false,בירייאני נפטון 100 ג,,,בירייאני נפטון 100 ג,,100.00,100 גרם,false,,10.90,0.1090,true,1,34736
835811001676,false,"תבנית אלומיניום גדולה 32*26 ס""מ - 9 יח'",הנמל,,תבנית גדולה 9 יח. R-,יחידה,0.00,יחידה,false,,11.90,0.0000,true,1,7448
835811001713,false,"נילון נצמד 150 מ' רוחב 30 ס""מ",ווינפאק סחר בעמ,,נילון ניצמד 150 מ' ר,,150.00,מטר,false,,17.90,0.1193,true,1,7451
835811004431,false,מארז ממחטות טישו משי 100X5 יח',,,מארז ממחטות נייר טי,,5.00,יח',false,,9.90,1.9800,true,1,206372
835811005339,false,זוג שקיות אוכל ארוז בקרטון הנמל,,,זוג שקיות אוכל הנמל,,300.00,יח',false,,8.90,0.0297,true,1,7549
835811005810,false,מגש הכסף תבנית מרובע קטן +מכסה 10 יח`,הנמל,,תבנית אלומיניום מרוב,יחידה,0.00,יחידה,false,,11.90,0.0000,true,1,7567
835811006497,false,אבקת סוכר 500 גרם הנמל,ר.ס. חברה ליבוא וייצ,,אבקת סוכר 500 גר,,500.00,100 גרם,false,,8.90,0.0178,true,1,7605
835811008347,false,גפרור מיוחד ענק הנמל 1 יחידה,הנמל,,גפרור ענק,יחידה,0.00,יחידה,false,,5.90,0.0000,true,1,7659
835811008958,false,כפיות 50 יח שקוף/קרם עבה במיוחד,"גרנג יוניברס , הונג",,כפיות 50 יח שקוף עבה,יחידה,0.00,יחידה,false,,16.90,0.0000,true,1,7676
851621000050,false,בירה חיטה בטעם הדרים 1664 בלאנק - שישייה,קרלסברג ספליי קומפאני פו,,בירה BLANC שישיה 330,ליטרים,1.98,ליטר,false,,41.70,21.0606,true,1,70525
859547004329,false,ספוג ניקוי צבעוני סקראב דדי Scrub Daddy,סקארקיסט,,ספוג ניקוי כלים בצבע,,34.00,100 גרם,false,,17.90,0.5265,true,1,233324
877300001361,false,נפטון תבלין לשווארמה,,,נפטון תבלין לשווארמה,,150.00,100 גרם,false,,10.90,0.0727,true,1,34767
877300001385,false,תערובת תיבול לפרגיות,נפטון Neptune,,נפטון תבלין לפרגיות,,150.00,100 גרם,false,,10.90,0.0727,true,1,34769
877300001392,false,תערובת תיבול לגריל עוף,נפטון Neptune,,תבלין גריל עוף 150 ג,,150.00,100 גרם,false,,10.90,0.0727,true,1,34770
877300001453,false,תערובת תיבול זעתר שומשום,נפטון Neptune,,נפטון תבלין זעתר שומ,,150.00,100 גרם,false,,10.90,0.0727,true,1,34772
877300001576,false,תערובת תיבול על האש ברביקיו,נפטון Neptune,,תבלין על האש ברביקיו,,150.00,100 גרם,false,,10.90,0.0727,true,1,34775
877300004560,false,פפריקה חריפה 80 גרם,נפטון Neptune,,פפריקה חריפה 80 גרם,,80.00,100 גרם,false,,5.90,0.0738,true,1,34825
877300004577,false,כמון טחון 50 גרם שקי,נפטון Neptune,,כמון טחון 50 גרם שקי,,50.00,100 גרם,false,,5.90,0.1180,true,1,34826
877300008698,false,פלפלת ארבע עונות שלם,,,פלפלת 4 עונות שלם 30,,30.00,100 גרם,false,,13.90,0.4633,true,1,34844
884912342737,false,דגני בוקר קריספי וופל פוסט 326 גרם.,הנסיך- מפעל לייצור ט,,דגני בוקר וופל קריספ,,326.00,100 גרם,false,,23.80,0.0730,true,1,64958
884912359162,false,האני באנצ' דגני בוקר עם שקדים פוסט 411 גרם,פוסט ארצות הברית,,דגני בוקר שיבולת שוע,,340.00,100 גרם,false,,22.90,0.0674,true,1,240305
3014260201753,false,סכיני גילוח ג'ילט בלו 2 להבים - מארז 5 יח',דיפלומט מפיצים (1968) בעמ,,סכיני גילוח חד פעמיי,יחידה,0.00,יחידה,false,,12.90,0.0000,true,1,26762
3046920010801,false,שוקולד מריר אקסלנס עם אגוזי לוז,לינדט ושפרונגלי קילשברג,,לינדט אקסלנס 100ג,,100.00,100 גרם,false,,14.90,0.1490,true,1,13700
3046920028004,false,לינדט שוקולד אקסלנס מריר 70% 100 גר,לינדט ושפרונגלי קילשברג,,לינדט אקסלנס 70% 100,,100.00,100 גרם,false,,14.90,0.1490,true,1,13707
3046920028363,false,לינדט אקסלנס 85% מוצקי קקאו 100 גרם,לינדט ושפרונגלי קילשברג,,לינדט אקסלנס 85% 100,,100.00,100 גרם,false,,14.90,0.1490,true,1,13708
3046920029674,false,אקסלנס עם שבבי מלח לינדט (100 גרם),לינדט ושפרונגלי קילשברג,,לינדט אקסלנס עם שבבי,,100.00,100 גרם,false,,14.90,0.1490,true,1,13713
3046920029681,false,לינדט שוקולד אקסלנס מילד 85% קקאו 100 גר,משה סידס ובנו בעמ,,לינדט אקסלנס מילד 85,,100.00,100 גרם,false,,14.90,0.1490,true,1,80629
3046920029759,false,אקסלנס שוקולד מריר 90% לינדט (100 גרם),לינדט ושפרונגלי קילשברג,,לינדט אקסלנס 90% 100,,100.00,100 גרם,false,,14.90,0.1490,true,1,13714
3059943015128,false,מבשם אוויר נטול גז אקווה מיסט בניחוח לבנדר פראי ואוויר הרים,רקיט בנקיזר (ניר איסט) בעמ,,איירוויק ספריי נטול,,345.00,"100 מ""ל",false,,14.90,0.0432,true,1,20783
3073781161687,false,גבינה לוואש קרי(מותכת) 16 יח 256 גר,בני ג`ורג` שוקחה (חיפה) בעמ,,גבינה מותכת לה וואש,,256.00,100 גרם,false,,21.90,0.0855,true,1,138666
3073781162790,false,גבינה מותכת בייבי בל 120 גרם,א. סיימן סחר בעמ,,בייבי בל 24% אדום 12,,120.00,100 גרם,false,,22.90,0.1908,true,1,268746
3161911366429,false,חמאה צרפתית מלוחה רכה למריחה אלוויר 250 גר',א. סיימן סחר בעמ,,אלוויר חמאה רכה מלוח,,250.00,100 גרם,false,,21.90,0.0876,true,1,16721
3178530407938,false,עוגיות מיני מדליין עם שוקוצ'יפס סאן מישל 175 גרם,א. סיימן סחר בעמ,,עוגיות שוקולד צ'יפס,,175.00,100 גרם,false,,12.90,0.0737,true,1,16732
3178530417340,false,בראוניז שוקולד סאן מישל 210 גרם,א. סיימן סחר בעמ,,בראוניז שוקולד סאן מ,,210.00,100 גרם,false,,16.90,0.0805,true,1,214612
3178530417357,false,בראוניז שוקולד לבן סנט מישל 210 גרם,א. סיימן סחר בעמ,,בראוניז שוקולד לבן ס,,210.00,100 גרם,false,,16.90,0.0805,true,1,214628
3245412211393,false,שוקולד חלב מעולה קרפ,,FR,שוקולד חלב מעולה קרפ,,300.00,100 גרם,false,,7.90,0.0263,true,1,274372
3245412211409,false,שוקולד חלב מעולה עם,,FR,שוקולד חלב מעולה עם,,300.00,100 גרם,false,,15.90,0.0530,true,1,274199
3270190111108,false,קרפור מוזלי פירות 7,,,קרפור מוזלי פירות 7,,750.00,100 גרם,false,,15.90,0.0212,true,1,315452
3270190151654,false,שוקולד מריר מעולה עם,,FR,שוקולד מריר מעולה עם,,100.00,100 גרם,false,,5.90,0.0590,true,1,274216
3387390320244,false,פיטנס דגני בוקר מחיטה מלאה עם פירות נסטלה 375 גרם,קבוצת אוסם סחר שותפות מוגבלת,,פיטנס פירות דגני עם,,375.00,100 גרם,false,,19.90,0.0531,true,1,18385
3387390525960,false,קראנץ' דגני בוקר עם שוקולד חלב נסטלה 500 גרם,קבוצת אוסם סחר שותפות מוגבלת,,דגני קראנץ' נסטלה 50,,500.00,100 גרם,false,,22.90,0.0458,true,1,18386
3523230026826,false,"גבינת עיזים למריחה פירמידה, 140 גרם",א. סיימן סחר בעמ,,פרמידה עיזים טבעי 14,,140.00,100 גרם,false,,26.90,0.1921,true,1,16753
3560070230778,false,קרפור-תה אנגלי שחור,,,קרפור-תה אנגלי שחור,,50.00,100 גרם,false,,6.90,0.1380,true,1,337673
3560070232963,false,קרפור-חליטת פירות יע,,,קרפור-חליטת פירות יע,,40.00,100 גרם,false,,6.90,0.1725,true,1,337583
3560070582884,false,קרפור סטייליס עם שוק,,,קרפור סטייליס עם שוק,,300.00,100 גרם,false,,8.90,0.0297,true,1,315406
3560070701407,false,שוקולד מריר מעולה עם,,FR,שוקולד מריר מעולה עם,,100.00,100 גרם,false,,5.90,0.0590,true,1,274217
3560070720859,false,שוקולד מריר מעולה 72,,FR,שוקולד מריר מעולה 72,,80.00,100 גרם,false,,4.90,0.0613,true,1,274201
3560070800322,false,קרפור סנופלקס 375 גר,,,קרפור סנופלקס 375 גר,,375.00,100 גרם,false,,6.90,0.0184,true,1,315453
3560070826186,false,קרפור מוזלי שוקולד ו,,,קרפור מוזלי שוקולד ו,,750.00,100 גרם,false,,14.90,0.0199,true,1,315436
3560070852086,false,קרפור-תה ירוק בטעם נ,,,קרפור-תה ירוק בטעם נ,,40.00,100 גרם,false,,6.90,0.1725,true,1,337613
3560070852116,false,קרפור-תה ירוק נענע 5,,,קרפור-תה ירוק נענע 5,,80.00,100 גרם,false,,8.90,0.1113,true,1,337598
3560070888108,false,קרפור-תה שחור בטעם ל,,,קרפור-תה שחור בטעם ל,,40.00,100 גרם,false,,6.90,0.1725,true,1,337643
3560070888115,false,קרפור-חליטת טיליה 25,,,קרפור-חליטת טיליה 25,,42.50,100 גרם,false,,6.90,0.1624,true,1,337539
3560070888122,false,קרפור-חליטת קמומיל 2,,,קרפור-חליטת קמומיל 2,,30.00,100 גרם,false,,6.90,0.2300,true,1,337509
3560070888139,false,קרפור-תה שחור בטעם פ,,,קרפור-תה שחור בטעם פ,,42.50,100 גרם,false,,6.90,0.1624,true,1,337628
3560070888153,false,קרפור-תה ירוק בטעם ל,,,קרפור-תה ירוק בטעם ל,,40.00,100 גרם,false,,6.90,0.1725,true,1,337658
3560070928194,false,קרפור-חליטת לואיזה 2,,,קרפור-חליטת לואיזה 2,,32.50,100 גרם,false,,6.90,0.2123,true,1,337524
3560070928347,false,קרפור-חליטת רויבוש ו,,,קרפור-חליטת רויבוש ו,,40.00,100 גרם,false,,6.90,0.1725,true,1,337568
3560071013127,false,קרפור סטייליס עם שוק,,,קרפור סטייליס עם שוק,,300.00,100 גרם,false,,8.90,0.0297,true,1,315437
3560071013196,false,קרפור סטייליס בטעם ט,,,קרפור סטייליס בטעם ט,,500.00,100 גרם,false,,9.90,0.0198,true,1,315421
3560071016074,false,פתיתי תירס קלויים קר,,,קרפור קורונפלקס 500,,500.00,100 גרם,false,,6.90,0.0138,true,1,315500
3560071341947,false,שמן זית כתית מעולה ב,,FR,שמן זית כתית מעולה ב,,750.00,"100 מ""ל",false,,11.50,0.0153,true,1,314260
3560071431914,false,קפסולות קפה קרפור עו,,FR,קפסולות קפה קרפור עו,,52.00,100 גרם,false,,6.90,0.1327,true,1,316523
3560071431945,false,קפסולות קפה קרפור עו,,FR,קפסולות קפה קרפור עו,,52.00,100 גרם,false,,6.90,0.1327,true,1,316552
3560071432034,false,קפסולות קפה נטול קרפ,,FR,קפסולות קפה נטול קרפ,,52.00,100 גרם,false,,6.90,0.1327,true,1,316554
3560071432065,false,קפסולות קפה קרפור עו,,FR,קפסולות קפה קרפור עו,,52.00,100 גרם,false,,6.90,0.1327,true,1,316555
3560071432096,false,קפסולות קפה קרפור עו,,FR,קפסולות קפה קרפור עו,,52.00,100 גרם,false,,6.90,0.1327,true,1,316556
3560071432157,false,קפסולות קפה וניל קרפ,,FR,קפסולות קפה וניל קרפ,,52.00,100 גרם,false,,6.90,0.1327,true,1,316557
3560071432188,false,קפסולות קפה קרמל קרפ,,FR,קפסולות קפה קרמל קרפ,,52.00,100 גרם,false,,6.90,0.1327,true,1,316558
3560071432218,false,קפסולות קפה אגוז קרפ,,FR,קפסולות קפה אגוז קרפ,,52.00,100 גרם,false,,6.90,0.1327,true,1,316559
3560071432249,false,קפסולות קפה ברזיל קר,,FR,קפסולות קפה ברזיל קר,,52.00,100 גרם,false,,6.90,0.1327,true,1,316560
3560071432270,false,קפסולות קפה קולומביה,,FR,קפסולות קפה קולומביה,,52.00,100 גרם,false,,6.90,0.1327,true,1,316561
3560071432300,false,קפסולות קפה אתיופיה,,FR,קפסולות קפה אתיופיה,,52.00,100 גרם,false,,6.90,0.1327,true,1,316562
3560071432331,false,קפסולות קפה לאוס קרפ,,FR,קפסולות קפה לאוס קרפ,,52.00,100 גרם,false,,6.90,0.1327,true,1,316563
3560071432393,false,קפסולות קפה קוסטה רי,,FR,קפסולות קפה קוסטה רי,,52.00,100 גרם,false,,6.90,0.1327,true,1,316565
3560071432515,false,קפסולות קפה קרפור עו,,FR,קפסולות קפה קרפור עו,,52.00,100 גרם,false,,6.90,0.1327,true,1,316566
3574660115154,false,או-בה טמפונים קלאסי סופר 32יח',ג'\ונסון אנד ג'\ונסון,,אובה קלאסי סופר אובה,יחידה,0.00,יחידה,false,,21.90,0.0000,true,1,21220
3574661352275,false,"מי פה ליסטרין קידס 250 מ""ל פירות יער",ג'\ונסון אנד ג'\ונסון,,ליסטרין מי פה לילדים,,250.00,"100 מ""ל",false,,14.90,0.0596,true,1,81755
3574661419435,false,וניה תחבושות הגייניות מקסי לילה 12 יח,ש.שסטוביץ בעמ,,תחבושות הגייניות מקס,יחידה,0.00,יחידה,false,,23.90,0.0000,true,1,287769
3574661552576,false,קרפרי מגן תחתון רגיל טנגה לבן 56 יח חדש,הדקלאים אגודת שיתופי,,קרפרי רגיל טנגה לבן,יחידה,0.00,יחידה,false,,15.90,0.0000,true,1,61987
3574661552811,false,מגן תחתון קרפרי כותון אוורירי 56 יחידות,הדקלאים אגודת שיתופי,,קרפרי כותון אוורירי,יחידה,0.00,יחידה,false,,15.90,0.0000,true,1,62067
3574661554877,false,מגן תחתון קרפרי כותון מבושם 56 יחידות,הנסיך- מפעל לייצור ט,,קרפרי כותון מבושם 56,יחידה,0.00,יחידה,false,,15.90,0.0000,true,1,61989
3574661643359,false,ליסטרין נטורלס שטיפת פה אנאמל פרוטקט,ג'\ונסון אנד ג'\ונסון,,שטיפת פה בטעם מעודן,,500.00,"100 מ""ל",false,,19.90,0.0398,true,1,237216
3574669908948,false,"גונסונס בייבי אל סבון לרחצה עדינה 750 מ""ל",גונסון אנד גונסון,,ג'ונסון בייבי אל סבו,,750.00,"100 מ""ל",false,,20.90,0.0279,true,1,21309
3600523652280,false,"לוריאל אלביב שמפו מועשר ב 6 שמנים, 550 מ""ל",לוריאל ישראל קוסמטיקס בעמ,,שמפו 6 שמנים אלביב 5,,550.00,"100 מ""ל",false,,14.90,0.0271,true,1,12295
3600523782567,false,"לוריאל - אלביב שמפו דרים לונג 500 מ""ל",לוריאל ישראל קוסמטיקס בעמ,,שמפו דרים לונג אלביב,,500.00,"100 מ""ל",false,,14.90,0.0298,true,1,12300
3600523782581,false,מרכך מתיר קשרים לשיער ארוך ופגום Dream Long,לוריאל ישראל קוסמטיקס בעמ,,מרכך דרים לונג אלביב,,500.00,"100 מ""ל",false,,14.90,0.0298,true,1,12302
3608580730255,false,קונפיטורה בטעם משמש 370 גר BONNE MAMAN,ר.ב. מוצרי דגנים בעמ,,קונפיטורה משמש 370 ג,,370.00,100 גרם,false,,19.90,0.0538,true,1,43102
3614224050986,false,"אדידס - דאודורנט ספריי לגבר אדיפאוור 72 שעות 150 מ""ל","ב.א מזון בע""מ",,דאודורנט ספריי לגבר,,150.00,"100 מ""ל",false,,12.90,0.0860,true,1,95249
3661163970448,false,"אדידס דאודורנט ספריי מקס פרש לגברים 200 מ""ל",מיוצר עי קונדיטוריית,,דאו' ספריי לגבר פרש,,200.00,"100 מ""ל",false,,15.90,0.0795,true,1,5566
4000417022004,false,ריטר ספורט שוקולד חלב מעולה עם צימוקים ואגוזי לוז 100 גרם,ריטר ספורט Ritter sport,,שוקולד ריטר ספורט חל,,100.00,100 גרם,false,,8.90,0.0890,true,1,12663
4000417025005,false,שוקולד מריר במילוי מרציפן ריטר ספורט 100 גרם,ריטר ספורט Ritter sport,,שוקולד ריטר ספורט מר,,100.00,100 גרם,false,,8.90,0.0890,true,1,12666
4000417222008,false,שוקולד ריטר ספורט חלב+שברי אגוזים 100 גרם חלב נוכרי,ריטר ספורט Ritter sport,,ריטר שוקולד ספורט חל,,100.00,100 גרם,false,,8.90,0.0890,true,1,12672
4000539280726,false,שוקולד לינדט אקסלנס מילד 70% 100 גר`,משה סידס ובנו בעמ,,לינדט אקסלנס 70% 100,,100.00,100 גרם,false,,14.90,0.1490,true,1,290957
4002448017684,false,"סיליט באנג ספריי ניקוי כללי מסיר אבנית 750 מ""ל",רקיט בנקיזר (ניר איסט) בעמ,,סיליט באנג ספריי רב,,750.00,"100 מ""ל",false,,14.90,0.0199,true,1,20804
4002448019480,false,"סיליט באנג מסיר שומנים רב שימושי 750 מ""ל",רקיט בנקיזר (ניר איסט) בעמ,,סיליט באנג ספריי מסי,,750.00,"100 מ""ל",false,,14.90,0.0199,true,1,20805
4006387085407,false,שלישיית פילטר מקסטרא סודהסטרים,סודה סטרים ישראל בעמ,,שלישיית פילטר מקסטרה,,3.00,יח',false,,100.00,33.3333,true,1,17519
4007745058804,false,נטורפוד מיונז אורגני 340 גרם,אף.סי תבליני בגליל ב,,מיונז אורגני 340 גרם,,340.00,100 גרם,false,,22.90,0.0674,true,1,97038
4009900402965,false,אורביט וויט בטעם פירות בקבוקון 46מלבניות,"מרס ריגלי ישראל בע""מ",,אורביט וויט פירות בק,,64.00,100 גרם,false,,10.50,0.1641,true,1,20670
4009900403023,false,אורביט וויט בטעם מנטה בקבוקון 46 מלבניות,"מרס ריגלי ישראל בע""מ",,אורביט וויט מנטה בקב,,64.00,100 גרם,false,,10.50,0.1641,true,1,20671
4009900455299,false,"סוכרית ג'לי אדומה 174 גרם ""סקיטלס""","מרס ריגלי ישראל בע""מ",,סקיטלס פירות 174 גר,,174.00,100 גרם,false,,7.90,0.0454,true,1,20685
4009900465304,false,סוכריות סקיטלס פירות חמוצים 174 גרם,"מרס ריגלי ישראל בע""מ",,סקיטלס פירות חמוצים,,174.00,100 גרם,false,,7.90,0.0454,true,1,20688
4009900479998,false,אורביט וויט אוכמניות בקבוקון 46 מלבניות,"מרס ריגלי ישראל בע""מ",,אורביט מסטיק בקבוקון,,64.00,100 גרם,false,,10.50,0.1641,true,1,20691
4009900482417,false,מסטיק אורביט פירות מנטה בקבוקון באבל מינט 45יח,"מרס ריגלי ישראל בע""מ",,אורביט באבל מינט בקב,,64.00,100 גרם,false,,10.50,0.1641,true,1,20693
4009900491044,false,מסטיק אירוויבז בטעם מנטה אוכמניות ללס,מרס ריגלי ישראל בעמ,,אירוויבז בקבוק M מנט,,84.00,100 גרם,false,,12.50,0.1488,true,1,20708
4009900531122,false,"מסטיק בטעם מנטה ספירמינט, 64 ג' פרופשיונל אורפיט","מרס ריגלי ישראל בע""מ",,אורביט פרופשייונל ספ,,64.00,100 גרם,false,,10.50,0.1641,true,1,20730
4009900539685,false,"מסטיק פייב באונס בטעם מנטה בקבוקון, 61.8 גרם","מרס ריגלי ישראל בע""מ",,מסטיק בטעם מנטה ללא,,61.80,100 גרם,false,,11.90,0.1926,true,1,237283
4009900539746,false,"מסטיק פייב באונס בטעם אבטיח בקבוקון, 61.8 גרם",מרס ריגלי ישראל בעמ,,מסטיק בטעם אבטיח ללא,,31.80,100 גרם,false,,11.90,0.3742,true,1,237284
4011800628512,false,חטיף קורני שוקולד חלב 6 יח 150 גר,מיוצר עי קונדיטוריית,,חטיף דגנים עם שוקולד,,150.00,100 גרם,false,,11.90,0.0793,true,1,13744
4011800630515,false,חטיף קורני שוקולד חלב ובננה 6 יח 150 גר,מיוצר עי קונדיטוריית,,חטיף דגנים עם שוקולד,,150.00,100 גרם,false,,11.90,0.0793,true,1,13746
4011800632519,false,חטיף קורני שישייה שוקולד חלבי וקוקוס,מיוצר עי קונדיטוריית,,חטיף דגנים עם שוקולד,,150.00,100 גרם,false,,11.90,0.0793,true,1,13747
4011800633516,false,קורני בציפוי שוקולד מריר מעולה 6*23,משה סידס ובנו בעמ,,חטיף דגנים שוקולד מר,,138.00,100 גרם,false,,11.90,0.0862,true,1,13748
4014400914696,false,וורטרס אורגינל סוכריות ללא סוכר 80 גרם,ליימן שליסל בע`מ,,80 סוכריות חמאה וורט,,80.00,100 גרם,false,,8.90,0.1113,true,1,12716
4014400920857,false,וורטר אורגינל ללא סוכר בטעם שוקולד-שקית 70 גרם,קריניציה ויטמינה אס,,וורטרס ללא סוכר טעם,,70.00,100 גרם,false,,8.90,0.1271,true,1,12720
4014400929010,false,וופל מיני קנופרס 200 גר 10 גר*20 יחידות,ליימן שליסל בע`מ,,וופל מיני קנופרס 200,,200.00,100 גרם,false,,19.90,0.0995,true,1,245624
4015000519915,false,"פה - דאודורנט ספריי לאישה פינק פרדייס 200 מ""ל",שוורצקופף והנקל,,דאו' ספריי פינק פרדי,,200.00,"100 מ""ל",false,,9.90,0.0495,true,1,7950
4015400564034,false,מגן תחתון אולוויז מגה פק לונג פלוס 58 יחידות,דיפלומט מפיצים (1986) בע`מ,,מגן תחתון לונג פלוס,יחידה,0.00,יחידה,false,,18.90,0.0000,true,1,26871
4015400564454,false,מגני תחתון אולוויז לארג' עם ניחוח מגה פק,דיפלומט מפיצים (1986) בע`מ,,מגן תחתון לארג מגה פ,יחידה,0.00,יחידה,false,,18.90,0.0000,true,1,26875
4015400746812,false,מגני תחתון אולוויז נורמל עם ניחוח מגה פק,דיפלומט מפיצים (1986) בע`מ,,מגן תחתון מגה פק נור,יחידה,0.00,יחידה,false,,18.90,0.0000,true,1,26937
4015600762742,false,שמפו יומיומי למניעת קשקשים הנוסחה הקלאסית,דיפלומט מפיצים (1986) בע`מ,,שמפו קלאסי הד&שולדרס,,500.00,"100 מ""ל",false,,18.90,0.0378,true,1,26976
4015600762902,false,"האד אנד שולדרס שמפו מנטול 500 מ""ל",דיפלומט מפיצים (1986) בע`מ,,שמפו מנטול הד&שולדרס,,500.00,"100 מ""ל",false,,18.90,0.0378,true,1,26980
4017100198151,false,בלזן היט ביסקוויט עם מלית קרם בטעם וניל (41%) 220 גרם,הדקלאים אגודת שיתופי,,היט עוגיות סנדביץ בט,,220.00,100 גרם,false,,8.90,0.0405,true,1,41954
4017100290008,false,בלזן בסקויט חמאה מצופה שוקולד חלב 125 גרם,הדקלאים אגודת שיתופי,,בלזן ביסקוויט מצופה,,125.00,100 גרם,false,,10.90,0.0872,true,1,41961
4018722102656,false,ספגטי כוסמין אורגני 500 גרם,נטורפוד בעמ,,אלב גולד - ספגטי כוס,,500.00,100 גרם,false,,14.90,0.0298,true,1,96974
4018722343141,false,אלב גולד פנה כוסמין אורגני נייר,נטורפוד בעמ,,אלב גולד - פנה כוסמי,,500.00,100 גרם,false,,21.90,0.0438,true,1,97039
4025700001962,false,מילקה טבלה 100 גר' לבן 1/22 (4248023),דיפלומט מפיצים (1968) בעמ**,,מילקה שוקולד לבן 100,,100.00,100 גרם,false,,6.90,0.0690,true,1,67018
4066600999614,false,"בירה פאולנר, בירת חיטה מעוננת, בקבוק 500 מ""ל",טמפו משקאות בע`מ,,בירה פאולנר בקבוק 50,,500.00,"100 מ""ל",false,,10.90,0.0218,true,1,9273
4079400182742,false,"שישיית פילסנר וולטרס 4.9% 330 מ""ל בקבוק",אבאל יזמות בעמ,,בירה פילסנר וולטרס 4,ליטרים,1.98,ליטר,false,,29.90,15.1010,true,1,48927
4084500088917,false,נוזל לניקוי כלים לימון פיירי (650 מל),דיפלומט מפיצים (1986) בע`מ,,פיירי נוזל כלים לימו,,650.00,"100 מ""ל",false,,10.90,0.0168,true,1,27083
4084500149526,false,טייד גל כביסה 2.48 ליטר אלפים רענן,דיפלומט מפיצים (1986) בע`מ,,טייד גל 2.48 ליטר,ליטרים,2.48,ליטר,false,,29.90,12.0565,true,1,27086
4084500853836,false,"נוזל כלים פיירי ורדים ומשי 515 מ""ל בד""צ",דיפלומט מפיצים (1986) בע`מ,,פיירי נוזל כלים ורדי,,515.00,"100 מ""ל",false,,9.90,0.0192,true,1,27104
4100130937163,false,בירה בקס שישייה 6*275 מל,הכרם -משקאות חריפים בע`מ,,"בירה בקס 6* 275 מ""ל",ליטרים,1.65,ליטר,false,,24.90,15.0909,true,1,9960
4260147890513,false,אטריות ביצים דקות ורמיצ'לי 500ג',דין שיווק וקליה 2021 בעמ,,אטריות ביצים דקות במ,,500.00,100 גרם,false,,10.00,0.0200,true,1,4588
4640018993398,false,פיניש קוואנטום 60 יח' קפסולות ג'ל למדיח כלים,רקיט בנקיזר (ניר איסט) בעמ,,פיניש קוואנטום למדיח,יחידה,0.00,יחידה,false,,59.90,0.0000,true,1,64484
4796019790020,false,שמן קוקוס אורגני כבישה קרה גרין קוקו 500,נטורפוד בעמ,,גרין קוקו - שמן קוקו,,500.00,"100 מ""ל",false,,25.90,0.0518,true,1,96517
4800888150080,false,"דאב - דאודורנט רול און לאישה פרש טאצ' מלפפונים 50 מ""ל",יוניליוור ישראל שיווק בע`מ,,דאו' רולאון מלפפונים,,50.00,"100 מ""ל",false,,14.90,0.2980,true,1,10071
4800888219534,false,דאב - דאודורנט סטיק לאישה אנטי פרספירמט 50 גרם,יוניליוור ישראל שיווק בע`מ,,דאורדורנט סטיק אוריג,,50.00,100 גרם,false,,14.90,0.2980,true,1,144314
4860009000014,false,מיץ רימונים 100% סחוט ללא תוספת סוכר,תומר ייבוא ושיווק מוצרי מזון [,,תומר מיץ רימונים גרו,ליטרים,1.00,ליטר,false,,17.90,17.9000,true,1,24924
4860019001414,false,מים מינרליים 750 מל בורזוימי,האי נאם סי או אל.טי.,,בורז'ומי מים מינרלים,,750.00,"100 מ""ל",false,,7.90,0.0105,true,1,11196
4891228430061,false,סכיני גילוח שיק אקזקטה 2 לנשים ורוד 10 יח',הנסיך- מפעל לייצור ט,,סכיני גילוח לאישה שי,יחידה,0.00,יחידה,false,,23.90,0.0000,true,1,21341
4903001904192,false,"רוטב סויה יאמאסה פרימיום 500מ""ל",הדקלאים אגודת שיתופי,,רוטב סויה יאמאסה פרמ,,500.00,"100 מ""ל",false,,17.90,0.0358,true,1,12723
4903001904208,false,רוטב סויה יאמאסה פרימיום 1 ליטר,הדקלאים אגודת שיתופי,,רוטב סויה פרימיום יא,ליטרים,1.00,ליטר,false,,31.90,31.9000,true,1,12724
5000157143365,false,מתבל בטעם מיונז וקטשופ היינץ 425 גרם,דיפלומט מפיצים (1968) בעמ**,,מתבל בטעם מיונז וקטש,,425.00,"100 מ""ל",false,,14.90,0.0351,true,1,5250
5000159020312,false,מלטיזרס אריזה קטנה 37 גרם,"מרס ריגלי ישראל בע""מ",,חטיף מלטיזרס 37 גרם,,37.00,100 גרם,false,,4.90,0.1324,true,1,20738
5000159407236,false,מרס חטיף שוקולד עם קרמל 51 גרם,"מרס ריגלי ישראל בע""מ",,חטיף מרס 51 גרם,,51.00,100 גרם,false,,3.90,0.0765,true,1,20746
5000159414197,false,מלטיזרס-כדורים פריכים בציפוי שוולד חלב 135 גרם,מרס שוקולד צ.אמריקה,,מלטיזרס 135 גרם,,135.00,100 גרם,false,,11.90,0.0881,true,1,281364
5000159452540,false,סניקרס חטיף שוקולד עם בוטנים חמישייה ברי,"מרס ריגלי ישראל בע""מ",,חטיף סניקרס מארז 5*2,יחידה,250.00,יחידה,false,,10.90,0.0436,true,1,138631
5000159538626,false,טוויקס מארז חטיף 50 גרם חמישייה,"מרס ריגלי ישראל בע""מ",,חטיף טוויקס מארז 5*2,,250.00,100 גרם,false,,10.90,0.0436,true,1,138633
5000204243000,false,"נוזל לאסלה אפרסק על חלל 750 מ""ל דאק",טואלט דאק (ג'ונסון),,דאק ג'ל נוזל לאסלה,,750.00,"100 מ""ל",false,,9.90,0.0132,true,1,244561
5000204658187,false,משחת נעליים קראון שחור קיווי (75 מל),אס' סי' ג'ונסון במה,,קיווי נוזל נעליים שח,,75.00,"100 מ""ל",false,,14.50,0.1933,true,1,5655
5010026515919,false,מוזלי קריספי נאטי מורנפלייק 650 גרם,מורנפלייק Mornflake,,מוזלי קריספי אגוזים,,650.00,100 גרם,false,,24.90,0.0383,true,1,161127
5010182998847,false,דאק נוזל לניקוי אסלות בניחוח ים 750 מל,מיוצר עי קונדיטוריית,,דאק ג'ל נוזל לניקוי,,750.00,"100 מ""ל",false,,9.90,0.0132,true,1,5676
5010677551397,false,"בקרדי בריזר בטעם לימון ליים 275 מ""ל",בקרדי בריזר Bacardi Breezer,,בקרדי בריזר ליים,,275.00,"100 מ""ל",false,,13.90,0.0505,true,1,9279
5010677554398,false,בריזר אבטיח בבקבוק בקרדי (275 מל),בקרדי בריזר Bacardi Breezer,,בקרדי בריזר אבטיח,,275.00,"100 מ""ל",false,,13.90,0.0505,true,1,9281
5014271310428,false,מעדן דובדבנים שחורים ללא תוספת סוכר 284 גרם,סאן דלפור - שמבור,,סאן דלפור מעדן דובדב,,284.00,100 גרם,false,,20.90,0.0736,true,1,16767
5014271360423,false,"מעדן תפוזים לל""ס סאן דלפור 284 גרם",סאן דלפור - שמבור,,סאן דלפור מעדן תפוז,,284.00,100 גרם,false,,20.90,0.0736,true,1,16770
5014271400426,false,"מעדן בטעם תות שדה לל""ס סאן דלפור 284 גרם",נטו מלינדה סחר בעמ,,סאן דלפור מעדן תות ש,,284.00,100 גרם,false,,20.90,0.0736,true,1,16774
5014271560427,false,מעדן תפוז וג'ינג'ר ללא סוכר סאן דלפור 284 גר,סאן דלפור - שמבור,,סאן דלפור מעדן תפוז,,284.00,100 גרם,false,,20.90,0.0736,true,1,16775
5029053002408,false,קלינקס - נייר טואולט קליניקס לבן 9 גלילים,קימברלי קלארק ישראל שיווק בעמ,,נייר טואלט קליניקס ל,,275.00,מטר,false,,29.90,0.1087,true,1,8795
5029053039725,false,ממחטות נייר קלינקס נטורל פרש קופסה 72 דף,קימברלי קלארק ישראל שיווק בעמ,,טישו נטורל פרש קופסא,יחידה,0.00,יחידה,false,,9.90,0.0000,true,1,181550
5029053510811,false,תחבושות נורמל פלוס עם כנפיים קוטקס 28 יחידות,קימברלי קלארק ישראל שיווק בעמ,,תחבושות אולטרה נורמל,יחידה,0.00,יחידה,false,,17.90,0.0000,true,1,8804
5029053578309,false,קופסת ממחטות אולטרה סופט 48 דף קלינקס,קימברלי קלארק ישראל שיווק בעמ,,טישו אולטרה סופט קוב,יחידה,0.00,יחידה,false,,6.90,0.0000,true,1,181577
5029054220085,false,האגיס - מגבוני האגיס אקסטרה קר לא מבושם 56 יח' * 4,קימברלי קלארק ישראל שיווק בעמ,,האגיס אקסטרה קר מגבו,יחידה,0.00,יחידה,false,,24.90,0.0000,true,1,8825
5060517886486,false,"משקה אנרגיה מונסטר אנרג'י בפחית 500 מ""ל",החברה המרכזית להפצת משקאות בעמ,,מונסטר אנרג'י פחית 5,,500.00,"100 מ""ל",false,,6.90,0.0138,true,1,6795
5060751218173,false,"משקה אנרגיה מונסטר אנרג'י piplin punch בפחית 500 מ""ל",החברה המרכזית להפצת משקאות בעמ,,מונסטר פייפלין פאנץ',,500.00,"100 מ""ל",false,,6.90,0.0138,true,1,256924
5201004020338,false,גליליות קפריס קרם אגוזים שוקולד 400 גר,משה סידס ובנו בעמ,,קפריס רולס קלאסיק 40,,400.00,100 גרם,false,,19.90,0.0497,true,1,13768
5201347160326,false,גל לשמירה על חיי מכונת הכביסה קלגון 750מ,רקיט בנקיזר (ניר איסט) בעמ,,קלגון גל 750 מ'ל,,750.00,"100 מ""ל",false,,30.90,0.0412,true,1,20850
5201347400545,false,רצועות שעווה מוכנות לשימוש לפנים ולאזורים רגישים,רקיט בנקיזר (ניר איסט) בעמ,,רצועות שעווה לפנים ו,יחידה,0.00,יחידה,false,,30.90,0.0000,true,1,20852
5203064007649,false,עוגיות שוקולד צ'יפס טריפל 180 גרם תומר,,,תומר עוגיות שוקו צ'י,,180.00,100 גרם,false,,9.90,0.0550,true,1,204752
5400265033006,false,המלט- נשיקות מרנג צבעוני 100 גרם,HAMLET NV,,נשיקות מרנג צבעוני 1,,100.00,100 גרם,false,,9.90,0.0990,true,1,284659
5410076933129,false,אריאל אבקת כביסה שושן צחור 3 קג,דיפלומט מפיצים (1986) בע`מ,,אריאל שושן צחור שקית,קילוגרמים,3.00,"ק""ג",false,,34.90,11.6333,true,1,27235
5410126006087,false,ביסקויט ביסקפה לוטוס בטעם קרמל 700גר`ב,דיפלומט מפיצים (1968) בעמ**,,לוטוס עוגיות קרמל 70,,700.00,100 גרם,false,,24.90,0.0356,true,1,5265
5410126106183,false,עוגיות לוטוס 50 יחידות ארוזות בנפרד 312 גרם,דיפלומט מפיצים (1968) בעמ**,,ביסקוויט קרמל 312גרם,,312.00,100 גרם,false,,16.80,0.0538,true,1,5270
5410126116953,false,ממרח ביסקוויט קרמל לוטוס (400 גרם),דיפלומט מפיצים (1968) בעמ**,,לוטוס ממרח ביסקוויט,,400.00,100 גרם,false,,20.90,0.0522,true,1,5272
5410126716016,false,"עוגיות לוטוס ביסקויט קרמל בד""צ 250 גרם",דיפלומט מפיצים (1968) בעמ**,,ביסקוויט בטעם קרמל ל,,250.00,100 גרם,false,,11.90,0.0476,true,1,5274
5410316983693,false,וודקה סמירנוף אייס בודד 275 מ``ל.,החברה המרכזית להפצת משקאות בעמ,,סמירנוף אייס בודד,,275.00,"100 מ""ל",false,,12.90,0.0469,true,1,6812
5411188106159,false,אלפרו סויה לייט מופחת שומן 1.2% 1 ליטר,הנסיך- מפעל לייצור ט,,אלפרו משקה סויה לייט,יחידה,0.00,יחידה,false,,12.90,0.0000,true,1,21366
5411188112709,false,"משקה קוקוס אלפרו 1 ליטר משקה שקדים לל""ס",הנסיך- מפעל לייצור ט,,אלפרו משקה שקדים ללא,יחידה,0.00,יחידה,false,,13.90,0.0000,true,1,21372
5411188115366,false,משקה קוקוס אלפרו 1 ליטר משקה שיבולת שועל 1 ליטר,הנסיך- מפעל לייצור ט,,אלפרו משקה שיבולת שו,יחידה,0.00,יחידה,false,,13.90,0.0000,true,1,21374
5411188115434,false,משקה אלפרו בריסטה סויה 1 ליטר,"שטראוס גרופ בע""מ",,אלפרו משקה בריסטה סו,,1.00,100 ליטר,false,,13.90,13.9000,true,1,267582
5411188115472,false,משקה סויה 1 ליטר אלפרו,הנסיך- מפעל לייצור ט,,אלפרו משקה סויה 1 לי,ליטרים,1.00,ליטר,false,,12.90,12.9000,true,1,83385
5411188120742,false,משקה קוקוס אלפרו 1 ליטר שקדים וניל 1 ל',הנסיך- מפעל לייצור ט,,אלפרו משקה שקדים בטע,ליטרים,1.00,ליטר,false,,13.90,13.9000,true,1,21381
5411188124689,false,משקה אלפרו שיבולת שועל ללא סוכר 1 ליטר,שטראוס גרופ בע`מ,,אלפרו משקה שיבולת שו,יחידה,0.00,יחידה,false,,13.90,0.0000,true,1,104315
5411188127697,false,אלפרו בריסטה משקה שיבולת שועל 1 ליטר,הנסיך- מפעל לייצור ט,,אלפרו משקה בריסטה שי,יחידה,0.00,יחידה,false,,13.90,0.0000,true,1,83386
5411188129899,false,אלפרו בריסטה משקה שקדים 1 ליטר,הנסיך- מפעל לייצור ט,,אלפרו משקה בריסטה שק,יחידה,0.00,יחידה,false,,13.90,0.0000,true,1,83387
5411188134985,false,אלפרו 3.5% NOT M*LK שיבולת שועל 1 ליטר בית יוסף,שטראוס גרופ בעמ/מצונן,,אלפרו 3.5% שומן NOT,ליטרים,1.00,ליטר,false,,12.90,12.9000,true,1,158721
5411188135005,false,אלפרו 1.8% NOT M*LK שיבולת שועל 1 ליטר בית יוסף,שטראוס גרופ בעמ/מצונן,,אלפרו 1.8% שומן NOT,ליטרים,1.00,ליטר,false,,12.90,12.9000,true,1,162047
5411188543398,false,אלפרו משקה סויה 1 ליטר ללא סוכר,הנסיך- מפעל לייצור ט,,אלפרו משקה סויה ללא,ליטרים,1.00,ליטר,false,,12.90,12.9000,true,1,86520
5413121358694,false,שוקולד בלגי מריר משובח 85%פרסטיז 100 גרם,BCG,,שוקולד בלגי מריר 85%,,100.00,100 גרם,false,,11.90,0.1190,true,1,287340
5413121364121,false,"בלגיאן -טראפלס קקאו ""חג שמח"" 150ג'",Q Chocolate,,שוקולד טראפלס קקאו ז,,150.00,100 גרם,false,,14.90,0.0993,true,1,288276
5413149922907,false,"אבקת כביסה קולור וסטייל 5 ק""ג אריאל",דיפלומט מפיצים (1986) בע`מ,,אריאל אבקת כביסה קול,קילוגרמים,5.00,"ק""ג",false,,45.90,9.1800,true,1,27254
5413149922938,false,"אריאל אבקת כביסה שושן צחור, 5 ק""ג",דיפלומט מפיצים (1986) בע`מ,,אריאל אבקת כביסה שוש,קילוגרמים,5.00,"ק""ג",false,,45.90,9.1800,true,1,27255
5601008200468,false,עוגיות גודיס טבעות מצופות שוקולד לבו מרבה 150 גרם,קריניציה ויטמינה אס,,גודיס עוגיות טבעת מצ,,150.00,100 גרם,false,,6.90,0.0460,true,1,21395
5601217129420,false,וולייט דפים למניעת העברת צבע 20 יחידות,רקיט בנקיזר (ניר איסט) בעמ,,וולייט דפים 20 יח',יחידה,0.00,יחידה,false,,19.90,0.0000,true,1,20855
5604912415058,false,סרדינים פורטוס בשמן חמניות חריף 125 גרם,דיפלומט מפיצים (1968) בעמ**,,סרדינים בשמן חמניה ח,,125.00,100 גרם,false,,5.90,0.0472,true,1,5278
5701932026964,false,"הוטפופ גרעיני תירס להכנת פופקורן במיקרוגל בטעם טבעי, בתוספת מלח, 600 גרם",ליימן שליסל בע`מ,,הוט פופ .פופקורן עם,,600.00,100 גרם,false,,14.90,0.0248,true,1,12731
5701932026971,false,הוטפופ גרעיני תירס להכנת פופקורן במיקרוגל בטעם חמאה 600 גרם,ליימן שליסל בע`מ,,הוט פופ פופקורן בטעם,,600.00,100 גרם,false,,14.90,0.0248,true,1,12732
5711953106583,false,גבינת שמנת בטעם טבעי 200 גרם ארלה,שטראוס גרופ בעמ/מצונן,,ארלה גבינת שמנת טבעי,,200.00,100 גרם,false,,15.90,0.0795,true,1,23226
5711953106606,false,גבינת שמנת עם תבלינים ועשבי תיבול 23.5%,שטראוס גרופ בעמ/מצונן,,ארלה גבינת שמנת עשבי,,200.00,100 גרם,false,,15.90,0.0795,true,1,23228
5711953148347,false,גבינת שמנת בטעם טבעי 300 גרם ארלה,שטראוס גרופ בעמ (ח),,גבינת שמנת טבעי ארלה,,300.00,100 גרם,false,,23.90,0.0797,true,1,313969
5740900403215,false,ממרח חמאה דנית לורפק עם מלח 250 גרם,שטראוס גרופ בעמ/מצונן,,ממרח לורפק עם מלח 25,,250.00,100 גרם,false,,16.90,0.0676,true,1,23229
5740900403239,false,ממרח חמאה דנית לורפק ללא מלח 250 גרם,שטראוס גרופ בעמ/מצונן,,ממרח לורפק ללא מלח 2,,250.00,100 גרם,false,,16.90,0.0676,true,1,23231
5740900403246,false,ממרח לורפק ללא תוספת מלח 500 גר,שטראוס גרופ בעמ/מצונן,,ממרח לורפק ללא מלח 5,,500.00,100 גרם,false,,28.90,0.0578,true,1,23232
5740900403253,false,ממרח מחמאת לורפק עם מלח 500 ג',שטראוס גרופ בעמ/מצונן,,ממרח לורפק עם מלח 50,,500.00,100 גרם,false,,28.90,0.0578,true,1,23233
5900020012814,false,דגנים תפוחים בטעם שוקולד נסקוויק נסטלה 500 גרם,קבוצת אוסם סחר שותפות מוגבלת,,דגני בוקר נסקוויק נס,,500.00,100 גרם,false,,24.90,0.0498,true,1,18389
5900020015174,false,פיטנס חטיפי אנרגיה דגנים בטעם שוקולד נסטלה 6*23.5 גרם,קבוצת אוסם סחר-שות.מוגבלת,,פיטנס חטיף דגנים שוק,,141.00,100 גרם,false,,14.90,0.1057,true,1,18390
5900020018908,false,פיטנס חטיפי אנרגיה דגנים בטעם קרם עוגיות נסטלה 6*23.5 גרם,קבוצת אוסם סחר-שות.מוגבלת,,פיטנס חטיף דגנים קרם,,141.00,100 גרם,false,,14.90,0.1057,true,1,18391
5900020022325,false,חטיף סיני מיניס Cini Minis בטעם קינמון - 6 במארז,קבוצת אוסם סחר שותפות מוגבלת,,חטיף דגנים סיני מיני,,150.00,100 גרם,false,,16.90,0.1127,true,1,18396
5900020024817,false,פיטנס דליס Fitness Delice חטיף דגנים עם שוקולד לבן,קבוצת אוסם סחר שותפות מוגבלת,,פיטנס בר דליס שוקולד,,135.00,100 גרם,false,,14.90,0.1104,true,1,18398
5900020025647,false,חטיף דגנים פיטנס שוקולד חלב 135 גרם מארז 6 יחידות,קבוצת אוסם סחר שותפות מוגבלת,,פיטנס בר דליס שוקולד,,135.00,100 גרם,false,,14.90,0.1104,true,1,18400
5900020026552,false,דגני בוקר האני נאט צ'יריוס בטעם דבש ושקדים,קבוצת אוסם סחר שותפות מוגבלת,,האני נאט ציריוס נסטל,,625.00,100 גרם,false,,24.90,0.0398,true,1,18405
5900020029669,false,פיטנס - חטיף דגנים פירות יער 23.50 גרם * 6,קבוצת אוסם סחר שותפות מוגבלת,,פיטנס חטיף דגנים פיר,,141.00,100 גרם,false,,14.90,0.1057,true,1,18407
5900020031877,false,נסטלה האני ציריוס חטיף דגני בוקר שישייה,קבוצת אוסם סחר-שות.מוגבלת,,חטיף דגנים צ'יריוס ה,,132.00,100 גרם,false,,16.90,0.1280,true,1,18409
5900020034021,false,פיטנס חטיף דגנים שוקו בננה נסטלה (23.5x6,קבוצת אוסם סחר שותפות מוגבלת,,פיטנס חטיף דגנים שוק,,141.00,100 גרם,false,,16.90,0.1199,true,1,18411
5900020037916,false,דגני בוקר שיבולת שועל צ'ריוס 375ג',קבוצת אוסם סחר שותפות מוגבלת,,צ'יריוס שיבולת שועל,,375.00,100 גרם,false,,15.90,0.0424,true,1,142017
5900020039620,false,פיטנס חטיף דגנים שקדים ודבש פרווה 8 6*23 ג,קבוצת אוסם סחר שותפות מוגבלת,,חטיף דגנים שקדים ודב,,141.00,100 גרם,false,,14.90,0.1057,true,1,190767
5900627027020,false,"ויט קרם להסרת שיער בזמן מקלחת לעור רגיל 150 מ""ל",רקיט בנקיזר (ניר איסט) בעמ,,ויט ספא תמציות משי,,150.00,"100 מ""ל",false,,39.90,0.2660,true,1,20859
5900627063233,false,טבליות למדיח הכל ב-1 פיניש מקס 50 יחידות,רקיט בנקיזר (ניר איסט) בעמ,,50 יח AIO טבליות פינ,,800.00,100 גרם,false,,39.90,0.0499,true,1,20870
5902768865677,true,עוגיות שוקולד צ'יפס,,,עוגיות שוקולד צ'יפס,,150.00,100 גרם,false,,5.90,0.0393,true,1,49904
5904941751302,false,משקה אנרגיה בפחית בלו (250 מל),בני פאוזי שמשום (2009) בעמ,,בלו משקה אנרגיה 250,,250.00,"100 מ""ל",false,,4.50,0.0180,true,1,1814
5906485301012,false,משקה אנרגיה XL מוגז פחית 250 מל,"טמפו משקאות בע""מ",,אקס אל משקה אנרגיה 2,,250.00,"100 מ""ל",false,,4.50,0.0180,true,1,9289
5941021005139,false,טבלת שוקולד חלב שקד היידי גראנדור 100 ג',,,טבלת היידי גראנדור ח,,100.00,100 גרם,false,,9.90,0.0990,true,1,266929
5998623530644,false,אדלמה - פינו גרגיו סמוק - יין רוזה יבש (כשר),מ.אקרמן בעמ,,פינו גריג'יו רוזה חצ,,750.00,"100 מ""ל",false,,39.90,0.0532,true,1,248293
6102017501939,false,מצת להבה לגז brico {במעמד},אוהב ציון בעמ (מבצעים),,מצת מהודר,יחידה,0.00,יחידה,false,,9.90,0.0000,true,1,31077
6111094000013,false,קוסקוס להכנה מהירה דארי (1 קג),תומר ייבוא ושיווק מוצרי מזון [,,קוסקוס בינוני דארי 1,קילוגרמים,1.00,"ק""ג",false,,17.90,17.9000,true,1,24925
6910191800287,false,אצות נורי בלו 10 דף (ננגטונג),מזרח ומערב יבוא ושיווק,,אצות נורי לסושי מזרח,,25.00,100 גרם,false,,11.90,0.4760,true,1,47578
6936745600783,false,"חומץ אורז מזרח מערב 500 מ""ל",מזרח ומערב יבוא ושיווק,,"חומץ אורז 500 מ""ל (ד",,500.00,100 גרם,false,,14.90,0.0298,true,1,47583
7046110030608,false,גורדן זוג מברשות שיניים טרגט סנסיטיב,דנטלון,,זוג מברשות סנסטיב ג',יחידה,0.00,יחידה,false,,22.90,0.0000,true,1,5715
7290000000626,false,ברוקולי ארוז במגשית,,,ברוקולי ארוז במגשית,,1.00,יח',false,,9.90,9.9000,true,1,208239
7290000000978,true,חסה כשר,,,חסה כשר,,1.00,יח',false,,6.90,6.9000,true,1,47740
7290000002247,false,חלומי גד 24% במשקל,,,חלומי גד 24% במשקל,קילוגרמים,1.00,"ק""ג",true,,97.00,97.0000,true,1,14549
7290000002667,false,בולגרית מסורתית גד 5,,,בולגרית מסורתית גד 5,קילוגרמים,1.00,"ק""ג",true,,56.00,56.0000,true,1,14551
7290000002858,false,פטה עזים גד 5% במשקל,,,פטה עזים גד 5% במשקל,קילוגרמים,1.00,"ק""ג",true,,120.00,120.0000,true,1,14552
7290000002889,false,גורגונזולה פיקנטי/דו,,,גבינות שמנת שום שמיר,קילוגרמים,1.00,"ק""ג",true,,47.00,47.0000,true,1,14554
7290000002957,false,פטה עיזים גד 16% במש,,,פטה עיזים גד 16% במש,קילוגרמים,1.00,"ק""ג",true,,115.00,115.0000,true,1,14560
7290000003503,false,כנפיים עוף טרי,,,כנפיים עוף טרי,קילוגרמים,1.00,"ק""ג",true,,10.90,10.9000,true,1,26504
7290000004754,false,מוצרלה כדור קטן גד 1,,,מוצרלה כדור קטן גד 1,קילוגרמים,1.00,"ק""ג",true,,95.00,95.0000,true,1,14568
7290000004792,false,בולגרית מעודנת גד 5%,,,בולגרית מעודנת גד 5%,קילוגרמים,1.00,"ק""ג",true,,56.00,56.0000,true,1,14569
7290000004815,false,מוצרלה גד 22% במשקל,,,מוצרלה גד 22% במשקל,קילוגרמים,1.00,"ק""ג",true,,80.00,80.0000,true,1,14570
7290000004921,false,ריקוטה גד 5% במשקל,,,ריקוטה גד 5% במשקל,קילוגרמים,1.00,"ק""ג",true,,60.00,60.0000,true,1,14573
7290000004969,false,גבינות שמנת טבעי גד,,,גבינות שמנת טבעי גד,קילוגרמים,1.00,"ק""ג",true,,47.00,47.0000,true,1,14576
7290000004983,false,לאבנה גד 5% במשקל,,,לאבנה גד 5% במשקל,קילוגרמים,1.00,"ק""ג",true,,42.00,42.0000,true,1,14578
7290000004990,false,כדור גדול מוצרלה גד,,,כדור גדול מוצרלה גד,קילוגרמים,1.00,"ק""ג",true,,95.00,95.0000,true,1,14579
7290000005455,false,בולגרית מעודנת מהדרי,,,בולגרית מעודנת מהדרי,קילוגרמים,1.00,"ק""ג",true,,60.00,60.0000,true,1,14585
7290000006021,false,ניצן מעדן קוביות פטה,,,פטה מעדן סלט קוביות,קילוגרמים,1.00,"ק""ג",true,,75.00,75.0000,true,1,6150
7290000009350,false,בשר טחון טרי,,,בשר טחון טרי,קילוגרמים,1.00,"ק""ג",true,,37.90,37.9000,true,1,299692
7290000009352,false,בשר טחון פרימיום טרי,,,בשר טחון פרימיום טרי,קילוגרמים,1.00,"ק""ג",true,,49.90,49.9000,true,1,299974
7290000009354,false,צלעות בקר טרי,,,צלעות בקר טרי,קילוגרמים,1.00,"ק""ג",true,,59.90,59.9000,true,1,300141
7290000009399,false,סינטה טרי,,,סינטה טרי,קילוגרמים,1.00,"ק""ג",true,,129.90,129.9000,true,1,301177
7290000011229,false,בולגרית חלקה המושבה,,,בולגרית חלקה המושבה,קילוגרמים,1.00,"ק""ג",true,,45.00,45.0000,true,1,14784
7290000011236,false,בולגרית מעודנת המושב,,,בולגרית מעודנת המושב,קילוגרמים,1.00,"ק""ג",true,,45.00,45.0000,true,1,14785
7290000011397,false,ברי בקר/קממבר המושבה,,,ברי בקר/קממבר המושבה,קילוגרמים,1.00,"ק""ג",true,,100.00,100.0000,true,1,14790
7290000011427,false,אצבעות שוקולד וניל ה,,,אצבעות שוקולד וניל ה,קילוגרמים,1.00,"ק""ג",true,,60.00,60.0000,true,1,14791
7290000011593,false,שזיף,,,שזיף,קילוגרמים,1.00,"ק""ג",true,,19.90,19.9000,true,1,50958
7290000013006,false,פסטרמה מקסיקנית זוגל,,,פסטרמה מקסיקנית 1% ז,קילוגרמים,1.00,"ק""ג",true,,80.00,80.0000,true,1,38872
7290000013037,false,פסטרמה פרגיות על לבנ,,,פסט. פרגיות על לבנים,קילוגרמים,1.00,"ק""ג",true,,80.00,80.0000,true,1,38874
7290000013174,false,פסטרמה של פעם זוגלוב,,,פסט. של פעם 2% זוגלו,קילוגרמים,1.00,"ק""ג",true,,82.00,82.0000,true,1,38876
7290000014510,false,חסה עגולה,,,חסה עגולה,,1.00,יח',false,,6.90,6.9000,true,1,50959
7290000021003,false,עוף טרי שלם,,,עוף טרי שלם,קילוגרמים,1.00,"ק""ג",true,,18.90,18.9000,true,1,26527
7290000024240,false,יין רזרב שרדונה 750 מל שביעית,טמפו משקאות בע`מ,,"שרדונה רזרבד 750 מ""ל",,750.00,"100 מ""ל",false,,42.90,0.0572,true,1,9323
7290000024523,false,"תירוש של סגל ,מיץ ענבים , 1 ליטר",כרמי צבי - האחים סגל,,תירוש של סגל 1 ליטר,ליטרים,1.00,ליטר,false,,13.90,13.9000,true,1,9328
7290000032665,false,רוטב עגבניות 28% 580ג' פרי זה,זנלכל בעמ,,רוטב עגבניות 28% ברי,,580.00,100 גרם,false,,7.52,0.0130,true,1,8614
7290000035324,false,בולגרית חלב נוכרי פי,,,בולגרית חלב נוכרי פי,קילוגרמים,1.00,"ק""ג",true,,41.00,41.0000,true,1,25619
7290000040042,false,יוגורט יופלה תות 3% שומן 150 גרם,"תנובה בע""מ ***",,יופלה תות שובב 3% 15,,150.00,"100 מ""ל",false,,4.90,0.0327,true,1,25705
7290000040080,false,יוגורט יופלה אפרסק 3% שומן 150 גרם,"תנובה בע""מ ***",,יופלה אפרסק מאוהב 3%,,150.00,"100 מ""ל",false,,4.90,0.0327,true,1,25707
7290000040301,false,תנובה עין גדי קממבר מחלב בקר 24% שומן,תנובה מרכז שיתופי לש,,תנובה גבינת קממבר עי,,125.00,100 גרם,false,,16.90,0.1352,true,1,25708
7290000040318,false,גבינת עדי ברי 24% קולאז` (125 גרם)קולקש,תנובה מרכז שיתופי לש,,תנובה גבינת ברי 24%,,125.00,100 גרם,false,,18.90,0.1512,true,1,25709
7290000040974,false,חלב 2% דל לקטוז בקרטון תנובה (1 ליטר),תנובה מרכז שיתופי לש,,חלב תנובה קרטון דל ל,ליטרים,1.00,ליטר,false,,7.10,7.1000,true,1,25712
7290000041445,false,קוטג תנובה גביע 250 גרם 5% בדצ,מיוצר עי קונדיטוריית,,"קוטג' 5% תנובה בד""צ",,250.00,100 גרם,false,,5.50,0.0220,true,1,25714
7290000041452,false,גבינת קוטג`9% מהדרין תנובה (250 גרם),תנובה מרכז שיתופי לש,,"קוטג' תנובה בד""צ 9%",,250.00,100 גרם,false,,5.50,0.0220,true,1,25715
7290000041858,false,"שמנת חמוצה 15% מועשרת יטבתה 200 מ""ל",שטראוס גרופ בעמ/מצונן,,יטבתה שמנת חמוצה 15%,,200.00,"100 מ""ל",false,,2.50,0.0125,true,1,23235
7290000041865,false,"לבן 4.5% שומן מהדרין ""יטבתה""",שטראוס גרופ בעמ/מצונן,,יטבתה לבן 4.5% 200מל,,200.00,"100 מ""ל",false,,2.50,0.0125,true,1,23236
7290000042008,false,חלב 3% בשקית תנובה (1 ליטר)פיקוח,"תנובה, מחלבת רחובות",,חלב תנובה רבנות 3% ב,ליטרים,1.00,ליטר,false,,5.43,5.4300,true,1,25716
7290000042015,false,חלב 3% בשקית בדצ תנובה (1 ליטר)פיקוח,תנובה מרכז שיתופי לש,,חלב תנובה טרי שקית,יחידה,0.00,יחידה,false,,5.43,0.0000,true,1,25717
7290000042404,false,חלב 3% מועשר מהדרין בשקית יטבתה (1 ליטר),שטראוס גרופ בעמ/מצונן,,יטבתה חלב מועשר שקית,ליטרים,1.00,ליטר,false,,5.90,5.9000,true,1,23238
7290000042435,false,חלב דל שומן 1% בקרטון תנובה (1 ליטר)פיק,תנובה מרכז שיתופי לש,,חלב תנובה בקרטון 1%,ליטרים,1.00,ליטר,false,,5.86,5.8600,true,1,25723
7290000042442,false,"חלב תנובה טרי 3% ""תנובה"" - מוצר בפיקוח",תנובה בעמ ***,,חלב תנובה בקרטון רבנ,ליטרים,1.00,ליטר,false,,6.23,6.2300,true,1,25724
7290000042640,false,"חלב תנובה עמיד 3% קרטון 250 מ""ל",תנובה מרכז שיתופי לש,,חלב תנובה עמיד 3% מה,,250.00,"100 מ""ל",false,,2.90,0.0116,true,1,25728
7290000042855,false,"שוקו בשקית 250 מ""ל ""יטבתה""",שטראוס גרופ בעמ/מצונן,,יטבתה שוקו שקית 225,,225.00,"100 מ""ל",false,,2.90,0.0129,true,1,23240
7290000043111,false,תנובה חמאה 200 גרם - מוצר בפיקוח,תנובה מרכז שיתופי לש,,חמאה תנובה רבנות 200,,200.00,100 גרם,false,,7.88,0.0394,true,1,25731
7290000043814,false,השף הלבן שמנת להקצפה 38% שומן 250 מל - מוצר בפיקוח,תנובה מרכז שיתופי לש,,שף לבן שמנת לקצפת עמ,,250.00,"100 מ""ל",false,,6.47,0.0259,true,1,25733
7290000043890,false,תנובה רויון לבן מחלב מפסוטר 1.5%,תנובה מרכז שיתופי לש,,ריויון 1.5% 1ל,ליטרים,1.00,ליטר,false,,10.90,10.9000,true,1,25734
7290000043944,false,כד יוגורט תנובה 4% שומן 1.5 ליטר,מיוצר עי קונדיטוריית,,יוגורט כדים תנובה 1.,ליטרים,1.50,ליטר,false,,15.90,10.6000,true,1,25735
7290000044712,false,יוגורט עם תות 1.5% שומן 500 ג' פרילי,מיוצר עי קונדיטוריית,,פרילי תות 1.5% 500מל,,500.00,"100 מ""ל",false,,10.90,0.0218,true,1,25739
7290000045580,false,גבינה מותכת נעמה חורש תנובה 240 גרם,תנובה מרכז שיתופי לש,,נעמה גבינת מותכת 25%,,240.00,100 גרם,false,,17.90,0.0746,true,1,25744
7290000046020,false,"גלבוע 22% שקילה}גבנ""צ{*.",תנובה מרכז שיתופי לש,,גלבוע 22% במשקל,קילוגרמים,1.00,"ק""ג",true,,42.58,42.5800,true,1,25625
7290000046327,false,גלבוע גבינה צהובה פרוסה 22% תנובה 200 גרם,תנובה מרכז שיתופי לש,,גלבוע גבינה פרוסה 22,,200.00,100 גרם,false,,12.60,0.0630,true,1,25747
7290000046563,false,קולאג 23% פרמזן חריץ תנובה,תנובה מרכז שיתופי לש,,גבע פרמזן תנובה במשק,קילוגרמים,1.00,"ק""ג",true,,109.00,109.0000,true,1,25632
7290000047485,false,גבינה בולגרית במשקל,תנובה מרכז שיתופי לש,,בולגרית פיראוס 24% ב,קילוגרמים,1.00,"ק""ג",true,,55.90,55.9000,true,1,25637
7290000047546,false,השף הלבן כנען גבינה לבנה דלת נתרן 5% תנובה 500 גרם,תנובה מרכז שיתופי לש,,שף לבן כנען 5% 500ג,,500.00,100 גרם,false,,23.90,0.0478,true,1,25748
7290000047730,false,סלמון פילה מעושן מצו,,,סלמון פילה מעושן מצו,קילוגרמים,1.00,"ק""ג",true,,189.00,189.0000,true,1,16498
7290000047942,false,**תנובה גבינה לבנה מהדרין 9% 250ג,תנובה מרכז שיתופי לש,,תנובה גבינה לבנה 9%,,250.00,100 גרם,false,,4.75,0.0190,true,1,25750
7290000048185,false,גבינה לבנה 5% תנובה 250 גרם מהדרין,מיוצר עי קונדיטוריית,,גבינה לבנה רכה 5% תנ,,250.00,100 גרם,false,,4.98,0.0199,true,1,25751
7290000048192,false,גבינה לבנה 9% תנובה 250 גרם מהדרין,מחלבת אלון תבור,,גבינה לבנה רכה 9% בד,,250.00,100 גרם,false,,4.70,0.0188,true,1,25752
7290000048413,false,גבינה חמד (25016% גרם)פיראוס תנובה,תנובה מרכז שיתופי לש,,פיראוס חמד 16% 250ג,,250.00,100 גרם,false,,17.90,0.0716,true,1,25754
7290000048437,false,גבינת צפתית (2005% גרם)פיראוס תנובה,פארייפאבה אגרואינדוס,,פיראוס צפתית 5% 200,,200.00,100 גרם,false,,13.90,0.0695,true,1,25755
7290000052311,false,גבינה צהובה עמק לייט 15% שומן 200 גרם,תנובה מרכז שיתופי לש,,עמק מהדרין 15% 200 ג,,200.00,100 גרם,false,,15.80,0.0790,true,1,25777
7290000052649,false,לאבנה אסלית (5005% גרם)פיראוס תנובה,תנובה מרכז שיתופי לש,,פיראוס לאבנה 5% 500ג,,500.00,100 גרם,false,,19.90,0.0398,true,1,25779
7290000053219,false,טל העמק חריץ 32% במשקל,תנובה מרכז שיתופי לש,,טל העמק 32% במשקל,קילוגרמים,1.00,"ק""ג",true,,58.00,58.0000,true,1,25640
7290000055015,false,פיראוס גבינת פטה כבשים 5% תנובה 250 גרם,תנובה מחלבת טנא נוגה,,פיראוס גבינת פטה כבש,,250.00,100 גרם,false,,26.90,0.1076,true,1,25791
7290000055336,false,"משקה יוגורט 1.5% בטעם בננה אפרסק יופלה 250 מ""ל",תנובה מרכז שיתופי לש,,יופלה משקה יוגורט בנ,,250.00,"100 מ""ל",false,,5.50,0.0220,true,1,25794
7290000055343,false,משקה יוגורט יופלה פירות טרופיים 250 גרם,תנובה מרכז שיתופי לש,,יופלה משקה יוגורט טר,,250.00,"100 מ""ל",false,,5.50,0.0220,true,1,25795
7290000055350,false,גבינה צהובה חריץ עמק 28% במשקל,תנובה מרכז שיתופי לש,,עמק קלאסית 28% במשקל,קילוגרמים,1.00,"ק""ג",true,,44.79,44.7900,true,1,25642
7290000055893,false,חמאה משמנת מפוסטרת 200גרם 82% כ.מהדרין - מוצר בפיקוח,תנובה מרכז שיתופי לש,,חמאה מהדרין תנובה 20,,200.00,100 גרם,false,,7.88,0.0394,true,1,25801
7290000056081,false,מארז יוגורט פרילי טבע 6*200 גרם,מיוצר עי קונדיטוריית,,"פרילי טבע 6*200 מ""ל",קילוגרמים,1.20,"ק""ג",false,,21.90,18.2500,true,1,25803
7290000056845,false,תנובה חלב טרי 3% שומן 1.5 ליטר - מוצר בפיקוח,פארייפאבה אגרואינדוס,,חלב תנובה בקרטון 3%,ליטרים,1.50,ליטר,false,,9.34,6.2267,true,1,25809
7290000056890,false,שמיניית דיאט יופלה 0% טעמים שונים 150 גרם,מיוצר עי קונדיטוריית,,יופלה דיאט טעמים שונ,קילוגרמים,1.20,"ק""ג",false,,29.90,24.9167,true,1,25811
7290000056951,false,"תנובה, השף הלבן, שמנת לבישול 15% שומן 500 מל",תנובה מרכז שיתופי לש,,שף לבן שמנת לבישול +,,500.00,"100 מ""ל",false,,15.90,0.0318,true,1,25814
7290000057088,false,עמק גבינה צהובה פרוסה דק דק 28% תנובה 200 גרם,תנובה מרכז שיתופי לש,,עמק דק דק 28% 200גר,,200.00,100 גרם,false,,15.90,0.0795,true,1,25817
7290000057118,false,גבינה צהובה עמק 28% שומן ואקום 400 גרם,תנובה מרכז שיתופי לש,,עמק סמי 28% 400 גר,,400.00,100 גרם,false,,20.90,0.0522,true,1,25818
7290000057477,false,חלב טרי 3% הומוגני תנובה קרטון 1.5 ל',תנובה מרכז שיתופי לש,,חלב תנובה בקרטון 3%,ליטרים,1.50,ליטר,false,,9.34,6.2267,true,1,25821
7290000057552,false,יופלה דיאט עוגת גבינה ותות 0% גביע 150ג',תנובה - חלב,,יופלה דיאט ע.גבינה ו,,150.00,"100 מ""ל",false,,4.90,0.0327,true,1,25823
7290000058030,false,"שמיניית יופלה שטוזים משקה יוגורט תות 100 מ""ל",מיוצר עי קונדיטוריית,,יופלה שטוזים משקה יו,,800.00,"100 מ""ל",false,,20.90,0.0261,true,1,25825
7290000058047,false,שמנת להקצפה 38% 500מל מהדרין עמיד השף הלבן,תנובה מרכז שיתופי לש,,שף לבן שמנת מתוקה מה,,500.00,"100 מ""ל",false,,12.94,0.0259,true,1,25826
7290000060071,false,אוסם - חטיפי פריכונים מאורז מלא קלוי 80גר,קבוצת אוסם סחר שותפות מוגבלת,,חטיפי פריכונים מאורז,,80.00,100 גרם,false,,7.90,0.0988,true,1,18418
7290000060088,false,בייגלה מקלות עם מלח אסם (400 גרם),קבוצת אוסם סחר שותפות מוגבלת,,בייגלה אסם מקלות מלו,,400.00,100 גרם,false,,9.90,0.0248,true,1,18419
7290000060200,false,פסטה אסם פתיתים אפויים קוסקוס 500גר,קבוצת אוסם סחר שותפות מוגבלת,,פתיתים אפויים קוסקוס,,500.00,100 גרם,false,,6.90,0.0138,true,1,18423
7290000060217,false,פסטה מקרוני מספר 7 אסם (500 גרם),קבוצת אוסם סחר שותפות מוגבלת,,פסטה מקרוני אסם 500,,500.00,100 גרם,false,,5.90,0.0118,true,1,18424
7290000060248,false,פסטה אסם פתיתים תלתלים 500 גר',קבוצת אוסם סחר שותפות מוגבלת,,פסטה תלתלים אסם 500,,500.00,100 גרם,false,,5.90,0.0118,true,1,18425
7290000060316,false,פרפקטו ספגטי מס' 8 אסם 500 גרם,קבוצת אוסם סחר שותפות מוגבלת,,פסטה ספגטי פרפקטו 50,,500.00,100 גרם,false,,6.90,0.0138,true,1,18427
7290000060330,false,פרפקטו פרפקטו ספיראלי גירף 500 גר,קבוצת אוסם סחר שותפות מוגבלת,,פסטה ספירלי פרפקטו 5,,500.00,100 גרם,false,,6.90,0.0138,true,1,18429
7290000060408,false,פסטה אסם פתיתים אפויים טבעות 500 גר,קבוצת אוסם סחר שותפות מוגבלת,,פתיתים אפויים טבעות,,500.00,100 גרם,false,,6.90,0.0138,true,1,18431
7290000060415,false,"פסטה פרפקטו לאזניה 500 ג' ""אסם""",קבוצת אוסם סחר שותפות מוגבלת,,לזאניה פרפקטו 500 ג,,500.00,100 גרם,false,,12.90,0.0258,true,1,18432
7290000060781,false,פרומנטי פתיתים מסולסלים אוסם,קבוצת אוסם סחר שותפות מוגבלת,,פסטה מסולסלים אסם 50,,500.00,100 גרם,false,,5.90,0.0118,true,1,18439
7290000060828,false,פסטה קרניים בינוניות אסם (500 גרם),קבוצת אוסם סחר שותפות מוגבלת,,פסטה קרניים בינוניות,,500.00,100 גרם,false,,5.90,0.0118,true,1,18440
7290000060842,false,פסטה אסם פתיתים צדפים גדולים 500גר,קבוצת אוסם סחר שותפות מוגבלת,,פסטה צדפים גדולים אס,,500.00,100 גרם,false,,5.90,0.0118,true,1,18441
7290000060880,false,פסטה ספגטי מספר 8 אסם 500 גרם,קבוצת אוסם סחר שותפות מוגבלת,,ספגטי אסם 500 גרם,,500.00,100 גרם,false,,5.90,0.0118,true,1,18444
7290000060903,false,פסטה אסם פתיתים אפויים אורז 500גר,קבוצת אוסם סחר שותפות מוגבלת,,פתיתים אפויים אורז א,,500.00,100 גרם,false,,6.90,0.0138,true,1,18445
7290000060958,false,אטריות מובחרות בינוניות אסם (400 גרם),קבוצת אוסם סחר שותפות מוגבלת,,אטריות בינוניות אסם,,400.00,100 גרם,false,,6.90,0.0173,true,1,18447
7290000061025,false,בולגרית המושבה 5% במ,,,בולגרית המושבה 5% במ,קילוגרמים,1.00,"ק""ג",true,,50.00,50.0000,true,1,14798
7290000061056,false,צפתית פרח המושבה 5%,,,צפתית פרח המושבה 5%,קילוגרמים,1.00,"ק""ג",true,,48.00,48.0000,true,1,14799
7290000061061,false,קרקר חיטה עם בצל אסם,קבוצת אוסם סחר שותפות מוגבלת,,אסם קרקר בצל 250גרם,,250.00,100 גרם,false,,9.90,0.0396,true,1,18450
7290000061063,false,קש המושבה 9% במשקל,,,קש המושבה 9% במשקל,קילוגרמים,1.00,"ק""ג",true,,54.00,54.0000,true,1,14800
7290000061108,false,"רוטב טריאקי 290 מ""ל-בקבוק",קבוצת אוסם סחר שותפות מוגבלת,,רוטב טריאקי אסם 290,,290.00,"100 מ""ל",false,,9.90,0.0341,true,1,18452
7290000061245,false,עוגיות שוקוצ'יפס במילוי שוקולד אסם 220 גרם,קבוצת אוסם סחר-שות.מוגבלת,,אסם עוגיות שוקוצ'יפס,,220.00,100 גרם,false,,9.90,0.0450,true,1,18454
7290000061278,false,גבינת שמנת טבעית המו,,,גבינת שמנת טבעית המו,קילוגרמים,1.00,"ק""ג",true,,42.00,42.0000,true,1,14803
7290000061360,false,צפתית קצח המושבה 5%,,,צפתית קצח המושבה 5%,קילוגרמים,1.00,"ק""ג",true,,54.00,54.0000,true,1,14806
7290000061421,false,גבינת חלומי המושבה 2,,,גבינת חלומי המושבה 2,קילוגרמים,1.00,"ק""ג",true,,80.00,80.0000,true,1,14810
7290000061764,false,קפה נמס מגורען רד מאג 200 גרם,קבוצת אוסם סחר שותפות מוגבלת,,נס קפה רד מאג טעם חד,,200.00,100 גרם,false,,19.90,0.0995,true,1,18457
7290000062952,false,אוסם - מיני קרוטונים למרק ולסלט 250 גרם,קבוצת אוסם סחר שותפות מוגבלת,,מיני קרוטונים למרק ו,,250.00,100 גרם,false,,13.90,0.0556,true,1,18463
7290000063133,false,אסם שקדי מרק רכיבים טבעיים 24*100גרם,קבוצת אוסם סחר שותפות מוגבלת,,שקדי מרק רכיבים טבעי,,100.00,100 גרם,false,,5.90,0.0590,true,1,18467
7290000063140,false,שקדי מרק רכיבים טבעיים בשקית 400 ג' אסם,קבוצת אוסם סחר שותפות מוגבלת,,שקדי מרק רכיבים טבעי,,400.00,100 גרם,false,,10.90,0.0273,true,1,18468
7290000063157,false,"קמח עוגה תופח מאליו אסם 1 ק""ג",קבוצת אוסם סחר שותפות מוגבלת,,קמח עוגה תופח מאליו,קילוגרמים,1.00,"ק""ג",false,,7.90,7.9000,true,1,18469
7290000064758,false,קוסקוס בינוני אמיתי אסם 350 ג',קבוצת אוסם סחר שותפות מוגבלת,,קוסקוס אמיתי אסם 350,,350.00,100 גרם,false,,7.90,0.0226,true,1,18479
7290000064871,false,"אוסם - מנה חמה פירה תפו""א עם בצל 56 גרם",קבוצת אוסם סחר שותפות מוגבלת,,"מנה חמה פירה תפו""א ו",,56.00,100 גרם,false,,5.90,0.1054,true,1,18480
7290000065090,false,מיני קרוטונים מתובלים למרק ולסלט אסם 400 גרם,קבוצת אוסם סחר שותפות מוגבלת,,מיני קרוטונים למרק ו,,400.00,100 גרם,false,,20.90,0.0522,true,1,18481
7290000065335,false,אוסם - מנה חמה פירה עם ירקות 55 גרם,קבוצת אוסם סחר שותפות מוגבלת,,מנה חמה פירה וירקות,,55.00,100 גרם,false,,5.90,0.1073,true,1,18483
7290000065557,false,אוסם - מנה חמה קוסקוס עם ירקות 84 גרם,קבוצת אוסם סחר שותפות מוגבלת,,מנה חמה קוסקוס וירקו,,84.00,100 גרם,false,,5.90,0.0702,true,1,18485
7290000065977,false,אסם חטיפי פריכונים תירס שומשום 80 גרם,קבוצת אוסם סחר שותפות מוגבלת,,חטיפי פריכונים תירס,,80.00,100 גרם,false,,7.90,0.0988,true,1,18491
7290000066141,false,ביסלי חטיף בטעם גריל אסם (70 גרם),קבוצת אוסם סחר שותפות מוגבלת,,ביסלי גריל 70 גר'.,,70.00,100 גרם,false,,3.90,0.0557,true,1,18493
7290000066189,false,ביסלי חטיף בטעם פלאפל אסם (200 גרם),קבוצת אוסם סחר שותפות מוגבלת,,ביסלי גדול פלאפל 200,,200.00,100 גרם,false,,6.90,0.0345,true,1,18497
7290000066196,false,ביסלי חטיף בטעם גריל אסם (200 גרם),קבוצת אוסם סחר שותפות מוגבלת,,ביסלי גריל 200גרם,,200.00,100 גרם,false,,6.90,0.0345,true,1,18498
7290000066226,false,ביסלי חטיף בטעם פיצה אסם (200 גרם),קבוצת אוסם סחר שותפות מוגבלת,,ביסלי טעם פיצה 200גר,,200.00,100 גרם,false,,6.90,0.0345,true,1,18501
7290000066295,false,אסם במבה תות מחומרים טבעיים 30גר,קבוצת אוסם סחר שותפות מוגבלת,,במבה מתוקה מחומרים ט,,30.00,100 גרם,false,,2.90,0.0967,true,1,18503
7290000066318,false,במבה חטיף בוטנים אסם 80 גרם,קבוצת אוסם סחר שותפות מוגבלת,,במבה קלאסי 80 גרם,,80.00,100 גרם,false,,4.50,0.0563,true,1,18505
7290000066332,false,אפרופו חטיף תירס אסם (50 גרם),קבוצת אוסם סחר שותפות מוגבלת,,אפרופו 50 גרם,,50.00,100 גרם,false,,5.00,0.1000,true,1,18506
7290000066349,false,אפרופו חטיף תירס אסם (100 גרם),קבוצת אוסם סחר-שות.מוגבלת,,אפרופו 100גרם,,100.00,100 גרם,false,,8.90,0.0890,true,1,18507
7290000066431,false,פופקו חטיף פופקורן בטעם חמאה ודבש אסם 80 גרם,קבוצת אוסם סחר שותפות מוגבלת,,פופקו חמאה ודבש 80גר,,80.00,100 גרם,false,,4.90,0.0613,true,1,18508
7290000067407,false,פרורית מתובלת בשקית 200 גרם,קבוצת אוסם סחר שותפות מוגבלת,,פירורית מתובל שקית 2,,200.00,100 גרם,false,,6.50,0.0325,true,1,18515
7290000067544,false,פירורית זהב פירורי לחם אסם 200 גרם,קבוצת אוסם סחר שותפות מוגבלת,,אסם פירורית פירורי ל,,200.00,100 גרם,false,,6.50,0.0325,true,1,18517
7290000067599,false,מנה חמה ספגטי ברוטב בולונז אסם 65 גרם,קבוצת אוסם סחר שותפות מוגבלת,,מנה חמה ספגטי בולונז,,65.00,100 גרם,false,,5.90,0.0908,true,1,18521
7290000068138,false,אינסטנט פודינג בטעם וניל אסם 80 גרם,קבוצת אוסם סחר שותפות מוגבלת,,אסם פודינג אינסטנט ו,,80.00,100 גרם,false,,5.50,0.0688,true,1,18527
7290000068343,false,אוסם - פירכונים מאורז מלא 140 גרם,קבוצת אוסם סחר שותפות מוגבלת,,פריכונים מאורז מלא א,,140.00,100 גרם,false,,6.90,0.0493,true,1,18537
7290000068701,false,אסם שקדי מרק רכיבים טבע.מיכל 400 גרם,קבוצת אוסם סחר שותפות מוגבלת,,שקדי מרק במיכל אסם 4,,400.00,100 גרם,false,,15.90,0.0398,true,1,18538
7290000068770,false,במבה יום הולדת חטיף בוטנים אסם 80 גרם,קבוצת אוסם סחר שותפות מוגבלת,,במבה יום הולדת 80גרם,,80.00,100 גרם,false,,4.50,0.0563,true,1,18539
7290000068787,false,במבה יום הולדת חטיף בוטנים אסם 25 גרם,קבוצת אוסם סחר שותפות מוגבלת,,במבה יום הולדת 25גרם,,25.00,100 גרם,false,,2.50,0.1000,true,1,18540
7290000069258,false,פסטה פרפקטו פנה ריגאטה 500 ג' אסם,קבוצת אוסם סחר-שות.מוגבלת,,פנה ריגאטה פרפקטו 50,,500.00,100 גרם,false,,6.90,0.0138,true,1,18544
7290000069364,false,פריכונים מאורז מלא ללא תוספת סוכר אסם 140 גרם,קבוצת אוסם סחר שותפות מוגבלת,,פריכונים מאורז מלא ל,,140.00,100 גרם,false,,6.90,0.0493,true,1,18545
7290000069715,false,אוסם - חטיפי קרקר מלוח 300 גרם,קבוצת אסם סחר שות. מוגבלת,,אסם חטיפי קרקר מלוח,,300.00,100 גרם,false,,10.90,0.0363,true,1,18550
7290000070308,false,אבקת מרק עוף אמיתי בשרי אסם 400 גרם,קבוצת אוסם סחר שותפות מוגבלת,,מרק עוף אמיתי אסם 40,,400.00,100 גרם,false,,16.90,0.0422,true,1,18555
7290000070322,false,אבקת מרק פטריות רכיבים טבעיים אסם 400 גרם,קבוצת אוסם סחר שותפות מוגבלת,,אבקת מרק פטריות רכיב,,400.00,100 גרם,false,,19.90,0.0497,true,1,18556
7290000070353,false,אבקת מרק בצל רכיבים טבעיים אסם 400 גרם,קבוצת אוסם סחר שותפות מוגבלת,,אבקת מרק בצל רכיבים,,400.00,100 גרם,false,,19.90,0.0497,true,1,18557
7290000070919,false,בייגלה רשתות עם מלח אסם (400 גרם),קבוצת אוסם סחר שותפות מוגבלת,,בייגלה אסם רשתות מלח,,400.00,100 גרם,false,,11.90,0.0298,true,1,18565
7290000071008,false,בייגלה שטוחים טבעות עם מלח אסם (60 גרם),קבוצת אוסם סחר שותפות מוגבלת,,בייגלה אסם שטוחים מל,,60.00,100 גרם,false,,3.50,0.0583,true,1,18566
7290000072067,false,במבה חטיף בוטנים במילוי קרם חלבה 60 גרם,קבוצת אסם סחר שות. מוגבלת,,במבה במילוי קרם חלבה,,60.00,100 גרם,false,,4.50,0.0750,true,1,18567
7290000072241,false,"רוטב פיצה 290 מ""ל-בקבוק",קבוצת אוסם סחר שותפות מוגבלת,,אסם רוטב פיצה 290מל,,290.00,"100 מ""ל",false,,9.90,0.0341,true,1,18571
7290000072623,false,קטשופ אסם בקבוק לחיץ 750 גרם,קבוצת אוסם סחר שותפות מוגבלת,,אסם קטשופ בקבוק לחיץ,,750.00,100 גרם,false,,10.90,0.0145,true,1,18573
7290000072630,false,קטשופ אסם חריף 750 גרם-בקבוק,קבוצת אוסם סחר שותפות מוגבלת,,אסם קטשופ חריף 750 ג,,750.00,100 גרם,false,,11.90,0.0159,true,1,18574
7290000072753,false,קפה נמס מגורען טסטרס צ'ויס 200 גרם-,קבוצת אוסם סחר שותפות מוגבלת,,נס קפה טייסטרס צ'ויס,,200.00,100 גרם,false,,29.90,0.1495,true,1,18576
7290000072760,false,נסקפה טייסטרס צויס 100 גר אוריגנל,קבוצת אוסם סחר שותפות מוגבלת,,טייסטרס צ'וייס 100גר,,100.00,100 גרם,false,,27.90,0.2790,true,1,18577
7290000072777,false,קפה נמס מגורען נטול קפאין טסטרס צ'ויס 200 גרם,קבוצת אוסם סחר שותפות מוגבלת,,טייסטרס צוייס נטול ק,,200.00,100 גרם,false,,36.90,0.1845,true,1,18578
7290000072968,false,דגני בוקר סיני מיניס חיטה מלאה וקינמון נסטלה 500 גרם,קבוצת אוסם סחר-שות.מוגבלת,,סיני מיניס דגני נסטל,יחידה,500.00,יחידה,false,,24.90,0.0498,true,1,18584
7290000073125,false,מנה חמה פסטה ברוטב עגבניות אסם (62 גרם),קבוצת אוסם סחר שותפות מוגבלת,,מנה חמה פסטה עם עגבנ,,62.00,100 גרם,false,,5.90,0.0952,true,1,18585
7290000073750,false,מנה חמה נודלס אטר+ירקות טעם עוף 70 גרם,קבוצת אוסם סחר שותפות מוגבלת,,מנה חמה נודלס בטעם ע,,70.00,100 גרם,false,,5.90,0.0843,true,1,18588
7290000073767,false,מנה חמה נודלס אטר.+ירקות טעם בקר 70 גרם,קבוצת אוסם סחר שותפות מוגבלת,,מנה חמה נודלס בטעם ב,,70.00,100 גרם,false,,5.90,0.0843,true,1,18589
7290000073774,false,מנה חמה נודלס אטר+ירקות טעם צילי 70 גרם,קבוצת אוסם סחר שותפות מוגבלת,,מנה חמה נודלס בטעם פ,,70.00,100 גרם,false,,5.90,0.0843,true,1,18590
7290000074153,false,ביסקוויט פתי בר שוקולד אסם (500 גרם),קבוצת אוסם סחר שותפות מוגבלת,,אסם פתי בר שוקו 500ג,,500.00,100 גרם,false,,13.90,0.0278,true,1,18594
7290000074184,false,ביסקוויט פתי בר אסם (500 גרם),קבוצת אוסם סחר שותפות מוגבלת,,אסם פתי בר 500גרם.,,500.00,100 גרם,false,,10.90,0.0218,true,1,18596
7290000074245,false,אוסם - קרם קרקר אסם 250 גרם,קבוצת אוסם סחר שותפות מוגבלת,,אסם קרם קרקר 250גרם,,250.00,100 גרם,false,,8.90,0.0356,true,1,18597
7290000074252,false,אסם קרקר שומשום 250 גרם,קבוצת אוסם סחר שותפות מוגבלת,,אסם קרקר שומשום 250ג,,250.00,100 גרם,false,,9.90,0.0396,true,1,18598
7290000074375,false,אוסם - קרקר זהב 150 גרם,קבוצת אוסם סחר שותפות מוגבלת,,אסם קרקר זהב 150גרם,,150.00,100 גרם,false,,7.50,0.0500,true,1,18602
7290000074481,false,קרקר לחמית אגוזים אסם (160 גרם),קבוצת אסם סחר שות. מוגבלת,,לחמית אגוזים 160גרם,,160.00,100 גרם,false,,9.90,0.0619,true,1,18604
7290000074696,false,"קרם קרקר 1 ק""ג אוסם",קבוצת אוסם סחר שותפות מוגבלת,,אסם קרם קרקר 1קג,קילוגרמים,1.00,"ק""ג",false,,22.90,22.9000,true,1,18606
7290000075204,false,קרקר לחמית חיטה מלאה אסם (250 גרם),קבוצת אוסם סחר שותפות מוגבלת,,לחמית חיטה מלאה 250ג,,250.00,100 גרם,false,,8.90,0.0356,true,1,18614
7290000076126,false,אוסם - בייגלה שמיניות קטנות 80 גרם,קבוצת אוסם סחר שותפות מוגבלת,,אסם בייגלה שמיניות ק,,80.00,100 גרם,false,,3.50,0.0438,true,1,18616
7290000076133,false,בייגלה שמיניות קטנות עם מלח אסם 400 גרם,קבוצת אוסם סחר שותפות מוגבלת,,בייגלה אסם שמיניות ק,,400.00,100 גרם,false,,9.90,0.0248,true,1,18617
7290000076645,false,טוסטעים פת קלויה חיטה מלאה אסם 100 גרם,קבוצת אסם סחר שות. מוגבלת,,טוסטעים חיטה מלאה אס,,100.00,100 גרם,false,,9.90,0.0990,true,1,18619
7290000077017,false,עוגיות קרמוגית במילוי קרם שוקולד אסם 200 גרם,קבוצת אוסם סחר שותפות מוגבלת,,אסם קרמוגית במילוי ש,,200.00,100 גרם,false,,10.90,0.0545,true,1,18621
7290000077253,false,אוסם - לחמית כפרית עם דגנים מלאים 190 גרם,קבוצת אסם סחר שות. מוגבלת,,לחמית כפרית 190גרם,,190.00,100 גרם,false,,9.90,0.0521,true,1,18622
7290000078212,false,קרוטונים מתובלים למרק אסם (250 גרם),קבוצת אוסם סחר שותפות מוגבלת,,קרוטונים מתובלים אסם,,250.00,100 גרם,false,,13.90,0.0556,true,1,18625
7290000078762,false,אוסם - חטיפי פריכונים מאורז מלא בטעם דבש 80גר,קבוצת אוסם סחר-שות.מוגבלת,,חטיפי פריכונים אורז,,80.00,100 גרם,false,,7.90,0.0988,true,1,18627
7290000079412,false,אמנטל נעם מהדרין במש,,,אמנטל נעם מהדרין במש,קילוגרמים,1.00,"ק""ג",true,,58.00,58.0000,true,1,6289
7290000080758,false,פת קלויה טוסטעים אסם (100 גרם),קבוצת אוסם סחר שותפות מוגבלת,,טוסטעים פת קלוי אסם,,100.00,100 גרם,false,,9.90,0.0990,true,1,18630
7290000080765,false,פת קלויה טוסטעים עם שומשום אסם (100 גרם),קבוצת אוסם סחר שותפות מוגבלת,,טוסטעים פת קלויה עם,,100.00,100 גרם,false,,9.90,0.0990,true,1,18631
7290000081663,false,"בייגלה טבעות שומשום אסם 300 גרם בד""ץ",קבוצת אוסם סחר שותפות מוגבלת,,בייגלה אסם טבעות שומ,,300.00,100 גרם,false,,9.90,0.0330,true,1,18633
7290000085180,false,גטניו פתי בר וניל 470 גרם,"אחים גטניו בע""מ",,גטניו - פתיבר וניל 4,,470.00,100 גרם,false,,9.90,0.0211,true,1,41229
7290000089274,false,נקניק מעושן מעדנייה,,,נקניק מעושן מעדנייה,קילוגרמים,1.00,"ק""ג",true,,41.90,41.9000,true,1,18250
7290000089364,false,מקרל מעושן פרוס בשמן,,,מקרל מעושן פרוס בשמן,קילוגרמים,1.00,"ק""ג",true,,129.00,129.0000,true,1,17640
7290000095408,false,נעם 28% חריץ מעדניה,,,נעם 28% חריץ מעדניה,קילוגרמים,1.00,"ק""ג",true,,44.79,44.7900,true,1,6293
7290000095415,false,נעם 9% חריץ מעדניה-,,,נעם 9% חריץ מעדניה-,קילוגרמים,1.00,"ק""ג",true,,71.00,71.0000,true,1,6294
7290000095422,false,נעם22%חריץ מעדניה טר,,,גבינת נועם 22% חריץ,קילוגרמים,1.00,"ק""ג",true,,42.58,42.5800,true,1,6295
7290000100128,false,פירות קפואים תות 300 גר`סנפרוסט,תנובה ענף ב.ע.ד,,סדרת פירות קפואים-תו,,300.00,100 גרם,false,,12.90,0.0430,true,1,25437
7290000100593,false,פרוסות אנטיפסטי לתנור סנפרוסט 600 גרם,תנובה ענף ב.ע.ד,,פרוסות אנטיפסטי לתנו,,600.00,100 גרם,false,,19.90,0.0332,true,1,25453
7290000100609,false,קוביות אנטיפסטי להקפצה סנפרוסט 600 גרם,תנובה ענף ב.ע.ד,,קוביות אנטיפסטי להקפ,,600.00,100 גרם,false,,19.90,0.0332,true,1,25454
7290000101132,false,לקט קטניות לחמין 800 גר סנפרוסט,"סנפרוסט בע""\מ",,לקט קטניות לחמין 800,,800.00,100 גרם,false,,17.90,0.0224,true,1,25459
7290000101927,false,אוכמניות כחולות מוקפאות סנפרוסט 300 גרם,תנובה ענף ב.ע.ד,,אוכמניות כחולות מוקפ,,300.00,100 גרם,false,,12.90,0.0430,true,1,25461
7290000101934,false,מיקס פירות יער מוקפאים 300 גר סנפרוסט,"איי, בי, אינבוו",,מיקס פירות יער 300 ג,,300.00,100 גרם,false,,12.90,0.0430,true,1,25462
7290000101941,false,אננס חתוך מוקפא סנפרוסט (300 גרם),תנובה ענף ב.ע.ד,,אננס מוקפא 300 גרם,,300.00,100 גרם,false,,12.90,0.0430,true,1,205735
7290000101958,false,מנגו חתוך מוקפא סנפרוסט (300 גרם),תנובה ענף ב.ע.ד,,מנגו מוקפא 300 גרם,,300.00,100 גרם,false,,12.90,0.0430,true,1,25463
7290000103433,false,"לקט ירקות לתנור 800 גרם ""סנפרוסט""",תנובה מרכז שיתופי לשיווק תוצרת,,לקט ירקות לתנור 800,,800.00,100 גרם,false,,21.90,0.0274,true,1,25473
7290000103839,false,מרק כתום עשיר בירקות סנפרוסט (572 גרם),תנובה מרכז שיתופי לשיווק תוצרת,,סנפרוסט מרק כתום קפו,,572.00,100 גרם,false,,16.90,0.0295,true,1,25498
7290000103846,false,מרק אפונה עשיר בירקות סנפרוסט (572 גרם),תנובה מרכז שיתופי לשיווק תוצרת,,סנפרוסט מרק אפונה קפ,,570.00,100 גרם,false,,17.20,0.0302,true,1,25499
7290000103860,false,מרק עדשים עשיר בירקות סנפרוסט (572 גרם),תנובה מרכז שיתופי לשיווק תוצרת,,סנפרוסט מרק עדשים קפ,,572.00,100 גרם,false,,17.50,0.0306,true,1,25500
7290000104072,false,עדשים ירוקות מבושלות מוקפאות 800 ג' סנפרוסט,תנובה מרכז שיתופי לשיווק תוצרת,,סנפרוסט עדשים ירוקות,,800.00,100 גרם,false,,17.90,0.0224,true,1,25504
7290000104201,false,אפונה עדינה מוקפאת סנפרוסט (600 גרם),"איי, בי, אינבוו",,אפונה עדינה סנפרוסט,,600.00,100 גרם,false,,16.90,0.0282,true,1,25506
7290000104218,false,סנפרוסט במיה 600 גרם,תנובה מרכז שיתופי לשיווק תוצרת,,סנפרוסט במיה 600גר,,600.00,100 גרם,false,,15.90,0.0265,true,1,25507
7290000104676,false,אפונה קפואה סנפרוסט 800 גרם,תנובה מרכז שיתופי לשיווק תוצרת,,אפונת גינה סנפרוסט 8,,800.00,100 גרם,false,,14.90,0.0186,true,1,25510
7290000104690,false,גרעיני תירס מוקפאים סנפרוסט (800 גרם),תנובה מרכז שיתופי לשיווק תוצרת,,תירס גרעינים 800גר,,800.00,100 גרם,false,,16.90,0.0211,true,1,25512
7290000104706,false,גזר גמדי מוקפא סנפרוסט (800 גרם),תנובה מרכז שיתופי לשיווק תוצרת,,גזר גמדי 800 גרם,,800.00,100 גרם,false,,14.90,0.0186,true,1,25513
7290000104713,false,פול ירוק קפוא סנפורסט 800 גרם,תנובה מרכז שיתופי לשיווק תוצרת,,פול ירוק 800גר,,800.00,100 גרם,false,,20.90,0.0261,true,1,25514
7290000104744,false,כרובית מוקפאת סנפרוסט (800 גרם),תנובה מרכז שיתופי לשיווק תוצרת,,כרובית 800גר,,800.00,100 גרם,false,,23.90,0.0299,true,1,25517
7290000104751,false,"כרוב ניצנים 800 גרם ""סנפרוסט""",תנובה מרכז שיתופי לשיווק תוצרת,,כרוב ניצנים 800גר,,800.00,100 גרם,false,,19.90,0.0249,true,1,25518
7290000104768,false,עלי תרד סנפרוסט (800 גרם),תנובה מרכז שיתופי לשיווק תוצרת,,תרד עלים 800 גרם,,800.00,100 גרם,false,,19.90,0.0249,true,1,25519
7290000104775,false,מדליוני תרד סנפרוסט (800 גרם),תנובה מרכז שיתופי לשיווק תוצרת,,תרד מדליונים 800גר,,800.00,100 גרם,false,,21.90,0.0274,true,1,25520
7290000104799,false,שעועית לבנה מבושלת סנפרוסט (800 גרם),תנובה מרכז שיתופי לשיווק תוצרת,,שעועית לבנה מבושלת 8,,800.00,100 גרם,false,,14.90,0.0186,true,1,25521
7290000104805,false,גרגירי חומוס מבושלים סנפרוסט 800 גרם,תנובה מרכז שיתופי לשיווק תוצרת,,גרגירי חומוס קפוא 80,,800.00,100 גרם,false,,14.90,0.0186,true,1,25522
7290000104829,false,קלחי תירס חתוכים סנפרוסט 1 קילו,תנובה מרכז שיתופי לשיווק תוצרת,,"קלחוני תירס 1 ק""ג",קילוגרמים,1.00,"ק""ג",false,,19.90,19.9000,true,1,25523
7290000104881,false,לקט אפונה וגזר מוקפאים סנפרוסט (800 גרם),תנובה מרכז שיתופי לשיווק תוצרת,,אפונה וגזר 800 גרם ס,,800.00,100 גרם,false,,14.90,0.0186,true,1,25527
7290000104911,false,לקט נורמנדי מוקפא סנפרוסט (800 גרם),תנובה מרכז שיתופי לשיווק תוצרת,,לקט נורמנדי 800גר,,800.00,100 גרם,false,,17.90,0.0224,true,1,25529
7290000107295,false,תפרחות ברוקולי סנפרוסט 800 גרם,תנובה מרכז שיתופי לשיווק תוצרת,,תפרחות ברוקולי 800ג,,800.00,100 גרם,false,,24.90,0.0311,true,1,25538
7290000107615,false,ירקות ואננס להקפצה מנה אסייתית צבעונית ועשירה,"איי, בי, אינבוו",,סנפרוסט מנה אסייתי צ,,800.00,100 גרם,false,,19.90,0.0249,true,1,25540
7290000111063,false,מיונז אמיתי תלמה (250 גרם),"יוניליוור ישראל שיווק בע""מ",,מיונז אמיתי 250 ג צנ,,250.00,100 גרם,false,,6.90,0.0276,true,1,10092
7290000111186,false,"מיונז אמיתי תלמה 500 גרם בד""צ","יוניליוור ישראל שיווק בע""מ",,מיונז אמיתי תלמה 500,,500.00,100 גרם,false,,9.90,0.0198,true,1,10095
7290000111353,false,מיונז אמיתי תלמה (1 קג),"יוניליוור ישראל שיווק בע""מ",,מיונז 1 קג,קילוגרמים,1.00,"ק""ג",false,,16.90,16.9000,true,1,10097
7290000112220,false,טחינה גולמית שומשום טהור בארכה 500 גרם,קבוצת אוסם סחר שותפות מוגבלת,,בארכה טחינה 100% שומ,,500.00,100 גרם,false,,13.90,0.0278,true,1,18634
7290000112237,false,"טחינה גולמית שומשום טהור בארכה 1 ק""ג","רושדי תעשיות מזון בע""\מ",,בארכה טחינה 100% שומ,קילוגרמים,1.00,"ק""ג",false,,22.90,22.9000,true,1,18635
7290000112619,false,אבקת מרק עוף אמיתי קנור 400 ג' כשלפ,יוניליוור ישראל שיווק בע`מ,,מרק עוף אמיתי לתיבול,,400.00,100 גרם,false,,14.90,0.0373,true,1,10104
7290000113180,false,כיפלי צ`יפסים מהדרין תלמה (50 גרם),יוניליוור ישראל שיווק בע`מ,,חטיף כיפלי צ'יפס 50,,50.00,100 גרם,false,,5.90,0.1180,true,1,10106
7290000114187,false,פנטסטיק תרכיז ניקוי כללי אורנים סיף 4 ליטר,יוניליוור ישראל שיווק בע`מ,,סיף פנטסטיק אורנים 4,ליטרים,4.00,ליטר,false,,19.90,4.9750,true,1,10110
7290000117720,false,נמס בכוס פטריות קנור 21.5 גרם מארז זוגי,"יוניליוור ישראל שיווק בע""מ",,מרק נמס בכוס פטריות,,43.00,100 גרם,false,,6.90,0.1605,true,1,10125
7290000121093,false,גבינה מותכת לייט בטעם שוויצרי 7% מון בלאן 120 גר',האי נאם סי או אל.טי.,,מון בלאן שויצרית 7%,,120.00,100 גרם,false,,11.90,0.0992,true,1,16786
7290000122607,false,עמק לייט 9% חריץ כשר,,,עמק לייט 9% חריץ כשר,קילוגרמים,1.00,"ק""ג",true,,70.00,70.0000,true,1,25653
7290000123363,false,"צימקאו לציפוי ואפיה אפיכל 500 גרם בד""צ",יוניליוור ישראל שיווק בע`מ,,צמקאו לאכילה ציפוי ו,,500.00,100 גרם,false,,10.50,0.0210,true,1,10152
7290000133117,false,בולגרית מעודנת השומר,,,בולגרית מעודנת השומר,קילוגרמים,1.00,"ק""ג",true,,39.90,39.9000,true,1,14753
7290000133148,false,צפתית רכה5% שומרון מ,,,צפתית רכה5% שומרון מ,קילוגרמים,1.00,"ק""ג",true,,49.00,49.0000,true,1,14755
7290000134147,false,טעם וריח מוסקט טחון מיכל 40גר,"תבליני טעם וריח בע""מ",,טעם וריח מוסקט טחון,,40.00,100 גרם,false,,12.90,0.3225,true,1,42379
7290000134314,false,פיצה תערובת תיבול 120 גרם מיכל גדול,"תבליני טעם וריח בע""מ",,תערובת תיבול לפיצה ט,,120.00,100 גרם,false,,9.00,0.0750,true,1,42381
7290000134338,false,אבקת שום בקופ' 90 גר' טעם וריח,"תבליני טעם וריח בע""מ",,תבלין אבקת שום טעם ו,,90.00,100 גרם,false,,10.20,0.1133,true,1,42382
7290000134352,false,קינמון טחון בקופ' 90 גר' טעם וריח,"תבליני טעם וריח בע""מ",,טעם וריח קימנון טחון,,80.00,100 גרם,false,,9.00,0.1125,true,1,42383
7290000134376,false,פפריקה בשמן בקופ' 90 גר' טעם וריח,"תבליני טעם וריח בע""מ",,טעם וריח פפריקה בשמן,,90.00,100 גרם,false,,9.00,0.1000,true,1,42384
7290000134826,false,זעתר מעורב בקופ' 100 גר' טעם וריח,"תבליני טעם וריח בע""מ",,תבלין זעתר טעם וריח,,100.00,100 גרם,false,,9.00,0.0900,true,1,42394
7290000134833,false,כמון טחון בקופ' 100 גר' טעם וריח,"תבליני טעם וריח בע""מ",,טעם וריח ת.כמון במיכ,,100.00,100 גרם,false,,9.00,0.0900,true,1,42395
7290000134840,false,כורכום טחון בקופ' 100 גר' טעם וריח,"תבליני טעם וריח בע""מ",,טעם וריח ת.כורכום במ,,100.00,100 גרם,false,,9.00,0.0900,true,1,42396
7290000134857,false,פפריקה מתוקה בקופ' 100 גר' טעם וריח,"תבליני טעם וריח בע""מ",,טעם וריח ת.פפריקה מת,,100.00,100 גרם,false,,9.00,0.0900,true,1,42397
7290000134871,false,פלפל שחור טחון בקופ' 100 גר' טעם וריח,"תבליני טעם וריח בע""מ",,טעם וריח ת. פלפל שחו,,100.00,100 גרם,false,,13.90,0.1390,true,1,42399
7290000134970,false,חוואיג' בקופ' 100 גר' טעם וריח,"תבליני טעם וריח בע""מ",,תבלין חוואייג טעם ור,,100.00,100 גרם,false,,9.00,0.0900,true,1,42400
7290000134987,false,פלפל שחור גרוס בקופ' 90 גר' טעם וריח,"תבליני טעם וריח בע""מ",,טעם וריח פלפל שחור ג,,90.00,100 גרם,false,,13.90,0.1544,true,1,42401
7290000135168,false,"פפסי מקס ליים פחית צרה מארז שישייה 330 מ""ל","טמפו משקאות בע""מ",,שישיית פחיות פפסי מק,ליטרים,1.98,ליטר,false,,17.60,8.8889,true,1,103745
7290000136141,false,פפסי קולה 1.5 ליטר פיקדון,"טמפו משקאות בע""\מ",,פפסי קולה 1.5 ליטר,ליטרים,1.50,ליטר,false,,7.90,5.2667,true,1,193391
7290000136288,false,"סירופ בטעם תפוחים ג'ויסר סיידר הגליל 330 מ""ל","טמפו משקאות בע""\מ",,סיידר הגליל JUICER ס,,330.00,"100 מ""ל",false,,13.30,0.0403,true,1,276160
7290000136295,false,"סירופ בטעם פטל ג'ויסר סיידר הגליל 330 מ""ל","טמפו משקאות בע""\מ",,סיידר הגליל JUICER ס,,330.00,"100 מ""ל",false,,13.30,0.0403,true,1,276189
7290000136585,false,משקה בטעם תפוזים תריסר 1.5 ל' ג'אמפ,"טמפו משקאות בע""\ם.",,ג`אמפ תפוז 1.5 ליטר,ליטרים,1.50,ליטר,false,,7.90,5.2667,true,1,193062
7290000136646,false,בירה נשר מאלט ללא אלכוהול 1.5 ליטר,"טמפו משקאות בע""\מ",,נשר מאלט 1.5 ליטר,ליטרים,1.50,ליטר,false,,8.90,5.9333,true,1,192903
7290000136653,false,בירה שחורה נשר מאלט דיאט בקבוק 1.5ל`,"טמפו משקאות בע""\מ",,נשר מאלט דיאט 1.5 לי,ליטרים,1.50,ליטר,false,,8.90,5.9333,true,1,192918
7290000136776,false,שישיית פפסי מקס דל קלוריות 1.5 ליטר,טמפו משקאות בע`מ,,פפסי מקס 6*1.5 ליטר,ליטרים,9.00,ליטר,false,,37.90,4.2111,true,1,193406
7290000136790,false,טמפו מי סודה 6*1.5 ליטר פיקדון,"טמפו משקאות בע""\מ",,טמפו סודה 6*1.5 ליטר,ליטרים,9.00,ליטר,false,,17.70,1.9667,true,1,193105
7290000136813,false,סודה בטעם אננס מארז רביעייה 1.5 ל' טמפו,טמפו משקאות בע''מn\,,טמפו סודה אננס 1.5 ל,ליטרים,6.00,ליטר,false,,11.50,1.9167,true,1,193151
7290000136844,false,מארז מים מזוככים אקווה נובה שישיית 2 ליטר,"טמפו משקאות בע""\מ",,אקווה נובה 6*2 ליטר,ליטרים,12.00,ליטר,false,,11.90,0.9917,true,1,192972
7290000136868,false,סאן בנדטו - מים מינרלים - מארז שישיית 1.5 ליטר,אקווה מינרלה סאן בנדטו ב,,מים סאן בנדטו 6* 1.5,ליטרים,9.00,ליטר,false,,17.70,1.9667,true,1,192988
7290000136875,false,שישיית מים מינרליים מוגזים סן בנדטו 1.5 ליטר,סאן בנדטו San Benedetto,,סאן בנדטו מים מינרלי,ליטרים,9.00,ליטר,false,,17.90,1.9889,true,1,193091
7290000143187,false,שמפו ומרכך לגבר הוואי (700 מל),שוורצקוף& הנקל דיסלד,,שמפו לגבר הוואי 700,,700.00,"100 מ""ל",false,,9.90,0.0141,true,1,8066
7290000143194,false,שמפו ומרכך לשיער אלוורה הוואי (700 מל),טרופיקל דגיל בעמ,,שמפו+מרכך הוואי 700,,700.00,"100 מ""ל",false,,9.90,0.0141,true,1,8067
7290000143262,false,"הוואי שמפו לילדים 700 מ""ל",שוורצקוף& הנקל דיסלד,,שמפו הוואי ילדים 700,,700.00,"100 מ""ל",false,,9.90,0.0141,true,1,8071
7290000143286,false,הוואי מרכך לשיער רגיל 700 מל ירוק,שוורצקוף& הנקל דיסלד,,מרכך רגיל הוואי 700,,700.00,"100 מ""ל",false,,9.90,0.0141,true,1,8073
7290000144160,false,"שמן זית כתית מעולה ארומתי עץ הזית 750 מ""ל","מרקאולאו, ספרד.אבסה,",,שמן זית כתית מעולה א,,750.00,"100 מ""ל",false,,33.90,0.0452,true,1,29341
7290000144467,false,שמן חמניות מועשר בנוגדי חמצון 1 ל' עץ הזית,"נארז ע""י : א.ג. גילר",,שמן חמניות בריאות מה,ליטרים,1.00,ליטר,false,,15.90,15.9000,true,1,29344
7290000144474,false,שמן עץ הזית קנולה 1 ליטר בריאות מהטבע,סוגת תעשיות בעמ,,שמן קנולה בריאות עץ,ליטרים,1.00,ליטר,false,,15.90,15.9000,true,1,29345
7290000146645,false,הוואי - סבון מוצק שחור מסתורי 100 גרם רביעייה,טרופיקל דגיל קוסמטיק,,סבון מוצק שחור מסתור,,400.00,100 גרם,false,,11.90,0.0298,true,1,8077
7290000148380,false,פיסטוקים קלויים קליית גת (200 גרם),ליימן שליסל בעמ,,פיסטוק קלוי 200 גרם,,200.00,100 גרם,false,,21.50,0.1075,true,1,12735
7290000148618,false,קשיו מטוגן שקית קליית גת 200 גרם,ליימן שליסל בעמ,,אגוז קשיו מטוגן 200,,200.00,100 גרם,false,,18.00,0.0900,true,1,12737
7290000148748,false,קליית גת גרעיני חמניה קלויים ומומלחים200,ליימן שליסל בעמ,,גרעיני חמניה 200 גרם,,200.00,100 גרם,false,,6.90,0.0345,true,1,12738
7290000148939,false,שקדים קלויים קליית גת (200 גרם),ליימן שליסל בעמ,,שקדים קלויים 200 גרם,,200.00,100 גרם,false,,20.90,0.1045,true,1,12739
7290000149851,false,סבון לניקוי והסרת כתמים סינטבון 460 גרם,החברה הדרומית לשיווק בעמ,,סינטבון כפול 460גר,,460.00,100 גרם,false,,10.90,0.0237,true,1,29682
7290000149943,false,טקסטיל שמפו לכביסה ביד שקית 1 ליטר,החברה הדרומית לשיווק בעמ,,טקסטיל שמפו-שקית 1 ק,קילוגרמים,1.00,"ק""ג",false,,14.90,14.9000,true,1,29684
7290000153469,false,קציצות עוף קלאסיות 100% רכיבים טבעיים,קבוצת אסם סחר שות. מוגבלת,,עוף טוב קציצות עוף ק,,600.00,100 גרם,false,,29.90,0.0498,true,1,19673
7290000161358,false,מיונז אמיתי משמן קנולה תלמה (500 גרם),"יוניליוור ישראל שיווק בע""מ",,מיונז אמיתי משמן קנו,,500.00,100 גרם,false,,13.90,0.0278,true,1,10181
7290000166605,false,סיף פנטסטיק ניקיון כללי יסמין 4ליטר,יוניליוור ישראל שיווק בע`מ,,סיף פנטסטיק כללי יסמ,ליטרים,4.00,ליטר,false,,19.90,4.9750,true,1,10227
7290000168173,false,"ברנפלקס קרנצ'ים תלמה בד""ץ 375 גרם",יוניליוור ישראל שיווק בעמ,,ברנפלקס קרנצים תלמה,,375.00,100 גרם,false,,20.90,0.0557,true,1,10251
7290000169538,false,"נמס בכוס עגבניות וקרוטונים מרק כשרות בד""ץ 62 ג' קנור",יוניליוור ישראל שיווק בע`מ,,נמס בכוס עגבניות וקר,,62.00,100 גרם,false,,6.90,0.1113,true,1,10271
7290000174723,false,שוקולית אבקה להכנת משקה שוקו 500 גרם,הנסיך- מפעל לייצור ט,,שוקולית 500 גרם,,500.00,100 גרם,false,,11.90,0.0238,true,1,22174
7290000175760,false,מנציגו כבשים ויליפו,,,מנציגו כבשים ויליפו,קילוגרמים,1.00,"ק""ג",true,,96.00,96.0000,true,1,2765
7290000175906,false,גאודה עיזים ויליפוד,,,גאודה עיזים ויליפוד,קילוגרמים,1.00,"ק""ג",true,,109.00,109.0000,true,1,2767
7290000176079,false,קפה טורקי עם הל עלית (100 גרם),הנסיך- מפעל לייצור ט,,טורקי עלית קפה עם הל,,100.00,100 גרם,false,,8.90,0.0890,true,1,22177
7290000176413,false,קפה נמס עלית פחית 50 גרם,הנסיך- מפעל לייצור ט,,עלית נמס 50 גר',,50.00,100 גרם,false,,8.90,0.1780,true,1,22182
7290000176420,false,קפה נמס פחית עלית 200 גרם,פיקסל אם.גי.אם בעמ,,קפה נמס עלית פחית 20,,200.00,100 גרם,false,,19.90,0.0995,true,1,22183
7290000178707,false,חטיף צ`יפס בטעם טבעי תפוצ`יפס (50 גרם),"שטראוס פריטו ליי בע""\מ )",,תפוציפס טבעי 50 גרם,,50.00,100 גרם,false,,3.90,0.0780,true,1,24154
7290000178721,false,חטיף צ`יפס בטעם טבעי תפוצ`יפס (200 גרם),"שטראוס פריטו ליי בע""\מ )",,תפוציפס טבעי 200 גרם,,200.00,100 גרם,false,,9.90,0.0495,true,1,24156
7290000185224,false,סילאן בקבוק לחיץ תמר כנרת 650 גר,תה ויסוצקי (ישראל) בעמ,,סילאן בקבוק לחיץ תמר,,650.00,100 גרם,false,,13.90,0.0214,true,1,46640
7290000185590,false,סילאן טבעי בבקבוק לחיץ 650 גרם,"טעמי הגליל בע""\מ עבור וי",,סילאן 100% תמרים טבע,,635.00,100 גרם,false,,19.90,0.0313,true,1,318968
7290000186337,false,ניקול מטליות לחות לנ,עלבד משואות יצחק,,ניקול מטליות לחות לנ,יחידה,0.00,יחידה,false,,19.90,0.0000,true,1,8832
7290000186535,false,נייר טואלט תלת שכבתי לבן לילי 32 יחידות,קימברלי קלארק ישראל שיווק בעמ,,לילי נייר טואלט טריו,,537.00,מטר,false,,41.90,0.0780,true,1,8835
7290000186931,false,ניקול כריות קרצוף חתוכות 12 יח',ניקול,,ניקול כריות קרצוף חת,יחידה,0.00,יחידה,false,,10.90,0.0000,true,1,8839
7290000187921,false,נייר טואלט דו שכבתי לבן לילי 32 יחידות,קימברלי קלארק ישראל שיווק בעמ,,"נייר טואלט ""לילי"" לב",,588.00,מטר,false,,39.90,0.0679,true,1,8850
7290000187938,false,לילי - נייר טואולט נייר טואלט פסטל 32 יח',קימברלי קלארק ישראל שיווק בעמ,,"נייר טואלט ""לילי"" פס",,588.00,מטר,false,,39.90,0.0679,true,1,8851
7290000187952,false,לילי טריפל קומפורט ורוד נ.טואלט 32 גלילי,קימברלי קלארק ישראל שיווק בעמ,,נייר טאולט לילי טריו,,537.00,מטר,false,,41.90,0.0780,true,1,8852
7290000188270,false,ממחטות אף אולטרה סופט קלינקס 2*80 יחידות,קימברלי קלארק ישראל שיווק בעמ,,קליניקס ממחטות אף או,יחידה,0.00,יחידה,false,,15.90,0.0000,true,1,8857
7290000188355,false,ניקול מגבות נייר לבנות 6 גלילים,קימברלי קלארק ישראל שיווק בעמ,,מגבות מטבח ניקול לבנ,,64.80,מטר,false,,12.90,0.1991,true,1,8858
7290000188591,false,קוטקס מגן תחתון יאנג ביג 60 יחידות,קימברלי קלארק ישראל שיווק בעמ,,מגן תחתון סילק יאנג,יחידה,0.00,יחידה,false,,16.90,0.0000,true,1,8865
7290000189079,false,תבניות אינגליש קייק עבות 6 יחידות ניקול,קימברלי קלארק ישראל שיווק בעמ,,ניקול תבניות אינגליש,יחידה,0.00,יחידה,false,,9.90,0.0000,true,1,8870
7290000189192,false,סופר מטלית מטליות נייר רב פעמיות ניקול 64 יחידות,קימברלי קלארק ישראל שיווק בעמ,,ניקול מטלית חכמה יומ,,64.00,יח',false,,15.90,0.2484,true,1,8872
7290000189215,false,מטלית הקסם לרצפה ניקול,חוגלה קימברלי,,מטלית קסם לרצפה,יחידה,0.00,יחידה,false,,15.00,0.0000,true,1,8874
7290000189505,false,ניקול תבנית אפייה מקרטון אינגליש קייק ניקול 5 יחידות,קימברלי קלארק ישראל שיווק בעמ,,ניקול תבנית אפייה מק,יחידה,0.00,יחידה,false,,9.90,0.0000,true,1,8883
7290000189550,false,"שקיות אשפה ענקיות עם שרוך 78 * 90 ס""מ ניקול 2 * 10 יחידות",קימברלי קלארק ישראל שיווק בעמ,,אשפתון זוג ענק 20,יחידה,0.00,יחידה,false,,23.90,0.0000,true,1,8885
7290000189659,false,מטליות לחות לרצפה ניקול 10 יח'-מרכז,קימברלי קלארק ישראל שיווק בעמ,,ניקול מטליות לחות לר,יחידה,0.00,יחידה,false,,10.90,0.0000,true,1,8888
7290000189734,false,מטליות לחות לניקוי פרקט ניקול 10 יחידות,קימברלי קלארק ישראל שיווק בעמ,,ניקול מטליות לחות לפ,יחידה,0.00,יחידה,false,,11.90,0.0000,true,1,8892
7290000189871,false,"שקיות אשפה עם שרוך 52 * 65 ס""מ ניקול 55 שקיות",קימברלי קלארק ישראל שיווק בעמ,,אשפתון 55 שקיות,יחידה,0.00,יחידה,false,,17.90,0.0000,true,1,8895
7290000191225,false,חיתולים ליטל בייביז מידה 2 האגיס 46 יחידות,קימברלי קלארק ישראל שיווק בעמ,,האגיס רך נולד מידה 2,יחידה,0.00,יחידה,false,,29.90,0.0000,true,1,8913
7290000191539,false,חמישיית ממחטות טישו צבועני לילי 100 יחידות,קימברלי קלארק ישראל שיווק בעמ,,לילי צבעוני חמישיה-9,יחידה,0.00,יחידה,false,,12.90,0.0000,true,1,8916
7290000191652,false,שלישיית ממחטות אולטרה סופט קלינקס 90 יחידות,קימברלי קלארק ישראל שיווק בעמ,,קלינקס קלאסיק ניילון,יחידה,0.00,יחידה,false,,10.90,0.0000,true,1,8921
7290000192581,false,מגבת נייר גליל כפול ניקול 12=6 גליל,קימברלי קלארק ישראל שיווק בעמ,,מגבת כפולה ניקול 6=1,,129.70,מטר,false,,19.90,0.1534,true,1,8926
7290000193472,false,מגן תחתון נורמל נטורל לילי 60 יחידות,קימברלי קלארק ישראל שיווק בעמ,,מגן תחתון נטורל נורמ,יחידה,0.00,יחידה,false,,15.90,0.0000,true,1,8934
7290000194288,false,האגיס משטחי החתלה חד פעמיים 10יח`,קימברלי קלארק ישראל שיווק בעמ,,האגיס משטחי החתלה,יחידה,0.00,יחידה,false,,19.90,0.0000,true,1,8950
7290000194837,false,ניקול - שקיות מזון + ידיות קשירה אקסטרה לארג' 200 יח',קימברלי קלארק ישראל שיווק בעמ,,ניקול שקיות מזון עם,יחידה,0.00,יחידה,false,,11.90,0.0000,true,1,8951
7290000195216,false,נייר אפייה בשקית ניקול 50 יחידות,קימברלי קלארק ישראל שיווק בעמ,,ניקול נייר אפייה בשק,יחידה,0.00,יחידה,false,,9.90,0.0000,true,1,8958
7290000195537,false,האגיס - מגבוני האגיס דיילי קר לא מבושם 64 יח' * 4,קימברלי קלארק ישראל שיווק בעמ,,מגבוני האגיס דיילי ק,יחידה,0.00,יחידה,false,,18.90,0.0000,true,1,8964
7290000195773,false,האגיס - מגבוני האגיס סנסטיב קר לא מבושם 64 יח' * 4,קימברלי קלארק ישראל שיווק בעמ,,מגבוני האגיס סנסטיב,יחידה,0.00,יחידה,false,,18.90,0.0000,true,1,8968
7290000196763,false,"שקיות אשפה חזקות במיוחד עם שרוך 52 * 65 ס""מ ניקול 40 יחידות",קימברלי קלארק ישראל שיווק בעמ,,ניקול השקית החזקה,יחידה,0.00,יחידה,false,,21.90,0.0000,true,1,8974
7290000197326,false,רדיד אלומיניום ניקול זוגות 7.5*2קצר,קימברלי קלארק ישראל שיווק בעמ,,ניקול רדיד אלומיניום,,15.00,מטר,false,,10.90,0.7267,true,1,8988
7290000197432,false,שקיות אוכל סנדביצ'ון ניקול מארז 150X2יח',קימברלי קלארק ישראל שיווק בעמ,,ניקול שקיות אוכל זוג,יחידה,0.00,יחידה,false,,12.90,0.0000,true,1,8993
7290000197463,false,חיתולים פרידום דריי שלב +4 האגיס 40 יחידות,קימברלי קלארק ישראל שיווק בעמ,,האגיס פרידום דריי של,יחידה,0.00,יחידה,false,,42.90,0.0000,true,1,8995
7290000197470,false,שקיות רב שימושיות מתכלות ניקול 250 יחידות,קימברלי קלארק ישראל שיווק בעמ,,"ניקול שקיות רב""ש 250",יחידה,0.00,יחידה,false,,13.80,0.0000,true,1,8996
7290000197548,false,חיתולים פרידום דריי שלב 5 האגיס 36 יחידות,קימברלי קלארק ישראל שיווק בעמ,,האגיס פרידום דריי של,יחידה,0.00,יחידה,false,,42.90,0.0000,true,1,8999
7290000197654,false,שקיות אשפה ענקיות נשלפות 75*90 ניקול 50 יחידות,קימברלי קלארק ישראל שיווק בעמ,,אשפתון שקיות אשפה ענ,יחידה,0.00,יחידה,false,,20.90,0.0000,true,1,9000
7290000197678,false,חיתולי האגיס פרידום דריי שלב 6 30 יחידות,קימברלי קלארק ישראל שיווק בעמ,,האגיס פרידום דריי ש,יחידה,0.00,יחידה,false,,42.90,0.0000,true,1,9001
7290000197982,false,"רדיד אלומיניום עבה 45 ס""מ רוחב ניקול 2 יח' 7.5 מטר",קימברלי קלארק ישראל שיווק בעמ,,ניקול רדיד אלומיניום,,15.00,מטר,false,,21.90,1.4600,true,1,9008
7290000197999,false,רדיד אלומיניום עבה ניקול זוגי 30X7.5מ',קימברלי קלארק ישראל שיווק בעמ,,ניקול רדיד אלומיניום,,15.00,מטר,false,,15.90,1.0600,true,1,9009
7290000200460,false,קוטקס מגני תחתון אולטרה לייט 60יח',חוגלה קימברלי,,מגן תחתון אולטרה ליי,יחידה,0.00,יחידה,false,,16.90,0.0000,true,1,9013
7290000201832,false,חיתולי פרימיום שלב 3 טיטולים) (50,קימברלי קלארק ישראל שיווק בעמ,,טיטולים פרימיום שלב,יחידה,0.00,יחידה,false,,30.90,0.0000,true,1,9019
7290000201849,false,חיתולי פרימיום שלב 4 טיטולים) (40,קימברלי קלארק ישראל שיווק בעמ,,טיטולים פרימיום שלב,יחידה,0.00,יחידה,false,,30.90,0.0000,true,1,9020
7290000201856,false,חיתולי פרימיום שלב 4+ טיטולים) (38,קימברלי קלארק ישראל שיווק בעמ,,טיטולים פרימיום שלב,יחידה,0.00,יחידה,false,,30.90,0.0000,true,1,9021
7290000201863,false,חיתולי פרימיום שלב 5 טיטולים) (34,קימברלי קלארק ישראל שיווק בעמ,,טיטולים פרימיום שלב,יחידה,0.00,יחידה,false,,30.90,0.0000,true,1,9022
7290000201870,false,חיתולי פרימיום שלב 6 טיטולים) (30,קימברלי קלארק ישראל שיווק בעמ,,טיטולים פרימיום שלב,יחידה,0.00,יחידה,false,,30.90,0.0000,true,1,9023
7290000201979,false,האגיס מגבונים ללא בישום רביעייה מהדורה,קימברלי קלארק ישראל שיווק בעמ,,מגבוני האגיס מהדורה,,288.00,יח',false,,18.90,0.0656,true,1,9024
7290000204147,false,רביעיית כרית יפנית עבה ניקול 4 יחידות,קימברלי קלארק ישראל שיווק בעמ,,כריות יפניות 2 ב 1 ר,יחידה,0.00,יחידה,false,,10.90,0.0000,true,1,9041
7290000204215,false,שישיית כרית יפנית ניקול 6 יחידות,קימברלי קלארק ישראל שיווק בעמ,,ניקול כריות יפניות 6,יחידה,0.00,יחידה,false,,10.90,0.0000,true,1,9042
7290000204512,false,מטליות לחות לניקוי רצפה בריח לימון ניקול 10 יחידות,קימברלי קלארק ישראל שיווק בעמ,,מטליות לחות לרצפה בר,יחידה,0.00,יחידה,false,,10.90,0.0000,true,1,9046
7290000204611,false,שישיית ספוגית הקסם ניקול 6 יחידות,קימברלי קלארק ישראל שיווק בעמ,,ניקול ספוגית הקסם*6,יחידה,0.00,יחידה,false,,10.90,0.0000,true,1,9047
7290000207063,false,רסק עגבניות פריכוז 28% 240 גרם יכין,היינץ צפון אמריקה מק,,רוטב עגבניות פריכוז,,240.00,100 גרם,false,,3.90,0.0162,true,1,8616
7290000207162,false,רוטב עגבניות מרכיב טבעי 100 ג' יכין,זנלכול יכין,,רוטב עגבניות 100 גרם,,100.00,100 גרם,false,,2.20,0.0220,true,1,8619
7290000207438,false,עגבניות מקולפות חתוכות לקוביות,זנלכול יכין,,עגבניות לקוביות יכין,,800.00,100 גרם,false,,9.90,0.0124,true,1,8620
7290000208022,false,עגבניות 2.5 A מרוסקות 850 גרם יכין,זנלכול יכין,,עגבניות מרוסקות יכין,,800.00,100 גרם,false,,9.90,0.0124,true,1,8623
7290000208077,false,אפונת גינה גדולה יכין (550 גרם),זנלכול יכין,,אפונת גינה גדולה L י,,335.00,100 גרם,false,,8.90,0.0266,true,1,8625
7290000208114,false,"אפונה וגזר יכין A2 פ""ק בית יוסף",זנלכול יכין,,אפונת גינה וגזר יכין,,330.00,100 גרם,false,,8.90,0.0270,true,1,8628
7290000208138,false,סירופ דיאט בטעם ענבים יכין (1 ליטר),זנלכול יכין,,סירופ דייאט ענבים יכ,ליטרים,1.00,ליטר,false,,16.90,16.9000,true,1,8630
7290000208145,false,גרעיני תירס מתוק לייט 550 גרם יכין,זנלכול יכין,,גרעיני תירס לייט יכי,,335.00,100 גרם,false,,9.90,0.0296,true,1,8631
7290000208213,false,שעועית לבנה אפויה A2 ברוטב עגבניות יכין 560ג',היינץ צפון אמריקה מק,,שעועית לבנה ברוטב עג,,355.00,100 גרם,false,,8.90,0.0251,true,1,8633
7290000208220,false,שעועית צ`ילי מקסיקני חריף יכין (550 גרם),היינץ צפון אמריקה מק,,שעועית צילי חריף יכי,,355.00,100 גרם,false,,9.90,0.0279,true,1,8634
7290000208312,false,גרעיני תירס מתוק בואקום יכין 400 גר',"זנלכל בע""\מ",,גרעיני תירס מתוק יכי,,400.00,100 גרם,false,,6.90,0.0173,true,1,8638
7290000208329,false,גרעיני תירס מתוק יכין (550 גרם),זנלכול יכין,,גרעיני תירס מתוק יכי,,335.00,100 גרם,false,,8.90,0.0266,true,1,8639
7290000208336,false,רסק יכין 240גר 22% יכין בית יוסף,"זנלכל בע""\מ",,רוטב עגבניות יכין 24,,240.00,100 גרם,false,,4.50,0.0188,true,1,8640
7290000208367,false,עגבניות מרוסקות בזיליקום יכין A2.5 בית יוסף,זנלכול יכין,,עגבניות מרוסקות בזיל,,800.00,100 גרם,false,,9.90,0.0124,true,1,8643
7290000208428,false,גרגרי חומוס שלם 550 גרם יכין,היינץ צפון אמריקה מק,,חומוס שלם יכין 550 ג,,290.00,100 גרם,false,,8.90,0.0307,true,1,8645
7290000208480,false,גרעיני תירס מתוק בטעם חמאה 550 גרם יכין,זנלכול יכין,,גרעיני תירס בטעם חמא,,335.00,100 גרם,false,,9.90,0.0296,true,1,8648
7290000208800,false,תירס קיד גרעיני תירס מתוק יכין (400 גרם),זנלכול יכין,,תירס קיד מתוק יכין 4,,400.00,100 גרם,false,,6.90,0.0173,true,1,8652
7290000208855,false,רוטב לפסטה קלאסי יכין (240 גרם),זנלכול יכין,,רוטב לפסטה קלאסי יכי,,260.00,100 גרם,false,,5.50,0.0212,true,1,8653
7290000208893,false,גרעיני תירס מתוק לייט 400 גרם יכין,היינץ צפון אמריקה מק,,תירס לייט יכין 400 ג,,400.00,100 גרם,false,,6.90,0.0173,true,1,8654
7290000208947,false,עגבניות מרוסקות יכין (240 גרם),היינץ צפון אמריקה מק,,עגבניות מרוסקות יכין,יחידה,260.00,יחידה,false,,5.50,0.0212,true,1,8656
7290000208978,false,רוטב עגבניות (10028% גרם)פריכוז יכין,זנלכול יכין,,רוטב עגבניות פריכוז,,100.00,100 גרם,false,,2.90,0.0290,true,1,8657
7290000209012,false,חומץ 1ליטר יכין הדרים,"זנלכל בע""\מ",,חומץ הדרים 5% יכין 1,ליטרים,1.00,ליטר,false,,5.90,5.9000,true,1,8659
7290000209173,false,חומצה אצטית למזון 5% יכין 1 ליטר,זנלכול יכין,,חומץ סינטטי 5% יכין,ליטרים,1.00,ליטר,false,,4.70,4.7000,true,1,8661
7290000209371,false,מארז גרעיני תירס מתוק יכין (200x3 גרם),היינץ צפון אמריקה מק,,תירס שלישיה יכין 3*1,,495.00,100 גרם,false,,14.90,0.0301,true,1,8669
7290000209388,false,תירס מתוק לייט יכין 200 גרם מארז 3 יח',זנלכול יכין,,תירס לייט שלישיה יכי,,420.00,100 גרם,false,,14.90,0.0355,true,1,8670
7290000209524,false,סירופ דיאט בטעם פטל יכין (1 ליטר),זנלכול יכין,,סירופ דייאט פטל יכין,ליטרים,1.00,ליטר,false,,16.90,16.9000,true,1,8673
7290000209531,false,סירופ דיאט בטעם אשכוליות יכין 1 ליטר,"זנלכל בע""\מ",,סירופ דייאט אשכוליות,ליטרים,1.00,ליטר,false,,16.90,16.9000,true,1,8674
7290000209579,false,סירופ דיאט בטעם אננס יכין (1 ליטר),"זנלכל בע""\מ",,סירופ דייאט אננס יכי,ליטרים,1.00,ליטר,false,,16.90,16.9000,true,1,8677
7290000209722,false,רוטב עגבניות 28% יכין (580 גרם)פריכוז,"זנלכל בע""\מ",,רוטב עגבניות מרוכז מ,,580.00,100 גרם,false,,9.90,0.0171,true,1,8681
7290000209906,false,עגבניות מרוסקות בתוספת בצל 240 גרם יכין,זנלכול יכין,,עגבניות מרוסקות עם ב,,260.00,100 גרם,false,,5.50,0.0212,true,1,8682
7290000209944,false,רוטב לעגבניות בסיס לשקשוקה 240 ג' יכין,"זנלכל בע""\מ",,רוטב לעגבניות לשקשוק,,260.00,100 גרם,false,,5.50,0.0212,true,1,8684
7290000209951,false,רוטב עגבניות לפיצה 260 גרם יכין,"זנלכל בע""\מ",,רוטב עגבניות לפיצה י,,260.00,"100 מ""ל",false,,5.50,0.0212,true,1,8685
7290000211138,false,סיימן גבינת עיזים הו,,,סיימן גבינת עיזים הו,קילוגרמים,1.00,"ק""ג",true,,179.00,179.0000,true,1,16520
7290000211169,false,"אורז תאילנדי אחד אחד סוגת 1 ק""ג",האי נאם סי או אל.טי.,,אורז תאילנדי 1 ק'ג,קילוגרמים,1.00,"ק""ג",false,,6.90,6.9000,true,1,17303
7290000211374,false,"קמח חיטה מלא סוגת 1 ק""ג",טחנת קמח דגן-שטיבל,,"קמח מלא סוגת 1 ק""ג",קילוגרמים,1.00,"ק""ג",false,,6.90,6.9000,true,1,17305
7290000211442,false,אורז בסגנון פרסי קלאסי סוגת (1 קג),האי נאם סי או אל.טי.,,סוגת אורז פרסי קלאסי,קילוגרמים,1.00,"ק""ג",false,,10.90,10.9000,true,1,17307
7290000211503,false,סוכר לבן ארוז בשקית,"סוגת תעשיות בע""\מ",,"סוכר סוגת לבן 1 ק""ג",קילוגרמים,1.00,"ק""ג",false,,4.50,4.5000,true,1,17308
7290000211985,false,אורז עגול ריזוטו אחד אחד 1 קג,"סוגת תעשיות בע""\מ",,סוגת אורז עגול 1קג,קילוגרמים,1.00,"ק""ג",false,,9.90,9.9000,true,1,17311
7290000212975,false,"ופל שוקו מנעמים 1 ק""",מנעמים תעשיות מזון בעמ**,,"ופל שוקו מנעמים 1 ק""",קילוגרמים,1.00,"ק""ג",false,,16.90,16.9000,true,1,36056
7290000238029,false,"בצק עלים צרפתי מרודד מעדנות 1 ק""ג",תנובה מרכז שיתופי לשיווק תוצרת,,"בצק עלים 1ק""ג",קילוגרמים,1.00,"ק""ג",false,,17.90,17.9000,true,1,35615
7290000238036,false,מלאווח מעדנות 6 יח`700 גרם קפוא,תנובה מרכז שיתופי לשיווק תוצרת,,מעדנות מלווח 700גר,,700.00,100 גרם,false,,15.90,0.0227,true,1,35616
7290000238173,false,.בורקס במילוי גבינה 800 גרם מעדנות,מיוצר עי קונדיטוריית,,בורקס גבינה מעדנות 8,,800.00,100 גרם,false,,19.90,0.0249,true,1,35617
7290000238180,false,בורקס במילוי תפוא 800 גרם מעדנות,מיוצר עי קונדיטוריית,,"בורקס תפו""א 800גר",,800.00,100 גרם,false,,14.90,0.0186,true,1,35618
7290000243566,false,שמן קנולה בריאות עץ הזית (750 מל),סוגת תעשיות בעמ,,שמן קנולה בריאות עץ,,750.00,"100 מ""ל",false,,11.90,0.0159,true,1,29351
7290000244082,false,"הוואי שלישיית סבון נוזלי שמיים כחולים 500 מ""ל","הנקל סוד בע""מ",,סבון נוזלי כחול עמוק,ליטרים,1.50,ליטר,false,,14.90,9.9333,true,1,8088
7290000245089,false,סוד סופט מרכך כביסה סגול 4 ליטר,גורי שיווק בעמ,,מרכך כביסה סוד סגול,ליטרים,4.00,ליטר,false,,16.90,4.2250,true,1,34882
7290000245294,false,"פרסיל אבקת כביסה סופרא 2.5ק""ג",גורי שיווק בעמ,,אבקת כביסה פרסיל 2.5,קילוגרמים,2.50,"ק""ג",false,,26.90,10.7600,true,1,34887
7290000245782,false,סוד סופט מרכך כביסה ורוד 4 ליטר,גורי שיווק בעמ,,מרכך כביסה סוד ורוד,ליטרים,4.00,ליטר,false,,16.90,4.2250,true,1,34897
7290000245799,false,סוד סופט מרכך כביסה כחול 4 ליטר,גורי שיווק בעמ,,מרכך כביסה סוד כחול,ליטרים,4.00,ליטר,false,,16.90,4.2250,true,1,34898
7290000251113,false,פטה עיזים המושבה,,,פטה עיזים המושבה,קילוגרמים,1.00,"ק""ג",true,,100.00,100.0000,true,1,14813
7290000253220,false,שוקולדצ`יפס לאפייה 260 גר`אופנהיימר,תה ויסוצקי (ישראל) בעמ,,שוקולד צ'יפס אופנהיי,,260.00,100 גרם,false,,10.90,0.0419,true,1,24588
7290000256197,false,גאודה עיזים הולנדית,,,גאודה עיזים הולנדית,קילוגרמים,1.00,"ק""ג",true,,99.00,99.0000,true,1,63861
7290000262031,false,נייר טואלט מולט לבבות 32 גלילים,קימברלי קלארק ישראל שיווק בעמ,,נייר טואלט מולט לב 3,,563.00,מטר,false,,30.90,0.0549,true,1,9050
7290000267500,false,קליפות הדר מצופות שוקולד מריר שקדיה 200 גרם,"דין שיווק וקלייה בע""",,קליפות הדר בציפוי שו,,200.00,100 גרם,false,,10.90,0.0545,true,1,4607
7290000272726,false,חומץ רכיבים רכיבים טבעיים 5% עסיס 1 ליטר,קבוצת אוסם סחר שותפות מוגבלת,,חומץ טבעי 5% עסיס 1,ליטרים,1.00,ליטר,false,,5.90,5.9000,true,1,18642
7290000286228,false,ספוגיות לניקוי כללי סנו סושי 6 יחידות,החברה הדרומית לשיווק בעמ,,סנו סושי שישיות כריו,יחידה,0.00,יחידה,false,,11.90,0.0000,true,1,29687
7290000286297,false,"אנטי קאלק מסיר אבנית מקומקום סנו 700 מ""ל",החברה הדרומית לשיווק בעמ,,סנו מסיר אבן מקומקום,,700.00,"100 מ""ל",false,,10.90,0.0156,true,1,29688
7290000286525,false,סנו ספוג פרינה לרחצה 1 יח`,החב. הדרומית לשיווק,,ספוג פרינה כיף,יחידה,0.00,יחידה,false,,9.90,0.0000,true,1,29695
7290000286549,false,מטליות לניקוי כללי סנו סושי 9 יחידות,החברה הדרומית לשיווק בעמ,,סנו סושי מטליות לכל,יחידה,0.00,יחידה,false,,11.90,0.0000,true,1,29696
7290000286594,false,אבקה לניקוי במיכל לימון X סנו 600 גרם,החברה הדרומית לשיווק בעמ,,סנו X לימון במיכל 60,,600.00,100 גרם,false,,9.90,0.0165,true,1,29698
7290000286761,false,ניילון נצמד סנו סושי פלסטיק מארז 30X2 מ',החברה הדרומית לשיווק בעמ,,סנו סושי פלסטיק נצמד,,60.00,מטר,false,,11.90,0.1983,true,1,29700
7290000287102,false,סנו שטיחים קצף לניקוי שטיחים 600 סמק,החברה הדרומית לשיווק בעמ,,סנו שמפו שטיחים אירו,,600.00,"100 מ""ל",false,,21.90,0.0365,true,1,29708
7290000287195,false,"סנו רהיט ספריי עשיר בווקס להברקה 305 מ""ל",החברה הדרומית לשיווק בעמ,,סנו רהיט ספריי עשיר,,305.00,"100 מ""ל",false,,14.90,0.0489,true,1,29709
7290000287621,false,"אנטי קאלק נוזל לניקוי אסלות סנו 750 מ""ל",החברה הדרומית לשיווק בעמ,,סנו אנטי קאלק W.C מנ,,750.00,"100 מ""ל",false,,11.90,0.0159,true,1,29718
7290000288024,false,סנו - ז'אוול אקונומיקה בריח לימון 4 ליטר,החברה הדרומית לשיווק בעמ,,סנו ז'אוול בריח לימו,ליטרים,4.00,ליטר,false,,16.90,4.2250,true,1,29723
7290000288031,false,"אקונומיקה תו תקן 4 ליטר ""סנו""",החברה הדרומית לשיווק בעמ,,סנו אקנומיקה 4 ל,ליטרים,4.00,ליטר,false,,10.90,2.7250,true,1,29724
7290000288048,false,ז`אוול מרסס לניקוי כללי לבנדר סנו (1 ליט,החברה הדרומית לשיווק בעמ,,סנו ג'אוול מרסס אילנ,ליטרים,1.00,ליטר,false,,17.90,17.9000,true,1,29725
7290000288727,false,סנו מקסימה אבקת כביסה מאסק מילוי 1.25,החברה הדרומית לשיווק בעמ,,סנו מקסימה מאסק 1.25,קילוגרמים,1.25,"ק""ג",false,,14.90,11.9200,true,1,29741
7290000289069,false,סנו - ז'אוול מרסס קצף ניקוי בתוספת אקונומיקה בריח לימון 1 ליטר,החברה הדרומית לשיווק בעמ,,סנו ג'אוול מרסס לימו,ליטרים,1.00,ליטר,false,,17.90,17.9000,true,1,29745
7290000289472,false,סנו סושי רב שקית שקיות אשפה90*76 50י,החברה הדרומית לשיווק בעמ,,סנו סושי שקיות HD 76,יחידה,0.00,יחידה,false,,20.90,0.0000,true,1,29748
7290000289496,false,"סנו - ז'אוול ג'ל קרם לניקוי כללי לימון 750 מ""ל",החברה הדרומית לשיווק בעמ,,סנו ג'אוול ג'ל קרם ל,,750.00,"100 מ""ל",false,,11.90,0.0159,true,1,29749
7290000289748,false,"מסיר שומנים לתנורים פורטה פלוס סנו 750 מ""ל",החברה הדרומית לשיווק בעמ,,סנו פורטה פלוס לתנור,,750.00,"100 מ""ל",false,,14.90,0.0199,true,1,29754
7290000289915,false,"סנו פרש ענק קוקו וניל צהוב 375 מ""ל",החברה הדרומית לשיווק בעמ,,סנו פרש ענק קוקו וני,,375.00,"100 מ""ל",false,,10.90,0.0291,true,1,29757
7290000291932,false,"סנובון נוזל לניקוי אסלה בניחוח לבנדר סנו 750 מ""ל",החברה הדרומית לשיווק בעמ,,סנובון נוזלי בניחוח,,750.00,"100 מ""ל",false,,9.90,0.0132,true,1,29759
7290000291963,false,אקונומיקה סמיכה בריח לימון סנו ז'אוול 1 ליטר,החברה הדרומית לשיווק בעמ,,סנו ז'אוול סמיכה לימ,יחידה,0.00,יחידה,false,,7.90,0.0000,true,1,29761
7290000292533,false,סנו גל לניקוי כללי על בסיס שמן אורנים 1ל,החברה הדרומית לשיווק בעמ,,סנו ג'ל לניקוי כללי,ליטרים,1.00,ליטר,false,,16.90,16.9000,true,1,29767
7290000292557,false,סנומט מלוי נוזלי דוחה יתושים 45 לילות,החברה הדרומית לשיווק בעמ,,סנומט 45 נוזל מילוי,יחידה,0.00,יחידה,false,,18.90,0.0000,true,1,29769
7290000292687,false,סנובון מוצק לניקוי אסלה קלאסיק כחול סנו 3 יחידות,החברה הדרומית לשיווק בעמ,,סנובון כחול שלישיה,,165.00,100 גרם,false,,16.90,0.1024,true,1,29771
7290000292915,false,רסס ונגב לניקוי כללי תרסיס סנו (750 מל),החברה הדרומית לשיווק בעמ,,סנו רסס ונגב אקדח 75,,750.00,"100 מ""ל",false,,12.90,0.0172,true,1,29773
7290000293530,false,שקית מילוי לסנו סופג לחות ומונע עובש,החברה הדרומית לשיווק בעמ,,מילוי סופג לחות,,340.00,"100 מ""ל",false,,12.90,0.0379,true,1,29778
7290000293943,false,"מרסס לבן מסיר אבנית 1 ליטר אנטי קאלק ""סנו""",החברה הדרומית לשיווק בעמ,,סנו אנטי קאלק+מתז 1,ליטרים,1.00,ליטר,false,,19.90,19.9000,true,1,29783
7290000294575,false,סנו סושי רב מגבת 63 דפים בגליל,החברה הדרומית לשיווק בעמ,,סנו רב מגבת,,13.80,מטר,false,,11.90,0.8623,true,1,29787
7290000294773,false,אקונומיקה בריח לבנדר סנו ז'אוול 4 ליטר,החברה הדרומית לשיווק בעמ,,סנו ז'אוול בריח אילנ,ליטרים,4.00,ליטר,false,,16.90,4.2250,true,1,29788
7290000294780,false,אקונומיקה סמיכה בריח לימון סנו ז'אוול 4 ליטר,החברה הדרומית לשיווק בעמ,,סנו ז'אוול סמיכה 4 ל,ליטרים,4.00,ליטר,false,,16.90,4.2250,true,1,29789
7290000295121,false,מטליות זיגזג סנו סושי לניקוי רצפות 3יח',החברה הדרומית לשיווק בעמ,,מטלית זיגזג 3יח,יחידה,0.00,יחידה,false,,11.90,0.0000,true,1,29790
7290000295299,false,סנו סושי כריות הפלא רב תכלתיות רביעייה,החברה הדרומית לשיווק בעמ,,כריות יפניות סנו סוש,יחידה,0.00,יחידה,false,,11.90,0.0000,true,1,29791
7290000295404,false,שקיות אשפה עם שרוך 54 * 65 סנו סושי 60 יחידות,החברה הדרומית לשיווק בעמ,,שקיות אשפה נשלפות סנ,יחידה,0.00,יחידה,false,,22.90,0.0000,true,1,29796
7290000295503,false,זוג שקיות מזון טבע 19*25 סנו סושי 150 יחידות,החברה הדרומית לשיווק בעמ,,סנו סושי צמד שקיות א,יחידה,0.00,יחידה,false,,14.90,0.0000,true,1,29797
7290000295541,false,סנו סושי רב מגבת ג`מבו 75 יחידות,החברה הדרומית לשיווק בעמ,,סנו רב מגבת גמבו,יחידה,0.00,יחידה,false,,16.90,0.0000,true,1,29798
7290000295558,false,"רדיד אלומיניום רוחב 30 ס""מ סנו סושי 2 יח' 7.5 מטר",החברה הדרומית לשיווק בעמ,,צמד רדיד אלומיניום ק,,15.00,מטר,false,,11.90,0.7933,true,1,29799
7290000295749,false,ספוג סאקי מסאז' כיף 1 יחידה,החב. הדרומית לשיווק,,סנו ספוג סאקי כיף 26,יחידה,0.00,יחידה,false,,11.90,0.0000,true,1,29803
7290000295794,false,ספוגיות מתכת אל חלד לניקוי סנו 3 יחידות,החברה הדרומית לשיווק בעמ,,ספוגיות אל חלד זוג,יחידה,0.00,יחידה,false,,12.90,0.0000,true,1,29804
7290000300900,false,שניצל תירס מרכיבים טבעיים טבעול 750 גרם,קבוצת אוסם סחר שותפות מוגבלת,,שניצל תירס טבעול רכי,,750.00,100 גרם,false,,24.90,0.0332,true,1,19706
7290000302102,false,סיגריות מונטנה 10 יח,"דובק בע""מ",,מונטנה פילטר,יחידה,0.00,יחידה,false,,285.00,0.0000,false,1,4517
7290000313160,false,זהבה ושלושת הדובים עוגיות בטעם שוקולד אסם 350 גרם,קבוצת אוסם סחר שותפות מוגבלת,,חברים זהבה ושלושת הד,,250.00,100 גרם,false,,8.50,0.0340,true,1,18643
7290000313290,false,אסם נודלס נודלס איטריות מסולסלות 200גר,קבוצת אוסם סחר שותפות מוגבלת,,נודלס אטריות מסולסלו,יחידה,200.00,יחידה,false,,8.90,0.0445,true,1,18646
7290000318479,false,נקניק פרושוטו בקר יחיעם 100 גרם,מעדני יחיעם ( 1993 ) בע`מ,,פרושטו בקר יחיעם 100,,100.00,100 גרם,false,,26.90,0.2690,true,1,15526
7290000318677,false,נקניק סלמי סרוולט יחיעם 150 גרם,מעדני יחיעם (1993) בעמ,,סלמי סרוולט 150גר יח,,150.00,100 גרם,false,,22.90,0.1527,true,1,15528
7290000318806,false,נקניק סרוולד סלמי מעדניה,מעדני יחיעם ( 1993 ) בע`מ,,סלמי סרוולט מעדנ.יחי,קילוגרמים,1.00,"ק""ג",true,,140.00,140.0000,true,1,15497
7290000319131,false,נקניקיות עוף יחיעם 400 גרם,מעדני יחיעם (1993) בעמ,,נקניקיות עוף יחיעם 4,,400.00,100 גרם,false,,10.90,0.0273,true,1,15539
7290000319803,false,קבנוס קלאסי יחיעם (125 גרם),מעדני יחיעם ( 1993 ) בע`מ,,קבנוס קלאסי 125גר,,125.00,100 גרם,false,,10.90,0.0872,true,1,15554
7290000321750,false,"פילה אמנון 5-7 בד""צ",,,"פילה אמנון 5-7 בד""צ",קילוגרמים,1.00,"ק""ג",true,,29.90,29.9000,true,1,53805
7290000334325,false,ציפס למיקרו מארז שלישיה 125 ג' תפוגן,קבוצת אוסם סחר שותפות מוגבלת,,תפוגן ציפס למיקרו מא,,375.00,100 גרם,false,,12.90,0.0344,true,1,19718
7290000334684,false,תפוגן טבעות בצל לתנור 700 גרם,קבוצת אוסם סחר שותפות מוגבלת,,טבעות בצל 700 גרם,,700.00,100 גרם,false,,17.90,0.0256,true,1,19720
7290000334745,false,"ציפס אמריקאי דקדק תפוגן 1.5 ק""ג",קבוצת אוסם סחר שותפות מוגבלת,,"אמריקאן ציפס 1.5 ק""ג",קילוגרמים,1.50,"ק""ג",false,,24.90,16.6000,true,1,19721
7290000339191,false,רן אבקת הלבנה לכביסה 350 גרם,יוניליוור ישראל שיווק בע`מ,,אבקת הלבנה רן 350 גר,,350.00,100 גרם,false,,17.90,0.0511,true,1,10296
7290000339566,false,מרכך כביסה ורוד בדין (4 ליטר),יוניליוור ישראל שיווק בע`מ,,בדין מרכך כביסה ורוד,ליטרים,4.00,ליטר,false,,19.90,4.9750,true,1,10297
7290000341071,false,בדין - מרכך כביסה בייבי לבן 2 ליטר,"יוניליוור ישראל שיווק בע""מ",,בייבי בדין לבן 2 ליט,ליטרים,2.00,ליטר,false,,15.90,7.9500,true,1,10302
7290000342832,false,מרכך כביסה צהוב בדין (4 ליטר),"יוניליוור ישראל שיווק בע""מ",,בדין מרכך כביסה צהוב,ליטרים,4.00,ליטר,false,,19.90,4.9750,true,1,10303
7290000345284,false,תה ויסוצקי קלאסי אריזה ירוקה מרובעת (100 שקיקים),תה ויסוצקי (ישראל) בעמ,,תה ויסוצקי 1.5 קלאסי,,150.00,100 גרם,false,,15.90,0.1060,true,1,24598
7290000345291,false,תה ארל גרי 1.5/ 25 שקיקים ויסוצקי,תה ויסוצקי (ישראל) בעמ,,תה ארל גריי 1.5/25,,37.50,100 גרם,false,,15.90,0.4240,true,1,24599
7290000345307,false,תה ארל גרי 1.5/ 50 שקיקים ויסוצקי,תה ויסוצקי (ישראל) בעמ,,תה ארל גריי 1.5/50,,75.00,100 גרם,false,,28.90,0.3853,true,1,24600
7290000345536,false,תה נענע 1.5/ 25 שקיקים ויסוצקי,תה ויסוצקי (ישראל) בעמ,,תה נענע 25 שקיות 1.5,,37.50,100 גרם,false,,17.90,0.4773,true,1,24601
7290000346021,false,חליטת קמומיל הגן הקסום ויסוצקי 50 יחידות,תה ויסוצקי (ישראל) בעמ,,תה קמומיל 50 שקיקים,,75.00,100 גרם,false,,35.90,0.4787,true,1,24606
7290000346120,false,חליטת קינמון הגן הקסום ויסוצקי 25 יחידות,תה ויסוצקי (ישראל) בעמ,,תה קסם הקנמון 25 שקי,,62.50,100 גרם,false,,17.90,0.2864,true,1,24607
7290000346137,false,חליטת הילולי פירות הגן הקסום ויסוצקי 25 יחידות,תה ויסוצקי (ישראל) בעמ,,תה הילולי פירות 25 ש,,62.50,100 גרם,false,,17.90,0.2864,true,1,24608
7290000346199,false,חליטת פירות יער הגן הקסום ויסוצקי 25 יחידות,תה ויסוצקי (ישראל) בעמ,,תה פירות יער 25 שקיק,,67.50,100 גרם,false,,17.90,0.2652,true,1,24612
7290000346205,false,חליטת קמומיל הגן הקסום ויסוצקי 25 יחידות,תה ויסוצקי (ישראל) בעמ,,תה קמומיל 25 שקיקים,,37.50,100 גרם,false,,17.90,0.4773,true,1,24613
7290000347738,false,תה ירוק בתוספת עלי נענע 25 שקיקים,תה ויסוצקי (ישראל) בעמ,,תה ירוק נענע 25 שקיק,,37.50,100 גרם,false,,23.90,0.6373,true,1,24619
7290000347752,false,תה ירוק לימונית ולואיזה 25 שקיקים *1.5 ג'' ויסוצקי,תה ויסוצקי (ישראל) בעמ,,תה ירוק לימונית ולוא,,37.50,100 גרם,false,,23.90,0.6373,true,1,24620
7290000363462,false,סלמי איטלקי מעושן ט.צבי,תנובה בשר,,סלמי מעושן איטלקי טי,קילוגרמים,1.00,"ק""ג",true,,75.00,75.0000,true,1,25292
7290000363486,false,נקניק תה טירת צבי מע,תנובה בשר,,נקניק תה טירת צבי מע,קילוגרמים,1.00,"ק""ג",true,,50.00,50.0000,true,1,25293
7290000364261,false,"דקניקים, סלסולי פסטרמה כתף בקר מעושנת 120 גרם",תנובה מרכז שיתופי לשיווק תוצרת,,סלסולי כתף בקר 120 ג,,120.00,100 גרם,false,,12.80,0.1067,true,1,25329
7290000364278,false,דקניקים סלסולי סלמי איטלקי משובח טירת צבי 120 גרם,תנובה מרכז שיתופי לשיווק תוצרת,,סלסולי סלמי איטלקי מ,,120.00,100 גרם,false,,12.80,0.1067,true,1,25330
7290000364285,false,דקניקים סלסולי פסטרמה הודו טירת צבי 120 גרם,תנובה מרכז שיתופי לשיווק תוצרת,,טירת צבי סלסולי פסטר,,120.00,100 גרם,false,,12.80,0.1067,true,1,25331
7290000364292,false,דקניקים סלסולי פסטרמה הודו על גחלים 1% טירת צבי 120 גרם,תנובה מרכז שיתופי לשיווק תוצרת,,סלסולי פסטרמה גחלים,,120.00,100 גרם,false,,12.80,0.1067,true,1,25332
7290000364858,false,"נקניקיות עוף טרי טירת צבי 1 ק""ג",הנסיך- מפעל לייצור ט,,נקניקיות עוף טרי 1 ק,קילוגרמים,1.00,"ק""ג",false,,22.90,22.9000,true,1,25337
7290000364872,false,נקניקיות עוף טירת צבי (400 גרם),טיב טירת צבי 2000,,נקניקיות עוף 400 גרם,,400.00,100 גרם,false,,11.90,0.0298,true,1,25338
7290000365046,false,פסטרמה כתף בקר מעושן,טירת- צבי,,כתף מעושן טירת צבי מ,קילוגרמים,1.00,"ק""ג",true,,89.00,89.0000,true,1,25298
7290000365398,false,חזה הודו בדבשטירת צבי,תנובה בשר,,חזה הודו בדבש ט.צבי,קילוגרמים,1.00,"ק""ג",true,,79.00,79.0000,true,1,25304
7290000365954,false,פסטרמה גחלים טירת צבי,תנובה בשר,,פסט.על גחלים ט.צבי מ,קילוגרמים,1.00,"ק""ג",true,,79.00,79.0000,true,1,25309
7290000367590,false,פסטרמה כפרית וסלמי פריזר כפרי טירת צבי 2*400 גרם,תנובה מרכז שיתופי לשיווק תוצרת,,צמד כפרי נק.סלמי+פסט,,800.00,100 גרם,false,,25.40,0.0317,true,1,25341
7290000369617,false,מעדן כדורי פטה בשמן מתובל ניצן 230 גרם,גבינות אמיר ניצן בעמ,,ניצן כדורי פטה בשמני,,150.00,100 גרם,false,,16.90,0.1127,true,1,6160
7290000370253,false,גבינות גורגונזולה אי,,,*מבצע* גבינות גורגונ,קילוגרמים,1.00,"ק""ג",true,,109.00,109.0000,true,1,2786
7290000371571,false,פסט.פרגיות לבאגט ט.צ,,,פסט.פרגיות לבאגט ט.צ,קילוגרמים,1.00,"ק""ג",true,,79.00,79.0000,true,1,25313
7290000377452,false,גרעיני אבטיח קלויים ומלוחים קלית גת 200,הדקלאים אגודת שיתופי,,גרעין אבטיח 200 גרם,,200.00,100 גרם,false,,12.90,0.0645,true,1,12742
7290000379258,false,"חלה מתוקה קונדטוריה ארוזה ""אנג'ל""",מאפיית שלמה א. אנג'\ל בע,,חלת קונדיטורית אנגל,,500.00,100 גרם,false,,15.90,0.0318,true,1,35390
7290000385738,false,מנצ`גו משולש. מע.,,,מנצ`גו משולש. מע.,קילוגרמים,1.00,"ק""ג",true,,160.00,160.0000,true,1,14617
7290000408316,false,יוגורט דנונה דל לקטוז 200 גרם,שטראוס גרופ בעמ/מצונן,,דנונה טבעי 3% 200מל,,200.00,"100 מ""ל",false,,3.70,0.0185,true,1,23243
7290000408354,false,יוגורט עם אורז מצופה שוקולד קקאו 175 ג' דנונה,שטראוס גרופ בעמ/מצונן,,דנונה קראנצ' פצפוצים,,175.00,"100 מ""ל",false,,4.60,0.0263,true,1,23244
7290000412481,false,נוזל לניקוי אסלות 00 סנו (1 ליטר),החברה הדרומית לשיווק בעמ,,מנקה אסלות 1 ליטר 00,ליטרים,1.00,ליטר,false,,7.90,7.9000,true,1,29808
7290000416021,false,ממרח בטעם שוקולד השחר העולה (500 גרם),השחר העולה תעשית ממתקים בעמ,,ממרח שוקולד השחר 500,,500.00,100 גרם,false,,13.90,0.0278,true,1,28862
7290000416045,false,ממרח בטעם שוקולד השחר העולה (1 קג),השחר העולה תעשית ממתקים בעמ,,ממרח שוקולד השחר 1 ק,קילוגרמים,1.00,"ק""ג",false,,24.90,24.9000,true,1,28864
7290000419220,false,לנדוור כחול המקורי קפה טחון טורקי 3*100 גרם 16 יח',ש.שסטוביץ בעמ,,לנדוור כחול המקורי ק,,300.00,100 גרם,false,,17.90,0.0597,true,1,18649
7290000419374,false,לנדוור לבוקר קפה טחון טורקי 3*100 גרם 16 יח',ש.שסטוביץ בעמ,,לנדוור לבוקר קפה טחו,,300.00,100 גרם,false,,17.90,0.0597,true,1,18650
7290000420325,false,"פופסטאר פופקורן למקירוגל בטעם טבעי 5 שקיות,500 גרם","דנשר (1963) בע,מ",,פופסטאר פופקורן טבעי,,500.00,100 גרם,false,,12.90,0.0258,true,1,5730
7290000420332,false,פופסטאר פופקורן למיקרוגל בטעם חמאה 5 יחידות 500 גרם,"דנשר (1963) בע,מ",,פופסטאר פופקורן חמאה,,500.00,100 גרם,false,,12.90,0.0258,true,1,5731
7290000453408,false,בצק פיצה דק מצונן ומוכן לאפייה שמרית 415 גרם,שטראוס גרופ בעמ/מצונן,,שמרית בצק פיצה דק מצ,,415.00,100 גרם,false,,17.50,0.0422,true,1,23247
7290000453415,false,בצק עלים מצונן ומוכן לאפייה שמרית 300 גרם,שטראוס גרופ בעמ/מצונן,,שמרית בצק עלים מצונן,,300.00,100 גרם,false,,15.90,0.0530,true,1,23248
7290000453422,false,בצק פילו מצונן ומוכן לאפייה שמרית 300 גרם,שטראוס גרופ בעמ/מצונן,,שמרית בצק פילו מוכן,,300.00,100 גרם,false,,15.90,0.0530,true,1,23249
7290000461625,false,בייגלה שמיניות מלח בייגל בייגל 400 ג',יוניליוור ישראל שיווק בע`מ,,ביגלה 8 8 400גר,,400.00,100 גרם,false,,9.90,0.0248,true,1,10307
7290000461700,false,בייגלה שמיניות גדולות מלוחות 400 גרם,יוניליוור ישראל שיווק בע`מ,,ביגלה שמיניות גדולות,,400.00,100 גרם,false,,11.90,0.0298,true,1,10309
7290000462141,false,סחוג אדום תימני מקורי חריף מאוד זהבי 150 גרם,שטראוס גרופ בעמ/מצונן,,סחוג אדום חריף מאוד,,150.00,100 גרם,false,,7.90,0.0527,true,1,23255
7290000462172,false,סחוג זחוק ירוק תימני חריף זהבי (150 גרם),שטראוס גרופ בעמ/מצונן,,סחוג ירוק חריף מאוד,,150.00,100 גרם,false,,7.90,0.0527,true,1,23257
7290000467320,false,מלך החומוס אבו מרוואן 400 גרם,קבוצת אוסם סחר שותפות מוגבלת,,צבר חומוס אבו מרוואן,,400.00,100 גרם,false,,13.90,0.0348,true,1,19733
7290000472821,false,גבינה צהובה 28% הר,,,גבינה צהובה 28% הר,קילוגרמים,1.00,"ק""ג",true,,31.00,31.0000,true,1,274556
7290000474090,false,"חלב בקרטון 1%- 1 ליטר בד""צ - מוצר בפיקוח",*החברה המרכזית להפצת משקאותבעמ,,טרה חלב בקרטון 1% 1ל,ליטרים,1.00,ליטר,false,,5.86,5.8600,true,1,6345
7290000474373,false,"שמנת חמוצה 15% שומן 200 מ""ל טרה",החברה המרכזית טלהפצת משקאות בע,,טרה שמנת חמוצה 15% 2,,200.00,"100 מ""ל",false,,2.40,0.0120,true,1,6351
7290000474502,false,גבינה לבנה טרה 5% מרכיבים טבעיים,*החברה המרכזית להפצת משקאותבעמ,,טרה גבינה לבנה 5% 25,,250.00,100 גרם,false,,4.98,0.0199,true,1,6354
7290000474540,false,גבינה טוב טעם 3% טרה 250ג' מהדרין,החברה המרכזית טלהפצת משקאות בע,,טוב טעם גבינה 3% 250,,250.00,100 גרם,false,,10.90,0.0436,true,1,6355
7290000474830,false,נעם גבינה צהובה מגורדת 28% טרה 500 גרם,*החברה המרכזית להפצת משקאותבעמ,,נעם גבינה צהובה מגור,,500.00,100 גרם,false,,29.90,0.0598,true,1,6356
7290000480107,false,קוואקר שיבולת שועל פחית 500 גרם,שטראוס פריטו ליי בעמ,,"קוואקר מהיר אטוס לל""",,500.00,100 גרם,false,,12.90,0.0258,true,1,24157
7290000480442,false,קוואקר שיבולת שועל בשקית 500 גרם,שטראוס פריטו ליי בע`מ,,שיבולת שועל בשקית קו,,500.00,100 גרם,false,,11.90,0.0238,true,1,24158
7290000481029,false,10 פיתות בטעם ביתי דגנית עין בר,דגנית עין בר תעשיות מזון ואפיה,,פיתות 10 יחידות בטעם,קילוגרמים,1.00,"ק""ג",false,,10.90,10.9000,true,1,55319
7290000481043,true,עשיריית פיתות כוסמין,,,עשיריית פיתות כוסמין,,700.00,100 גרם,false,,14.90,0.0213,true,1,118054
7290000481531,false,דגנית עין בר לחמניות אצבע מחיטה מלאה בשקית 750 ג',דגנית עין בר תעשיות מזון ואפיה,,לחמניות 10 יחידות חי,,750.00,100 גרם,false,,13.90,0.0185,true,1,4462
7290000481883,false,דגנית עין בר מארז לחמניות 10 יח'*75 ג',דגנית עין בר תעשיות מזון ואפיה,,10 לחמניות דגנית,,750.00,100 גרם,false,,13.90,0.0185,true,1,4466
7290000482019,false,שקיות לצליה קוקי 10 יחידות,"ש. שסטוביץ בע""מ",,שקיות קוקי רגיל 10יח,יחידה,0.00,יחידה,false,,11.90,0.0000,true,1,21412
7290000484747,false,"ארק עלית 700 מ""ל 40% יקב הגליל*",יקב הגליל יוסף גולד ובניו,,"עלית הארק 40% 700 מ""",,700.00,"100 מ""ל",false,,59.90,0.0856,true,1,28897
7290000504278,false,ממתיק סוכרזית אריזת פטנט 700 טבליות,אף.סי תבליני בגליל ב,,סוכרזית פטנט 700 טבל,,574.00,100 גרם,false,,13.90,0.0242,true,1,22211
7290000507383,false,בולגרית 5% פנחס אמית,,,בולגרית 5% פנחס אמית,קילוגרמים,1.00,"ק""ג",true,,75.00,75.0000,true,1,16605
7290000511010,false,פרמז`נו בגלגל ויליפו,,,פרמז`נו בגלגל ויליפו,קילוגרמים,1.00,"ק""ג",true,,110.00,110.0000,true,1,2798
7290000518190,false,מתוק וקל סטיביה 100 יחידות,מתוק וקל,,מתוק וקל סטיביה 100,,80.00,100 גרם,false,,24.90,0.3112,true,1,15790
7290000518220,false,ממתיק סוכרה דיאט 100 יחידות,מתוק וקל בעמ,,סוכרה דיאט 100 יח,,80.00,100 גרם,false,,24.90,0.3112,true,1,15791
7290000521008,false,יין אדום יבש של סגל (750 מל),"כרמי צבי - אחים סגל בע""\",,אדום יבש סגל.,,750.00,"100 מ""ל",false,,21.90,0.0292,true,1,9380
7290000521022,false,יין לבן חצי יבש של סגל (750 מל),פארייפאבה אגרואינדוס,,סגל לבן חצי יבש 750,,750.00,"100 מ""ל",false,,21.90,0.0292,true,1,9382
7290000522166,false,חלב הרים טהור-עמיד- נטול לקטוז 1 לי 3%,"מחלבות רמת הגולן בע""",,חלב הרים טהור נ.לקטו,ליטרים,1.00,ליטר,false,,10.90,10.9000,true,1,24933
7290000523224,false,מלח הארץ הים האדום 500 ג' עדין,"חברת מלח הארץ אילת בע""\מ",,מלח ים יבש הארץ 500,,500.00,100 גרם,false,,7.90,0.0158,true,1,15460
7290000523514,false,מלח ים יבש מופחת נתרן מלח הארץ (250 גרם),"חברת מלח הארץ אילת בע""\מ",,מלח 50% פחות נתרן הא,,250.00,100 גרם,false,,9.90,0.0396,true,1,15461
7290000523521,false,מלח ים מלח הארץ 250 גרם מועשר ביוד,חברת מלח הארץ אילת ב,,מלח מעושר ביוד הארץ,,250.00,100 גרם,false,,5.90,0.0236,true,1,24623
7290000523804,false,"מלח עדין צנצנת 1 ק""ג מלח הארץ","חברת מלח הארץ אילת בע""\מ",,מלח עדין בצנצנת הארץ,קילוגרמים,1.00,"ק""ג",false,,7.50,7.5000,true,1,24624
7290000523811,false,"צנצנת מלח גס 1 ק""ג מלח הארץ","חברת מלח הארץ אילת בע""\מ",,מלח גס בצנצנת הארץ 1,קילוגרמים,1.00,"ק""ג",false,,7.50,7.5000,true,1,24625
7290000525969,false,מיץ תפוזים סחוט רכיבים טבעיים פרימור 1 ליטר,שטראוס גרופ בעמ/מצונן,,פרימור מיץ תפוזים 1ל,ליטרים,1.00,ליטר,false,,15.90,15.9000,true,1,23261
7290000530024,false,נקניק תה מעושן רחב במשקל,נקניק זוגלובק נהריה,,תה מעושן זוגלובק,קילוגרמים,1.00,"ק""ג",true,,47.00,47.0000,true,1,38891
7290000530031,false,סלמי פיין צר זוגלובק,זוגלובק,,סלמי פיין צר זוגלובק,קילוגרמים,1.00,"ק""ג",true,,60.00,60.0000,true,1,38892
7290000530048,false,נקניק סלמי פפרוני במ,נקניק זוגלובק נהריה,,סלמי פפרוני זוגלובק,קילוגרמים,1.00,"ק""ג",true,,60.00,60.0000,true,1,38893
7290000530062,false,נקניק מעושן איטלקי במשקל,זוגלובק שיווק בעמ,,סלמי מעו. איטלקי זוג,קילוגרמים,1.00,"ק""ג",true,,82.00,82.0000,true,1,38894
7290000530109,false,קבנוס זוגי בואקום זוגלובק 180ג',נקניק נהריה כשר זוגל,,זוג קבנוס בוואקום 36,,360.00,100 גרם,false,,24.90,0.0692,true,1,38930
7290000530116,false,נקניק סלמי מעושן בשן 470 ג' זוגלובק,נקניק נהריה כשר זוגל,,סלמי מעושן בשן זוגלו,,470.00,100 גרם,false,,22.90,0.0487,true,1,38931
7290000530178,false,קוניאק זוגלובק שקילה,זוגלובק שיווק בעמ,,סלמי קוניאק זוגלובק.,קילוגרמים,1.00,"ק""ג",true,,90.00,90.0000,true,1,38897
7290000530192,false,זוגלובק סרבלד נקניק מעדניה,נקניק זוגלובק נהריה,,נקניק סרבלד זוגלובק,קילוגרמים,1.00,"ק""ג",true,,123.00,123.0000,true,1,38898
7290000530369,false,פסטרמה גולן חזה הודו מעושן מעדניה,נקניק זוגלובק נהריה,,פסט. גולן 3% זוגלובק,קילוגרמים,1.00,"ק""ג",true,,80.00,80.0000,true,1,38901
7290000530598,false,נקניקיות עוף וינר זוגלובק 500 גרם,נקניק נהריה כשר זוגל,,נקניקיות וינר טרי זו,,500.00,100 גרם,false,,11.90,0.0238,true,1,38938
7290000531410,false,פסטרממיה בדבש טהור במשקל,נקניק זוגלובק נהריה,,פסט. בדבש טהור 3% זו,קילוגרמים,1.00,"ק""ג",true,,80.00,80.0000,true,1,38904
7290000532400,false,פסטרמה חזה הודו ברביקיו זוגלובק,נקניק זוגלובק נהריה,,ברביקיו חזה הודו זוג,קילוגרמים,1.00,"ק""ג",true,,80.00,80.0000,true,1,38905
7290000532585,false,רוסטביף חצוי זוגלובק,נקניק זוגלובק נהריה,,רוסטביף 4% זוגלובק,קילוגרמים,1.00,"ק""ג",true,,120.00,120.0000,true,1,38906
7290000532721,false,כתף בקר מעושן בפלפל טורו מעדניה,נקניק זוגלובק נהריה,,כתף בקר מפולפל טורו,קילוגרמים,1.00,"ק""ג",true,,110.00,110.0000,true,1,38907
7290000533353,false,"בצק עלים מרודד זוגלובק 1 ק""ג",מאפיית אריאל וגידרון,,זוגלובק בצק עלים 1קג,קילוגרמים,1.00,"ק""ג",false,,13.90,13.9000,true,1,38945
7290000534718,false,פסטרמה הודו תבור 1% שומן זוגלובק,נקניק זוגלובק נהריה,,תבור חזה מעושן ד.ש.,קילוגרמים,1.00,"ק""ג",true,,80.00,80.0000,true,1,38912
7290000534824,false,פסטרמה חרמון-חזה הודו זוגלובק,נקניק זוגלובק נהריה,,חרמון 3% זוגלובק במש,קילוגרמים,1.00,"ק""ג",true,,53.00,53.0000,true,1,38914
7290000537566,false,נקניקיות עוף טרי 400 ג' זוגלובק,נקניק נהריה כשר זוגל,,נקניקיות עוף טרי 400,,400.00,100 גרם,false,,11.50,0.0288,true,1,38957
7290000537603,false,"נקניקיות עוף 1 ק""ג זוגלובק.",זוגלובק שיווק בעמ,,"נקנקיות עוף 1 ק""ג -ז",קילוגרמים,1.00,"ק""ג",false,,24.90,24.9000,true,1,38958
7290000552194,false,קישקע קפוא טיבון ויל (500 גרם),טיבון ויל אחזקות בעמ,,קישקע קפוא 500 גרם,,500.00,100 גרם,false,,12.90,0.0258,true,1,16796
7290000552569,false,סטייקבורגר בקר טיבון ויל 400 גרם,"טיבון ויל אחזקות בע""\מ",,סטייק בורגר 400 ג'-ט,,400.00,100 גרם,false,,17.90,0.0447,true,1,16797
7290000552927,false,בשר עוף קפוא טחון טיבון ויל (500 גרם),"טיבון ויל אחזקות בע""\מ",,טחון עוף 500 גרם,,500.00,100 גרם,false,,12.90,0.0258,true,1,16799
7290000552989,false,בשר טחון טיבון ויל 500 גרם,"טיבון ויל אחזקות בע""\מ",,בשר עגל טחון קפוא 50,,500.00,100 גרם,false,,21.90,0.0438,true,1,16801
7290000554402,false,מעדן חלב מלבי גד (160 גרם),מחלבות גד שיווק 1992 בעמ,,גד מלבי 160מל.,,160.00,"100 מ""ל",false,,5.90,0.0369,true,1,14624
7290000554457,false,גבינה צפתית 5% 350 גרם - רבנות,מחלבות גד שיווק 1992 בעמ,,גד צפתית מיני 5% 350,,350.00,100 גרם,false,,19.90,0.0569,true,1,14625
7290000554471,false,נקניק מוצרלה 22 אחוז 180גרם גד מהדרין,מחלבות גד שיווק 1992 בעמ,,גד מוצרלה נקניק טבעי,,180.00,100 גרם,false,,15.90,0.0883,true,1,14626
7290000554600,false,מוצרלה מגורדת 22 אחוז 300גרם גד מהדרין,מחלבות גד שיווק 1992 בעמ,,גד מוצרלה מגורדת %18,,300.00,100 גרם,false,,24.90,0.0830,true,1,14628
7290000554624,false,ירח מתוק מעדן חלב עם אורז 3% גד 150 גרם,מחלבות גד שיווק 1992 בעמ,,גד ירח מתוק 150מל,,150.00,100 גרם,false,,5.90,0.0393,true,1,14629
7290000554686,false,גבינת לאבנה בתוספת שמן זית וזעתר 5% גד 250 גרם,מחלבות גד שיווק 1992 בעמ,,גד לאבנה בשמן זית וז,,250.00,100 גרם,false,,13.90,0.0556,true,1,14630
7290000554822,false,ריקוטה גבינה לבנה בסגנון איטלקי 5% גד 250 גרם,מחלבות גד שיווק 1992 בעמ,,גד ריקוטה טבעי 5% 25,,250.00,100 גרם,false,,14.50,0.0580,true,1,14632
7290000554839,false,מסקרפונה שמנת מתוקה קשה בסגנון איטלקי 40% גד 250 גרם,מחלבות גד שיווק 1992 בעמ,,גד מסקרפונה 40% 250ג,,250.00,100 גרם,false,,20.50,0.0820,true,1,14633
7290000560540,false,אדג`פרו ג`ל לגילוח עור רגיש כתום220,המאפיה של הרמן,,ג'ל גילוח כתום לעור,,200.00,"100 מ""ל",false,,15.90,0.0795,true,1,5741
7290000561202,false,גרעינים חמניה 200 גרם פיצוחי חממה,בוטנת בעמ חברה לקלייה ואריזת פ,,גרעין חמניה קלוי 200,,200.00,100 גרם,false,,6.90,0.0345,true,1,1427
7290000561240,false,גרעיני דלעת 200 גרם פיצוחי חממה,בוטנת בעמ חברה לקלייה ואריזת פ,,גרעין דלעת קלוי 200ג,,200.00,100 גרם,false,,9.90,0.0495,true,1,1430
7290000561363,false,גרעיני אבטיח 200 גרם פיצוחי חממה,בוטנת בעמ חברה לקלייה ואריזת פ,,גרעין אבטיח קלוי 200,,200.00,100 גרם,false,,13.90,0.0695,true,1,1438
7290000561578,false,בוטן אמריקאי 200 גרם פיצוחי חממה,בוטנת בעמ חברה לקלייה ואריזת פ,,בוטן אמריקאי 200ג,,200.00,100 גרם,false,,6.90,0.0345,true,1,1447
7290000571119,false,גבינה גאודה הולנדית מעדניה,מחלבות גד שיווק 1992 בעמ,,גאודה טבעי המחלבה,קילוגרמים,1.00,"ק""ג",true,,104.00,104.0000,true,1,25658
7290000571188,false,גבינת גאודה תום עיזים במשקל,מחלבות גד שיווק 1992 בעמ,,גאודה תום עזים המחלב,קילוגרמים,1.00,"ק""ג",true,,136.00,136.0000,true,1,25660
7290000571294,false,גבינת גאודה מעושנת ב,מחלבה בית יצחק,,גאודה מעושנת המחלבה,קילוגרמים,1.00,"ק""ג",true,,101.00,101.0000,true,1,25662
7290000571386,false,המחלבה יוגורמה יוגורט מחלב כבשים 5% 850 גרם,גבינות משק אחים מאיר בית,,יוגורמה דלי 5% 850 ג,,850.00,100 גרם,false,,26.90,0.0316,true,1,25844
7290000572536,false,אחווה חלווה ווניל במגש 400 גר,אחדות ביתחרושת לטחינה חלבה,,חלוה וניל אחוה 400 ג,,400.00,100 גרם,false,,11.90,0.0298,true,1,681
7290000572628,false,חלבה חטיף לייט 25 ג* 11יח קופ`שי אחוה,אחדות ביחר לטחינה חל,,חטיפי חלוה ללא תוספת,,275.00,100 גרם,false,,12.90,0.0469,true,1,684
7290000574035,false,לחם אחיד פרוס דגנית עין בר (750 גרם),דגנית עין בר תעשיות מזון ואפיה,,לחם אחיד פרוס דגנית,,750.00,100 גרם,false,,7.11,0.0095,true,1,4472
7290000574141,false,לחם חיטה מלא 750ג' דגנית עין בר,דגנית עין בר תעשיות מזון ואפיה,,לחם חיטה מלאה דגנית,,750.00,100 גרם,false,,14.90,0.0199,true,1,4478
7290000574172,false,לחם קל מחיטה מלאה 750 ג' דגנית עין בר,דגנית עין בר תעשיות מזון ואפיה,,לחם קל חיטה מלאה דגנ,,750.00,100 גרם,false,,13.90,0.0185,true,1,4480
7290000574455,false,לחם חיטה מלא פלוס כוסמין 750 ג' דגנית עין בר,דגנית עין בר תעשיות מזון ואפיה,,לחם חיטה מלא+כוסמין,,750.00,100 גרם,false,,14.90,0.0199,true,1,4492
7290000578085,false,גבינת מוצרלה 21% ויל,,,גבינת מוצרלה 21% ויל,קילוגרמים,1.00,"ק""ג",true,,58.00,58.0000,true,1,2804
7290000598472,false,סלמון מנות נורבגי בו,,,סלמון מנות נורבגי בו,קילוגרמים,1.00,"ק""ג",true,,84.90,84.9000,true,1,51526
7290000604343,false,תמרים פרי שמש 400ג*,שושן (פירות)יבשים בעמ,,תמר דקל נור 400גר,,400.00,100 גרם,false,,9.90,0.0248,true,1,42949
7290000644783,false,נתחי פילה סלמון קפוא קג,תנובה קפואים,,דגי תנובה נתחי פילה,קילוגרמים,1.00,"ק""ג",true,,89.90,89.9000,true,1,26485
7290000652177,false,נתחי פילה נסיכה 100% דג קפוא תנובה,תנובה מרכז שיתופי לשיווק תוצרת,,נתחי פילה נסיכה 100%,קילוגרמים,1.00,"ק""ג",true,,69.90,69.9000,true,1,82688
7290000652542,false,פילה אמנון 5-7 100% דג- תנובה,תנובה קפואים,,פילה אמנון 5-7 100%,קילוגרמים,1.00,"ק""ג",true,,34.90,34.9000,true,1,82673
7290000654546,false,פילה אמנון 7-9 100% דג תנובה,תנובה,,פילה אמנון 7-9 100%,קילוגרמים,1.00,"ק""ג",true,,34.90,34.9000,true,1,82675
7290000658926,false,"פילה מרלוזה קפוא 100% ""תנובה""",דגי תנובה,,פילה מרלוזה קפוא 100,קילוגרמים,1.00,"ק""ג",true,,32.90,32.9000,true,1,26494
7290000659312,false,דגי תנובה פילה סלומון קפוא בוואקום,תנובה בשר,,דגי תנובה פילה סלמון,קילוגרמים,1.00,"ק""ג",true,,69.90,69.9000,true,1,26495
7290000662817,false,סלמון מעושן 100 גרם נורבגי מדג טרי,דגיים קפואים,,סלמון מעושן פרוס 100,,100.00,100 גרם,false,,18.90,0.1890,true,1,117741
7290000663036,false,פילה אמנון קפוא ללא עור 100% דג תנובה,תנובה מרכז שיתופי לשיווק תוצרת,,פילה אמנון ללא עור 1,קילוגרמים,1.00,"ק""ג",true,,44.90,44.9000,true,1,141508
7290000663135,false,קוביות סלומון קפוא 100% דג 300 גרם תנובה,תנובה מרכז שיתופי לשיווק תוצרת,,קוביות סלמון 300 גרם,,300.00,100 גרם,false,,29.90,0.0997,true,1,163092
7290000679370,false,גרון הודו נקבה ארוז,,,גרון הודו נקבה ארוז,קילוגרמים,1.00,"ק""ג",true,,29.90,29.9000,true,1,49937
7290000680123,false,כנפיים עוף טרי ארוז,,,כנפיים עוף טרי ארוז,קילוגרמים,1.00,"ק""ג",true,,10.90,10.9000,true,1,49950
7290000680130,false,שוקיים עוף טרי ארוז,,,שוקיים עוף טרי ארוז,קילוגרמים,1.00,"ק""ג",true,,28.90,28.9000,true,1,49951
7290000680147,false,כרעיים עוף טרי ארוז,,,כרעיים עוף טרי ארוז,קילוגרמים,1.00,"ק""ג",true,,26.90,26.9000,true,1,49952
7290000680154,false,שניצל עוף טרי ארוז,,,שניצל עוף טרי ארוז,קילוגרמים,1.00,"ק""ג",true,,34.90,34.9000,true,1,49953
7290000680185,false,פילה עוף טרי ארוז,,,פילה עוף טרי ארוז,קילוגרמים,1.00,"ק""ג",true,,34.90,34.9000,true,1,49956
7290000680451,false,כבד עוף טרי ארוז.,,,כבד עוף טרי ארוז.,קילוגרמים,1.00,"ק""ג",true,,19.90,19.9000,true,1,49959
7290000680529,false,שניצל עוף טרי ארוז,,,שניצל עוף טרי ארוז,קילוגרמים,1.00,"ק""ג",true,,36.90,36.9000,true,1,49964
7290000688381,false,מים מינרלים פקק ספורט מי עדן (500x6 מל),יפאורה שותפות מוגבלת לשיווק,,מי עדן פקק ספורט 6*5,ליטרים,3.00,ליטר,false,,13.90,4.6333,true,1,11466
7290000688466,false,מי עדן 0.75 ליטר ספורט בודד,יפאורה שותפות מוגבלת לשיווק,,מי עדן ג'ים 750מל,,750.00,"100 מ""ל",false,,2.90,0.0039,true,1,11468
7290000688503,false,"מים מינרלים פקק ספורט מי עדן 6*750 מ""ל",יפאורה שותפות מוגבלת לשיווק,,מי עדן ג'ים 6*750מל,ליטרים,4.50,ליטר,false,,15.90,3.5333,true,1,11469
7290000692210,false,נוזל לניקוי כללי ורצפות בניחוח לבנדר אג'קס 2 ליטר,הנסיך- מפעל לייצור ט,,אג'קס ניקוי כללי ורצ,ליטרים,2.00,ליטר,false,,22.90,11.4500,true,1,21417
7290000692227,false,נוזל כלים פלמוליב צילינדר קלאסי 1 ליטר,יבואן ומשווק: ש. שסט,,פלמוליב לכלים קלאסי-,יחידה,0.00,יחידה,false,,13.90,0.0000,true,1,21418
7290000803180,false,"מרידול-שטיפת פה דנטלית 400 מ""ל",קולגייט פלמוליב,,מי פה דנטלית מרידול,,400.00,"100 מ""ל",false,,30.90,0.0772,true,1,21426
7290000835954,false,פילה אמנון 5-7 בוואק,,,פילה אמנון 5-7 בוואק,קילוגרמים,1.00,"ק""ג",true,,26.90,26.9000,true,1,66246
7290000900436,false,טירת צבי פסטרמה איטל,,,פסט.איטלקית ט.צבי מע,קילוגרמים,1.00,"ק""ג",true,,79.00,79.0000,true,1,25317
7290000910291,false,פלפל צ`ילי,,,פלפל צ`ילי,,100.00,100 גרם,false,,7.90,0.0790,true,1,46599
7290000956012,false,פטאקי 18% שומרון,,,פטאקי 18% שומרון,קילוגרמים,1.00,"ק""ג",true,,33.00,33.0000,true,1,14758
7290001041147,false,חומוס גדול יבש מיה 1 ק'ג,מיה תעשיות מזון מ.ת.מ. בעמ,,חומוס 1 ק'ג,קילוגרמים,1.00,"ק""ג",false,,11.90,11.9000,true,1,14851
7290001041178,false,"אפונה ירוקה מיה 1 ק""ג",מיה תעשיות מזון מ.ת.מ. בעמ,,"אפונה 1 ק""ג",קילוגרמים,1.00,"ק""ג",false,,7.90,7.9000,true,1,14854
7290001041208,false,"עדשים ירוקים יבשים מיה 1 ק""ג",מיה תעשיות מזון מ.ת.מ. בעמ,,עדשים ירוקות 1 ק'ג,קילוגרמים,1.00,"ק""ג",false,,12.90,12.9000,true,1,14857
7290001041215,false,"חיטה מיה 1 ק""ג",מיה תעשיות מזון מ.ת.מ. בעמ,,חיטה 1 ק'ג,קילוגרמים,1.00,"ק""ג",false,,6.90,6.9000,true,1,14858
7290001136287,false,"שמפו לשיער רגיל בבושם פרחים נקה 7 750 מ""ל",החברה הדרומית לשיווק בעמ,,שמפו רגיל ירוק נקה 7,,750.00,"100 מ""ל",false,,11.90,0.0159,true,1,29810
7290001136799,false,נקה 7 תחליב רחצה ארומה ורוד יסמין 1 ל',החברה הדרומית לשיווק בעמ,,תחליב רחצה ורד ויסמי,יחידה,0.00,יחידה,false,,13.90,0.0000,true,1,29816
7290001201572,false,ביצים ארוזות XL 12יחידות,מ לסר בעמ - חברה לשיווק ביצים,,12 ביצים אריזון XL מ,יחידה,0.00,יחידה,false,,13.10,0.0000,true,1,13627
7290001201596,false,ביצים ארוזות M 12 יחידות,מ לסר בעמ - חברה לשיווק ביצים,,12 ביצים M מ.לסר,יחידה,0.00,יחידה,false,,11.15,0.0000,true,1,13629
7290001201657,false,ביצים אומגה M/30 בינוני ארוז,מ לסר בעמ - חברה לשיווק ביצים,,30 ביצים M אומגה 3 מ,יחידה,0.00,יחידה,false,,41.90,0.0000,true,1,13634
7290001201824,false,תבנית ביצים 12 יח' לארג' אורגני,מ לסר בעמ - חברה לשיווק ביצים,,12 ביצים L אורגני מ,יחידה,0.00,יחידה,false,,21.90,0.0000,true,1,13637
7290001201855,false,ביצים אומגה L/12 גדול ארוז,מ לסר בעמ - חברה לשיווק ביצים,,12ביצים L אומגה 3 מ,יחידה,0.00,יחידה,false,,17.90,0.0000,true,1,13639
7290001201862,false,ביצי חופש לארג' 12 יחידות,מ לסר בעמ - חברה לשיווק ביצים,,12 ביצים חופש L מ. ל,יחידה,0.00,יחידה,false,,17.90,0.0000,true,1,13640
7290001201893,false,ביצים אומגה 12 יח`M,מ לסר בעמ - חברה לשיווק ביצים,,12 ביצים M אומגה 3,יחידה,0.00,יחידה,false,,16.90,0.0000,true,1,13642
7290001216040,false,טחינה גולמית שומשום טהור אל ארז 500 גרם,אגס ירוק מסחר ושירותים,,טחינה אל ארז 100% שו,,500.00,100 גרם,false,,15.90,0.0318,true,1,34857
7290001216057,false,"טחינה שומשום טהור אל ארז 1 ק""ג",אגס ירוק מסחר ושירותים,,טחינה אל ארז 100% שו,קילוגרמים,1.00,"ק""ג",false,,29.90,29.9000,true,1,34858
7290001216101,false,"טחינה שומשום מלא אל ארז 1 ק""ג",סוגת תעשיות בעמ,,טחינה אל ארז 100% שו,קילוגרמים,1.00,"ק""ג",false,,32.90,32.9000,true,1,297080
7290001216231,false,טחינה גולמית שומשום מלא אל ארז 500 גרם,אגס ירוק מסחר ושירותים,,טחינה מלאה 100% שומש,,500.00,100 גרם,false,,16.90,0.0338,true,1,34862
7290001245699,false,אקונומיקה סמיכה בניחוח לימון 4 ל' טאצ',סאסאטק אגשח בעמ,,ג'ל אקונומיקה סמיכה,ליטרים,4.00,ליטר,false,,11.90,2.9750,true,1,37990
7290001245705,false,אקונומיקה מבושמת 4 ליטר טאצ',סאסאטק אגשח בעמ,,אקונומיקה מבושמת 4 ל,ליטרים,4.00,ליטר,false,,10.90,2.7250,true,1,37991
7290001245712,false,אקונומיקה 4 ליטר טאצ,סאסאטק אגשח בעמ,,אקונומיקה טאצ' 4 ליט,ליטרים,4.00,ליטר,false,,10.90,2.7250,true,1,37992
7290001245958,false,מרכך כביסה ורוד 4 ליטר טאצ',סאסאטק אגשח בעמ,,מרכך כביסה טאצ' ורוד,ליטרים,4.00,ליטר,false,,13.90,3.4750,true,1,38010
7290001246061,false,מרכך מרוכז פרימיום פנטזי( 1 ליטר)טאצ`,סאסאטק אגשח בעמ,,מרכך פרימיום פנטזי 1,ליטרים,1.00,ליטר,false,,12.90,12.9000,true,1,38015
7290001246085,false,נוזל לניקוי חלונות 1 ליטר טאצ,סאסאטק אגשח בעמ,,תרסיס מנקה חלונות 1,ליטרים,1.00,ליטר,false,,5.90,5.9000,true,1,38017
7290001246092,false,"תרסיס מסיר שומנים 750 מ""ל טאצ.",סאסאטק אגשח בעמ,,תרסיס מסיר שומנים 75,,750.00,"100 מ""ל",false,,12.90,0.0172,true,1,38018
7290001246108,false,"טאצ' תרסיס מסיר אבנית 750 מ""ל",סאסאטק אגשח בעמ,,תרסיס מסיר אבנית 750,,750.00,"100 מ""ל",false,,12.90,0.0172,true,1,38019
7290001246115,false,תרסיס מסיר עובש 750 מ``ל טאצ,סאסאטק אגשח בעמ,,תרסיס מסיר עובש 750,,750.00,"100 מ""ל",false,,12.90,0.0172,true,1,38020
7290001246351,false,נוזל רצפות לבנדר 4 ליטר טאצ,סאסאטק אגשח בעמ,,נוזל רצפות לבנדר 4 ל,ליטרים,4.00,ליטר,false,,13.90,3.4750,true,1,38029
7290001246801,false,נוזל רצפות פרקט טאצ' 2 ליטר,סאסאטק אגשח בעמ,,נוזל רצפות פרקט טאצ',ליטרים,2.00,ליטר,false,,17.90,8.9500,true,1,38036
7290001247068,false,קרטונית נקטר ספרינג תות בננה 1 ליטר,יפאורה שותפות מוגבלת לשיווק,,ספרינג תות בננה קרטו,ליטרים,1.00,ליטר,false,,6.90,6.9000,true,1,11483
7290001247129,false,נקטר ספרינג תפוזים קרטונית 1 ל',יפאורה שותפות מובגלת לשיווק,,ספרינג תפוז קרטונית,ליטרים,1.00,ליטר,false,,6.90,6.9000,true,1,11488
7290001247143,false,קרטונית נקטר ספרינג תפוחים 1 ליטר,יפאורה שותפות מובגלת לשיווק,,ספרינג תפוח קרטונית,ליטרים,1.00,ליטר,false,,6.90,6.9000,true,1,11490
7290001305188,false,"נוזל לניקוי כלים בריח לימון פלמוליב 750 מ""ל",יבואן ומשווק: ש. שסט,,פלמוליב לכלים פריחת,,750.00,"100 מ""ל",false,,11.90,0.0159,true,1,21430
7290001343845,false,תערובת מיזלי עם פירות מיובשים 1 קג,דין שיווק וקליה 2021 בעמ,,גרנולה שיבולת שועל ע,קילוגרמים,1.00,"ק""ג",false,,18.90,18.9000,true,1,4614
7290001407134,false,בארכה פרוסות חלווה שוקו וניל+פ.קקאו 400גר,קבוצת אוסם סחר שותפות מוגבלת,,פרוסות חלבה שוקו וני,,350.00,100 גרם,false,,14.30,0.0409,true,1,18692
7290001407547,false,טחינה גולמית משומשום מלא פי 6 בארכה 500ג',קבוצת אוסם סחר שותפות מוגבלת,,בארכה טחינה שומשום מ,,500.00,100 גרם,false,,14.90,0.0298,true,1,18695
7290001407837,false,חלבה שאמית עם פולי קקאו בארכה 350 גרם,קבוצת אוסם סחר-שות.מוגבלת,,חלבה שאמית קקאו בארכ,,350.00,100 גרם,false,,14.90,0.0426,true,1,18701
7290001407844,false,חלבה קלאסית בטעם וניל בארכה 350 גרם,קבוצת אוסם סחר שותפות מוגבלת,,חלבה קלאסית וניל באר,,350.00,100 גרם,false,,14.30,0.0409,true,1,18702
7290001419779,false,"וופל קלאסי בטעם שוקולד ""עלמה"" 200 גרם",רזיט שיווק בעמ,,וופל עלמה קלאסי 200,,200.00,100 גרם,false,,2.90,0.0145,true,1,41253
7290001459928,false,"גזר גמדי 800 גרם ארוז בד""ץ עדה חרדית",פספרוסט,,גזר גמדי בלדי 800 גר,,800.00,100 גרם,false,,11.90,0.0149,true,1,310984
7290001482094,false,גבינה פרמז'נו משולשים ויליפוד 200ג',ג.וילי-פוד אינטרנשיונל **גבינו,,וילי פוד פרמזן משולש,,200.00,100 גרם,false,,17.90,0.0895,true,1,2857
7290001485019,false,גבינת קרם שמנת טבעי 5% טרה 200 גרם,*החברה המרכזית להפצת משקאותבעמ,,טרה גבינת שמנת טבעי,,200.00,100 גרם,false,,10.90,0.0545,true,1,6366
7290001491010,false,תה ירוק יסמין ויסוצקי 25 יחידות,תה ויסוצקי (ישראל) בעמ,,תה ירוק עם יסמין T.T,,37.50,100 גרם,false,,23.90,0.6373,true,1,24627
7290001491096,false,תה ירוק בתוספת לימונית ולואיזה 50 שקיקים ויסוצקי,תה ויסוצקי (ישראל) בעמ,,תה ירוק בתוספת לימונ,,75.00,100 גרם,false,,45.90,0.6120,true,1,24628
7290001567555,false,פסטרמה מעודנת עם דבש 300 ג' יחיעם,מעדני יחיעם (1993) בעמ,,פסטרמה מעודנת עם דבש,,300.00,100 גרם,false,,19.90,0.0663,true,1,205793
7290001594179,false,"פאנטה אורנג' בבקבוק אישי 500 מ""ל",החברה המרכזית להפצת משקאות בעמ,,פאנטה אורנג' 500 בקב,,500.00,"100 מ""ל",false,,6.90,0.0138,true,1,6838
7290001594858,false,מארז שישייה בירה טובורג רד (330x6 מל),החברה המרכזית להפצת משקאות בעמ,,טובורג רד בקבוק פקדו,ליטרים,1.98,ליטר,false,,43.90,22.1717,true,1,6859
7290001594865,false,"שישייה בירה קרלסברג בקבוק 330 מ""ל",החברה המרכזית להפצת משקאות בעמ,,קרלסברג בירה בקבוק 6,ליטרים,1.98,ליטר,false,,39.90,20.1515,true,1,6860
7290001670668,false,קרחונית שקיות להכנת קרח הנמל 12 יחידות,הנמל אריזות ושיווק (1984) בעמ,,קרחונית 12יח,יחידה,0.00,יחידה,false,,3.50,0.0000,true,1,7742
7290001713242,false,עלמה שקיות אשפה 25 יחידות 75*90 עם ידית,קומפלקס כימקלים בעמ`,,"שקיות אשפה 25 י""ח 75",יחידה,0.00,יחידה,false,,12.90,0.0000,true,1,244662
7290001791349,false,אקונומיקה פיסגה ריחנית סנו (4 ליטר),החברה הדרומית לשיווק בעמ,,אקונומיקה ריחנית פסג,ליטרים,4.00,ליטר,false,,11.90,2.9750,true,1,29839
7290001813454,false,"עוגיות חיוכים שוקולד עלית 900 גרם מארז 6 יחידות בד""צ","אפיפית נצרת (1971) בע""\מ",,חיוכים חגיגה שוק 900,,900.00,100 גרם,false,,19.90,0.0221,true,1,22217
7290001813478,false,"עוגיות חיוכים וניל עלית 900 גרם מארז 6 יחידות בד""צ","אפיפית נצרת (1971) בע""\מ",,חיוכים חגיגה וניל 90,,900.00,100 גרם,false,,19.90,0.0221,true,1,22218
7290001865439,false,פמילי אל סבון נוזלי בניחוח וניל 1 ליטר,אף.סי תבליני בגליל ב,,סבון נוזלי וניל + מש,יחידה,0.00,יחידה,false,,10.90,0.0000,true,1,5759
7290001901656,false,היימיש פיש הדג המיוחד 7 קציצות 600 גרם,נאמן לאורך זמן בעמ,,צנצנת דגים 7 יח היימ,,560.00,100 גרם,false,,11.90,0.0213,true,1,42739
7290001990414,false,"עדשים אדומות סוגת 1 ק""ג","סוגת תעשיות בע""\מ",,סוגת עדשים אדומים 1,קילוגרמים,1.00,"ק""ג",false,,14.90,14.9000,true,1,17322
7290001990421,false,"פופקורן גרעינים סוגת 1 ק""ג","סוגת תעשיות בע""\מ",,"סוגת פופקורן 1 ק""ג",קילוגרמים,1.00,"ק""ג",false,,9.90,9.9000,true,1,17323
7290002007234,false,אבקת סוכר הנמל 100 גרם,הנמל אריזות ושיווק 1984 בע`מ,,אבקת סוכר 100ג,,100.00,100 גרם,false,,1.90,0.0190,true,1,7752
7290002007357,false,שקיות צליה דליקטס מיקרוגל הנמל 10 יח',הנמל אריזות ושיווק (1984) בעמ,,שקיות לצליה דליקטס מ,יחידה,0.00,יחידה,false,,4.50,0.0000,true,1,7756
7290002007999,false,צלחות פלסטיק גדולות חד פעמיות 50 יח,הנמל אריזות ושיווק (1984) בעמ,,צלחות גדול 50יח הנמל,יחידה,0.00,יחידה,false,,15.90,0.0000,true,1,7776
7290002008187,false,קשים מתקפלים לשתיה הנמל 40 יחידות,הנמל אריזות ושיווק 1984 בע`מ,,קש לשתיה מתקפל 40יח,יחידה,0.00,יחידה,false,,1.90,0.0000,true,1,7788
7290002008347,false,קורנפלור 500 גרם הנמל,הנמל אריזות ושיווק (1984) בעמ,,קורנפלור 500 גרם,,500.00,100 גרם,false,,6.90,0.0138,true,1,7794
7290002008507,false,נייר אפיה הנמל 50 יחידות,הנמל אריזות ושיווק (1984) בעמ,,נייר אפיה 50יח,יחידה,0.00,יחידה,false,,8.90,0.0000,true,1,7799
7290002008743,false,סוכר וניל עשירייה הנמל 100 גרם,הנמל אריזות ושיווק 1984 בע`מ,,סוכר וניל 10*10 גרם,,100.00,100 גרם,false,,2.90,0.0290,true,1,7804
7290002008750,false,אבקת אפיה עשירייה הנמל 100 גרם,הנמל אריזות ושיווק 1984 בע`מ,,אבקת אפיה 10*10 גרם,,100.00,100 גרם,false,,2.90,0.0290,true,1,7805
7290002008989,false,קישקשים קשים לשתיה 225יח הנמל,הנמל אריזות ושיווק (1984) בעמ,,קישקשים 225 יח,יחידה,0.00,יחידה,false,,9.90,0.0000,true,1,7814
7290002026341,false,אריסטו קראנץ ציפס בטטה טוגנים 500גר,מוצרי איכות אמריקאיים בעמ,,אריסטו קראנץ-ציפס בט,,500.00,100 גרם,false,,14.90,0.0298,true,1,14389
7290002026402,false,בראנץ אנד קראנץ בלינצס גבינה 350 גרם,מוצרי איכות אמריקאיים בעמ,,בראנץ אנד קראנץ בלינ,,350.00,100 גרם,false,,13.90,0.0397,true,1,14390
7290002026440,false,פרצלס בייגלה בראנץ אנד קראנץ 280 ג',מוצרי איכות אמריקאיים בעמ,,פרצלס קפוא 280 גרם,,280.00,100 גרם,false,,10.90,0.0389,true,1,14393
7290002043218,false,אקסטרה צ'יפס אורז חום מלא מלח 60 גרם,א.ל ייצור ושיווק תבלינים בעמ,,אקסטרא צ'יפס מלח ואו,,60.00,100 גרם,false,,8.50,0.1417,true,1,122919
7290002043348,false,ציפס אורז חום מלא צי'ה וקינואה אקסטרא 60 ג',א.ל.ייצור ושיווק תבלינים בעמ,,צ'יפס צ'יה וקינואה א,,60.00,100 גרם,false,,8.50,0.1417,true,1,102355
7290002043782,false,אקסטרה צ'יפס אורז חום מלא טקסס ברביקיו 60 גרם,א.ל.ייצור ושיווק תבלינים בעמ,,צ'יפס טקסס ברבקיו אק,,60.00,100 גרם,false,,8.50,0.1417,true,1,87755
7290002043898,false,חטיף אורז אקסטרה קוקוס בציפוי שוקולד לבן,א.ל ייצור ושיווק תבלינים בעמ,,אקסטרה חטיף אורז חום,,90.00,100 גרם,false,,13.90,0.1544,true,1,335840
7290002053354,false,אטריות נודלס סיני להקפצה אוריינט 300 גרם,טאביט ספ.ז.או.או,,נודלס סיני אוריינט 3,,300.00,100 גרם,false,,13.90,0.0463,true,1,3439
7290002057031,false,זיתים מבוקעים פיקנטי קבוצת יבנה 340 גרם,"קבוצת יבנה מוצרי מזון בע""מ",,זיתים מבוקעים פיקנטי,,560.00,100 גרם,false,,8.90,0.0159,true,1,44729
7290002057123,false,זיתים ירוקים מנזנילו קבוצת יבנה 560 גרם,קבוצת יבנה מוצרי מזון אגודה שי,,זיתים חרוזית ירוק קב,,275.00,100 גרם,false,,9.90,0.0360,true,1,44737
7290002057185,false,טבעות זיתים ירוקים קבוצת יבנה 560 גרם,קבוצת יבנה מוצרי מזון אגודה שי,,טבעות זיתים ירוקים ק,,540.00,100 גרם,false,,9.50,0.0176,true,1,44743
7290002057369,false,מלפפונים במלח ‏12‏-‏10‏ קבוצת יבנה 320 גרם,"קבוצת יבנה מוצרי מזון בע""מ",,מלפפון במלח 10-12 קב,,560.00,100 גרם,false,,7.90,0.0141,true,1,44752
7290002057376,false,מלפפונים במלח ‏17‏-‏13‏ קבוצת יבנה 320 גרם,"קבוצת יבנה מוצרי מזון בע""מ",,מלפפון במלח 13-17 קב,,560.00,100 גרם,false,,9.90,0.0177,true,1,44753
7290002057437,false,פלפל שיפקונית קבוצת יבנה 225 גרם,קבוצת יבנה מוצרי מזון,,שיפקונית קבוצת יבנה,,560.00,100 גרם,false,,9.90,0.0177,true,1,102548
7290002057451,false,מלפפונים בחומץ ‏9‏-‏7 קבוצת יבנה 290 גרם,קבוצת יבנה מוצרי מזון אגודה שי,,מלפפון בחומץ 7-9 קבו,,560.00,100 גרם,false,,6.90,0.0123,true,1,44757
7290002057475,false,מלפפונים בחומץ ‏17‏-‏13 קבוצת יבנה 290 גרם,קבוצת יבנה מוצרי מזון אגודה שי,,מלפפון בחומץ 13-17 ק,,560.00,100 גרם,false,,9.90,0.0177,true,1,28083
7290002065555,false,שישיית לחמנייה הכי רכה בהפסקה אנג'ל 450 גרם,מאפיית שלמה א. אנג'\ל בע,,6 לחמניות רכות אנגל,,450.00,100 גרם,false,,11.50,0.0256,true,1,35432
7290002065616,false,לחם שיפון גרעינים פרוס אחדות (750 גרם),מאפיית שלמה א. אנג'\ל בע,,שיפון גרעינים אנגל 7,,750.00,100 גרם,false,,13.90,0.0185,true,1,35433
7290002065623,false,לחם שיפון של פעם כפרי פרוס אורנים 750 גרם,מאפיית שלמה א. אנג'\ל בע,,לחם שיפון כפרי אנגל,,750.00,100 גרם,false,,13.90,0.0185,true,1,35434
7290002077725,false,סלומון נורווגי מצונן דלידג 100ג',נטו מלינדה סחר בע`מ,,סלמון מעושן 100 גרם,,100.00,100 גרם,false,,19.90,0.1990,true,1,16825
7290002107071,false,גבינת פטה עיזים מעודנת 16% משק צוריאל 200 גרם,החברה המרכזית טלהפצת משקאות בע,,צוריאל פטה עיזים מעו,,200.00,100 גרם,false,,23.90,0.1195,true,1,6374
7290002107798,false,גבינה בולגרית מעודנת 5% משק צוריאל 250 גרם,*החברה המרכזית להפצת משקאותבעמ,,צוריאל בולגרית מעודנ,,250.00,100 גרם,false,,20.90,0.0836,true,1,6377
7290002111139,false,רסק תפוחי עץ טבעי בלי תוספת סוכר פרי מבו,"זנלכל בע""\מ",,"רסק תפו""ע דיאט פרי מ",,560.00,100 גרם,false,,8.90,0.0159,true,1,8693
7290002129455,false,פיצה איטלקית XL גדולה שלושת האופים 450 גרם,נטו מלינדה סחר בעמ,,פיצה איטלקית 450 ג,,450.00,100 גרם,false,,19.90,0.0442,true,1,16832
7290002130567,false,דבש דבורים טהור פרחי בר יד מרדכי 350 גרם,מכוורת יד מרדכי שטראוס ב,,דבש טהור מפרחי בר בצ,,350.00,100 גרם,false,,18.90,0.0540,true,1,22228
7290002130581,false,דבש טהור מפרחי בר יד מרדכי (1 קג),מכוורת יד מרדכי שטראוס ב,,דבש טהור מפרחי בר בצ,קילוגרמים,1.00,"ק""ג",false,,43.90,43.9000,true,1,22230
7290002157953,false,מארז נתחי טונה בהירה בשמן קנולה - 4 יחידות,נטו מלינדה סחר בע`מ,,טונה בשמן קנולה וילי,,560.00,100 גרם,false,,18.90,0.0337,true,1,16836
7290002190516,false,"ריבת חלב גלעם-קומידה 500ג' 12X-כשל""פ",תומר יבוא ושיווק מוצרי מזון (1,,ממרח ריבת חלב קומידה,,500.00,100 גרם,false,,13.90,0.0278,true,1,24935
7290002253006,false,שום טרי כתוש צנצנת דורות 200 גרם,קבוצת אוסם סחר-שות.מוגבלת,,דורות שום כתוש טרי 2,,200.00,100 גרם,false,,15.90,0.0795,true,1,19737
7290002253105,false,שום במגשית 20 שיניים כתושות קפוא 80,קבוצת אוסם סחר-שות.מוגבלת,,דורות מגשית קוביות ש,,80.00,100 גרם,false,,9.90,0.1238,true,1,19740
7290002253150,false,קוביות בזיליקום קצוץ דורות 70 גרם,קבוצת אוסם סחר שותפות מוגבלת,,בזיליקום טרי קצוץ 70,,70.00,100 גרם,false,,9.90,0.1414,true,1,19741
7290002253198,false,ג'ינג'ר טרי כתוש במגשית 70 ג' דורות,קבוצת אוסם סחר-שות.מוגבלת,,דורות ג'ינג'ר טרי כת,,70.00,100 גרם,false,,9.90,0.1414,true,1,19745
7290002253235,false,דורות רוטב פסטו דורות,קבוצת אוסם סחר שותפות מוגבלת,,דורות רוטב פסטו 160,,160.00,100 גרם,false,,10.90,0.0681,true,1,19746
7290002253310,false,דורות שום צילי חריף קוביות תערובת 80 גר,קבוצת אוסם סחר שותפות מוגבלת,,דורות שום צילי חריף,,80.00,100 גרם,false,,9.90,0.1238,true,1,157230
7290002291046,false,המבורגר מסעדות 480 גרם הקצביה בלדי,יוליניבר,,בלדי המבורגר מסעדות,,480.00,100 גרם,false,,22.90,0.0477,true,1,35307
7290002317005,false,זיתים טבעות מושחר 560ג A2 מטולה,שימורי מוטולה בעמ,,טבעות זיתים מושחרים,,560.00,100 גרם,false,,10.90,0.0195,true,1,24407
7290002317081,false,זיתים נטולי גלעין +20% 670ג A2 מטולה,שימורי מוטולה בעמ,,זיתים נטולי גלעין 20,,670.00,100 גרם,false,,10.90,0.0163,true,1,24409
7290002317319,false,מלפפון 650ג בחומץ +20% 7-9 A2 מטולה,שימורי מוטולה בעמ,,מלפפון בחומץ 7-9 20%,,670.00,100 גרם,false,,9.90,0.0148,true,1,24424
7290002317579,false,זיתים טבעות ירוק 560ג A2 מטולה,שימורי מוטולה בעמ,,טבעות זיתים ירוקים מ,,560.00,100 גרם,false,,10.90,0.0195,true,1,24438
7290002317678,false,חרוזית ירוק צנצנת זכוכית מוטולה,שימורי מוטולה בעמ,,זיתים נטולי גלעין צנ,,560.00,100 גרם,false,,10.90,0.0195,true,1,24443
7290002319061,false,קוקוס טחון מיה (100 גרם),מיה תעשיות מזון מ.ת.מ. בעמ,,.קוקוס טחון 100 גר.,,100.00,100 גרם,false,,3.90,0.0390,true,1,14893
7290002319092,false,"קמח תפוח אדמה 500ג בד""ץ מיה*",מיה תעשיות מזון מ.ת.מ. בעמ,,קמח תפוחי אדמה מיה 5,,500.00,100 גרם,false,,5.90,0.0118,true,1,14896
7290002319122,false,גריסים יבשים מיה 500 גר',מיה תעשיות מזון מ.ת.מ. בעמ,,גריסים מיה 500 גרם,,500.00,100 גרם,false,,4.90,0.0098,true,1,14898
7290002319146,false,שעועית אדומה מיה (500 גרם),מיה תעשיות מזון מ.ת.מ. בעמ,,שעועית אדומה מיה 500,,500.00,100 גרם,false,,8.90,0.0178,true,1,14900
7290002319191,false,עדשים ירוקים יבשים מיה 500 גר',מיה תעשיות מזון מ.ת.מ. בעמ,,עדשים ירוקים מיה 500,,500.00,100 גרם,false,,6.90,0.0138,true,1,14904
7290002319207,false,כוסמת מיה (500 גרם),מיה תעשיות מזון מ.ת.מ. בעמ,,כוסמת מיה 500 גרם,,500.00,100 גרם,false,,7.90,0.0158,true,1,14905
7290002319610,false,שקדים טחונים מיה 100 גרם,מיה תעשיות מזון מ.ת.מ. בעמ,,שקדים טחונים 100 גרם,,100.00,100 גרם,false,,10.90,0.1090,true,1,14925
7290002319733,false,אגוזי פקאן מקולף 100 גר' מיה,מיה תעשיות מזון מ.ת.מ. בעמ,,מיה אגוזי פקאן 100 ג,,100.00,100 גרם,false,,18.10,0.1810,true,1,14933
7290002327042,false,"בורקס תפו""א 800 גר' שלושת האופים קהילות",נטו מלינדה סחר בע`מ,,"בורקס תפו""א 800 ג",,800.00,100 גרם,false,,19.90,0.0249,true,1,16854
7290002327059,false,"בצק עלים 1 ק""ג שלושת האופים קהילות",נטו מלינדה סחר בע`מ,,בצק עלים 1 ק`ג,קילוגרמים,1.00,"ק""ג",false,,19.90,19.9000,true,1,16855
7290002327073,false,בורקס גבינה 800 גר' שלושת האופים קהילות,נטו מלינדה סחר בע`מ,,בורקס גבינה 800 גרם,,800.00,100 גרם,false,,19.90,0.0249,true,1,16857
7290002331360,false,"נביעות מים מינרליים טו גו מארז 500X6מ""ל",החברה המרכזית להפצת משקאות בעמ,,נביעות TO GO שישייה,ליטרים,3.00,ליטר,false,,14.90,4.9667,true,1,6883
7290002331421,false,"שישיית מים מינרליים GO TO נביעות 755 מ""ל",החברה המרכזית להפצת משקאות בעמ,,נביעות 6*755מל,ליטרים,4.53,ליטר,false,,16.90,3.7307,true,1,6884
7290002331483,false,נביעות מים מינרלים שישיה בייבי 330 מ`ל,החברה המרכזית להפצת משקאות בעמ,,נביעות בייבי 320*6 מ,ליטרים,1.92,ליטר,false,,13.90,7.2396,true,1,6886
7290002345015,false,סינטה דק דק אל גאוצ'ו 250ג' מינוט,"טיבון ויל אחזקות בע""\מ",,סינטה דקדק 250 גרם,,250.00,100 גרם,false,,17.90,0.0716,true,1,16863
7290002345022,false,אנטריקוט דק דק מינוט סטייק אל גאוצ'ו 250 גרם,"טיבון ויל אחזקות בע""\מ",,אנטריקוט דקדק 250 ג,,250.00,100 גרם,false,,15.90,0.0636,true,1,16864
7290002348238,false,לפתן אננס חתוך 850 ג וויליגר,נטו מלינדה סחר בעמ,,לפתן אננס חתוך ויליג,,830.00,100 גרם,false,,6.90,0.0083,true,1,58842
7290002353836,false,סרדינים רוברט בשמן זית 115 גרם,קונסרבס פורטוגל נורטה,,סרדינים רוברט בשמן ז,,120.00,100 גרם,false,,8.90,0.0742,true,1,16874
7290002360124,false,חליטת צמחים ורד הבר והיביסקוס פומפדור 20 יחידות,ש.שסטוביץ בעמ,,פומפדור חליטת ורד הב,,30.00,100 גרם,false,,15.90,0.5300,true,1,21431
7290002371533,false,דקניקים סלסולי פסטרמה דבש טירת צבי 120 גרם,תנובה מרכז שיתופי לשיווק תוצרת,,טירת צבי סלסולי פסטר,,120.00,100 גרם,false,,12.80,0.1067,true,1,25345
7290002371540,false,דקניקים קורנדביף ללא גלוטן טירת צבי 120 גרם,תנובה מרכז שיתופי לשיווק תוצרת,,טירת צבי קורנדביף דק,,120.00,100 גרם,false,,12.80,0.1067,true,1,25346
7290002374268,false,שמן חמניות מזוכך ללא כולסטרול 1 ליטר,סוגת תעשיות בעמ,,שמן חמניות מילומור 1,ליטרים,1.00,ליטר,false,,9.90,9.9000,true,1,29355
7290002374312,false,שמן קנולה מזוכך 6% מילומור (1 ליטר),"נארז ע""י : א.ג. גילר",,שמן קנולה מילומור 1,ליטרים,1.00,ליטר,false,,11.90,11.9000,true,1,29356
7290002404583,false,יין קברנה סדרת היוצר בראשית*,יקבי ארזה ת.ר.ז. בעמ,,יין היוצר בראשית קבר,,750.00,"100 מ""ל",false,,37.90,0.0505,true,1,11871
7290002439998,false,קלאסיקו קבב בקר וכבש אלג,טיבון ויל - נטו,,אל גאוצו קלאסיקו קבב,,400.00,100 גרם,false,,23.90,0.0597,true,1,16893
7290002515333,false,"ד""ר פישר - קמיל בלו סנסיטיב אל סבון עדין לתינוק 500 מ""ל","פישר תעשיות פרמבצטיות בע""מ",,קמיל בלו סנסיטיב מוע,,500.00,"100 מ""ל",false,,17.90,0.0358,true,1,29073
7290002542773,false,"בירה סטלה ארטואה בקבוק 330 מ""ל","אינבב, ברוורייפליין",,סטלה ארטואה בק' 330,,330.00,"100 מ""ל",false,,6.90,0.0209,true,1,143110
7290002542780,false,"שישייה בירה סטלה ארטואה בקבוק 330X6 מ""ל","אינבב, ברוורייפליין",,סטלה ארטואה בקבוק 6*,ליטרים,1.98,ליטר,false,,35.90,18.1313,true,1,143111
7290002543046,false,דגני בוקר קלוגס פרוסטיס 750 גרם,דיפלומט מפיצים (1968) בעמ**,,פרוסטיס דגני קלוגס 7,,750.00,100 גרם,false,,15.90,0.0212,true,1,5285
7290002603498,false,פיצת השף מאיטליה CHEF שגב אנטיפסטי 220,האי נאם סי או אל.טי.,,פיצת השף מאיטליה CHE,,220.00,100 גרם,false,,16.90,0.0768,true,1,16906
7290002628088,false,טחון הודו 500גרם קפוא ארוז,בלדי בע`מ,,טחון הודו קפוא 500 ג,,500.00,100 גרם,false,,10.90,0.0218,true,1,206041
7290002692478,false,"שמן זית כתית מעולה קלאסי מעודן 750 מ""ל עץ הזית","מרקאולאו, ספרד.אבסה,",,שמן זית כתית מעולה מ,,750.00,"100 מ""ל",false,,33.90,0.0452,true,1,29362
7290002692768,false,"תרסיס שמן קנולה מזוכך ללא תוספת גז עץ הזית 200 מ""ל",טרנסומס פוד איי בי,,תרסיס שמן קנולה עץ ה,,200.00,"100 מ""ל",false,,15.90,0.0795,true,1,29365
7290002692775,false,"תרסיס שמן קנולה בטעם חמאה עץ הזית 200 מ""ל",סוגת תעשיות בעמ,,תרסיס שמן קנולה בטעם,,200.00,"100 מ""ל",false,,15.90,0.0795,true,1,29366
7290002692782,false,"תרסיס שמן זית כתית מעולה ללא תוספת גז עץ הזית 150 מ""ל",י.ב טכנולוגיות אריזה,,תרסיס שמן זית עץ הזי,,200.00,"100 מ""ל",false,,15.90,0.0795,true,1,29367
7290002703068,false,צנצנת דבש עין חרוד 1,קונסיגנציה-דין שיווק וקליה 202,,צנצנת דבש עין חרוד 1,קילוגרמים,1.00,"ק""ג",false,,40.90,40.9000,true,1,47432
7290002703310,false,צנצנת דבש עין חרוד 5,,,צנצנת דבש עין חרוד 5,,500.00,100 גרם,false,,21.90,0.0438,true,1,47437
7290002703358,false,צנצנת דבש זכוכית 350 גרם,עין חרוד,,צנצנת דבש עין חרוד 3,,350.00,100 גרם,false,,15.90,0.0454,true,1,47438
7290002703402,false,דבש לחיץ עין חרוד 400 גרם,,,דבש עין חרוד 400 גרם,,400.00,100 גרם,false,,19.90,0.0497,true,1,47439
7290002730262,false,נוזל לניקוי כלים קלאסי פלמוליב (750 מל),יבואן ומשווק: ש. שסט,,פלמוליב לכלים קלאסי,,750.00,"100 מ""ל",false,,11.90,0.0159,true,1,21440
7290002730521,false,צימרוני אוזניים בלונס בקופסא 200 יח',ש. שסטוביץ בע`מ,,צמרונים בקופסא בלונס,יחידה,0.00,יחידה,false,,5.90,0.0000,true,1,21443
7290002730811,false,"משחת שיניים ג'ל פסים מרעננים קולגייט 100 מ""ל",הנסיך- מפעל לייצור ט,,משחת שיניים גל משפחת,,100.00,"100 מ""ל",false,,13.10,0.1310,true,1,21447
7290002730941,false,כדורי צמר גפן בלונס 100 יחידות,הנסיך- מפעל לייצור ט,,צמר גפן פרוס בלונס 1,,100.00,100 גרם,false,,5.90,0.0590,true,1,21451
7290002730958,false,סבון מוצק בניחוח זיתים ואלוורה פלמוליב 4*100 גרם,הנסיך- מפעל לייצור ט,,סבון מוצק ירוק זית פ,,400.00,100 גרם,false,,16.90,0.0422,true,1,21452
7290002735007,false,"בצק עלים מרודד ינון 1 ק""ג",קפוא-זן תעשיות מזון בעמ - תפוג,,"בצק עלים 1 ק""ג",קילוגרמים,1.00,"ק""ג",false,,13.90,13.9000,true,1,20424
7290002735014,false,מלווח ארוז יינון 800 גר`,קפוא-זן תעשיות מזון בעמ - תפוג,,ינון מלווח ארוז 800,,800.00,100 גרם,false,,13.90,0.0174,true,1,20425
7290002735021,false,ג`חנון ארוז 750 גר`יינון,קפוא-זן תעשיות מזון בעמ - תפוג,,ינון גחנון ארוז 750,,750.00,100 גרם,false,,13.90,0.0185,true,1,20426
7290002735274,false,ג'חנון אפוי ינון 600 גרם,קפוא-זן תעשיות מזון בעמ - תפוג,,ינון גחנון אפוי 600,,600.00,100 גרם,false,,14.90,0.0248,true,1,20431
7290002757139,false,מלוואח 700 גר' שלושת האופים קהילות,נטו מלינדה סחר בע`מ,,שלושת האופים מלוואח,,700.00,100 גרם,false,,12.90,0.0184,true,1,16930
7290002757511,false,דלידג קציצות דג לבישול 750 גר קהילות,נטו מלינדה סחר בע`מ,,דלידג קציצות דג לביש,,750.00,100 גרם,false,,30.90,0.0412,true,1,16933
7290002757665,false,קבב מזרחי טיבון ויל 400 ג',נטו מלינדה סחר בעמ,,קבב מזרחי 400 גרם,,400.00,100 גרם,false,,9.90,0.0248,true,1,16937
7290002768074,false,אל סבון נוזלי רגיל דרמפון 1 ליטר,החברה הדרומית לשיווק בעמ,,סבון נוזלי דרמופון 1,יחידה,0.00,יחידה,false,,16.90,0.0000,true,1,29854
7290002768159,false,"קצף אמבט בת אורן קרליין 500 מ""ל",החברה הדרומית לשיווק בעמ,,קצף אמבט בת אורן 500,,500.00,"100 מ""ל",false,,16.90,0.0338,true,1,29855
7290002805151,false,סיף פנטסטיק לרצפות בניחוח סחלבים 4ל',"יוניליוור ישראל שיווק בע""מ",,סיף פנטסטיק לרצפות ב,ליטרים,4.00,ליטר,false,,24.90,6.2250,true,1,10322
7290002814054,false,סנט מוריץ מתז אנטרטיק מתז 1 ליטר,קומפלקס כימיקלסבעמ ~~~,,אנטרקטיק במתז 1 ליטר,ליטרים,1.00,ליטר,false,,9.90,9.9000,true,1,20107
7290002814160,false,מסיר שומנים סנט מוריץ 1ל,קומפלקס כימיקלים בעמ,,מסיר שומנים קר סנט מ,יחידה,0.00,יחידה,false,,18.90,0.0000,true,1,20111
7290002814870,false,"סנט מוריץ - מרסס מסיר שומנים קר מבושם לוונדר\פרחים 750 מ""ל",קומפלקס כימיקלים בעמ,,מסיר שומנים קר מבושם,,750.00,"100 מ""ל",false,,12.90,0.0172,true,1,20124
7290002824183,false,"גבינה לבנה סקי 500 גרם 5% ""שטראוס"" -מוצר בפיקוח",שטראוס גרופ בעמ/מצונן,,גבינה לבנה 5% סקי 50,,500.00,100 גרם,false,,9.50,0.0190,true,1,23269
7290002824466,false,יוגורט דנונה ביו לבן 0% שומן 200 גרם,שטראוס גרופ בעמ/מצונן,,דנונה יוגורט ביו 0%,,200.00,"100 מ""ל",false,,3.70,0.0185,true,1,23270
7290002824640,false,"גבינת סקי 250 גרם 5% ""שטראוס"" -מוצר בפיקוח",שטראוס גרופ בעמ/מצונן,,גבינה 5% סקי 250 גרם,,250.00,100 גרם,false,,4.98,0.0199,true,1,23271
7290002825722,false,כרוב אדום במיונז אחלה (500 גרם),שטראוס גרופ בעמ/מצונן,,אחלה כרוב אדום 500ג,,500.00,100 גרם,false,,12.90,0.0258,true,1,23273
7290002868996,false,"קוטג' 5% שומן, רכיבים טבעיים, 250 גרם",*החברה המרכזית להפצת משקאותבעמ,,טרה קוטג מועשר 5% 25,,250.00,100 גרם,false,,5.40,0.0216,true,1,6382
7290002881247,false,פרוסות אננס בסירופ קל תומר 850 גרם,תומר יבוא ושיווק מוצרי מזון (1,,אננס שלם פרוסות תומר,,850.00,100 גרם,false,,9.90,0.0116,true,1,24952
7290002881407,false,נודלס אטריות ביצים דק תומר 400ג',תומר יבוא ושיווק מוצרי מזון (1,,נודלס דק תומר 400 גר,,400.00,100 גרם,false,,7.90,0.0198,true,1,24960
7290002881742,false,לבבות דקל פרוסות תומר 400 גרם,תומר ייבוא ושיווק מוצרי מזון [,,לבבות דקל פרוסות תומ,,400.00,100 גרם,false,,7.90,0.0198,true,1,24975
7290002881919,false,פיטריות שמפניון שלמות קטנות תומר 400 גרם,גיבונג אינדסקיאלס,,פטריות 8 שלם תומר כש,,400.00,100 גרם,false,,6.90,0.0173,true,1,24981
7290002900566,false,פסטרמה ברביקיו דל שומן טירת צבי 400 גרם,הנסיך- מפעל לייצור ט,,פסטרמה ברביקיו דל שו,,360.00,100 גרם,false,,27.90,0.0775,true,1,25352
7290002909989,false,"שעועית ירוקה חתוכה 800 גר' בד""ץ (ממותג)",פספרוסט,,שעועית ירוקה חתוכה ב,,800.00,100 גרם,false,,11.90,0.0149,true,1,311085
7290002929642,false,נתחי טונה בהירה בשמן ויליגר (140x4 גרם),דיאמנט פוד פרודקט קו,,טונה בשמן ויליגר רבי,,560.00,100 גרם,false,,19.90,0.0355,true,1,16982
7290002971955,false,"קמח 650 כחול ללא צורך בניפוי 1 ק""ג*",טחנות קמח שטיבל בש בעמ,,קמח לבן 650 ללא צורך,קילוגרמים,1.00,"ק""ג",false,,8.50,8.5000,true,1,9224
7290002971993,false,קמח כוסמין מלא ללא צורך בניפוי 1 קג שטיב,טחנות קמח שטיבל בש בעמ,,קמח כוסמין מלא ללא צ,קילוגרמים,1.00,"ק""ג",false,,13.90,13.9000,true,1,9226
7290002972006,false,קמח בהיר(405) ללא צורך בניפוי ( 1 קג ),טחנות קמח שטיבל בש בעמ,,קמח בהיר 405 ללא צור,קילוגרמים,1.00,"ק""ג",false,,8.50,8.5000,true,1,9227
7290002972426,false,"קמח 80% מלא ללא צורך בניפוי 1 ק""ג*",טחנות קמח שטיבל בש בעמ,,קמח מלא 80% ללא צורך,קילוגרמים,1.00,"ק""ג",false,,8.50,8.5000,true,1,9229
7290002973676,false,"קמח שטיבל לחלה 18 ללא ניפוי 1 ק""ג",טחנת קמח דגן-שטיבל,,קמח לחלה ללא צורך בנ,קילוגרמים,1.00,"ק""ג",false,,7.90,7.9000,true,1,89795
7290002973829,false,קמח כוסמין לבן( 1 קג) ללא צורך ניפוי ש,טחנות קמח שטיבל בש בעמ,,קמח כוסמין לבן ללא צ,קילוגרמים,1.00,"ק""ג",false,,14.90,14.9000,true,1,92830
7290002986652,false,גטניו פתי בר שוקו 470 גרם,"אחים גטניו בע""מ",,גטניו - פתיבר שוקו 4,,470.00,100 גרם,false,,9.90,0.0211,true,1,41276
7290002987963,false,"חומוס אחלה 1 ק""ג שטראוס",שטראוס גרופ בעמ/מצונן,,אחלה חומוס 1קג,קילוגרמים,1.00,"ק""ג",false,,13.90,13.9000,true,1,23274
7290003009183,false,סירופ דיאט 750 מל בטעם תפוחים פריגת,החברה המרכזית להפצת משקאות בעמ,,סירופ דיאט תפוחים פר,,750.00,"100 מ""ל",false,,21.60,0.0288,true,1,6915
7290003009312,false,בוטן קלוי 200 גרם שקית קליית גת,הדקלאים אגודת שיתופי,,בוטן קלוי 200 גרם,,200.00,100 גרם,false,,7.90,0.0395,true,1,12752
7290003009596,false,סירופ דיאט אשכוליות 750 מל פיקדון,החברה המרכזית להפצת משקאות בעמ,,סירופ דיאט אשכוליות,,750.00,"100 מ""ל",false,,21.60,0.0288,true,1,6919
7290003015627,false,"נוזל רצפות אפרסק 2 ליטר ""ריצפז פרש""",החברה הדרומית לשיווק בעמ,,ריצפז פרש אפרסק 2 לי,ליטרים,2.00,ליטר,false,,18.90,9.4500,true,1,29865
7290003015641,false,"נוזל רצפות יסמין 2 ליטר ""ריצפז פרש""",החברה הדרומית לשיווק בעמ,,ריצפז פרש יסמין 2 לי,ליטרים,2.00,ליטר,false,,18.90,9.4500,true,1,29867
7290003029181,false,משקה יטבתה שוקו' בקבוק 1ל מהדרין,שטראוס גרופ בעמ/מצונן,,יטבתה שוקו בקבוק 1ל,ליטרים,1.00,ליטר,false,,11.90,11.9000,true,1,23278
7290003029372,false,יטבתה משקה בטעם בננה %3 בקבוק 1 ליטר,שטראוס גרופ בעמ/מצונן,,יטבתה משקה חלב בננה,ליטרים,1.00,ליטר,false,,11.90,11.9000,true,1,23281
7290003029532,false,מוקה בבקבוק יטבתה 1 ליטר מהדרין,שטראוס גרופ בעמ/מצונן,,יטבתה מוקה 1ל,ליטרים,1.00,ליטר,false,,11.90,11.9000,true,1,23285
7290003029792,false,"משקה יטבתה שוקו שקיות מהדרין מארז 225X8מ""ל",שטראוס גרופ בעמ/מצונן,,יטבתה מהדרין שוקו שק,ליטרים,1.80,ליטר,false,,18.90,10.5000,true,1,23287
7290003029815,false,חלב מועשר 3% בכד יטבתה 2 ליטר,שטראוס גרופ בעמ/מצונן,,חלב מועשר בכד2 ליטר,ליטרים,2.00,ליטר,false,,14.90,7.4500,true,1,23288
7290003029907,false,משקה חלב אייס קפה 2% יטבתה (1 ליטר,שטראוס גרופ בעמ/מצונן,,יטבתה אייס קפה 1ל,ליטרים,1.00,ליטר,false,,11.90,11.9000,true,1,23290
7290003047642,false,תה שחור יילו לייבל 100*1.5 ג' שקיק ליפטון,"יוניליוור ישראל שיווק בע""מ",,תה ליפטון יילו לייבל,,150.00,100 גרם,false,,11.90,0.0793,true,1,10324
7290003054657,false,חרדל ריין דיז'ון אקסטרה פורטה 370 גרם,דיפלומט מפיצים (1968) בעמ**,,חרדל דיג'ון אקסטרא פ,,370.00,100 גרם,false,,10.90,0.0295,true,1,5298
7290003102136,false,צמר גפן COTTON SOFT רפואי 100 גר' 3102136,הדקלאים אגודת שיתופי,,צמר גפן כוטון סופט 1,,100.00,100 גרם,false,,4.90,0.0490,true,1,868
7290003107216,false,קמח לבן בהיר 1 קג דגן מוביל,טחנות קמח דגן (2006) בעמ,,"קמח לבן דגן 1 ק""ג",קילוגרמים,1.00,"ק""ג",false,,6.50,6.5000,true,1,9234
7290003107315,false,סולת בשקית טחנת קמח דגן (1 קג),טחנות קמח דגן (2006) בעמ,,"סולת דגן 1 ק""ג",קילוגרמים,1.00,"ק""ג",false,,4.50,4.5000,true,1,9238
7290003107346,false,קמח חיטה לבן בדץ טחנת קמח דגן (1 קג),טחנות קמח דגן (2006) בעמ,,קמח חיטה לבן דגן 1 ק,קילוגרמים,1.00,"ק""ג",false,,4.50,4.5000,true,1,9240
7290003126712,false,יוגורט עיזים מחלב מלא 3.7% משק צוריאל 150 גרם,*החברה המרכזית להפצת משקאותבעמ,,צוריאל יוגורט עיזים,,150.00,"100 מ""ל",false,,5.90,0.0393,true,1,6388
7290003126958,false,טופו גבינה גוש בואקום צוריאל 300 ג',*החברה המרכזית להפצת משקאותבעמ,,צוריאל גבינה גוש טופ,,300.00,100 גרם,false,,11.90,0.0397,true,1,6389
7290003143146,false,ממרח תמרים קליית גת (450 גרם),הדקלאים אגודת שיתופי,,ממרח תמרים 450 גרם,,450.00,100 גרם,false,,6.50,0.0144,true,1,12769
7290003143337,false,סילאן רכיבים טבעיים לחיץ קליית גת 350 גרם,ליימן שליסל בעמ,,סילאן טבעי 350 גרם,,350.00,100 גרם,false,,13.90,0.0397,true,1,12773
7290003144419,false,סילאן טבעי קליית גת (710 גרם),"טעמי הגליל בע""\מ",,סילאן טבעי קלית גת 7,,710.00,100 גרם,false,,20.90,0.0294,true,1,12780
7290003145782,false,צנובר רכיבים טבעיים קליית גת 100 גרם,הדקלאים אגודת שיתופי,,צנובר טבעי 100 גרם,,100.00,100 גרם,false,,27.90,0.2790,true,1,12791
7290003185726,false,קבב מזרחי טיבון ויל 500 גרם,טיבון ויל אחזקות בעמ,,קבב מזרחי 500 גרם,,500.00,100 גרם,false,,17.90,0.0358,true,1,16998
7290003220533,false,"רוטב צ'ילי מתוק ווק 700 מ""ל",תאי פרידה אינדסטרי ב,,רוטב צ'ילי מתוק 700,,700.00,"100 מ""ל",false,,10.90,0.0156,true,1,41293
7290003220588,false,"רוטה צ'ילי מתוק ללא סוכר 700 מ""ל WOK",תאי פרידה אינדסטרי ב,,ווק רוטב צ'ילי מתוק,,700.00,"100 מ""ל",false,,14.90,0.0213,true,1,205995
7290003229109,false,פסטרמה הודו בפפריקה טירת צבי (400 גרם),תנובה מרכז שיתופי לשיווק תוצרת,,א.מ .פסטרמה בפפריקה,,400.00,100 גרם,false,,26.90,0.0672,true,1,25378
7290003229116,false,פסטרמה הודו בדבש שומן טירת צבי 400 גרם,תנובה מרכז שיתופי לשיווק תוצרת,,א.מ פסטרמה בדבש 400,,400.00,100 גרם,false,,26.90,0.0672,true,1,25379
7290003229123,false,פסטרמה הודו על גחלים 2% טירת צבי 400 גרם,תנובה מרכז שיתופי לשיווק תוצרת,,א.מ. פסטרמה על גחלים,,400.00,100 גרם,false,,26.90,0.0672,true,1,25380
7290003229147,false,נקניק סלמי איטלקי מעושן טירת צבי 300 גרם,תנובה מרכז שיתופי לשיווק תוצרת,,סלמי בסגנון איטלקי 3,,300.00,100 גרם,false,,26.90,0.0897,true,1,25381
7290003229154,false,נקניק סלמי קוניאק טירת צבי 300 גרם,תנובה מרכז שיתופי לשיווק תוצרת,,א.מ. סלמי קוניאק מוב,,300.00,100 גרם,false,,24.90,0.0830,true,1,25382
7290003229192,false,נקניק כתף בקר מעושן 2% טירת צבי 400 גרם,תנובה מרכז שיתופי לשיווק תוצרת,,א.מ. כתף בקר מעושן 4,,400.00,100 גרם,false,,26.90,0.0672,true,1,25384
7290003229215,false,פסטרמה איטלקית 3.5% טירת צבי 360 גרם,תנובה מרכז שיתופי לשיווק תוצרת,,פסטרמה איטלקית 360 ג,,360.00,100 גרם,false,,27.90,0.0775,true,1,25386
7290003268252,false,לחם חיטה מלא לילדים 750 ג' דגנית עין בר,דגנית עין בר תעשיות מזון ואפיה,,לחם חיטה מלא ללא גרע,,750.00,100 גרם,false,,13.90,0.0185,true,1,4507
7290003318100,false,וופל בטעם שוקולד מנעמים 200 ג',ח.כהן סוכנות מזון ומשקאות,,ופל שוקו מנעמים 200,,200.00,100 גרם,false,,4.30,0.0215,true,1,36057
7290003318131,false,ופל קלאסיק אגוז 200 גרם מנעמים,ח.כהן סוכנות מזון ומשקאות,,ופל אגוז מנעמים 200,,200.00,100 גרם,false,,4.30,0.0215,true,1,36058
7290003318155,false,וופל טעם לימון מנעמים 200 ג',ח.כהן סוכנות מזון ומשקאות בע,,ופל לימון מנעמים 200,,250.00,100 גרם,false,,4.30,0.0172,true,1,36059
7290003321155,false,יוגורט בר עם פקאן מצופה שוקולד 183 ג' דנונה,שטראוס גרופ בעמ/מצונן,,דנונה קראנצ' ששבי פק,,183.00,"100 מ""ל",false,,4.60,0.0251,true,1,23291
7290003332007,false,קפה שחור עם הל נח`לה אדום (250 גרם),סובחי נחלה ובניו בעמ,,קפה נחלה סובחי 250ג,,250.00,100 גרם,false,,13.90,0.0556,true,1,33770
7290003332014,false,קפה שחור עם הל נח`לה אדום (500 גרם),סובחי נחלה ובניו בעמ,,קפה נחלה סובחי 500 ג,,500.00,100 גרם,false,,27.90,0.0558,true,1,33771
7290003332045,false,קפה שחור בלי הל נח`לה אדום (250 גרם),סובחי נחלה ובניו בעמ,,קפה נחלה סובחי 250 ג,,250.00,100 גרם,false,,13.90,0.0556,true,1,33773
7290003411566,false,צמרוני עץ הנמל 200 יחידות,הנמל אריזות ושיווק (1984) בעמ,,צמרוני אוזניים עץ 20,יחידה,0.00,יחידה,false,,2.90,0.0000,true,1,7848
7290003427154,false,"שמן זית כתית מעולה טעם מעודן זיתא 750 מ""ל",תה ויסוצקי (ישראל) בעמ,,שמן זית כתית מעולה ז,,750.00,"100 מ""ל",false,,33.90,0.0452,true,1,24632
7290003438006,false,ממרח אולביה פסטו וצנובר איטלקי 190ג',תה ויסוצקי (ישראל) בעמ,,אוליביה ממרח פסטו אי,,180.00,100 גרם,false,,13.90,0.0772,true,1,52035
7290003438013,false,7290003אוליביה ממרח זיתים ירוקים 190 גרם,תה ויסוצקי (ישראל) בעמ,,אוליביה ממרח זיתים א,,190.00,100 גרם,false,,13.90,0.0732,true,1,52036
7290003438020,false,אוליביה ממרח עגבניות מיובשות (190 גרם),תה ויסוצקי (ישראל) בעמ,,אוליביה ממרח עגבניות,,190.00,100 גרם,false,,13.90,0.0732,true,1,52037
7290003450602,false,חרדל אמיתי צהוב בקבוק לחיץ 255 גר,היינץ צפון אמריקה מקבוצת ה.י.היינץ,,חרדל אמיתי צהוב בקבו,,255.00,100 גרם,false,,8.90,0.0349,true,1,5304
7290003514007,false,מנה שקדי מרק מנה 400 גרם,ש.שסטוביץ בעמ,,שקדי מרק מנה 400 גרם,,400.00,100 גרם,false,,7.90,0.0198,true,1,21457
7290003521074,false,סרקל מרכך שיער לילדים דר. פישר (1 ליטר),"פישר תעשיות פרמבצטיות בע""מ",,סרקל מרכך שיער לילדי,יחידה,0.00,יחידה,false,,29.90,0.0000,true,1,29085
7290003525898,false,שלישיית סלט טונה ויליגר 160 גרם,נטו מילנדה סחר בעמ*,,סלט טונה ויליגר שליש,,480.00,100 גרם,false,,14.90,0.0310,true,1,17010
7290003550753,false,נתחי טונה בהירה בשמן פוסידון (108x4 גרם),"מיוצר עי וליגר בעמ,",,טונה בהירה בשמן פוסי,,308.00,100 גרם,false,,19.90,0.0646,true,1,17025
7290003570164,false,מינוט שווארמה פרגית 300 גרם / 20 יחידות,"בלדי בע""\מ",,מינוט שוארמה פרגית 3,,300.00,100 גרם,false,,27.90,0.0930,true,1,35328
7290003570171,false,מינוט שניצל 300 גרם / 20 יחידות,"בלדי בע""\מ",,מינוט שניצל 300 גר',,300.00,100 גרם,false,,22.90,0.0763,true,1,35329
7290003578108,false,חתיכות אננס בסירופ קל וילי פוד (850 גרם),ג.וילי פוד אינטרנשיונל בעמ,,אננס חתוך ויליפוד 85,,490.00,100 גרם,false,,8.90,0.0182,true,1,2867
7290003578672,false,ויליפוד שמן חמניות 1 ליטר{בית יוסף},וילי פוד,,שמן חמניות 1 ליטר,ליטרים,1.00,ליטר,false,,12.90,12.9000,true,1,2876
7290003643004,false,אורז בסמטי קלאסי סוגת (1 קג),האי נאם סי או אל.טי.,,"סוגת אורז בסמטי 1 ק""",קילוגרמים,1.00,"ק""ג",false,,13.90,13.9000,true,1,17324
7290003643325,false,קוסקוס בינוני סוגת (350 גרם),"אסיף תעשיות מזון בע""\מ",,קוסקוס בינוני סוגת 3,,350.00,100 גרם,false,,4.90,0.0140,true,1,17332
7290003643387,false,"סוכר אריזת פלסטיק 1 ק""ג סוגת",האי נאם סי או אל.טי.,,סוכר לבן בצנצנת סוגת,קילוגרמים,1.00,"ק""ג",false,,7.90,7.9000,true,1,17335
7290003643646,false,"סוכר דמררה קלאסי בצנצנת סוגת 1 ק""ג",האי נאם סי או אל.טי.,,סוכר דמררה בצנצנת חו,קילוגרמים,1.00,"ק""ג",false,,12.90,12.9000,true,1,17336
7290003643707,false,גריסים סוגת (500 גרם),"סוגת תעשיות בע""מ",,סוגת גריסים 500גר,,500.00,100 גרם,false,,4.90,0.0098,true,1,17338
7290003643714,false,חומוס גרגירים 500 גרם סוגת,האי נאם סי או אל.טי.,,חומוס 500 גרם,,500.00,100 גרם,false,,7.90,0.0158,true,1,17339
7290003643738,false,חיטה סוגת (500 גרם),האי נאם סי או אל.טי.,,סוגת חיטה 500 גר,,500.00,100 גרם,false,,4.90,0.0098,true,1,17340
7290003643745,false,כוסמת סוגת (500 גרם),האי נאם סי או אל.טי.,,כוסמת 500 גרם,,500.00,100 גרם,false,,7.90,0.0158,true,1,17341
7290003643752,false,עדשים ירוקים יבש סוגת 500 גר',האי נאם סי או אל.טי.,,עדשים ירוקות 500 גרם,,500.00,100 גרם,false,,7.90,0.0158,true,1,17342
7290003643769,false,עדשים אדומים יבש סוגת 500 גר',"סוגת תעשיות בע""\מ",,עדשים אדומות 500 גרם,,500.00,100 גרם,false,,7.90,0.0158,true,1,17343
7290003643776,false,"פופקורן גרעינים סוגת 500 ג' כשל""פ",האי נאם סי או אל.טי.,,סוגת פופקורן 500 גרם,,500.00,100 גרם,false,,4.90,0.0098,true,1,17344
7290003643806,false,שעועית לבנה יבשה סוגת (500 גרם),האי נאם סי או אל.טי.,,שעועית לבנה 500 גרם,,500.00,100 גרם,false,,10.90,0.0218,true,1,17346
7290003643813,false,שעועית אדומה יבשה סוגת 500 גר',האי נאם סי או אל.טי.,,שעועית אדומה 500 גרם,,500.00,100 גרם,false,,10.90,0.0218,true,1,17347
7290003681303,false,שעועית מעורבת יבשה מיה 500 גר',מיה תעשיות מזון מ.ת.מ. בעמ,,שעועית מעורבת 500 גר,,500.00,100 גרם,false,,7.90,0.0158,true,1,14964
7290003681365,false,קישוט לעוגה צבעוני בבצנצנת מיה 80 גרם,מיה תעשיות מזון מ.ת.מ. בעמ,,70 סוכריות קישוט לעו,,70.00,100 גרם,false,,4.90,0.0700,true,1,14967
7290003706167,false,בצל ירוק ארוז,,,בצל ירוק ארוז,,1.00,יח',false,,5.90,5.9000,true,1,35558
7290003726141,false,טופו אמיתי כפרי בריא 300 גרם,מחלבות גד שיווק 1992 בעמ,,טופו משק גאיה 300ג,,300.00,100 גרם,false,,10.90,0.0363,true,1,14635
7290003726615,false,"טופו ויילר 300 גרם ""שטראוס""",שטראוס גרופ בעמ/מצונן,,טופו ויילר 300 גרם.,,300.00,100 גרם,false,,10.90,0.0363,true,1,23294
7290003726875,false,טופו חומוס בתוספת פסטו ויילר 300 גרם,שטראוס גרופ בעמ/מצונן,,טופו חומוס עם פסטו 3,,300.00,100 גרם,false,,12.90,0.0430,true,1,230910
7290003804252,false,תיבוליות לאורז בנוסח הודי קנור 80גרם,יוניליוור ישראל שיווק בע`מ,,תיבולית בנוסח הודי ק,,72.00,100 גרם,false,,7.90,0.1097,true,1,10338
7290003804368,false,תיבוליות בזיליקום קנור (8 יח`- 72 גרם),"יוניליוור ישראל שיווק בע""מ",,תיבולית בזיליקום קנו,,72.00,100 גרם,false,,7.90,0.1097,true,1,10342
7290003804382,false,תיבוליות פטריות קנור (8 יח`- 72 גרם),יוניליוור ישראל שיווק בע`מ,,תיבולית פטריות קנור,,72.00,100 גרם,false,,7.90,0.1097,true,1,10344
7290003805501,false,"פתית בסגנון שוודי תלמה בד""צ 300 גרם",יוניליוור ישראל שיווק בע`מ,,פתית שוודי חסכוני בד,,300.00,100 גרם,false,,16.90,0.0563,true,1,10356
7290003805587,false,"פתית חיטה מלאה בד""צ 250 גרם-קופסא",יוניליוור ישראל שיווק בע`מ,,פתית חיטה מלאה בד'ץ,,250.00,100 גרם,false,,16.90,0.0676,true,1,10362
7290003882922,false,עלי גפן ממולאים באורז וילי פוד 360 גרם,ג. וילי-פוד אינטרנשיונל בע`מ,,עלי גפן ממולאים באור,,360.00,100 גרם,false,,8.90,0.0247,true,1,2887
7290003896141,false,חטיף ספרדי פיקנטי אלמנדוס 200 גרם,הדקלאים אגודת שיתופי,,אלמנדוס 200 גרם,,200.00,100 גרם,false,,11.90,0.0595,true,1,12796
7290003976614,false,אקונומיקה סמיכה פרחים 4 ליטר עם פקק ביטח,סאסאטק אגשח בעמ,,ג'ל אקונומיקה סמיכה,ליטרים,4.00,ליטר,false,,11.90,2.9750,true,1,83359
7290003989096,false,סלט חצילים פיקנטי אחלה 500 גרם,שטראוס גרופ בעמ/מצונן,,אחלה חציל פיקנטי 500,,500.00,100 גרם,false,,14.90,0.0298,true,1,23297
7290003989539,false,רביולי עם גבינה שטראוס (400 גרם),שטראוס גרופ בעמ/מצונן,,EAT GOOD רביולי גבינ,,400.00,100 גרם,false,,19.90,0.0497,true,1,23298
7290003989553,false,פסטה טורטליני גבינה ופטריות 400 גרם,שטראוס גרופ בעמ/מצונן,,שטראוס טורטליני פטרי,,400.00,100 גרם,false,,19.90,0.0497,true,1,23299
7290004011284,false,בסיס להכנת קצפת צמחי ריץ` (212 מל),ריצ' פרודקטס קורפריי,,ריצ בסיס להכנת קצפת,,212.00,"100 מ""ל",false,,6.90,0.0325,true,1,17029
7290004011338,false,קצפת מתוקה מוכנה ספריי ריץ` (250 מל),נטו מלינדה סחר בע`מ,,ריצ קצפת במיכל 250מל,,250.00,"100 מ""ל",false,,9.90,0.0396,true,1,17031
7290004011819,false,המבורגר ריב אנטריקוט אל גאוצ`ו 360 גר`ק,נטו מלינדה סחר בע`מ,,אל גאוצו המבורגר ריב,,360.00,100 גרם,false,,21.90,0.0608,true,1,17040
7290004011826,false,מיני המבורגר ריב אנטריקוט אל גאוצ`ו 360,טיבון ויל אחזקות בעמ,,אל גאוצ'ו מיני המבור,,320.00,100 גרם,false,,21.90,0.0684,true,1,17041
7290004014407,false,עדשי מ&מ'ס חמאת בוטנים46,מרס נדרלנד,,פינאטבאטר M&M עדשי ש,,46.00,100 גרם,false,,4.90,0.1065,true,1,20767
7290004023041,false,"לחם שיפון ללא שמרים ד""ר מרק 750 גר'",המאפה של דר מרק בריאות באפייה,,לחם שיפון מחמצת 750,,750.00,100 גרם,false,,13.90,0.0185,true,1,177991
7290004030612,false,"מיץ תפוח, קיווי אגס ללא תוספת סוכר 1 ליטר פרי ניב",הנסיך- מפעל לייצור ט,,פרי ניב מיץ קיוי אגס,ליטרים,1.00,ליטר,false,,14.90,14.9000,true,1,49476
7290004063016,false,מלח שולחן מעולה סלית (1 קג)פיקוח,האי נאם סי או אל.טי.,,"מלח שולחן סלית 1 ק""ג",קילוגרמים,1.00,"ק""ג",false,,1.70,1.7000,true,1,15462
7290004063115,false,"מלח מטבח עבה להמלחת בשר ובישול 1 ק""ג 1ק""ג",האי נאם סי או אל.טי.,,מלח מטבח גס לבישול כ,קילוגרמים,1.00,"ק""ג",false,,1.70,1.7000,true,1,15463
7290004064174,false,"תבלין מלח ההימלאיה דק בצנצנת 1 ק""ג","חברת מלח הארץ אילת בע""\מ",,מלח ההימלאיה דק בצנצ,קילוגרמים,1.00,"ק""ג",false,,16.90,16.9000,true,1,15465
7290004064303,false,מלח אטלנטי בצנצנת מלח הארץ 800 גרם,"חברת מלח הארץ אילת בע""\מ",,מלח אטלנטי בצנצנת הא,,800.00,100 גרם,false,,17.90,0.0224,true,1,15468
7290004064365,false,"מלח דק מועשר ביוד מלח הארץ קרטון 1 ק""ג","חברת מלח הארץ אילת בע""\מ",,מלח דק מועשר ביוד קר,קילוגרמים,1.00,"ק""ג",false,,5.90,5.9000,true,1,15470
7290004068011,false,יוגורט כבשים בדלי 5% שומן 600 ג' גד,מחלבות גד שיווק 1992 בעמ,,גד יוגורט כבשים 5% 6,,600.00,"100 מ""ל",false,,16.90,0.0282,true,1,14636
7290004068172,false,"יוגורט עיזים בדלי 5% 600 מ""ל רובין",מחלבות גד שיווק 1992 בעמ,,גד יוגורט עיזים 5% 6,,600.00,"100 מ""ל",false,,16.90,0.0282,true,1,14639
7290004078270,false,נוזל לניקוי כלים בריח לימון פלמוליב 1 ליטר,יבואן ומשווק: ש. שסט,,פלמוליב לכלים לימון-,יחידה,0.00,יחידה,false,,13.90,0.0000,true,1,21478
7290004078690,false,"אגקס נוזל לניקוי אסלות מרענן 750 מ""ל",הנסיך- מפעל לייצור ט,,אגקס כלורון נוזל לני,,750.00,"100 מ""ל",false,,14.90,0.0199,true,1,21480
7290004091217,false,"גודרדס, חומר לניקוי והברקת כלי כסף 144 מל",אס סי גונסון פורטוגל,,גודרס לכלי נחושת וכס,,125.00,"100 מ""ל",false,,14.90,0.1192,true,1,5795
7290004120566,false,גבינה בולגרית (25024% גרם)פיראוס תנובה,"תנובה בע""מ ***",,פיראוס בולגרית 24% 2,,250.00,100 גרם,false,,20.90,0.0836,true,1,25878
7290004120573,false,גבינה בולגרית (25016% גרם)פיראוס תנובה,תנובה מרכז שיתופי לש,,פיראוס בולגרית בקר 1,,250.00,100 גרם,false,,20.90,0.0836,true,1,25879
7290004120634,false,גבינה בולגרית (2505% גרם)פיראוס תנובה,תנובה מרכז שיתופי לש,,פיראוס בולגרית 5% 25,,250.00,100 גרם,false,,20.90,0.0836,true,1,25880
7290004120832,false,"חלב 2 ליטר 3% כד ""תנובה""- מוצר בפיקוח",תנובה מרכז שיתופי לש,,"חלב תנובה טרי 3% בד""",ליטרים,2.00,ליטר,false,,12.46,6.2300,true,1,25882
7290004121525,false,יופלה מאגדת פרי 4 תות 4 אפרסק 3% 8 יח'*150 ג',תנובה מרכז שיתופי לש,,יופלה אפרסק תות 3% 8,קילוגרמים,1.20,"ק""ג",false,,29.90,24.9167,true,1,25884
7290004121754,false,יוגורט ביו עוגת גבינה ותות 3% יופלה 150 גרם,תנובה בעמ ***,,יופלה קרם גבינה ותות,,150.00,100 גרם,false,,4.90,0.0327,true,1,25885
7290004121839,false,גבינת פטה כבשים (25020% גרם)פיראוס בול,תנובה מרכז שיתופי לש,,פיראוס פטה כבשים 20%,,250.00,100 גרם,false,,26.90,0.1076,true,1,25886
7290004121853,false,גבינה בולגרית קוביות (2005% גרם)פיראוס,תנובה מרכז שיתופי לש,,פיראוס בולגרית בקובי,,200.00,100 גרם,false,,20.90,0.1045,true,1,25887
7290004122119,false,פתיתי פרמזן לפסטה 23% השף הלבן 100 גרם,"תנובה בע""מ ***",,שף לבן פתיתי פרמזן ל,,100.00,100 גרם,false,,10.90,0.1090,true,1,25889
7290004122195,false,גוש חלב גבינה צהובה פרוסה 28% תנובה 200 גרם,"תנובה בע""מ ***",,גוש חלב פרוס 28% 200,,200.00,100 גרם,false,,13.50,0.0675,true,1,25890
7290004122270,false,עמק קלאסית פרוסות גבינה חצי קשה 28% 200 גרם,תנובה מרכז שיתופי לש,,עמק פרוס סגירה חוזרת,,200.00,100 גרם,false,,15.80,0.0790,true,1,25891
7290004122348,false,גבינה צהובה מופחתת שומן 9% עמק (200 גרם),תנובה מרכז שיתופי לש,,עמק לייט 9% 200ג,,200.00,100 גרם,false,,16.80,0.0840,true,1,25892
7290004122676,false,גבינה חמד לייט (2505% גרם)פיראוס תנובה,תנובה מרכז שיתופי לש,,פיראוס חמד לייט 5% 2,,250.00,100 גרם,false,,17.90,0.0716,true,1,25894
7290004122683,false,עמק חטיף אצבעות גבינה חצי קשה 28% שומן,תנובה מרכז שיתופי לש,,עמק אצבעות 172ג,,172.00,100 גרם,false,,15.90,0.0924,true,1,25895
7290004125370,false,"שמנת חמוצה 9% מופחתת שומן תנובה 200 מ""ל מהדרין",תנובה מרכז שיתופי לש,,תנובה שמנת מופחתת 9%,,200.00,"100 מ""ל",false,,3.90,0.0195,true,1,25907
7290004125400,false,"אשל שלי מהדרין 200 מ""ל 4.5% ""תנובה""- מוצר בפיקוח",פארייפאבה אגרואינדוס,,"אשל 4.5% בד""צ מהדרין",,200.00,"100 מ""ל",false,,1.69,0.0084,true,1,25908
7290004125417,false,"גיל 3% שלי 200 מ""ל ""תנובה"" -מוצר בפיקוח",תנובה מרכז שיתופי לש,,"גיל 3% בד""צ מהדרין",,200.00,"100 מ""ל",false,,1.51,0.0076,true,1,25909
7290004125455,false,"שמנת חמוצה 200 מ""ל 15% ""תנובה"" -מוצר בפיקוח",תנובה מרכז שיתופי לש,,תנובה שמנת אורגינל מ,,200.00,"100 מ""ל",false,,2.40,0.0120,true,1,25910
7290004125462,false,"שמנת חמוצה 15% תנובה 500 מ""ל מהדרין",תנובה מרכז שיתופי לש,,תנובה שמנת חמוצה 15%,,500.00,"100 מ""ל",false,,6.00,0.0120,true,1,25911
7290004125509,false,"שמנת חמוצה 15% מועשרת תנובה 100 מ""ל",תנובה מרכז שיתופי לש,,תנובה שמנת חצי מנה 1,,100.00,"100 מ""ל",false,,1.70,0.0170,true,1,25912
7290004125578,false,משקה סויה מועשר בסידן 1 ל`תנובה,תנובה מרכז שיתופי לש,,משקה סויה תנובה מועש,ליטרים,1.00,ליטר,false,,9.90,9.9000,true,1,25913
7290004125585,false,משקה סויה בטעם וניל תנובה 1 ליטר,תנובה מרכז שיתופי לש,,סויה תנובה משקה סויה,ליטרים,1.00,ליטר,false,,9.90,9.9000,true,1,25914
7290004125721,false,"השף הלבן שמנת עמידה לבישול 15% תנובה 250 מ""ל",תנובה מרכז שיתופי לש,,שף לבן שמנת לבישול 1,,250.00,"100 מ""ל",false,,8.50,0.0340,true,1,25916
7290004125738,false,שמנת מתוקה להקצפה32% 250מל עמיד השף הלבן,תנובה מרכז שיתופי לש,,שף לבן שמנת להקצפה 3,,250.00,"100 מ""ל",false,,6.50,0.0260,true,1,25917
7290004125776,false,גבינה צהובה קלאסית 28% עמק (400 גרם),"תנובה בע""מ ***",,עמק גבינה קשה פרוסה,,400.00,100 גרם,false,,27.80,0.0695,true,1,25918
7290004126674,false,טל העמק פרוסות גבינה חצי קשה לייט %9 200 גרם בקופסא,תנובה מרכז שיתופי לש,,עמק טל לייט 9% 200ג,,200.00,100 גרם,false,,18.30,0.0915,true,1,25921
7290004127077,false,קוטג תנובה 3% גביע 250 גרם מהדרין,מיוצר עי קונדיטוריית,,קוטג תנובה 3% 250 ג,,250.00,100 גרם,false,,5.50,0.0220,true,1,25924
7290004127329,false,קוטג תנובה גביע 250 גרם %5 ו.מהדרין,מיוצר עי קונדיטוריית,,קוטג' 5% תנובה מהדרי,,250.00,100 גרם,false,,5.50,0.0220,true,1,25925
7290004127336,false,קוטג תנובה גביע 250 גרם %9 ו.מהדרין,מיוצר עי קונדיטוריית,,קוטג' תנובה מהדרין 9,,250.00,100 גרם,false,,5.50,0.0220,true,1,25926
7290004127800,false,"גבינה לבנה 500 גרם 5% ""תנובה"" -מוצר בפיקוח",מיוצר עי קונדיטוריית,,תנובה גבינה לבנה 5%,,500.00,100 גרם,false,,9.96,0.0199,true,1,25928
7290004127817,false,גבינה לבנה 9% שומן 500 ג' תנובה,מיוצר עי קונדיטוריית,,תנובה גבינה לבנה 9%,,500.00,100 גרם,false,,9.20,0.0184,true,1,25929
7290004127862,false,"גבינה לבנה 750 גרם 5% ""תנובה"" - מוצר בפיקוח",תנובה מרכז שיתופי לש,,תנובה גבינה למריחה מ,,750.00,100 גרם,false,,14.90,0.0199,true,1,25930
7290004128333,false,לאבנה על בסיס יוגורט %9 שומן 500 ג' פיראוס,תנובה בעמ ***,,פיראוס לאבנה גביע %9,,500.00,100 גרם,false,,19.90,0.0398,true,1,25933
7290004128432,false,פתיתים מיוחדים לפיצה על בסיס גבינה 500 ג',תנובה - חלב,,שף לבן פתיתי גבינה מ,,500.00,100 גרם,false,,21.90,0.0438,true,1,25936
7290004129101,false,גבינת שמנת 25% בטעם טבעי 225 ג' נפוליאון,תנובה מרכז שיתופי לש,,נפוליאון בטעם טבעי 2,,225.00,100 גרם,false,,13.90,0.0618,true,1,25937
7290004129156,false,גבינת שמנת25% עם שום שמיר 225 ג' נפוליאון,תנובה מרכז שיתופי לש,,נפוליאון שום שמיר 25,,225.00,100 גרם,false,,13.90,0.0618,true,1,25939
7290004129767,false,"3% 'יופלה לבן מארז שמינייה 1.2 ק""ג",תנובה מרכז שיתופי לש,,יופלה לבן מאגדת 3% 8,קילוגרמים,1.20,"ק""ג",false,,17.50,14.5833,true,1,25943
7290004130794,false,משקה סויה במתיקות מופחתת תנובה (1 ליטר),תנובה מרכז שיתופי לש,,סויה תנובה טבעי במתי,ליטרים,1.00,ליטר,false,,9.90,9.9000,true,1,25946
7290004130916,false,יוגורט יופלה פירות יער בשמנת 3% 150 גרם,תנובה מרכז שיתופי לש,,יופלה בטעם פירות יער,,150.00,100 גרם,false,,4.90,0.0327,true,1,25947
7290004131074,false,"חלב 1 ליטר 3% קרטון ""תנובה""- מוצר בפיקוח",תנובה מרכז שיתופי לש,,חלב תנובה הומוגני מה,ליטרים,1.00,ליטר,false,,6.23,6.2300,true,1,25949
7290004131432,false,יוגורט יופלה לבן ביו 3% 200 גרם,מיוצר עי קונדיטוריית,,יופלה לבן 3% 200מל,,200.00,"100 מ""ל",false,,3.90,0.0195,true,1,25953
7290004131456,false,יוגורט ביו 1.5% שומן 200 ג' יופלה,מיוצר עי קונדיטוריית,,יופלה לבן 1.5% 200מל,,200.00,"100 מ""ל",false,,3.90,0.0195,true,1,25954
7290004132552,false,משקה סויה בטעם טבעי לייט תנובה 1 ליטר,תנובה מרכז שיתופי לש,,סויה תנובה לייט בטעם,ליטרים,1.00,ליטר,false,,9.90,9.9000,true,1,25964
7290004132712,false,חטיף אצבעות גבינת מוצרלה 20% 172 ג' עמק,תנובה מרכז שיתופי לש,,עמק אצבעות מוצרלה 20,,174.00,100 גרם,false,,15.90,0.0914,true,1,25966
7290004133511,false,יופלה מאגדת לבן 1.5% מעודן 8 יח' * 150 ג',מיוצר עי קונדיטוריית,,יופלה לבן מעודן 1.5%,ליטרים,1.20,ליטר,false,,19.90,16.5833,true,1,25971
7290004135058,false,שמיניית קרלו מיני שוקולד 100 גרם מהדרין,תנובה מרכז שיתופי לש,,קרלו מהדרין מיני שוק,,800.00,"100 מ""ל",false,,13.90,0.0174,true,1,25978
7290004135614,false,גבינה בולגרית מעודנת 5% פיראוס 250 גרם,"תנובה בע""מ ***",,פיראוס בולגרית מעודנ,,250.00,100 גרם,false,,20.90,0.0836,true,1,25983
7290004136598,false,מארז הפסקת אוכל עם קורנפלקס ומשקה חלב עמיד בטעם וניל,פארייפאבה אגרואינדוס,,מארז הפסקת אוכל חלב,,150.00,100 גרם,false,,9.50,0.0633,true,1,25990
7290004136857,false,מעדן ג`לי בטעם פטל תנובה (125 גרם),תנובה מרכז שיתופי לש,,ג'לי תנובה פטל 125מל,,125.00,"100 מ""ל",false,,2.50,0.0200,true,1,25991
7290004136871,false,מעדן ג'לי בטעם אפרסק עם חתיכות תנובה 125 גרם,תנובה מרכז שיתופי לש,,ג'לי תנובה אפרסק עם,,125.00,"100 מ""ל",false,,2.90,0.0232,true,1,25993
7290004137021,false,"שמנת עמידה לבישול מופחת שומן 10% השף הלבן 250 מ""ל",תנובה מרכז שיתופי לש,,שף לבן שמנת לבישול 1,,250.00,"100 מ""ל",false,,7.90,0.0316,true,1,25995
7290004137311,false,גבינה צהובה מופחתת שומן 9% עמק (400 גרם),"תנובה בע""מ ***",,עמק לייט משפחתית 9%,,400.00,100 גרם,false,,29.90,0.0747,true,1,25996
7290004150181,false,חמוצים סיני 300 גרם פיקנטי פרימיום,"סלטי שמיר 2006 בע""\מ",,סלט חמוצים סיני 300,,300.00,100 גרם,false,,14.90,0.0497,true,1,304173
7290004150198,false,סלק מגורד פיקנטי פרימיום 300 גרם שמיר,"סלטי שמיר 2006 בע""\מ",,סלק מגורד 300 גרם,,300.00,100 גרם,false,,14.90,0.0497,true,1,304174
7290004150358,false,חומוס סלק פיקנטי פרימיום 300 גרם,"סלטי שמיר 2006 בע""\מ",,חומוס עם סלק 300 גרם,,300.00,100 גרם,false,,14.90,0.0497,true,1,304182
7290004225285,false,גבינה בסגנון דנאבלו 100 גר,האי נאם סי או אל.טי.,,סגנון דנאבלו 100 גרם,,100.00,100 גרם,false,,9.90,0.0990,true,1,17043
7290004230364,false,שגב מקלות בורקס פילו גבינה צרפתי 600 גר,נטו מלינדה סחר בע`מ,,שגב מקלות בורקס פילו,,600.00,100 גרם,false,,19.90,0.0332,true,1,17067
7290004492762,false,"נשנושים תירס אפוי טעם טבעי בייגל בייגל 325 גרם בד""צ",יוניליוור ישראל שיווק בע`מ,,נשנושים תירס 325 גר,,325.00,100 גרם,false,,11.90,0.0366,true,1,10391
7290004537241,false,אפונת גינה שדה בשקית,בסט מייסטר,,אפונת גינה קפואה 800,,800.00,100 גרם,false,,11.90,0.0149,true,1,51588
7290004537258,false,אפונה וגזר 800 גר שד,,,אפונה וגזר 800 גר שד,,800.00,100 גרם,false,,11.90,0.0149,true,1,51589
7290004584351,false,גבינה לבנה סימפוניה עם תוספות 200 ג' חמישית 200,שטראוס גרופ בעמ/מצונן,,סימפוניה חמישית 200ג,,200.00,100 גרם,false,,11.50,0.0575,true,1,23301
7290004584528,false,יוגורט דנונה ביו לבן 1.7% שומן 200 גרם,שטראוס גרופ בעמ/מצונן,,דנונה יוגורט טבעי 1.,,200.00,"100 מ""ל",false,,3.70,0.0185,true,1,23302
7290004603175,false,מלח הים האדום גס מלח הארץ (500 גרם),"חברת מלח הארץ אילת בע""\מ",,מלח ים האדום גס הארץ,,500.00,100 גרם,false,,7.90,0.0158,true,1,24655
7290004731472,false,"אל סבון צבעוני כיף שלישיה* 500 מ""ל",החברה הדרומית לשיווק בעמ,,שלישיית אלסבון צבעונ,ליטרים,1.50,ליטר,false,,19.90,13.2667,true,1,29889
7290004731519,false,"מקסימה מרכך ומבשם כביסה למייבש סנסיטיב סנו 750 מ""ל",החברה הדרומית לשיווק בעמ,,סנו מקסימה למייבש סנ,,750.00,"100 מ""ל",false,,17.90,0.0239,true,1,29890
7290004731564,false,"מקסימה מבשם ומרכך למייבש הכביסה בלו בלוסום 750 מ""ל",החברה הדרומית לשיווק בעמ,,סנו מקסימה מבשם ומרכ,,750.00,"100 מ""ל",false,,17.90,0.0239,true,1,29892
7290004944032,false,חומוס אמיתי אסלי שמיר 400 גרם,"סלטי שמיר 2006 בע""מ",,חומוס אסלי 400 גר,,400.00,100 גרם,false,,10.90,0.0273,true,1,17704
7290004944049,false,טחינה אסלי שמיר 400 גרם,"סלטי שמיר 2006 בע""מ",,טחינה אסלי 400 גרם,,400.00,100 גרם,false,,10.90,0.0273,true,1,17705
7290005008184,false,"סבון נוזלי בניחוח חלב שקדים פלמוליב 500 מ""ל",הנסיך- מפעל לייצור ט,,סבון נוזלי חלב שקדים,,500.00,"100 מ""ל",false,,15.90,0.0318,true,1,21484
7290005008191,false,"סבון נוזלי ארומה בניחוח לבנדר פטצ'ולי וילנג ילנג פלמוליב 500 מ""ל",הנסיך- מפעל לייצור ט,,סבון נוזלי ארומה סגו,,500.00,"100 מ""ל",false,,15.90,0.0318,true,1,21485
7290005174551,false,סלט חומוס עם צנוברים 125 ג' אחלה,שטראוס גרופ בעמ/מצונן,,אחלה חומוס 125ג,,125.00,100 גרם,false,,4.90,0.0392,true,1,23305
7290005174575,false,טחינה אחלה יום יום משובחת 125ג',שטראוס גרופ בעמ/מצונן,,אחלה טחינה 125גר,,125.00,100 גרם,false,,4.90,0.0392,true,1,23307
7290005200786,false,תפוצ'יפס בטעם שמנת בצל עלית 50 גרם,"שטראוס פריטו ליי בע""\מ )",,תפוציפס שמנת ובצל 50,,50.00,100 גרם,false,,3.90,0.0780,true,1,24164
7290005201455,false,קפה נמס מגורען ארומה קלאסי עלית 200 גרם,שטראוס גרופ בע`מ,,ארומה קפה נמס 200 גר,,200.00,100 גרם,false,,21.90,0.1095,true,1,22252
7290005201882,false,קפה טורקי בצלופן עלית 200 גרם,הנסיך- מפעל לייצור ט,,טורקי עלית 200 גר',,200.00,100 גרם,false,,15.90,0.0795,true,1,22254
7290005287206,false,רביעיית טונה בשמן סטארקיסט 160 גרם,דיפלומט מפיצים (1968) בעמ**,,טונה בשמן סטארקיסט ר,,640.00,100 גרם,false,,24.90,0.0389,true,1,26659
7290005287213,false,"רביעיית טונה בשמן סטארקיסט 160 גרם בד""צ",דיפלומט מפיצים (1968) בעמ**,,טונה בשמן סטארקיסט ב,,640.00,100 גרם,false,,24.90,0.0389,true,1,26660
7290005287251,false,רביעיית טונה במים סטארקיסט 160 גרם,דיפלומט מפיצים (1968) בעמ**,,טונה במים סטארקיסט ר,,640.00,100 גרם,false,,24.90,0.0389,true,1,26662
7290005326523,false,ממרח פסטו פטרוזיליה ונענע אוליביה 180 גרם,תה ויסוצקי (ישראל) בעמ,,אוליביה ממרח פסטו פט,,180.00,100 גרם,false,,13.90,0.0772,true,1,52043
7290005384851,false,וילי פוד מיץ לימון בדץ 200מל,קריות זול,,מיץ לימון משומר וילי,,200.00,"100 מ""ל",false,,2.90,0.0145,true,1,2902
7290005403972,false,תחתיות ארטישוק 400 ג,,,תחתיות ארטישוק 400 ג,,400.00,100 גרם,false,,15.90,0.0398,true,1,51601
7290005403989,false,במיה קפואה 600 גרם ש,,,במיה קפואה 600 גרם ש,,600.00,100 גרם,false,,10.90,0.0182,true,1,51602
7290005423253,false,"סנו - מקסימה מרסס למייבש כביסה אולטרה פרש 750 מ""ל",החברה הדרומית לשיווק בעמ,,סנו מקסימה למייבש או,,750.00,"100 מ""ל",false,,17.90,0.0239,true,1,29907
7290005423567,false,מטליות ניקוי רב שימושיות בגליל סנו סושי 40 יחידות,החברה הדרומית לשיווק בעמ,,סנו סושי מטלית לכל 3,יחידה,0.00,יחידה,false,,20.00,0.0000,true,1,29918
7290005423635,false,ריצפז נוזל רצפות דוחה תיקנים סנו 2 ליטר,החברה הדרומית לשיווק בעמ,,נוזל לניקוי רצפות דו,ליטרים,2.00,ליטר,false,,21.90,10.9500,true,1,29919
7290005423871,false,שלישיית משחת שיניים מנטול אורביטול 145 גרם,טרופיקל דגיל תעשיות קוסמ,,משחת שיניים אורביטול,,435.00,100 גרם,false,,16.90,0.0389,true,1,29922
7290005423918,false,סנו - מקסימה מרכך כביסה היפואלרגני אלוורה 4 ליטר,החברה הדרומית לשיווק בעמ,,מרכך כביסה סנו מקסימ,ליטרים,4.00,ליטר,false,,23.90,5.9750,true,1,29924
7290005424113,false,"רביעיית מטליות לרצפה ""סנו סושי""",החב. הדרומית לשיווק,,סנו סושי מטליות רצפה,יחידה,0.00,יחידה,false,,12.90,0.0000,true,1,29926
7290005424755,false,מטליות ריצפז פלוס לחות לניקוי רצפות דוחה תיקנים 10 יח' סנו,החברה הדרומית לשיווק בעמ,,ריצפז פלוס מטליות לח,יחידה,0.00,יחידה,false,,14.90,0.0000,true,1,29936
7290005424847,false,"מפיות נייר 30*30 ס""מ סנו סושי 150 יחידות",החברה הדרומית לשיווק בעמ,,סנו סופט מפיות 30*30,יחידה,0.00,יחידה,false,,7.90,0.0000,true,1,29941
7290005425110,false,"חיטוי משטחים 99.9% מתז מחטא ומשמיד 750 מ""ל",החברה הדרומית לשיווק בעמ,,מתז מחטא ומשמיד 99.9,,750.00,"100 מ""ל",false,,12.90,0.0172,true,1,29948
7290005426193,false,ספוגית הפלא סנו סושי 6 יחידות,החברה הדרומית לשיווק בעמ,,סנו סושי ספוג הפלא,יחידה,0.00,יחידה,false,,11.90,0.0000,true,1,29967
7290005426230,false,מטלית הפלא לרצפה מיקרופייבר סנו 1יח',החברה הדרומית לשיווק בעמ,,סנו סושי מטלית הפלא,יחידה,0.00,יחידה,false,,12.90,0.0000,true,1,29968
7290005426964,false,סנובון סבון לאסלה בניחוח אפרסק סנו 3 יחידות,החברה הדרומית לשיווק בעמ,,סנובון כחול שלישיה ב,,165.00,100 גרם,false,,16.90,0.1024,true,1,29983
7290005426971,false,סנובון סבון לאסלה תפוח כחול סנו 3 יחידות,החברה הדרומית לשיווק בעמ,,סנובון כחול שלישיה ב,,165.00,100 גרם,false,,16.90,0.1024,true,1,29984
7290005427985,false,"קרמה תחליב רחצה לפנים בתוספת גרגירי פילינג 180 מ""ל",גוד פוד פרודקטס S.p,,תחליב רחצה לפנים בתו,,180.00,"100 מ""ל",false,,13.90,0.0772,true,1,30015
7290005430602,false,"סנו אוקסיג'ן ספריי להסרת כתמים עם חמצן פעיל 750 מ""ל",החברה הדרומית לשיווק בעמ,,סנו אוקסיג'ן מסיר כת,,750.00,"100 מ""ל",false,,17.90,0.0239,true,1,30029
7290005431913,false,עוגת גבינה פירורים עדן קינוחים 92 גרם,עדן קינוחים Eden,,קינוחי עדן עוגת גבינ,,92.00,100 גרם,false,,6.90,0.0750,true,1,26017
7290005431937,false,מעדן טירמיסו 82 גר`עדן קינוחים,עדן קינוחים Eden,,עדן טירמיסו 82 גרם,,82.00,100 גרם,false,,6.90,0.0841,true,1,26019
7290005500688,false,"פנינה רוזנבלום מסיכה לשיקום ורודה , 1 ק""ג",פנינה רוזנבלום בעמ,,מסיכה לשיער פנינה רו,קילוגרמים,1.00,"ק""ג",false,,29.90,29.9000,true,1,18127
7290005559907,false,פיצה משפחתית 100% גבינה מעדנות 500 גרם,תנובה מרכז שיתופי לשיווק תוצרת,,פיצה משפחתית גבינה 5,,500.00,100 גרם,false,,19.90,0.0398,true,1,35627
7290005559914,false,פיצה משפחתית עם 100% גבינה בתוספת זיתים מעדנות 550 גרם,תנובה מרכז שיתופי לשיווק תוצרת,,פיצה משפחתית זיתים 5,,550.00,100 גרם,false,,19.90,0.0362,true,1,35628
7290005559990,false,בצק עלים פילאס תורכי 600 גרם קפוא,תנובה מרכז שיתופי לשיווק תוצרת,,בצק פילאס תורכי מעדנ,,600.00,100 גרם,false,,19.90,0.0332,true,1,35632
7290005591761,false,דבש טהור מפרחי בר בלחיץ 400 ג' יד מרדכי,מכוורת יד מרדכי שטרא,,דבש טהור מפרחי בר בל,,400.00,100 גרם,false,,20.90,0.0522,true,1,22255
7290005610127,false,תפוח אדמה גורמה דוד משה,אראל תוצרת חקלאית בע,,תפו`א גורמה לבן דוד,קילוגרמים,1.00,"ק""ג",true,,7.90,7.9000,true,1,50968
7290005610196,false,תפוח אדמה לבןבייבי גורמה,אראל תוצרת חקלאית בע,,תפו`א בייבי גורמה,קילוגרמים,1.00,"ק""ג",true,,6.90,6.9000,true,1,50969
7290005838002,false,מעדן גבינה ויוגורט בטעם וניל 88 ג' דניאלה,שטראוס גרופ בעמ/מצונן,,דניאלה מעדן גבינה 15,,150.00,"100 מ""ל",false,,4.10,0.0273,true,1,23309
7290005838613,false,קרם גבינה 3% בטעם וניל סקי (125 גרם),שטראוס גרופ בעמ/מצונן,,גבינה וניל 3% סקי 12,,125.00,100 גרם,false,,3.90,0.0312,true,1,23310
7290005838972,false,סקי יום יום גבינה לבנה %5 125 גרם,שטראוס גרופ בעמ/מצונן,,גבינת יום יום 5% סקי,,125.00,100 גרם,false,,3.50,0.0280,true,1,23311
7290005839078,false,שמיניית יוגורט לבן 3% ביו דנונה 150 גרם,שטראוס גרופ בעמ/מצונן,,דנונה ביו מארז חסכון,קילוגרמים,1.20,"ק""ג",false,,16.90,14.0833,true,1,23312
7290005839108,false,גבינה לבנה סימפוניה עם תוספות 200 ג'+זיתים 5%,שטראוס גרופ בעמ/מצונן,,סימפוניה עם זיתים 5%,,200.00,100 גרם,false,,11.50,0.0575,true,1,23313
7290005839313,false,מילקי Top עם שוקולדה מגולגלת 140 גרם,שטראוס גרופ בעמ/מצונן,,מילקי טופ מגולגלת 14,,142.00,"100 מ""ל",false,,4.90,0.0345,true,1,23314
7290005901348,false,קבב כבש מעדני המנגל,,,קבב כבש מעדני המנגל,,400.00,100 גרם,false,,12.90,0.0323,true,1,51603
7290005901362,false,קבב רומני מעדני המנג,,,קבב רומני מעדני המנג,,400.00,100 גרם,false,,12.90,0.0323,true,1,51605
7290005901379,false,המבורגר מעדני המנגל,,,המבורגר מעדני המנגל,,400.00,100 גרם,false,,12.90,0.0323,true,1,51606
7290005901423,false,קבב קציצות ביתי טעים,,,קבב קציצות ביתי טעים,,500.00,100 גרם,false,,28.90,0.0578,true,1,51611
7290005901447,false,"""טעים טעים"" שווארמה",,,"""טעים טעים"" שווארמה",,300.00,100 גרם,false,,26.90,0.0897,true,1,51613
7290005938245,false,ממרח פסטו קלאסי פרסקו 220ג' מצונן,מיוצר עי פרסקו חצבה,,פרסקו ממרח מצונן פסט,,220.00,100 גרם,false,,17.90,0.0814,true,1,17095
7290005992575,false,גבינה בולגרית למריחה 5% גד (250 גרם),מחלבות גד שיווק 1992 בעמ,,גד בולגרית למריחה 5%,,250.00,100 גרם,false,,15.90,0.0636,true,1,14647
7290005992735,false,לאבנה טבעית 5% 250 גר' - רבנות,מחלבות גד שיווק 1992 בעמ,,גד לאבנה 5% 250ג,,250.00,100 גרם,false,,11.90,0.0476,true,1,14649
7290005996078,false,סלמי סרוולט הונגרי יחיעם 150 גרם,מעדני יחיעם (1993) בעמ,,סלמי סרוולט הונגרי 1,,125.00,100 גרם,false,,27.90,0.2232,true,1,57296
7290005996221,false,פסטרמה של פעם דק דק (120 גר`)יחיעם,מעדני יחיעם (1993) בעמ,,פסטרמה של פעם דק דק,,120.00,100 גרם,false,,10.90,0.0908,true,1,69451
7290005996238,false,פסטרמה בדבש דק דק (120 גר`)יחיעם,מעדני יחיעם (1993) בעמ,,פסטרמה בדבש דק דק יח,,120.00,100 גרם,false,,10.90,0.0908,true,1,69452
7290006185501,false,"פנינה רוזנבלום -אל סבון נוזלי ורוד,1 ליטר","פנינה רוזנבלום בע""מ",,אל סבון נוזלי ורוד פ,יחידה,0.00,יחידה,false,,8.90,0.0000,true,1,18139
7290006185518,false,אל סבון נוזלי כחול 1 ליטר פנינה רוזנבלום,"פנינה רוזנבלום בע""מ",,אל סבון נוזלי כחול פ,יחידה,0.00,יחידה,false,,8.90,0.0000,true,1,18140
7290006229427,false,סן בנדטו - מים מינרלים - מארז שישיית 500 מל,טמפו משקאות בע`מ,,"סאן בנדטו 6*500 מ""ל",ליטרים,3.00,ליטר,false,,11.90,3.9667,true,1,9414
7290006241191,false,אגוזי מלך טבעיים קליית גת (150 גרם),הדקלאים אגודת שיתופי,,אגוזי מלך 150 גרם קל,,150.00,100 גרם,false,,17.50,0.1167,true,1,12804
7290006241504,false,"משקה תפוזים קפוא פריגת 340 מ""ל",החברה המרכזית טלהפצת משקאות בע,,קפוא תפוזים 340 גרם,,340.00,100 גרם,false,,13.90,0.0409,true,1,6393
7290006241535,false,"משקה מנגו קפוא פריגת 340 מ""ל",*החברה המרכזית להפצת משקאותבעמ,,קפוא מנגו 340 גרם,,340.00,100 גרם,false,,13.90,0.0409,true,1,6395
7290006251107,false,תה מסאלה צ'אי ויסוצקי 25 יחידות,תה ויסוצקי (ישראל) בעמ,,תה מסאלה ויסוצקי 2/2,,50.00,100 גרם,false,,18.90,0.3780,true,1,24656
7290006251275,false,תה ירוק סיני קלאסי ויסוצקי 25 יחידות,תה ויסוצקי (ישראל) בעמ,,תה ירוק סיני,,37.50,100 גרם,false,,23.90,0.6373,true,1,24658
7290006251374,false,תה ירוק לימונית וג'ינג'ר ויסוצקי 25 יחידות,תה ויסוצקי (ישראל) בעמ,,תה ירוק לימונית וג'י,,25.00,100 גרם,false,,23.90,0.9560,true,1,24661
7290006265548,false,נבטים סינים מרינה ארוז 360ג',"מרינה פטריות הגליל בע""מ",,נבטים סינים,,1.00,יח',false,,6.90,6.9000,true,1,41538
7290006271181,false,ג'חנון אפוי למיקרוגל מעדנות 750 גרם,תנובה מרכז שיתופי לשיווק תוצרת,,מעדנות גחנון אפוי 75,,750.00,100 גרם,false,,21.90,0.0292,true,1,35634
7290006272072,false,חטיפי פיצה גבינה מעדנות 650 גרם,תנובה קפואים,,חטיפי פיצה מעדנות 65,,650.00,100 גרם,false,,29.90,0.0460,true,1,35642
7290006306302,false,רביולי במילוי גבינות פרמזן ריקוטה 400 ג' פסטה נונה,דורום תעשיות מזון ופסטה,,פסטה נונה ריביולי פר,,400.00,100 גרם,false,,21.90,0.0547,true,1,14657
7290006342065,false,בוטנים קלויים ששון הקולה 200 גרם,,,בוטנים קלויים 200 ג,,200.00,100 גרם,false,,8.90,0.0445,true,1,4627
7290006374653,false,דבש לייט מופחת קלוריות יד מרדכי 350 ג',מכוורת יד מרדכי שטראוס ב,,דש לייט דבש מופחת קל,,350.00,100 גרם,false,,25.50,0.0729,true,1,22259
7290006374738,false,קונפיטורה תות יד מרדכי בטעם תות,אף.סי תבליני בגליל ב,,קונפיטורת תות יד מור,,340.00,100 גרם,false,,11.90,0.0350,true,1,22262
7290006449955,false,מלפפון בייבי מארז,"מרינה פטריות הגליל בע""מ",,מלפפון בייבי,,1.00,יח',false,,8.90,8.9000,true,1,153838
7290006492432,false,גבינה מוצרלה בייבי 18% גד (150 גרם),מחלבות גד שיווק 1992 בעמ,,גד בייבי מוצרלה 150ג,,170.00,100 גרם,false,,13.90,0.0818,true,1,14665
7290006492685,false,גבינת לאבנה עיזים 5% גד (250 גרם),מחלבות גד שיווק 1992 בעמ,,גד לאבנה עזים 3% 250,,250.00,100 גרם,false,,16.90,0.0676,true,1,14669
7290006492852,false,גבינת עיזים למריחה 5% 250 גרם רובין,מחלבות גד שיווק 1992 בעמ,,גד גבינת עיזים למריח,,250.00,100 גרם,false,,16.50,0.0660,true,1,14670
7290006494924,false,טוסו וופל קלאסי במילוי קרם לימון 200 גרם,"דנשר (1963) בע,מ",,מרמולייט ופל בטעם לי,,180.00,100 גרם,false,,10.50,0.0583,true,1,5814
7290006511157,false,פטריות שמפניון שלמות וילי פוד (400 גרם),ג.וילי-פוד אינטרנשיונל בעמ,,פטריות שלמות שמפיניו,,230.00,100 גרם,false,,6.90,0.0300,true,1,2906
7290006511751,false,פטריות שמפניון חתוך ויליפוד 290X3 ג' בד”צ,ג.וילי-פוד אינטרנשיונל בעמ,,פטריות חתוכות ויליפו,,870.00,100 גרם,false,,11.90,0.0137,true,1,2909
7290006532008,false,צ'יפס טעים טעים 1.8,,,צ'יפס טעים טעים 1.8,קילוגרמים,1.80,"ק""ג",false,,22.90,12.7222,true,1,51616
7290006618078,false,"מרסס לניקוי יסודי מטבח אסטוניש 750 מ""ל","יעקב יעקבי ובניו בע""מ",,אסטוניש מרסס ניקוי צ,,750.00,"100 מ""ל",false,,11.90,0.0159,true,1,11314
7290006652027,false,במבה חטיף בוטנים אסם 20*15 גרם,קבוצת אוסם סחר שותפות מוגבלת,,במבה יום הולדת מאח.1,,300.00,100 גרם,false,,23.90,0.0797,true,1,18713
7290006653765,false,פרפקטו פסטה פטוצ'יני אסם 500 גרם,קבוצת אוסם סחר שותפות מוגבלת,,פטוציני פרפקטו 500 ג,,500.00,100 גרם,false,,6.90,0.0138,true,1,18715
7290006653819,false,קוסקוס אמיתי דק בשקית 350 גרם,קבוצת אוסם סחר שותפות מוגבלת,,קוסקוס דק בשקית אסם,,350.00,100 גרם,false,,7.90,0.0226,true,1,18716
7290006660596,false,קמח עדשים אדומות ללא גלוטן דגש 500 גרם,אף.סי תבליני בגליל ב,,דגש קמח עדשים אדומות,,500.00,100 גרם,false,,18.90,0.0378,true,1,96576
7290006664051,false,"אקטימל לבן 1.51 ק""ג מארז 14 יחידות",שטראוס גרופ בעמ/מצונן,,אקטימל טבעי 14*100מל,ליטרים,1.40,ליטר,false,,29.90,21.3571,true,1,23318
7290006664402,false,גבינה לבנה סקי 5% שומן 750 גרם,שטראוס גרופ בעמ/מצונן,,שטראוס גבינה 5% 750ג,,750.00,100 גרם,false,,13.60,0.0181,true,1,23322
7290006664532,false,יוגורט עם תות 3% שומן 150 ג' דנונה,שטראוס גרופ בעמ/מצונן,,דנונה תות 3% 150מל,,150.00,100 גרם,false,,3.90,0.0260,true,1,23323
7290006664655,false,דנונה Actimel יוגורט טבעי 8*100 מ``ל,שטראוס גרופ בעמ/מצונן,,אקטימל טבעי 8*100מל,,800.00,"100 מ""ל",false,,19.90,0.0249,true,1,23325
7290006664990,false,"יוגורט דנונה ביו לבן 1.7% שומן 8*150 מ""ל",שטראוס גרופ בעמ/מצונן,,דנונה ביו מארז חיסכו,קילוגרמים,1.20,"ק""ג",false,,16.90,14.0833,true,1,23328
7290006704016,false,בזיליקום ארוז יחידה,,,בזיליקום ארוז יחידה,,1.00,יח',false,,5.90,5.9000,true,1,35562
7290006704511,false,"תפו""א גמדי אדום למיקרו מרינה 750ג'","מרינה פטריות הגליל בע""מ",,תפוא ננסי מיקרוגל,,750.00,100 גרם,false,,6.90,0.0092,true,1,35565
7290006739414,false,נקניק סלמי קוניאק זוגלובק 300 גרם,נקניק נהריה כשר זוגל,,סלמי קוניאק זוגלובק,,300.00,100 גרם,false,,26.90,0.0897,true,1,38990
7290006739421,false,נקניק סלמי מעושן איטלקי זוגלובק 300 גרם,נקניק נהריה כשר זוגל,,סלמי מעושן איטלקי ז,,300.00,100 גרם,false,,26.90,0.0897,true,1,38991
7290006739445,false,שניצל תירס קלאסי 750 ג' זוגלובק,נקניק נהריה כשר זוגל,,שניצל תירס קלאסי 750,,750.00,100 גרם,false,,21.90,0.0292,true,1,38992
7290006739544,false,כתף בקר 3% שומן זוגלובק (300 גרם),נקניק זוגלובק נהריה,,כתף בקר זוגלובק 300,,300.00,100 גרם,false,,29.90,0.0997,true,1,38993
7290006741363,false,בורקס תפוחי אדמה זוגלובק 800 גרם,מאפיית אריאל וגידרון,,"זוגלובק בורקס תפו""א",,800.00,100 גרם,false,,13.90,0.0174,true,1,39005
7290006775016,false,עוגת תפוז אחוה (450 גרם)אחוה,אחדות ביתחרושת לטחינה חלבה,,עוגת תפוז מבית טוב 4,,450.00,100 גרם,false,,10.90,0.0242,true,1,689
7290006775030,false,עוגת שוקו צ`יפס אחוה (450 גרם)אחוה,אחדות ביתחרושת לטחינה חלבה,,עוגת שוקו-ציפס מבית,,450.00,100 גרם,false,,10.90,0.0242,true,1,691
7290006775047,false,עוגת שוקולד אחוה (450 גרם)אחוה,אחדות ביתחרושת לטחינה חלבה,,עוגת שוקולד מבית טוב,,450.00,100 גרם,false,,10.90,0.0242,true,1,692
7290006775054,false,עוגת שיש אחוה (450 גרם)אחוה,אחדות ביתחרושת לטחינה חלבה,,עוגת שיש מבית טוב 45,,450.00,100 גרם,false,,10.90,0.0242,true,1,693
7290006908414,false,גרעיני חמניה 400 גרם פיצוחי חממה,בוטנת בעמ חברה לקלייה ואריזת פ,,חמנייה 400 גרם,,400.00,100 גרם,false,,10.90,0.0273,true,1,1480
7290006983176,false,קרקר לחמית שיפון אסם (230 גרם),קבוצת אוסם סחר שותפות מוגבלת,,לחמית שיפון אסם 250,,230.00,100 גרם,false,,8.90,0.0387,true,1,18720
7290006983763,false,עוגת הבית בטעם שוקולד אסם (400 גרם),קבוצת אוסם סחר שותפות מוגבלת,,עוגת הבית שוקולד 400,,400.00,100 גרם,false,,11.90,0.0298,true,1,18724
7290006983770,false,עוגת הבית שיש אסם (400 גרם),קבוצת אוסם סחר שותפות מוגבלת,,עוגת הבית שיש 400גר,,400.00,100 גרם,false,,11.90,0.0298,true,1,18725
7290006983787,false,עוגת הבית שוקולד צ'יפס אסם 400 גרם,קבוצת אוסם סחר שותפות מוגבלת,,עוגת הבית שוקוציפס 4,,400.00,100 גרם,false,,11.90,0.0298,true,1,18726
7290006983794,false,עוגת הבית בטעם תפוז אסם 400 גרם,קבוצת אוסם סחר שותפות מוגבלת,,עוגת הבית תפוז 400גר,,400.00,100 גרם,false,,11.90,0.0298,true,1,18727
7290006992192,false,דייסה מטרנה סולת פרוביוטיקה,קבוצת אוסם סחר שותפות מוגבלת,,מטרנה דייסת סולת פרו,,200.00,100 גרם,false,,13.50,0.0675,true,1,18731
7290006992208,false,מטרנה - דייסת דגנים מעורבים 200 גרם,קבוצת אוסם סחר שותפות מוגבלת,,מטרנה דייסת דגנים פר,,200.00,100 גרם,false,,13.50,0.0675,true,1,18732
7290008023542,false,שמפו לרצפות בניחוח יסמין סיף פנטסטיק 4 ליטר,יוניליוור ישראל שיווק בע`מ,,סיף פנטסטיק שמפו רצפ,ליטרים,4.00,ליטר,false,,24.90,6.2250,true,1,10408
7290008101318,false,קריספ פירורי לחם זהוב 300 גרם מיימונס,א.ל ייצור ושיווק תבלינים בעמ,,פירורי לחם זהוב קלאס,,300.00,100 גרם,false,,6.90,0.0230,true,1,267649
7290008101356,false,קריספ פאנקו זהב 300 גרם מיימונס,א.ל ייצור ושיווק תבלינים בעמ,,פירורי לחם פנקו זהוב,,300.00,100 גרם,false,,9.90,0.0330,true,1,272557
7290008102469,false,קריספ פירורי לחם זהוב 800 גרם מיימונס,א.ל ייצור ושיווק תבלינים בעמ,,פירורי לחם זהוב קלאס,,800.00,100 גרם,false,,12.90,0.0161,true,1,267679
7290008116541,false,שטיפת פה ליסטרין מנטה קריר 500 מ`ל,ג'\ונסון אנד ג'\ונסון,,מי פה ליסטרין בטעם מ,,500.00,"100 מ""ל",false,,22.90,0.0458,true,1,29482
7290008154222,false,עוף טוב שניצלונים 700 גרם,קבוצת אוסם סחר-שות.מוגבלת,,שניצלונים עוף טוב 70,,700.00,100 גרם,false,,19.90,0.0284,true,1,19773
7290008268301,false,אוכמניות יחידה,בראשית,,אוכמניות,,120.00,100 גרם,false,,10.90,0.0908,true,1,47870
7290008330107,false,מרכך כביסה סגול בדין (4 ליטר),יוניליוור ישראל שיווק בע`מ,,בדין מרכך כביסה סגול,ליטרים,4.00,ליטר,false,,19.90,4.9750,true,1,10409
7290008340618,false,סלמון מעושן מצונן דלידג 100 ג',נטו מילנדה סחר בעמ*,,סלמון 100 מעושן מצונ,,100.00,100 גרם,false,,19.90,0.1990,true,1,17112
7290008343466,false,בצק פילו שלושת האופים (500 גרם),שלושת האופים שגמור,,בצק פילו 500 גרם,,500.00,100 גרם,false,,19.90,0.0398,true,1,17115
7290008344272,false,המבורגר 100% טיבון ויל 400 גרם,טיבון ויל אחזקות בעמ,,המבורגר 100% 400 ג'-,,400.00,100 גרם,false,,17.90,0.0447,true,1,17131
7290008345583,false,סלט איקרה ביתית ורודה דלידג (300 גרם),נטו מלינדה סחר בע`מ,,300 איקרה ביתית ורוד,,300.00,100 גרם,false,,19.90,0.0663,true,1,17136
7290008347211,false,אצבעות דג מצופות דלידג (700 גרם),אף.סי תבליני בגליל ב,,דלידג אצבעות דג 700,,700.00,100 גרם,false,,19.90,0.0284,true,1,17137
7290008409100,false,אצבעות שניצל בציפוי שומשום מאמא עוף 700 גרם,תנובה גליל שותפות מוגבלת,,אצבעות שניצל ציפוי ש,,700.00,100 גרם,false,,30.90,0.0441,true,1,25552
7290008409124,false,מאמא עוף קפוא שניצל ג'ונגל פריך 700 גרם,תנובה מרכז שיתופי לשיווק תוצרת,,מאמא עוף קפוא שניצל,,700.00,100 גרם,false,,30.90,0.0441,true,1,25553
7290008409216,false,מאמא עוף קפוא שניצל דק פריך 700 גרם,תנובה מרכז שיתופי לשיווק תוצרת,,מאמא עוף קפוא שניצל,,700.00,100 גרם,false,,35.90,0.0513,true,1,25554
7290008409315,false,שניצלונים בציפוי פריך מיני מיני דק מאמא עוף 500 גרם,תנובה מרכז שיתופי לשיווק תוצרת,,מאמא עוף מיני דק שני,,500.00,100 גרם,false,,24.90,0.0498,true,1,25558
7290008409551,false,שניצל עוף אמיתי בציפוי מעודן 700 ג' מאמא עוף,תנובה מרכז שיתופי לשיווק תוצרת,,שניצל עוף אמיתי בציפ,,700.00,100 גרם,false,,34.90,0.0499,true,1,25570
7290008409582,false,שניצל עוף אמיתי בציפוי ביתי מאמא עוף 700 גרם,תנובה מרכז שיתופי לשיווק תוצרת,,שניצל אמיתי בציפוי ב,,700.00,100 גרם,false,,34.90,0.0499,true,1,25573
7290008409773,false,קציצות עוף אמיתיות קפואות 700 גרם קפוא,תנובה מרכז שיתופי לשיווק תוצרת,,מאמא עוף קפוא קציצות,,700.00,100 גרם,false,,28.90,0.0413,true,1,25578
7290008415071,false,צבר חומוס עם טחינה עגול 150 גרם,קבוצת אוסם סחר שותפות מוגבלת,,צבר חומוס עם טחינה 1,,150.00,100 גרם,false,,4.90,0.0327,true,1,19776
7290008443616,false,"מרכך לשיער יבש אדום 750 מ""ל נקה 7",החברה הדרומית לשיווק בעמ,,מרכך לשיער יבש אדום,,750.00,"100 מ""ל",false,,11.90,0.0159,true,1,30091
7290008461221,false,סרדינים רוברט בשמן חמניות 115 גרם,א. סיימן סחר בעמ,,סרדינים רוברט שמן חמ,,115.00,100 גרם,false,,6.90,0.0600,true,1,17141
7290008462204,false,חרדל דיז'ון מקורי נטו מאי 380 גרם,א. סיימן סחר בעמ,,חרדל דיזון מקורי 380,,380.00,100 גרם,false,,17.90,0.0471,true,1,17144
7290008464130,false,"בירה גולדסטאר Unfiltered, בירה לא מסוננת, מארז שישייה, בקבוק 330 מ""ל",טמפו משקאות בעמ,,גולדסטאר לא מסונן 6*,ליטרים,1.98,ליטר,false,,36.90,18.6364,true,1,9437
7290008464468,false,בירה בפחית גולדסטאר (500 מל),פארייפאבה אגרואינדוס,,"גולדסטאר פחית 500מ""ל",,500.00,"100 מ""ל",false,,7.90,0.0158,true,1,9449
7290008464611,false,"הסודה של טמפו, מי סודה בגיזוז חזק, 275 מל",טמפו משקאות בעמ,,"מי סודה טמפו 275 מ""ל",,275.00,"100 מ""ל",false,,3.50,0.0127,true,1,9459
7290008464697,false,"בירה מכבי 7.9%, בירה חזקה, מארז שישייה, בקבוק 330 מ""ל",טמפו משקאות בעמ,,מכבי 7.9% בקבוק 6* 3,ליטרים,1.98,ליטר,false,,37.90,19.1414,true,1,9462
7290008464741,false,"בירה גולדסטאר, מארז שישייה, בקבוק 330 מ''ל","טמפו משקאות בע""\מ",,"גולדסטאר ח""פ בקבוק 6",ליטרים,1.98,ליטר,false,,37.90,19.1414,true,1,9465
7290008636919,false,קקאו הולנדי בבשקית מיה 200 גרם,מיה תעשיות מזון מ.ת.מ. בעמ,,קקאו הולנדי 200 גרם,,200.00,100 גרם,false,,10.90,0.0545,true,1,15021
7290008636933,false,אגוזי מלך גרוסים מיה 100 גרם,מיה תעשיות מזון מ.ת.מ. בעמ,,אגוז מלך גרוסים 100,,100.00,100 גרם,false,,10.90,0.1090,true,1,15023
7290008636964,false,שקדים מולבנים שביבים 100 גר' מיה,מיה תעשיות מזון מ.ת.מ. בעמ,,מיה שקד מולבן שבבים,,100.00,100 גרם,false,,10.90,0.1090,true,1,15026
7290008644112,false,אחלה יום יום סלט מטבוחה יום יום 125 גרם,שטראוס גרופ בעמ/מצונן,,אחלה מטבוחה 125ג,,125.00,100 גרם,false,,4.90,0.0392,true,1,23330
7290008644235,false,מבחר עלי בייבי 120 גרם-טעם הטבע,שטראוס בריאות ירקות טריי,,עלי בייבי 120 ג ירקו,,120.00,100 גרם,false,,9.90,0.0825,true,1,23331
7290008644945,false,סלט המושבה שטראוס 450 גר`-טעם הטבע,שטראוס בריאות ירקות טריי,,סלט המושבה 450 ג ירק,,450.00,100 גרם,false,,10.90,0.0242,true,1,23333
7290008690713,false,נקטר חמוציות אושן ספריי פריגת (1 ליטר),החברה המרכזית להפצת משקאות בעמ,,אושן ספרי חמוציות 1ל,ליטרים,1.00,ליטר,false,,11.90,11.9000,true,1,6989
7290008693134,false,מעדן גבינה ויוגורט בטעם תות 5% שומן 88 ג' דניאלה,שטראוס גרופ בעמ/מצונן,,דניאלה תות מעדן גבינ,,150.00,"100 מ""ל",false,,4.10,0.0273,true,1,23335
7290008713900,false,לחם שיפון עגול פרוס אחדות (750 גרם),מאפיית אנג'\ל אורנים מאפ,,לחם שיפון עגול אנגל,,750.00,100 גרם,false,,13.90,0.0185,true,1,35475
7290008713917,false,לחם שיפון כהה פרוס מאפיית אחדות 750 גרם,מאפיית שלמה א. אנג'\ל בע,,לחם שיפון כהה אנגל 7,,750.00,100 גרם,false,,13.90,0.0185,true,1,35476
7290008745239,false,תפוצ'יפס קראנצ' בטעם טבעי עלית 50 גרם,"שטראוס פריטו ליי בע""\מ )",,תפוציפס קראנץ טבעי 5,,50.00,100 גרם,false,,3.90,0.0780,true,1,24166
7290008747547,false,תפוצ'יפס קראנץ' בטעם טבעי עלית 200 גרם,"שטראוס פריטו ליי בע""\מ )",,תפוציפס קראנץ טבעי 2,,200.00,100 גרם,false,,9.90,0.0495,true,1,24168
7290008750264,false,"מסטיק מאסט ציקלס דובדבן 28 גרם לל""ס מגדים",שטראוס גרופ בע`מ,,מאסט דובדבן 28ג,,28.00,100 גרם,false,,3.90,0.1393,true,1,22273
7290008752244,false,תפוצ'יפס קראנץ' בטעם גריל עלית 50 גרם,"שטראוס פריטו ליי בע""\מ )",,תפוציפס קראנץ גריל 5,,50.00,100 גרם,false,,3.90,0.0780,true,1,24170
7290008753111,false,תפוצ'יפס קראנץ' בטעם מקסיקני עלית 50 גרם,"שטראוס פריטו ליי בע""\מ )",,תפוציפס מקסיקני 50גר,,50.00,100 גרם,false,,3.90,0.0780,true,1,24171
7290008775816,false,ערגליות עוגיות במילוי שוקולד אסם 300 גרם,קבוצת אוסם סחר שותפות מוגבלת,,ערגליות שוקולד 300 ג,,300.00,100 גרם,false,,9.90,0.0330,true,1,18736
7290008775823,false,ערגליות עוגיות תות שדה אסם 300 גרם,קבוצת אוסם סחר שותפות מוגבלת,,ערגליות תות שדה 300,,300.00,100 גרם,false,,9.90,0.0330,true,1,18737
7290008792264,false,מפיות טישיו טאצ' 100יח',שניב תעשיות נייר בעמ,,מפיות טאצ' 100,יחידה,0.00,יחידה,false,,4.90,0.0000,true,1,24459
7290008801157,false,"יין מרלו סלקטד כרמל כרמל 750 מ""ל",אגודת הכורמים -כרמל מזרחי,,יין סלקטד מרלו 750 מ,,750.00,"100 מ""ל",false,,29.90,0.0399,true,1,514
7290008801539,false,כרמל 120 אדום מתוק 750 מל קינג דיוויד,אגודת הכורמים הקואופרטיב,,יין קונקורד קינג דיו,,750.00,"100 מ""ל",false,,21.90,0.0292,true,1,521
7290008801850,false,סלקטד אמרלד ריזלינג לבן חצי יבש 750 מל,אגודת הכורמים הקואופרטיב,,יין סלקטד אמרלד ריזל,,750.00,"100 מ""ל",false,,29.90,0.0399,true,1,524
7290008849470,false,ממרח פלפל צ'ומה אוליביה 185 גרם,תה ויסוצקי (ישראל)בעמ,,אוליביה ממרח פלפל צו,,185.00,100 גרם,false,,13.90,0.0751,true,1,52045
7290008849753,false,רוטב טריאקי אוליביה 300 גרם,תה ויסוצקי (ישראל)בעמ,,רוטב טריאקי עשיר אול,,300.00,"100 מ""ל",false,,12.90,0.0430,true,1,52049
7290008975551,false,תחליף חלב מטרנה מהדרין שלב 3 חלבי 700 גרם,קבוצת אוסם סחר שותפות מוגבלת,,מטרנה מהדרין שלב 3,,700.00,100 גרם,false,,49.90,0.0713,true,1,18741
7290009018004,false,פיקדון בקבוק/פחית בו,Unknown,,פיקדון בקבוק/פחית בו,יחידה,0.00,יחידה,false,,0.30,0.0000,true,1,66
7290009018011,false,פיקדון בקבוק/פחיות ש,,,פיקדון בקבוק/פחיות ש,יחידה,0.00,יחידה,false,,1.80,0.0000,true,1,64
7290009018264,false,פיקדון בקבוק/פחית רב,,,פיקדון בקבוק/פחית רב,יחידה,0.00,יחידה,false,,1.20,0.0000,true,1,105
7290010002030,false,תבלין כמון טחון תבליני מימון 100 גרם,א.ל. ייצור ושיווק תבלינים בע`מ,,מימון כמון במיכל 100,,100.00,100 גרם,false,,11.90,0.1190,true,1,246
7290010002047,false,תבלין מלח לימון תבליני מימון 200 גרם,א.ל ייצור ושיווק תבלינים בעמ,,מימון מלח לימון במיכ,,200.00,100 גרם,false,,9.50,0.0475,true,1,247
7290010002092,false,תבלין פלפל שחור גרוס דק תבליני מימון 90,א.ל. ייצור ושיווק תבלינים בע`מ,,מימון פלפל שחור גרוס,,90.00,100 גרם,false,,14.50,0.1611,true,1,252
7290010002191,false,תבלין מקלות קינמון תבליני מימון 50 גרם,א.ל. ייצור ושיווק תבלינים בע`מ,,מימון מקלות קינמון ב,,70.00,100 גרם,false,,9.50,0.1357,true,1,259
7290010002214,false,תבלין צ'ילי גרוס תבליני מימון 80 גרם,א.ל. ייצור ושיווק תבלינים בע`מ,,מימון צילי גרוס 80 ג,,80.00,100 גרם,false,,11.90,0.1488,true,1,261
7290010002344,false,תבלין לדג תבליני מימון 100 גרם.,א.ל ייצור ושיווק תבלינים בעמ,,מימון תיבול לדג 100,,100.00,100 גרם,false,,11.90,0.1190,true,1,269
7290010002375,false,תבלין מדראס קארי תבליני מימון (100 גרם),א.ל. ייצור ושיווק תבלינים בע`מ,,מימון קארי 100 גרם,,100.00,100 גרם,false,,11.90,0.1190,true,1,272
7290010002498,false,תבלין שום גבישי תבליני מימון 120 גרם,א.ל. ייצור ושיווק תבלינים בע`מ,,מימון שום גבישי 120,,120.00,100 גרם,false,,14.50,0.1208,true,1,281
7290010003693,false,פפריקה מתוקה בשקית תבליני מימון 80 גרם,א.ל. ייצור ושיווק תבלינים בע`מ,,מימון פפריקה מתוקה ש,,80.00,100 גרם,false,,5.90,0.0738,true,1,291
7290010003709,false,פלפל שחור טחון בשקית תבליני מימון 50 גרם,א.ל. ייצור ושיווק תבלינים בע`מ,,מימון פלפל שחור טחון,,50.00,100 גרם,false,,7.90,0.1580,true,1,292
7290010003761,false,כורכום טחון בשקית תבליני מימון 80 גרם,א.ל. ייצור ושיווק תבלינים בע`מ,,מימון כורכום טחון שק,,80.00,100 גרם,false,,5.90,0.0738,true,1,294
7290010003792,false,מלח לימון בשקית תבליני מימון 100 גרם,א.ל. ייצור ושיווק תבלינים בע`מ,,מימון מלח לימון שקית,,100.00,100 גרם,false,,5.90,0.0590,true,1,297
7290010003839,false,קינמון טחון בשקית תבליני מימון 80 גרם,א.ל. ייצור ושיווק תבלינים בע`מ,,מימון קינמון טחון שק,,80.00,100 גרם,false,,5.90,0.0738,true,1,301
7290010023141,false,תה לימונענע הגן הקסום ויסוצקי 25 יחידות,תה ויסוצקי (ישראל) בעמ,,תה לימונענע 25 שק',,50.00,100 גרם,false,,17.90,0.3580,true,1,24674
7290010045006,false,עוגיות חמאה פריכות לחמי (200 גרם),קונדטוריות לחמי,,עוגיות חמאה פריכות ל,,200.00,100 גרם,false,,18.90,0.0945,true,1,24681
7290010045051,false,עוגיות מלבן שקדים לחמי (200 גרם),קונדטוריות לחמי,,עוגיות מלבן שקדים לח,,200.00,100 גרם,false,,18.90,0.0945,true,1,24684
7290010045068,false,עוגיות נסיכה לחמי (250 גרם),קונדטוריות לחמי,,עוגיות הנסיכה לחמי 2,,250.00,100 גרם,false,,18.90,0.0756,true,1,24685
7290010066513,false,נתחי טונה בשמן צמחי רביעיה *158ג' פילטונה,תעשיות פילטונה בעמ,,נתחי טונה בשמן צמחי,,632.00,100 גרם,false,,22.90,0.0362,true,1,26591
7290010066575,false,נתחי טונה במים רביעיה *158ג' פילטונה,תעשיות פילטונה בעמ,,נתחי טונה במים פילטו,,632.00,100 גרם,false,,22.90,0.0362,true,1,26593
7290010066582,false,נתחי טונה בשמן קנולה רביעיה * 158 ג' פילטונה,תעשיות פילטונה בעמ,,נתחי טונה בשמן קנולה,,632.00,100 גרם,false,,22.90,0.0362,true,1,26594
7290010066599,false,רביעיית נתחי טונה בשמן זית פילטונה 158X4 גרם,תעשיות פילטונה בעמ,,נתחי טונה בשמן זית פ,,632.00,100 גרם,false,,26.90,0.0426,true,1,26595
7290010116980,false,שוקולית אבקה להכנת משקה שוקו שקית 850,הנסיך- מפעל לייצור ט,,שוקולית 850 גרם,,850.00,100 גרם,false,,15.90,0.0187,true,1,22295
7290010117864,false,דוריטוס חטיף תירס בטעם חריף אש עלית 70 גרם,"שטראוס פריטו ליי בע""\מ )",,דוריטוס חריף אש 70 ג,,70.00,100 גרם,false,,3.60,0.0514,true,1,24178
7290010118328,false,חטיף צ`יפס בטעם טבעי תפוצ`יפס (40x6 גרם),"שטראוס פריטו ליי בע""מ",,תפוצ'יפס טבעי 6*40 ג,,240.00,100 גרם,false,,12.90,0.0538,true,1,24182
7290010129652,false,עוגיות לקפה 350ג מאפים של אדל,שיבולים יצור ושיווק מוצרי מאפה,,עוגיות לקפה דולצ'ה ו,,350.00,100 גרם,false,,17.90,0.0511,true,1,20191
7290010129942,false,עוגיות שמרים 500 גרם דולצה ויטה,שיבולים יצור ושיווק מוצרי מאפה,,עוגת קראנץ' שמרים שו,,500.00,100 גרם,false,,12.90,0.0258,true,1,20206
7290010153725,false,קונפיטורה דובדבן מיה 340 גרם,מיה תעשיות מזון מ.ת.מ בעמ,,מיה קונפיטורה דובדבנ,,340.00,100 גרם,false,,8.90,0.0262,true,1,15045
7290010154012,false,לימון בלאדי תבליני ביטון יוחאי (250 גרם),נטו מלינדה סחר בע`מ,,לימון כבוש 250 ביטון,,250.00,100 גרם,false,,13.90,0.0556,true,1,17147
7290010154029,false,אריסה מתוקה תבליני ביטון יוחאי (250 גרם),תבליני ביטון יוחאי,,250 אריסה מתוקה ביטו,,250.00,100 גרם,false,,13.90,0.0556,true,1,17148
7290010154265,false,פלפל צ`ומה תבליני ביטון יוחאי (250 גרם),תבליני יוחאי ביטון,,פלפל צ`ומה ביטון 250,,250.00,100 גרם,false,,13.90,0.0556,true,1,17151
7290010154685,false,סלט שום כתוש 250 ג' ביטון יוחאי,תבליני ביטון יוחאי,,סלט שום כתוש 250 גר',,250.00,100 גרם,false,,13.90,0.0556,true,1,17162
7290010192007,false,פטרוזיליה,,,פטרוזיליה,,1.00,יח',false,,3.50,3.5000,true,1,35570
7290010192014,false,שמיר,,,שמיר,,1.00,יח',false,,3.50,3.5000,true,1,35571
7290010192021,false,כוסברה ארוז,,,כוסברה,,1.00,יח',false,,3.50,3.5000,true,1,35572
7290010192038,false,שורש פטרוזיליה ארוז,,,שורש פטרוזיליה ארוז,,1.00,יח',false,,5.90,5.9000,true,1,35573
7290010192045,false,נענע יחידה,חקלאי,,נענע יחידה,,1.00,יח',false,,3.50,3.5000,true,1,35574
7290010192052,false,סלרי עלים (אמריקאי),,,סלרי עלים (אמריקאי),,1.00,יח',false,,5.90,5.9000,true,1,35575
7290010192069,false,סלרי ראש יחידה,קטיף.,,סלרי ראש ארוז,,1.00,יח',false,,5.90,5.9000,true,1,35576
7290010192083,false,מנגולד ארוז,,,מנגולד ארוז,,1.00,יח',false,,6.90,6.9000,true,1,35577
7290010237777,false,"בירה שנדי, בירה בטעם לימון ליים, בקבוק 330 מ""ל",פארייפאבה אגרואינדוס,,מכבי שנדי בקבוק בודד,,330.00,"100 מ""ל",false,,5.90,0.0179,true,1,9486
7290010259823,false,מנת השף נודלס בטעם עוף וילי פוד (70 גרם),ג. וילי-פוד אינטרנשיונל בע`מ,,נודלס בטעם עוף מנת ה,,70.00,100 גרם,false,,4.90,0.0700,true,1,2925
7290010259854,false,מנת השף מרק עם נודלס בטעם פטריות ויליפוד 70 גרם,ג. וילי-פוד אינטרנשיונל בע`מ,,נודלס בטעם פטריות מנ,,70.00,100 גרם,false,,4.90,0.0700,true,1,2928
7290010259861,false,מנת השף מרק עם נודלס בטעם ירקות ויליפוד 70 גרם,ג. וילי-פוד אינטרנשיונל בע`מ,,נודלס בטעם ירקות מנת,,70.00,100 גרם,false,,4.90,0.0700,true,1,2929
7290010259977,false,שמן קנולה מזוכך ויליפוד 1 ליטר,ג.וילי-פוד אינטרנשיונל ***שמן,,שמן קנולה ויליפוד 1,ליטרים,1.00,ליטר,false,,10.90,10.9000,true,1,2933
7290010259991,false,צנימים מיוחדים בטעם טבעי 250 ג',ג. וילי-פוד אינטרנשיונל בע`מ,,"צנימים בד""ץ וילי פוד",,250.00,100 גרם,false,,7.90,0.0316,true,1,2934
7290010471669,false,יוגורט תות עם קורנפלקס מצופה שוקולד ללא גלוטן 3.9%,שטראוס גרופ בעמ/מצונן,,דנונה קראנצ' יוגורט,,175.00,"100 מ""ל",false,,4.60,0.0263,true,1,23336
7290010472390,false,מארז 8 יחידות מעדן דני בטעם שוקולד 1.5%,שטראוס גרופ בעמ/מצונן,,מארז דני שוקולד 8*,,1000.00,"100 מ""ל",false,,16.90,0.0169,true,1,23340
7290010627004,false,טחינה גולמית מסורתית ירושלים 500 ג',תה ויסוצקי (ישראל) בעמ,,טחינה ירושלים 500 גר,,500.00,100 גרם,false,,14.90,0.0298,true,1,24686
7290010627844,false,טחינה גולמית שומשום מלא ירושלים 500גרם,תה ויסוצקי (ישראל) בעמ,,טחינה ירושלים 500 מל,,500.00,100 גרם,false,,14.90,0.0298,true,1,24689
7290010650255,false,לקט פטריות למרק חוות תקוע 25 גרם,חוות פטריות תקוע,,לקט פטריות מיובשות ל,,40.00,100 גרם,false,,16.90,0.4225,true,1,50989
7290010650354,false,שורש כורכום טרי חוות תקוע 120 גרם,ביכורי השדה צפון 1994 ג.ד. בעמ,,שורש כורכום טרי,,1.00,יח',false,,14.90,14.9000,true,1,49876
7290010650385,false,למון ליים אמיתי תקוע,פסטה נונה,,לימון ליים אמיתי,,400.00,100 גרם,false,,10.90,0.0273,true,1,50992
7290010690138,false,ברוקולי ארוז גן ירוק,ביכורי השדה הצפון בעמ` 1964,,ברוקולי ארוז,,1.00,יח',false,,9.90,9.9000,true,1,41550
7290010711543,false,כף אשפה + גומי SHINY,מ.א.ייצור ויבוא מטליות בעמ,,כף אשפה + גומי SHINY,יחידה,0.00,יחידה,false,,5.90,0.0000,true,1,13501
7290010711550,false,דלי איטלקי עם פיה יוגב,מ.א.ייצור ויבוא מטליות בעמ,,דלי שטיפה עם פיה ( 1,יחידה,0.00,יחידה,false,,11.90,0.0000,true,1,13502
7290010711901,false,מיקרופייבר שלישייה לרצפה שייני,מ.א. יצור ויבוא מטליות בעמ`,,שייני מטליות מיקרופי,יחידה,0.00,יחידה,false,,15.90,0.0000,true,1,13508
7290010711918,false,שייני מטליות מיקרופייבר לניקוי כללי חמישיה,מ.א. יצור ויבוא מטליות בעמ`,,מ.א מטליות מיקרופייב,יחידה,0.00,יחידה,false,,6.90,0.0000,true,1,13509
7290010718634,false,"פנינה רוזנבלום -אל סבון נוזלי לבן,1 ליטר","פנינה רוזנבלום בע""מ",,אל סבון נוזלי לבן פנ,יחידה,0.00,יחידה,false,,8.90,0.0000,true,1,18149
7290010748860,false,"ד""ר פישר - אפקטיב קר קרם ידיים אינטנסיב 150 מ""ל","פישר תעשיות פרמבצטיות בע""מ",,קרם ידיים אינטנסיב א,,150.00,"100 מ""ל",false,,15.90,0.1060,true,1,29125
7290010766697,false,אוליביה רוטב שקשוקה אוליביה (415 גרם),תה ויסוצקי (ישראל) בעמ,,אוליביה רוטב שקשוקה,,415.00,100 גרם,false,,12.90,0.0311,true,1,52054
7290010766949,false,ממרח תחתיות ארטישוק 180ג' אוליביה,תה ויסוצקי (ישראל)בעמ,,אוליביה ממרח ארטישוק,,180.00,100 גרם,false,,13.90,0.0772,true,1,52056
7290010777099,false,פיתות בעבודת יד פיתה אקספרס 8 יחידות,מגוון שיווק והפצת מאפים בעמ,,8 פיתות במרקם מיוחד,,800.00,100 גרם,false,,11.30,0.0141,true,1,21164
7290010777228,false,פיתות ביס חיטה מלא 12יח',מגוון שיווק והפצת מא,,12 פיתות ביס חיטה מל,יחידה,0.00,יחידה,false,,12.90,0.0000,true,1,21167
7290010777297,false,פיתות עבודת יד10 יח'/ פיתה ביס לבן 12 יח',מגוון שיווק והפצת מאפים בעמ,,10 פיתות ביס,קילוגרמים,1.00,"ק""ג",false,,12.90,12.9000,true,1,21170
7290010777358,false,מארז שמיניית פיתות 100% כוסמין מלא,מגוון שיווק והפצת מאפים בעמ,,8 פיתות כוסמין מלא 1,,400.00,100 גרם,false,,15.90,0.0398,true,1,21173
7290010814251,false,שלשות שוקולד חלב 85 גר*3 בלמינט*18 בקרט בדצ,כרמית תעשיות ממתקים בעמ,,שוקולד חלב אגו 3 יח',,255.00,100 גרם,false,,9.90,0.0388,true,1,38624
7290010838431,false,ג'ל לניקוי מתקדם בניחוח ים - מארז זוג,מיוצר עי קונדיטוריית,,דאק ג'ל נוזל 750 זוג,ליטרים,1.50,ליטר,false,,15.90,10.6000,true,1,5848
7290010883363,false,כפפות אלוורה רב שימושיות קטנות S סנו סושי,החברה הדרומית לשיווק בעמ,,סנו סושי זוג כפפות א,יחידה,0.00,יחידה,false,,9.90,0.0000,true,1,30118
7290010931330,false,סלט מטבוחה אחלה 500 גרם,שטראוס גרופ בעמ/מצונן,,אחלה מטבוחה 500ג,,500.00,100 גרם,false,,13.90,0.0278,true,1,23342
7290010945146,false,קוטג' 3% מועשר בסידן טרה 250 ג' מהדרין,*החברה המרכזית להפצת משקאותבעמ,,טרה קוטג מועשר 3% 25,,250.00,100 גרם,false,,5.40,0.0216,true,1,6413
7290010945306,false,חלב טרה קרטון 2 ליטר מהדרין*%*3,החברה המרכזית טלהפצת משקאות בע,,טרה חלב בקרטון 3% 2,ליטרים,2.00,ליטר,false,,12.46,6.2300,true,1,6414
7290010945481,false,גבינה לבנה טרה 5% מרכיבים טבעיים,החברה המרכזית טלהפצת משקאות בע,,טרה גבינה לבנה 5% 50,,500.00,100 גרם,false,,9.96,0.0199,true,1,6417
7290011017866,false,פחית קולה סליק קוקה-קולה (330 מל),החברה המרכזית להפצת משקאות בעמ,,קוקה קולה פחית סליק,,330.00,"100 מ""ל",false,,5.50,0.0167,true,1,7031
7290011017873,false,פחית זירו סליק קוקה-קולה (330 מל),החברה המרכזית להפצת משקאות בעמ,,ZERO קולה פחית סליק,,330.00,"100 מ""ל",false,,5.50,0.0167,true,1,7032
7290011018917,false,ק.קולה זירו פרידגפק סליק 330 מל שישייה,החברה המרכזית להפצת משקאות בעמ,,קוקה קולה זירו פרידג,ליטרים,1.98,ליטר,false,,22.50,11.3636,true,1,7063
7290011115166,false,נקה 7 ארומה סבון נוזלי לבנדר 1 ל',החברה הדרומית לשיווק בעמ,,תחליב רחצה לבנדר נקה,יחידה,0.00,יחידה,false,,13.90,0.0000,true,1,30134
7290011115258,false,אל סבון מוצק מבושם בניחוח עדין קלאסיק - מארז רביעיה,החברה הדרומית לשיווק בעמ,,סבון מוצק ירוק נקה 7,,400.00,100 גרם,false,,10.90,0.0273,true,1,30138
7290011126209,false,הגן הקסום תה טעם תפוח וקינמון סיידר ויסוצקי 25 יח',תה ויסוצקי (ישראל)בעמ,,תה הגן הקסום תפוח וק,,55.00,100 גרם,false,,17.90,0.3255,true,1,24690
7290011131371,false,מוזלי קראנצ`י שקדים ואגוזים גרין (1 קג),ויטליאה ניקולה דו,,מיזלי קראנצ' שקדים ג,קילוגרמים,1.00,"ק""ג",false,,24.90,24.9000,true,1,13818
7290011133634,false,"פפסי מקס פחית צרה מארז שישייה 330 מ""ל","טמפו משקאות בע""\מ",,שישיית פחיות פפסי מק,ליטרים,1.98,ליטר,false,,17.60,8.8889,true,1,9519
7290011148911,false,פלפלים מתוקים טינקרב,מרינה פטריות הגליל,,פלפלים מתוקים טינקרב,,300.00,100 גרם,false,,9.90,0.0330,true,1,35580
7290011194215,false,מעדן גבינה ויוגורט בטעם בננה 5% שומן 88 ג' דניאלה,שטראוס גרופ בעמ/מצונן,,"דניאלה בננה 150 מ""ל",,150.00,"100 מ""ל",false,,4.10,0.0273,true,1,23343
7290011194246,false,קוטג 5% 250 גרם עם סידן שטראוס,שטראוס גרופ בעמ/מצונן,,קוטג שטראוס 5% עם סי,,250.00,100 גרם,false,,5.90,0.0236,true,1,23344
7290011254032,false,קינואה מיה (500 גרם),מיה תעשיות מזון מ.ת.מ. בעמ,,קינואה 500 גרם,,500.00,100 גרם,false,,12.90,0.0258,true,1,15067
7290011254254,false,נטיפי שוקולד צ'יפס בטעם שוקולד מיה 300 גרם,מיה תעשיות מזון מ.ת.מ. בעמ,,שוקולד ציפס 300גר,,300.00,100 גרם,false,,8.90,0.0297,true,1,15087
7290011254698,false,"שמן זית כתית מעולה 750מ""ל בד''ץ",מיה תעשיות מזון מ.ת.מ. בעמ,,שמן זית כתית מעולה ב,,750.00,"100 מ""ל",false,,30.90,0.0412,true,1,15105
7290011254773,false,שעועית ארגנטינאית יבשה מיה 500 גר',מיה תעשיות מזון מ.ת.מ. בעמ,,שעועית ארגנטינאית 50,,500.00,100 גרם,false,,8.90,0.0178,true,1,15109
7290011312381,false,פטריות סטייק פורטבלה ארוז,קונס`-מרינה פטריות הגליל בעמ*ש,,פורטבלה על אש מרינה,,300.00,100 גרם,false,,15.90,0.0530,true,1,46608
7290011378028,false,חלבה קלאסית וניל ללא תוספת סוכר בארכה 350 גרם,קבוצת אסם סחר שות. מוגבלת,,בארכה חלבה וניל ללא,,350.00,100 גרם,false,,14.90,0.0426,true,1,18743
7290011378233,false,"חטיפי חלווה בארכה 126 גרם מארז 7 יחידות לל""ס",קבוצת אוסם סחר שותפות מוגבלת,,בארכה בקטנה מאגדת ונ,,120.00,100 גרם,false,,11.90,0.0992,true,1,18744
7290011379018,false,מארז משפחתי שמפיניון 500 ג' מרינה,ביכורי השדה צפון 1994 ג.ד. בעמ,,פטריות צמד חמד,,500.00,100 גרם,false,,15.90,0.0318,true,1,41552
7290011447373,false,תחליף חלב מטרנה מהדרין שלב 2 חלבי 700 גרם,קבוצת אוסם סחר שותפות מוגבלת,,מטרנה מהדרין שלב 2,,700.00,100 גרם,false,,49.90,0.0713,true,1,18763
7290011474386,false,קוואקר דק אורגני 500 גרם,גורי מוצרי צריכה (1991) בעמ,,קוואקר דק אורגני תבו,,500.00,100 גרם,false,,11.90,0.0238,true,1,3581
7290011474447,false,קוואקר עבה טבעי תבואות 400 גרם אורגני,גורי מוצרי צריכה (1991) בעמ,,שיבולת שועל עבה טבעי,,400.00,100 גרם,false,,5.90,0.0148,true,1,216780
7290011499051,false,פטה כבשים מסורתית 20% בגביע 250 גרם - רובין,מחלבות גד שיווק 1992 בעמ,,גד פטה כבשים גביע 20,,250.00,100 גרם,false,,24.50,0.0980,true,1,14672
7290011499105,false,בולגרית מסורתית 5% 250 גרם -רבנות,מחלבות גד שיווק 1992 בעמ,,גד בולגרית 5% 250ג,,250.00,100 גרם,false,,21.90,0.0876,true,1,14673
7290011499112,false,בולגרית מסורתית 16% 250 גרם - רבנות,מחלבות גד שיווק 1992 בעמ,,גד בולגרית 16% 250ג,,250.00,100 גרם,false,,21.90,0.0876,true,1,14674
7290011499129,false,גבינה בולגרית מעודנת קוביות קטנות 5% גד 200 גרם,מחלבות גד שיווק 1992 בעמ,,גד בולגרית מעודנת קו,,200.00,100 גרם,false,,19.90,0.0995,true,1,14675
7290011499303,false,פטה עיזים מעודנת 5% בגביע 250 גרם - רבנות,מחלבות גד שיווק 1992 בעמ,,פטה עיזים מעודנת 5%,,250.00,100 גרם,false,,30.90,0.1236,true,1,14678
7290011499358,false,פטה עיזים מסורתית 20% בגביע 200 גרם - רובין,מחלבות גד שיווק 1992 בעמ,,גד פטה עיזים 20% 200,,200.00,100 גרם,false,,26.90,0.1345,true,1,14682
7290011499365,false,גבינת חלומי 24% מחלב בקר גד (200 גרם),מחלבות גד שיווק 1992 בעמ,,גד חלומי 24% 200ג,,200.00,100 גרם,false,,19.90,0.0995,true,1,14683
7290011499419,false,גבינה במרקם שמנת בטעם טבעי 5% ניו יורק,מחלבות גד שיווק 1992 בעמ,,גבינה במרקם שמנת 5%,,200.00,100 גרם,false,,10.90,0.0545,true,1,14685
7290011499525,false,גבינת לאבנה דרוזית 9% גד 500 גרם,מחלבות גד שיווק 1992 בעמ,,גד לאבנה דרוזית 9% 5,,500.00,100 גרם,false,,19.90,0.0398,true,1,14686
7290011518561,false,"אקטימל תות 1.51 ק""ג מארז 14 יחידות",שטראוס גרופ בעמ/מצונן,,אקטימל תות משפחתי 14,ליטרים,1.40,ליטר,false,,29.90,21.3571,true,1,23355
7290011525712,false,"קמיל בלו אל סבון סנסיטיב לפני השינה ד""ר פישר 1 ליטר","פישר תעשיות פרמצביטות בע""מ",,קמיל בלו סנסיטיב לפנ,יחידה,0.00,יחידה,false,,33.90,0.0000,true,1,29144
7290011530488,false,שייק איט 450 גר saturday מיקס פירות קפוא,"הבו-קדו בע""מ",,שייק איט(3*150 גר')-,,450.00,100 גרם,false,,30.90,0.0687,true,1,92597
7290011587451,false,מוזלי קראנצי בתוספת פירות ואגוזים ויטליה 600 גרם,תומר יבוא ושיווק מוצרי מזון (1,,גרנולה + פירות ואגוז,,600.00,100 גרם,false,,13.90,0.0232,true,1,25033
7290011587468,false,מוזלי קראנצי בתוספת אגוזים ויטליה 600 גרם,תומר ייבוא ושיווק מוצרי מזון [,,מוזלי קראנצ + אגוז ת,,600.00,100 גרם,false,,13.90,0.0232,true,1,25034
7290011587581,false,פילה אנשובי תומר צנצנת 100 גרם,אינוורסינס פריסקו,,אנשובי בשמן חמניות ת,,100.00,100 גרם,false,,9.90,0.0990,true,1,25035
7290011587598,false,פילה אנשובי בשמן תומר (45 גרם),תומר ייבוא ושיווק מוצרי מזון [,,פילה אנשובי תומר 45,,45.00,100 גרם,false,,6.90,0.1533,true,1,25036
7290011587758,false,אטריות נודלס דק 200 גר' -תומר,תומר ייבוא ושיווק מוצרי מזון [,,נודלס דק תומר 200 גר,,200.00,100 גרם,false,,5.10,0.0255,true,1,25044
7290011587857,false,עגבניות מיובשות בשמן חמניות ועשבי תיבול תומר 250 ג',סנטו דידה סאן,,עגבניות מיובשות מתוב,,250.00,100 גרם,false,,9.90,0.0396,true,1,25050
7290011593087,false,"שמן זית כתית מעולה 750 מ""ל סבא חביב",בני פאוזי שמשום (2009) בעמ,,סבא חביב שמן זית כתי,,750.00,"100 מ""ל",false,,30.90,0.0412,true,1,205586
7290011598211,false,"סנו - אנטי קאלק מרסס ניקוי כללי 4 ב-1 700 מ""ל",החברה הדרומית לשיווק בעמ,,מנקה כללי אנטיקאלק 7,,700.00,"100 מ""ל",false,,17.90,0.0256,true,1,30152
7290011598402,false,מקסימה מרכך כביסה ארומתרפי מאסק סנו 4 ליטר,החברה הדרומית לשיווק בעמ,,מרכך כביסה סנו מקסימ,ליטרים,4.00,ליטר,false,,22.90,5.7250,true,1,30156
7290011607197,false,"קולון 101 אבקת כביסה 5 ק""ג",רקיט בנקיזר (ניר איסט) בעמ,,"קולון 101 5 ק""ג",קילוגרמים,5.00,"ק""ג",false,,39.90,7.9800,true,1,20893
7290011668570,false,בריא מהטבע גרנולה פירות יבשים 450 גרם פנינה רוזנבלום,בריא מהטבע פנינה רוזנבלום,,חגיגת גרנולה פירות י,,500.00,100 גרם,false,,26.90,0.0538,true,1,18171
7290011765118,false,קצף גילוח קרמה מן דליקט 200 מל,"אביאפ, איסטנבול, תור",,קצף גילוח דליקט קרמה,,200.00,"100 מ""ל",false,,10.90,0.0545,true,1,30162
7290011765408,false,"בוב ספוג שמפו ומרכך לשיער לסירוק קל כיף 750 מ""ל",החב. הדרומית לשיווק,,שמפו+מרכך כיף בוב ספ,,750.00,"100 מ""ל",false,,11.90,0.0159,true,1,30174
7290011765620,false,"נוזל כלים סנו גרין פאוור אקולוגי 750 מ""ל",סנו מפעלי ברונוס בעמ,,"נוזל כלים 750 מ""ל GR",,750.00,"100 מ""ל",false,,9.90,0.0132,true,1,66284
7290011860271,false,ביסבול כדורי פירה מתפוחי אדמה תפוגן 700 גרם,קבוצת אוסם סחר שותפות מוגבלת,,תפוגן ביס בול טבעי 7,,700.00,100 גרם,false,,15.90,0.0227,true,1,19797
7290011877859,false,סנו אינסטלטור חדש פותח סתימות 200ג',החברה הדרומית לשיווק בעמ,,סנו אינסטלטור פותח ס,,200.00,"100 מ""ל",false,,15.90,0.0795,true,1,30190
7290011947316,false,זיתא זיתי קלמטה בשמן זית כתית מעולה 215ג,תה ויסוצקי (ישראל) בעמ,,זיתי קלמטה זיתא 215,,215.00,100 גרם,false,,13.90,0.0647,true,1,24711
7290011947743,false,זיתים זיתא מיקס זית ירוק וזית קלמטה 215 גרם,תה ויסוצקי (ישראל) בעמ,,מיקס זית ירוק וזית ק,,215.00,100 גרם,false,,13.90,0.0647,true,1,24732
7290011947781,false,מיקס זית ירוק וזית קלמטה ללא גלעין עם שמן זית כתית מעולה,תה ויסוצקי (ישראל) בעמ,,מיקס זית ירוק קלמטה,,190.00,100 גרם,false,,13.90,0.0732,true,1,107255
7290011947798,false,זית קלמטה ללא גלעין עם שמן זית כתית מעולה,תה ויסוצקי (ישראל) בעמ,,זית קלמטה ללא גלעין,,190.00,100 גרם,false,,13.90,0.0732,true,1,107256
7290011947903,false,מיקס זיתים יווני זיתא 215 גרם,תה ויסוצקי (ישראל) בעמ,,זיתים מיקס ייווני זי,,215.00,100 גרם,false,,13.90,0.0647,true,1,171829
7290011964344,false,שום גבישי בקופ' 120 גר' טעם וריח,"תבליני טעם וריח בע""מ",,שום גבישי 120 גר' במ,,120.00,100 גרם,false,,10.90,0.0908,true,1,42443
7290011964658,false,מלח לימון בקופ' 170 גר' טעם וריח,"תבליני טעם וריח בע""מ",,תבלין מלח לימון טעם,,170.00,100 גרם,false,,10.00,0.0588,true,1,42449
7290012001994,false,חרדל דיז'ון גרעינים 350 ג' ריין דיזון,דיפלומט מפיצים (1968) בעמ**,,חרדל דיגון גרעינים 3,,350.00,100 גרם,false,,11.90,0.0340,true,1,5332
7290012019265,false,"מחית תפו""ע ללא תוספת סוכר 4*113גר",תומר ייבוא ושיווק מוצרי מזון [,,"מחית תפו""ע ללא סוכר",,452.00,100 גרם,false,,10.90,0.0241,true,1,25066
7290012022203,false,פריכיות חיטה מלאה 60 גרם,דילייט 2005 בע`מ,,קליליות חיטה מלאה די,,100.00,100 גרם,false,,13.90,0.1390,true,1,31562
7290012022227,false,פריכיות חיטה טבעי 60 גרם,דילייט 2005 בע`מ,,קליליות בטעם טבעי די,,60.00,100 גרם,false,,11.70,0.1950,true,1,31563
7290012025822,false,שמיר סלק אסלי 400 גרם,"סלטי שמיר 2006 בע""מ",,שמיר סלק אסלי 400 גר,,400.00,100 גרם,false,,10.90,0.0273,true,1,17731
7290012086113,false,עגבניות שרי אשכולות מארז,ביכורי השדה הצפון בעמ` 1964,,עגבניות שרי,,500.00,100 גרם,false,,9.90,0.0198,true,1,51000
7290012116025,false,שמפו פיית הפרפרים לסירוק קל מכיל רוזמרין,החברה הדרומית לשיווק בעמ,,שמפו כיף פיות 750 מל,,750.00,"100 מ""ל",false,,11.90,0.0159,true,1,30197
7290012116063,false,כיף אלסבון פיות מועשר בתמציות קמומיל 750,טרופיקל דגיל תעשיות,,אל סבון כיף פיות בתמ,,750.00,"100 מ""ל",false,,11.90,0.0159,true,1,30199
7290012116360,false,פוליויקס נוזל לניקוי רצפות גרניט פורצלן סנו 2 ליטר,החברה הדרומית לשיווק בעמ,,סנו פוליוקס גרניט פו,ליטרים,2.00,ליטר,false,,20.90,10.4500,true,1,30204
7290012116612,false,אורביטול מברשת שיניים סופט 4 יח`,החברה הדרומית לשיווק בעמ,,מארז מברשות שיניים א,יחידה,0.00,יחידה,false,,11.90,0.0000,true,1,30208
7290012117091,false,"אבקת כביסה סנסיטיב סנו מקסימה 6 ק""ג",החברה הדרומית לשיווק בעמ,,אבקת כביסה סנו מקסימ,קילוגרמים,6.00,"ק""ג",false,,49.90,8.3167,true,1,30220
7290012117350,false,"נוזל רצפות לילך 2 ליטר ""ריצפז פרש""",החברה הדרומית לשיווק בעמ,,ריצפז פרש לילך לבנדר,ליטרים,2.00,ליטר,false,,18.90,9.4500,true,1,30224
7290012117428,false,"ג'ל רחצה ושמפו מעיינות מנטה קרמה מן 700 מ""ל",החברה הדרומית לשיווק בעמ,,שמפו וג'ל רחצה לגבר,,700.00,"100 מ""ל",false,,18.90,0.0270,true,1,30230
7290012117435,false,"קרמה - שמפו וג'ל רחצה 2 ב-1 אלוורה 700 מ""ל",החברה הדרומית לשיווק בעמ,,שמפו וג'ל רחצה אלוור,,700.00,"100 מ""ל",false,,18.90,0.0270,true,1,30231
7290012117558,false,מקסימה מרכך כביסה מרוכז ורוד בניחוח מאסק סנו 1 ליטר,החברה הדרומית לשיווק בעמ,,סנו מקסימה מרכך קומפ,יחידה,0.00,יחידה,false,,18.90,0.0000,true,1,30235
7290012117572,false,כפפות סנו סושי לטקס M אריזת 100יח',החב. הדרומית לשיווק,,M סנו סושי כפפות לטק,יחידה,0.00,יחידה,false,,44.90,0.0000,true,1,30237
7290012117916,false,אינסטלטור נוזל לפתיחת סתימות סנו 1 ליטר,החברה הדרומית לשיווק בעמ,,סנו אינסטלאטור פותח,יחידה,0.00,יחידה,false,,29.90,0.0000,true,1,30250
7290012159480,false,יין לבן חצי יבש במעבע גוטה דה מרוויה,יורוסטנדרט בעמ,,קאווה גוטה דה מרוויה,,700.00,"100 מ""ל",false,,26.90,0.0384,true,1,11216
7290012191084,false,אריזת גפרורים 10 קופסאות,,,המנגליסט גפרורים עשי,יחידה,0.00,יחידה,false,,2.90,0.0000,true,1,7888
7290012212154,false,מלפפון במלח קטן צנצנת זכוכית,אבאל יזמות בעמ,,מלפפון במלח קטן בצנצ,,560.00,100 גרם,false,,12.90,0.0230,true,1,268068
7290012226120,false,קבנוס זוגלובק (45x3 גרם),נקניק נהריה כשר זוגל,,*מבצע* זוגלובק קבנוס,,135.00,100 גרם,false,,9.90,0.0733,true,1,39028
7290012227325,false,סלמי דק דק מעושן איטלקי 120 ג' זוגלובק,זוגלובק שיווק בעמ,,זוגלובק סלמי מעושן ד,,120.00,100 גרם,false,,11.90,0.0992,true,1,39050
7290012227981,false,פסטרמה דק דק ברביקיו 120 ג' זוגלובק,זוגלובק שיווק בעמ,,פסטרמה ברביקיו זוגלו,,120.00,100 גרם,false,,11.90,0.0992,true,1,39074
7290012227998,false,פסטרמה דק דק חזה בקר 120 ג' זוגלובק,זוגלובק שיווק בעמ,,זוגלובק חזה בקר 12,,120.00,100 גרם,false,,12.90,0.1075,true,1,39075
7290012228261,false,נקנקיות קנקרס הודו ועוף ריינהולד'ס זוגלובק 300 ג',זוגלובק שיווק בעמ,,נקנקיות הודו קנקרס ר,,300.00,100 גרם,false,,19.90,0.0663,true,1,39085
7290012372209,false,קמח חיטה לבן מנופה רובינפלד,,,קמח חיטה לבן מנופה ר,קילוגרמים,1.00,"ק""ג",false,,7.90,7.9000,true,1,248719
7290012404955,false,נקטר חמוציות ספרינג קולקשן (1.25 ליטר),יפאורה - שותפות מוגבלת לשיווק,,ספרינג נקטר חמוציות,ליטרים,1.25,ליטר,false,,12.50,10.0000,true,1,11631
7290012413643,false,תה ירוק קמומיל 25 שקיקים ויסוצקי,תה ויסוצקי (ישראל) בעמ,,תה ירוק קמומיל T.Tשמ,,37.50,100 גרם,false,,23.90,0.6373,true,1,24738
7290012522581,false,טבעול שניצל תירס ללא גלוטן טבעול 664 גרם,קבוצת אוסם סחר-שות.מוגבלת,,טבעול שניצל תירס ללא,,664.00,100 גרם,false,,19.90,0.0300,true,1,19805
7290012561405,false,בצל קצוץ ומטוגן דורות (180 גרם),קבוצת אוסם סחר שותפות מוגבלת,,בצל חצי מטוגן דורות,,180.00,100 גרם,false,,10.50,0.0583,true,1,19809
7290012645112,false,יוגורט עיזים 2.8% בדלי חלב הארץ 750 גרם,שטראוס גרופ בעמ/מצונן,,יוגורט עיזים בדלי 75,,750.00,"100 מ""ל",false,,18.90,0.0252,true,1,23363
7290012645174,false,גבינת עיזים 5% חלב הארץ 200 גרם,שטראוס גרופ בעמ/מצונן,,גבינת עיזים 5% חלב ה,,200.00,100 גרם,false,,13.90,0.0695,true,1,265588
7290012645181,false,לאבנה עיזים 5% חלב הארץ 200 גרם,שטראוס גרופ בעמ/מצונן,,לאבנה עיזים 5% חלב ה,,200.00,100 גרם,false,,13.90,0.0695,true,1,265602
7290012645280,false,יוגורט כבשים בסגנון יוני 5% חלב הארץ 150 גרם,שטראוס גרופ בעמ/מצונן,,יוגורט כבשים בסגנון,,150.00,"100 מ""ל",false,,5.90,0.0393,true,1,23368
7290012645297,false,יוגורט עיזים ביו 2.8% טעם טבעי חלב הארץ 150 גרם,שטראוס גרופ בעמ/מצונן,,סוסיא יוגורט עיזים ב,,150.00,"100 מ""ל",false,,5.90,0.0393,true,1,23369
7290012645389,false,יוגורט עיזים טבעי 1 ליטר בבקבוק חלב האר,שטראוס גרופ בעמ/מצונן,,חלב הארץ יוגורט ביו,ליטרים,1.00,ליטר,false,,21.90,21.9000,true,1,23372
7290012803222,false,טוסו ופל בסגנון בלגי בטעם לימון ללא תוספת סוכר 200 גרם,בטר אנד דיפרנט,,טוסו וופל בלגי לימון,,200.00,100 גרם,false,,9.50,0.0475,true,1,5918
7290012803451,false,טוסו שוקולד מריר 62% מוצקי קקאו ללא תוספת סוכר 100 גרם,"דנשר (1963) בע,מ",,טוסו שוקלד מריר 62%,,100.00,100 גרם,false,,8.90,0.0890,true,1,5922
7290012803765,false,טוסו שוקולד מריר ללא תוספת סוכר 100 גרם,אלטינמארקה גידה סאן,,טוסו שוקלד מריר 100ג,,100.00,100 גרם,false,,8.90,0.0890,true,1,5932
7290012803772,false,טוסו שוקולד חלב ללא תוספת סוכר 100 גרם,אלטינמארקה גידה סאן,,טוסו שוקלד חלב 100ג,,100.00,100 גרם,false,,8.90,0.0890,true,1,5933
7290012803789,false,טוסו שוקולד מריר עם אגוזים ללא תוספת סוכר 100 גרם,האי נאם סי או אל.טי.,,טוסו שוקלד מריר ואגו,,100.00,100 גרם,false,,8.90,0.0890,true,1,5934
7290012823251,false,אל סבון נוזלי יסמין ולבנדר כיף (1 ליטר),החברה הדרומית לשיווק בעמ,,אל סבון יסמין לבנדר,ליטרים,1.00,ליטר,false,,12.90,12.9000,true,1,30276
7290012823398,false,מטליות חד פעמיות לניקוי הרצפה בניחוח מרכך כביסה 10יח' סנו,החברה הדרומית לשיווק בעמ,,ריצפז מטליות לחות בנ,יחידה,0.00,יחידה,false,,11.90,0.0000,true,1,30279
7290012823558,false,"מטליות לחות לרצפה 40*70 ס""מ סנו סושי 10 יחידות",החברה הדרומית לשיווק בעמ,,סנו סושי מטליות ענק,יחידה,0.00,יחידה,false,,10.90,0.0000,true,1,30283
7290012823602,false,נייר טואלט סופט סילק לבן 32 גלילים סנו,החברה הדרומית לשיווק בעמ,,נייר טואלט סופט סילק,,588.00,מטר,false,,33.90,0.0577,true,1,30286
7290012823916,false,גל כביסה סנו מקסימ מרוכז קריסטל נואר 5 ל,החברה הדרומית לשיווק בעמ,,מקסימה ג'ל כביסה קרי,ליטרים,5.00,ליטר,false,,47.90,9.5800,true,1,30299
7290012823923,false,"מרכך כביסה מרוכז פרפיום גולדן מקסימה 750 מ""ל",החברה הדרומית לשיווק בעמ,,סנו מקסימה מרכך פרפי,,750.00,"100 מ""ל",false,,18.90,0.0252,true,1,30300
7290012838026,false,עוגיות מלוחות עבודת יד 350גר,הלל בן הלל שיווק ומסחר בעמ,,עוגיות מלוחות עדי 35,,350.00,100 גרם,false,,15.90,0.0454,true,1,243306
7290012850035,false,מחית בוליווד תפוח ואפרסק 190 גרם,שקד תבל בע`מ,,תפוח ואפרסק 190גרם B,,190.00,100 גרם,false,,5.90,0.0311,true,1,29518
7290012884986,false,צ`יפס לתנור עד 4% שומן תפוגן (1.5 קג),קבוצת אוסם סחר שותפות מוגבלת,,תפוגן ציפס לתנור עד,קילוגרמים,1.50,"ק""ג",false,,24.90,16.6000,true,1,19815
7290012901973,false,"שעועית אדומה, 400 גרם גאלה",יורוקום אס.אר.אל,,שעועית אדומה 400 גרם,,400.00,100 גרם,false,,9.90,0.0248,true,1,148514
7290012931062,false,אטבי כביסה הדור החדש,מ.א.ייצור ויבוא מטליות בעמ,,אטבי הדור החדש 10יח,יחידה,0.00,יחידה,false,,7.90,0.0000,true,1,13514
7290012936944,false,אגוז מוסקט טחון תבליני מימון (40 גרם),א.ל. ייצור ושיווק תבלינים בע`מ,,מימון אגוז מוסקט טחו,,40.00,100 גרם,false,,14.50,0.3625,true,1,356
7290012938405,false,"רדיד אלומיניום עבה במיוחד לבישול,אפייה והקפאה.",גורי ע.ע.ע. בע`מ,,דאיימונד נייר כסף 87,,7.60,מטר,false,,17.50,2.3026,true,1,3876
7290012962912,false,כפפות ניטריל סייף טא,,,כפפות ניטריל סייף טא,יחידה,0.00,יחידה,false,,27.90,0.0000,true,1,253105
7290012962929,false,כפפות ניטריל סייף טא,,,כפפות ניטריל סייף טא,יחידה,0.00,יחידה,false,,27.90,0.0000,true,1,253106
7290012962936,false,כפפות ניטריל סייף טא,,,כפפות ניטריל סייף טא,יחידה,0.00,יחידה,false,,27.90,0.0000,true,1,253107
7290012962943,false,כפפות ניטריל סייף טא,,,כפפות ניטריל סייף טא,יחידה,0.00,יחידה,false,,27.90,0.0000,true,1,253359
7290013027399,false,לחם קמח מלא קל בתוספת שיפון 750 ג' אנג'ל,מאפיית שלמה א. אנג'\ל בע,,לחם 100 בתוספת שיפון,,750.00,100 גרם,false,,13.90,0.0185,true,1,35494
7290013083661,false,"מטרנה אקסטרה קר שלב 1 חסכון 700 גרם תמ""ל",קבוצת אוסם סחר-שות.מוגבלת,,מטרנה אקסטרה קר חסכו,,700.00,100 גרם,false,,58.90,0.0841,true,1,18767
7290013083678,false,"מטרנה אקסטרה קר שלב 2 חסכון 700 גרם תמ""ל",קבוצת אוסם סחר-שות.מוגבלת,,מטרנה אקסטרה קר שלב,,700.00,100 גרם,false,,58.90,0.0841,true,1,18768
7290013083685,false,תחליף חלב מטרנה אקסטרה קר שלב 3 חסכון 700 גרם,קבוצת אוסם סחר-שות.מוגבלת,,מטרנה אקסטרה קר שלב,,700.00,100 גרם,false,,58.90,0.0841,true,1,18769
7290013117212,false,בורקס פילו במילוי גבינה 600 גר`מעדנות,תנובה מרכז שיתופי לשיווק תוצרת,,בורקס פילו גבינה מעד,,600.00,100 גרם,false,,18.90,0.0315,true,1,35649
7290013117229,false,"בורקס פילו במילוי תפו""א מעדנות 600 גר",תנובה מרכז שיתופי לשיווק תוצרת,,בורקס פילו תפוא מעדנ,,600.00,100 גרם,false,,18.90,0.0315,true,1,35650
7290013117243,false,בורקס פילו בולגרית מעדנות 600 גרם,תנובה מרכז שיתופי לשיווק תוצרת,,בורקס פילו בולגרית מ,,600.00,100 גרם,false,,18.90,0.0315,true,1,35652
7290013121103,false,רביעיית לחמניות סנדויץ ללא גלוטן 460 גרם,אביב קונדיטוריה מעול,,שליש בגט 4 יחידות גר,,400.00,100 גרם,false,,16.40,0.0410,true,1,49768
7290013121127,false,לחמניות מיני ללא גלוטן גרין לייט 6 יחידות,אביב קונדיטוריה מעול,,לחמניות מיני ללא גלו,,480.00,100 גרם,false,,17.90,0.0373,true,1,49770
7290013144171,false,"תערובת עוגת שוקולד 560 גרם ""מיימונס""",א.ל.ייצור ושיווק תבלינים בעמ,,תערובת עוגת שוקולד 5,,560.00,100 גרם,false,,15.90,0.0284,true,1,15354
7290013144188,false,מימונס תערובת להכנת בראוניז 600 גרם,א.ל.יצור ושיווקתבלינים בעמ,,תערובת בראוניס 600 ג,,600.00,100 גרם,false,,15.90,0.0265,true,1,15355
7290013144232,false,מיימונס פודינג בטעם וניל 80 גרם,א.ל. ייצור ושיווק תבלינים בע`מ,,פודינג וניל מימונס 8,,80.00,100 גרם,false,,3.90,0.0487,true,1,15360
7290013144393,false,תמצית אפיה בטעם וניל מימונס (50 מל),א.ל. ייצור ושיווק תבלינים בע`מ,,תמצית בטעם וניל 50גר,,50.00,100 גרם,false,,4.50,0.0900,true,1,15369
7290013145062,false,"סירופ מייפל אמיתי 100% מימונס 187 מ""ל",א.ל.ייצור ושיווק תבלינים בעמ,,סירופ מייפל אמיתי %1,,187.00,"100 מ""ל",false,,19.90,0.1064,true,1,15390
7290013145079,false,שקד רכיבים טבעיים גרוס מיימונס 100 גרם,א.ל.יצור ושיווקתבלינים בעמ,,מימונס שקד טבעי גרוס,,100.00,100 גרם,false,,12.90,0.1290,true,1,15391
7290013145109,false,שקד מולבון טחון מימונס 100 גרם,א.ל. ייצור ושיווק תבלינים בע`מ,,מימונס שקד מולבן טחו,,100.00,100 גרם,false,,12.90,0.1290,true,1,15393
7290013145130,false,"שקד מולבן חצוי 100 גרם ""מיימונס",א.ל. ייצור ושיווק תבלינים בע`מ,,מימונס שקד מולבן חצו,,100.00,100 גרם,false,,12.90,0.1290,true,1,15396
7290013145192,false,שומשום מיימונס 100 גרם,א.ל. ייצור ושיווק תבלינים בע`מ,,שומשום 100גר,,100.00,100 גרם,false,,4.90,0.0490,true,1,15400
7290013145215,false,שומשום מימונס (400 גרם),א.ל.ייצור ושיווק תבלינים בעמ,,שומשום 400גר,,400.00,100 גרם,false,,14.90,0.0373,true,1,15401
7290013145390,false,מימונס שוקולד צ'יפס מהדרין 250 גר,א.ל. ייצור ושיווק תבלינים בע`מ,,מימונס שוקולד ציפס מ,,250.00,100 גרם,false,,8.90,0.0356,true,1,15405
7290013145437,false,שוקולד מריר מעולה ציפס מימונס 250 ג',א.ל. ייצור ושיווק תבלינים בע`מ,,מימונס שוקולד ציפס 4,,250.00,100 גרם,false,,12.90,0.0516,true,1,15408
7290013145444,false,שוקולד מריר מעולה ציפס 66% מימונס 250 ג',א.ל. ייצור ושיווק תבלינים בע`מ,,מימונס שוקולד ציפס 6,,250.00,100 גרם,false,,14.90,0.0596,true,1,15409
7290013145628,false,מימונס סוכריות צבעוניות לקישוט 200 גרם,א.ל. ייצור ושיווק תבלינים בע`מ,,סוכריות צבעוניות לקי,,200.00,100 גרם,false,,8.90,0.0445,true,1,15417
7290013145857,false,אבקת אפיה מימונס 10יח בצלופן,א.ל. ייצור ושיווק תבלינים בע`מ,,אבקת אפיה 10* 10 גרם,,100.00,100 גרם,false,,2.50,0.0250,true,1,15432
7290013145901,false,"סודה לשתיה 100 גרם ""מיימונס""",א.ל. ייצור ושיווק תבלינים בע`מ,,סודה לשתיה 100 גרם,,100.00,100 גרם,false,,2.00,0.0200,true,1,15435
7290013145918,false,אבקת סוכר מיימונס 100 גרם,א.ל. ייצור ושיווק תבלינים בע`מ,,אבקת סוכר 100 גרם,,100.00,100 גרם,false,,2.00,0.0200,true,1,15436
7290013145963,false,שמרים יבשים בוואקום מיימונס 125 גרם,א.ל. ייצור ושיווק תבלינים בע`מ,,מימונס שמרים יבשים ב,,125.00,100 גרם,false,,5.50,0.0440,true,1,15440
7290013146304,false,קורנפלור 500 גרם מימונס.,א.ל.ייצור ושיווק תבלינים בעמ,,מימונס קורנפלור 500,,500.00,100 גרם,false,,6.90,0.0138,true,1,15453
7290013146656,false,כוכבים תכלת ירוק לבן לקישוט 60 גר`מימונ,א.ל ייצור ושיווק תבלינים בעמ,,כוכבים צבעוניים לקיש,יחידה,0.00,יחידה,false,,11.90,0.0000,true,1,62800
7290013146854,false,קוקוס לבן טחון מימונס 400 ג',א.ל. ייצור ושיווק תבלינים בע`מ,,מיימונס קוקוס לבן טח,,400.00,100 גרם,false,,14.90,0.0373,true,1,15457
7290013203182,false,שרי מנומר -ליקופן,,,שרי מנומר -ליקופן,,200.00,100 גרם,false,,9.90,0.0495,true,1,51001
7290013268020,false,מקסימה מרכך כביסה מרוכז בניחוח אולטרא פרש סנו 1 ליטר,החברה הדרומית לשיווק בעמ,,סנו מקסימה אולטרא פר,יחידה,0.00,יחידה,false,,18.90,0.0000,true,1,30304
7290013268037,false,מקסימה מרכך כביסה מרוכז בניחוח לבנדר פצ'ולי סנו 1 ליטר,החברה הדרומית לשיווק בעמ,,סנו מקסימה פצ'ולי מר,יחידה,0.00,יחידה,false,,18.90,0.0000,true,1,30305
7290013268242,false,תרכיז ריחני לניקוי רצפות בריח מלון מפנק ריצפז פרש,החברה הדרומית לשיווק בעמ,,ריצפז פרש הום בניחוח,ליטרים,2.00,ליטר,false,,21.90,10.9500,true,1,30312
7290013268884,false,"נוזל רצפות מאסק 2 ליטר ""ריצפז פרש""",החברה הדרומית לשיווק בעמ,,ריצפז פרש מאסק 2 ליט,ליטרים,2.00,ליטר,false,,18.90,9.4500,true,1,30339
7290013268891,false,אוקסיג'ן ג'ל ללא אקונומיקה עם חמצן פעיל סנו 3 ליטר,החברה הדרומית לשיווק בעמ,,סנו אוקסיג'ן 3 ליטר,ליטרים,3.00,ליטר,false,,30.90,10.3000,true,1,30340
7290013268938,false,סנובון סבון לאסלה בניחוח מאסק סנו 3*65 גרם,החברה הדרומית לשיווק בעמ,,סנובון שלישיה מאסק 3,,195.00,100 גרם,false,,11.90,0.0610,true,1,30343
7290013268990,false,מרכך כביסה מרוכז לבן ביו סנו מקסימה 1 ליטר,החברה הדרומית לשיווק בעמ,,סנו מקסימה מרכך מרוכ,יחידה,0.00,יחידה,false,,18.90,0.0000,true,1,30344
7290013269621,false,ריצפז פרש לניקוי רצפות בניחוח מלון בוטיק,החברה הדרומית לשיווק בעמ,,ריצפז פרש הום בניחוח,ליטרים,2.00,ליטר,false,,21.90,10.9500,true,1,30359
7290013269638,false,ספוג הפלא אקסטרה Extra- מארז 6 יח',החברה הדרומית לשיווק בעמ,,סנו סושי ספוג הפלא א,יחידה,0.00,יחידה,false,,9.70,0.0000,true,1,30360
7290013269645,false,ריצפז פרש מטליות לחות לריצפה בניחוח מאסק 10 יחידות,החברה הדרומית לשיווק בעמ,,ריצפז פרש מטליות לחו,יחידה,0.00,יחידה,false,,11.90,0.0000,true,1,30361
7290013269652,false,פוליויקס נוזל לניקוי רצפות גרניט פורצלן סנו 2 ליטר,החברה הדרומית לשיווק בעמ,,פוליויקס גרניט פורצל,ליטרים,2.00,ליטר,false,,20.90,10.4500,true,1,30362
7290013269669,false,ריצפז בניחוח פנטזיה לניקוי הרצפה,החברה הדרומית לשיווק בעמ,,ריצפז פנטזיה 3ל,ליטרים,3.00,ליטר,false,,12.90,4.3000,true,1,30363
7290013269850,false,נייר אפיה אקולוגי סנו סושי 50 יחידות,החברה הדרומית לשיווק בעמ,,סנו סושי נייר אפיה א,יחידה,0.00,יחידה,false,,14.90,0.0000,true,1,30370
7290013284310,false,רוטב פסטה לילדים פריניר 240 גרם,ח.כהן סוכנות מזון ומשקאות בע,,רוטב לפסטה לילדים פר,,240.00,100 גרם,false,,4.90,0.0204,true,1,41346
7290013284662,false,רוטב פיצה פיתה לילדים 240 ג' פריניר,ח.כהן סוכנות מזון ומשקאות בע,,רוטב פיצה פיתה פריני,,240.00,100 גרם,false,,4.90,0.0204,true,1,41347
7290013358356,false,פירורי לחם מוזהבים מאסטר שף (320גרם),ש. שסטוביץ בע`מ,,מאסטר שף פירורי לחם,,350.00,100 גרם,false,,6.90,0.0197,true,1,21504
7290013358363,false,מאסטר שף פרורי לחם פנקו עבים בסגנון יפני 300 גר,קריניציה ויטמינה אס,,מאסטר שף פירורי לחם,,300.00,100 גרם,false,,9.90,0.0330,true,1,21505
7290013358486,false,מאסטר שף פירורים מוזהבים ללא צורך בביצה 300 ג,"מיוצר ע""י מנה י.א בע",,מאסטר שף פירורים מו,,300.00,100 גרם,false,,6.90,0.0230,true,1,21514
7290013358530,false,מאסטר שף אסייאתי רוטב צ'ילי מתוק 700 מל כשלפ,קריניציה ויטמינה אס,,מאסטר שף רוטב צ'ילי,,700.00,"100 מ""ל",false,,11.90,0.0170,true,1,21519
7290013358806,false,מנה מאגדת פריכיות אורז עם מלח 264 גרם,ש. שסטוביץ בע`מ,,מאגדת פריכיות עם מלח,,264.00,100 גרם,false,,11.90,0.0451,true,1,21526
7290013389077,false,"עלי טורטיה מקמח חיטה 25ס""מ 8יח' תומר 420 ג'",Azteca foods europe,,6 טורטיות חיטה תומר,,425.00,100 גרם,false,,7.90,0.0186,true,1,25102
7290013389381,false,"קמח תירס פולנטה מולינו 1 ק""ג",תומר ייבוא ושיווק מוצרי מזון [,,"קמח תירס תומר 1 ק""ג",קילוגרמים,1.00,"ק""ג",false,,10.80,10.8000,true,1,25115
7290013412966,false,רבעיית מגבונים תולי 72*4 יחידות,שקד תבל בעמ,,תולי מגבונים לחים 4*,יחידה,0.00,יחידה,false,,9.90,0.0000,true,1,29534
7290013424921,false,קיווי פרוס ארוז 500 גר,בינזו לונגשינטיאנרן,,קיווי פרוס קפוא 500,,500.00,100 גרם,false,,11.90,0.0238,true,1,127244
7290013424952,false,אננס קפוא 500 ג' פילד גוד,סאפו דקלאק טריידינג,,אננס חתוך קפוא 500 ג,,500.00,100 גרם,false,,11.90,0.0238,true,1,127245
7290013424976,false,תות שדה שלם קפוא 500 ג' פילד גוד,אלפה פרוסט,,תות שדה שלם קפוא 500,,500.00,100 גרם,false,,11.90,0.0238,true,1,127261
7290013472199,false,ערמונים קלופים וקלויים 105 גרם,ג.וילי פוד אינטרנשיונל בעמ,,וילי פוד ערמונים 100,,100.00,100 גרם,false,,5.90,0.0590,true,1,2961
7290013531117,false,רוטב פסטה לילדים יכין (240 גר`),"זנלכל בע""\מ",,רוטב לפסטה לילדים יכ,,260.00,100 גרם,false,,5.50,0.0212,true,1,8727
7290013558800,false,עלי תרד 250 גר בנספק,ששון ציון,,עלי תרד,,500.00,100 גרם,false,,12.90,0.0258,true,1,49256
7290013558824,false,תבלין רוקולה /בזיליקום 100 גר,תאי,,תבלין טרי,,100.00,100 גרם,false,,8.90,0.0890,true,1,49257
7290013585387,false,בקבוק זירו קוקה-קולה (1 ליטר),החברה המרכזית להפצת משקאות בעמ,,קולה זירו 1 ליטר,ליטרים,1.00,ליטר,false,,6.90,6.9000,true,1,7095
7290013585394,false,בקבוק קוקה-קולה (1 ליטר),החברה המרכזית להפצת משקאות בעמ,,קוקה קולה 1 ליטר,ליטרים,1.00,ליטר,false,,7.50,7.5000,true,1,7096
7290013608482,false,נקטר מנגו פרימור 1 ליטר,דיפלומט,,נקטר מנגו פרימור 1 ל,ליטרים,1.00,ליטר,false,,8.50,8.5000,true,1,51654
7290013608550,false,נקטר תפוזים פרימור 1 ליטר,סטאר סנקס,,נקטר תפוזים פרימור 1,ליטרים,1.00,ליטר,false,,8.50,8.5000,true,1,51658
7290013677846,false,כוסמת מיה (1 קג),מיה תעשיות מזון מ.ת.מ. בעמ,,כוסמת 1 ק'ג,קילוגרמים,1.00,"ק""ג",false,,12.90,12.9000,true,1,15196
7290013713049,false,בירה ג`מס בקבוק 8.80% אלכוהול ( 330 מל),אגודת הכורמים -כרמל מזרחי,,ג'מס בקבוקי 8.8 330,,330.00,"100 מ""ל",false,,13.20,0.0400,true,1,11220
7290013724939,false,משוקלדים חמוציות מריר 140 גר' קופסא,דין שיווק וקליה 2021 בעמ,,שקדיה חמוציות בשוק.מ,,140.00,100 גרם,false,,10.90,0.0779,true,1,4676
7290013724946,false,שקדים בשוקולד מריר בקופסא 140 גרם,דין שיווק וקליה 2021 בעמ,,שקדים בציפוי שוקלד מ,,140.00,100 גרם,false,,10.90,0.0779,true,1,4677
7290013724953,false,חמוציות בציפוי שוקולד בקופסא שקדיה 140 גרם,דין שיווק וקליה 2021 בעמ,,חמוציות בציפוי שוקול,,140.00,100 גרם,false,,10.90,0.0779,true,1,4678
7290013724960,false,שקדים בציפוי שוקולד בקופסא שקדיה 140 גרם,דין שיווק וקליה 2021 בעמ,,שקדים בציפוי שוקולד,,140.00,100 גרם,false,,10.90,0.0779,true,1,4679
7290013787392,false,רביולי גבינות קלאסי 330 גרם ריקו בית יוסף,דודו איטליאן פרודקטס בע\,,רביולי גבינות קלאסי,,330.00,100 גרם,false,,24.90,0.0755,true,1,83305
7290013847836,false,נתחי טונה בשמן קנולה זוג * 140 ג' סטארקיסט,דיפלומט מפיצים (1968) בעמ**,,טונה בשמן קנולה סטאר,,140.00,100 גרם,false,,9.90,0.0707,true,1,26717
7290013847867,false,מארז זוגות טונה בשמן סויה 140 ג' סטארקיסט,דיפלומט מפיצים (1968) בעמ**,,נתחי טונה בהירה בשמן,,140.00,100 גרם,false,,12.90,0.0921,true,1,339718
7290013848017,false,תרסיס ניקוי והברקת נירוסטה,החברה הדרומית לשיווק בעמ,,ניקוי והברקה נירוסטה,,500.00,"100 מ""ל",false,,20.90,0.0418,true,1,30375
7290013848758,false,מקסימה גל כביסה מרוכז בייבי 3ליטר סנסטיב,החברה הדרומית לשיווק בעמ,,סנו מקסימה ג'ל כביסה,ליטרים,3.00,ליטר,false,,36.90,12.3000,true,1,30401
7290013906052,false,נקניקיות פרגיות טירת צבי 300 גרם,תנובה מרכז שיתופי לשיווק תוצרת,,טירת צבי נקניקיות פר,,300.00,100 גרם,false,,11.80,0.0393,true,1,25389
7290013906205,false,פסטרמה עם שום וצילי טירת צבי 400 ג',תנובה מרכז שיתופי לשיווק תוצרת,,טירת צבי פסטרמה שום,,400.00,100 גרם,false,,26.90,0.0672,true,1,25390
7290013906441,false,קבנוס טירת צבי 120 גרם,תנובה מרכז שיתופי לשיווק תוצרת,,טירת צבי קבנוס 120 ג,,120.00,100 גרם,false,,9.90,0.0825,true,1,25402
7290013906458,false,קבנוס בטעם פיקנטי טירת צבי 120 גרם,תנובה מרכז שיתופי לשיווק תוצרת,,טירת צבי קבנוס פיקנט,,120.00,100 גרם,false,,9.90,0.0825,true,1,25403
7290013906489,false,חטיפי מיני קבנוס טירת צבי 120 גרם,תנובה מרכז שיתופי לשיווק תוצרת,,טירת צבי חטיפי מיני,,120.00,100 גרם,false,,9.90,0.0825,true,1,25404
7290013906496,false,פסטרמה עגל בסגנון רומני טירת צבי 120 גר,הנסיך- מפעל לייצור ט,,טירת צבי פסטרמה עגל,,120.00,100 גרם,false,,13.90,0.1158,true,1,25405
7290013906519,false,פרושוטו בקר טירת צבי 100 גרם,תנובה מרכז שיתופי לשיווק תוצרת,,טירת צבי פרשוטו בקר,,100.00,100 גרם,false,,24.90,0.2490,true,1,25406
7290013906687,false,פסט' צמד כפרית ברביקיו ודבש 300X2ג' טירת צבי,תנובה מרכז שיתופי לשיווק תוצרת,,טירת צבי צמד כפרית ב,,600.00,100 גרם,false,,24.90,0.0415,true,1,25408
7290013927323,false,אחדות עוגת בראוניס 400 גרם,אחדות ביחר לטחינה חל,,עוגת בראוניס אחוה 40,,400.00,100 גרם,false,,11.90,0.0298,true,1,763
7290013927996,false,עוגת שמרים קרנץ בטעם שוקולד אחוה 400 גרם,אחדות ביחר לטחינה חל,,עוגת שמרים קרנץ בטעם,,400.00,100 גרם,false,,10.90,0.0273,true,1,232743
7290014002197,false,חליטת קמומיל ולימונית הגן הקסום ויסוצקי 25 יחידות,תה ויסוצקי (ישראל) בעמ,,תה חליטת קמומיל ולימ,,37.50,100 גרם,false,,17.90,0.4773,true,1,24748
7290014002203,false,חליטת לימונית ולואיזה הגן הקסום ויסוצקי 25 יחידות,תה ויסוצקי (ישראל) בעמ,,תה חליטת לימונית ולו,,37.50,100 גרם,false,,17.90,0.4773,true,1,24749
7290014002944,false,גן קסום חליטת פירות וצמחים חמדת שקד 25 שקיקים,תה ויסוצקי (ישראל) בעמ,,תה גן קסום חליטת חמא,,62.50,100 גרם,false,,17.90,0.2864,true,1,24761
7290014002982,false,תה ירוק לימונית ולואיזה ויסוצקי 25 יחידות תוספת סטיביה,תה ויסוצקי (ישראל) בעמ,,תה ירוק לימונית סטיב,,37.50,100 גרם,false,,23.90,0.6373,true,1,24762
7290014046474,false,"נקניקיות עוף 1.5 ק""ג יחיעם",מעדני יחיעם ( 1993 ) בע`מ,,יחיעם נקניקיות עוף 1,קילוגרמים,1.50,"ק""ג",false,,27.90,18.6000,true,1,15592
7290014059436,false,"משחת שיניים סנסודיין 75 מ""ל פרימיום לשיקום והגנה מלבינה 75 מ""ל","סמית קליין ביצ'ם בע""",,משחת שיניים לשיקום ס,,75.00,"100 מ""ל",false,,24.90,0.3320,true,1,3903
7290014079076,false,נבטי אלפלפא מרינה,"מרינה פטריות הגליל בע""מ",,נבטי אלפלפא,,1.00,יח',false,,6.90,6.9000,true,1,41554
7290014079328,false,פרסה כרישה ארוזה מרי,"מרינה פטריות הגליל בע""מ",,לוף רגיל ארוז ליח (מ,,1.00,יח',false,,7.90,7.9000,true,1,41557
7290014079847,false,פטריות בייבי בלה צמד מרינה,קונס`-מרינה פטריות הגליל בעמ*ש,,פטריות בייבי בלה מאר,,1.00,יח',false,,14.90,14.9000,true,1,41560
7290014083806,false,עוגיות בטעם חמאה 350 גרם בפח,ג. וילי-פוד אינטרנשיונל בע`מ,,וילי פוד עוגיות בטעם,,350.00,100 גרם,false,,11.90,0.0340,true,1,2989
7290014094260,false,שיני שום קלוף קמעונאי,קונס`-מרינה פטריות הגליל בעמ*ש,,שום קלוף 200 גרם,,200.00,100 גרם,false,,10.90,0.0545,true,1,41563
7290014094635,false,אגוז ברזיל טבעי 200גר בקופסא,דין שיווק וקליה 2021 בעמ,,אגוז ברזיל טבעי 250ג,,250.00,100 גרם,false,,39.90,0.1596,true,1,4726
7290014095861,false,שיבולת שועל דקה בשקית שקדיה 500 גרם,דין שיווק וקליה 2021 בעמ,,שיבולת שועל דקה קווא,,500.00,100 גרם,false,,4.90,0.0098,true,1,4742
7290014095960,false,שיבולת שועל עבה בשקית שקדיה 500 גרם,דין שיווק וקליה 2021 בעמ,,שיבולת שועל עבה קווא,,500.00,100 גרם,false,,4.90,0.0098,true,1,4745
7290014204560,false,"פנינהרוזנבלום- סבון נוזלי לידיים שלישיה,3*500 מ""ל","פנינה רוזנבלום בע""מ",,סבון נוזלי פנינה רוז,ליטרים,1.50,ליטר,false,,10.90,7.2667,true,1,18186
7290014217157,false,"מיכל טוסקנה תיבול 120 גר ""טעם וריח""","תבליני טעם וריח בע""מ",,תבלין תערובת תיבול ט,,120.00,100 גרם,false,,11.80,0.0983,true,1,42463
7290014217348,false,"מיכל צ'ילי כתוש 70 גר' ""טעם וריח""","תבליני טעם וריח בע""מ",,תבליני טעם וריח צילי,,70.00,100 גרם,false,,10.80,0.1543,true,1,42470
7290014217355,false,קרי אבקה בקופ' 100 גר' טעם וריח,"תבליני טעם וריח בע""מ",,תבלין אבקת קרי טעם ו,,100.00,100 גרם,false,,11.80,0.1180,true,1,42471
7290014217362,false,תיבול לקציצות בקופ' 100 גר' טעם וריח,"תבליני טעם וריח בע""מ",,תערובת תיבול קציצות,,100.00,100 גרם,false,,11.80,0.1180,true,1,42472
7290014217522,false,לחם שום תערובת מיכל 100 גר`טעם וריח,"תבליני טעם וריח בע""מ",,תבלין תערובת לחם שום,,100.00,100 גרם,false,,10.90,0.1090,true,1,42476
7290014218932,false,חטיפי פיצה בתוספ זיתים בשקית מעדנות 710 גרם,מיוצר עי קונדיטוריית,,חטיפי פיצה בתוספת זי,,710.00,100 גרם,false,,27.90,0.0393,true,1,35708
7290014397514,false,"מבשם אויר סנו פרש הום בניחוח כותנה מלטפת 350 מ""ל",החברה הדרומית לשיווק בעמ,,סנו פרש הום כותנה מל,,350.00,"100 מ""ל",false,,11.90,0.0340,true,1,30437
7290014397873,false,מרכך כביסה בבישום עוצמתי ג'נטל בריז,החברה הדרומית לשיווק בעמ,,מרכך כביסה סנו מקסימ,ליטרים,4.00,ליטר,false,,22.90,5.7250,true,1,30464
7290014435704,false,סלמון מעושן פרוס 100ג(שמיר),שבעת הימים - שמיר,,סלמון מעושן סלטי שמי,,100.00,100 גרם,false,,23.90,0.2390,true,1,17752
7290014435803,false,מטיאס הולנדי (פרובנציאל) עם בצל בשמן 180 גרם,שבעת הימים - שמיר,,מטיאס הולנדי פרובנצי,,180.00,100 גרם,false,,18.90,0.1050,true,1,17754
7290014435810,false,נתחי הרינג כבוש עם בצל במרינת חמוץ מתוק שמיר 220 גרם,"סלטי שמיר 2006 בע""מ",,הרינג כבוש עם בצל במ,,180.00,100 גרם,false,,18.90,0.1050,true,1,17755
7290014435827,false,פילה מקרל מעושן בשמן ויטהול 180 גר,"סלטי שמיר 2006 בע""מ",,פילה מקרל מעושן בשמן,,180.00,100 גרם,false,,24.90,0.1383,true,1,17756
7290014455245,false,גבינה גרנה פדנו משולש גד 200 גר',מחלבות גד שיווק 1992 בעמ,,גד גרנה פדנו משולש כ,,200.00,100 גרם,false,,23.90,0.1195,true,1,14702
7290014455252,false,גבינת גרנה פדנו מגורדת 29% גד (100 גרם),מחלבות גד שיווק 1992 בעמ,,גד גרנה פדנו מגורד כ,,100.00,100 גרם,false,,10.90,0.1090,true,1,14703
7290014455320,false,גבינה כדורי מוצרלה פרסקה גד 100ג',מחלבות גד שיווק 1992 בעמ,,גד כדור מוצרלה פרסקה,,100.00,100 גרם,false,,8.90,0.0890,true,1,14706
7290014459137,false,"תפוגן סטייק צ'יפס 1.5 ק""ג אסם",קבוצת אוסם סחר שותפות מוגבלת,,תפוגן סטייק ציפס 1.5,קילוגרמים,1.50,"ק""ג",false,,23.90,15.9333,true,1,19825
7290014459472,false,"תפוגן צ יפס קלאסי 2ק""ג (תפוגן)",קבוצת אוסם סחר שותפות מוגבלת,,תפוגן צ`יפס קלאסי 2,קילוגרמים,2.00,"ק""ג",false,,24.90,12.4500,true,1,19832
7290014459632,false,"צ'יפס טוגן תפוגן 1.5 ק""ג",קבוצת אוסם סחר שותפות מוגבלת,,"טוגן 1.5 ק""ג",קילוגרמים,1.50,"ק""ג",false,,16.90,11.2667,true,1,19835
7290014466128,false,"יין הר חרמון אינדיגו 750 מ""ל",מיוצר וממולא על ידי יקב,,יקבי רמת הגולן הר חר,,750.00,"100 מ""ל",false,,35.90,0.0479,true,1,41656
7290014471443,false,"גרנולה צימוקים אגוזים ושקדים1 ק""ג חדש - 443 כתום שקדיה (כתום)",דין שיווק וקליה 2021 בעמ,,גרנולה צימוקים אגוזי,קילוגרמים,1.00,"ק""ג",false,,18.90,18.9000,true,1,4749
7290014472488,false,שקד קלוי ענק 250 גרם פרימיום ששון הקולה,דין שיווק וקליה 2021 בעמ,,שקד קלוי פרימיום 250,,250.00,100 גרם,false,,26.90,0.1076,true,1,4770
7290014472990,false,ממרח 100% שקדים שקדיה (300 גרם),דין שיווק וקליה 2021 בעמ,,ממרח 100% שקדים שקדי,,300.00,100 גרם,false,,30.90,0.1030,true,1,4788
7290014673021,false,פלפל שחור שלם תבליני מימון (100 גרם),א.ל.ייצור ושיווק תבלינים בעמ,,תבליני מימון פלפל שח,,100.00,100 גרם,false,,14.50,0.1450,true,1,358
7290014673434,false,פלפל שחור גרוס דק שקית תבליני מימון 80גרם,א.ל.ייצור ושיווק תבלינים בעמ,,פלפל שחור גרוס דק בש,,80.00,100 גרם,false,,8.90,0.1113,true,1,368
7290014692299,false,גבינת ברי EURO CHEESE ויליפוד 125 גרם,ג.וילי-פוד אינטרנשיונל **גבינו,,גבינת ברי 125 גרם EU,,125.00,100 גרם,false,,14.90,0.1192,true,1,2993
7290014692305,false,גבינת קממבר EURO CHEESE ויליפוד 125 גרם,ג.וילי-פוד אינטרנשיונל **גבינו,,גבינת קממבר 125 גרם,,125.00,100 גרם,false,,14.90,0.1192,true,1,2994
7290014731189,false,כפיות איכותי 100 יח',רם,,כפיות P.P לבן 100 יח,,100.00,יח',false,,6.90,0.0690,true,1,294674
7290014731264,false,ספלאש כוסות 180CC לשתייה קרה 100 יחידות,רם,,כוסות לשתיה קרה חד פ,,100.00,יח',false,,6.90,0.0690,true,1,28152
7290014758117,false,מאגדת יוגורט ביו 1.5% שומן 8 יח' *150 ג' תנובה,מיוצר עי קונדיטוריית,,יוגורט תנובה 1.5% 8*,קילוגרמים,1.20,"ק""ג",false,,16.90,14.0833,true,1,26033
7290014758162,false,חלב עיזים מלא 3.6% שומן תנובה (1 ליטר),תנובה מרכז שיתופי לש,,חלב תנובה עיזים מלא,ליטרים,1.00,ליטר,false,,14.90,14.9000,true,1,26035
7290014758681,false,גבינת קוטג`1% בגביע תנובה (250 גרם),מיוצר עי קונדיטוריית,,קוטג תנובה 1% 250ג,,250.00,100 גרם,false,,5.50,0.0220,true,1,26039
7290014759084,false,גבינת שמנת נפוליאון 16% מופחת שומן תנובה 225 גרם,תנובה מרכז שיתופי לש,,נפוליאון 16% 225גר,,225.00,100 גרם,false,,13.90,0.0618,true,1,26040
7290014759909,false,פטה עיזים 5% 250 גר`גביע פיראוס תנובה,"תנובה, מחלבת טנא נוג",,פיראוס פטה עזים פירא,,250.00,100 גרם,false,,28.90,0.1156,true,1,26047
7290014759985,false,פרמזן פלח גבע 23% 200 גר`קולקשיין תנובה,תנובה - חלב,,גבינה קשה מחלב בקר 2,,200.00,100 גרם,false,,23.90,0.1195,true,1,26050
7290014760134,false,"מעדן סויה בטעם וניל תנובה 125 מ""ל",תנובה Alternative,,גביע מעדן סויה בטעם,,125.00,100 גרם,false,,3.90,0.0312,true,1,26052
7290014760141,false,משקה שקדים טרי תנובה (1 ליטר),"תנובה בע""מ ***",,תנובה משקה שקדים טרי,יחידה,0.00,יחידה,false,,12.90,0.0000,true,1,26053
7290014760448,false,גבינה צהובה גלבוע 400 גרם 22% שומן תנובה,מחלבת בית יצחק,,גלבוע 22% 400 גרם,,400.00,100 גרם,false,,23.90,0.0597,true,1,26056
7290014760912,false,גבינה צהובה 28% מהדרין גוש חלב (400 גרם),תנובה מרכז שיתופי לש,,גוש חלב 28% מהדרין 4,,400.00,100 גרם,false,,25.10,0.0628,true,1,26060
7290014761056,false,מעדן שוקולד חלב יולו תנובה 123 גרם,מיוצר עי קונדיטוריית,,יולו שוקולד חלב מעול,,122.00,100 גרם,false,,4.90,0.0402,true,1,26062
7290014761063,false,מעדן שוקולד מריר יולו תנובה 123 גרם,מיוצר עי קונדיטוריית,,יולו שוקולד מריר מעו,,122.00,100 גרם,false,,4.90,0.0402,true,1,26063
7290014761070,false,מעדן שוקולד לבן יולו תנובה 123 גרם,מיוצר עי קונדיטוריית,,יולו שוקולד לבן מעול,,122.00,100 גרם,false,,4.90,0.0402,true,1,26064
7290014761193,false,יוגורט עם פירות יער 1.5% שומן 125 ג' פרילי,תנובה מרכז שיתופי לש,,פרילי פירות יער 1.5%,,125.00,100 גרם,false,,3.50,0.0280,true,1,26065
7290014762756,false,גבינת שמנת נפוליאון 16% עם בצל תנובה 225 גרם,תנובה - חלב,,נפוליאון 16% עם בצל,,225.00,100 גרם,false,,13.90,0.0618,true,1,26092
7290014762800,false,מעדן סויה שוקולד גביע 125 גרם אלטרנטיב,תנובה מרכז שיתופי לש,,גביע מעדן סויה בטעם,,125.00,100 גרם,false,,3.90,0.0312,true,1,26097
7290014762831,false,גבינת שמנת נפוליאון 16% עם פלפל חלפיניו תנובה 225 גרם,תנובה מרכז שיתופי לש,,גבינת שמנת נפוליאון,,225.00,100 גרם,false,,13.90,0.0618,true,1,26098
7290014762909,false,פתיתי מוצרלה השף הלבן 10% תוספת מתנה,"תנובה, מחלבת תל יוסף",,פתיתי מוצרלה 200 גר`,,200.00,100 גרם,false,,15.90,0.0795,true,1,26102
7290014763272,false,יוגורט סויה BIO לשתיה תות ובננה אלטרנטיב,תות תעשיות מזון (201,,משקה סויה ביו עם תות,,250.00,"100 מ""ל",false,,4.90,0.0196,true,1,26109
7290014855434,false,מגבונים בייביסיטר פרפורמנס מבושם רביעיה,בייביסיטר Babysitter,,בייביסיטר פרפורמנס מ,יחידה,0.00,יחידה,false,,15.90,0.0000,true,1,29548
7290014855458,false,מגבוני בייביסיטר פרפורמנס ללא בישום מארז 72X4יח',בייביסיטר Babysitter,,מגבוני בייבי פרפורמנ,יחידה,0.00,יחידה,false,,15.90,0.0000,true,1,29549
7290014860070,false,"מקלוני אורז ללא גלוטן 5 מ""מ 454גר' (אור)",מזרח ומערב יבוא ושיווק,,"מקלוני אורז 5 מ""מ לל",,454.00,100 גרם,false,,10.90,0.0240,true,1,47585
7290014860247,false,שבבי אורז מרובעים ללא גלוטן 227 גרם (Oriental),מזרח ומערב יבוא ושיווק,,שבבי אורז מרובעים לל,,227.00,100 גרם,false,,9.90,0.0436,true,1,252626
7290014860988,false,"קרם קוקוס 17% סלבס 400מ""ל מזרח ומערב",מזרח ומערב יבוא ושיווק,,שימורי קרם קוקוס 17%,,400.00,"100 מ""ל",false,,9.90,0.0248,true,1,47588
7290014905733,false,נוזל לניקוי חלונות הפי (750 מל),"יעקב יעקבי ובניו בע""מ",,הפי מרסס לניקוי חלונ,,750.00,"100 מ""ל",false,,7.50,0.0100,true,1,11386
7290014931008,false,פטרוזיליה עם השורש יחידה,ביכורי השדה צפון 1994 ג.ד. בעמ,,פטרוזיליה עם שורש,,1.00,יח',false,,7.90,7.9000,true,1,49260
7290014931053,false,בזיליקום עם השורש יחידה,גדי מרדכי-מושב שלוש,,בזיליקום עם שורש,,1.00,יח',false,,7.90,7.9000,true,1,49264
7290014940901,false,לחם פשוט מלא לילדים פרוס אנג`ל (750 גרם),מאפיית שלמה א. אנג'\ל בע,,לחם פשוט מלא אנגל 75,,750.00,100 גרם,false,,14.90,0.0199,true,1,35504
7290014945210,false,צימרוני אוזניים עץ 300 י,מ.א.ייצור ויבוא מטליות בעמ,,צמרוני עץ 300 יח בשק,,300.00,יח',false,,3.50,0.0117,true,1,93180
7290015009027,false,"חומץ בלסמי 500 מ""ל ""daniel""",ר. צ'צ'יק,,חומץ בלסמי חומציות 6,,500.00,"100 מ""ל",false,,22.90,0.0458,true,1,47910
7290015009287,false,חומץ בלסמי לבן דניאל,,,חומץ בלסמי לבן דניאל,,500.00,"100 מ""ל",false,,21.90,0.0438,true,1,266518
7290015014182,false,לבבות קיסר בנספק רמי לוי,ביכורי השדה צפון 1994 ג.ד. בעמ,,לבבות חסה,,1.00,יח',false,,9.90,9.9000,true,1,47768
7290015014458,false,מרווה רמי לוי,ביכורי השדה צפון 1994 ג.ד. בעמ,,מרווה (בוסתן),,1.00,יח',false,,6.90,6.9000,true,1,47774
7290015014465,false,רוזמרין (בוסתן),ביכורי השדה צפון 1994 ג.ד. בעמ,,רוזמרין (בוסתן),,1.00,יח',false,,6.90,6.9000,true,1,47775
7290015014472,false,קורנית(בוסתן),ביכורי השדה צפון 1994 ג.ד. בעמ,,קורנית(בוסתן),,1.00,יח',false,,4.90,4.9000,true,1,47776
7290015039253,false,עלי גפן במי מלח ויליפוד 620 גרם,ג. וילי-פוד אינטרנשיונל בע`מ,,עלי גפן במי במלח ויל,,620.00,100 גרם,false,,8.90,0.0144,true,1,3013
7290015129251,false,איטריות גל קונג`אק בצורת פסטה פטוצ`יני ס,אף.סי תבליני בגליל ב,,סקיני - פסטה פטוצ'ינ,,270.00,100 גרם,false,,11.90,0.0441,true,1,96772
7290015129749,false,סקיני פסטה שיבולת שועל נודלס 270 גרם,הוויזאי וואנגייה,,סקיני - פסטה שיבולת,,270.00,100 גרם,false,,11.90,0.0441,true,1,96773
7290015129756,false,סקיני פסטה שיבולת שועל פטוצ'יני 270 גרם,הוויזאי וואנגייה,,סקיני פסטה שיבולת שו,,270.00,100 גרם,false,,11.90,0.0441,true,1,229967
7290015139267,false,שוקולד מריר עם שקדים ללא תוספת סוכר וסטהיים,"כרמית תעשיות ממתקים בע""\",,חופשי שוקולד מריר עם,,85.00,100 גרם,false,,5.90,0.0694,true,1,38666
7290015150088,false,מחית עגבניות קלה גרנד איטליה 700 גרם,תה ויסוצקי (ישראל) בעמ,,מחית עגבניות בלה איט,,700.00,100 גרם,false,,11.90,0.0170,true,1,24785
7290015150118,false,שלישיית עגבניות חתוכות דק גרנד איטליה 400 גרם,תה ויסוצקי (ישראל) בעמ,,עגבניות חתוכות דק בל,,400.00,100 גרם,false,,16.90,0.0422,true,1,24788
7290015150200,false,עגבניות חתוכות דק גרנד איטליה ויסוצקי,תה ויסוצקי (ישראל)בעמ,,עגבניות חתוכות דק ו,,400.00,100 גרם,false,,5.90,0.0148,true,1,24789
7290015156790,false,מחית לפתן פירות חטיפטף ללא תוספת סוכר,גורי מוצרי צריכה (1991) בעמ,,פאוץ' פרינוק לפתן פי,,120.00,100 גרם,false,,5.90,0.0492,true,1,3666
7290015193566,false,מעדני המלך אובלטים שומשום 300 גרם,אם החיטה,,אובלטים שומשום 300 ג,,300.00,100 גרם,false,,9.90,0.0330,true,1,41401
7290015193634,false,אובלטים דקיקים קימל מעדני המלך 300 גר',אם החיטה,,אובלטים קימל 300 גרם,,300.00,100 גרם,false,,9.90,0.0330,true,1,41405
7290015282024,false,איקרא לבנה SEVEN SEAS 200 גרם,"סלטי שמיר 2006 בע""מ",,איקרה לבנה סלטי שמיר,,200.00,100 גרם,false,,13.90,0.0695,true,1,17765
7290015282581,false,חומוס אבו גוש עם חריף שמיר 200 גרם,"סלטי שמיר 2006 בע""מ",,חומוס אבו גוש עם חרי,,200.00,100 גרם,false,,10.90,0.0545,true,1,17782
7290015282598,false,חומוס מסעדות גורמה שמיר 200 גרם,"סלטי שמיר 2006 בע""מ",,חומוס מסעדות,,200.00,100 גרם,false,,10.90,0.0545,true,1,17783
7290015282635,false,חומוס מסבחה גורמה שמיר 200 גרם,"סלטי שמיר 2006 בע""מ",,חומוס מסבחה,,200.00,100 גרם,false,,10.90,0.0545,true,1,17787
7290015282727,false,גזר מרוקאי ברוטב פיקנטי אסלי שמיר 200 ג',"סלטי שמיר 2006 בע""מ",,גזר מרוקאי ברוטב פיק,,200.00,100 גרם,false,,12.90,0.0645,true,1,17794
7290015324007,false,פלפל שחור גרוס 80 גר' טעם וריח,"תבליני טעם וריח בע""מ",,טעם וריח פלפל שחור ג,,80.00,100 גרם,false,,9.90,0.1238,true,1,42479
7290015324014,false,"פלפל שחור טחון בשקית 80 גרם ""טעם וריח""","תבליני טעם וריח בע""מ",,טעם וריח פלפל שחור ט,,80.00,100 גרם,false,,9.90,0.1238,true,1,42480
7290015324045,false,תבלין פפריקה חריפה 80 גר' שק',"תבליני טעם וריח בע""מ",,תבלין פפריקה חריפה ב,,80.00,100 גרם,false,,6.50,0.0813,true,1,42482
7290015324052,false,פפריקה מתוקה 80 גר' טעם וריח,"תבליני טעם וריח בע""מ",,טעם וריח פפריקה מתוק,,80.00,100 גרם,false,,6.50,0.0813,true,1,42483
7290015324069,false,גריל עוף 80 גר' טעם וריח,"תבליני טעם וריח בע""מ",,טעם וריח גריל עוף שק,,80.00,100 גרם,false,,6.50,0.0813,true,1,42484
7290015324083,false,מלח לימון 80 גר' טעם וריח,"תבליני טעם וריח בע""מ",,טעם וריח מלח לימון ש,,80.00,100 גרם,false,,6.50,0.0813,true,1,42486
7290015324106,false,כורכום טחון 80 גר' טעם וריח,"תבליני טעם וריח בע""מ",,טעם וריח כורכום שקית,,80.00,100 גרם,false,,6.80,0.0850,true,1,42488
7290015324113,false,טעם וריח בהרט שקית 8,"תבליני טעם וריח בע""מ",,טעם וריח בהרט שקית 8,,80.00,100 גרם,false,,6.00,0.0750,true,1,42489
7290015324120,false,שום גבישי 80 גר' טעם וריח,"תבליני טעם וריח בע""מ",,טעם וריח שום גבישי ב,,80.00,100 גרם,false,,10.10,0.1262,true,1,42490
7290015324151,false,חוואיג' למרק 80 גר' טעם וריח,"תבליני טעם וריח בע""מ",,תבלין חוויאג למרק ב,,80.00,100 גרם,false,,6.00,0.0750,true,1,42491
7290015328531,false,להבונים 50 יח' 3 שעו,,,להבונים 50 יח' 3 שעו,יחידה,0.00,יחידה,false,,9.90,0.0000,true,1,13240
7290015328647,false,נר נשמה בפח ירושלים 24 שעות,,,נר נשמה בפח 24 שעות,יחידה,0.00,יחידה,false,,1.90,0.0000,true,1,13247
7290015328838,false,קיסמי עץ לירון קרביץ,,,קיסמי עץ לירון קרביץ,יחידה,0.00,יחידה,false,,2.90,0.0000,true,1,13264
7290015348096,false,"למברוסקו רוזה 750 מ""ל ""אמיליאנו""",טמפו משקאות בעמ,,למברוסקו אמיליאנו רו,,750.00,"100 מ""ל",false,,24.90,0.0332,true,1,9544
7290015366663,false,"משחת שיניים מנטה עדין אקווה פרש 100 מ""ל",גלקסוסמיתקליין,,מש.שיניים מנטה עדין,,100.00,100 גרם,false,,7.90,0.0790,true,1,3963
7290015366670,false,משחת שיניים בטעם מנטה אקוהפרש (100 מל),גלקסוסמיתקליין,,מש.שיניים מנטה אקווה,,100.00,100 גרם,false,,7.90,0.0790,true,1,3964
7290015395045,false,"קינואה בשקית שקדיה 400 גרם בד""ץ",דין שיווק וקליה 2021 בעמ,,קינואה שקדיה 400 גרם,,400.00,100 גרם,false,,9.90,0.0248,true,1,4791
7290015437646,false,לה פסטה מיחת עגבניות 680 גרם,רגיה,,מחית עגבניות איטלקיו,,680.00,100 גרם,false,,11.00,0.0162,true,1,247567
7290015572033,false,שרי צהוב,,,שרי צהוב,,1.00,יח',false,,9.90,9.9000,true,1,46613
7290015603201,false,אטריות מחיטה מלאה 454ג' (כ) (fu),קסמיאן קסינגשנג פודסטטפס,,אטריות מחיטה מלאה מז,,454.00,100 גרם,false,,10.90,0.0240,true,1,47593
7290015603560,false,"שימורי קרם קוקוס 20-22% 400 מ""ל (ASIATIC)(כ)",אסיאטיק אגרו אינדוסטרי,,שימורי קרם קוקוס 20-,,400.00,"100 מ""ל",false,,9.90,0.0248,true,1,47599
7290015603591,false,גינגר ורוד כבוש ללא מונוסודיום 160 גרם,מזרח ומערב יבוא ושיווק,,ג'ינג'ר ורוד כבוש לל,,160.00,100 גרם,false,,7.90,0.0494,true,1,304444
7290015644297,false,שישיית לחמניות פשוט מלא אנג'ל 450 גרם,מאפיית שלמה א. אנג'\ל בע,,6 לחמניות פשוט מלא א,יחידה,0.00,יחידה,false,,11.50,0.0000,true,1,35505
7290015644433,false,לחם מחמצת 100% שיפון קל אנג'ל 600 גרם,מאפיית שלמה א. אנג'\ל בע,,לחם מחמצת 100% שיפון,,600.00,100 גרם,false,,17.90,0.0298,true,1,35508
7290015652254,false,גרעיני חמניה קלויים ששון הקולה (400 גרם),דין שיווק וקליה 2021 בעמ,,גרעיני חמניה קלויים,,400.00,100 גרם,false,,10.00,0.0250,true,1,4812
7290015652261,false,בוטנים קלויים ששון הקולה 350 גרם,דין שיווק וקליה 2021 בעמ,,בוטנים קלויים ששון ה,,300.00,100 גרם,false,,10.00,0.0333,true,1,4813
7290015652278,false,תערובת פיצוחים 250 גרם ששון הקולה,דין שיווק וקליה 2021 בעמ,,תערובת פיצוחים ששון,,250.00,100 גרם,false,,20.00,0.0800,true,1,4814
7290015652285,false,אגוזים קלופים ששון הקולה 250 גרם,דין שיווק וקליה 2021 בעמ,,אגוזים קלופים 250 גר,,250.00,100 גרם,false,,20.00,0.0800,true,1,4815
7290015652292,false,קבוקים עם שומשום ששון הקולה 400 גרם,דין שיווק וקליה 2021 בעמ,,קבוקים עם שומשום ששו,,400.00,100 גרם,false,,10.00,0.0250,true,1,4816
7290015652308,false,מנצ'ס ששון הקולה 400 גרם,דין שיווק וקליה 2021 בעמ,,מנצ'ס ששון הקולה 300,,300.00,100 גרם,false,,10.00,0.0333,true,1,4817
7290015652315,false,חמוציות מסוכרות ששון הקולה (300 גרם),דין שיווק וקליה 2021 בעמ,,חמוציות מסוכרות ששון,,300.00,100 גרם,false,,10.00,0.0333,true,1,4818
7290015652322,false,בוטנים אמריקאיים מצופים 400 גר ששון הקלה,דין שיווק וקליה 2021 בעמ,,בוטנים אמריקאים מצופ,,400.00,100 גרם,false,,10.00,0.0250,true,1,4819
7290015766005,false,שרי וויטני יחידה,,,שרי וויטני יחידה,,500.00,100 גרם,false,,9.90,0.0198,true,1,51003
7290015766029,false,עגבניות שרי כתומות 4,אראל תוצרת חקלאית בע,,שרי כתום יח',,460.00,100 גרם,false,,9.90,0.0215,true,1,51004
7290015781114,false,יין אדום אימפרשיין מרלו טפרברג (750 מל),יקב טפרברג 1870 בעמ (יינות ומש,,אימפרשן מרלו,,750.00,"100 מ""ל",false,,49.90,0.0665,true,1,11830
7290015781121,false,"יין IMPRESSION קברנה סוביניון יבש טפרברג 750 מ""ל",יקב טפרברג 1870 בעמ (יינות ומש,,אימפרשן קברנה סובניו,,750.00,"100 מ""ל",false,,49.90,0.0665,true,1,11831
7290015858106,false,"ממרח פסטו ביתי 180 גרם ""עללחם""",שטראוס גרופ בעמ/מצונן,,ממרח פסטו ביתי עללחם,,180.00,100 גרם,false,,16.90,0.0939,true,1,23389
7290015858113,false,"ממרח עגבניות מיובשות 180 גרם ""טריטרי""",שטראוס גרופ בעמ/מצונן,,ממרח עגבניות מיובשות,,180.00,100 גרם,false,,16.90,0.0939,true,1,23390
7290015858144,false,ממרח ארטישוק עללחם 180 גרם,"מדשא תעשיות מזון בע""\מ",,ממרח ארטישוק עללחם 1,,180.00,100 גרם,false,,16.90,0.0939,true,1,23391
7290015865722,false,ענבי ציון קונפיטורה לייט תות שדה 400 גר`,אבאל יזמות בעמ,,קונפיטורה לייט תות ש,,400.00,100 גרם,false,,19.90,0.0497,true,1,207401
7290015872096,false,חומוס אסלי שמיר 700 גרם,"סלטי שמיר 2006 בע""מ",,חומוס אסלי שמיר 700,,700.00,100 גרם,false,,8.90,0.0127,true,1,17806
7290016006339,false,מים מינרלים מי עדן (1x4 ליטר),יפאורה שותפות מוגבלת לשיווק,,מי עדן רביעייה 1 ליט,ליטרים,4.00,ליטר,false,,10.90,2.7250,true,1,11710
7290016006346,false,שוופס סודה 0.5 ליטר מארז שישייה,יפאורה שותפות מובגלת לשיווק,,שוופס סודה שישייה 0.,ליטרים,3.00,ליטר,false,,13.90,4.6333,true,1,11711
7290016087147,false,רוטב עגבניות מתובל לפיצה מרגריטה 240 גרם,אבאל יזמות בעמ,,רוטב עגבניות מתובל ל,,240.00,100 גרם,false,,4.90,0.0204,true,1,41413
7290016087222,false,פריניר רוטב עגבניות מרוכז לשקשוקה 230 גרם,פריניר ( הדס 1987) ב,,ברוטב עגבניות מרוכז,,240.00,100 גרם,false,,4.90,0.0204,true,1,41417
7290016087239,false,רוטב עגבניות מרוכז לשקשוקה פיקנטי פריניר 230 גרם,אבאל יזמות בעמ,,רוטב עגבניות לשקשוקה,,240.00,100 גרם,false,,4.90,0.0204,true,1,41418
7290016096675,false,מארז טונה בשמן זית שלישייה 80 גרם,תעשיות פילטונה בעמ,,טונה בשמן זית פילטונ,,240.00,100 גרם,false,,17.90,0.0746,true,1,26610
7290016114300,false,נייר טואלט דו שכבתי אורך כפול לבן לילי 16 גלילים,קימברלי קלארק ישראל שיווק בעמ,,לילי גליל כפול 16 גל,,588.00,מטר,false,,34.90,0.0594,true,1,9079
7290016117417,false,כרית יפנית 6 יח,,,כרית יפנית 6 יח,יחידה,0.00,יחידה,false,,8.90,0.0000,true,1,281041
7290016150117,false,סלק אדום מקולף ומבושל500,ביג פוד כחול לבן בעמ*שיק 30 יו,,מעדן סלק בוואקום 500,,500.00,100 גרם,false,,5.90,0.0118,true,1,47290
7290016150711,false,נוזל קוקוס פחית 400 גר` AVEL,אבאל יזמות בעמ,,AVEL נוזל קוקוס תאיל,,400.00,"100 מ""ל",false,,5.90,0.0148,true,1,48955
7290016197495,false,ניקול זוג מטליות הקסם מיקרופייבר לרצפה,קימברלי קלארק ישראל שיווק בעמ,,מטלית קסם לרצפה מארז,יחידה,0.00,יחידה,false,,16.90,0.0000,true,1,9093
7290016197839,false,ניקול השקית החזקה 20 יח' XL,קימברלי קלארק ישראל שיווק בעמ,,ניקול השקית החזקה XL,יחידה,0.00,יחידה,false,,23.90,0.0000,true,1,9099
7290016197877,false,שקיות אשפה לפחים בינוניים עם שרוך 50 * 53 ניקול 50 יחידות,קימברלי קלארק ישראל שיווק בעמ,,שקית לפחי מטבח קטנים,יחידה,0.00,יחידה,false,,19.90,0.0000,true,1,9101
7290016233209,false,רביעיית טונה בהירה בשמן סויה* 140 ג' מונטרי,,,טונה מונטריי בשמן תו,,560.00,100 גרם,false,,21.90,0.0391,true,1,81701
7290016246025,false,בארכה מיקס פינוקיות חלווה ללא סוכר 10*20ג,קבוצת אוסם סחר שותפות מוגבלת,,בארכה פנוקיות חלבה ל,,200.00,100 גרם,false,,11.90,0.0595,true,1,18800
7290016246209,false,"חטיף חלבה וניל 100 גרם ""בארכה""",קבוצת אוסם סחר שותפות מוגבלת,,בארכה חטיף חלבה וניל,,100.00,100 גרם,false,,3.90,0.0390,true,1,18802
7290016246445,false,בארכה טחינה גולמית מעודנת שומשום מלא 310 גם,קבוצת אוסם סחר שותפות מוגבלת,,בארכה טחינה גולמית מ,,310.00,100 גרם,false,,10.90,0.0352,true,1,18806
7290016246490,false,בארכה חלבה קלאסית 400 גרם,רושדי תעשיות מזון בע,,בארכה חלבה קלאסית 40,,400.00,100 גרם,false,,10.50,0.0263,true,1,18808
7290016319309,false,סבון נוזלי מאסק קלאסי+משאבה פמלי 1 ל,הנסיך- מפעל לייצור ט,,אל סבון מאסק+משאבה פ,ליטרים,1.00,ליטר,false,,10.90,10.9000,true,1,6018
7290016320343,false,"דאק נוזל ג'ל לניקוי מתקדם בניחות לבנדר זוג * 750 מ""ל",אס. סי. ג'\ונסון מידרכט,,דאק ג'ל נוזל לניקוי,ליטרים,1.50,ליטר,false,,15.90,10.6000,true,1,6035
7290016321661,false,פרש וואנס SENSITIVE מגבונים ללא בישום רביעייה 72 יחידות,עלבד משואות יצחק,,מגבוני פרש וואנס רבי,יחידה,0.00,יחידה,false,,15.90,0.0000,true,1,6048
7290016321890,false,פרשוואנס נייר טואלט מתכלה למבוגרים -מארז שלישייה,עלבד משואות יצחק בעמ,,פרשוואנס נייר טואלט,יחידה,0.00,יחידה,false,,13.50,0.0000,true,1,6052
7290016334166,false,לוף רגיל ארוז ליח,ביכורי השדה צפון 1994 ג.ד. בעמ,,לוף רגיל ארוז ליח,,1.00,יח',false,,7.90,7.9000,true,1,47789
7290016334500,false,לבבות חסה זוגות בשקי,ביכורי השדה צפון 1994 ג.ד. בעמ,,לבבות חסה זוגות בשקי,,1.00,יח',false,,9.90,9.9000,true,1,47794
7290016334654,false,תרד ניו זילנדי רמי לוי,ביכורי השדה צפון 1994 ג.ד. בעמ,,תרד ניו-זילנדי,,300.00,100 גרם,false,,12.90,0.0430,true,1,47796
7290016334685,false,גינגר יח',,,גינגר יח',,1.00,יח',false,,9.90,9.9000,true,1,47798
7290016334784,false,ג'ינג'ר ארוז ברכת קטיף 200 גרם,ביכורי השדה צפון 1994 ג.ד. בעמ,,ג'ינג'ר ארוז 200 גרם,,1.00,יח',false,,11.90,11.9000,true,1,47801
7290016334883,false,שרי תמר בוסתן שמיטה,ביכורי השדה צפון 1994 ג.ד. בעמ,,שרי תמר יח',,1.00,יח',false,,9.90,9.9000,true,1,47802
7290016370270,false,זית קלמטה מגולען 560 ג' -יבנה,"קבוצת יבנה מוצרי מזון בע""מ",,זית קלמטה ללא גלעין,,560.00,100 גרם,false,,11.90,0.0213,true,1,102550
7290016370300,false,זית קלמטה שלם צנצנת יבנה,קבוצת יבנה מוצרי מזון בעמ,,זית קלמטה שלם בצנצנת,,560.00,100 גרם,false,,14.90,0.0266,true,1,102409
7290016370959,false,חציל קלוי (פירה) בצנצנת קבוצת יבנה 530 גרם,"קבוצת יבנה מוצרי מזון בע""מ",,חציל קלוי על האש בצנ,,580.00,100 גרם,false,,9.90,0.0171,true,1,44783
7290016372342,false,עגבניות חתוך קוביות גראנד איטליה מארז 400X3ג',תה ויסוצקי (ישראל) בעמ,,עגבניות חתוכות לקובי,,400.00,100 גרם,false,,16.90,0.0422,true,1,24814
7290016372373,false,רסק עגבניות ללא תוספת סוכר ומלח - מארז זוג,תה ויסוצקי (ישראל) בעמ,,רסק עגבניות איטליה ב,,280.00,100 גרם,false,,6.90,0.0246,true,1,24816
7290016408720,false,אגו מיקס בייגלה מצופה שוקולד לבן 55גר* 24 בקר',כרמית תעשיות ממתקים בעמ,,מיקסים בייגלה מצופה,,55.00,100 גרם,false,,4.90,0.0891,true,1,38745
7290016440652,false,תערובת פרוסות ירקות חמוצים מעדני עופר 500 גרם,קפוא זן תעשיות מזון בעמ,,תערובת פרוסות ירקות,,500.00,100 גרם,false,,19.90,0.0398,true,1,178729
7290016509786,false,פרסיל גל לכביסה לבנה וצבעונית-ירוק 2.5 ל,גורי שיווק בעמ,,פרסיל ג'ל 2.5 ליטר י,ליטרים,2.50,ליטר,false,,34.90,13.9600,true,1,34921
7290016509809,false,ג'ל מרוכז לכביסה קולור 2.5 ל' פרסיל,גורי שיווק בעמ,,פרסיל ג'ל 2.5 ליטר ק,ליטרים,2.50,ליטר,false,,34.90,13.9600,true,1,34923
7290016509823,false,ג'ל לכביסה לבנה וצבעונית בניחוח רענן,גורי שיווק בעמ,,פרסיל ג'ל 2.5 ליטר ב,ליטרים,2.50,ליטר,false,,34.90,13.9600,true,1,34925
7290016510249,false,"הוואי - תחליב רחצה יוגורט שקדים 700 מ""ל",תאי פרזידנט פוד פאבל,,תחליב רחצה יוגורט שק,,700.00,"100 מ""ל",false,,9.90,0.0141,true,1,8113
7290016510430,false,"תחליב רחצה הוואי שמני הזנה מגנוליה 700 מ""ל",טרופיקל דגיל בעמ,,תחליב רחצה בניחוח מג,,700.00,"100 מ""ל",false,,9.90,0.0141,true,1,8122
7290016510768,false,"הוואי תחליב רחצה יוגורט ואוכמניות 700 מ""ל",טרופיקל דגיל בעמ,,תחליב רחצה יוגורט או,,700.00,"100 מ""ל",false,,9.90,0.0141,true,1,8124
7290016510898,false,הוואי שמפו לשיער רגיל 700 מל פריחת דודב,שוורצקוף& הנקל דיסלד,,שמפו פריחת הדובדבן ה,,700.00,"100 מ""ל",false,,9.90,0.0141,true,1,8129
7290016513974,false,קרפלך במילוי פטריות איי פוד 600 גרם,"אימפריאל הזרב פוד בע""מ",,קרפלך במילוי פטריות,,1.00,יח',false,,20.90,20.9000,true,1,294763
7290016584011,false,חטיפוני גזר 350 גרם גיזרונים,קונס`-מרינה פטריות הגליל בעמ*ש,,חטיפוני גזר 350 גרם,,350.00,100 גרם,false,,11.90,0.0340,true,1,41568
7290016621341,false,אל סבון היגייני לניקוי יסודי קמיל Clean & Moisture,פישר תעשיות פרמבצטיות בעמ,,אל סבון ניקיון ולחות,ליטרים,1.00,ליטר,false,,15.90,15.9000,true,1,29290
7290016621358,false,"ד""ר פישר - קמיל אל סבון ניקיון והזנה ורוד 1 ליטר","פישר תעשיות פרמבצטיות בע""מ",,אל סבון ניקיון ולחות,ליטרים,1.00,ליטר,false,,15.90,15.9000,true,1,29291
7290016682328,false,מיץ תפוזים 100% עשוי מרכז 2 ל' פריניב,תנובה - פריניב,,פרי ניב מיץ תפוזים ט,ליטרים,2.00,ליטר,false,,20.60,10.3000,true,1,191918
7290016682342,false,מיץ תפוזים וולנסיה פרי ניב 2 ליטר-,תנובה - פריניב,,פרי ניב מיץ 100% טבע,ליטרים,2.00,ליטר,false,,26.60,13.3000,true,1,191945
7290016682397,false,מיץ חמוציות פרי ניב 2 ליטר-,תנובה - פריניב,,נקטר חמוציות פריניב,ליטרים,2.00,ליטר,false,,18.90,9.4500,true,1,191974
7290016693300,false,"יין היוצר בראשית שרדונה 750 מ""ל",יקבי ארזה,,יין היוצר בראשית שרד,,750.00,"100 מ""ל",false,,37.90,0.0505,true,1,11933
7290016867008,false,"לחם כוסמין מחמצת ד""ר מרק",המאפה של דר מרק בריאות באפייה,,לחם כוסמין מחמצת 700,,700.00,100 גרם,false,,17.90,0.0256,true,1,177974
7290016867114,false,לחם קל מכוסמין מלא 500 גר`דר מרק,המאפה של דר מרק בריאות באפייה,,לחם כוסמין קל מלא 50,,500.00,100 גרם,false,,17.90,0.0358,true,1,177976
7290016867145,false,"מארז פיתות קלות קמח מלא 6 יחידות ד""ר מרק",המאפה של דר מרק בריאות באפייה,,פיתות קלות קמח מלא 3,,360.00,100 גרם,false,,13.90,0.0386,true,1,178039
7290016867152,false,"מארז פיתות קלות כוסמין 5 יחידות ד""ר מרק",המאפה של דר מרק בריאות באפייה,,פיתות קלות כוסמין 29,,292.00,100 גרם,false,,13.90,0.0476,true,1,178040
7290016867176,false,"מארז לחמניות קלות כוסמין שומשום במתיקות מעודמת 5 יחידות ד""ר מרק",המאפה של דר מרק בריאות באפייה,,לחמניות ק. כוסמין שו,,300.00,100 גרם,false,,13.90,0.0463,true,1,178022
7290016867244,false,שישיה לחמניות כוסמין בתוספת מחמצת 99 קלוריות,המאפה של דר מרק בריאות באפייה,,לחמניות מחמצת כוסמין,,321.00,100 גרם,false,,14.90,0.0464,true,1,178006
7290016867251,false,לחם קל שיפון 450 גרם,המאפה של דר מרק בריאו בעמ,,לחם קל שיפון 450 גרם,,450.00,100 גרם,false,,14.90,0.0331,true,1,177992
7290016967074,false,לחם חיטה מלאה עם גרעינים ודגנים,מאפיית שלמה א. אנג'\ל בע,,חיטה מלאה אנגל 750 ג,,750.00,100 גרם,false,,16.90,0.0225,true,1,35510
7290016967456,false,לחם צרפתי מחמצת 100% כוסמין 600 ג' אנג'ל,"מאפיית אנג'\ל בעמ, מקבוצ",,לחם מחמצת כוסמין אנג,,600.00,100 גרם,false,,17.90,0.0298,true,1,35511
7290016998191,false,מיקס עלי בייבי נטורז,ביכורי השדה צפון 1994 ג.ד. בעמ,,מיקס עלי ביבי 120 גר,,120.00,100 גרם,false,,8.90,0.0742,true,1,130983
7290016998269,false,לקט קולסלאו נטורזה 4,ביכורי השדה צפון 1994 ג.ד. בעמ,,לקט קולסלאו 400 גר,,400.00,100 גרם,false,,7.90,0.0198,true,1,130989
7290016998276,false,גזר חתוך דק נטורזה 2,ביכורי השדה צפון 1994 ג.ד. בעמ,,גזר חתוך דק 250 גר,,250.00,100 גרם,false,,6.90,0.0276,true,1,130990
7290016998320,false,לבבות קיסר נטורזה יח,ביכורי השדה צפון 1994 ג.ד. בעמ,,לבבות קיסר מארז,,1.00,יח',false,,11.90,11.9000,true,1,130995
7290017023212,false,"שוויפס מוגז פירות תפוח מארז רביעייה* 330 מ""ל",יפאורה שותפות מוגבלת לשיווק,,רביעיית משקה שוופס ב,ליטרים,1.32,ליטר,false,,13.90,10.5303,true,1,11730
7290017023236,false,רביעיית פחיות שוופס מוגז פירות ענבים 330 מל.,יפאורה שותפות מוגבלת לשיווק,,רביעיית משקה שוופס ב,ליטרים,1.32,ליטר,false,,13.90,10.5303,true,1,11732
7290017023854,false,מי סודה בקבוקים אישיים - מארז 4 יח',יפאורה שותפות מוגבלת לשיווק,,"שוופס סודה 250 מ""ל ר",ליטרים,1.00,ליטר,false,,9.90,9.9000,true,1,11756
7290017058573,false,פרוסות פלפל חלפיניו בחומץ 340 גרם תומר,תומר יבוא ושיווק מוצרי מזון (1,,פרוסות פלפל חלפיניו,,340.00,100 גרם,false,,8.90,0.0262,true,1,25206
7290017062686,false,מרכך כביסה מרוכז בייבי 1 ל`טאצ`.,סאסאטק אגשח בעמ,,מרכך כביסה מרוכז טאצ,ליטרים,1.00,ליטר,false,,12.90,12.9000,true,1,102144
7290017062693,false,מרכך כביסה מרוכז לבן 1*5 ליטר טאצ,סאסאטק אגשח בעמ,,מרכך כביסה מרוכז טאצ,ליטרים,1.00,ליטר,false,,12.90,12.9000,true,1,102145
7290017062723,false,מרכך כביסה מרוכז ירוק 1*5 ליטר טאצ,סאסאטק אגשח בעמ,,מרכך כביסה מרוכז טאצ,ליטרים,1.00,ליטר,false,,12.90,12.9000,true,1,102146
7290017062730,false,"נוזל כלים לבנדר 36% 750 מ""ל טא'צ+משאבה",סאסאטק אגשח בעמ,,נוזל כלים לבנדר 36%,,750.00,"100 מ""ל",false,,8.90,0.0119,true,1,94081
7290017062747,false,נוזל כלים תפוח (36% 750 מל)+משאבה טאצ,סאסאטק אגשח בעמ,,נוזל כלים תפוח 36% 7,,750.00,"100 מ""ל",false,,8.90,0.0119,true,1,94082
7290017062754,false,נוזל כלים לימון (36% 750 מל)+משאבה טא,סאסאטק אגשח בעמ,,נוזל כלים לימון 36%,,750.00,"100 מ""ל",false,,8.90,0.0119,true,1,95338
7290017065007,false,פרוסות גבינה מוצרלה חצי קשה 22% שומן 200 ג' גד,מחלבות גד שיווק 1992 בעמ,,מוצרלה פרוסה חצי קש,,200.00,100 גרם,false,,17.90,0.0895,true,1,14721
7290017065137,false,ריקוטה למריחה 5% טבעית 200 גר`מחלבות גד,מחלבות גד שיווק 1992 בעמ,,גבינה ריקוטה למריחה,,200.00,100 גרם,false,,9.90,0.0495,true,1,14724
7290017065144,false,ריקוטה למריחה בתוספת בזיליקום 5% גד 200 גם,מחלבות גד שיווק 1992 בעמ,,גבינה ריקוטה למריחה,,200.00,100 גרם,false,,9.90,0.0495,true,1,14725
7290017065236,false,גבינה בולגרית מעודנת 24% גד (250 גרם),מחלבות גד שיווק 1992 בעמ,,בולגרית מעודנת 24% 2,,250.00,100 גרם,false,,21.90,0.0876,true,1,14731
7290017065434,false,גבינה גאודה פרוסה הולנדית 200 גר',מחלבות גד שיווק 1992 בעמ,,גד פרוסות גאודה 200,,200.00,100 גרם,false,,19.90,0.0995,true,1,14740
7290017065526,false,קוואטרו פורמאג'י 4 גבינות מגוררות 26%,מחלבות גד שיווק 1992 בעמ,,גד קוואטרו פורמאג'י,,300.00,100 גרם,false,,28.90,0.0963,true,1,14748
7290017065731,false,גבינת שמנת 30% ניו יורק +כמהין 200 גרם רבנות,מחלבות גד שיווק 1992 בעמ,,גבינת שמנת ניו יורק,,200.00,100 גרם,false,,12.90,0.0645,true,1,126663
7290017068367,false,שמרים בוואקום 125 גרם,מיה תעשיות מזון מ.ת.מ בעמ,,מיה שמרים בוואקום 12,,125.00,100 גרם,false,,4.90,0.0392,true,1,15283
7290017068374,false,שמרים יבשים בואקום מיה 500 גרם,מיה תעשיות מזון מ.ת.מ. בעמ,,מיה שמרים בוואקום 50,,500.00,100 גרם,false,,10.90,0.0218,true,1,15284
7290017088105,false,טיטולי בייביסיטר מידה 3 38 יח,די.פי.אל תעשיות מוצר,,ביייביסיטר נוחות מיד,,40.00,יח',false,,34.90,0.8725,true,1,29565
7290017088112,false,חיתולי בייביסיטר נוחות מידה 4 36 יח',די.פי.אל תעשיות מוצר,,ביייביסיטר נוחות מיד,,36.00,יח',false,,34.90,0.9694,true,1,29566
7290017088129,false,טיטולי בייביסיטר מידה 4+ 34 יח,די.פי.אל תעשיות מוצר,,ביייביסיטר נוחות מיד,,40.00,יח',false,,34.90,0.8725,true,1,29567
7290017088631,false,רבעיית מגבונים תולי ללא בישום 72*4 יחידות,שקד תבל בעמ,,מגבון Tooly רביעייה,יחידה,0.00,יחידה,false,,9.90,0.0000,true,1,60747
7290017088693,false,קוויק מטליות לחות לניקוי וחיטוי רצפות ניחוח לוונדר 10 יחידות,שקד תבל בעמ,,מגבונים לניקוי וחיטו,,10.00,יח',false,,9.90,0.9900,true,1,29571
7290017088839,false,BREEZE תחבושות לבריחת שתן אקסטרה פלוס (8 יח'),שקד תבל בעמ,,תחבושות Breeze לבריח,,12.00,יח',false,,18.90,1.5750,true,1,135232
7290017088914,false,מגבונים בייביסיטר מבושם מארז שישייה,שקד תבל בעמ,,מגבונים מבושם בייביס,יחידה,0.00,יחידה,false,,16.90,0.0000,true,1,88904
7290017094861,false,חומוס עם רוטב מסבחה אסלי שמיר 400 ג',"סלטי שמיר 2006 בע""מ",,חומוס עם רוטב מסבחה,,400.00,100 גרם,false,,10.90,0.0273,true,1,17831
7290017105062,false,גרגירי חומוס שלם יכין הקטניה הטובה 200 ג,היינץ צפון אמריקה מק,,חומוס 6OZ יכין 200 ג,,200.00,100 גרם,false,,3.90,0.0195,true,1,8751
7290017105086,false,שימורי יכין שעועית צילי 200 גר,"זנלכל בע""\מ",,שעועית צ'ילי 6OZ יכי,,200.00,100 גרם,false,,3.90,0.0195,true,1,8753
7290017105550,false,רביעיית רסק עגבניות 100% יכין 4X100 גרם,היינץ צפון אמריקה מק,,מאגדת רסק עגבניות יכ,,400.00,100 גרם,false,,11.90,0.0298,true,1,8761
7290017105895,false,גרגרי חומוס להכנת חומוס משובח יכין 560 ג,זנלכל בעמ,,גרגרי חומוס מסעדות י,,550.00,100 גרם,false,,9.90,0.0180,true,1,76778
7290017121093,false,"אריסה חריפה 250 גרם ""עללחם""","מדשא תעשיות מזון בע""\מ",,ממרח אריסה חריפה עלל,,250.00,100 גרם,false,,14.90,0.0596,true,1,23398
7290017129884,false,חמישיות שוקולד מריר 44% 85 גר*5*12 בקרטון,"כרמית תעשיות ממתקים בע""\",,חמישיית שוקולד מריר,,425.00,100 גרם,false,,15.90,0.0374,true,1,118350
7290017142005,false,"שמן קוקוס אורגני עץ הזית צנצנת 320מ""ל",סוגת תעשיות בעמ,,שמן קוקוס אורגני כתי,,320.00,"100 מ""ל",false,,30.90,0.0966,true,1,29369
7290017142128,false,"שמן זית כתית מעולה קלאסי עץ הזית 750 מ""ל",סוגת תעשיות בעמ,,שמן זית כתית מעולה ק,,750.00,"100 מ""ל",false,,33.90,0.0452,true,1,29377
7290017142159,false,"שלישיית נתחי טונה בהירה בשמן זית 80 גרם ""עץ הזית""",הנסיך- מפעל לייצור ט,,נתחי טונה בהירה בשמן,,240.00,100 גרם,false,,23.90,0.0996,true,1,29378
7290017142289,false,תרסיס שמן חמניות 200 מל ללא תוספת גז עץ,י.ב טכנולוגיות אריזה בעמ,,תרסיס שמן חמניות עץ,,200.00,"100 מ""ל",false,,15.90,0.0795,true,1,29386
7290017142340,false,שמן זרעי ענבים מזוכך 1 ליטר עץ הזית*,אף.ג'\יי.סנצ'\ז סוקחורס,,שמן זרעי ענבים מזוכך,ליטרים,1.00,ליטר,false,,29.90,29.9000,true,1,29390
7290017142395,false,"LUNCH TO GO פסטה עם טונה בשמן זית 160 גרם ""עץ הזית""",יוניקורד ח.צ בעמ,,פסטה עם טונה בשמן זי,,160.00,100 גרם,false,,13.90,0.0869,true,1,29395
7290017239200,false,סלמון נורווגי מעושן,,,סלמון נורווגי מעושן,,100.00,100 יח',false,,14.90,0.1490,true,1,128549
7290017304885,false,לחם שיפון מחיטה מלאה ללא תוספת סוכר 750 ג' אנג'ל,מאפיית שלמה א. אנג'\ל בע,,לחם שיפון וחיטה מלאה,,750.00,100 גרם,false,,16.90,0.0225,true,1,35516
7290017440965,false,אל סבון היגייני לניקוי יסודי ולהזנת העור clean & nourish,פישר תעשיות פרמבצטיות בעמ,,אל סבון ניקיון ולחות,ליטרים,1.00,ליטר,false,,15.90,15.9000,true,1,29335
7290017457574,false,כדוריות סבון נתלה לאסלה בניחוח פרחים - 3 יח',גורי שיווק בעמ,,סוד סבון 4 כדוריות ל,,150.00,100 גרם,false,,16.90,0.1127,true,1,34935
7290017457611,false,גל כביסה סוד טוטאל ירוק 2.5 ליטר,גורי שיווק בעמ,,ג'ל כביסה ירוק סוד,ליטרים,2.50,ליטר,false,,24.90,9.9600,true,1,68253
7290017457628,false,גל כביסה סוד טוטאל כחול 2.5 ליטר,גורי שיווק בעמ,,ג'ל כביסה סוד כחול,ליטרים,2.50,ליטר,false,,24.90,9.9600,true,1,68254
7290017477169,false,קשיו קלוי 250 גרם ששון הקולה,דין שיווק וקליה 2021 בעמ,,קשיו קלוי ששון הקולה,,250.00,100 גרם,false,,20.00,0.0800,true,1,4898
7290017513829,false,תה ירוק לימונית ג'ינג'ר 25 שקיקים בתוספת ויטמין Cּּ+D,תה ויסוצקי (ישראל) בעמ,,תה ירוק לימונית ג'ינ,,37.50,100 גרם,false,,23.90,0.6373,true,1,91821
7290017589633,false,"רזרב גולד אדישיין קברנה סוביניון 750 מ""ל",טמפו משקאות בעמ,,יין רזרב קברנה גולד,,750.00,"100 מ""ל",false,,48.90,0.0652,true,1,9557
7290017595078,false,כוסיות לנרונים עם רגל בתפזורת שלהבת,צבע ומכחול (2014) בעמ,,כוסית זכוכית עם רגל,יחידה,0.00,יחידה,false,,1.90,0.0000,true,1,46542
7290017599274,false,סוכרזית סטיוויה 120שקיות 100גרם,"שטראוס גרופ בע""מ",,סוכרזית סטיוויה ממת,,120.00,100 גרם,false,,24.90,0.2075,true,1,306076
7290017617084,false,סטארקיסט מיקס טוגו טונה עם שעועית 185 גרם,דיפלומט מפיצים (1968) בעמ**,,סטארקיסט מיקס 185 גר,,185.00,100 גרם,false,,12.90,0.0697,true,1,234304
7290017617091,false,סטארקיסט מיקס טוגו טונה עם פתיתים 185 גרם,דיפלומט מפיצים (1968) בעמ**,,סטארקיסט מיקס 185 גר,,185.00,100 גרם,false,,12.90,0.0697,true,1,191632
7290017641744,false,"חטיפי קרח גדולים בטעמי פטל, לימון, ענבים ואננס",כרמית תעשיות ממתקים בעמ,,איגלו סטיקס כרמית 8*,,800.00,100 גרם,false,,4.90,0.0061,true,1,67862
7290017677804,false,"רוטב סויה קיקומן ללא חומרים משמרים 444 מ""ל",דיפלומט מפיצים (1968) בעמ**,,קיקומן רוטב סויה ללא,,444.00,"100 מ""ל",false,,19.90,0.0448,true,1,5347
7290017715506,false,חומץ 5% תומר 1 ליטר,,,חומץ תומר 1 ליטר,ליטרים,1.00,ליטר,false,,5.90,5.9000,true,1,62741
7290017724119,false,עוגיות אוזנים אקלר 200 גרם,הלל בן הלל שיווק ומסחר בעמ,,עוגיות אוזניים אקלר,,200.00,100 גרם,false,,23.90,0.1195,true,1,225310
7290017724126,false,עוגיות טחינה אקלר 250 גרם,הלל בן הלל שיווק ומסחר בעמ,,עוגיות טחינה אקלר 25,,250.00,100 גרם,false,,23.90,0.0956,true,1,225238
7290017812052,false,יין שיראז-קברנה סוביניון אקסלנס יקבי כרמל,אגודת הכורמים בעמ,,אקסלנס שיראז קברנה ס,,750.00,"100 מ""ל",false,,25.90,0.0345,true,1,641
7290017812069,false,יין אמרלד ריזלינג שרדונה אקסלנס Excellence,אגודת הכורמים בעמ,,אקסלנס ריזלינג שרדונ,,750.00,"100 מ""ל",false,,25.90,0.0345,true,1,642
7290017812380,false,תירוש מיץ ענבים אדום,,,תירוש מיץ ענבים אדום,,750.00,"100 מ""ל",false,,12.90,0.0172,true,1,649
7290017812571,false,מיץ ענבים תירוש אדום 100% טבעי כרמל 1 ליטר,אגודת הכורמים -כרמל מזרחי,,תירוש מיץ ענבים אדום,ליטרים,1.00,ליטר,false,,19.90,19.9000,true,1,52368
7290017812618,false,מיץ ענבים תירוש אדום רוזה כרמל 1 ליטר,אגודת הכורמים -כרמל מזרחי,,מיץ ענבים רוזה תירוש,ליטרים,1.00,ליטר,false,,19.90,19.9000,true,1,65131
7290017812663,false,"תירוש לבן מיץ ענבים מבעבע כרמל 750 מ""ל",ג'\קובז'\י איי.אי פיגלי,,תירוש לבן מבעבע יקבי,,750.00,"100 מ""ל",false,,20.90,0.0279,true,1,157774
7290017812847,false,"יין כרמל סלקטד פרנץ' גוורצטרמינר, 750 מ""ל","כד בני דרום בע""מ",,סלקטד פרנץ קולומברד,,750.00,"100 מ""ל",false,,29.90,0.0399,true,1,105320
7290017871370,true,סבון ידיים מועשר בשמ,,,סבון ידיים מועשר בשמ,,500.00,"100 מ""ל",false,,9.90,0.0198,true,1,6055
7290017872001,false,"קרם החתלה פרשוואנס שמן זית ופרופוליס 100 סמ""ק","דנשר (1963) בע,מ",,משחת החתלה פרשוואנס,,100.00,"100 מ""ל",false,,12.50,0.1250,true,1,66869
7290017872049,false,"פמלי אל סבון בניחוח לוונדר ארומטי- שלישייה 500 מ""ל",אברנסל קוסמטיקס,,פמלי אל סבון שלישייה,ליטרים,1.50,ליטר,false,,14.90,9.9333,true,1,70956
7290017872056,false,פמלי אל סבון 3*1 הסדרה הלבנה-מעורב 500 גרם*3,אברנסל קוסמטיקס,,פמלי אל סבון סידרה ל,,500.00,"100 מ""ל",false,,14.90,0.0298,true,1,70957
7290017873039,false,מארז זוג שקיות לסנדוויץ גלילונית 2*160 יח',"קינג באג בע""מ",,גלילונית שקיות אוכל,יחידה,0.00,יחידה,false,,10.90,0.0000,true,1,199565
7290017888729,false,שוופס סודה בקבוק 1 ל',יפאורה שותפות מוגבלת לשיווק,,שוופס סודה 1 ליטר,ליטרים,1.00,ליטר,false,,4.50,4.5000,true,1,66340
7290017917764,false,"ד""ר פישר - אפקטיב קר קרם גוף מועשר בשמן ארגן 450 מ""ל",פישר תעשיות פרמבצטיות בעמ,,קרם גוף אפקטיב קר 4,,450.00,"100 מ""ל",false,,24.90,0.0553,true,1,105381
7290017928098,false,בייגלה שטוח מלח 330 גר` מאיר בייגל,מאיר את בייגל,,בייגלה שטוח מלח מאיר,,330.00,100 גרם,false,,11.90,0.0361,true,1,180354
7290017928616,false,בייגלה שטוחלה שומשום 300 גר` מאיר בייגל,מאיר את בייגל,,שטוחלה שומשום מאיר ב,,300.00,100 גרם,false,,11.90,0.0397,true,1,5360
7290017928685,false,בייגלה שמיניות מלוח מאיר בייגל 400 גרם.,מאיר את בייגל,,בייגלה שמיניות עם מל,,400.00,100 גרם,false,,11.90,0.0298,true,1,180314
7290017928807,false,בייגלה אצבעות שומשום מאיר בייגל 300 גרם,מאיר את בייגל,,אצבעות שומשום מאיר ב,,300.00,100 גרם,false,,11.90,0.0397,true,1,5363
7290017928821,false,מאיר בייגל מקלות גריסיני קלאסי 200 גרם,מאיר את בייגל,,מקלות גריסיני קלאסי,,200.00,100 גרם,false,,11.90,0.0595,true,1,5365
7290017941288,false,נר נשמה 24 שעות,,,נר נשמה 24 שעות,יחידה,0.00,יחידה,false,,1.90,0.0000,true,1,152477
7290017941387,false,WIZ להבונים בקופסא 100 יחידות,,,להבונים בקופסא 100 י,יחידה,0.00,יחידה,false,,22.90,0.0000,true,1,164611
7290017941455,false,כוסות 9oz לשתיה חמה,,,כוסות 9oz לשתיה חמה,יחידה,0.00,יחידה,false,,14.90,0.0000,true,1,130583
7290017941462,false,כוסות שתיה חמה 8B י,,,כוסות שתיה חמה 8B י,יחידה,0.00,יחידה,false,,9.90,0.0000,true,1,122866
7290017941684,false,מארז תבניות רוסטר ענ,,,מארז תבניות רוסטר ענ,יחידה,0.00,יחידה,false,,12.90,0.0000,true,1,115741
7290017941790,false,ניילון נצמד 30*30 עם,,,ניילון נצמד 30*30 עם,,30.00,מטר,false,,8.90,0.2967,true,1,152496
7290017941820,false,כוסות שתיה קרה כחול,,,כוסות שתיה קרה כחול,יחידה,0.00,יחידה,false,,13.90,0.0000,true,1,108959
7290017941912,false,שיפודי במבוק עובי 5,,,שיפודי במבוק עובי 5,יחידה,0.00,יחידה,false,,5.90,0.0000,true,1,118366
7290017941967,false,שקיות אוכל XL 300 י,,,שקיות אוכל XL 300 י,יחידה,0.00,יחידה,false,,8.90,0.0000,true,1,144815
7290017946368,false,שלישיית כדוריות סבון לאסלה אוקיינוס סוד 50 גרם,גורי שיווק בעמ,,סוד כדוריות לאסלה P.,,150.00,100 גרם,false,,16.90,0.1127,true,1,104852
7290017946979,false,פרסיל ג'ל כביסה נטרול ריחות לא נעימים 2.4 ליטר,גורי שיווק בעמ,,פרסיל ג'ל פרימיום 2.,ליטרים,2.40,ליטר,false,,34.90,14.5417,true,1,109016
7290017947105,false,לחם אנג'ל בסגנון אמריקה 500 גרם,מאפיית שלמה א. אנג'\ל בע,,לחם בסגנון אמריקה אנ,,500.00,100 גרם,false,,14.90,0.0298,true,1,35517
7290017947464,false,שמיניית פיתות כוסמין אנג'ל 8*50 גרם,מאפיית שלמה א.אנג'\ל בע\,,שמיניית פיתות כוסמין,,400.00,100 גרם,false,,15.90,0.0398,true,1,86635
7290017947495,false,לחמניות כוסמין 6 יח(450 גר`)אנג`ל,"איטיליאן פוד, אס.פי.",,6 לחמניות כוסמין אנג,,450.00,100 גרם,false,,15.90,0.0353,true,1,99732
7290017947891,false,לחם אנג'ל כוסמין וחיטה מלאה 750 גרם,מאפיית שלמה א. אנג'\ל בע,,לחם כוסמין וחיטה מלא,,750.00,100 גרם,false,,16.90,0.0225,true,1,35518
7290017947921,true,מארז לחמניות המבורגר,,,מארז לחמניות המבורגר,,450.00,100 גרם,false,,14.90,0.0331,true,1,67884
7290017947938,false,מיני לחמניות המבורגר בסגנון אמריקה 400 ג' אנג'ל,מאפיית שלמה א. אנג'\ל בע,,8 לחמניות המבורגר בס,,4000.00,100 גרם,false,,14.90,0.0037,true,1,100203
7290018029206,false,עוגיות כתר ריבה מיקס 600 גרם,שיבולים יצור ושיווק מוצרי מאפה,,עוגיות כתר ריבה מיקס,,600.00,100 גרם,false,,19.90,0.0332,true,1,20225
7290018045695,false,דגני בוקר בון בון במילוי קרם בטעם קרמל מ,ר.ב. מוצרי דגנים בעמ,,דגנים במילוי קרם קרמ,,480.00,100 גרם,false,,23.90,0.0498,true,1,214670
7290018091074,false,בצק עוגיות שוקולד צ'יפס 300 גרם מעדנות,תנובה מרכז שיתופי לשיווק תוצרת,,בצק עוגיות שוקולד צ',,300.00,100 גרם,false,,16.90,0.0563,true,1,255986
7290018132388,false,"מטרנה גולד בד""ץ שלב 2 700 גרם",קבוצת אוסם סחר שותפות מוגבלת,,מטרנה גולד בדץ שלב 2,,700.00,100 גרם,false,,75.90,0.1084,true,1,285052
7290018165447,false,רזרב גולד מרלו ( 750 מל) יקבי ברקן,יקבי ברקן שיווק והפצה בע,,יין רזרב גולד מרלו 7,,750.00,"100 מ""ל",false,,48.90,0.0652,true,1,103746
7290018237939,false,שניצלונים ציפוי שומשום עוף טוב 700 גרם,קבוצת אוסם סחר שותפות מוגבלת,,שניצלונים ציפוי שומש,,700.00,100 גרם,false,,19.90,0.0284,true,1,282659
7290018249802,false,ממתיק סוויטאנגו צנצנת 280 גרם,י.איטליאנו אחזקות בעמ,,כמו סוכר באריזת צנצנ,קילוגרמים,280.00,"ק""ג",false,,27.90,0.0996,true,1,74010
7290018359495,false,תירס מהשדה בלי תוספת סוכר יכין 550 גרם,היינץ צפון אמריקה מק,,תירס מהשדה בלי תוספת,,550.00,100 גרם,false,,8.90,0.0162,true,1,90680
7290018359716,false,רוטב עגבניות פיצה טוסקנה 240 גרם יכין,"זנלכל בע""\מ",,רוטב פיצה טוסקנה יכי,,240.00,100 גרם,false,,5.50,0.0229,true,1,123299
7290018359853,false,עדשים שחורות יכין 400 גרם,"זנלכל בע""מ",,עדשים שחורות יכין 40,,400.00,100 גרם,false,,7.90,0.0198,true,1,168560
7290018359860,false,רסק עגבניות ליקופן טבעי 2*200גר יכין .,זנלכל בעמ,,רסק עגבניות ליקופן י,,400.00,100 גרם,false,,10.00,0.0250,true,1,219400
7290018359884,false,פולפה ליקופן טבעית 2*400גר יכין A1.,זנלכול יכין,,פולפה ליקופן טבעית י,,800.00,100 גרם,false,,16.90,0.0211,true,1,219372
7290018380871,false,פטיסון כבוש שלם תומר 670 גרם,תומר ייבוא ושיווק מוצרי מזון [,,פטיסון כבוש שלם תומר,,670.00,100 גרם,false,,12.90,0.0193,true,1,240869
7290018400807,false,טברנה יוונית סנפרוסט 800 גרם,"סנפרוסט בע""מ",,טברנה יוונית סנפרוסט,,600.00,100 גרם,false,,19.90,0.0332,true,1,89661
7290018440230,false,תה צ'אי ורדים 25 שקיקים ויסוצקי,תה ויסוצקי (ישראל) בעמ,,חווית הצ'אי- ורדים 2,,50.00,100 גרם,false,,19.90,0.3980,true,1,189721
7290018440247,false,תה צ'אי שקדים0 25 שקיקים ויסוצקי,תה ויסוצקי (ישראל) בעמ,,חווית הצ'אי- שקדים 2,,50.00,100 גרם,false,,19.90,0.3980,true,1,189707
7290018440438,false,Calvo טונה בשמן זית פתיחה קלה 3 * 65 גרם,תה ויסוצקי (ישראל) בעמ,,טונה easy flip בשמן,,195.00,100 גרם,false,,25.90,0.1328,true,1,286398
7290018471029,false,"סודה בטעם לימון - מארז 6 בקבוקים 500 מ""ל",יפאורה שותפות מוגבלת לשיווק,,שוופס סודה לימון שיש,ליטרים,3.00,ליטר,false,,13.90,4.6333,true,1,94231
7290018471920,false,שוופס מוגז פירות ענבים 1.5 ליטר פיקדון,יפאורה - שותפות מוגבלת לשיווק,,שוופס ענבים מוגז 1.5,ליטרים,1.50,ליטר,false,,9.50,6.3333,true,1,193493
7290018471944,false,שוופס מוגז פירות לימונייד 1.5 ליטר פיקדון,יפאורה - שותפות מוגבלת לשיווק,,שוופס מוגז למונייד 1,ליטרים,1.50,ליטר,false,,9.50,6.3333,true,1,193495
7290018500361,false,"לחם שחור פרוס 900 גרם ""אנג'ל"" -מוצר בפיקוח",מאפיית שלמה א. אנג'\ל בע,,לחם אחיד פרוס מאפיית,,900.00,100 גרם,false,,8.32,0.0092,true,1,281859
7290018540329,false,שקית פיתה פיתה בלדי 800 ג' אנג'ל,מאפיית שלמה א. אנג'\ל בע,,פיתה פיתה אנגל 880 ג,,10.00,יח',false,,12.90,1.2900,true,1,112952
7290018540817,false,ארטיזנל לחם מחמצת כוסמין אנג'ל 500 גרם,שלמה א. אנג`ל בעמ,,לחם ארטיזנל כוסמין א,,500.00,100 גרם,false,,18.90,0.0378,true,1,245749
7290018571705,false,"אורז יסמין 1 ק""ג מיה.",מיה תעשיות מזון מ.ת.מ. בעמ,,"אורז יסמין 1 ק""ג",קילוגרמים,1.00,"ק""ג",false,,11.90,11.9000,true,1,277254
7290018626085,false,לפתניות 4.5 שקוף 50,,,לפתניות 4.5 שקוף 50,יחידה,0.00,יחידה,false,,8.90,0.0000,true,1,115772
7290018626108,false,קערות אובליות שקוף 5,,,קערות אובליות שקוף 5,יחידה,0.00,יחידה,false,,10.90,0.0000,true,1,115774
7290018626283,false,פיצה מרגריטה אדום גר,***אדום גרופ למזון שיווק***,,פיצה מרגריטה 350 גרם,,350.00,100 גרם,false,,11.90,0.0340,true,1,157352
7290018626504,false,שקיות L שרוך 80 יח',,,שקיות L שרוך 80 יח',יחידה,0.00,יחידה,false,,22.90,0.0000,true,1,121845
7290018626535,false,שקיות נייר לכריכים 5,,,שקיות נייר לכריכים 5,יחידה,0.00,יחידה,false,,7.90,0.0000,true,1,127218
7290018626597,false,צימרונים לאוזנים איכ,,,צימרונים לאוזנים איכ,יחידה,0.00,יחידה,false,,4.90,0.0000,true,1,158197
7290018626610,false,צימרונים לאוזנים מאר,,,צימרונים לאוזנים מאר,יחידה,0.00,יחידה,false,,9.90,0.0000,true,1,158212
7290018626627,false,מארז תבניות מאפינס 7,,,מארז תבניות מאפינס 7,יחידה,0.00,יחידה,false,,14.90,0.0000,true,1,213068
7290018626641,false,מארז תבניות רוסטר גד,,,מארז תבניות רוסטר גד,יחידה,0.00,יחידה,false,,14.90,0.0000,true,1,213096
7290018835005,false,אקסטרה צ'יפס אורז חום מלא מלח פלפל שמן זית 60 גרם,א.ל. ייצור ושיווק תבלינים בע`מ,,אקסטרא צ'יפס אורז חו,,60.00,100 גרם,false,,8.50,0.1417,true,1,267707
7290018886175,false,כפיות עבות 50 יח' ש,,,כפיות עבות 50 יח' ש,יחידה,0.00,יחידה,false,,9.90,0.0000,true,1,158226
7290018886205,false,WIZ סכינים עבות קרם 50 יח',,,סכינים עבות 50 יח',יחידה,0.00,יחידה,false,,9.90,0.0000,true,1,158229
7290018886212,false,מזלגות עבות 50 יח',,,מזלגות עבות 50 יח',יחידה,0.00,יחידה,false,,9.90,0.0000,true,1,158230
7290018886229,false,מזלגות עבות 50 יח',,,מזלגות עבות 50 יח',יחידה,0.00,יחידה,false,,9.90,0.0000,true,1,158231
7290018886243,false,WIZ כפות עבות קרם 50 יח',,,כפות עבות 50 יח' קר,יחידה,0.00,יחידה,false,,9.90,0.0000,true,1,158233
7290018886328,false,פת דגנים שיפון מאפים,סונקו,,פת דגנים שיפון 340 ג,,340.00,100 גרם,false,,11.90,0.0350,true,1,182191
7290018886342,false,פת דגנים 7 דגנים 340גר',סונקו,,פת דגנים 7 דגנים 340,,340.00,100 גרם,false,,11.90,0.0350,true,1,182192
7290018886601,false,כוסות דמוי שיש 40 יח,,,כוסות דמוי שיש 40 יח,יחידה,0.00,יחידה,false,,8.90,0.0000,true,1,158247
7290018886861,false,קערת סלט בועות טורקי,,,קערת סלט בועות טורקי,יחידה,0.00,יחידה,false,,9.90,0.0000,true,1,181420
7290018886915,false,קערת סלט בועות ורוד,,,קערת סלט בועות ורוד,יחידה,0.00,יחידה,false,,13.90,0.0000,true,1,181438
7290018886991,false,שמן קנולה מזוכך 1לי- בית יוסף,סקנולה,,שמן קנולה אלומות 1 ל,ליטרים,1.00,ליטר,false,,10.90,10.9000,true,1,173861
7290018893128,false,צ'וקטה שוקולד חלב בלגי 100 גרם 34%,ש.שסטוביץ בעמ,,צ'וקטה שוקולד חלב מע,,100.00,100 גרם,false,,8.90,0.0890,true,1,284019
7290018893289,false,צ'וקטה עוגות מגולגלות בטעם קקאו במילוי קרם קקאו וציפוי בטעם שוקולד 6 יח' 222 גרם,ש. שסטוביץ בע`מ,,צ'וקטה מגולגלות קקאו,,222.00,100 גרם,false,,8.90,0.0401,true,1,182007
7290018894019,false,עוגות אישיות במילוי קרם חלבי ובציפוי קרם קקאו,ש. שסטוביץ בע`מ,,עוגות אישיות מיקס מק,,350.00,100 גרם,false,,14.90,0.0426,true,1,263693
7290018894217,false,עוגות אישיות במילוי קרם קקאו ובציפוי קרם קקאו,ש. שסטוביץ בע`מ,,עוגות אישיות מיקס מק,,350.00,100 גרם,false,,14.90,0.0426,true,1,263707
7290018894408,false,קוביות וופל במילוי קרם אגוזי לוז - חלבי,ש. שסטוביץ בע`מ,,בלקוני קוביות וופל א,,250.00,100 גרם,false,,12.50,0.0500,true,1,274045
7290018921067,false,"ד""ר פישר - אפקטיב קר תחליב רחצה שמן שקדים 700 מ""ל","פישר תעשיות פרמצביטות בע""מ",,תחליב רחצה לגוף מועש,,700.00,"100 מ""ל",false,,16.90,0.0241,true,1,208428
7290018921203,false,"קמיל בלו קרם החתלה קמומיל 120 ג' ד""ר פישר",פישר תעשיות פרמבצטיות בעמ,,קמיל בלו קרם החתלה ק,,120.00,100 גרם,false,,18.90,0.1575,true,1,293784
7290018921654,false,"ד""ר פישר - אפקטיב קר תחליב רחצה תמצית לוונדר 700 מ""ל","פישר תעשיות פרמצביטות בע""מ",,תחליב רחצה לגוף מועש,,700.00,"100 מ""ל",false,,16.90,0.0241,true,1,208429
7290018925065,false,מיץ תפוזים סחוט פרימור (2 ליטר),שטראוס גרופ בעמ/מצונן,,פרימור מיץ תפוזים סח,ליטרים,2.00,ליטר,false,,27.90,13.9500,true,1,201566
7290018925126,false,משקה קל תפוחי עץ פרימור 1.5 ליטר,גניר (1992) בעמ,,פרימור משקה קל תפוחי,ליטרים,1.50,ליטר,false,,8.90,5.9333,true,1,192722
7290018925140,false,משקה קל אשכוליות פרימור 1.5 ליטר,פרימור,,פרימור משקה קל אשכול,ליטרים,1.50,ליטר,false,,8.90,5.9333,true,1,192723
7290018989005,false,שלישיית פולפה עגבניות טבעי יכין 400X3 גרם,זנלכול יכין,,פולפה טבעית יכין 3*,קילוגרמים,1.20,"ק""ג",false,,16.90,14.0833,true,1,219386
7290019014034,false,טאצ' נוזל רצפות לוטוס 4 ליטר,סאסאטק אגשח בעמ,,נוזל רצפות לוטוס טאצ,ליטרים,4.00,ליטר,false,,13.90,3.4750,true,1,212843
7290019031000,false,WIZ מארז חמישיית ניי,,,WIZ מארז חמישיית ניי,יחידה,0.00,יחידה,false,,10.90,0.0000,true,1,213124
7290019031079,false,תבנית R-29 מרובעת קט,,,תבנית R-29 מרובעת קט,יחידה,0.00,יחידה,false,,9.90,0.0000,true,1,237737
7290019031086,false,תבנית R-31 גדולה 7 י,,,תבנית R-31 גדולה 7 י,יחידה,0.00,יחידה,false,,9.90,0.0000,true,1,237738
7290019031093,false,תבנית R-64 בינונית 7,,,תבנית R-64 בינונית 7,יחידה,0.00,יחידה,false,,9.90,0.0000,true,1,237739
7290019031109,false,תבנית R-88 אינגליש 1,,,תבנית R-88 אינגליש 1,יחידה,0.00,יחידה,false,,9.90,0.0000,true,1,237740
7290019031123,false,WIZ תבניות אלומיניום עגול 5 יח חזקות,,,תבנית אלומינים A-14,יחידה,0.00,יחידה,false,,9.90,0.0000,true,1,237742
7290019031192,false,כפפות לטקס 100 יח' L,,,כפפות לטקס 100 יח' L,יחידה,0.00,יחידה,false,,30.90,0.0000,true,1,228031
7290019031215,false,כוסות 10OZ לשתייה חמ,,,כוסות 10OZ לשתייה חמ,יחידה,0.00,יחידה,false,,9.90,0.0000,true,1,244321
7290019031222,false,כוסות 12OZ לשתייה חמ,,,כוסות 12OZ לשתייה חמ,יחידה,0.00,יחידה,false,,11.90,0.0000,true,1,244337
7290019031307,false,לפתניות לבנות 25 יח',,,לפתניות לבנות 25 יח',יחידה,0.00,יחידה,false,,5.90,0.0000,true,1,232460
7290019031321,false,"מרקיות 7"" לבנות 25 י",,,"מרקיות 7"" לבנות 25 י",יחידה,0.00,יחידה,false,,9.90,0.0000,true,1,232475
7290019031338,false,WIZ צלחות קטנות לבנות 25 יח',,,"צלחות קטנות 7"" לבנות",יחידה,0.00,יחידה,false,,8.90,0.0000,true,1,232476
7290019031345,false,צלחות גדולות 9 לבן 2,,,צלחות גדולות 9 לבן 2,יחידה,0.00,יחידה,false,,12.90,0.0000,true,1,216879
7290019031383,false,סבון ידיים מאסק 1 לי,,,סבון ידיים מאסק 1 לי,,1.00,100 ליטר,false,,9.90,9.9000,true,1,232431
7290019031390,false,סבון ידיים אביבי 1 ל,,,סבון ידיים אביבי 1 ל,,1.00,100 ליטר,false,,9.90,9.9000,true,1,232432
7290019031406,false,רביעיית מגבונים לחים,,,רביעיית מגבונים לחים,יחידה,0.00,יחידה,false,,9.90,0.0000,true,1,244189
7290019031413,false,נייר טואלט לח שלישיי,,,נייר טואלט לח שלישיי,יחידה,0.00,יחידה,false,,11.90,0.0000,true,1,244162
7290019031420,false,אל סבון נוזלי שלישיי,,,אל סבון נוזלי שלישיי,,500.00,"100 מ""ל",false,,11.90,0.0238,true,1,244148
7290019031444,false,אשפתון 65X54 XL חזקו,,,אשפתון 65X54 XL חזקו,יחידה,0.00,יחידה,false,,17.90,0.0000,true,1,257577
7290019031543,false,שמן זית כתית מעולה א,,,שמן זית כתית מעולה א,,750.00,"100 מ""ל",false,,29.90,0.0399,true,1,244108
7290019031833,false,"WIZ צלחות לבנות 9"" מ",,,"WIZ צלחות לבנות 9"" מ",יחידה,0.00,יחידה,false,,34.90,0.0000,true,1,317364
7290019056027,false,שוופס מוגז פירות תפוחים ללא סוכר 1.5 ליטר פיקדון,יפאורה - שותפות מוגבלת לשיווק,,שוופס מוגז פירות תפו,ליטרים,1.50,ליטר,false,,8.50,5.6667,true,1,193510
7290019056041,false,שוופס מוגז פירות לימונייד ללא סוכר 1.5 ליטר פיקדון,יפאורה - שותפות מוגבלת לשיווק,,שוופס מוגז פירות ללא,ליטרים,1.50,ליטר,false,,8.50,5.6667,true,1,193525
7290019056058,false,שוופס מוגז עדין תפוח ליים 1.5 ליטר פיקדון,יפאורה - שותפות מוגבלת לשיווק,,שוופס מוגז עדין תפוח,ליטרים,1.50,ליטר,false,,8.50,5.6667,true,1,193106
7290019056065,false,שוופס מוגז עדין פירות יער 1.5 ליטר פיקדון,יפאורה - שותפות מוגבלת לשיווק,,שוופס מוגז עדין פירו,ליטרים,1.50,ליטר,false,,8.50,5.6667,true,1,193121
7290019056119,false,שוופס סודה 1.5 ליטר פיקדון,יפאורה שותפות מוגבלת לשיווק,,שוופס סודה 1.5ליטר,ליטרים,1.50,ליטר,false,,3.50,2.3333,true,1,192958
7290019056164,false,שוופס סודה 1.5 ליטר רביעייה פיקדון,יפאורה - שותפות מוגבלת לשיווק,,שוופס סודה 4*1.5ליטר,ליטרים,6.00,ליטר,false,,12.10,2.0167,true,1,192973
7290019056171,false,שוופס סודה לימון 1.5 ליטר רביעייה פיקדון,יפאורה - שותפות מוגבלת לשיווק,,שוופס סודה לימון 4*1,ליטרים,6.00,ליטר,false,,12.10,2.0167,true,1,192989
7290019056188,false,מארז רביעיית סודה בטעם נענע ליים 1.5 ל' שוופס,יפאורה - שותפות מוגבלת לשיווק,,שוופס סודה נענע ליים,ליטרים,6.00,ליטר,false,,12.10,2.0167,true,1,193003
7290019056256,false,שוופס מים בטעמים תפוחים 1.5 ליטר פיקדון,יפאורה - שותפות מוגבלת לשיווק,,שוופס וואטר בטעם תפו,ליטרים,1.50,ליטר,false,,8.50,5.6667,true,1,192889
7290019056263,false,שוופס מים בטעמים אפרסק 1.5 ליטר פיקדון,יפאורה - שותפות מוגבלת לשיווק,,שוופס וואטר אפרסק 1.,ליטרים,1.50,ליטר,false,,8.50,5.6667,true,1,192904
7290019056300,false,משקה בטעם ביטר לימון 1.5 ל' שוויפס,יפאורה - שותפות מוגבלת לשיווק,,שוופס ביטר לימון 1.5,ליטרים,1.50,ליטר,false,,12.50,8.3333,true,1,193556
7290019056324,false,משקה בטעם טוניק 1.5 ל' שוופס,יפאורה - שותפות מוגבלת לשיווק,,שוופס מי טוניק 1.5 ל,ליטרים,1.50,ליטר,false,,12.50,8.3333,true,1,193571
7290019056331,false,שוופס טוניק ללא סוכר 1.5 ליטר פיקדון,יפאורה - שותפות מוגבלת לשיווק,,שוופס טוניק ללא סוכר,ליטרים,1.50,ליטר,false,,11.90,7.9333,true,1,193585
7290019056379,false,משקה קל תפוזינה 1.5 ליטר תפוזים,יפאורה - שותפות מוגבלת לשיווק,,תפוזינה תפוזים 1.5 ל,ליטרים,1.50,ליטר,false,,8.50,5.6667,true,1,192525
7290019056522,false,מים בטעם תות 1.5 ל' פרוט וואטר,יפאורה - שותפות מוגבלת לשיווק,,פרוט ווטר תות 1.5 לי,ליטרים,1.50,ליטר,false,,8.90,5.9333,true,1,192833
7290019056539,false,fruit water פרוט ווטר אפרסק 1.5 ליטר-,יפאורה שותפות מוגבלת לשיווק,,פרוט ווטר אפרסק 1.5,ליטרים,1.50,ליטר,false,,8.90,5.9333,true,1,192847
7290019056546,false,fruit water פרוט ווטר אבטיח 1.5 ליטר-,יפאורה - שותפות מוגבלת לשיווק,,פרוט ווטר אבטיח 1.5,ליטרים,1.50,ליטר,false,,8.90,5.9333,true,1,192861
7290019056553,false,שישיית מים מינרלים עין גדי 2 ליטר,יפאורה - שותפות מוגבלת לשיווק,,עין גדי מים מינרלים,ליטרים,12.00,ליטר,false,,13.30,1.1083,true,1,193787
7290019056577,false,ספרינג קל מנגו 1.5 ליטר פיקדון,יפאורה - שותפות מוגבלת לשיווק,,ספרינג מנגו 1.5 ליטר,ליטרים,1.50,ליטר,false,,8.50,5.6667,true,1,192157
7290019056591,false,משקה קל ענבים ספרינג 1.5 ליטר,יפאורה - שותפות מוגבלת לשיווק,,ספרינג ענבים 1.5 ליט,ליטרים,1.50,ליטר,false,,8.50,5.6667,true,1,192201
7290019056638,false,משקה קל ספרינג 1.5 ליטר תות בננה,יפאורה - שותפות מוגבלת לשיווק,,ספרינג תות בננה 1.5,ליטרים,1.50,ליטר,false,,8.50,5.6667,true,1,192233
7290019056645,false,משקה קל ספרינג 1.5 ליטר אגס תפוח סברס,יפאורה - שותפות מוגבלת לשיווק,,ספרינג אגס סברס תפוח,ליטרים,1.50,ליטר,false,,8.50,5.6667,true,1,192234
7290019056652,false,משקה קל ספרינג 1.5 ליטר אננס בננה,יפאורה - שותפות מוגבלת לשיווק,,ספרינג אננס בננה 1.5,ליטרים,1.50,ליטר,false,,8.50,5.6667,true,1,192271
7290019056676,false,משקה קל אשכולית אננס דיאט ספרינג 1.5 ליטר,יפאורה - שותפות מוגבלת לשיווק,,ספרינג דיאט אשכוליות,ליטרים,1.50,ליטר,false,,7.90,5.2667,true,1,205707
7290019056973,false,מי עדן שישיה בק `1.5ליטר פיקדון,יפאורה - שותפות מוגבלת לשיווק,,מי עדן 6*1.5 ליטר,ליטרים,9.00,ליטר,false,,12.90,1.4333,true,1,193731
7290019233008,false,רוטב עגבניות עם קוביות ארטישוק ושמן זית 420ג ויסוצקי,תה ויסוצקי (ישראל) בעמ,,רוטב עגבניות עם קובי,,420.00,100 גרם,false,,13.90,0.0331,true,1,296949
7290019233015,false,רוטב שקשוקה תבשיל ירקות עם שמן זית כתית מעולה 420ג זיתא,תה ויסוצקי (ישראל) בעמ,,שקשוקה ירוקה תבשיל י,,420.00,100 גרם,false,,13.90,0.0331,true,1,296964
7290019233022,false,רוטב עגבניות עם קוביות ושמן זית 420ג זיתא,תה ויסוצקי (ישראל) בעמ,,רוטב עגבניות לשקשוקה,,420.00,100 גרם,false,,13.90,0.0331,true,1,296965
7290019233039,false,רוטב עגבניות עם קוביות פלפלים ושמן זית 420ג' ויסוצקי,תה ויסוצקי (ישראל) בעמ,,רוטב עגבניות לשקשוקה,,420.00,100 גרם,false,,13.90,0.0331,true,1,275046
7290019245001,false,שמן קנולה אלומות 1 ל,,,שמן קנולה אלומות 1 ל,ליטרים,1.00,ליטר,false,,10.90,10.9000,true,1,256095
7290019297451,false,מי ורדים 500 מל דין שיווק,דין שיווק וקליה 2021 בעמ,,מי ורדים שקדיה 500 מ,,500.00,"100 מ""ל",false,,13.90,0.0278,true,1,4921
7290019297543,false,חמאת בוטנים 510 גר` דין שיווק,דין שיווק וקליה 2021 בעמ,,חמאת בוטנים שקדיה 51,,510.00,100 גרם,false,,9.90,0.0194,true,1,4926
7290100240137,false,"תרסיס ריחני למייבש כחול בדין 500 מ""ל",יוניליוור ישראל שיווק בע`מ,,בדין תרסיס למייבש כב,,500.00,"100 מ""ל",false,,16.90,0.0338,true,1,10439
7290100240656,false,"פתית שיפון בד""צ חדש 300X24 גר'",יוניליוור ישראל שיווק בע`מ,,פתית שיפון תלמה 300,,300.00,100 גרם,false,,16.90,0.0563,true,1,10443
7290100243671,false,"מרכך כביסה מרוכז אקסטרה כחול בדין 960 מ""ל",יוניליוור ישראל שיווק בע`מ,,בדין אקסטרא כחול-960,,960.00,"100 מ""ל",false,,15.90,0.0166,true,1,10454
7290100411278,false,מחית בוליווד אגס ותפוח 190 גרם ללא תוספת,שקד תבל בעמ,,תפוח ואגס 190גרם BEL,,190.00,100 גרם,false,,5.90,0.0311,true,1,29577
7290100412343,false,קוויק מטליות לחות 99.9% לניקוי כללי בריח לימון 50 יחידות,שקד תבל בע`מ,,מגבונים לניקוי וחיטו,יחידה,0.00,יחידה,false,,8.90,0.0000,true,1,29587
7290100412435,false,קוויק מטליות לחות 99.9% לניקוי כללי בריח פרחי בר 50 יחידות,שקד תבל בע`מ,,מגבונים לניקוי וחיטו,יחידה,0.00,יחידה,false,,8.90,0.0000,true,1,29590
7290100412442,false,קוויק מטליות לחות 99.9% לניקוי שירותים ומקלחות בריח מנטה 50 יחידות,שקד תבל בע`מ,,קוויק מגבונים לניקוי,יחידה,0.00,יחידה,false,,8.90,0.0000,true,1,29591
7290100412763,false,"דר' עור תחליב רחצה קלאסי -לבנדר 700 מ""ל","אמיליה קוסמטיקס בע""מ",,תחליב רחצה לבנדר דר,,700.00,"100 מ""ל",false,,15.90,0.0227,true,1,29601
7290100412831,false,תחליב רחצה אנטי אייג'ינג בניחוח וניל טרופי,"אמיליה קוסמטיקס בע""מ",,תחליב רחצה אנטי איגי,,700.00,"100 מ""ל",false,,15.90,0.0227,true,1,29607
7290100413593,false,קוויק מטליות לחות גדולות לניקוי כללי בריח פרחי בר 40 יחידות,שקד תבל בע`מ,,קוויק מטליות XL בניח,יחידה,0.00,יחידה,false,,8.90,0.0000,true,1,29610
7290100653463,false,"פלמוליב - ארומה ג'ל רחצה מסאז' 500 מ""ל",קולגייט פלמוליב,,סבון נוזלי ספא מסאג',,500.00,"100 מ""ל",false,,15.90,0.0318,true,1,21567
7290100658338,false,"נוזל לניקוי כלים אוקסי פלוס פלמוליב 750 מ""ל",הנסיך- מפעל לייצור ט,,פלמוליב לכלים אוקסי-,,750.00,"100 מ""ל",false,,11.90,0.0159,true,1,21574
7290100680650,false,מנה חמה נודלס-אטריות ירקות טעם תאילנדי אסם 76 ג',קבוצת אוסם סחר שותפות מוגבלת,,מנה חמה נודלס תאילנד,,76.00,100 גרם,false,,5.90,0.0776,true,1,18812
7290100680711,false,פירורית זהב אסם זהב 350ג',קבוצת אוסם סחר שותפות מוגבלת,,אסם פירורית זהב 350,,350.00,100 גרם,false,,8.90,0.0254,true,1,18814
7290100680728,false,פירורית רגילה שקית 350 גרם,קבוצת אוסם סחר שותפות מוגבלת,,פירורית רגילה שקית 3,,350.00,100 גרם,false,,7.90,0.0226,true,1,18815
7290100681015,false,אינסטנט פודינג בטעם ריבת חלב אסם 84 גרם,קבוצת אוסם סחר שותפות מוגבלת,,אסם פודינג אינסטנט ר,,84.00,100 גרם,false,,5.50,0.0655,true,1,18817
7290100681138,false,מארז אפרופו חטיף תירס 3 יחידות,קבוצת אוסם סחר שותפות מוגבלת,,אפרופו מאח 3*50 גר',,150.00,100 גרם,false,,12.90,0.0860,true,1,18819
7290100685136,false,"אבקת מרק טעם עוף 1 ק""ג 1/8 אסם",קבוצת אוסם סחר שותפות מוגבלת,,מרק בטעם עוף אסם 1 ק,קילוגרמים,1.00,"ק""ג",false,,14.90,14.9000,true,1,18836
7290100685242,false,במבה מתוקה מחומרים טבעיים סרט 30 גרם,קבוצת אוסם סחר-שות.מוגבלת,,במבה מתוקה מחומרים ט,,30.00,100 גרם,false,,2.90,0.0967,true,1,18837
7290100685334,false,אבקת מרק עוף אמיתי בשרי רכיבים טבעיים אסם 400 גרם,קבוצת אוסם סחר שותפות מוגבלת,,מרק עוף מרכיבים טבעי,,400.00,100 גרם,false,,19.90,0.0497,true,1,18838
7290100686164,false,מארז מולטיפק ביסלי ברביקיו 6 יח 35 גר יח,קבוצת אוסם סחר שותפות מוגבלת,,ביסלי ברביקיו מאח.8,,210.00,100 גרם,false,,12.90,0.0614,true,1,18846
7290100686171,false,מארז מולטיפק ביסלי גריל 6 יח 35 גר ליח,קבוצת אוסם סחר שותפות מוגבלת,,ביסלי גריל מאח.8 6*3,,210.00,100 גרם,false,,12.90,0.0614,true,1,18847
7290100689301,false,אבקת מרק בטעם עוף זך עדיף אסם 400 גרם,קבוצת אוסם סחר שותפות מוגבלת,,מרק בטעם עוף זך אסם,,400.00,100 גרם,false,,13.90,0.0348,true,1,18857
7290100700020,false,גריסי פנינה סוגת (500 גרם),האי נאם סי או אל.טי.,,סוגת גריסי פנינה 500,,500.00,100 גרם,false,,4.90,0.0098,true,1,17352
7290100700242,false,אורז מלא עגול סוגת (1 קג),"סוגת תעשיות בע""\מ",,סוגת אורז מלא עגול 1,קילוגרמים,1.00,"ק""ג",false,,9.90,9.9000,true,1,17354
7290100700266,false,פירורי לחם לבנים סוגת 200 גרם,"סוגת תעשיות בע""מ",,סוגת פרורי לחם לבן 2,,200.00,100 גרם,false,,3.90,0.0195,true,1,17355
7290100700273,false,קינואה לבנה 500 ג סו,האי נאם סי או אל.טי.,,קינואה סוגת 500 גרם,,500.00,100 גרם,false,,12.80,0.0256,true,1,17356
7290100700372,false,"אורז בסגנון בסמטי מלא 1 ק""ג",האי נאם סי או אל.טי.,,אורז בסמטי מלא 1 ק'ג,קילוגרמים,1.00,"ק""ג",false,,10.00,10.0000,true,1,17362
7290100700396,false,"אורז יסמין קלאסי סוגת 1 ק""ג",האי נאם סי או אל.טי.,,סוגת אורז יסמין קלאס,קילוגרמים,1.00,"ק""ג",false,,11.90,11.9000,true,1,17364
7290100700587,false,"בורגול ""סוגת"" 500 גרם",האי נאם סי או אל.טי.,,סוגת בורגול 500 גר,,500.00,100 גרם,false,,5.90,0.0118,true,1,17370
7290100701157,false,אורז להכנת סושי סוגת (1 קג),"סוגת תעשיות בע""\מ",,אורז סושי 1 קג,קילוגרמים,1.00,"ק""ג",false,,11.90,11.9000,true,1,17373
7290100701348,false,"קמח שיפון מלא סוגת 1 ק""ג",שטיבל טחנות קמח,,קמח שיפון מלא סוגת,קילוגרמים,1.00,"ק""ג",false,,6.90,6.9000,true,1,17377
7290100701409,false,קמח תירס סוגת 500 גר,מולינו פילה ספא,,קמח תירס סוגת 500 גר,,500.00,100 גרם,false,,7.90,0.0158,true,1,17380
7290100701577,false,קמח לחם קמח חיטה לבן שטיבל,טחנות קמח שטיבל באר שבע,,קמח לחם מועשר בויטמי,קילוגרמים,1.00,"ק""ג",false,,6.90,6.9000,true,1,17383
7290100701874,false,"קמח כוסמין מלא סוגת 1 ק""ג",טחנות קמח שטיבל באר,,"קמח כוסמין סוגת 1 ק""",קילוגרמים,1.00,"ק""ג",false,,15.90,15.9000,true,1,17387
7290100702383,false,"קמח תופח 1 ק""ג]סוגת[","שטיבל בע""\מ - טחנות קמח",,"קמח תופח סוגת 1 ק""ג",קילוגרמים,1.00,"ק""ג",false,,6.90,6.9000,true,1,17398
7290100702611,false,פתיתים אפויים אורז 500 גרם סוגת,"אסיף תעשיות מזון בע""\מ",,פתיתים אפויים אורז ס,,500.00,100 גרם,false,,4.90,0.0098,true,1,17407
7290100702628,false,פתיתים אפויים קוסקוס סוגת 500 גרם,"אסיף תעשיות מזון בע""\מ",,פתיתים אפויים קוסקוס,,500.00,100 גרם,false,,4.90,0.0098,true,1,17408
7290100702741,false,"סוכר חום בהיר צנצנת 1ק""ג מהדורה מוגבלת",סוגת תעשיות בעמ,,סוכר חום בהיר בצנצנת,קילוגרמים,1.00,"ק""ג",false,,12.90,12.9000,true,1,17418
7290100702987,false,שיבולת שועל פתיתים סוגת 500 גרם,סוגת תעשיות בעמ,,פתיתי שיבולת שועל סו,,500.00,100 גרם,false,,5.90,0.0118,true,1,17435
7290100702994,false,סוכר דמררה קלאסי בשקית סוגת 500 גרם,"סוגת תעשיות בע""מ",,סוכר דמררה בשקית סוג,,500.00,100 גרם,false,,6.90,0.0138,true,1,17436
7290100703007,false,"עדשים שחורות בלוגה 500 גרם ""סוגת""",האי נאם סי או אל.טי.,,סוגת עדשים שחורות בל,,500.00,100 גרם,false,,8.90,0.0178,true,1,17437
7290100703564,false,"פתיתי שיבולת שועל עבה 500 גרם ""סוגת""",סוגת תעשיות בעמ,,שיבולת שועל עבה סוגת,,500.00,100 גרם,false,,5.90,0.0118,true,1,17461
7290100703625,false,קמח חיטה לבן ללא צורך בניפוי,סוגת תעשיות בעמ,,קמח לבן ללא ניפוי סו,קילוגרמים,1.00,"ק""ג",false,,7.90,7.9000,true,1,17464
7290100703687,false,"קמח חלה ללא ניפוי 1 ק""ג סוגת",סוגת תעשיות בעמ,,קמח חלה ללא ניפוי סו,קילוגרמים,1.00,"ק""ג",false,,7.90,7.9000,true,1,17469
7290100703915,false,פופקורן להכנה במיקרוגל בטעם חמאה - מארז 6 שקיות,סוגת תעשיות בעמ,,מארז פופקורן למיקרוג,,540.00,100 גרם,false,,9.90,0.0183,true,1,17476
7290100704578,false,"קמח כוסמין לבן תופח סוגת 1 ק""ג","שטיבל בע""\מ - טחנת קמח",,קמח כוסמין לבן סוגת,קילוגרמים,1.00,"ק""ג",false,,15.90,15.9000,true,1,123338
7290100704608,false,שעועית לבנה עדינה סוגת (500 גרם),"סוגת תעשיות בע""\מ",,שעועית לבנה עדינה 50,,500.00,100 גרם,false,,6.90,0.0138,true,1,151836
7290100704622,false,סוכר דמררה דק דק בצנצנת סוגת 500 גרם,"סוגת תעשיות בע""\מ",,סוכר דמררה דק דק בצנ,,500.00,100 גרם,false,,7.90,0.0158,true,1,189544
7290100850909,false,חטיף תירס נאצ`ו מקסיקני דוריטוס (70 גרם),"שטראוס פריטו ליי בע""\מ",,דוריטוס נאצו מקסיקני,,70.00,100 גרם,false,,3.60,0.0514,true,1,24185
7290100850916,false,דוריטוס חמוץ חריף מעודן 70 גרם כשר לפסח,"שטראוס פריטו ליי בע""\מ )",,דוריטוס חמוץ חריף 70,,70.00,100 גרם,false,,3.60,0.0514,true,1,24186
7290100850923,false,חטיף תירס גריל דוריטוס (70 גרם),"שטראוס פריטו ליי בע""\מ )",,דוריטוס גריל 70 גרם,,70.00,100 גרם,false,,3.60,0.0514,true,1,24187
7290100850930,false,חטיף תירס בטעם טבעי דוריטוס (70 גרם),"שטראוס פריטו ליי בע""\מ )",,דוריטוס טבעי 70 גרם,,70.00,100 גרם,false,,3.60,0.0514,true,1,24188
7290100921593,false,מנקה אסלה סוד 4 כדוריות לאסלה לימון נתלה 50 ג',גורי שיווק בעמ,,סוד סבון 4 כדוריות ל,,50.00,100 גרם,false,,8.90,0.1780,true,1,34960
7290100921609,false,סוד סבון לאסלה 4 כדוריות בניחוח אוקיינוס 50 ג',גורי שיווק בעמ,,סוד סבון 4 כדוריות ל,,50.00,100 גרם,false,,8.90,0.1780,true,1,34961
7290100924457,false,שלישיית כדוריות סבון לאסלה לימון סוד 50 גרם,גורי שיווק בעמ,,סוד סבון 4 כדוריות ל,,150.00,100 גרם,false,,16.90,0.1127,true,1,34976
7290100924464,false,כדוריות סבון נתלה לאסלה עם אקונומיקה - 3 יח',גורי שיווק בעמ,,סוד סבון 4 כדוריות ל,,150.00,100 גרם,false,,16.90,0.1127,true,1,34977
7290100925676,false,קולור קאצר 20 דפים לוכדי צבע למכונת כביס,גורי שיווק בעמ,,קולור קאצ'ר 20 דפים,יחידה,0.00,יחידה,false,,22.90,0.0000,true,1,35025
7290100926598,false,פרסיל א.כביסה סודה אקטיב 5קג,גורי שיווק בעמ,,פרסיל אבקת כביסה 5 ק,קילוגרמים,5.00,"ק""ג",false,,43.90,8.7800,true,1,35043
7290101113904,false,מארז מנבו וניל 12 יח' פלדמן,פלקו בעמ חברה ישראלית,,מנבו וניל 12 יח 288,,288.00,100 גרם,false,,20.90,0.0726,true,1,324412
7290101113911,false,מארז מנבו מוקה 12 יח' פלדמן,פלקו בעמ חברה ישראלית,,מנבו מוקה 12 יח 288,,288.00,100 גרם,false,,20.90,0.0726,true,1,324427
7290101486688,false,חטיף דגנים עם שוקולד ללא גלוטן וסוכר פרי 5*20 גרם,טבעית מוצרים מן הטבע בעמ,,פרי חטיפי בריאות מאר,,100.00,100 גרם,false,,14.90,0.1490,true,1,21578
7290101551263,false,סילאן טבעי 700 גרם יד מרדכי,"שטראוס גרופ בע""מ",,סילאן טבעי יד מרדכי,,700.00,100 גרם,false,,21.90,0.0313,true,1,22381
7290101551539,false,יוגורט PRO בטעם אפרסק 0% 20 גרם חלבון בגביע,שטראוס גרופ בעמ/מצונן,,דנונה פרו 20 אפרסק 2,,200.00,100 גרם,false,,5.90,0.0295,true,1,23403
7290101551577,false,קוואקר שיבות שועל פחית מארז 2*500 גר',שטראוס פריטו ליי בע`מ,,זוג קוואקר פחית שיבו,קילוגרמים,1.00,"ק""ג",false,,19.90,19.9000,true,1,24192
7290101551614,false,חטיף צ'יטוס קראנץ בטעם גבינה - מארז 8 יח',"שטראוס פריטו ליי בע""מ )פ",,מארז צ'יטוס קראנצ' ג,,240.00,100 גרם,false,,13.90,0.0579,true,1,24195
7290101551638,false,חטיף צ'יטוס כאפה בטעם קטשופ - מארז 10 יח',"שטראוס פריטו ליי בע""מ )פ",,מארז צ'יטוס כאפה 10*,,200.00,100 גרם,false,,12.90,0.0645,true,1,24197
7290101864127,false,ספריי להסרת כתמים וניש קליה (750 מל),רקיט בנקיזר (ניר איסט) בעמ,,קליה אוקסי ספריי 750,,750.00,"100 מ""ל",false,,16.90,0.0225,true,1,20912
7290101866633,false,וניש קליה גל להסרת כתמים 3 ליטר אוקסיפרש,רקיט בנקיזר (ניר איסט) בעמ,,וניש קליה ג'ל 3 ליטר,ליטרים,3.00,ליטר,false,,29.90,9.9667,true,1,20925
7290101868460,false,"אבקת כביסה קולון 101 8 ק""ג",רקיט בנקיזר (ניר איסט) בעמ,,אבקת כביסה קולון 101,קילוגרמים,8.00,"ק""ג",false,,54.90,6.8625,true,1,20947
7290101869726,false,ג'ל מרוכז למדיח הכל ב-1 פיניש 1 ליטר,רקיט בנקיזר (ניר איסט) בעמ,,ג'ל 1 ליטר AIO פיניש,ליטרים,1.00,ליטר,false,,42.90,42.9000,true,1,20962
7290101869795,false,"אירוויק מילוי מבשם אויר אטומטי חלום ליל קיץ 250 מ""ל",רקיט בנקיזר (ניר איסט) בעמ,,איירוויק מילוי מבשם,,250.00,"100 מ""ל",false,,15.90,0.0636,true,1,20969
7290101869962,false,"אירוויק מקלות ריחניים בניחוח חלום ליל קיץ 30 מ""ל",רקיט בנקיזר (ניר איסט) בעמ,,איירוויק מקלות ריחני,יחידה,0.00,יחידה,false,,14.90,0.0000,true,1,20981
7290101999720,false,נרות מטה לבבות פו,,,נרות מטה לבבות פו,יחידה,0.00,יחידה,false,,7.50,0.0000,true,1,32828
7290102031276,false,מארז 8 יחידות אקטימל משקה יוגורט בטעם תות בננה,שטראוס גרופ בעמ/מצונן,,אקטימל תות בננה 8*10,,800.00,"100 מ""ל",false,,19.90,0.0249,true,1,23424
7290102062195,false,"משחת שיניים לילדים לגילאי 6-12 אלמקס 75 מ""ל",יבואן ומשווק: ש. שסט,,אלמקס משחת שיניים אל,,75.00,"100 מ""ל",false,,15.90,0.2120,true,1,21591
7290102300815,false,"גבינת צ'דר אנגלית כתומה פרוס, 200 גרם",א. סיימן סחר בעמ,,גבינת צ'דר אנגלית כת,,200.00,100 גרם,false,,24.90,0.1245,true,1,17182
7290102300822,false,גבינה צ'דר אנגלית כתומה 200 גרם,א. סיימן סחר בעמ,,סיימן גבינת צדר אנגל,,200.00,100 גרם,false,,23.90,0.1195,true,1,17183
7290102300860,false,"גבינת צ'דר אנגלית לבן, 200 גרם",א. סיימן סחר בעמ,,שביק גבינת צדר אנגלי,,200.00,100 גרם,false,,23.90,0.1195,true,1,17184
7290102303878,false,אלוויר חמאת נורמנדי 200 גרם,א.סיימן סחר בעמ,,חמאת נורמנדי 200 גרם,,200.00,100 גרם,false,,21.90,0.1095,true,1,257100
7290102390427,false,יוגורט ביו עם קציפת תות 3% שומן 150 ג' מולר,החברה המרכזית טלהפצת משקאות בע,,מולר פרופ תות 3% 150,,150.00,100 גרם,false,,4.90,0.0327,true,1,6444
7290102390465,false,יוגורט ביו עם קציפת אפרסק ופסיפלורה 3% שומן 150 ג' מולר,החברה המרכזית טלהפצת משקאות בע,,מולר פרופ אפרסק פסיפ,,150.00,100 גרם,false,,4.90,0.0327,true,1,6445
7290102390489,false,יוגורט ביו עם קציפת לימון 3% שומן 150 ג' מולר,*החברה המרכזית להפצת משקאותבעמ,,מולר פרופ לימון 3% 1,,150.00,100 גרם,false,,4.90,0.0327,true,1,6447
7290102391844,false,יוגורט ביו עם קציפת פירות יער3% שומן 150 ג' מולר,החברה המרכזית טלהפצת משקאות בע,,מולר פרופ לבן+קציפת,,150.00,100 גרם,false,,4.90,0.0327,true,1,6454
7290102392094,false,חלב עיזים 3.7% בקרטון משק צוריאל 1 ליטר,החברה המרכזית טלהפצת משקאות בע,,צוריאל חלב עיזים 1ל,ליטרים,1.00,ליטר,false,,15.50,15.5000,true,1,6457
7290102392254,false,"חלב בקרטון 1% 2 ליטר בד""צ - מוצר בפיקוח",*החברה המרכזית להפצת משקאותבעמ,,טרה חלב 1% 2ל,ליטרים,2.00,ליטר,false,,11.72,5.8600,true,1,6460
7290102393039,false,"יוגורט ביו קרמי מיקס פצפוצי שוקולד 7.6% מולר 170 מ""ל",*החברה המרכזית להפצת משקאותבעמ,,מולר מיקס בתוספת פצפ,,170.00,"100 מ""ל",false,,5.90,0.0347,true,1,6473
7290102393190,false,"יוגורט סימפלי פרוט בטעם פירות יער 3% מולר 150 מ""ל",*החברה המרכזית להפצת משקאותבעמ,,מולר סימפלי פרוט פיר,,150.00,100 גרם,false,,4.90,0.0327,true,1,6482
7290102393299,false,יוגורט עיזים לשתייה 3% משק צוריאל 500 גרם,*החברה המרכזית להפצת משקאותבעמ,,צוריאל יוגורט עיזים,,500.00,"100 מ""ל",false,,11.90,0.0238,true,1,6484
7290102394258,false,גליל גבינת עיזים מה עז 9% משק צוריאל 180 גרם,*החברה המרכזית להפצת משקאותבעמ,,צוריאל מה עז 9% 180ג,,180.00,100 גרם,false,,20.90,0.1161,true,1,6494
7290102394463,false,נעם גבינה צהובה פרוסה ואקום 28% טרה 500 גרם,החברה המרכזית טלהפצת משקאות בע,,נעם גבינה צהובה וואק,,500.00,100 גרם,false,,25.90,0.0518,true,1,6501
7290102394821,false,גבינה צהובה 28% דק דק לפתיחה חוזרת 200,החברה המרכזית טלהפצת משקאות בע,,נעם גבינה צהובה דק ד,,200.00,100 גרם,false,,15.50,0.0775,true,1,6505
7290102394845,false,נעם גבינה צהובה לייט פרוסה דק דק 9% טרה 200 גרם,*החברה המרכזית להפצת משקאותבעמ,,נעם גבינה צהובה דק ד,,200.00,100 גרם,false,,16.90,0.0845,true,1,6506
7290102395217,false,"יוגורט ביאנקו 2% במתיקות מעודנת מולר 1.2 ק""ג",החברה המרכזית טלהפצת משקאות בע,,מולר ביאנקו במתיקות,קילוגרמים,1.20,"ק""ג",false,,18.50,15.4167,true,1,6513
7290102395224,false,שמיניית יוגורט ביו ביאנקו 1.7% מולר 150 גרם,*החברה המרכזית להפצת משקאותבעמ,,מולר נטורל 1.7% 8*15,קילוגרמים,1.20,"ק""ג",false,,16.90,14.0833,true,1,6514
7290102395231,false,שמיניית יוגורט ביו ביאנקו 2.8% מולר 150 גרם,*החברה המרכזית להפצת משקאותבעמ,,מולר נטורל 2.8% 8*15,קילוגרמים,1.20,"ק""ג",false,,16.90,14.0833,true,1,6515
7290102395378,false,נעם גבינה צהובה פרוסה ואקום 28% טרה 360 גרם,*החברה המרכזית להפצת משקאותבעמ,,נעם גבינה צהובה ואקו,,360.00,100 גרם,false,,19.90,0.0553,true,1,6518
7290102396443,false,מעדן בטעם וניל 1.5% שומן מוו (125 גרם),*החברה המרכזית להפצת משקאותבעמ,,מוו מעדן וניל 1.5% 1,,125.00,100 גרם,false,,2.90,0.0232,true,1,6547
7290102396580,false,מעדן מוו שוקולד ומוס שוקולד טרה 118 גרם,החברה המרכזית טלהפצת משקאות בע,,מוו מעדן שוקולד ומוס,,118.00,100 גרם,false,,2.90,0.0246,true,1,6551
7290102396665,false,צהובה פרוסות דקדק פתח סגור 15% 200 גר`,*החברה המרכזית להפצת משקאותבעמ,,גבנ`צ דקדק פתח סגור,,200.00,100 גרם,false,,15.50,0.0775,true,1,6555
7290102396672,false,גבינה צהובה נעם דק דק 9% פתח סגור 360 ג,*החברה המרכזית להפצת משקאותבעמ,,נעם צהובה דק דק 9% 3,,360.00,100 גרם,false,,25.90,0.0719,true,1,6556
7290102396740,false,מארז 8 גביעים יוגורט בטעם תות שדה ואפרסק 0% Simply Fruit,החברה המרכזית טלהפצת משקאות בע,,מולר סימפלי פרוט 0%,קילוגרמים,1.20,"ק""ג",false,,30.90,25.7500,true,1,6561
7290102397204,false,גבינה צהובה נעם דק דק פתח סגור 200 גר,*החברה המרכזית להפצת משקאותבעמ,,נעם צהובה דק דק 22%,,200.00,100 גרם,false,,15.50,0.0775,true,1,6582
7290102397334,false,גבינה בולגרית גלילית 5% משק צוריאל 250 גרם,החברה המרכזית טלהפצת משקאות בע,,בולגרית 5% 250 גר` ב,,250.00,100 גרם,false,,20.40,0.0816,true,1,6588
7290102397464,false,יוגורט ביו בתוספת גרעינים אגוזים וחמוציות 170 ג' מולר,החברה המרכזית טלהפצת משקאות בע,,מולר יוגורט נטורל +,,150.00,100 גרם,false,,5.90,0.0393,true,1,6597
7290102397600,false,מיקס יוגורט בתוספת שקדים ובוטנים מקורמלים 170 ג' מולר,החברה המרכזית טלהפצת משקאות בע,,מולר מיקס שקדים ובוט,,168.00,100 גרם,false,,5.90,0.0351,true,1,6607
7290102397617,false,יוגורט ביו קרמי עם כדורים מצופים שוקולד חום לבן,*החברה המרכזית להפצת משקאותבעמ,,מולר מיקס קליק 168 ג,,168.00,100 גרם,false,,5.90,0.0351,true,1,6608
7290102397679,false,קוטג' וחצי טרה 5% מרכיבים טבעיים,*החברה המרכזית להפצת משקאותבעמ,,קוטג' וחצי 5% 375 גר,,375.00,100 גרם,false,,6.90,0.0184,true,1,6611
7290102397730,false,פרוסות גבינה אמנטל חצי קשה 30% שומן 200 ג' נעם,*החברה המרכזית להפצת משקאותבעמ,,גבינת אמנטל נעם פתיח,,200.00,100 גרם,false,,16.90,0.0845,true,1,6616
7290102397747,false,פרוסות גבינת מוצרלה נעם מחלב בקר 22%,*החברה המרכזית להפצת משקאותבעמ,,מוצרלה נעם רכיבים ט,,200.00,100 גרם,false,,18.90,0.0945,true,1,6617
7290102398065,false,חלב טרה בקרטון 2 ליטר מהדרין 3% - מוצר בפיקוח,*החברה המרכזית להפצת משקאותבעמ,,טרה חלב קרטון 3% מהד,יחידה,0.00,יחידה,false,,12.46,0.0000,true,1,6633
7290102398072,false,"חלב קרטון 3%-1 ליטר "" טרה"" -מוצר פיקוח",החברה המרכזית טלהפצת משקאות בע,,טרה חלב בקרטון 3% 1ל,ליטרים,1.00,ליטר,false,,6.23,6.2300,true,1,6634
7290102398331,false,חלב מועשר דל לקטוז 2% שומן טרה 1 ליטר,*החברה המרכזית להפצת משקאותבעמ,,חלב מועשר 1 ליטר דל,ליטרים,1.00,ליטר,false,,7.50,7.5000,true,1,6652
7290102398560,false,משקה שוקו מועשר בבקבוק 1 ליטר טרה,החברה המרכזית טלהפצת משקאות בע,,שוקו טרה מועשר בבקבו,ליטרים,1.00,ליטר,false,,11.90,11.9000,true,1,6667
7290102398669,false,משקה חלב אייס קפוצ'ינו טרה 1 ליטר,החברה המרכזית טלהפצת משקאות בע,,אייס קפוצ'ינו מווו ט,ליטרים,1.00,ליטר,false,,11.90,11.9000,true,1,74147
7290102398782,false,.משקה סויה קלאסי 1ל בקבוק משק צוריא,*החברה המרכזית להפצת משקאותבעמ,,משקה סויה קלאסי משק,ליטרים,1.00,ליטר,false,,9.90,9.9000,true,1,6676
7290102398805,false,משקה סויה בטעם וניל 1ל בקבוק משק צוריא,החברה המרכזית טלהפצת משקאות בע,,משקה סויה בטעם וניל,ליטרים,1.00,ליטר,false,,9.90,9.9000,true,1,6678
7290102399048,false,פרוסות גבינת קשקבל נעם 200 ג' טרה,*החברה המרכזית להפצת משקאותבעמ,,קשקבל נעם פתיחה חוזר,,200.00,100 גרם,false,,21.90,0.1095,true,1,6687
7290102399772,false,מולר ספרדבל-ממרח חמאת מולר במליחות עדינה 250 גרם,החברה המרכזית טלהפצת משקאות בע,,מולר ממרח חמאה במליח,,250.00,100 גרם,false,,15.90,0.0636,true,1,72537
7290102399796,false,מעדן יוגורט לבן מועשר בחלבון 200 ג' מולר אקטיב,*החברה המרכזית להפצת משקאותבעמ,,יוגורט חלבון לבן 250,,200.00,100 גרם,false,,5.90,0.0295,true,1,69470
7290102399802,false,יוגורט עם תות מולר אקטיב מועשר בחלבון 200 גר',החברה המרכזית טלהפצת משקאות בע,,יוגורט חלבון תות 20,,200.00,100 גרם,false,,5.90,0.0295,true,1,69471
7290102399819,false,יוגורט עם פירות יער מולר אקטיב מועשר בחלבון 200 גר',החברה המרכזית טלהפצת משקאות בע,,יוגורט חלבון פ.יער 2,,200.00,100 גרם,false,,5.90,0.0295,true,1,69472
7290102399857,false,מולר אקטיב לייט 20 גרם חלבון 0% שומן עם תות 200 גרם,החברה המרכזית טלהפצת משקאות בע,,יוגורט מולר אקטיב לי,,150.00,100 גרם,false,,5.90,0.0393,true,1,79774
7290103124601,false,"תחליב רחצה נוזל חלב ודבש משאבה 750מ""ל פלמוליב",הנסיך- מפעל לייצור ט,,תחליב רחצה חלב ודבש,,750.00,"100 מ""ל",false,,19.90,0.0265,true,1,21606
7290103400194,false,כרוב לבן 400 ג בדצ ירקות שטראוס טעם הטבע,שטראוס בריאות ירקות טריי,,כרוב לבן 400 ג בדצ י,,400.00,100 גרם,false,,8.90,0.0223,true,1,23427
7290103400231,false,גזר גוליאן 400גר שטראוס טעם הטבע,ביכורי השדה הצפון בעמ` 1964,,גזר גוליאן בדצ 400גר,,400.00,100 גרם,false,,8.90,0.0223,true,1,23428
7290103408206,false,עלי חסה ערבית שטופים 250 גר טעם הטבע,ביכורי השדה הצפון בעמ` 1964,,עלי חסה ערבית שטופים,,250.00,100 גרם,false,,9.90,0.0396,true,1,23435
7290103700195,false,שאפו רדיד אלומיניום צר 30*7.5 2יח',"שניב תעשיות נייר בע""",,טאצ רדיד אלומיניום ק,,15.00,מטר,false,,11.90,0.7933,true,1,24463
7290103700386,false,טאצ כריות יפניות מארז שישיה,שניב תעשיות נייר בעמ,,טאצ' כריות יפניות 6י,יחידה,0.00,יחידה,false,,9.90,0.0000,true,1,24466
7290103700393,false,טאצ' כריות יפניות עבות עם תעלות 4 יח',שניב תעשיות נייר בעמ,,טאצ' כריות יפניות עב,יחידה,0.00,יחידה,false,,8.90,0.0000,true,1,24467
7290103700652,false,טאצ' ספוג הפלא מארז שישייה,שניב תעשיות נייר בעמ,,טאצ' ספוג הפלא 6יח,יחידה,0.00,יחידה,false,,9.90,0.0000,true,1,24468
7290103700997,false,נייר טואלט לובלי 40 גלילים,שניב תעשיות נייר בעמ,,לאבלי נייר טואלט 40,,716.00,מטר,false,,38.90,0.0543,true,1,24471
7290103701017,false,נייר אפיה נשלף טאצ 50 יחידות כשלפ,שניב תעשיות נייר בעמ,,טאצ' נייר אפייה נשלף,יחידה,0.00,יחידה,false,,9.90,0.0000,true,1,24472
7290103701093,false,"זוג מטליות מיקרו פייבר לריצפה ""פאצ'""","שניב תעשיות נייר בע""",,טאצ מטליות מקרופייבר,יחידה,0.00,יחידה,false,,13.90,0.0000,true,1,24475
7290103701130,false,"מארז מטליות מייקרופייבר לניקוי כללי ""טאצ'""",שניב,,טאצ מטליות מקרופייבר,יחידה,0.00,יחידה,false,,13.90,0.0000,true,1,24476
7290103701147,false,טאצ' רדיד אלומיניום 200 מטר,שניב תעשיות,,טאצ רדידי אלומיניום,,60.90,מטר,false,,35.90,0.5895,true,1,24477
7290103702212,false,ממחטות כיס טאצ`מארז 10 יח,שניב תעשיות נייר בעמ,,טאצ ממחטות כיס,יחידה,0.00,יחידה,false,,6.90,0.0000,true,1,24483
7290103702229,false,טאצ מפות שולחן שמינייה עבות במיוחד,שניב תעשיות נייר בעמ,,טאצ מפות עבות במיוחד,יחידה,0.00,יחידה,false,,8.90,0.0000,true,1,24484
7290103702298,false,טאצ' אשפתון עבה בגליל 77*90 50 יח',"שניב תעשיות נייר בע""",,טאצ אשפתון בגליל 50,יחידה,0.00,יחידה,false,,15.90,0.0000,true,1,24489
7290103702304,false,טאצ`אשפתון עבה במיוחד 35יח בגליל 90*7,שניב תעשיות נייר בעמ,,טאצ אשפתון בגליל 35,יחידה,0.00,יחידה,false,,15.90,0.0000,true,1,24490
7290103702328,false,טאצ`אשפתון עבה וחזק במיוחד 25יח בגליל,שניב תעשיות נייר בעמ,,טאצ אשפתון בגליל 25,יחידה,0.00,יחידה,false,,15.90,0.0000,true,1,24492
7290103702540,false,נייר טואלט מהדרות כדור פורח 30 גלילים טאצ',שניב תעשיות נייר בעמ,,נייר טואלט 30 יח' מ,יחידה,0.00,יחידה,false,,23.90,0.0000,true,1,62248
7290103702779,false,מפיות שולחן איכותיות 150 יח',שניב תעשיות נייר בעמ,,מפיות אירוח טאצ` 15,יחידה,0.00,יחידה,false,,8.90,0.0000,true,1,24500
7290103703219,false,דלי מטליות לחות לניקוי כללי בניחוח לימון טאצ',סאסאטק אגשח בעמ,,טאצ' מטליות לחות לני,יחידה,0.00,יחידה,false,,20.90,0.0000,true,1,38150
7290103703233,false,מטליות טאצ' לחות תפוח לניקוי כללי דלי,סאסאטק אגשח בעמ,,טאצ' מטליות לחות לני,יחידה,0.00,יחידה,false,,20.90,0.0000,true,1,38151
7290103703240,false,טאצ' מטליות לחות לניקוי רצפות,שניב תעשיות נייר בעמ,,טאצ' מטליות לחות לרי,,10.00,יח',false,,9.90,0.9900,true,1,24506
7290103703455,false,טאצ' ספוג לניקוי כתמים שלישיה,שניב תעשיות נייר בעמ,,טאצ' ספוג מבריק הפלא,,50.00,100 גרם,false,,9.90,0.1980,true,1,24509
7290103703899,false,מפיות טאצ 80 יחי' צבעים כהים חד שכבתיות,שניב תעשיות נייר בעמ,,מפיות טאצ' 80 יחידות,יחידה,0.00,יחידה,false,,4.90,0.0000,true,1,98455
7290103704155,false,נייר מגבת טאצ' 6 גלילים מהדורת 2021,שניב תעשיות נייר בעמ,,מגבות נייר 6 גלילים,,63.00,מטר,false,,10.90,0.1730,true,1,147388
7290103704162,false,נייר טואלט טאצ' 32 גלילים מהדורה 2021,שניב תעשיות נייר בעמ,,נייר טואלט טאצ' 32 ג,,0.00,יח',false,,28.90,0.0000,true,1,123991
7290103704186,false,מגבות מטבח כפול טאצ`מהדורת 2021 6 יחידות,שניב תעשיות נייר בעמ,,מגבות טאצ' גליל כפול,יחידה,0.00,יחידה,false,,19.90,0.0000,true,1,215640
7290103704575,false,נייר טואלט טאצ' פרימיום 48 גלילים,שניב תעשיות נייר בעמ,,נייר טואלט טאצ' 48 י,יחידה,0.00,יחידה,false,,39.90,0.0000,true,1,124005
7290103704766,false,נייר טואלט 24 גליל כפול מהדורת פרח סגול,"שניב תעשיות נייר בע""\מ",,נייר טואלט 24 גליל,יחידה,0.00,יחידה,false,,42.90,0.0000,true,1,268908
7290103746001,false,ממחטות טאצ`חמישייה צבעוני 500 דף,שניב תעשיות נייר בעמ,,ממחטות טאצ' חמישייה,יחידה,0.00,יחידה,false,,11.90,0.0000,true,1,24522
7290104061417,false,סלט חומוס עם טחינה אחלה 400 גרם,שטראוס גרופ בעמ/מצונן,,אחלה חומוס טחינה 400,,400.00,100 גרם,false,,9.90,0.0248,true,1,23437
7290104061431,false,סלט חומוס עם צנובר אחלה 400 גרם,שטראוס גרופ בעמ/מצונן,,אחלה חומוס צנובר 400,,400.00,100 גרם,false,,10.90,0.0273,true,1,23439
7290104061448,false,סלט חומוס עם חריף אחלה 400 גרם,שטראוס גרופ בעמ/מצונן,,אחלה חומוס חריף 400ג,,400.00,100 גרם,false,,10.90,0.0273,true,1,23440
7290104062599,false,מארז 8 יחידות מעדן גמדים בטעמי תות ובננה,שטראוס גרופ בעמ/מצונן,,גמדים תות בננה 8*100,,800.00,"100 מ""ל",false,,18.90,0.0236,true,1,23441
7290104065934,false,עלי רוקט שטראוס 150 גר`-טעם הטבע,ביכורי השדה הצפון בעמ` 1964,,שטראוס עלי רוקט 150ג,,150.00,100 גרם,false,,9.90,0.0660,true,1,23442
7290104068539,false,מאסט פליפטופ מלון ואבטיח ללא גרעינים,שטראוס גרופ בע`מ,,מאסט מלון ואבטיח 28ג,,28.00,100 גרם,false,,3.90,0.1393,true,1,22433
7290104068546,false,גומי מאסט בטעם לימון קולה ללא סוכר 28 ג' עלית,שטראוס גרופ בע`מ,,מאסט קולה 28 גרם,,28.00,100 גרם,false,,3.90,0.1393,true,1,22434
7290104500572,false,אפרופו חטיף תירס איטליאנו אסם 50 גרם,קבוצת אוסם סחר-שות.מוגבלת,,אפרופו איטלקי 36*50ג,,50.00,100 גרם,false,,5.00,0.1000,true,1,18860
7290104501661,false,אינסטנט פודינג בטעם וניל צרפתי אסם 80 גרם,קבוצת אוסם סחר-שות.מוגבלת,,אסם פודינג בטעם וניל,,80.00,100 גרם,false,,5.50,0.0688,true,1,18861
7290104508943,false,במבה חטיף בוטנים אסם 200 גרם,קבוצת אוסם סחר-שות.מוגבלת,,במבה קלאסי 18*200 גר,,200.00,100 גרם,false,,8.90,0.0445,true,1,18875
7290104570131,false,תמר מג'הול ששון ושות,,,"תמר מג'הול 1 ק""ג",קילוגרמים,1.00,"ק""ג",false,,17.90,17.9000,true,1,42955
7290104570162,false,תמרים ללא חרצנים בואקום 500 גרם,מ.ד אטיאס סוכנויות מזון בע`מ,,תמר כבוש 500 גרם,,500.00,100 גרם,false,,9.90,0.0198,true,1,42956
7290104720499,false,מארז 8 יחידות מעדן דני בטעם וניל 1.5%,שטראוס גרופ בעמ/מצונן,,מארז דני וניל 8*125,,125.00,"100 מ""ל",false,,16.90,0.1352,true,1,23449
7290104721762,false,מארז שלשות קפה טורקי עלית 85 ג',"שטראוס גרופ בע""מ",,טורקי עלית 3*85 גר'.,,255.00,100 גרם,false,,18.90,0.0741,true,1,22438
7290104722530,false,תפוצ'יפס בטעם שמנת בצל עלית 200 גרם,"שטראוס פריטו ליי בע""\מ )",,תפוציפס שמנת בצל 200,,200.00,100 גרם,false,,9.90,0.0495,true,1,24229
7290104726262,false,רביעייה מעדן דני שוקולד דיסני לבנים 125 גרם,שטראוס גרופ בעמ/מצונן,,דני שוקולד לשתייה מא,,500.00,"100 מ""ל",false,,10.90,0.0218,true,1,23459
7290104726712,false,מארז 8 יחידות מעדן מילקי בטעם שוקולד עם קצפת,שטראוס גרופ בעמ/מצונן,,מילקי שמינייה מארז 8,קילוגרמים,1.06,"ק""ג",false,,19.90,18.7736,true,1,23460
7290104728310,false,"שמנת מתוקה עמידה 38% שומן ""יטבתה"" -מוצר בפיקוח",שטראוס גרופ בעמ/מצונן,,יטבתה שמנת עמידה לקצ,,250.00,"100 מ""ל",false,,6.47,0.0259,true,1,23465
7290104960239,false,תחליב רחצה בניחוח קמומיל נקה (7507 מל),טרופיקל דגיל תעשיות קוסמ,,תחליב רחצה קמומיל נק,,750.00,"100 מ""ל",false,,11.90,0.0159,true,1,30474
7290104961892,false,מסכת קרטין טהור לשיער שעבר החלקה או עיצוב בחום,החברה הדרומית לשיווק בעמ,,מסכת קרטין אינטנס נט,,350.00,"100 מ""ל",false,,39.90,0.1140,true,1,30501
7290104963223,false,סופטקר - אל סבון עדין לתינוק לעור רגיש 1 ליטר,החברה הדרומית לשיווק בעמ,,סופטקר אלסבון קלאסי,יחידה,0.00,יחידה,false,,17.90,0.0000,true,1,30542
7290104963650,false,נקה 7 שמפו אל דמע סופטקר 1 ליטר,החברה הדרומית לשיווק בעמ,,סופטקר שמפו אלדמע 1,ליטרים,1.00,ליטר,false,,17.90,17.9000,true,1,30544
7290104963667,false,שמפו ותחליב רחצה אל דמע סופט קר 1 ליטר,החברה הדרומית לשיווק בעמ,,סופטקר 2ב-1 אלסבון ו,יחידה,0.00,יחידה,false,,17.90,0.0000,true,1,30545
7290105360250,false,קפסולות 09 עשיר וארומטי למכונת נספרסו עלית 10יח',הנסיך- מפעל לייצור ט,,עלית קפסולות מקיאטו,,50.00,100 גרם,false,,16.90,0.3380,true,1,22455
7290105360328,false,קפסולות אספרסו חזק למכונות נספרסו 10 יח',הנסיך- מפעל לייצור ט,,עלית קפסולות אספרסו,,50.00,100 גרם,false,,16.90,0.3380,true,1,22456
7290105360335,false,קפסולות אספרסו למכונות נספרסו 50 גר,הנסיך- מפעל לייצור ט,,עלית קפסולות אספרסו,,50.00,100 גרם,false,,16.90,0.3380,true,1,22457
7290105360755,false,"שמן זית 3 חזק 750 מ""ל יד מרדכי",מכוורת יד מרדכי שטראוס ב,,שמן זית 3 חזק כתית י,,750.00,"100 מ""ל",false,,33.90,0.0452,true,1,22460
7290105360762,false,"שמן זית 1 עדין 750 מ""ל יד מרדכי",מכוורת יד מרדכי שטראוס ב,,שמן זית 1 עדין כתית,,750.00,"100 מ""ל",false,,33.90,0.0452,true,1,22461
7290105360878,false,תפוציפס טבעי 50 גרם מארז רביעייה,"שטראוס פריטו ליי בע""\מ )",,תפוציפס מארז 4*50ג,,200.00,100 גרם,false,,10.90,0.0545,true,1,24238
7290105362339,false,"שמנת לבישול 15% 250 מ""ל יטבתה מהדרין",שטראוס גרופ בעמ/מצונן,,יטבתה שמנת לבישול 15,,250.00,"100 מ""ל",false,,7.90,0.0316,true,1,23470
7290105363602,false,מקלות כיף כף קלאסי עלית (40 גרם),שולן צ'\יקולטה גידה סאן.,,כיף כף מקלות קלאסי 4,,40.00,100 גרם,false,,4.90,0.1225,true,1,22466
7290105364289,false,מקלות כיף כף פצפוצים עלית 40 גרם,שולן צ'\יקולטה גידה סאן.,,כיף כף מקלות פצפוצים,,40.00,100 גרם,false,,4.90,0.1225,true,1,22467
7290105364302,false,"עלית חטיף שוקולד כיף כף מקלות אגוזים, 40 גרם",שולן צ'\יקולטה גידה סאן.,,כיף כף מקלות אגוזים,,42.00,100 גרם,false,,4.90,0.1167,true,1,22468
7290105366023,false,סלט חצילים בטעם כבד אחלה 400 גרם,שטראוס גרופ בעמ/מצונן,,אחלה חציל בטעם כבד 4,,400.00,100 גרם,false,,14.90,0.0373,true,1,23473
7290105366047,false,טחינה לבנה אחלה (400 גרם),שטראוס גרופ בעמ/מצונן,,אחלה טחינה לבנה 400ג,,400.00,100 גרם,false,,14.90,0.0373,true,1,23475
7290105366993,false,סימפוניה גבינת שמנת פלפל שיפקה 5% שטראוס 200 גרם,שטראוס גרופ בעמ/מצונן,,סימפוניה פלפל שיפקה,,200.00,100 גרם,false,,11.50,0.0575,true,1,23480
7290105368331,false,מעדן מילקי בטעם תות עם קצפת,שטראוס גרופ בעמ/מצונן,,"מילקי תות 170 מ""ל",,170.00,"100 מ""ל",false,,2.90,0.0171,true,1,23491
7290105368904,false,"שמנת מתוקה להקצפה 32% שומן 250 מ""ל יוטבתה",שטראוס גרופ בעמ/מצונן,,יטבתה שמנת עמידה לקצ,,250.00,"100 מ""ל",false,,7.50,0.0300,true,1,23500
7290105368928,false,שמנת חמוצה יטבתה %9 200 מל גביע מהדרין,שטראוס גרופ בעמ/מצונן,,יטבתה שמנת 9% 200מל,,200.00,"100 מ""ל",false,,2.90,0.0145,true,1,23501
7290105369130,false,סימפוניה גבינת שמנת בצל ירוק 5% שטראוס 200 גרם,שטראוס גרופ בעמ/מצונן,,סימפוניה שטראוס בצל,,200.00,100 גרם,false,,11.50,0.0575,true,1,23504
7290105436382,false,חטיף פרי תמרים קשיו ללא תוספת סוכר וגלוטן 5 יח,טבעית מוצרים מן הטבע בעמ,,פרי חטיפי בריאות תמר,,100.00,100 גרם,false,,14.90,0.1490,true,1,21654
7290105439499,false,מאסטר שף מאסטר שף מיונז 480 גר כשלפ,רמיה סי.וי. הולנד,,מיונז הולנדי מאסטר ש,,480.00,100 גרם,false,,11.90,0.0248,true,1,21662
7290105439505,false,מאסטר שף קרם בטעם מיונז לייט 479 גר כשלפ,רמיה סי.וי. הולנד,,מאסטר שף קרם בטעם מ,,479.00,100 גרם,false,,11.90,0.0248,true,1,21663
7290105500151,false,וודקה פינלנדיה רגיל 700,"אלטיה קורפ, הלסינקי,",,וודקה פינלנדיה 700 מ,,700.00,"100 מ""ל",false,,60.90,0.0870,true,1,13399
7290105500236,false,וויסקי ג'ק דניאלס מס' 7 Brand No,ג'ק דניאלס Jack Daniel's,,גק דניאלס וויסקי 700,,700.00,"100 מ""ל",false,,99.90,0.1427,true,1,13400
7290105691224,false,אסם חטיפי פריכונים טורטייה שום בצל 60 גרם,קבוצת אוסם סחר-שות.מוגבלת,,חטיפי פריכונים טורטי,,60.00,100 גרם,false,,7.50,0.1250,true,1,18886
7290105691248,false,אסם חטיפי פריכונים טורטייה תירס 60 גרם,קבוצת אוסם סחר שותפות מוגבלת,,חטיפי פריכונים טורטי,,60.00,100 גרם,false,,7.50,0.1250,true,1,18887
7290105691897,false,קוסקוס פלוס עם קמח חיטה מלא,קבוצת אוסם סחר שותפות מוגבלת,,קוסקוס עם חיטה מלאה,,350.00,100 גרם,false,,8.90,0.0254,true,1,18892
7290105691934,false,קמח שמרים אסם 1 קילו,קבוצת אוסם סחר שותפות מוגבלת,,"קמח שמרים אסם 1 ק""ג",קילוגרמים,1.00,"ק""ג",false,,8.90,8.9000,true,1,18893
7290105693341,false,מארז עשיריית במבה אסם 25*10 גרם,קבוצת אוסם סחר שותפות מוגבלת,,במבה מאח.15 10*25גרם,,250.00,100 גרם,false,,14.90,0.0596,true,1,18901
7290105693457,false,עוגת הבית דמקה שוקו וניל 320 גר`בחושות,קבוצת אוסם סחר שותפות מוגבלת,,עוגת הבית דמקה שוקו,,320.00,100 גרם,false,,11.90,0.0372,true,1,18902
7290105695024,false,פתיתים אפויים אורז עם אטריות אסם 500 גרם,קבוצת אוסם סחר שותפות מוגבלת,,פתיתים אפויים אורז ע,,500.00,100 גרם,false,,6.90,0.0138,true,1,18910
7290105695321,false,עוגת הבית בראוניז פאדג' אסם 380 גרם,קבוצת אוסם סחר שותפות מוגבלת,,הבית עוגות בראוניס פ,,380.00,100 גרם,false,,15.90,0.0418,true,1,18913
7290105962331,false,סחוג תימני אדום חריף מאוד זהבי הכרם 220 גרם,שטראוס גרופ בעמ/מצונן,,סחוג חריף מאוד זהבי,,220.00,100 גרם,false,,10.90,0.0495,true,1,23506
7290105964564,false,חומוס אחלה 400 גרם. שטראוס,שטראוס גרופ בעמ/מצונן,,אחלה חומוס אחלה 400ג,,400.00,100 גרם,false,,7.90,0.0198,true,1,23511
7290105965738,false,יוגורט לשתיה בטעם תות בננה267 ג' דנונה,שטראוס גרופ בעמ/מצונן,,דנונה משקה תות בננה,,267.00,100 גרם,false,,4.90,0.0184,true,1,23517
7290105966469,false,חומץ בלסמי ממודנה יד מרדכי (250 מל),אצטייה ג'וזפה קרמוני,,חומץ בלסמי יד מרדכי,,250.00,100 גרם,false,,13.90,0.0556,true,1,22500
7290105968654,false,רביולי עם בטטה פרווה שטראוס (400 גרם),שטראוס גרופ בעמ/מצונן,,שטראוס רביולי בטטה 4,,400.00,100 גרם,false,,19.90,0.0497,true,1,23524
7290105968777,false,פריכיות 5 דגנים עם תחתית שוקולד מריר 70 גרם,"טחנת האבן תעשיות בע""",,פריכיות תחתית שוקלד,,70.00,100 גרם,false,,7.90,0.1129,true,1,22505
7290106520066,false,"רבע לשבע שוקולד חלב במילוי אגוזים עלית 160 גרם בד""צ","הגביע מוצרי וופלים בע""\מ",,רבע לשבע 160 גרם,,160.00,100 גרם,false,,10.90,0.0681,true,1,22507
7290106520288,false,יוגורט פרו חלבון עם תות 2.4% שומן 150 ג' דנונה,שטראוס גרופ בעמ/מצונן,,דנונה פרו תות 150 גר,,150.00,100 גרם,false,,4.90,0.0327,true,1,23526
7290106520912,false,שמנת לבישול 9% שומן 258גר מהדרין יטבתה,שטראוס גרופ בעמ/מצונן,,יטבתה שמנת לבישול 9%,,250.00,"100 מ""ל",false,,7.90,0.0316,true,1,23535
7290106521926,false,קפה טורקי בצלופן עלית 150 גרם,שטראוס קפה בי.ויn\.,,קפה טורקי עלית 150 ג,,150.00,100 גרם,false,,12.90,0.0860,true,1,22515
7290106525368,false,גלילי וופל רבע לשבע אין סייד אוט 125 גר,"הגביע מוצרי וופלים בע""\מ",,רבע לשבע אין סייד או,,125.00,100 גרם,false,,10.90,0.0872,true,1,22523
7290106526822,false,פריכיות אורז חום מלא תחתית שוקולד חלב 80 גרם,"טחנת האבן תעשיות בע""",,פריכיות עם תחתית שוק,,80.00,100 גרם,false,,7.90,0.0988,true,1,22532
7290106528567,false,חטיף תירס גריל דוריטוס (185 גרם),"שטראוס פריטו ליי בע""\מ )",,דוריטוס גריל 185 גר`,,185.00,100 גרם,false,,7.50,0.0405,true,1,24254
7290106528949,false,סלט ערוגות שטראוס 450 גר`-טעם הטבע,ביכורי השדה הצפון בעמ` 1964,,לקט ערוגות,,450.00,100 גרם,false,,11.50,0.0256,true,1,23544
7290106571921,false,פיטנס עוגיות עם חמוציות נסטלה (180 גרם),קבוצת אוסם סחר שותפות מוגבלת,,פיטנס עוגיות חמוציות,,180.00,100 גרם,false,,11.90,0.0661,true,1,18931
7290106572065,false,חטיפי טורטיה בטעם חמוץ מתוק אסם (60 גרם),קבוצת אוסם סחר שותפות מוגבלת,,טורטיה בטעם תירס חמו,,60.00,100 גרם,false,,7.50,0.1250,true,1,18934
7290106573277,false,חטיף קרקר קריספי עם זיתים כבושים,קבוצת אוסם סחר שותפות מוגבלת,,אסם קריספי טאפאס זית,,150.00,100 גרם,false,,11.50,0.0767,true,1,18943
7290106573628,false,חומוס עם טחינה צבר (400 גרם),קבוצת אוסם סחר שותפות מוגבלת,,צבר חומוס עם טחינה 4,,400.00,100 גרם,false,,11.90,0.0298,true,1,19929
7290106574953,false,בייגלה שטוחים כעכים שטוחים עם שומשום,קבוצת אוסם סחר שותפות מוגבלת,,אסם בייגלה שטוחים שו,,300.00,100 גרם,false,,10.90,0.0363,true,1,18954
7290106574977,false,בייגלה שטוחים טבעות עם מלח אסם (300 גרם),קבוצת אוסם סחר שותפות מוגבלת,,אסם בייגלה שטוחים עם,,300.00,100 גרם,false,,10.90,0.0363,true,1,18955
7290106575257,false,עוגת הבית סופלה בטעם שוקולד 340 ג' אסם,קבוצת אוסם סחר שותפות מוגבלת,,עוגת הבית סופלה בטעם,,340.00,100 גרם,false,,11.90,0.0350,true,1,18958
7290106575431,false,עוגת הבית סופלה בטעם שוקולד וניל 340 ג',קבוצת אוסם סחר-שות.מוגבלת,,עוגת הבית סופלה בטעם,,340.00,100 גרם,false,,11.90,0.0350,true,1,18962
7290106576537,false,חומוס מסעדה צבר (700 גרם),קבוצת אוסם סחר שותפות מוגבלת,,צבר חומוס מסעדה 700,,700.00,100 גרם,false,,10.90,0.0156,true,1,19935
7290106577282,false,טחינה אמיתית מרובע 400 ג' צבר,קבוצת אוסם סחר-שות.מוגבלת,,צבר מרובע טחינה 400ג,,400.00,100 גרם,false,,12.90,0.0323,true,1,19936
7290106577527,false,סלט קולסלאו כרוב לבן וגזר 400 ג' צבר,קבוצת אוסם סחר-שות.מוגבלת,,צבר מרובע קולסלו 400,,400.00,100 גרם,false,,12.90,0.0323,true,1,19941
7290106577541,false,צבר כרוב אדום מרובע 400גרם,קבוצת אוסם סחר-שות.מוגבלת,,צבר מרובע כרוב אדום,,400.00,100 גרם,false,,12.50,0.0313,true,1,19942
7290106577572,false,מטבוחה אמיתית מרובע 400 ג' צבר,קבוצת אוסם סחר-שות.מוגבלת,,צבר מרובע מטבוחה 40,,400.00,100 גרם,false,,12.90,0.0323,true,1,19943
7290106578692,false,ביסלי במבה מיקס מהדורת אליפות אסם 80 גרם,קבוצת אוסם סחר שותפות מוגבלת,,במבה ביסלי מיקס 36*8,,80.00,100 גרם,false,,4.50,0.0563,true,1,18977
7290106652996,false,כיף כף מקלות קוקוס חלבי 40 גר',סולן בעבור שטראוס,,כיף כף מקלות קוקוס 4,,40.00,100 גרם,false,,4.90,0.1225,true,1,334384
7290106654099,false,מילקי CAKE עוגות אישיות במילוי קרם חלב,בובארד איטליה אס.פי.איי,,עוגות אישיות מילקי ק,,272.00,100 גרם,false,,19.90,0.0732,true,1,23548
7290106663091,false,"לאבנה 9 % עם שמן זית 500 גר' ""שטראוס""",שטראוס גרופ בעמ/מצונן,,שטראוס לאבנה 9% 500,,500.00,100 גרם,false,,17.90,0.0358,true,1,23574
7290106663558,false,"רוטב טריאקי ורימון יד מרדכי 280מ""ל",אף.סי תבליני בגליל ב,,יד מרדכי רוטב טריאקי,,280.00,"100 מ""ל",false,,13.90,0.0496,true,1,22604
7290106664067,false,לאבנה עם שמן זית וזעתר 10% שטראוס 400 ג',שטראוס גרופ בעמ/מצונן,,שטראוס לאבנה שמן זית,,400.00,100 גרם,false,,14.90,0.0373,true,1,23578
7290106664555,false,"רוטב שמנת עם עגבניות 9% שומן 250 מ""ל יוטבתה",שטראוס גרופ בעמ/מצונן,,יטבתה רוטב שמנת עם ע,,250.00,"100 מ""ל",false,,9.90,0.0396,true,1,23580
7290106664562,false,רוטב שמנת עם פטריות 9% שומן 258 ג' יוטבתה,שטראוס גרופ בעמ/מצונן,,יטבתה רוטב שמנת עם פ,,250.00,100 גרם,false,,9.90,0.0396,true,1,23581
7290106667266,false,חטיף תירס חמוץ חריף דוריטוס (185 גרם),"שטראוס פריטו ליי בע""\מ )",,דוריטוס חמוץ חריף 18,,185.00,100 גרם,false,,7.50,0.0405,true,1,24308
7290106668577,false,"מיץ לימון טבעי 250 מ""ל ""יד מרדכי""",האי נאם סי או אל.טי.,,מיץ לימון טבעי יד מר,,250.00,"100 מ""ל",false,,7.80,0.0312,true,1,22623
7290106669857,false,קפסולות אספרסו בטעם וניל עלית 10 יחידות,הנסיך- מפעל לייצור ט,,עלית קפסולות בטעם ונ,,50.00,100 גרם,false,,16.90,0.3380,true,1,22636
7290106720626,false,חטיף תירס בטעם גבינה צ`יטוס (80 גרם),"שטראוס פריטו ליי בע""\מ )",,ציטוס גבינה 80 גרם,,80.00,100 גרם,false,,4.90,0.0613,true,1,24311
7290106721920,false,צנצנת מסטיק מאסט בטעם ספירמינט עדין 66 ג' עלית,"שטראוס גרופ בע""\מ.",,מאסט צנצנת ספירמינט,,66.00,100 גרם,false,,9.90,0.1500,true,1,22651
7290106723689,false,עלי תרד בייבי 200 גר`שטראוס טעם הטבע,ביכורי השדה הצפון בעמ` 1964,,שטראוס תרד בייבי 200,,200.00,100 גרם,false,,9.90,0.0495,true,1,23591
7290106726178,false,יוגורט PRO עם פירות יער 2.4% 10 גרם חלבון בגביע,שטראוס גרופ בעמ/מצונן,,דנונה פרו בטעם פירות,,150.00,100 גרם,false,,4.90,0.0327,true,1,23597
7290106729650,false,יוגורט עם תות מאגדת 8 יח' * 150ג' דנונה,שטראוס גרופ בעמ/מצונן,,דנונה יוגורט תות 8יח,קילוגרמים,1.20,"ק""ג",false,,24.90,20.7500,true,1,23616
7290107280020,false,שלישיית מטליות לחות לניקוי כללי סנו סושי 50 יחידות,החברה הדרומית לשיווק בעמ,,סנו סושי מגבונים לני,יחידה,0.00,יחידה,false,,19.90,0.0000,true,1,30571
7290107280099,false,שלישיית מגובנים נשטפים באסלה סופט סוד 48 יחידות,החברה הדרומית לשיווק בעמ,,סנו סופט מגבוני טואל,יחידה,0.00,יחידה,false,,15.90,0.0000,true,1,30577
7290107280389,false,"סנו - ג'ט מרסס לניקוי בחדר האמבטיה 750 מ""ל",החברה הדרומית לשיווק בעמ,,סנו ג'ט מתז לאמבט 75,,750.00,"100 מ""ל",false,,12.90,0.0172,true,1,30585
7290107280570,false,סנו - מקסימה ג'ל כביסה מרוכז לכביסה צבעונית 3 ליטר,החברה הדרומית לשיווק בעמ,,מקסימה ג'ל כביסה מיק,ליטרים,3.00,ליטר,false,,33.90,11.3000,true,1,30596
7290107280709,false,ספארק נוזל הברקה למדיח סנו (700 מל),החברה הדרומית לשיווק בעמ,,סנו ספארק נוזל הברקה,,700.00,"100 מ""ל",false,,14.90,0.0213,true,1,30605
7290107280723,false,נוזל לניקוי כלים סנו ספארק Spark בניחוח לימון רענן,החברה הדרומית לשיווק בעמ,,סנו ספארק נוזל לניקו,,700.00,"100 מ""ל",false,,9.90,0.0141,true,1,30607
7290107280730,false,נוזל לניקוי כלים סנו ספארק Spark בניחוח לבנדר,החברה הדרומית לשיווק בעמ,,סנו ספארק נוזל לניקו,,700.00,"100 מ""ל",false,,9.90,0.0141,true,1,30609
7290107280747,false,נוזל לניקוי כלים סנו ספארק Spark קלאסי,החברה הדרומית לשיווק בעמ,,סנו ספארק נוזל לניקו,,700.00,"100 מ""ל",false,,9.90,0.0141,true,1,30610
7290107645584,false,אבקת מרק עוף אמיתי רכיבים טבעיים 400 גרם - רבנות,יוניליוור ישראל שיווק בע`מ,,מרק עוף אמיתי רכיבים,,400.00,100 גרם,false,,19.90,0.0497,true,1,10604
7290107645591,false,אבקת מרק בטעם עוף 100% רכיבים טבעיים 400 גרם,יוניליוור ישראל שיווק בע`מ,,מרק טעם עוף רכיבים ט,,400.00,100 גרם,false,,14.90,0.0373,true,1,10605
7290107647731,false,קוקומן חום לבן 20% פחות סוכר 375 גרם ב,יוניליוור ישראל שיווק בע`מ,,קוקומן חום לבן 20% ת,,375.00,100 גרם,false,,19.90,0.0531,true,1,10672
7290107871990,false,פסטה צינורות מהדרין אסם (500 גרם),קבוצת אוסם סחר שותפות מוגבלת,,פסטה צינורות אסם 500,,500.00,100 גרם,false,,5.90,0.0118,true,1,19004
7290107874502,false,ביסלי גריל קדמ. מארז אחיד 10 4*55 גרם,קבוצת אוסם סחר שותפות מוגבלת,,ביסלי גריל 4*55 גרם,,220.00,100 גרם,false,,12.90,0.0586,true,1,19026
7290107875271,false,ביסלי ברביקיו קדמ. מארז אחיד10 4*55 גרם,קבוצת אוסם סחר שותפות מוגבלת,,ביסלי ברבקיו מארז 4*,,220.00,100 גרם,false,,12.90,0.0586,true,1,19037
7290107875820,false,קרוטונים אפויים בתיבול ביתי אוסם 180 ג',קבוצת אוסם סחר שותפות מוגבלת,,קרוטונים אפויים בתיב,,180.00,100 גרם,false,,10.90,0.0606,true,1,19042
7290107877619,false,מארז במבה במילוי קרם נוגט 5*30ג' אסם,קבוצת אוסם סחר שותפות מוגבלת,,במבה במילוי קרם נוגט,,150.00,100 גרם,false,,13.90,0.0927,true,1,19072
7290107932080,false,חלב 3% מועשר בבקבוק יטבתה (1 ליטר),שטראוס גרופ בעמ/מצונן,,יטבתה חלב בבקבוק 3%,ליטרים,1.00,ליטר,false,,7.70,7.7000,true,1,23629
7290107932134,false,חלב מועשר 1% בבקבוק יטבתה (1 ליטר),שטראוס גרופ בעמ/מצונן,,יטבתה חלב בבקבוק 1%,ליטרים,1.00,ליטר,false,,7.70,7.7000,true,1,23631
7290107933155,false,לקט סלנובה 200 גר ירקות שטראוס טעם הטבע,שטראוס בריאות ירקות טריי,,לקט סלנובה 200 גרם,,200.00,100 גרם,false,,12.90,0.0645,true,1,23632
7290107933193,false,סלק בוואקום מבושל שטראוס (500 גרם),ביכורי השדה הצפון בעמ` 1964,,שטראוס סלק מבושל בוו,,500.00,100 גרם,false,,7.90,0.0158,true,1,23633
7290107934473,false,שמינייה יוגורט לבן אקטיביה 1.5% דנונה 150 גרם,שטראוס גרופ בעמ/מצונן,,אקטיביה מארז מיוחד 1,קילוגרמים,1.20,"ק""ג",false,,19.90,16.5833,true,1,23646
7290107936309,false,דנונה יוגורט 7% יווני לבן 130 ג',שטראוס גרופ בעמ/מצונן,,דנונה יווני לבן 130,,130.00,100 גרם,false,,3.30,0.0254,true,1,23652
7290107937542,false,משקה יוגורט אקטיביה עם תות 1.2% שומן,שטראוס גרופ בעמ/מצונן,,משקה אקטיביה תות 1.2,,265.00,"100 מ""ל",false,,4.90,0.0185,true,1,23657
7290107937634,false,צנצנית מסטיק מאסט קוביות פפירמינט 58 ג' עלית,"שטראוס גרופ בע""מ",,צנצנת קוביות פפירמינ,,58.00,100 גרם,false,,9.90,0.1707,true,1,22764
7290107937856,false,קפסולות 11חזק למכונות נספרסו עלית 10יח',הנסיך- מפעל לייצור ט,,עלית קפסולות בטעם נס,,50.00,100 גרם,false,,16.90,0.3380,true,1,22768
7290107938396,false,שמיניית אקטימל תות דיסני בנים 108 גרם,שטראוס גרופ בעמ/מצונן,,דנונה Actimel בנים ב,,864.00,100 גרם,false,,20.90,0.0242,true,1,23663
7290107939027,false,גזר דק דק 250 גר שטראוס ירקות טעם הטבע,ביכורי השדה הצפון בעמ` 1964,,גזרדק דק 250 גרם בד`,,250.00,100 גרם,false,,7.90,0.0316,true,1,23667
7290107940030,false,"חומוס אחלה מופחת שומן 650 גרם ""אחלה""","שטראוס גרופ ***בע""מ",,חומוס אחלה 650 גר,,650.00,100 גרם,false,,8.90,0.0137,true,1,23680
7290107940467,false,אקטיביה יוגורט קרמי 1.5% דנונה (200 גרם),שטראוס גרופ בעמ/מצונן,,דנונה אקטיביה יוגורט,,200.00,100 גרם,false,,3.90,0.0195,true,1,23686
7290107941259,false,עדשים ירוקות מבושלות 475 גר ירקות שטראוס,ביכורי השדה הצפון בעמ` 1964,,עדשים ירוקות מבושלות,,475.00,100 גרם,false,,11.90,0.0251,true,1,23695
7290107941273,false,טעם הטבע חומוס מבושל שטראוס (475 גרם),ביכורי השדה הצפון בעמ` 1964,,חומוס מבושל 475 גרם,,475.00,100 גרם,false,,11.90,0.0251,true,1,23697
7290107943192,false,"שמנת חמוצה מהערבה 27% שומן 200 מ""ל יטבתה",שטראוס גרופ בעמ/מצונן,,יטבתה שמנת 27% 200מ,,200.00,"100 מ""ל",false,,3.90,0.0195,true,1,23724
7290107943369,false,קוואקר שיבולת שועל ללא גלוטן 511 גר'.,שטראוס פריטו ליי בע`מ,,שיבולת שועל ללא גלוט,,511.00,100 גרם,false,,18.90,0.0370,true,1,24359
7290107944472,false,סימפוניה גבינה במרקם שמנת 5% שום שמיר,שטראוס גרופ בעמ/מצונן,,סימפוניה 5% שום שמיר,,200.00,100 גרם,false,,11.50,0.0575,true,1,23731
7290107950190,false,מעדן חלב דל קלוריות בטעם שוקולד מריר 0.5% שומן,שטראוס גרופ בעמ/מצונן,,מעדן דיאט שוקולד מרי,,130.00,100 גרם,false,,3.50,0.0269,true,1,23791
7290107950206,false,מעדן דיאט שוקולד שטראוס 130 גרם,שטראוס גרופ בעמ/מצונן,,מעדן דיאט שוקולד % 0,,130.00,100 גרם,false,,3.50,0.0269,true,1,23792
7290107951715,false,צנצנת מסטיק מאסט קוביות בטעם ענבים 58 ג' עלית,"שטראוס גרופ בע""מ",,מאסט צנצנת קוביות ענ,,58.00,100 גרם,false,,9.90,0.1707,true,1,22888
7290107953559,false,"מארז קפה טורקי עלית לדרך כשל""פ 168 גרם",הנסיך- מפעל לייצור ט,,קפה טורקי לדרך 168 ג,,168.00,100 גרם,false,,17.90,0.1065,true,1,22899
7290107954709,false,"קונפיטורת פירות יער ""יד מרדכי"" 340 גר'",שטראוס גרופ בע`מ,,יד מרדכי קונפיטורת פ,,340.00,100 גרם,false,,11.90,0.0350,true,1,22920
7290107954976,false,משקה חלב PRO עם קפה 1.5% 25 גרם חלבון בבקבוק,שטראוס גרופ בעמ/מצונן,,משקה פרו בטעם קפה יט,,350.00,"100 מ""ל",false,,6.90,0.0197,true,1,23858
7290107956901,false,קפסולות בטעם אגוזים למכונת נספרסו עלית 10 יחידות,שטראוס קפה בי.וי.,,עלית קפסולות אספרסו,,150.00,100 גרם,false,,16.90,0.1127,true,1,22962
7290107957991,false,מילקי CAKE מיניס קרם חלב בציפוי שוקולד חלב שקית 16X9ג',בובארד איטליה אס.פי.איי,,"מילקי מייניס 9*16 מ""",,144.00,100 גרם,false,,13.90,0.0965,true,1,23891
7290107971744,false,"קולגייט - מי פה טוטל ירוק ספרמינט 500 מ""ל",יבואן ומשווק: ש. שסט,,קולגייט מי פה טוטל י,,500.00,"100 מ""ל",false,,30.90,0.0618,true,1,21694
7290107973038,false,"סבון ידיים משאבה פלמוליב אקווריום 300 מ""ל",הנסיך- מפעל לייצור ט,,סבון ידיים אקווריום,,300.00,"100 מ""ל",false,,9.90,0.0330,true,1,21704
7290107973793,false,שימורי עגבניות שלמות 400 ג' מאסטר שף,פראנו אריקו ופיגלי ס,,עגבניות שלמות מאסטר,,400.00,100 גרם,false,,4.90,0.0123,true,1,21712
7290107973861,false,מאסטר שף עגבניות קצוצות דק שלישיה 400ג*3 כשלפ,קונסרזיו קאסאלאסקו ד,,עגבניות קצוצות דק מא,קילוגרמים,1.20,"ק""ג",false,,15.90,13.2500,true,1,21714
7290107974066,false,"עלי טורטיה קמח מלא 20ס""מ 8יח' מאסטר שף 320ג'",אלקאטי קורביישיסי גי,,עלי טורטיה קמח מלא מ,,320.00,100 גרם,false,,9.90,0.0309,true,1,21719
7290107974073,false,מנה עלי טורטיה קמח לבן מ.שף 20 סמ 320 גר,אלקאטי קורביישיסי גי,,עלי טורטיה קמח לבן מ,,320.00,100 גרם,false,,9.90,0.0309,true,1,21720
7290107974806,false,"אורז בסגנון בסמטי 1ק""ג מאסטר שף",דווה סינג שיהם סינג,,אורז בסמטי מאסטר שף,קילוגרמים,1.00,"ק""ג",false,,10.90,10.9000,true,1,21729
7290107974813,false,"אורז יסמין 1 ק""ג מאסטר שף",טאומי אינטרפרייד,,אורז יסמין מאסטר שף,קילוגרמים,1.00,"ק""ג",false,,9.90,9.9000,true,1,21730
7290107975346,false,ספיד סטיק - דאודורנט ג'ל לגבר כוח הטבע 85 גרם,קולגייט-פלמוליב,,דאו' ג'ל כח הטבע אול,,65.00,100 גרם,false,,19.90,0.3062,true,1,21738
7290107978323,false,איטריות דקיקות מאסטר שף 400 גרם,הדקלאים אגודת שיתופי,,איטריות דקיקות מאסטר,,400.00,100 גרם,false,,5.90,0.0148,true,1,21768
7290107978330,false,איטריות דקות מאסטר שף 400 גרם,הדקלאים אגודת שיתופי,,איטריות דקות מאסטר ש,,400.00,100 גרם,false,,5.90,0.0148,true,1,21769
7290107978347,false,איטריות בינוניות מאסטר שף 400 גרם,הדקלאים אגודת שיתופי,,איטריות בינוניות מאס,,400.00,100 גרם,false,,5.90,0.0148,true,1,21770
7290107978453,false,חטיף בטעם גריל קראנצ,ש. שסטוביץ בע`מ,,קראנצו'ס גריל 55 גרם,,55.00,100 גרם,false,,3.90,0.0709,true,1,21773
7290108350128,false,סנו סושי שקיות אשפה חזקות במיוחד 40 יח',החברה הדרומית לשיווק בעמ,,סנו סושי שקיות חזקות,יחידה,0.00,יחידה,false,,24.90,0.0000,true,1,30619
7290108350180,false,סנו סופט מפיות מודפסות 100 יח`,החב. הדרומית לשיווק,,סנו סושי מפיות מודפס,יחידה,0.00,יחידה,false,,7.90,0.0000,true,1,30624
7290108350203,false,"סנו סושי כריות קרצוף+ספוג מקציף 6 יחידות 12X9 ס""מ",החברה הדרומית לשיווק בעמ,,כריות קרצוף עם ספוג,יחידה,0.00,יחידה,false,,9.90,0.0000,true,1,30626
7290108350531,false,סנו ספארק נוזל כלים בניחוח קלאסי עם משאבה 1 ל',מיוצר עי קונדיטוריית,,סנו ספארק משאבה בניח,ליטרים,1.00,ליטר,false,,11.90,11.9000,true,1,30635
7290108350548,false,סנו ספארק נוזל כלים בניחוח לבנדר עם משאבה 1 ל',החברה הדרומית לשיווק בעמ,,סנו ספארק משאבה בניח,ליטרים,1.00,ליטר,false,,11.90,11.9000,true,1,30636
7290108350555,false,נוזל כלים סנו ספארק Spark היפואלרגני פריחת השקד,החברה הדרומית לשיווק בעמ,,סנו ספארק משאבה בניח,ליטרים,1.00,ליטר,false,,11.90,11.9000,true,1,30637
7290108350616,false,סנו - מקסימה מרכך כביסה מרוכז פריחה כחולה 1 ליטר,החברה הדרומית לשיווק בעמ,,מרכך כביסה מקסימה סו,יחידה,0.00,יחידה,false,,18.90,0.0000,true,1,30642
7290108351514,false,מרכך כביסה בלו בלוסום סנו מקסימה 4 ליטר,החברה הדרומית לשיווק בעמ,,מרכך כביסה סנו מקסימ,ליטרים,4.00,ליטר,false,,22.90,5.7250,true,1,30678
7290108351583,false,"סנו - ג'ט פלוס חומץ ג'ל לניקוי אסלות לבנדר 750 מ""ל",החברה הדרומית לשיווק בעמ,,סנו ג'ט+לניקוי אסלות,,750.00,"100 מ""ל",false,,11.90,0.0159,true,1,30684
7290108351590,false,"סנופרש הום בלו בלוסון בניחוח מרכך כביסה 350 מ""ל",החברה הדרומית לשיווק בעמ,,סנו פרש BLUE BLOSSOM,,350.00,"100 מ""ל",false,,11.90,0.0340,true,1,30685
7290108351675,false,סנו מקסימה ג`ל כביסה מרוכז 5 ל`צבעוני,החברה הדרומית לשיווק בעמ,,ג'ל כביסה סנו מקסימה,ליטרים,5.00,ליטר,false,,47.90,9.5800,true,1,30693
7290108351811,false,מרכך כביסה סופר מרוכז Floral touch סנו מקסימה 1 ליטר,החברה הדרומית לשיווק בעמ,,סנו מקסימה מרכך כביס,יחידה,0.00,יחידה,false,,18.90,0.0000,true,1,30702
7290108351927,false,סנו ספארק טבליות למדיח 70 יחידות,החברה הדרומית לשיווק בעמ,,סנו ספארק טבליות למד,קילוגרמים,1.40,"ק""ג",false,,40.90,29.2143,true,1,30709
7290108351965,false,סנו ג'ט סבון אסלה בחומץ שלישיה,סנו מפעלי ברונוס בעמ,,ג'ט סבון אסלה חומץ ו,יחידה,0.00,יחידה,false,,11.90,0.0000,true,1,30713
7290108351972,false,סנופרש הום מבשם לבית בניחוח מלון בוטיק,החברה הדרומית לשיווק בעמ,,סנו פרש הום יבש לבית,יחידה,200.00,יחידה,false,,11.90,0.0595,true,1,30714
7290108352214,false,סנו - מקסימה קפסולות כביסה בניחוח בריזה מרעננת 40 יח',החברה הדרומית לשיווק בעמ,,קפסולות כביסה בניחוח,,840.00,100 גרם,false,,35.90,0.0427,true,1,65172
7290108352252,false,נוזל לניקוי כלים מתאים לניקוי ירקות ופירות סנו ספארק,החברה הדרומית לשיווק בעמ,,ספארק נוזל לכלים 1,יחידה,0.00,יחידה,false,,11.90,0.0000,true,1,80782
7290108352269,false,סנו מטליות לחיטוי ולניקוי בדלי 400 יחידו,החברה הדרומית לשיווק בעמ,,מטליות לחיטוי ולניקו,יחידה,0.00,יחידה,false,,30.90,0.0000,true,1,62419
7290108352399,false,ריצפז פרש הום בניחוח מרכך כביסה פלורל טאצ',החברה הדרומית לשיווק בעמ,,ריצפז פרש הום פלורל,ליטרים,2.00,ליטר,false,,21.90,10.9500,true,1,214817
7290108352412,false,"סנו - פרש הום מבשם לבית ולטקסטיל ורד אנגלי ועלים 300 מ""ל",מיוצר עי קונדיטוריית,,סנו פרש הום מטהר אוי,,300.00,"100 מ""ל",false,,12.90,0.0430,true,1,75490
7290108352511,false,"מקסימה לניקוי וחיטוי מכונת כביסה שקית 500 מ""ל",החברה הדרומית לשיווק בעמ,,ניקוי וחיטוי מכונת כ,,500.00,"100 מ""ל",false,,11.90,0.0238,true,1,144099
7290108352535,false,דפי בישום לחים למייבש הכביסה בניחוח מרכך כביסה 20 יח' מקסימה,החברה הדרומית לשיווק בעמ,,דפי בישום לחים למייב,יחידה,0.00,יחידה,false,,12.90,0.0000,true,1,187228
7290108352566,false,מרכך כביסה בבישום עוצמתי 4 ל' סנו מקסינה,החברה הדרומית לשיווק בעמ,,מרכך JOY בבישום עוצמ,ליטרים,4.00,ליטר,false,,22.90,5.7250,true,1,187159
7290108352573,false,מרכך כביסה סנו מקסימה בבישום עוצמתי 4 ליטר,החברה הדרומית לשיווק בעמ,,מרכך כביסה CALM בבי,ליטרים,4.00,ליטר,false,,22.90,5.7250,true,1,244648
7290108352597,false,דלי מגבונים לניקוי כללי סנו 400 יחידות,החברה הדרומית לשיווק בעמ,,מגבונים בדלי 400 יח',יחידה,0.00,יחידה,false,,30.90,0.0000,true,1,30721
7290108352672,false,צמד מטליות הפלא לרצפה מיקרפייבר סנו סושי,החברה הדרומית לשיווק בעמ,,סנו סושי זוג מטלית ה,יחידה,0.00,יחידה,false,,19.90,0.0000,true,1,30727
7290108352689,false,כריות קרצוף ללכלוך קשה סנו סושי 9 יחידות,החברה הדרומית לשיווק בעמ,,כריות קרצוף ללכלוך ק,יחידה,0.00,יחידה,false,,9.90,0.0000,true,1,30728
7290108352702,false,סנו סופט שלישיית מגבוני טואלט נשטפים בוב ספוג 48 יחידות,החברה הדרומית לשיווק בעמ,,שלישיית מגבוני טואלט,יחידה,0.00,יחידה,false,,15.90,0.0000,true,1,30730
7290108352788,false,סנו סושי שקיות זיפר לאוכל L 20 יחידות,החברה הדרומית לשיווק בעמ,,סנו סושי שקיות זיפר,יחידה,0.00,יחידה,false,,12.90,0.0000,true,1,30732
7290108352795,false,שקיות זיפר 50 יח`במידה M סנו סושי,החברה הדרומית לשיווק בעמ,,סנו סושי שקיות זיפר,יחידה,0.00,יחידה,false,,12.90,0.0000,true,1,30733
7290108352801,false,"שקיות אשפה לפחים קטנים 45 * 56 ס""מ סנו סושי 100 יחידות",החברה הדרומית לשיווק בעמ,,סנו סושי 100 שקיות א,,100.00,יח',false,,19.90,0.1990,true,1,30734
7290108352818,false,מטלית במבוק לניקוי דוחה ריחות רעים,החברה הדרומית לשיווק בעמ,,סנו סושי מטלית במבוק,יחידה,0.00,יחידה,false,,7.90,0.0000,true,1,30735
7290108352825,false,ספוג הפלא נירוסטה סנו סושי 3יח',החברה הדרומית לשיווק בעמ,,סנו סושי-ספוג הפלא נ,,3.00,יח',false,,9.90,3.3000,true,1,30736
7290108352900,false,מגבות נייר בגליל כפול סנו סושי 12=6 גלילים,החברה הדרומית לשיווק בעמ,,סנו סושי מגבות נייר,יחידה,0.00,יחידה,false,,21.90,0.0000,true,1,30743
7290108353006,false,סנו סושי - שקיות אוכל נקשרות 250 יחידות XL,החברה הדרומית לשיווק בעמ,,סנו סושי 250 שקיות א,יחידה,0.00,יחידה,false,,13.90,0.0000,true,1,30753
7290108353068,false,ספוג הפלא נירוסטה עם סיבי קירצוף סנו סושי 2 יח',החברה הדרומית לשיווק בעמ,,סנו סושי-כרית קרצוף,,3.00,יח',false,,9.90,3.3000,true,1,30759
7290108353099,false,ממחטות אף במארז ניילון סנו סופט 5 יח' * 100 דף,החברה הדרומית לשיווק בעמ,,סנו סופט 500 ממחטות,יחידה,0.00,יחידה,false,,12.90,0.0000,true,1,30762
7290108353532,false,"שקיות אשפה חזקות עם שרוך לארג' 54 * 65 ס""מ סנו סושי 100 יחידות",החברה הדרומית לשיווק בעמ,,שקיות אשפה בגליל סנו,יחידה,0.00,יחידה,false,,30.90,0.0000,true,1,30775
7290108353549,false,נייר אפיה 100 דפים סנו סושי,החברה הדרומית לשיווק בעמ,,נייר אפיה סנו סושי 1,יחידה,0.00,יחידה,false,,19.90,0.0000,true,1,30776
7290108353648,false,סנו סושי - שקיות אוכל מנייר 70 יחידות,החברה הדרומית לשיווק בעמ,,סנו סושי 70 שקיות או,יחידה,0.00,יחידה,false,,10.90,0.0000,true,1,75492
7290108353747,false,"תחליב רחצה אירוודה, בניחוח טונקה 600 מ""ל קרימה",החברה הדרומית לשיווק בעמ,,קרמה תחליב רחצה ספא,,600.00,"100 מ""ל",false,,18.90,0.0315,true,1,298167
7290108353761,false,"תחליב רחצה זן, בניחוח קשמיר 600 מ""ל קרימה",החברה הדרומית לשיווק בעמ,,קרמה תחליב רחצה ספא,,600.00,"100 מ""ל",false,,18.90,0.0315,true,1,298168
7290108353778,false,"נקה 7 - תחליב רחצה שוודיה בניחוח פיטנגו 750 מ""ל",החברה הדרומית לשיווק בעמ,,תחליב רחצה שוודיה פי,,750.00,"100 מ""ל",false,,11.90,0.0159,true,1,91235
7290108353785,false,תחליב רחצה נקה 7 מרוקו בניחוח טונקה 750,החברה הדרומית לשיווק בעמ,,תחליב רחצה מרוקו טונ,,750.00,"100 מ""ל",false,,11.90,0.0159,true,1,91250
7290108353792,false,"נקה 7 - תחליב רחצה יפן בניחוח פריחת הדובדבן 750 מ""ל",החברה הדרומית לשיווק בעמ,,תחליב רחצה יפן פריחת,,750.00,"100 מ""ל",false,,11.90,0.0159,true,1,91236
7290108353815,false,"תחליב רחצה מדיטציה בניחוח פצ'ולי לבנדר+משאבה 600 מ""ל",החב. הדרומית לשיווק,,קרמה תחליב רחצה ספא,,600.00,"100 מ""ל",false,,18.90,0.0315,true,1,298169
7290108354270,false,מרכך כביסה מרוכז בבישום עוצמתי 1 ל' סנו מקסימה,החברה הדרומית לשיווק בעמ,,מרכך בבישום עוצמתי מ,ליטרים,1.00,ליטר,false,,18.90,18.9000,true,1,187131
7290108354447,false,"כיף מרכך לשיקום והזנה שמן קוקוס וקרטין 700 מ""ל",החברה הדרומית לשיווק בעמ,,מרכך כיף לשיקום והזנ,,700.00,"100 מ""ל",false,,11.90,0.0170,true,1,111122
7290108354492,false,"קרליין שמפו 10 לשיער שמן ארגן 700 מ""ל",החברה הדרומית לשיווק בעמ,,שמפו לשיער רגיל קרלי,,700.00,"100 מ""ל",false,,13.90,0.0199,true,1,235967
7290108354829,false,"קרם ידיים קרמה ורד וניל 100 מ""ל מ""ל",החברה הדרומית לשיווק בעמ,,קרם ידיים קרמה ורד ו,,100.00,"100 מ""ל",false,,9.90,0.0990,true,1,84916
7290108354973,false,"סבון ידיים ורד ווניל קרמה 300 מ""ל",החברה הדרומית לשיווק בעמ,,סבון ידיים קרמה ורד,,300.00,"100 מ""ל",false,,9.90,0.0330,true,1,81783
7290108355000,false,שמפו לילדים מיניונים נקה 7 (750 מל),החברה הדרומית לשיווק בעמ,,שמפו מיניונים נקה 7,,750.00,"100 מ""ל",false,,11.90,0.0159,true,1,30784
7290108355154,false,נקה 7 שמפו לשיער שמני הזנה 750 מל,החברה הדרומית לשיווק בעמ,,שמפו שמני הזנה נקה 7,,750.00,"100 מ""ל",false,,11.90,0.0159,true,1,30797
7290108355161,false,"מרכך שיער שמני הזנה 750 מ""ל נקה 7",החברה הדרומית לשיווק בעמ,,מרכך שמני הזנה נקה 7,,750.00,"100 מ""ל",false,,11.90,0.0159,true,1,30798
7290108355178,false,"קרמה - קרם ידיים חמאת שיאה וקוקוי 100 מ""ל",החברה הדרומית לשיווק בעמ,,קרם ידיים קרמה חמאת,,100.00,"100 מ""ל",false,,9.90,0.0990,true,1,84917
7290108355260,false,"נקה 7-שמפו 3ב1 שמפו ג'ל רחצה וסבון פנים לגבר 750 מ""ל",החברה הדרומית לשיווק בעמ,,שמפו ג'ל רחצה וסבון,,750.00,"100 מ""ל",false,,11.90,0.0159,true,1,30804
7290108355802,false,"תחליב רחצה קרמה ורד ווניל 700 מ""ל",החברה הדרומית לשיווק בעמ,,קרמה תחליב רחצה ורד,,700.00,"100 מ""ל",false,,16.90,0.0241,true,1,80797
7290108356113,false,תחליב רחצה כיף ניחוח דבש 700 מל,החברה הדרומית לשיווק בעמ,,תחליב רחצה דבש כיף 7,,700.00,"100 מ""ל",false,,11.90,0.0170,true,1,30834
7290108356120,false,תחליב רחצה כיף ניחוח קוקוס וניל700 מל,החברה הדרומית לשיווק בעמ,,תחליב רחצה קוקוס וני,,700.00,"100 מ""ל",false,,11.90,0.0170,true,1,30835
7290108356168,false,תחליב רחצה כיף ניחוח אוקיינס700 מל,החברה הדרומית לשיווק בעמ,,תחליב רחצה אוקיינוס,,700.00,"100 מ""ל",false,,11.90,0.0170,true,1,30838
7290108356519,false,קרליין שמפו 10למניעת קשקשים 700מל,החברה הדרומית לשיווק בעמ,,שמפו לשיער בתוספת שמ,,700.00,"100 מ""ל",false,,13.90,0.0199,true,1,215103
7290108356564,false,"קרליין - מרכך 10 לשיער רגיל 700 מ""ל",החברה הדרומית לשיווק בעמ,,מרכך לשיער רגיל קרלי,,700.00,"100 מ""ל",false,,13.90,0.0199,true,1,215147
7290108357028,false,"תחליב רחצה כיף ורד ושמן קוקוי 700 מ""ל",החברה הדרומית לשיווק בעמ,,כיף תחליב רחצה ורד ו,,700.00,"100 מ""ל",false,,11.90,0.0170,true,1,30841
7290108357042,false,"קרליין - נושם ביו דאודורנט רול און 75 מ""ל Citrus Blossoms לאישה",החברה הדרומית לשיווק בעמ,,דיאודורנט רול און בנ,,75.00,"100 מ""ל",false,,12.90,0.1720,true,1,245309
7290108357202,false,סנוקליר לניקוי בניחוח בלו בלוסום 1 ליטר,החברה הדרומית לשיווק בעמ,,סנו קליר אקדח בניחוח,ליטרים,1.00,ליטר,false,,11.90,11.9000,true,1,115463
7290108357288,false,אקונומיקה ז'אוול בניחוח פריחה לבנה 4 ל' סנו,החברה הדרומית לשיווק בעמ,,סנו ז'אוול בניחוח פר,ליטרים,4.00,ליטר,false,,16.90,4.2250,true,1,232446
7290108357295,false,"מרסס אוקסיג'ן מסיר כתמים סנו לכביסה לבנה 750 מ""ל",החברה הדרומית לשיווק בעמ,,מרסס אוקסיג'ן מסיר כ,,750.00,"100 מ""ל",false,,17.90,0.0239,true,1,276062
7290108357578,false,"קרם ידיים קרמה וניל ופלפל ורוד 100מ""ל",החב הדרומית לשיווק,,קרם ידיים בניחוח וני,,100.00,"100 מ""ל",false,,9.90,0.0990,true,1,187145
7290108357707,false,"כיף שמפו לשיער רגיל- תפוח זרעי צ'יה 700 מ""ל",החברה הדרומית לשיווק בעמ,,שמפו לשיער רגיל תפוח,,700.00,"100 מ""ל",false,,11.90,0.0170,true,1,30843
7290108357714,false,"כיף שמפו לשיער יבש -רימונים ושמן ארגן 700 מ""ל",החברה הדרומית לשיווק בעמ,,שמפו לשיער יבש רימונ,,700.00,"100 מ""ל",false,,11.90,0.0170,true,1,30844
7290108357769,false,"מרכך לשיער רגיל תפוח וזרעי צ'יה 700 מ""ל כיף",החברה הדרומית לשיווק בעמ,,מרכך לשיער רגיל תפוח,,700.00,"100 מ""ל",false,,11.90,0.0170,true,1,30848
7290108358070,false,"תחליב רחצה קלאסי קרמה 700מ""ל.",החברה הדרומית לשיווק בעמ,,קרמה תחליב רחצה קלאס,,700.00,"100 מ""ל",false,,16.90,0.0241,true,1,94943
7290108358100,false,"פרש הום מקלות ריחניים לבית בניחוח בייבי 100 מ""ל",החברה הדרומית לשיווק בעמ,,מקלות ריחניים לבית ב,,100.00,"100 מ""ל",false,,19.90,0.1990,true,1,230818
7290108358117,false,"פרש הום מקלות ריחניים לבית בניחוח כביסה רעננה 100 מ""ל",החברה הדרומית לשיווק בעמ,,מקלות ריחניים לבית ב,,100.00,"100 מ""ל",false,,19.90,0.1990,true,1,230819
7290108358124,false,דפי בישום לחים למייבש הכביסה בניחוח מרכך כביסה 20 יח' מקסימה,טרופיגל דגיל תעשיות קוסמ,,דפי בישום לחים למייב,יחידה,0.00,יחידה,false,,12.90,0.0000,true,1,336615
7290108359008,false,סושי שקיות זיפר עם סליידר 15 יח לארג',החברה הדרומית לשיווק בעמ,,שקיות זיפר עם סליידר,יחידה,0.00,יחידה,false,,14.90,0.0000,true,1,216737
7290108359015,false,סושי שקיות זיפר עם סליידר 20 יח מדיום,החברה הדרומית לשיווק בעמ,,שקיות זיפר עם סליידר,יחידה,0.00,יחידה,false,,14.90,0.0000,true,1,216738
7290108359060,false,סנו סושי כריות הפלא רב תכלתיות *4 לשבת,החברה הדרומית לשיווק בעמ,,כריות ניקוי לשבת 4 י,יחידה,0.00,יחידה,false,,11.90,0.0000,true,1,189159
7290108359077,false,סנו - סופט לושן ממחטות אף בקופסא 3 שכבות 120 יח',החברה הדרומית לשיווק בעמ,,ממחטות אף בקופסא 3 ש,יחידה,0.00,יחידה,false,,12.90,0.0000,true,1,216739
7290108359879,false,"אלסבון בייבי כיף+משאבה 750 מ""ל",החברה הדרומית לשיווק בעמ,,אלסבון HYDROMOIST ב,,750.00,"100 מ""ל",false,,15.90,0.0212,true,1,30857
7290108359893,false,"תחליב רחצה בייבי כיף+משאבה 750 מ""ל",החברה הדרומית לשיווק בעמ,,תחליב רחצה HYDROMOIS,,750.00,"100 מ""ל",false,,15.90,0.0212,true,1,30859
7290108359985,false,סנו - ז'אוול מרסס קצף לניקוי וחינו בניחוח פריחה לבנה 1 ליטר,החברה הדרומית לשיווק בעמ,,אקונומיקה מרסס עם ממ,ליטרים,1.00,ליטר,false,,17.90,17.9000,true,1,232562
7290108500271,false,שלישיית פטריות חתוך ויליפוד 290 גרם מהדרין,ג.וילי פוד אינטרנשיונל בעמ,,פטריות חתוך ויליפוד,,870.00,100 גרם,false,,11.90,0.0137,true,1,3039
7290108500677,false,כבד דג שיבוט בשמן דג וילי פוד 115 גרם,ג. וילי-פוד אינטרנשיונל בע`מ,,כבד דג שיבוט בשמן וי,,115.00,100 גרם,false,,8.90,0.0774,true,1,3046
7290108501490,false,גבינת מוצרלה פרוסות 150 גר`וילי פוד,ג.וילי-פוד אינטרנשיונל **גבינו,,גבינה מוצרלה פרוסות,,150.00,100 גרם,false,,12.90,0.0860,true,1,3084
7290108501971,false,חטיף בוטנים ומשמש הפי נאטס מארז 35X4ג',ג.וילי פוד אינטרנשיונל בעמ,,חטיף שקדים ומשמש HAP,,140.00,100 גרם,false,,12.90,0.0921,true,1,3123
7290108502305,false,גבינת גרדה פדנו משולש 150 גר` וילי פוד,ג.וילי-פוד אינטרנשיונל **גבינו,,גבינת גרנה פדנו משול,,150.00,100 גרם,false,,16.90,0.1127,true,1,3133
7290108502381,false,בסיסים להכנת פיצה קוטר 26 וילי פוד 480ג',ג. וילי-פוד אינטרנשיונל בע`מ,,תחתיות לפיצה קוטר 26,יחידה,0.00,יחידה,false,,12.90,0.0000,true,1,3136
7290108502862,false,מלפפונים כבושים במלח 18-25 קטנים ויליפוד 600 גרם,ג. וילי-פוד אינטרנשיונל בע`מ,,מלפפונים כבושים במלח,,600.00,100 גרם,false,,8.90,0.0148,true,1,3170
7290108503043,false,תפוחונים חטיף פלחים מיובשים מארז 22X4ג',ג. וילי-פוד אינטרנשיונל בע`מ,,מארז רביעייה תפוחוני,,88.00,100 גרם,false,,12.90,0.1466,true,1,3181
7290108503159,false,גבינה כחולה עם עובש 31% ויליפוד 100 גרם,ג.וילי-פוד אינטרנשיונל **גבינו,,וילי פוד גבינה כחולה,,100.00,100 גרם,false,,10.00,0.1000,true,1,3188
7290108504293,false,מנצ`גו צ`אנק 150 גרם ויליפוד,ג.וילי-פוד אינטרנשיונל **גבינו,,מנצ'גו צ'אנק 150 גר',,150.00,100 גרם,false,,16.90,0.1127,true,1,3245
7290108504392,false,גבינת שמנת לייט עם זיתים 200 ג' - EURO CHEESE,ג. וילי-פוד אינטרנשיונל בע`מ,,גבינת שמנת לייט עם ז,,200.00,100 גרם,false,,12.50,0.0625,true,1,3253
7290108505153,false,יוגורט בטעם טבעי 10% שומן ויליפוד 150 גרם,ג.וילי-פוד אינטרנשיונל **גבינו,,יוגורט יווני בטעם טב,,150.00,100 גרם,false,,4.90,0.0327,true,1,67810
7290108505689,false,גבינת גרנה פדנו מגורדת ויליפוד 100 גרם,ג.וילי-פוד אינטרנשיונל **גבינו,,גבינת גרנה פדנו 29%,,100.00,100 גרם,false,,9.90,0.0990,true,1,3268
7290108505740,false,קשקבל גבינה חצי קשה EURO CHEESE ויליפוד 200 גרם,ג.וילי-פוד אינטרנשיונל **גבינו,,גבינת קשקבל חצי קשה,,200.00,100 גרם,false,,12.90,0.0645,true,1,67611
7290108506495,false,"כנאפה מאפה בצק ""שערות"" קדאיף וגבינה",ג.וילי-פוד אינטרנשיונל **גבינו,,כנאפה קפוא 192.5 גרם,,192.50,100 גרם,false,,12.90,0.0670,true,1,61732
7290108506969,false,מאפה בורקס מים תורכי גבינה ויליפוד 300 גרם,ג.וילי-פוד אינטרנשיונל **גבינו,,מ.בורקס מים תורכי גב,,300.00,100 גרם,false,,12.90,0.0430,true,1,67594
7290108507065,false,גבינת פרמג'אנו רגיאנו מגורדת ויליפוד 100 גרם,ג.וילי-פוד אינטרנשיונל **גבינו,,גבינת פרמגיאנו רגיאנ,,100.00,100 גרם,false,,13.90,0.1390,true,1,122005
7290108507072,false,שבבי גבינת גרנה פדנו ויליפוד 100 גרם,ג. וילי-פוד אינטרנשיונל בע`מ,,שבבי גבינת גרנה פדנו,,100.00,100 גרם,false,,9.90,0.0990,true,1,121991
7290108507645,false,ביסקויט פריך בשוקולד מריר 100 גרם -קהילות,ג. וילי-פוד אינטרנשיונל בע`מ,,ביסקויט פריך בשוקולד,,100.00,100 גרם,false,,6.90,0.0690,true,1,226046
7290108509199,false,גבינת פטה 17% שומן יורו 500 ג',ג.וילי-פוד אינטרנשיונל **גבינו,,גבינה פטה 500 גרם -,,500.00,100 גרם,false,,22.90,0.0458,true,1,146437
7290108509205,false,ויליפוד חטיף אורז אפוי בטעם טבעי לתינוקות 50 גר',ג. וילי-פוד אינטרנשיונל בע`מ,,חטיף אורז אפוי לתינו,,50.00,100 גרם,false,,11.90,0.2380,true,1,211147
7290108509212,false,ויליפוד חטיף אורז אפוי בטעם ירקות לתינוקות 50 גר',ג. וילי-פוד אינטרנשיונל בע`מ,,חטיף אורז אפוי לתינו,,50.00,100 גרם,false,,11.90,0.2380,true,1,211161
7290108509229,false,חטיף אורז בטעם בננה לתינוקות ויליפוד 50 גרם,ג. וילי-פוד אינטרנשיונל בע`מ,,חטיף אורז אפוי לתינו,,50.00,100 גרם,false,,11.90,0.2380,true,1,211162
7290108509250,false,"אנטיפסטי ארטישוק+עגבניות מיובשות וצלפים בשמן חמניות 380 מ""ל",ג. וילי-פוד אינטרנשיונל בע`מ,,אנטיפסטי ארטישוק עג,,580.00,100 גרם,false,,21.90,0.0378,true,1,139403
7290108509267,false,ארוחת פסטה עם רוטב גבינה ויליפוד 206 גרם,ג. וילי-פוד אינטרנשיונל בע`מ,,ארוחת פסטה עם רוטב ג,,206.00,100 גרם,false,,7.90,0.0383,true,1,157678
7290108509359,false,פופקורן בציפוי בטעם קרמל ויליפוד 90 גרם,ג. וילי-פוד אינטרנשיונל בע`מ,,פופקורן בציפוי בטעם,,90.00,100 גרם,false,,7.90,0.0878,true,1,217345
7290108509700,false,אורז פרסי 1 קג`DAAWAT וילי פוד,ג. וילי-פוד אינטרנשיונל בע`מ,,"אורז פרסי 1 ק""ג DAAW",קילוגרמים,1.00,"ק""ג",false,,9.90,9.9000,true,1,190277
7290108509960,false,נתחי טונה בהירה בשמן זית כתית מעולה - מארז 3 יח',ג. וילי-פוד אינטרנשיונל בע`מ,,שלישיית נתחי טונה בה,,240.00,100 גרם,false,,14.90,0.0621,true,1,211215
7290109351025,false,מלך החומוס חומוסטחינה 40% טחינה גולמית,קבוצת אוסם סחר שותפות מוגבלת,,מלך החומוס חומוס טחי,,400.00,100 גרם,false,,13.90,0.0348,true,1,19961
7290109351971,false,פריכיות דגנים פיטנס מצופות שוקולד חלב,קבוצת אוסם סחר שותפות מוגבלת,,בר פריכיות שוקולד חל,,84.00,100 גרם,false,,12.90,0.1536,true,1,19966
7290109352916,false,פריכיות דגנים פיטנס מצופות שוקולד לבן,קבוצת אוסם סחר שותפות מוגבלת,,בר פריכיות שוקולד לב,,84.00,100 גרם,false,,12.90,0.1536,true,1,19970
7290109354972,false,אוסם - פתי בר וניל חלבי ללא גלוטן 200 גרם,קבוצת אוסם סחר שותפות מוגבלת,,אסם פתי בר ללא גלוטן,,200.00,100 גרם,false,,9.90,0.0495,true,1,19156
7290109358284,false,"שניצל תירס עם חלבון 664 גר' ""טבעול""",קבוצת אוסם סחר שותפות מוגבלת,,טבעול שניצל תירס ע,,664.00,100 גרם,false,,30.90,0.0465,true,1,19995
7290109580227,false,נקניקיות עוף ובקר בסגנון ברלינאי קאריוורסט,נקניק זוגלובק נהריה,,נקנקיות ריינהולד'ס ק,,300.00,100 גרם,false,,19.90,0.0663,true,1,206496
7290109580241,false,נאגטס מן הצומח זוגלובק 500 גרם,נקניק זוגלובק נהריה,,נאגטס מן הצומח זוגלו,,500.00,100 גרם,false,,19.90,0.0398,true,1,275148
7290109923024,false,"אסטוניש - מרסס פרמיום ארומטיק למטבח 750 מ""ל",יעקב יעקבי ובניו בעמ,,אסטוניש פרימיום ארומ,,750.00,"100 מ""ל",false,,14.90,0.0199,true,1,243817
7290109923031,false,"אסטוניש מרסס פרימיום ארומטיק למקלחון 750 מ""ל","יעקב יעקבי ובניו בע""מ",,אסטוניש פרימיום ארומ,,750.00,"100 מ""ל",false,,14.90,0.0199,true,1,243818
7290109923147,false,אסטוניש מהדורה פרימיום פלא של אקונומיקה,יעקב יעקבי ובניו בע`מ,,אסטוניש מרסס פלא של,,750.00,"100 מ""ל",false,,11.90,0.0159,true,1,283553
7290110110277,false,"סומרסבי סיידר תפוחים אלכוהולי 4*300 מ""ל",החברה המרכזית להפצת משקאות בעמ,,רביעיית סמרסבי סיידר,ליטרים,1.32,ליטר,false,,36.90,27.9545,true,1,7177
7290110110369,false,"שישייה בירה קרלסברג LUMA בקבוק 330 מ""ל",החברה המרכזית להפצת משקאות בעמ,,שישיית בירה קרלסברג,ליטרים,1.98,ליטר,false,,35.90,18.1313,true,1,70526
7290110114794,false,נביעות+ מים מינרליים בטעם אפרסק 1.5 ליטר,החברה המרכזית להפצת משקאות בעמ,,נביעות + אפרסק 1.5 ל,ליטרים,1.50,ליטר,false,,8.90,5.9333,true,1,191989
7290110114800,false,נביעות+ מים מינרליים בטעם ענבים 1.5 ליטר,החברה המרכזית להפצת משקאות בעמ,,נביעות + ענבים 1.5 ל,ליטרים,1.50,ליטר,false,,8.90,5.9333,true,1,192004
7290110114831,false,מים בטעם רכיבי פרי אננס 1.5 ל' נביעות,החברה המרכזית להפצת משקאות בעמ,,נביעות+ פרי אננס 1.5,ליטרים,1.50,ליטר,false,,8.90,5.9333,true,1,192232
7290110114855,false,"נביעות מים מינרליים, שישיה 6 * 1.5 ליטר פקדון",החברה המרכזית להפצת משקאות בעמ,,מי נביעות שישייה 1.5,ליטרים,9.00,ליטר,false,,13.90,1.5444,true,1,192058
7290110114893,false,מיץ תפוזים מפוסטר סחוט 2 ליטר,*החברה המרכזית להפצת משקאותבעמ,,פריגת סחוט תפוזים 2,ליטרים,2.00,ליטר,false,,29.20,14.6000,true,1,191871
7290110114961,false,משקה קל בטעם תפוזים פריגת (1.5 ליטר),החברה המרכזית להפצת משקאות בעמ,,פריגת תפוזים 1.5 ליט,ליטרים,1.50,ליטר,false,,8.90,5.9333,true,1,192085
7290110115005,false,משקה קל בטעם ענבים פריגת (1.5 ליטר),החברה המרכזית להפצת משקאות בעמ,,פריגת ענבים 1.5 ליטר,ליטרים,1.50,ליטר,false,,8.90,5.9333,true,1,192128
7290110115036,false,משקה קל בטעם מנגו פריגת (1.5 ליטר),החברה המרכזית להפצת משקאות בעמ,,פריגת מנגו 1.5 ליטר,ליטרים,1.50,ליטר,false,,8.90,5.9333,true,1,192171
7290110115043,false,משקה קל בטעם לימונענע פריגת (1.5 ליטר),החברה המרכזית להפצת משקאות בעמ,,פריגת לימונענע 1.5 ל,ליטרים,1.50,ליטר,false,,8.90,5.9333,true,1,192172
7290110115050,false,משקה קל בטעם תות בננה פריגת (1.5 ליטר),החברה המרכזית להפצת משקאות בעמ,,פריגת מיקס תות בננה,ליטרים,1.50,ליטר,false,,8.90,5.9333,true,1,192173
7290110115180,false,נביעות מים מינרלים שקט 1.5 ליטר פיקדון,החברה המרכזית להפצת משקאות בעמ,,נביעות 1.5 ליטר,ליטרים,1.50,ליטר,false,,3.70,2.4667,true,1,209050
7290110115203,false,קוקה קולה 1.5 ליטר פיקדון,החברה המרכזית להפצת משקאות בעמ,,קוקה קולה 1.5 ליטר,ליטרים,1.50,ליטר,false,,8.90,5.9333,true,1,192302
7290110115210,false,קוקה קולה דיאט 1.5 ליטר פיקדון,החברה המרכזית להפצת משקאות בעמ,,דיאט קוקה קולה 1.5 ל,ליטרים,1.50,ליטר,false,,8.50,5.6667,true,1,192316
7290110115227,false,קוקה קולה Zero בקבוק 1.5 ליטר פיקדון,החברה המרכזית להפצת משקאות בעמ,,קוקה קולה זירו בקבוק,ליטרים,1.50,ליטר,false,,8.90,5.9333,true,1,192330
7290110115234,false,קוקה קולה דיאט זירו 1.5 ליטר פיקדון,החברה המרכזית להפצת משקאות בעמ,,קולה ZERO נטול 1.5 ל,ליטרים,1.50,ליטר,false,,8.90,5.9333,true,1,192331
7290110115241,false,קוקה קולה דיאט לימון 1.5 ליטר פיקדון,החברה המרכזית להפצת משקאות בעמ,,קולה ZERO לימון 1.5,ליטרים,1.50,ליטר,false,,8.90,5.9333,true,1,192332
7290110115265,false,ספרייט לימון ליים 1.5 ליטר-,החברה המרכזית להפצת משקאות בעמ,,ספרייט 1.5 ליטר LIME,ליטרים,1.50,ליטר,false,,8.90,5.9333,true,1,192405
7290110115272,false,ZERO ספרייט 1.5 ליטר פיקדון,החברה המרכזית להפצת משקאות בעמ,,ספרייט זירו 1.5 ליטר,ליטרים,1.50,ליטר,false,,8.50,5.6667,true,1,192419
7290110115289,false,ספרייט 19 קל' לימון-נענע 1.5 ליטר פיקדון,החברה המרכזית להפצת משקאות בעמ,,ספרייט 19 קלוריות לי,ליטרים,1.50,ליטר,false,,8.50,5.6667,true,1,192448
7290110115319,false,פאנטה אקזוטי פירות טרופיים 1.5ל פיקדון,החברה המרכזית להפצת משקאות בעמ,,פאנטה אקזוטיק 1.5 לי,ליטרים,1.50,ליטר,false,,8.90,5.9333,true,1,192465
7290110115333,false,גזוז בטעם תות פאנטה 1.5 ליטר פיקדון,החברה המרכזית להפצת משקאות בעמ,,פאנטה תות 1.5 ליטר,ליטרים,1.50,ליטר,false,,8.90,5.9333,true,1,192481
7290110115357,false,קינלי סודה 1.5 ליטר פיקדון,החברה המרכזית להפצת משקאות בעמ,,קינלי סודה 1.5 ליטר,ליטרים,1.50,ליטר,false,,3.50,2.3333,true,1,192509
7290110115364,false,קוקה קולה שישיות 1.5 ליטר פיקדון,החברה המרכזית להפצת משקאות בעמ,,קוקה קולה 6*1.5 ליטר,ליטרים,9.00,ליטר,false,,49.90,5.5444,true,1,192334
7290110115371,false,דיאט קוקה קולה שישיות 1.5 ליטר פיקדון,החברה המרכזית להפצת משקאות בעמ,,קוקה קולה דיאט 6*1.,ליטרים,9.00,ליטר,false,,47.10,5.2333,true,1,192349
7290110115395,false,ספרייט זירו שישיות 1.5 ליטר פיקדון,החברה המרכזית להפצת משקאות בעמ,,ספרייט זירו 6* 1.5 ל,ליטרים,9.00,ליטר,false,,47.10,5.2333,true,1,192434
7290110115401,false,קינלי סודה שישייה 1.5 ליטר פיקדון,החברה המרכזית להפצת משקאות בעמ,,קינלי סודה 6*1.5 ליט,ליטרים,9.00,ליטר,false,,14.90,1.6556,true,1,204208
7290110115418,false,קוקה קולה זירו 1.5 ליטר מארז שישייה,החברה המרכזית להפצת משקאות בעמ,,קוקה קולה זירו שישיי,ליטרים,9.00,ליטר,false,,46.90,5.2111,true,1,192350
7290110115425,false,FUZE TEA גרין לימונענע -נענע 1.5 ליטר פיקדון,החברה המרכזית להפצת משקאות בעמ,,פיוז טי לימון נענע 1,ליטרים,1.50,ליטר,false,,8.90,5.9333,true,1,192523
7290110115449,false,פיוז-טי תה מנגו אננס 1.5 ליטר פיקדון,החברה המרכזית להפצת משקאות בעמ,,פיוז טי מנגו אננס 1.,ליטרים,1.50,ליטר,false,,9.50,6.3333,true,1,192540
7290110115456,false,פיוז-טי תה אפרסק 1.5 ליטר 19 קל פיקדון,החברה המרכזית להפצת משקאות בעמ,,פיוז טי אפרסק 19 קל,ליטרים,1.50,ליטר,false,,8.90,5.9333,true,1,192541
7290110115463,false,פיוז-טי תה אפרסק 1.5 ליטר פיקדון,החברה המרכזית להפצת משקאות בעמ,,פיוז טי אפרסק 1.5 לי,ליטרים,1.50,ליטר,false,,9.50,6.3333,true,1,192555
7290110115623,false,פיוז-טי תה אפרסק זירו 1.5 ליטר פיקדון,החברה המרכזית להפצת משקאות בעמ,,פיוז טי ZERO בטעם אפ,ליטרים,1.50,ליטר,false,,8.90,5.9333,true,1,220730
7290110115869,false,קוקה קולה זירו 1.5 ליטר פיקדון,תות תעשיות מזון (201,,קוקה קולה זירו בקבוק,ליטרים,1.50,ליטר,false,,8.90,5.9333,true,1,326075
7290110116194,false,נביעות+ סדרת 0 קלוריות לימון-ליים 1.5 ליטר,החברה המרכזית להפצת משקאות בעמ,,נביעות+ לימון ליים 0,ליטרים,1.50,ליטר,false,,9.90,6.6000,true,1,292464
7290110320591,false,גבינה בולגרית במרקם מעודן 16% פיראוס,"תנובה בע""מ ***",,בולגרית 16% במרקם מע,,250.00,100 גרם,false,,20.90,0.0836,true,1,26179
7290110320683,false,שמיניית משקה יוגורט 1.5% טעם תות יופלה 107 גרם,מיוצר עי קונדיטוריית,,משקה יופלה שמיניה בט,,856.00,"100 מ""ל",false,,16.90,0.0197,true,1,26185
7290110320850,false,פתיתים גבינה חצי קשה מגורדת 28% שומן,תנובה מרכז שיתופי לש,,עמק פתיתים 200 גרם,,200.00,100 גרם,false,,14.90,0.0745,true,1,26195
7290110320867,false,פתיתים גבינה חצי קשה מגורדת 28% שומן,תנובה מרכז שיתופי לש,,עמק פתיתים למאפים 28,,500.00,100 גרם,false,,29.90,0.0598,true,1,26196
7290110320935,false,פרוסות מוצרלה 150 גר`קולקשיין תנובה,תנובה מרכז שיתופי לש,,פרוסות מוצרלה 150 גר,,150.00,100 גרם,false,,15.90,0.1060,true,1,26201
7290110321277,false,קוטג בקטנה 5%. 100 גרם מהדרין תנובה,פארייפאבה אגרואינדוס,,קוטג' תנובה בקטנה 5,,100.00,100 גרם,false,,2.50,0.0250,true,1,26227
7290110321604,false,קוביות פיראוס בולגרית מעודנת 5% 200 גרם - רבנות,"תנובה בע""מ ***",,פיראוס קוביות בולגרי,,200.00,100 גרם,false,,19.90,0.0995,true,1,26244
7290110321680,false,יוגורט GO בטעם תות 20 גרם חלבון בגביע,מיוצר עי קונדיטוריית,,יופלה גו בטעם תות 20,,200.00,100 גרם,false,,5.90,0.0295,true,1,26250
7290110321697,false,יוגורט GO בטעם אפרסק 20 גרם חלבון בגביע,מיוצר עי קונדיטוריית,,יופלה גו בטעם אפרסק,,200.00,"100 מ""ל",false,,5.90,0.0295,true,1,26251
7290110321703,false,יוגורט עם פירות יער בתוספת חלבוני חלב 2% שומן,מיוצר עי קונדיטוריית,,יופלה גו בטעם פרות י,,200.00,"100 מ""ל",false,,5.90,0.0295,true,1,26252
7290110322014,false,טופו בטעם טבעי תנובה ALTERNATIVE,שוורצקוף& הנקל דיסלד,,טופו טבעי 300 גרם,,300.00,100 גרם,false,,11.90,0.0397,true,1,26271
7290110322038,false,טופו בטעם פיקנטי 300 גר`תנובה,תנובה Alternative,,טופו פיקנטי 300 גרם,,300.00,100 גרם,false,,11.90,0.0397,true,1,26273
7290110323301,false,טל העמק בסגנון אמנטל 32% שומן 200 גרם,"תנובה בע""מ ***",,גבינת עמק טל 32% שומ,,200.00,100 גרם,false,,17.90,0.0895,true,1,26318
7290110323592,false,יוגורט GO לייט בטעם אפרסק 20 גרם חלבון בגביע,תנובה בעמ ***,,יופלה GO לייט עם אפר,,200.00,100 גרם,false,,5.90,0.0295,true,1,26337
7290110323714,false,משקה קוקוס שקדים תנובה E אלטרנטיב,מיוצר עי קונדיטוריית,,תנובה משקה קוקוס שקד,יחידה,0.00,יחידה,false,,12.90,0.0000,true,1,26348
7290110324070,false,גבינת חלומי מחלב בקר (30% 200 גר`)פירא,תנובה - חלב,,גבינת חלומי מחלב בקר,,200.00,100 גרם,false,,18.90,0.0945,true,1,26372
7290110324353,false,יוגורט GO לייט בטעם אננס 20 גרם חלבון בגביע,מיוצר עי קונדיטוריית,,יופלה גו לייט בטעם א,,200.00,100 גרם,false,,5.90,0.0295,true,1,26389
7290110324551,false,יופלה טיוב יוגורט במרקם חלק תות כשרות מהדרין,"תנובה בע""מ ***",,יופלה טיוב יוגורט במ,,348.00,"100 מ""ל",false,,11.90,0.0342,true,1,26407
7290110324711,false,ממרח סויה 9% שומן בטעם טבעי תנובה 250 גרם,מיוצר עי קונדיטוריית,,ממרח סויה 9% בטעם טב,,250.00,100 גרם,false,,8.90,0.0356,true,1,26416
7290110324728,false,ממרח סויה 9% שומן עם שום שמיר תנובה 250 גרם,מיוצר עי קונדיטוריית,,ממרח סויה 9% עם שום,,250.00,100 גרם,false,,8.90,0.0356,true,1,26417
7290110324841,false,מעדן שקדים עם שוקולד מריר תנובה 125 גרם,מיוצר עי קונדיטוריית,,מעדן שקדים עם שוקולד,,125.00,100 גרם,false,,4.50,0.0360,true,1,26426
7290110324858,false,מעדן שקדים בטעם אגוזי לוז תנובה 125 גרם,מיוצר עי קונדיטוריית,,מעדן שקדים בטעם אגוז,,125.00,100 גרם,false,,4.50,0.0360,true,1,26427
7290110324872,false,גבינה צהובה גלבוע (5% 200 גר`)תנובה,גלבוע - תנובה,,גלבוע גבינה פרוסה 5%,,200.00,100 גרם,false,,17.90,0.0895,true,1,26428
7290110324926,false,משקה סויה ללא תוספת סוכר E אלטרנטיב,תנובה מרכז שיתופי לש,,משקה סויה ללא תוספת,יחידה,0.00,יחידה,false,,9.90,0.0000,true,1,26431
7290110325169,false,פרוסות גאודה 170 גר` קולקשיין תנובה,תנובה בעמ ***,,פרוסות גאודה 170 גרם,,170.00,100 גרם,false,,17.90,0.1053,true,1,59071
7290110325305,false,יופלה GO סויה 20 גרם חלבון במתיקות מעודנת תנובה 200 גרם,מיוצר עי קונדיטוריית,,יופלה סויה גו 20 גרם,,200.00,100 גרם,false,,5.90,0.0295,true,1,26447
7290110325312,false,יופלה GO סויה 20 גרם חלבון בטעם תות תנובה 200 גרם,תנובה בעמ ***,,יופלה סויה גו 20 גרם,,200.00,100 גרם,false,,5.90,0.0295,true,1,26448
7290110325619,false,משקה שיבולת שועל תנובה E אלטרנטיב,מיוצר עי קונדיטוריית,,תנובה משקה שיבולת שו,יחידה,0.00,יחידה,false,,12.90,0.0000,true,1,26457
7290110325701,false,פיראוס צזיקי יווני 9% שומן בשיטת יצור מסורתית על בסיס יוגורט,גוד פוד פרודקטס S.p,,פיראוס צזיקי יווני 9,,250.00,100 גרם,false,,12.90,0.0516,true,1,26463
7290110326234,false,יופלה און טופ כוכבים תנובה 157 גרם,מיוצר עי קונדיטוריית,,יופלה און טופ כוכבים,,157.00,100 גרם,false,,4.90,0.0312,true,1,59074
7290110326333,false,פרוסות גבינה סקנדינבית 170 גר`קולקשיין,"תנובה בע""מ ***",,פרוסות גבינה סקנדינב,,170.00,100 גרם,false,,17.50,0.1029,true,1,135169
7290110327514,false,alternative משקה שיבולת שועל בטעם אגוזי לוז תנובה 1 ליטר,תנובה מרכז שיתופי לש,,משקה שיבולת שועל בטע,יחידה,0.00,יחידה,false,,12.90,0.0000,true,1,153852
7290110327798,false,חטיף חלבון GO - שוקולד 60 ג' חלב נוכרי - רבנות,"בלמונט קונפקציות בע""\מ.",,GO חטיף חלבון בטעם ש,,60.00,100 גרם,false,,11.90,0.1983,true,1,139662
7290110328474,false,פלח פרמג`יאנו רג`יאנו 150 גר`קולקשיין ת,מנדלז סי.אר. פרודקשן,,פלח פרמג'יאנו רג'יאנ,,150.00,100 גרם,false,,26.90,0.1793,true,1,127128
7290110328481,false,פתיתי פרמג'יאנו רג'יאנו מחלב בקר 30%,ברטינלי גיאני א.,,פתיתי פרמג'יאנו רג'י,,100.00,100 גרם,false,,13.90,0.1390,true,1,127286
7290110328627,false,יוגורט יופלה GO במרקם סמיך בטעם בננה קרמל 0%,מיוצר עי קונדיטוריית,,יוגורט גו סמיך 0% בנ,,200.00,100 גרם,false,,5.90,0.0295,true,1,143064
7290110328641,false,טופו טבעי 500 גר`אלטרנטיב 2*250 גר`,"תנובה בע""מ ***",,טופו טבעי 2 יחידות,,500.00,100 גרם,false,,17.90,0.0358,true,1,159867
7290110328764,false,יוגורט יופלה GO במרקם סמיך עם תות 0%,מיוצר עי קונדיטוריית,,יוגורט גו סמיך 0% תו,,200.00,100 גרם,false,,5.90,0.0295,true,1,143080
7290110328771,false,יוגורט יופלה GO במרקם סמיך עם פירות יער 0%,מיוצר עי קונדיטוריית,,יוגורט גו סמיך 0% פי,,200.00,100 גרם,false,,5.90,0.0295,true,1,143065
7290110328788,false,יוגורט יופלה GO במרקם סמיך בטעם אפרסק 0%,תנובה מרכז שיתופי לש,,יוגורט גו סמיך 0% אפ,,200.00,100 גרם,false,,5.90,0.0295,true,1,143066
7290110329136,false,מעדן חלב מעושר בחלבון בטעם שוקולד 120 ג' GO,תנובה מרכז שיתופי לש,,מעדן חלב גו בטעם שוק,,120.00,100 גרם,false,,4.60,0.0383,true,1,197088
7290110329143,false,מעדן חלב מעושר בחלבון בטעם וניל גביע 120 ג' GO,תנובה מרכז שיתופי לש,,מעדן חלב גו בטעם וני,,120.00,100 גרם,false,,4.60,0.0383,true,1,197060
7290110329266,false,יוגורט תנובה מחלב עיזים מלא תנובה 140 ג',תנובה בעמ ***,,יוגורט מחלב עיזים מל,,140.00,100 גרם,false,,5.90,0.0421,true,1,159907
7290110329792,false,יוגורט סויה BIO Alternative אפרסק 150 ג' תנובה,מיוצר עי קונדיטוריית,,סויה BIO אפרסק גביע,,150.00,100 גרם,false,,4.50,0.0300,true,1,221759
7290110329808,false,יוגורט סויה BIO Alternative תות 150 ג' תנובה,מיוצר עי קונדיטוריית,,סויה BIO תות גביע 15,,150.00,100 גרם,false,,4.50,0.0300,true,1,221760
7290110329815,false,סויה BIO מתיקות מעודנת גביע 150 גרם אלטרנטיב,מיוצר עי קונדיטוריית,,סויה BIO מתיקות מעוד,,150.00,100 גרם,false,,4.50,0.0300,true,1,221761
7290110329822,false,יוגורט סויה BIO Alternative פירות יער 150 ג' תנובה,מיוצר עי קונדיטוריית,,סויה BIO פירות יער ג,,150.00,100 גרם,false,,4.50,0.0300,true,1,221762
7290110329846,false,יוגורט סויה BIO Alternative בטעם טבעי 150 ג' תנובה,מיוצר עי קונדיטוריית,,סויה BIO טבעי גביע 1,,150.00,100 גרם,false,,4.50,0.0300,true,1,221763
7290110329914,false,מאגדת משקה שיבולת שועל ושקדים 100 גרם*6 יח' ביו אלטרנטיב,תנובה מרכז שיתופי לש,,מאגדת משקה שיבולת שו,,618.00,100 גרם,false,,18.90,0.0306,true,1,284060
7290110550363,false,"פריכיות משולשות תירס, אורז שיבולת שועל, קינואה",אנרג'י Energy - שטראוס,,משולש קינואה ומלח ים,,65.00,100 גרם,false,,9.90,0.1523,true,1,218289
7290110550370,false,פריכיות משולשות קינואה ופלפל שחור 65 גרם,"שטראוס גרופ בע""מ",,אנרגי פריכיות משולשו,,65.00,100 גרם,false,,9.90,0.1523,true,1,324411
7290110552121,false,יוגורט 5% בתוספת סידן וויטמין D היוגורט הראשון שלי,שטראוס גרופ בעמ/מצונן,,היוגורט הראשון שלי 5,,100.00,100 גרם,false,,2.30,0.0230,true,1,266762
7290110552220,false,יוגורט PRO בטעם תות 0% סוכר לבן 20 גרם חלבון בגביע,שטראוס גרופ בעמ/מצונן,,דנונה PRO 20 גרם חלב,,200.00,100 גרם,false,,5.90,0.0295,true,1,214967
7290110552237,false,יוגורט פרו בטעם אפרסק מנגו ללא סוכר 200 ג' דנונה,שטראוס גרופ בעמ/מצונן,,דנונה PRO 20 גרם חלב,,200.00,100 גרם,false,,5.90,0.0295,true,1,214953
7290110553029,false,"אנרג'י קריספס-פריכיות חומוס, עדשים ואפונה עם קייל וסלק","פרח תעשיו מזון בע""מ",,פריכיות חלבון קייל ח,,60.00,100 גרם,false,,9.90,0.1650,true,1,218290
7290110553173,false,אנרגי פריכיות אורז בטעם קרמל 50 גרם,סאנורייס בלגיום,,פריכיות אורז בטעם קר,,40.00,100 גרם,false,,6.90,0.1725,true,1,324520
7290110553180,false,אנרגי פריכיות אורז בטעם תפוח קינמון 50 ג,שטראוס גרופ בע`מ,,פריכיות עם תפוח וקינ,,40.00,100 גרם,false,,6.90,0.1725,true,1,324521
7290110554422,false,פומודורו רוטב עגבניות ופלפלים לשקשוקה לפסטה יד מרדכי 350 גרם,אמיליאנה קונסרב סוסייטה,,רוטב עגבניות ופלפלים,,350.00,100 גרם,false,,10.90,0.0311,true,1,230834
7290110554583,false,מארז חטיפי צ'יטוס פאפס בטעם גבינה - 10 יחידות,"שטראוס פריטו ליי בע""\מ )",,מארז צ'יטוס PUFFS בט,,200.00,100 גרם,false,,12.90,0.0645,true,1,207235
7290110556242,false,"שוקולד מריר פרווה 100 גר' בד""ץ תוצרת חוץ","שטראוס גרופ בע""מ.",,שוקולד מריר מעולה 10,,100.00,100 גרם,false,,4.90,0.0490,true,1,311215
7290110557027,false,חומוס עשיר 50% טחינה גולמית 400 ג' אחלה,שטראוס גרופ בעמ/מצונן,,חומוס הסדרה עשיר ב50,,400.00,100 גרם,false,,12.90,0.0323,true,1,196208
7290110557102,false,מעדן חלב עם שוקולד מועשר בחלבון 150 ג' שטראוס,שטראוס גרופ בעמ/מצונן,,מעדן פרו חלב עם שוקו,,150.00,100 גרם,false,,5.50,0.0367,true,1,179509
7290110557133,false,מעדן הגולן וניל 125 ג' שטראוס,שטראוס גרופ בעמ/מצונן,,מעדן הגולן מעדן חלב,,125.00,100 גרם,false,,2.90,0.0232,true,1,190517
7290110557317,false,יוגורט בתוספת סידן וויטמין ד עם שיבולת שועל 100 ג' דנונה,שטראוס גרופ בעמ/מצונן,,היוגורט הראשון שלי ש,,100.00,100 גרם,false,,2.30,0.0230,true,1,266776
7290110557478,false,חומוס גלילי במרקם מעודן 600 גרם,שטראוס גרופ בעמ/מצונן,,חומוס גלילי אחלה 60,,600.00,100 גרם,false,,12.90,0.0215,true,1,245526
7290110558130,false,יוגורט אקטיביה עם שיבולת שועל ודבש 150 גרם,שטראוס גרופ בעמ/מצונן,,אקטיביה עם דבש ושיבו,,150.00,100 גרם,false,,4.50,0.0300,true,1,264349
7290110558284,false,דנונה ביו מולטי שטראוס 200 גרם,שטראוס גרופ בעמ/מצונן,,דנונה מולטי 3% שומן,,200.00,"100 מ""ל",false,,4.20,0.0210,true,1,275162
7290110558307,false,יוגורט דנונה PRO עם שיבולת שועל במתיקות מעודנת,שטראוס גרופ בעמ/מצונן,,דנונה פרו עם שיבולת,,200.00,"100 מ""ל",false,,6.30,0.0315,true,1,264899
7290110558314,false,דנונה פרו 20 גרם חלבון ללא סוכר פיסטוק 200 גרם,שטראוס גרופ בעמ/מצונן,,דנונה פרו ללא סוכר 2,,200.00,100 גרם,false,,5.90,0.0295,true,1,282974
7290110558666,false,מעדן גבינה בטעם תפוח 88 ג' דניאלה,שטראוס גרופ בעמ/מצונן,,דניאלה בטעם תפוח 88,,88.00,100 גרם,false,,4.10,0.0466,true,1,313798
7290110560317,false,"הפריכיות הטעימות חומוס, עדשים שחורות, קינואה ומלח ים","פרח תעשיו מזון בע""מ",,פריכיות משולשות מלח,,30.00,100 גרם,false,,4.90,0.1633,true,1,22993
7290110560324,false,"הפריכיות הטעימות תפו""א, אורז, אפונה ומלח ים","פרח תעשיו מזון בע""מ",,פריכיות משולשות אפונ,,30.00,100 גרם,false,,4.90,0.1633,true,1,22994
7290110561352,false,דנונה יוגורט ביו פרוביוטי 3% דל לקטוז 150ג',שטראוס גרופ בעמ/מצונן,,דנונה ביו דל לקטוז ב,,200.00,100 גרם,false,,3.90,0.0195,true,1,23930
7290110561604,false,מארז 8 יחידות מעדן גמדים בטעם תות בננה,שטראוס גרופ בעמ/מצונן,,שמיניית גמדים תות בנ,,800.00,100 גרם,false,,18.90,0.0236,true,1,23939
7290110563462,false,חלב 2% דל לקטוז בבקבוק יטבתה 1 ליטר.,שטראוס גרופ בעמ/מצונן,,יטבתה חלב בבקבוק נטו,ליטרים,1.00,ליטר,false,,8.90,8.9000,true,1,23946
7290110563820,false,סלק מבושל שטראוס (1 קג)`,שטראוס גרופ בעמ/מצונן,,"סלק מבושל 1 ק""ג שטרא",קילוגרמים,1.00,"ק""ג",false,,10.00,10.0000,true,1,23949
7290110564339,false,חומוס אחלה הסידרה המובחר 30% טחינה 400 גר',שטראוס גרופ בעמ/מצונן,,חומוס הסדרה המובחרת,,400.00,100 גרם,false,,12.90,0.0323,true,1,23953
7290110564360,false,חומוס אחלה הסידרה המובחר 40% טחינה 400 גר',שטראוס גרופ בעמ/מצונן,,חומוס אחלה עשיר ב 40,,400.00,100 גרם,false,,12.90,0.0323,true,1,23954
7290110564414,false,חומוס אחלה הסידרה המובחר 30% טחינה 600 גר',שטראוס גרופ בעמ/מצונן,,חומוס הסדרה המובחרת,,600.00,100 גרם,false,,14.90,0.0248,true,1,23958
7290110565527,false,יוגורט PRO פרו 1.5% 20 גרם חלבון בגביע,שטראוס גרופ בעמ/מצונן,,דנונה PRO 20 גרם חלב,,200.00,100 גרם,false,,5.90,0.0295,true,1,23971
7290110566975,false,דנונה פרו יוגורט 0% תות עשיר בחלבון 200ג',שטראוס גרופ בעמ/מצונן,,דנונה PRO 20 גרם חלב,,200.00,100 גרם,false,,5.90,0.0295,true,1,23981
7290110568238,false,"קצפת צמחית 21% שומן 250 מ""ל יוטבתה",שטראוס גרופ בעמ/מצונן,,קצפת צימחית 21% במתי,,250.00,"100 מ""ל",false,,7.90,0.0316,true,1,23993
7290110568559,false,דוריטוס עלית מארז חמוץ חריף 10 יח' *25 ג',"שטראוס פריטו ליי בע""מ )פ",,מארז דוריטוס חמוץ חר,,250.00,100 גרם,false,,13.90,0.0556,true,1,24382
7290110571382,false,מעדן חלב בטעם וניל מעושר בחלבון 150 ג' שטראוס,שטראוס גרופ בעמ/מצונן,,מעדן חלב מועשר בחלבו,,150.00,100 גרם,false,,5.00,0.0333,true,1,250735
7290110571474,false,אצבעות רבע לשבע טבעוני פופקורן 125גר`,"הגביע מוצרי וופלים בע""\מ",,רבע לשבע טבעוני פופק,,125.00,100 גרם,false,,10.90,0.0872,true,1,295858
7290110571481,false,פחית קפה נמס קמפיין משפטים 200 גרם 2022,"שטראוס גרופ בע""מ",,קפה נמס עלית 200 גרם,,200.00,100 גרם,false,,19.90,0.0995,true,1,275799
7290110572969,false,כיף כף פצפצים עלית קרם לבן (40 גר`),שולן צ'\יקולטה גידה סאן.,,כיף כף פצפצים קרם לב,,40.00,100 גרם,false,,4.90,0.1225,true,1,283055
7290110576752,false,טבלאות שוקולד ספלנדיד מריר 70% 100 ג' עלית,"שטראוס גרופ בע""מ",,שוקולד ספלנדיד מריר,,100.00,100 גרם,false,,9.90,0.0990,true,1,334621
7290110576776,false,טבלאות שוקולד ספלנדיד מריר 85% 100 ג' עלית,שטראוס גרופ בע`מ,,שוקולד ספלנדיד מריר,,100.00,100 גרם,false,,9.90,0.0990,true,1,334622
7290111093470,false,"קוויק מסיר הפלא ספוגית להסרת כתמים, 3 יחידות",שקד תבל בע`מ,,קוויק מבריק פלא להסר,יחידה,0.00,יחידה,false,,10.90,0.0000,true,1,277422
7290111093982,false,"טרופיקל תחליב רחצה פסיפלורה ואינקה אינצ'י 700 מ""ל דר' עור","אמיליה קוסמטיקס בע""\מ",,תחליב רחצה פסיפלורה,,700.00,"100 מ""ל",false,,15.90,0.0227,true,1,316206
7290111094248,false,"קוויק שקית אשפה חזקה וגדולה במיוחד (90*78), 20 יח'",שקד תבל בע`מ,,שקיות אשפה XL עם שרו,יחידה,0.00,יחידה,false,,19.90,0.0000,true,1,29625
7290111094361,false,קוויק שקיות אשפה XL עם ידית 20 יח' במארז,שקד תבל בעמ,,קוויק שקיות אשפה XL,יחידה,0.00,יחידה,false,,12.90,0.0000,true,1,189212
7290111094651,false,שקיות אשפה L עם ידית קוויק 40 יח',שקד תבל בעמ,,קוויק שקיות אשפה L ח,יחידה,0.00,יחידה,false,,12.90,0.0000,true,1,189226
7290111095818,false,קוויק שקיות אשפה L חזקות במיוחד עם שרוך 40 יח',שקד תבל בע`מ,,שקיות אשפה L עם שרו,יחידה,0.00,יחידה,false,,19.90,0.0000,true,1,29628
7290111096921,false,קוויק מגבונים לניקוי כללי בתוספת חומץ ומלח לימון 50 יח',שקד תבל בע`מ,,מטליות לחות לניקוי ב,יחידה,0.00,יחידה,false,,8.90,0.0000,true,1,190848
7290111097041,false,מגבונים בייביסיטר מבושם שמינייה,קיבוץ עמיר dpl,,בייביסיטר מגבונים לח,יחידה,0.00,יחידה,false,,20.90,0.0000,true,1,151672
7290111097157,false,תחליב ר.רילקס חלב דבש700,"אמיליה קוסמטיקס בע""מ",,תחליב רחצה RELAX בני,,700.00,"100 מ""ל",false,,15.90,0.0227,true,1,195436
7290111097546,false,קוויק מגבונים 99.9% לניקוי כללי למשטחים בניחוח מרכך כביסה 50 יחידות,שקד תבל בע`מ,,קוויק מטליות לחות לנ,יחידה,0.00,יחידה,false,,8.90,0.0000,true,1,233987
7290111098536,false,מגבונים לחים לתינוק,,,מגבונים לחים לתינוק,יחידה,0.00,יחידה,false,,14.90,0.0000,true,1,248636
7290111340178,false,מטליות לחות לניקוי כללי בניחוח מרכך כביסה 50 יח' ניקול,קימברלי קלארק ישראל שיווק בעמ,,מטליות לחות לניקוי כ,יחידה,0.00,יחידה,false,,10.90,0.0000,true,1,9121
7290111340185,false,מטליות לחות רצפה ניחוח מרכך כביסה ניקול 10 יחידות,קימברלי קלארק ישראל שיווק בעמ,,ניקול לחות לניקוי רצ,יחידה,0.00,יחידה,false,,10.90,0.0000,true,1,9122
7290111341366,false,מפיות אירוח איכותיות ונעימות למגע ניקול,קימברלי קלארק ישראל שיווק בעמ,,ניקול מפיות לאירוח 1,,150.00,יח',false,,7.90,0.0527,true,1,9134
7290111341984,false,לילי - מגבוני נייר טואלט לח פיור רביעייה,קימברלי קלארק ישראל שיווק בעמ,,לילי טואלט לח PURE מ,יחידה,0.00,יחידה,false,,19.90,0.0000,true,1,9152
7290111342004,false,מגבוני נייר טואלט לחים 56 דף דיספנסר,קימברלי קלארק ישראל שיווק בעמ,,לילי נייר טואלט לח ק,יחידה,0.00,יחידה,false,,7.90,0.0000,true,1,9154
7290111342042,false,כריות יפניות ניקול לניקוי אנטיבקטריאלי 4,קימברלי קלארק ישראל שיווק בעמ,,כריות יפניות אנטיבקט,יחידה,0.00,יחידה,false,,10.90,0.0000,true,1,9155
7290111342189,false,ניקול מפיות אירוח חד שכבתי צבעוני 150 יחידות,קימברלי קלארק ישראל שיווק בעמ,,ניקול מפיות אירוח חד,,150.00,יח',false,,7.90,0.0527,true,1,9158
7290111342523,false,מפיות אירוח לשימוש יומיומי ניקול 100 יח,קימברלי קלארק ישראל שיווק בעמ,,מפיות צבעוני ניקול 1,יחידה,0.00,יחידה,false,,6.90,0.0000,true,1,9159
7290111342738,false,לילי - מגבוני נייר טואלט לח קידס רביעייה,קימברלי קלארק ישראל שיווק בעמ,,לילי טואלט לח KIDS מ,יחידה,0.00,יחידה,false,,19.90,0.0000,true,1,9161
7290111343117,false,קלינקס ממחטות לושן סופט פק זוגות 140דף,קימברלי קלארק ישראל שיווק בעמ,,טישו לושן סופט קליני,יחידה,0.00,יחידה,false,,12.90,0.0000,true,1,94120
7290111344077,false,ניקול שלישיית מטליות לחות למשטחים אנטיבקטריאלי 50 יחידות,קימברלי קלארק ישראל שיווק בעמ,,מטליות לחות אנטיבקטר,,0.00,מארז,false,,21.90,0.0000,true,1,71195
7290111344206,false,האגיס נטורל קר מגבונים לחים בבישום עדין רביעייה,קימברלי קלארק ישראל שיווק בעמ,,מגבוני האגיס נטורל ק,יחידה,0.00,יחידה,false,,18.90,0.0000,true,1,188794
7290111344558,false,שקיות אשפה בגודל L עם שרוך 100 יח`,קימברלי קלארק ישראל שיווק בעמ,,שקיות אשפה נשלפות לא,,100.00,יח',false,,29.90,0.2990,true,1,207954
7290111344732,false,קלינקס - טיישו אלרג'י קומפורט ניילון זוגות 140 דף,קימברלי קלארק ישראל שיווק בעמ,,קלינקס אלרג'י קומפור,יחידה,0.00,יחידה,false,,12.90,0.0000,true,1,180004
7290111344930,false,מטליות לחות לרצפה בניחוח כביסה ארומתרפיה ניקול 10 יח',קימברלי קלארק ישראל שיווק בעמ,,מטליות לחות לניקוי ר,,10.00,יח',false,,10.90,1.0900,true,1,207968
7290111345821,false,נייר טואלט לילי נטורל קר 32-16 גלילי כפו,קימברלי קלארק ישראל שיווק בעמ,,נייר טואלט נטורל קר,,16.00,יח',false,,34.90,2.1812,true,1,207940
7290111346118,false,האגיס מגבונים בישום עדין רביעייה מהדורה,קימברלי קלארק ישראל שיווק בעמ,,מגבוני האגיס מהדורה,,288.00,יח',false,,18.90,0.0656,true,1,285094
7290111346293,false,מגבת נייר ניקול 6 יחידות מהדורה חגיגית,קימברלי קלארק ישראל שיווק בעמ,,מגבות מטבח ניקול לבנ,,64.80,מטר,false,,11.80,0.1821,true,1,265155
7290111352140,false,חמוציות מיובשות ברכז תפוחים קליית גת 150 גרם,ליימן שליסל בעמ,,חמוציות מיובשות ברכז,,150.00,100 גרם,false,,11.90,0.0793,true,1,12838
7290111353444,false,ציפס ירקות חטיף בטטות הוטפופ 120 ג',איץ.סיי גרופ אס.דה א,,הוטפופ ווגי' צ'יפס ח,,120.00,100 גרם,false,,13.90,0.1158,true,1,115957
7290111353550,false,חמאת בוטנים טבעית קליית גת 300 גרם,ליימן שליסל בע`מ,,חמאת בוטנים טבעית קל,,300.00,100 גרם,false,,14.90,0.0497,true,1,282807
7290111354748,false,כדורגל קליית גת מתנה,ליימן שליסל,,כדורגל קליית גת מתנה,יחידה,0.00,יחידה,false,,0.01,0.0000,true,1,323969
7290111564277,false,פריכיות דקות ונימוחות 3 דגנים פיטנס Fitness,קבוצת אוסם סחר שותפות מוגבלת,,פריכיות 3 דגנים דקות,,120.00,100 גרם,false,,10.90,0.0908,true,1,19226
7290111564291,false,פריכיות דקות ונימוחות 3 דגנים וקינואה פיטנס Fitness,קבוצת אוסם סחר שותפות מוגבלת,,פריכיות קינואה דקות,,120.00,100 גרם,false,,10.90,0.0908,true,1,19227
7290111566240,false,שניצל דק מן הצומח בטעם צ'ילי חריף 700 גרם,קבוצת אוסם סחר שותפות מוגבלת,,שניצל דק צמחוני בטע,,564.00,100 גרם,false,,30.90,0.0548,true,1,20022
7290111566271,false,טבעול חטיפי תירס 657 גרם קפוא,קבוצת אוסם סחר שותפות מוגבלת,,חטיפי תירס טבעול 65,,657.00,100 גרם,false,,30.90,0.0470,true,1,20023
7290111566318,false,שניצל דק מן הצומח בטעם ביתי 700 גרם,קבוצת אוסם סחר שותפות מוגבלת,,שניצל דק צמחוני בט,,564.00,100 גרם,false,,30.90,0.0548,true,1,20025
7290111566332,false,"נקניקיות וינר מן הצומח 680 גרם ""טבעול""",קבוצת אוסם סחר שותפות מוגבלת,,נקניקיה וינר 680 גר,,680.00,100 גרם,false,,30.90,0.0454,true,1,20026
7290111566417,false,טבעול טחון מן הצומח משופר 400 גרם,קבוצת אוסם סחר שותפות מוגבלת,,טחון מן הצומח 500,,500.00,100 גרם,false,,30.90,0.0618,true,1,20027
7290111566547,false,טבעול חזה בגריל צמחוני 99 קלוריות 560ג',קבוצת אוסם סחר-שות.מוגבלת,,חזה בגריל מו הצומח,,560.00,100 גרם,false,,30.90,0.0552,true,1,20029
7290111566561,false,"שניצל ברוקולי 99 קלוריות 560 גר' ""טבעול""",קבוצת אוסם סחר שותפות מוגבלת,,טבעול שניצל ברוקולי,,630.00,100 גרם,false,,30.90,0.0490,true,1,20030
7290111566660,false,טבעול קציצות עדשים כתומות 525 גרם,קבוצת אוסם סחר שותפות מוגבלת,,קציצות עדשים כתומות,,530.00,100 גרם,false,,30.90,0.0583,true,1,20032
7290111566714,false,טבעול המבורגר צמחוני 99 קלוריות 600 גרם,קבוצת אוסם סחר שותפות מוגבלת,,המבורגר מן הצומח 6,,600.00,100 גרם,false,,30.90,0.0515,true,1,20034
7290111566752,false,טבעול שניצל תירס 99 קלוריות 693 גרם,קבוצת אוסם סחר שותפות מוגבלת,,שניצל תירס לייט טבעו,,693.00,100 גרם,false,,30.90,0.0446,true,1,20036
7290111566776,false,"נקניקיות קוקטייל מן הצומח 680 גרם ""טבעול""",קבוצת אוסם סחר שותפות מוגבלת,,נקנקיות קוקטייל מן,,680.00,100 גרם,false,,30.90,0.0454,true,1,20037
7290111568206,false,ביסלי פארטי מיקס אסם 150 גר',קבוצת אוסם סחר שותפות מוגבלת,,ביסלי פארטי מיקס ברב,,150.00,100 גרם,false,,6.90,0.0460,true,1,19273
7290111568251,false,אטריות נודלס להקפצה אסם אסייתי 350 גר',קבוצת אוסם סחר שותפות מוגבלת,,נודלס אטריות להקפצה,,350.00,100 גרם,false,,8.90,0.0254,true,1,19274
7290111568275,false,אטריות נודלס אורז רחבות אסם אסייתי 300גרם,קבוצת אוסם סחר שותפות מוגבלת,,נודלס אטריות אורז רח,,300.00,100 גרם,false,,8.90,0.0297,true,1,19275
7290111930898,false,חטיף פוף כוכבים גריל אמריקאי 40 גרם,ש. שסטוביץ בע`מ,,פוף כוכבים גריל אמרי,,40.00,100 גרם,false,,3.90,0.0975,true,1,21800
7290111930911,false,חטיף פוף לבבות קלאסי 40 גרם,ש. שסטוביץ בע`מ,,פוף לבבות קלאסי 40 ג,,40.00,100 גרם,false,,3.90,0.0975,true,1,21802
7290111930928,false,חטיף פוף לבבות גריל 40 גרם,ש. שסטוביץ בע`מ,,"פוף לבבות גריל 40 ג""",,40.00,100 גרם,false,,3.90,0.0975,true,1,21803
7290111931338,false,סבון רחצה פלמוליב לומינוס מועשר בשמנים טבעיים,קולגייט פלמוליב,,פלמוליב סבון נוזלי ל,,500.00,"100 מ""ל",false,,15.90,0.0318,true,1,21810
7290111932502,false,"משחת שיניים קולגייט אופטיק וייט אקספרט וויט 75 מ""ל",ש.שסטוביץ בעמ,,מש.שיניים אופטיק ויי,,75.00,"100 מ""ל",false,,29.90,0.3987,true,1,21820
7290111933554,false,שלישייה עגבניות קוביות מאסטר שף 400 גרם,קונסוריזיו קאסאלסקו,,עגבניות קוביות מאסטר,קילוגרמים,1.20,"ק""ג",false,,15.90,13.2500,true,1,21834
7290111934827,false,"סבון ידיים היגיינה 300 מ""ל פלמוליב",ש.שסטוביץ בעמ,,פלמוליב סבון ידיים ה,,300.00,"100 מ""ל",false,,9.90,0.0330,true,1,21837
7290111935961,false,מאסטר שף מחית עגבניות 690 גרם,פראנו אנריקו ופיגלי,,מחית עגבניות מאסטר ש,,690.00,100 גרם,false,,10.50,0.0152,true,1,21848
7290111936296,false,"פלמוליב סבון נוזלי בניחוח סנסיישן מסאז' ,750 מ""ל",קולגייט פלמוליב,,פלמוליב ארומה סנסייש,,750.00,"100 מ""ל",false,,19.90,0.0265,true,1,21854
7290111938481,false,"מאזטר שף רוטב סויה בהירה 300 מ""ל",ש. שסטוביץ בע`מ,,רוטב סויה בהירה מ.שף,,300.00,"100 מ""ל",false,,10.90,0.0363,true,1,70491
7290111939136,false,נייר אפייה קוקי עגול קוטר 26,קוקי,,קוקי נייר אפייה עגול,יחידה,0.00,יחידה,false,,7.90,0.0000,true,1,88686
7290112000385,false,מנקה ומחטא עוצמתי למטבח ללא אקונומיקה,רקיט בנקיזר (ניר איסט) בעמ,,תרסיס ניקוי וחיטוי ל,,750.00,"100 מ""ל",false,,11.90,0.0159,true,1,21042
7290112000408,false,מנקה ומחטא עוצמתי לניקוי כללי בניחוח לימון,רקיט בנקיזר (ניר איסט) בעמ,,תרסיס ניקוי וחיטוי ר,,750.00,"100 מ""ל",false,,11.90,0.0159,true,1,21044
7290112000736,false,פיניש טבליות AIO 80 יח` אריזת חיסכון,רקיט בנקיזר (ניר איסט) בעמ,,פיניש הכל ב-1 80 טבל,יחידה,0.00,יחידה,false,,59.90,0.0000,true,1,21050
7290112002136,false,ג'ל כביסה מרוכז קולון 101 קלאסי,רקיט בנקיזר (ניר איסט) בעמ,,קולון ג'ל 4 ליטר רגי,ליטרים,4.00,ליטר,false,,34.90,8.7250,true,1,21082
7290112002143,false,ג'ל כביסה מרוכז קולון 101 בניחוח לילך,רקיט בנקיזר (ניר איסט) בעמ,,קולון ג'ל 4 ליטר ליל,ליטרים,4.00,ליטר,false,,34.90,8.7250,true,1,21083
7290112002150,false,ג'ל כביסה מרוכז קולון 101 בניחוח ורדים,רקיט בנקיזר (ניר איסט) בעמ,,קולון ג'ל 4 ליטר בני,ליטרים,4.00,ליטר,false,,34.90,8.7250,true,1,21084
7290112002990,false,"סיליט ספריי אבקת סודה להסרת שומנים 750 מ""ל",רקיט בנקיזר (ניר איסט) בעמ,,סיליט אבקת סודה להסר,,750.00,"100 מ""ל",false,,19.90,0.0265,true,1,76821
7290112004413,false,"ספריי וניש קליה להסרת כתמים לבגדים לבנים 750 מ""ל",רקיט בנקיזר (ניר איסט) בעמ,,מסיר כתמים ספריי כבי,,750.00,"100 מ""ל",false,,16.90,0.0225,true,1,241628
7290112004611,false,"וניש קליה ג'ל מרוכז לטיפול נקודתי בכתמים 200 מ""ל",רקיט בנקיזר (ניר איסט) בעמ,,ג'ל מרוכז מולטי פאוו,,200.00,"100 מ""ל",false,,17.90,0.0895,true,1,231532
7290112005045,false,וניש מסיר כתמים אבקה לכביסה לבנה 480 גרם,רקיט בנקיזר (ניר איסט) בעמ,,וניש אבקה לכביסה לבנ,,480.00,"100 מ""ל",false,,16.90,0.0352,true,1,283608
7290112005052,false,וניש תוסף כביסה רב תכליתי לבגדים לבנים,רקיט בנקיזר (ניר איסט) בעמ,,וניש אבקה לכביסה לבנ,,1500.00,100 ליטר,false,,39.90,0.0266,true,1,283594
7290112005076,false,וניש תוסף כביסה רב תכליתי צבעוני 480 גרם,רקיט בנקיזר (ניר איסט) בעמ,,וניש אבקה לכביסה צבע,,480.00,100 גרם,false,,16.90,0.0352,true,1,283609
7290112005083,false,וניש תוסף כביסה רב תכליתי לכביסה צבעונית,רקיט בנקיזר (ניר איסט) בעמ,,וניש אבקה לכביסה צבע,,1.50,100 ליטר,false,,39.90,26.6000,true,1,283580
7290112191069,false,טורטיה מזונות 320גר 8יח קוטר 20ס,א.ג בחירה חכמה בעמ,,8 טורטיות מזונות ברי,,320.00,100 גרם,false,,9.90,0.0309,true,1,49434
7290112192875,false,"סנסודיין - משחת שיניים רגישות וחניכיים 75 מ""ל",סנסודיין Sensodyne,,משחת שיניים סנסודיין,,75.00,"100 מ""ל",false,,35.90,0.4787,true,1,4070
7290112330352,false,"יוגורט PRO בטעם וניל 0% , 20 גרם חלבון בגביע",שטראוס גרופ בעמ/מצונן,,דנונה פרו 20 גר וניל,,200.00,100 גרם,false,,5.90,0.0295,true,1,24003
7290112330390,false,דנונה פרו פירות יער 20 גרם חלבון 0% שומן 200 גרם,שטראוס גרופ בעמ/מצונן,,דנונה פרו 20 גר פירו,,200.00,100 גרם,false,,5.90,0.0295,true,1,24005
7290112330420,false,דנונה פרו לבן 2.9% שומן בודד 150גר,שטראוס גרופ בעמ/מצונן,,דנונה פרו לבן 2.9% 1,,150.00,100 גרם,false,,4.90,0.0327,true,1,24007
7290112332691,false,פינוקיות עוגיות קרם פסק זמן אגוזים 200 גרם,"הגביע מוצרי וופלים בע""\מ",,פינוקיות עוגיית קרם,,200.00,100 גרם,false,,10.90,0.0545,true,1,23096
7290112332899,false,עלית - צנצנת בזוקה פופים קלאסי 58 גרם,שטראוס גרופ בע`מ,,מאסט בזוקה פופים קלא,,58.00,100 גרם,false,,9.90,0.1707,true,1,23100
7290112334596,false,שוקולית אבקת שוקו עלית,שטראוס קפה בי.וי.,,אבקה להכנת שוקו 850,,935.00,100 גרם,false,,15.90,0.0170,true,1,339821
7290112335487,false,הפריכיות הטעימות קצח ודגנים אנרג'י 135 גרם,אנרג'י Energy - שטראוס,,פריכיות הטעימות קצח,,135.00,100 גרם,false,,10.90,0.0807,true,1,23110
7290112335500,false,"פרכיות אנרג'י חומוס,אורז,עדשים שחורות וקינואה 135 גרם","פרח תעשיות מזון בע""\מ",,פריכיות הטעימות עשיר,,135.00,100 גרם,false,,10.90,0.0807,true,1,23112
7290112336712,false,יוגורט PRO לבן 0% 21 גרם חלבון בגביע,שטראוס גרופ בעמ/מצונן,,דנונה פרו 21 0% שומן,,200.00,100 גרם,false,,5.90,0.0295,true,1,24035
7290112337474,false,סוכריות מאסט ללא סוכר פטל לימון 80 ג' עלית,שטראוס גרופ בע`מ,,"סוכריות מאסט לל""ס פט",,80.00,100 גרם,false,,8.90,0.1113,true,1,23128
7290112339171,false,מעדן מוס שוקולד 81 גר`מילקי,שטראוס גרופ בעמ/מצונן,,מילקי מוס 81 גרם.,,81.00,100 גרם,false,,3.50,0.0432,true,1,24044
7290112339867,false,גמדים לדרך גבינה לבנה עם מחית תות,שטראוס גרופ בעמ/מצונן,,גמדים סקוויז בודד תו,,100.00,100 גרם,false,,5.90,0.0590,true,1,24064
7290112339874,false,גמדים לדרך גבינה לבנה עם מחיות תות ובננה,שטראוס גרופ בעמ/מצונן,,גמדים סקוויז בודד תו,,100.00,100 גרם,false,,5.90,0.0590,true,1,24065
7290112340122,false,הפריכיות הטעימות 3 דגנים אנרג'י 135 גרם,"פרח תעשיות מזון בע""\מ",,פריכיות הטעימות 3 דג,,135.00,100 גרם,false,,10.90,0.0807,true,1,23138
7290112340245,false,מסטיק מאסט צנצנת בטעם דובדבן 66 גר` מגדי,"שטראוס גרופ בע""\מ",,צנצנת מאסט בטעם דובד,,66.00,100 גרם,false,,9.90,0.1500,true,1,23139
7290112341686,false,שמינייה יוגורט לבן אקטיביה 3% דנונה 150 גרם.,שטראוס גרופ בעמ/מצונן,,אקטיביה מארז 3% 8*15,קילוגרמים,1.20,"ק""ג",false,,19.90,16.5833,true,1,24079
7290112342102,false,סימפוניה גבינה במרקם שמנת בצל מקורמל 5%,שטראוס גרופ בעמ/מצונן,,סימפוניה 5% בצל מקור,,200.00,100 גרם,false,,11.50,0.0575,true,1,24087
7290112343260,false,"יטבתה רוטב שמנת קלאסי 9% שומן 260 מ""ל",שטראוס גרופ בעמ/מצונן,,יטבתה רוטב שמנת קלאס,,260.00,100 גרם,false,,9.90,0.0381,true,1,24094
7290112343420,false,"משקה חלב עם דגנים מלאים ובננה פרו יטבתה 350מ""ל",שטראוס גרופ בעמ/מצונן,,משקה יטבתה פרו 20 אר,,350.00,"100 מ""ל",false,,7.90,0.0226,true,1,24097
7290112343499,false,חטיף צ'יטוס פאפס אפוי בטעם גבינה,"שטראוס פריטו ליי בע""\מ )",,ציטוס Puffs בטעם גבי,,55.00,100 גרם,false,,3.50,0.0636,true,1,181833
7290112344564,false,רביולי גבינה קלאסי שטראוס 400 ג',שטראוס גרופ בעמ/מצונן,,EAT GOOD רביולי גבינ,,400.00,100 גרם,false,,19.90,0.0497,true,1,24099
7290112344724,false,מילקי בטעם שוקולד בלונדי עם קצפת 133גר,שטראוס גרופ בעמ/מצונן,,מילקי בטעם שוקולד בל,,170.00,"100 מ""ל",false,,3.50,0.0206,true,1,24104
7290112344755,false,מילקי עם 26% פחות סוכר 135 גר}שטראוס{,שטראוס גרופ בעמ/מצונן,,מילקי עם 26% פחות סו,,135.00,"100 מ""ל",false,,2.90,0.0215,true,1,101083
7290112346629,false,דנונה בר יוגורט+קורנפלקס מצופה שוקולד חלב ולבן 172 גרם,שטראוס גרופ בעמ/מצונן,,דנונה קראנצ' עם קורנ,,172.00,"100 מ""ל",false,,4.60,0.0267,true,1,71285
7290112346773,false,יוגורט בטעם וניל 0% לייט אנד פרי 10 גרם חלבון בגביע,שטראוס גרופ בעמ/מצונן,,דנונה לייט אנד פריי,,150.00,"100 מ""ל",false,,4.90,0.0327,true,1,107020
7290112347008,false,גמדים לדרך גבינה לבנה עם מחית תות ושיבולת שועל,שטראוס גרופ בעמ/מצונן,,גמדים ארוחת בוקר תות,,100.00,100 גרם,false,,5.90,0.0590,true,1,24129
7290112347473,false,מארז דנונה לייט אנד פריי תות ואפרסק 150 גרם 8 יחידות,שטראוס גרופ בעמ/מצונן,,דנונה לייט אנד פריי,קילוגרמים,1.20,"ק""ג",false,,27.90,23.2500,true,1,24132
7290112348142,false,שעועית לבנה 380 גר' בקופסה טעם הטבע,שטראוס גרופ בע`מ,,שעועית לבנה טעם הטבע,,380.00,100 גרם,false,,6.90,0.0182,true,1,64903
7290112348999,false,הפריכיות הטעימות תירס דקות אנרג'י 135 גרם,שטראוס גרופ בע`מ,,פריכיות טעימות תירס,,135.00,100 גרם,false,,10.90,0.0807,true,1,105781
7290112349606,false,מעדן גבינה ויוגורט תות בננה 88 ג' דניאלה,שטראוס גרופ בעמ/מצונן,,דניאלה תות בננה 150,,150.00,"100 מ""ל",false,,4.10,0.0273,true,1,214981
7290112349705,false,פומודורו רוטב עגבניות קלאסי לפסטה יד מרדכי 350 גרם,אמיליאנה קונסרב סוסייטה,,רוטב עגבניות פומודרו,,350.00,100 גרם,false,,10.90,0.0311,true,1,23190
7290112349736,false,בזיליקום רוטב עגבניות לפסטה יד מרדכי 350 גרם,אמיליאנה קונסרב סוסייטה,,רוטב עגבניות בזיליקו,,350.00,100 גרם,false,,10.90,0.0311,true,1,23191
7290112349903,false,רוטב שמנת עם גרגירי וניל 9% שומן 260 ג' יטבתה,שטראוס גרופ בעמ/מצונן,,רוטב שמנת עם גרגירי,,260.00,100 גרם,false,,9.90,0.0381,true,1,264074
7290112350275,false,קפסולות LUNGO למכונת נספרסו עלית 10 יחידות,שטראוס קפה בי.וי,,קפסולות LUNGO למכונו,,50.00,100 גרם,false,,16.90,0.3380,true,1,23194
7290112351067,false,סילאן טבעי 100% תמר מג'הול ללא תוספת סוכר,שטראוס גרופ בע`מ,,סילאן טבעי לחיץ יד מ,,630.00,100 גרם,false,,23.90,0.0379,true,1,63210
7290112351463,false,שלישיית סוכריות מאסט FRESH פטל לימון 45 ג' עלית,"הליקון גידה בע""\מ",,שלישיית סוכריות FRES,,45.00,100 גרם,false,,7.90,0.1756,true,1,87606
7290112354211,false,"פיצה מרגריטה""דלישס"" שטראוס",קפוא-זן תעשיות מזון בעמ - תפוג,,פיצה מרגריטה שטראוס,,400.00,100 גרם,false,,26.90,0.0672,true,1,188630
7290112354945,false,תפוצ'יפס WAVY בטעם טבעי 50 גרם,שטראוס פריטו ליי בע`מ,,תפוצ'יפס wavy 50 גר,,50.00,100 גרם,false,,3.90,0.0780,true,1,338364
7290112355027,false,דנונה פרו 20 גרם חלבון בטעם קרמל מלוח 200 גרם,שטראוס גרופ בעמ/מצונן,,דנונה פרו 20 גר' בטע,,200.00,100 גרם,false,,5.90,0.0295,true,1,101101
7290112355102,false,גמדים סקוויז 100 גרם פאוץ סלט פירות 100 גרם,שטראוס גרופ בעמ/מצונן,,סקוויז גמדים לדרך סל,,100.00,100 גרם,false,,5.90,0.0590,true,1,106980
7290112356536,false,אבקת קקאו עלית (150 גרם% )+10תוספת,הנסיך- מפעל לייצור ט,,עלית קקאו 150 גרם +,,150.00,100 גרם,false,,9.90,0.0660,true,1,80603
7290112357069,false,מחית עגבניות איטלקיות בקופסה 500 גר' טעם הטבע,"שטראוס גרופ בע""מ",,מחית עגבניות איטלקיו,,500.00,100 גרם,false,,6.90,0.0138,true,1,64905
7290112357083,false,טעם הטבע אפונה ירוקה 380 גרם קופסה,הדקלאים אגודת שיתופי,,אפונה ירוקה טעם הטבע,,380.00,100 גרם,false,,6.90,0.0182,true,1,172367
7290112357106,false,שעועית אדומה 380 גר' בקופסה טעם הטבע,"שטראוס גרופ בע""מ",,שעועית אדומה טעם הטב,,380.00,100 גרם,false,,6.90,0.0182,true,1,64906
7290112357113,false,גרגרי חומוס בקופסה 380 גר' טעם הטבע,"שטראוס גרופ בע""מ",,גרגרי חומוס טעם הטבע,,380.00,100 גרם,false,,6.90,0.0182,true,1,64907
7290112490230,false,מרק נמס בכוס אפונה קנור 100% רכיבים טבעיים,"יוניליוור ישראל שיווק בע""מ",,נמס בכוס אפונה רכיבי,,50.00,100 גרם,false,,6.90,0.1380,true,1,10750
7290112490742,false,מרק עשיר פטריות עם גריסים רכיבים טבעיים 104 ג' קנור,"יוניליוור ישראל שיווק בע""מ",,מרק היום מרק פטריות,,104.00,100 גרם,false,,11.90,0.1144,true,1,179735
7290112492449,false,פינוק שמפו שיער רגיל 700 מל-חדש,"יוניליוור ישראל שיווק בע""מ",,פינוק שמפו לשיער רגי,,700.00,"100 מ""ל",false,,11.90,0.0170,true,1,57081
7290112492456,false,"שמפו פינוק לשיער יבש/פגום 700 מ""ל",יוניליוור ישראל שיווק בע`מ,,פינוק שמפו שיער יבש,,700.00,"100 מ""ל",false,,11.90,0.0170,true,1,57082
7290112492500,false,פינוק שמפו לשיער עם שמן קוקוס 700 מל,"יוניליוור ישראל שיווק בע""מ",,פינוק שמפו שמן קוקוס,,700.00,"100 מ""ל",false,,11.90,0.0170,true,1,57085
7290112492579,false,פינוק מרכך בתוספת שמן קוקוס 700 מל-חדש,יוניליוור ישראל שיווק בע`מ,,פינוק מרכך שמן קוקוס,,700.00,"100 מ""ל",false,,11.90,0.0170,true,1,57088
7290112492593,false,תחליב רחצה פינוק בניחוח פינוק קלאסי 700,יוניליוור ישראל שיווק בע`מ,,פינוק תחליב רחצה קלא,,700.00,"100 מ""ל",false,,9.90,0.0141,true,1,57102
7290112492609,false,"פינוק סבון נוזלי לבנדר ווניל 700 מ""ל","יוניליוור ישראל שיווק בע""מ",,פינוק תחליב רחצה לבנ,,700.00,"100 מ""ל",false,,9.90,0.0141,true,1,57103
7290112492746,false,"פינוק מרכך ללא דמעות לסירוק קל לילדים 700 מ""ל",יוניליוור ישראל שיווק בע`מ,,פינוק מרכך ילדים 700,,700.00,"100 מ""ל",false,,11.80,0.0169,true,1,73850
7290112492975,false,"קנור מרק טעם עוף 400 גרם כשל""פ",יוניליוור ישראל שיווק בעמ,,מרק טעם עוף קנור 400,,400.00,100 גרם,false,,13.90,0.0348,true,1,10824
7290112492982,false,"אבקת מרק פטריות כשל""פ 100% רכיבים טבעיים 400 גרם",יוניליוור ישראל שיווק בע`מ,,מרק פטריות 100% רכיב,,400.00,יח',false,,19.90,0.0497,true,1,68983
7290112493088,false,נמס בכוס עדשים מרק רכיבים טבעיים קנור 54 ג',יוניליוור ישראל שיווק בע`מ,,נמס בכוס מרק עדשים ח,,54.00,100 גרם,false,,6.90,0.1278,true,1,10828
7290112493095,false,נמס בכוס מרק עגבניות חריף רכיבים טבעיים קנור 48 ג',יוניליוור ישראל שיווק בע`מ,,נמס בכוס מרק עגבניות,,48.00,100 גרם,false,,6.90,0.1438,true,1,10829
7290112494238,false,חטיף כדורים שוקולד חלב קליק (65 גרם),יוניליוור ישראל שיווק בע`מ,,קליק כדורים חלב 65 ג,,65.00,100 גרם,false,,5.90,0.0908,true,1,10848
7290112494382,false,פירה בטעם ביתי 260 גרם-קופסא,יוניליוור ישראל שיווק בע`מ,,פירה בטעם ביתי קנור,,260.00,100 גרם,false,,10.90,0.0419,true,1,10854
7290112494795,false,בדין-ג'ל לכביסה לבנה וצבעונית בניחוח עדין כחול 2.5 ליטר,"יוניליוור ישראל שיווק בע""מ",,ג'ל לכביסה לבנה וצבע,ליטרים,2.50,ליטר,false,,30.90,12.3600,true,1,10863
7290112494801,false,בדין-ג'ל לכביסה לבנה וצבעונית בניחוח עדין ורוד 2.5 ליטר,"יוניליוור ישראל שיווק בע""מ",,ג'ל לכביסה לבנה וצבע,ליטרים,2.50,ליטר,false,,30.90,12.3600,true,1,10864
7290112495044,false,דגני קוקומן פצפוצים תלמה (375 גרם),יוניליוור ישראל שיווק בע`מ,,קוקומן פצפוצים תלמה,,375.00,100 גרם,false,,19.90,0.0531,true,1,10872
7290112495280,false,ברנפלקס ריבועי קינמון תלמה (400 גרם),יוניליוור ישראל שיווק בע`מ,,ריבועי ברנפלקס קינמו,,400.00,100 גרם,false,,20.90,0.0522,true,1,68986
7290112497000,false,פנטסטיק תרכיז ניקוי רב תכליתי בניחוח לימון,יוניליוור ישראל שיווק בע`מ,,סיף פנטסטיק ניקוי כל,יחידה,0.00,יחידה,false,,12.90,0.0000,true,1,60733
7290112498274,false,פינוק אלסבון לידיים לבנדר וניל 1ליטר+משא,יוניליוור ישראל שיווק בע`מ,,אל סבון לידיים בניחו,,950.00,"100 מ""ל",false,,11.90,0.0125,true,1,148964
7290112498281,false,"אל סבון לידיים בתוספת שמן קוקוס פינוק 950 מ""ל",יוניליוור ישראל שיווק בע`מ,,אל סבון לידיים בתוספ,,950.00,"100 מ""ל",false,,11.90,0.0125,true,1,147713
7290112499455,false,פינוק תחליב רחצה 700 בתוספת שמן מרוקאי,"יוניליוור ישראל שיווק בע""מ",,תחליב רחצה בתוספת שמ,,700.00,"100 מ""ל",false,,9.90,0.0141,true,1,140020
7290112499462,false,פינוק תחליב רחצה 700 בתוספת שמן קוקוס,יוניליוור ישראל שיווק בע`מ,,תחליב רחצה בתוספת שמ,,700.00,"100 מ""ל",false,,9.90,0.0141,true,1,140034
7290112961266,false,בייגלה כפיות פיזור איטלקי 300 גרם אסם,קבוצת אוסם סחר שותפות מוגבלת,,בייגלה כפיות בסגנון,,300.00,100 גרם,false,,10.90,0.0363,true,1,19304
7290112961372,false,פיטנס חטיפי פריכיות דקות קינמון 60 גרם,קבוצת אוסם סחר שותפות מוגבלת,,חטיפי פריכיות דקות ק,,60.00,100 גרם,false,,8.90,0.1483,true,1,19307
7290112961464,false,פיטנס חטיפי פריכיות דגנים וחומוס מתובלות,קבוצת אוסם סחר שותפות מוגבלת,,חטיפי פריכיות דקות מ,,60.00,100 גרם,false,,8.90,0.1483,true,1,19310
7290112961754,false,עוגיות שוקולד ציפס עם קרם בטעם אגוזים 220 גר',קבוצת אוסם סחר שותפות מוגבלת,,אסם עוגיות שוקוצ'יפס,,220.00,100 גרם,false,,9.90,0.0450,true,1,19319
7290112964625,false,רוטב שום לייט לסלט 310 גרם אסם,קבוצת אוסם סחר שותפות מוגבלת,,אסם רוטב שום לייט לס,,295.00,"100 מ""ל",false,,9.90,0.0336,true,1,19358
7290112965165,false,מרק נמס פטריות אסם בדצ 48 גרם מארז זוגי,קבוצת אוסם סחר שותפות מוגבלת,,זוג מרק נמס פטריות ב,,48.00,100 גרם,false,,5.90,0.1229,true,1,19365
7290112965585,false,פרפקטו פסטה קסרצה אסם 500 גרם,קבוצת אוסם סחר שותפות מוגבלת,,פסטה קסרצה פרפקטו 50,,500.00,100 גרם,false,,6.90,0.0138,true,1,19378
7290112965684,false,פיטנס - חטיף מולטיגריין עשבי תיבול 25 גרם,קבוצת אוסם סחר שותפות מוגבלת,,פיטנס חטיף מולטיגריי,,25.00,100 גרם,false,,4.90,0.1960,true,1,100970
7290112965707,false,פיטנס - חטיף מולטיגריין צילי מעודן 25 גרם,קבוצת אוסם סחר שותפות מוגבלת,,פיטנס חטיף מולטיגריי,,25.00,100 גרם,false,,4.90,0.1960,true,1,100971
7290112965905,false,בייגלה שמיניות במליחות מעודנת אסם 400 גרם,קבוצת אוסם סחר שותפות מוגבלת,,אסם בייגלה שמיניות ב,,400.00,100 גרם,false,,9.90,0.0248,true,1,19384
7290112966001,false,"טבעול גורמה ארוחת ירוקים, 450 גרם",קבוצת אוסם סחר שותפות מוגבלת,,טבעול גורמה ארוחת יר,,450.00,100 גרם,false,,34.90,0.0776,true,1,285023
7290112966445,false,במבה מתוקה אריזה גדולה 100 גר`אסם,קבוצת אוסם סחר שותפות מוגבלת,,במבה מתוקה אריזה גדו,,100.00,100 גרם,false,,7.90,0.0790,true,1,19395
7290112966766,false,טחינה בלאדי חציל עגבניות ושום צבר 350 גרם,קבוצת אוסם סחר שותפות מוגבלת,,צבר טחינה בלאדי חציל,,350.00,100 גרם,false,,15.90,0.0454,true,1,20070
7290112966803,false,אינסטנט פודינג בטעם שוקולד אסם (88 גרם),קבוצת אוסם סחר שותפות מוגבלת,,אסם פודינג אינסטנט ש,,88.00,100 גרם,false,,5.50,0.0625,true,1,19400
7290112966841,false,אינסטנט פודינג בטעם שוקולד מריר 95 גרם,קבוצת אוסם סחר שותפות מוגבלת,,אסם פודינג בטעם שוקו,,90.00,100 גרם,false,,5.50,0.0611,true,1,19402
7290112967220,false,ביסלי מארז ברביקיו 20 גר'*10 יח' אסם,קבוצת אוסם סחר-שות.מוגבלת,,ביסלי ברביקיו מארז 1,,200.00,100 גרם,false,,13.90,0.0695,true,1,69092
7290112968807,false,80018416694פיטנס חטיפי קרקר דק סלק 150גר,קבוצת אוסם סחר שותפות מוגבלת,,פיטנס קרקר דק סלק 14,,140.00,100 גרם,false,,11.90,0.0850,true,1,107589
7290112968821,false,חטיפי קרקר דק בטטה 140 גר` פיטנס,קבוצת אוסם סחר שותפות מוגבלת,,פיטנס קרקר דק בטטה 1,,140.00,100 גרם,false,,11.90,0.0850,true,1,107590
7290112969286,false,בישולים רוטב חרדל ודבש ( 330 גר`) אסם,קבוצת אוסם סחר שותפות מוגבלת,,אוסם בישולים רוטב חר,,330.00,100 גרם,false,,15.90,0.0482,true,1,104478
7290113100275,false,מגרדת משושת,,,מגרדת משושת,יחידה,0.00,יחידה,false,,25.90,0.0000,true,1,50026
7290113100640,false,תבנית אפיה לפיצה,,,תבנית אפיה לפיצה,יחידה,0.00,יחידה,false,,79.50,0.0000,true,1,50064
7290113101296,false,פותחן בקבוקים סיליקו,,,פותחן בקבוקים סיליקו,יחידה,0.00,יחידה,false,,19.90,0.0000,true,1,50129
7290113190375,false,סילאן טבעי שקדיה 900 גרם,דין שיווק וקליה 2021 בעמ,,סילאן סירופ תמרים טב,,900.00,100 גרם,false,,17.90,0.0199,true,1,169426
7290113192201,false,תערובת להכנת סחלב 500 גרם ששון הקולה,דין שיווק וקליה 2021 בעמ,,תערובת להכנת סחלב 50,,500.00,100 גרם,false,,13.90,0.0278,true,1,230479
7290113192300,false,זיתים חרוזית מושחרים בית השיטה 275 גרם,קבוצת אוסם סחר שותפות מוגבלת,,זיתים חרוזית מושחר ב,,275.00,100 גרם,false,,9.90,0.0360,true,1,19428
7290113192324,false,זיתים ירוקים שלמים בינוניים בית השיטה,קבוצת אוסם סחר-שות.מוגבלת,,זית ירוק בית השיטה 3,,340.00,100 גרם,false,,8.90,0.0262,true,1,19430
7290113192331,false,בית השיטה זיתים ירוקים גדולים 340 גרם*,קבוצת אוסם סחר שותפות מוגבלת,,זיתים ירוק גדול בית,,340.00,100 גרם,false,,8.90,0.0262,true,1,19431
7290113192348,false,בית השיטה זיתים ירוקים גדול מאודבטעם שום,קבוצת אוסם סחר-שות.מוגבלת,,זית ירוק שום 17-19בי,,560.00,100 גרם,false,,9.90,0.0177,true,1,19432
7290113192355,false,חרוזית זיתים ירוקים ללא גלעין 275 ג' בית השיטה,קבוצת אוסם סחר שותפות מוגבלת,,זיתים חרוזית ירוק בי,,275.00,100 גרם,false,,9.90,0.0360,true,1,19433
7290113192362,false,בית השיטה טבעות זיתים ירק.א2 12*280ג חדש,קבוצת אוסם סחר שותפות מוגבלת,,טבעות זיתים ירוקים ב,,280.00,100 גרם,false,,10.90,0.0389,true,1,19434
7290113192379,false,בית השיטה זיתים ירוקים מבוקעים א2 340גר',קבוצת אוסם סחר-שות.מוגבלת,,זיתים ירוקים מבוקעים,,340.00,100 גרם,false,,10.90,0.0321,true,1,19435
7290113192393,false,בית השיטה קוקטייל זיתים א2 336 גרם,קבוצת אוסם סחר שותפות מוגבלת,,קוקטייל זיתים בית הש,,336.00,100 גרם,false,,10.90,0.0324,true,1,19437
7290113192478,false,בית השיטה מלפפונים במלח בינוני 10-12 320 גרם,קבוצת אוסם סחר שותפות מוגבלת,,מלפפון במלח 10-12 בי,,320.00,100 גרם,false,,7.90,0.0247,true,1,19445
7290113192485,false,בית השיטה מלפפונים בחומץ בינוני 10-12 290 גרם,קבוצת אוסם סחר שותפות מוגבלת,,מלפפון בחומץ 12-10 ב,,290.00,100 גרם,false,,7.90,0.0272,true,1,19446
7290113192492,false,בית השיטה מלפפונים בחומץ קטנים 1317 290 גרם,קבוצת אוסם סחר שותפות מוגבלת,,מלפפון בחומץ 13-17 ב,,290.00,100 גרם,false,,9.90,0.0341,true,1,19447
7290113192508,false,ב.השיטה מלפפון במלח ר.טבע א2 17-13 320 גרם,קבוצת אוסם סחר שותפות מוגבלת,,מלפפון במלח 13-17 בי,,320.00,100 גרם,false,,9.90,0.0309,true,1,19448
7290113192515,false,בית השיטה מלפפונים במלח קטן מאוד 1825 320 גרם,קבוצת אוסם סחר שותפות מוגבלת,,מלפפון במלח 18-25 בי,,320.00,100 גרם,false,,10.90,0.0341,true,1,19449
7290113192539,false,בית השיטה מלפפונים במלח גדול 79 320 גרם,קבוצת אוסם סחר שותפות מוגבלת,,מלפפון במלח 7-9 בית,,560.00,100 גרם,false,,6.90,0.0123,true,1,19451
7290113192546,false,"מלפפונים בחומץ רכיבים טבעיים 7-9 ""בית השיטה""",קבוצת אוסם סחר שותפות מוגבלת,,מלפפון בחומץ 7-9 בית,,560.00,100 גרם,false,,6.90,0.0123,true,1,19452
7290113192560,false,פלפל חריף כבוש שיפקה בית השיטה (430 גר`),קבוצת אוסם סחר שותפות מוגבלת,,פלפל שיפקה בית השיטה,,230.00,100 גרם,false,,6.90,0.0300,true,1,19454
7290113192577,false,בית השיטה כרוב כבוש א2 12*430גרם חדש,קבוצת אוסם סחר שותפות מוגבלת,,כרוב כבוש בית השיטה,יחידה,430.00,יחידה,false,,7.90,0.0184,true,1,19455
7290113192881,false,"טורטיה חיטה מופחת קלוריות, קוטר 20 ס""מ - 6 יח'",דין שיווק וקליה 2021 בעמ,,טורטיה חיטה מופחתת ק,,270.00,100 גרם,false,,9.90,0.0367,true,1,169163
7290113193000,false,בית השיטה פלפל שיפקונית 230 גרם*,קבוצת אוסם סחר שותפות מוגבלת,,פלפל שיפקונית בית הש,,230.00,100 גרם,false,,11.90,0.0517,true,1,95106
7290113193406,false,"קוקטייל טבעות זיתים - זיתים ירוקים, שחורים מרינד",קבוצת אוסם סחר שותפות מוגבלת,,טבעות קוקטיל זיתים ב,,560.00,100 גרם,false,,10.70,0.0191,true,1,95080
7290113195042,false,מלפפון חמוץ במלח כבישה ביתית בית השיטה 750 גר',קבוצת אוסם סחר שותפות מוגבלת,,מלפפון מלח כבישה בית,,750.00,100 גרם,false,,24.90,0.0332,true,1,147282
7290113195967,false,קוואקר שיבולת שועל פחית שקדיה 500 גרם,דין שיווק וקליה 2021 בעמ,,שיבולת שועל להכנה מי,,500.00,100 גרם,false,,9.90,0.0198,true,1,169097
7290113196414,false,"אורז בסמטי 1 ק""ג - שקדיה כחול מטאלי",דין שיווק וקליה 2021 בעמ,,אורז בסמטי שקדיה 1 ק,קילוגרמים,1.00,"ק""ג",false,,9.90,9.9000,true,1,169230
7290113196919,false,מנה חמה אטריות אורז בטעם עוף שקדיה 70 גרם,דין שיווק וקליה 2021 בעמ,,מנה חמה אטריות אורז,,60.00,100 גרם,false,,7.90,0.1317,true,1,309259
7290113196933,false,מנה חמה אטריות אורז בטעם טום יאס שקדיה 70 גרם,דין שיווק וקליה 2021 בעמ,,מנה חמה אטריות אורז,,60.00,100 גרם,false,,7.90,0.1317,true,1,309261
7290113197176,false,חמאת בוטנים טבעית עם שברי בוטנים 450,דין שיווק וקליה 2021 בעמ,,חמאת בוטנים טבעית עם,,510.00,100 גרם,false,,15.90,0.0312,true,1,309291
7290113198562,false,סוכריות גומי בטעם תות שדה 200 ג' שקדיה,דין שיווק וקליה 2021 בעמ,,סוכריות גומי בטעמי ת,,200.00,100 גרם,false,,9.90,0.0495,true,1,236422
7290113199682,false,גרנולה שיבולת שועל עם פירות יבשים ומסוכרים 500ג' שקדיה,דין שיווק וקליה 2021 בעמ,,גרנולה שיבולת שועל ע,,500.00,100 גרם,false,,12.90,0.0258,true,1,285108
7290113199798,false,ממרח 100% אגוזי קשיו 200 גר`,דין שיווק וקליה 2021 בעמ,,ממרח 100% אגוז קשיו,,200.00,100 גרם,false,,25.90,0.1295,true,1,274903
7290113199842,false,מגש אירוח סוכריות גומי 700 ג' שקדיה,דין שיווק וקליה 2021 בעמ,,מגש אירוח סוכריות גו,,700.00,100 גרם,false,,29.90,0.0427,true,1,236458
7290113199897,false,סוכריות חמצוצים בטעם תות שדה 180 ג' שקדיה,דין שיווק וקליה 2021 בעמ,,סוכריות חמצוצים בטעם,,180.00,100 גרם,false,,9.90,0.0550,true,1,236440
7290113289031,false,צלחות גדולות אלגנט כ,,,צלחות גדולות אלגנט כ,יחידה,0.00,יחידה,false,,12.90,0.0000,true,1,176738
7290113289208,false,צלחות מתכלות יהלום ג,,,צלחות מתכלות יהלום ג,יחידה,0.00,יחידה,false,,13.90,0.0000,true,1,202196
7290113289239,false,קערות אובליות מתכלות,,,קערות אובליות מתכלות,יחידה,0.00,יחידה,false,,9.90,0.0000,true,1,202238
7290113289543,false,כוסות שקופות 150 יחי,,,כוסות שקופות 150 יחי,יחידה,0.00,יחידה,false,,14.90,0.0000,true,1,234581
7290113289567,false,WIZ! צלחות מתכלות קטנות קנה סוכר 50 יח',,,צלחות מתכלות קטנות ק,יחידה,0.00,יחידה,false,,19.90,0.0000,true,1,202168
7290114310239,false,חלב נטול לקטוז מועשר בוויטמין D י 2% 1.5 ל' טרה,החברה המרכזית טלהפצת משקאות בע,,חלב נטול לקטוז 1.5,ליטרים,1.50,ליטר,false,,10.90,7.2667,true,1,74957
7290114310246,false,גרנה פדנו צ'אנק משק צוריאל 125 גרם,*החברה המרכזית להפצת משקאותבעמ,,גרנה פדנו צ'אנק 125,,125.00,100 גרם,false,,17.90,0.1432,true,1,111043
7290114310338,false,צפתית מעודנת 5% בגביע 225 גרם משק צוריאל,החברה המרכזית טלהפצת משקאות בע,,צפתית מעודנת 5% משק,,225.00,100 גרם,false,,16.90,0.0751,true,1,103305
7290114310536,false,יוגורט לייט מעושר חלבון 25 גרם חלבון וניל MULLER ACTIVE,*החברה המרכזית להפצת משקאותבעמ,,מולר אקטיב לייט יוגו,,25.00,100 גרם,false,,5.90,0.2360,true,1,127747
7290114310550,false,גבינת פטה עיזים מעודנת 5% משק צוריאל 200 גרם,החברה המרכזית טלהפצת משקאות בע,,פטה עיזים מעודנת 5%,,200.00,100 גרם,false,,22.90,0.1145,true,1,127720
7290114310574,false,גבינת קרם שמנת עיזים 5% 200 גרם צוריאל,*החברה המרכזית להפצת משקאותבעמ,,גבינת קרם שמנת עיזים,,200.00,100 גרם,false,,13.90,0.0695,true,1,127646
7290114310611,false,"משקה חלב בננה בבקבוק פקק ספורט טרה 250 מ""ל",החברה המרכזית טלהפצת משקאות בע,,משקה חלב בננה בבקבוק,,250.00,"100 מ""ל",false,,5.50,0.0220,true,1,144869
7290114310673,false,לאבנה מחלב בקר 9% שומן 250 גרם,החברה המרכזית טלהפצת משקאות בע,,לאבנה מחלב בקר 9% 25,,250.00,100 גרם,false,,11.90,0.0476,true,1,127761
7290114310895,false,"סימפלי פרוט יוגורט עם מנגו תות, שמיניה 8 * 150 גרם",*החברה המרכזית להפצת משקאותבעמ,,מאגדת שמינייה סימפלי,קילוגרמים,1.20,"ק""ג",false,,30.90,25.7500,true,1,179269
7290114310901,false,גבינה לבנה 5% טרה 250 גרם ווסטהים,*החברה המרכזית להפצת משקאותבעמ,,גבינה לבנה טרה 5% וו,,250.00,100 גרם,false,,4.98,0.0199,true,1,159445
7290114310963,false,יוגורט מחלב עיזים מלא כ3.8% שומן מועשר 500 גר',*החברה המרכזית להפצת משקאותבעמ,,יוגורט עיזים בדלי 3.,,500.00,100 גרם,false,,14.90,0.0298,true,1,232126
7290114311038,false,"שמנת מתוקה 32% עמידה בבקבוק טרה 250 מ""ל",*החברה המרכזית להפצת משקאותבעמ,,שמנת מתוקה 32% בקבוק,,250.00,"100 מ""ל",false,,6.90,0.0276,true,1,259377
7290114311069,false,יוגורט לבן מועשר בחלבון 0% שומן 200 גרם muller active,החברה המרכזית טלהפצת משקאות בע,,יוגורט בטעם טבעי 25,,200.00,100 גרם,false,,5.90,0.0295,true,1,238500
7290114311298,false,יוגורט מולר פרופ בטעם תות בננה מלון 150,החברה המרכזית טלהפצת משקאות בע,,מולר פרופ תות בננה מ,,150.00,100 גרם,false,,4.90,0.0327,true,1,284787
7290114311328,false,חלב מועשר דל לקטוז מעושר בויטמין Dי 2% שומן טרה 1 ליטר,*החברה המרכזית להפצת משקאותבעמ,,חלב נטול לקטוז טרה 1,ליטרים,1.00,ליטר,false,,7.10,7.1000,true,1,296078
7290114600927,false,מאסטר שף עלי טורטייה חיטה מלאה 320 גרם,אלקאטי קורביישיסי גי,,עלי טורטיה חיטה מלאה,,320.00,100 גרם,false,,9.90,0.0309,true,1,170250
7290114600941,false,מאסטר שף מיונז הולנדי לחיץ 435 גרם,ש. שסטוביץ בע`מ,,מאסטר שף מאסטר שף מ,,435.00,100 גרם,false,,13.90,0.0320,true,1,78052
7290114603539,false,קרוטונים למרק שום בצל מאסטר שף 350 גרם,"עינת תעשיות מזון, אגשח ב",,מאסטר שף קרוטונים למ,,350.00,100 גרם,false,,17.90,0.0511,true,1,174668
7290114603591,false,PLAY חטיף פוף בטעם קטשופ 40 גרם,ש. שסטוביץ בע`מ,,פוף PLAY בטעם קטשופ,,40.00,100 גרם,false,,3.90,0.0975,true,1,78038
7290114604857,false,"דפי אורז מאסטר שף קוטר 22 ס""מ 400 גרם",ש. שסטוביץ בע`מ,,דפי אורז קוטר 22 כשל,,400.00,100 גרם,false,,9.90,0.0248,true,1,114241
7290114604864,false,קוסקוס סולת דק מאסטר שף 350 גרם,ש. שסטוביץ בע`מ,,קוסקוס דק מאסטר שף 3,,350.00,100 גרם,false,,5.90,0.0169,true,1,170511
7290114606554,false,מיונז מופחת קלוריות בקבוק לחיץ,ש. שסטוביץ בע`מ,,מאסטר שף מיונז לייט,,470.00,100 גרם,false,,13.90,0.0296,true,1,129073
7290114608664,false,סילאן לחיץ מאסטר שף 680 גרם,ש.שסטוביץ בעמ,,סילאן לחיץ 100% תמרי,,680.00,100 גרם,false,,18.90,0.0278,true,1,292024
7290115200003,false,אסם פתי בר פינוקי וניל 16*220 ג',קבוצת אוסם סחר שותפות מוגבלת,,פתי בר פינוקי וניל 2,,220.00,100 גרם,false,,10.90,0.0495,true,1,100812
7290115200027,false,אסם פתי בר פינוקים שוקו 220 גרם,קבוצת אוסם סחר שותפות מוגבלת,,פתי בר פינוקי שוקו 2,,220.00,100 גרם,false,,10.90,0.0495,true,1,100813
7290115200713,false,במבה קלאסי מארז אחיד 5*50 גר` אסם,קבוצת אוסם סחר שותפות מוגבלת,,מארז במבה קלאסי אסם,,250.00,100 גרם,false,,11.90,0.0476,true,1,102611
7290115201031,false,פתי בר פינוקי דובי שוקולד 175גר.,קבוצת אוסם סחר שותפות מוגבלת,,אסם פתיבר דובי שוקול,,175.00,100 גרם,false,,10.50,0.0600,true,1,127934
7290115201451,false,לביבות בטטה וקארי 455 גר` טבעול גורמה,קבוצת אוסם סחר שותפות מוגבלת,,טבעול גורמה לביבות ב,,455.00,100 גרם,false,,34.90,0.0767,true,1,285006
7290115201475,false,טבעול גורמה לביבות כרישה 434 גרם,קבוצת אוסם סחר-שות.מוגבלת,,טבעול גורמה לביבות כ,,434.00,100 גרם,false,,34.90,0.0804,true,1,285007
7290115202236,false,טופו קראנצי`ם 470 גרם טבעול,קבוצת אוסם סחר שותפות מוגבלת,,טבעול טופו קראנצ'ים,,470.00,100 גרם,false,,30.90,0.0657,true,1,157189
7290115202434,false,צבר סלט חומוס עם זעתר 375 גרם,קבוצת אוסם סחר שותפות מוגבלת,,חומוס עם זעתר צבר 37,,375.00,100 גרם,false,,11.90,0.0317,true,1,116801
7290115202786,false,מנה חמה פאוצ' נדלס.אטר.טעם בקר 70 גרם,קבוצת אוסם סחר שותפות מוגבלת,,מנה חמה פאוצ' נדלסאט,,70.00,100 גרם,false,,4.90,0.0700,true,1,127852
7290115202816,false,מנה חמה פאוץ נודלס אטריות טעם עוף 70 גרם,קבוצת אוסם סחר שותפות מוגבלת,,מנה חמה פאוצ' נדלסאט,,70.00,100 גרם,false,,4.90,0.0700,true,1,127853
7290115202847,false,מנה חמה פאוצ' נדלס ספייסי אסם 70 ג',קבוצת אוסם סחר שותפות מוגבלת,,מנה חמה פאוצ' נדלסאט,,70.00,100 גרם,false,,4.90,0.0700,true,1,127854
7290115202939,false,מנה חמה רייס נודלס עוף פטריות אסם 50 גרם,קבוצת אוסם סחר שותפות מוגבלת,,מנה חמה רייס נודלס ע,,50.00,100 גרם,false,,7.90,0.1580,true,1,195722
7290115202953,false,אוסם - מנה חמה רייס נודלס קארי צהוב 55 גרם,קבוצת אוסם סחר-שות.מוגבלת,,מנה חמה רייס נודלס ק,,55.00,100 גרם,false,,7.90,0.1436,true,1,195736
7290115203134,false,חטיף פופקו פופקורן במבה אסם (80 גרם),קבוצת אוסם סחר שותפות מוגבלת,,פופקו פופקורן במבה 4,,80.00,100 גרם,false,,4.90,0.0613,true,1,142969
7290115203486,false,פירורית בטעם ביסלי גריל אסם 200 גרם,קבוצת אוסם סחר שותפות מוגבלת,,אסם פירורית בטעם ביס,,200.00,100 גרם,false,,6.50,0.0325,true,1,134086
7290115204056,false,"קטשופ מופחת סוכר אסם 690 גרם כשל""פ",קבוצת אוסם סחר שותפות מוגבלת,,אסם קטשופ מופחת סוכר,,690.00,100 גרם,false,,10.50,0.0152,true,1,135282
7290115204186,false,פסטו המעדינה של צבר,קבוצת אוסם סחר שותפות מוגבלת,,פסטו המעדינה של צבר,,190.00,100 גרם,false,,14.90,0.0784,true,1,239805
7290115205527,false,חטיף מולטיגריין עם עדשים ( 25 גר`) פיטנס,קבוצת אוסם סחר שותפות מוגבלת,,פיטנס חטיף מולטגריין,,25.00,100 גרם,false,,4.90,0.1960,true,1,275231
7290115205718,false,אסם בונזור בצק מצונן עלים 230 גרם,קבוצת אוסם סחר-שות.מוגבלת,,בצק עלים מצונן בונז',,230.00,100 גרם,false,,13.90,0.0604,true,1,213580
7290115205978,false,פתיבר ואצבעות שוקולד 180 גרם - רבנות,קבוצת אוסם סחר שותפות מוגבלת,,פתי בר אצבעות שוקולד,,180.00,100 גרם,false,,10.90,0.0606,true,1,240996
7290115206135,false,טבעול גורמה ארוחת קינואה 450 גרם,קבוצת אוסם סחר שותפות מוגבלת,,טבעול גורמה ארוחת קי,,450.00,100 גרם,false,,34.90,0.0776,true,1,285024
7290115207163,false,פרפקטו ניוקי בזיליקום ושום אסם 500 גרם,קבוצת אוסם סחר-שות.מוגבלת,,ניוקי בזיליקום ושום,,500.00,100 גרם,false,,12.90,0.0258,true,1,213552
7290115207941,false,ויטמינצ'יק אננס סירופ 1 ליטר,קבוצת אוסם סחר שותפות מוגבלת,,ויטמינצ'יק אננס 1 לי,ליטרים,1.00,ליטר,false,,22.50,22.5000,true,1,226942
7290115208009,false,ויטמינצ'יק ענבים סירופ 1 ליטר,קבוצת אוסם סחר שותפות מוגבלת,,ויטמינצ'יק ענבים 1 ל,ליטרים,1.00,ליטר,false,,22.50,22.5000,true,1,226959
7290115208047,false,סירופ פטל ויטמינצ`יק (1 ליטר),קבוצת אוסם סחר שותפות מוגבלת,,ויטמינצ'יק פטל 1 ליט,ליטרים,1.00,ליטר,false,,22.50,22.5000,true,1,226944
7290115208061,false,ויטמינצ'יק תפוח סירופ 1 ליטר,קבוצת אוסם סחר שותפות מוגבלת,,ויטמינצ'יק תפוח 1 לי,ליטרים,1.00,ליטר,false,,22.50,22.5000,true,1,226960
7290115208320,false,אפרופו חטיף בטעם ביסלי בצל 50 גרם,קבוצת אוסם סחר שותפות מוגבלת,,אפרופו בטעם ביסלי בצ,,50.00,100 גרם,false,,5.00,0.1000,true,1,321072
7290115208344,false,שטוחים בייגלה כפיות שמנת בצל 300גר,קבוצת אוסם סחר שותפות מוגבלת,,אסם בייגלה כפיות שמנ,,300.00,100 גרם,false,,10.90,0.0363,true,1,286588
7290115208801,false,קרקר לחמית דבש ואגוזים אסם (190 גרם),קבוצת אוסם סחר שותפות מוגבלת,,לחמית דבש ואגוזים 19,,190.00,100 גרם,false,,9.90,0.0521,true,1,286617
7290115209198,false,במבה אוורירית אסם 80 גרם,קבוצת אוסם סחר שותפות מוגבלת,,במבה אורירית 80 גרם,,80.00,100 גרם,false,,4.50,0.0563,true,1,275262
7290115209358,false,במבה במילוי בראוניז אסם (60 גרם),קבוצת אוסם סחר שותפות מוגבלת,,במבה במילוי בראוניז,,60.00,100 גרם,false,,4.50,0.0750,true,1,320728
7290115209372,false,במבה במילוי בראוניז 150 גרם אוסם,קבוצת אוסם סחר שותפות מוגבלת,,במבה במילוי בראוניז,,150.00,100 גרם,false,,10.00,0.0667,true,1,320757
7290115403312,false,עוגיות מלוחות קריספי עגול 450ג דל,שיבולים יצור ושיווק מוצרי מאפה,,עוגיות מלוחות קריספי,,450.00,100 גרם,false,,15.90,0.0353,true,1,261469
7290115403367,false,עוגיות קוואקר פריכות 500ג דל,שיבולים יצור ושיווק מוצרי מאפה,,עוגיות קוואקר פריכות,,500.00,100 גרם,false,,15.90,0.0318,true,1,261473
7290115403435,false,עוגיות מעמול תמר 500 גרם,שיבולים יצור ושיווק מוצרי מאפה,,עוגיות מעמול תמר אדל,,500.00,100 גרם,false,,15.90,0.0318,true,1,261480
7290115403459,false,עוגיות נסיכה בטעם תות 500 גר`,שיבולים יצור ושיווק מוצרי מאפה,,עוגיות נסיכה בטעם תו,,500.00,100 גרם,false,,15.90,0.0318,true,1,261482
7290115403480,false,עוגיות בסגנון מרוקאי מיני 500ג דל,שיבולים יצור ושיווק מוצרי מאפה,,עוגיות בסגנון מרוקאי,,500.00,100 גרם,false,,15.90,0.0318,true,1,261485
7290115403510,false,עוגיות מגולגלות תמרים 500ג דל,שיבולים יצור ושיווק מוצרי מאפה,,עוגיות מגולגלות תמרי,,500.00,100 גרם,false,,15.90,0.0318,true,1,261487
7290115480016,false,סוד פאוור קאפס לכביסה צבעונית 26 יחי,גורי שיווק בעמ,,סוד קפסולות ג'ל 3+1,,26.00,100 יח',false,,29.90,1.1500,true,1,272797
7290115670691,false,גרנולה שיבולת שועל עם פירות יער,אמקו ספול אס. אר.או,,אנרג'י גרנולה שיבולת,,400.00,100 גרם,false,,13.90,0.0348,true,1,133289
7290115671223,false,מסטיק מאסט פאן אבטיח מנגו צנצנת 58 גרם,שטראוס גרופ בע`מ,,מסטיק קוביות ללא סוכ,,58.00,100 גרם,false,,9.90,0.1707,true,1,218438
7290115671346,false,מיני פינוקיות טופי קרמל מלוח עלית 180 גרם,"הגביע מוצרי ופלים בע""\מ",,מיני פינוקיות במילוי,,180.00,100 גרם,false,,10.90,0.0606,true,1,157134
7290115675559,false,מארז קפה טורקי לדרך 10 יחידות,שטראוס קפה בי.וי.,,מארז קפה טורקי לדרך,,70.00,100 גרם,false,,7.90,0.1129,true,1,107835
7290115675696,false,דגני בוקר קראנצ'ים שיבולת שועל עם אגוזים ושקדים,שטראוס פריטו ליי בע`מ,,דגני בוקר קוואקר שיב,,375.00,100 גרם,false,,19.90,0.0531,true,1,151469
7290115675986,false,דנונה יוגורט בר עם אגוזים מקורמלים 173 גרם,שטראוס גרופ בעמ/מצונן,,דנונה קראנצ' אגוזים,,173.00,100 גרם,false,,4.60,0.0266,true,1,107323
7290115676082,false,משקה דנונה פרו 20 יוגורט תות 255 ג' רבנות,שטראוס גרופ בעמ/מצונן,,משקה יוגורט עם חלבון,,255.00,100 גרם,false,,6.90,0.0271,true,1,136532
7290115676099,false,משקה דנונה פרו 20 יוגורט וניל 255 ג' רבנות,שטראוס גרופ בעמ/מצונן,,משקה יוגורט עם חלבון,,265.00,100 גרם,false,,6.90,0.0260,true,1,136495
7290115677362,false,"נודלס טריאקי ""דלישס"" שטראוס",קפוא-זן תעשיות מזון בעמ - תפוג,,נודלס טריאקי שטראוס,,350.00,100 גרם,false,,27.90,0.0797,true,1,188528
7290115677409,false,אורז קארי צהוב עם ירקות ברוטב קארי וקרם קוקוס,קפוא זן תעשיות מזון בעמ,,אורז קארי צהוב שטראו,,350.00,100 גרם,false,,27.90,0.0797,true,1,188559
7290115677966,false,ממרח אבוקדו טעם הטבע 200 גרם,שטראוס גרופ בעמ/מצונן,,ממרח אבוקדו אחלה 200,,200.00,100 גרם,false,,14.90,0.0745,true,1,176935
7290115678222,false,מארז 8 גביעים יוגורט Greek בסגנון יווני 6.5% שומן,שטראוס גרופ בעמ/מצונן,,מארז שמינייה יוגורט,,130.00,100 גרם,false,,23.90,0.1838,true,1,136547
7290115678376,false,מעדן הגולן שוקולד 125 גרם,שטראוס גרופ בעמ/מצונן,,מעדן הגולן מעדן חלב,,125.00,100 גרם,false,,2.90,0.0232,true,1,158897
7290115678598,false,חסה אייסברג חיתוך גס 300 שטראוס טעם הטבע,שטראוס בריאות ירקות טריי,,חסה אייסברג חיתוך גס,,300.00,100 גרם,false,,9.90,0.0330,true,1,185761
7290115678635,false,נשנושי גבינה -גבינת שמנת 16%+כעכים שטוחים עם מלח,שטראוס גרופ בעמ/מצונן,,נשנושי גבינה 16% עם,,67.00,100 גרם,false,,10.90,0.1627,true,1,276117
7290116530871,false,נשנושים מיקס בייגל בייגל 240 גרם,יוניליוור ישראל שיווק בע`מ,,חטיף נשנושים מיקס+בי,,240.00,100 גרם,false,,11.90,0.0496,true,1,292084
7290116531243,false,"שמפו ומרכך 2ב-1 למניעת קשקשים 700 מ""ל פינוק","יוניליוור ישראל שיווק בע""מ",,שמפו ומרכך 2 ב-1 למנ,,700.00,"100 מ""ל",false,,11.80,0.0169,true,1,201539
7290116531250,false,פינוק שמפו למניעת קשקשים עם תמציות צמחים,"יוניליוור ישראלשיווק בע""מ",,שמפו למניעת קשקשים ת,,700.00,"100 מ""ל",false,,11.80,0.0169,true,1,201525
7290116531496,false,קינמונים דגנים פריכים מצופים קינמון 375,"יוניליוור ישראל שיווק בע""מ",,דגני בוקר קינמונים ת,,375.00,100 גרם,false,,19.90,0.0531,true,1,239549
7290116531762,false,דפים ריחניים למייבש כביסה בדין ורוד 40 יחידות,יוניליוור ישראל שיווק בע`מ,,בדין דפי מייבש ורוד,יחידה,0.00,יחידה,false,,16.90,0.0000,true,1,218662
7290116531779,false,דפים ריחניים למייבש כביסה בדין כחול 40 יחידות,"יוניליוור ישראל שיווק בע""מ",,בדין דפי מייבש כחול,יחידה,0.00,יחידה,false,,16.90,0.0000,true,1,218663
7290116930282,false,ארוחה בקטנה לאבנה עם קרקרים 150ג' תנובה,"תנובה בע""מ ***",,לאבנה 9% שומן עם קרק,,150.00,100 גרם,false,,7.90,0.0527,true,1,296408
7290116930480,false,"משקה SHAKE בננה קיווי תפוח 230 מ""ל יופלה",קבוצת המזון אקטשלאר,,יופלה SHAKE בננה קי,,230.00,"100 מ""ל",false,,7.90,0.0343,true,1,284064
7290116930626,false,ארוחה בקטנה ציזיקי עם קרקרים 150ג' תנובה,"תנובה בע""מ ***",,ציזיקי עם קרקרים תנו,,150.00,100 גרם,false,,7.90,0.0527,true,1,288010
7290116930718,false,מעדן תנובה דיאט בטעם שוקולד וקרמל מלוח 0% 150ג' תנובה,תנובה - חלב,,מעדן דיאט בטעם שוקו,,150.00,100 גרם,false,,3.90,0.0260,true,1,285467
7290116931074,false,פרוסות טל העמק 32% שומן 300 גרם,"תנובה בע""מ ***",,גבינת טל העמק 32% שו,,300.00,100 גרם,false,,26.90,0.0897,true,1,295384
7290116931104,false,יופלה GO במרקם סמיך עם אננס 0% תנובה 200 גרם,תנובה בעמ ***,,יופלה גו במרקם סמיך,,200.00,100 גרם,false,,5.90,0.0295,true,1,294402
7290117260074,false,שעועית ירוקה חתוכה ויליפוד 800 גרם,ג. וילי-פוד אינטרנשיונל בע`מ,,שעועית ירוקה חתוכה מ,,800.00,100 גרם,false,,7.50,0.0094,true,1,293623
7290117260449,false,גבינה בולגרית מעודנת למריחה בטעם טבעי 5% שומן 200 ג' יורו,ג.וילי-פוד אינטרנשיונל **גבינו,,גבינה בולגרית מעודנת,,200.00,100 גרם,false,,11.90,0.0595,true,1,285720
7290117260623,false,קרמבו וניל בציפוי שוקולד חלב 300 ג' תן בו,ג.וילי-פוד אינטרנשיונל בעמ,,תן בו בטעם וניל בציפ,,300.00,100 גרם,false,,19.90,0.0663,true,1,218867
7290117260890,false,פופקורן בציפוי בטעם קוקוס 90 גרם,ג. וילי-פוד אינטרנשיונל בע`מ,,פופקורן בטעם קוקוס ו,,90.00,100 גרם,false,,7.90,0.0878,true,1,231636
7290117261354,false,גבינת ריקוטה 200 גרם 5%שומן מחלבת אירופה,ג.וילי-פוד אינטרנשיונל **גבינו,,גבינת ריקוטה 5% שומ,,200.00,100 גרם,false,,9.90,0.0495,true,1,283096
7290117261545,false,סלמון אטלנטי ברוטב טריאקי 120 גרם ויליפוד,ג.וילי-פוד אינטרנשיונל בעמ,,סלמון אטלנטי ברוטב ט,,120.00,100 גרם,false,,10.90,0.0908,true,1,316384
7290117261552,false,סלמון אטלנטי ברוטב עגבניות 120 גרם ויליפוד,ג.וילי פוד אינטרנשיונל בעמ,,סלמון אטלנטי ברוטב ע,,120.00,100 גרם,false,,10.90,0.0908,true,1,316385
7290117261569,false,סלמון אטלנטי מעושן בשמן קנולה 120 גרם ויליפוד,ג. וילי-פוד אינטרנשיונל בע`מ,,סלמון אטלנטי מעושן ב,,120.00,100 גרם,false,,10.90,0.0908,true,1,316386
7290117380154,false,ררוטב אסיאתי עם סויה ושומשום 260 גר`מאס,ש. שסטוביץ בע`מ,,רוטב אסיאתי עם סויה,,264.00,"100 מ""ל",false,,9.90,0.0375,true,1,260962
7290117380864,false,סלים דליס פייבר עוגות בראוניס אישיות בטעם שוקולד 120 גרם,ש.שסטוביץ בעמ,,סלים דליס פייבר - עו,,120.00,100 גרם,false,,10.90,0.0908,true,1,275689
7290117380871,false,סלים דליס פייבר עוגות אישיות בטעם אוכמניות 120 גרם,ש.שסטוביץ בעמ,,סלים דליס פייבר - עו,,120.00,100 גרם,false,,10.90,0.0908,true,1,275675
7290117381205,false,"מאסטר שף שמן שומשום 370 מ""ל",ש.שסטוביץ בעמ,,מאסטר שף שמן שומשום,,370.00,"100 מ""ל",false,,22.90,0.0619,true,1,334956
7290117900963,false,בוטנים קלויים 270גר ששון הקולה,דין שיווק וקליה 2021 בעמ,,בוטנים קלויים 270 גר,,270.00,100 גרם,false,,10.90,0.0404,true,1,276865
7290117900987,false,אגוז פקאן קלוף ששון הקולה 140 גרם,דין שיווק וקליה 2021 בעמ,,פקאן קלוף 140 גרם,,140.00,100 גרם,false,,15.90,0.1136,true,1,276867
7290117900994,false,פקאן סיני מסוכר ששון הקולה 140 גרם,דין שיווק וקליה 2021 בעמ,,פקאן סיני מסוכר 140,,140.00,100 גרם,false,,15.90,0.1136,true,1,276868
7290117901007,false,פיסטוקים קלויים ששון הקולה 130 גרם,דין שיווק וקליה 2021 בעמ,,פיסטוק קלוי 130 גרם,,130.00,100 גרם,false,,15.90,0.1223,true,1,276869
7290117901038,false,אגוזי מלך קלופים ששון הקולה 190 גרם,דין שיווק וקליה 2021 בעמ,,אגוז מלך קלוף 190 גר,,190.00,100 גרם,false,,15.90,0.0837,true,1,276872
7290117901052,false,שקדים קלופים 180 גר ששון הקולה,דין שיווק וקליה 2021 בעמ,,שקד קלוף 180 גרם,,180.00,100 גרם,false,,15.90,0.0883,true,1,276874
7290118420071,false,במבה ביסלי ברביקיו מיקס 80גר אסם{,קבוצת אוסם סחר שותפות מוגבלת,,במבה ביסלי ברביקיו מ,,80.00,100 גרם,false,,4.50,0.0563,true,1,320786
7290118420514,false,אינסטנט פודינג בטעם נוגט אסם 75 גרם,קבוצת אוסם סחר שותפות מוגבלת,,אינסטנט פודינג נוגט,,80.00,100 גרם,false,,5.50,0.0688,true,1,318585
7296058000526,false,פריכיות כוסמת פרח 160 גרם,מ.ד אטיאס סוכנויות מזון בע`מ,,פרכיות כוסמת פרח 130,,130.00,100 גרם,false,,8.90,0.0685,true,1,49451
7297488098305,false,"מרק דגש""קמח שקדים""250גרם","תבליני העליון בע""מ",,דגש קמח שקדים 250 גר,,250.00,100 גרם,false,,24.90,0.0996,true,1,96607
7297488099968,false,משומשו מלוחה 16% 250גר טבעוני,קפוא זן תעשיות מזון בעמ,,מלוחה 16% מרכיבים צמ,,250.00,100 גרם,false,,17.90,0.0716,true,1,178906
7297488199620,false,פצפוצי אורז מלא תפוח ללא גלוטן,דגש- דוכן גן שמואל,,דגש פצפוצי אורז מלא,,450.00,100 גרם,false,,19.90,0.0442,true,1,96593
7394376123337,false,"משקה שיבולת שועל אורגני מפוקח ע""י סקאל",טרנסומס פוד איי.בי,,משקה שיבולת שועל אור,ליטרים,1.00,ליטר,false,,13.90,13.9000,true,1,74876
7394376616778,false,אוטלי משקה שיבולת שועל להקצפה בריסטה 1 ליטר,ש. שסטוביץ בע`מ,,משקה שיבולת שועל להק,ליטרים,1.00,ליטר,false,,15.90,15.9000,true,1,74879
7501013122992,false,ג'ומקס מיץ קוקוס אננס קרטונית ליטר תריסר,חומקס קומר קומרסאליזדורה,,ג'ומקס משקה קוקוס אנ,ליטרים,1.00,ליטר,false,,10.50,10.5000,true,1,39438
7501064191398,false,שישיית בירה קורונה אקסטרא *355 מל,קריניציה ויטמינה אס,,קורונה מארז שישיה 6*,ליטרים,2.13,ליטר,false,,38.90,18.2629,true,1,29649
7503012779306,false,סירופ אגבה כחולה 100% 330 גרם נטורפוד,נוטריגבאס דה מקסיקו,,נטורפוד סירופ אגבה כ,,330.00,100 גרם,false,,19.90,0.0603,true,1,96708
7509546063515,false,ליידי ספיד סטיק -סטיק פרו 5 ספריי 150 מל,קולגייט פלמוליב,,ליידי ספיד סטיק פרו,,150.00,"100 מ""ל",false,,19.90,0.1327,true,1,317596
7610100034084,false,מיונז טומי בשפורפרת 265 גרם,ליימן שליסל בע`מ,,מיונז טומי 265 גרם,,265.00,100 גרם,false,,11.90,0.0449,true,1,12840
7610243004463,false,"דורגול - מרסס להסרת אבנית במקלחון 600 מ""ל","יעקב יעקבי ובניו בע""מ",,דורגול מסיר אבן מרסס,יחידה,0.00,יחידה,false,,19.90,0.0000,true,1,11431
7610400014649,false,לינדור קוביות במילוי קרם שוקולד חלב 100 גרם,לינדט ושפרונגלי קילשברג,,לינדט לינדור שוק.חלב,,100.00,100 גרם,false,,15.90,0.1590,true,1,13834
7610400068529,false,לינדט לינדור בונבוניירה כדורי שוקולד מטעמים 200 גרם,לינדט ושפרונגלי קילשברג,,לינדור בונבוניירה אס,,200.00,100 גרם,false,,22.90,0.1145,true,1,13839
7610400075770,false,לינדט לה גרנד שוקולד מריר אגוז 150 גרם,לינדט ושפרונגלי קילשברג,,לינדט לה גרנד מריר ע,,150.00,100 גרם,false,,23.90,0.1593,true,1,13843
7610400075787,false,לינדט לה גרנד שוקולד חלב אגוז 150 גרם,לינדט ושפרונגלי קילשברג,,לינדט לה גרנד חלב עם,,150.00,100 גרם,false,,23.90,0.1593,true,1,13844
7613030979647,false,דגני בוקר טריקס פירות עולם היורה 480 ג',קבוצת אוסם סחר שותפות מוגבלת,,דגני בוקר טריקס 480,,480.00,100 גרם,false,,24.90,0.0519,true,1,19458
7613032045753,false,פיטנס דגנים מחיטה מלאה שוקולד 375גרם,קבוצת אוסם סחר שותפות מוגבלת,,דגני פיטנס שוקולד נס,,375.00,100 גרם,false,,19.90,0.0531,true,1,19464
7613035622623,false,פיטנס גרנולה שקדים ודבש נסטלה (300 גרם),קבוצת אוסם סחר-שות.מוגבלת,,פיטנס גרנולה שקדים ו,,300.00,100 גרם,false,,14.90,0.0497,true,1,19509
7613035635845,false,פיטנס גרנולה שוקולד 300 גר`אסם,קבוצת אוסם סחר-שות.מוגבלת,,פיטנס גרנולה שוקולד,,300.00,100 גרם,false,,14.90,0.0497,true,1,19510
7613035807778,false,פרפקטו רוטב עגבניות לבולונז אסם 400 גרם,קבוצת אוסם סחר שותפות מוגבלת,,פרפקטו רוטב עגבניות,,400.00,100 גרם,false,,9.90,0.0248,true,1,19513
7613035809109,false,פרפקטו רוטב עגבניות ובזיליקום אסם 400 גרם,קבוצת אוסם סחר שותפות מוגבלת,,פרפקטו רוטב עגבניות,,400.00,100 גרם,false,,9.90,0.0248,true,1,19514
7613035809857,false,פרפקטו רוטב עגבניות לפסטה ולבישול אסם 400 גרם,קבוצת אוסם סחר שותפות מוגבלת,,פרפקטו רוטב עגבניות,,400.00,100 גרם,false,,9.90,0.0248,true,1,19516
7613036105606,false,דוגלי בקר לכלבים בוגרים,קבוצת אוסם סחר שותפות מוגבלת,,דוגלי בוגר בקר 4*3קג,קילוגרמים,3.00,"ק""ג",false,,43.90,14.6333,true,1,19525
7613036737623,false,דגני בוקר קראנץ מיקס 410גר,קבוצת אוסם סחר שותפות מוגבלת,,דגני בוקר קראנץ מקס,,410.00,100 גרם,false,,24.90,0.0607,true,1,19541
7613037276091,false,נסטלה מיקס מיני אריזות דגני בוקר 200 גרם,קבוצת אוסם סחר שותפות מוגבלת,,מיקס מיני אריזות דגנ,,200.00,100 גרם,false,,16.90,0.0845,true,1,19559
7613038268262,false,דגני בוקר צ'יריוס דבש ושקדים במתיקות מעודנת,קבוצת אוסם סחר שותפות מוגבלת,,האני נאט ציריוס מופח,,410.00,100 גרם,false,,19.90,0.0485,true,1,19562
7613038451954,false,דגני בוקר שוקולד מופחת סוכר 410 ג' קראנץ',קבוצת אוסם סחר-שות.מוגבלת,,קראנץ שוקולד מופחת ס,,410.00,100 גרם,false,,19.90,0.0485,true,1,19563
7613039880807,false,גרבר מחית תפוח וגזר 190 גרם,קבוצת אוסם סחר שותפות מוגבלת,,גרבר מחית תפוח גזר 1,,190.00,100 גרם,false,,5.90,0.0311,true,1,200560
7613287155894,false,"גרבר - מחית אפרסק כל""פ פאוץ 90 גרם",קבוצת אוסם סחר שותפות מוגבלת,,מחית אפרסק גרבר פאוץ,,90.00,100 גרם,false,,5.90,0.0656,true,1,117379
7613287302373,false,סטארבקס קפסולות איטליאן סטייל רוסט 56 גרם,קבוצת אוסם סחר שותפות מוגבלת,,קפסולות סטארבקס איטל,,56.00,100 גרם,false,,21.90,0.3911,true,1,130161
7613287325808,false,אוסם - דיפ אנד ספרד מטבל איולי שום 295 גרם,קבוצת אוסם סחר שותפות מוגבלת,,רוטב איולי שום לחיץ,,295.00,100 גרם,false,,14.90,0.0505,true,1,194450
7613287325822,false,אוסם - דיפ אנד ספרד מטבל מיקס 295 גרם,קבוצת אוסם סחר שותפות מוגבלת,,רוטב מיקס לחיץ אסם 2,,295.00,100 גרם,false,,14.90,0.0505,true,1,194451
7613287394323,false,דגני בוקר מולטי צ'יריוס 600 גרם,קבוצת אוסם סחר שותפות מוגבלת,,מולטי צ'יריוס 100% ד,,600.00,100 גרם,false,,20.90,0.0348,true,1,144607
7613287476494,false,אוסם - דיפ אנד ספרד מיונז בסגנון צרפתי 280 גרם,קבוצת אוסם סחר שותפות מוגבלת,,מיונז לחיץ אסם 280 ג,,280.00,100 גרם,false,,14.90,0.0532,true,1,194436
7613287821348,false,נתחוני עוף טבעוני סנסשיונל טבעול 350 גרם,קבוצת אוסם סחר שותפות מוגבלת,,נתחוני עוף טבעוני סנ,,350.00,100 גרם,false,,29.90,0.0854,true,1,203423
7622010001858,false,עוגיות אוראו ממולאות קרם וניל 176 גרם.,דיפלומט מפיצים (1968) בעמ**,,עוגיות אוראו סנדביץ,,176.00,100 גרם,false,,8.90,0.0506,true,1,5130
7622201137052,false,אוראו מיני קוקיס - עוגיות שוקולד צ'יפס ותחתית מצופה שוקולד חלב,דיפלומט מפיצים (1968) בעמ**,,מיני קוקיז מילקה 110,,110.00,100 גרם,false,,7.90,0.0718,true,1,194285
7622201139278,false,גבינת פילדלפיה שמנת 150 גר`% (27 שומן),מיודלז אספניה פרודוק,,פילדלפיה גבינת שמנת,,150.00,100 גרם,false,,11.90,0.0793,true,1,17219
7622201521493,false,גבינת פילדלפיה שום ועשבי תיבול 150 גר` (,מיודלז אספניה פרודוק,,גבינת שמנת עם שום וע,,150.00,100 גרם,false,,11.90,0.0793,true,1,286262
7622201798154,false,גבינת שמנת לייט מופחתת שומן 13% שומן,מיודלז אספניה פרודוק,,פילדלפיה גבינת שמנת,,150.00,100 גרם,false,,11.90,0.0793,true,1,184469
7622201801809,false,מילקה שוקולד חלב עם אגוזים 100 גרם חדש,מנדלז דויצ'\לנד סנקס פרו,,מילקה שוקוד חלב עם א,,100.00,100 גרם,false,,6.90,0.0690,true,1,158601
7622201802363,false,מילקה טבלת שוקולד חלב וצימוקים ואגוזים 100ג',דיפלומט מפיצים (1968) בעמ**,,מילקה שוקולד חלב עם,,100.00,100 גרם,false,,6.90,0.0690,true,1,158602
7622201802394,false,שוקולד מילקה חלב מסרונים 100 גרם,מנדלז דויצ'\לנד סנקס פרו,,מילקה שוקולד חלב 100,,100.00,100 גרם,false,,6.90,0.0690,true,1,158587
7622201808631,false,אוראו מיני עוגיות ממולאות קרם וניל 67גרם,דיפלומט מפיצים (1968) בעמ**,,אוראו מיני כוסות בטע,,67.00,100 גרם,false,,7.90,0.1179,true,1,164393
7622201813390,false,וופל במילוי קרם קקאו בציפוי שוקולד חלב,דיפלומט מפיצים (1968) בעמ**,,מילקה וואפל במילוי ק,,150.00,100 גרם,false,,10.90,0.0727,true,1,145951
7622210137234,false,אוראו עוגיות עם דאבל קרם בטעם וניל 170ג,דיפלומט מפיצים (1968) בעמ**,,עוגיות סנדביץ אוראו,,170.00,100 גרם,false,,8.90,0.0524,true,1,5134
7622210453327,false,עוגיות שוקוצ'יפס במילוי שוקולד סנסיישן,דיפלומט מפיצים (1968) בעמ**,,מילקה סנסיישן 156 גר,,156.00,100 גרם,false,,10.90,0.0699,true,1,5138
7622210637994,false,מיני עוגיות אוראו קראנצ'י בייטס אורגינל,דיפלומט מפיצים (1968) בעמ**,,קראנצ'י בייטס אוראו,,110.00,100 גרם,false,,7.90,0.0718,true,1,194325
7622300489434,false,"עוגיות אוראו פאדג' בציפוי שוקולד חלב, 246 גרם",דיפלומט מפיצים (1968) בעמ**,,אוראו פאג שוקולד חלב,,246.00,100 גרם,false,,15.90,0.0646,true,1,5164
7622300503079,false,עוגיות ביסקוויט מצופה שוקולד חלב מילקה 200 גרם,דיפלומט מפיצים (1968) בעמ**,,מילקה מוו - ביסקוויט,,200.00,100 גרם,false,,10.90,0.0545,true,1,5167
7622300617820,false,מילקה שוקולד חלב במילוי קרם חלב ווניל ושבבי עוגיות אוראו 100 גרם,מנדלז דויצ'\לנד סנקס פרו,,מילקה שוקולד אוראו 1,,100.00,100 גרם,false,,6.90,0.0690,true,1,5168
7630311507016,false,קפסולות קפה סטארבקס סאני דיי 12*57גר`,קבוצת אוסם סחר שותפות מוגבלת,,סטארבקס קפסולות סאני,,57.00,100 גרם,false,,21.90,0.3842,true,1,275276
7630477891592,false,סטארבקס קפסולות קפה האוס בלנד 10 יחידות,קבוצת אוסם סחר שותפות מוגבלת,,קפסולות האוס בלנד סט,,57.00,100 גרם,false,,21.90,0.3842,true,1,98986
7630477891615,false,סטארבקס קפסולות קפה סומטרה 10 יחידות,קבוצת אוסם סחר שותפות מוגבלת,,סטארבקס קפסולות סומט,,55.00,100 גרם,false,,21.90,0.3982,true,1,89885
7630477891677,false,סטארבקס קפסולות קפה פייק פלייס 10 יחידות,קבוצת אוסם סחר שותפות מוגבלת,,קפס' פייק פלייס סטאר,,53.00,100 גרם,false,,21.90,0.4132,true,1,98987
7630477891691,false,סטארבקס קפסולות קפה קולמביה 10 יחידות,קבוצת אוסם סחר שותפות מוגבלת,,סטארבקס קפסולות קולו,,57.00,100 גרם,false,,21.90,0.3842,true,1,89888
7630477891714,false,סטארבקס קפסולות קפה אספרסו 10 יחידות,קבוצת אוסם סחר שותפות מוגבלת,,קפסולות אספרסו סטארב,,57.00,100 גרם,false,,21.90,0.3842,true,1,98988
7702018980826,false,"גילט ג'ל גילוח טורקיז 200 מ""ל- להגנה",ג'ילט,,ג'ל גילוח GILLETTE S,,200.00,"100 מ""ל",false,,14.90,0.0745,true,1,18081
7702018980833,false,"ג'ילט ג'ל גילוח סירייס מועשר בלחות - 200 מ""ל",דיפלומט מפיצים 1968 בעמ,,ג'ל גילוח סירייס מעו,,200.00,"100 מ""ל",false,,14.90,0.0745,true,1,27392
7790040423022,false,עוגיית אלפחורס בונבון במיולי קרם בוטנים 19.5 גר',לירון קרביץ יבוא שיווק וסחר,,בון בון סנדוויץ אלפח,,19.50,100 גרם,false,,1.90,0.0974,true,1,267802
7891024124826,false,"משחת שיניים קולגייט אופטייק וויט 75 מ""ל",הנסיך- מפעל לייצור ט,,מש.שיניים אופטיק ווי,,75.00,"100 מ""ל",false,,19.90,0.2653,true,1,21884
8000215204240,false,משקה אורז ושקדים ביו אורגני ויטאריז 1 לי,בטר אנד דיפרנט,,משקה שקדים ואורז אור,ליטרים,1.00,ליטר,false,,12.90,12.9000,true,1,96640
8000215204653,false,משקה סויה ויטאסי 1 ליטר,בטר אנד דיפרנט,,משקה סויה 1 ליטר -,ליטרים,1.00,ליטר,false,,11.90,11.9000,true,1,96625
8000380003723,false,וופלים גרנד פטיסרי במילוי קרם אגוזים 100,קריניציה ויטמינה אס,,גרנד פטיסרי ופל אגוז,,100.00,100 גרם,false,,11.90,0.1190,true,1,12845
8000380004911,false,קוביות וופל קואדרטיני Quadratini קרם אגוזים,קריניציה ויטמינה אס,,וופל קואדרטיני אגוז,,250.00,100 גרם,false,,13.90,0.0556,true,1,12853
8000380007257,false,וופל גרדנה במילוי קרם אגוזים מצופה,קריניציה ויטמינה אס,,.וופל מצופה שוקולד ג,,200.00,100 גרם,false,,13.90,0.0695,true,1,12864
8000380144044,false,גרדנה וופל מצופה שוקולד חלב לואקר 200 גרם,ליימן שליסל בע`מ,,וופל גרדנה שוקולד 20,,200.00,100 גרם,false,,13.90,0.0695,true,1,12871
8000380180745,false,וופל קוביות קקאו במילוי קרם חלב לואקר 250 גרם,"א. לואקר, קונפקט ג'י",,וופל קואדרטיני לואקר,,250.00,100 גרם,false,,13.90,0.0556,true,1,12895
8000380192243,false,וופלים מלבנים פריכיים בטעם אגוז 200 גר`,ליימן שליסל בע`מ,,וופל לואקר מקסי אגוז,,200.00,100 גרם,false,,12.90,0.0645,true,1,12904
8000380207183,false,שוקולד לואקר טורטינה חמאת בוטנים 126 גר,ליימן שליסל בע`מ,,טורטינה 1/6 חמאת בוט,,126.00,100 גרם,false,,16.90,0.1341,true,1,280492
8000500026731,false,ביצי שוקולד קינדר מארז 3 יח סופרייז,פרימיום-חברה לדברי מתיקה ולמסח,,קינדר ביצי שוקולד 3*,,60.00,100 גרם,false,,14.90,0.2483,true,1,41488
8000500029350,false,מארז וופל מצופה 3יח' *43 גרם קינדר בואנו,פרימיום-חברה לדברי מתיקה ולמסח,,קינדר בואנו 3*43 גרם,,129.00,100 גרם,false,,9.90,0.0767,true,1,41489
8000500071083,false,אצבעות שוקולד קינדר Kinder שש עשרה יחידות,פרימיום-חברה לדברי מתיקה ולמסח,,קינדר אצבעות שוקולד,,200.00,100 גרם,false,,12.50,0.0625,true,1,41494
8000500121436,false,מארז קינדר בואנו Kinder Bueno לבן שלוש יחידות,פרימיום חברה לדברי מתיקה ולמסח,,קינדר בואנו לבן 3*43,,117.00,100 גרם,false,,9.90,0.0846,true,1,41498
8000500227848,false,נוטלה - בי רדי אצבעות ביסקוויט במילוי שוקולד 6 יח' * 22 גרם,פרימיום-חברה לדברי מתיקה ולמסח,,'וופל מלוח במילוי ממ,,132.00,100 גרם,false,,11.90,0.0902,true,1,41513
8000500249352,false,קינדר בואנו מיני מיקס שקית 205 ג',פרימיום-חברה לדברי מתיקה ולמסח,,קינדר בואנו מיני מיק,יחידה,0.00,יחידה,false,,18.90,0.0000,true,1,41521
8000500256213,false,קינדר שוקולד חלב במילוי קרם חלבי,פרימיום-חברה לדברי מתיקה ולמסח,,פרר-קינדר שוקולד מינ,,120.00,100 גרם,false,,9.90,0.0825,true,1,41523
8000500267103,false,קינדר דליס עוגת ספוג קקאו במילוי חלבי*10,פרימיום חברה לדברי מתיקה ולמסח,,פררו-קינדר דליס עשיר,יחידה,0.00,יחידה,false,,19.90,0.0000,true,1,41527
8000500269169,false,קינדר קארדס Kinder Cards - חמישייה,פרימיום-חברה לדברי מתיקה ולמסח,,קינדר קארדס 128 גרם,,128.00,100 גרם,false,,12.90,0.1008,true,1,102371
8001090222725,false,"הרבל אסנסס - שמפו שמן מורינגה 400 מ""ל",דיפלומט מפיצים (1968) בעמ,,שמפו שמן מורינגה הרב,,400.00,"100 מ""ל",false,,14.90,0.0373,true,1,27416
8001090379399,false,פמפרס פרימיום קר חיתולים שלב 5 30 יח VP,דיפלומט מפיצים (1986) בע`מ,,חיתולי פמפרס פרימיום,יחידה,0.00,יחידה,false,,31.90,0.0000,true,1,27437
8001090832450,false,"שמפו פנטן הנוסחה הקלאסית 660 מ""ל",דיפלומט מפיצים (1986) בע`מ,,שמפו הנוסחה הקלאסית,,660.00,"100 מ""ל",false,,19.90,0.0302,true,1,64485
8001090832573,false,שמפו שמן לחות מוגברת 660 מל פנטן,דיפלומט מפיצים (1986) בע`מ,,שמפו לחות מוגברת פנט,,660.00,"100 מ""ל",false,,19.90,0.0302,true,1,64487
8001090832818,false,מרכך פנטן הנוסחה הקלאסית לשיער רגיל ומעורב,דיפלומט מפיצים (1986) בע`מ,,מרכך נוסחה קלאסית פנ,,660.00,"100 מ""ל",false,,19.90,0.0302,true,1,64488
8001090832856,false,"פנטן 660 מ""ל קונדישינר מרוקאי משקם",דיפלומט מפיצים (1986) בע`מ,,מרכך שמן מרוקאי משקם,,660.00,"100 מ""ל",false,,19.90,0.0302,true,1,64489
8001090891273,false,לנור כדוריות בושם בניחוח סחלב 210 גרם,דיפלומט מפיצים (1968) בעמ,,לנור כדוריות הבושם ב,,210.00,100 גרם,false,,27.90,0.1329,true,1,90770
8001090899224,false,תחבושות אולוויז פלטינום לונג 20 יחידות,דיפלומט מפיצים (1986) בע`מ,,תחבושות פלטינום לונג,יחידה,0.00,יחידה,false,,18.50,0.0000,true,1,27501
8001090899255,false,תחבושות אולוויז פלטינום לילה 16 יחידות,דיפלומט מפיצים (1986) בע`מ,,תחבושות פלטינום לילה,יחידה,0.00,יחידה,false,,18.50,0.0000,true,1,27502
8001620011935,false,"סן בנדטו- מים מינרלים מוגז - מארז שישיית 500 מ""ל",אקווה מינרלה סאן בנד,,סאן בנדטו מוגז 6*500,ליטרים,3.00,ליטר,false,,11.90,3.9667,true,1,9562
8001620018408,false,"משקה פירות בטעם מנגו תפוח 400 מ""ל פרוטה",אקווה מינרלה סאן בנדטו ב,,סן בנדטו מנגו תפוח פ,,400.00,"100 מ""ל",false,,7.50,0.0188,true,1,218719
8001841006710,false,לנור כדוריות הבושם בניחוח רענן ( 210 גר`,דיפלומט מפיצים (1968) בעמ,,לנור כדוריות הבושם ב,,210.00,100 גרם,false,,27.90,0.1329,true,1,90783
8001841625461,false,סבון כלים פלטינום X3 פעולות להסרת שומנים,דיפלומט מפיצים (1986) בע`מ,,פיירי נוזל כלים פלטי,,515.00,"100 מ""ל",false,,9.90,0.0192,true,1,68187
8001841625508,false,"נוזל כלים פיירי פלטינום אורגינל 1.015 ליטר בד""צ",דיפלומט מפיצים (1968) בעמ,,פיירי נוזל כלים פלטי,ליטרים,1.01,ליטר,false,,13.90,13.7624,true,1,68201
8001841663654,false,"פיירי נוזל כלים אקסטרה 650 מ""ל - צהוב",פרוקטר אנד גמבל,,פיירי נוזל כלים 650,,650.00,"100 מ""ל",false,,9.90,0.0152,true,1,299578
8001841715957,false,"ג'ל רחצה ושמפו ניקוי אינטנסיסי האד אנד שולדרס 360 מ""ל",דיפלומט מפיצים (1968) בעמ,,ג'ל רחצה ושמפו ניקוי,,360.00,"100 מ""ל",false,,16.90,0.0469,true,1,185957
8001841943961,false,לנור כדוריות בושם בניחוח אוקיינוס 210 גר,דיפלומט מפיצים (1968) בעמ,,לנור כדוריות הבושם ב,,210.00,100 גרם,false,,27.90,0.1329,true,1,90785
8002270866524,false,סן פלגרינו מים מינרליים טבעיים מוגזים,פארייפאבה אגרואינדוס,,סאן פלנגרינו מים מינ,ליטרים,1.00,ליטר,false,,8.90,8.9000,true,1,9572
8002910043476,false,ויט רצועות שעווה מוכנות לקו הביקיני 12 יחידות,רקיט בנקיזר (ניר איסט) בעמ,,רצועות שעווה לבית הש,יחידה,0.00,יחידה,false,,30.90,0.0000,true,1,21104
8003340091280,false,לינדט לינדור בונבוניירה 60% מוצקי קקאו 200 גרם,לינדט ושפרונגלי קילשברג,,בונבוניירות לינדור 6,,200.00,100 גרם,false,,22.90,0.1145,true,1,13853
8004030022010,false,ירקות גינה עם טונה ריו מרה אינסלטיסימי 160 ג',"בולטון אלימנטרי בע""\מ",,טונה וירקות גינה ריו,,160.00,100 גרם,false,,16.90,0.1056,true,1,21892
8004030845046,false,טונה עם ירקות בתוספת עם אורז ריו מרה אינסלטיסימי 160 ג',בולטון אלימנטרי,,אינסלטיסימי אורז עם,,160.00,100 גרם,false,,16.90,0.1056,true,1,21905
8004030860001,false,ירקות עם קוקוס וטונה ריו מרה אינסלטיסימי 160 ג',"בולטון אלימנטרי בע""\מ",,קוסקוס וטונה ריו מרה,,160.00,100 גרם,false,,16.90,0.1056,true,1,21906
8005110060007,false,עגבניות מקולפות 400 גרם MUTTI,רסטרטו יבוא ושיווק בעמ,,עגבניות MUTTI מקולפו,,400.00,100 גרם,false,,6.90,0.0173,true,1,51761
8005110170300,false,עגבניות מרוסקות חתוכות מוטי MUTTI שלישיה *400,רסטרטו יבוא ושיווק בעמ*אין החז,,עגבניות MUTTI מרוסקו,קילוגרמים,1.20,"ק""ג",false,,16.90,14.0833,true,1,51762
8005803010357,false,גריסיני קלאסי - מקלות אפויים עם שמן זית ומלח,ליימן שליסל בע`מ,,גריסיני בטעם קלאסי 1,,125.00,100 גרם,false,,8.50,0.0680,true,1,12911
8005803010371,false,"גריסיני רוזמרין - מקלות אפויים עם שמן זית, מלח ורוזמרין",ליימן שליסל בע`מ,,גריסיני עם רוזמרין 1,,125.00,100 גרם,false,,8.50,0.0680,true,1,12912
8005803010661,false,"מקלות אפויים עם שמן זית, מלח, ושומשום, 125 גרם, אמור די פאן","הוסטה איטליה, ס.ר.ל.",,גריסיני עם שומשום 12,,125.00,100 גרם,false,,8.50,0.0680,true,1,12914
8006227001389,false,סמנצאטו – לחם מחמצת עם שמן זית ללא קשה 1400 גרם,רו. מאר ס.ר.ל,,לחם מחמצת קמח מלא עם,,400.00,100 גרם,false,,18.90,0.0472,true,1,284548
8006540112854,false,"מרכך כביסה מרוכז בניחוח סחלב לנור 900 מ""ל",דיפלומט מפיצים (1986) בע`מ,,לנור מרכך מרוכז בניח,,900.00,"100 מ""ל",false,,15.90,0.0177,true,1,134178
8006540491539,false,"נוזל כלים פיירי פלטינום אוריגינל 780 מ""ל",דיפלומט מפיצים (1986) בע`מ,,פיירי נוזל כלים פלטי,,780.00,"100 מ""ל",false,,12.90,0.0165,true,1,264419
8006540592434,false,אולוויז תחבושות נורמל 28 יח,פרוקטר & גמבל,,תחבושות אולוויז ירוק,,16.00,100 יח',false,,18.90,1.1812,true,1,296192
8008245004861,true,ממרח אגוזי לוז עם חל,,,ממרח אגוזי לוז עם חל,,300.00,100 גרם,false,,14.90,0.0497,true,1,109079
8008660210038,false,מעדן ריבה מנץ אנד גאססר תות שדה 300 גר,תה ויסוצקי (ישראל) בעמ,,מעדן תות שדה 300 גר`,,300.00,100 גרם,false,,16.90,0.0563,true,1,24865
8008912010317,false,פסטה פוזילי מס (31 500 גר`)ליגורי,תה ויסוצקי (ישראל) בעמ,,פסטה פוזלי מספר 31 -,,500.00,100 גרם,false,,7.90,0.0158,true,1,274991
8008912010331,false,"ליגורי פסטה ניוקי סרדי בצורת קונכיות, 500 גר'",תה ויסוצקי (ישראל)בעמ,,פסטה ניוקטי סרדי בצו,,500.00,100 גרם,false,,7.90,0.0158,true,1,327049
8008912010423,false,פסטה פנה ריגטה מס (42 500 גר`)ליגורי,תה ויסוצקי (ישראל) בעמ,,פסטה פנה ריגטה מספר,,500.00,100 גרם,false,,7.90,0.0158,true,1,274992
8017938005122,false,"נטורפוד חומץ תפוחים אורגני 750 מ""ל",מריה לוצ'יה מלצ'יורי,,חומץ תפוחים אורגני 7,,750.00,"100 מ""ל",false,,18.90,0.0252,true,1,96518
8023788030627,false,שוקולד מריר מעולה 3,,,שוקולד מריר מעולה 3,,300.00,100 גרם,false,,17.90,0.0597,true,1,293032
8023788030658,false,עוגיות מלוחות בטעם ט,,,עוגיות מלוחות בטעם ט,,400.00,100 גרם,false,,12.90,0.0323,true,1,326043
8023788030665,false,עוגיות מלוחות בטעם ב,,,עוגיות מלוחות בטעם ב,,400.00,100 גרם,false,,12.90,0.0323,true,1,326044
8023788030672,false,עוגיות מלוחות בתוספת,,,עוגיות מלוחות בתוספת,,400.00,100 גרם,false,,12.90,0.0323,true,1,326045
8024985000062,false,מחית תפוח אורגני 100% פרי 200 גר נטורה,"נטורפוד בע""מ",,נטורה נובה - מחית תפ,,200.00,100 גרם,false,,8.90,0.0445,true,1,96839
8024985000109,false,מחית אגס אורגנ 100% פרי 200 ג נטורה נובה,נטורה נובה,,נטורה נובה - מחית אג,,200.00,100 גרם,false,,8.90,0.0445,true,1,96841
8024985002783,false,מחית פירות סמוצ`י תפוח גזר דלעת ללא תוספ,נטורפוד בעמ,,נטורה נובה - סמוזי ג,,100.00,100 גרם,false,,4.90,0.0490,true,1,96820
8024985002950,false,מחית פירות סמוצ`י שזיף אורגנית נטורה נוב,נטורפוד בעמ,,נטורה נובה - סמוזי ש,,100.00,100 גרם,false,,4.90,0.0490,true,1,250543
8024985002967,false,מחית סמוצ`י בננה תרד נטורה נובה 100 גרם,נטורפוד בעמ,,נטורה נובה - סמוזי ב,,100.00,100 גרם,false,,4.90,0.0490,true,1,250486
8024985008044,false,מחית פירות סמוצ`י אגס אורגנית ללתס נטור,"נטורפוד בע""מ",,נטורה נובה - סמוזי א,,100.00,100 גרם,false,,4.90,0.0490,true,1,96825
8024985008051,false,מחית פירות סמוצ`י פירות אדומים אורגנית ל,"נטורפוד בע""מ",,נטורה נובה - סמוזי פ,,100.00,100 גרם,false,,4.90,0.0490,true,1,96826
8076800105056,false,"ברילה ספגטי 1 ק""ג קופסה",ש.שסטוביץ בעמ,,פסטה ספגטי בקופסה בר,קילוגרמים,1.00,"ק""ג",false,,12.90,12.9000,true,1,292039
8076800105735,false,"ברילה פנה ריגטה 1 ק""ג קופסה",ש.שסטוביץ בעמ,,פנה ריגטה בקופסה ברי,קילוגרמים,1.00,"ק""ג",false,,12.90,12.9000,true,1,292054
8076800195019,false,ברילה - צ.א ספגטי מס1 קפליני 500 גרם,ברילה גי.אי.אר פרטלי ס.פ,,ספגטי קפליני מס' 1 ב,,500.00,100 גרם,false,,6.90,0.0138,true,1,21909
8076800195033,false,ברילה - צ.א ספגטיני מס3 חדש 500 גרם,ברילה גי.אי.אר פרטלי ס.פ,,ספגטי מס' 3 ברילה 50,,500.00,100 גרם,false,,6.90,0.0138,true,1,21910
8076800195057,false,ברילה - צ.א ספגטי מס5 חדש 500 גרם,ברילה גי.אי.אר פרטלי ס.פ,,ספגטיני מס' 5 ברילה,,500.00,100 גרם,false,,6.90,0.0138,true,1,21911
8076800195132,false,ברילה - צ.א בבטה מס13 500 גרם,ברילה גי.אי.אר פרטלי ס.פ,,ספגטי בבטה מס' 13 בר,,500.00,100 גרם,false,,6.90,0.0138,true,1,21912
8076800315097,false,פסטה מקרוני בוקטיני מספר 9 ברילה 500 גרם,ברילה גי.אי.אר פרטלי ס.פ,,ספגטי בוקטיני מס' 9,,500.00,100 גרם,false,,6.90,0.0138,true,1,21913
8076802085738,false,ברילה - צ.ק פנה רגטה חדש 500 גרם,ברילה גי.אי.אר פרטלי ס.פ,,פנה רגטה מס' 73 בריל,,500.00,100 גרם,false,,6.90,0.0138,true,1,21916
8076802085981,false,ברילה - צ.ק פוזילי חדש 500 גרם,ברילה גי.אי.אר פרטלי ס.פ,,פסטה פוזילי 98 ברילה,,500.00,100 גרם,false,,6.90,0.0138,true,1,21919
8076808050440,false,פסטה מקרוני מספר 44 ברילה 500 גרם,ש. שסטוביץ בע`מ,,פסטה מקרוני מס' 44 ב,,500.00,100 גרם,false,,6.90,0.0138,true,1,21920
8076808060654,false,פסטה פרפלה מספר 65 ברילה 500 גרם,ברילה גי.אי.אר פרטלי ס.פ,,פסטה פרפלה 65 ברילה,,500.00,100 גרם,false,,6.90,0.0138,true,1,21921
8076808070882,false,קנלוני מספר 88 ברילה (250 גרם),פאסטיפיקו ריגו אס.אר,,קנלוני ברילה 250 גרם,,250.00,100 גרם,false,,14.90,0.0596,true,1,21922
8076808150072,false,ברילה - צ.א ספגטוני מס7 חדש 500 גרם,ברילה גי.אי.אר פרטלי ס.פ,,ספגטי מס' 7 ברילה 50,,500.00,100 גרם,false,,6.90,0.0138,true,1,21923
8076809512268,false,פסטה גירנדולה טורסדס מספר 34 ברילה 500 גרם,ברילה גי.אי.אר פרטלי ס.פ,,פסטה גירנדולה מס' 34,,500.00,100 גרם,false,,6.90,0.0138,true,1,21925
8076809513388,false,ברילה רוטב אראביאטה צילי לפסטה 400 ג,ברילה גי.אי.אר פרטלי ס.פ,,ברילה רוטב ארביאטה 4,,400.00,100 גרם,false,,14.90,0.0373,true,1,21926
8076809513395,false,ברילה פומודורו רוטב עגבניות קלאסי 400 גר,ברילה גי.אי.אר פרטלי ס.פ,,ברילה רוטב פורמודרו,,400.00,100 גרם,false,,14.90,0.0373,true,1,21927
8076809513654,false,בסיס רוטב עגבניות לבולונז 400 גרם ברילה,ברילה גי.אי.אר פרטלי ס.פ,,ברילה רוטב עגבניות ל,,400.00,100 גרם,false,,14.90,0.0373,true,1,21929
8076809513692,false,רוטב עגבניות נפולטנה בתוספת ירקות,ברילה גי.אי.אר פרטלי ס.פ,,ברילה רוטב נפוליטנה,,400.00,100 גרם,false,,14.90,0.0373,true,1,21930
8076809513739,false,ברילה רוטב עגבניות עם בזיליקום 400 גרם,ברילה גי.אי.אר פרטלי ס.פ,,ברילה רוטב בזיליקום,,400.00,100 גרם,false,,14.90,0.0373,true,1,21932
8076809529419,false,ספגטי מחיטה מלאה מס' 5 500 ג' ברילה,ברילה גי. אי. אר פרט,,ספגטי מחיטה מלאה ברי,,500.00,100 גרם,false,,14.90,0.0298,true,1,21941
8076809529433,false,פסטה פנה ריגטה חיטה מלאה ברילה (500 גרם),"ש. שסטוביץ בע""\מ",,פנה רגטה מחיטה מלאה,,500.00,100 גרם,false,,14.90,0.0298,true,1,21942
8076809545440,false,ספגטי מספר 5 ללא גלוטן ברילה (400 גרם),ברילה ג'.אי.אר פרטלי,,ברילה אטריות ללא גלו,,400.00,100 גרם,false,,14.90,0.0373,true,1,21945
8076809545464,false,ברילה פסטה ללא גלוטן צורת ספירלי 400 גר,מולינו אנדריאני אס.א,,ברילה ספירלי עב קמח,,400.00,100 גרם,false,,14.90,0.0373,true,1,21947
8076809578998,false,ברילה - צ.ק. סטלינה 500 גרם,ברילה גי. אי. אר פרטלי ס,,פסטה סטלינה מס' 27,,500.00,100 גרם,false,,6.90,0.0138,true,1,136382
8121300208780,false,טרוביה תחליף סוכר לכל מטרה 360 גרם,גורי ע.ע.ע. בעמ,,תחליף סוכר לכל מטרה,,360.00,100 גרם,false,,34.90,0.0969,true,1,313480
8410076600622,false,חטיפי גרנולה קראנצ'י עם שוקולד מריר נייצ'ר ואלי 210 גרם,ג'נרל מילס סאן אדריאן,,חטיף קראנצי שבבי שוק,,210.00,100 גרם,false,,19.50,0.0929,true,1,12924
8410076610379,false,"חטיף בוטנים, חלבון סויה ושוקולד מריר עם ציפוי בטעם שוקולד",נייצ'ר ואלי Nature Valley,,פרוטאין בוטנים ושבבי,,160.00,100 גרם,false,,22.90,0.1431,true,1,12931
8410076610386,false,נייטשר ואלי פרוטאין בוטנים עם ציפוי בטעם קרמל מלוח 160 ג',ג'\נרל מילס סאן אדריאן S,,נייטשר ואלי פרוטאין,,160.00,100 גרם,false,,22.90,0.1431,true,1,12932
8410076610508,false,"חטיף שיבולת שועל מלאה עם בוטנים, שקדים ושוקולד מריר בציפוי בטעם שוקולד",נייצ'ר ואלי Nature Valley,,חטיף צ'ואי שוקולד מר,,150.00,100 גרם,false,,16.90,0.1127,true,1,12934
8410076621009,false,עוגות אישיות בטעם קרמל עם חתיכות בטעם קרמל מלוח,ליימן שליסל בע`מ,,חטיף פייבר 1 בטעם קר,,120.00,100 גרם,false,,14.90,0.1242,true,1,101020
8410076621047,false,עוגות אישיות בטעם שוקולד עם חתיכות בטעם שוקולד,ליימן שליסל בע`מ,,חטיף פייבר 1 בטעם שו,,120.00,100 גרם,false,,14.90,0.1242,true,1,101021
8410104044916,false,אבקה למדיח כלים פיניש (2.7 קג),רקיט בנקיזר (ניר איסט) בעמ,,אבקה למדיח כלים פיני,קילוגרמים,2.70,"ק""ג",false,,43.90,16.2593,true,1,21109
8410104045111,false,"פיניש מלח למדיח כלים 2ק""ג",רקיט בנקיזר (ניר איסט) בעמ,,"פיניש מלח למדיח 2 ק""",קילוגרמים,2.00,"ק""ג",false,,14.90,7.4500,true,1,21110
8410128768324,false,משקה סויה שקדים קרטונית1 ל' ויוה סוי,טמפו משקאות בע`מ,,ויוה סוי שקדים קרטונ,ליטרים,1.00,ליטר,false,,11.90,11.9000,true,1,56882
8420822130624,false,"ספריי סופר מסיר כתמים 750מ""ל יעקבי","יעקב יעקבי ובניו בע""מ",,ספריי סופר מסיר כתמי,,750.00,"100 מ""ל",false,,18.90,0.0252,true,1,215340
8423207206488,false,סלים דליס חטיף דגנים מצופה שוקולד חלב מרבה 6*20 גרם,אף.סי תבליני בגליל ב,,סלים דליס חטיף דגנים,,120.00,100 גרם,false,,10.90,0.0908,true,1,21961
8423207206495,false,סלים דליס חטיף דגנים מצופה שוקולד מריר מרבה 6*20 גרם,אף.סי תבליני בגליל ב,,סלים דליס חטיף דגנים,,120.00,100 גרם,false,,10.90,0.0908,true,1,21962
8423207207362,false,חטיפי סלים דליס שוקולד לבן מרבה 6 יחידות,ביסנצ'ורי אס.אל.יו,,סלים דליס חטיף דגנים,,120.00,100 גרם,false,,10.90,0.0908,true,1,21965
8423207208680,false,חטיף דגנים שוקולד סלים דליס לילדים מרבה 6 יחידות,ביסנצ'ורי אס.אל.יו,,סלים דליס קידס בציפו,,121.00,100 גרם,false,,10.90,0.0901,true,1,21969
8423207208697,false,חטיפי סלים דליס לילדים שוקולד לבן מרבה 6 יחידות,ביסנצ'ורי אס.אל.יו,,סלים דליס קידס עוגיו,,120.00,100 גרם,false,,10.90,0.0908,true,1,21970
8423207208703,false,חטיפי סלים דליס שוקולד מריר מרבה 6 יחידות,ביסנצ'ורי אס.אל.יו,,סלים דליס אקסטרא חטי,,120.00,100 גרם,false,,10.90,0.0908,true,1,21971
8423207210928,false,חטיף דגנים מצופה שוקולד חלב ואגוזי לוז - 5 במארז,נוטרישן אנד סנטה קוב,,סלים דליס טופינג בטע,,90.00,100 גרם,false,,10.90,0.1211,true,1,78211
8423207210942,false,חטיף דגנים מצופה שוקולד לבן ופירות יער,נוטרישן אנד סנטה קוב,,סלים דליס טופינג פיר,,90.00,100 גרם,false,,10.90,0.1211,true,1,78212
8424842050016,false,צ'יפס בטעם כמהין 125 גרם רביו,א. סיימן סחר בעמ,,חטיף צ'יפס בטעם כמהי,,130.00,100 גרם,false,,12.90,0.0992,true,1,226601
8424842201340,false,צ'יפס בטעם מסורתי פרימיום 130 גרם רביו,א. סיימן סחר בעמ,,חטיף צ'יפס רביו 130,,130.00,100 גרם,false,,12.90,0.0992,true,1,226604
8435495805199,false,אבקת כביסה תינוקלין- 66 כביסות (3 קג),מולינו ניקולי s.p.a,,אבקת כביסה תינוקלין,קילוגרמים,3.00,"ק""ג",false,,40.90,13.6333,true,1,42135
8435495807605,false,תינוקלין מרכך כביסה היפואלרגני מרוכז 1 ליטר,מולינו ניקולי s.p.a,,תינוקלין מרכך כביסה,ליטרים,1.00,ליטר,false,,17.90,17.9000,true,1,42138
8435495807636,false,תינוקלין ג`ל כביסה בייבי סנסטיב היפואל,ליימן שליסל בע`מ,,תינוקלין ג'ל כביסה 2,ליטרים,2.00,ליטר,false,,35.90,17.9500,true,1,42139
8435495819363,false,תינוקלין - מרכך כביסה פרש & ג'נטל 1 ליטר,ליימן שליסל בע`מ,,תינוקלין מרכך כביסה,ליטרים,1.00,ליטר,false,,17.90,17.9000,true,1,171615
8445290427120,false,דגני פיטנס Fitness שוקולד מריר ובננה,קבוצת אוסם סחר שותפות מוגבלת,,פיטנס שוקולד מריר נה,,330.00,100 גרם,false,,19.90,0.0603,true,1,320361
8606109023609,false,"פרוויטה - מיץ תפוחי עץ ודובדבנים חמוצים 750 מ""ל",יורוסטנדרט בעמ,,מיץ פרוויטה תפוחי עץ,,750.00,"100 מ""ל",false,,12.20,0.0163,true,1,138712
8683130008355,false,מיונז שום לחיץ אמיתי הלמנס 400 גרם,יוניליוור ישראל שיווק בע`מ,,מיונז עם שום הלמנס 4,,400.00,100 גרם,false,,13.90,0.0348,true,1,320817
8683130025574,false,"מרכך כביסה מרוכז אקסטרה לבנדר בדין 960 מ""ל",יוניליוור ישראל שיווק בע`מ,,בדין אקסטרא לבנדר-96,,960.00,"100 מ""ל",false,,15.90,0.0166,true,1,263586
8683323063024,false,יוגטה שטיחים בטעם תותי פרוטי 220 גרם,ליימן שליסל בע`מ,,יוגטה חיספוסים שטיחי,,220.00,100 גרם,false,,6.90,0.0314,true,1,42146
8690504153740,false,גודייבה שוקולד מריר במילוי קרם גנאש 86 גרם,תה ויסוצקי (ישראל) בעמ,,טבלת שוקולד מריר עם,,86.00,100 גרם,false,,13.90,0.1616,true,1,24879
8690526009353,false,אי טי אי - מיני חטיף בוטנים נוגט קרמל מצופה שוקולד חלב 140 גרם,"GIDA ETI , טורקיה n\",,מיני חטיף בוטנים נוג,,140.00,100 גרם,false,,9.90,0.0707,true,1,95823
8690637073434,false,תה ארל גריי בטעם ברגמוט ללא שקית100ש,"יוניליוור ישראל שיווק בע""מ",,תה ליפטון ארל גריי 1,,200.00,100 גרם,false,,24.90,0.1245,true,1,10908
8690637505614,false,"מרכך כביסה אקסטרא פינוק קוקוס 960 מ""ל בדין",יוניליוור ישראל שיווק בע`מ,,מרכך כביסה מרוכז בדי,,960.00,"100 מ""ל",false,,15.90,0.0166,true,1,159539
8690637506956,false,"דאב שמפו נגד קשקשים אלוורה 600 מ""ל","יוניליוור ישראל שיווק בע""מ",,שמפו למניעת קשקשים ד,,600.00,"100 מ""ל",false,,16.90,0.0282,true,1,297420
8690637858734,false,ג'ל לניקוי כללי בתוספת אקונומיקה בניחוח לימון,"יוניליוור ישראל שיווק בע""מ",,סיף ג'ל אקונומיקה לי,,750.00,"100 מ""ל",false,,12.90,0.0172,true,1,10959
8690637858758,false,ג'ל לניקוי כללי בתוספת אקונומיקה בניחוח אורנים,יוניליוור ישראל שיווק בע`מ,,סיף ג'ל אקונומיקה או,,750.00,"100 מ""ל",false,,12.90,0.0172,true,1,10961
8690637871047,false,דאב שמפו בתוספת שמן קוקוס וכורכום 600 מל,"יוניליוור ישראל שיווק בע""מ",,שמפו עם שמן קוקוס וכ,,600.00,"100 מ""ל",false,,16.90,0.0282,true,1,10967
8690637916977,false,מרכך עם שמן קוקוס וכורכום למראה שיער משוקם,יוניליוור ישראל שיווק בעמ,,מרכך קוקוס וכרכום דא,,600.00,"100 מ""ל",false,,16.90,0.0282,true,1,232181
8690637946318,false,"מרכך כביסה בדין מרוכז אקסטרה בייבי טלק 960 מ""ל",יוניליוור ישראל שיווק בע`מ,,בדין אקסטרא בייבי צ,,960.00,"100 מ""ל",false,,15.90,0.0166,true,1,54075
8690637971310,false,"מרכך כביסה מרוכז אקסטרה בניחוח יערת הדבש בדין 960 מ""ל",יוניליוור ישראל שיווק בע`מ,,בדין אקסטרא פריחת הת,,960.00,"100 מ""ל",false,,15.90,0.0166,true,1,99001
8690637976995,false,"מרכך כביסה מרוכז אקסטרה ורוד סחלבים פראי בדין 960 מ""ל","יוניליוור ישראל שיווק בע""מ",,בדין אקסטרא ורוד- 96,,960.00,"100 מ""ל",false,,15.90,0.0166,true,1,98985
8690766156374,false,גודייבה שוקולד מריר מעולה 72% מוצקי קקאו 72גרם,תה ויסוצקי (ישראל) בעמ,,גודייבה שוקולד מריר,,90.00,100 גרם,false,,14.90,0.1656,true,1,71033
8690766156381,false,גודייבה שוקולד מריר 90% מוצקי קקאו 90 גרם,תה ויסוצקי (ישראל) בעמ,,גודייבה ש.מריר מעולה,,90.00,100 גרם,false,,14.90,0.1656,true,1,67253
8690766156404,false,שוקולד מריר מעולה גודייבה תפוז אדום 90 גרם,תה ויסוצקי (ישראל) בעמ,,גודייבה שוקולד מריר,,90.00,100 גרם,false,,14.90,0.1656,true,1,79788
8690777221405,false,פלפל אדום קלוי על האש 650 גר` ויליפוד,ג. וילי-פוד אינטרנשיונל בע`מ,,פלפל אדום קלוי על הא,,650.00,100 גרם,false,,10.90,0.0168,true,1,3301
8690784516440,false,דאק נוזל לניקוי מתקדם בניחוח לבנדה בודד 750מל,"אס.סי.ג'\ונסון מידרכט, ה",,דאק ג'ל נוזל לניקוי,,750.00,"100 מ""ל",false,,9.90,0.0132,true,1,6113
8690946270074,false,פסטה ספגטי 500 גרם B,,,פסטה ספגטי 500 גרם B,,500.00,100 גרם,false,,3.90,0.0078,true,1,327348
8690946270111,false,פסטה פוזלי 500 גרם B,,,פסטה פוזלי 500 גרם B,,500.00,100 גרם,false,,3.90,0.0078,true,1,327349
8690946270241,false,פסטה קונכיות גדולות,,,פסטה קונכיות גדולות,,500.00,100 גרם,false,,3.90,0.0078,true,1,327350
8690946272207,false,פסטה פנה 500 גרם BAH,,,פסטה פנה 500 גרם BAH,,500.00,100 גרם,false,,3.90,0.0078,true,1,327351
8690946272320,false,פסטה מקרוני 500 גרם,,,פסטה מקרוני 500 גרם,,500.00,100 גרם,false,,3.90,0.0078,true,1,327352
8691058141238,false,ערמונים שלמים קלויים וקלופים 100 גר` Ave,אבאל יזמות בעמ,,AVEL ערמונים שלמים ק,,100.00,100 גרם,false,,4.90,0.0490,true,1,48966
8693495052177,false,פלמוליב נטורלס תחליב רחצה זיתים 750 מל,קולגייט פלמוליב,,פלמוליב נטורלס תחליב,,750.00,"100 מ""ל",false,,19.90,0.0265,true,1,21990
8697826469092,false,טורטיה קטנה שקדיה 540 גרם 12 יחידות,דין שיווק וקליה 2021 בעמ,,טורטיה 540 גרם tort,,540.00,100 גרם,false,,8.90,0.0165,true,1,4959
8710502064814,false,עוגיות מרבה שוקולד ציפס במרקם רך 175 גר,בנקטבקריי מרבה בי.וי,,מרבה עוגיות שוקוציפס,,175.00,100 גרם,false,,7.90,0.0451,true,1,21997
8710502100864,false,מרבה פטיסרי עוגיות דאבל שוקולד 200 גרם,ש.שסטוביץ בעמ,,מרבה פטיסרי דאבל שוק,,200.00,100 גרם,false,,10.90,0.0545,true,1,295015
8710502139017,false,עוגיות טריפל שוקולד צ`יפס מרבה (180 גרם),בנקטבקריי מרבה בי.וי,,מרבה עוגיות טריפל שו,,180.00,100 גרם,false,,7.90,0.0439,true,1,21998
8710502231018,false,מרבה מיני עוגיות שוקולד צ'יפס 175 גרם,ש. שסטוביץ בע`מ,,מרבה עוגיות שוקולד צ,,175.00,100 גרם,false,,8.90,0.0509,true,1,110133
8710502470028,false,עוגיות שוקולד צ'יפס ממולאות בקרם נוגט,קריניציה ויטמינה אס,,מרבה עוגיות נוגטלי 1,,160.00,100 גרם,false,,7.90,0.0494,true,1,22006
8710800027573,false,סוכריות מיני בטעם פירות מנטוס 178 גרם,פרפטי ואן מלה ברדה,,מיני מנטוס שקית,,178.00,100 גרם,false,,12.90,0.0725,true,1,12948
8710908326691,false,"תחליב רחצה פרח האדמונית דאב 750 מ""ל",יוניליוור ישראל שיווק בע`מ,,תחליב רחצה אדמונית ד,,750.00,"100 מ""ל",false,,16.90,0.0225,true,1,11022
8710908404184,false,דאודורנט ספריי 0% אלומיניום אורגינל דאב,יוניליוור ישראל שיווק בע`מ,,דאודורנט ספריי 0% אל,,150.00,"100 מ""ל",false,,14.90,0.0993,true,1,317479
8711000371183,false,ג'ייקובס קפסולות קפה אספרסו אינטסו עוצמה 10,ג'ייקובס דאו אגברטס צרפת,,ג'ייקובס קפסולות קפה,,52.00,100 גרם,false,,15.90,0.3058,true,1,5189
8712100441639,false,"חומץ בלסמי ממודנה 500מ""ל",א. סיימן סחר בעמ,,חומץ בלסמי ממודנה 50,,500.00,"100 מ""ל",false,,44.90,0.0898,true,1,291965
8712400802499,false,תרכובת מזון המשך לפעוטות על בסיס חלב שלב 1,דיפלומט מפיצים (1968) בעמ**,,נוטרילון שלב 1- 800,,800.00,100 גרם,false,,64.90,0.0811,true,1,5212
8712400802512,false,תרכובת מזון המשך לפעוטות על בסיס חלב שלב 2,דיפלומט מפיצים (1968) בעמ**,,נוטרילון שלב 2- 800,,800.00,100 גרם,false,,64.90,0.0811,true,1,5214
8712561594608,false,"דאב תחליב רחיצה להזנה עמוקה 750 מ""ל",יוניליוור ישראל שיווק בע`מ,,תחליב רחצה להזנה עמו,,750.00,"100 מ""ל",false,,16.90,0.0225,true,1,11066
8712561626286,false,תחליב רחצה זוהר כמשי דאב (750 מל),יוניליוור ישראל שיווק בע`מ,,תחליב רחצה זוהר כמשי,,750.00,"100 מ""ל",false,,16.90,0.0225,true,1,11070
8714599410530,false,קפה ג`ייקובס קרוננג מיובש בהקפאה 200 ג,דיפלומט מפיצים (1968) בעמ**,,גייקובס קפה נמס 200ג,,200.00,100 גרם,false,,19.90,0.0995,true,1,5196
8714599513781,false,"קפה נמס מיובש בהקפאה זהב צנצנת ג'ייקובס 200 גרם לל""ס",דיפלומט מפיצים (1968) בעמ**,,קפה ג'יקובס גולד 200,,200.00,100 גרם,false,,26.90,0.1345,true,1,5200
8714599513866,false,"קפה נמס מיובש בהקפאה קרונג צנצנת ג'ייקובס 200 גרם לל""ס",דיפלומט מפיצים (1968) בעמ**,,קפה ג'יקובס קרונונג,,200.00,100 גרם,false,,26.90,0.1345,true,1,5203
8714789177229,false,רבעיית מברשות שיניים קולגייט אקסטרה קלין 1 יחידה,הנסיך- מפעל לייצור ט,,מב.שיניים אקסטרא קלי,יחידה,0.00,יחידה,false,,9.90,0.0000,true,1,22012
8714789218465,false,מברשת שיניים 360 סופט קולגייט 2 יחידות,הנסיך- מפעל לייצור ט,,זוג מברשות שיניים 36,יחידה,0.00,יחידה,false,,24.90,0.0000,true,1,22016
8714789402918,false,נוזל לניקוי כללי ורצפות בניחוח פרחי בר אג'קס 1.5 ליטר,הנסיך- מפעל לייצור ט,,חגיגת הפרחים אדום אג,ליטרים,1.50,ליטר,false,,19.90,13.2667,true,1,22021
8714789402970,false,נוזל לניקוי כללי ורצפות בניחוח פרחי אביב אגק'ס 1.5 ליטר,הנסיך- מפעל לייצור ט,,אג'קס חגיגת הפרחים י,ליטרים,1.50,ליטר,false,,19.90,13.2667,true,1,22023
8714789450315,false,פלמוליב כלים שקוף לימון 1.5 ליטר,הנסיך- מפעל לייצור ט,,פלמוליב שקוף לימון 1,ליטרים,1.50,ליטר,false,,15.90,10.6000,true,1,22025
8714789582764,false,אג'קס ספריי לניקוי חלונות ומשטחים,הנסיך- מפעל לייצור ט,,אגקס חלונות 750מל,,750.00,"100 מ""ל",false,,14.90,0.0199,true,1,22031
8714789797786,false,"פלמוליב נוזל לניקוי כלים גריז בלסטר 750 מ""ל",יבואן ומשווק: ש. שסט,,פלמוליב לכלים 4ב1 כ,,750.00,"100 מ""ל",false,,11.90,0.0159,true,1,22038
8715700110141,false,מיונז קרמי היינץ צנצנת 460ג',דיפלומט מפיצים (1968) בעמ**,,מיונז היינץ אמיתי צנ,,460.00,100 גרם,false,,9.90,0.0215,true,1,5408
8715700110158,false,היינץ ממרח במרקם קרמי צנצנת 490 גרם,דיפלומט מפיצים (1968) בעמ**,,מיונז היינץ לייט צנצ,,490.00,100 גרם,false,,9.90,0.0202,true,1,5409
8715700419732,false,מתבל עגבניות היינץ (700 גרם),דיפלומט מפיצים (1968) בעמ**,,היינץ קטשופ 700 גרם,,700.00,100 גרם,false,,9.90,0.0141,true,1,5416
8715700423906,false,היינץ מתבל עגבניות מופחת סוכר ומלח 50/50 550 גרם,דיפלומט מפיצים (1968) בעמ**,,מתבל עגבניות היינץ 2,,555.00,100 גרם,false,,10.90,0.0196,true,1,5424
8717163647196,false,אקס דאודורנט בודי ספריי אנרכי לאשה,יוניליוור ישראל שיווק בע`מ,,אקס דאודורנט ספריי א,,150.00,"100 מ""ל",false,,12.90,0.0860,true,1,11098
8717163647226,false,"אקס דאודורנט ספריי גוף בלאק 150 מ""ל","יוניליוור ישראל שיווק בע""מ",,ספריי גוף בלאק אקס 1,,150.00,"100 מ""ל",false,,12.90,0.0860,true,1,11101
8717163647233,false,"אקס דאודורנט ספריי גוף בלאק נייט 150 מ""ל",יוניליוור ישראל שיווק בע`מ,,ספריי גוף בלאק נייט,,150.00,"100 מ""ל",false,,12.90,0.0860,true,1,11102
8718114734484,false,ממרח מיוני מיילי 320 גרם,א. סיימן סחר בעמ,,מיונז מיילי 320 גרם,,320.00,100 גרם,false,,13.90,0.0434,true,1,17252
8718692610835,false,שלישית בקבוקי סודה סטרים פיוז 1 ליטר,סודה סטרים,,בקבוק 1 ליטר שלישיה,ליטרים,1.00,ליטר,false,,59.90,59.9000,true,1,17544
8718951001589,false,מסיר שומנים למטבח ספריי אג`קס (600 מל)-,הנסיך- מפעל לייצור ט,,אג'קס ספריי ירוק מסי,,600.00,"100 מ""ל",false,,9.90,0.0165,true,1,22054
8718951030206,false,"קולגייט סנסיטיב פרוטקשן משחת שיניים לשיניים רגישות 75 מ""ל",קולגייט-פלמוליב,,משחת קולגייט סנסטיב,,75.00,"100 מ""ל",false,,17.90,0.2387,true,1,60692
8718951093331,false,מרידול זוג מברשות שיניים אקסטרה סופט,קולגייט פלמוליב,,מברשת שיניים מרידול,יחידה,0.00,יחידה,false,,35.90,0.0000,true,1,22065
8718951236790,false,"קולגייט טוטאל משחת שיניים קלין מינט לפה בריא 100 מ""ל",קולגייט פלמוליב,,משחת שיניים קלין מינ,,100.00,"100 מ""ל",false,,16.90,0.1690,true,1,22093
8718951236806,false,"קולגייט טוטאל הלבנה משחת שיניים המסייעת בהסרת כתמים 100 מ""ל",ש. שסטוביץ בע`מ,,מש.שיניים להלבנה קול,,100.00,"100 מ""ל",false,,16.90,0.1690,true,1,22094
8718951240742,false,"קולגייט טוטאל משחת שיניים פסים מרעננים 100 מ""ל",איינשטיין-צור יבוא-יצוא וסחר ב,,מש.שיניים פסים מרעננ,,128.00,100 גרם,false,,16.90,0.1320,true,1,22096
8718951315303,false,"קולגייט אדומה משחת שיניים להגנה מפני עששת 2*100 מ""ל",קולגייט-פלמוליב,,משחת שיניים קולגייט,,200.00,"100 מ""ל",false,,19.90,0.0995,true,1,76951
8718951334120,false,"מרכך כביסה סופלין מרוכז לבנדר 650 מ""ל",ש.שסטוביץ בעמ,,סופלין מרכך כביסה מר,,650.00,"100 מ""ל",false,,11.90,0.0183,true,1,60577
8718951335066,false,מרכך כביסה סופלין מרוכז ורדים 1.3 ל,ש.שסטוביץ בעמ,,סופלין מרכך כביסה מר,ליטרים,1.30,ליטר,false,,14.90,11.4615,true,1,60563
8718951370135,false,"סבון נוזלי ארומה סנסיישן גלואו 750 מ""ל פלמוליב",קולגייט פלמוליב,,פלמוליב ג'ל רחצה ארו,,750.00,"100 מ""ל",false,,19.90,0.0265,true,1,164877
8718951431614,false,"סבון רחצה פלמוליב סו פירם מינרלים משאבה 750 מ""ל",קולגייט פלמוליב,,ג'ל רחצה פלמוליב So,,750.00,"100 מ""ל",false,,19.90,0.0265,true,1,181536
8718951509627,false,"קולגייט אופטיק וייט לאוהבי קפה ותה משחת שיניים 75 מ""ל",קולגייט פלמוליב,,קולגייט וואייט להסרת,יחידה,0.00,יחידה,false,,27.90,0.0000,true,1,261303
8719200998001,false,מרגרינה לאפיה ובישול בלי מלח 200 ג' בלו בנד,יוניליוור ישראל מזון בע\,,בלו בנד ללא מלח 200,,200.00,100 גרם,false,,4.90,0.0245,true,1,11123
8719200998018,false,מחמאה מרגרינה בטעם חמאה בלובנד 200 גרם,"מיוצר ע""\י יוניליוור ישר",,מחמאה מרגרינה בטעם ח,,200.00,100 גרם,false,,4.90,0.0245,true,1,11124
8719200998049,false,"מרגרינה מזולה גלורי רגיל 250גר 8 יחידות -כשל""פ","מיוצר ע""\י יוניליוור ישר",,מזולה בטעם טבעי 250,,250.00,100 גרם,false,,9.90,0.0396,true,1,11127
8720181114458,false,אקס דאו ספריי לאישה 150 מל(יבוא מקביל,איינשטיין-צור יבוא-יצוא וסחר ב,,דאורדורנט ספריי אקס,,150.00,"100 מ""ל",false,,10.90,0.0727,true,1,273727
8720181123955,false,"אקס - ג'ל רחצה ריצארג קריד 400 מ""ל",יוניליוור ישראל שיווק בעמ,,אקס ג'ל רחצה ריצ'ארג,,400.00,"100 מ""ל",false,,11.90,0.0298,true,1,317463
8720181201332,false,דאב אל סבון מוצק גרגרים 90 גרם רביעייה,יוניליוור ישראל טיפוח אי,,סבון מוצק גרגירים דא,,400.00,100 גרם,false,,12.90,0.0323,true,1,280982
8720182253156,false,דאב אל סבון מוצק מלפפונים 90 גרם רביעייה,יוניליוור ישראל טיפוח אי,,סבון מוצק מלפפון ות,,400.00,100 גרם,false,,12.90,0.0323,true,1,280983
8722700197508,false,"גלייז חומץ בלסמי 250מ""ל",א. סיימן סחר בעמ,,גלייז חומץ בלסמי 250,,250.00,"100 מ""ל",false,,43.90,0.1756,true,1,291950
8723400756552,false,מארז סוכריות מנטוס Mentos ריינבואו,פרפטי ואן מלה ברדה,,RAINBOW רביעית סוכרי,,150.00,100 גרם,false,,10.90,0.0727,true,1,12953
8801055707966,false,קפה טייסטרס צ`ויס בריסטה נסקפה (180 גרם),קבוצת אוסם סחר שותפות מוגבלת,,נס קפה טייסטרס צ'ויס,,180.00,100 גרם,false,,29.90,0.1661,true,1,19583
8801055709427,false,נס קפה טייסטרס צ'ויס אלטה ריקה 100גרם,קבוצת אוסם סחר שותפות מוגבלת,,נסקפה טייסטרס צ'ויס,,100.00,100 גרם,false,,23.90,0.2390,true,1,194392
8801055709489,false,אבקה להכנת משקה קפה בטעם קפוצ'ינו אגוזים,קבוצת אוסם סחר שותפות מוגבלת,,נסקפה קפוצ'ינו אגוזי,,185.00,100 גרם,false,,18.90,0.1022,true,1,239752
8809168840471,false,חטיף אצות מיובשות 9יח 4.5גרם.,מזרח ומערב יבוא ושיווק,,חטיף אצות מיובשות 9,,4.50,100 גרם,false,,24.90,5.5333,true,1,252586
8850367992164,false,קרם קוקוס 250 מל 20-22% ללא חומר משמר,מזרח ומערב יבוא ושיווק,,קרם קוקוס ללא גלוטן,,250.00,100 גרם,false,,7.90,0.0316,true,1,47606
8850389105832,false,סאפה משקה אלוורה בטעם תפוח עם קוביות אלוורה 1 ליטר,סאפה פובליק קומפני לימיט,,סאפה משקה אלוורה תפו,ליטרים,1.00,ליטר,false,,13.50,13.5000,true,1,39459
8850632604266,false,"יוגטה, ממתק חמוץ בצורת מקלות בטעם קולה, 50 גרם",ליימן שליסל בע`מ,,יוגטה חיספוסים מקלות,,50.00,100 גרם,false,,3.90,0.0780,true,1,42195
8850632604402,false,יוגטה חיספוסים בטעם מעורב תות שדה אבטיח ענבים בננה 50 גרם,ליימן שליסל בע`מ,,יוגטה ממתק תות ענבים,,50.00,100 גרם,false,,3.90,0.0780,true,1,42197
8851613101378,false,"נוזל קוקוס ארוי די 250 מ""ל",גורי מוצרי צריכה (1991) בעמ,,משקה קוקוס ארוי-די,,250.00,"100 מ""ל",false,,9.90,0.0396,true,1,3745
8858271002887,false,רוטב טריאקי 250 מ'ל - מקסצ'אפ,מזרח ומערב יבוא ושיווק,,רוטב טריאקי MAXCHUP,,250.00,"100 מ""ל",false,,10.90,0.0436,true,1,47620
8858271003020,false,רוטב סויה פורמולה 1 - 700 מ'ל מקסצ'אפ,מזרח ומערב יבוא ושיווק,,רוטב סויה MAXCHUP מז,,700.00,"100 מ""ל",false,,14.90,0.0213,true,1,47621
8888021200256,false,סוללות אנרג'ייזר AA מקס 8 יחידות,יצרן: אנרג'ייזר סינג,,AAאנרג'ייזר סוללות מ,יחידה,0.00,יחידה,false,,24.90,0.0000,true,1,6140
8888021200720,false,סוללות אנרג'ייזר AAA מקס 8 יחידות,יצרן: אנרג'ייזר סינג,,AAAאנרג'ייזר סוללות,יחידה,0.00,יחידה,false,,24.90,0.0000,true,1,6141
8901314532022,false,מברשת שיניים קולגייט זיג זג פחם 4 יח`,פארמה דיל (פ.א.ב.) שיווק והפצה,,רביעיית מברשת שיניים,יחידה,0.00,יחידה,false,,14.90,0.0000,true,1,234763
8901537024014,false,"אורז בסמטי מובחר 1 ק""ג - דוואט) יורה דיעה",ג. וילי-פוד אינטרנשיונל בע`מ,,וילי פוד אורז בסמטי,,1000.00,100 גרם,false,,12.90,0.0129,true,1,3315
8934878081811,false,"דפי אורז 22 ס""מ 400 גר'(Trav) ללא גלוטן",מזרח ומערב יבוא ושיווק,,דפים על בסיס קמח טפי,,400.00,100 גרם,false,,11.90,0.0298,true,1,47636
9000101511635,false,קפסולות ג'ל לכביסה פרסיל דיסקס לעור רגיש,פרסיל Persil,,פרסיל דיסקס סנסיטיב,,22.00,יח',false,,34.90,1.5864,true,1,270582
9000101537550,false,פרסיל קאפסולות לכביסה לבנה וצבעונית 52 יח',גורי שיווק בעמ,,פרסיל פאוור קאפס קפס,יחידה,0.00,יחידה,false,,58.90,0.0000,true,1,266127
9002859036644,false,גונץ-שוק' חלב 100 גר' עם ק.טירמיסו 1/16(84479),,,גונץ שוקולד עם ק. טר,,100.00,100 גרם,false,,9.90,0.0990,true,1,288084
9002859042522,false,שוקולד חלב 100 גרם ג,,,שוקולד חלב 100 גרם ג,,100.00,100 גרם,false,,9.90,0.0990,true,1,288054
9002859058172,false,בונבוניירה בננה ציפוי שוקולד מריר 300 גר,GUNZ WARENHANDELS,,בננה ציפוי שוקולד מר,,300.00,100 גרם,false,,14.90,0.0497,true,1,288353
9002859075674,false,גונץ - אפרוחי שוקולד ברשת 100 גרם,,,אפרוחי שוקולד ברשת 1,,100.00,100 גרם,false,,9.90,0.0990,true,1,288211
9002859105630,false,גונץ-מרציפן מצופה שוקולד חלב ונוגט 75 גרם,,,מרציפן מצופה שוקולד,,75.00,100 גרם,false,,10.90,0.1453,true,1,288397
9002975393843,false,סוכריות גילי הריבו גולדברס 70 גרם,"האריבו , ג'\י.אם.בי.אייץ",,סוכריות גומי בטעמי פ,,70.00,100 גרם,false,,6.90,0.0986,true,1,131936
9002975393850,false,סוכריות גילי הריבו וורמס 70 גרם,"האריבו , ג'\י.אם.בי.אייץ",,סוכריות גומי בטעמי פ,,70.00,100 גרם,false,,6.90,0.0986,true,1,131937
9310072028743,false,טים טם ביסקוויט במילוי שוקולד 200 גרם,"ארנוטס ביסקוויטס בע""",,טים טם אוריגינל 200,,200.00,100 גרם,false,,19.90,0.0995,true,1,13881
9310072028750,false,חטיף שוקולד דאבל קרם טים טם (200 גרם),"ארנוטס ביסקוויטס בע""",,טים טם קרם דאבל 200,,200.00,100 גרם,false,,19.90,0.0995,true,1,13882
9322969000022,false,"ריל פוד פריכיות תירס עם סויה וזרעי פשתן, ללא גלוטן 150 גרם",אף.סי תבליני בגליל ב,,פריכיות תירס עם סויה,,150.00,100 גרם,false,,12.80,0.0853,true,1,6147
9720188050109,false,ממרח על בסיס סויה בסגנון גבינה טופוטי 225 גרם,*החברה המרכזית להפצת משקאותבעמ,,טופוטי ממרח טופו בטע,,225.00,100 גרם,false,,19.90,0.0884,true,1,6762
