code,internal_code,name,manufacturer_name,manufacture_country,manufacturer_item_description,unit_qty,quantity,unit_of_measure,weighted,qty_in_package,price,unit_of_measure_price,allow_discount,status,item_id
13906687,false,טירת צבי צמד כפרית ב,,,טירת צבי צמד כפרית ב,גרמים,600.00,100 גרם,false,,29.90,4.9833,true,1,189555
32147230,false,"מיץ לימון משומר 200מ""ל(לימונית אקסטרא)",ג'נרל מילס סאן אדריא,CH,מיץ לימון סיצילייה 2,מיליליטרים,200.00,"100 מ""ל",false,,8.90,4.4500,true,1,137900
40000227,false,מגש כרעיים 50 כחול מ,,,מגש כרעיים 50 כחול מ,Unknown,0.00,יחידה,false,,0.40,0.0000,true,1,148428
40000507,false,סלסלה3 200,,,סלסלה3 200,Unknown,0.00,יחידה,false,,200.00,0.0000,true,1,201054
40111216,false,באונטי חטיף בודד 57 גרם,"נארז ע""י : א.ג. גילר",NL,באונטי חטיף 57 גרם,גרמים,57.00,100 גרם,false,,3.90,6.8421,true,1,148842
40144016,false,סוכריות חמאה וורטר אורגינל גליל בודד 50,קריניציה ויטמינה אס,DE,סוכריות חמאה בגליל ו,Unknown,0.00,יחידה,false,,3.50,0.0000,true,1,120730
40786179,false,בירה לוונבראו פחית 500 מל,Spaten,,"פחית לוונבראו 500 מ""",מיליליטרים,500.00,"100 מ""ל",false,,10.90,2.1800,true,1,111982
42101666,false,"מסטיק בטעם מנטה ואקליפטוס איירווייבס 35 גרם לל""ס",ריגלי,GB,איירווייבס מנטה ואקל,Unknown,0.00,יחידה,false,,5.90,0.0000,true,1,148843
42246640,false,"ניוואה - דאודורנט רול און לאישה פאודר טאצ' נשים 50 מ""ל",ביירסדורץ,DE,ניוואה רול און לאישה,Unknown,0.00,יחידה,false,,13.90,0.0000,true,1,157229
42306788,false,מסטיק בטעם אוכמניות ומנטה איירווייבס 35 גרם,ריגלי,GB,איירווייבס מנטה ואוכ,Unknown,0.00,יחידה,false,,5.90,0.0000,true,1,148865
50398904,false,"קרם חמצן 6% אינדולה 60 מ""ל",גדעון קוסמטיקס,IL,"אינדולה חמצן 6% 60מ""",Unknown,0.00,יחידה,false,,5.90,0.0000,true,1,161690
59013662,false,דאב דאו רולאון קקאו והיביסקוס 50 מל,"יוניליוור אנגליה, דרך קו",GB,דאב דאו רול און קקאו,Unknown,0.00,יחידה,false,,17.90,0.0000,true,1,167404
59016441,false,"רקסונה - דאודורנט רול און לאישה פרוט ספין 50 מ""ל","יוניליוור אנגליה, דרך קו",GB,רקסונה דאו רול און פ,Unknown,0.00,יחידה,false,,14.90,0.0000,true,1,159973
72917367,false,טעמי חטיף במילוי קרם נוגט וקרמל,"שטראוס גרופ בע""מ",IL,טעמי ווסטעהיים 40 גר,Unknown,0.00,יחידה,false,,3.90,0.0000,true,1,132083
72940754,false,"מילקי מעדן וניל עם קצפת שטראוס 133 מ""ל","שטראוס גרופ בע""\מ",IL,"מילקי וניל 137 מ""ל",גרמים,135.00,100 גרם,false,,2.90,2.1481,true,1,139770
72940761,false,"מילקי מעדן שוקולד עם קצפת שטראוס 133 מ""ל",מיוצר עי קונדיטוריית,IL,מעדן חלב בטעם שוקולד,גרמים,133.00,100 גרם,false,,2.90,2.1805,true,1,139771
72940952,false,מעדן מילקי בטעם שוקולד עם אקסטרה קצפת,"שטראוס גרופ בע""\מ",IL,מילקי EXTRA קצפת,,170.00,100 מל,false,,3.70,0.0218,true,1,139772
72940983,false,סלט חומוס 250 גר אחל,אחלה - שטראוס,IL,חומוס אחלה 250 גרם,גרמים,250.00,100 גרם,false,,7.60,3.0400,true,1,139774
72945308,false,קוביית שמרים טריים לאפיה שמרית 50 גרם,"פאקא תעשיות בע""\מ",IL,שמרית קוביות שמרים ל,Unknown,0.00,יחידה,false,,3.50,0.0000,true,1,139776
72961506,false,יוגורט עם תות 1.5% שומן 125 ג' פרילי,מיוצר עי קונדיטוריית,IL,פרילי תות גביע 125 ג,גרמים,125.00,100 גרם,false,,3.50,2.8000,true,1,130139
72961520,false,"פרילי יוגורט עם אננס 1.5% תנובה 125 מ""ל",מיוצר עי קונדיטוריית,IL,פרילי אננס גביע 125,גרמים,125.00,100 גרם,false,,3.50,2.8000,true,1,130141
72961544,false,"באדי יוגורט בטעם תות שדה 3% תנובה 125 מ""ל",מחלבת אלון תבור,IL,יוגורט בטעם באדי תות,גרמים,125.00,100 גרם,false,,3.10,2.4800,true,1,130142
72963746,false,"תנובה שמנת חמוצה 15% 200 מ""ל",תנובה חלב,,שמנת חמוצה 15% 200 מ,,200.00,100 מל,false,,2.40,0.0120,true,1,130146
72963753,false,שמנת אורגינל של פעם 27% שומן 200 ג' תנובה,תנובה מרכז שיתופי לש,IL,שמנת של פעם 27% 200,,200.00,100 מל,false,,4.40,0.0220,true,1,130147
72964132,false,פרילי טבע יוגורט עם גרנולה 200 גרם,מיוצר עי קונדיטוריית,IL,פרילי טבע 1.9% גביע,גרמים,200.00,100 גרם,false,,5.00,2.5000,true,1,130149
72964422,false,יוגורט פרחים 4.5% שומן 200 גרם,מחלבת תנובה,IL,יוגורט פרחים גביע 20,גרמים,206.00,100 גרם,false,,2.60,1.2621,true,1,130150
72986233,false,באדי מעדן וניל גביע 1.5%שומן 125 גרם בדצ,מחלבת אלון תבור,IL,באדי מעדן וניל גביע,גרמים,125.00,100 גרם,false,,3.10,2.4800,true,1,130151
72986240,false,באדי מעדן חלב בטעם שוקולד תנובה 125 גרם,מחלבת אלון תבור,IL,באדי מעדן שוקו גביע,גרמים,125.00,100 גרם,false,,3.10,2.4800,true,1,130152
72986370,false,"גלידת בן & ג'ריס פיינטים וניל 500מ""ל",מוצרי איכות אמריקאיים,IL,גלידת פיינטים וניל צ,Unknown,420.00,יחידה,false,,23.90,0.0569,true,1,133079
72986424,false,"גלידת בן & ג'ריס פיינטים קרם עוגיות 500מ""ל",מוצרי איכות אמריקאיים בע,IL,גלידת פיינטים קרם עו,Unknown,420.00,יחידה,false,,23.90,0.0569,true,1,133080
72986448,false,"גלידת בן & ג'ריס פיינטים טופי קראנץ 500מ""ל",מוצרי איכות אמריקאיים בע,IL,גלידה BEN JERGS,Unknown,420.00,יחידה,false,,23.90,0.0569,true,1,133081
72986455,false,"ניו יורק סופר גלידת שוקולד, חתיכות פאדג' ואגוזים",מוצרי איכות אמריקאיים בע,IL,גלידת פיינטים ניו-יו,Unknown,420.00,יחידה,false,,23.90,0.0569,true,1,133082
72986479,false,"צ'אנקי מנקי גלידת וניל, בננות, חתיכות פאדג' ואגוזים",מוצרי איכות אמריקאיים בע,IL,גלידת פיינטים צאנקי,Unknown,420.00,יחידה,false,,23.90,0.0569,true,1,133083
72989425,false,"גלידת בן & ג'ריס פיינטים שוקולד בראוניז 500מ""ל",מוצרי איכות אמריקאיים בע,IL,גלידת פיינטים שוקולד,Unknown,500.00,יחידה,false,,23.90,0.0478,true,1,133084
72991008,false,חטיף פסק זמן במילוי ופל מגולגל 45 גרם,"שטראוס גרופ בע""מ",IL,פסק זמן קלאסי,Unknown,0.00,יחידה,false,,5.00,0.0000,true,1,132089
72991886,false,"גלידת דולצ'ה בטעם ריבת חלב עם פאדג' בן וג'ירי 500 מ""ל",מוצרי איכות אמריקאיים בע,IL,גלידת בן&גריס פיינט,Unknown,750.00,יחידה,false,,23.90,0.0319,true,1,133085
72993637,false,מעדן חלב בטעם שוקולד 125 ג' דני,"שטראוס גרופ בע""\מ",IL,דני מעדן חלב בטעם שו,גרמים,125.00,100 גרם,false,,2.50,2.0000,true,1,139780
80001027,false,לואקר טורטינה שוקולד חלב,"כד בני דרום בע""מ",IT,וופל טורטינה קרם אגו,Unknown,0.00,יחידה,false,,3.40,0.0000,true,1,120736
80001287,false,וופל חטיף לואקר אגוז 38 גר',ליימן מותגים,AT,וופל גרדנה קרם אגוזי,Unknown,0.00,יחידה,false,,3.60,0.0000,true,1,120741
80001461,false,חטיף גרנדה שוקולד 38 גרם,"א. לואקר קונפקט בע""מ",AT,וופל גרדנה שוקולד 38,Unknown,0.00,יחידה,false,,3.60,0.0000,true,1,120743
80001485,false,חטיף גרנדה קוקוס 38 גרם,קריניציה ויטמינה אס,IT,גרדנה קוקוס 38 גרם,Unknown,0.00,יחידה,false,,3.70,0.0000,true,1,120744
80001799,false,לואקר טורטינה שוקולד לבן,"כד בני דרום בע""מ",IT,וופל טורטינה שוקולד,Unknown,0.00,יחידה,false,,4.00,0.0000,true,1,120745
80001911,false,וופל גרדנה במילוי קרם אגוזי לוז ובציפוי שוקולד לבן,ליימן מותגים,AT,גרדנה שוקולד לבן במי,Unknown,0.00,יחידה,false,,3.60,0.0000,true,1,120746
80042556,false,POLPA עגבניות חתוכות דק 400 גרם MUTTI,מוטי Mutti,IT,שימורי עגבניות חתוכו,גרמים,400.00,100 גרם,false,,7.90,1.9750,true,1,197323
80042563,false,רסק עגבניות MUTTI{צהוב} 700 גרם,"איי, בי, אינבוו",IT,מחית עגבניות 700 ג',גרמים,720.00,100 גרם,false,,13.90,1.9306,true,1,168190
80043645,false,קארי טחון אורגני 52 גר קנהמלה,קנמלה Cannamela,IT,קנהמלה קארי טחון אור,Unknown,0.00,יחידה,false,,16.90,0.0000,true,1,153390
80052760,false,קינדר בואנו Kinder Bueno עם חלב ואגוזי לוז,פררו - אלבה,PL,בואנו חטיף,Unknown,0.00,יחידה,false,,4.20,0.0000,true,1,154163
80136194,false,חטיפי הפי היפו Happy Hippo במילוי קרם חלבי ואגוזי לוז,קינדר Kinder,DE,קינדר הפי היפו אגוזי,Unknown,0.00,יחידה,false,,13.00,0.0000,true,1,154164
80176800,false,נוטלה ממרח שוקולד 750 גרם,פררו תעשיות איטליה ס,IT,ממרח שוקולד נוטלה 75,גרמים,750.00,100 גרם,false,,24.90,3.3200,true,1,154166
80177173,false,ממרח שוקולד נוטלה 350 גרם,פררו - אלבה,IT,ממרח שוקולד נוטלה 35,גרמים,350.00,100 גרם,false,,13.90,3.9714,true,1,154167
80177616,false,אצבעות שוקולד קינדר Kinder שמונה יחידות,פררו - אלבה,IT,קינדר 100 גרם,גרמים,100.00,100 גרם,false,,7.90,7.9000,true,1,154170
80310167,false,קינדר שוקולד מקסי 126 גר,קינדר,DE,קינדר מקסי שישייה 12,גרמים,126.00,100 גרם,false,,9.90,7.8571,true,1,154171
80761761,false,קינדר בואנו חטיף לבן בודד,ליימן שליסל,PL,קינדר בואנו לבן 39 ג,Unknown,0.00,יחידה,false,,4.20,0.0000,true,1,154174
80768838,false,מסטיק מנטוס וויט ביג פירות ומנטה 105 ג',פרפטי ואן מלה,TR,מנטוס וויט ביג פירות,גרמים,105.00,100 גרם,false,,16.90,16.0952,true,1,120752
80769545,false,מסטיק מנטוס פיור פרש בבקבוק בינוני בטעם לימון 60 ג',"פרפטי ואן מלה ג'ידה,סאן",TR,מסטיק מנטוס פיור פרש,Unknown,0.00,יחידה,false,,9.90,0.0000,true,1,120754
80769699,false,מנטוס וויט בטעם פירות-מנטה 40 יח,הדקלאים אגודת שיתופי,TR,מנטוס וויט מסטיק בטע,Unknown,0.00,יחידה,false,,9.90,0.0000,true,1,120755
80773429,false,מנטוס בקבוק מעוגל - מסטיק ללא סוכר בטעם תות 60 גרם,"פרפטי ואן מלה ג'\ידה,סאן",TR,מסטיק מנטוס ללא סוכר,Unknown,0.00,יחידה,false,,9.90,0.0000,true,1,120756
80773443,false,מנטוס בקבוק מעוגל - מסטיק ללא סוכר בטעם מנטה 60 גרם,"פרפטי ואן מלה ג'\ידה,סאן",TR,מסטיק מנטוס ללא סוכר,Unknown,0.00,יחידה,false,,9.90,0.0000,true,1,120757
80776307,false,מסטיק מנטוס ביג בבקבוק מעוגל טעם פירות מנטה 90 ג',פרפטי ואן מלה הולנד,TR,מסטיק מנטוס ללא סוכר,Unknown,0.00,יחידה,false,,16.90,0.0000,true,1,120758
80780595,false,מסטיק מנטוס ביג בבקבוק מעוגל טעם מנטה-עדינה 90 ג',פרפטי ואן מלה הולנד,TR,מסטיק מנטוס ללא סוכר,Unknown,0.00,יחידה,false,,16.90,0.0000,true,1,120759
80790990,false,מסטיק מנטוס בבקבוק מעוגל בטעם פירות -מנטה 60 ג',"פרפטי ואן מלה ג'\ידה,סאן",TR,מסטיק מנטוס ללא סוכר,Unknown,0.00,יחידה,false,,9.90,0.0000,true,1,120761
80794233,false,מסטיק מנטוס ביג בבקבוק מעוגל טעם מנטה 90 ג',פרפטי ואן מלה הולנד,TR,מסטיק מנטוס ללא סוכר,Unknown,0.00,יחידה,false,,16.90,0.0000,true,1,120763
80804697,false,מסטיק וויט White בטעם מנטה מתוקה ללא סוכר,פרפטי ואן מלה,TR,מנטוס וויט ביג מנטה,גרמים,105.00,100 גרם,false,,16.90,16.0952,true,1,120766
80831402,false,סוכרית מנטוס מנטה עדינה ללא סוכר 21 גרם Clean Breath,פרפטי ואן מלה,NL,סוכרית מנטוס מנטה עד,Unknown,0.00,יחידה,false,,6.90,0.0000,true,1,159575
80843184,false,מנטוס מסטיק פיור פרש בטעם ענבים 60גר,פרפטי ואן מלה הולנד,TR,מסטיק מנטוס ללא סוכר,Unknown,0.00,יחידה,false,,9.90,0.0000,true,1,183790
80850885,false,מסטיק מנטוס וויט בטעם מנטה עדינה,פרפטי ואן מלה ברדה,TR,מנטוס וויט מסטיק בטע,Unknown,0.00,יחידה,false,,9.90,0.0000,true,1,120775
80854753,false,סוכרית מנטוס מנטה ללא סוכר 21 גרם Clean Breath,פרפטי ואן מלה,NL,סוכרית מנטוס מנטה לל,Unknown,0.00,יחידה,false,,6.90,0.0000,true,1,159572
80862260,false,מסטיק מנטוס פיור וויט מנטה מתוקה 150 גר,"פרפטי ואן מלה ג'ידה,סאן",TR,מסטיק וויט ללא סוכר,גרמים,150.00,100 גרם,false,,16.90,11.2667,true,1,196056
80864059,false,וופל גרדנה עם קרם חמאת בוטנים בציפוי שוקולד חלב,ליימן מותגים,AT,וופל גרדנה חמאת בוטנ,Unknown,0.00,יחידה,false,,3.60,0.0000,true,1,196100
80864295,false,סוכריות פיור וויט טעם מנטה עדינה 60 ג' מנטוס,"פרפטי ואן מלה ג'ידה,סאן",TR,מסטיק וויט ללא סוכר,Unknown,0.00,יחידה,false,,9.90,0.0000,true,1,186891
80896081,false,מנטוס בקבוק מעוגל - מסטיק ללא סוכר בטעם אבטיח 60 גרם,"פרפטי ואן מלה ג'\ידה,סאן",TR,מסטיק מנטוס ללא סוכר,Unknown,0.00,יחידה,false,,9.90,0.0000,true,1,120779
80913467,false,מנטוס בקבוק מעוגל - מסטיק ללא סוכר בטעם מנטה,פרפטי ואן מלה הולנד,TR,מסטיק מנטוס ללא סוכר,Unknown,0.00,יחידה,false,,9.90,0.0000,true,1,120780
80926481,false,מסטיק מנטוס פיור פרש בבקבוק בינוני בטעם אבטיח 90ג',"פרפטי ואן מלה ג'ידה,סאן",TR,מסטיק מנטוס ללא סוכר,Unknown,0.00,יחידה,false,,16.90,0.0000,true,1,120781
80945468,false,סוכריות פיור וויט טעם מנטה מתוקה 60 ג' מנטוס,"פרפטי ואן מלה ג'ידה,סאן",TR,מסטיק וויט ללא סוכר,Unknown,0.00,יחידה,false,,9.90,0.0000,true,1,186890
80957706,false,מסטיק מנטוס פיור וויט מנטה 150 גר,"פרפטי ואן מלה ג'ידה,סאן",TR,מנטוס פיור וויט טעם,גרמים,150.00,100 גרם,false,,16.90,11.2667,true,1,196058
80974215,false,מסטיק מנטוס פיור פרש בבקבוק ביג בטעם תות 90ג',"פרפטי ואן מלה ג'ידה,סאן",TR,מסטיק מנטוס ללא סוכר,Unknown,0.00,יחידה,false,,16.90,0.0000,true,1,120789
80979128,false,מנטוס בקבוק מעוגל - מסטיק ללא סוכר בטעם דובדבן,פרפטי ואן מלה הולנד,TR,מסטיק מנטוס ללא סוכר,Unknown,0.00,יחידה,false,,9.90,0.0000,true,1,183789
80982470,false,מסטיק מנטוס פיור פרוסט בטעם מנטה חזק 60 גר',פרפטי ואן מלה ברדה,TR,מסטיק מנטוס ללא סוכר,Unknown,0.00,יחידה,false,,9.90,0.0000,true,1,180750
80986348,false,סוכריות פיור וויט טעם מנטה 60 ג' מנטוס,"פרפטי ואן מלה ג'ידה,סאן",TR,מסטיק וויט ללא סוכר,Unknown,0.00,יחידה,false,,9.90,0.0000,true,1,186893
87108538,false,סוכריות בטעם תות מנטוס 37.5 גרם,הדקלאים אגודת שיתופי,NL,סוכריות מנטוס בגליל,Unknown,0.00,יחידה,false,,3.30,0.0000,true,1,120791
87108651,false,סוכריות בטעם מנטה מנטוס 4*37.5 גרם,הדקלאים אגודת שיתופי,NL,סוכריות מנטוס בגליל,גרמים,150.00,100 גרם,false,,10.90,7.2667,true,1,120792
87108712,false,סוכריות בטעם פירות מנטוס 4*37.5 גרם,פרפטי ואן מלה ברדה,NL,סוכריות מנטוס בגליל,גרמים,150.00,100 גרם,false,,10.90,7.2667,true,1,120793
87311396,false,מנטוס ריינבאוו סוכריות לעיסה בטעמי פירות,פרפטי ואן מלה ברדה,NL,סוכריות מנטוס בגליל,Unknown,0.00,יחידה,false,,3.30,0.0000,true,1,120797
90034107,false,"בירה שטיגל גולדברו 500 מ""ל",מבשלת שטיגל,AT,"בירה ""שטיגל"" גולדברו",מיליליטרים,500.00,"100 מ""ל",false,,10.90,2.1800,true,1,113526
90087974,false,"חומץ תפוחים 5% 750 מֿֿֿֿ""ל 12X",ראוך פרוכטסאפה,AT,"חומץ תפוחים 5% 750 """,מיליליטרים,750.00,"100 מ""ל",false,,12.90,1.7200,true,1,118443
90162602,false,רד בול משקה אנרגיה פקדון 30 אג,רד בול ג'י.אם.בי. אץ,IL,רד בול קלאסי - משקה,,250.00,100 מל,false,,6.90,0.0276,true,1,140512
90162800,false,רד בול משקה אנרגיה ללא סוכר פקדון 30 אג,רד בול ג'י.אם.בי. אץ,AT,רד בול משקה אנרגיה ל,,250.00,100 מל,false,,6.90,0.0276,true,1,140513
96033531,false,"דאו דאב רול און רימונים ולואיזה 50 מ""ל",יוניליוור פארם,GB,דאב רולאון רימונים 5,Unknown,0.00,יחידה,false,,17.90,0.0000,true,1,198141
96137130,false,"דאו' רול און אנטי פרספירנט אגס ואלוורה 50 מ""ל",יוניליוור פיליפינים,GB,דאב דאודרנט רול און,מיליליטרים,50.00,"100 מ""ל",false,,17.90,35.8000,true,1,198140
140100300,false,דג בס טרי שלם,,,דג בס טרי שלם,קילוגרמים,1.00,"ק""ג",true,,49.90,49.9000,true,1,199336
1404000300,false,דג בס טרי שלם,,,דג בס טרי שלם,קילוגרמים,1.00,"ק""ג",true,,49.90,49.9000,true,1,199337
1724000000,false,דג דניס טרי שלם,,,דג דניס טרי שלם,קילוגרמים,1.00,"ק""ג",true,,64.90,64.9000,true,1,199338
1724000500,false,דג דניס טרי שלם,,,דג דניס טרי שלם,קילוגרמים,1.00,"ק""ג",true,,64.90,64.9000,true,1,199347
1725000000,false,דג דניס טרי שלם,,,דג דניס טרי שלם,קילוגרמים,1.00,"ק""ג",true,,64.90,64.9000,true,1,199348
1725000500,false,דג דניס טרי שלם,,,דג דניס טרי שלם,קילוגרמים,1.00,"ק""ג",true,,64.90,64.9000,true,1,199349
1726000000,false,דג דניס טרי שלם,,,דג דניס טרי שלם,קילוגרמים,1.00,"ק""ג",true,,64.90,64.9000,true,1,199350
1726000500,false,דג דניס טרי שלם,,,דג דניס טרי שלם,קילוגרמים,1.00,"ק""ג",true,,64.90,64.9000,true,1,199351
1727000000,false,דג דניס טרי שלם,,,דג דניס טרי שלם,קילוגרמים,1.00,"ק""ג",true,,64.90,64.9000,true,1,199352
1727000500,false,דג דניס טרי שלם,,,דג דניס טרי שלם,קילוגרמים,1.00,"ק""ג",true,,64.90,64.9000,true,1,199357
2101000304,false,דג לברק טרי שלם,,,דג לברק טרי שלם,קילוגרמים,1.00,"ק""ג",true,,69.90,69.9000,true,1,199362
2102000304,false,דג לברק טרי שלם,,,דג לברק טרי שלם,קילוגרמים,1.00,"ק""ג",true,,69.90,69.9000,true,1,199363
2103000304,false,דג לברק טרי שלם,,,דג לברק טרי שלם,קילוגרמים,1.00,"ק""ג",true,,69.90,69.9000,true,1,199364
2104000304,false,דג לברק טרי שלם,,,דג לברק טרי שלם,קילוגרמים,1.00,"ק""ג",true,,69.90,69.9000,true,1,199365
2300030000,false,פילה סלמון,,,פילה סלמון,קילוגרמים,1.00,"ק""ג",true,,120.00,120.0000,true,1,199369
2300030300,false,פילה סלמון,,,פילה סלמון,קילוגרמים,1.00,"ק""ג",true,,120.00,120.0000,true,1,199370
2603020717,false,דג פורל לבן שלם,,,דג פורל לבן שלם,קילוגרמים,1.00,"ק""ג",true,,79.90,79.9000,true,1,199381
2703020717,false,דג פורל לבן שלם,,,דג פורל לבן שלם,קילוגרמים,1.00,"ק""ג",true,,79.90,79.9000,true,1,199382
8112100298,false,"שמן שומשום טהור מזרח ומערב 185 מ""ל",Flavor full foods in,TW,מזרח ומערב יבוא שמן,מיליליטרים,185.00,"100 מ""ל",false,,14.90,8.0541,true,1,133218
9701000517,false,ברמונדי טרי,,,ברמונדי טרי,קילוגרמים,1.00,"ק""ג",true,,59.90,59.9000,true,1,199403
9702000517,false,ברמונדי טרי,,,ברמונדי טרי,קילוגרמים,1.00,"ק""ג",true,,59.90,59.9000,true,1,199404
9702531211,false,צנצנת 2 ליטר פלסטיק,,,צנצנת 2 ליטר פלסטיק,Unknown,0.00,יחידה,false,,5.90,0.0000,true,1,176551
9702538268,false,קולפן יד עץ,,,קולפן יד עץ,Unknown,0.00,יחידה,false,,5.90,0.0000,true,1,183070
9703000500,false,ברמונדי טרי,,,ברמונדי טרי,קילוגרמים,1.00,"ק""ג",true,,59.90,59.9000,true,1,199405
9800800056,false,חטיף שוקולד עם מקלות לחם אנד גו,פררו - אלבה,DE,נוטלה טו גו,Unknown,0.00,יחידה,false,,5.90,0.0000,true,1,154181
11182700954,false,קינג קול שעועית שחורה 439 גרם,האנאובר פודס קורפורשיין,US,קינג קול שעועית שחור,גרמים,439.00,100 גרם,false,,9.90,2.2551,true,1,155981
11182701388,false,קינג קול שעועית פינטו 454 גרם,הנובר פודס,,קינג קול שעועית פינט,גרמים,439.00,100 גרם,false,,9.90,2.2551,true,1,155982
11210000032,false,"רוטב טבסקו משפחתי 360מ""ל",מקאילהייני Mc.Ilhenn,US,"טובסקו משפחתי 350 מ""",מיליליטרים,350.00,"100 מ""ל",false,,55.00,15.7143,true,1,134036
11210000094,false,רוטב טבסקו אדום 60 גרם,מקאילהייני אייבורי,US,טבסקו,Unknown,0.00,יחידה,false,,9.90,0.0000,true,1,134037
11210006508,false,רוטב פלפל הבנרו חריף טבסקו 60 מל,מקאילהייני Mc.Ilhenn,US,רוטב טבסקו,Unknown,0.00,יחידה,false,,15.90,0.0000,true,1,134040
11210009387,false,"רוטב פלפל ירוק טבסקו 60 מ""ל",מקאילהייני אייבורי,US,רוטב ירוק 60 מל,Unknown,0.00,יחידה,false,,9.90,0.0000,true,1,134042
11210607040,false,טבסקו פלפל צפוטלי חריף 60 מל,מקאילהייני Mc.Ilhenn,US,טבסקו פלפל צפוטלי חר,Unknown,0.00,יחידה,false,,9.90,0.0000,true,1,134043
13409351000,false,רוטב ברביקיו סוויט ב,סוויט בייבי רייז שיק,US,סוויט בייבי רי רוטב,Unknown,0.00,יחידה,false,,21.90,0.0000,true,1,175926
13409351505,false,רוטב ברביקיו סוכר חו,,US,סוויט בייבי רי רוטב,גרמים,510.00,100 גרם,false,,21.90,4.2941,true,1,175934
16000185517,false,דגני בוקר פייבר וואן עתירי סובין FIBRE1,בטר אנד דיפרנט,US,פייבר וואן 6*555גרם,גרמים,555.00,100 גרם,false,,20.90,3.7658,true,1,197279
16000281684,false,חטיפי גרנולה קראנצ'י עם פקאן נייצ'ר ואלי 5*42 גרם,ליימן מותגים,US,חטיף שיבולת שועל מלא,גרמים,210.00,100 גרם,false,,18.90,9.0000,true,1,120801
16000423534,false,חטיפי גרנולה קראנצ'י עם שיבולת שועל ושוקולד מריר נייצ'ר ואלי 5*42 גרם,ג'נרל מילס סאן אדריאן,ES,חטיף שיבולת שועל מלא,גרמים,210.00,100 גרם,false,,18.90,9.0000,true,1,120802
16000548404,false,חטיפי גרנולה קראנצ'י עם שיבולת שועל ודבש נייצ'ר ואלי 5*42 גרם,ג'נרל מילס סאן אדריאן,ES,חטיף שיבולת שועל מלא,גרמים,210.00,100 גרם,false,,18.90,9.0000,true,1,120803
16000548503,false,חטיפי גרנולה קראנצ'י עם מייפל וסוכר חום נייצ'ר ואלי 5*42 גרם,ג'נרל מילס סאן אדריאן,ES,חטיף שיבולת שועל מלא,גרמים,210.00,100 גרם,false,,18.90,9.0000,true,1,120804
16000548602,false,חטיפי גרנולה קראנצ'י קינמון נייצ'ר ואלי 5*24 גרם,ג'נרל מילס סאן אדריאן,ES,חטיף שיבולת שועל מלא,גרמים,210.00,100 גרם,false,,18.90,9.0000,true,1,120805
16000548909,false,חטיפי גרנולה קראנצ'י במגוון טעמים נייצ'ר ואלי 5*42 גרם,ג'נרל מילס סאן אדריאן,ES,חטיפי שיבולת שועל מל,גרמים,210.00,100 גרם,false,,18.90,9.0000,true,1,120806
18000701223,false,"פילסברי, עוגה בטעם שוקולד, תערובת להכנת עוגה בטעם שוקולד. 500 גרם",הדקלאים אגודת שיתופי,IL,תערובת פילסברי להכנת,גרמים,500.00,100 גרם,false,,16.90,3.3800,true,1,120809
18000703494,false,"פילסברי, עוגה בטעם וניל, תערובת להכנת עוגה בטעם וניל. 500 גרם.",הדקלאים אגודת שיתופי,IL,תערובת פילסברי להכנת,גרמים,500.00,100 גרם,false,,16.90,3.3800,true,1,120810
18000766413,false,"פילסברי, עוגה בטעם שוקולד, תערובת להכנת עוגה בטעם שוקולד. 550 גרם.",הדקלאים אגודת שיתופי,IL,תערובת פילסברי להכנת,גרמים,550.00,100 גרם,false,,16.90,3.0727,true,1,120812
21200010545,false,ריבועי דבק דו צדדי ס,3m,,ריבועי דבק דו צדדי ס,Unknown,0.00,יחידה,false,,17.90,0.0000,true,1,131491
21200013393,false,"דבק דו צדדי רוחב 2.5 ס""מ",3m,,גליל דבק דו צדדי ספו,Unknown,0.00,יחידה,false,,32.90,0.0000,true,1,131492
21200493720,false,סקוטש ברייט גליל ניירות דביקים 30 דף,,,סקוטש ברייט גליל ניי,Unknown,0.00,יחידה,false,,16.90,0.0000,true,1,197267
21200572357,false,שלישיית ספוגי קרצוף לניקוי חזק (ירוקים),M3,CA,סקוטש ברייט שלישייה,Unknown,3.00,יחידה,false,,16.90,5.6333,true,1,131495
22200956932,false,דאודורנט ספיד סטיק גל 24/7 כחול 85 גר,הנסיך- מפעל לייצור ט,US,ספיד סטיק 24/7 גל כח,גרמים,51.00,100 גרם,false,,24.90,48.8235,true,1,111125
22200956949,false,דאודורנט ג'ל כתום לגבר ספיד סטיק 85 גרם,קולגייט-פלמוליב,US,ספיד סטיק 24/7 גל כת,גרמים,51.00,100 גרם,false,,24.90,48.8235,true,1,127936
25675301108,false,חמצוצים מקלות חמוצים תות 50 גרם,פאסין,NL,חמצוצים מקלות תות 50,Unknown,0.00,יחידה,false,,4.90,0.0000,true,1,133354
25675301184,false,חמצוצים מקלות חמוצים קולה 50 גרם,פשקז Paskesz,NL,חמצוצים מקלות קולה 5,Unknown,0.00,יחידה,false,,4.90,0.0000,true,1,133357
27379005658,false,עוגת שמרים מיני פנטו,BISCOTTIFICIO PRIMAV,IT,סוויט איטליה פנתוני,גרמים,100.00,100 גרם,false,,12.90,12.9000,true,1,168251
30000315989,false,קוואקר פרוטאין חמוציות ושקדים 372 גרם,קוואקר אוטס קומפני,US,קוואקר פרוטאין חמוצי,גרמים,372.00,100 גרם,false,,24.90,6.6935,true,1,132906
30891052826,false,דפי אורז מזרח ומערב,Oriental food co. lt,,"דפי אורז 22 ס""מ 400",גרמים,400.00,100 גרם,false,,11.90,2.9750,true,1,159726
33200143307,false,קלין סנטסיישנס 40 דפי מייבש כביסה ורוד,,US,קלין סנטסיישנס 40 דפ,Unknown,0.00,יחידה,false,,18.90,0.0000,true,1,161363
33617000026,false,קרקר ואזה 203-275 גרם מקמח מלא 260,כלורוקס אוקלנד,SE,וואזה מקמח מלא 260 ג,גרמים,260.00,100 גרם,false,,13.00,5.0000,true,1,115918
33617322616,false,פת פריכה מקמח שיפון ואזה 270 גרם,כלורוקס אוקלנד,SE,ואזה קלה מקמח שיפון,גרמים,270.00,100 גרם,false,,13.90,5.1481,true,1,115920
34000148301,false,הרשי נטיפי שוקולד מריר לאפייה 340 גר,ליימן מותגים,US,הרשי נטיפי שוקולד מר,גרמים,340.00,100 גרם,false,,19.90,5.8529,true,1,120818
34000196173,false,הרשי טבלה XL בטעם שוקולד לבן עם שברי עוגיות 113 גרם,ליימן מותגים,US,הרשיז קוקיס אנד קרים,גרמים,113.00,100 גרם,false,,8.90,7.8761,true,1,120819
34000312177,false,הרשי סירופ בטעם שוקולד 680 גרם,ליימן מותגים,US,סירופ הרשי בטעם שוקו,גרמים,680.00,100 גרם,false,,17.90,2.6324,true,1,120823
34000442652,false,ריזס טבלה בטעם שוקולד ממולאת קרם בוטנים 120 גרם,ליימן מותגים,US,הרשי ריזיס אקסטרא לא,גרמים,120.00,100 גרם,false,,8.90,7.4167,true,1,120825
34000446001,false,ריזס מיניאטורס- חטיף שוקולד במילוי חמאת בוטנים 150 גרם,ליימן מותגים,,הרשיז - ריזס מיניס ע,גרמים,150.00,100 גרם,false,,9.90,6.6000,true,1,120826
34000470563,false,ריסז מיניס באריזה משפחתית 215 גרם,ליימן מותגים,US,ריסז מיניס באריזה מש,גרמים,215.00,100 גרם,false,,19.90,9.2558,true,1,120832
34000544431,false,ממתקי הרשיז טוויזלרס טעם דובדבן 172 גרם,ליימן מותגים,US,ממתק טוויזלרס בטעם ת,גרמים,172.00,100 גרם,false,,8.90,5.1744,true,1,163626
34000996643,false,הרשי דרופס באריזה משפחתית 215 גרם,ליימן מותגים,US,הרשי דרופס באריזה מש,גרמים,215.00,100 גרם,false,,19.90,9.2558,true,1,120835
35000458476,false,קולגייט מברשת שיניים ילדים מארז רביעייה,קולגייט פלמוליב,VN,קולגייט מברשת ילדים,Unknown,0.00,יחידה,false,,29.90,0.0000,true,1,127938
36000516876,false,ממחטות נייר קלינקס לושן 3 שכבות 75 דף,חוגלה קימברלי,US,קלינקס לושן שלש שכבו,Unknown,75.00,יחידה,false,,10.90,0.1453,true,1,111032
36000516890,false,ממחטות אף עם אלוורה + ויטמין E תלת שכבתי,חוגלה קימברלי,US,קלינקס לושן שלש שכבו,Unknown,120.00,יחידה,false,,14.90,0.1242,true,1,119058
37600207188,false,חמאת בוטנים קלאסי סקיפי 462 גרם,חברת המזון אלגוד,US,סקיפי חמאת בוטנים קל,גרמים,462.00,100 גרם,false,,19.90,4.3074,true,1,140515
37600207256,false,חמאת בוטנים עם שברי בוטנים סקיפי 462 גרם,חברת המזון אלגוד,US,סקיפי חמאת בוטנים עם,גרמים,462.00,100 גרם,false,,19.90,4.3074,true,1,140516
37977050059,false,מוצץ לתינוק ללא ביספנול 0-2 מאם 2 יחידות,General,HU,MAM מוצצים 0-2 סיליק,Unknown,0.00,יחידה,false,,39.90,0.0000,true,1,131591
38000138638,false,חטיף צ'יפס פרינגלס פיצה 158 גרם,פרינגלס מנופקצ'ורינג קונ,US,פרינגלס פיצה 158 גרם,גרמים,158.00,100 גרם,false,,8.90,5.6329,true,1,140521
38000138720,false,חטיף צ'יפס פרינגלס ראנץ 158 גרם,פרינגלס מנופקצ'ורינג קונ,US,פרינגלס ראנץ' 158 גר,גרמים,158.00,100 גרם,false,,8.90,5.6329,true,1,140522
38000183690,false,חטיף צ'יפס פרינגלס מידי ברביקיו 71 גרם,פרינגלס מנופקצ'ורינג,US,פרינגלס ברביקיו 71 ג,Unknown,0.00,יחידה,false,,4.90,0.0000,true,1,140524
38000183928,false,פרינגלס חרדל ודבש 158 גרם,פרינגלס מניופקצ'ורינ,US,פרינגלס חרדל ודבש 15,גרמים,158.00,100 גרם,false,,8.90,5.6329,true,1,169209
38000197840,false,פרינגלס גלי בטעם חריף מתוק 137 ג',פרינגלס מניופקצ'\ורינג ק,US,פרינגלס גלי בטעם חרי,גרמים,137.00,100 גרם,false,,8.90,6.4964,true,1,179839
38000202278,false,חטיף צ'יפס גלי בטעם אורגינל מלוח,פרינגלס מניופקצ'\ורינג ק,US,פרינגלס גלי בטעם אור,גרמים,130.00,100 גרם,false,,8.90,6.8462,true,1,169203
38000232152,false,פרינגלס חטיפי תפוח אדמה בטעם ברביקיו 158 גרם,פרינגלס מנופקצ'ורינג קומ,US,פרינגלס חטיפי תפוח א,גרמים,158.00,100 גרם,false,,8.90,5.6329,true,1,156859
38000232176,false,פרינגלס ביג שמנת בצל 158 גרם,פרינגלס מנופקצ'ורינג קונ,US,פרינגלס שמנת בצל 158,גרמים,158.00,100 גרם,false,,8.90,5.6329,true,1,156861
38000232183,false,פרינגלס ביג אורגינל 149 גרם,פרינגלס מנופקצ'ורינג קונ,US,פרינגלס אורגינל 149,גרמים,149.00,100 גרם,false,,8.90,5.9732,true,1,156862
38000845253,false,חטיף צ'יפס פרינגלס מידי שמנת בצל 71 גרם,פרינגלס מנופקצ'ורינג קונ,US,פרינגלס מידי שמנת בצ,Unknown,0.00,יחידה,false,,4.90,0.0000,true,1,140529
38527591053,false,קואקר דגנים מרובעים שיבולת שועל וקינמון,קוואקר אוטס קומפני,US,קוואקר מרובעים קינמו,גרמים,412.00,100 גרם,false,,19.90,4.8301,true,1,132907
38527591060,false,דגני קוואקר מרובעים Quaker Squares עם סוכר חום,קוואקר אוטס קומפני,US,קוואקר מרובעים דגני,גרמים,412.00,100 גרם,false,,19.90,4.8301,true,1,132908
38900779238,false,מיץ אננס דול רביעיות 4*250 מל,דול פיליפינים אינק,PH,דול מיץ אננס 4*250 מ,מיליליטרים,250.00,"100 מ""ל",false,,19.90,7.9600,true,1,142770
38900779245,false,מיץ אננס דולי ללא סו,,,דול משקה אננס פחית 2,מיליליטרים,250.00,"100 מ""ל",false,,6.00,2.4000,true,1,142771
40000512943,false,סוכריות אם אנד אמס M&M שוקולד חלב,M&M אם אנד אם,US,מ&מ שוקולד 300 גרם,גרמים,300.00,100 גרם,false,,20.90,6.9667,true,1,148873
40000513056,false,M&M's בוטנים אריזה 300 גרם,General,US,מנמ בוטנים 300 גרם,גרמים,300.00,100 גרם,false,,20.90,6.9667,true,1,148874
40000513568,false,סוכריות אם אנד אמס M&M שוקולד חלב,M&M אם אנד אם,US,אמ אנד אמז שוקו 156,גרמים,156.00,100 גרם,false,,11.90,7.6282,true,1,148875
40000513582,false,M&M's בוטנים אריזה גדול 156 גרם,מארס,US,אמ אנד אמז בוטנים 15,גרמים,156.00,100 גרם,false,,11.90,7.6282,true,1,148876
40000513629,false,M&M's חמאת בוטנים אריזה גדולה 152 גרם,מארס,US,אמ אנד אמז חמאת בוטנ,גרמים,142.00,100 גרם,false,,11.90,8.3803,true,1,148877
40000514480,false,M&M אריזה קטנה's שוקולד אריזה קטנה 48 גרם,M&M אם אנד אם,US,אם אנד אמז שוקולד 48,Unknown,0.00,יחידה,false,,5.00,0.0000,true,1,148878
41190052035,false,שופרייט חרדל צהוב ל,,,שופרייט חרדל צהוב ל,גרמים,397.00,100 גרם,false,,13.90,3.5013,true,1,174759
41390001079,false,"רוטב סויה קיקומן מופחת נתרן 444 מ""ל",קיקומן פודז אינק,US,רוטב סויה קיקומן מופ,,444.00,100 מל,false,,19.90,0.0448,true,1,187047
42400108153,false,דגני בוקר צבעוניים בטעם פירות טוטי פרוטיס,פוסט ארצות הברית,US,חטיף דגני ממתוקים בט,גרמים,354.00,100 גרם,false,,21.90,6.1864,true,1,168341
43213969009,false,תחתונים לגבר חמישייה,,,תחתונים לגבר חמישייה,Unknown,0.00,יחידה,false,,29.90,0.0000,true,1,173327
43213969023,false,תחתונים לגבר חמישייה,,,תחתונים לגבר חמישייה,Unknown,0.00,יחידה,false,,29.90,0.0000,true,1,173318
44600300580,false,כלורוקס קלין אפ פרש נוזל לניקוי רב תכלית,כלורוקס אוקלנד,US,כלורקס מתז אקונומיקה,Unknown,0.00,יחידה,false,,22.90,0.0000,true,1,179453
46214372250,false,"עוגיות שטרודל פריכות תפו""ע וצימוקים",מרבה Merba,NL,עוגיות שטרודל פריכות,גרמים,225.00,100 גרם,false,,9.90,4.4000,true,1,127940
46214382259,false,עוגיות בראוניס שוקולד 225 ג',בנקטבקריי מרבה בי.וי,NL,מרבה עוגיות בראוניס,גרמים,225.00,100 גרם,false,,9.90,4.4000,true,1,127941
46214731552,false,עוגיות שוקולד צ'יפס 37% גודיס 225 גרם,קריניציה ויטמינה אס,NL,עוגיות שוקולד ציפס מ,גרמים,225.00,100 גרם,false,,9.90,4.4000,true,1,127942
50000015474,false,"מזון חתולים פריסקיז מעדני הים 1.43 ק""ג",פריסקיז,US,"פריסקיז דגים 1.42 ק""",פריט,1.42,"ק""ג",false,,39.90,28.0986,true,1,178094
50000084500,false,מזון יבש לחתול בטעם נתחי ברביקיו פריסקיז Friskies,נסטלה פורינה USA מק,US,פריסקיז מעדני השף 1.,פריט,1.43,"ק""ג",false,,39.90,27.9021,true,1,126335
50000168583,false,"מזון חתולים פריסקיז אקסטרא קראנץ 1.43 ק""ג",פריסקיז,US,פריסקיז אקסטרא קראנץ,פריט,1.43,"ק""ג",false,,39.90,27.9021,true,1,178098
50000292592,false,פריסקיז פנסי פיסט סלמון וסול ברוטב עשיר 85 גרם,נסטלה פורינה USA סט,US,פנסי פיסט סלמון וסול,Unknown,0.00,יחידה,false,,6.90,0.0000,true,1,126341
50000445691,false,מזול חתולים פריסקיז עוף וסלמון ברוטב 156 גרם,נסטלה פורינה USA קר,US,פריסקיז נתחי עוף וסל,גרמים,156.00,100 גרם,false,,6.90,4.4231,true,1,126354
50000571987,false,מזון חתולים נתחי עוף ברוטב פריסקיז 156 גרם,נסטלה פורינה USA קר,US,פריסקיז נתחי עוף ברו,גרמים,156.00,100 גרם,false,,6.90,4.4231,true,1,126355
51131978393,false,זוג שפורפרות סופר גלו גל 4 גר,Unknown,,זוג שפורפרות סופר גל,Unknown,0.00,יחידה,false,,16.90,0.0000,true,1,131500
51141917733,false,סופר גלו נוזלי 4 גר המשחרר טיפה אחת,3m,,סופר גלו נוזלי בבקבו,Unknown,0.00,יחידה,false,,26.90,0.0000,true,1,131503
54881000031,false,תה שחור ורד דובדבן 20 שקיות אחמד,תה אחמד Ahmad tea,AE,תה ורד דובדבן והיבוס,Unknown,0.00,יחידה,false,,8.90,0.0000,true,1,157990
54881000055,false,תה שחור מבחר פירות 20 שקיות אחמד,אחמד תה אנגליה,,תה פירות יער והיביסק,Unknown,0.00,יחידה,false,,8.90,0.0000,true,1,129792
54881000062,false,תה שחור לימונית וקמומיל 20 שקיות אחמד,אחמד תה אנגליה,AE,תה קמומיל ולימונית 2,Unknown,0.00,יחידה,false,,8.90,0.0000,true,1,129793
54881000109,false,תה עם ענבי שועל 20 שקיקים אחמד,תה אחמד Ahmad tea,AE,תה עם ענבי שועל,Unknown,0.00,יחידה,false,,8.90,0.0000,true,1,129794
54881000208,false,תה שחור לימון וגינגיר 20 שקיות אחמד,אחמד תה אנגליה,AE,תה לימון וגינגר 20 ש,Unknown,0.00,יחידה,false,,8.90,0.0000,true,1,129795
54881001120,false,מארז תה חליטות 6 סוגים *8 יח' AHMAD TEA,תה אחמד Ahmad tea,,מארז חליטות 6 סוגים,Unknown,0.00,יחידה,false,,32.90,0.0000,true,1,157982
54881001779,false,קופסת תה 12 טעמים 60 שקיות,תה אחמד Ahmad tea,,אחמד תה מארז תה 12 ס,גרמים,177.00,100 גרם,false,,35.00,19.7740,true,1,118448
54881003988,false,תה שחור 4 טעמים 20 שקיקים אחמד,תה אחמד Ahmad tea,,אחמד תה תה 4 סוגים 3,Unknown,0.00,יחידה,false,,8.90,0.0000,true,1,129797
54881003995,false,תה שחור פירות 20 שקיקים אחמד,אחמד תה אנגליה,,תומר תה שקית ט.פירות,Unknown,0.00,יחידה,false,,8.90,0.0000,true,1,129798
54881005654,false,תה ירוק יסמין 20 שקיות AHMAD TEA,אחמד תה אנגליה,AE,תה ירוק יסמין 20 שקי,Unknown,0.00,יחידה,false,,9.90,0.0000,true,1,129799
54881006972,false,תה אהמאד שחור לימון וליים מארז 2X20ג',תה אחמד Ahmad tea,,תה שחור לימון וליים,Unknown,0.00,יחידה,false,,8.90,0.0000,true,1,129810
54881006996,false,תה אהמאד חליטת אפרסק ופסיפלורה 20יח,אחמד תה אנגליה,AE,תומר תה אפרסק ופסיפל,Unknown,0.00,יחידה,false,,8.90,0.0000,true,1,157991
54881007115,false,תה אהמאד שחור וניל מארז 2X20ג',אחמד תה אנגליה,,תה שחור ווניל 20 יח,Unknown,0.00,יחידה,false,,8.90,0.0000,true,1,129812
54881007535,false,תה ירוק בטעם לימון 20 שקיקים 40 גרם,אחמד תה אנגליה,AE,תומר תה ירוק בטעם לי,Unknown,20.00,יחידה,false,,9.90,0.4950,true,1,129814
54881008167,false,תה אינגליש ברקפסט 100 שקיות AHMAD TEA,תה אחמד Ahmad tea,AE,תה אינגליש ברק 100 ש,גרמים,200.00,100 גרם,false,,16.90,8.4500,true,1,118451
54881008174,false,תה אחמד ארל גריי 100 שקיקים,תה אחמד Ahmad tea,AE,תה ארל גריי 100 שק,Unknown,100.00,יחידה,false,,16.90,0.1690,true,1,118452
54881008945,false,תה ירוק 20 שקיות AHMAD TEA,אחמד תה אנגליה,AE,אחמד תה ירוק 20 שקיו,Unknown,0.00,יחידה,false,,9.90,0.0000,true,1,129816
54881009522,false,תה אהמאד שחור פטל מארז 2X20ג',אחמד תה אנגליה,,תה שחור פטל 20 יח,Unknown,0.00,יחידה,false,,8.90,0.0000,true,1,129818
54881012720,false,אחמד מארז תה פירות 6 סוגים 120 גרם,,,מארז תה פירות 6 סוגי,Unknown,0.00,יחידה,false,,32.90,0.0000,true,1,157984
54881016001,false,חליטות פרי 4 טעמים 20 שקיקים אחמד,,AE,חליטות 4 טעמים 20 שק,Unknown,0.00,יחידה,false,,9.90,0.0000,true,1,157992
54881025591,false,תה ירוק לואיזה לימונית 20 שקיקים,אחמד תה אנגליה,AE,תה ירוק לואיזה לימונ,Unknown,0.00,יחידה,false,,9.90,0.0000,true,1,205020
55369902557,false,אפלסנקס רביעיות רסק תפוחי עץ ממותק בסגנון ביתי עברית,ליייהי אורצ'רדס,CA,אפלסנקס הום סטייל רב,Unknown,0.00,יחידה,false,,14.90,0.0000,true,1,155994
55500012046,false,כלורוקס קלין אפ מרסס נוזל לניקוי רב תכלי,כלורוקס אוקלנד,US,כלורקס קלין אפ,Unknown,0.00,יחידה,false,,22.90,0.0000,true,1,176335
62558202381,false,"ארגני טהור 236 מ""ל {12 כשר} b סירופ מייפל",דיקסר קוויבק,CA,ברנרד סירופ מייפל או,Unknown,0.00,יחידה,false,,32.90,0.0000,true,1,136747
64144090013,false,פאם תרסיס על בסיס שמן קנולה בטעם חמאה,קונאגרה פודס,US,שמן פאם בתרסיס בטעם,,148.00,100 מל,false,,18.20,0.1230,true,1,120839
64144090051,false,"ספריי שמן PAM קנולה אורגינל 148 מ""ל",קונאגרה פודס,US,תרסיס שמן פאם קנולה,,148.00,100 מל,false,,18.20,0.1230,true,1,120841
70080000016,false,חרדל אמריקאי פלוכמן Plochman's,"פלוקמן בע""מ",US,חרדל אמרקאי 297 גרם,גרמים,297.00,100 גרם,false,,11.00,3.7037,true,1,134046
70177077563,false,תה ארל גריי 25 שקיות טוינינגס 50 גר,אר. טווינינגס אנד קומפני,PL,ארל גריי 50 גרם,Unknown,0.00,יחידה,false,,18.90,0.0000,true,1,121439
70177077693,false,תה אנגליש ברקפסט 25 שקיות טוינינגס 50 גר,אר. טווינינגס אנד קומפני,PL,אינגליש ברקפסט 50 גר,Unknown,0.00,יחידה,false,,18.90,0.0000,true,1,121440
70177078744,false,תה אינגליש ברקפסט נטול קפאין 25 שקיקי,טווינינגס Twinings,PL,תה אינגלש ברקפסט,Unknown,0.00,יחידה,false,,21.90,0.0000,true,1,121441
70177078775,false,תה ליידי גריי טוויני,טווינינגס Twinings,,ליידי גריי 50 גרם,Unknown,0.00,יחידה,false,,18.90,0.0000,true,1,121442
70177084738,false,טווינינגס שחור רד פרוט 50 גרם,אר.טווינינג אנד קומפני א,PL,שחור רד פרוט (25),Unknown,0.00,יחידה,false,,18.90,0.0000,true,1,187851
70177173203,false,תה ירוק עם מנטה 25 שק. טוינינגס,אר. טווינינגס אנד קומפני,PL,גרין מינט 37 גרם,Unknown,0.00,יחידה,false,,19.90,0.0000,true,1,121449
72600062290,false,הר חטיף גבינה חלפניו חריף 198 גרם,הר פודס,US,הר חטיף גבינה בטעם ג,גרמים,198.00,100 גרם,false,,21.90,11.0606,true,1,156005
72600062306,false,הרס חטיף במבה בטעם גבינה 198 גרם,הר פודס,US,הר חטיף גבינה 198 גר,גרמים,198.00,100 גרם,false,,21.90,11.0606,true,1,156006
73490130946,false,ביסקויט פתי בר בטעם וניל 500 גרם,אפיפית נצרת,IL,ביסקויט פתיבר הדר ונ,גרמים,500.00,100 גרם,false,,7.90,1.5800,true,1,179030
73490130953,false,ביסקויט בטעם שוקולד 500 גרם,אפיפית נצרת,IL,ביסקויט פתיבר הדר שו,גרמים,500.00,100 גרם,false,,7.90,1.5800,true,1,179031
74234512141,false,רוטב פיקו דה גאלו בס,Empacadora San Marco,,פיקו דה גאלו מטבל על,גרמים,230.00,100 גרם,false,,9.90,4.3043,true,1,133223
74570024001,false,גלידה בטעם תות שדה 473 ג' האגן דאז,האגן-דאז,FR,גלידת האגן דאז תות ש,Unknown,0.00,יחידה,false,,22.90,0.0000,true,1,195974
74570174003,false,גלידה בטעם אגוזי מקדמיה 473 ג' האגן דאז,האגן-דאז,FR,האגן דאז אגוזי מקדמי,גרמים,415.00,100 גרם,false,,22.90,5.5181,true,1,116302
74570610051,false,גלידה בטעם שוקולד בלגי 473 ג' האגן דאז,האגן-דאז,FR,האגן דאז שוקולד בלגי,גרמים,415.00,100 גרם,false,,22.90,5.5181,true,1,116304
76808009330,false,עוגיות סנדוויץ אגוזי לוז קקאו 200 גרם,,,עוגיות סנדוויץ' עם מ,גרמים,200.00,100 גרם,false,,15.90,7.9500,true,1,196886
76808009347,false,עוגיות בטעם חמאה 180 גרם,,,עוגיות בטעם חמאה 180,גרמים,180.00,100 גרם,false,,15.90,8.8333,true,1,196887
76808009354,false,עוגיות קקאו שוקולד חלב ומריר 200 גרם,,,עוגיות קקאו עם שוקול,גרמים,200.00,100 גרם,false,,15.90,7.9500,true,1,196888
76808009361,false,עוגיות לב ושבבי שוקולד מריר 200 גרם,,,עוגיות בצורת לב עם ש,גרמים,200.00,100 גרם,false,,15.90,7.9500,true,1,196885
76840002542,false,"גלידת בן & ג'ריס פיינט נטפליקס וצ'ילד 500מ""ל",מוצרי איכות אמריקאיים בע,IL,גלידת חמאת בוטנים עם,גרמים,420.00,100 גרם,false,,23.90,5.6905,true,1,160532
76840100156,false,"בן אנד גריס גלידת צרי גרסיה 500 מ""ל",מוצרי איכות אמריקאיים בע,IL,גלידת פיינט צ'רי גרס,Unknown,0.00,יחידה,false,,23.90,0.0000,true,1,190288
76840100583,false,"גלידת וניל עם בצק עוגיות בן וג'ירי 473 מ""ל",מוצרי איכות אמריקאיים בע,IL,גלידה וניל +בצק עוגי,גרמים,473.00,100 גרם,false,,23.90,5.0529,true,1,133093
76840400218,false,"גלידה בן&ג'ריס תות שדה ועוגת גבינה 500מ""ל",מוצרי איכות אמריקאיים בע,IL,בן&גריס גלידה תות שד,מיליליטרים,475.00,"100 מ""ל",false,,23.90,5.0316,true,1,133100
77245110610,false,סוכריות מאסט ללא סוכר בטעם מנטה 80 ג'עלית,MIESZKO S.A - MS. JO,PL,סוכריות MUST ללא סוכ,Unknown,0.00,יחידה,false,,6.90,0.0000,true,1,132098
77975034071,false,סניידרס חטיף בייגלה ניברלס 255.2 גרם,ליימן מותגים,US,סניידרס ניבלרס ביסונ,גרמים,255.20,100 גרם,false,,15.90,6.2304,true,1,187876
77975036976,false,מטבל עגבניות בחריפות עדינה סניידרס 439 ג',סניידרס אוף האנובר,US,סניידרס מטבל עגבניות,גרמים,439.00,100 גרם,false,,16.90,3.8497,true,1,120847
77975093085,false,"בייגלה מצופה כעכים בציפוי שוקולד חלב, 141 ג סניידרס",סניידרס Snyder's,US,בייגלה סניידרס מצופה,גרמים,141.00,100 גרם,false,,16.90,11.9858,true,1,198609
77975093108,false,"בייגלה מצופה כעכים בציפוי בטעם שוקולד לבן, 141 ג סניידרס",סניידרס Snyder's,US,בייגלה סניידרס מצופה,גרמים,141.00,100 גרם,false,,16.90,11.9858,true,1,198610
77975094624,false,"סניידרס סנדוויץ בייגלה במילוי חמאת בוטנים , 226 ג'",סניידרס Snyder's,US,סניידרס שברי בייגלה,גרמים,280.00,100 גרם,false,,15.90,5.6786,true,1,173617
77975094631,false,סניידרס סנדוויץ' בייגלה במילוי קרם בטעם צ'דר 226 גרם,סניידרס לאנס,US,בייגלה סניידרס במילו,גרמים,226.80,100 גרם,false,,15.90,7.0106,true,1,164765
77975094761,false,סניידרס חטיפים על בסיס קמח חיטה בטעם גבינת צ'דר,סניידרס אוף האנובר,US,בייגלה סניידרס בטעם,גרמים,340.20,100 גרם,false,,15.90,4.6737,true,1,180751
77975094778,false,שברי בייגלה סניידרס בטעם דבש חרדל 340 גר,סניידרס אוף האנובר,US,בייגלה סניידרס בטעם,גרמים,340.20,100 גרם,false,,15.90,4.6737,true,1,182524
77975095157,false,סניידרס שברי בייגלה בטעם חלפיניו 318 גרם,סניידרס Snyder's,US,בייגלה סניידרס בטעם,גרמים,318.00,100 גרם,false,,15.90,5.0000,true,1,196062
78652522654,false,קערה לסלט 26 ס''מ,,,קערה לסלט 26 ס''מ,Unknown,0.00,יחידה,false,,5.90,0.0000,true,1,193123
80432402931,false,"וויסקי סקוטי, שיבאס ריגאל 12 שנה, 700 מ''ל",מזקקת האחים שיבאס,GB,וויסקי שיבאס ריגאל 1,,700.00,100 מל,false,,129.90,0.1856,true,1,113865
80480001520,false,רום בקרדי ספייסד 750,,US,"בקרדי ספייסד 750 מ""ל",מיליליטרים,750.00,"100 מ""ל",false,,124.90,16.6533,true,1,179115
82184090442,false,וויסקי ג'ק דניאלס 1 ליטר,בראון פורמן,US,ג'ק דניאלס 1 ליטר,קילוגרמים,1.00,ליטר,false,,149.90,149.9000,true,1,112343
85156515417,false,וודקה קטל וואן בקבוק,DIAGEO,NL,"וודקה קטל 1 750 מ""ל",מיליליטרים,750.00,"100 מ""ל",false,,119.90,15.9867,true,1,113132
87666052819,false,"רוטב סריראצ'ה סופר חריף 455 מ""ל",EXOTIC FOOD PCL,,רוטב סריראצ'ה סופר ח,מיליליטרים,455.00,"100 מ""ל",false,,28.90,6.3516,true,1,175459
89041081056,false,שמן סויה בתיבול צילי,Flavor full foods in,TW,מזרח ומערב יבוא שמן,מיליליטרים,185.00,"100 מ""ל",false,,11.00,5.9459,true,1,133233
96086001512,false,עוגיות קלות אביבה ללא סוכר בטעם לימון 200 גר',מצות אביב 2014 מאפה בעמ,IL,עוגיות קלות אביבה לל,גרמים,200.00,100 גרם,false,,13.90,6.9500,true,1,156046
96086001529,false,"עוגיות קלות ללת""ס בטעם קפוצינו 200 גר",מצות אביב,IL,עוגיות קלות אביבה לל,גרמים,200.00,100 גרם,false,,13.90,6.9500,true,1,156047
290015466127,false,אלין א.ד.ט פאודר 30,,,אלין א.ד.ט פאודר 30,Unknown,0.00,יחידה,false,,39.90,0.0000,true,1,110563
305210416383,false,"ואזלין קרם גוף לגבר נספג במהירות 600 מ""ל","יוניליוור, ג'פרסון סיטי,",US,וזלין תחליב גוף לגבר,,600.00,100 מל,false,,23.90,0.0398,true,1,119349
305213079004,false,"תחליב גוף להזנה עמוקה צהוב וזלין 600 מ""ל","יוניליוור, ג'פרסון סיטי,",US,וזלין תחליב גוף צהוב,,600.00,100 מל,false,,23.90,0.0398,true,1,111082
356989463127,false,כבל חשמאל,,,כבל חשמאל,Unknown,0.00,יחידה,false,,19.90,0.0000,true,1,189281
482562147582,false,אסטוניש אבקת הפלא מס,,GB,אסטוניש אבקת הפלא מס,גרמים,825.00,100 גרם,false,,19.90,2.4121,true,1,205093
608614310654,false,ענב שחור בנספק,Unknown,,ענבים אדומים,Unknown,0.00,יחידה,false,,14.90,0.0000,true,1,193974
608614315529,false,פסיפלורה יחידה,משק דניאל'ס,IL,פספלורה,Unknown,0.00,יחידה,false,,19.90,0.0000,true,1,172428
608614319633,false,חבילת שבבים ספאן,,,חבילת שבבים ספאן,Unknown,0.00,יחידה,false,,44.90,0.0000,true,1,178814
628154383659,false,דגני בוקר פרוטי פבלס פוסט 311 גרם,פוסט ארצות הברית,US,פרוטי פבלס דגני בוקר,גרמים,311.00,100 גרם,false,,20.90,6.7203,true,1,197285
633824111838,false,"וודקה וואן גוך בטעם אננס, 750 מ''ל",מזקקת קוימאנס טילבורג,NL,וודקה וואן גוך בטעם,,750.00,100 מל,false,,139.90,0.1865,true,1,113267
633824139122,false,וודקה בטעם קרמל הולנדי,מזקקת דירקזוואכר סכי,,וודקה וואן גוך בטעם,,750.00,100 מל,false,,139.90,0.1865,true,1,113268
637796401164,false,עוגיות קוויקברי פרמי,,,עוגיות פירימום סלקשן,Unknown,0.00,יחידה,false,,15.90,0.0000,true,1,125042
645173911038,false,מלפפון קורנישון מיני בצנצנת 720ג',קלמן אינדיה פי וי סי,IN,קורנישון מיני 720 גר,גרמים,720.00,100 גרם,false,,9.90,1.3750,true,1,118457
645173911175,false,קורנישון תומר 1.36 ק,,,קורנישון תומר 1.36 ק,פריט,1.36,"ק""ג",false,,16.20,11.9118,true,1,118458
651080647519,false,קיסמים עם חוט דנטלי פלאקרס מנטה 35 יחידות,"פלקרס רנור ארה""ב",US,פלקרס פלוסר מנטה,Unknown,0.00,יחידה,false,,14.00,0.0000,true,1,111232
667548800501,false,"ו.סיקרט בודי ספריי רומנטיק 250מ""ל",ויקטוריה סיקרט,US,ויקטוריה סיקרט בודי,מיליליטרים,250.00,"100 מ""ל",false,,59.90,23.9600,true,1,182374
667550528547,false,"ו.סיקריט בודי ספריי גולד סטראק 250מ""ל",,,ו.סיקריט בודי ספריי,מיליליטרים,250.00,"100 מ""ל",false,,59.90,23.9600,true,1,190237
673324216473,false,מגבת 40*60,,,מגבת 40*60,Unknown,0.00,יחידה,false,,8.90,0.0000,true,1,196798
673324216480,false,מגבת 50*90,,,מגבת 50*90,Unknown,0.00,יחידה,false,,16.90,0.0000,true,1,196799
673324216503,false,מגבת 90*150,,,מגבת 90*150,Unknown,0.00,יחידה,false,,49.90,0.0000,true,1,196801
673324216534,false,סט מצעים מיטה וחצי 1,,,סט מצעים מיטה וחצי 1,Unknown,0.00,יחידה,false,,239.90,0.0000,true,1,196882
673324216541,false,סט מצעים זוגי סטנדרט,,,סט מצעים זוגי סטנדרט,Unknown,0.00,יחידה,false,,289.90,0.0000,true,1,196883
673324216558,false,סט מצעים 180*200,,,סט מצעים 180*200,Unknown,0.00,יחידה,false,,299.90,0.0000,true,1,196884
673324216565,false,חלוק רחצה 100% כותנה,,,חלוק רחצה 100% כותנה,Unknown,0.00,יחידה,false,,80.00,0.0000,true,1,201126
693493010788,false,"נאצוס חטיף טורטיה ע""ב תירס ברביקיו 200 ג",או. קיי סניקס,DK,נאצ'וס חטיף טורטיה ע,גרמים,200.00,100 גרם,false,,10.90,5.4500,true,1,201135
693493048972,false,שבבי פקאן,,,שבבי פקאן,Unknown,0.00,יחידה,false,,44.90,0.0000,true,1,190034
693493048996,false,שבבי אלון,,,שבבי אלון,Unknown,0.00,יחידה,false,,44.90,0.0000,true,1,190035
693493065351,false,מלפפון בייבי משק פר,Unknown,,מלפפון בייבי,Unknown,0.00,יחידה,false,,8.90,0.0000,true,1,182734
693493065634,false,ניוקי 3 צבעים 500 גר,,,ניוקי 3 צבעים 500 גר,גרמים,500.00,100 גרם,false,,9.90,1.9800,true,1,179239
693493131049,false,פרנצ'סקה כבוד הראב 1,,,פרנצ'סקה כבוד הראב 1,גרמים,110.00,100 גרם,false,,29.90,27.1818,true,1,175924
693493138994,false,אחלה בוטנים 100 גרם,,,אחלה בוטנים 100 גרם,Unknown,0.00,יחידה,false,,5.90,0.0000,true,1,190689
693493139007,false,"אחלה תפו""א ברביקיו 1",,,"אחלה תפו""א ברביקיו 1",Unknown,0.00,יחידה,false,,5.90,0.0000,true,1,190692
693493139014,false,"אחלה תפו""א צינורית 1",,,"אחלה תפו""א צינורית 1",Unknown,0.00,יחידה,false,,5.90,0.0000,true,1,190690
693493139021,false,אחלה דלוקס טבעי 100,,,אחלה דלוקס טבעי 100,Unknown,0.00,יחידה,false,,5.90,0.0000,true,1,190693
693493139038,false,אחלה חיטה מתוקה 100,,,אחלה חיטה מתוקה 100,Unknown,0.00,יחידה,false,,5.90,0.0000,true,1,190691
697348758467,false,קרומבכר פילס בקבוק 3,,,קרומבכר פילס בקבוק 3,מיליליטרים,330.00,"100 מ""ל",false,,39.90,12.0909,true,1,189663
707596280204,false,יין בלו נאן רוזה 750,bluenun,,בלו נאן פינק,Unknown,750.00,יחידה,false,,39.90,0.0532,true,1,113591
728229123590,false,טרה אורגינל חטיף על בסיס ירקות שורש בטעם טבעי 110 גרם,הונדורס צ'יפס יצור א,HN,טרה ציפס חטיף אורגינ,גרמים,110.00,100 גרם,false,,15.90,14.4545,true,1,137921
728229123811,false,טרה חטיף על בסיס ירקות שורש בתיבול ים תיכוני 110 גרם,הונדורס צ'יפס יצור א,HN,טרה ציפס ירקות טבעי,גרמים,110.00,100 גרם,false,,15.90,14.4545,true,1,137923
728229124764,false,טרה חטיף על בסיס בטטה עם מלח ים 110 גרם,היין פיוצ'ור נטורל פ,IN,טרה בטטה עם מלח ים 1,גרמים,110.00,100 גרם,false,,15.90,14.4545,true,1,190343
728229130154,false,טרה חטיף על בסיס בטטה וסלק בטעם טבעי 110 גרם,הונדורס צ'יפס יצור א,HN,טרה ציפס חטיף בטטה ו,גרמים,110.00,100 גרם,false,,15.90,14.4545,true,1,137926
728229130444,false,"חטיף על בסיס ירקות שורש עם בטטה, תפו""א כחול וסלק",היין סלסטיאל גרופ,US,חטיף צ'יפס מירקות אק,גרמים,110.00,100 גרם,false,,15.90,14.4545,true,1,137927
729002332602,false,דג אמנון טרי שלם,,,דג אמנון טרי שלם,קילוגרמים,1.00,"ק""ג",true,,27.90,27.9000,true,1,199331
729009288018,false,דג אמנון טרי שלם,,,דג אמנון טרי שלם,קילוגרמים,1.00,"ק""ג",true,,27.90,27.9000,true,1,199332
729602173653,false,"סכו""ם נירוסטה סט 24",,,"סכו""ם נירוסטה סט 24",Unknown,0.00,יחידה,false,,79.90,0.0000,true,1,157799
734896880483,false,שש בש,General,,שש בש,Unknown,0.00,יחידה,false,,19.90,0.0000,true,1,195492
734896880735,false,בועות סבון מיקרופון,General,,בועות סבון מיקרופון,Unknown,0.00,יחידה,false,,12.90,0.0000,true,1,195496
741754368687,false,מארז יין כספיריטס בן,,,מארז יין כספיריטס בן,Unknown,0.00,יחידה,false,,79.90,0.0000,true,1,199486
768404001640,false,"גלידה בן&ג'ריס קפה משפחתית 500מ""ל",מוצרי איכות אמריקאיים בע,IL,גלידה פיינטס קפה 473,Unknown,473.00,יחידה,false,,23.90,0.0505,true,1,133106
769904000997,false,שקדי מרק ללא גלוטן200גרם,משובח תעשיות מזון,IL,דגש שקדי מרק ללא גלו,גרמים,200.00,100 גרם,false,,17.90,8.9500,true,1,153404
786150000281,false,"שישייה בירה לף בראון בקבוק 330X6 מ""ל","אינבב, ברוורייפליין",BE,לף בראון שישייה 330,מיליליטרים,330.00,"100 מ""ל",false,,49.90,15.1212,true,1,194695
807305000007,false,צנצנת זכוכית,,,צנצנת זכוכית,Unknown,0.00,יחידה,false,,9.90,0.0000,true,1,197639
811250030002,false,מלח הימלאיה ורוד מטח,,,מלח הימלאיה ורוד מטח,גרמים,330.00,100 גרם,false,,25.90,7.8485,true,1,173264
811250030026,false,פלפל שחור שלם מטחנה,,,פלפל שחור שלם מטחנה,גרמים,150.00,100 גרם,false,,25.90,17.2667,true,1,131948
811250031481,false,שמיר 25 גרם,,,שמיר 25 גרם,Unknown,0.00,יחידה,false,,12.90,0.0000,true,1,177465
811250031504,false,תערובת תיבול בהרףט ל,,,תערובת תיבול בהרט לק,Unknown,0.00,יחידה,false,,12.90,0.0000,true,1,177467
811250031511,false,רוזמרין 40 גרם,,,רוזמרין 40 גרם,Unknown,0.00,יחידה,false,,12.90,0.0000,true,1,177468
811538013031,false,"רום כהה מתובל קראקן 700 מ""ל",פורקסומוס ספירס,US,"רום קראקן 700 מ""ל",מיליליטרים,700.00,"100 מ""ל",false,,139.90,19.9857,true,1,113712
835811000464,false,"תמצית מטעם רום 250 מ""ל הנמל",,IL,הנמל תמצית אפייה בטע,,250.00,100 מל,false,,10.90,0.0436,true,1,118057
835811001140,false,שומשום הנמל 400 גרם,הנמל אריזות.,IL,שומשום הנמל 400 גרם,גרמים,400.00,100 גרם,false,,9.90,2.4750,true,1,158957
835811003700,false,סודה לשתיה הנמל 250 גרם,פוליבה,IL,הנמל סודה לשתיה 250,גרמים,250.00,100 גרם,false,,5.90,2.3600,true,1,161400
835811004417,false,ריבת חלב הנמל 340 גר,,,הנמל ריבת חלב 340 גר,גרמים,340.00,100 גרם,false,,12.90,3.7941,true,1,118085
835811005667,false,שוקולד ציפס בטעם שוקולד 250גר',פינוקים תעשיות מזון,,הנמל נטיפים בטעם שוק,גרמים,250.00,100 גרם,false,,9.00,3.6000,true,1,118119
835811005728,false,עלים לקרמשניט הנמל 400 גרם,"רונית מאפים בע""מ",IL,עוגיות רונשי עלים ל-,גרמים,400.00,100 גרם,false,,18.00,4.5000,true,1,118121
835811006497,false,אבקת סוכר 500 גרם הנמל,ר.ס. חברה ליבוא ויצו,IL,הנמל אבקת סוכר 500 ג,גרמים,500.00,100 גרם,false,,6.90,1.3800,true,1,118131
835811007494,false,ג'לטין טהור מדגים14X2גרם,גואנגדונג מיניאנג,TW,הנמל ג'לטין טהור מדג,Unknown,0.00,יחידה,false,,8.80,0.0000,true,1,118143
839762000641,false,משקה איילנד מנגו נקטר 1 ל',"פאראגאלה,דה אג'יפשן קו פ",EG,איילנד מנגו בקבוק לי,,1000.00,100 מל,false,,13.90,0.0139,true,1,142320
839762000658,false,איילנד גויאבה המשקה של חופי סיני 1 ליטר,The Egyptian Co. for,EG,איילנד גויאבה המשקה,,1000.00,100 מל,false,,13.90,0.0139,true,1,142321
841058006633,false,"אדג' ג'יל גילוח מועשר בשיבולת שועל 198 מ""ל",קריות זול,US,אדג' ג'ל גלוח מעושר,מיליליטרים,200.00,"100 מ""ל",false,,16.90,8.4500,true,1,167544
842387000736,false,מטען רכב פרימיום מיק,Unknown,,מטען רכב פרימיום מיק,Unknown,0.00,יחידה,false,,39.90,0.0000,true,1,163275
850006036028,false,מאפה חיטה מקלונים בטעם סלק בצל 400 ג' עבאדי,עבאדי,IL,עבאדי מאפה חיטה מקלו,גרמים,400.00,100 גרם,false,,16.90,4.2250,true,1,198262
850018558280,false,נייר מגבת אמריקאי כפול שישייה ר.שמאי,,,WAVE נייר מגבת כפול,Unknown,0.00,יחידה,false,,24.90,0.0000,true,1,202660
851621000050,false,בירה חיטה בטעם הדרים 1664 בלאנק - שישייה,קרלסברג ספליי קומפאני פו,PL,שישיית 1664 Blanc בק,,330.00,100 מל,false,,44.90,0.1361,true,1,161607
856591000062,false,עוגיות מזרחיות עם מלח עבאדי 400 גרם,מאפיית יוסף ושמחה עבאדי,IL,עוגיות מזרחיות מלח,גרמים,400.00,100 גרם,false,,16.90,4.2250,true,1,129435
856591000109,false,עוגיות מזרחיות פריך במיוחד עבאדי 400 גרם,מאפיית יוסף ושמחה עבאדי,IL,עבדי עוגיות מזרחיות,גרמים,400.00,100 גרם,false,,16.90,4.2250,true,1,129438
856591000512,false,עוגיות מזרחיות מקלונים עם שומשום עבאדי 400 גרם,מאפיית יוסף ושמחה עבאדי,IL,עבדי עוגיות מזרחי מק,גרמים,400.00,100 גרם,false,,16.90,4.2250,true,1,129444
856591000956,false,עוגיות קטנטנים של עבאדי טעם גריל 350 גרם,עבאדי,IL,מאפה חיטה קטנטנים בט,גרמים,350.00,100 גרם,false,,21.90,6.2571,true,1,199167
860001415902,false,משקה קולגן 12 פחיות,,,משקה קולגן 12 פחיות,מיליליטרים,250.00,"100 מ""ל",false,,14.90,5.9600,true,1,192865
869335303669,false,צנצנת 1 ליטר מכסה מת,,,צנצנת 1 ליטר מכסה מת,Unknown,0.00,יחידה,false,,10.00,0.0000,true,1,157249
876153002662,false,קסטלו דל פוג'יו רוזה,,,קסטלו דל פוג'יו רוזה,מיליליטרים,750.00,"100 מ""ל",false,,44.90,5.9867,true,1,199488
877300000050,false,קינמון טחון 80 גרם ש,נפטון Neptune,,קינמון טחון 80 גרם ש,Unknown,0.00,יחידה,false,,4.90,0.0000,true,1,181471
877300000074,false,פלפל שחור גרוס צנצנת,,,פלפל שחור גרוס 100 ג,גרמים,100.00,100 גרם,false,,11.90,11.9000,true,1,131950
877300000081,false,פלפל שחור טחון צנצנת,,,פלפל שחור טחון צנצנת,Unknown,0.00,יחידה,false,,11.90,0.0000,true,1,131951
877300000210,false,תערובת לתיבול טוסקנה,נפטון Neptune,,טוסקנה 60 גרם שקית,Unknown,0.00,יחידה,false,,4.90,0.0000,true,1,181479
877300000234,false,תערובת לתיבול פילדלפיה,נפטון Neptune,,פלדלפיה 60 גרם שקית,Unknown,0.00,יחידה,false,,4.90,0.0000,true,1,181472
877300000364,false,אורגנו 20 גרם שקית,,,אורגנו 20 גרם שקית,Unknown,0.00,יחידה,false,,3.90,0.0000,true,1,181469
877300000845,false,פפריקה מתוקה בשמן בסגנון מרוקאי,נפטון Neptune,,פפריקה מתוקה מרוקאית,Unknown,0.00,יחידה,false,,5.90,0.0000,true,1,181480
877300001019,false,כוסברה טחון 120גרם,נפטון Neptune,,כוסברה טחון 120גרם,Unknown,0.00,יחידה,false,,11.90,0.0000,true,1,131957
877300001040,false,כורכום טחון 150 גרם,נפטון Neptune,,כורכום טחון 150 גרם,Unknown,0.00,יחידה,false,,11.90,0.0000,true,1,131958
877300001057,false,פלפל לבן טחון צנצנת,,,פלפל לבן טחון צנצנת,Unknown,0.00,יחידה,false,,11.90,0.0000,true,1,131959
877300001101,false,נפטון קינמון טחון 15,נפטון Neptune,,קינמון טחון 150 גרם,Unknown,0.00,יחידה,false,,11.90,0.0000,true,1,131962
877300001163,false,פפריקה חריפה 150 גר,נפטון Neptune,,פפריקה חריפה 150 גר,Unknown,0.00,יחידה,false,,11.90,0.0000,true,1,131964
877300001170,false,פפריקה מתוקה 150 גרם,נפטון Neptune,,פפריקה מתוקה 150 ג,Unknown,0.00,יחידה,false,,11.90,0.0000,true,1,131965
877300001248,false,פפריקה מתוקה מרוקאית בשמן,נפטון Neptune,,פפריקה מתוקה מרוקאית,Unknown,0.00,יחידה,false,,11.90,0.0000,true,1,131967
877300001286,false,כמון טחון 150 גרם,נפטון Neptune,,כמון טחון 150 גרם,גרמים,150.00,100 גרם,false,,11.90,7.9333,true,1,131968
877300001330,false,תערובת תיבול חוויאג' למרק,נפטון Neptune,,תבלין חוויאג' למרק,Unknown,0.00,יחידה,false,,11.90,0.0000,true,1,131969
877300001347,false,תבלין סטייק 150 גרם,,,תבלין סטייק 150 גרם,Unknown,0.00,יחידה,false,,11.90,0.0000,true,1,131970
877300001378,false,תערובת תיבול גריל דג,נפטון Neptune,,תבלין גריל דג 150 ג,Unknown,0.00,יחידה,false,,11.90,0.0000,true,1,131972
877300001385,false,תערובת תיבול לפרגיות,נפטון Neptune,,תבלין לפרגיות 150 ג,Unknown,0.00,יחידה,false,,11.90,0.0000,true,1,131973
877300001392,false,תערובת תיבול לגריל עוף,נפטון Neptune,,תבלין גריל עוף 150,Unknown,0.00,יחידה,false,,11.90,0.0000,true,1,131974
877300001453,false,תערובת תיבול זעתר שומשום,נפטון Neptune,,תבלין זעתר שומשום 1,Unknown,0.00,יחידה,false,,11.90,0.0000,true,1,131975
877300001576,false,תערובת תיבול על האש ברביקיו,נפטון Neptune,,תבלין על האש ברביקיו,גרמים,150.00,100 גרם,false,,11.90,7.9333,true,1,131978
877300001583,false,תערובת תיבול לדג מבושל,נפטון Neptune,,תבלין לדג מבושל 120,Unknown,0.00,יחידה,false,,11.90,0.0000,true,1,131979
877300001637,false,תבלין פפריקה מתוקה ג,,,פפריקה מתוקה בשמן 15,גרמים,150.00,100 גרם,false,,10.00,6.6667,true,1,181976
877300002160,false,רוטב צ'ילי מתוק 370 גרם,נפטון מוצרי מזון (1990),IL,רוטב צ'ילי מתוק 370,Unknown,0.00,יחידה,false,,12.90,0.0000,true,1,131985
877300002191,false,שום כתוש ממרח 180 גר,,,שום כתוש ממרח 180 גר,Unknown,0.00,יחידה,false,,12.90,0.0000,true,1,131987
877300002214,false,אריסה 180גרם,,,אריסה 180גרם,Unknown,0.00,יחידה,false,,12.90,0.0000,true,1,131988
877300002290,false,פפריקה מרוקאית מעושנת,נפטון Neptune,,פפריקה מרוקאית מעושנ,גרמים,150.00,100 גרם,false,,11.90,7.9333,true,1,131990
877300002313,false,תערובת תיבול ראס אל חנות,נפטון Neptune,,תבלין ראס אל חנות 1,Unknown,0.00,יחידה,false,,11.90,0.0000,true,1,131991
877300003242,false,רוטב ברביקיו נפטון 3,נפטון מוצרי מזון (1990),IL,רוטב ברביקיו 360 גרם,Unknown,0.00,יחידה,false,,12.90,0.0000,true,1,132012
877300003327,false,רוטב סויה מתוק 360 גרם,נפטון מוצרי מזון (1990),IL,רוטב סויה מתוק 370 ג,Unknown,0.00,יחידה,false,,12.90,0.0000,true,1,132019
877300003334,false,רוטב נפטון קארי 330,"נפטון מוצרי מזון בע""",IL,רוטב קארי 330 גרם,Unknown,0.00,יחידה,false,,12.90,0.0000,true,1,132020
877300003358,false,ממרח פלפל צ`ומה נפטו,,IL,ממרח פלפל צ'ומה 180,גרמים,180.00,100 גרם,false,,12.90,7.1667,true,1,132022
877300003365,false,רוטב מקסיקני 320 גרם,נפטון Neptune,,רוטב מקסיקני 320 גרם,Unknown,0.00,יחידה,false,,12.90,0.0000,true,1,132023
877300004096,false,ממרח זיתים ירוקים 18,,,ממרח זיתים ירוקים 18,גרמים,180.00,100 גרם,false,,12.90,7.1667,true,1,132024
877300004157,false,סחוג ירוק חריף אש ממ,,,סחוג ירוק חריף אש ממ,גרמים,180.00,100 גרם,false,,12.90,7.1667,true,1,132027
877300004256,false,ציפוי לשניצל ירקות ש,,,ציפוי לשניצל שומשום,גרמים,400.00,100 גרם,false,,9.90,2.4750,true,1,132028
877300004263,false,ציפוי לשניצל וינאי,,,ציפוי לשניצל וינאי,גרמים,400.00,100 גרם,false,,9.90,2.4750,true,1,132029
877300004270,false,ציפוי לשניצל ים תיכו,,,ציפוי לשניצל ים תיכו,גרמים,400.00,100 גרם,false,,9.90,2.4750,true,1,132030
877300004553,false,פפריקה מתוקה 80 גרם,נפטון Neptune,,פפריקה מתוקה 80 גרם,Unknown,0.00,יחידה,false,,5.90,0.0000,true,1,181473
877300004560,false,פפריקה חריפה 80 גרם,נפטון Neptune,,פפריקה חריפה 80 גרם,Unknown,0.00,יחידה,false,,4.90,0.0000,true,1,181474
877300004577,false,כמון טחון 50 גרם שקי,נפטון Neptune,,כמון טחון 50 גרם שקי,Unknown,0.00,יחידה,false,,4.90,0.0000,true,1,181475
877300004584,false,כורכום טחון 80 גרם ש,נפטון Neptune,,כורכום 50 גרם שקית,Unknown,0.00,יחידה,false,,4.90,0.0000,true,1,181476
877300004621,false,זעתר ושומשום תערובת לתיבול,נפטון Neptune,,זעתר שומשום 80 גרם ש,Unknown,0.00,יחידה,false,,4.90,0.0000,true,1,181470
877300005369,false,תבלין שווארמה,,,תבלין שווארמה,קילוגרמים,1.00,"ק""ג",true,,70.00,70.0000,true,1,180008
877300007714,false,כורכום טחון 400 גרם,,,כורכום טחון 400 גרם,גרמים,400.00,100 גרם,false,,19.90,4.9750,true,1,132042
877300007721,false,כמון טחון 400 גרם,,,כמון טחון 400 גרם,גרמים,400.00,100 גרם,false,,19.90,4.9750,true,1,132043
877300007752,false,פפריקה מתוקה 400 גר,,,פפריקה מתוקה 400 גר,גרמים,400.00,100 גרם,false,,19.90,4.9750,true,1,132045
877300007936,false,פפריקה מתוקה גס בשמן,,,פפריקה מתוקה גס בשמן,גרמים,400.00,100 גרם,false,,19.90,4.9750,true,1,204328
877300008001,false,פפריקה חריפה בשמן 40,,,פפריקה חריפה בשמן 40,גרמים,400.00,100 גרם,false,,19.90,4.9750,true,1,132047
877300008698,false,פלפלת ארבע עונות שלם,,,פ.ארבע עונות 30 גרם,Unknown,0.00,יחידה,false,,15.90,0.0000,true,1,132050
877300008711,false,תבלין סטייק מונטריאו,,,סטייק מונטריאול 65,Unknown,0.00,יחידה,false,,15.90,0.0000,true,1,132052
877300008841,false,רוטב אלף האיים 310 גרם,נפטון מוצרי מזון (1990),IL,אלף האיים 310 גרם,גרמים,310.00,100 גרם,false,,12.90,4.1613,true,1,132056
877300008858,false,רוטב ויניגרט הדרים 310 ג,נפטון מוצרי מזון (1990),IL,ויניגרט הדרים 310 ג,Unknown,0.00,יחידה,false,,12.90,0.0000,true,1,132057
877300009183,false,רוטב שמן זית ולימון,,,שמן זית ולימון 300 ג,Unknown,0.00,יחידה,false,,12.90,0.0000,true,1,132059
877300009367,false,ממרח פסטו קלאסי בזיל,,,ממרח פסטו בזיליקום ק,גרמים,180.00,100 גרם,false,,12.90,7.1667,true,1,172967
877300009558,false,ציפוי לשניצל פירורי לחם בתיבול איטלקי,נפטון Neptune,,ציפוי לשניצל ירקות א,גרמים,400.00,100 גרם,false,,9.90,2.4750,true,1,132067
877300009725,false,אורגנו צנצנת מרובעת,,,אורגנו צנצנת מרובעת,גרמים,60.00,100 גרם,false,,11.90,19.8333,true,1,182963
877300009848,false,מלח לימון 150 גרם נפ,,,מלח לימון 150 גרם,Unknown,0.00,יחידה,false,,11.90,0.0000,true,1,132073
884912111715,false,דגני פוסט האני קומב 354 גר,פוסט ארצות הברית,US,פוסט דגני בוקר האני,גרמים,354.00,100 גרם,false,,25.90,7.3164,true,1,160307
884912117625,false,דגני שלווה מצופים בדבש Golden Crisp,הנסיך- מפעל לייצור ט,US,פוסט גולדן קריספ 311,גרמים,311.00,100 גרם,false,,23.90,7.6849,true,1,160308
884912126115,false,גרייט גריינס דגני בוקר עם פירות יבשים פוסט 453 גרם,הנסיך- מפעל לייצור ט,US,פוסט דגני בוקר גרייט,גרמים,453.00,100 גרם,false,,25.90,5.7174,true,1,135566
884912129512,false,דגני בוקר קוקו פוסט פלינסטונס 311 גרם,פוסט לקיוויל,US,פוסט קוקו פבלס דגני,גרמים,311.00,100 גרם,false,,20.90,6.7203,true,1,186921
884912342737,false,דגני בוקר קריספי וופל פוסט 326 גרם.,הנסיך- מפעל לייצור ט,US,פוסט קריספ וופל 326,גרמים,326.00,100 גרם,false,,21.90,6.7178,true,1,135582
884912359155,false,דגני בוקר האני באנצ'ס האני רוסטד פוסט 340 גרם,פוסט ארצות הברית,US,האני באנצס האני רוסט,גרמים,340.00,100 גרם,false,,21.90,6.4412,true,1,198197
884912359162,false,האני באנצ' דגני בוקר עם שקדים פוסט 411 גרם,פוסט ארצות הברית,US,האני באנצס שקדים 340,גרמים,340.00,100 גרם,false,,21.90,6.4412,true,1,198196
884912365200,false,דגני בוקר אוראו שחור ולבן 311 גרם,פוסט ארצות הברית,US,דגני בוקר עם פירורי,גרמים,311.00,100 גרם,false,,22.90,7.3633,true,1,200765
884912365217,false,דגני בוקר אוראו שחור ולבן 311 גרם,פוסט ארצות הברית,US,דגני בוקר עם פירורי,גרמים,311.00,100 גרם,false,,22.90,7.3633,true,1,179853
950335017560,false,מיבש כלים זהב,,,מיבש כלים זהב,Unknown,0.00,יחידה,false,,149.90,0.0000,true,1,201194
960860015432,false,"עוגיות קלות ללת""ס קמח מלא 200 גר",מצות אביב 2014 מאפה בעמ,IL,עוגיות קלות אביבה לל,גרמים,200.00,100 גרם,false,,13.90,6.9500,true,1,156051
3010470155299,false,פריסקיז Friskies פטה בקר וירקות,ניו פטפוד איטליה,IT,פריסקיז פטה בקר וירק,גרמים,400.00,100 גרם,false,,11.90,2.9750,true,1,126359
3014260258313,false,גילט סירייס אפטר שייב ספלאש AI,General,,GILLETTE ARCTIC ICE,Unknown,0.00,יחידה,false,,59.90,0.0000,true,1,169477
3014260287030,false,סכיני גילוח חד פעמי חמישיה gullette,פרוקטר אנד גמבל,MD,"ג'ילט סכיני גילוח ח""",Unknown,5.00,יחידה,false,,7.90,1.5800,true,1,144648
3014260289287,false,סכין גילוח גילט בלו 2 לנשים-חמישייה,פרוקטר אנד גמבל,RU,ג'ילט סכיני בלו 2 ל,,5.00,יחידו,false,,15.00,3.0000,true,1,110911
3014260319519,false,אורל בי מברשת שיניים,,,אורל בי מברשת שיניים,Unknown,0.00,יחידה,false,,29.90,0.0000,true,1,181178
3014260803926,false,מברשת אוראל 335 בי ס,,,מברשת אוראל 335 בי ס,Unknown,0.00,יחידה,false,,5.90,0.0000,true,1,169852
3014260821883,false,אורל בי זוג-סופט,,,אורל בי זוג-סופט,Unknown,0.00,יחידה,false,,5.90,0.0000,true,1,172734
3014409005471,false,פסטיס פרדו 1 ליטר(כש,,FR,פסטיס פרדו 1 ליטר(כש,ליטרים,1.00,100 ליטר,false,,109.90,109.9000,true,1,178972
3028130076457,false,קוניאק קמוס וי.סי.או,,,קוניאק קמוס VSOP 700,מיליליטרים,700.00,"100 מ""ל",false,,179.90,25.7000,true,1,189480
3035542004206,false,ליקר תפוזים קואנטרו700מל,רמי קואנטרו,FR,"קואנטרו 700מ""ל",מיליליטרים,700.00,"100 מ""ל",false,,109.90,15.7000,true,1,191877
3045201107001,false,אידיאל מסיר כתמים לפני כביסה -כדור מסאג,אידיאל Ideal,ES,אידאל מסיר כתמים אדו,Unknown,0.00,יחידה,false,,21.90,0.0000,true,1,163670
3046920010856,false,לינדט שוקולד אקסלנס לימון גינגיר 100 גר,לינדט ושפרונגלי,CH,לינדט אקס'למון ג'ינג,גרמים,100.00,100 גרם,false,,14.90,14.9000,true,1,156998
3046920016377,false,לינדט שוקולד אקסלנס מריר 100% קקאו 50 גר,לינדט ושפרונגלי,DE,לינדט אקסלנס 100% 50,Unknown,0.00,יחידה,false,,14.90,0.0000,true,1,163152
3046920027281,false,שוקולד מריר אקסלנס במילוי קרמל ומלח ים,לינדט ושפרונגלי קילשברג,FR,לינדט אקסלנס קרמל מר,Unknown,0.00,יחידה,false,,15.10,0.0000,true,1,121484
3046920028004,false,לינדט שוקולד אקסלנס מריר 70% 100 גר,לינדט ושפרונגלי קילשברג,FR,לינדט אקסלנס 70% 100,גרמים,100.00,100 גרם,false,,14.90,14.9000,true,1,121486
3046920028363,false,לינדט אקסלנס 85% מוצקי קקאו 100 גרם,לינדט ושפרונגלי קילשברג,FR,לינדט אקסלנס 85% 100,גרמים,100.00,100 גרם,false,,14.90,14.9000,true,1,121487
3046920028721,false,שוק.מריר לינדט 99% 50גרם,לינדט ושפרונגלי קילשברג,FR,לינדט אקסלנס 99% קקא,Unknown,0.00,יחידה,false,,14.90,0.0000,true,1,121490
3046920029674,false,שוקולד לינדט אקסלנס סולט 100 גרם,לינדט ושפרונגלי קילשברג,DE,לינדט אקסלנס עם שבבי,גרמים,100.00,100 גרם,false,,14.90,14.9000,true,1,121493
3046920029681,false,לינדט שוקולד אקסלנס מילד 85% קקאו 100 גר,לינדט ושפרונגלי,DE,לינדט אקסלנס 85 % 10,גרמים,100.00,100 גרם,false,,14.90,14.9000,true,1,163153
3046920029759,false,לינדט אקסלנס 90% מוצקי קקאו 100 גרם,לינדט ושפרונגלי קילשברג,DE,לינדט אקסלנס 90% 100,גרמים,100.00,100 גרם,false,,14.90,14.9000,true,1,121495
3049197110076,false,"קוניאק קורבזייה 700 מ""ל V.S",גים בים,FR,בקבוק קוניאק קורווסי,מיליליטרים,700.00,"100 מ""ל",false,,159.00,22.7143,true,1,112351
3059940007768,false,"מבשם אוויר אירוויק ספריי וניל אורכידאה 240 מ""ל",איירוויק Air Wick,GB,מטהר אוויר ספריי איי,,240.00,100 מל,false,,9.90,0.0413,true,1,134057
3059943015104,false,"אירוויק מבשם אויר נטול גז בניחוח פריסיה ויסמין 345 מ""ל",איירוויק Air Wick,PL,מבשם אוויר איירוויק,,345.00,100 מל,false,,14.90,0.0432,true,1,111179
3059943016507,false,"אירוויק ספריי בניחוח לבנדר וקמומיל 240 מ""ל",איירוויק Air Wick,GB,מטהר אוויר ספריי איי,,240.00,100 מל,false,,9.90,0.0413,true,1,111181
3059943016569,false,"מבשם אוויר אירוויק ספריי פרסיה ויסמין 240 מ""ל",איירוויק Air Wick,GB,מטהר אוויר ספריי איי,,240.00,100 מל,false,,9.90,0.0413,true,1,134058
3059944022415,false,רצועות שעווה מוכנות לשימוש מועשרת בתמציות ובניחוח ורדים,רקיט בנקיזר צרפת,FR,ויט רצועות שעווה מוכ,,10.00,יחידו,false,,24.90,2.4900,true,1,134062
3073781123562,false,גבינת אבו אלולד 336 ג',,,גבינת אבו אלולד 24 י,גרמים,336.00,100 גרם,false,,19.90,5.9226,true,1,196614
3073781161663,false,גבינה מותכת 18.5% שומן לה וואש קירי,לה וואש קירי La Vache qui rit,FR,גבינה לוואש קירי כשר,גרמים,128.00,100 גרם,false,,11.90,9.2969,true,1,190606
3073781161700,false,מותכת לה וואש קירי 32יח,פרומאג'רי בל דום סאם,FR,גבינה לוואש קירי כשר,גרמים,480.00,100 גרם,false,,37.90,7.8958,true,1,190608
3073781162790,false,גבינה מותכת בייבי בל 120 גרם,מחלבות בל,FR,בייבי בל אדום 28% 12,גרמים,120.00,100 גרם,false,,21.90,18.2500,true,1,196427
3134375003513,false,דבק כללי חזק במיוחד 30 גר,3m,,דבק כללי חזק במיוחד,Unknown,0.00,יחידה,false,,18.90,0.0000,true,1,131506
3141360054405,false,פיניש מפיץ ריח למדיח בניחוח לימון וליים,הדקלאים אגודת שיתופי,HU,פיניש מפיץ ריח לימון,Unknown,0.00,יחידה,false,,14.90,0.0000,true,1,134064
3161911229199,false,חמאה צרפתית רכה למריחה אל & ויר 250 גרם,אלל אה וויר,FR,אלוויר חמאה רכה 250ג,גרמים,250.00,100 גרם,false,,21.90,8.7600,true,1,122615
3161911366429,false,חמאה צרפתית מלוחה רכה למריחה אלוויר 250 גר',ארזינא,FR,אלוויר חמאה רכה מלוח,גרמים,250.00,100 גרם,false,,21.90,8.7600,true,1,122616
3178530407938,false,עוגיות מיני מדליין עם שוקוצ'יפס סאן מישל 175 גרם,סן מישל St Michel,FR,מיני מדליין פצפוצי ש,Unknown,0.00,יחידה,false,,14.90,0.0000,true,1,153791
3228022910023,false,חמאה צרפתית פריזידאן,סוסייטה בארייר דה אי,FR,פרזידנט חמאה צרפתית,גרמים,200.00,100 גרם,false,,15.90,7.9500,true,1,122620
3254550033279,false,גבינת קממבר 250 גרם סנט מר,איסיני סנט מור,FR,גבינת קממבר 250 גרם,Unknown,0.00,יחידה,false,,37.90,0.0000,true,1,122622
3256760106408,false,פלשארד בסגנון פטה 500 גר,,,פלאשרד קרטונית 500 ג,גרמים,500.00,100 גרם,false,,10.90,2.1800,true,1,173387
3256761201003,false,פלשארד בסגנון פטה מעודנת 500 גר קרטונית,,,ישרקו פלאשר מעודנת,Unknown,0.00,יחידה,false,,10.90,0.0000,true,1,137076
3263286329396,false,"יין טרה ארגנטה מלבאק 750 מ""ל",ארגנטה,AR,יין טרה ארגנטה מלבק,,750.00,"750 מ""ל",false,,64.90,0.0865,true,1,187999
3269255506119,false,"עץ ירוק 90 ס""מ",,,"עץ ירוק 90 ס""מ",Unknown,0.00,יחידה,false,,49.90,0.0000,true,1,203949
3269255506126,false,"עץ ירוק 1.20 ס""מ",,,"עץ ירוק 1.20 ס""מ",Unknown,0.00,יחידה,false,,99.90,0.0000,true,1,203950
3269255506164,false,"עץ ירוק 2.10 ס""מ",,,"עץ ירוק 2.10 ס""מ",Unknown,0.00,יחידה,false,,299.90,0.0000,true,1,203953
3328640121976,false,"ויסקי היילנד קווין בלנדד 700 מ""ל",פונט סלאם וולנסיה,ES,ויסקי היילנד קווין ב,מיליליטרים,700.00,"100 מ""ל",false,,69.90,9.9857,true,1,112884
3387390320244,false,פיטנס דגני בוקר מחיטה מלאה עם פירות נסטלה 375 גרם,נסטלה צרפת איטנקורט,FR,פיטנס פירות 16*375גר,גרמים,375.00,100 גרם,false,,19.90,5.3067,true,1,126361
3387390525960,false,קראנץ' דגני בוקר עם שוקולד חלב נסטלה 500 גרם,הנסיך- מפעל לייצור ט,FR,קראנץ שוקולד 10*500ג,גרמים,500.00,100 גרם,false,,22.90,4.5800,true,1,126362
3426470279130,false,סט 2 תבנית מלבני פיי,,,סט 2 תבנית מלבני פיי,Unknown,0.00,יחידה,false,,119.90,0.0000,true,1,166044
3500610050183,false,"J.P CHENET יין לבן מתוק מבעבע 750 מ""ל",גיפי שנה,,יין לבן מתוק מבעבע J,מיליליטרים,750.00,"100 מ""ל",false,,44.90,5.9867,true,1,179163
3516664460007,false,שמרים חבשים - בן רגע,,,שמרים חבשים - בן רגע,גרמים,500.00,100 גרם,false,,14.90,2.9800,true,1,142789
3523230026888,false,"גבינת עיזים שום ועשבי תיבול למריחה פירמידה, 140 גרם",סואניון SOIGNON,FR,פרימידה עיזים שום 14,גרמים,140.00,100 גרם,false,,24.90,17.7857,true,1,122631
3523230032278,false,גבינת עיזים למריחה 150 גרם,אוריאל,FR,גבינת עיזים למריחה 1,Unknown,0.00,יחידה,false,,24.90,0.0000,true,1,122632
3525490010010,false,יין לה גומלייה מרלו,,,לה גומלייה מרלו 750,מיליליטרים,750.00,"100 מ""ל",false,,49.90,6.6533,true,1,113604
3560238985687,false,סכומון פוליקרבונט עם,,,סכומון פוליקרבונט עם,Unknown,0.00,יחידה,false,,36.90,0.0000,true,1,191361
3563490014898,false,ריין דיז'ון חרדל דיז'ון 265 גרם,ריין דיז'ון reine dijon,FR,ריין דיז'ון חרדל דיז,גרמים,265.00,100 גרם,false,,13.90,5.2453,true,1,140546
3574660026788,false,גונסונס בייבי טלק 200 גרם חדש,ג'ונסונס Johnson's,IT,גונסונס בייבי טלק 2,גרמים,200.00,100 גרם,false,,18.90,9.4500,true,1,127947
3574660058857,false,גונסונס בייבי שמן 500 מל חדש,גונסון אנד גונסון,IT,גונסונס בייבי שמן 50,מיליליטרים,500.00,"100 מ""ל",false,,29.90,5.9800,true,1,127953
3574660089547,false,טמפונים נורמל קלאסי אובה 32 יחידות,ג'\ונסון אנד ג'\ונסון,GR,אובה קלאסי נורמל 32,Unknown,32.00,יחידה,false,,26.90,0.8406,true,1,111127
3574660115154,false,או-בה טמפונים קלאסי סופר 32יח',ג'\ונסון אנד ג'\ונסון,GR,אובה קלאסי סופר 32 י,Unknown,32.00,יחידה,false,,26.90,0.8406,true,1,111128
3574660333466,false,טמפונים מיני פרו קומפורט אובה 32 יחידות,הנסיך- מפעל לייצור ט,DE,אובה טמפוני פרוקומפו,Unknown,32.00,יחידה,false,,26.90,0.8406,true,1,127971
3574660464337,false,מגני תחתון קרפרי נורמל אוורירי מבושם,ג'\ונסון אנד ג'\ונסון,GR,קרפרי מגן תחתון אוור,Unknown,76.00,יחידה,false,,24.90,0.3276,true,1,127974
3574660464368,false,קרפרי מגן תחתון אוורירי אלוורה 76 יח'',גונסון אנד גונסון,GR,קרפרי מגן תחתון אוור,Unknown,76.00,יחידה,false,,24.90,0.3276,true,1,127975
3574660464429,false,מגני תחתון קרפרי נורמל אוורירי עם מעטפת כותנה,ג'\ונסון אנד ג'\ונסון,GR,קרפרי מגן תחתון אוור,Unknown,76.00,יחידה,false,,24.90,0.3276,true,1,127977
3574660676136,false,נטרוגינה קרם לחות קליל סדרה נורווגית 300,ג'ונסונס בייבי,GR,נטרוגינה קרם גוף קלי,מיליליטרים,300.00,"100 מ""ל",false,,29.90,9.9667,true,1,169077
3574661003924,false,שטיפת פה טוטאל קר בטעם מנטה צלול,ג'\ונסון אנד ג'\ונסון,IT,*מבצע* ליסטרין מי פה,Unknown,0.00,יחידה,false,,16.90,0.0000,true,1,171778
3574661114637,false,ליסטרין שטיפת פה קול מינט טעם מעודן 500,ג'\ונסון אנד ג'\ונסון,IT,*מבצע* ליסטרין שטיפת,ליטרים,500.00,100 ליטר,false,,16.90,0.0338,true,1,166663
3574661141022,false,וניה תחבושות הגייניות מקסי לילה 12 יח,CILAG GMBH INTERNATI,BE,וניה תחבושות הגייניו,Unknown,12.00,יחידה,false,,25.00,2.0833,true,1,111130
3574661177137,false,ליסטרין שטיפת פה קול מינט כחול 500,גונסון אנד גונסון,IT,*מבצע* ש.פה ליסטרין,מיליליטרים,500.00,"100 מ""ל",false,,16.90,3.3800,true,1,189755
3574661363998,false,"מי פה ליסטרין תה ירוק 500 מ""ל",ג'\ונסון אנד ג'\ונסון,IT,*מבצע* ליסטרין מי פה,Unknown,0.00,יחידה,false,,16.90,0.0000,true,1,171780
3574661401140,false,"שטיפת פה ליסטרין נייטלי ריסיט 400 מ""ל",ניאופארם,IT,*מבצע* ליסטרין מי פה,Unknown,0.00,יחידה,false,,16.90,0.0000,true,1,166668
3574661419435,false,תחבושות הגייניות וניה מקסי 12 יחידות,Johnson Vania - BL,BE,וניה תחבושות היגייני,Unknown,12.00,יחידה,false,,25.00,2.0833,true,1,196113
3574661427935,false,גונסונס בייבי תרחיץ ושמפו מגע כותנה 500,INTERNATIONAL GMBH CILAG,IT,גונסונס בייבי תרחיץ,מיליליטרים,500.00,"100 מ""ל",false,,22.90,4.5800,true,1,128006
3574661428055,false,גונסונס בייבי תחליב לחות מגע כותנה 500 מ,INTERNATIONAL GMBH CILAG,IT,גונסונס בייבי תחליב,מיליליטרים,500.00,"100 מ""ל",false,,32.90,6.5800,true,1,128007
3574661432847,false,"ג'ונסונס מרכך שיער הקץ לקשרים 500 מ""ל",ג'ונסונס Johnson's,IT,גונסונס מרכך שיער הק,מיליליטרים,500.00,"100 מ""ל",false,,19.90,3.9800,true,1,128008
3574661487328,false,קרפרי מגני תחתון אורגינל פלוס 56 יח',הדקלאים אגודת שיתופי,IT,קרפרי רגיל 58 יח',Unknown,58.00,יחידה,false,,20.00,0.3448,true,1,128009
3574661487335,false,מגן תחתון קרפרי מקסי לונג ריחני 40 יחידות,קרפרי Carefree,IT,קרפרי לונג ריחני 40,Unknown,40.00,יחידה,false,,20.00,0.5000,true,1,128010
3574661487618,false,קרפרי מגן תחתון מקסי לארג'' מבושם 48 יח'',הדקלאים אגודת שיתופי,IT,קרפרי מקסי לארג' מבו,Unknown,48.00,יחידה,false,,20.00,0.4167,true,1,128011
3574661487625,false,מגני תחתון פלוס לארג' בניחוח עדין L,הדקלאים אגודת שיתופי,IT,קרפרי מקסי לארג 48 י,Unknown,48.00,יחידה,false,,20.00,0.4167,true,1,128012
3574661487632,false,מגני תחתון פלוס לארג' בניחוח עדין L,ג'\ונסון אנד ג'\ונסון,GR,קרפרי מגן תחתון לארג,Unknown,64.00,יחידה,false,,24.90,0.3891,true,1,128013
3574661500355,false,קרפרי מגן תחתון מקסי לונג רגיל 40 יח',ג'ויה מעבדות לקוסמטי,IT,קרפרי לונג 40 יח',Unknown,40.00,יחידה,false,,20.00,0.5000,true,1,128014
3574661530697,false,"ג'ונסונס שמפו מכף רגל ועד ראש בייבי 500 מ""ל",ג'ונסונס Johnson's,IT,גונסון בייבי תרחיץ ו,מיליליטרים,500.00,"100 מ""ל",false,,19.90,3.9800,true,1,128018
3574661552576,false,קרפרי מגן תחתון רגיל טנגה לבן 56 יח חדש,הדקלאים אגודת שיתופי,GR,קרפרי מגן תחתון רגיל,Unknown,58.00,יחידה,false,,20.00,0.3448,true,1,170266
3574661552804,false,מגן תחתון קרפרי אלוורה 56 יחידות,הדקלאים אגודת שיתופי,IT,קרפרי אוורירי עם אלו,Unknown,58.00,יחידה,false,,20.00,0.3448,true,1,165463
3574661552811,false,מגן תחתון קרפרי כותון אוורירי 56 יחידות,הדקלאים אגודת שיתופי,GR,קרפרי כותון אוורירי,Unknown,0.00,יחידה,false,,19.90,0.0000,true,1,174740
3574661554877,false,מגן תחתון קרפרי כותון מבושם 56 יחידות,הנסיך- מפעל לייצור ט,GR,קרפרי כותון מבושם 56,Unknown,58.00,יחידה,false,,20.00,0.3448,true,1,170267
3574661554884,false,קרפרי מגן תחתון רגיל טנגה מבושם 56 יח,הדקלאים אגודת שיתופי,IT,קרפרי רגיל-טנגה מבוש,Unknown,58.00,יחידה,false,,20.00,0.3448,true,1,163737
3574661643359,false,ליסטרין נטורלס שטיפת פה אנאמל פרוטקט,ג'\ונסון אנד ג'\ונסון,IT,*מבצע* ליסטרין נטורל,Unknown,0.00,יחידה,false,,16.90,0.0000,true,1,192902
3574669907729,false,גונסונס בייבי שמפו לתינוק 750 מל,גונסון אנד גונסון,IT,גונסונס בייבי שמפו 7,מיליליטרים,750.00,"100 מ""ל",false,,23.90,3.1867,true,1,172648
3574669908146,false,גונסונס בייבי תחליב לפני שינה 500 מל חדש,ג'ונסונס Johnson's,IT,גונסונס בייבי תחליב,מיליליטרים,500.00,"100 מ""ל",false,,26.90,5.3800,true,1,128022
3574669908948,false,"גונסונס בייבי אל סבון לרחצה עדינה 750 מ""ל",גונסון אנד גונסון,IT,גונסון בייבי אל סבון,מיליליטרים,750.00,"100 מ""ל",false,,19.90,2.6533,true,1,128028
3574669909822,false,"גונסון טיפות של ברק תרסיס מרכך שיער לילדים, 200 מ""ל",ג'ונסונס Johnson's,IT,גונסונס ספריי קשרים,מיליליטרים,200.00,"100 מ""ל",false,,16.90,8.4500,true,1,128033
3600522550129,false,קרם אנטי-אייג'ינג יום אייג' ספשיאליסט +45,"קרלסרו, גרמניה",DE,אייג ספשליסט יום 45,Unknown,0.00,יחידה,false,,49.90,0.0000,true,1,111200
3600522832089,false,לוריאל - אקסלנס קרם 7.77 חום דבש,לוריאל פריז,BE,אקסלנס צבע שיער 7.7,Unknown,0.00,יחידה,false,,39.90,0.0000,true,1,135947
3600523192724,false,לוריאל - מג'יק ריטאצ' גוון 5 בלונד,לוריאל ליברמו,BE,מג'יק ריטאצ' בלונד,Unknown,0.00,יחידה,false,,39.90,0.0000,true,1,171938
3600523193165,false,תרסיס לכיסוי שורשי השיער Magic Retouch חום בהיר,לוריאל ליברמו,BE,מג'יק ריטאצ' חום בהי,Unknown,0.00,יחידה,false,,39.90,0.0000,true,1,135962
3600523464548,false,לוריאל הידרה גינייס גל לחות לעור עדין,"לוריאל פרודקשן דויטשלנד,",DE,ג'ל לחות לעור עדין,Unknown,0.00,יחידה,false,,59.90,0.0000,true,1,161570
3600523605972,false,מסכת הזנה רב שימושית מכילה שמן קוקוס,לוריאל - אלביב Elvive,DE,אלביב מסיכה קוקוס 30,Unknown,0.00,יחידה,false,,34.90,0.0000,true,1,135997
3600523642489,false,מסכת הזנה אינטנסיבית 6 שמנים לשיער יבש,לוריאל - אלביב Elvive,DE,אלביב מסכה 6 שמנים 3,מיליליטרים,300.00,"100 מ""ל",false,,34.90,11.6333,true,1,135999
3600523652242,false,"לוריאל - אלביב שמפו קולור פרוטקט 550 מ""ל",לוריאל - אלביב Elvive,TR,לוריאל אלביב שמפו קו,מיליליטרים,550.00,"100 מ""ל",false,,16.90,3.0727,true,1,136008
3600523652280,false,"לוריאל אלביב שמפו מועשר ב 6 שמנים, 550 מ""ל",לוריאל - אלביב Elvive,TR,לוריאל אלביב שמפו 6,Unknown,0.00,יחידה,false,,16.90,0.0000,true,1,136012
3600523782567,false,"לוריאל - אלביב שמפו דרים לונג 500 מ""ל",קוסמטיקס,FR,אלביב שמפו דרים לונג,מיליליטרים,500.00,"100 מ""ל",false,,16.90,3.3800,true,1,136020
3600523782574,false,לוריאל - אלביב מסכה דרים לונג 300,לוריאל - אלביב Elvive,DE,אלביב מסכה דרים לונג,Unknown,0.00,יחידה,false,,34.90,0.0000,true,1,136021
3600523944194,false,לוריאל - אקסלנס קול קרם 6.11 חום בהיר קר,לוריאל פריז,BE,אקסלנס קול 6.11 חום,Unknown,0.00,יחידה,false,,39.90,0.0000,true,1,187373
3600523991556,false,לוריאל הידרה גינייס גל לחות לעור מעורב,לוריאל,DE,ג'ל לחות לעור מעורב,Unknown,0.00,יחידה,false,,59.90,0.0000,true,1,193028
3600524051570,false,לוריאל - אלביב מסכה היאלורונית 300 מ''ל,DEUT PRODUKTION L\'OREAL,FR,אלביב מסכה היאלורוני,Unknown,0.00,יחידה,false,,34.90,0.0000,true,1,201089
3600540308610,false,קולור נט 3 חום כהה מאוד חדש,קוסמופול,PL,קולור נטורלס חום כהה,Unknown,0.00,יחידה,false,,22.90,0.0000,true,1,136028
3600540308641,false,גרנייה - קולור נטורלס 6 חום בהיר,קוסמופול,PL,6 גרנייה קולור נטורל,Unknown,0.00,יחידה,false,,22.90,0.0000,true,1,136031
3600540308719,false,קולור נטורלס 8.1 בלונד אפור בהיר,לוריאל ישראל קוסמטיקס בע,PL,קולור נטורלס בלונד א,Unknown,0.00,יחידה,false,,22.90,0.0000,true,1,136037
3600540308788,false,קולור נטורלס 5.3 חום זהוב,לוריאל ישראל קוסמטיקס בע,PL,5.3 גרנייה קולור נטו,Unknown,0.00,יחידה,false,,22.90,0.0000,true,1,136039
3600540308863,false,5.52 גרנייה קולור נטורלס חום מהגוני,קוסמופול,PL,5.52 גרנייה קולור נט,Unknown,0.00,יחידה,false,,22.90,0.0000,true,1,136042
3600541022096,false,גרניה 7 ימים קרם גוף חמאת שיאה 400 מל,קוסמופול,PL,גרנייה קרם גוף 7ימים,מיליליטרים,400.00,"100 מ""ל",false,,16.90,4.2250,true,1,136055
3600541402270,false,"גרנייה - דאודורנט ספריי לאישה אינביזיבל BWC (ירוק) 150 מ""ל","לוריאל ישראל בע""מ",FR,גרנייה דאודורנט ספרי,Unknown,0.00,יחידה,false,,13.90,0.0000,true,1,111205
3600541740006,false,"גרנייה - דאודורנט ספריי לאישה אקשן קונטרול 72 שעות 150 מ""ל","לוריאל ישראל בע""מ",FR,גרנייה דאו 5 פרוטקשי,Unknown,0.00,יחידה,false,,13.90,0.0000,true,1,111207
3600541928169,false,"גרנייה פיור פחם ג'ל ניקוי 150 מ""ל","קרלסרו, גרמניה",DE,גרנייה פיור פחם גל נ,מיליליטרים,100.00,"100 מ""ל",false,,34.90,34.9000,true,1,136076
3600541937475,false,גרניה פיור גרגרים מסיכה לעור מעורב עד שמן,לוריאל,FR,גרנייה פיור ניקוי 3-,Unknown,150.00,יחידה,false,,34.90,0.2327,true,1,136078
3600542097253,false,גרנייה - מסכת טישו פחם אצות שחורות,ביוטיקוס אינטרנשיונאל,CN,גרנייה טישו פחם אצות,Unknown,0.00,יחידה,false,,14.90,0.0000,true,1,136098
3600542232036,false,גרניה סקין נט אלו גל אלוורה ללחות 50 מל,לוריאל,DE,גרנייה סקין נט אלו ג,Unknown,0.00,יחידה,false,,39.90,0.0000,true,1,136102
3600542309974,false,"גרנייה - דאודורנט רול און לאישה מגנזיום 50 מ""ל",סופרוקוס,PL,גרנייה מינרל רול און,Unknown,0.00,יחידה,false,,13.90,0.0000,true,1,170081
3600542310444,false,"גרנייה - דאודורנט ספריי לאישה מגנזיום 150 מ""ל",סופרוקוס,PL,גרנייה מינרל דאו ספר,Unknown,0.00,יחידה,false,,13.90,0.0000,true,1,170082
3600542366113,false,גרניה בוטניקל קרם לחות ענבים 50 מל,לוריאל,DE,בוטניקל קרם לחות ענב,Unknown,0.00,יחידה,false,,39.90,0.0000,true,1,170098
3600542366151,false,גרנייה - קרם לחות בוטניקלס ורדים,לוריאל,DE,בוטניקל קרם לחות ורד,Unknown,0.00,יחידה,false,,39.90,0.0000,true,1,170099
3600542375801,false,גרניה פיור אקטיב 3ב1 פחם 150 מל,לוריאל,FR,גרנייה פיוראקטיב פחם,מיליליטרים,150.00,"100 מ""ל",false,,34.90,23.2667,true,1,170104
3600542385091,false,"גרנייה - דאודורנט רול און לאישה אקשן קונטרול 72 שעות 50 מ""ל",קוסמופול,PL,גרנייה דאו רול אקשן,Unknown,0.00,יחידה,false,,13.90,0.0000,true,1,171263
3600542385107,false,"גרנייה - דאודורנט רול און לאישה אינביזיבל BWC (ירוק) 50 מ""ל",לוריאל ישראל קוסמטיקס בע,PL,אינביזי לכל צבע פרש,Unknown,0.00,יחידה,false,,13.90,0.0000,true,1,170105
3600542385220,false,"גרנייה - דאודורנט רול און לאישה פרוטקשן 6 פלורל (סגול) 50 מ""ל",גרנייה Garnier,FR,גרנייה דאודורנט רול,Unknown,0.00,יחידה,false,,13.90,0.0000,true,1,170108
3600542385251,false,"גרנייה - דאודורנט רול און לאישה פרוטקשן 6 כותנה (ורוד) 50 מ""ל",גרנייה Garnier,FR,גרנייה דאודורנט רול,Unknown,0.00,יחידה,false,,13.90,0.0000,true,1,170106
3600542397926,false,גרניה דאו ספריי 6 פרוטקשן כותנה,"קוסמופול, פולין",FR,גרנייה דאו ספרי פרו,Unknown,0.00,יחידה,false,,13.90,0.0000,true,1,171265
3600542421638,false,"גרנייה - פרוקטיס היירפוד שמפו מקדמיה 350 מ""ל","אינטרביוטי קוסמטיק בע""\מ",IL,פרוקטיס הירפוד שמפו,Unknown,0.00,יחידה,false,,14.90,0.0000,true,1,183369
3600542421669,false,"גרנייה - פרוקטיס היירפוד מרכך פפאיה 350 מ""ל","אינטרביוטי קוסמטיק בע""\מ",IL,פרוקטיס הירפוד מרכך,Unknown,0.00,יחידה,false,,14.90,0.0000,true,1,183367
3600542421720,false,גרנייה פרוקטיס היפורד מסכה פפאיה 390 גר,"אינטרביוטי קוסמטיק בע""\מ",IL,פרוקטיס הירפוד מסכה,Unknown,0.00,יחידה,false,,39.90,0.0000,true,1,183374
3600542421737,false,גרנייה פרוקטיס היפורד מסכה מקדמיה 390 גר,"אינטרביוטי קוסמטיק בע""\מ",IL,פרוקטיס הירפוד מסכה,Unknown,0.00,יחידה,false,,39.90,0.0000,true,1,183375
3600542431828,false,גרנייה - קולור נטורלס 1 שחור טבעי חדש,לוריאל ישראל קוסמטיקס בע,PL,קולור נטורלס 1 שחור,Unknown,0.00,יחידה,false,,19.90,0.0000,true,1,190523
3600542431842,false,גרנייה - קולור נטורלס 4 חום כהה טבעי חדש,לוריאל ישראל קוסמטיקס בע,PL,קולור נטורלס 4 חום כ,Unknown,0.00,יחידה,false,,19.90,0.0000,true,1,190525
3600542431859,false,גרנייה - קולור נטורלס 5 חום טבעי חדש,לוריאל ישראל קוסמטיקס בע,PL,קולור נטורלס 5 חום ט,Unknown,0.00,יחידה,false,,19.90,0.0000,true,1,190526
3600542431958,false,גרנייה - קולור נטורלס 7.3 בלונד זהוב חדש,לוריאל ישראל קוסמטיקס בע,PL,קולור נטורלס 7.3 בלו,Unknown,0.00,יחידה,false,,19.90,0.0000,true,1,190536
3600542431996,false,גרנייה - קולור נטורלס 5.15 חום שוקולד עשיר חדש,יבואן ומשווק: n\לוריאל י,PL,לוריאל קולור נטורלס,Unknown,0.00,יחידה,false,,19.90,0.0000,true,1,190540
3600542432092,false,גרנייה - קולור נטורלס 5.12 חום שלג חדש,קוסמופול,PL,קולור נטורלס 5.12 חו,Unknown,0.00,יחידה,false,,19.90,0.0000,true,1,190550
3607345264356,false,"אדידס בודי ספריי לגבר דינמיק פולס, ללא אלומיניום, 150 מל",דנשר,PL,אדידס דאו ספריי גוף,מיליליטרים,150.00,"100 מ""ל",false,,17.90,11.9333,true,1,137935
3607345373980,false,אדידס PURE GAMEבושם,,,אדידס PURE GAMEבושם,Unknown,0.00,יחידה,false,,16.90,0.0000,true,1,198696
3607347415343,false,אדידס נשים רול און קונטרול,,PT,אדידס נשים רול און ק,Unknown,0.00,יחידה,false,,13.90,0.0000,true,1,137942
3607347415589,false,"אדידס - דאודורנט רול און לאישה פרש קול אנד קר 50 מ""ל",קוטדור,ES,אדידס נשים רול און פ,Unknown,0.00,יחידה,false,,13.90,0.0000,true,1,137943
3607347918981,false,"אדידס - דאודורנט רול און לאישה קול אנד קר 6 ב-1 50 מ""ל",דנשר,ES,אדידס נשים רול און 6,Unknown,0.00,יחידה,false,,13.90,0.0000,true,1,137944
3614223552788,false,ביונסה שימרינג היט א,,,ביונסה שימרינג היט א,מיליליטרים,100.00,"100 מ""ל",false,,89.90,89.9000,true,1,189400
3614224050986,false,"אדידס - דאודורנט ספריי לגבר אדיפאוור 72 שעות 150 מ""ל","ב.א מזון בע""מ",PT,דאו ספריי לגבר אדיפו,Unknown,0.00,יחידה,false,,13.90,0.0000,true,1,166292
3614224051235,false,אדידס דאודורנט ספריי גברים אדיפוואר 200מל,אדידס Adidas,PT,אדידס דאודורנט גברים,מיליליטרים,200.00,"100 מ""ל",false,,17.90,8.9500,true,1,111235
3661163574639,false,אדידס DYNAMIC PULSEב,,,אדידס DYNAMIC PULSEב,Unknown,0.00,יחידה,false,,16.90,0.0000,true,1,198698
3661163574837,false,אדידס ICE DIVEבושם ל,,,אדידס ICE DIVEבושם ל,Unknown,0.00,יחידה,false,,16.90,0.0000,true,1,198699
3661163970448,false,"אדידס דאודורנט ספריי מקס פרש לגברים 200 מ""ל",מיוצר עי קונדיטוריית,PT,אדידס דאודורנט ספריי,מיליליטרים,200.00,"100 מ""ל",false,,17.90,8.9500,true,1,137956
3661163990545,false,"אדידס דאודורנט ספריי לגברים אקשיין 200 מ""ל",מיוצר עי קונדיטוריית,PT,אדידס דאודורנט ספריי,מיליליטרים,200.00,"100 מ""ל",false,,17.90,8.9500,true,1,137958
3661163991146,false,"אדידס - דאודורנט ספריי לאישה קול אנד קר פרש 150 מ""ל",מיוצר עי קונדיטוריית,PT,אדידס דאו ספריי לאיש,מיליליטרים,200.00,"100 מ""ל",false,,17.90,8.9500,true,1,111237
3661163991344,false,"אדידס דאודורנט ספריי מקס פרו-קליר לאישה 150 מ""ל",מיוצר עי קונדיטוריית,PT,אדידס דאו דריי מקס פ,מיליליטרים,200.00,"100 מ""ל",false,,17.90,8.9500,true,1,137960
3701086305528,false,יין לה קוק קברנה סוב,,FR,ולאס לה קוק קברנה סו,מיליליטרים,750.00,"100 מ""ל",false,,79.90,10.6533,true,1,189458
3760040420134,false,שרדונה ויונייה ויניי,צרפת פול מאס,,שרדונה ויונייה ויניי,מיליליטרים,750.00,"100 מ""ל",false,,59.90,7.9867,true,1,112636
3760040422794,false,יין פול מאס רזרב מור,צרפת פול מאס,,אסטייט מורבדר,Unknown,0.00,יחידה,false,,59.90,0.0000,true,1,112638
3760040422954,false,יין פול מאס רזרב מלב,צרפת פול מאס,,אסטייט מאלבק,Unknown,0.00,יחידה,false,,59.90,0.0000,true,1,112639
3760040427836,false,רוזה וינייה דה ניקול,צרפת פול מאס,,רוזה וינייה דה ניקול,Unknown,0.00,יחידה,false,,59.90,0.0000,true,1,112643
3800020472712,false,חטיף קיט קאט צאנקי פופקורן 42 ג',ליימן מותגים,BG,קיט קט צ'אנקי פופקור,Unknown,0.00,יחידה,false,,4.50,0.0000,true,1,186775
3800034954150,false,מארז 3 יחידות פריש דריי,,IL,שלישיות -DRY מארז 3,Unknown,0.00,יחידה,false,,10.00,0.0000,true,1,130734
3800034965811,false,מפיץ ריח באריזת בליסטר,Unknown,,"בקבוק 35 מ""ל באריזת",Unknown,0.00,יחידה,false,,16.90,0.0000,true,1,130742
3800034966122,false,מטהר אוייר ברפיום 68 מ''ל,,,HOME PERFUME 85 ML -,Unknown,0.00,יחידה,false,,18.90,0.0000,true,1,130743
3800034966139,false,בקבוק מקלות הום פרפי,,,בקבוק HOME PERFUME,מיליליטרים,150.00,"100 מ""ל",false,,39.90,26.6000,true,1,130744
3800034967181,false,מקלות בישום לרכב,Unknown,,"בושם 80 מ""ל - מקלו",Unknown,0.00,יחידה,false,,18.90,0.0000,true,1,189920
3800034977807,false,"בקבוק ריח מקלות 50 מ""ל אריון",,,"בקבוק מקלות 50 מ""ל",Unknown,0.00,יחידה,false,,12.90,0.0000,true,1,187078
3800034979030,false,"בקבוק ריח מקלות 50 מ""ל אריון",,,"בקבוק מקלות 50 מ""ל",Unknown,0.00,יחידה,false,,12.90,0.0000,true,1,187079
3838824127149,false,צבע לשיער פלטה - 1-1 שחור כחול,שוורצקופף והנקל,SI,פאלטה שחור כחול 1-1,Unknown,0.00,יחידה,false,,20.00,0.0000,true,1,125813
3838824127163,false,צבע לשיער פאלטה בלונד כסוף 1-10,שוורצקופף והנקל,SI,פאלטה בלונד כסוף 10-,Unknown,0.00,יחידה,false,,20.00,0.0000,true,1,125814
3838824127200,false,פלטה סמי קיט 5-68 ערמונים בינוני,שוורצקופף והנקל,SI,פאלטה חום כהה 3-0 ס,Unknown,0.00,יחידה,false,,20.00,0.0000,true,1,125815
3838824127224,false,פלטה סמי קיט חום בינוני 4-0 צבע שיער,שוורצקופף והנקל,SI,פאלטה חום בינוני 4-0,Unknown,0.00,יחידה,false,,20.00,0.0000,true,1,125816
3838824127248,false,פלטה סמי קיט חום בהיר 5-0 צבע שיער,שוורצקופף והנקל,SI,פאלטה חום בהיר 5-0,Unknown,0.00,יחידה,false,,20.00,0.0000,true,1,125817
3838824127262,false,פלטה סמי קיט בלונד כהה 6-0 צבע שיער,שוורצקופף והנקל,SI,פאלטה בלונד כהה 6-0,Unknown,0.00,יחידה,false,,20.00,0.0000,true,1,125818
3838824127361,false,פלטה סמי קיט ערמונים בינוני5-68 צבע שיער,שוורצקופף והנקל,SI,פאלטה ערמונים בינוני,Unknown,0.00,יחידה,false,,20.00,0.0000,true,1,125821
3838824127583,false,צבע לשיער פלטה - 6-88 אדום בוער,שוורצקופף והנקל,SI,פאלטה  אדום בוער 6-8,Unknown,0.00,יחידה,false,,20.00,0.0000,true,1,125824
3838824127644,false,צבע לשיער פלטה - 4-89 חציל זוהר,שוורצקופף והנקל,SI,פאלטה חציל זוהר 4-89,Unknown,0.00,יחידה,false,,20.00,0.0000,true,1,125825
3838824193915,false,צבע לשיער פאלטה סמי קיט שחור 0-1,שוורצקופף והנקל,SI,פאלט שחור  1-0 סמי,Unknown,0.00,יחידה,false,,20.00,0.0000,true,1,125837
3838824240275,false,פלטה סמי קיט 8-0 בלונד בהיר,שוורצקופף והנקל,SI,פאלטה נוגט 6-65 סמי,Unknown,0.00,יחידה,false,,20.00,0.0000,true,1,125842
3838824332130,false,צבע שיער פאלטה סמי קיט 3-68 מהגוני כהה,שוורצקופף והנקל,DE,פלטה סמי-קיט 3-68 מה,Unknown,0.00,יחידה,false,,20.00,0.0000,true,1,125847
3838824380827,false,צבעי שיער בלונד כהה אפרפר 6-1 סמי קיט פאלטה,שוורצקופף והנקל,DE,צבע לשיער פאלטה סמי,Unknown,0.00,יחידה,false,,20.00,0.0000,true,1,184167
3838824381022,false,צבעי שיער חום שוקולד כהה 3-65 סמי קיט פאלטה,שוורצקופף והנקל,DE,צבע לשיער פאלטה סמי,Unknown,0.00,יחידה,false,,20.00,0.0000,true,1,184172
4000417019004,false,שוקולד חלב אגוזי לוז שלמים ריטר ספורט 100 גרם,ריטר ספורט Ritter sport,DE,שוקולד ריטר חלב אגוז,גרמים,100.00,100 גרם,false,,10.90,10.9000,true,1,120875
4000417023001,false,ריטר ספורט שוקולד חלב מעולה עם שקדים שלמים,ריטר ספורט Ritter sport,DE,ריטר ספורט שוק.חלב ו,גרמים,100.00,100 גרם,false,,10.90,10.9000,true,1,120877
4000417025005,false,שוקולד מריר במילוי מרציפן ריטר ספורט 100 גרם,ריטר ספורט Ritter sport,DE,ריטר ספורט שוק.מריר,גרמים,100.00,100 גרם,false,,9.10,9.1000,true,1,120879
4000417026002,false,שוקולד חלב ממולא קרם פרלין אגוזי לוז,ריטר ספורט Ritter sport,DE,ריטר ספורט שוקולד פר,גרמים,100.00,100 גרם,false,,9.10,9.1000,true,1,120880
4000417101211,false,גלילי וופל עם קרם אגוזי לוז בציפוי שוקולד חלב,אמיצ'לי Amicelli,AT,אמיצ'לי גלילי וופל ע,גרמים,150.00,100 גרם,false,,18.90,12.6000,true,1,189141
4000417101310,false,אמיצלי- גלילי וופל עם קרם קקאו בציפי שוק,ליימן שליסל,AT,אמיצ'לי גלילי וופל ע,גרמים,150.00,100 גרם,false,,18.90,12.6000,true,1,201055
4000417211002,false,שוקולד חלב מעולה ממולא קרם קרמל מוקצף ושברי שקדים מומלחים,ריטר ספורט Ritter sport,DE,ריטר ספורט מוס קרמל,גרמים,100.00,100 גרם,false,,9.10,9.1000,true,1,120882
4000417212009,false,ריטר ספורט שוקולד מריר מעולה עם שקדים קצוצים וקליפות תפוז מסוכרות,ריטר ספורט Ritter sport,DE,ריטר מריר עם שקדים ק,גרמים,100.00,100 גרם,false,,10.90,10.9000,true,1,120883
4000417222008,false,ריטר ספורט שוקולד חלב עם שברי אגוזים 100 גרם,ריטר ספורט Ritter sport,DE,ריטר ספורט חלב עם שב,Unknown,0.00,יחידה,false,,9.10,0.0000,true,1,120885
4000417224002,false,"ריטר ספורט טבלת שוקולד מריר אגוזים, 100 גרם",ריטר ספורט Ritter sport,DE,שוקולד ריטר ספורט מר,גרמים,100.00,100 גרם,false,,10.90,10.9000,true,1,120886
4000417294005,false,ריטר שקולד חלב במילוי קרם קקאו מוקצף,ריטר ספורט Ritter sport,DE,ריטר שוקולד מוס קקאו,גרמים,100.00,100 גרם,false,,9.10,9.1000,true,1,120892
4000417298003,false,ריטר ספורט שוקולד חלב קרם קוקוס וחלב,ריטר ספורט Ritter sport,DE,שוקולד ריטר ספורט חל,גרמים,100.00,100 גרם,false,,9.10,9.1000,true,1,120894
4000417707000,false,שוקולד חלב מעולה עם שברי קשיו קלוי ומומלח,ריטר ספורט Ritter sport,DE,שוקולד ריטר ספורט חל,גרמים,100.00,100 גרם,false,,10.90,10.9000,true,1,176947
4000417708007,false,"שוקולד ריטר ספורט מריר שקד, 100 גרם",ריטר ספורט Ritter sport,DE,שוקולד ריטר ספורט מר,גרמים,100.00,100 גרם,false,,10.90,10.9000,true,1,176948
4000504149324,false,גבינת רוגט גרמני 125 גרם,,DE,רוג'ט 125 גרם KASERE,גרמים,125.00,100 גרם,false,,24.90,19.9200,true,1,169282
4000522009747,false,"מקלות בייגלה תפו""א צ'יו 80 גרם",טרופיקל דגיל תעשיות,HU,בייגלה ציו מקלות 80,Unknown,0.00,יחידה,false,,3.90,0.0000,true,1,135603
4000522061752,false,בייגלה צ'יו מקלות מלוחים 100 גרם,צ'יו Chio,HU,צ'יאו סטיקלטי מקלות,Unknown,0.00,יחידה,false,,3.90,0.0000,true,1,135605
4000539280726,false,שוקולד לינדט אקסלנס מילד 70% 100 גר,לינדט ושפרונגלי,DE,לינדט אקסלנס 70% 100,גרמים,100.00,100 גרם,false,,14.90,14.9000,true,1,198606
4000539280740,false,לינדט אקסלנס 78% מוצקי קקאו 100 גרם,לינדט ושפרונגלי קילשברג,DE,לינדט אקסלנס 78% 100,גרמים,100.00,100 גרם,false,,15.10,15.1000,true,1,199451
4001507161948,false,קווקר פתיתי שיבולת שועל דקה 500 גר,פורטין מולנברקה ג'ב,DE,קווקר פתיתי שיבולת ש,גרמים,500.00,100 גרם,false,,6.90,1.3800,true,1,145791
4001507161955,false,קווקר פתיתי שיבולת שועל עבה 500 גר,פורטין מולנברקה ג'ב,DE,קווקר פתיתי שיבולת ש,גרמים,500.00,100 גרם,false,,6.90,1.3800,true,1,145792
4001518003800,false,טורינוס מקלות פריכים עם פלפל ומלח 125 גרם,גריסון,DE,טורינוס מקלות פריכים,גרמים,125.00,100 גרם,false,,15.90,12.7200,true,1,173242
4001518003817,false,מקלות פריכים עם גבינת גאודה 125 ג' טורינוס,גריסון,DE,טורינוס מקלות פריכים,גרמים,125.00,100 גרם,false,,15.90,12.7200,true,1,180255
4001518106112,false,טורינוס מקלות פריכים עם רוזמרין 125 גרם,גריסון,DE,טורינוס מקלות פריכים,גרמים,125.00,100 גרם,false,,15.90,12.7200,true,1,173243
4002448017684,false,"סיליט באנג ספריי ניקוי כללי מסיר אבנית 750 מ""ל",הדקלאים אגודת שיתופי,PL,סיליט באנג ספריי רב,מיליליטרים,750.00,"100 מ""ל",false,,13.90,1.8533,true,1,111182
4002590000039,false,סוכריות בטעם פירות הדר קלפני 150 גרם,ליימן מותגים,DE,סוכריות קלפני הדרים,גרמים,150.00,100 גרם,false,,10.10,6.7333,true,1,120905
4002590000046,false,סוכריות בטעם מנטה מרענן קלפני 150 גרם,ליימן מותגים,DE,סוכריות קלפני מרענן,גרמים,150.00,100 גרם,false,,10.10,6.7333,true,1,120906
4002590000619,false,סוכריות קלפני בטעם ק,ליימן מותגים,,סוכריות קלפני בטעם ק,גרמים,150.00,100 גרם,false,,10.10,6.7333,true,1,201056
4002590000626,false,סוכריות קלפני דובדבן,ליימן מותגים,,סוכריות קלפני בטעם ד,גרמים,150.00,100 גרם,false,,10.10,6.7333,true,1,201057
4002590000633,false,סוכריות קלפני פירות 150 גרם,ליימן מותגים,DE,סוכריות קלפני פירות,גרמים,150.00,100 גרם,false,,10.10,6.7333,true,1,120907
4002590703541,false,קלפני סוכריות קשות בטעם תות,ליימן מותגים,DE,קלפני סוכריות תות 15,גרמים,150.00,100 גרם,false,,10.10,6.7333,true,1,120912
4002603087767,false,אייסקונפקט סילנדר 800ג',,,אייסקונפקט 800 גרם,גרמים,800.00,100 גרם,false,,44.90,5.6125,true,1,128624
4002859121741,false,דופיו פאסו אסולו יין,,,דופיו פאסו אסולו יין,Unknown,0.00,יחידה,false,,59.90,0.0000,true,1,200274
4004666042004,false,"מלרוד מרסס משמיד עובש יעקבי 500 מ""ל",יעקובי,DE,מלרוד מחסל עובש+מרסס,Unknown,750.00,יחידה,false,,26.90,0.0359,true,1,120215
4004666111656,false,"ג'ל פעיל להשמדת עובש 250 מ""ל מרלוד",מלרוד,DE,מלרוד ג'ל פעיל להשמד,מיליליטרים,250.00,"100 מ""ל",false,,29.90,11.9600,true,1,189417
4004715020755,false,קישוטי עוגה פרינס אנד פרינסס 75 ג',היינץ צפון אמריקה מק,DE,פרינס אנד פרינסס קיש,Unknown,0.00,יחידה,false,,12.50,0.0000,true,1,120913
4005808293469,false,"ניוואה - דאודורנט ספריי לגבר יבש 150 מ""ל",BEIERSDORF MANUFACTU,DE,ניוואה דאו ספרי יבש,מיליליטרים,150.00,"100 מ""ל",false,,13.90,9.2667,true,1,187236
4005808366392,false,שפתון ליובש כחול קלאסי לבלו 48 גרם,טרופיקל דגיל תעשיות,IL,לבלו שפתון כחול בליס,Unknown,0.00,יחידה,false,,9.90,0.0000,true,1,111692
4005808502004,false,לבלו שפתון סופט ורוד בליסטר 5.5מל,ביירסדורף,DE,שפתון לבלו ורוד בשרי,Unknown,1.00,יחידה,false,,9.90,9.9000,true,1,131599
4005808515554,false,ניוואה סופט קרם רב שימושי מרקם עדין 300מ,HELLAS BEIERSDORF,ES,ניוואה קרם רב שימושי,מיליליטרים,300.00,"100 מ""ל",false,,29.90,9.9667,true,1,197886
4005808571246,false,ניוואה מסיר איפור לעיניים דאבל אפקט,HELLAS BEIERSDORF,DE,מסיר איפור לעיניים-,Unknown,0.00,יחידה,false,,39.90,0.0000,true,1,161997
4005808668847,false,"ניוואה תרחיץ פנים עדין לעור יבש 150 מ""ל",HELLAS BEIERSDORF,DE,ג'ל ניקוי לעור עדין,Unknown,0.00,יחידה,false,,16.90,0.0000,true,1,161998
4005808670611,false,"קרם לחות פנים לעור עדין-יבש ניוואה 50 מ""ל",ביירסדורץ,DE,ניואה קרם לחות לעור,Unknown,0.00,יחידה,false,,39.90,0.0000,true,1,174648
4005808702107,false,ניוואה תחליב גוף לעור יבש מאד 500 מל,בטר אנד דיפרנט,DE,ניוואה תחליב גוף לעו,מיליליטרים,500.00,"100 מ""ל",false,,27.90,5.5800,true,1,163891
4005808817603,false,ג'ל גילוח עם אלוורה Protect & Care,ניוואה Nivea,DE,ג'ל גילוח ניוואה עדי,מיליליטרים,200.00,"100 מ""ל",false,,19.90,9.9500,true,1,131600
4005808817726,false,ניוואה קרם גילוח לגבר100,ניוואה Nivea,DE,ניוואה קרם גילוח 100,גרמים,100.00,100 גרם,false,,13.90,13.9000,true,1,154821
4005808837359,false,"ניוואה - דאודורנט רול און לאישה פרל אנד ביוטי 50 מ""ל",ביירסדורף AG,DE,ניוואה דאודורנט רול-,Unknown,0.00,יחידה,false,,13.90,0.0000,true,1,131605
4005808850907,false,לבלו הידרו קר בליסטר 5.5מל,ביירסדורף,DE,לבלו הידרו קר,Unknown,0.00,יחידה,false,,9.90,0.0000,true,1,163892
4005900036445,false,"ניוואה - דאודורנט רול און לאישה בלק&וויט פיור 50 מ""ל",ביירסדורץ,DE,ניוואה דאודורנט רול,מיליליטרים,50.00,"100 מ""ל",false,,13.90,27.8000,true,1,154826
4005900036476,false,"ניוואה - דאודורנט רול און לאישה בלק אנד וויט קליר 50 מ""ל",טרופיקל דגיל תעשיות,DE,ניוואה DEEP דאודורנט,מיליליטרים,50.00,"100 מ""ל",false,,13.90,27.8000,true,1,131606
4005900037909,false,"ניוואה - דאודורנט ספריי לאישה אינויזיבל פיור 150 מ""ל",ביירסדורץ,DE,ניוואה דאודורנט ספרי,מיליליטרים,150.00,"100 מ""ל",false,,13.90,9.2667,true,1,154828
4005900092403,false,"ניוואה קרם יום אנטי אייג' 35+ 50 מ""ל",ביירסדורף,DE,ניוואה קרם יום המסיי,Unknown,0.00,יחידה,false,,69.90,0.0000,true,1,161991
4005900138842,false,"ניוואה - תחליב רחצה סמוט 750 מ""ל",ניואה,DE,ניוואה תחליב רחצה 75,Unknown,0.00,יחידה,false,,17.90,0.0000,true,1,183749
4005900420220,false,"גל רחצה ניוואה פיור אימפקט לגבר 500 מ""ל",ניואה,DE,ניוואה מן גל רחצה פי,מיליליטרים,500.00,"100 מ""ל",false,,14.90,2.9800,true,1,186128
4005900542557,false,"ניוואה - דאודורנט רול און לאישה בלק אנד וויט 50 מ""ל",ניואה,DE,ניוואה דאו' רולאון ל,Unknown,0.00,יחידה,false,,13.90,0.0000,true,1,179310
4005900639554,false,"ניוואה - דאודורנט רול און לאישה פרש נטורל לאישה ללא אלומיניום 50 מ""ל",ביירסדורף AG,DE,ניוואה דאודורנט רולא,מיליליטרים,50.00,"100 מ""ל",false,,13.90,27.8000,true,1,196784
4005900648181,false,"ניוואה - תחליב רחצה אלוורה 750 מ""ל",ביירסדורף AG,DE,ניוואה תחליב רחצה 75,Unknown,0.00,יחידה,false,,17.90,0.0000,true,1,183750
4005900730275,false,"ניוואה דאו ספריי לאשה בלק אנד וויט אימפקט 150 מ""ל",ביירסדורף AG,DE,ניוואה דאודורנט ספרי,מיליליטרים,150.00,"100 מ""ל",false,,13.90,9.2667,true,1,200223
4005900730299,false,"ניוואה דאו רול און לאשה בלק אנד וויט אימפקט 50 מ""ל",ביירסדורף,DE,ניוואה דאו.רולאון לא,מיליליטרים,50.00,"100 מ""ל",false,,13.90,27.8000,true,1,200221
4005900730336,false,"ניוואה דאו רול און לגבר בלק אנד וויט אימפקט 50 מ""ל",ביירסדורף,DE,ניוואה דאו.רולאון לג,מיליליטרים,50.00,"100 מ""ל",false,,13.90,27.8000,true,1,200222
4005900816016,false,"ניוואה - דאודורנט ספריי לאישה פרש טבעי לאישה 150 מ""ל",טרופיקל דגיל תעשיות,DE,ניוואה דאודורנט ספרי,מיליליטרים,150.00,"100 מ""ל",false,,16.90,11.2667,true,1,196785
4005900828088,false,"ניוואה - דאודורנט רול און לגבר פרש 50 מ""ל",טרופיקל דגיל תעשיות,DE,דאודורנט רולאון לגבר,מיליליטרים,50.00,"100 מ""ל",false,,13.90,27.8000,true,1,131616
4005900833723,false,"ניוואה - פאוור פרש ג'ל רחצה לגבר 500 מ""ל",HELLAS BEIERSDORF,DE,ניוואה ג'ל רחצה לגבר,מיליליטרים,500.00,"100 מ""ל",false,,14.90,2.9800,true,1,186145
4005900841148,false,"ניוואה מן ג'ל גילוח קול קיק פרש 200 מ""ל",ביירסדורף,DE,ניוואה מן גל גילוח ק,מיליליטרים,200.00,"100 מ""ל",false,,19.90,9.9500,true,1,184869
4005900845702,false,"ניוואה - דאודורנט רול און לגבר קול קיק פרש 50 מ""ל",ביירסדורף,DE,ניוואה מן דאודורנט ר,Unknown,0.00,יחידה,false,,13.90,0.0000,true,1,184822
4005900874931,false,"דאודורנט ספריי דיפ ביט לגבר 150 מ""ל ניוויה",ביירסדורף,DE,ניוואה מן דאודרנט ספ,מיליליטרים,150.00,"100 מ""ל",false,,13.90,9.2667,true,1,197046
4005900968760,false,תיק רחצה לגבר המכיל 3 מוצרים בגודל מלא + מוצר מוקטן לנסיעות מתנה,ביירסדורץ,DE,מארז טואלטיקה מפנק ל,Unknown,0.00,יחידה,false,,69.90,0.0000,true,1,193907
4005900978974,false,לבלו - סופט רוז שפתון לחות מטפח מהדורת נסיכות דיסני,ביירסדורף,DE,לבלו שפתון ורודבליסט,Unknown,0.00,יחידה,false,,9.90,0.0000,true,1,201142
4006298004009,false,"בירה טוכר הלס הפוויצן 500 מ""ל",מבשלת טוכר,DE,בירה טוכר הלס הפוויצ,מיליליטרים,500.00,"100 מ""ל",false,,12.90,2.5800,true,1,160825
4006298014206,false,"בירה טוכר הלס הפוויצן פחית 500 מ""ל",מבשלת טוכר,DE,בירה טוכר הלס הפוויצ,מיליליטרים,500.00,"100 מ""ל",false,,10.90,2.1800,true,1,160843
4006298207912,false,סבאלדוס הלס הפוויצן,מבשלת טוכר,,סבאלדוס הלס הפוויצן,מיליליטרים,500.00,"100 מ""ל",false,,12.90,2.5800,true,1,185454
4006387084578,false,קנקן בריטה Marella כחול (כולל פילטר MAXTRA+),בריטה Brita,DE,קנקן בריטה כחול מארי,Unknown,0.00,יחידה,false,,129.90,0.0000,true,1,145320
4006387085407,false,שלישיית פילטר מקסטרא סודהסטרים,סודה קלאב,DE,שלישיית פילטר MAXTRA,Unknown,0.00,יחידה,false,,129.90,0.0000,true,1,111957
4006387097370,false,קנקן סטייל+פילטר מקסטרא סודהסטרים,בריטה,DE,קנקן בריטה סטייל +פי,Unknown,0.00,יחידה,false,,159.90,0.0000,true,1,145329
4006814011108,false,שוקולד סנטה קלאוס בו,WAWI-EURO,DE,סנטה בודד 150 ג' WAW,גרמים,150.00,100 גרם,false,,8.90,5.9333,true,1,125067
4007745058811,false,חרדל צרפתי חלק אורגני 200 גרם,נטורפוד,DE,נטורפוד חרדל אורגני,Unknown,0.00,יחידה,false,,16.90,0.0000,true,1,153433
4008102002867,false,גרגירים להכנת תה לימון מילפורד 400 גרם,ליימן מותגים,DE,מילפורד תה גרגרים בט,גרמים,400.00,100 גרם,false,,14.60,3.6500,true,1,120914
4008287905786,false,בירה קרומבאכר חיטה 5.3% פחית 500 מל,מנדלז סי.אר. פרודקשן,DE,קרומבכר חיטה פחית 50,מיליליטרים,500.00,"100 מ""ל",false,,9.90,1.9800,true,1,184918
4008400284620,false,קינדר - שוקובון 24 יחידות * 46 גרם,Unknown,,קינדר שוקובון 46 גרם,Unknown,0.00,יחידה,false,,4.90,0.0000,true,1,154182
4008600336402,false,נוק זוג מוצצי סיליקון ספייס6-18 אפורכחול,פרומדיקו,DE,זוג מוצצים ספייס 6-1,Unknown,0.00,יחידה,false,,29.90,0.0000,true,1,158976
4008600353751,false,נוק זוג מוצצי סיליקון הפי נייטס 6-18 כחו,פרומדיקו,DE,נוק זוג מוצצים הפי נ,Unknown,0.00,יחידה,false,,29.90,0.0000,true,1,183608
4009134511273,false,פותחן יין (כנפיים) א,,,פותחן יין (כנפיים) א,Unknown,0.00,יחידה,false,,29.90,0.0000,true,1,152692
4009300522935,false,תה ירוק פומפדור לימונית ולואיזה 20 יחידות,"איטיליאן פוד, אס.פי.",DE,פומפדור תה ירוק לימו,Unknown,20.00,יחידה,false,,19.20,0.9600,true,1,128038
4009300522966,false,תה ירוק עם נענע פומפדור 20 יחידות,"איטיליאן פוד, אס.פי.",DE,פומפדור תה ירוק נענע,Unknown,0.00,יחידה,false,,19.20,0.0000,true,1,128039
4009300524588,false,חליטת צמחים פומפדור פירות יער 20 יחידות,פומפדור Pompadour,DE,פומפדור חליטת פירות,Unknown,20.00,יחידה,false,,16.20,0.8100,true,1,128040
4009300524625,false,תה צ'אי מסאלה פומפדור 20 יחידות,פומפדור Pompadour,DE,פומפדור צ'אי מסאלה 2,Unknown,0.00,יחידה,false,,14.90,0.0000,true,1,173411
4009300525011,false,פומפידור תה ירוק עם תפוז וג'ינגר 25 שקיקים,"איטיליאן פוד, אס.פי.",DE,פומפידור תה ירוק תפו,Unknown,20.00,יחידה,false,,19.20,0.9600,true,1,128042
4009300525684,false,חליטת צמחים פומפדור ג'ינג'ר ולימון 20 יחידות,פומפדור Pompadour,DE,פומפדור חליטת לימון,Unknown,20.00,יחידה,false,,16.20,0.8100,true,1,128043
4009300526438,false,תה ירוק פומפדור קלאסי 20 יחידות,"איטיליאן פוד, אס.פי.",DE,פומפדור תה ירוק קלאס,Unknown,20.00,יחידה,false,,19.20,0.9600,true,1,128044
4009300527909,false,חליטת צמחים ג'ינג'ר כורכום ללא קפאין,פומפדור Pompadour,DE,חליטת גינגר כורכום 4,Unknown,0.00,יחידה,false,,16.20,0.0000,true,1,128047
4009300528821,false,תה ירוק פומפדור ג'ינגר וקינמון 20 יחידות,פומפדור Pompadour,DE,פומפדור תה ירוק ג'נג,Unknown,0.00,יחידה,false,,19.20,0.0000,true,1,128049
4009300529514,false,תה חליטת פומפדור פירות אוכמניות 20 יח,TEEKANNE- POMPADOU,DE,פומפדור חליטת פירות,גרמים,45.00,גרם,false,,19.90,0.4422,true,1,197309
4009300529538,false,תה חליטת פומפדור פירות לימון 20 יח,TEEKANNE- POMPADOU,DE,פומפדור חליטת פירות,גרמים,45.00,גרם,false,,19.90,0.4422,true,1,197310
4009300529552,false,תה חליטת פומפדור פירות אפרסק 20 יח,TEEKANNE- POMPADOU,DE,פומפדור חליטת פירות,גרמים,45.00,גרם,false,,19.90,0.4422,true,1,197311
4009300529576,false,תה חליטת פומפדור פירות רימונים 20 יח,TEEKANNE- POMPADOU,DE,פומפדור חליטת פירות,Unknown,0.00,יחידה,false,,16.20,0.0000,true,1,186177
4009300530121,false,חליטה קרה בטעמי אפרסק ופסיפלורה פומפדור 45 ג',טיקנה,DE,פומפדור חליטה קרה בט,Unknown,0.00,יחידה,false,,16.90,0.0000,true,1,182283
4009300595120,false,חליטת צמחים פומפדור ג'ינג'ר מנגו 20 יחידות,TEEKANNE- POMPADOU,DE,חליטת צמחים בטעם ג'י,Unknown,0.00,יחידה,false,,16.20,0.0000,true,1,163039
4009309740422,false,רסק תפוחים אורגני – נטורפוד 700 גרם,נטורפוד,DE,נטורפוד רסק תפוחים א,Unknown,0.00,יחידה,false,,18.90,0.0000,true,1,153439
4009900013581,false,מארז חמישיית מסטיק אורביט Orbit בטעם מנטה,ריגלי צרפת,FR,אורביט סטיקס ספירמינ,Unknown,0.00,יחידה,false,,9.90,0.0000,true,1,148886
4009900379564,false,מסטיק הובה בובה Hubba Bubba טייפ בטעם פירות,הובה בובה Hubba Bubba,GB,הובה בובה פירות טייפ,Unknown,0.00,יחידה,false,,6.60,0.0000,true,1,148887
4009900402965,false,אורביט וויט בטעם פירות בקבוקון 46מלבניות,ריגלי פולין,PL,אורביט וויט פירות בק,Unknown,0.00,יחידה,false,,10.90,0.0000,true,1,148890
4009900403023,false,אורביט וויט בטעם מנטה בקבוקון 46 מלבניות,"ב.א מזון בע""מ",PL,אורביט וויט מנטה בקב,Unknown,0.00,יחידה,false,,10.90,0.0000,true,1,148891
4009900420129,false,מסטיק אורביט פרופשנל פפרמינט בקבוקון 64 גר',מרס נדרלנד,PL,אורביט פרופשיונל פפר,Unknown,0.00,יחידה,false,,10.90,0.0000,true,1,148895
4009900426039,false,מסטיק מנטה אקליפטוס בקבוקון איירווייבס 64 גרם,איירוויבס Airwaves,PL,בקבוקון איירוויבז מנ,Unknown,0.00,יחידה,false,,10.90,0.0000,true,1,148897
4009900455299,false,"סוכרית ג'לי אדומה 174 גרם ""סקיטלס""",ריגלי ממתקים,CZ,סקיטלס פירות 174 גרם,גרמים,174.00,100 גרם,false,,8.90,5.1149,true,1,148899
4009900465304,false,סוכריות סקיטלס בטעם פירות חמוצים,ריגלי ממתקים,CZ,סקיטלס פירות חמוצים,גרמים,174.00,100 גרם,false,,8.10,4.6552,true,1,148903
4009900479998,false,אורביט וויט אוכמניות בקבוקון 46 מלבניות,ריגלי פולין,PL,אורביט מסטיק בקבוקון,Unknown,0.00,יחידה,false,,10.90,0.0000,true,1,148904
4009900482417,false,מסטיק אורביט פירות מנטה בקבוקון באבל מינט 45יח,ריגלי פולין,PL,אורביט באבל מינט בקב,Unknown,0.00,יחידה,false,,10.90,0.0000,true,1,148906
4009900483803,false,מסטיק איירובס מנטה אקליפטוס בקבוקון 60יח',איירוויבס Airwaves,PL,אירוובס בקבוק מנטה א,Unknown,0.00,יחידה,false,,13.00,0.0000,true,1,148907
4009900484060,false,מסטיק אורביט פרופשיונל בטעם מנטה ללא סוכר,ריגלי פולין,PL,אורביט פרופשיונל מנט,Unknown,60.00,יחידה,false,,12.90,0.2150,true,1,148909
4009900484091,false,מסטיק אורביט פרופשיונל בטעם מנטה ללא סוכר,ריגלי פולין,PL,אורביט פרופשיונל ספי,Unknown,0.00,יחידה,false,,12.90,0.0000,true,1,148910
4009900484305,false,מסטיק אורביט פרופשיונל סוויטמינט ביגי לבן 60יח',אורביט Orbit,GB,אורביט בקבוק חיסכון,Unknown,60.00,יחידה,false,,12.90,0.2150,true,1,148911
4009900491044,false,מסטיק איירובס אוכמניות בקבוקון 60יח',איירוויבס Airwaves,PL,אירוובס בקבוק אוכמני,Unknown,0.00,יחידה,false,,13.00,0.0000,true,1,148916
4009900496247,false,מסטיק אורביט בטעם פירות ומנטה ללא סוכר,אורביט Orbit,PL,מסטיק אורביט בקבוק ב,Unknown,0.00,יחידה,false,,12.90,0.0000,true,1,148917
4009900500166,false,סוכריות פירות אדום סקיטלס בקבוקון 125ג',ריגלי ממתקים,CZ,סקיטלס פירות בקבוק,Unknown,0.00,יחידה,false,,8.90,0.0000,true,1,148918
4009900509770,false,אורביט באריזת בקבוק בטעם תות 60 יח',אורביט Orbit,GB,אורביט בקבוק חיסכון,Unknown,60.00,יחידה,false,,12.90,0.2150,true,1,148922
4009900521581,false,סוכריות אורביט מינטס מנטה בבקבוקון 77 גר,ריגלי פולין,PL,אורביט מינטס דובדבן,Unknown,0.00,יחידה,false,,9.90,0.0000,true,1,148930
4009900521611,false,סוכריות אורביט מינטס דובדבן מנטה בבקבוקון,מרס נדרלנד,PL,אורביט מינטס מנטה בב,Unknown,0.00,יחידה,false,,9.90,0.0000,true,1,148931
4009900531122,false,"מסטיק בטעם מנטה ספירמינט, 64 ג' פרופשיונל אורביט",מרס נדרלנד,PL,אורביט פרופשיונל ספי,Unknown,0.00,יחידה,false,,10.90,0.0000,true,1,148935
4009900531573,false,סוכריות סקיטלס סמודיס בטעמי יוגורט ופירות,סקיטלס Skittles,CZ,סקיטלס סמודיס 174 גר,גרמים,174.00,100 גרם,false,,8.90,5.1149,true,1,148936
4009900532327,false,סוכריות סקיטלס סמודיס בטעמי יוגורט ופירות,ריגלי ממתקים,CZ,סקיטלס סמודיס 38ג,Unknown,0.00,יחידה,false,,3.00,0.0000,true,1,148937
4009900535519,false,מסטיק אורביט רפרשרס ספירמינט ללא סוכר 15.6גר',אורביט,PL,מסטיק אורביט רפרשרס,Unknown,0.00,יחידה,false,,3.90,0.0000,true,1,176336
4009900535540,false,מסטיק אורביט רפרשרס פפרמינט ללא סוכר 15.6גר',אורביט,PL,מסטיק אורביט רפרשרס,Unknown,0.00,יחידה,false,,3.90,0.0000,true,1,176337
4009900535823,false,מסטיק אורביט רפרשרס באבלמינט ללא סוכר 15.6גר',אורביט,PL,מסטיק אורביט רפרשרס,Unknown,0.00,יחידה,false,,3.90,0.0000,true,1,176338
4009900536257,false,מסטיק אורביט רפרשרס ספירמינט בקבוקון ללא סוכר 67 גר',מרס ריגלי קונפקשונרי,PL,מסטיק אורביט רפרשרס,Unknown,0.00,יחידה,false,,11.90,0.0000,true,1,176339
4009900536288,false,מסטיק אורביט רפרשרס פפרמינט בקבוקון ללא סוכר 67 גר',מרס ריגלי קונפקשונרי,PL,מסטיק אורביט רפרשרס,Unknown,0.00,יחידה,false,,11.90,0.0000,true,1,176340
4009900536486,false,מסטיק אורביט רפרשרס באבלמינט בקבוקון ללא סוכר 67 גר',מרס ריגלי קונפקשונרי,PL,מסטיק אורביט רפרשרס,Unknown,0.00,יחידה,false,,11.90,0.0000,true,1,176341
4009900539340,false,סוכריות סקיטלס ג'יינט סאוור 141 גרם,מרס ריגלי קונפקשונרי,CZ,סקיטלס ג'יינט סאוור,גרמים,141.00,100 גרם,false,,8.90,6.3121,true,1,187966
4009900539685,false,"מסטיק פייב באונס בטעם מנטה בקבוקון, 61.8 גרם",ריגלי בעמ רוסיה,PL,מסטיק פייב באונס בטע,Unknown,0.00,יחידה,false,,11.90,0.0000,true,1,198641
4009900539746,false,"מסטיק פייב באונס בטעם אבטיח בקבוקון, 61.8 גרם",ריגלי בעמ רוסיה,PL,מסטיק פייב באונס בטע,Unknown,0.00,יחידה,false,,11.90,0.0000,true,1,198644
4009900540551,false,מסטיק אורביט רפרשרס טרופיקל בקבוקון ללא סוכר,מרס פולין,PL,מסטיק אורביט ריפרשרס,Unknown,0.00,יחידה,false,,11.90,0.0000,true,1,198639
4011100001220,false,מרסי חטיפי מיני שקית 403ג',לינדט ושפרונגלי קילשברג,NL,מרס מיני 403 גרם,גרמים,403.00,100 גרם,false,,22.90,5.6824,true,1,148938
4011800290054,false,חטיף חלבון עם קוקוס ושוקולד חלב ללא תוספת סוכר,קורני,DE,קורני חלבון קוקוס 50,Unknown,0.00,יחידה,false,,9.90,0.0000,true,1,197446
4011800568610,false,מארז רביעיית קורני בטעם קלאסי,שוורטאוור וורקה,DE,קורני חטיף סנדביץ במ,Unknown,4.00,יחידה,false,,15.10,3.7750,true,1,121522
4011800628512,false,חטיף קורני שוקולד חלב 6 יח 150 גר,מיוצר עי קונדיטוריית,DE,קורני חטיף דגנים עם,Unknown,6.00,יחידה,false,,12.90,2.1500,true,1,121531
4011800629519,false,"מארז חטיפי דגנים אגוזים ""קורני""",שוורטאוור וורקה,DE,קורני חטיף דגנים עם,Unknown,6.00,יחידה,false,,12.90,2.1500,true,1,121532
4011800630515,false,חטיף קורני שוקולד חלב ובננה 6 יח 150 גר,מיוצר עי קונדיטוריית,DE,קורני חטיף דגנים עם,Unknown,6.00,יחידה,false,,12.90,2.1500,true,1,121533
4011800632519,false,"מארז חטיפי שוקולד חלב וקוקוס ""קורני""",מיוצר עי קונדיטוריית,DE,קורני חטיף דגנים עם,Unknown,6.00,יחידה,false,,12.90,2.1500,true,1,121534
4011800633516,false,קורני שוקולד מריר מעולה 58% קקאו 6*1,שוורטאוור וורקה,DE,קורני חטיף דגנים עם,Unknown,6.00,יחידה,false,,12.90,2.1500,true,1,121535
4011800635510,false,חטיף קורני Corny Free עם אגוזי לוז ללא תוספת סוכר,קורני Corny,DE,קורני פרי עם אגוזים,Unknown,6.00,יחידה,false,,12.90,2.1500,true,1,121536
4011800636517,false,קורני פרי שוקולד חלב מעולה ללא סוכר 6*1,מיוצר עי קונדיטוריית,DE,קורני פרי חטיף דגנים,Unknown,6.00,יחידה,false,,12.90,2.1500,true,1,121537
4011800637514,false,חטיף קורני Corny Free עם שוקולד לבן ללא תוספת סוכר,קורני Corny,DE,קורני פרי חטיף דגנים,Unknown,6.00,יחידה,false,,12.90,2.1500,true,1,121538
4013044100007,false,ליקרס אבקת אפיה אורגנית 48 גרם,ליקרס,DE,ליקרס אבקת אפייה אור,Unknown,0.00,יחידה,false,,9.90,0.0000,true,1,153441
4013900975879,false,סנטה קלאוס 100 גרם ש,,,סנטה קלאוס 100 גרם ש,גרמים,100.00,100 גרם,false,,7.90,7.9000,true,1,168241
4014400901191,false,בונבונריית מרסי מבחר ממתקי שוקולד 250 גרם,ליימן מותגים,DE,בונבוניירת מרסי מבחר,גרמים,250.00,100 גרם,false,,24.90,9.9600,true,1,120919
4014400904277,false,סוכריות בטעם מנטה אייס פרש סטורק 425 גרם,תות ממתקי איכות,DE,סוכריות קשות אייספרש,גרמים,425.00,100 גרם,false,,14.90,3.5059,true,1,120923
4014400904307,false,סוכריות בטעם פירות קליפורניה סטורק 425 גרם,קריניציה ויטמינה אס,DE,סוכריות קשות בטעמי פ,גרמים,425.00,100 גרם,false,,14.90,3.5059,true,1,120924
4014400904376,false,סוכריות טופי בטעם שוקולד סטורק 325 גרם,קריניציה ויטמינה אס,DE,סוכריות טופי בטעם שו,גרמים,325.00,100 גרם,false,,14.90,4.5846,true,1,120926
4014400904390,false,סוכריות טופי ממולא חלב סטורק 325 גרם,קריניציה ויטמינה אס,DE,סוכריות וולמילש בטעם,גרמים,325.00,100 גרם,false,,14.90,4.5846,true,1,120927
4014400910063,false,סוכריות חמאה וורטרס אורגינל 135 גרם,וורטר'ס אורגינל,DE,סוכריות חמאה בשקית ו,גרמים,135.00,100 גרם,false,,9.10,6.7407,true,1,120932
4014400913910,false,וורטרס אורגינל סוכריות חמאה ממולאות קרם קרמל בשקית,תות ממתקי איכות,DE,סוכריות חמאה וורטרס,גרמים,125.00,100 גרם,false,,8.90,7.1200,true,1,120933
4014400914696,false,וורטרס אורגינל סוכריות ללא סוכר 80 גרם,ליימן מותגים,DE,סוכריות חמאה ללא סוכ,Unknown,0.00,יחידה,false,,8.10,0.0000,true,1,120938
4014400914924,false,"סוכריות בטעם קפה וורטר אורגינל לל""ס 80 גרם",ליימן מותגים,DE,סוכריות חמאה ללא סוכ,Unknown,0.00,יחידה,false,,8.10,0.0000,true,1,120939
4014400920857,false,וורטר אורגינל ללא סוכר בטעם שוקולד-שקית 70 גרם,קריניציה ויטמינה אס,DE,סוכריות חמאה ללא סוכ,Unknown,0.00,יחידה,false,,8.10,0.0000,true,1,120942
4014400923711,false,בונבוניירה שוקולד אגוזים טופיפי 125 גרם,ליימן מותגים,DE,טופיפי סוכריות טופי,גרמים,125.00,100 גרם,false,,12.90,10.3200,true,1,120943
4014400925319,false,וורטרס אורגינל פופקורן קרמל 140 גרם,וורטרס Werther's,DE,וורטר פופקורן קרמל 1,גרמים,140.00,100 גרם,false,,14.90,10.6429,true,1,182516
4014400931327,false,וורטר פופקורן קרמל עם תערובת גרעינים 140 גרם,וורטרס Werther's,DE,וורטרס אורגינל פופקו,גרמים,140.00,100 גרם,false,,14.90,10.6429,true,1,196066
4014522120104,false,"בודטה סוכריות פירות מולטיויטמין לל""ס 100 גרם",,DE,בודטה-סוכריות פירות,Unknown,0.00,יחידה,false,,9.90,0.0000,true,1,156267
4014522120203,false,"בודטה סוכריות בטעם דובדבן לל""ס 100 גרם",,DE,בודטה-סוכריות בטעם ד,Unknown,0.00,יחידה,false,,9.90,0.0000,true,1,156268
4014522120302,false,בודטה סוכריות בטעם מנטה ללא סוכר 100 גרם,,DE,בודטה-סוכריות בטעם מ,Unknown,0.00,יחידה,false,,9.90,0.0000,true,1,156269
4015000031394,false,"ספטיל - משחה להסרת כתמים 200 מ""ל",קריות זול,HU,"סיל ספטיל 200 מ""ל",,200.00,100 מל,false,,13.90,0.0695,true,1,153718
4015000280211,false,"פה - דאודורנט רול און לאישה קאריביין לימון 50 מ""ל",שוורצקופף והנקל,DE,פה דאודורנט קאריביי,מיליליטרים,50.00,"מ""ל",false,,11.90,0.2380,true,1,125850
4015000280372,false,"דאודורנט רול און בניחוח לימון פה 50 מ""ל",שוורצקופף והנקל,DE,פה דאודורנט ספורט ר,Unknown,0.00,יחידה,false,,11.90,0.0000,true,1,111108
4015000615884,false,"פה - דאודורנט ספריי לאישה קריביין לימון 200 מ""ל",שוורצקופף והנקל,DE,פה דאודורנט קריביין,מיליליטרים,200.00,"100 מ""ל",false,,11.90,5.9500,true,1,125854
4015000615891,false,"פה - דאודורנט ספריי לאישה אקווה 200 מ""ל",שוורצקופף והנקל,DE,פה דאודורנט אקווה ספ,מיליליטרים,200.00,"100 מ""ל",false,,11.90,5.9500,true,1,125855
4015000940948,false,מרכך גליס Gliss שיקום נזק קיצוני אולטימט ריפייר,שוורצקוף Schwarzkopf,DE,גליס שיקום אולטימטיב,מיליליטרים,400.00,"100 מ""ל",false,,15.90,3.9750,true,1,161633
4015000940955,false,שמפו גליס Gliss שיקום נזק קיצוני אולטימט ריפייר,שוורצקופף והנקל,DE,גליס שמפו אולטימט רי,מיליליטרים,400.00,"100 מ""ל",false,,15.90,3.9750,true,1,125859
4015000996204,false,"גליס שמפו אולטימט שמן אלקסייר 400 מ""ל",שוורצקופף והנקל,DE,גליס שמפו אלקסיר 400,מיליליטרים,400.00,"100 מ""ל",false,,15.90,3.9750,true,1,125863
4015000996273,false,מרכך גליס Gliss תמצית שמן אולטימטיבי,"הובי קוסמטיק, חברת ייצור",TR,גליס קונדישינר אלקסי,מיליליטרים,400.00,"100 מ""ל",false,,15.90,3.9750,true,1,125864
4015000997430,false,פה דאודורנט ספריי אינויזיבל פאוור 200 מל,שוורצקופף והנקל,TR,פה דאודורנט בלתי נרא,מיליליטרים,200.00,"100 מ""ל",false,,11.90,5.9500,true,1,125865
4015001004168,false,"גליס - מרכך משקם אקספרס סרום שיקות עמוק 200 מ""ל",שוורצקוף,SK,גליס מרכך ללא שטיפה,Unknown,0.00,יחידה,false,,24.90,0.0000,true,1,161692
4015100190786,false,גליס מסכת סרום לשיקום עמוק עם קרטין,שוורצקופף והנקל,SK,גליס מסיכה לשיקום עמ,מיליליטרים,300.00,"100 מ""ל",false,,24.90,8.3000,true,1,125878
4015400219507,false,טמפקס קומפאק נורמל 16 יח',פרוקטר & גמבל,HU,טמפקס קומפקט רגולר 1,Unknown,0.00,יחידה,false,,11.90,0.0000,true,1,198270
4015400728429,false,אוולויז אולטרה לונג,,,אוולויז אולטרה לונג,Unknown,0.00,יחידה,false,,19.90,0.0000,true,1,204543
4015600762742,false,שמפו יומיומי למניעת קשקשים הנוסחה הקלאסית,פרוקטר אנד גמבל,RO,הד אנד שולדרס שמפו ק,,500.00,100 מל,false,,19.90,0.0398,true,1,116569
4015600762780,false,שמפו וקונדישינר יומיומי למניעת קשקשים הנוסחה הקלאסית 2in1,פרוקטר אנד גמבל,RO,הד אנד שולדרס 2 ב 1,,500.00,100 מל,false,,19.90,0.0398,true,1,116570
4015600762902,false,"שמפו האד אנד שולדרס מנטול 500 מ""ל",פרוקטר אנד גמבל,RO,הד אנד שולדרס שמפו מ,,500.00,100 מל,false,,19.90,0.0398,true,1,116571
4015600762940,false,שמפו יומיומי למניעת קשקשים בניחוח תפוח,פרוקטר אנד גמבל,RO,הד אנד שולדרס שמפו ת,,500.00,100 מל,false,,19.90,0.0398,true,1,116572
4015600763022,false,שמפו יומיומי למניעת קשקשים לשיער יבש/פגום לשיער רך כמשי,פרוקטר אנד גמבל,RO,הד אנד שולדרס שמפו מ,,500.00,100 מל,false,,19.90,0.0398,true,1,116573
4015600766900,false,"שמפו ומרכ ך נגד קשקשים 500 מ""ל הד אנד שולדרס",פרוקטר אנד גמבל,RO,הד אנד שולדרס שמפו,מיליליטרים,500.00,"100 מ""ל",false,,19.90,3.9800,true,1,116575
4017100198151,false,בלזן היט ביסקוויט עם מלית קרם בטעם וניל (41%) 220 גרם,הדקלאים אגודת שיתופי,PL,בסקוויט סנדוויץ היט,גרמים,220.00,100 גרם,false,,7.90,3.5909,true,1,120950
4017100210105,false,וופל מגולגל מצופה שוקולד מריר בלזן 100 גרם,הדקלאים אגודת שיתופי,DE,בלזן גלילי וופל מריר,גרמים,125.00,100 גרם,false,,10.90,8.7200,true,1,120953
4017100219900,false,בלזן וופלטן וופל מגולגל מצופה שוקולד חלב 100 גרם,הדקלאים אגודת שיתופי,DE,וופל מגולגל בלזן מצו,גרמים,100.00,100 גרם,false,,10.90,10.9000,true,1,120958
4017100290503,false,ביסקוויט מצופה שוקולד בטעם תפוז בלזן 125 גרם,בלזן פולסקה,,בסקויט חמאה בלזן מצו,גרמים,125.00,100 גרם,false,,10.90,8.7200,true,1,196105
4017100291005,false,בלזן לייבניז בסקויט חמאה מצופה שוקולד מריר 125 גרם,הדקלאים אגודת שיתופי,DE,בסקויט חמאה בלזן מצו,גרמים,125.00,100 גרם,false,,10.90,8.7200,true,1,120960
4017100364112,false,בלזן היט בסקוויט סנדביץ עם מלית קרם בטעם שוקולד קקאו (41%) 220 גרם,הדקלאים אגודת שיתופי,PL,בסקוויט סנדוויץ היט,גרמים,220.00,100 גרם,false,,7.90,3.5909,true,1,120963
4017100366239,false,עוגיות ביסקוויט סנדוויץ ממולא קרם בטעם שוקולד,ליימן שליסל,PL,ביסקוויט סנדוויץ חמא,גרמים,190.00,100 גרם,false,,10.90,5.7368,true,1,120964
4018722100133,false,אטריות כוסמין וביצים אורגניות 250 גרם,אלב גולד,DE,אלב גולד אטריות כוסמ,גרמים,250.00,100 גרם,false,,16.90,6.7600,true,1,153447
4018722100157,false,פסטה פוזילי מקמח כוסמין מלא אורגני,האחים פלם הגפן,DE,אלב גולד פוזילי כוסמ,גרמים,250.00,100 גרם,false,,13.90,5.5600,true,1,153448
4018722102632,false,ספגטי כוסמין מלא אורגני 500 גרם,אלב גולד,DE,אלב גולד ספגטי כוסמי,גרמים,500.00,100 גרם,false,,19.90,3.9800,true,1,153450
4022025000137,false,יין בלו נאן גוורצטרמינר 750 מל,,,בלו נאן גוורצטרמינר,מיליליטרים,750.00,"100 מ""ל",false,,44.90,5.9867,true,1,113616
4022025371039,false,יין מבעבע בלו נאן חצ,בלו נאן,,בלו נאן מבעבע כחול ח,Unknown,0.00,יחידה,false,,49.90,0.0000,true,1,113619
4022025372036,false,"בלו נאן מבעבע יבש מהדורת הזהב 750 מ""ל",,,בלו נאן יבש מבעבע מה,מיליליטרים,750.00,"100 מ""ל",false,,49.90,6.6533,true,1,113426
4022025379035,false,"בלו נאן רוזה מבעבע 750 מ""ל",בלו נאן,,בלו נאן רוזה מבעבע 7,מיליליטרים,750.00,"100 מ""ל",false,,49.90,6.6533,true,1,179210
4022025390030,false,יין בלו נאן ריזלינג 750 מל,לנגוט,,בלו נאן ריזלינג 750,מיליליטרים,750.00,"100 מ""ל",false,,39.90,5.3200,true,1,113621
4025700001962,false,מילקה טבלת שוקולד לבן 100 גרם,פי אר ג'יי אס סי מונ,HU,מילקה שוקולד לבן 100,גרמים,100.00,100 גרם,false,,8.00,8.0000,true,1,161103
4045787068238,false,צבע לשיער פרוטאין קולור- 10 בלונד בהיר מאוד,שוורצקופף והנקל,DE,אינדולה פרוטאין צבע,Unknown,0.00,יחידה,false,,12.90,0.0000,true,1,161694
4045787068245,false,צבע לשיער פרוטאין קולור- 1000.0 אקסטרה בלונד,שוורצקופף והנקל,DE,אינדולה פרוטאין צבע,Unknown,0.00,יחידה,false,,12.90,0.0000,true,1,161695
4045787068283,false,"אינדולה - פרוטאין צבע 1-1 שחור כחול 60 מ""ל",אינדולה Indola,DE,אינדולה פרוטאין צבע,Unknown,0.00,יחידה,false,,12.90,0.0000,true,1,161698
4045787068313,false,"אינדולה - פרוטאין צבע 4-37 שוקולד כהה 60 מ""ל",אינדולה Indola,DE,אינדולה פרוטאין צבע,Unknown,0.00,יחידה,false,,12.90,0.0000,true,1,161701
4045787068351,false,צבע לשיער פרוטאין קולור- 5.56 בורדו קטיפה,אינדולה Indola,DE,אינדולה פרוטאין צבע,Unknown,0.00,יחידה,false,,12.90,0.0000,true,1,161707
4045787068375,false,"אינדולה - פרוטאין צבע 6 בלונד כהה 60 מ""ל",שוורצקופף והנקל,DE,אינדולה פרוטאין צבע,Unknown,0.00,יחידה,false,,12.90,0.0000,true,1,161711
4045787068498,false,"צבע לשיער אינדולה פרוטאין 7-3 דבש 60 מ""ל",שוורצקופף והנקל,DE,אינדולה פרוטאין צבע,Unknown,0.00,יחידה,false,,12.90,0.0000,true,1,161718
4045787068535,false,צבע לשיער פרוטאין קולור- 7.66 אדום זוהר,אינדולה Indola,DE,אינדולה פרוטאין קול,Unknown,0.00,יחידה,false,,12.90,0.0000,true,1,161721
4052197002806,false,"מארז בירה בנדיקטינר 4*500 מ""ל פחית",בנדיקטינר וויצבראו,DE,בירה בנדקטינר פחית מ,קילוגרמים,2.00,ליטר,false,,32.90,16.4500,true,1,112914
4053700288205,false,"וייט קרם להסרת שיער לעור רגיש 100 מ""ל",רקיט בנקיזר צרפת,FR,ויט קרם להסרת שיער ל,Unknown,0.00,יחידה,false,,24.90,0.0000,true,1,134065
4053700292455,false,ויט רצועות שעווה מוכנות להסרת שיער לעור רגיל 12 יחידות,רקיט בנקיזר צרפת,FR,ויט רצועות שעווה תמצ,,12.00,יחידו,false,,24.90,2.0750,true,1,111184
4056800779208,false,צבע לשיער קולסטון קיט 8/0 בלונד בהיר,HFC פרסטיג',DE,ערכת צביעה לשיער קול,Unknown,0.00,יחידה,false,,34.90,0.0000,true,1,161396
4056800943739,false,קרם חמצן וולוקסון Welloxon 6%,פרוקטר אנד גמבל,FR,קרם חמצן וולוקסון 6,,1.00,יחידו,false,,5.00,5.0000,true,1,110915
4056800943791,false,קרם חמצן וולוקסון Welloxon 9%,פרוקטר אנד גמבל,FR,קרם חמצן וולקסון 9%,Unknown,0.00,יחידה,false,,5.00,0.0000,true,1,110916
4066600601920,false,פאולנר ביתר חיטה מעוננת 500 מל,פאולנר Paulaner,DE,בירה פאולנר חיטה פחי,,500.00,100 מל,false,,12.90,0.0258,true,1,113276
4066600999614,false,"בירה פאולנר, בירת חיטה מעוננת, בקבוק 500 מ""ל",מבשלת פאולנר,DE,"בירה פאולנר 500 מ""ל",,500.00,100 מל,false,,11.90,0.0238,true,1,113279
4072700001188,false,"בירה פרנסיסקאנר כהה בקבוק 500 מ""ל",פרנסיסקאנר Franziskaner,DE,בירה פרנסיסקאנר כהה,Unknown,0.00,יחידה,false,,12.90,0.0000,true,1,112651
4072700001775,false,בירה פרנסיסקאנר בהירה מעוננת בפחית,פרנסיסקאנר Franziskaner,DE,בירה פרנסיסקאנו,Unknown,0.00,יחידה,false,,11.90,0.0000,true,1,112652
4072700003649,false,"פרנזיסקאנר בירה מעוננת 500 מ""ל","איי, בי, אינבוו",DE,בירה פרנסיסקאנר מעונ,מיליליטרים,500.00,"100 מ""ל",false,,12.90,2.5800,true,1,112653
4076300015804,false,"בירה קלר ביר 500 מ""ל",קלרו,DE,"בירה קלר ביר 500 מ""ל",מיליליטרים,500.00,"100 מ""ל",false,,12.90,2.5800,true,1,160826
4084500065536,false,פנטן קרם לחות מוגברת לעיצוב שיער 300 מל,פרוקטר אנד גמבל,FR,פנטן קרם לחות לחות מ,,300.00,100 מל,false,,19.90,0.0663,true,1,116594
4084500065598,false,"קרם לחות פנטן לתלתלים מושלמים 300 מ""ל",פרוקטר אנד גמבל,FR,פנטן קרם לחות לתלתלי,,300.00,100 מל,false,,19.90,0.0663,true,1,116595
4084500081314,false,משחת שיניים פרו אקספרט לניקוי עמוק בטעם מנטה,פרוקטר אנד גמבל,DE,אורל בי משחה פרואקספ,Unknown,0.00,יחידה,false,,9.90,0.0000,true,1,158530
4084500371453,false,"אבקת כביסה טייד אלפיין 8 ק""ג",פרוקטר אנד גמבל,TR,טייד אבקת כביסה אלפי,פריט,8.00,"ק""ג",false,,59.90,7.4875,true,1,174923
4084500739253,false,"אוראל בי משחת שיניים- להלבנה לובן מהודר 75 מ""ל",פרוקטר אנד גמבל,DE,אורל בי משחת שיניים,Unknown,0.00,יחידה,false,,22.90,0.0000,true,1,183385
4100130924002,false,בירה בקס ללא אלכוהול,,DE,בירה בקס שישייה 0% ל,מיליליטרים,1650.00,"100 מ""ל",false,,27.90,1.6909,true,1,172336
4102430315504,false,בירה ביטבורגר דרייב 330 מל,,,בירה ביטבורגר דרייב,מיליליטרים,330.00,"100 מ""ל",false,,7.90,2.3939,true,1,181495
4103330017369,false,חוט דנטלי לניקוי גשרים,פרוקטר & גמבל,IE,אורל בי סופר פלוס,Unknown,0.00,יחידה,false,,9.90,0.0000,true,1,171854
4105120623941,false,"בירה ויינשטפן בק' ח""פ 500 מ""ל","ויינשטפן, ת.ד 1155 פרייז",DE,ויינשטפן בקבוק 500 מ,,500.00,100 מל,false,,12.90,0.0258,true,1,113136
4210201181477,false,אורל בי ראש חשמלי לילדים פרוזן 4 יחידות,פרוקטר & גמבל,DE,אורל בי ראש חשמלי פר,,4.00,יחידו,false,,99.90,24.9750,true,1,116615
4210201193616,false,מב.שיניים חשמלית אורל בי מלחמת הכוכבים (סוללות)##,,,מברשת שיניים חשמלית,Unknown,0.00,יחידה,false,,36.90,0.0000,true,1,173005
4210201403319,false,אורל בי מברשת חשמלית נטענת ויטליטי פחם,פרוקטר אנד גמבל,DE,אורל בי מברשת חשמלית,גרמים,318.00,100 גרם,false,,99.90,31.4151,true,1,189566
4260651480057,false,אטריות שעועית שחורה אורגנית 250 גרם,,,אטריות שעועית שחורה,גרמים,250.00,100 גרם,false,,24.90,9.9600,true,1,175398
4602486000954,false,וודקה בלנקאיה גולד 1,מזקקת גורגיבסקי,RU,וודקה בלנקאיה גולד 1,קילוגרמים,1.00,ליטר,false,,84.90,84.9000,true,1,156681
4603400000043,false,"וודקה רוסקיי סטנדרט 700 מ""ל",רוסקי סטנדרט וודקה,RU,וודקה רוסקיה סטנדרט,מיליליטרים,700.00,"100 מ""ל",false,,74.90,10.7000,true,1,112556
4603928000976,false,"בלוגה נובל וודקה 700 מ""ל+כוס הייבול",מרינסקי ליקרו-וודאצ'ני ז,RU,וודקה בלוגה נובל 70,,700.00,100 מל,false,,129.90,0.1856,true,1,112382
4605561010305,false,"חתיכות פילה הרינג עם שמיר בשמן 17.6 אונקיה, 500 גרם",LTD BREMOR SANTA SD,RU,פילה הרינג עם שמיר ב,Unknown,0.00,יחידה,false,,27.90,0.0000,true,1,188648
4605561010329,false,חתיכות פילה הרינג מעושן בשמן 500 גרם,,RU,פילה הרינג בטעם מעוש,Unknown,0.00,יחידה,false,,27.90,0.0000,true,1,188650
4605561010336,false,חתיכות פילה הרינג מעושן בשמן 200 גרם,,,חתיכות פילה הרינג בט,Unknown,0.00,יחידה,false,,10.90,0.0000,true,1,188651
4605561010343,false,פילה דג הרינג חתיכות בשמן 500 גרם,LTD BREMOR SANTA SD,RU,פילה הרינג בשמן חתיכ,Unknown,0.00,יחידה,false,,27.90,0.0000,true,1,188652
4605561011975,false,חתיכות פילה דג הרינג בשמן מצונן 150 גרם,LTD BREMOR SANTA SD,BY,חתיכות פילה הרינג בש,גרמים,150.00,100 גרם,false,,7.90,5.2667,true,1,188655
4605561012613,false,פילה דג הרינג קצוץ בשמן 400 גרם,LTD BREMOR SANTA SD,BY,פילה הרינג (קצוץ) בש,Unknown,0.00,יחידה,false,,15.90,0.0000,true,1,188656
4605561013009,false,פילה דג הרינג בשמן 400 גרם,LTD BREMOR SANTA SD,BY,פילה הרינג בשמן 400,Unknown,0.00,יחידה,false,,15.90,0.0000,true,1,188657
4605627003128,false,מעדן פרוטיס אננס מלון פטל 115ג',,,פרוטיס אננס/מלון/פטל,גרמים,115.00,100 גרם,false,,5.90,5.1304,true,1,146826
4605627006600,false,מעדן פרוטיס תות שדה 290ג',,RU,פרוטיס תות שדה 290 מ,מיליליטרים,290.00,"100 מ""ל",false,,9.90,3.4138,true,1,146830
4605627006624,false,מעדן פרוטיס אפרסק 290ג',,,"פרוטיס אפרסק 290 מ""ל",מיליליטרים,290.00,"100 מ""ל",false,,9.90,3.4138,true,1,146831
4605627006747,false,פרוטיס תות שדה עם קורנפלקס 180 מל,,,פרוטיס תות שדה עם קו,גרמים,165.00,100 גרם,false,,8.90,5.3939,true,1,146833
4605627007485,false,מעדן פרוטיס בננה ספליט פינקולדה 115ג',,,פרוטיס בננה ספליט/פי,גרמים,115.00,100 גרם,false,,5.90,5.1304,true,1,146837
4607012351005,false,גרעיני חמניות מרטין ללא מלח 200 גרם,"נארז ע""י : א.ג. גילר",RU,מרטין גרעיני חמניות,גרמים,200.00,100 גרם,false,,12.90,6.4500,true,1,145844
4607012351821,false,"צנימים ""MARTIN"" בטעם ירק עם שמנת 60 גר",MARTIN,,חטיף צנימים מרטין שמ,Unknown,0.00,יחידה,false,,3.90,0.0000,true,1,145847
4607012351999,false,גרעיני חמניות מרטין עם מלח 200 גרם,"נארז ע""י : א.ג. גילר",RU,גרעיני חמניות מרטין,גרמים,200.00,100 גרם,false,,12.90,6.4500,true,1,145848
4607109409619,false,פיניש הכל ב-1 טבליות למדיח 25 יח,הדקלאים אגודת שיתופי,PL,טבליות למדיח כלים פי,Unknown,25.00,יחידה,false,,24.90,0.9960,true,1,203477
4710068001692,false,"מאסטר קפה לאטה פחית 240 מ""ל",תאיט מרקטינג אנד דיסטריב,TW,מאסטר קפה לאטה פחית,,240.00,100 מל,false,,7.00,0.0292,true,1,142331
4710068001715,false,"מאסטר קפה טירמיסו פחית 240 מ""ל",יוני פרזינדנט אנטרפר,TW,מאסטר קפה טרמיסו פחי,,240.00,100 מל,false,,7.00,0.0292,true,1,142332
4710068001739,false,"מאסטר קפה קולומביאני 250 מ""ל",יוני פרזינדנט אנטרפר,TW,מאסטר קפה קולומביאני,,240.00,100 מל,false,,7.00,0.0292,true,1,142333
4710068002798,false,מאסטר קפה וונילה פחית 240 מל,מאיטה פוד אינדוסטריאל קו,TW,מאסטר קפה וונילה פחי,,240.00,100 מל,false,,7.00,0.0292,true,1,142335
4710964104916,false,"שמן שומשום טהור 370 מ""ל (כ)",פלייבור פול פודס טיי,TW,מזרח ומערב יבוא שמן,מיליליטרים,370.00,"100 מ""ל",false,,22.90,6.1892,true,1,182907
4710964170799,false,שומשום שחור קלוי 91 גרם,פלייבור פול פודס טיי,TW,שומשום שחור קלוי 91,גרמים,91.00,100 גרם,false,,16.90,18.5714,true,1,190497
4740098098331,false,"קוקטייל בלו לגון אה לה קוק 330 מ""ל",אה לי קוק,EE,קוקטייל בלו לגון אה,מיליליטרים,330.00,"100 מ""ל",false,,9.90,3.0000,true,1,197290
4740098098355,false,"קוקטייל מוחיטו אה לה קוק 330 מ""ל",אה לי קוק,EE,קוקטייל בטעם מוחיטו,מיליליטרים,330.00,"100 מ""ל",false,,9.90,3.0000,true,1,196428
4740098098379,false,"קוקטייל מרגריטה אה לה קוק 330 מ""ל",אה לי קוק,EE,קוקטייל בטעם מרגריטה,מיליליטרים,330.00,"100 מ""ל",false,,9.90,3.0000,true,1,196429
4750021000799,false,"וודקה סטוליצניה עילית 700 מ""ל",אס פי איי SPI (סטולי,,סטוליצניה עילית 700,מיליליטרים,700.00,"100 מ""ל",false,,200.00,28.5714,true,1,112658
4750021003905,false,"וודקה סטוליצניה גולד 700 מ""ל",אס פי איי SPI (סטולי,LV,וודקה סטולי גולד 700,מיליליטרים,700.00,"100 מ""ל",false,,115.00,16.4286,true,1,112659
4750127300595,false,לונג צ'יפס ברביקיו 7,,,לונג צ'יפס ברביקיו 7,Unknown,0.00,יחידה,false,,4.50,0.0000,true,1,154185
4750127300724,false,לונג צ'יפס עגבניה 75,,,לונג צ'יפס עגבניה 75,Unknown,0.00,יחידה,false,,4.50,0.0000,true,1,154186
4750127300793,false,לונג צ'יפס אורגינל 7,,,לונג צ'יפס אורגינל 7,Unknown,0.00,יחידה,false,,4.50,0.0000,true,1,154187
4750142004980,false,"בירה פרימיום צסו 568 מ""ל","""cesu alus""",,פחית בירה פרמיום צ'ס,מיליליטרים,568.00,"100 מ""ל",false,,8.90,1.5669,true,1,197067
4750142005062,false,"בירה ברוזה לא מסוננת צסו 568 מ""ל","""cesu alus""",,פחית בירה לא מסוננת,מיליליטרים,568.00,"100 מ""ל",false,,8.90,1.5669,true,1,197066
4750142016518,false,בירה צסו לא מסוננת 5.4% 568 מל,צ'סו אלוס,LV,בירה צ'סו 5.4% 568,מיליליטרים,568.00,"100 מ""ל",false,,8.90,1.5669,true,1,113549
4750142021505,false,"בירה PILSENER בהירה 4.7% פחית 500 מ""ל",צ'סו אלוס,LV,בירה פילזנר פחית 500,מיליליטרים,500.00,"100 מ""ל",false,,5.90,1.1800,true,1,113582
4770237055055,false,בסגנון שמנת 30% 200,,,"200 גר ""SMETANKA"" 30",Unknown,0.00,יחידה,false,,11.90,0.0000,true,1,188662
4770237055604,false,"גלידת שמנת בטעם שוקולד עם אגוזי לוז ""SVALIA"" דלי 400 גרם",,LT,גלידת שמנת בטעם שוקו,Unknown,0.00,יחידה,false,,24.90,0.0000,true,1,196919
4770265046452,false,גבינה מותכת 28% סבליה 185 גר,,LT,גבינה מותכת 185 גר 2,Unknown,0.00,יחידה,false,,19.90,0.0000,true,1,188663
4770265213786,false,משקה חלב ריזנקה 500 מל,,,משקה חלבי 0.5 ליטר R,Unknown,0.00,יחידה,false,,11.90,0.0000,true,1,188665
4770265214769,false,יוגורט יווני עם דבש 150 גר,,,יוגורט יווני עם דבש,Unknown,0.00,יחידה,false,,9.90,0.0000,true,1,188667
4770265214776,false,יוגורט יווני עם תאינים 150 גר,,,יוגורט יווני עם תאינ,Unknown,0.00,יחידה,false,,9.90,0.0000,true,1,188668
4770265214783,false,יוגורט יווני עם דובדבן 150 גר,,,יוגורט יווני עם דובד,Unknown,0.00,יחידה,false,,9.90,0.0000,true,1,188669
4770265219382,false,גבינה אנלוגי 600 גרם GURMAN,,,גבינה אנלוגי מעושנת,Unknown,0.00,יחידה,false,,44.90,0.0000,true,1,188681
4770265219443,false,גבינה אנלוגי 600 גרם ROSSIYSKIY,,,גבינה אנלוגי 600 גר,Unknown,0.00,יחידה,false,,44.90,0.0000,true,1,188684
4770265219535,false,גבינה אנגולי מעושנת 150 גר גורמן,,,גבינה אנלוגי מעושנת,Unknown,0.00,יחידה,false,,11.90,0.0000,true,1,188685
4770275048231,false,גבינת ברינזה 40% 400 גר,פנו ז'ויגזדס,,"גבינה ""ברינזה"" 40%",Unknown,0.00,יחידה,false,,45.90,0.0000,true,1,188689
4770275048354,false,גבינת ברינזה 60% 400 גר,פנו ז'ויגזדס,,"גבינה ""ברינזה"" 60%",Unknown,0.00,יחידה,false,,45.90,0.0000,true,1,188690
4770275049580,false,בסגנון טבורוג סבליה,,,"טבורוג (אנלוגי) ""סבל",גרמים,370.00,100 גרם,false,,17.90,4.8378,true,1,193074
4770275049597,false,בסגנון טבורוג סבליה,,,"טבורוג (אנלוגי) ""סבל",גרמים,900.00,100 גרם,false,,36.90,4.1000,true,1,193076
4770275049603,false,בסגנון טבורוג סבליה,,,"טבורוג (אנלוגי) ""סבל",גרמים,370.00,100 גרם,false,,17.90,4.8378,true,1,193075
4770275049696,false,"משקה חלב קפיר 900 מ""ל",,,משקה חלבי 0.9 ליטר K,Unknown,0.00,יחידה,false,,15.90,0.0000,true,1,188691
4770337046427,false,פרוסות גבינה 27% שומן 150 גרם MASSDAM,,,פרוסות גבינה 24.7%,גרמים,150.00,100 גרם,false,,17.90,11.9333,true,1,193071
4770337047431,false,תחליף גבינה 150 גר SVALIA,,,גבינה אנלוגי 150 גר,Unknown,0.00,יחידה,false,,11.90,0.0000,true,1,188692
4770337047448,false,תחליף גבינה 150 גר DRAVO,,,גבינה אנלוגי 150 גר,Unknown,0.00,יחידה,false,,11.90,0.0000,true,1,188693
4770337047455,false,תחליף גבינה רוסיסקי 150 גר,,,גבינה אנלוגי 150 גר,Unknown,0.00,יחידה,false,,11.90,0.0000,true,1,188694
4770337048124,false,תחליף גבינה דברו 240 גר,,LT,DVARO (גבינה אנלוגי,Unknown,0.00,יחידה,false,,17.90,0.0000,true,1,188696
4770337048131,false,תחליף גבינה רוסייסקי 240 גר,,LT,ROSSIYSKIY (גבינה אנ,Unknown,0.00,יחידה,false,,17.90,0.0000,true,1,188697
4770337048797,false,פרוסות גבינה 27% שומן 150 גרם EMMENTAL,,,פרוסות גבינה 27% שו,גרמים,150.00,100 גרם,false,,17.90,11.9333,true,1,193073
4770471046659,false,גראנד סנגנון פרמזן,,,גראנד סנגנון פרמזן,Unknown,0.00,יחידה,false,,19.90,0.0000,true,1,198253
4770577213467,false,סלק אדום מבושל,,,סלק אדום מבושל,Unknown,0.00,יחידה,false,,7.90,0.0000,true,1,138548
4796019790013,false,"שמן קוקוס אורגני 300 מ""ל",כפרי בריא,,גרין קוקו שמן קוקוס,מיליליטרים,300.00,"100 מ""ל",false,,20.90,6.9667,true,1,153460
4796019790020,false,"שמן קוקוס אורגני 500 מ""ל גרין קוקו",גרין קוקו,LK,גרין קוקו שמן קוקוס,מיליליטרים,500.00,"100 מ""ל",false,,31.90,6.3800,true,1,153461
4800888150080,false,"דאב - דאודורנט רול און לאישה פרש טאצ' מלפפונים 50 מ""ל",יוניליוור פיליפינים,PH,דאב דאו רול און מלפפ,Unknown,0.00,יחידה,false,,17.90,0.0000,true,1,119358
4800888209368,false,רקסונה - דאודורנט סטיק לגבר אקסטרא קול 50 גרם,יוניליוור,PH,רקסונה מן סטיק אקסט,Unknown,0.00,יחידה,false,,14.90,0.0000,true,1,159967
4800888209382,false,רקסונה דאודורנט סטיק אינביזיבל 50 גרם (נשים),יוניליוור,PH,רקסונה נשים דאו סטיק,Unknown,0.00,יחידה,false,,14.90,0.0000,true,1,162504
4800888209405,false,רקסונה - דאודורנט סטיק לגבר קובלט דריי 50 גרם,רקסונה Rexona,PH,רקסונה מן סטיק קובל,Unknown,0.00,יחידה,false,,14.90,0.0000,true,1,159968
4800888209429,false,רקסונה - דאודורנט סטיק לאישה כותנה נשים 50 גרם,יוניליוור,PH,רקסונה דואדורנט סטיק,Unknown,0.00,יחידה,false,,14.90,0.0000,true,1,161019
4800888214904,false,"דאב דאודורנט סטיק קקאו 50 מ""ל",יוניליוור פארם,PH,דאב דאו סטיק קקאו ו,Unknown,0.00,יחידה,false,,17.90,0.0000,true,1,167408
4800888219510,false,דאב - דאודורנט סטיק לאישה פרש מלפפונים 50 גרם,יוניליוור פיליפינים,PH,דאב דאודורנט סטיק מל,Unknown,0.00,יחידה,false,,17.90,0.0000,true,1,184354
4800888219534,false,דאב - דאודורנט סטיק לאישה אנטי פרספירמט 50 גרם,יוניליוור פיליפינים,PH,דאב דאו סטיק אורגינ,Unknown,0.00,יחידה,false,,17.90,0.0000,true,1,182342
4800888219541,false,רקסונה - דאודורנט סטיק לאישה פאוודר דרי 50 גרם,יוניליוור,PH,רקסונה נשים דאו סטיק,Unknown,0.00,יחידה,false,,14.90,0.0000,true,1,186225
4810168000011,false,פילה דג הרינג מלוח מצונן 250 גרם,סנטה ברמור,BY,פילה דג הרינג מלוח מ,Unknown,0.00,יחידה,false,,13.90,0.0000,true,1,188698
4810168000066,false,פילה דג הרינג מלוח מצונן עם תבלינים 250 גרם,סנטה ברמור,BY,פילה דג הרינג מלוח מ,Unknown,0.00,יחידה,false,,13.90,0.0000,true,1,188699
4810168000103,false,פילה הרינג מטיאס 250גר,,BY,פילה דג הרינג מלוח מ,Unknown,0.00,יחידה,false,,13.90,0.0000,true,1,188700
4810168000998,false,פילה דג הרינג מלוח מצונן עם בצל בצנצנת חתיכות 260גרם,סנטה ברמור,BY,פילה דג הרינג מלוח מ,Unknown,0.00,יחידה,false,,18.90,0.0000,true,1,188701
4810168001056,false,פילה דג הרינג מלוח מצונן בצנצנת חתיכות 260גרם,סנטה ברמור,BY,פילה דג הרינג מלוח מ,Unknown,0.00,יחידה,false,,18.90,0.0000,true,1,188702
4810168001933,false,מקלות סורימי בטעם סרטן קפוא 200 גרם,,,מקלות סורימי בטעם סר,Unknown,0.00,יחידה,false,,6.90,0.0000,true,1,188703
4810168001964,false,נתחי סורימי בטעם סרטן קפוא 200 גרם,,,נתחי סורימי בטעם סרט,Unknown,0.00,יחידה,false,,6.90,0.0000,true,1,188704
4810168004132,false,ביצי דג טרוטונית אטלנטי מומלח מצונן 180,,,ביצי דג טרוטונית אטל,Unknown,0.00,יחידה,false,,15.90,0.0000,true,1,188705
4810168004149,false,ביצי דג טרוטונית אטלנטי מעושן מצונן 180,,,ביצי דג טרוטונית אטל,Unknown,0.00,יחידה,false,,15.90,0.0000,true,1,188706
4810168004156,false,ביצי דג טרוטונית אטלנטי סלמון מעושן 180ג,,,ביצי דג טרוטונית אטל,Unknown,0.00,יחידה,false,,15.90,0.0000,true,1,188707
4810168016104,false,ביצי דג טרוטונית אטלנטי חסילונים 180 גר,,,ביצי דג טרוטונית אטל,Unknown,0.00,יחידה,false,,15.90,0.0000,true,1,188709
4810168018795,false,חתיכות פילה דג הרינג מלוח מצונן 200גרם,סנטה ברמור,BY,חתיכות פילה דג הרינג,Unknown,0.00,יחידה,false,,13.90,0.0000,true,1,188710
4810168019051,false,חתיכות פילה דג הרינג מלוח מצונן עם תבלין 200גרם,סנטה ברמור,BY,חתיכות פילה דג הרינג,Unknown,0.00,יחידה,false,,13.90,0.0000,true,1,188711
4810168020361,false,אצות ים מוחמצות עם חצילים 150 גר,,,אצות ים מוחמצות עם ח,Unknown,0.00,יחידה,false,,5.90,0.0000,true,1,188714
4810168020392,false,אצות ים מוחמצות גזר 150 גר,,,אצות ים מוחמצות עם ג,Unknown,0.00,יחידה,false,,5.90,0.0000,true,1,188715
4810168024260,false,ביצי דג שיבוט מומלח מצונן 130 גר,,,ביצי דהג שיבוט מומלח,Unknown,0.00,יחידה,false,,15.90,0.0000,true,1,188716
4810168024512,false,פילה דג הרינג מלוח מצונן עם תבלין בצנצנת חתיכות 260 גרם,סנטה ברמור,BY,פילה דג הרינג מלוח מ,Unknown,0.00,יחידה,false,,18.90,0.0000,true,1,188717
4810168025793,false,ביצי דג זהבנון מומלח מצונן 130 גר,,,ביצי דהג זהבנון מומל,Unknown,0.00,יחידה,false,,15.90,0.0000,true,1,188718
4810168035785,false,ממרח עם קריל מצונן 1,,BY,ממרח עם קריל מצונן 1,Unknown,0.00,יחידה,false,,14.90,0.0000,true,1,188721
4810168035808,false,ממרח עם קריל ברוטב שמנת ושום 150 גר,,BY,ממרח עם קריל ברוטב ש,Unknown,0.00,יחידה,false,,14.90,0.0000,true,1,188723
4810168045562,false,פילה דג סלמון מעושן פרוס קפוא 100 גרם,LTD BREMOR SANTA SD,BY,פילה דג סלמון מעושן,Unknown,0.00,יחידה,false,,23.90,0.0000,true,1,188727
4810168045579,false,פילה דג פורל מלוח פרוס קפוא 100 גרם,,,פילה דג פורל מלוח פר,Unknown,0.00,יחידה,false,,23.90,0.0000,true,1,188728
4810168045593,false,פילה דג סלמון מלוח ק,,,פילה דג סלמון מלוח ק,Unknown,0.00,יחידה,false,,39.90,0.0000,true,1,188730
4810168045616,false,פילה דג פורל מלוח קפוא 200 גרם,,,פילה דג פורל מלוח קפ,Unknown,0.00,יחידה,false,,39.90,0.0000,true,1,188732
4810168045623,false,פילה דג פורל מעושן קפוא 200 גרם,,,פילה דג פורל מעושן ק,Unknown,0.00,יחידה,false,,39.90,0.0000,true,1,188733
4810168047351,false,בצק עלים מרודד מוקפא 450 גרם,,BY,בצק עלים מרודד מוקפא,Unknown,0.00,יחידה,false,,9.90,0.0000,true,1,188734
4810168051396,false,בצק שמרים מרודד מוקפא 450 גרם,,BY,בצק שמרים מרודד מוקפ,Unknown,0.00,יחידה,false,,9.90,0.0000,true,1,188742
4810168052270,false,עלי בלינצ'ס בבושקה אנה 320 גרם,,BY,עלי בלינצ'ס מוקפאים,Unknown,0.00,יחידה,false,,11.90,0.0000,true,1,188744
4810168055028,false,כיסונים במילוי דובדבנים מוקפאים 450 גר (,,BY,כיסונים במילוי דובדב,Unknown,0.00,יחידה,false,,22.90,0.0000,true,1,188747
4810168055035,false,כיסונים במילוי טבורוג וצימוקים מוקפאות 450 גרם,,BY,כיסונים במילוי טבורו,Unknown,0.00,יחידה,false,,17.90,0.0000,true,1,188748
4810168055059,false,כיסונים במילוי גבינת ריקוטה ותרד מוקפא,,BY,כיסונים במילוי גבינת,Unknown,0.00,יחידה,false,,22.90,0.0000,true,1,188750
4810168055080,false,כיסונים במילוי כרוב ופטריות מוקפאים 450 גרם,,BY,כיסונים במילוי כרוב,Unknown,0.00,יחידה,false,,14.90,0.0000,true,1,188753
4810168055875,false,חתיכות פילה דג הרינג מתובל ממולח בשמן 1200 גרם,,BY,חתיכות פילה דג הרינג,Unknown,0.00,יחידה,false,,44.90,0.0000,true,1,188755
4810168055882,false,חתיכות פילה דג הרינג ממולח בשמן 1200 גרם,,BY,חתיכות פילה דג הרינג,Unknown,0.00,יחידה,false,,44.90,0.0000,true,1,188756
4810168055905,false,פילה דג הרינג סקנדינבי ממולח בשמן 1200 גרם,,BY,פילה דג הרינג סקנדינ,Unknown,0.00,יחידה,false,,44.90,0.0000,true,1,188758
4810168057435,false,חתיכות פילה דג XXLהרינג מלוח בשמן מצונן 400 גרם,,RU,חתיכות פילה דג הרינג,גרמים,400.00,100 גרם,false,,27.90,6.9750,true,1,193077
4810168058975,false,חתיכות פילה דג הרינג סקנדינבי מלוח מצונן 260 גר,סנטה ברמור,BY,פילה דג הרינג סקנדינ,גרמים,260.00,100 גרם,false,,18.90,7.2692,true,1,198512
4810168058982,false,חתיכות פילה דג הרינג סקנדינבי מלוח בשמן 400 גר,סנטה ברמור,BY,חתיכות פילה דג הרינג,גרמים,400.00,100 גרם,false,,27.90,6.9750,true,1,198511
4810168058999,false,פילה דג הרינג סקנדינבי מלוח מצונן 250 גרם,סנטה ברמור,BY,פילה דג הרינג סקנדינ,Unknown,0.00,יחידה,false,,13.90,0.0000,true,1,198513
4810168062163,false,"כיסונים פרווה במילוי תפו""א ופטריות מוקפאים 450 גר",,BY,כיסונים פרווה במילוי,גרמים,450.00,100 גרם,false,,14.90,3.3111,true,1,204568
4810168062170,false,"כיסונים פרווה במילוי תפו""א ובצל מוקפאים 450 גר",,BY,כיסונים פרווה במילוי,גרמים,450.00,100 גרם,false,,14.90,3.3111,true,1,204569
4810168062187,false,"בלינצ'ס פרווה במילוי תפו""א ופטריות מוקפא 420 גר",,BY,בלינצ'ס פרווה במילוי,גרמים,420.00,100 גרם,false,,15.90,3.7857,true,1,204570
4810168062194,false,בלינצ'ס במילוי גבינת טבורוג מוקפא 360 גרם,,BY,בלינצ'ס במילוי גבינת,גרמים,360.00,100 גרם,false,,15.90,4.4167,true,1,204573
4810168062224,false,בלינצ'ס פרווה במילוי ממרח קקאו-אגוזי לוז מוקפא 360 גרם,,BY,בלינצ'ס פרווה במילוי,גרמים,360.00,100 גרם,false,,15.90,4.4167,true,1,204577
4820097895190,false,הפס שיכר סיידר תפוחים בטעם דובדבן 330 מל,BEVERAGES FOODS & SE,UA,הפס שיכר סיידר תפוחי,מיליליטרים,330.00,"100 מ""ל",false,,7.90,2.3939,true,1,113727
4820097898221,false,"קוקטייל מוכן בורה בורה 330 מ""ל",,UA,בקבוק שייק בורה בורה,מיליליטרים,300.00,"100 מ""ל",false,,7.90,2.6333,true,1,169813
4820097898238,false,"קוקטייל מוכן סקס און דה ביץ 330 מ""ל",,UA,בקבוק שייק סקס און ד,מיליליטרים,300.00,"100 מ""ל",false,,7.90,2.6333,true,1,169814
4820181420628,false,"וודקה וודקה נמירוף נמירוף אוריגינל 700 מ""ל",,,"וודקה אורגינל 700 מ""",מיליליטרים,700.00,"100 מ""ל",false,,59.90,8.5571,true,1,113732
4820181420901,false,"וודקה נמירוף פלפל ודבש 700 מ""ל",,,וודקה נמירוף פלפל דב,מיליליטרים,700.00,"100 מ""ל",false,,59.90,8.5571,true,1,113737
4820181420918,false,וודקה נמירוף דבש ופל,,,וודקה נמירוף דבש ופל,קילוגרמים,1.00,ליטר,false,,79.90,79.9000,true,1,113738
4823065720364,false,שמנת חמוצה 20% פרזיד,,UA,שמנת חמוצה 350 גר PR,Unknown,0.00,יחידה,false,,14.90,0.0000,true,1,188770
4823077608513,false,רושן סוכריות טופי חלב קורבקה 205 גרם,הופבר האוס וולסרס,UA,רושן סוכריות טופי חל,Unknown,0.00,יחידה,false,,6.90,0.0000,true,1,188555
4823077611933,false,אסורטי אליגנט 145 גר רושן,קייב קרמנציק,,בונבוניירה רושן אסור,Unknown,0.00,יחידה,false,,18.90,0.0000,true,1,188559
4823077611940,false,אסורטי קלאסיק 154 גר רושן,קייב קרמנציק,,בונבוניירה רושן אסור,Unknown,0.00,יחידה,false,,18.90,0.0000,true,1,188560
4823077612732,false,רושן סוכריות ממולאות בטעם פירות ביים בום 200 גרם,קייב קרמנציק,UA,רושן סוכריות בטעם פי,Unknown,0.00,יחידה,false,,4.90,0.0000,true,1,188561
4823077614675,false,ביסקוויט לקפה רושן בטעם חלב 185 גרם,קייב קרמנציק,,ביסקוויט לקפה רושן ב,Unknown,0.00,יחידה,false,,3.90,0.0000,true,1,188564
4823077614699,false,ביסקוויט לקפה רושן בטעם חמאה וניל 185 גרם,קייב קרמנציק,,ביסקוויט לקפה רושן ב,Unknown,0.00,יחידה,false,,3.90,0.0000,true,1,188565
4823077614767,false,שוקולד רושן חלב נוגט בטעם אגוזי לוז 90 גרם,רושן,UA,שוקולד רושן חלב נוגט,Unknown,0.00,יחידה,false,,4.90,0.0000,true,1,188566
4823077614804,false,שוקולד רושן חלב נוגט בטעם אוכמניות כחולות 90 גרם,רושן Roshen,UA,שוקולד רושן חלב נוגט,Unknown,0.00,יחידה,false,,4.90,0.0000,true,1,188567
4823077615757,false,בונבוניירה סטרלה 200 גר רושן,רושן,,בונבוניירה רושן סטרל,Unknown,0.00,יחידה,false,,24.90,0.0000,true,1,188568
4823077616013,false,בונבוניירה וצרני קייב 176 גרם,רושן,,בונבוניירה רושן וצרנ,Unknown,0.00,יחידה,false,,25.90,0.0000,true,1,188569
4823077618161,false,גליליות ופל רושן קונפטו חלב 140 גרם,רושן,,"ופל רול ""קונאפטו"" חל",Unknown,0.00,יחידה,false,,6.90,0.0000,true,1,188570
4823077618901,false,בונבוניירה רושן דובדבן ליקר רום 150 גרם,רושן,UA,בונבוניירה רושן SHOO,Unknown,0.00,יחידה,false,,12.90,0.0000,true,1,188571
4823077618918,false,בונבוניירה שוטרס ברנדי ליקר 150 גר,רושן,,בונבוניירה רושן SHOO,Unknown,0.00,יחידה,false,,12.90,0.0000,true,1,188572
4823077621635,false,חטיף שוקולד רושן בטעם חלב 72 גרם,Unknown,UA,אישי וופל רושן בטעם,Unknown,0.00,יחידה,false,,3.90,0.0000,true,1,193050
4823077621642,false,חטיף שוקולד רושן בטעם שוקולד 72 גר,Unknown,,אישי וופל רושן בטעם,Unknown,0.00,יחידה,false,,3.90,0.0000,true,1,193051
4823077621659,false,חטיף שוקולד רושן בטעם אגוז 72 גר,Unknown,UA,אישי וופל רושן בטעם,Unknown,0.00,יחידה,false,,3.90,0.0000,true,1,193052
4823077623684,false,רושן סוכריות ממולאות קרם בטעם חלב סוייט דרופס 150 גרם,קייב קרמנציק,UA,רושן סוכריות ממולאות,Unknown,0.00,יחידה,false,,4.90,0.0000,true,1,188579
4823077624223,false,"רושן ממתקי סוכריות ג'ילי ""בוני פרוט"" בטעמי פירות 200 גר",רושן Roshen,UA,רושן ממתקי סוכריות ג,Unknown,0.00,יחידה,false,,6.90,0.0000,true,1,188581
4823077624247,false,"רושן ממתקי סוכריות ג'ילי ""בוני פרוט"" בטעם הדרים 200 גר",רושן Roshen,UA,רושן ממתקי סוכריות ג,Unknown,0.00,יחידה,false,,6.90,0.0000,true,1,188582
4823077624285,false,בונבוניירה רושן אסורטי שוקולאטריה 194 ג,,UA,בונבוניירה רושן אסור,Unknown,0.00,יחידה,false,,22.90,0.0000,true,1,188584
4823077625145,false,ממתקי שוקולד מריר עם דובדבן בליקר דובדבן,רושן Roshen,UA,בונבוניירה רושן דובד,Unknown,0.00,יחידה,false,,12.90,0.0000,true,1,188586
4823077625589,false,וופל וואפרס חלב רושן 216 גר,,UA,וופל רושן בטעם חלב 2,Unknown,0.00,יחידה,false,,6.90,0.0000,true,1,188587
4823077625602,false,וופל וואפרס שוקולד רושן 216 גר,,UA,וופל רושן בטעם שוקול,Unknown,0.00,יחידה,false,,6.90,0.0000,true,1,188588
4823077625626,false,וופל וואפרס אגוז רושן 216 גר,,UA,וופל רושן בטעם אגוז,Unknown,0.00,יחידה,false,,6.90,0.0000,true,1,188589
4823077626203,false,שוקולד רושן אורירי מריר 80 גרם,רושן Roshen,UA,שוקולד רושן אורירי מ,Unknown,0.00,יחידה,false,,6.90,0.0000,true,1,188591
4823077626227,false,שוקולד רושן אורירי חלב 80 גרם,רושן Roshen,UA,שוקולד רושן אורירי ח,Unknown,0.00,יחידה,false,,6.90,0.0000,true,1,188592
4823077626241,false,שוקולד רושן אורירי לבן קרמל 80 גרם,רושן Roshen,UA,שוקולד רושן אורירי ל,Unknown,0.00,יחידה,false,,6.90,0.0000,true,1,188593
4823077626364,false,שוקולד רושן אורירי לבן 80 גרם,רושן Roshen,UA,שוקולד רושן אורירי ל,Unknown,0.00,יחידה,false,,6.90,0.0000,true,1,188594
4823077630057,false,חמאה 200 גרם רושן 82,הפריט בפיקוח,UA,חמאה רושן גר 200 RO,Unknown,0.00,יחידה,false,,11.90,0.0000,true,1,188775
4823077630996,false,"סנדוויץ' קרקר קקאו-אגוז רושן 235 גרם "" 2 CRACK """,רושן,UA,סנדוויץ' קרקר קקאו-א,Unknown,0.00,יחידה,false,,9.90,0.0000,true,1,188606
4823077631467,false,קרקר עם מלח ים רושן 168 גר HI DAY,רושן,UA,קרקר עם מלח ים רושן,Unknown,0.00,יחידה,false,,4.90,0.0000,true,1,188608
4823077631474,false,קרקר קלאסי רושן 168 גר HI DAY,רושן,UA,קרקר קלאסי רושן 168,Unknown,0.00,יחידה,false,,4.90,0.0000,true,1,188609
4823077631856,false,גליליות ופל רושן קונפטו קוקוס 140 גרם,רושן,UA,"וופל רול ""קונאפטו"" ק",Unknown,0.00,יחידה,false,,6.90,0.0000,true,1,188610
4823077631863,false,גליליות ופל רושן קונפטו וניל 140 גרם,רושן,UA,"וופל רול ""קונאפטו"" ו",Unknown,0.00,יחידה,false,,6.90,0.0000,true,1,188611
4823077632112,false,וופל רושן בטעם קקאו חלב 216 גרם,,,וופל רושן בטעם קקאו,Unknown,0.00,יחידה,false,,6.90,0.0000,true,1,188612
4823077632570,false,שוקולד רושן BRUT מריר 85 גרם,רושן,UA,שוקולד רושן מריר 85,Unknown,0.00,יחידה,false,,6.90,0.0000,true,1,188614
4823077632587,false,שוקולד רושן חלב עם שקד שלם 90 גר LACMI,רושן,,שוקולד רושן חלב עם ש,Unknown,0.00,יחידה,false,,7.90,0.0000,true,1,188615
4823077632594,false,שוקולד רושן חלב עם אגוז שלם 90 גר LACMI,רושן,UA,שוקולד רושן חלב עם א,Unknown,0.00,יחידה,false,,7.90,0.0000,true,1,188616
4823077633034,false,"גליליות וופל רושן ""קונאפטו"" קקאו 140 ג",רושן,UA,"ופל רול ""קונאפטו"" קק",Unknown,0.00,יחידה,false,,6.90,0.0000,true,1,188619
4823077633058,false,"גליליות וופל רושן ""קונאפטו"" אגוז 140 ג",רושן,UA,"ופל רול ""קונאפטו"" אג",Unknown,0.00,יחידה,false,,6.90,0.0000,true,1,188620
4823077633317,false,עוגיות שוקוצ'יפס LOVITA שוקולד עם חתיכות שוקולד 150 גרם,,UA,"עוגיות ""LOVITA"" שוקו",Unknown,0.00,יחידה,false,,6.90,0.0000,true,1,188621
4823077633324,false,עוגיות שוקוצ'יפס LOVITA עם חתיכות שוקולד 150 גרם,,UA,"עוגיות שוקוצ'יפס "" L",Unknown,0.00,יחידה,false,,6.90,0.0000,true,1,188622
4823077633331,false,עוגיות שוקוצ'יפס LOVITA בטעם תפוז 150 גרם,,UA,"עוגיות רושן ""LOVITA""",Unknown,0.00,יחידה,false,,6.90,0.0000,true,1,188623
4823077633348,false,עוגיות שוקוצ'יפס LOVITA עם חתיכות בוטנים 150 גרם,,UA,"עוגיות רושן ""LOVITA""",Unknown,0.00,יחידה,false,,6.90,0.0000,true,1,188624
4823077634178,false,עוגיות רושן LOVITA במילוי תפוח קינמון 168 גרם,,UA,עוגיות עם מילוי תפוח,Unknown,0.00,יחידה,false,,6.90,0.0000,true,1,188628
4823077634192,false,עוגיות רושן LOVITA במילוי דובדבן וניל 168 גרם,,UA,עוגיות עם מילוי דובד,Unknown,0.00,יחידה,false,,6.90,0.0000,true,1,188629
4823077634222,false,עוגיות Lovita ממולאות ג'לי תפוז מצופות צימקאו,רושן Roshen,,עוגיות תפוז 135 גר L,Unknown,0.00,יחידה,false,,6.90,0.0000,true,1,188630
4823077634246,false,עוגיות Lovita ממולאות ג'לי פטל מצופות צימקאו,רושן Roshen,,עוגיות פטל 135 גר LO,Unknown,0.00,יחידה,false,,6.90,0.0000,true,1,188631
4823077634277,false,עוגיות Lovita ממולאות ג'לי תות שדה מצופות צימקאו,רושן Roshen,,עוגיות תות שדה 135 ג,Unknown,0.00,יחידה,false,,6.90,0.0000,true,1,188632
4823077634406,false,עוגות אישיות TOO COOL שוקולד 270 גרם,,,"עוגות אישיות ""TOO CO",Unknown,0.00,יחידה,false,,13.90,0.0000,true,1,188633
4823077634413,false,עוגות אישיות TOO COOL תות שדה 270 גרם,,,"עוגות אישיות ""TOO CO",Unknown,0.00,יחידה,false,,13.90,0.0000,true,1,188634
4823077634741,false,עוגיות רושן LOVITA במילוי תות שדה 168 גרם,,,עוגיות עם מילוי תות,Unknown,0.00,יחידה,false,,6.90,0.0000,true,1,188636
4823077635489,false,חטיף וופל רושן קרם קקאו JOHNY KROCKERי 350 גרם,,UA,חטיף וופל רושן קרם ק,גרמים,350.00,100 גרם,false,,16.90,4.8286,true,1,193058
4823077635533,false,חטיף וופל רושן קרם חלב JOHNY KROCKERי 350 גרם,,UA,חטיף וופל רושן קרם ח,גרמים,350.00,100 גרם,false,,16.90,4.8286,true,1,193059
4823077636059,false,עוגיות קקאו דובדבן LOVITAי 420 גרם,,UA,עוגיות קקאו דובדבן 4,גרמים,420.00,100 גרם,false,,16.90,4.0238,true,1,193057
4823077636073,false,עוגיות תות שדה LOVITAי 420 גרם,,,עוגיות תות שדה 420 ג,גרמים,420.00,100 גרם,false,,16.90,4.0238,true,1,193054
4823077636097,false,עוגיות פטל LOVITAי 420 גרם,,,עוגיות פטל 420 גרם L,גרמים,420.00,100 גרם,false,,16.90,4.0238,true,1,193055
4823077636110,false,עוגיות תפוז LOVITAי 420 גרם,,,עוגיות תפוז 420 גרם,גרמים,420.00,100 גרם,false,,16.90,4.0238,true,1,193056
4860004070173,false,יין אלזאני חצי מתוק 750 מל,GWS,,אולד טיבליסי אלאזאני,Unknown,0.00,יחידה,false,,34.90,0.0000,true,1,200299
4860019001414,false,"בקבוק מים בוז'ורמי 750 מ""ל",אי.די.אס בורג'יומי,GE,"מים בורגומי 750 מ""ל",מיליליטרים,750.00,"100 מ""ל",false,,7.90,1.0533,true,1,130866
4891130001199,false,מזרח ומערב יבוא פון,Pun chun sauce & pre,HK,מזרח ומערב יבוא פון,גרמים,290.00,100 גרם,false,,16.00,5.5172,true,1,133237
4891130005111,false,רוטב הוויסן 360 מל פ,Pun chun sauce & pre,,רוטב הוייסן 360 גרם,גרמים,360.00,100 גרם,false,,16.90,4.6944,true,1,182901
4891228309268,false,"טאצ' אפ מעצב גבות מקצועי, 3 יחידות",שסטוביץ,CN,שיק סכיני סילק טאצ',Unknown,3.00,יחידה,false,,19.90,6.6333,true,1,190259
4891228430030,false,סכיני גילוח שיק אקזקטה 2 לעור רגיש ירוק 5 יח',אנרג'יזר Energizer,CN,שיק אקסטרא ס.ג 2ירו,Unknown,5.00,יחידה,false,,14.90,2.9800,true,1,128060
4891228430047,false,שיק אקזקטה 2 רגיש סכיני גילוח לגבר,אנרג'יזר Energizer,CN,שיק אקזקטא2 רגיש 10,Unknown,10.00,יחידה,false,,24.90,2.4900,true,1,111134
4891228430054,false,סכיני גילוח לנשים שיק אקזקטה 2 5 יח,שיק,CN,שיק אקסטרא ס.ג. 2ור,Unknown,5.00,יחידה,false,,14.90,2.9800,true,1,128061
4891228430061,false,סכיני גילוח שיק אקזקטה 2 לנשים ורוד 10 יח',הנסיך- מפעל לייצור ט,CN,שיק אקזקטא2 נשים 10,Unknown,10.00,יחידה,false,,24.90,2.4900,true,1,185674
4891228430085,false,סכיני גילוח שיק אקסטרים קומפורט לגבר 3 להבים 4 יחידות,אנרג'יזר Energizer,CN,שיק אקסטרים3 ס.גילוח,Unknown,4.00,יחידה,false,,19.90,4.9750,true,1,111136
4891228430092,false,סכיני גילוח שיק אקסטרים קומפורט לנשים 3 להבים 4 יחידות,אנרג'יזר Energizer,CN,שיק אקסטרים3 ס.גילוח,Unknown,4.00,יחידה,false,,19.90,4.9750,true,1,111137
4891228460242,false,שיק קוואטרו חד פעמי לנשים 3 יחידות,אנרג'יזר Energizer,CN,סכיני גילוח שיק קווא,Unknown,3.00,יחידה,false,,32.00,10.6667,true,1,111138
4897021690954,false,פד דביק סטרילי 5*7,הנגזו זונגפו,CN,פד דביק סטרילי 5*7,Unknown,0.00,יחידה,false,,5.90,0.0000,true,1,202836
4902430826983,false,ג'לט מאך 3מכשיר+ 5סכ,,,ג'לט מאך 3מכשיר+ 5סכ,Unknown,0.00,יחידה,false,,49.90,0.0000,true,1,170089
4902430906456,false,מברשת שיניים אורל בי,,,מברשת שיניים אורל בי,Unknown,0.00,יחידה,false,,19.90,0.0000,true,1,188453
4903001904192,false,"רוטב סויה יאמסה פרימיום 500 מ""ל",הדקלאים אגודת שיתופי,JP,יאמסה רוטב סויה 500,,500.00,100 מל,false,,18.90,0.0378,true,1,120972
4903001904208,false,רוטב סויה פרימיום יאמסה 1 ליטר,הדקלאים אגודת שיתופי,JP,יאמסה רוטב סויה פרימ,,1000.00,100 מל,false,,34.90,0.0349,true,1,120973
4903001925784,false,"רוטב סויה יאמאסה פרמיום דל מלח 500 מ""ל",הדקלאים אגודת שיתופי,JP,יאמאסה רוטב סויה פרי,,500.00,100 מל,false,,18.90,0.0378,true,1,120974
4903001930993,false,"רוטב טריאקי יאמאסה 500 מ""ל",ליימן מותגים,JP,יאמאסה רוטב טריאקי 5,,500.00,100 מל,false,,18.90,0.0378,true,1,120975
4987176054302,false,ג'ילט פיוז'ן מכשיר+ס,,,ג'ילט פיוז'ן מכשיר+ס,Unknown,0.00,יחידה,false,,29.90,0.0000,true,1,182649
4987176071545,false,מברשות שיניים אורל בי שישייה,,IN,מברשת שיניים אורל בי,Unknown,0.00,יחידה,false,,14.90,0.0000,true,1,190712
4996445000117,false,קינגדאו אטריות סובה,Qingdao Sun-growing,,קינגדאו אטריות סובה,גרמים,300.00,100 גרם,false,,11.90,3.9667,true,1,190495
5000054359500,false,פריסקיז פטה כבד עוף 156 ג,נסטלה פורינה USA קר,US,פריסקיז כבד עוף שימ,גרמים,156.00,100 גרם,false,,6.90,4.4231,true,1,201372
5000111047371,false,היינץ רוטב ברביקיו קלאסי HP,היינץ,,HP ברביקיו קלאסי 465,גרמים,465.00,100 גרם,false,,15.90,3.4194,true,1,140552
5000146401568,false,וולייט דפים למניעת העברת צבע 10 דפים,רקיט בנקיזר,IT,דפים לשמירה על הצבע,,10.00,יחידו,false,,14.90,1.4900,true,1,134069
5000146980322,false,קרם להסרת שיער לעור רגיל מועשר בחלב לוטוס ויסמין,רקיט בנקיזר צרפת,FR,ויט קרם להסרת שיער ל,Unknown,0.00,יחידה,false,,24.90,0.0000,true,1,111185
5000157143365,false,מתבל בטעם מיונז וקטשופ היינץ 425 גרם,"פודליצקי ספ.ז.או.או,",PL,רוטב בטעם מיונז וקטש,,425.00,100 מל,false,,15.90,0.0374,true,1,110627
5000158062283,false,דטול נוזל חום 1 ליטר,,,דטול נוזל חום 1 ליטר,קילוגרמים,1.00,ליטר,false,,34.90,34.9000,true,1,173165
5000159344074,false,גלידת סניקרס שמנת עם בוטנים וקרמל מצופה 288 גרם.,פלדמן,FR,גלידת סניקרס שמנת עם,Unknown,0.00,יחידה,false,,24.90,0.0000,true,1,175121
5000159376655,false,סוכריות SKITTLES פירות קטן 38 גרם אדום,ריגלי ממתקים,CZ,סקיטלס פירות 38ג,Unknown,0.00,יחידה,false,,3.00,0.0000,true,1,148944
5000159376792,false,סוכריות סקיטלס Skittles פירות חמוצים,ריגלי ממתקים,CZ,סקיטלס פירות חמוצים,Unknown,0.00,יחידה,false,,3.00,0.0000,true,1,148945
5000159407236,false,חטיף מרס שוקולד עם ק,מרס הולנד בי.וי.,NL,מרס חטיף שוקולד 51 ג,גרמים,51.00,100 גרם,false,,3.90,7.6471,true,1,148949
5000159409179,false,מארז חטיפי מיני סניקרס Snickers,מרס הולנד בי.וי.,NL,סניקרס מיני 403 גרם,גרמים,403.00,100 גרם,false,,22.90,5.6824,true,1,148950
5000159414197,false,מלטיזרס בציפוי שוקולד 135 גרם,מרס שוקולד צ.אמריקה,NL,מלטיזרס 135 גרם,גרמים,135.00,100 גרם,false,,11.90,8.8148,true,1,198640
5000159452977,false,מיקס שקית מיניס 400 גרם מרס-באונטי-טוויק,מרס הולנד בי.וי.,NL,מיני מיקס 400 גרם,גרמים,400.00,100 גרם,false,,22.90,5.7250,true,1,148952
5000159459228,false,חטיף שוקולד טוויקס 50 ג',"נארז ע""י : א.ג. גילר",NL,טוויקס חטיף 50 גרם,גרמים,50.00,100 גרם,false,,3.90,7.8000,true,1,148955
5000159461122,false,חטיף שוקולד סניקרס מקס קרמל 50 ג',"נארז ע""י : א.ג. גילר",NL,סניקרס חטיף 50 גרם,גרמים,50.00,100 גרם,false,,3.90,7.8000,true,1,148956
5000159483063,false,גלידת באונטי שמנת עם קוקוס מצופה 284 גרם,פלדמן,IL,מאגדת באונטי,Unknown,0.00,יחידה,false,,24.90,0.0000,true,1,175125
5000159484695,false,גלידת טוויקס שמנת עם קרמל וביסקוויט מצופה 205 גרם,פלדמן,FR,מאגדת טוויקס,Unknown,0.00,יחידה,false,,24.90,0.0000,true,1,175127
5000159509633,false,גלידת סניקרס לבן עם בוטנים וקרמל מצופה 244 גרם,מארס שוקולד,FR,מאגדת סניקרס לבן,Unknown,0.00,יחידה,false,,24.90,0.0000,true,1,175128
5000159526081,false,"גלידת ""סניקרס"" חלבית עם בוטנים וקרמל מצופה שבבי אגוז 207 גר",,,גלידת סניקרס חלבית ע,גרמים,207.00,100 גרם,false,,24.90,12.0290,true,1,196951
5000159538626,false,טוויקס מארז חטיף 50 גרם חמישייה,טוויקס Twix,NL,מאגדת טוויקס חמישייה,Unknown,0.00,יחידה,false,,11.90,0.0000,true,1,181361
5000159541459,false,גלידת מרס שמנת עם קרמל מצופה 240 גרם,,,גלידת מרס שמנת עם קר,גרמים,240.00,100 גרם,false,,24.90,10.3750,true,1,198260
5000204114867,false,"גלייד ארוסול בניחוח וניל 300 מ""ל",coster aerosol vail,TR,גלייד ארוסול בניחוח,מיליליטרים,300.00,"100 מ""ל",false,,8.90,2.9667,true,1,138017
5000204114898,false,גלייד ארוסול מבשם אוויר ניחוח מרכך כביסה,"אס.סי ג'\ונסון,מידרכט, ה",NL,גלייד אורסול בניחוח,מיליליטרים,300.00,"100 מ""ל",false,,8.90,2.9667,true,1,110879
5000204114959,false,"גלייד ארוסול בניחוח פריחה בלבן 300 מ""ל","אס.סי ג'\ונסון,מידרכט, ה",NL,גלייד אורסול בניחוח,מיליליטרים,300.00,"100 מ""ל",false,,8.90,2.9667,true,1,110880
5000204115048,false,גלייד ארוסול מבשם אוויר בניחוח לבנדר,"אס.סי ג'\ונסון,מידרכט, ה",NL,גלייד אורסול בניחוח,מיליליטרים,300.00,"100 מ""ל",false,,8.90,2.9667,true,1,138018
5000204153729,false,מטהר אוויר גלייד מילוי אוטומטי לבנדר וניל,המאפיה של הרמן,TR,גלייד ספריי אוטומטי,מיליליטרים,269.00,"100 מ""ל",false,,14.90,5.5390,true,1,163518
5000204153842,false,מטהר אוויר גלייד מילוי אוטומטי וניל,המאפיה של הרמן,TR,גלייד מילוי ספריי או,מיליליטרים,269.00,"100 מ""ל",false,,14.90,5.5390,true,1,163519
5000204153903,false,מטהר אוויר גלייד מילוי אוטומטי מרכך כביסה,"קוסטר אירוסול ואלף סאן,",TR,גלייד ספריי אוטומטי-,מיליליטרים,269.00,"100 מ""ל",false,,14.90,5.5390,true,1,163520
5000204155723,false,"גלייד מארז אוטומטי-בניחות מרכך כביסה 269 מ""ל",קוסטר אירוסול ואלף סאן,TR,מארז גלייד אוטומטי מ,גרמים,400.00,100 גרם,false,,45.00,11.2500,true,1,163515
5000204220933,false,"קוטל מעופפים אירוסול אקליפטוס 300 מ""ל רייד",SC Jonson,NL,רייד תרסיס קוטל מעופ,מיליליטרים,300.00,"100 מ""ל",false,,12.90,4.3000,true,1,194190
5000204243031,false,"נוזל לאסלה ירח פורח 750 מ""ל דאק",טואלט דאק (ג'ונסון),NL,דאק נוזל ירח פורח 7,מיליליטרים,750.00,"100 מ""ל",false,,9.90,1.3200,true,1,194195
5000204254587,false,סבון מוצק לאסלהאפרסק על חלל 38.6 ג' דאק,דאופלור אס.פי.אי כונ,PL,דאק סבון מוצק לאסלה,Unknown,0.00,יחידה,false,,6.90,0.0000,true,1,194191
5000209145514,false,"מי פה קולגייט פלקס ירוק מנטה 250 מ""ל",קולגייט- פלמוליב,BR,קולגייט פלקס ירוק 25,מיליליטרים,250.00,"100 מ""ל",false,,14.90,5.9600,true,1,186786
5000213000359,false,בירה גינס אקסטרא סטאוט,קרלסברג יבוא יצוא,IE,בירה גינס אקסטרא סטא,,330.00,100 מל,false,,14.90,0.0452,true,1,113137
5000267014203,false,וויסקי ג'וני ווקר אדום,אלכוהול (איי.בי.בי),GB,גוני ווקר רד לייבל 7,מיליליטרים,700.00,"100 מ""ל",false,,99.90,14.2714,true,1,111996
5000267014234,false,וויסקי ג'וני ווקר רד לייבל Red label,ג'וני ווקר Johnnie walker,GB,גוני ווקר רד לייבל 7,מיליליטרים,700.00,"100 מ""ל",false,,99.90,14.2714,true,1,113140
5000267114279,false,גוני ווקר כחול 40% 7,,,גוני ווקר כחול 40% 7,מיליליטרים,700.00,"100 מ""ל",false,,649.90,92.8429,true,1,111999
5000267115245,false,"וויסקי גוני ווקר כחול 700 מ""ל",,,גוני ווקר כחול 40% 7,מיליליטרים,700.00,"100 מ""ל",false,,649.90,92.8429,true,1,113148
5000289925440,false,"ג'ין גורדון 37.5% 700 מ""ל",אלכסנדר גורדון ושות',GB,"גין גורדון 700 מ""ל",Unknown,0.00,יחידה,false,,79.90,0.0000,true,1,113157
5000299609347,false,"וויסקי גלנליווט פאונדרס ריזרב 700 מ""ל",ג'ורג' וג'יי ג'יי סמית,GB,וויסקי סקוטי גלנליו,,700.00,100 מל,false,,159.90,0.2284,true,1,113291
5000394017764,false,סוללות דורסל שמיניות,פרוקטר אנד גמבל,IL,סוללות דורסל שמיניות,Unknown,0.00,יחידה,false,,19.90,0.0000,true,1,171639
5000394018549,false,דורסל שמיניית סוללות,פרוקטר & גמבל,IL,דורסל שמיניית סוללות,Unknown,0.00,יחידה,false,,19.90,0.0000,true,1,173233
5000394140899,false,סוללות AA דורסל פלוס - 8 יח',דורסל Duracell,BE,דורסל שמיניות AA פלו,Unknown,0.00,יחידה,false,,19.90,0.0000,true,1,197153
5000394141179,false,סוללות AAA דורסל פלוס - 8 יח',דורסל Duracell,BE,דורסל שמיניות AAA פל,גרמים,927.00,100 גרם,false,,19.90,2.1467,true,1,197154
5000394203884,false,סוללות דורסל ליתיום זוג,דורסל Duracell,,דורסל סוללת ליתיום 2,Unknown,0.00,יחידה,false,,19.90,0.0000,true,1,116632
5000394203921,false,זוג סוללות ליתיום 2032 דורסל,דורסל Duracell,CN,דורסל זוג סוללות לית,,2.00,יחידו,false,,26.90,13.4500,true,1,116634
5000396037531,false,מקוויטיס ביסקוויט מצופה שוקולד חלב 200 גרם,ברנדס סרטרה נשיונל,GB,מקוויטיס ביסקוויט מצ,גרמים,200.00,100 גרם,false,,11.90,5.9500,true,1,129469
5000396037548,false,מקוויטיס ביסקוויט מצופה שוקולד מריר 200 גרם,ברנדס סרטרה נשיונל,GB,מקוויטיס ביסקוויט מצ,גרמים,200.00,100 גרם,false,,11.90,5.9500,true,1,129470
5000409006714,false,מלפפון חמוץ פיקנטי 6,EMPIRE BESPOKE FOODS,GB,מלפפונים פיקנטי 670,גרמים,670.00,100 גרם,false,,21.90,3.2687,true,1,175682
5010026515919,false,מוזלי קריספי נאטי מורנפלייק 650 גרם,מורנפלייק Mornflake,GB,מוזלי קריספי נאטי 65,גרמים,750.00,100 גרם,false,,24.90,3.3200,true,1,176951
5010026515933,false,מוזלי קריספי פירות ואגוזים מורנפלייק 750 גרם,מורנינג פוד,GB,מוזלי קריספי פירות ו,גרמים,750.00,100 גרם,false,,24.90,3.3200,true,1,176952
5010026515940,false,מוזלי קריספי פרוטי מורנפלייק 650 גרם,מורנפלייק Mornflake,GB,מוזלי מורנפלייק קריס,גרמים,750.00,100 גרם,false,,24.90,3.3200,true,1,176953
5010029000252,false,וויטביקס תערובת דגנים מחיטה מלאה 430 גרם,וויטביקס,GB,וויטביקס מקורי 430 ג,גרמים,430.00,100 גרם,false,,23.90,5.5581,true,1,185685
5010029219241,false,דגני בוקר וויטביקס מיני שוקולציפס 450 גר,וויטביקס Weetabix,,וויטביקס קריספי מיני,גרמים,450.00,100 גרם,false,,23.90,5.3111,true,1,135616
5010038454831,false,"בקבוק בירה בלומון 330 מ""ל","מבשלת סטרופראמן בע""\מ ,",CZ,"בלו מון 330 מ""ל",Unknown,0.00,יחידה,false,,13.90,0.0000,true,1,112664
5010067322453,false,טרוביה תחליף אבקת סוכר 280 גרם,טרוביה Truvia,US,טרוביה תחליף אבקת סו,גרמים,280.00,100 גרם,false,,34.90,12.4643,true,1,196409
5010134916684,false,יין קומאלה פינוטאג 7,קומאלה,ZA,קומאלה פינוטאז',Unknown,0.00,יחידה,false,,34.90,0.0000,true,1,113624
5010182996799,false,ג'ל אסלה מנטרל ריחות בניחוח פרחי בר ורודים,דאופלור אס.פי.אי איט,IT,דאק ג'ל אסלה בניחוח,Unknown,55.00,יחידה,false,,11.00,0.2000,true,1,138033
5010182997253,false,"רייד ארוסול קוטל ג''וקים - 300 מ""ל",אס.סי.ג'ונסון מידרכט,NL,רייד ארוסול קוטל ג'ו,מיליליטרים,300.00,"100 מ""ל",false,,12.90,4.3000,true,1,138035
5010182997338,false,דאק ג'ל לניקוי אסלות בניחוח רענן 55 מל,"איטיליאן פוד, אס.פי.",IT,ט.דאק ג'ל אסלה ניחוח,גרמים,55.00,100 גרם,false,,11.00,20.0000,true,1,138036
5010182997680,false,"רייד ארוסול קוטל נמלים - 300 מ""ל",אס.סי.ג'ונסון מידרכט,NL,רייד ארוסול קוטל נמל,מיליליטרים,300.00,"100 מ""ל",false,,12.90,4.3000,true,1,111239
5010182997918,false,דאק ג'ל לניקוי אסלות בניחוח ים 55 מל,"איטיליאן פוד, אס.פי.",IT,ט.דאק ג'ל אסלה ניחוח,גרמים,55.00,100 גרם,false,,11.00,20.0000,true,1,138039
5010182998847,false,דאק נוזל לניקוי אסלות בניחוח ים 750 מל,מיוצר עי קונדיטוריית,NL,דאק נוזל לאסלה 750 כ,מיליליטרים,750.00,"100 מ""ל",false,,9.90,1.3200,true,1,138040
5010182998861,false,דאק נוזל לניקוי אסלות בניחוח רענן 750 מל,מיוצר עי קונדיטוריית,NL,ט דאק נוזל לאסלה 750,מיליליטרים,750.00,"100 מ""ל",false,,9.90,1.3200,true,1,138041
5010314101015,false,וויסקי פיימוס גראוס 1 ליטר,מתיו גלוג אנד סאן,,וויסקי פיימוס גראוס,קילוגרמים,1.00,ליטר,false,,119.90,119.9000,true,1,112387
5010314302863,false,מקאלן דאבל קאסק12שנה700מ,מקאלן דיסטילרי,GB,מקאלן דאבל קאסק 12 ש,מיליליטרים,700.00,"100 מ""ל",false,,289.90,41.4143,true,1,179008
5010327000046,false,וויסקי גרנט'ס סקוטי,"וויליאם גראנט ובניו בע""\",GB,"גרנטס וויסקי 750 מ""ל",מיליליטרים,750.00,"100 מ""ל",false,,89.90,11.9867,true,1,112666
5010327325125,false,וויסקי גלנפידיך 15 שנה סולרה רזרב 750 מל,גרנט'ס (William Gran,,גלנפידיך 15 שנה סולר,מיליליטרים,750.00,"100 מ""ל",false,,279.90,37.3200,true,1,112668
5010327325323,false,וויסקי גלנפידיך 18 שנה אנשנט רזרב 750,גרנט'ס (William Gran,,גלנפידיך 18 שנה אנשנ,Unknown,0.00,יחידה,false,,329.90,0.0000,true,1,202621
5010494560282,false,וויסקי גלנמורנגי אוריגינל 10 שנים 700 מל,גלאנמורנג'\י דיסטילרי סק,GB,גלנמורג'י אוריג'ינל,מיליליטרים,700.00,"100 מ""ל",false,,149.90,21.4143,true,1,112156
5010677551281,false,בקרדי בריזר לימון 275 בקבוק,בקרדי בריזר Bacardi Breezer,BE,בריזר - משקה כוהלי מ,,275.00,100 מל,false,,14.00,0.0509,true,1,113305
5010677551397,false,"בקרדי בריזר לימון ליים 275 מ""ל",בקרדי בריזר Bacardi Breezer,BE,בריזר - משקה כוהלי מ,,275.00,100 מל,false,,14.00,0.0509,true,1,113306
5010677552387,false,בריזר ט.אננס בקבוק 275מל,בקרדי בריזר Bacardi Breezer,BE,בריזר - משקה כוהלי מ,,275.00,100 מל,false,,14.00,0.0509,true,1,113307
5010677554398,false,בקרדי בריזר אבטיח 275 בקבוק,בקרדי בריזר Bacardi Breezer,BE,בריזר - משקה כוהלי מ,,275.00,100 מל,false,,14.00,0.0509,true,1,113308
5010677850100,false,וודקה גריי גוס בקבוק,בקרדי מרטיני,FR,וודקה גריי גוס 700 מ,מיליליטרים,700.00,"100 מ""ל",false,,124.90,17.8429,true,1,112393
5011007003005,false,"וויסקי ג'יימסון אירי מזוקק 700 מ""ל",אייריש דיסטילרז,IE,וויסקי אירי ג'יימסו,מיליליטרים,700.00,"100 מ""ל",false,,99.90,14.2714,true,1,113309
5011013100132,false,"ויסקי בייליס אייריש קרים 750 מ""ל",r&a baileys,,בייליס אייריש קרם 75,מיליליטרים,750.00,"100 מ""ל",false,,99.90,13.3200,true,1,113162
5011026108033,false,"וויסקי אירי טולומור דיו 700 מ""ל",פארייפאבה אגרואינדוס,IE,וויסקי טולמור דיו 70,מיליליטרים,700.00,"100 מ""ל",false,,99.90,14.2714,true,1,112672
5011157730271,false,אורז יסמין לבן ארוך טילדה,טילדה Tilda,GB,טילדה אורז יסמין 1 ק,פריט,1.00,"ק""ג",false,,24.90,24.9000,true,1,186174
5011348019772,false,"בירה הובגובלין אי.פי.איי 500 מ""ל",ויצ'וויד,GB,הובגובלין אי.פי.איי,מיליליטרים,500.00,"100 מ""ל",false,,15.90,3.1800,true,1,160831
5011408027990,false,ספרי עיצוב חזק מאוד לשיער Elnett,לוריאל Loreal,FR,אלנט ספריי לשיער חזק,Unknown,0.00,יחידה,false,,39.90,0.0000,true,1,136110
5011417547885,false,"אירוויק מקלות ריחניים בניחוח כביסה באוויר 30 מ""ל",איירוויק Air Wick,HU,מקלות ריחניים איירוו,Unknown,0.00,יחידה,false,,14.90,0.0000,true,1,193448
5014271300429,false,"מעדן משמש 100% פרי סנטדלפור 284 גרם לל""ס",סאן דלפור - שמבור,FR,סן דלפו מעדן משמש לל,גרמים,284.00,100 גרם,false,,19.90,7.0070,true,1,153797
5014271310428,false,מעדן דובדבנים שחורים ללא תוספת סוכר 284 גרם,סאן דלפור - שמבור,FR,סן דלפו מעדן דבדבן ש,גרמים,284.00,100 גרם,false,,19.90,7.0070,true,1,153798
5014271330426,false,מעדן אוכמניות כחולות ללא תוספת סוכר 284 גרם,סאן דלפור - שמבור,FR,סן דלפו מעדן אוכמניו,גרמים,284.00,100 גרם,false,,19.90,7.0070,true,1,153799
5014271350424,false,מעדן ארבעה פירות ללא תוספת סוכר 284 גרם,סאן דלפור - שמבור,FR,סן דלפו מעדן ארבעה פ,גרמים,284.00,100 גרם,false,,19.90,7.0070,true,1,153800
5014271360423,false,"מעדן תפוזים לל""ס סאן דלפור 284 גרם",סאן דלפור - שמבור,FR,סן דלפו מעדן תפוז לל,גרמים,284.00,100 גרם,false,,19.90,7.0070,true,1,153801
5014271370422,false,מעדן אפרסקים ללא תוספת סוכר 284 גרם,סאן דלפור - שמבור,FR,סן דלפו מעדן אפרסק ל,גרמים,284.00,100 גרם,false,,19.90,7.0070,true,1,153802
5014271400426,false,"מעדן בטעם תות שדה לל""ס סאן דלפור 284 גרם",סאן דלפור - שמבור,FR,סן דלפו מעדן תות שדה,גרמים,284.00,100 גרם,false,,19.90,7.0070,true,1,153804
5014379009972,false,בירה לאגר באדוויזר פחית 500 מל,באדווייזר Budweiser,GB,בירה באדוויזר פחית 5,מיליליטרים,500.00,"100 מ""ל",false,,9.90,1.9800,true,1,112676
5023625004487,false,בירה הובגובלין רובי500מל,וויצ'וד ויטניי,GB,בירה הובגובלין 500 מ,מיליליטרים,500.00,"100 מ""ל",false,,15.90,3.1800,true,1,160832
5024546366609,false,"וויסקי 700 מ""ל LAUDERS SCOTCH",מקדוף אינטרנשנל דיסט,GB,"ויסקי לאודרס 700 מ""ל",מיליליטרים,700.00,"100 מ""ל",false,,84.90,12.1286,true,1,156789
5024546366630,false,וויסקי לאודרס 1 ליטר SCOTCH,לאודרס,IL,"וויסקי ""סקוטש לאודרס",Unknown,1000.00,יחידה,false,,99.90,0.0999,true,1,112947
5026489500447,false,חט.חומוס ט. שמנת+עירית45,איט ריל,GB,חטיף חומוס ס. קרים 4,Unknown,0.00,יחידה,false,,7.90,0.0000,true,1,173634
5029053032658,false,שמיניית ממחטות טישו קלינקס 9 יחידות,חוגלה קימברלי,IT,קלינקס אוריגנל ממחט,Unknown,0.00,יחידה,false,,5.90,0.0000,true,1,111033
5029053039725,false,ממחטות נייר קלינקס נטורל פרש קופסה 72 דף,קימברלי קלארק,IL,קלינקס נטורל פרש קופ,Unknown,72.00,יחידה,false,,9.90,0.1375,true,1,187726
5029053510811,false,קוטקס - תחבושות אולטרה נורמל + כנפיים 30 יח',קימברלי קלארק,CZ,קוטקס תחבושות אולטרה,Unknown,28.00,יחידה,false,,18.90,0.6750,true,1,111034
5029053510828,false,קוטקס - תחבושות אולטרה סופר + כנפיים 22 יח',קימברלי קלארק,CZ,קוטקס תחבושות אולטרה,Unknown,24.00,יחידה,false,,18.90,0.7875,true,1,111035
5029053523446,false,קוטקס - תחבושות אולטרה נייט + כנפיים 20 יח',קימברלי קלארק,CZ,קוטקס תחבושות אולטרה,Unknown,20.00,יחידה,false,,18.90,0.9450,true,1,111036
5029053527574,false,האגיס תחתון ספיגה 4-7 בנים דריי נייטס 10 יחידות,חוגלה קימברלי,CZ,האגיס דריי נייטס 7-4,Unknown,10.00,יחידה,false,,36.90,3.6900,true,1,119061
5029053527598,false,תחתוני ספיגה בנים לתופעת הרטבת לילה 8-15 האגיס,חוגלה קימברלי,CZ,האגיס דריי נייטס 15-,Unknown,9.00,יחידה,false,,36.90,4.1000,true,1,111037
5029053527604,false,האגיס תחתון ספיגה 15-8 בנות דריי נייטס 9 יחידות,חוגלה קימברלי,IL,האגיס דריי נייטס 15-,Unknown,9.00,יחידה,false,,36.90,4.1000,true,1,119063
5029053535227,false,קוטקס טמפון עם מוליך נורמל 16 יחידות,קימברלי קלארק,CZ,קוטקס טמפון עם מוליך,Unknown,16.00,יחידה,false,,23.90,1.4937,true,1,119072
5029053538426,false,בגד ים חד פעמי ליטל סווימרס 12-18kg L,חוגלה קימברלי,CZ,האגיס ליטל סווימרס ל,Unknown,11.00,יחידה,false,,29.90,2.7182,true,1,119074
5029053574103,false,האגיס פול אפס תח.גמילה יום בנות 20 יחידו,KC צ'כיה,IL,האגיס פול אפס לארג ב,Unknown,14.00,יחידה,false,,46.90,3.3500,true,1,177729
5029053574110,false,האגיס פול אפס תח.גמילה יום בנים 20 יחידו,חוגלה,IL,האגיס פול אפס לארג ב,Unknown,14.00,יחידה,false,,46.90,3.3500,true,1,177730
5029053574141,false,האגיס פול אפס תח.גמילה לילה בנות 18 יחיד,חוגלה,IL,האגיס פול אפס בנות ל,Unknown,12.00,יחידה,false,,46.90,3.9083,true,1,177731
5029053578309,false,קופסת ממחטות אולטרה סופט 48 דף קלינקס,קימברלי קלארק,IL,קלינקס אולטרה סופט ק,Unknown,72.00,יחידה,false,,8.90,0.1236,true,1,187727
5029054220085,false,האגיס - מגבוני האגיס אקסטרה קר לא מבושם 56 יח' * 4,קימברלי קלארק,IL,האגיס מגבוני רך נולד,Unknown,0.00,יחידה,false,,26.90,0.0000,true,1,119077
5050083559761,false,דגני בוקר קלוגס קוקו פופס שוקוס 500 גרם,קלוגס מניופקטורינג אספנה,ES,קלוגס קוקו פופס שוקו,גרמים,500.00,100 גרם,false,,19.90,3.9800,true,1,140556
5053827193368,false,דגני בוקר קלוגס ברנפלקס 500 גרם,קלוגס קומפני אוף גרייט ב,GB,ברנפלקס 500 ג',גרמים,500.00,100 גרם,false,,23.90,4.7800,true,1,140563
5053827215862,false,קלוגס קוקו פופס שוקו 500ג',קלוגס מניופקטורינג אספנה,GB,קלוגס קוקו פופס 500,גרמים,500.00,100 גרם,false,,19.90,3.9800,true,1,161110
5055966800114,false,"מארז וויסקי בלק בוש 700 מ""ל + כוסות",,,"מארז בלק בוש 700 מ""ל",מיליליטרים,700.00,"100 מ""ל",false,,109.90,15.7000,true,1,189436
5055966801012,false,וויסקי בושמילס אוריגינל 1 ליטר,,IE,בושמילס וויסקי אוריג,קילוגרמים,1.00,ליטר,false,,109.90,109.9000,true,1,113747
5055966810014,false,ויסקי בושמילס בלאק ב,אלב בושמילס,,וויסקי בושמילס בלאק,מיליליטרים,700.00,"100 מ""ל",false,,119.90,17.1286,true,1,113748
5055966830142,false,"וויסקי בושמילס קאסק רום 700 מ""ל",,,וויסקי בושמילס קאריב,מיליליטרים,700.00,"100 מ""ל",false,,119.90,17.1286,true,1,189438
5060045588128,false,"וויסקי גים בים לבן 700 מ""ל","איי, בי, אינבוו",US,גים בים לבן כשר 700,מיליליטרים,700.00,"100 מ""ל",false,,99.90,14.2714,true,1,112684
5060319120122,false,תה צאי ירוק אורגני 40 גרם הייר ליבינג,אונלי נטורל פרודקטס,GB,הייר ליבינג תה ירוק,Unknown,0.00,יחידה,false,,19.90,0.0000,true,1,153486
5060412214124,false,חול אברקלין צהוב פיזור מופחת,אבר קלין Ever clean,NL,אברקלין ללא עקבות 6ל,Unknown,0.00,יחידה,false,,55.90,0.0000,true,1,198660
5060517886486,false,"משקה אנרגיה מונסטר אנרג'י בפחית 500 מ""ל",מונסטר אנרג'י Monster Energy,RS,משקה אנרגיה מונסטר א,,500.00,100 מל,false,,7.90,0.0158,true,1,137304
5060517886516,false,"משקה אנרגיה מונסטר אנרג'י זירו בפחית 500 מ""ל",מונסטר אנרג'י Monster Energy,RS,משקה אנרגיה מונסטר א,,500.00,100 מל,false,,7.90,0.0158,true,1,137305
5060639129102,false,"משקה אנרגיה מונסטר אנרג'י מנגו בפחית 500 מ""ל",מונסטר אנרג'י Monster Energy,RS,משקה אנרגיה מונסטר מ,,500.00,100 מל,false,,7.90,0.0158,true,1,171628
5060751218173,false,"משקה אנרגיה מונסטר אנרג'י piplin punch בפחית 500 מ""ל",מונסטר אנרג'י לימטד,RS,משקה אנרגיה מונסטר פ,,500.00,100 מל,false,,7.90,0.0158,true,1,197261
5060751219033,false,"משקה אנרגיה מונסטר אנרג'י זירו paradise בפחית 500 מ""ל",מונסטר אנרג'י לימטד,RS,משקה אנרגיה מונסטר א,,500.00,100 מל,false,,7.90,0.0158,true,1,197262
5099873038758,false,וויסקי ג'נטלמן ג'ק Gentleman Jack,ג'ק דניאלס Jack Daniel's,US,וויסקי ג'נטלמן ג'ק 7,מיליליטרים,500.00,"100 מ""ל",false,,149.90,29.9800,true,1,166628
5200106871121,false,יוגורט יווני 1ק''ג,,GR,"יוגורט יווני 1 ק""ג",פריט,1.00,"ק""ג",false,,26.90,26.9000,true,1,146843
5200123044010,false,גבינה פטה צאן יווני 400 גר,,,פטה צאן יווני 400 גר,גרמים,400.00,100 גרם,false,,39.90,9.9750,true,1,181314
5200133120476,false,גלילות וופלים ממולאים קרם אגוזים וקקאו 400 ג',יוניליוור גרמניה Gm,GR,גליליות וופלים ממולא,גרמים,400.00,100 גרם,false,,17.90,4.4750,true,1,140568
5200133120582,false,גולדן ברייק גליליות וופל במילוי קרם עם שוקולד מריר 150 גרם,גולדן ברייק Golden break,GR,גולדן ברייק גליליות,גרמים,150.00,100 גרם,false,,6.90,4.6000,true,1,140571
5200133120735,false,גליליות וופלים שוקלד מריר 400 ג',"קוארטט אס.אי,",GR,גליליות וופלים 400 ג,גרמים,400.00,100 גרם,false,,17.90,4.4750,true,1,163659
5201004020338,false,קפריס וופל רול ממולא קרם אגוזי לוז 400 ג',א.ג פאפאגופולוס,GR,קפריס רולס קלאסיק 40,גרמים,400.00,100 גרם,false,,19.90,4.9750,true,1,121552
5201004021328,false,קפריס רולס גלילי וופל במילוי קרם אגוזי לוז וקקאו,אי. ג'יי פאפאדופולוס,GR,כפריס גליליות ממולאו,גרמים,115.00,100 גרם,false,,8.90,7.7391,true,1,121553
5201178801054,false,"קרם רב שימושי ניוואה 250 מ""ל",טרופיקל דגיל תעשיות,DE,NIVEA CREAM 250ML,גרמים,250.00,100 גרם,false,,19.90,7.9600,true,1,111158
5201347400545,false,רצועות שעווה מוכנות לשימוש לפנים ולאזורים רגישים,רקיט בנקיזר צרפת,FR,ויט רצועות שעווה מוכ,,20.00,יחידו,false,,24.90,1.2450,true,1,134082
5201709114028,false,שוקולד איטליקי,,,שוקולד איטליקי,קילוגרמים,1.00,"ק""ג",true,,49.90,49.9000,true,1,159825
5201940010011,false,זיתים שחורים טבעיים בפח ויליפוד 454 גרם,סיוארס אס.איי,GR,ויליפוד זיתים שחורים,גרמים,454.00,100 גרם,false,,14.90,3.2819,true,1,113909
5202300014496,false,ספריי לשיער חזק במיוחד וולה פלקס Wella flex,פרוקטר אנד גמבל,DE,וולהפלקס ספריי אקסטר,,250.00,100 מל,false,,35.00,0.1400,true,1,116640
5202390015618,false,גבינה צהובה טבעונית אורגינל ויאו לייף 200 ג',אריביה אס.אי. 57022,GR,הצהובה הטבעונית בטעם,גרמים,200.00,100 גרם,false,,22.90,11.4500,true,1,145923
5202390015885,false,ויולייפ צד'ר פרוסות 200 גר 200 גר,ביוט איילנד פודס בעמ,GR,ויולייפ צדר פרוסות 2,גרמים,200.00,100 גרם,false,,22.90,11.4500,true,1,200395
5202390019319,false,ויולייף מוצרלה טבעונית מגורדת 200 גרם,,,הצהובה הטבעונית בטעם,גרמים,200.00,100 גרם,false,,21.90,10.9500,true,1,182095
5202390020407,false,פטה טבעונית גוש ויולייף 200 ג',ביוט איילנד פודס בעמ,GR,ויולייף גבינה טבעוני,גרמים,230.00,100 גרם,false,,26.90,11.6957,true,1,145931
5202390021121,false,קרמי אוריגינל טבעוני ויולייף 150 גר,ביוט איילנד פודס בעמ,GR,ויולייף קרמית טבעוני,גרמים,150.00,100 גרם,false,,19.90,13.2667,true,1,145933
5202460005921,false,שוקולד דאבל טוויסט 1,,,שוקולד דאבל טוויסט 1,פריט,1.00,"ק""ג",false,,49.90,49.9000,true,1,202238
5202460006492,false,שוקולד סינגל טוויסט,,,שוקולד סינגל טוויסט,Unknown,0.00,יחידה,false,,49.90,0.0000,true,1,202240
5202460007611,false,סנטה קלאוס 60 ג',,,סנטה קלאוס 60 ג',Unknown,0.00,יחידה,false,,4.90,0.0000,true,1,141923
5202460007628,false,סנטה קלאוס 100 ג',,,סנטה קלאוס 100 ג',Unknown,0.00,יחידה,false,,6.90,0.0000,true,1,168648
5202460007833,false,שקית סנטה קלאוס 100,,,שקית סנטה קלאוס 100,Unknown,0.00,יחידה,false,,7.90,0.0000,true,1,187938
5202460009844,false,שוקולד חצי כדור 1 קי,,,שוקולד חצי כדור 1 קי,Unknown,0.00,יחידה,false,,49.90,0.0000,true,1,187932
5202460044968,false,טבלאות שוקולד 85 גרם,,,טבלאות שוקולד 85 גרם,Unknown,0.00,יחידה,false,,5.90,0.0000,true,1,141930
5202460047587,false,שוקולד כדורים 1 קילו,,,שוקולד כדורים 1 קילו,Unknown,0.00,יחידה,false,,49.90,0.0000,true,1,141932
5202460067806,false,כריסמס שוקולד מעורבב,,,כריסמס שוקולד מעורבב,גרמים,500.00,100 גרם,false,,29.90,5.9800,true,1,202242
5202460910805,false,סוכריות ג'לי 800 גרם,,,סוכריות ג'לי 800 גרם,גרמים,800.00,100 גרם,false,,19.90,2.4875,true,1,172208
5202795080709,false,אוזו מטקסה Ouzo Metaxa,פארייפאבה אגרואינדוס,GR,"אוזו מטקסה 750 מ""ל",מיליליטרים,750.00,"100 מ""ל",false,,95.90,12.7867,true,1,187758
5203819013444,false,אוזמו מלטמי מארז 700,,,אוזמו מלטמי מארז 700,מיליליטרים,700.00,"100 מ""ל",false,,79.90,11.4143,true,1,163568
5390424121845,false,ויסקי דה דאבלינר בור,,,דה דאבלינר ויסקי בור,Unknown,0.00,יחידה,false,,89.90,0.0000,true,1,200284
5391523057929,false,סימילאק גולד שלב 1 תרכובת מזון על בסיס חלב,אבוט מעבדות רפואיות,IE,סימילאק גולד שלב 1 7,Unknown,0.00,יחידה,false,,69.90,0.0000,true,1,152314
5391523057936,false,סימילאק גולד שלב 2 תרכובת מזון על בסיס חלב,אבוט מעבדות רפואיות,IE,סימילאק גולד שלב 2 7,Unknown,0.00,יחידה,false,,69.90,0.0000,true,1,152315
5391523057943,false,סימילאק גולד שלב 3 תרכובת מזון על בסיס חלב,אבוט מעבדות רפואיות,IE,סימילאק גולד שלב 3 7,Unknown,0.00,יחידה,false,,69.90,0.0000,true,1,153139
5391523058063,false,סימילאק אדבנס פלוס 1 תרכובת מזון על בסיס חלב,טרופיקל דגיל תעשיות,IE,סימילאק אדוונס פלוס,גרמים,700.00,100 גרם,false,,64.90,9.2714,true,1,152316
5391523058070,false,סימילאק אדבנס פלוס 3 תרכובת מזון על בסיס חלב,טרופיקל דגיל תעשיות,IE,סימילאק אדוונס פלוס,גרמים,700.00,100 גרם,false,,64.90,9.2714,true,1,152317
5391523058087,false,סימילאק אדבנס פלוס 2 תרכובת מזון על בסיס חלב,טרופיקל דגיל תעשיות,IE,סימילאק אדוונס פלוס,גרמים,700.00,100 גרם,false,,64.90,9.2714,true,1,152318
5391532290072,false,לאמבי וויסקי סמול בא,,,לאמבי וויסקי סמול בא,מיליליטרים,700.00,"100 מ""ל",false,,199.90,28.5571,true,1,183910
5410091648176,false,"פה - דאודורנט רול און לאישה פינק פרדייס 50 מ""ל",שוורצקופף והנקל,DE,פה דאודורנט רול און,מיליליטרים,50.00,"מ""ל",false,,11.90,0.2380,true,1,125883
5410091678043,false,"סאיוס - מוס לשיער מתולתל 250 מ""ל",שוורצקוף,DE,סאיוס מוס לשיער לשיע,מיליליטרים,250.00,"100 מ""ל",false,,27.90,11.1600,true,1,186087
5410091708948,false,"סאיוס - מוס לשיער קרטין 250 מ""ל",הנקל סוד,SI,סאיוס מוס לשיער קרטי,מיליליטרים,250.00,"100 מ""ל",false,,27.90,11.1600,true,1,125888
5410103161518,false,קרם יום עם פעולה משולשת לעור רגיל ומעורב,"לוריאל ישראל בע""מ",DE,דרמו פעולה משולשת רג,Unknown,0.00,יחידה,false,,49.90,0.0000,true,1,136117
5410103161617,false,קרם יום עם פעולה משולשת Triple active לעור יבש ועדין,"לוריאל ישראל בע""מ",DE,דרמו פעולה משולשת יב,Unknown,50.00,יחידה,false,,49.90,0.9980,true,1,136118
5410126006087,false,עוגיות לוטוס ארוזות בתפזורת 700 גרם,לוטוס ביקרי נ.וי.,BE,עוגיות לוטוס ארוזות,גרמים,700.00,100 גרם,false,,25.90,3.7000,true,1,140576
5410126006360,false,לוטוס עוגיות סנדוויץ' במילוי לוטוס 150 גר',לוטוס ביקרי בלגיה נ.,BE,לוטוס עוגיות סנדוויץ,גרמים,150.00,100 גרם,false,,8.90,5.9333,true,1,186547
5410126106022,false,מארז עוגיות לוטוס 250 גר*2,לוטוס ביקרי נ.וי.,BE,עוגיות לוטוס זוג 2*2,גרמים,500.00,100 גרם,false,,16.90,3.3800,true,1,189157
5410126106183,false,עוגיות לוטוס 50 יחידות ארוזות בנפרד 312 גרם,כלורוקס אוקלנד,BE,עוגיות לוטוס 50 יחיד,גרמים,312.00,100 גרם,false,,17.90,5.7372,true,1,140579
5410126116953,false,ממרח ביסקוויט קרמל לוטוס 400 גרם,לוטוס בייקרי בלגיה נ,BE,לוטוס ממרח עוגיות קר,גרמים,400.00,100 גרם,false,,22.90,5.7250,true,1,140581
5410126666038,false,"ביסקוויט קרמל לוטוס 279 גרם בד""צ",לוטוס ביקרי נ.וי.,BE,עוגיות לוטוס 18*2 27,גרמים,279.00,100 גרם,false,,12.90,4.6237,true,1,140583
5410126716016,false,"עוגיות לוטוס ביסקויט קרמל בד""צ 250 גרם",לוטוס ביקרי בלגיה,BE,עוגיות לוטוס בתפזורת,גרמים,250.00,100 גרם,false,,12.90,5.1600,true,1,140585
5410126726947,false,ממרח ביסקוויט קרמל קראנץ' לוטוס 380 גרם,לוטוס בייקרי בלגיה נ,BE,לוטוס ממרח קרנאץ' 38,גרמים,380.00,100 גרם,false,,23.90,6.2895,true,1,140586
5410228267515,false,"שישיית בירה לאגר באדוויזר 6*330 מ""ל",באדווייזר Budweiser,GB,בירה באדוויזר שישייה,Unknown,6.00,יחידה,false,,39.90,6.6500,true,1,112688
5410291021991,false,ממרח אגוזי לוז עם קקאו צוקטה 700 גרם,צ'וקטה Chocketa,BE,צוקטה ממרח אגוזי לוז,גרמים,700.00,100 גרם,false,,18.90,2.7000,true,1,120979
5410291022011,false,ממרח אגוזי לוז עם קקאוי 350 ג' צ'וקטה,צ'וקטה Chocketa,BE,צוקטה ממרח אגוזי לוז,גרמים,350.00,100 גרם,false,,10.90,3.1143,true,1,120980
5410291022776,false,ממרח אגוזי לוז צ'וקטה 700 גרם פרווה,צ'וקטה Chocketa,BE,צוקטה ממרח אגוזי לוז,גרמים,700.00,100 גרם,false,,18.90,2.7000,true,1,120984
5410316983693,false,"סמירנוף אייס בקבוק 275 מ""ל",סמירנוף אייס Smirnoff ice,IT,סמירנוף אייס בקבוק,,275.00,100 מל,false,,11.90,0.0433,true,1,113174
5410769100081,false,"בירה לה שוף קטן 330 מ""ל בקבוק","איי, בי, אינבוו",BE,"בקבוק לה שוף 330 מ""ל",מיליליטרים,330.00,"100 מ""ל",false,,16.90,5.1212,true,1,112689
5410769300085,false,בקבוק שוף הובלון 330,brasserie dachouffe,,בקבוק שוף הובלון 330,מיליליטרים,330.00,"100 מ""ל",false,,16.90,5.1212,true,1,112693
5410769800097,false,"בירה לה צרי שוף 8% 330 מ""ל בקבוק",פארייפאבה אגרואינדוס,BE,בקבוק צ'רי שוף 330 מ,מיליליטרים,330.00,"100 מ""ל",false,,13.90,4.2121,true,1,112694
5411081003654,false,"קסטיל בירה רוז 330 מ""ל",מבשלת קסטל ואן הונסב,BE,בירה קאסטל רוז 330 מ,מיליליטרים,330.00,"100 מ""ל",false,,12.90,3.9091,true,1,112003
5411081004811,false,"בירה קסטיל קווה דו שאטו 330 מ""ל",מבשלת קסטל ואן הונסב,,בירה קאסטל קווה דו ש,מיליליטרים,330.00,"100 מ""ל",false,,12.90,3.9091,true,1,160818
5411188080268,false,"אלפרו סויה אורגני 1 ל מפוקח ע""י סקאל",הנסיך- מפעל לייצור ט,BE,אלפרו משקה סויה אורג,,1000.00,100 מל,false,,14.90,0.0149,true,1,128069
5411188081852,false,אלפרו משקה סויה בטעם וניל 1 ל',הנסיך- מפעל לייצור ט,BE,אלפרו משקה סויה בטעם,,1000.00,100 מל,false,,14.90,0.0149,true,1,128070
5411188096108,false,"שמנת לבישול ע""ב סויה 250 מ""ל אלפרו",אלפרו C.V.A,BE,אלפרו שמנת צמחית לבי,,250.00,100 מל,false,,9.90,0.0396,true,1,128073
5411188110835,false,אלפרו חלב סויה שקדים וניל 1ל',הנסיך- מפעל לייצור ט,BE,אלפרו חלב שקדים 1 לי,,1000.00,100 מל,false,,13.90,0.0139,true,1,128075
5411188112549,false,משקה קוקוס אלפרו 1 ליטר משקה אורז 1 ליטר,הנסיך- מפעל לייצור ט,BE,אלפרו משקה אורז 1 לי,,1000.00,100 מל,false,,13.90,0.0139,true,1,128078
5411188112709,false,"משקה קוקוס אלפרו 1 ליטר משקה שקדים לל""ס",הנסיך- מפעל לייצור ט,BE,אלפרו משקה שקדים ללא,,1000.00,100 מל,false,,13.90,0.0139,true,1,128079
5411188115366,false,משקה קוקוס אלפרו 1 ליטר משקה שיבולת שועל 1 ליטר,הנסיך- מפעל לייצור ט,BE,אלפרו משקה שיבולת שו,,1000.00,100 מל,false,,13.90,0.0139,true,1,128081
5411188115472,false,משקה סויה אלפרו 1 ליטר,הנסיך- מפעל לייצור ט,BE,אלפרו משקה סויה 1 לי,,1000.00,100 מל,false,,11.90,0.0119,true,1,164100
5411188118732,false,משקה אלפרו קוקוס ושקדים 1 ליטר,הנסיך- מפעל לייצור ט,BE,אלפרו משקה קוקוס שקד,,1000.00,100 מל,false,,13.90,0.0139,true,1,128084
5411188120742,false,משקה קוקוס אלפרו 1 ליטר שקדים וניל 1 ל',הנסיך- מפעל לייצור ט,BE,אלפרו משקה שקדים בטע,,1000.00,100 מל,false,,14.90,0.0149,true,1,128087
5411188120957,false,"אלפרו תערובת לבישול על בסיס קוקוס 250 מ""ל",אלפרו C.V.A,BE,אלפרו תערובת לבישול,,250.00,100 מל,false,,9.90,0.0396,true,1,195381
5411188124689,false,משקה אלפרו שיבולת שועל ללא סוכר 1 ליטר,אלפרו C.V.A,BE,אלפרו משקה שיבולת שו,,1000.00,100 מל,false,,13.90,0.0139,true,1,166738
5411188129899,false,משקה אלפרו בריסטה שקדים 1 ליטר,הנסיך- מפעל לייצור ט,BE,אלפרו בריסטה שקדים 1,,1000.00,100 מל,false,,13.90,0.0139,true,1,164099
5411188134985,false,משקה NOT MILK שיבולת שועל 3.5% אלפרו 1 ליטר,הנסיך- מפעל לייצור ט,BE,אלפרו 3.5% שומן משקה,,1000.00,100 מל,false,,14.90,0.0149,true,1,185378
5411188135005,false,משקה NOT MILK שיבולת שועל 1.8% אלפרו 1 ליטר,הנסיך- מפעל לייצור ט,BE,אלפרו 1.8% שומן שיבו,,1000.00,100 מל,false,,14.90,0.0149,true,1,185377
5411188300328,false,אלפרו סויה שוקו 1 ליטר * 8 יחי,הנסיך- מפעל לייצור ט,BE,אלפרו משקה סויה שוקו,,1000.00,100 מל,false,,14.90,0.0149,true,1,128098
5411188513483,false,"סויה לבישול 14% שומן אלפרו 250 מ""ל",אלפרו C.V.A,BE,אלפרו סויה לבישול 14,,250.00,100 מל,false,,9.90,0.0396,true,1,195783
5411188543398,false,משקה סויה ללא סוכר אלפרו 1 ליטר,הנסיך- מפעל לייצור ט,BE,"אלפרו משקה סויה לל""ס",,1000.00,100 מל,false,,11.90,0.0119,true,1,164101
5411676100874,false,"בירת ברבר בלונד 330 מ""ל",מבשלת לפבר,,"בירה בלונד 330 מ""ל",מיליליטרים,330.00,"100 מ""ל",false,,12.90,3.9091,true,1,172410
5411686700118,false,"בירה לינדמנס פרוטס 250 מ""ל",לפימנס,BE,בירה לימפנס פרוטס 25,מיליליטרים,250.00,"100 מ""ל",false,,12.90,5.1600,true,1,112708
5412514999933,false,פוקו לוקו -סלסה חריפה 325 גרם,,,רוטב סלסה חריפה 325,גרמים,325.00,100 גרם,false,,19.90,6.1231,true,1,176330
5412956214670,false,שוקולד מריר 70% קקאו 100 גרם,Kim's Chocolates NV,BE,CACHET טבלת שוקולד מ,גרמים,100.00,100 גרם,false,,9.90,9.9000,true,1,125206
5413121359035,false,בלגיאן טראפלס בלגי קקאו אורגינל 200 גרם,,,בונבוניירה טראפלס קק,גרמים,200.00,100 גרם,false,,17.90,8.9500,true,1,131135
5413149922907,false,"אבקת כביסה קולור וסטייל 5 ק""ג אריאל",פרוקטר אנד גמבל,TR,אריאל אבקת כביסה קול,פריט,5.00,"ק""ג",false,,49.90,9.9800,true,1,174925
5413149922938,false,"אריאל אבקת כביסה שושן צחור, 5 ק""ג",פרוקטר אנד גמבל,TR,אריאל אבקת כביסה שוש,,5.00,קג,false,,49.90,9.9800,true,1,174926
5413476957047,false,דונאטס פרימיום,,,דונאטס פרימיום,Unknown,0.00,יחידה,false,,5.90,0.0000,true,1,201643
5413548280189,false,קינדר שוקו בון 1 יחידות 125 גרם,פררו - אלבה,BE,קינדר שוקו בון 125 ג,גרמים,125.00,100 גרם,false,,11.90,9.5200,true,1,154189
5601008200444,false,עוגיות גודיס טבעות מצופות שוקולד חלב מרבה 150 גרם,הנסיך- מפעל לייצור ט,PT,גודיס עוגיות טבעת מצ,גרמים,150.00,100 גרם,false,,5.90,3.9333,true,1,128100
5601008200451,false,עוגיות גודיס טבעות מצופות שוקולד מריר מרבה 150 גרם,מרבה Merba,PT,גודיס עוגיות טבעת מצ,גרמים,150.00,100 גרם,false,,5.90,3.9333,true,1,128101
5601008200468,false,עוגיות גודיס טבעות מצופות שוקולד לבו מרבה 150 גרם,קריניציה ויטמינה אס,PT,גודיס עוגיות טבעת מצ,גרמים,150.00,100 גרם,false,,5.90,3.9333,true,1,128102
5601036205541,false,צבע לשיער אקסלנס קרם - 3 חום כהה מאוד,לוריאל Loreal,BE,אקסלנס צבע שיער חום,Unknown,0.00,יחידה,false,,39.90,0.0000,true,1,136120
5601036205558,false,צבע לשיער אקסלנס קרם - 4 חום כהה,לוריאל Loreal,BE,אקסלנס צבע שיער חום,Unknown,0.00,יחידה,false,,39.90,0.0000,true,1,136121
5601036205589,false,צבע לשיער אקסלנס קרם - 5 חום טבעי,לוריאל Loreal,BE,אקסלנס צבע שיער חום,Unknown,0.00,יחידה,false,,39.90,0.0000,true,1,136123
5601036205626,false,צבע לשיער אקסלנס קרם - 6 בלונד כהה,לוריאל Loreal,BE,אקסלנס קרם בלונד כהה,Unknown,0.00,יחידה,false,,39.90,0.0000,true,1,136127
5601036205671,false,לוריאל - אקסלנס קרם 7.3 בלונד זהוב,ליברמו,BE,אקסלנס קרם לשיער מס,Unknown,0.00,יחידה,false,,39.90,0.0000,true,1,136130
5601996023780,false,"יין פורטה 6 רוזה 750 מ""ל",וידיגל,PT,יין פורטה 6 רוזה,Unknown,0.00,יחידה,false,,49.90,0.0000,true,1,163597
5601996355485,false,"יין פורטה 6 לבן 750 מ""ל",וידיגל,PT,יין פורטה 6 לבן,Unknown,0.00,יחידה,false,,49.90,0.0000,true,1,163598
5601996547897,false,"יין פורטה 6 אדום 750 מ""ל",וידיגל,PT,יין פורטה 6 אדום,Unknown,0.00,יחידה,false,,49.90,0.0000,true,1,163599
5604912415058,false,סרדינים פורטוס בשמן חמניות חריף 125 גרם,פורטוס Porthos,PT,סרדיני פורטוס בשמן ח,גרמים,125.00,100 גרם,false,,7.90,6.3200,true,1,140589
5604912425057,false,מקרלים בשמן חמניה חריף פורטוס 125 גרם,קונסרבס פורטוגל נורטה לי,PT,פורטוס מקרלים קטנים,גרמים,125.00,100 גרם,false,,7.90,6.3200,true,1,140591
5701215042391,false,גבינת קממברט 125גר',,,קממברט 125 גר,Unknown,0.00,יחידה,false,,19.90,0.0000,true,1,146846
5701215042407,false,גבינת ברי אורנהולט 125ג',,,ברי 125 גר אורנהולט,Unknown,0.00,יחידה,false,,19.90,0.0000,true,1,146847
5701397337711,false,בוטנים מלוח מתוק 175,snack foods,DK,בוטנים מלוח מתוק 175,גרמים,175.00,100 גרם,false,,11.90,6.8000,true,1,113907
5701397337728,false,בוטנים חריף מלוח 175,snack foods,DK,בוטנים חריף מלוח 175,גרמים,175.00,100 גרם,false,,11.90,6.8000,true,1,155415
5701397337735,false,בוטנים בתערובת פירות,snack foods,DK,בוטנים בתערובת פירות,גרמים,175.00,100 גרם,false,,11.90,6.8000,true,1,113922
5701932026964,false,"הוטפופ גרעיני תירס להכנת פופקורן במיקרוגל בטעם טבעי, בתוספת מלח, 600 גרם",ליימן מותגים,US,פופקורן הוטפופ למיקר,גרמים,600.00,100 גרם,false,,14.90,2.4833,true,1,120990
5701932026971,false,הוטפופ גרעיני תירס להכנת פופקורן במיקרוגל בטעם חמאה 600 גרם,ליימן מותגים,US,פופקורן הוטפופ למיקר,גרמים,600.00,100 גרם,false,,14.90,2.4833,true,1,120991
5701932026995,false,"הוטפופ גרעיני תירס להכנת פופקורן במיקרוגל בטעם טבעי מופחת שומן, 510 גרם",קריניציה ויטמינה אס,US,פופקורן הוטפופ למיקר,גרמים,510.00,100 גרם,false,,14.90,2.9216,true,1,120992
5703985072240,false,גבינת דנאבלו 100ג',,,דנאבלו 100 גרם,Unknown,0.00,יחידה,false,,12.90,0.0000,true,1,181312
5704025020443,false,גבינת פטינה דניש קומבי וויט 500ג',,,דניש קומבי וויט 500,Unknown,0.00,יחידה,false,,12.90,0.0000,true,1,181321
5705550300963,false,ביצי דג שיבוט 200 גרם יורו פוד,אמנדה סיפודס,DK,סקאגן יורופוד ביצי ד,גרמים,200.00,100 גרם,false,,14.90,7.4500,true,1,142795
5711953106583,false,גבינת שמנת בטעם טבעי 200 ג' ארלה,ארלה פודס אמבה,DK,ארלה גבינת שמנת בטעם,גרמים,200.00,100 גרם,false,,14.90,7.4500,true,1,139788
5711953106590,false,גבינת שמנת ארלה שמנת שום 200 גרם,ארלה פודס אמבה,DK,ארלה גבינת שמנת עם ש,גרמים,200.00,100 גרם,false,,14.90,7.4500,true,1,139789
5711953106606,false,גבינת שמנת עם תבלינים ועשבי תיבול 23.5%,ארלה פודס אמבה,DK,ארלה גבינת שמנת עם ת,גרמים,200.00,100 גרם,false,,14.90,7.4500,true,1,139790
5711953148347,false,"גבינת שמנת טבעי ארלה, 300 גרם",ארלה,DK,ארלה גבינת שמנת טבעי,גרמים,300.00,100 גרם,false,,25.90,8.6333,true,1,201228
5740900403215,false,ממרח מחמאת לורפק עם מלח 250 ג',ארלה פודס אמבה,DK,ממרח חמאה לורפק עם מ,גרמים,250.00,100 גרם,false,,16.90,6.7600,true,1,139792
5740900403222,false,ממרח לורפק חמאה עם מלח מופחת שומן 250 ג,ארלה פודס אמבה,DK,ממרח חמאה לורפק במלי,גרמים,250.00,100 גרם,false,,16.90,6.7600,true,1,139793
5740900403239,false,ממרח לורפק ללא תוספת מלח 250 גר,ארלה פודס אמבה,DK,ממרח חמאה לורפק ללא,גרמים,250.00,100 גרם,false,,16.90,6.7600,true,1,139794
5740900403246,false,ממרח לורפק ללא תוספת מלח 500 גר,ארלה פודס אמבה,DK,ממרח חמאה לורפק ללא,גרמים,500.00,100 גרם,false,,27.90,5.5800,true,1,139795
5740900403253,false,ממרח מחמאת לורפק עם מלח 500 ג',ארלה פודס אמבה,DK,ממרח חמאה לורפק עם מ,גרמים,500.00,100 גרם,false,,27.90,5.5800,true,1,139796
5740900403260,false,ממרח מחמאת לורפק ללא מלח 27% פחות שומן,ארלה פודס אמבה,DK,ממרח חמאה לורפק ללא,גרמים,250.00,100 גרם,false,,16.90,6.7600,true,1,139797
5900017062419,false,"ניוואה - תחליב רחצה ורדים ושמן שקדים 750 מ""ל",ביירסדורף,DE,ניוואה תחליב רחצה ור,מיליליטרים,750.00,"100 מ""ל",false,,17.90,2.3867,true,1,181449
5900020012814,false,דגנים תפוחים בטעם שוקולד נסקוויק נסטלה 500 גרם,מיוצר עי קונדיטוריית,PL,נסקוויק 16*500גרם N9,גרמים,500.00,100 גרם,false,,26.90,5.3800,true,1,126366
5900020015174,false,פיטנס חטיפי אנרגיה דגנים בטעם שוקולד נסטלה 6*23.5 גרם,מיוצר עי קונדיטוריית,PL,פיטנס חטיף דגנים שוק,גרמים,141.00,100 גרם,false,,17.90,12.6950,true,1,126367
5900020018908,false,פיטנס חטיפי אנרגיה דגנים בטעם קרם עוגיות נסטלה 6*23.5 גרם,מיוצר עי קונדיטוריית,PL,פיטנס חטף.דגנ.ק.עוגי,גרמים,141.00,100 גרם,false,,17.90,12.6950,true,1,126368
5900020024770,false,פיטנס - דליס חטיף דגנים שוקולד אגוז 22.50 גרם * 6,נסטלה פולין ברים,PL,פיטנס בר דליס שקלד.א,גרמים,135.00,100 גרם,false,,17.90,13.2593,true,1,126374
5900020024817,false,פיטנס דליס Fitness Delice חטיף דגנים עם שוקולד לבן,נסטלה פולין ברים,PL,פיטנס בר דליס שקלד.ל,Unknown,6.00,יחידה,false,,17.90,2.9833,true,1,126375
5900020025647,false,חטיף דגנים פיטנס שוקולד חלב 135 גרם מארז 6 יחידות,מיוצר עי קונדיטוריית,PL,פיטנס בר דליס שקלד.ח,גרמים,135.00,100 גרם,false,,17.90,13.2593,true,1,126376
5900020026552,false,דגני בוקר האני נאט צ'יריוס בטעם דבש ושקדים,נסטלה צרפת איטנקורט,FR,צ'ריוס האני נאט פרוו,גרמים,625.00,100 גרם,false,,26.90,4.3040,true,1,126381
5900020031877,false,נסטלה האני ציריוס חטיף דגני בוקר שישייה,נסטלה פולין דגני בוק,PL,ציריוס האני חטיף דגנ,גרמים,132.00,100 גרם,false,,17.90,13.5606,true,1,126386
5900020036407,false,ליון דגני בוקר שוקולד וקרמל נסטלה 480 גרם,נסטלה פולין דגני בוק,PL,ליון דגני בוקר שוקול,גרמים,480.00,100 גרם,false,,26.90,5.6042,true,1,161071
5900020037916,false,דגני בוקר שיבולת שועל צ'ריוס 375ג',ג'נרל מילס סאן אדריא,PL,צ'יריוס שיבולת שועל,גרמים,375.00,100 גרם,false,,17.90,4.7733,true,1,171072
5900020039590,false,פיטנס חטיף דגנים קלאסי פרווה 8 6*23.5 ג,נסטלה פולין דגני בוק,PL,פיטנס חטיף דגנים קלא,גרמים,141.00,100 גרם,false,,17.90,12.6950,true,1,183450
5900020039620,false,פיטנס חטיף דגנים שקדים ודבש פרווה 8 6*23 ג,נסטלה פולין ברים,PL,פיטנס חט.דגנים שקדים,גרמים,141.00,100 גרם,false,,17.90,12.6950,true,1,183451
5900020041142,false,קורנפלקס פיטנס 500 ג' אסם,נסטלה צרפת איטנקורט,PL,פיטנס קורנפלקס 16*50,גרמים,500.00,100 גרם,false,,12.90,2.5800,true,1,204358
5900130034171,false,גלידה מילקה יוגורט תות 4 יח 284 גרם,,,גלידת מילקה יוגורט ת,גרמים,284.00,100 גרם,false,,29.90,10.5282,true,1,196964
5900627026429,false,"סיליט באנג גיל לניקוי אסלות בתוספת אקונומיקה 750מ""ל",רקיט בנקיזר,PL,סיליט באנג ג'ל לניקו,,750.00,100 מל,false,,12.90,0.0172,true,1,198155
5900627027020,false,"ויט קרם להסרת שיער בזמן מקלחת לעור רגיל 150 מ""ל",רקיט בנקיזר צרפת,IL,ויט קרם ספא למקלחת ל,,150.00,100 מל,false,,29.90,0.1993,true,1,134086
5900627063233,false,טבליות למדיח הכל ב-1 פיניש מקס 50 יחידות,רקיט בנקיזר,PL,פיניש אלו מקס 50 טבל,גרמים,800.00,100 גרם,false,,36.90,4.6125,true,1,134088
5900627066715,false,טבליות למדיח פיניש הכל ב-1 100 יח,רקיט בנקיזר,PL,פיניש 100 טבליות AIO,,100.00,יחידו,false,,59.90,0.5990,true,1,134089
5900820014230,false,גבינה מתכת נורווסקי סלמון 150ג' -מלקפול,מלקפול,RU,נורווסקי סלמון 150 ג,גרמים,150.00,100 גרם,false,,13.90,9.2667,true,1,146853
5900857007793,false,גבינה רדמר סרנדה פרו,,,גבינה רדמר פרוס,Unknown,0.00,יחידה,false,,11.90,0.0000,true,1,198255
5900857007892,false,גבינה גאודה סרנדה פר,,,גבינה גאודה פרוס,Unknown,0.00,יחידה,false,,11.90,0.0000,true,1,198256
5901414200411,false,בלזן היט מיני ביסקוויט סנדוויץ' עם מילוי קרם בטעם שוקולד 130 גרם,ליימן שליסל,PL,היט מיניס קרם קקאו 1,גרמים,130.00,100 גרם,false,,7.00,5.3846,true,1,120994
5901832358060,false,מכסה פלסטיק קטן למיק,IRAK PLASTIC,,מכסה פלסטיק קטן למיק,Unknown,0.00,יחידה,false,,12.90,0.0000,true,1,199283
5901888020508,false,FREEYU חטיף דגנים עם קינואה בטעם צ'ילי 70 גרם,דנשר,PL,FREEYU חטיף דגנים עם,Unknown,0.00,יחידה,false,,12.90,0.0000,true,1,198582
5901888020546,false,FREEYU חטיף דגנים עם קינואה ומלח ים 70 גרם,דנשר,PL,FREEYU חטיף דגנים עם,Unknown,0.00,יחידה,false,,12.90,0.0000,true,1,198581
5902198160403,false,XL משקה אנרגיה מוגז ללא סוכר עד 10 קלוריות לפחית 250 מל,"טמפו משקאות בע""\מ",IL,"אקס אל ten 250 מ""ל",,250.00,100 מל,false,,5.00,0.0200,true,1,142355
5904941750312,false,"משקה אנרגיה BLU מוחיטו בודד 250 מ""ל",אקו - ביט,PL,בלו משקה אנרגיה מוחי,מיליליטרים,250.00,"100 מ""ל",false,,5.90,2.3600,true,1,115049
5904941751241,false,"משקה אנרגיה BLU דיי סיקס ללא סוכר 250 מ""ל",אקו - ביט,PL,בלו דיי סיקס משקה אנ,מיליליטרים,250.00,"100 מ""ל",false,,5.00,2.0000,true,1,163577
5904941751302,false,"משקה אנרגיה בלו 250 מ""ל- בודד",אקו - ביט,PL,בלו משקה אנרגיה 250,מיליליטרים,250.00,"100 מ""ל",false,,5.00,2.0000,true,1,115050
5904941751524,false,"משקה אנרגיה BLU DAY אבטיח בודד 250 מ""ל",אקו - ביט,PL,בלו משקה אנרגיה די א,מיליליטרים,250.00,"100 מ""ל",false,,5.90,2.3600,true,1,115052
5904941751920,false,"משקה אנרגיה BLU day רגיל 250 מ""ל",אקו - ביט,PL,בלו משקה אנרגיה דיי,מיליליטרים,250.00,"100 מ""ל",false,,5.90,2.3600,true,1,115056
5904941751975,false,"בלו משקה אנרגיה דיי ענבים 250 מ""ל",אקו - ביט,PL,בלו משקה אנרגיה ענבי,מיליליטרים,250.00,"100 מ""ל",false,,5.00,2.0000,true,1,168432
5906485301012,false,"משקה אנרגיה XL פחית 250 מ""ל","טמפו משקאות בע""מ",IL,אקס אל משקה אנרגיה 2,,250.00,100 מל,false,,5.00,0.0200,true,1,142356
5948559002753,false,5 מטליות ניקוי בעלות ספיגה מקסימלית,3m,IT,מטליות ניקוי ספיגה א,Unknown,0.00,יחידה,false,,17.90,0.0000,true,1,131528
5997321701806,false,אבקה למניעת אבנית במכונת כביסה 2 ב-1,רקיט בנקיזר פולין,PL,קלגון אבקה למניעת אב,גרמים,1000.00,100 גרם,false,,29.90,2.9900,true,1,134090
5997321770307,false,ויט רצועות שעווה מוכנות לעור רגיש 12 יחידות,רקיט בנקיזר צרפת,FR,ויט רצועות שעווה לעו,,12.00,יחידו,false,,24.90,2.0750,true,1,134091
5999076223596,false,חטיף חלבון זירו בר שוקולד קפוצינו 50 גר,,,ZERO BAR חטיף - קפוצ,Unknown,0.00,יחידה,false,,14.90,0.0000,true,1,192611
5999076223602,false,חטיף חלבון זירו בר שוקולד עוגיות 50 גרם,,,ZERO BAR חטיף - שוקו,Unknown,0.00,יחידה,false,,14.90,0.0000,true,1,192612
5999076223664,false,חטיף חלבון זירו בר דאבל שוקולד 50 גרם,,,ZERO BAR חטיף - דאבל,Unknown,0.00,יחידה,false,,14.90,0.0000,true,1,192614
5999076232437,false,אומגה 3 MEGA OMEGA 1,,,אומגה 3 MEGA OMEGA 1,Unknown,0.00,יחידה,false,,109.90,0.0000,true,1,192625
6001067017332,false,קולגייט מברשת שיניים מדיום 360 אופטיק ווייט,קולגייט-פלמוליב,CN,קולגייט מברשת 360 או,Unknown,0.00,יחידה,false,,16.90,0.0000,true,1,197509
6001067017523,false,מברשת שיניים קולגייט לילדים מגיל חמש 1 יחידה,יבואן ומשווק: ש. שסט,CN,קולגייט מברשת ילדים,Unknown,1.00,יחידה,false,,13.90,13.9000,true,1,128103
6003105002645,false,רוטב לסלט עם דבש וחר,INA PAARMANS,ZA,רוטב לסלט עם דבש וחר,Unknown,0.00,יחידה,false,,22.90,0.0000,true,1,175487
6003105003178,false,"ציר עוף מרוכז 200 מ""ל אינה פארמנס",INA PAARMANS,ZA,"ציר עוף מרוכז 200 מ""",מיליליטרים,200.00,"100 מ""ל",false,,29.90,14.9500,true,1,175455
6003105003185,false,"ציר בקר מרוכז 200 מ""ל אינה פארמנס",INA PAARMANS,ZA,"ציר בקר מרוכז 200 מ""",מיליליטרים,200.00,"100 מ""ל",false,,29.90,14.9500,true,1,175445
6003105003260,false,"ציר ירקות מרוכז 200 מ""ל אינה פארמנס",INA PAARMANS,ZA,ציר ירקות מרוכז 200,מיליליטרים,200.00,"100 מ""ל",false,,29.90,14.9500,true,1,175447
6003770002674,false,רוטב ננדוס אקס אקס ח,NANDOS,ZA,רוטב פרי פרי חריף 25,גרמים,250.00,100 גרם,false,,22.90,9.1600,true,1,175692
6006507005771,false,תערובת קארי מדרס כאפ,cape herb and spices,ZA,קארי מדרס 100 גרם CA,Unknown,0.00,יחידה,false,,21.90,0.0000,true,1,175099
6086143288646,false,ערכת לניקוי ספות,,,ערכת לניקוי ספות,Unknown,0.00,יחידה,false,,49.90,0.0000,true,1,190678
6102017501939,false,מצת להבה לגז brico {במעמד},,CN,מצית לגז ארוך קבוע,Unknown,0.00,יחידה,false,,9.90,0.0000,true,1,171770
6111094001966,false,תומר קוסקוס דארי עבה,,MA,תומר קוסקוס דארי עבה,גרמים,1000.00,100 גרם,false,,19.90,1.9900,true,1,205022
6118000061090,false,סרדינים מרוקאים בשמן סויה-טנגיר,דין שיווק,,סרדינים מרוקאים בשמן,גרמים,125.00,100 גרם,false,,4.90,3.9200,true,1,134313
6118000240501,false,סרדינים מרוקאים בשמן סויה פלפל חריף 125 גר,דין שיווק,,סרדינים מרוקאים בשמן,גרמים,125.00,100 גרם,false,,4.90,3.9200,true,1,134314
6221208018367,false,סט 6 מאגים גדיל,,,סט 6 מאגים גדיל,Unknown,0.00,יחידה,false,,29.90,0.0000,true,1,201158
6223004853142,false,סט 6 כסות,,,סט 6 כסות,Unknown,0.00,יחידה,false,,26.90,0.0000,true,1,186330
6224000246075,false,סיר חשמלי,,,סיר חשמלי,Unknown,0.00,יחידה,false,,79.90,0.0000,true,1,186337
6224000246389,false,סיר חשמאלי,,,סיר חשמאלי,Unknown,0.00,יחידה,false,,79.90,0.0000,true,1,186339
6224000246419,false,סיר קובני,,,סיר קובני,Unknown,0.00,יחידה,false,,14.90,0.0000,true,1,186341
6224000246525,false,סיר קובני,,,סיר קובני,Unknown,0.00,יחידה,false,,29.09,0.0000,true,1,186347
6224000246549,false,סיר קובני,,,סיר קובני,Unknown,0.00,יחידה,false,,34.90,0.0000,true,1,186349
6224000246556,false,סיר חשמלי,,,סיר חשמלי,Unknown,0.00,יחידה,false,,79.90,0.0000,true,1,201732
6235603503922,false,בובת כלה ורודה,,,בובת כלה ורודה,Unknown,0.00,יחידה,false,,29.90,0.0000,true,1,194508
6235603507890,false,סט פיצה,,,סט פיצה,Unknown,0.00,יחידה,false,,39.90,0.0000,true,1,194511
6235605240764,false,מטוס שלט,,,מטוס שלט,Unknown,0.00,יחידה,false,,39.90,0.0000,true,1,194524
6235605580129,false,ראש בובה אביזרים,,,ראש בובה אביזרים,Unknown,0.00,יחידה,false,,69.90,0.0000,true,1,194537
6251580008137,false,בשר אקסטרא 340 גרם,,,בשר אקסטרא 340 גרם,גרמים,340.00,100 גרם,false,,14.90,4.3824,true,1,202060
6253503249863,false,"אורז בסמתי 4 ק""ג",,,"אורז בסמתי 4 ק""ג",פריט,4.00,"ק""ג",false,,39.90,9.9750,true,1,187269
6253503961239,false,פול לזיזה 400 גרם,,,פול לזיזה 400 גרם,גרמים,400.00,100 גרם,false,,4.90,1.2250,true,1,204412
6253503961901,false,זנג'ביל בדבש לזיזה 9,,,זנג'ביל בדבש לזיזה 9,Unknown,0.00,יחידה,false,,14.90,0.0000,true,1,192221
6253503963318,false,טורטיה לזיזה 540 גרם,,,טורטיה לזיזה 540 גרם,גרמים,540.00,100 גרם,false,,11.90,2.2037,true,1,192236
6253503963325,false,טורטיה לזיזה 390 גרם,,,טורטיה לזיזה 390 גרם,גרמים,390.00,100 גרם,false,,9.90,2.5385,true,1,192237
6253503963578,false,תרכיז רימונים לזיזה,,,תרכיז רימונים לזיזה,מיליליטרים,250.00,"100 מ""ל",false,,14.90,5.9600,true,1,204413
6253503965039,false,חומוס לזיזה 400 גרם,,,חומוס לזיזה 400 גרם,גרמים,400.00,100 גרם,false,,4.90,1.2250,true,1,204414
6281001510390,false,מברשת שיניים לילדים אקסטרא סופט לגילאי 0-2,קולגייט-פלמוליב,CN,קולגייט מברשת הראשונ,Unknown,1.00,יחידה,false,,13.90,13.9000,true,1,128108
6290050603908,false,קרם גבינה לזיזה 150,,,קרם גבינה לזיזה 150,גרמים,150.00,100 גרם,false,,4.90,3.2667,true,1,192219
6290050603915,false,חלב מרוכז לזיזה 390,,,חלב מרוכז לזיזה 390,גרמים,390.00,100 גרם,false,,9.90,2.5385,true,1,192210
6297000361154,false,סילאן תמרים אורגני 470 גרם - טעם 88,,,סילאן אורגני 470 גרם,גרמים,470.00,100 גרם,false,,14.90,3.1702,true,1,182977
6297000361314,false,מלית תמרים טבעית 1 ק,,,מלית תמרים טבעית 1 ק,פריט,1.00,"ק""ג",false,,19.90,19.9000,true,1,142798
6521987897765,false,טחינה אלסולטאן 930 ג,,,טחינה אלסולטאן 930 ג,גרמים,930.00,100 גרם,false,,24.90,2.6774,true,1,180639
6900000060025,false,שיפודים,,,שיפודים,Unknown,0.00,יחידה,false,,12.90,0.0000,true,1,166522
6910191800287,false,אצות נורי בלו 10 דף (ננגטונג),ננטונג היידה אקווטוק,CN,אצות נורי בלו 10 דף,גרמים,225.00,100 גרם,false,,12.90,5.7333,true,1,133243
6920354822193,false,משחת שיניים נטורל הדרים אקליפטוס קולגייט 90 ג',קולגייט פלמוליב,PL,קולגיט נטרול משחת שי,Unknown,0.00,יחידה,false,,29.90,0.0000,true,1,183391
6920354822223,false,משחת שיניים נטורל גינגר קוקוס קולגייט 90 ג',קולגייט פלמוליב,PL,קולגיט נטרול משחת שי,Unknown,0.00,יחידה,false,,29.90,0.0000,true,1,183392
6920354824395,false,"קולגייט נטורל משחת שיניים חמוציות פחם 71 מ""ל",קולגייט פלמוליב,PL,קולגיט נטרול משחת שי,Unknown,0.00,יחידה,false,,29.90,0.0000,true,1,183393
6921052701001,false,אצות וואקמה 40 גרם (רונגצ'אנג)(כ),ננטונג הידה אקוטיק פ,CN,אצות וואקמה רונג 40,Unknown,0.00,יחידה,false,,9.40,0.0000,true,1,133245
6922276100083,false,מחית וואסבי -חזרת 43 גרם (דליאן),דליאן ג'ינדה קונדימנ,CN,מזרח ומערב יבוא דליא,Unknown,0.00,יחידה,false,,8.90,0.0000,true,1,133248
6924392038981,false,ברגנר מברשת מריחה שק,,,ברגנר מברשת מריחה שק,Unknown,0.00,יחידה,false,,7.90,0.0000,true,1,133459
6931923200496,false,רשת למנגל,,,רשת למנגל,Unknown,0.00,יחידה,false,,16.90,0.0000,true,1,187011
6933960500089,false,קנפיו רצועות דלעת כבושות 100 גרם (קווינגזאו),מזרח ומערב,CN,קנפיון רצועות דלעת כ,גרמים,100.00,100 גרם,false,,12.90,12.9000,true,1,133250
6934153100338,false,"ערמונים אלטאי 1 ק""ג",,,"ערמונים אלטאי 1 ק""ג",גרמים,1000.00,100 גרם,false,,34.90,3.4900,true,1,204865
6934731200078,false,אטריות טריות דקות מזרח מערב 200 גרם,יאנטאי ינסידה לנוגקא,CN,אטריות טריות דקות 20,גרמים,200.00,100 גרם,false,,6.90,3.4500,true,1,190493
6934731210138,false,אטריות טריות עבות מזרח מערב 200 גרם,יאנטאי ינסידה לנוגקא,CN,אטריות טריות עבות 20,גרמים,200.00,100 גרם,false,,6.90,3.4500,true,1,113902
6935166958138,false,רשת צליה-בינוני,,,רשת צליה-בינוני,Unknown,0.00,יחידה,false,,24.90,0.0000,true,1,152712
6935673035612,false,כפפות אלוורה להקלה על עור יבש - קטן S,מ.א ייצור ושיווק מטל,CN,כפפות אלוורה S,Unknown,0.00,יחידה,false,,7.90,0.0000,true,1,144987
6935673035629,false,כפפות אלוורה להקלה על עור יבש - בינוני M,מ.א ייצור ושיווק מטל,CN,כפפות אלוורה M,Unknown,0.00,יחידה,false,,7.90,0.0000,true,1,144988
6935673035636,false,כפפות אלוורה להקלה על עור יבש - גדול L,מ.א ייצור ושיווק מטל,CN,כפפות אלוורה L,Unknown,0.00,יחידה,false,,7.90,0.0000,true,1,144989
6935673035643,false,כפפות אלוורה להקלה על עור יבש - גדול מאוד XL,מ.א ייצור ושיווק מטל,CN,כפפות אלוורה XL,Unknown,0.00,יחידה,false,,7.90,0.0000,true,1,144990
6936130407270,false,סט 6 כפות -יעל,,,סט 6 כפות -יעל,Unknown,0.00,יחידה,false,,10.00,0.0000,true,1,111719
6936130407331,false,סט 6 כפיות -יעל,,,סט 6 כפיות -יעל,Unknown,0.00,יחידה,false,,10.00,0.0000,true,1,111721
6936745600462,false,רוטב מירין לתיבול מז,דאנינג יוה פודס קו,CN,מזרח ומערב יבוא דאני,מיליליטרים,500.00,"100 מ""ל",false,,21.90,4.3800,true,1,133252
6937266700761,false,שיק אינטואישן סנסיטיב נשים מכשיר+2 סכיני,קולגייט פלמוליב,CN,שיק אינטואישן סנסטיב,Unknown,0.00,יחידה,false,,29.90,0.0000,true,1,128109
6937266703458,false,שיק היידרו סילק מכשיר+2 סכינים לנשים,שסטוביץ,CN,שיק היידרו סילק נשים,Unknown,0.00,יחידה,false,,39.90,0.0000,true,1,128115
6937893229826,false,סכין שף 8 ARCOPLAST(,,,סכין שף 8 ARCOPLAST(,Unknown,0.00,יחידה,false,,19.90,0.0000,true,1,191931
6940152200627,false,סוכר קנדל 100 גרם,,,סוכר קנדל 100 גרם,Unknown,0.00,יחידה,false,,4.90,0.0000,true,1,199194
6941156100166,false,מחית סויה אדומה - אקא מיסו 500 גר '(דליאן),מזרח ומערב,CN,מז ומע יבוא דליאן מח,גרמים,500.00,100 גרם,false,,14.90,2.9800,true,1,133254
6942709156005,false,כבל הטענה טייפ סי 1,,,כבל הטענה טייפ סי 1,Unknown,0.00,יחידה,false,,10.00,0.0000,true,1,185277
6943476411656,false,מגב תחנות דלק,,,מגב תחנות דלק,Unknown,0.00,יחידה,false,,12.90,0.0000,true,1,144991
6944683366159,false,ערמונים קלופים קלויים100,צ'נגדה שנליפוד,CN,ערמונים קלויים קלופי,Unknown,0.00,יחידה,false,,5.90,0.0000,true,1,114350
6947854010318,false,רשת קאבב בונני,,,רשת קאבב בונני,Unknown,0.00,יחידה,false,,16.90,0.0000,true,1,201173
6951097100262,false,מאפרת זכוכית פאלאס ב,,,מאפרת זכוכית פאלאס ב,Unknown,0.00,יחידה,false,,18.90,0.0000,true,1,168994
6951097100521,false,כוס מרובעת גבוהה בלי,,,כוס מרובעת גבוהה בלי,Unknown,0.00,יחידה,false,,5.90,0.0000,true,1,174852
6951097101078,false,כוס זכוכית BLINKMAX,,,כוס זכוכית BLINKMAX,Unknown,0.00,יחידה,false,,5.90,0.0000,true,1,191934
6951097101566,false,שישיית מאג אתניק בלי,,,שישיית מאג אתניק בלי,Unknown,0.00,יחידה,false,,16.90,0.0000,true,1,191907
6951097115396,false,מאפרה באבל עגול 13,,,מאפרה באבל עגול 13,Unknown,0.00,יחידה,false,,10.00,0.0000,true,1,169005
6953937155517,false,מלכודת עכברים דבק חז,,,מלכודת עכברים דבק חז,Unknown,0.00,יחידה,false,,6.90,0.0000,true,1,204348
6959375198871,false,תרסיס סקאי לרכב 004 FLAMINGO MIX,,,FLAMINGO תרסיס סקאי,Unknown,0.00,יחידה,false,,10.00,0.0000,true,1,130749
6959375199342,false,FLAMINGO - קצף מנקה,,,FLAMINGO - קצף מנקה,Unknown,0.00,יחידה,false,,18.90,0.0000,true,1,130750
6975490272975,false,קופה רושמת קניה חכמה,,,קופה רושמת קניה חכמה,Unknown,0.00,יחידה,false,,69.90,0.0000,true,1,194555
6976221325410,false,קומקום נירוסטה 1 לי,,,קומקום נירוסטה 1 לי,Unknown,0.00,יחידה,false,,44.90,0.0000,true,1,201189
6984612034964,false,פנגאן נירוסטה 14,,,פנגאן נירוסטה 14,Unknown,0.00,יחידה,false,,34.90,0.0000,true,1,201193
7038516140418,false,ג'ורדן מברשת שיניים טוטאל קלין מדיום רביעייה,ג'ורדן Jordan,MY,גורדן מברשת טוטאל קל,Unknown,4.00,יחידה,false,,19.90,4.9750,true,1,109617
7038516550309,false,גורדן מברשת שיניים אינדיבידואל סופט ראש,ג'ורדן Jordan,MY,גורדן מברשת שיניים א,Unknown,1.00,יחידה,false,,20.00,20.0000,true,1,200630
7120210108884,false,עששית סט 2 חלקים,,,עששית סט 2 חלקים,Unknown,0.00,יחידה,false,,159.90,0.0000,true,1,180124
7200000000526,false,כדורי פלסטיק לקישוט,,,כדורי פלסטיק לקישוט,Unknown,0.00,יחידה,false,,29.90,0.0000,true,1,188502
7209000683043,false,"לפת צנצנת 1 ק""ג סלומה",,,"לפת צנצנת 1 ק""ג",פריט,1.00,"ק""ג",false,,19.90,19.9000,true,1,146110
7209000683067,false,"חצילים צנצנת 1 ק""ג סלומה",,,חציל חמוץ בצנצנת,Unknown,0.00,יחידה,false,,29.90,0.0000,true,1,146112
7209000683074,false,"זיתים צנצנת 1 ק""ג סלומה",,,זיתים חמוצים בצנצנת,Unknown,0.00,יחידה,false,,29.90,0.0000,true,1,146113
7209000683081,false,"מלפפון צנצנת קטן 1 ק""ג סלומה",,,"מלפפונים צנצנת 1 ק""ג",פריט,1.00,"ק""ג",false,,29.90,29.9000,true,1,146114
7209000689038,false,"פקליס צנצנת 1 ק""ג סלומה",,,"פיקליס צנצנת 1 ק""ג",פריט,1.00,"ק""ג",false,,19.90,19.9000,true,1,146115
7271730901261,false,ווקי מאק ארוחת אטריות עם גבינה 156 גרם,ניו וורלד פסטה קומפנ,US,ווקי מק ארוחת פסטה 1,גרמים,156.00,100 גרם,false,,10.90,6.9872,true,1,156018
7280138803916,false,רשת מנגל,,,רשת מנגל,Unknown,0.00,יחידה,false,,24.90,0.0000,true,1,165918
7280138803978,false,סכין 002,,,סכין 002,Unknown,0.00,יחידה,false,,69.90,0.0000,true,1,180127
7290000000001,false,עגבניות,,,לימון,קילוגרמים,1.00,"ק""ג",true,,7.90,7.9000,true,1,138290
7290000000002,false,לחם אחיד כהה 750 גרם,אנג'ל,IL,תפוזים,קילוגרמים,1.00,"ק""ג",true,,5.90,5.9000,true,1,138291
7290000000003,false,כוסות מתכלות בתי קפה,,,"תפו""א לבן ארוז",קילוגרמים,1.00,"ק""ג",true,,2.90,2.9000,true,1,138292
7290000000004,false,לחמניית אצבע עם נקני,,,בצל יבש,קילוגרמים,1.00,"ק""ג",true,,2.90,2.9000,true,1,138293
7290000000005,false,חלה רגילה 500 גרם.,,IL,עגבניה,קילוגרמים,1.00,"ק""ג",true,,4.90,4.9000,true,1,138294
7290000000006,false,פלפל ירוק,,,כרובית,קילוגרמים,1.00,"ק""ג",true,,9.90,9.9000,true,1,138295
7290000000007,false,פלפל אדום,,,כרוב לבן,קילוגרמים,1.00,"ק""ג",true,,2.90,2.9000,true,1,138296
7290000000008,false,כרוב אדום,,,כרוב אדום,קילוגרמים,1.00,"ק""ג",true,,2.90,2.9000,true,1,138297
7290000000009,false,כרוב ירוק,,,בצל ירוק,Unknown,0.00,יחידה,false,,4.90,0.0000,true,1,138298
7290000000010,false,שום ארוז,,,שום ארוז,Unknown,0.00,יחידה,false,,7.90,0.0000,true,1,138299
7290000000011,false,פלפל חריף,,,פלפל חריף,קילוגרמים,1.00,"ק""ג",true,,8.90,8.9000,true,1,138300
7290000000012,false,פלפל אדום,,,פלפל אדום,קילוגרמים,1.00,"ק""ג",true,,6.90,6.9000,true,1,138301
7290000000013,false,פלפל ירוק,,,פלפל ירוק,קילוגרמים,1.00,"ק""ג",true,,7.90,7.9000,true,1,138302
7290000000014,false,שעועית ירוקה,,,עגבניות שרי,קילוגרמים,1.00,"ק""ג",true,,17.90,17.9000,true,1,138303
7290000000015,false,עיתון ידיעות שבת,,,מלפפון,קילוגרמים,1.00,"ק""ג",true,,3.90,3.9000,true,1,138304
7290000000016,false,תפוחי אדמה לבן,,,חסה,Unknown,0.00,יחידה,false,,4.90,0.0000,true,1,138305
7290000000018,false,שום יבש תפזורת,ירק הגליל,,מלון,קילוגרמים,1.00,"ק""ג",true,,7.90,7.9000,true,1,138307
7290000000019,false,חציל חממה,ריץ',,חציל חממה,קילוגרמים,1.00,"ק""ג",true,,5.90,5.9000,true,1,138308
7290000000020,false,חסה מהדרין,,,מנדרינה,קילוגרמים,1.00,"ק""ג",true,,5.90,5.9000,true,1,138309
7290000000021,false,פטרוזיליה,,,פטרוזיליה,Unknown,0.00,יחידה,false,,3.90,0.0000,true,1,138310
7290000000022,false,סלרי עלים,,,שמיר,Unknown,0.00,יחידה,false,,3.90,0.0000,true,1,138311
7290000000023,false,כוסברה יח',,,כוסברה יח',Unknown,0.00,יחידה,false,,3.90,0.0000,true,1,138312
7290000000024,false,תירס מקולף,,,גזר ארוז,קילוגרמים,1.00,"ק""ג",true,,2.90,2.9000,true,1,138313
7290000000025,false,ענב שחור עם גרעינים,,,ענב שחור עם גרעינים,קילוגרמים,1.00,"ק""ג",true,,29.90,29.9000,true,1,138314
7290000000026,false,החזר פיקדון של מיחזור בקבוקים,,,חסה עגולה,Unknown,0.00,יחידה,false,,3.90,0.0000,true,1,138315
7290000000027,false,פומלה,,,פומלה,קילוגרמים,1.00,"ק""ג",true,,9.90,9.9000,true,1,138316
7290000000028,false,אשכולית לבנה,,,אשכולית לבנה,קילוגרמים,1.00,"ק""ג",true,,6.90,6.9000,true,1,138317
7290000000029,false,ענבים שחורים גדו,,,אשכולית אדומה,קילוגרמים,1.00,"ק""ג",true,,5.90,5.9000,true,1,138318
7290000000030,false,תפוח גרנד,,,תפוח גרנד,קילוגרמים,1.00,"ק""ג",true,,9.90,9.9000,true,1,138319
7290000000031,false,תפוח זהוב,,,תפוח זהוב,קילוגרמים,1.00,"ק""ג",true,,9.90,9.9000,true,1,138320
7290000000032,false,בטטה ירושלמית,,,תפוח יונתן,קילוגרמים,1.00,"ק""ג",true,,9.90,9.9000,true,1,138321
7290000000033,false,תפוח אדמה גורמה,,,תפוח חרמון,קילוגרמים,1.00,"ק""ג",true,,9.90,9.9000,true,1,138322
7290000000034,false,בטטה,,,בטטה,קילוגרמים,1.00,"ק""ג",true,,9.90,9.9000,true,1,138323
7290000000035,false,תוספת שתיה בקירור,,,צנון בלדי,קילוגרמים,1.00,"ק""ג",true,,5.90,5.9000,true,1,138324
7290000000036,false,כרוב סיני,,,בננה,קילוגרמים,1.00,"ק""ג",true,,6.90,6.9000,true,1,138325
7290000000038,false,ברוקולי מגש,,,קיווי,קילוגרמים,1.00,"ק""ג",true,,12.90,12.9000,true,1,138327
7290000000039,false,שתיה קרה 1.5 ליטר,,,אגס,קילוגרמים,1.00,"ק""ג",true,,9.90,9.9000,true,1,138328
7290000000040,false,לפת,,,לפת,קילוגרמים,1.00,"ק""ג",true,,4.90,4.9000,true,1,138329
7290000000041,false,סלק אדום,,,סלק אדום,קילוגרמים,1.00,"ק""ג",true,,4.90,4.9000,true,1,138330
7290000000042,false,קישואים חממה,,,קישואים חממה,קילוגרמים,1.00,"ק""ג",true,,9.90,9.9000,true,1,138331
7290000000043,false,ערמונים,,,ערמונים,קילוגרמים,1.00,"ק""ג",true,,30.00,30.0000,true,1,114344
7290000000044,false,פטרוזיליה קצוצה,,,פטרוזיליה קצוצה,Unknown,0.00,יחידה,false,,9.90,0.0000,true,1,138332
7290000000045,false,תפוח אדמה אדום,,,אבוקדו,קילוגרמים,1.00,"ק""ג",true,,13.90,13.9000,true,1,138333
7290000000046,false,גזר בתפזורת,,,תירס עלים,קילוגרמים,1.00,"ק""ג",true,,6.90,6.9000,true,1,138334
7290000000047,false,חבילת נענע טריה,,,צנון,קילוגרמים,1.00,"ק""ג",true,,8.90,8.9000,true,1,138335
7290000000048,false,נענע,,,נענע,Unknown,0.00,יחידה,false,,3.90,0.0000,true,1,138336
7290000000049,false,כרישה (לוף פראסה),,,שומר,קילוגרמים,1.00,"ק""ג",true,,8.90,8.9000,true,1,138337
7290000000050,false,שרי תמר,,,שרי תמר,קילוגרמים,1.00,"ק""ג",true,,19.90,19.9000,true,1,138338
7290000000051,false,פלפל צהוב,,,פלפל בהיר,קילוגרמים,1.00,"ק""ג",true,,3.90,3.9000,true,1,138339
7290000000054,false,פלפל כתום,,,דלעת,קילוגרמים,1.00,"ק""ג",true,,15.90,15.9000,true,1,138342
7290000000055,false,סלק עלים,,,תות שדה,Unknown,0.00,יחידה,false,,25.00,0.0000,true,1,138343
7290000000056,false,משלוח בתוך העיר,,,ארטישוק,קילוגרמים,1.00,"ק""ג",true,,14.90,14.9000,true,1,138344
7290000000057,false,פלפל צהוב,,,פלפל צהוב,קילוגרמים,1.00,"ק""ג",true,,8.90,8.9000,true,1,138345
7290000000062,false,"תפו""א אדום ארוז",,,"תפו""א אדום ארוז",קילוגרמים,1.00,"ק""ג",true,,3.90,3.9000,true,1,138350
7290000000063,false,קלמנטינה,,,קלמנטינה,קילוגרמים,1.00,"ק""ג",true,,5.90,5.9000,true,1,138351
7290000000065,false,אשכולית אדומה,,,נקטרינה,קילוגרמים,1.00,"ק""ג",true,,12.90,12.9000,true,1,138353
7290000000066,false,ענב לבן,,,ענב לבן,קילוגרמים,1.00,"ק""ג",true,,24.90,24.9000,true,1,138354
7290000000069,false,ענבים ירוקים,,,שזיף אדום,קילוגרמים,1.00,"ק""ג",true,,19.90,19.9000,true,1,138357
7290000000070,false,פלפל שושקה ירוק/ אדו,,,ענב שחור,קילוגרמים,1.00,"ק""ג",true,,29.90,29.9000,true,1,138358
7290000000071,false,אבטיח,,,מנגו,קילוגרמים,1.00,"ק""ג",true,,14.90,14.9000,true,1,138359
7290000000077,false,משלוח הסתדרות-שליח פ,,,תמר צהוב,קילוגרמים,1.00,"ק""ג",true,,9.90,9.9000,true,1,138365
7290000000078,false,קולורבי,,,קולורבי,קילוגרמים,1.00,"ק""ג",true,,6.90,6.9000,true,1,138366
7290000000079,false,מים 1.5 ליטר קר,,,דלורית,קילוגרמים,1.00,"ק""ג",true,,7.90,7.9000,true,1,138367
7290000000080,false,טרגון ארוז,ביכורי שדה דרום 2002,,רימונים,קילוגרמים,1.00,"ק""ג",true,,11.90,11.9000,true,1,138368
7290000000082,false,ברוקולי ארוז,,,ברוקולי ארוז,Unknown,0.00,יחידה,false,,9.90,0.0000,true,1,138370
7290000000085,false,ענבי טלי,,,ענבי טלי,קילוגרמים,1.00,"ק""ג",true,,24.90,24.9000,true,1,138373
7290000000086,false,תירס ארוז,,,תירס ארוז,קילוגרמים,1.00,"ק""ג",true,,9.90,9.9000,true,1,138374
7290000000088,false,תפוזים,,,אננס,קילוגרמים,1.00,"ק""ג",true,,34.90,34.9000,true,1,138376
7290000000093,false,ענבים שחורים קטן,,,קרע בלדי,קילוגרמים,1.00,"ק""ג",true,,15.90,15.9000,true,1,138381
7290000000094,false,תפוח גאלה,,,תפוח גאלה,קילוגרמים,1.00,"ק""ג",true,,9.90,9.9000,true,1,138382
7290000000095,false,מלפפון בייבי,,,מלפפון בייבי,Unknown,0.00,יחידה,false,,9.90,0.0000,true,1,138383
7290000000100,false,אבוקדו האס,,,אבוקדו האס,קילוגרמים,1.00,"ק""ג",true,,12.90,12.9000,true,1,138388
7290000000103,false,חלה רגילה,ביכורי השקמה,,חלה רגילה,Unknown,0.00,יחידה,false,,6.26,0.0000,true,1,155670
7290000000116,false,תפוח עץ ירוק גרנד סמ,ביכורי השקמה,,פלפל שושקה,קילוגרמים,1.00,"ק""ג",true,,14.90,14.9000,true,1,138389
7290000000118,false,גזר תפזורת,ביכורי השקמה,,גזר תפזורת,קילוגרמים,1.00,"ק""ג",true,,2.90,2.9000,true,1,138390
7290000000134,false,פטריות יער,ביכורי השקמה,,פטריות יער,קילוגרמים,1.00,"ק""ג",true,,29.90,29.9000,true,1,138391
7290000000135,false,אפרסמון קרמבו,ביכורי השקמה,,אפרסמון קרמבו,קילוגרמים,1.00,"ק""ג",true,,19.90,19.9000,true,1,138392
7290000000143,false,תפוח אדמה כסביה,ביכורי השקמה,,זיתים ירוקים,קילוגרמים,1.00,"ק""ג",true,,12.00,12.0000,true,1,138393
7290000000148,false,תפוח ענה,,,תפוח ענה,קילוגרמים,1.00,"ק""ג",true,,6.90,6.9000,true,1,138396
7290000000150,false,קלמנטינה ברשת,ביכורי השקמה,,קלמנטינה ברשת,קילוגרמים,1.00,"ק""ג",true,,3.90,3.9000,true,1,202751
7290000000171,false,פטריות פורטבלו,ביכורי השקמה,,פטריות פורטבלו,קילוגרמים,1.00,"ק""ג",true,,34.90,34.9000,true,1,138403
7290000000172,false,קוקטייל צמחי בית קער,,,פלפל חריף אדום,קילוגרמים,1.00,"ק""ג",true,,9.90,9.9000,true,1,138404
7290000000174,false,ורבנה עציץ 12,אדמה,,פלפל כתום,קילוגרמים,1.00,"ק""ג",true,,8.90,8.9000,true,1,138406
7290000000194,false,"תפו""א לבן תפזורת",ביכורי השקמה,,"תפו""א לבן תפזורת",קילוגרמים,1.00,"ק""ג",true,,2.90,2.9000,true,1,138407
7290000000223,false,פסיפלורה,ביכורי השקמה,,פסיפלורה,Unknown,0.00,יחידה,false,,19.90,0.0000,true,1,138411
7290000000225,false,ג'ינג'ר תפזורת,חוות פטריות תקוע,,ביבי גרין,Unknown,0.00,יחידה,false,,9.90,0.0000,true,1,138412
7290000000227,false,תפוח ברשת,ישרקו שיווק מותגי מז,,תפוח ברשת,קילוגרמים,1.00,"ק""ג",true,,4.90,4.9000,true,1,138414
7290000000228,false,"תפו""א קטן לאפייה",ישרקו שיווק מותגי מז,,"תפו""א קטן לאפייה",קילוגרמים,1.00,"ק""ג",true,,2.90,2.9000,true,1,138415
7290000000229,false,בצל אדום יבש,ישרקו שיווק מותגי מז,,בצל אדום יבש,קילוגרמים,1.00,"ק""ג",true,,5.90,5.9000,true,1,138416
7290000000232,false,לימון סיני,ביכורי השקמה,,בצל לאש,קילוגרמים,1.00,"ק""ג",true,,7.90,7.9000,true,1,138418
7290000000233,false,פטריות שמפיניון,ישרקו שיווק מותגי מז,,פטריות שמפיניון,קילוגרמים,1.00,"ק""ג",true,,34.90,34.9000,true,1,138419
7290000000234,false,סלה ביתי/הונגרי,ישרקו שיווק מותגי מז,,חציל בלדי,קילוגרמים,1.00,"ק""ג",true,,8.90,8.9000,true,1,138420
7290000000235,false,מלפפון בלדי,,,מלפפון בלדי,קילוגרמים,1.00,"ק""ג",true,,12.90,12.9000,true,1,138421
7290000000236,false,ברוקולי מיני סגול מש,,,קישואים בלדי,קילוגרמים,1.00,"ק""ג",true,,11.90,11.9000,true,1,138422
7290000000238,false,רו סרוולט,ישרקו שיווק מותגי מז,,במיה,קילוגרמים,1.00,"ק""ג",true,,39.90,39.9000,true,1,138423
7290000000241,false,כרוב שטוח,,,כרוב שטוח,קילוגרמים,1.00,"ק""ג",true,,6.90,6.9000,true,1,138426
7290000000242,false,ראש קוקוס.,,,ראש קוקוס.,Unknown,1.00,יחידה,false,,7.90,7.9000,true,1,119298
7290000000244,false,חצילים בלדי,ביכורי השקמה,,פומלית,קילוגרמים,1.00,"ק""ג",true,,5.90,5.9000,true,1,138427
7290000000249,false,פטריות כללי (לבן),ישרקו שיווק מותגי מז,,עגבניות תמר,קילוגרמים,1.00,"ק""ג",true,,4.90,4.9000,true,1,138430
7290000000251,false,שינקן פולני חצי,ישרקו שיווק מותגי מז,,תפוז ברשת,קילוגרמים,1.00,"ק""ג",true,,3.90,3.9000,true,1,138432
7290000000253,false,שינקן צועני,ישרקו שיווק מותגי מז,,אפרסמון,קילוגרמים,1.00,"ק""ג",true,,15.90,15.9000,true,1,138434
7290000000262,false,דלעת ערמונים,,,דלעת ערמונים,קילוגרמים,1.00,"ק""ג",true,,17.90,17.9000,true,1,138439
7290000000304,false,"תפו""א אדום תפזורת",,,"תפו""א אדום תפזורת",קילוגרמים,1.00,"ק""ג",true,,4.90,4.9000,true,1,138455
7290000000307,false,קישואים זוקיני ירוק,ביכורי השקמה,,קישואים זוקיני ירוק,קילוגרמים,1.00,"ק""ג",true,,14.90,14.9000,true,1,138458
7290000000313,false,חבושים,,,חבושים,קילוגרמים,1.00,"ק""ג",true,,14.90,14.9000,true,1,138461
7290000000316,false,לחמניה גדולה,,,סלק עלים,Unknown,0.00,יחידה,false,,4.90,0.0000,true,1,138462
7290000000331,false,תפוח עץ נאשי,,,תפוח עץ נאשי,קילוגרמים,1.00,"ק""ג",true,,14.90,14.9000,true,1,138469
7290000000333,false,פקדון בקבוק 30 אגורו,ביכורי השקמה,,פקדון בקבוק 30 אגורו,Unknown,0.00,יחידה,false,,0.30,0.0000,true,1,112326
7290000000336,false,כרטיס כניסה לאיי ג'א,,,לימון סיני,קילוגרמים,1.00,"ק""ג",true,,7.90,7.9000,true,1,138471
7290000000370,false,דונאטס פרימיום,,,דונאטס פרימיום,Unknown,0.00,יחידה,false,,5.90,0.0000,true,1,168010
7290000000372,false,קאפקייקס,,,קאפקייקס,Unknown,0.00,יחידה,false,,6.00,0.0000,true,1,168012
7290000000390,false,מארז שוופס סודה 250,"ולדמן ביח""ר לנקניק ו",,קישואים עגול,קילוגרמים,1.00,"ק""ג",true,,8.90,8.9000,true,1,138477
7290000000401,false,תמרים מגהול כחול 5 ק,"ולדמן ביח""ר לנקניק ו",,תמרים מגהול כחול 5 ק,פריט,5.00,"ק""ג",false,,100.00,20.0000,true,1,172607
7290000000403,false,"תמרים מג""הול כתום 5","ולדמן ביח""ר לנקניק ו",,"תמרים מג""הול כתום 5",פריט,5.00,"ק""ג",false,,120.00,24.0000,true,1,190227
7290000000502,false,"תמרים מג""הול שחור 5ק",מעדני מניה תעשיות בש,,"תמרים מג""הול שחור 5ק",Unknown,0.00,יחידה,false,,250.00,0.0000,true,1,186249
7290000000606,false,תמרים פרימיום 3.5 ק,משתנה,IL,תמרים פרימיום 3.5 ק,Unknown,0.00,יחידה,false,,150.00,0.0000,true,1,202059
7290000000607,false,תמרים פרימיום 3.5 ק,,,תמרים פרימיום 3.5 ק,Unknown,0.00,יחידה,false,,150.00,0.0000,true,1,190315
7290000000623,false,סלמי גביאזי בקר פרוס,קרלברג ייצור ושיווק,IL,"תמרים מג""הול זהב 5 ק",פריט,5.00,"ק""ג",false,,200.00,40.0000,true,1,190230
7290000000657,false,הבטטה הסגולה,,,הבטטה הסגולה,קילוגרמים,1.00,"ק""ג",true,,9.90,9.9000,true,1,193233
7290000000794,false,סלרי אמריקאי קצוץ,Unknown,,סלרי עלים ארוז,Unknown,0.00,יחידה,false,,4.90,0.0000,true,1,138556
7290000000902,false,"תמר דקל נור 5 ק""ג",,,"תמר דקל נור 5 ק""ג",פריט,5.00,"ק""ג",false,,100.00,20.0000,true,1,185394
7290000000990,false,אגס יבוא,,,אגס יבוא,קילוגרמים,1.00,"ק""ג",true,,7.90,7.9000,true,1,138493
7290000000993,false,חצילון,,,חצילון,קילוגרמים,1.00,"ק""ג",true,,8.90,8.9000,true,1,138495
7290000001155,false,אבוקדו ברשת,,,אבוקדו ברשת,קילוגרמים,1.00,"ק""ג",true,,4.90,4.9000,true,1,138499
7290000001250,false,תפוח פינק לידי,,,תפוח פינק,קילוגרמים,1.00,"ק""ג",true,,12.90,12.9000,true,1,138505
7290000001274,false,שום תפזורת,,,שום תפזורת,קילוגרמים,1.00,"ק""ג",true,,18.90,18.9000,true,1,138507
7290000001306,false,ענב רד גלוב,,,ענב רד גלוב,קילוגרמים,1.00,"ק""ג",true,,23.90,23.9000,true,1,138511
7290000001728,false,דג דניס טרי שלם,,,דג דניס טרי שלם,קילוגרמים,1.00,"ק""ג",true,,64.90,64.9000,true,1,199356
7290000002126,false,טבורג קיבוצני,,,טבורג קיבוצני,קילוגרמים,1.00,"ק""ג",true,,35.00,35.0000,true,1,155846
7290000002505,false,יורוציז גאודה עיזים,,,יורוציז גאודה עיזים,קילוגרמים,1.00,"ק""ג",true,,129.00,129.0000,true,1,146780
7290000003094,false,שומרון ברינזה צאן,,,שומרון ברינזה צאן,קילוגרמים,1.00,"ק""ג",true,,80.00,80.0000,true,1,135111
7290000003117,false,שומרון בולגרית מעודנ,,,שומרון בולגרית מעודנ,קילוגרמים,1.00,"ק""ג",true,,55.00,55.0000,true,1,135112
7290000003148,false,שומרון צפתית רכה/עם,,,שומרון צפתית רכה/עם,קילוגרמים,1.00,"ק""ג",true,,59.00,59.0000,true,1,135113
7290000003193,false,שומרון בולגרית קלאסי,,,שומרון בולגרית קלאסי,קילוגרמים,1.00,"ק""ג",true,,60.00,60.0000,true,1,135114
7290000003467,false,אמנטלר,,,אמנטלר,קילוגרמים,1.00,"ק""ג",true,,75.00,75.0000,true,1,198218
7290000004177,false,יורוציז גבינה ברי צר,,,יורוציז גבינה ברי צר,קילוגרמים,1.00,"ק""ג",true,,110.00,110.0000,true,1,146781
7290000006160,false,ישרקו צדר לבן גרמני,,,ישרקו צדר לבן גרמני,קילוגרמים,1.00,"ק""ג",true,,95.00,95.0000,true,1,137009
7290000010001,false,"תפו""א אפייה",,,"תפו""א אפייה",Unknown,0.00,יחידה,false,,2.90,0.0000,true,1,120682
7290000010759,false,רחת חלבגי אקסטרא,,,רחת חלבגי אקסטרא,קילוגרמים,1.00,"ק""ג",true,,70.00,70.0000,true,1,137790
7290000012373,false,יורוציז גאודה פסטו י,,,יורוציז גאודה פסטו י,קילוגרמים,1.00,"ק""ג",true,,130.00,130.0000,true,1,146783
7290000012374,false,יורוציז גאודה פסטו א,,,יורוציז גאודה פסטו א,קילוגרמים,1.00,"ק""ג",true,,130.00,130.0000,true,1,146784
7290000012376,false,יורוציז גאודה עשבי ת,,,יורוציז גאודה עשבי ת,קילוגרמים,1.00,"ק""ג",true,,79.00,79.0000,true,1,146785
7290000012485,false,אריסה טוניסאית 500 ג,,,אריסה טוניסאית 500 ג,גרמים,500.00,100 גרם,false,,17.90,3.5800,true,1,114776
7290000012530,false,ישרקו גאודה עשבי תיב,,,ישרקו גאודה עשבי תיב,קילוגרמים,1.00,"ק""ג",true,,120.00,120.0000,true,1,137011
7290000012535,false,ישרקו גאודה אגוזים,,,ישרקו גאודה אגוזים,קילוגרמים,1.00,"ק""ג",true,,130.00,130.0000,true,1,137015
7290000013006,false,פסטרמה מקסיקנית זוגל,,,פסטרמה מקסיקנית זוגל,קילוגרמים,1.00,"ק""ג",true,,90.00,90.0000,true,1,146986
7290000013037,false,פסטרמה פרגיות על לבנ,,,פסטרמה פרגיות על לבנ,קילוגרמים,1.00,"ק""ג",true,,90.00,90.0000,true,1,146987
7290000013174,false,פסטרמה של פעם זוגלוב,,,פסטרמה של פעם זוגלוב,קילוגרמים,1.00,"ק""ג",true,,90.00,90.0000,true,1,146988
7290000013747,false,תה סלמי מפולפל זוגלו,,,תה סלמי מפולפל זוגלו,קילוגרמים,1.00,"ק""ג",true,,50.00,50.0000,true,1,146990
7290000013808,false,פסטרמה כרמל זוגלובק,,,פסטרמה כרמל זוגלובק,קילוגרמים,1.00,"ק""ג",true,,59.00,59.0000,true,1,162877
7290000013853,false,פסטרמה כרמל מפולפל ז,,,פסטרמה כרמל מפולפל ז,קילוגרמים,1.00,"ק""ג",true,,59.00,59.0000,true,1,162878
7290000014142,false,אריסה טוניסאית 200 ג,,,אריסה טוניסאית 200 ג,גרמים,200.00,100 גרם,false,,9.90,4.9500,true,1,114777
7290000015283,false,עוגת שמרים אגוזים,,,עוגת שמרים אגוזים,Unknown,0.00,יחידה,false,,21.90,0.0000,true,1,116208
7290000017495,false,ישרקו צדר עם ויסקי,,,ישרקו צדר עם ויסקי,קילוגרמים,1.00,"ק""ג",true,,140.00,140.0000,true,1,137021
7290000018103,false,פסטרמה ברביקיו יחיעם,,,פסטרמה ברביקיו יחיעם,קילוגרמים,1.00,"ק""ג",true,,79.00,79.0000,true,1,121766
7290000018165,false,פסטרמה אמיתית צלויה,,,פסטרמה אמיתית צלויה,קילוגרמים,1.00,"ק""ג",true,,85.00,85.0000,true,1,121767
7290000018349,false,מעדן הודו יחיעם,,,מעדן הודו יחיעם,קילוגרמים,1.00,"ק""ג",true,,85.00,85.0000,true,1,121769
7290000018363,false,פסטרמה ברביקיו לבגט,,,פסטרמה ברביקיו לבגט,קילוגרמים,1.00,"ק""ג",true,,85.00,85.0000,true,1,121770
7290000018493,false,כתף בקר מפולפל יחיעם,,,כתף בקר מפולפל יחיעם,קילוגרמים,1.00,"ק""ג",true,,120.00,120.0000,true,1,121772
7290000018530,false,רוסטביף צלי בקר יחיע,,,רוסטביף צלי בקר יחיע,קילוגרמים,1.00,"ק""ג",true,,155.00,155.0000,true,1,121773
7290000018806,false,סלמי סרוולד יחיעם,,,סלמי סרוולד יחיעם,קילוגרמים,1.00,"ק""ג",true,,160.00,160.0000,true,1,121774
7290000018837,false,קורנביף יחיעם,,,קורנביף יחיעם,קילוגרמים,1.00,"ק""ג",true,,120.00,120.0000,true,1,121775
7290000018882,false,מעושן איטלקי יחיעם,,,מעושן איטלקי יחיעם,קילוגרמים,1.00,"ק""ג",true,,80.00,80.0000,true,1,121778
7290000018899,false,סלמי פיין יחיעם,,,סלמי פיין יחיעם,קילוגרמים,1.00,"ק""ג",true,,55.00,55.0000,true,1,185519
7290000018929,false,סלמי צרפתי יחיעם,,,סלמי צרפתי יחיעם,קילוגרמים,1.00,"ק""ג",true,,160.00,160.0000,true,1,121780
7290000019049,false,פסטרמה מעודנת פפריקה,,,פסטרמה מעודנת פפריקה,קילוגרמים,1.00,"ק""ג",true,,59.00,59.0000,true,1,121781
7290000019339,false,סלמי פרח יחיעם,,,סלמי פרח יחיעם,קילוגרמים,1.00,"ק""ג",true,,100.00,100.0000,true,1,121783
7290000019704,false,כתף בקר מעושן יחיעם,,,כתף בקר מעושן יחיעם,קילוגרמים,1.00,"ק""ג",true,,120.00,120.0000,true,1,121784
7290000019728,false,איטלקי מפולפל יחיעם,,,איטלקי מפולפל יחיעם,קילוגרמים,1.00,"ק""ג",true,,89.00,89.0000,true,1,121785
7290000019759,false,סלמי תה יחיעם,,,סלמי תה יחיעם,קילוגרמים,1.00,"ק""ג",true,,55.00,55.0000,true,1,121786
7290000019971,false,צלעות בקר על האש יחי,,,צלעות בקר על האש יחי,קילוגרמים,1.00,"ק""ג",true,,140.00,140.0000,true,1,121788
7290000020311,false,גד קממבר צאן משולשים,,,גד קממבר צאן משולשים,קילוגרמים,1.00,"ק""ג",true,,145.00,145.0000,true,1,146564
7290000020980,false,"מוצרלה בייבי 2 ק""ג",,,"מוצרלה בייבי 2 ק""ג",קילוגרמים,1.00,"ק""ג",true,,60.00,60.0000,true,1,167470
7290000020997,false,"מוצרלה כדורים 2 ק""ג",,,"מוצרלה כדורים 2 ק""ג",קילוגרמים,1.00,"ק""ג",true,,60.00,60.0000,true,1,167471
7290000021023,false,פסטרמה של פעם יחיעם,,,פסטרמה של פעם יחיעם,קילוגרמים,1.00,"ק""ג",true,,85.00,85.0000,true,1,121789
7290000022231,false,שאריות פסטרמה,,,שאריות פסטרמה,קילוגרמים,1.00,"ק""ג",true,,20.00,20.0000,true,1,144469
7290000022415,false,קרם ציז,,,קרם ציז,קילוגרמים,1.00,"ק""ג",true,,69.00,69.0000,true,1,168393
7290000022607,false,עמק לייט חריץ במשקל,,,עמק לייט חריץ במשקל,קילוגרמים,1.00,"ק""ג",true,,85.00,85.0000,true,1,130096
7290000023007,false,"ברנדי שטוק 84 37 % 750 מ""ל","יקבי ברקן בע""ם",IL,ברנדי שטוק 84 750 מל,,750.00,100 מל,false,,79.90,0.1065,true,1,113321
7290000023083,false,ערק אשקלון בקבוק 700,"יקבי ברקן בע""\מ",IL,"ערק אשקלון 700 מ""ל",מיליליטרים,700.00,"100 מ""ל",false,,59.90,8.5571,true,1,113322
7290000023809,false,"יין קלאסיק קברנה סוביניון ברקן 750 מ""ל",יקבי ברקן שיווק והפצה בע,IL,ברקן קלאסיק קברנה סו,מיליליטרים,750.00,"100 מ""ל",false,,31.90,4.2533,true,1,113330
7290000023816,false,"יין קלאסיק אמרלד ריזלינג ברקן 750 מ""ל",יקבי ברקן שיווק והפצה בע,IL,ברקן קלאסיק אמרלד,,750.00,100 מל,false,,31.90,0.0425,true,1,113331
7290000023823,false,"יין קלאסיק סוביניון בלאן ברקן 750 מ""ל",יקבי ברקן שיווק והפצה בע,IL,ברקן קלאסיק סובינ,מיליליטרים,750.00,"100 מ""ל",false,,31.90,4.2533,true,1,113332
7290000023830,false,יין קלאסיק שיראז רוזה 750 מל,יקבי ברקן שיווק והפצה בע,IL,ברקן קלאסיק רוזה,מיליליטרים,750.00,"100 מ""ל",false,,31.90,4.2533,true,1,113333
7290000023977,false,"יין קלאסיק מרלו ברקן 750 מ""ל",יקבי ברקן שיווק והפצה בע,IL,ברקן קלאסיק מרלו 750,מיליליטרים,750.00,"100 מ""ל",false,,31.90,4.2533,true,1,113337
7290000024001,false,ישרקו ברי צרפתי,,,ישרקו ברי צרפתי,קילוגרמים,1.00,"ק""ג",true,,160.00,160.0000,true,1,137022
7290000024202,false,"יין רזרב קברנה סוביניון ברקן 750 מ""ל",ברקן שיווק והפצה בעמ,IL,ברקן רזרב קברנה סובי,,750.00,100 מל,false,,39.90,0.0532,true,1,113339
7290000024523,false,"תירוש של סגל ,מיץ ענבים , 1 ליטר",כרמי צבי - האחים סגל,IL,תירוש של סגל מיץ ענ,,1000.00,100 מל,false,,13.90,0.0139,true,1,111664
7290000024530,false,"יין אדום מתוק לקידוש סגל 750 מ""ל","כרמי צבי - אחים סגל בע""\",IL,של סגל יין אדום מתו,,750.00,100 מל,false,,15.00,0.0200,true,1,113344
7290000026650,false,צפתית פיראוס 5% במשק,,,גבינה צפתית 5% 1 200,קילוגרמים,1.00,"ק""ג",true,,65.00,65.0000,true,1,130099
7290000030024,false,תה מעושן רחב זוגלובק,,,תה מעושן רחב זוגלובק,קילוגרמים,1.00,"ק""ג",true,,50.00,50.0000,true,1,146995
7290000030048,false,סלמי פפרוני זוגלובק,,,סלמי פפרוני זוגלובק,קילוגרמים,1.00,"ק""ג",true,,55.00,55.0000,true,1,146997
7290000030062,false,מעושן איטלקי זוגלובק,,,מעושן איטלקי בלוק זו,קילוגרמים,1.00,"ק""ג",true,,85.00,85.0000,true,1,146998
7290000030260,false,מורטדלה רחב זוגלובק,,,מורטדלה רחב זוגלובק,קילוגרמים,1.00,"ק""ג",true,,45.00,45.0000,true,1,147001
7290000030369,false,גולן חזה מעושן עם עו,,,גולן חזה מעושן עם עו,קילוגרמים,1.00,"ק""ג",true,,90.00,90.0000,true,1,147003
7290000030444,false,כתף בקר מעושן זוגלוב,,,כתף בקר מעושן חצוי ז,קילוגרמים,1.00,"ק""ג",true,,120.00,120.0000,true,1,147004
7290000030871,false,פסטרמה חזה עוף מעושן,,,חזה עוף מעושן זוגלוב,קילוגרמים,1.00,"ק""ג",true,,90.00,90.0000,true,1,147005
7290000031069,false,ישרקו צדר לבן גרמני,,,ישרקו צדר לבן גרמני,קילוגרמים,1.00,"ק""ג",true,,95.00,95.0000,true,1,200333
7290000031070,false,ישרקו צדר אדום גרמני,,,ישרקו צדר אדום גרמני,קילוגרמים,1.00,"ק""ג",true,,95.00,95.0000,true,1,200334
7290000031267,false,גאודה גלגל,,,גאודה גלגל,קילוגרמים,1.00,"ק""ג",true,,80.00,80.0000,true,1,200332
7290000031410,false,פסטרמה בדבש טהור זוג,,,פסטרמה בדבש טהור זוג,קילוגרמים,1.00,"ק""ג",true,,90.00,90.0000,true,1,147006
7290000031599,false,שוקחה גבינה גאודה עג,,,שוקחה גבינה גאודה עג,קילוגרמים,1.00,"ק""ג",true,,75.00,75.0000,true,1,142735
7290000032207,false,פול מצרי 580 ג' פרי זה,,,A2 פול פרי זה 350 גר,גרמים,350.00,100 גרם,false,,6.90,1.9714,true,1,118475
7290000032400,false,פסטרמה ברביקיו זוגלו,,,פסטרמה ברביקיו זוגלו,קילוגרמים,1.00,"ק""ג",true,,90.00,90.0000,true,1,147007
7290000032474,false,אפונת גינה גדולה 550 ג' פרי זה,זנלכל,IL,אפונה גדולה א-,גרמים,550.00,100 גרם,false,,6.90,1.2545,true,1,118476
7290000032511,false,אפונה וגזר 550 ג' פרי זה,,,אפונה וגזר א-2.,Unknown,0.00,יחידה,false,,6.90,0.0000,true,1,118478
7290000032634,false,חומוס שלם 550 ג' פרי זה,זנלכל,IL,A2 חומוס שלם 600 גרם,גרמים,600.00,100 גרם,false,,6.90,1.1500,true,1,118479
7290000032665,false,רוטב עגבניות פריזה 28% בריקס מרוכז מאוד580 גר',זנלכל,,רסק עגבניות 28% 580,גרמים,580.00,100 גרם,false,,8.90,1.5345,true,1,118480
7290000032726,false,חריסה 570 ג' פרי זה,,,A2 חריסה,גרמים,550.00,100 גרם,false,,7.90,1.4364,true,1,118481
7290000032764,false,שעועית לבנה ברוטב עגבניות 580 ג' פרי זה,זנלכל,IL,A2 שעועית לבנה ברוטב,גרמים,580.00,100 גרם,false,,6.90,1.1897,true,1,118482
7290000032825,false,גרעיני תירס מתוק 550 ג' פרי זה,,IL,A2 גרעיני תירס מתוק,גרמים,550.00,100 גרם,false,,7.90,1.4364,true,1,119265
7290000033636,false,פסטרממיה צלויה על לב,,,פסטרמה צלויה על לבני,קילוגרמים,1.00,"ק""ג",true,,90.00,90.0000,true,1,147011
7290000033681,false,פסטרממיה מעושנת הבית,,,פסטרמה מעושנת הבית ז,קילוגרמים,1.00,"ק""ג",true,,90.00,90.0000,true,1,147012
7290000034718,false,תבור-חזה מעושן זוגלו,,,פסטרמה תבור זוגלובק,קילוגרמים,1.00,"ק""ג",true,,90.00,90.0000,true,1,147013
7290000034824,false,חרמון חזה מעושן זוגל,,,חרמון חזה מעושן זוגל,קילוגרמים,1.00,"ק""ג",true,,59.00,59.0000,true,1,147015
7290000035791,false,קורנדביף בסגנון ניו,,,קורנדביף בסגנון ניו,קילוגרמים,1.00,"ק""ג",true,,110.00,110.0000,true,1,147016
7290000036057,false,מרטדלה עם זיתים זוגל,,,מורטדלה עם זיתים זוג,קילוגרמים,1.00,"ק""ג",true,,45.00,45.0000,true,1,147017
7290000036156,false,רוסיסקי,,,רוסיסקי,קילוגרמים,1.00,"ק""ג",true,,69.00,69.0000,true,1,156121
7290000037466,false,יורוציז גאודה כמון פ,,,יורוציז גאודה כמון פ,קילוגרמים,1.00,"ק""ג",true,,99.00,99.0000,true,1,146788
7290000038099,false,פסטרמה כפרית זוגלובק,,,פסטרמה כפרית זוגלובק,קילוגרמים,1.00,"ק""ג",true,,90.00,90.0000,true,1,147019
7290000039247,false,פסטרמה איטלקית זוגלו,,,פסטרמה איטלקית זוגלו,קילוגרמים,1.00,"ק""ג",true,,90.00,90.0000,true,1,147022
7290000040042,false,יופלה יוגורט תות 3% שומן 150 גרם,תנובה חלב,IL,יופלה יוגורט תות %3,גרמים,150.00,100 גרם,false,,5.20,3.4667,true,1,130154
7290000040066,false,יופלה יוגורט דובדבן %3 גביע 150 גרם,תנובה מרכז שיתופי לש,IL,יופלה יוגורט דובדבן,גרמים,150.00,100 גרם,false,,5.20,3.4667,true,1,130155
7290000040080,false,יופלה יוגורט אפרסק 3% שומן 150 גרם,תנובה חלב,IL,יופלה יוגורט אפרסק %,גרמים,150.00,100 גרם,false,,5.20,3.4667,true,1,130156
7290000040301,false,תנובה עין גדי קממבר מחלב בקר 24% שומן,תנובה מרכז שיתופי לש,IL,קממבר עין גדי חפיסה,גרמים,125.00,100 גרם,false,,18.90,15.1200,true,1,130157
7290000040403,false,פוקצ'ה ירקות וגבינה,,,פוקצ'ה ירקות וגבינה,Unknown,0.00,יחידה,false,,15.00,0.0000,true,1,156065
7290000040404,false,פיתה בצק קפוא זעתר/ב,,,פיתה בצק קפוא זעתר/ב,Unknown,0.00,יחידה,false,,5.00,0.0000,true,1,156066
7290000040405,false,פיתה גבינה בולגרית,,,פיתה גבינה בולגרית,Unknown,0.00,יחידה,false,,6.00,0.0000,true,1,156067
7290000040406,false,פיתה בתוספת ירקות וב,,,פיתה בתוספת ירקות וב,Unknown,0.00,יחידה,false,,10.00,0.0000,true,1,153699
7290000040407,false,פיתה בתוספת בצל,,,פיתה בתוספת בצל,Unknown,0.00,יחידה,false,,5.00,0.0000,true,1,153700
7290000040408,false,סמבוסק,,,סמבוסק,Unknown,0.00,יחידה,false,,10.00,0.0000,true,1,153701
7290000040411,false,משולש פיצה,,,משולש פיצה,Unknown,0.00,יחידה,false,,6.00,0.0000,true,1,144010
7290000040413,false,לחמניות אצבע קטן 100,,,לחמניות אצבע קטן 100,Unknown,0.00,יחידה,false,,1.50,0.0000,true,1,156068
7290000040974,false,חלב דל לקטוז 2% תנובה קרטון 1 ליטר,תנובה מרכז שיתופי לש,IL,חלב טרי דל לקטוז 1 ל,,1000.00,100 מל,false,,7.00,0.0070,true,1,130160
7290000041858,false,"שמנת חמוצה 15% מועשרת יטבתה 200 מ""ל",שטראוס גרופ,IL,שמנת חמוצה יטבתה מוע,,200.00,100 מל,false,,2.60,0.0130,true,1,139799
7290000041865,false,"לבן 4.5% שומן מהדרין ""יטבתה""",שטראוס גרופ,IL,לבן יטבתה מועשר בווי,גרמים,206.00,100 גרם,false,,2.00,0.9709,true,1,139800
7290000041872,false,"לבן 3% יטבתה 200מ""ל מהדרין",שטראוס גרופ,IL,לבן יטבתה מועשר בווי,גרמים,206.00,100 גרם,false,,2.00,0.9709,true,1,139801
7290000042015,false,"חלב שתייה תנובה בד""צ בשקית 1 ליטר",תנובה מרכז שיתופי לש,IL,חלב תנובה טרי שקית 1,,1000.00,100 מל,false,,5.43,0.0054,true,1,130164
7290000042435,false,חלב דל שומן בקרטון+פקק תנובה 1 ליטר,תנובה מרכז שיתופי לש,IL,חלב תנובה טרי קרט+ פ,,1000.00,100 מל,false,,5.86,0.0059,true,1,130169
7290000042442,false,"חלב תנובה טרי 3% ""תנובה"" - מוצר בפיקוח",תנובה חלב,IL,חלב תנובה טרי קרט+פק,קילוגרמים,1.00,ליטר,false,,6.23,6.2300,true,1,130170
7290000042503,false,"חלב עמיד קרטון 3% 1 ליטר בד""צ תנובה",תנובה מרכז שיתופי לש,IL,חלב עמיד קרטון 1 ליט,,1000.00,100 מל,false,,7.90,0.0079,true,1,130172
7290000042855,false,"שוקו בשקית 250 מ""ל ""יטבתה""",שטראוס גרופ,IL,יטבתה שוקו שקית 225,מיליליטרים,225.00,"100 מ""ל",false,,2.50,1.1111,true,1,139804
7290000043012,false,"שוקו עמיד 2% בקרטון 250 מ""ל תנובה",תנובה מרכז שיתופי לש,IL,שוק.שוקו עמיד 2% בקר,,250.00,100 מל,false,,4.90,0.0196,true,1,130176
7290000043814,false,השף הלבן שמנת להקצפה 38% שומן 250 מל - מוצר בפיקוח,תנובה מרכז שיתופי לש,IL,שמנת להקצפה 38% 250,,250.00,100 מל,false,,6.47,0.0259,true,1,130179
7290000043890,false,תנובה רויון לבן מחלב מפסוטר 1.5%,תנובה מרכז שיתופי לש,IL,רוויון קרטון 1 ליטר,קילוגרמים,1.00,ליטר,false,,11.50,11.5000,true,1,130180
7290000043944,false,כד יוגורט תנובה 4% שומן 1.5 ליטר,מיוצר עי קונדיטוריית,IL,יוגורט תנובה כד 1.5,,1.50,קג,false,,17.40,11.6000,true,1,130181
7290000044013,false,פילה עוף.,,,* פילה עוף.,קילוגרמים,1.00,"ק""ג",true,,34.90,34.9000,true,1,141499
7290000044712,false,יוגורט עם תות 1.5% שומן 500 ג' פרילי,מיוצר עי קונדיטוריית,IL,פרילי יוגורט תות גבי,גרמים,500.00,100 גרם,false,,10.50,2.1000,true,1,130186
7290000044880,false,באדי יוגורט תות 3% שומן 500 ג' תנובה,מיוצר עי קונדיטוריית,IL,באדי יוגורט תות גביע,גרמים,500.00,100 גרם,false,,9.30,1.8600,true,1,130188
7290000045005,false,המבורגר על האש ארוז.,,,המבורגר על האש ארוז.,קילוגרמים,1.00,"ק""ג",true,,49.90,49.9000,true,1,144513
7290000045007,false,לשון עגל קפוא.,,,לשון עגל קפוא.,קילוגרמים,1.00,"ק""ג",true,,59.90,59.9000,true,1,144019
7290000045009,false,נקניקיות מרגז קפוא,,,נקניקיות מרגז קפוא,קילוגרמים,1.00,"ק""ג",true,,49.90,49.9000,true,1,144516
7290000045010,false,נקניקיות צ'וריסוס,,,נקניקיות צ'וריסוס,קילוגרמים,1.00,"ק""ג",true,,49.90,49.9000,true,1,144517
7290000045012,false,קציצות הבית.,,,קציצות הבית.,קילוגרמים,1.00,"ק""ג",true,,49.90,49.9000,true,1,144021
7290000045013,false,קבב ביתי,,,קבב ביתי,קילוגרמים,1.00,"ק""ג",true,,49.90,49.9000,true,1,144518
7290000045282,false,נתחי פילה סלמון נורו,,,דלי דג מנות פילה סלמ,קילוגרמים,1.00,"ק""ג",true,,89.90,89.9000,true,1,122344
7290000045435,false,פילה מרלוזה ארגנטינא,,,פילה מרלוזה ארגנטינא,קילוגרמים,1.00,"ק""ג",true,,36.90,36.9000,true,1,185443
7290000045573,false,גבינת מותכת משולשים 25% שומן 200 ג' נעמה,תנובה חלב,IL,נעמה משולשים גבינה מ,גרמים,200.00,100 גרם,false,,15.70,7.8500,true,1,130189
7290000045580,false,גבינה מותכת נעמה חורש תנובה 240 גרם,תנובה מרכז שיתופי לש,IL,נעמה חורש משולשים גב,גרמים,240.00,100 גרם,false,,17.80,7.4167,true,1,130190
7290000045771,false,יוגורט לבן 4% תנובה 3 ליטר,מיוצר עי קונדיטוריית,IL,יוגורט תנובה כד 3 לי,,3.00,קג,false,,28.90,9.6333,true,1,130191
7290000045917,false,תנובה פרומעז גבינה מותכת מחלב עיזים 23% שומן,תנובה חלב,IL,פרומעז גבינת עזים גל,גרמים,200.00,100 גרם,false,,26.20,13.1000,true,1,130192
7290000046020,false,גלבוע גבינה שמנה במש,תנובה מרכז שיתופי לש,IL,גלבוע %22,קילוגרמים,1.00,"ק""ג",true,,42.58,42.5800,true,1,130110
7290000046327,false,גלבוע גבינה צהובה פרוסה 22% תנובה 200 גרם,תנובה מרכז שיתופי לש,IL,גלבוע פרוס 200 גרם %,גרמים,200.00,100 גרם,false,,14.60,7.3000,true,1,130193
7290000046549,false,גבינת מוצרלה 20% במשקל,תנובה מרכז שיתופי לש,IL,מוצרלה חריץ מהדרין 2,קילוגרמים,1.00,"ק""ג",true,,85.00,85.0000,true,1,130114
7290000046563,false,גב.קולאז' פרמזן 23%במשקל,תנובה מרכז שיתופי לש,IL,פרמזן גבע חריץ 23%,קילוגרמים,1.00,"ק""ג",true,,135.00,135.0000,true,1,130115
7290000047485,false,גבינה בולגרית במשקל,תנובה מרכז שיתופי לש,IL,בולגרית פח 4 קג 24%,קילוגרמים,1.00,"ק""ג",true,,65.00,65.0000,true,1,130118
7290000047546,false,השף הלבן כנען גבינה לבנה דלת נתרן 5% תנובה 500 גרם,תנובה מרכז שיתופי לש,IL,כנען גבינה לבנה 5%,גרמים,500.00,100 גרם,false,,24.10,4.8200,true,1,130194
7290000048185,false,גבינה לבנה 5% תנובה 250 גרם מהדרין,מיוצר עי קונדיטוריית,IL,גבינה לבנה 5% 250 גר,גרמים,250.00,100 גרם,false,,4.98,1.9920,true,1,130196
7290000048192,false,גבינה לבנה 9% תנובה 250 גרם מהדרין,מחלבת אלון תבור,IL,גבינה לבנה 9% 250 גר,גרמים,250.00,100 גרם,false,,5.30,2.1200,true,1,130197
7290000048307,false,גבינת קוטג' עם זיתים 5% תנובה 250 גרם,מיוצר עי קונדיטוריית,IL,קוטג תנובה 5% עם זתי,גרמים,250.00,100 גרם,false,,5.70,2.2800,true,1,130198
7290000048437,false,פיראוס צפתית 5% שומן 200 גרם,פארייפאבה אגרואינדוס,IL,פיראוס צפתית גביע 20,גרמים,200.00,100 גרם,false,,15.10,7.5500,true,1,130200
7290000048525,false,דלי דג פילה אמנון 5-,פריגוצאקו / פרגוואי,,דלי דג פילה אמנון 5-,קילוגרמים,1.00,"ק""ג",true,,29.90,29.9000,true,1,122349
7290000049458,false,גבינת פטה עיזים 16% גביע פיראוס 250 ג',תנובה מרכז שיתופי לש,IL,פיראוס פטה עזים 16%,גרמים,250.00,100 גרם,false,,28.30,11.3200,true,1,130201
7290000050447,false,"יוגורט ביו בטעם תות YYY יופלה 500 מ""ל",מיוצר עי קונדיטוריית,IL,יופלה תות 3% גביע 50,גרמים,500.00,100 גרם,false,,13.60,2.7200,true,1,130204
7290000050454,false,יוגורט יופלה אפרסק 3% שומן 500 גרם,מיוצר עי קונדיטוריית,IL,יופלה אפרסק 3% גביע,גרמים,500.00,100 גרם,false,,13.60,2.7200,true,1,130205
7290000051307,false,"מארז הפסקת אוכל עם דגני עוגי ומשקה חלב עמיד בטעם וניל 150 מ""ל",תנובה מרכז שיתופי לש,IL,הפסקת אוכל דגני עוגי,מיליליטרים,150.00,"100 מ""ל",false,,9.50,6.3333,true,1,130209
7290000051352,false,חלב מלא בטעם של פעם 3.4% תנובה קרטון 1 ל',תנובה מרכז שיתופי לש,IL,חלב מלא בטעם של פעם,,1000.00,100 מל,false,,7.90,0.0079,true,1,130211
7290000051376,false,יוגורט יופלה דיאט אננס 0% שומן 150 גרם,תנובה מרכז שיתופי לש,IL,יופלה דיאט אננס גביע,גרמים,150.00,100 גרם,false,,5.20,3.4667,true,1,130212
7290000051710,false,פיראוס גבינת לאבנה אסלית על בסיס יוגורט תנובה 263 גרם,"תנובה, מחלבת אלון תב",IL,פיראוס לאבנה9% עם שמ,גרמים,265.00,100 גרם,false,,13.90,5.2453,true,1,130214
7290000051956,false,טל העמק 9% חריץ במשקל,,,טל העמק חריץ במשקל 9,קילוגרמים,1.00,"ק""ג",true,,79.00,79.0000,true,1,130120
7290000052311,false,גבינה צהובה עמק לייט 15% שומן 200 גרם,תנובה מרכז שיתופי לש,IL,עמק לייט פרוס 200 גר,גרמים,200.00,100 גרם,false,,17.80,8.9000,true,1,130219
7290000052649,false,גבינת לאבנה 5% שומן 500 ג' פיראוס,תנובה מרכז שיתופי לש,IL,פיראוס לאבנה 5% גביע,גרמים,500.00,100 גרם,false,,19.90,3.9800,true,1,130221
7290000052717,false,גבינת קוטג' שום שמיר 5% תנובה 250 גרם,מיוצר עי קונדיטוריית,IL,קוטג עם שום שמיר 5%,גרמים,250.00,100 גרם,false,,5.70,2.2800,true,1,130222
7290000053981,false,מאגדת יופלה 4*תות 150ג 4*אפרסק 150ג בדצ,תנובה מרכז שיתופי לש,IL,יופלה תות+אפרסק בדץ,,1200.00,100 מל,false,,29.30,0.0244,true,1,187222
7290000054006,false,גד קשקבל 26% משולשים,,,גד קשקבל 26% משולשים,קילוגרמים,1.00,"ק""ג",true,,149.00,149.0000,true,1,146565
7290000054655,false,גד מוצרלה נקניק מעוש,,,גד מוצרלה נקניק מעוש,קילוגרמים,1.00,"ק""ג",true,,100.00,100.0000,true,1,146567
7290000054754,false,גד מוצרלה במים בייבי,,,גד מוצרלה במים בייבי,קילוגרמים,1.00,"ק""ג",true,,110.00,110.0000,true,1,146569
7290000054792,false,גד בולגרית פח 5%,,,גד בולגרית פח 5%,קילוגרמים,1.00,"ק""ג",true,,70.00,70.0000,true,1,146570
7290000054815,false,גד מוצרלה 22%,,,גד מוצרלה 22%,קילוגרמים,1.00,"ק""ג",true,,90.00,90.0000,true,1,146571
7290000054891,false,גד בולגרית דלי 16%,,,גד בולגרית דלי 16%,קילוגרמים,1.00,"ק""ג",true,,70.00,70.0000,true,1,146572
7290000054921,false,גד ריקוטה 5%,,,גד ריקוטה 5%,קילוגרמים,1.00,"ק""ג",true,,75.00,75.0000,true,1,146574
7290000054969,false,גד גבינת שמנת 30%,,,גד גבינת שמנת 30%,קילוגרמים,1.00,"ק""ג",true,,55.00,55.0000,true,1,146576
7290000054976,false,גד גבינת שמנת 30% זי,,,גד גבינת שמנת 30% זי,קילוגרמים,1.00,"ק""ג",true,,55.00,55.0000,true,1,146577
7290000054990,false,גד מוצרלה במים כדורי,,,גד מוצרלה במים כדורי,קילוגרמים,1.00,"ק""ג",true,,110.00,110.0000,true,1,146579
7290000055015,false,פיראוס גבינת פטה כבשים 5% תנובה 250 גרם,תנובה מרכז שיתופי לש,IL,פיראוס פטה כבשים 5%,גרמים,250.00,100 גרם,false,,29.90,11.9600,true,1,130226
7290000055206,false,גבינה לבנה 5% בטעם בצל מטוגן 250 ג' תנובה,תנובה מרכז שיתופי לש,IL,גבינה לבנה 5% בטעם ב,גרמים,250.00,100 גרם,false,,5.60,2.2400,true,1,130227
7290000055329,false,"משקה בוקר יוגורט 1.5% בטעם תות מלון יופלה 250 מ""ל",תנובה מרכז שיתופי לש,IL,יופלה משקה יוגורט תו,גרמים,250.00,100 גרם,false,,5.40,2.1600,true,1,130228
7290000055336,false,"משקה יוגורט 1.5% בטעם בננה אפרסק יופלה 250 מ""ל",תנובה מרכז שיתופי לש,IL,יופלה משקה יוגורט בנ,גרמים,250.00,100 גרם,false,,5.40,2.1600,true,1,130229
7290000055343,false,משקה יוגורט יופלה פירות טרופיים 250 גרם,תנובה מרכז שיתופי לש,IL,יופלה משקה יוגורט טר,גרמים,250.00,100 גרם,false,,5.40,2.1600,true,1,130230
7290000055350,false,גבינה צהובה חריץ עמק 28% במשקל,תנובה מרכז שיתופי לש,IL,גבינת עמק 28%,קילוגרמים,1.00,"ק""ג",true,,44.79,44.7900,true,1,130124
7290000055893,false,חמאה משמנת מפוסטרת 200גרם 82% כ.מהדרין - מוצר בפיקוח,תנובה מרכז שיתופי לש,IL,תנובה חמאה משמנת מפו,גרמים,200.00,100 גרם,false,,8.20,4.1000,true,1,187866
7290000056081,false,מארז יוגורט פרילי טבע 6*200 גרם,מיוצר עי קונדיטוריית,IL,מאגדת פרילי טבע 6 *,,1.20,קג,false,,23.00,19.1667,true,1,130235
7290000056234,false,מקרל מעושן בוואקום,,,מקרל מעושן בוואקום,קילוגרמים,1.00,"ק""ג",true,,70.00,70.0000,true,1,162874
7290000056272,false,גבינה לבנה 5% עם זיתים ירוקים 250 ג' תנובה,תנובה מרכז שיתופי לש,IL,גבינה לבנה 5% עם זית,גרמים,250.00,100 גרם,false,,5.60,2.2400,true,1,130236
7290000056845,false,תנובה חלב טרי 3% שומן 1.5 ליטר - מוצר בפיקוח,פארייפאבה אגרואינדוס,IL,חלב טרי 1.5 ליטר 3%,קילוגרמים,1.50,ליטר,false,,9.34,6.2267,true,1,130237
7290000056883,false,שמיניית יוגורט יופלה 3% טעמים שונים 150 גרם,תנובה מרכז שיתופי לש,IL,יוגורט פרי 3% מארז 8,גרמים,150.00,100 גרם,false,,30.50,20.3333,true,1,130238
7290000056890,false,שמיניית דיאט יופלה 0% טעמים שונים 150 גרם,מיוצר עי קונדיטוריית,IL,יוגורט דיאט פרי 0% מ,,1200.00,קג,false,,30.50,0.0254,true,1,130239
7290000056906,false,מאגדת לבן טבעי 1.5% שומן 8 יח' * 150 ג' יופלה,מחלבת אלון תבור,IL,מאג 8*150ג יופלה לבן,,1.20,קג,false,,17.90,14.9167,true,1,130240
7290000056951,false,"תנובה, השף הלבן, שמנת לבישול 15% שומן 500 מל",תנובה מרכז שיתופי לש,IL,שמנת לבישול 15% 500,,500.00,100 מל,false,,16.70,0.0334,true,1,130242
7290000057088,false,עמק גבינה צהובה פרוסה דק דק 28% תנובה 200 גרם,תנובה מרכז שיתופי לש,IL,עמק פרוס דק דק 200 ג,גרמים,200.00,100 גרם,false,,17.90,8.9500,true,1,130244
7290000057118,false,גבינה צהובה עמק 28% שומן ואקום 400 גרם,תנובה מרכז שיתופי לש,IL,עמק פרוס סמי מעדנייה,גרמים,400.00,100 גרם,false,,23.30,5.8250,true,1,130245
7290000057132,false,יוגורט תנובה טבעי 1.5% גביע 200 גרם,מחלבת אלון תבור,IL,יוגורט תנובה טבעי 1.,גרמים,200.00,100 גרם,false,,3.00,1.5000,true,1,130246
7290000057149,false,יוגורט תנובה טבעי 3% גביע 200 גרם,מיוצר עי קונדיטוריית,IL,יוגורט תנובה טבעי 3%,גרמים,200.00,100 גרם,false,,3.00,1.5000,true,1,130247
7290000057552,false,יופלה דיאט עוגת גבינה ותות 0% גביע 150ג',תנובה חלב,IL,יופלה דיאט עוגת גבינ,גרמים,150.00,100 גרם,false,,4.90,3.2667,true,1,130250
7290000057571,false,יורוציז סמוקרלה מעוש,,,יורוציז סמוקרלה מעוש,קילוגרמים,1.00,"ק""ג",true,,79.00,79.0000,true,1,146791
7290000058030,false,"שמיניית יופלה שטוזים משקה יוגורט תות 100 מ""ל",מיוצר עי קונדיטוריית,IL,יופלה משקה יוגורט תו,גרמים,800.00,100 גרם,false,,21.20,2.6500,true,1,130252
7290000058047,false,שמנת להקצפה 38% 500מל מהדרין עמיד השף הלבן,תנובה מרכז שיתופי לש,IL,שמנת להקצפה 38% 500מ,,500.00,100 מל,false,,12.94,0.0259,true,1,173314
7290000058422,false,יעקבס גבינת קשקבל. 3,,,יעקבס גבינת קשקבל. 3,קילוגרמים,1.00,"ק""ג",true,,135.00,135.0000,true,1,146166
7290000058453,false,יעקבס גבינת קממברט א,,,יעקבס גבינת קממברט א,קילוגרמים,1.00,"ק""ג",true,,109.00,109.0000,true,1,146167
7290000058979,false,גיל בטעם תות 3% שומן 125 ג' תנובה,תנובה מרכז שיתופי לש,IL,גיל בטעם תות 3% 125,גרמים,125.00,100 גרם,false,,1.60,1.2800,true,1,130257
7290000060071,false,אוסם - חטיפי פריכונים מאורז מלא קלוי 80גר,"פרח תעשיות מזון בע""מ.",IL,אסם חטיפי פריכונים ט,Unknown,0.00,יחידה,false,,8.90,0.0000,true,1,126390
7290000060088,false,בייגלה מקלות מלוחים אסם 400 גרם,מיוצר עי קונדיטוריית,IL,אסם בייגלה מקלות מלו,גרמים,400.00,100 גרם,false,,10.90,2.7250,true,1,126391
7290000060156,false,"אטריות ביצים דקות 200 גרם ""אסם""","אסם תעשיות בע""מ",IL,אסם אטריות ביצים דקו,גרמים,200.00,100 גרם,false,,7.90,3.9500,true,1,126392
7290000060163,false,אטריות דקות אסם 400 גרם,"אסם תעשיות בע""מ",IL,אסם אטריות דקות 12*4,גרמים,400.00,100 גרם,false,,7.90,1.9750,true,1,126393
7290000060200,false,אוסם - פתיתים אפויים קוסקוס 500 גרם,"אסם תעשיות בע""מ",IL,אסם פתיתים אפויים קו,גרמים,500.00,100 גרם,false,,8.90,1.7800,true,1,126394
7290000060248,false,פסטה אסם פתיתים תלתלים 500 גר',קריות זול,IT,אסם פסטה תלתלים 12*5,גרמים,500.00,100 גרם,false,,5.90,1.1800,true,1,126396
7290000060385,false,אינסטנט פודינג בטעם וניל - אריזה משפחתית,"אסם תעשיות בע""מ",IL,אסם אינסטנט פודינג ו,גרמים,320.00,100 גרם,false,,19.90,6.2187,true,1,126400
7290000060408,false,פתיתים אפויים טבעות אסם 500 גרם,מיוצר עי קונדיטוריית,IL,אסם פתיתים אפויים טב,גרמים,500.00,100 גרם,false,,8.90,1.7800,true,1,126401
7290000060415,false,"פסטה פרפקטו לאזניה 500 ג' ""אסם""",אסם פרפקטו Perfecto,IT,פרפקטו לזניה 12*500ג,גרמים,500.00,100 גרם,false,,14.90,2.9800,true,1,126402
7290000060576,false,פתיתים אפויים כוכבים אסם 500 גרם,"אסם השקעות בע""\מ",IL,אסם פתיתים אפויים כו,גרמים,500.00,100 גרם,false,,8.90,1.7800,true,1,126406
7290000060781,false,פסטה מסולסלים אסם 500 גרם,קריות זול,IT,אסם פסטה מסולסלים אט,גרמים,500.00,100 גרם,false,,5.90,1.1800,true,1,126407
7290000060828,false,פסטה קרניים בינוניות אסם 500 גרם,קריות זול,IT,אסם פסטה קרניים בינו,גרמים,500.00,100 גרם,false,,5.90,1.1800,true,1,126408
7290000060842,false,פסטה צדפים גדולים אסם 500 גרם,קריות זול,IT,אסם פסטה צדפים גדולי,גרמים,500.00,100 גרם,false,,5.90,1.1800,true,1,126409
7290000060880,false,פסטה ספגטי מספר 8 אסם 500 גרם,קריות זול,IT,אסם ספגטי 20*500גרם,גרמים,500.00,100 גרם,false,,5.90,1.1800,true,1,126411
7290000060903,false,אוסם - פתיתים אפויים אורז 500 גרם,"אסם השקעות בע""\מ",IL,אסם פתיתים אפויים או,גרמים,500.00,100 גרם,false,,8.90,1.7800,true,1,126412
7290000060958,false,אטריות בינוניות אסם 400 גרם,"אסם השקעות בע""\מ",IL,אסם אטריות בינוניות,גרמים,400.00,100 גרם,false,,7.90,1.9750,true,1,126414
7290000060965,false,איטריות מובחר רחבות 400 ג',"אסם השקעות בע""\מ",IL,אסם אטריות רחבות 12*,גרמים,400.00,100 גרם,false,,7.90,1.9750,true,1,126415
7290000060972,false,אטריות דקיקות אסם 400 גרם,קריות זול,IT,אסם אטריות דקיקות 12,גרמים,400.00,100 גרם,false,,7.90,1.9750,true,1,126416
7290000061061,false,קרקר חיטה עם בצל אסם,"אסם השקעות בע""\מ",IL,אסם קרקר בצל 12*250ג,גרמים,250.00,100 גרם,false,,10.90,4.3600,true,1,126417
7290000061085,false,"רוטב צילי מתוק 290 מ""ל-בקבוק","אסם השקעות בע""\מ",IL,אסם רוטב צ'ילי מתוק,גרמים,345.00,100 גרם,false,,9.90,2.8696,true,1,126418
7290000061108,false,"רוטב טריאקי 290 מ""ל-בקבוק","אסם השקעות בע""\מ",IL,אסם רוטב טריאקי 9*29,מיליליטרים,290.00,"100 מ""ל",false,,9.90,3.4138,true,1,126419
7290000061245,false,עוגיות שוקולד צ'יפס במילוי קרם בטעם שוקולד,מיוצר עי קונדיטוריית,IL,אסם עוגיות שוקוצ'יפס,גרמים,220.00,100 גרם,false,,11.90,5.4091,true,1,126421
7290000061450,false,פתיתים אפויים קוסקוס 3 צבעים אסם 500 גרם,"אסם השקעות בע""\מ",IL,אסם פתיתים קוסקוס 3,גרמים,500.00,100 גרם,false,,8.90,1.7800,true,1,126423
7290000061764,false,קפה נמס מגורען רד מאג 200 גרם,נסטלה ספרד קפה,ES,נסקפה רד מאג טעם חדש,גרמים,200.00,100 גרם,false,,22.90,11.4500,true,1,126424
7290000062129,false,"אינסטנט פודינג בטעם וניל אסם 1 ק""ג","אסם תעשיות בע""מ",IL,אסם פודינג אינסטנט ו,גרמים,1000.00,100 גרם,false,,29.90,2.9900,true,1,126426
7290000063102,false,קמח עוגה תופח מאליו אסם 350 גרם,"אסם השקעות בע""\מ",IL,אסם קמח עוגה תופח מא,גרמים,350.00,100 גרם,false,,5.90,1.6857,true,1,126432
7290000063133,false,אסם שקדי מרק רכיבים טבעיים 24*100גרם,"אסם השקעות בע""מ",IL,אסם שקדי מרק רכיבים,גרמים,100.00,100 גרם,false,,5.90,5.9000,true,1,126433
7290000063140,false,שקדי מרק רכיבים טבעיים בשקית 400 ג' אסם,"אסם תעשיות בע""מ",IL,אסם שקדי מרק רכיבים,גרמים,400.00,100 גרם,false,,14.90,3.7250,true,1,126434
7290000063157,false,"קמח עוגה תופח מאליו אסם 1 ק""ג","אסם השקעות בע""\מ",IL,אסם קמח עוגה תופח מא,גרמים,1000.00,100 גרם,false,,9.90,0.9900,true,1,126435
7290000064758,false,קוסקוס בינוני אמיתי אסם 350 ג',"מיוצר ע""י קוד יצרן K",IL,אסם קוסקוס אמיתי 12*,גרמים,350.00,100 גרם,false,,8.90,2.5429,true,1,126442
7290000065046,false,כתף מעושן טירת צבי,,,כתף מעושן טירת צבי,קילוגרמים,1.00,"ק""ג",true,,109.90,109.9000,true,1,113984
7290000065090,false,מיני קרוטונים מתובלים למרק ולסלט אסם 400 גרם,עינת תעשיות מזון אגו,IL,אסם מיני קרוטונים למ,גרמים,400.00,100 גרם,false,,27.90,6.9750,true,1,126444
7290000065335,false,אוסם - מנה חמה פירה עם ירקות 55 גרם,"אסם תעשיות בע""מ",IL,מנה חמה פירה וירקות,Unknown,0.00,יחידה,false,,7.90,0.0000,true,1,126445
7290000065540,false,אוסם - מנה חמה פסטה מוקרמת בטעם עוף 55 גרם,"אסם תעשיות בע""מ",IL,מנה חמה פסטה מוקרמת,Unknown,0.00,יחידה,false,,7.90,0.0000,true,1,126446
7290000065599,false,בלופיש פילה מרלוזה,,,בלופיש פילה מרלוזה,קילוגרמים,1.00,"ק""ג",true,,49.90,49.9000,true,1,192535
7290000065977,false,חטיפי פריכונים תירס שומשום אסם 80 גרם,"פרח תעשיות מזון בע""מ.",IL,אסם חטיפי פריכונים ת,Unknown,0.00,יחידה,false,,8.90,0.0000,true,1,126453
7290000066000,false,גב עוף.,,,גב עוף.,קילוגרמים,1.00,"ק""ג",true,,2.90,2.9000,true,1,144522
7290000066001,false,גרון עוף.,,,גרון עוף.,קילוגרמים,1.00,"ק""ג",true,,4.90,4.9000,true,1,114960
7290000066002,false,חזה עוף שלם,,,חזה עוף שלם,קילוגרמים,1.00,"ק""ג",true,,29.90,29.9000,true,1,114961
7290000066003,false,חזה עוף חצוי.,,,חזה עוף חצוי.,קילוגרמים,1.00,"ק""ג",true,,29.90,29.9000,true,1,141516
7290000066004,false,טחול עוף טרי.,,,טחול עוף טרי.,קילוגרמים,1.00,"ק""ג",true,,69.90,69.9000,true,1,141517
7290000066006,false,כבד עוף טרי,,,כבד עוף טרי,קילוגרמים,1.00,"ק""ג",true,,19.90,19.9000,true,1,114962
7290000066007,false,כנפיים עוף.,,,כנפיים עוף.,קילוגרמים,1.00,"ק""ג",true,,11.90,11.9000,true,1,141519
7290000066008,false,כרעיים עוף,,,כרעיים עוף,קילוגרמים,1.00,"ק""ג",true,,21.90,21.9000,true,1,141520
7290000066009,false,לב עוף טרי.,,,לב עוף טרי,קילוגרמים,1.00,"ק""ג",true,,29.90,29.9000,true,1,141521
7290000066010,false,נתחי עוף לטחינה.,,,נתחי עוף לטחינה.,קילוגרמים,1.00,"ק""ג",true,,18.90,18.9000,true,1,114963
7290000066011,false,עוף מפורק.,,,עוף מפורק.,קילוגרמים,1.00,"ק""ג",true,,19.90,19.9000,true,1,144523
7290000066012,false,עוף שלם.,,,עוף שלם.,קילוגרמים,1.00,"ק""ג",true,,14.90,14.9000,true,1,136138
7290000066013,false,פילה עוף.,,,פילה עוף.,קילוגרמים,1.00,"ק""ג",true,,29.90,29.9000,true,1,141522
7290000066014,false,פרגית עוף.,,,פרגית עוף.,קילוגרמים,1.00,"ק""ג",true,,39.90,39.9000,true,1,141523
7290000066015,false,קורקבן עוף טרי.,,,קורקבן עוף טרי.,קילוגרמים,1.00,"ק""ג",true,,14.90,14.9000,true,1,141524
7290000066016,false,שוקיים עוף.,,,שוקיים עוף.,קילוגרמים,1.00,"ק""ג",true,,29.90,29.9000,true,1,141525
7290000066017,false,שניצל עוף פרימיום.,,,שניצל עוף פרימיום.,קילוגרמים,1.00,"ק""ג",true,,34.90,34.9000,true,1,144524
7290000066021,false,הודו שלם.,,,הודו שלם.,קילוגרמים,1.00,"ק""ג",true,,24.90,24.9000,true,1,141527
7290000066022,false,זנב הודו.,,,זנב הודו.,קילוגרמים,1.00,"ק""ג",true,,5.90,5.9000,true,1,141528
7290000066023,false,חזה הודו.,,,חזה הודו.,קילוגרמים,1.00,"ק""ג",true,,29.90,29.9000,true,1,141529
7290000066024,false,כבד הודו טרי.,,,כבד הודו טרי.,קילוגרמים,1.00,"ק""ג",true,,19.90,19.9000,true,1,141530
7290000066025,false,כנפיים הודו.,,,כנפיים הודו.,קילוגרמים,1.00,"ק""ג",true,,11.90,11.9000,true,1,141531
7290000066026,false,כפתורי הודו.,,,כפתורי הודו.,קילוגרמים,1.00,"ק""ג",true,,29.90,29.9000,true,1,131076
7290000066027,false,לב הודו טרי.,,,לב הודו טרי.,קילוגרמים,1.00,"ק""ג",true,,19.90,19.9000,true,1,141532
7290000066028,false,קורקבן הודו טרי.,,,קורקבן הודו טרי.,קילוגרמים,1.00,"ק""ג",true,,14.90,14.9000,true,1,141533
7290000066029,false,נתחי הודו לטחינה.,,,נתחי הודו לטחינה.,קילוגרמים,1.00,"ק""ג",true,,14.90,14.9000,true,1,141534
7290000066030,false,שווארמה הודו טרי.,,,שווארמה הודו טרי.,קילוגרמים,1.00,"ק""ג",true,,64.90,64.9000,true,1,141535
7290000066032,false,שוקיים הודו.,,,שוקיים הודו.,קילוגרמים,1.00,"ק""ג",true,,29.90,29.9000,true,1,141537
7290000066033,false,אוסובוקו כבש טרי,,,אוסובוקו כבש טרי,קילוגרמים,1.00,"ק""ג",true,,74.90,74.9000,true,1,144526
7290000066034,false,אשכי כבש טרי.,,,אשכי כבש טרי.,קילוגרמים,1.00,"ק""ג",true,,49.90,49.9000,true,1,144527
7290000066035,false,חזה כבש עם עצם.,,,חזה כבש עם עצם.,קילוגרמים,1.00,"ק""ג",true,,49.90,49.9000,true,1,114964
7290000066037,false,זנב כבש טרי.,,,זנב כבש טרי.,קילוגרמים,1.00,"ק""ג",true,,39.90,39.9000,true,1,144528
7290000066038,false,לב כבש.,,,לב כבש.,קילוגרמים,1.00,"ק""ג",true,,29.90,29.9000,true,1,144529
7290000066039,false,כליות כבש טרי.,,,כליות כבש טרי.,קילוגרמים,1.00,"ק""ג",true,,29.90,29.9000,true,1,144530
7290000066040,false,כבד כבש טרי.,,,כבד כבש טרי.,קילוגרמים,1.00,"ק""ג",true,,29.90,29.9000,true,1,144531
7290000066041,false,כבש מפורק.,,,כבש מפורק.,קילוגרמים,1.00,"ק""ג",true,,109.90,109.9000,true,1,144532
7290000066043,false,כתף כבש.,,,כתף כבש.,קילוגרמים,1.00,"ק""ג",true,,74.90,74.9000,true,1,114967
7290000066044,false,לייה כבש טרי.,,,לייה כבש טרי.,קילוגרמים,1.00,"ק""ג",true,,99.90,99.9000,true,1,114968
7290000066045,false,לשון כבש.,,,לשון כבש.,קילוגרמים,1.00,"ק""ג",true,,49.90,49.9000,true,1,144533
7290000066047,false,ניקור כבש.,,,ניקור כבש.,קילוגרמים,1.00,"ק""ג",true,,29.90,29.9000,true,1,114970
7290000066048,false,צוואר כבש.,,,צוואר כבש.,קילוגרמים,1.00,"ק""ג",true,,64.90,64.9000,true,1,114971
7290000066049,false,צלעות כבש טרי.,,,צלעות כבש טרי.,קילוגרמים,1.00,"ק""ג",true,,109.90,109.9000,true,1,144534
7290000066050,false,ראש כבש טרי.,,,ראש כבש טרי.,קילוגרמים,1.00,"ק""ג",true,,24.90,24.9000,true,1,114972
7290000066051,false,שוק כבש.,,,שוק כבש.,קילוגרמים,1.00,"ק""ג",true,,69.90,69.9000,true,1,114973
7290000066053,false,טחול כבש טרי.,,,טחול כבש טרי.,קילוגרמים,1.00,"ק""ג",true,,29.90,29.9000,true,1,144536
7290000066054,false,אוסובוקו עגל טרי.,,,אוסובוקו עגל טרי,קילוגרמים,1.00,"ק""ג",true,,49.90,49.9000,true,1,144537
7290000066055,false,אנטריקוט עגלה.,,,אנטריקוט עגלה.,קילוגרמים,1.00,"ק""ג",true,,129.90,129.9000,true,1,144538
7290000066056,false,אנטריקוט מופשר.,,,אנטריקוט מופשר.,קילוגרמים,1.00,"ק""ג",true,,89.90,89.9000,true,1,144539
7290000066057,false,אנטריקוט עגל עם עצם.,,,אנטריקוט עגל עם עצם,קילוגרמים,1.00,"ק""ג",true,,109.90,109.9000,true,1,114974
7290000066058,false,אסאדו עגל.,,,אסאדו עגל.,קילוגרמים,1.00,"ק""ג",true,,49.90,49.9000,true,1,114975
7290000066060,false,בשר עגל צעיר.,,,בשר עגל צעיר.,קילוגרמים,1.00,"ק""ג",true,,59.90,59.9000,true,1,114976
7290000066062,false,זנב עגל טרי.,,,זנב עגל טרי.,קילוגרמים,1.00,"ק""ג",true,,49.90,49.9000,true,1,144541
7290000066063,false,טחול עגל טרי.,,,טחול עגל טרי.,קילוגרמים,1.00,"ק""ג",true,,19.90,19.9000,true,1,144542
7290000066064,false,בשר בקר טחון טרי.,,,בשר בקר טחון טרי,קילוגרמים,1.00,"ק""ג",true,,39.90,39.9000,true,1,144024
7290000066065,false,כבד עגל טרי,,,כבד עגל טרי,קילוגרמים,1.00,"ק""ג",true,,19.90,19.9000,true,1,114977
7290000066066,false,כליות עגל טרי.,,,כליות עגל טרי.,קילוגרמים,1.00,"ק""ג",true,,9.90,9.9000,true,1,114978
7290000066067,false,לב עגל טרי.,,,לב עגל טרי,קילוגרמים,1.00,"ק""ג",true,,19.90,19.9000,true,1,144543
7290000066068,false,לשון עגל טרי.,,,לשון עגל טרי.,קילוגרמים,1.00,"ק""ג",true,,49.90,49.9000,true,1,114979
7290000066070,false,שפיץ עגל.,,,שפיץ עגל.,קילוגרמים,1.00,"ק""ג",true,,19.90,19.9000,true,1,114981
7290000066071,false,מוח עצם טרי.,,,מוח עצם טרי.,קילוגרמים,1.00,"ק""ג",true,,24.90,24.9000,true,1,144544
7290000066072,false,נתח קצבים.,,,נתח קצבים.,קילוגרמים,1.00,"ק""ג",true,,99.90,99.9000,true,1,114982
7290000066073,false,סינטה עגלה.,,,סינטה עגלה.,קילוגרמים,1.00,"ק""ג",true,,109.90,109.9000,true,1,114983
7290000066074,false,פילה עגלה.,,,פילה עגלה.,קילוגרמים,1.00,"ק""ג",true,,149.90,149.9000,true,1,144545
7290000066081,false,שאריות עוף,,,שאריות עוף,קילוגרמים,1.00,"ק""ג",true,,5.90,5.9000,true,1,144548
7290000066083,false,פיקאניה עגלה.,,,פיקאניה עגלה.,קילוגרמים,1.00,"ק""ג",true,,109.90,109.9000,true,1,114985
7290000066087,false,שווארמה עגל טרי.,,,שווארמה עגל טרי.,קילוגרמים,1.00,"ק""ג",true,,64.90,64.9000,true,1,144025
7290000066091,false,שפיץ שייטל.,,,שפיץ שייטל.,קילוגרמים,1.00,"ק""ג",true,,79.90,79.9000,true,1,144026
7290000066094,false,פלאנק סטייק.,,,פלאנק סטייק.,קילוגרמים,1.00,"ק""ג",true,,79.90,79.9000,true,1,144028
7290000066095,false,בריסקט עגל למעשנת.,,,בריסקט עגל למעשנת.,קילוגרמים,1.00,"ק""ג",true,,64.90,64.9000,true,1,144029
7290000066098,false,לחי עגל.,,,לחי עגל.,קילוגרמים,1.00,"ק""ג",true,,49.90,49.9000,true,1,144030
7290000066102,false,סטייק ניו יורק.,,,סטייק ניו יורק.,קילוגרמים,1.00,"ק""ג",true,,119.90,119.9000,true,1,144033
7290000066106,false,צלי כתף.,,,צלי כתף.,קילוגרמים,1.00,"ק""ג",true,,69.90,69.9000,true,1,161796
7290000066134,false,ביסלי חטיף בטעם פלאפל אסם 70 גרם,"אסם השקעות בע""\מ",IL,ביסלי פלאפל 24*70גרם,Unknown,0.00,יחידה,false,,4.90,0.0000,true,1,126454
7290000066141,false,ביסלי חטיף בטעם גריל אסם 70 גרם,"אסם השקעות בע""\מ",IL,ביסלי גריל 48*70גרם,Unknown,0.00,יחידה,false,,4.90,0.0000,true,1,126455
7290000066172,false,ביסלי חטיף בטעם פיצה אסם 70 גרם,"אסם השקעות בע""\מ",IL,ביסלי פיצה 24*70גרם,Unknown,0.00,יחידה,false,,4.90,0.0000,true,1,126458
7290000066189,false,ביסלי חטיף בטעם פלאפל אסם 200 גרם,"אסם השקעות בע""\מ",IL,ביסלי פלאפל 25*200גר,גרמים,200.00,100 גרם,false,,8.90,4.4500,true,1,126459
7290000066196,false,ביסלי חטיף בטעם גריל אסם 200 גרם,מיוצר עי קונדיטוריית,IL,ביסלי גריל 25*200גרם,גרמים,200.00,100 גרם,false,,8.90,4.4500,true,1,126460
7290000066226,false,ביסלי חטיף בטעם פיצה אסם 200 גרם,מיוצר עי קונדיטוריית,IL,ביסלי פיצה 25*200גרם,גרמים,200.00,100 גרם,false,,8.90,4.4500,true,1,126463
7290000066264,false,דובונים חטיף תפוחי אדמה אסם 40 גרם,"אסם השקעות בע""\מ",IL,דובונים 30*40גרם,Unknown,0.00,יחידה,false,,5.90,0.0000,true,1,126464
7290000066318,false,במבה חטיף בוטנים אסם 80 גרם,"אסם השקעות בע""\מ",IL,במבה קלאסי 40*80גרם,Unknown,0.00,יחידה,false,,4.90,0.0000,true,1,126466
7290000066332,false,אפרופו חטיף תירס אסם 50 גרם,מיוצר עי קונדיטוריית,IL,אפרופו 36*50גרם,Unknown,0.00,יחידה,false,,5.90,0.0000,true,1,126467
7290000066349,false,אפרופו חטיף תירס אסם 100 גרם,מיוצר עי קונדיטוריית,IL,אפרופו 20*100גרם,גרמים,100.00,100 גרם,false,,9.90,9.9000,true,1,126468
7290000066431,false,פופקו חטיף פופקורן בטעם חמאה ודבש אסם 80 גרם,מיוצר עי קונדיטוריית,IL,פופקו חמאה ודבש 40*8,Unknown,0.00,יחידה,false,,5.90,0.0000,true,1,126469
7290000066778,false,דנבר סטייק.,,,דנבר סטייק.,קילוגרמים,1.00,"ק""ג",true,,119.90,119.9000,true,1,183418
7290000066779,false,משלוחים בת ים/ראשון,,,איירון סטייק.,קילוגרמים,1.00,"ק""ג",true,,119.90,119.9000,true,1,183419
7290000066783,false,פרגית עוף טרי לתנור,,,פרגית עוף טרי לתנור,קילוגרמים,1.00,"ק""ג",true,,37.90,37.9000,true,1,191822
7290000066784,false,קוקטייל כרעיים עוף ל,,,קוקטייל כרעיים עוף ל,קילוגרמים,1.00,"ק""ג",true,,34.90,34.9000,true,1,191870
7290000066786,false,פרוסות עגל לצליה,,,פרוסות עגל לצליה,קילוגרמים,1.00,"ק""ג",true,,64.90,64.9000,true,1,195829
7290000066787,false,גולש עגל,,,גולש עגל,קילוגרמים,1.00,"ק""ג",true,,64.90,64.9000,true,1,195830
7290000066788,false,שניצל וינאי.,,,שניצל וינאי.,קילוגרמים,1.00,"ק""ג",true,,64.90,64.9000,true,1,195831
7290000066790,false,בשר בקר טחון טרי.,,,בשר בקר טחון טרי.,קילוגרמים,1.00,"ק""ג",true,,39.90,39.9000,true,1,198321
7290000066791,false,טיבון טלה,,,טיבון טלה,קילוגרמים,1.00,"ק""ג",true,,99.90,99.9000,true,1,200568
7290000066793,false,סטייק פרגית עוף,,,סטייק פרגית עוף,קילוגרמים,1.00,"ק""ג",true,,54.90,54.9000,true,1,200330
7290000066795,false,שומן כבש,,,שומן כבש,קילוגרמים,1.00,"ק""ג",true,,30.00,30.0000,true,1,200631
7290000066797,false,נתח קצבים טלה.,,,נתח קצבים טלה.,קילוגרמים,1.00,"ק""ג",true,,99.90,99.9000,true,1,201931
7290000066798,false,גרון עוף מקוצב,,,גרון עוף מקוצב,קילוגרמים,1.00,"ק""ג",true,,9.90,9.9000,true,1,202883
7290000066799,false,סינטה עגלה פרוס דק ד,,,סינטה עגלה פרוס דק ד,קילוגרמים,1.00,"ק""ג",true,,139.90,139.9000,true,1,202926
7290000066800,false,סינטה עגלה פרוס .,,,סינטה עגלה פרוס .,קילוגרמים,1.00,"ק""ג",true,,159.90,159.9000,true,1,202927
7290000066801,false,בשר עגל ראס אלעספור.,,,בשר עגל ראס אלעספור.,קילוגרמים,1.00,"ק""ג",true,,64.90,64.9000,true,1,203044
7290000066802,false,ספריבס טלה.,,,ספריבס טלה.,קילוגרמים,1.00,"ק""ג",true,,59.90,59.9000,true,1,203045
7290000066803,false,בשר עגל לקדרה.,,,בשר עגל לקדרה.,קילוגרמים,1.00,"ק""ג",true,,64.90,64.9000,true,1,203046
7290000066804,false,פילה מרלן.,,,פילה מרלן.,קילוגרמים,1.00,"ק""ג",true,,79.90,79.9000,true,1,203047
7290000066807,false,פיקאניה עגלה אנגוס.,,,פיקאניה עגלה אנגוס.,קילוגרמים,1.00,"ק""ג",true,,129.90,129.9000,true,1,204160
7290000066808,false,שניצל הודו פרימיום.,,,שניצל הודו פרימיום.,קילוגרמים,1.00,"ק""ג",true,,32.90,32.9000,true,1,204307
7290000066809,false,ברווז טרי,,,ברווז טרי,קילוגרמים,1.00,"ק""ג",true,,54.90,54.9000,true,1,204939
7290000067407,false,פרורית מתובלת בשקית 200 גרם,עינת תעשיות מזון אגו,IL,אסם פירורית מתובל 12,גרמים,200.00,100 גרם,false,,6.90,3.4500,true,1,126476
7290000067599,false,מנה חמה ספגטי ברוטב בולונז אסם 65 גרם,"אסם השקעות בע""\מ",IL,מנה חמה ספגטי בולונז,Unknown,0.00,יחידה,false,,7.90,0.0000,true,1,126481
7290000068001,false,שיפודי פרגית קפוא אר,,,שיפודי פרגית קפוא אר,קילוגרמים,1.00,"ק""ג",true,,59.90,59.9000,true,1,114987
7290000068004,false,מוח כבש דבאח.,,,מוח כבש דבאח.,קילוגרמים,1.00,"ק""ג",true,,79.90,79.9000,true,1,114988
7290000068007,false,שקדי כבש דבאח.,,,שקדי כבש דבאח.,קילוגרמים,1.00,"ק""ג",true,,99.90,99.9000,true,1,114990
7290000068008,false,המבורגר על האש דבאח.,,,המבורגר על האש דבאח.,קילוגרמים,1.00,"ק""ג",true,,49.90,49.9000,true,1,144552
7290000068009,false,זנב עגל דבאח.,,,זנב עגל דבאח.,קילוגרמים,1.00,"ק""ג",true,,49.90,49.9000,true,1,114991
7290000068011,false,טחול ממולא דבאח.,,,טחול ממולא דבאח.,קילוגרמים,1.00,"ק""ג",true,,49.90,49.9000,true,1,113932
7290000068012,false,לשון עגל דבאח.,,,לשון עגל דבאח.,קילוגרמים,1.00,"ק""ג",true,,39.90,39.9000,true,1,114992
7290000068014,false,מוח עצם דבאח.,,,מוח עצם דבאח.,קילוגרמים,1.00,"ק""ג",true,,24.90,24.9000,true,1,144553
7290000068015,false,מרגז קפוא דבאח.,,,מרגז קפוא דבאח.,קילוגרמים,1.00,"ק""ג",true,,49.90,49.9000,true,1,113925
7290000068016,false,נקניקיות צ'וריסוס דב,,,נקניקיות צ'וריסוס דב,קילוגרמים,1.00,"ק""ג",true,,49.90,49.9000,true,1,114993
7290000068017,false,קבב ביתי דבאח.,,,קבב ביתי דבאח.,קילוגרמים,1.00,"ק""ג",true,,49.90,49.9000,true,1,144554
7290000068018,false,קבב דבאח.,,,קבב דבאח.,קילוגרמים,1.00,"ק""ג",true,,59.90,59.9000,true,1,144035
7290000068019,false,קציצות הבית דבאח.,,,קציצות הבית דבאח.,קילוגרמים,1.00,"ק""ג",true,,49.90,49.9000,true,1,113933
7290000068020,false,רגליים עגל דבאח.,,,רגליים עגל דבאח.,קילוגרמים,1.00,"ק""ג",true,,29.90,29.9000,true,1,114994
7290000068022,false,שקדי עגל דבאח.,,,שקדי עגל דבאח.,קילוגרמים,1.00,"ק""ג",true,,99.90,99.9000,true,1,114995
7290000068041,false,ריאות כבש,,,ריאות כבש,קילוגרמים,1.00,"ק""ג",true,,1.00,1.0000,true,1,200301
7290000068084,false,אסם פתי בר 4*1.75קג,מיוצר עי קונדיטוריית,IL,אסם פתי בר 4*1.75קג,,1.75,קג,false,,23.90,13.6571,true,1,126485
7290000068138,false,אינסטנט פודינג בטעם וניל אסם 80 גרם,מיוצר עי קונדיטוריית,IL,אסם פודינג אינסטנט ו,Unknown,0.00,יחידה,false,,5.50,0.0000,true,1,126486
7290000068206,false,אסם ג'לי משמש צבעים טבעיים 85 גרם,מיוצר עי קונדיטוריית,IL,אסם ג'לי משמש צבעים,Unknown,0.00,יחידה,false,,6.90,0.0000,true,1,126490
7290000068237,false,אבקה להכנת ג'לי בטעם פטל אסם 85 גרם,מיוצר עי קונדיטוריית,IL,אסם ג'לי פטל צבעים ט,Unknown,0.00,יחידה,false,,6.90,0.0000,true,1,126491
7290000068251,false,אבקה להכנת ג'לי בטעם אננס אסם 85 גרם,מיוצר עי קונדיטוריית,IL,אסם ג'לי אננס צבעים,Unknown,0.00,יחידה,false,,6.90,0.0000,true,1,126492
7290000068343,false,אסם פריכונים פרוסות קלויות מלא,"פרח תעשיות מזון בע""מ.",IL,אסם פריכונים מאורז מ,גרמים,140.00,100 גרם,false,,8.90,6.3571,true,1,126495
7290000068424,false,גד גבינת גאודה בקר ג,,,גד גבינת גאודה בקר ג,קילוגרמים,1.00,"ק""ג",true,,135.00,135.0000,true,1,146585
7290000068585,false,גד גאודה עיזים משולש,,,גד גאודה עיזים גלגל,קילוגרמים,1.00,"ק""ג",true,,160.00,160.0000,true,1,146586
7290000068701,false,אסם שקדי מרק רכיבים טבע.מיכל 400 גרם,"אסם תעשיות בע""מ",IL,אסם שקדי מרק רכיבים,גרמים,400.00,100 גרם,false,,16.90,4.2250,true,1,126496
7290000068770,false,במבה יום הולדת חטיף בוטנים אסם 80 גרם,"אסם השקעות בע""\מ",IL,במבה יום הולדת 40*80,Unknown,0.00,יחידה,false,,4.90,0.0000,true,1,126498
7290000068787,false,במבה יום הולדת חטיף בוטנים אסם 25 גרם,מיוצר עי קונדיטוריית,IL,במבה יום הולדת 108*2,Unknown,0.00,יחידה,false,,2.90,0.0000,true,1,126499
7290000068912,false,גרנה פדנו גד,,,גרנה פדנו גד,קילוגרמים,1.00,"ק""ג",true,,169.00,169.0000,true,1,110711
7290000069364,false,פריכונים מאורז מלא ללא תוספת סוכר אסם 140 גרם,"פרח תעשיות מזון בע""מ.",IL,אסם פריכונים עגול או,גרמים,140.00,100 גרם,false,,8.90,6.3571,true,1,126502
7290000069590,false,"סול ארוז 1ק""ג",,,"סול ארוז 1ק""ג",Unknown,0.00,יחידה,false,,39.90,0.0000,true,1,122412
7290000069739,false,אוסם - חטיפי קרקר שומשום 300 גרם,"אסם השקעות בע""\מ",IL,אסם חטיפי קרקר שומשו,גרמים,300.00,100 גרם,false,,10.90,3.6333,true,1,173093
7290000070308,false,אבקת מרק עוף אמיתי בשרי אסם 400 גרם,"אסם השקעות בע""\מ",IL,אסם מרק עוף אמיתי 6*,גרמים,400.00,100 גרם,false,,17.90,4.4750,true,1,126512
7290000070322,false,אבקת מרק פטריות רכיבים טבעיים אסם 400 גרם,"אסם השקעות בע""\מ",IL,אסם אב.מרק פטריות רכ,גרמים,400.00,100 גרם,false,,25.90,6.4750,true,1,126513
7290000070353,false,אבקת מרק בצל רכיבים טבעיים אסם 400 גרם,"אסם השקעות בע""\מ",IL,אסם אבקת מרק בצל רכי,גרמים,400.00,100 גרם,false,,25.90,6.4750,true,1,126514
7290000071571,false,טירת צבי פסטרמה פרגי,,,טירת צבי פסטרמה פרגי,קילוגרמים,1.00,"ק""ג",true,,80.00,80.0000,true,1,113992
7290000072067,false,במבה במילוי קרם חלבה 60ג' אסם,מיוצר עי קונדיטוריית,IL,במבה במילוי קרם חלוו,Unknown,0.00,יחידה,false,,4.90,0.0000,true,1,126523
7290000072241,false,"רוטב פיצה 290 מ""ל-בקבוק","אסם השקעות בע""\מ",IL,אסם רוטב פיצה 9*290מ,גרמים,320.00,100 גרם,false,,9.90,3.0938,true,1,126526
7290000072623,false,קטשופ אסם בקבוק לחיץ 750 גרם,"אסם תעשיות בע""מ",IL,אסם קטשופ בקבוק לחיץ,גרמים,750.00,100 גרם,false,,11.90,1.5867,true,1,126528
7290000072753,false,קפה נמס מגורען טסטרס צ'ויס 200 גרם-,נסטלה קוריאה - קפה,KR,טייסטרס צ'וייס 12*20,גרמים,200.00,100 גרם,false,,31.90,15.9500,true,1,126533
7290000072760,false,נסקפה טייסטרס צויס 100 גר אוריגנל,נסטלה קוריאה - קפה,KR,טייסטרס צ'וייס 12*10,Unknown,0.00,יחידה,false,,25.90,0.0000,true,1,126534
7290000072777,false,קפה נמס מגורען נטול קפאין טסטרס צ'ויס 200 גרם,נסטלה קוריאה - קפה,KR,טייסטרס צוייס נטול ק,גרמים,200.00,100 גרם,false,,39.90,19.9500,true,1,126535
7290000072968,false,דגני בוקר סיני מיניס חיטה מלאה וקינמון נסטלה 500 גרם,נסטלה פולין דגני בוק,PL,סיני מיניס 14*500גרם,גרמים,500.00,100 גרם,false,,26.90,5.3800,true,1,126540
7290000073415,false,אוסם - מנה חמה פסטה ברוטב פיצה 61 גרם,"אסם השקעות בע""\מ",IL,מנה חמה פסטה ברוטב פ,Unknown,0.00,יחידה,false,,7.90,0.0000,true,1,126542
7290000073699,false,סלט חומוס צבר 150 גרם,סלטי צבר,IL,חומוס חלק 150 גרם,גרמים,150.00,100 גרם,false,,5.50,3.6667,true,1,126543
7290000073703,false,דג אמנון טרי שלם,,,דג אמנון טרי שלם,קילוגרמים,1.00,"ק""ג",true,,27.90,27.9000,true,1,146753
7290000073750,false,מנה חמה נודלס אטר+ירקות טעם עוף 70 גרם,PUB FOODS PRESIDENT THAI,TH,מנה חמה נודלס אטר.+י,Unknown,0.00,יחידה,false,,7.90,0.0000,true,1,126544
7290000073767,false,מנה חמה נודלס אטר.+ירקות טעם בקר 70 גרם,PUB FOODS PRESIDENT THAI,TH,מנה חמה נודלס אטר.+י,Unknown,0.00,יחידה,false,,7.90,0.0000,true,1,126545
7290000073774,false,מנה חמה נודלס אטר+ירקות טעם צילי 70 גרם,טאי רזידנט,TH,מנה חמה נודלס אטר+יר,Unknown,0.00,יחידה,false,,7.90,0.0000,true,1,126546
7290000074153,false,ביסקוויט פתי בר שוקולד אסם 500 גרם,מיוצר עי קונדיטוריית,IL,אסם פתי בר שוקו 12*5,גרמים,500.00,100 גרם,false,,14.90,2.9800,true,1,126551
7290000074184,false,ביסקויט פתיבר קלאסי 500 גרם,"אסם השקעות בע""\מ",IL,אסם פתי בר 12*500גרם,גרמים,500.00,100 גרם,false,,11.90,2.3800,true,1,126553
7290000074245,false,אוסם - קרם קרקר אסם 250 גרם,"אסם השקעות בע""\מ",IL,אסם קרם קרקר 12*250ג,גרמים,250.00,100 גרם,false,,9.90,3.9600,true,1,126554
7290000074252,false,קרקר שומשון אסם 250 גרם,"אסם השקעות בע""\מ",IL,אסם קרקר שומשום 12*2,גרמים,250.00,100 גרם,false,,9.90,3.9600,true,1,126555
7290000074276,false,קרקר פיקנטי טבעון 250 ג' אסם,"אסם השקעות בע""\מ",IL,אסם קרקר קלאסי 12*25,גרמים,250.00,100 גרם,false,,10.90,4.3600,true,1,126556
7290000074375,false,אוסם - קרקר זהב 150 גרם,"אסם השקעות בע""\מ",IL,אסם קרקר זהב 12*150ג,גרמים,150.00,100 גרם,false,,7.90,5.2667,true,1,126559
7290000074406,false,יורוציז דנאבלו גבוה,,,יורוציז דנאבלו גבוה,קילוגרמים,1.00,"ק""ג",true,,80.00,80.0000,true,1,146793
7290000074481,false,לחמית אגוזים אסם 160 גרם,"אסם השקעות בע""\מ",IL,לחמית אגוזים 12*160ג,גרמים,160.00,100 גרם,false,,11.90,7.4375,true,1,126561
7290000074696,false,אסם קרם קרקר 4*1קג ח,"אסם השקעות בע""\מ",IL,אסם קרם קרקר 4*1קג ח,גרמים,1000.00,100 גרם,false,,29.90,2.9900,true,1,126563
7290000074764,false,קרקר הזהב אסם 900 גרם,"אסם השקעות בע""\מ",IL,אסם קרקר זהב 4*900גר,גרמים,900.00,100 גרם,false,,29.90,3.3222,true,1,126567
7290000075204,false,אוסם - לחמית חיטה מלאה 250 גרם,"אסם השקעות בע""\מ",IL,לחמית חיטה מלאה 10*2,גרמים,250.00,100 גרם,false,,9.90,3.9600,true,1,126570
7290000075693,false,עוגת הבית שמרים בריוש שוקולד אסם 360 גרם,מיוצר עי קונדיטוריית,IL,הבית עוגת שמרים בריו,גרמים,360.00,100 גרם,false,,17.90,4.9722,true,1,126571
7290000075760,false,וילי פוד מנצגו מחלב,,,וילי פוד מנצגו מחלב,קילוגרמים,1.00,"ק""ג",true,,110.00,110.0000,true,1,115434
7290000075777,false,וילי פוד איבריקו,,,וילי פוד איבריקו,קילוגרמים,1.00,"ק""ג",true,,110.00,110.0000,true,1,115435
7290000075906,false,גאודה מחלב עיזים 32%,,,גאודה מחלב עיזים 32%,קילוגרמים,1.00,"ק""ג",true,,120.00,120.0000,true,1,115437
7290000076133,false,בייגלה שמיניות קטנות עם מלח אסם 400 גרם,"אסם השקעות בע""\מ",IL,אסם בייגלה שמיניות ק,גרמים,400.00,100 גרם,false,,10.90,2.7250,true,1,126573
7290000076208,false,גד ברי פקאן משולשים,,,גד ברי פקאן משולשים,קילוגרמים,1.00,"ק""ג",true,,160.00,160.0000,true,1,146587
7290000076645,false,טוסטעים פת קלויה חיטה מלאה אסם 100 גרם,ון דר מולן האלום,NL,אסם טוסטעים חיטה מלא,גרמים,100.00,100 גרם,false,,10.90,10.9000,true,1,126575
7290000077253,false,אוסם - לחמית כפרית עם דגנים מלאים 190 גרם,"אסם השקעות בע""\מ",IL,לחמית כפרית 12*190גר,גרמים,190.00,100 גרם,false,,11.90,6.2632,true,1,126579
7290000078762,false,אוסם - חטיפי פריכונים מאורז מלא בטעם דבש 80גר,סנורייס בלגיום אן. ו,GB,אסם חטיפי פריכונים א,Unknown,0.00,יחידה,false,,7.90,0.0000,true,1,126583
7290000079290,false,גבינה צהובה נעם טרה,,,גבינה חריץ נעם 15%,קילוגרמים,1.00,"ק""ג",true,,75.00,75.0000,true,1,202638
7290000079412,false,אמנטל נעם מהדרין במש,,,נעם חריץ אמנטל,קילוגרמים,1.00,"ק""ג",true,,65.00,65.0000,true,1,202641
7290000080758,false,אוסם - טוסטעים פת קלוי 100 גרם,ון דר מולן האלום,NL,אסם טוסטעים 14*100גר,Unknown,0.00,יחידה,false,,10.90,0.0000,true,1,126588
7290000080765,false,טוסטעים פת קלויה עם שומשום אסם 100 גרם,ון דר מולן האלום,NL,אסם טוסטעים עם שומשו,Unknown,0.00,יחידה,false,,10.90,0.0000,true,1,126589
7290000081825,false,מס 5 מוכשר,,,מס 5 מוכשר,קילוגרמים,1.00,"ק""ג",true,,74.90,74.9000,true,1,181219
7290000081924,false,מס 4 חלק,,,מס 4 חלק,קילוגרמים,1.00,"ק""ג",true,,54.90,54.9000,true,1,181200
7290000082049,false,הבולגריה בקוביות עם,,,הבולגריה בקוביות עם,קילוגרמים,1.00,"ק""ג",true,,80.00,80.0000,true,1,115440
7290000082355,false,צ'דר טריפל,,,צ'דר טריפל,קילוגרמים,1.00,"ק""ג",true,,140.00,140.0000,true,1,122419
7290000085066,false,גד בולגרית קוביות 5%,,,גד בולגרית קוביות 5%,קילוגרמים,1.00,"ק""ג",true,,70.00,70.0000,true,1,146588
7290000085159,false,פרורי ביסקוויט בטעם וניל הדר 250 גרם,גטניו אם החיטה,IL,גטניו פרורי פתי בר 2,גרמים,250.00,100 גרם,false,,6.90,2.7600,true,1,198772
7290000085196,false,גד רוקפור גליל,,,גד רוקפור גליל,קילוגרמים,1.00,"ק""ג",true,,149.00,149.0000,true,1,146591
7290000085455,false,גד בולגרית מעודנת 24,,,גד בולגרית מעודנת 24,קילוגרמים,1.00,"ק""ג",true,,70.00,70.0000,true,1,146594
7290000085738,false,גד מנצגו משולשים,,,גד מנצגו משולשים,קילוגרמים,1.00,"ק""ג",true,,170.00,170.0000,true,1,146598
7290000086947,false,האקדמיה לבשר פילה דג,,,האקדמיה לבשר פילה דג,קילוגרמים,1.00,"ק""ג",true,,79.90,79.9000,true,1,198489
7290000089045,false,כפיר הולנדית 22%,,,כפיר הולנדית 22%,קילוגרמים,1.00,"ק""ג",true,,45.00,45.0000,true,1,131715
7290000089199,false,מקסיקני חריפה בלוק,,,כפיר צהובה חריפה 22%,קילוגרמים,1.00,"ק""ג",true,,50.00,50.0000,true,1,131717
7290000089274,false,נקניק מעושן מעדנייה,,,כפיר מעושנת נקניק,קילוגרמים,1.00,"ק""ג",true,,50.00,50.0000,true,1,131719
7290000089373,false,כפיר צהובה עם זיתים,,,כפיר צהובה עם זיתים,קילוגרמים,1.00,"ק""ג",true,,50.00,50.0000,true,1,131721
7290000092247,false,גבינת חלומי גד,,,גבינת חלומי גד,קילוגרמים,1.00,"ק""ג",true,,120.00,120.0000,true,1,146601
7290000092872,false,גד צפתית רכה במים מל,,,גד צפתית רכה במים מל,קילוגרמים,1.00,"ק""ג",true,,75.00,75.0000,true,1,146603
7290000092889,false,גד גבינת שמנת שמיר 3,,,גד גבינת שמנת שמיר 3,קילוגרמים,1.00,"ק""ג",true,,55.00,55.0000,true,1,146604
7290000092957,false,גד פטה עיזים מסורתי,,,גד פטה עיזים מסורתי,קילוגרמים,1.00,"ק""ג",true,,140.00,140.0000,true,1,146607
7290000092964,false,גד פטה כבש,,,גד פטה כבש,קילוגרמים,1.00,"ק""ג",true,,120.00,120.0000,true,1,146608
7290000095050,false,יורוציז מאסדם פריסלנ,,,יורוציז מאסדם פריסלנ,קילוגרמים,1.00,"ק""ג",true,,89.00,89.0000,true,1,146796
7290000095081,false,יורוציז גאודה פריסלנ,,,יורוציז גאודה פריסלנ,קילוגרמים,1.00,"ק""ג",true,,89.00,89.0000,true,1,146797
7290000095408,false,נעם 28% חריץ מעדניה,,,"נעם גבנ""צ 28% שקיל",קילוגרמים,1.00,"ק""ג",true,,44.79,44.7900,true,1,202644
7290000095415,false,נעם 9% חריץ מעדניה-,,,"נעם גבנ""צ 9%",קילוגרמים,1.00,"ק""ג",true,,85.00,85.0000,true,1,202645
7290000095422,false,גבינת נועם 22% חריץ,,,"נעם גבנ""צ 22%",קילוגרמים,1.00,"ק""ג",true,,42.58,42.5800,true,1,117781
7290000100015,false,מאפה מתוק במשקל,,,מאפה מתוק במשקל,קילוגרמים,1.00,"ק""ג",true,,39.90,39.9000,true,1,116224
7290000100128,false,פירות קפואים תות סנפרוסט 300 ג',"סנפרוסט בע""מ",IL,סנפרוסט תות שדה 300,גרמים,300.00,100 גרם,false,,14.90,4.9667,true,1,114036
7290000100205,false,פקאן בקליפה,,,פקאן בקליפה,קילוגרמים,1.00,"ק""ג",true,,40.00,40.0000,true,1,136678
7290000100410,false,מאפה מלוח במשקל,,,מאפה מלוח במשקל,קילוגרמים,1.00,"ק""ג",true,,39.90,39.9000,true,1,116225
7290000100615,false,5 יח' חליות לחמניו,,,עוגיות קוקיס,קילוגרמים,1.00,"ק""ג",true,,49.90,49.9000,true,1,116229
7290000100617,false,עוגיות יבשות,,,עוגיות יבשות,קילוגרמים,1.00,"ק""ג",true,,39.90,39.9000,true,1,116231
7290000101000,false,קבוקים,,,קבוקים,קילוגרמים,1.00,"ק""ג",true,,30.00,30.0000,true,1,131814
7290000101001,false,בוטנים קלוי,,,בוטנים קלוי,קילוגרמים,1.00,"ק""ג",true,,40.00,40.0000,true,1,114997
7290000101002,false,שקד עם קליפה קלוי,,,שקד עם קליפה קלוי,קילוגרמים,1.00,"ק""ג",true,,50.00,50.0000,true,1,137269
7290000101004,false,שקדים קלוי,,,שקדים קלוי,קילוגרמים,1.00,"ק""ג",true,,70.00,70.0000,true,1,136657
7290000101005,false,תערובת אקסטרא,,,תערובת אקסטרא,קילוגרמים,1.00,"ק""ג",true,,70.00,70.0000,true,1,144044
7290000101006,false,בונדוק קלוי,,,בונדוק קלוי,קילוגרמים,1.00,"ק""ג",true,,70.00,70.0000,true,1,136679
7290000101008,false,קשיו קלוי,,,קשיו קלוי,קילוגרמים,1.00,"ק""ג",true,,70.00,70.0000,true,1,120120
7290000101009,false,גרעינים לבנים קלוי,,,גרעינים לבנים קלוי,קילוגרמים,1.00,"ק""ג",true,,40.00,40.0000,true,1,148423
7290000101011,false,פול קלוי,,,פול קלוי,קילוגרמים,1.00,"ק""ג",true,,50.00,50.0000,true,1,144045
7290000101012,false,פיסטוק חלבי קלוי,,,פיסטוק חלבי קלוי,קילוגרמים,1.00,"ק""ג",true,,70.00,70.0000,true,1,144046
7290000101013,false,גרעינים שחורים עם מל,,,גרעינים שחורים עם מל,קילוגרמים,1.00,"ק""ג",true,,20.00,20.0000,true,1,136658
7290000101014,false,אגוז פקאן קלוי,,,אגוז פקאן קלוי,קילוגרמים,1.00,"ק""ג",true,,80.00,80.0000,true,1,131864
7290000101016,false,בוטן אמריקאי,,,בוטן אמריקאי,קילוגרמים,1.00,"ק""ג",true,,30.00,30.0000,true,1,131815
7290000101017,false,פיסטוק חלבי מקולף,,,פיסטוק חלבי מקולף,קילוגרמים,1.00,"ק""ג",true,,150.00,150.0000,true,1,114998
7290000101018,false,פקאן סיני מסוכר,,,פקאן סיני מסוכר,קילוגרמים,1.00,"ק""ג",true,,100.00,100.0000,true,1,114999
7290000101021,false,אגוז מלך,,,אגוז מלך,קילוגרמים,1.00,"ק""ג",true,,50.00,50.0000,true,1,151569
7290000101022,false,פקאן טבעי,,,פקאן טבעי,קילוגרמים,1.00,"ק""ג",true,,80.00,80.0000,true,1,119299
7290000101024,false,אגוז ברזילאי,,,אגוז ברזילאי,קילוגרמים,1.00,"ק""ג",true,,80.00,80.0000,true,1,120121
7290000101025,false,שקד טבעי,,,שקד טבעי,קילוגרמים,1.00,"ק""ג",true,,60.00,60.0000,true,1,136659
7290000101026,false,שקד חצאים,,,שקד חצאים,קילוגרמים,1.00,"ק""ג",true,,60.00,60.0000,true,1,119300
7290000101027,false,שקד חתוך גפרורים,,,שקד חתוך גפרורים,קילוגרמים,1.00,"ק""ג",true,,60.00,60.0000,true,1,136681
7290000101028,false,שקד פרוסות,,,שקד פרוסות,קילוגרמים,1.00,"ק""ג",true,,60.00,60.0000,true,1,148424
7290000101030,false,שעועית לבנה,,,שעועית לבנה,קילוגרמים,1.00,"ק""ג",true,,10.00,10.0000,true,1,142740
7290000101031,false,פול ירוק,,,פול ירוק,קילוגרמים,1.00,"ק""ג",true,,15.00,15.0000,true,1,120122
7290000101032,false,שיבולת שועל עבה,,,שיבולת שועל עבה,קילוגרמים,1.00,"ק""ג",true,,10.00,10.0000,true,1,120123
7290000101033,false,עדשים אוסטרלים,,,עדשים אוסטרלים,קילוגרמים,1.00,"ק""ג",true,,10.00,10.0000,true,1,142741
7290000101034,false,שעועית שחורה,,,שעועית שחורה,קילוגרמים,1.00,"ק""ג",true,,15.00,15.0000,true,1,120124
7290000101035,false,עדשים קנדי גדול,,,עדשים קנדי גדול,קילוגרמים,1.00,"ק""ג",true,,10.00,10.0000,true,1,120125
7290000101036,false,חמנייה מקולפת,,,חמנייה מקולפת,קילוגרמים,1.00,"ק""ג",true,,25.00,25.0000,true,1,141559
7290000101037,false,גרעיני דלעת מקולפת,,,גרעיני דלעת מקולפת,קילוגרמים,1.00,"ק""ג",true,,40.00,40.0000,true,1,120126
7290000101039,false,עדשים אדומות,,,עדשים אדומות,קילוגרמים,1.00,"ק""ג",true,,10.00,10.0000,true,1,134647
7290000101040,false,שומשום אדום טורקי,,,שומשום אדום טורקי,קילוגרמים,1.00,"ק""ג",true,,20.00,20.0000,true,1,141894
7290000101041,false,בורגול דק,,,בורגול דק,קילוגרמים,1.00,"ק""ג",true,,7.00,7.0000,true,1,134648
7290000101042,false,בורגול בנוני,,,בורגול בנוני,קילוגרמים,1.00,"ק""ג",true,,7.00,7.0000,true,1,134649
7290000101043,false,פטריות שמפניון,סודות המזרח,IL,שעועית מאש,קילוגרמים,1.00,"ק""ג",true,,15.00,15.0000,true,1,136644
7290000101045,false,פשתן,,,פשתן,קילוגרמים,1.00,"ק""ג",true,,10.00,10.0000,true,1,136645
7290000101047,false,קוקוס טחון,,,קוקוס טחון,קילוגרמים,1.00,"ק""ג",true,,25.00,25.0000,true,1,120127
7290000101048,false,לוביה,,,לוביה,קילוגרמים,1.00,"ק""ג",true,,15.00,15.0000,true,1,142743
7290000101049,false,שעועית אדומה,,,שעועית אדומה,קילוגרמים,1.00,"ק""ג",true,,15.00,15.0000,true,1,142744
7290000101050,false,קינואה לבנה,,,קינואה לבנה,קילוגרמים,1.00,"ק""ג",true,,20.00,20.0000,true,1,120128
7290000101051,false,קינמון שלם,,,קינמון שלם,קילוגרמים,1.00,"ק""ג",true,,30.00,30.0000,true,1,141895
7290000101052,false,שום פרוס פליקס,,,שום פרוס פליקס,קילוגרמים,1.00,"ק""ג",true,,40.00,40.0000,true,1,141029
7290000101053,false,תבלין פלאפל,,,תבלין פלאפל,קילוגרמים,1.00,"ק""ג",true,,60.00,60.0000,true,1,144047
7290000101054,false,תבלין על האש,,,תבלין על האש,קילוגרמים,1.00,"ק""ג",true,,70.00,70.0000,true,1,131869
7290000101055,false,פלפל שחור גרוס,,,פלפל שחור גרוס,קילוגרמים,1.00,"ק""ג",true,,60.00,60.0000,true,1,141030
7290000101056,false,אבקת עמבה,,,אבקת עמבה,קילוגרמים,1.00,"ק""ג",true,,50.00,50.0000,true,1,131870
7290000101057,false,תבלין שווארמה,,,תבלין שווארמה,קילוגרמים,1.00,"ק""ג",true,,70.00,70.0000,true,1,144048
7290000101058,false,תבלין אורז רגיל,,,תבלין אורז רגיל,קילוגרמים,1.00,"ק""ג",true,,100.00,100.0000,true,1,144049
7290000101059,false,אגוז מוסקט טחון,,,אגוז מוסקט טחון,קילוגרמים,1.00,"ק""ג",true,,100.00,100.0000,true,1,146738
7290000101060,false,פלפל שחור טחון,,,פלפל שחור טחון,קילוגרמים,1.00,"ק""ג",true,,50.00,50.0000,true,1,146739
7290000101061,false,פלפל סודני גרוס,,,פלפל סודני גרוס,קילוגרמים,1.00,"ק""ג",true,,40.00,40.0000,true,1,141031
7290000101062,false,זנגביל טחון,,,זנגביל טחון,קילוגרמים,1.00,"ק""ג",true,,60.00,60.0000,true,1,131871
7290000101063,false,גריל עוף,,,גריל עוף,קילוגרמים,1.00,"ק""ג",true,,70.00,70.0000,true,1,131872
7290000101064,false,היל שלם קלוי,,,היל טחון,קילוגרמים,1.00,"ק""ג",true,,150.00,150.0000,true,1,142745
7290000101066,false,כמון טחון,,,כמון טחון,קילוגרמים,1.00,"ק""ג",true,,50.00,50.0000,true,1,146740
7290000101067,false,אגוז מוסקט שלם,,,אגוז מוסקט שלם,קילוגרמים,1.00,"ק""ג",true,,120.00,120.0000,true,1,146741
7290000101068,false,תבלין ירקות בתנור,,,תבלין ירקות בתנור,קילוגרמים,1.00,"ק""ג",true,,70.00,70.0000,true,1,144050
7290000101069,false,גרגירי חרדל צהוב,,,גרגירי חרדל צהוב,קילוגרמים,1.00,"ק""ג",true,,60.00,60.0000,true,1,131873
7290000101070,false,עגבניות שרי אשכולות,יושלם,,כורכום טחון,קילוגרמים,1.00,"ק""ג",true,,50.00,50.0000,true,1,131874
7290000101072,false,פרג שלם,,,פרג שלם,קילוגרמים,1.00,"ק""ג",true,,40.00,40.0000,true,1,120129
7290000101073,false,ציפורן שלם,,,ציפורן שלם,קילוגרמים,1.00,"ק""ג",true,,120.00,120.0000,true,1,131875
7290000101075,false,שמיר יבש,,,שמיר יבש,קילוגרמים,1.00,"ק""ג",true,,120.00,120.0000,true,1,131876
7290000101076,false,תבלין לפיצה,,,תבלין לפיצה,קילוגרמים,1.00,"ק""ג",true,,60.00,60.0000,true,1,144051
7290000101077,false,רוזמרין,,,רוזמרין,קילוגרמים,1.00,"ק""ג",true,,70.00,70.0000,true,1,131877
7290000101079,false,פלפל סודני שלם,,,פלפל סודני שלם,קילוגרמים,1.00,"ק""ג",true,,40.00,40.0000,true,1,131878
7290000101080,false,קינמון טחון,,,קינמון טחון,קילוגרמים,1.00,"ק""ג",true,,50.00,50.0000,true,1,146743
7290000101081,false,שום גבישי,,,שום גבישי,קילוגרמים,1.00,"ק""ג",true,,40.00,40.0000,true,1,141032
7290000101082,false,קימל שלם,,,קימל שלם,קילוגרמים,1.00,"ק""ג",true,,50.00,50.0000,true,1,131879
7290000101083,false,כוסברה טחונה,,,כוסברה טחונה,קילוגרמים,1.00,"ק""ג",true,,50.00,50.0000,true,1,131880
7290000101084,false,פפריקה חריפה,,,פפריקה חריפה,קילוגרמים,1.00,"ק""ג",true,,40.00,40.0000,true,1,131881
7290000101085,false,פלפל לבן טחון,,,פלפל לבן טחון,קילוגרמים,1.00,"ק""ג",true,,100.00,100.0000,true,1,131882
7290000101086,false,קארי,,,קארי,קילוגרמים,1.00,"ק""ג",true,,50.00,50.0000,true,1,131883
7290000101087,false,קצח,,,קצח,קילוגרמים,1.00,"ק""ג",true,,30.00,30.0000,true,1,141898
7290000101088,false,עלי מרווה,,,עלי מרווה,קילוגרמים,1.00,"ק""ג",true,,100.00,100.0000,true,1,131029
7290000101089,false,עלי נענע,,,עלי נענע,קילוגרמים,1.00,"ק""ג",true,,100.00,100.0000,true,1,131030
7290000101090,false,פלפל ארבעת העונות,,,פלפל ארבעת העונות,קילוגרמים,1.00,"ק""ג",true,,120.00,120.0000,true,1,131884
7290000101091,false,בהרט,,,בהרט,קילוגרמים,1.00,"ק""ג",true,,80.00,80.0000,true,1,131885
7290000101092,false,עלי לואיזה,,,עלי לואיזה,קילוגרמים,1.00,"ק""ג",true,,200.00,200.0000,true,1,131031
7290000101093,false,תבלין פילדלפיה,,,תבלין פילדלפיה,קילוגרמים,1.00,"ק""ג",true,,70.00,70.0000,true,1,131886
7290000101094,false,ינסון שלם,,,ינסון שלם,קילוגרמים,1.00,"ק""ג",true,,50.00,50.0000,true,1,115000
7290000101095,false,זעתר בלדי,,,זעתר בלדי,קילוגרמים,1.00,"ק""ג",true,,50.00,50.0000,true,1,141899
7290000101096,false,כוסברה שלמה,,,כוסברה שלמה,קילוגרמים,1.00,"ק""ג",true,,30.00,30.0000,true,1,131887
7290000101097,false,תבלין צ'יקן,,,"תבלין צ""יקן",קילוגרמים,1.00,"ק""ג",true,,70.00,70.0000,true,1,144052
7290000101098,false,גריל דג,,,גריל דג,קילוגרמים,1.00,"ק""ג",true,,70.00,70.0000,true,1,131888
7290000101099,false,ציפורן טחון,,,ציפורן טחון,קילוגרמים,1.00,"ק""ג",true,,120.00,120.0000,true,1,145164
7290000101100,false,עלי פטרוזיליה,,,עלי פטרוזיליה,קילוגרמים,1.00,"ק""ג",true,,100.00,100.0000,true,1,131032
7290000101102,false,ראס אלחנות,,,ראס אלחנות,קילוגרמים,1.00,"ק""ג",true,,100.00,100.0000,true,1,131889
7290000101104,false,היל שלם לטחינה,,,היל שלם לטחינה,קילוגרמים,1.00,"ק""ג",true,,150.00,150.0000,true,1,142746
7290000101105,false,חילבה טחון,,,חילבה טחון,קילוגרמים,1.00,"ק""ג",true,,40.00,40.0000,true,1,131890
7290000101106,false,פפריקה מתוקה בשמן,,,פפריקה מתוקה בשמן,קילוגרמים,1.00,"ק""ג",true,,40.00,40.0000,true,1,146744
7290000101107,false,תבלין קבב,,,תבלין קבב,קילוגרמים,1.00,"ק""ג",true,,100.00,100.0000,true,1,144053
7290000101108,false,פלפל אנגלי שלם,,,פלפל אנגלי שלם,קילוגרמים,1.00,"ק""ג",true,,60.00,60.0000,true,1,115001
7290000101109,false,אורגנו,,,אורגנו,קילוגרמים,1.00,"ק""ג",true,,50.00,50.0000,true,1,131891
7290000101110,false,טימין,,,טימין,קילוגרמים,1.00,"ק""ג",true,,100.00,100.0000,true,1,131033
7290000101114,false,תרומה לבית אלמוג שיל,,,עלי מיורן,קילוגרמים,1.00,"ק""ג",true,,100.00,100.0000,true,1,131034
7290000101115,false,"ורדים ""קרקדיה""",,,"ורדים ""קרקדיה""",קילוגרמים,1.00,"ק""ג",true,,100.00,100.0000,true,1,141900
7290000101116,false,עלי זעתר,,,עלי זעתר,קילוגרמים,1.00,"ק""ג",true,,120.00,120.0000,true,1,131893
7290000101117,false,בזיליקום,,,בזיליקום,קילוגרמים,1.00,"ק""ג",true,,70.00,70.0000,true,1,131035
7290000101118,false,זנגביל שלם,,,זנגביל שלם,קילוגרמים,1.00,"ק""ג",true,,60.00,60.0000,true,1,145166
7290000101120,false,כמון שלם,,,כמון שלם,קילוגרמים,1.00,"ק""ג",true,,50.00,50.0000,true,1,120130
7290000101121,false,פלפל שחור שלם,,,פלפל שחור שלם,קילוגרמים,1.00,"ק""ג",true,,40.00,40.0000,true,1,115002
7290000101122,false,קימל טחון,,,קימל טחון,קילוגרמים,1.00,"ק""ג",true,,50.00,50.0000,true,1,131894
7290000101123,false,מלח לימון,,,מלח לימון,קילוגרמים,1.00,"ק""ג",true,,20.00,20.0000,true,1,145168
7290000101124,false,גריסים,,,גריסים,קילוגרמים,1.00,"ק""ג",true,,10.00,10.0000,true,1,136646
7290000101125,false,עדשים שחורות,,,עדשים שחורות,קילוגרמים,1.00,"ק""ג",true,,15.00,15.0000,true,1,136647
7290000101127,false,חומוס,,,חומוס,קילוגרמים,1.00,"ק""ג",true,,10.00,10.0000,true,1,142747
7290000101128,false,אפונה חצאים,,,אפונה חצאים,קילוגרמים,1.00,"ק""ג",true,,10.00,10.0000,true,1,136648
7290000101129,false,שומשום לבן,,,שומשום לבן,קילוגרמים,1.00,"ק""ג",true,,20.00,20.0000,true,1,142748
7290000101131,false,כוסמת חומה,,,כוסמת חומה,קילוגרמים,1.00,"ק""ג",true,,15.00,15.0000,true,1,120131
7290000101133,false,תורמוס מתוק,,,תורמוס מתוק,קילוגרמים,1.00,"ק""ג",true,,10.00,10.0000,true,1,142749
7290000101136,false,שעועית בובס,,,שעועית בובס,קילוגרמים,1.00,"ק""ג",true,,15.00,15.0000,true,1,120133
7290000101137,false,תאנים,,,תאנים,קילוגרמים,1.00,"ק""ג",true,,50.00,50.0000,true,1,119301
7290000101139,false,משמש,,,משמש,קילוגרמים,1.00,"ק""ג",true,,50.00,50.0000,true,1,136682
7290000101140,false,צימוק גדול ג'מבו,,,צימוק גדול ג'מבו,קילוגרמים,1.00,"ק""ג",true,,50.00,50.0000,true,1,119302
7290000101142,false,תערובת אורז מרקש,,,תערובת אורז מרקש,קילוגרמים,1.00,"ק""ג",true,,79.00,79.0000,true,1,131895
7290000101143,false,חליטת סיידר חם,,,חליטת סיידר חם,קילוגרמים,1.00,"ק""ג",true,,70.00,70.0000,true,1,131036
7290000101144,false,כורכום שלם,,,כורכום שלם,קילוגרמים,1.00,"ק""ג",true,,50.00,50.0000,true,1,131896
7290000101145,false,תערובת אורז מדרס,,,תערובת אורז מדרס,קילוגרמים,1.00,"ק""ג",true,,79.00,79.0000,true,1,131897
7290000101146,false,זנגביל דל סוכר,,,זנגביל דל סוכר,קילוגרמים,1.00,"ק""ג",true,,50.00,50.0000,true,1,136683
7290000101147,false,תערובת אורז פרסי,,,תערובת אורז פרסי,קילוגרמים,1.00,"ק""ג",true,,79.00,79.0000,true,1,145175
7290000101148,false,מלח אטלנטי מתובל,,,מלח אטלנטי מתובל,קילוגרמים,1.00,"ק""ג",true,,60.00,60.0000,true,1,131898
7290000101150,false,חליטת פירות יער,,,חליטת פירות יער,קילוגרמים,1.00,"ק""ג",true,,70.00,70.0000,true,1,141033
7290000101151,false,תבלין סלט יווני,,,תבלין סלט יווני,קילוגרמים,1.00,"ק""ג",true,,79.00,79.0000,true,1,144054
7290000101153,false,קיווי מסוכר,,,קיווי מסוכר,קילוגרמים,1.00,"ק""ג",true,,50.00,50.0000,true,1,119303
7290000101154,false,לימונית,,,לימונית,קילוגרמים,1.00,"ק""ג",true,,100.00,100.0000,true,1,131037
7290000101156,false,אפונה מטוגנת,,,אפונה מטוגנת,קילוגרמים,1.00,"ק""ג",true,,30.00,30.0000,true,1,136684
7290000101157,false,תבלין שניצל,,,תבלין שניצל,קילוגרמים,1.00,"ק""ג",true,,70.00,70.0000,true,1,144055
7290000101159,false,פריקה,,,פריקה,קילוגרמים,1.00,"ק""ג",true,,15.00,15.0000,true,1,145169
7290000101161,false,תבלין חוויאג' למרק,,,"תבלין חוויאג"" למרק",קילוגרמים,1.00,"ק""ג",true,,70.00,70.0000,true,1,131900
7290000101163,false,מחלב,,,מחלב,קילוגרמים,1.00,"ק""ג",true,,200.00,200.0000,true,1,141901
7290000101165,false,תבלין קובה,,,תבלין קובה,קילוגרמים,1.00,"ק""ג",true,,70.00,70.0000,true,1,131901
7290000101166,false,משיה שלם,,,משיה שלם,קילוגרמים,1.00,"ק""ג",true,,249.90,249.9000,true,1,131902
7290000101167,false,קשיו טבעי,,,קשיו טבעי,קילוגרמים,1.00,"ק""ג",true,,60.00,60.0000,true,1,136650
7290000101168,false,פיסטוק חלבי טבעי,,,פיסטוק חלבי טבעי,קילוגרמים,1.00,"ק""ג",true,,60.00,60.0000,true,1,136651
7290000101169,false,גרעינים שחורים טבעי,,,גרעינים שחורים טבעי,קילוגרמים,1.00,"ק""ג",true,,15.00,15.0000,true,1,121863
7290000101171,false,בוטנים טבעי,,,בוטנים טבעי,קילוגרמים,1.00,"ק""ג",true,,30.00,30.0000,true,1,137271
7290000101173,false,עלי דפנה,,,עלי דפנה,קילוגרמים,1.00,"ק""ג",true,,50.00,50.0000,true,1,131903
7290000101174,false,גרעינים שחורים בלי מ,,,גרעינים שחורים בלי מ,קילוגרמים,1.00,"ק""ג",true,,20.00,20.0000,true,1,204455
7290000101175,false,גרעיני אבטיח קלוי,,,גרעיני אבטיח מלוח,קילוגרמים,1.00,"ק""ג",true,,50.00,50.0000,true,1,134256
7290000101176,false,כוכבי אניס,,,כוכבי אניס,קילוגרמים,1.00,"ק""ג",true,,120.00,120.0000,true,1,131904
7290000101177,false,חיטה לחמין,,,חיטה לחמין,קילוגרמים,1.00,"ק""ג",true,,10.00,10.0000,true,1,120134
7290000101179,false,קינמון שלם עגול 8 סמ,,,קינמון שלם עגול 8 סמ,קילוגרמים,1.00,"ק""ג",true,,50.00,50.0000,true,1,141036
7290000101180,false,אבקת שום,,,אבקת שום,קילוגרמים,1.00,"ק""ג",true,,40.00,40.0000,true,1,131905
7290000101183,false,אגוז מלך בקליפה,,,אגוז מלך בקליפה,קילוגרמים,1.00,"ק""ג",true,,30.00,30.0000,true,1,137272
7290000101184,false,מנצ'יס,,,מנצ'יס,קילוגרמים,1.00,"ק""ג",true,,30.00,30.0000,true,1,148426
7290000101186,false,לימון פרסי כהה,,,לימון פרסי כהה,קילוגרמים,1.00,"ק""ג",true,,80.00,80.0000,true,1,131906
7290000101192,false,מקלות וניל,,,מקלות וניל,Unknown,0.00,יחידה,false,,30.00,0.0000,true,1,111641
7290000101197,false,"צ""אי מסאלה",,,"צ""אי מסאלה",קילוגרמים,1.00,"ק""ג",true,,100.00,100.0000,true,1,131038
7290000101198,false,מלח ים אטלנטי,,,מלח ים אטלנטי,קילוגרמים,1.00,"ק""ג",true,,50.00,50.0000,true,1,131907
7290000101200,false,תבלין לחמוצים,,,תבלין לחמוצים,קילוגרמים,1.00,"ק""ג",true,,70.00,70.0000,true,1,142752
7290000101201,false,סודה לשתייה,,,סודה לשתייה,קילוגרמים,1.00,"ק""ג",true,,10.00,10.0000,true,1,142753
7290000101205,false,חומוס ענק,,,חומוס ענק,קילוגרמים,1.00,"ק""ג",true,,15.00,15.0000,true,1,121864
7290000101206,false,תערובת גרמסלה,,,תערובת גרמסלה,קילוגרמים,1.00,"ק""ג",true,,80.00,80.0000,true,1,131908
7290000101208,false,תערובת שקשוקה,,,תערובת שקשוקה,קילוגרמים,1.00,"ק""ג",true,,60.00,60.0000,true,1,158865
7290000101209,false,תערובת חביתות,,,תערובת חביתות,קילוגרמים,1.00,"ק""ג",true,,80.00,80.0000,true,1,131041
7290000101213,false,אבקת בצל,,,אבקת בצל,קילוגרמים,1.00,"ק""ג",true,,50.00,50.0000,true,1,131909
7290000101214,false,תה ירוק,,,תה ירוק,קילוגרמים,1.00,"ק""ג",true,,50.00,50.0000,true,1,141902
7290000101215,false,תערובת אורז מקסיקני,,,תערובת אורז מקסיקני,קילוגרמים,1.00,"ק""ג",true,,79.00,79.0000,true,1,131910
7290000101216,false,תערובת אורז בדווי,,,תערובת אורז בדווי,קילוגרמים,1.00,"ק""ג",true,,79.00,79.0000,true,1,145176
7290000101218,false,פפריקה מעושנת,,,פפריקה מעושנת,קילוגרמים,1.00,"ק""ג",true,,50.00,50.0000,true,1,131912
7290000101220,false,תבלין מעורב ירושלמי,,,תבלין מעורב ירושלמי,קילוגרמים,1.00,"ק""ג",true,,70.00,70.0000,true,1,131914
7290000101221,false,"תבלין השחמה קיג""יין",,,"תבלין השחמה קיג""יין",קילוגרמים,1.00,"ק""ג",true,,70.00,70.0000,true,1,131915
7290000101222,false,תבלין רוסטביף,,,תבלין רוסטביף,קילוגרמים,1.00,"ק""ג",true,,70.00,70.0000,true,1,131916
7290000101223,false,תערובת פיצוחים א,,,תערובת פיצוחים א,קילוגרמים,1.00,"ק""ג",true,,50.00,50.0000,true,1,144056
7290000101227,false,פפריקה מתוקה גרוסה,,,פפריקה מתוקה גרוסה,קילוגרמים,1.00,"ק""ג",true,,40.00,40.0000,true,1,131917
7290000101228,false,סומק בלדי,,,סומק בלדי,קילוגרמים,1.00,"ק""ג",true,,50.00,50.0000,true,1,141903
7290000101229,false,שזיפים מגולענים,,,שזיפים,קילוגרמים,1.00,"ק""ג",true,,50.00,50.0000,true,1,119304
7290000101233,false,פלפל לימון,,,פלפל לימון,קילוגרמים,1.00,"ק""ג",true,,80.00,80.0000,true,1,131918
7290000101235,false,תערובת שום שמיר,,,תערובת שום שמיר,קילוגרמים,1.00,"ק""ג",true,,100.00,100.0000,true,1,131042
7290000101280,false,זופה,,,זופה,קילוגרמים,1.00,"ק""ג",true,,200.00,200.0000,true,1,131046
7290000101290,false,תורמוס מר,,,תורמוס מר,קילוגרמים,1.00,"ק""ג",true,,10.00,10.0000,true,1,182483
7290000101300,false,חמוציות,,,חמוציות,קילוגרמים,1.00,"ק""ג",true,,40.00,40.0000,true,1,151570
7290000101302,false,תירס פופקורן,,,תירס פופקורן,קילוגרמים,1.00,"ק""ג",true,,10.00,10.0000,true,1,142754
7290000101304,false,תבלין פסטה איטלקי,,,תבלין פסטה איטלקי,קילוגרמים,1.00,"ק""ג",true,,70.00,70.0000,true,1,144057
7290000101306,false,תבלין גולש,,,תבלין גולש,קילוגרמים,1.00,"ק""ג",true,,70.00,70.0000,true,1,131920
7290000101308,false,"זרעי צ""יה",,,"זרעי צ""יה",קילוגרמים,1.00,"ק""ג",true,,40.00,40.0000,true,1,119305
7290000101309,false,תערובת אורז בורה בור,,,תערובת אורז בורה בור,קילוגרמים,1.00,"ק""ג",true,,80.00,80.0000,true,1,131921
7290000101310,false,תערובת אורז מדגסקאר,,,תערובת אורז מדגסקאר,קילוגרמים,1.00,"ק""ג",true,,79.00,79.0000,true,1,131922
7290000101311,false,לימון פרסי בהיר,,,לימון פרסי בהיר,קילוגרמים,1.00,"ק""ג",true,,80.00,80.0000,true,1,131048
7290000101312,false,שומר שלם,,,שומר שלם,קילוגרמים,1.00,"ק""ג",true,,40.00,40.0000,true,1,145171
7290000101319,false,תבלין צ'מיצ'ורי,,,"תבלין צ""מיצ""ורי",קילוגרמים,1.00,"ק""ג",true,,80.00,80.0000,true,1,131925
7290000101321,false,תפוח עץ,,,תפוח עץ,קילוגרמים,1.00,"ק""ג",true,,50.00,50.0000,true,1,119306
7290000101322,false,אננס בטעמים,,,אננס בטעמים,קילוגרמים,1.00,"ק""ג",true,,50.00,50.0000,true,1,134257
7290000101326,false,פלפל חריף שלם,,,פלפל חריף שלם,קילוגרמים,1.00,"ק""ג",true,,50.00,50.0000,true,1,131926
7290000101334,false,"חליטת ג""ינג""ר ותפוח",,,"חליטת ג""ינג""ר ותפוח",קילוגרמים,1.00,"ק""ג",true,,79.00,79.0000,true,1,141039
7290000101337,false,שומשום שחור,,,שומשום שחור,קילוגרמים,1.00,"ק""ג",true,,80.00,80.0000,true,1,131050
7290000101339,false,בוטנים מולבנים טבעי,,,בוטנים מולבנים טבעי,קילוגרמים,1.00,"ק""ג",true,,25.00,25.0000,true,1,119307
7290000101413,false,רביולי,,,רביולי,קילוגרמים,1.00,"ק""ג",true,,60.00,60.0000,true,1,136839
7290000101414,false,חריף תאילנדי,,,חריף תאילנדי,קילוגרמים,1.00,"ק""ג",true,,60.00,60.0000,true,1,136840
7290000101417,false,חומוס מטוגן,,,חומוס מטוגן,קילוגרמים,1.00,"ק""ג",true,,40.00,40.0000,true,1,136843
7290000101418,false,צנובר סיני קטן,,,צנובר סיני קטן,קילוגרמים,1.00,"ק""ג",true,,150.00,150.0000,true,1,152443
7290000101512,false,קשיו קו,,,קשיו קו,קילוגרמים,1.00,"ק""ג",true,,80.00,80.0000,true,1,164810
7290000101515,false,פריקה שלמה,,,פריקה שלמה,קילוגרמים,1.00,"ק""ג",true,,15.00,15.0000,true,1,145172
7290000101516,false,משמש אוזביקי,,,משמש אוזביקי,קילוגרמים,1.00,"ק""ג",true,,60.00,60.0000,true,1,115003
7290000101517,false,צימוק אוזביקי טבעי,,,צימוק אוזביקי טבעי,קילוגרמים,1.00,"ק""ג",true,,60.00,60.0000,true,1,115004
7290000101701,false,חרוזית ירוק,,,חרוזית ירוק,קילוגרמים,1.00,"ק""ג",true,,50.00,50.0000,true,1,135510
7290000101900,false,חליטת פירות אקזוטית,,,חליטת פירות אקזוטית,קילוגרמים,1.00,"ק""ג",true,,70.00,70.0000,true,1,141040
7290000101927,false,אוכמניות כחולות מוקפאות סנפרוסט 300 גרם,"איי, בי, אינבוו",IL,סנפרוסט אוכמניות כחו,גרמים,300.00,100 גרם,false,,14.90,4.9667,true,1,114053
7290000101934,false,מיקס פירות יער מוקפאות 300 ג' סנפרוסט,"סנפרוסט בע""\מ",IL,סנפרוסט מיקס פירות י,גרמים,300.00,100 גרם,false,,14.90,4.9667,true,1,114054
7290000101941,false,אננס חתוך מוקפא סנפרוסט 300ג',"סנפרוסט בע""\מ",IL,סנפרוסט אננס 300 גרם,גרמים,300.00,100 גרם,false,,14.90,4.9667,true,1,114055
7290000101958,false,מנגו חתוך מוקפא סנפרוסט 300ג',"סנפרוסט בע""\מ",IL,סנפרוסט מנגו 300 גרם,גרמים,300.00,100 גרם,false,,14.90,4.9667,true,1,114056
7290000102004,false,קפה ירוק,,,קפה ירוק,קילוגרמים,1.00,"ק""ג",true,,35.00,35.0000,true,1,142756
7290000103001,false,בננה צ'יפס,,,בננה צ'יפס,קילוגרמים,1.00,"ק""ג",true,,30.00,30.0000,true,1,120137
7290000103003,false,אוכמניות,,,אוכמניות,קילוגרמים,1.00,"ק""ג",true,,40.00,40.0000,true,1,119309
7290000103005,false,צימוקים כהה,,,צימוקים כהה,קילוגרמים,1.00,"ק""ג",true,,40.00,40.0000,true,1,137273
7290000103007,false,פפיה,,,פפיה,קילוגרמים,1.00,"ק""ג",true,,40.00,40.0000,true,1,134258
7290000103008,false,צימוק קטן (פאנסי),,,צימוק קטן (פאנסי),קילוגרמים,1.00,"ק""ג",true,,40.00,40.0000,true,1,137274
7290000103009,false,אננס טבעות,,,אננס טבעות,קילוגרמים,1.00,"ק""ג",true,,40.00,40.0000,true,1,141560
7290000103010,false,תירס קלוי,,,תירס קלוי,קילוגרמים,1.00,"ק""ג",true,,50.00,50.0000,true,1,137275
7290000103011,false,אננס טבעי,,,אננס טבעי,קילוגרמים,1.00,"ק""ג",true,,100.00,100.0000,true,1,119311
7290000103017,false,מיאסי,,,מיאסי,קילוגרמים,1.00,"ק""ג",true,,50.00,50.0000,true,1,115005
7290000103285,false,פטינה ארלה,,,פטינה ארלה,קילוגרמים,1.00,"ק""ג",true,,39.90,39.9000,true,1,139766
7290000103365,false,מרק ירקות עשיר סנפרוסט 550 גרם,"איי, בי, אינבוו",IL,סנפרוסט מרק ירקות 55,גרמים,570.00,100 גרם,false,,16.90,2.9649,true,1,114060
7290000103433,false,"לקט ירקות לתנור 800 גרם ""סנפרוסט""","איי, בי, אינבוו",IL,סנפרוסט לקט ירקות לת,גרמים,800.00,100 גרם,false,,19.90,2.4875,true,1,114061
7290000103730,false,לקט להקפצה עם פסטה פוזילי סנפרוסט 800 גרם,"איי, בי, אינבוו",IL,סנפרוסט לקט עם פסטה,גרמים,800.00,100 גרם,false,,19.90,2.4875,true,1,114070
7290000103839,false,מרק כתום עשיר בירקות סנפרוסט 570 גרם,"סנפרוסט בע""\מ",IL,סנפרוסט מרק כתום קפו,גרמים,500.00,100 גרם,false,,16.90,3.3800,true,1,114076
7290000103846,false,מרק אפונה עשיר בירקות סנפרוסט 570 גרם,"סנפרוסט בע""\מ",IL,סנפרוסט מרק אפונה קפ,גרמים,500.00,100 גרם,false,,16.90,3.3800,true,1,114077
7290000103860,false,מרק עדשים עשיר בירקות סנפרוסט 570 גרם,"איי, בי, אינבוו",IL,סנפרוסט מרק עדשים קפ,גרמים,500.00,100 גרם,false,,16.90,3.3800,true,1,114078
7290000103877,false,מרק שעועית עשיר בירקות סנפרוסט 640 גרם,"סנפרוסט בע""\מ",IL,סנפרוסט מרק שעועית ק,גרמים,640.00,100 גרם,false,,16.90,2.6406,true,1,114079
7290000104201,false,אפונה עדינה סנפרוסט 600 גרם,"איי, בי, אינבוו",IL,סנפרוסט אפונה עדינה,גרמים,600.00,100 גרם,false,,17.90,2.9833,true,1,114085
7290000104218,false,סנפרוסט במיה 600 גרם,"איי, בי, אינבוו",IL,סנפרוסט במיה 600 גרם,גרמים,600.00,100 גרם,false,,15.90,2.6500,true,1,114086
7290000104676,false,אפונה קפואה סנפרוסט 800 גרם,"איי, בי, אינבוו",IL,סנפרוסט אפונת גינה 8,גרמים,800.00,100 גרם,false,,15.90,1.9875,true,1,189550
7290000104676,false,אפונה קפואה סנפרוסט 800 גרם,"איי, בי, אינבוו",IL,סנפרוסט אפונת גינה 8,גרמים,800.00,100 גרם,false,,15.90,1.9875,true,1,114089
7290000104683,false,שעועית ירוקה שלמה סנפרוסט 800 גרם,"סנפרוסט בע""\מ",IL,סנפרוסט שעועית שלמה,גרמים,800.00,100 גרם,false,,19.90,2.4875,true,1,114090
7290000104690,false,תירס גרעינים 800 גרם סנפרוסט,"איי, בי, אינבוו",IL,סנפרוסט תירס גרעינים,גרמים,800.00,100 גרם,false,,15.90,1.9875,true,1,114091
7290000104713,false,פול ירוק סנפרוסט 800 גרם,"איי, בי, אינבוו",IL,סנפרוסט פול ירוק,גרמים,800.00,100 גרם,false,,25.90,3.2375,true,1,114093
7290000104720,false,שעועית ירוקה חתוכה סנפרוסט 800 גרם,"סנפרוסט בע""\מ",IL,סנפרוסט שעועית ירוקה,גרמים,800.00,100 גרם,false,,15.90,1.9875,true,1,114094
7290000104744,false,כרובית סנפרוסט 800 גרם,"סנפרוסט בע""\מ",IL,סנפרוסט כרובית 800 ג,גרמים,800.00,100 גרם,false,,21.90,2.7375,true,1,114096
7290000104799,false,שעועית לבנה מבושלת סנפרוסט 800 גרם,"איי, בי, אינבוו",IL,סנפרוסט שעועית לבנה,גרמים,800.00,100 גרם,false,,16.90,2.1125,true,1,114100
7290000104805,false,גרגירי חומוס מבושלים סנפרוסט 800 גרם,"איי, בי, אינבוו",IL,סנפרוסט גרגירי חומוס,גרמים,800.00,100 גרם,false,,16.90,2.1125,true,1,114101
7290000104829,false,קלחי תירס חתוכים סנפרוסט 1 קילו,"סנפרוסט בע""\מ",IL,סנפרוסט קלחוני תירס,גרמים,1000.00,100 גרם,false,,16.90,1.6900,true,1,114102
7290000104836,false,שעועית ירוקה עדינה שלמה סנפרוסט 600 גרם,"סנפרוסט בע""\מ",IL,סנפרוסט שעועית עדינה,גרמים,600.00,100 גרם,false,,19.90,3.3167,true,1,114103
7290000104881,false,לקט אפונה וגזר סנפרוסט 800 גרם,"איי, בי, אינבוו",IL,סנפרוסט אפונה וגזר 8,גרמים,800.00,100 גרם,false,,15.90,1.9875,true,1,114105
7290000104911,false,לקט נורמנדי סנפרוסט 800 גרם,"איי, בי, אינבוו",IL,סנפרוסט לקט נורמנדי,גרמים,800.00,100 גרם,false,,19.90,2.4875,true,1,114107
7290000105807,false,גבינת בלוז,,,גבינת בלוז,קילוגרמים,1.00,"ק""ג",true,,90.00,90.0000,true,1,139767
7290000106175,false,"לקט כפרי סנפרוסט 2 ק""ג","סנפרוסט בע""\מ",IL,סנפרוסט לקט כפרי 2 ק,,2.00,קג,false,,38.80,19.4000,true,1,114109
7290000106526,false,ירקות מעורבים מוקפאים חגיגה ירוקה להקפצה,"איי, בי, אינבוו",IL,סנפרוסט חגיגה ירוקה,גרמים,800.00,100 גרם,false,,19.90,2.4875,true,1,114110
7290000106533,false,לקט קינואה עדשים ויר,"סנפרוסט בע""מ",IL,סנפרוסט קינוא עדשים,גרמים,800.00,100 גרם,false,,22.90,2.8625,true,1,114111
7290000107189,false,תחתיות ארטישוק סנפרוסט 400 גרם,"איי, בי, אינבוו",IL,סנפרוסט תחתיות ארטיש,גרמים,400.00,100 גרם,false,,17.90,4.4750,true,1,114113
7290000107295,false,תפרחות ברוקולי סנפרוסט 800 גרם,"איי, בי, אינבוו",IL,סנפרוסט תפרחות ברוקו,גרמים,800.00,100 גרם,false,,21.90,2.7375,true,1,114114
7290000107422,false,בולגרית גלילית 5%,,,בולגרית גלילית 5%,קילוגרמים,1.00,"ק""ג",true,,55.00,55.0000,true,1,202646
7290000107743,false,משק צוריאל צפתית מעו,,,משק צוריאל צפתית מעו,קילוגרמים,1.00,"ק""ג",true,,65.00,65.0000,true,1,202647
7290000108264,false,ממרח לורפק ללא מלח,,,ממרח לורפק ללא מלח,קילוגרמים,1.00,"ק""ג",true,,60.00,60.0000,true,1,187822
7290000110094,false,בצל מטוגן,,,בצל מטוגן,קילוגרמים,1.00,"ק""ג",true,,60.00,60.0000,true,1,131928
7290000110844,false,"כיפלי גריל בד""צ תלמה 70 ג'",יוניליור ישראל מזון,IL,כיפלי גריל 70 גרם בד,Unknown,0.00,יחידה,false,,5.90,0.0000,true,1,119370
7290000110851,false,חטיף כיפלי בטעם בצל 70גר,יוניליוור מזון,IL,"כיפלי בצל בד""ץ 70 גר",Unknown,0.00,יחידה,false,,5.90,0.0000,true,1,119371
7290000111117,false,מרכך כביסה לבן בדין 4 ליטר,יוניליור ישראל טיפוח איש,IL,בדין מרכך כביסה לבן,קילוגרמים,4.00,ליטר,false,,21.90,5.4750,true,1,119373
7290000111186,false,"מיונז אמיתי תלמה 500 גרם בד""צ",יוניליוור ישראל מזון בע\,IL,מיונז אמיתי 500 גרם,גרמים,500.00,100 גרם,false,,9.90,1.9800,true,1,119375
7290000111353,false,"מיונז אמיתי תלמה 1 ק""ג",יוניליוור ישראל מזון בע\,IL,מיונז 1 קג,גרמים,1000.00,100 גרם,false,,16.90,1.6900,true,1,119376
7290000111360,false,חרדל תלמה 250 גרם-צנצנת,יוניליוור ישראל מזו,IL,חרדל אמיתי 250,גרמים,250.00,100 גרם,false,,7.90,3.1600,true,1,119377
7290000111384,false,חרדל בצנצנת תלמה 550 גרם,יוניליוור ישראל מזו,IL,חרדל צנצנת,גרמים,550.00,100 גרם,false,,9.90,1.8000,true,1,119378
7290000112220,false,טחינה גולמית שומשום טהור בארכה 500 גרם,"רושדי תעשיות מזון בע""\מ",IL,בארכה טחינה 100% שומ,גרמים,500.00,100 גרם,false,,15.90,3.1800,true,1,126592
7290000112237,false,"טחינה גולמית שומשום טהור בארכה 1 ק""ג","רושדי תעשיות מזון בע""\מ",IL,בארכה טחינה 100% שומ,גרמים,1000.00,100 גרם,false,,27.90,2.7900,true,1,126593
7290000112497,false,מרק עשיר עוף אטריות קנור 75 גרם - שקיות,יוניליוור ישראל מזון בע\,IL,קנור מרק עשיר עוף+אי,Unknown,0.00,יחידה,false,,11.90,0.0000,true,1,119379
7290000112503,false,מרק עשיר ירקות קנור 69 גרם - שקיות,יוניליוור ישראל מזון בע\,IL,קנור מרק עשיר ירקות,Unknown,0.00,יחידה,false,,11.90,0.0000,true,1,119380
7290000112619,false,מרק עוף לתיבול והעשרה קנור 400 ג',יוניליוור ישראל מזון בע\,IL,מרק עוף לתיבול והעשר,גרמים,400.00,100 גרם,false,,17.90,4.4750,true,1,119382
7290000113180,false,"כיפלי צ'יפס בד""צ תלמה 50 ג'",יוניליור ישראל מזון,IL,"כיפלי ציפס בד""צ 50 ג",Unknown,0.00,יחידה,false,,5.90,0.0000,true,1,119384
7290000113203,false,כיפלי צ'יפס קטשופ תלמה 50 ג',יוניליוור ישראל מזון בעמ,IL,כיפלי צ'יפס קטשופ בד,Unknown,0.00,יחידה,false,,5.90,0.0000,true,1,119385
7290000114187,false,פנטסטיק תרכיז ניקוי כללי אורנים סיף 4 ליטר,סיף פנטסטיק Cif Fantastic,IL,סיף נ.כללי אורנים 4,קילוגרמים,4.00,ליטר,false,,21.90,5.4750,true,1,119388
7290000116204,false,"אבקת מרק דגש בטעם עוף 1ק""ג קנור",יוניליוור ישראל מזון בע\,IL,"מרק דגש 1 ק""ג",גרמים,1000.00,100 גרם,false,,14.90,1.4900,true,1,119392
7290000116884,false,"רוטב ברביקיו קנור 300 גרם בד""צ",יוניליוור ישראל מזון בע\,IL,קנור רוטב ברביקיו 30,גרמים,350.00,100 גרם,false,,11.90,3.4000,true,1,119393
7290000116921,false,רוטב צ'ילי מתוק 340 גרם קנור,יוניליוור ישראל מזון בע\,IL,קנור רוטב צילי מתוק,מיליליטרים,340.00,"100 מ""ל",false,,11.90,3.5000,true,1,119394
7290000116945,false,"רוטב סויה קלאסי קנור בד""צ 350 גרם",יוניליוור ישראל מזון בע\,IL,קנור רוטב סויה 300 מ,,300.00,100 מל,false,,11.90,0.0397,true,1,119395
7290000117171,false,מרק טעם עוף דל קלוריות 48 גרם-קופסא,יוניליוור ישראל מזון,IL,נמס בכוס ט. עוף דלקל,Unknown,0.00,יחידה,false,,6.90,0.0000,true,1,119397
7290000117720,false,נמס בכוס פטריות קנור 21.5 גרם מארז זוגי,יוניליוור ישראל מזון בע\,IL,נמס בכוס זוג פטריות,גרמים,0.00,100 גרם,false,,6.90,0.0000,true,1,119401
7290000118277,false,כופתאות מצה להכנת מהירה 65 ג' קנור,יוניליוור ישראל מזון בע\,IL,קנור קניידלך 2* 65 ג,גרמים,130.00,100 גרם,false,,9.90,7.6154,true,1,119403
7290000120049,false,תבלין סלט חסה,,,תבלין סלט חסה,קילוגרמים,1.00,"ק""ג",true,,80.00,80.0000,true,1,144070
7290000120836,false,"מיונז אמיתי 394 גרם ""הלמנס""",קונפקו אינק' די.בי.א,CA,מיונז הלמנס 394 גרם,גרמים,394.00,100 גרם,false,,11.90,3.0203,true,1,119410
7290000120874,false,ממרח הלמנס לייט מופחת קלוריות,"יונילוור ארה""ב - HPC",US,מיונז הלמנס לייט 424,גרמים,424.00,100 גרם,false,,11.90,2.8066,true,1,119411
7290000121031,false,החתול המחייך גבינה מותכת 14% מון בלאן 120 גרם,שלושת האופים,IL,מון בלאן גבינת חתול,גרמים,120.00,100 גרם,false,,11.90,9.9167,true,1,122643
7290000121079,false,גבינה מותכת למריחה עם שום שמיר 9% מון בלאן 120 גרם,שלושת האופים,IL,מון בלאן שמיר 7% 120,גרמים,120.00,100 גרם,false,,11.90,9.9167,true,1,122645
7290000121093,false,גבינה מותכת לייט בטעם שוויצרי 7% מון בלאן 120 גר',האי נאם סי או אל.טי.,IL,מון בלאן שויצרית 7%,גרמים,120.00,100 גרם,false,,11.90,9.9167,true,1,122646
7290000121109,false,גבינה מותכת לייט עם זיתים 7% מון בלאן 120 גרם,האי נאם סי או אל.טי.,IL,מון בלאן זיתים 7% 12,גרמים,120.00,100 גרם,false,,11.90,9.9167,true,1,122647
7290000121147,false,גבינה מותכת לייט בטעם פיקנטי 7% מון בלאן 120 גרם,"שלושת האופים בע""מ",IL,מון בלאן פיקנטי 7% 1,גרמים,120.00,100 גרם,false,,11.90,9.9167,true,1,122648
7290000121154,false,גבינה מותכת לייט עם סלמון 7% מון בלאן 120 גרם,האי נאם סי או אל.טי.,IL,מון בלאן סלמון 7% 12,גרמים,120.00,100 גרם,false,,11.90,9.9167,true,1,122649
7290000121239,false,מיוקל5% ללא כולסטרול500ג,יוניליוור ישראל מזון בע\,IL,מיוקל 500 ג 5% שומן,גרמים,500.00,100 גרם,false,,14.90,2.9800,true,1,119412
7290000122830,false,"רוטב מקסיקני סצ'ואן קנור 300 מ""ל",יוניליוור ישראל מזון בע\,IL,"רוטב סצ'ואן 300 מ""ל",מיליליטרים,300.00,"100 מ""ל",false,,11.90,3.9667,true,1,119421
7290000123072,false,בשר חלק מס. 8,,,בשר חלק מס. 8,קילוגרמים,1.00,"ק""ג",true,,39.90,39.9000,true,1,189831
7290000123363,false,"צימקאו לציפוי ואפיה אפיכל 500 גרם בד""צ",אתר צפת ממרחים וצימא,IL,צמקאו לאכילה ציפוי ו,גרמים,500.00,100 גרם,false,,11.90,2.3800,true,1,119426
7290000125251,false,שמפו לכביסה עדינה בדין 2 ליטר,"זוהר דליה, קיבוץ דלי",IL,בדין שמפו לכביסה עדי,קילוגרמים,2.00,ליטר,false,,24.00,12.0000,true,1,119430
7290000129457,false,אבקת רוטב פטריות קנור 28 ג' שקית,יוניליוור ישראל מזון בע\,IL,רוטב פטריות 28גר,Unknown,0.00,יחידה,false,,4.90,0.0000,true,1,119438
7290000129785,false,מרכך כביסה ירוק בדין 4 ליטר,יוניליור ישראל טיפוח איש,IL,בדין ירוק 4 ליטר,קילוגרמים,4.00,ליטר,false,,21.90,5.4750,true,1,119439
7290000131023,false,"בצק עלים מרודד שחף 1 ק""ג",שחף,IL,"בצק עלים שחף 1 ק""ג",גרמים,1000.00,100 גרם,false,,13.90,1.3900,true,1,131428
7290000135045,false,"XL TEN משקה אנרגיה פתוח ללא סוכר 250 מ""ל","טמפו משקאות בע""\מ",IL,"XL TEN תפוח 250 מ""ל",,250.00,100 מל,false,,5.00,0.0200,true,1,142360
7290000135113,false,משקה אנרגיה XL TEN ללא סוכר בטעם נענע ליים,"טמפו משקאות בע""\מ",IL,פחית XL TEN נענע ליי,,250.00,100 מל,false,,5.00,0.0200,true,1,142362
7290000135311,false,פפסי קולה ליים 1.5 ללא סוכר,"טמפו משקאות בע""\מ",IL,פפסי מקס 1.5 ליטר בו,קילוגרמים,1.50,ליטר,false,,5.90,3.9333,true,1,161007
7290000135324,false,פיראוס בולגרית מעודנ,,,פיראוס בולגרית מעודנ,קילוגרמים,1.00,"ק""ג",true,,49.00,49.0000,true,1,130130
7290000136141,false,משקה בטעם קולה 1.5ל' פפסי,"טמפו משקאות בע""\מ",IL,פפסי 1.5 ליטר בודד,קילוגרמים,1.50,ליטר,false,,7.90,5.2667,true,1,189501
7290000136158,false,פפסי מקס משקה מוגז דל קלוריות בטעם קולה,"טמפו משקאות בע""\מ",IL,פפסי מקס 1.5 ליטר בו,קילוגרמים,1.50,ליטר,false,,7.90,5.2667,true,1,189502
7290000136189,false,סבן אף דיאט 1.5 ליטר בודד,"טמפו משקאות בע""\ם.",IL,דיאט סבן אפ 1.5 ליטר,קילוגרמים,1.50,ליטר,false,,7.90,5.2667,true,1,189505
7290000136264,false,מי טוניק טמפו 1.5 ליטר,"טמפו משקאות בע""\מ",IL,טמפו טוניק 1.5 ליט,קילוגרמים,1.50,ליטר,false,,11.90,7.9333,true,1,189508
7290000136431,false,משקה בטעם אפרסק צלול תריסר 1.5 ל' ג'אמפ,"טמפו משקאות בע""\מ",IL,ג'אמפ EXTRA FRUIT טע,קילוגרמים,1.50,ליטר,false,,8.90,5.9333,true,1,189513
7290000136455,false,משקה בטעם אשכוליות תריסר 1.5 ל' ג'אמפ,"טמפו משקאות בע""\ם.",IL,ג'אמפ EXTRA FRUIT אש,קילוגרמים,1.50,ליטר,false,,8.90,5.9333,true,1,189514
7290000136486,false,משקה בטעם אשכוליות דיאט תריסר 1.5 ל' ג'אמפ,"טמפו משקאות בע""\ם.",IL,ג'אמפ משקה דל קלוריו,קילוגרמים,1.50,ליטר,false,,8.90,5.9333,true,1,189515
7290000136516,false,משקה בטעם מנגו פסיפלורה תריסר 1.5 ל' ג'אמפ,טמפו משקאות בעמ,IL,ג'אמפ EXTRA FRUIT טע,קילוגרמים,1.50,ליטר,false,,8.90,5.9333,true,1,189516
7290000136523,false,משקה בטעם ענבים תריסר 1.5 ל' ג'אמפ,"טמפו משקאות בע""\ם.",IL,ג'אמפ EXTRA FRUIT טע,קילוגרמים,1.50,ליטר,false,,8.90,5.9333,true,1,189517
7290000136561,false,משקה בטעם תות בננה תריסר 1.5 ל' ג'אמפ,"טמפו משקאות בע""\מ",IL,ג'אמפ EXTRA FRUIT טע,קילוגרמים,1.50,ליטר,false,,8.90,5.9333,true,1,189518
7290000136585,false,משקה בטעם תפוזים תריסר 1.5 ל' ג'אמפ,"טמפו משקאות בע""\ם.",IL,ג'אמפ EXTRA FRUIT טע,קילוגרמים,1.50,ליטר,false,,8.90,5.9333,true,1,189519
7290000136608,false,משקה בטעם תפוח צלול תריסר 1.5 ל' ג'אמפ,"טמפו משקאות בע""\ם.",IL,ג'אמפ EXTRA FRUIT טע,קילוגרמים,1.50,ליטר,false,,8.90,5.9333,true,1,189520
7290000136646,false,בירה נשר מאלט ללא אלכוהול 1.5 ליטר,"טמפו משקאות בע""\מ",IL,בירה נשר מאלט ללא אל,קילוגרמים,1.50,ליטר,false,,10.90,7.2667,true,1,189521
7290000136653,false,דיאט נשר מאלט ללא אלכוהול 1.5 ליטר,"טמפו משקאות בע""\מ",IL,דיאט נשר מאלט ללא אל,קילוגרמים,1.50,ליטר,false,,10.90,7.2667,true,1,189522
7290000136660,false,סודה טמפו ליטר וחצי,טמפו,IL,סודה 1.5 ליטר בודד,קילוגרמים,1.50,ליטר,false,,3.20,2.1333,true,1,190153
7290000136677,false,פפסי קולה פיקדון 1.5 ליטר,טמפו,IL,פפסי 1.5 ליטר בודד,קילוגרמים,1.50,ליטר,false,,7.90,5.2667,true,1,189929
7290000136684,false,פפסי מקס משקה מוגז דל קלוריות בטעם קולה,טמפו,IL,פפסי מקס 1.5 ליטר בו,קילוגרמים,1.50,ליטר,false,,7.90,5.2667,true,1,189928
7290000136691,false,מארז שישייה סבן אפ 1.5 ל',סבן אפ 7up,IL,סבן אפ 1.5 ליטר שישי,קילוגרמים,9.00,ליטר,false,,49.90,5.5444,true,1,189486
7290000136752,false,סבן אפ דיאט מארז שישייה 1.5 ל' FREE,"טמפו משקאות בע""\מ",IL,דיאט סבן אפ 1.5 ליטר,קילוגרמים,9.00,ליטר,false,,49.90,5.5444,true,1,189487
7290000136769,false,מארז שישיה בטעם קולה 1.5 ל' פפסי,"טמפו משקאות בע""\מ",IL,פפסי 1.5 ליטר שישייה,קילוגרמים,9.00,ליטר,false,,49.90,5.5444,true,1,189488
7290000136776,false,שישיית פפסי מקס דל קלוריות 1.5 ליטר,פפסי Pepsi,IL,פפסי מקס 1.5 ליטר שי,קילוגרמים,9.00,ליטר,false,,48.90,5.4333,true,1,189489
7290000136783,false,מארז שישייה מרינדה 1.5 ל',"טמפו משקאות בע""\מ",IL,מירינדה 1.5 ליטר שיש,קילוגרמים,9.00,ליטר,false,,49.90,5.5444,true,1,189490
7290000136790,false,שישיית מי סודה טמפו 1.5 ליטר,"טמפו משקאות בע""\מ",IL,טמפו סודה 1.5 ליטר ש,קילוגרמים,9.00,ליטר,false,,17.90,1.9889,true,1,189491
7290000136813,false,סודה בטעם אננס מארז רביעייה 1.5 ל' טמפו,טמפו משקאות בע''מn\,IL,סודה אננס 1.5 ליטר ר,קילוגרמים,6.00,ליטר,false,,12.90,2.1500,true,1,189493
7290000136820,false,סודה בטעם פירות יער מארז ריבעיה * 1.5 ל' טמפו,טמפו משקאות בע''מn\,IL,סודה פירות יער 1.5 ל,קילוגרמים,6.00,ליטר,false,,12.90,2.1500,true,1,189494
7290000136837,false,רביעיית מי סודה נגיעות אפרסק טמפו 1.5 ליטר,טמפו משקאות בע''מn\,IL,סודה נגיעות אפרסק 1.,קילוגרמים,6.00,ליטר,false,,12.90,2.1500,true,1,189495
7290000136844,false,מארז מים מזוככים אקווה נובה שישיית 2 ליטר,"טמפו משקאות בע""\מ",IL,אקווה נובה מים מזוככ,קילוגרמים,12.00,ליטר,false,,12.90,1.0750,true,1,189496
7290000136851,false,סבן אפ פיקדון 1.5 ליטר,טמפו,IL,סבן אפ 1.5 ליטר בודד,קילוגרמים,1.50,ליטר,false,,7.90,5.2667,true,1,189930
7290000136868,false,סאן בנדטו - מים מינרלים - מארז שישיית 1.5 ליטר,אקווה מינרלה סאן בנדטו ב,IT,סאן בנדטו - מים מינר,קילוגרמים,9.00,ליטר,false,,19.90,2.2111,true,1,189497
7290000136875,false,שישיית מים מינרליים מוגזים סן בנדטו 1.5 ליטר,סאן בנדטו San Benedetto,IT,סאן בנדטו - שישיית 1,קילוגרמים,9.00,ליטר,false,,19.90,2.2111,true,1,189498
7290000137513,false,גלידונית גלידה וניל בציפוי שוקולד 60 יח' קרמיסימו,"גלידת שטראוס בע""\מ, רחוב",IL,קרמיסימו גלידונית ש.,,60.00,יחידו,false,,44.90,0.7483,true,1,135287
7290000137643,false,שלגוני טעמקור בטעם שוקו וניל שטראוס 8*50 גרם,"גלידת שטראוס בע""\מ, רחוב",IL,מאגדת טעמקור בטעמי ש,,8.00,יחידו,false,,32.90,4.1125,true,1,135288
7290000139104,false,שלווה חיטה תפוחה מתוקה אשבול 230 גרם,"אשב""ל בע""מ",IL,שלוה 230 גרם,גרמים,230.00,100 גרם,false,,9.90,4.3043,true,1,137217
7290000139609,false,שלווה פיצפוצי אורז רגיל מתוק אשבול 375 גרם,אשבול,IL,אשבול פצפוצי אורז 37,גרמים,375.00,100 גרם,false,,10.20,2.7200,true,1,137231
7290000144160,false,"שמן זית כתית מעולה ארומתי עץ הזית 750 מ""ל","מרקאולאו, ספרד.אבסה,",IT,שמן זית כתית מעולה א,מיליליטרים,750.00,"100 מ""ל",false,,33.60,4.4800,true,1,129349
7290000144474,false,שמן עץ הזית קנולה 1 ליטר בריאות מהטבע,שמן תעשיות בעמ,EE,שמן קנולה בריאות מהט,,1000.00,100 מל,false,,15.90,0.0159,true,1,129351
7290000146645,false,הוואי - סבון מוצק שחור מסתורי 100 גרם רביעייה,טרופיקל דגיל קוסמטיק,IL,הוואי רבעיה סבון מוצ,גרמים,400.00,100 גרם,false,,12.90,3.2250,true,1,111109
7290000146652,false,הוואי סבון מוצק רביעיה ורוד רומנטי 4*100 גרם,טרופיקל דגיל קוסמטיק,PL,הוואי רבעיה סבון מוצ,גרמים,400.00,100 גרם,false,,12.90,3.2250,true,1,111110
7290000146669,false,הוואי - סבון מוצק שמיים כחולים 100 גרם רביעייה,טרופיקל דגיל קוסמטיק,IL,הוואי רבעיה סבון מוצ,גרמים,400.00,100 גרם,false,,12.90,3.2250,true,1,111111
7290000146676,false,הוואי - סבון מוצק לגבר 100 גרם רביעייה,טרופיקל דגיל קוסמטיק,PL,הוואי רביעייה סבון מ,גרמים,400.00,100 גרם,false,,12.90,3.2250,true,1,111112
7290000146683,false,הוואי - סבון מוצק אפקט דאודורנט 100 גרם רביעייה,טרופיקל דגיל קוסמטיק,PL,הוואי רבעיה סבון מוצ,גרמים,400.00,100 גרם,false,,12.90,3.2250,true,1,111113
7290000146997,false,משחת שיניים לילדים מסטיק טום וג'רי 50 מל,טרופיקל דגיל קוסמטיק,IL,טום וג'רי משחת שיניי,Unknown,0.00,יחידה,false,,6.90,0.0000,true,1,111115
7290000148380,false,פיסטוקים קלוים קליית גת 200 גרם,"ג'י אנד ג'י בע""מ",IL,פיסטוקים קלויים 200,גרמים,200.00,100 גרם,false,,22.90,11.4500,true,1,120999
7290000148489,false,"קליית גת גרעיני דלעת קלויים,200 גרם","ג'י אנד ג'י בע""מ",IL,גרעיני דלעת קלויים 2,גרמים,200.00,100 גרם,false,,9.90,4.9500,true,1,121000
7290000148618,false,קשיו מטוגן שקית קליית גת 200 גרם,"ג'י אנד ג'י בע""מ",IL,אגוזי קשיו מטוגנים 2,גרמים,200.00,100 גרם,false,,19.40,9.7000,true,1,121001
7290000148748,false,קליית גת גרעיני חמניה קלויים ומומלחים200,"ג'י אנד ג'י בע""מ",IL,גרעיני חמנייה קלויים,גרמים,200.00,100 גרם,false,,6.90,3.4500,true,1,121002
7290000148939,false,שקדים קלויים 200 גרם קליית גת,"ג'י אנד ג'י בע""מ",IL,שקדים קלויים 200 גרם,גרמים,200.00,100 גרם,false,,19.90,9.9500,true,1,121003
7290000149844,false,סבון רב שימושי סינטבון 230 גרם,סינטבון,IL,סינטבון חתול 230 גרם,גרמים,230.00,100 גרם,false,,13.90,6.0435,true,1,117110
7290000149905,false,טקסטיל נוזל לכביסה עדינה נקה 1 ליטר,מיוצר עי קונדיטוריית,IL,טקסטיל שמפו 1 ליטר,מיליליטרים,1000.00,"100 מ""ל",false,,16.90,1.6900,true,1,117112
7290000150110,false,תבלין קבסה,,,תבלין קבסה,קילוגרמים,1.00,"ק""ג",true,,70.00,70.0000,true,1,145174
7290000150131,false,תבלין דג מבושל,,,תבלין דג מבושל,קילוגרמים,1.00,"ק""ג",true,,70.00,70.0000,true,1,131929
7290000150134,false,שומשום אדום קלוי,,,שומשום אדום קלוי,קילוגרמים,1.00,"ק""ג",true,,30.00,30.0000,true,1,141904
7290000150136,false,תנובה גבינה מגורדת,,,תנובה גבינה מגורדת,קילוגרמים,1.00,"ק""ג",true,,45.00,45.0000,true,1,130131
7290000150137,false,עגבניות מיובשות,,,עגבניות מיובשות,קילוגרמים,1.00,"ק""ג",true,,50.00,50.0000,true,1,111694
7290000150144,false,פירורי דבאח,,,פירורי דבאח,קילוגרמים,1.00,"ק""ג",true,,15.00,15.0000,true,1,152368
7290000150145,false,פירורי לחם מתובל,,,פירורי לחם מתובל,קילוגרמים,1.00,"ק""ג",true,,20.00,20.0000,true,1,152369
7290000150163,false,קוקטייל מרוקאי,,,קוקטייל מרוקאי,קילוגרמים,1.00,"ק""ג",true,,50.00,50.0000,true,1,144075
7290000150165,false,ינסון טחון,,,ינסון טחון,קילוגרמים,1.00,"ק""ג",true,,60.00,60.0000,true,1,141905
7290000150166,false,תבלין על האש ברביקיו,,,תבלין על האש ברביקיו,קילוגרמים,1.00,"ק""ג",true,,70.00,70.0000,true,1,158566
7290000150169,false,זעפרן תפזורת,,,זעפרן תפזורת,קילוגרמים,1.00,"ק""ג",true,,300.00,300.0000,true,1,141906
7290000150174,false,גרעיני אבטיח מחבת (,,,גרעיני אבטיח מחבת (,קילוגרמים,1.00,"ק""ג",true,,60.00,60.0000,true,1,152477
7290000150175,false,אגוז מקדמיה קלוי,,,אגוז מקדמיה קלוי,קילוגרמים,1.00,"ק""ג",true,,150.00,150.0000,true,1,136654
7290000150176,false,אגוז מקדמיה טבעי,,,אגוז מקדמיה טבעי,קילוגרמים,1.00,"ק""ג",true,,150.00,150.0000,true,1,119312
7290000150306,false,בוטנים מולבנים קלוי,,,בוטנים מולבנים קלוי,קילוגרמים,1.00,"ק""ג",true,,25.00,25.0000,true,1,144076
7290000150330,false,תמרים גמבו אקסטרא,,,תמרים גמבו אקסטרא,קילוגרמים,1.00,"ק""ג",true,,50.00,50.0000,true,1,148568
7290000150471,false,מלח הימלאיה,,,מלח הימלאיה,קילוגרמים,1.00,"ק""ג",true,,50.00,50.0000,true,1,157053
7290000150572,false,בורגול חום דק,,,בורגול חום דק,קילוגרמים,1.00,"ק""ג",true,,8.00,8.0000,true,1,142759
7290000150689,false,"קינמון עגול 20 ס""מ",,,קינמון עגול 20 סמ,קילוגרמים,1.00,"ק""ג",true,,50.00,50.0000,true,1,153712
7290000150718,false,גולדן ברי,,,גולדן ברי,קילוגרמים,1.00,"ק""ג",true,,99.90,99.9000,true,1,120138
7290000150810,false,קינאוה אדומה,,,קינאוה אדומה,קילוגרמים,1.00,"ק""ג",true,,20.00,20.0000,true,1,136655
7290000150813,false,רצועות קוקוס,,,רצועות קוקוס,קילוגרמים,1.00,"ק""ג",true,,50.00,50.0000,true,1,119313
7290000150815,false,בונדוק טבעי,,,בונדוק טבעי,קילוגרמים,1.00,"ק""ג",true,,60.00,60.0000,true,1,136685
7290000150816,false,גוג'י ברי,,,גוג'י ברי,קילוגרמים,1.00,"ק""ג",true,,80.00,80.0000,true,1,119314
7290000150818,false,דובדובן טבעי,,,דובדובן טבעי,קילוגרמים,1.00,"ק""ג",true,,100.00,100.0000,true,1,120140
7290000150819,false,זית ביקואל,,,זית ביקואל,קילוגרמים,1.00,"ק""ג",true,,30.00,30.0000,true,1,136688
7290000150820,false,רצועות קוקוס טבעי,,,רצועות קוקוס טבעי,קילוגרמים,1.00,"ק""ג",true,,50.00,50.0000,true,1,158718
7290000150823,false,זית סורי,,,זית סורי,קילוגרמים,1.00,"ק""ג",true,,30.00,30.0000,true,1,136689
7290000150828,false,טוסקנה,,,טוסקנה,קילוגרמים,1.00,"ק""ג",true,,70.00,70.0000,true,1,131932
7290000150835,false,משמש טבעי,,,משמש טבעי,קילוגרמים,1.00,"ק""ג",true,,60.00,60.0000,true,1,172740
7290000150847,false,חליטת בריאת,,,חליטת בריאת,קילוגרמים,1.00,"ק""ג",true,,15.00,15.0000,true,1,144080
7290000150849,false,פפריקה מתוקה יבשה,,,פפריקה מתוקה יבשה,קילוגרמים,1.00,"ק""ג",true,,40.00,40.0000,true,1,131933
7290000150862,false,פפיה טבעית,,,פפיה טבעית,קילוגרמים,1.00,"ק""ג",true,,80.00,80.0000,true,1,119318
7290000150863,false,מלון טבעי,,,מלון טבעי,קילוגרמים,1.00,"ק""ג",true,,80.00,80.0000,true,1,119319
7290000150864,false,מנגו טבעי,,,מנגו טבעי,קילוגרמים,1.00,"ק""ג",true,,100.00,100.0000,true,1,119320
7290000150865,false,תותים,,,תותים,קילוגרמים,1.00,"ק""ג",true,,80.00,80.0000,true,1,119321
7290000150870,false,בננה טבעית,,,בננה טבעית,קילוגרמים,1.00,"ק""ג",true,,80.00,80.0000,true,1,111698
7290000150873,false,חליטת תות,,,חליטת תות,קילוגרמים,1.00,"ק""ג",true,,70.00,70.0000,true,1,141045
7290000150875,false,חליטת תה ירוק הדרים,,,חליטת תה ירוק הדרים,קילוגרמים,1.00,"ק""ג",true,,79.00,79.0000,true,1,141047
7290000150887,false,תבלין אורז צהוב,,,תבלין אורז צהוב,קילוגרמים,1.00,"ק""ג",true,,100.00,100.0000,true,1,160462
7290000150888,false,שקדים מולבנים שלמים,,,שקדים מולבנים שלמים,קילוגרמים,1.00,"ק""ג",true,,60.00,60.0000,true,1,172759
7290000150889,false,כוסמת ירוקה,,,כוסמת ירוקה,קילוגרמים,1.00,"ק""ג",true,,15.00,15.0000,true,1,120141
7290000150900,false,תבלין לחמין,,,תבלין לחמין,קילוגרמים,1.00,"ק""ג",true,,59.90,59.9000,true,1,131934
7290000150911,false,תערובת פיצוחים טבעי,,,תערובת פיצוחים טבעי,קילוגרמים,1.00,"ק""ג",true,,60.00,60.0000,true,1,144087
7290000150920,false,"תבלין תפו""א",,,"תבלין תפו""א",קילוגרמים,1.00,"ק""ג",true,,60.00,60.0000,true,1,167953
7290000150987,false,ניצני ורדים אדום,,,ניצני ורדים אדום,קילוגרמים,1.00,"ק""ג",true,,200.00,200.0000,true,1,172965
7290000150999,false,שיבולת שועל דק,,,שיבולת שועל דק,קילוגרמים,1.00,"ק""ג",true,,10.00,10.0000,true,1,120142
7290000151000,false,מיקס פירות טבעי,,,מיקס פירות טבעי,קילוגרמים,1.00,"ק""ג",true,,60.00,60.0000,true,1,185452
7290000151001,false,פיצוחים קלויים ללא מ,,,פיצוחים קלויים ללא מ,קילוגרמים,1.00,"ק""ג",true,,70.00,70.0000,true,1,187204
7290000158657,false,קשה כבשים כמהין,,,קשה כבשים כמהין,קילוגרמים,1.00,"ק""ג",true,,199.00,199.0000,true,1,146799
7290000159010,false,שניצל עוף מיני דובונים 7,"מוצרי עוף טוב (2001) בע""",IL,ע.ט.שניצל עוף מיני ד,גרמים,700.00,100 גרם,false,,32.90,4.7000,true,1,126623
7290000161358,false,תלמה מיונז אמיתי משמן קנולה 500 גרם,יוניליוור ישראל מזון בע\,IL,מיונז אמיתי משמן קנו,גרמים,500.00,100 גרם,false,,12.90,2.5800,true,1,119446
7290000163062,false,ברמונדי טרי,,,ברמונדי טרי,קילוגרמים,1.00,"ק""ג",true,,59.90,59.9000,true,1,146756
7290000163093,false,פילה סלמון,,,פילה סלמון,קילוגרמים,1.00,"ק""ג",true,,120.00,120.0000,true,1,146757
7290000166605,false,סיף פנטסטיק ניקיון כללי יסמין 4ליטר,סיף פנטסטיק Cif Fantastic,IL,סיף נ.כללי יסמין 4 ל,קילוגרמים,4.00,ליטר,false,,21.90,5.4750,true,1,119467
7290000168173,false,"ברנפלקס קרנצ'ים תלמה 375 גרם בד""צ",יוניליור ישראל מזון,IL,ברנפלקס קרנצים 375 ג,גרמים,375.00,100 גרם,false,,22.90,6.1067,true,1,119478
7290000169538,false,"נמס בכוס עגבניות וקרוטונים מרק כשרות בד""ץ 62 ג' קנור",יוניליוור ישראל מזון בע\,IL,נמס בכוס עגבניות וקר,Unknown,0.00,יחידה,false,,6.90,0.0000,true,1,119486
7290000169798,false,"עוגי מופחת סוכר 20% פצפוצי שוקו' 500ג' בד""צ",יוניליוור ישראל מזון בע\,IL,עוגי פחות סוכר 20% 5,גרמים,500.00,100 גרם,false,,19.90,3.9800,true,1,119489
7290000170053,false,"שוקולד פרה חלב 100 גרם בד""צ לל""ג","שטראוס גרופ בע""\מ.",IL,"שוקולד פרה חלב בד""צ",גרמים,100.00,100 גרם,false,,5.90,5.9000,true,1,132101
7290000170150,false,בורגול עבה גס,,,בורגול עבה גס,קילוגרמים,1.00,"ק""ג",true,,7.00,7.0000,true,1,142762
7290000170500,false,חמוציות ברכז תפוח,,,חמוציות ברכז תפוח,קילוגרמים,1.00,"ק""ג",true,,50.00,50.0000,true,1,151571
7290000170515,false,מתקן לבכור פרמידה בי,,,מתקן לבכור פרמידה בי,Unknown,0.00,יחידה,false,,34.90,0.0000,true,1,198074
7290000174099,false,בפלות ופלים בטעם שוקולד 500 גרם,"שטראוס גרופ בע""מ",IL,בפלות בטעם שוקולד 50,גרמים,500.00,100 גרם,false,,12.90,2.5800,true,1,132108
7290000174723,false,שוקולית אבקה להכנת משקה שוקו 500 גרם,הנסיך- מפעל לייצור ט,IL,עלית אבקת שוקולית בק,גרמים,500.00,100 גרם,false,,11.90,2.3800,true,1,132109
7290000176062,false,קפה טורקי בשקית 100 ג' עלית,שטראוס קפה בי.ויn\.,IL,קפה עלית טורקי 100 ג,Unknown,0.00,יחידה,false,,8.90,0.0000,true,1,132111
7290000176079,false,קפה עלית טורקי עם הל 100 גרם,הנסיך- מפעל לייצור ט,IL,קפה עלית טורקי עם הל,גרמים,100.00,100 גרם,false,,8.90,8.9000,true,1,132112
7290000176413,false,קפה נמס אבקתי 50 ג' עלית,הנסיך- מפעל לייצור ט,IL,קפה נמס עלית 50 גרם,Unknown,0.00,יחידה,false,,8.90,0.0000,true,1,132117
7290000176420,false,קפה נמס פחית עלית 200 גרם,שטראוס קפה בי.וי,IL,קפה נמס עלית 200 גרם,גרמים,200.00,100 גרם,false,,19.90,9.9500,true,1,132118
7290000176468,false,קפה נמס נטול קפאין 50 ג' קפה האג,"איי, בי, אינבוו",IL,קפה האג נטול קפאין 5,Unknown,0.00,יחידה,false,,11.20,0.0000,true,1,132119
7290000176475,false,האג קפה נמס נטול קפאין עלית 200 גרם,שטראוס גרופ,VN,קפה האג נטול קפאין 2,גרמים,200.00,100 גרם,false,,33.90,16.9500,true,1,132120
7290000178707,false,תפוצ'יפס בטעם טבעי 50 גרם,"שטראוס פריטו ליי בע""\מ )",IL,תפוצ'יפס טבעי 50 גרם,Unknown,0.00,יחידה,false,,3.50,0.0000,true,1,132911
7290000178721,false,תפוצ'יפס בטעם טבעי 200 גרם,"שטראוס פריטו ליי בע""\מ )",IL,תפוציפס טבעי 200גר,גרמים,200.00,100 גרם,false,,9.90,4.9500,true,1,132912
7290000180212,false,שוקולוד פרה מריר אגוזים 100ג' עלית,"שטראוס גרופ בע""מ",IL,פרה שוק.מריר ושברי א,גרמים,100.00,100 גרם,false,,5.90,5.9000,true,1,132127
7290000186030,false,מארז רביעייה מגבוני בתחליב וויטמין E האגיס,קימברלי קלארק,IL,מגבוני האגיס בייבי ס,Unknown,0.00,יחידה,false,,26.90,0.0000,true,1,119078
7290000186535,false,נייר טואלט תלת שכבתי לבן לילי 32 יחידות,לילי נייר טואלט חוגלה,IL,לילי נייר טואלט טריו,Unknown,32.00,יחידה,false,,46.90,1.4656,true,1,119079
7290000187860,false,מגבוני טואלט לחים לילי דיספנסר 40יח',עלבד משואות יצחק בעמ,IL,לילי נייר טאלט לח די,Unknown,48.00,יחידה,false,,6.90,0.1438,true,1,119081
7290000187921,false,נייר טואלט דו שכבתי לבן לילי 32 יחידות,לילי נייר טואלט חוגלה,IL,"נייר טואלט ""לילי"" לב",Unknown,32.00,יחידה,false,,39.90,1.2469,true,1,111039
7290000187938,false,"נייר טואלט ""לילי"" פסטל 32 גלילים",לילי נייר טואלט חוגלה,IL,"נייר טואלט ""לילי"" פס",Unknown,32.00,יחידה,false,,39.90,1.2469,true,1,111040
7290000187952,false,נייר טואלט תלת שכבתי ורוד לילי 32 יחידות,לילי נייר טואלט חוגלה,IL,נייר טואלט לילי טריו,Unknown,32.00,יחידה,false,,46.90,1.4656,true,1,119083
7290000188270,false,קליניקס ממחטות אף אולטרא סופט 2*80 דף,חוגלה קימברלי,IL,קליניקס ממחטות אף או,Unknown,2.00,יחידה,false,,16.90,8.4500,true,1,171856
7290000188553,false,קוטקס מגן תחתון יאנג ביג 60 יחידות,קימברלי קלארק,CN,קוטקס מגן תחתון נורמ,Unknown,60.00,יחידה,false,,19.90,0.3317,true,1,111041
7290000188591,false,קוטקס מגן תחתון יאנג ביג 60 יחידות,קימברלי קלארק,CN,קוטקס מ.תחתון סילק י,Unknown,60.00,יחידה,false,,19.90,0.3317,true,1,190745
7290000189192,false,סופר מטלית מטליות נייר רב פעמיות ניקול 64 יחידות,קימברלי קולומביה,IL,ניקול מטלית חכמה יומ,Unknown,64.00,יחידה,false,,16.90,0.2641,true,1,119091
7290000189598,false,מטליות לחות חד פעמיות לניקוי כללי 50 יח' ניקול,עלבד משואות יצחק בעמ,IL,מטליות לחות חד פעמיו,Unknown,50.00,יחידה,false,,10.90,0.2180,true,1,111045
7290000189659,false,מטליות לחות לרצפה ניקול 10 יחידות,עלבד משואות יצחק בעמ,IL,ניקול מטליות לחות לר,Unknown,10.00,יחידה,false,,11.90,1.1900,true,1,111046
7290000189734,false,מטליות לחות לניקוי פרקט ניקול 10 יחידות,עלבד משואות יצחק בעמ,IL,ניקול מטליות לחות לפ,Unknown,10.00,יחידה,false,,10.90,1.0900,true,1,119097
7290000190198,false,מטליות לחות לניקוי וחיטוי 99.9% ניקול 50 יחידה,עלבד משואות יצחק בעמ,IL,ניקול מטליות לחות לח,Unknown,0.00,יחידה,false,,10.90,0.0000,true,1,119100
7290000191033,false,פורל מעושן,,,פורל מעושן,קילוגרמים,1.00,"ק""ג",true,,140.00,140.0000,true,1,162864
7290000191101,false,סלט איקרה ורוד,,,סלט איקרה ורוד,קילוגרמים,1.00,"ק""ג",true,,70.00,70.0000,true,1,163239
7290000191171,false,קלינקס קולקשן ניילון אריזת זוג,חוגלה קימברלי,IL,קלינקס קולקשן זוג ני,גרמים,180.00,100 גרם,false,,8.90,4.9444,true,1,201433
7290000191225,false,חיתולים ליטל בייביז מידה 2 האגיס 46 יחידות,קימברלי קלארק שיווק,IL,האגיס חיתולי ם שלב 2,Unknown,46.00,יחידה,false,,33.90,0.7370,true,1,119105
7290000191539,false,חמישיית ממחטות טישו צבועני לילי 100 יחידות,חוגלה קימברלי,IL,לילי צבעוני חמישיה,Unknown,5.00,יחידה,false,,15.90,3.1800,true,1,119106
7290000191652,false,שלישיית ממחטות אולטרה סופט קלינקס 90 יחידות,חוגלה קימברלי,IL,קלינקס ממחטות טישו,Unknown,3.00,יחידה,false,,10.90,3.6333,true,1,111051
7290000191966,false,נייר טואלט לילי לח נטורל קר 48 דפים,עלבד משואות יצחק בעמ,IL,לילי נ.טואלט לח סנסט,Unknown,48.00,יחידה,false,,6.90,0.1438,true,1,119109
7290000193014,false,מגן תחתון פדיות אינטרלוד לילי 50 יחידות,חוגלה קימברלי,CZ,לילי מגיני יום אינטר,Unknown,50.00,יחידה,false,,9.90,0.1980,true,1,111052
7290000193083,false,נובה-לי תחבושות היגייניות לילי 28 יחידות,חוגלה קימברלי,CZ,לילי נובה לי 28 יח',Unknown,28.00,יחידה,false,,9.90,0.3536,true,1,119112
7290000193205,false,תחבושות עם כנפיים ללילה נטורל לילי 20 יחידות,חוגלה קימברלי,BE,לילי נטורל תחבושת לי,Unknown,20.00,יחידה,false,,14.90,0.7450,true,1,119113
7290000193472,false,מגן תחתון נטורל נורמל לילי 60 יחידות,חוגלה קימברלי,ES,לילי נטורל מגני תחתו,Unknown,60.00,יחידה,false,,14.90,0.2483,true,1,119114
7290000193540,false,מגן תחתון לונג נטורל לילי 52 יחידות,חוגלה קימברלי,ES,לילי נטורל מגני תחתו,Unknown,52.00,יחידה,false,,14.90,0.2865,true,1,119115
7290000193618,false,לילי אינטימייט מגן תחתון נורמל 24 יח',חוגלה קימברלי,ES,לילי נטורל מגני תחתו,Unknown,62.00,יחידה,false,,14.90,0.2403,true,1,119116
7290000193649,false,תחבושות עם כנפיים נורמל פלוס לילי 24 יחידות,חוגלה קימברלי,ES,לילי נטורל תחבושות א,Unknown,24.00,יחידה,false,,14.90,0.6208,true,1,119117
7290000193656,false,תחבושות עם כנפיים סופר פלוס לילי 24 יחידות,חוגלה קימברלי,ES,לילי נטורל תחבושות א,Unknown,24.00,יחידה,false,,14.90,0.6208,true,1,119118
7290000193793,false,לילי תחבושות אינטימי נורמל אולט' 24 יח',חוגלה קימברלי,BE,לילי נטורל תחבושות א,Unknown,24.00,יחידה,false,,14.90,0.6208,true,1,119119
7290000194288,false,משטח החתלה האגיס 10 יחידות,חוגלה קימברלי,BE,האגיס משטחי החתלה 10,Unknown,10.00,יחידה,false,,23.90,2.3900,true,1,119121
7290000195032,false,שקמה מכנסון גזרתי סופר נייט L,חוגלה קימברלי,IL,חיתולי שקמה L,Unknown,0.00,יחידה,false,,52.90,0.0000,true,1,119123
7290000197425,false,חיתולים פרידום דריי שלב 3 האגיס 52 יחידות,קימברלי קלארק ישראל,IL,האגיס פרידום דריי של,Unknown,54.00,יחידה,false,,42.90,0.7944,true,1,111060
7290000197456,false,חיתולים פרידום דריי שלב 4 האגיס 44 יחידות,קימברלי קלארק ישראל,IL,האגיס פרידום דרי,Unknown,44.00,יחידה,false,,42.90,0.9750,true,1,111062
7290000197463,false,חיתולים פרידום דריי שלב +4 האגיס 40 יחידות,קימברלי קלארק ישראל,IL,האגיס פרידום דריי של,Unknown,42.00,יחידה,false,,42.90,1.0214,true,1,111063
7290000197548,false,חיתולים פרידום דריי שלב 5 האגיס 36 יחידות,קימברלי קלארק ישראל,IL,האגיס פרידום דריי 36,Unknown,38.00,יחידה,false,,42.90,1.1289,true,1,111065
7290000197678,false,חיתולי האגיס פרידום דריי שלב 6 30 יחידות,קימברלי קלארק ישראל,IL,האגיס פרידום דריי של,Unknown,34.00,יחידה,false,,42.90,1.2618,true,1,111066
7290000198017,false,סלמי איטלקי מפולפל ז,,,סלמי איטלקי מפולפל ז,קילוגרמים,1.00,"ק""ג",true,,79.00,79.0000,true,1,147027
7290000199313,false,קוטקס יאנג תחבושות עם כנפיים נורמל חדש30,חוגלה קימברלי,CZ,קוטקס תחבושות יאנג 2,Unknown,28.00,יחידה,false,,18.90,0.6750,true,1,111069
7290000201795,false,"האגיס מגבונים לתינוק מבושם מארז, שלישיה * 64 יח'",חוגלה קימברלי,IL,מגבוני האגיס נטורל ק,Unknown,0.00,יחידה,false,,15.90,0.0000,true,1,119141
7290000201849,false,טיטולים פרימיום שלב 4 42 יח' (8-14),חוגלה קימברלי,IL,טיטולים פרימיום,Unknown,42.00,יחידה,false,,34.90,0.8310,true,1,119144
7290000201856,false,טיטולים פרימיום שלב4+ 38 יחידות .,חוגלה קימברלי,IL,טיטולים פרימיום שלב,Unknown,40.00,יחידה,false,,34.90,0.8725,true,1,119145
7290000201863,false,טיטולים פרימיום שלב 5 34 יחידות,חוגלה קימברלי,IL,טיטולים פרימיום שלב,Unknown,36.00,יחידה,false,,34.90,0.9694,true,1,119146
7290000201870,false,טיטולים פרימיום שלב 6 30 יחידות,חוגלה קימברלי,IL,טיטולים פרימיום שלב,Unknown,34.00,יחידה,false,,34.90,1.0265,true,1,119147
7290000204086,false,ניקול כרית קרצוף מארז שלישייה,חוגלה קימברלי,US,ניקול כרית קרצוף 3יח,Unknown,3.00,יחידה,false,,10.90,3.6333,true,1,119152
7290000204147,false,רביעיית כרית יפנית עבה ניקול 4 יחידות,פלסטו פוליש (ברקן),IL,ניקול כריות יפניות 2,Unknown,4.00,יחידה,false,,10.90,2.7250,true,1,119153
7290000204215,false,שישיית כרית יפנית ניקול 6 יחידות,פלסטו פוליש (ברקן),IL,ניקול כריות יפניות ש,Unknown,6.00,יחידה,false,,10.90,1.8167,true,1,111070
7290000204253,false,מטליות רב שימושיות לניקיון ניקול 9 יחידות,נועם אורים-קיבוץ אור,IL,ניקול מטלית רב שימוש,Unknown,9.00,יחידה,false,,10.90,1.2111,true,1,119155
7290000204307,false,ניקול מטליות רב שימושיות בגליל 40 יח',נועם אורים-קיבוץ אור,IL,מטליות ניקול 40 רב ש,Unknown,40.00,יחידה,false,,16.90,0.4225,true,1,119156
7290000204512,false,מטליות לחות לניקוי רצפה בריח לימון ניקול 10 יחידות,עלבד משואות יצחק בעמ,IL,ניקול מטליות לחות לר,Unknown,10.00,יחידה,false,,10.90,1.0900,true,1,111071
7290000204611,false,שישיית ספוגית הקסם ניקול 6 יחידות,חוגלה קימברלי,US,ניקול ספוגית הקסם שי,Unknown,6.00,יחידה,false,,10.90,1.8167,true,1,111072
7290000205762,false,חיתולי האגיס אקסטרה קר מידה 3 48 יחידות,חוגלה קימברלי,IL,האגיס אקסטרה מידה 3,Unknown,0.00,יחידה,false,,49.90,0.0000,true,1,119157
7290000205915,false,חיתולי האגיס אקסטרה קייר מידה 4 40 יחידות,חוגלה קימברלי,IL,האגיס אקסטרה מידה 4,Unknown,0.00,יחידה,false,,49.90,0.0000,true,1,119158
7290000207063,false,רוטב עגבניות פריכוז 28% 260 ג' יכין,היינץ צפון אמריקה מק,IL,רסק עגבניות פריכוז 2,גרמים,260.00,100 גרם,false,,5.90,2.2692,true,1,118489
7290000207162,false,רוטב עגבניות מרכיב טבעי 100 ג' יכין,"זנלכל בע""\מ",IL,רסק עגבניות מרכיב טב,גרמים,100.00,100 גרם,false,,2.50,2.5000,true,1,118490
7290000207438,false,עגבניות 2.5 A קוביות 850 גרם יכין,"זנלכל בע""\מ",IL,קוביות עגבניות,גרמים,800.00,100 גרם,false,,9.90,1.2375,true,1,118491
7290000207933,false,יכין רוטב פיצה 3קג,,,"רוטב פיצה 3 ק""ג",פריט,3.00,"ק""ג",false,,29.90,9.9667,true,1,118492
7290000208008,false,רסק פלפל חריף חריסה A2 יכין 550 ג',"זנלכל בע""\מ",IL,A2 חריסה,גרמים,570.00,100 גרם,false,,9.90,1.7368,true,1,118493
7290000208022,false,עגבניות מרוסקות פריכוז 800 ג' יכין,"זנלכל בע""\מ",IL,2.5A עגבניות מרוסקות,גרמים,800.00,100 גרם,false,,9.90,1.2375,true,1,118494
7290000208114,false,"אפונה וגזר יכין A2 פ""ק בית יוסף","זנלכל בע""\מ",IL,אפונה וגזר א2,גרמים,550.00,100 גרם,false,,8.90,1.6182,true,1,118496
7290000208138,false,סירופ דיאט בטעם ענבים יכין 1 ליטר,"זנלכל בע""\מ",IL,סירופ דיאט ענבים 1 ל,קילוגרמים,1.00,ליטר,false,,16.90,16.9000,true,1,118498
7290000208145,false,גרעיני תירס מתוק לייט 550 גרם יכין,"זנלכל בע""\מ",IL,A2 גרעיני תירס לייט,גרמים,550.00,100 גרם,false,,9.90,1.8000,true,1,118499
7290000208213,false,שעועית לבנה אפויה A2 ברוטב עגבניות יכין 560ג',היינץ צפון אמריקה מק,IL,A2 שעועית לבנה ברוטב,גרמים,580.00,100 גרם,false,,8.90,1.5345,true,1,118501
7290000208220,false,"שעועית צ'לי יכין פ""ק A2 בית יוסף",היינץ צפון אמריקה מק,IL,A2 שעועית צילי,גרמים,550.00,100 גרם,false,,9.90,1.8000,true,1,118502
7290000208312,false,גרעיני תירס מתוק בואקום יכין 400 גר',"זנלכל בע""\מ",IL,12OZ גרעיני תירס מתו,גרמים,325.00,100 גרם,false,,6.90,2.1231,true,1,118506
7290000208329,false,גרעיני תירס מתוק 550 גרם יכין,"זנלכל בע""\מ",IL,A2 גרעיני תירס מתוק,גרמים,550.00,100 גרם,false,,8.90,1.6182,true,1,118507
7290000208336,false,רסק יכין 240גר 22% יכין בית יוסף,"זנלכל בע""\מ",IL,רסק יכין 22% 260 גרם,גרמים,260.00,100 גרם,false,,4.50,1.7308,true,1,118508
7290000208343,false,עגבניות מרוסקות שום יכין A2.5 בית יוסף,היינץ צפון אמריקה מק,IL,עגבניות מרוסקות 800ג,גרמים,800.00,100 גרם,false,,9.90,1.2375,true,1,118509
7290000208350,false,עגבניות מרוסקות בצל 850 גר יכין A 2.5,זנלכל,IL,עגבניות מרוסקות עם ש,גרמים,800.00,100 גרם,false,,9.90,1.2375,true,1,118510
7290000208367,false,עגבניות מרוסקות בתוספת בזיליקום 800 ג' יכין,זנלכל,IL,עגבניות מרוסקות 800ג,גרמים,800.00,100 גרם,false,,9.90,1.2375,true,1,118511
7290000208428,false,יכין חומוס בשימורים 550 גרם,"זנלכל בע""\מ",IL,חומוס שלם ללא סוכר 5,גרמים,550.00,100 גרם,false,,8.90,1.6182,true,1,118513
7290000208459,false,"לקט אפונה, תפוחי אדמה וגזר יכין 550 גרם","זנלכל בע""\מ",IL,ירקות מעורבים,גרמים,600.00,100 גרם,false,,9.90,1.6500,true,1,118515
7290000208480,false,גרעיני תירס מתוק בטעם חמאה 550 גרם יכין,"זנלכל בע""\מ",IL,550 גרעיני תירס בטעם,גרמים,550.00,100 גרם,false,,9.90,1.8000,true,1,118516
7290000208534,false,גרעיני תירס מתוק לילדים 550 גרם יכין,"זנלכל בע""\מ",IL,A2 גרעיני תירס קיד,גרמים,550.00,100 גרם,false,,9.90,1.8000,true,1,118517
7290000208800,false,גרעיני תירס מתוק לילדים 400 גרם יכין,זנלכל,IL,תירס קיד יכין מתוק,גרמים,400.00,100 גרם,false,,6.90,1.7250,true,1,118519
7290000208855,false,רוטב לפסטה קלאסי 240 גרם יכין,"זנלכל בע""\מ",IL,רוטב עגבניות לפסטה 2,גרמים,260.00,100 גרם,false,,5.50,2.1154,true,1,118520
7290000208893,false,גרעיני תירס מתוק לייט 400 גרם יכין,היינץ צפון אמריקה מק,IL,תירס לייט ואקום 246,גרמים,246.00,100 גרם,false,,6.90,2.8049,true,1,118521
7290000208930,false,עגבניות מרוסקות בתוספת שום 240 גרם יכין,"זנלכל בע""מ",IL,עגבניות מרוסקות בתוס,גרמים,260.00,100 גרם,false,,5.50,2.1154,true,1,118522
7290000208947,false,עגבניות מרוסקות יכין 260 גרם,היינץ צפון אמריקה מק,IL,עגבניות מרוסקות 260,גרמים,260.00,100 גרם,false,,5.50,2.1154,true,1,118523
7290000208978,false,רוטב עגבניות פריכוז יכין 100 גרם,היינץ צפון אמריקה מק,IL,רסק פריכוז %28 100 ג,גרמים,100.00,100 גרם,false,,3.50,3.5000,true,1,118524
7290000209012,false,חומץ 1ליטר יכין הדרים,"זנלכל בע""\מ",IL,חומץ הדרים 1 ליטר,קילוגרמים,1.00,ליטר,false,,6.90,6.9000,true,1,118526
7290000209043,false,מיץ לימון לתיבול יכין 1 ליטר,היינץ צפון אמריקה מק,IL,מיץ לימון משומר 1ליט,קילוגרמים,1.00,ליטר,false,,6.90,6.9000,true,1,118528
7290000209173,false,חומצה אצטית למזון 5% יכין 1 ליטר,"זנלכל בע""\מ",IL,חומץ סינטטי 1 ליטר,קילוגרמים,1.00,ליטר,false,,5.90,5.9000,true,1,118529
7290000209371,false,תירס מתוק יכין 200 גרם מארז 3 יח',היינץ צפון אמריקה מק,IL,יכין תירס 3*340גר,גרמים,450.00,100 גרם,false,,14.90,3.3111,true,1,118536
7290000209388,false,תירס מתוק לייט יכין 200 גרם מארז 3 יח',"זנלכל בע""\מ",IL,יכין תירס 3*340גר,גרמים,140.00,100 גרם,false,,14.90,10.6429,true,1,118537
7290000209531,false,סירופ דיאט בטעם אשכוליות יכין 1 ליטר,"זנלכל בע""\מ",IL,סירופ דיאט אשכוליות,קילוגרמים,1.00,ליטר,false,,16.90,16.9000,true,1,118541
7290000209555,false,סירופ דיאט בטעם תפוחים יכין 1 ליטר,"זנלכל בע""\מ",IL,"סירופ דיאט תפוח""ע 1",קילוגרמים,1.00,ליטר,false,,16.90,16.9000,true,1,118542
7290000209579,false,סירופ דיאט בטעם אננס יכין 1 ליטר,"זנלכל בע""\מ",IL,סירופ דיאט אננס 1 לי,קילוגרמים,1.00,ליטר,false,,16.90,16.9000,true,1,118544
7290000209708,false,עגבניות מרוסקות עם בזיליקום יכין 240 גרם,היינץ צפון אמריקה מק,IL,עגבניות מרוסקות בתוס,גרמים,260.00,100 גרם,false,,5.50,2.1154,true,1,118545
7290000209722,false,רוטב עגבניות פריכוז יכין 580 גרם,"זנלכל בע""\מ",IL,A2 רסק עגבניות פריכו,גרמים,580.00,100 גרם,false,,10.90,1.8793,true,1,118547
7290000209906,false,עגבניות מרוסקות בתוספת בצל 240 גרם יכין,זנלכל,IL,עגבניות מרוסקות 260,גרמים,260.00,100 גרם,false,,5.50,2.1154,true,1,118548
7290000209913,false,עגבניות חתוכות לקוביות 240 גרם יכין,"זנלכל בע""\מ",IL,עגבניות קוביות 260 ג,גרמים,260.00,100 גרם,false,,5.50,2.1154,true,1,118549
7290000209944,false,רוטב לעגבניות בסיס לשקשוקה 240 ג' יכין,"זנלכל בע""\מ",IL,בסיס לעגבניות שקשוקה,גרמים,260.00,100 גרם,false,,5.50,2.1154,true,1,118550
7290000209951,false,רוטב עגבניות לפיצה 260 גרם יכין,"זנלכל בע""\מ",IL,יכין רוטב עגבניות לפ,גרמים,260.00,100 גרם,false,,5.50,2.1154,true,1,118551
7290000209968,false,רוטב עגבניות ללזניה יכין 240 גרם,"זנלכל בע""\מ",IL,רוטב לזניה 260 גרם,גרמים,260.00,100 גרם,false,,5.50,2.1154,true,1,118552
7290000210469,false,עגבניות שלמות יכין A2.5 בית יוסף,זנלכל,IL,עגבניות שלמות יכין 7,גרמים,800.00,100 גרם,false,,9.90,1.2375,true,1,118556
7290000210896,false,רוטב לפסטה בולונז 240 גרם יכין,"זנלכל בע""מ",IL,יכין רוטב בולונז לפס,גרמים,260.00,100 גרם,false,,5.50,2.1154,true,1,118557
7290000211169,false,"אורז תאילנדי אחד אחד סוגת 1 ק""ג",האי נאם סי או אל.טי.,IL,סוגת אורז תאילנדי אח,גרמים,1000.00,100 גרם,false,,6.90,0.6900,true,1,124674
7290000211374,false,"קמח חיטה מלא סוגת 1 ק""ג",טחנת קמח דגן-שטיבל,IL,קמח חיטה מלא סוגת 1,גרמים,1000.00,100 גרם,false,,7.90,0.7900,true,1,124676
7290000211442,false,"אורז פרסי קלאסי סוגת 1 ק""ג",האי נאם סי או אל.טי.,IL,סוגת אורז פרסי קלאסי,גרמים,1000.00,100 גרם,false,,10.90,1.0900,true,1,124678
7290000211503,false,סוכר לבן ארוז בשקית,"סוגת תעשיות בע""\מ",IL,"סוכר סוגת 1 ק""ג",גרמים,1000.00,100 גרם,false,,4.00,0.4000,true,1,124679
7290000220608,false,צלעות צרכני מהדרין.,,,צלעות צרכני מהדרין.,קילוגרמים,1.00,"ק""ג",true,,44.90,44.9000,true,1,158591
7290000225278,false,סיימן מסוג דנבלו 27%,,,מסוג דנאבלו,קילוגרמים,1.00,"ק""ג",true,,85.00,85.0000,true,1,122486
7290000226444,false,פרוזן פילה אמנון 7-5,,,פרוזן פילה אמנון 7-5,קילוגרמים,1.00,"ק""ג",true,,29.90,29.9000,true,1,202659
7290000226514,false,עוגת דובוש טעם ריבת חלב קפולסקי 450 גרם,תופינים מקבוצת קפולסקי,IL,עוגת היום- דובוש ריב,גרמים,450.00,100 גרם,false,,38.90,8.6444,true,1,148336
7290000226545,false,"עוגת טורט היער השחור קפולסקי 1 ק""ג",קפולסקי שיווק וקמעונ,IL,עוגת טורט היער השחור,פריט,1.10,"ק""ג",false,,63.90,58.0909,true,1,148337
7290000226552,false,קפולסקי עוגת טורט ריבת חלב+ קוקוס קפוא,קפולסקי שיווק וקמעונ,IL,עוגת טורט ריבת חלב ע,Unknown,1.10,יחידה,false,,63.90,58.0909,true,1,148338
7290000226569,false,"עוגת טורט קצפת שוקולד קפולסקי 1 ק""ג",תופינים מקבוצת קפולסקי,IL,עוגת טורט קצפת שוקול,Unknown,1.00,יחידה,false,,63.90,63.9000,true,1,148339
7290000226576,false,"עוגת טורט מצופה שוקולד קפולסקי 1 ק""ג",תופינים מקבוצת קפולסקי,IL,עוגת טורט מצופה שוקו,Unknown,1.00,יחידה,false,,63.90,63.9000,true,1,148340
7290000226613,false,עוגת דובוש מצופה שוקולד קפולסקי 450 גרם,תופינים מקבוצת קפולסקי,IL,עוגת דובוש מצופה בטע,Unknown,1.00,יחידה,false,,38.90,38.9000,true,1,148342
7290000234587,false,גבינת פרמזנו רגאנו ג,,,גבינת פרמזנו רגאנו ג,קילוגרמים,1.00,"ק""ג",true,,150.00,150.0000,true,1,137048
7290000238029,false,"בצק עלים צרפתי מרודד מעדנות 1 ק""ג",מיוצר עי קונדיטוריית,IL,מעדנות בצק עלים צרפת,גרמים,1000.00,100 גרם,false,,18.90,1.8900,true,1,114119
7290000238036,false,מלאווח בקופסא מעדנות 700 גרם,מיוצר עי קונדיטוריית,IL,מעדנות מלווח 700 גרם,גרמים,700.00,100 גרם,false,,15.90,2.2714,true,1,114120
7290000238173,false,בורקס גבינה מעדנות 800 גרם,מיוצר עי קונדיטוריית,IL,מעדנות בורקס גבינה 8,גרמים,800.00,100 גרם,false,,18.90,2.3625,true,1,114121
7290000238180,false,בורקס תפוחי אדמה מעדנות 800 גרם,מיוצר עי קונדיטוריית,IL,"מעדנות בורקס תפו""א 8",גרמים,800.00,100 גרם,false,,18.90,2.3625,true,1,114122
7290000244082,false,"הוואי שלישיית סבון נוזלי שמיים כחולים 500 מ""ל",טרופיקל דגיל,IL,הוואי סבון נוזלי כחו,מיליליטרים,500.00,"100 מ""ל",false,,15.90,3.1800,true,1,156467
7290000244143,false,"הוואי - קרם לאחר גילוח 120 מ""ל",טרופיקל דגיל קוסמטיק,IL,הואי קרם לאחר גילוח,גרמים,120.00,100 גרם,false,,16.90,14.0833,true,1,125914
7290000244280,false,משחת גילוח רגיל 80 מ,טרופיקל דגיל,IL,משחת גלוח רגילה,Unknown,0.00,יחידה,false,,10.00,0.0000,true,1,125915
7290000245089,false,סוד סגול אלגנט 4 ל מרכך כביסה,"הנקל סוד בע""מ",IL,סוד מרכך כביסה סגול,קילוגרמים,4.00,ליטר,false,,18.90,4.7250,true,1,153719
7290000245157,false,מרכך כביסה סנסיישין לבן 4 ל' סוד,"הנקל סוד בע""\מ",IL,סוד מרכך כביסה סנסיי,קילוגרמים,4.00,ליטר,false,,18.90,4.7250,true,1,111257
7290000245294,false,"א.כ. פרסיל סופרא שקית 2.5 ק""ג","הנקל סוד בע""\מ",IL,פרסיל א.כביסה סופרא,,2.50,קג,false,,25.00,10.0000,true,1,111258
7290000245782,false,סוד ורוד מסתורי 4 ל מרכך כביסה,"הנקל סוד בע""\מ",IL,סוד מרכך כביסה ורוד,קילוגרמים,4.00,ליטר,false,,18.90,4.7250,true,1,111259
7290000245799,false,סוד כחול מרענן 4 ל מרכך כביסה,"הנקל סוד בע""\מ",IL,סוד מרכך כביסה כחול,קילוגרמים,4.00,ליטר,false,,18.90,4.7250,true,1,111260
7290000253220,false,שוקולד צ'יפס חום אופנהיימר 260 גר',אופנהיימר,IL,אופנהיימר שוק ציפס 2,גרמים,260.00,100 גרם,false,,11.90,4.5769,true,1,124875
7290000253251,false,שוקולד צ'יפס לבן אופנהיימר 250 גרם,אופנהיימר,IL,שוקולד ציפס לבן אופנ,גרמים,300.00,100 גרם,false,,11.90,3.9667,true,1,124876
7290000253333,false,גבינה קורולבסקי,,,קורולבסקי,קילוגרמים,1.00,"ק""ג",true,,90.00,90.0000,true,1,198226
7290000253411,false,סוכריות קישוט צבעוני 90 גר,אחים מזרחי,IL,סוכריות לקישוט צבעונ,Unknown,0.00,יחידה,false,,4.90,0.0000,true,1,129484
7290000253800,false,סוכריות לקישוט צבעוניות 90 גרם - צבעים טבעיים,אופנהיימר,IL,אופנהיימר סוכריות קי,Unknown,0.00,יחידה,false,,8.90,0.0000,true,1,121559
7290000254197,false,קפה לאספרסו זהב עלית 200 ג',קריות זול,IL,אספרסטו זהב להכנת קפ,גרמים,200.00,100 גרם,false,,25.40,12.7000,true,1,132131
7290000258255,false,גאודה יעקבס,,,גאודה יעקבס,קילוגרמים,1.00,"ק""ג",true,,120.00,120.0000,true,1,146174
7290000258262,false,גאודה תיבול,,,גאודה תיבול,קילוגרמים,1.00,"ק""ג",true,,120.00,120.0000,true,1,146175
7290000258583,false,מנצגו יעקבס,,,מנצגו יעקבס,קילוגרמים,1.00,"ק""ג",true,,159.00,159.0000,true,1,146178
7290000258637,false,מארז עומר יעקבס,,,מארז עומר יעקבס,קילוגרמים,1.00,"ק""ג",true,,160.00,160.0000,true,1,146180
7290000262031,false,נייר טואלט מולט לב 32 גלילים,קימברלי-קלארק,IL,נייר טואלט מולט לב 3,Unknown,32.00,יחידה,false,,32.90,1.0281,true,1,159133
7290000262161,false,נייר טואלט לב אדום 40 גלילים מולט,מולט / שמורת טבע,IL,נייר מולט 40 יח,Unknown,40.00,יחידה,false,,39.90,0.9975,true,1,111073
7290000262413,false,חיתולי האגיס אקסטרה קייר מידה 5 34 יחידות,חוגלה קימברלי,IL,האגיס אקסטרה מידה 5,Unknown,0.00,יחידה,false,,49.90,0.0000,true,1,119161
7290000263359,false,חיתולים ליטל בייביז מידה 1 האגיס 40 יחידות,קימברלי קלארק שיווק,IL,האגיס פיור נטורל שלב,Unknown,40.00,יחידה,false,,33.90,0.8475,true,1,119164
7290000267548,false,אגוזי מלך טחונים השף 100 גרם,"דין שיווק וקלייה בע""",IL,שקדיה אגוז מלך גרוס/,גרמים,100.00,100 גרם,false,,9.90,9.9000,true,1,134323
7290000267555,false,בוטנים גרוסים 100ג'שקדיה,"דין שיווק וקלייה בע""",IL,שקדיה בוטן גרוס/מרוס,גרמים,100.00,100 גרם,false,,5.50,5.5000,true,1,134324
7290000270906,false,בקלה צעיר שלם ארוז,,,בקלה צעיר שלם ארוז,קילוגרמים,1.00,"ק""ג",true,,24.90,24.9000,true,1,204206
7290000272696,false,עסיס מיץ לימון טבעי משומר 1 ל' אסם,בית-השיטה עסיס תעשיות מז,IL,עסיס מיץ לימון משומר,,1000.00,100 מל,false,,10.90,0.0109,true,1,126631
7290000272726,false,חומץ רכיבים רכיבים טבעיים 5% עסיס 1 ליטר,בית-השיטה עסיס תעשיות מז,IL,עסיס חומץ טבעי 5% 12,גרמים,1000.00,100 גרם,false,,8.90,0.8900,true,1,126632
7290000281382,false,נתחי פילה דג סלמון ק,,,דלי דג מנות סלמון,קילוגרמים,1.00,"ק""ג",true,,89.90,89.9000,true,1,122497
7290000281429,false,סטיק טונה אדומה מעוב,,,סטיק טונה אדומה מעוב,קילוגרמים,1.00,"ק""ג",true,,64.90,64.9000,true,1,122498
7290000281894,false,מס 2 חלק,,,מס 2 חלק,קילוגרמים,1.00,"ק""ג",true,,39.90,39.9000,true,1,176543
7290000281955,false,בשר מס 6 חלק,פריגוצאקו / פרגוואי,,מס 6 חלק,קילוגרמים,1.00,"ק""ג",true,,42.90,42.9000,true,1,204961
7290000284316,false,קוקה -קולה בקבוק 1.5 ליטר,החברה המרכזית לייצור משקאות,IL,קוקה קולה 1.5 ליטר,קילוגרמים,1.50,ליטר,false,,8.90,5.9333,true,1,137307
7290000284361,false,קולה דיאט בקבוק 1.5 ל',החברה המרכזית לייצור משקאות,IL,דיאט קוקה קולה 1.5 ל,קילוגרמים,1.50,ליטר,false,,8.90,5.9333,true,1,137309
7290000286035,false,צ'דר אנגלי,,,צ'דר אנגלי,קילוגרמים,1.00,"ק""ג",true,,100.00,100.0000,true,1,199190
7290000288253,false,"קוטל חרקים מעופפים K-400 סנו 630 מ""ל",מיוצר עי קונדיטוריית,IL,מעופפים K-400,מיליליטרים,630.00,"100 מ""ל",false,,22.90,3.6349,true,1,117142
7290000288352,false,"קוטל חרקים וזוחלים K-300 סנו 630 מ""ל","סנו מפעלי ברונוס בע""מ",IL,K - 300,מיליליטרים,630.00,"100 מ""ל",false,,23.90,3.7937,true,1,110927
7290000288383,false,"קוטל נמלים ותיקנים K-500 סנו 400 מ""ל",מיוצר עי קונדיטוריית,IL,נמלים K-500,מיליליטרים,405.00,"100 מ""ל",false,,24.90,6.1481,true,1,117145
7290000289885,false,"מטהר אוויר ענק אושנבריז סנו פרש 375 מ""ל","סנו מפעלי ברונוס בע""\מ",IL,סנו פרש ענק אושן כחו,מיליליטרים,375.00,"100 מ""ל",false,,12.90,3.4400,true,1,158076
7290000289892,false,"סנו פרש ענק מאונטן טורקיז 375 מ""ל",סנו fresh,IL,סנו פרש ענק מאונטן ט,מיליליטרים,375.00,"100 מ""ל",false,,12.90,3.4400,true,1,158077
7290000289915,false,"סנו פרש ענק קוקו וניל צהוב 375 מ""ל",סנו fresh,IL,סנו פרש ענק קוקו וני,מיליליטרים,375.00,"100 מ""ל",false,,12.90,3.4400,true,1,158078
7290000293943,false,"מרסס לבן מסיר אבנית 1 ליטר אנטי קאלק ""סנו""",מיוצר עי קונדיטוריית,IL,סנו אנטי קאלק+מתז 1ל,מיליליטרים,1000.00,"100 מ""ל",false,,19.90,1.9900,true,1,117175
7290000295589,false,טלק לתינוק בייבי כיף 200 גרם,מייצר :אשבל בע''מ .,IL,טלק בייבי כיף לתנוק,גרמים,200.00,100 גרם,false,,13.90,6.9500,true,1,158081
7290000300884,false,סיימן גבינת צ'דר אנג,,,צ'דר אנגלי כתום,קילוגרמים,1.00,"ק""ג",true,,140.00,140.0000,true,1,122500
7290000300900,false,שניצל תירס מרכיבים טבעיים טבעול 750 גרם,עיצובים 2020 (4.8),IL,טבעול שניצל תירס 8*7,גרמים,750.00,100 גרם,false,,29.90,3.9867,true,1,126638
7290000301539,false,גאודה עיזים סיימן,,,גאודה עיזים סיימן,קילוגרמים,1.00,"ק""ג",true,,140.00,140.0000,true,1,153780
7290000303581,false,פול מצרי פרי הגליל 560 גרם,"פרי הגליל בע""""מ",IL,פול מיצרי A2,גרמים,560.00,100 גרם,false,,7.90,1.4107,true,1,134661
7290000303598,false,שעועית לבנה ברוטב עגבניות פרי הגליל 570 גרם,"פרי הגליל בע""""מ",IL,שעועית אפוייה 570 גר,גרמים,580.00,100 גרם,false,,7.90,1.3621,true,1,134662
7290000307015,false,אפונת גינה בינונית פרי הגליל 550 גרם,"פרי הגליל בע""""מ",IL,אפונת גינה גדול A2,גרמים,550.00,100 גרם,false,,7.90,1.4364,true,1,134664
7290000307046,false,אפונת גינה וגזר פרי הגליל 550 גרם,"פרי הגליל בע""""מ",IL,אפונה וגזר A2,גרמים,550.00,100 גרם,false,,7.90,1.4364,true,1,134665
7290000307220,false,גרעיני תירס מתוק בואקום פרי הגליל 285 גרם,"פרי הגליל בע""""מ",IL,תירס ואקום Z12,גרמים,340.00,100 גרם,false,,6.90,2.0294,true,1,134666
7290000307237,false,גרעיני תירס מתוק פרי הגליל 550 גרם,"פרי הגליל בע""""מ",IL,תירס גרעינים 550 גרם,גרמים,550.00,100 גרם,false,,7.90,1.4364,true,1,134667
7290000307343,false,שעועית ירוקה חתוכה פרי הגליל 550 גרם,"פרי הגליל בע""""מ",IL,שעועית ירוקה 550 גר,גרמים,550.00,100 גרם,false,,8.00,1.4545,true,1,134671
7290000307800,false,פול ירוק פרי הגליל 800 גרם,"פרי הגליל בע""""מ",IL,פרי הגליל פול 800גרם,גרמים,800.00,100 גרם,false,,14.90,1.8625,true,1,134672
7290000307985,false,"גרעיני תירס מתוק ללא מלח פרי הגליל 340 גרם לל""ס","פרי הגליל בע""""מ",IL,גרעיני תירס מתוק,גרמים,325.00,100 גרם,false,,6.90,2.1231,true,1,134673
7290000311180,false,ופל ופליתעשיריות מן 250 גרם מארז 10 יחידות,"רוקחמן בע""מ",IL,וופלית מן עשיריות,Unknown,0.00,יחידה,false,,7.90,0.0000,true,1,152502
7290000311203,false,"וופלים בטעם שוקולד ""מן"" 200 גרם",תות ממתקי איכות,IL,וופלים בטעם שוקולד מ,גרמים,200.00,100 גרם,false,,5.90,2.9500,true,1,152503
7290000311210,false,"וופלים בטעם לימון ""מן"" 200 גרם","רוקחמן בע""מ",IL,וופלים בטעם לימון מן,גרמים,200.00,100 גרם,false,,5.90,2.9500,true,1,152504
7290000311227,false,"וופלים במילוי קרם קפה ""מן"" 200 גרם","רוקחמן בע""מ",IL,וופל קפה מן 200 גרם,גרמים,200.00,100 גרם,false,,5.90,2.9500,true,1,152505
7290000311432,false,עוגיות גרנולה קינמון ללא תוספת סוכר 200ג,"רוקחמן בע""מ",IL,עוגיות גרנולה קינמון,גרמים,200.00,100 גרם,false,,8.90,4.4500,true,1,201266
7290000311463,false,מן עוגיות חיטה מלאה חמאה ללא סוכר 200 גרם,"רוקחמן בע""מ",IL,עוגיות חיטה מלאה חמא,גרמים,200.00,100 גרם,false,,8.90,4.4500,true,1,201267
7290000313160,false,זהבה ושלושת הדובים עוגיות בטעם שוקולד אסם 350 גרם,"הגביע מוצרי וופלים בע""\מ",IL,אסם עוגיות שוקולד זה,גרמים,250.00,100 גרם,false,,8.90,3.5600,true,1,126644
7290000313184,false,עוגיות חברים גן חיות וניל אסם 250 גר',"הגביע מוצרי וופלים בע""\מ",IL,אסם עוגיות גן חיות ו,גרמים,250.00,100 גרם,false,,8.90,3.5600,true,1,126645
7290000313290,false,נודלס אטריות מסולסלות הסדרה האסייתית,תאי פרזידנט פוד בנגק,TH,אסם נודלס אטריות מסו,גרמים,200.00,100 גרם,false,,10.90,5.4500,true,1,126647
7290000315126,false,קנור ציר עוף משחתי 300 ג,יוניליוור ישראל מזון בע\,IL,קנור ציר עוף משחתי 3,גרמים,300.00,100 גרם,false,,24.90,8.3000,true,1,119490
7290000315133,false,קנור ציר בקר משחתי 300ג,יוניליוור ישראל מזון בע\,IL,קנור ציר בקר משחתי 3,גרמים,300.00,100 גרם,false,,24.90,8.3000,true,1,119491
7290000318127,false,"נקניקיות ביס 380 גרם ""יחיעם""",מעדני יחיעם 1993,IL,נקניקיות ביס 380 גרם,גרמים,380.00,100 גרם,false,,13.90,3.6579,true,1,121798
7290000318479,false,נקניק פרושוטו בקר יחיעם 100 גרם,תאי פרזידנט פוד פאבל,IL,פרושטו בקר יחיעם 100,Unknown,0.00,יחידה,false,,29.90,0.0000,true,1,121800
7290000318677,false,נקניק סלמי סרוולט יחיעם 150 גרם,מעדני יחיעם 1993,IL,סלמי סרוולט 150גר יח,גרמים,150.00,100 גרם,false,,29.90,19.9333,true,1,121803
7290000318707,false,נקניק סלמי מעושן יחיעם 500 גרם,מעדני יחיעם 1993,IL,נקניק סלמי מעושן 500,גרמים,500.00,100 גרם,false,,33.90,6.7800,true,1,121805
7290000318738,false,נקניק עוף אריזה אדומה 450 ג' יחיעם,קריות זול,,נקניק עוף 450 גר,גרמים,450.00,100 גרם,false,,11.00,2.4444,true,1,121806
7290000318943,false,פסטרמה של פעם מעושן 1.5% יחיעם 200 גרם,תאי פרזידנט פוד פאבל,IL,פסטרמה של פעם 200 גר,גרמים,200.00,100 גרם,false,,24.00,12.0000,true,1,121810
7290000319124,false,סלמי סרוולט מאפ יחיעם 250 גרם,מעדני יחיעם 1993,IL,סלמי סרוולט 250 גרם,גרמים,250.00,100 גרם,false,,39.90,15.9600,true,1,121812
7290000319131,false,נקניקיות עוף יחיעם 400 גרם,מעדני יחיעם 1993,IL,נקניקיות עוף 400ג,גרמים,400.00,100 גרם,false,,11.90,2.9750,true,1,121813
7290000319834,false,קבנוס פפרוני קלאסי 125 גרם,תאי פרזידנט פוד פאבל,IL,קבנוס פפרוני קלאסי 1,גרמים,125.00,100 גרם,false,,14.90,11.9200,true,1,158581
7290000319841,false,פסטרמה מהמעשנה יחיעם,יחיעם,,פסטרמה המעשנה יחיעם,קילוגרמים,1.00,"ק""ג",true,,85.00,85.0000,true,1,197361
7290000319964,false,"נקנקיות עוף חריפות 1 ק""ג יחיעם",,,נקניקיות עוף חריפות,Unknown,0.00,יחידה,false,,23.00,0.0000,true,1,121818
7290000322338,false,שריר מוזה 88 מוכשר ב,,,שריר מוזה 88 מוכשר ב,קילוגרמים,1.00,"ק""ג",true,,39.90,39.9000,true,1,198855
7290000323031,false,פילה סלמון נורווגי 1,,,פילה סלמון נרווגי,קילוגרמים,1.00,"ק""ג",true,,69.90,69.9000,true,1,197565
7290000334684,false,תפוגן טבעות בצל 700 גרם,"תעשיות תפוגן בע""\מ",IL,תפוגן טבעות בצל 10*7,גרמים,700.00,100 גרם,false,,16.90,2.4143,true,1,126654
7290000339191,false,אבקת הלבנה רן ללא כל,זוהר דליה - 3P Local,IL,אבקת הלבנה רן 350 גר,גרמים,350.00,100 גרם,false,,22.90,6.5429,true,1,119502
7290000339566,false,מרכך כביסה ורד בדין 4 ליטר,יוניליור ישראל טיפוח איש,IL,בדין מרכך כביסה ורוד,קילוגרמים,4.00,ליטר,false,,21.90,5.4750,true,1,119503
7290000339849,false,"משחת כלים סיף קלין סמדר דלי 3.5ק""ג",אתר ליוור - HPC,IL,משחת כלים סמדר בדלי,פריט,3.50,"ק""ג",false,,27.90,7.9714,true,1,119504
7290000339887,false,"משחת כלים סיף קלין לימון 5 3 ק""ג",סיף פנטסטיק,IL,סיף קלין משחת כלים ב,,3.50,קג,false,,27.90,7.9714,true,1,119507
7290000341071,false,בדין - מרכך כביסה בייבי לבן 2 ליטר,יוניליור ישראל טיפוח איש,IL,בייבי בדין לבן 2ליטר,קילוגרמים,2.00,ליטר,false,,16.90,8.4500,true,1,119508
7290000342497,false,פילה לברק ארוז,,,פילה לברק ארוז,קילוגרמים,1.00,"ק""ג",true,,44.90,44.9000,true,1,204356
7290000342832,false,מרכך כביסה צהוב בדין 4 ליטר,יוניליוור פארם,IL,בדין צהוב 4 ליטר,קילוגרמים,4.00,ליטר,false,,21.90,5.4750,true,1,119509
7290000342856,false,מרכך כביסה כחול בדין 4 ליטר,יוניליור ישראל טיפוח איש,IL,בדין מרכך כביסה כחול,קילוגרמים,4.00,ליטר,false,,21.90,5.4750,true,1,119510
7290000344301,false,מאפינס תפוח עץ מנה א,,,מאפינס תפוח עץ מנה א,קילוגרמים,1.00,"ק""ג",true,,8.90,8.9000,true,1,199195
7290000345048,false,תה ויסוצקי 74 - 125 גרם,תה ויסוצקי,IL,תה 74 125 גרם,גרמים,125.00,100 גרם,false,,12.80,10.2400,true,1,129492
7290000345055,false,תה עלים ארל גריי ויסוצקי 100 גרם,מולינו ניקולי s.p.a,IL,תה ארל גריי 100 גרם,Unknown,0.00,יחידה,false,,12.90,0.0000,true,1,129493
7290000345116,false,תה ירוק ויסוצקי 125 גרם,תה ויסוצקי,IL,תה ירוק 125 גרם,גרמים,125.00,100 גרם,false,,13.90,11.1200,true,1,129494
7290000345208,false,תה כחול קלאסיק ויסוצקי 25 יחידות,תה ויסוצקי,IL,תה ויסוצקי קלאסיק 25,Unknown,25.00,יחידה,false,,6.50,0.2600,true,1,129496
7290000345260,false,תה קלאסיק מעטפות ויסוצקי 25 יחידות,מולינו ניקולי s.p.a,IL,תה ויסוצקי קלאסיק 1,Unknown,0.00,יחידה,false,,6.90,0.0000,true,1,129498
7290000345277,false,תה ויסוצקי קלאסי אריזה ירוקה מרובעת (50שקיקים),מולינו ניקולי s.p.a,IL,תה ויסוצקי קלאסיק 1.,Unknown,0.00,יחידה,false,,13.00,0.0000,true,1,129499
7290000345284,false,תה ויסוצקי קלאסי אריזה ירוקה מרובעת (100 שקיקים),מולינו ניקולי s.p.a,IL,תה ויסוצקי קלאסיק 10,Unknown,100.00,יחידה,false,,20.00,0.2000,true,1,129500
7290000345291,false,תה ארל גריי ויסוצקי 25 יחידות,תה ויסוצקי,IL,תה ארל גריי,Unknown,0.00,יחידה,false,,15.90,0.0000,true,1,129501
7290000345307,false,תה ארל גריי ויסוצקי 50 יחידות,תה ויסוצקי,IL,תה ארל גריי 1.5/50,Unknown,0.00,יחידה,false,,27.90,0.0000,true,1,129502
7290000346021,false,חליטת קמומיל הגן הקסום ויסוצקי 50 יחידות,בית ויסוצקי,IL,תה קמומיל 50 שקיקים,Unknown,0.00,יחידה,false,,34.90,0.0000,true,1,129508
7290000346120,false,חליטת קינמון הגן הקסום ויסוצקי 25 יחידות,תה ויסוצקי,IL,קסם הקנמון 25 שקיקים,Unknown,0.00,יחידה,false,,17.90,0.0000,true,1,129509
7290000346137,false,חליטת הילולי פירות הגן הקסום ויסוצקי 25 יחידות,תה ויסוצקי,IL,הילולי פירות 25 שקיק,Unknown,0.00,יחידה,false,,17.90,0.0000,true,1,129510
7290000346144,false,הגן הקסום תה עינוגי התפוח ויסוצקי 25 יחידות,תה ויסוצקי,IL,תה עינוגי התפוח 25 ש,Unknown,25.00,יחידה,false,,17.90,0.7160,true,1,129511
7290000346168,false,חליטת שומר הגן הקסום ויסוצקי 25 יחידות,תה ויסוצקי,IL,תה חליטת שומר גן קסו,Unknown,25.00,יחידה,false,,17.90,0.7160,true,1,129513
7290000346199,false,חליטת פירות יער הגן הקסום ויסוצקי 25 יחידות,תה ויסוצקי,IL,תה פירות יער 25 שקיק,Unknown,0.00,יחידה,false,,17.90,0.0000,true,1,129514
7290000346205,false,חליטת קמומיל הגן הקסום ויסוצקי 25 יחידות,תה ויסוצקי,IL,תה קמומיל 25 שקיקים,Unknown,25.00,יחידה,false,,17.90,0.7160,true,1,129515
7290000346212,false,חליטת מנטה הגן הקסום ויסוצקי 25 יחידות,תה ויסוצקי,IL,תה מנטה 25 שקיקים,Unknown,25.00,יחידה,false,,17.90,0.7160,true,1,129516
7290000346229,false,הגן הקסום תה ורד הבר והיביסקוס ויסוצקי 25 יחידות,תה ויסוצקי,IL,תה ורד הבר והיביסקוס,Unknown,25.00,יחידה,false,,17.90,0.7160,true,1,129517
7290000346236,false,חליטת לואיזה וורבנה הגן הקסום ויסוצקי 25 יחידות,תה ויסוצקי,IL,תה לואיזה ורבנה 25 ש,Unknown,25.00,יחידה,false,,17.90,0.7160,true,1,129518
7290000346960,false,תה ויסוצקי נענע 1.7 גרם 50יח',בית ויסוצקי,IL,תה נענע 50 שקיקים 1.,Unknown,0.00,יחידה,false,,34.90,0.0000,true,1,129520
7290000347202,false,תה בתפזורת תה ויסוצק,,,"תה 74 1 ק""ג",פריט,1.00,"ק""ג",false,,38.30,38.3000,true,1,129521
7290000347738,false,תה ירוק נענע ויסוצקי 25 יחידות,תה ויסוצקי,IL,תה ירוק נענע 25 שק,Unknown,25.00,יחידה,false,,24.90,0.9960,true,1,129522
7290000347752,false,תה ירוק לימונית ולואיזה 25 שקיקים *1.5 ג'' ויסוצקי,תה ויסוצקי,IL,תה ירוק לימונית ולוא,Unknown,25.00,יחידה,false,,24.90,0.9960,true,1,129523
7290000355382,false,עגבניות מרוסקות בזיליקום טל 800 גרם,"מילוז(1989)בע""""מ",IL,עגבניות מרוסקות עם ב,גרמים,800.00,100 גרם,false,,7.90,0.9875,true,1,134675
7290000355412,false,עגבניות מרוסקות A2.5 ושום טל וטרי 800 גר',"מילוז(1989)בע""""מ",IL,עג.מרוסקות +שום 800,גרמים,800.00,100 גרם,false,,7.90,0.9875,true,1,134678
7290000355757,false,עגבניות מרוסקות טל וטרי 800 גרם,"מילוז(1989)בע""""מ",IL,עגבניות מרוסקות,גרמים,800.00,100 גרם,false,,7.90,0.9875,true,1,134685
7290000356222,false,הרינג דונאי גדול,,,הרינג ים תיכוני,קילוגרמים,1.00,"ק""ג",true,,30.00,30.0000,true,1,162833
7290000356227,false,מקרל מעושן גדול,,,מקרל מעושן גדול,קילוגרמים,1.00,"ק""ג",true,,85.00,85.0000,true,1,162866
7290000356425,false,פילה הרינג בסגנון מט,,,פילה הרינג בסגנון מט,קילוגרמים,1.00,"ק""ג",true,,45.00,45.0000,true,1,162841
7290000356470,false,מקרל פרוס בשמן,,,מקרל פרוס בשמן,קילוגרמים,1.00,"ק""ג",true,,85.00,85.0000,true,1,162848
7290000356630,false,פילה הרינג כבוש,,,פילה הרינג כבוש,קילוגרמים,1.00,"ק""ג",true,,45.00,45.0000,true,1,162837
7290000356814,false,מיובה מעושנת,,,מיובה מעושנת,קילוגרמים,1.00,"ק""ג",true,,99.00,99.0000,true,1,162885
7290000356838,false,הליבוט פלטוס,,,הליבוט פלטוס,קילוגרמים,1.00,"ק""ג",true,,160.00,160.0000,true,1,162871
7290000356951,false,פילה סלמון פרוס בעיש,,,פילה סלמון פרוס בעיש,קילוגרמים,1.00,"ק""ג",true,,180.00,180.0000,true,1,162851
7290000356999,false,לש מעושן,,,לש מעושן,קילוגרמים,1.00,"ק""ג",true,,70.00,70.0000,true,1,162889
7290000357359,false,דג בורי טרי שלם,,,דג בורי טרי שלם,קילוגרמים,1.00,"ק""ג",true,,49.90,49.9000,true,1,146768
7290000363363,false,קבנוס נקניק מעושן יבש 160 גרם,הנסיך- מפעל לייצור ט,IL,טירת צבי קבנוס מיוחד,גרמים,160.00,100 גרם,false,,16.90,10.5625,true,1,114125
7290000363899,false,נקניקיות פיקנטיות טירת צבי 400 גרם,טירת צבי - מדף,IL,טירת צבי נקניקיות פי,גרמים,400.00,100 גרם,false,,14.00,3.5000,true,1,114126
7290000364131,false,סלמי פריזר כפרי טירת 400 ג' צבי,טירת צבי,IL,טירת צבי נקניק פריזר,גרמים,400.00,100 גרם,false,,17.20,4.3000,true,1,189551
7290000364131,false,סלמי פריזר כפרי טירת 400 ג' צבי,טירת צבי,IL,טירת צבי נקניק פריזר,גרמים,400.00,100 גרם,false,,17.20,4.3000,true,1,114127
7290000364261,false,"דקניקים, סלסולי פסטרמה כתף בקר מעושנת 120 גרם",הנסיך- מפעל לייצור ט,IL,טירת צבי סלסולי כתף,גרמים,120.00,100 גרם,false,,15.00,12.5000,true,1,114129
7290000364278,false,דקניקים סלסולי סלמי איטלקי משובח טירת צבי 120 גרם,הנסיך- מפעל לייצור ט,IL,טירת צבי סלסולי סלמי,גרמים,120.00,100 גרם,false,,15.00,12.5000,true,1,114130
7290000364285,false,דקניקים סלסולי פסטרמה הודו טירת צבי 120 גרם,הנסיך- מפעל לייצור ט,IL,טירת צבי סלסולי פסטר,גרמים,120.00,100 גרם,false,,15.00,12.5000,true,1,114131
7290000364759,false,נקניקיות וינר קרנץ טירת צבי 500 ג',הנסיך- מפעל לייצור ט,IL,טירת צבי נקניקיות וי,גרמים,500.00,100 גרם,false,,17.20,3.4400,true,1,114134
7290000364803,false,נקניקיות בקר אמריקאיות טירת צבי 500 גרם,הנסיך- מפעל לייצור ט,IL,טירת צבי נקניקיות קר,גרמים,500.00,100 גרם,false,,27.20,5.4400,true,1,114135
7290000364810,false,נקניקיות עגל 500 גרםטירת צבי,הנסיך- מפעל לייצור ט,IL,טירת צבי נקנקיות עגל,גרמים,500.00,100 גרם,false,,27.20,5.4400,true,1,114136
7290000364858,false,"נקניקיות עוף טרי טירת צבי 1 ק""ג",הנסיך- מפעל לייצור ט,IL,טירת צבי נקניקיות עו,פריט,1.00,"ק""ג",false,,30.30,30.3000,true,1,114137
7290000364872,false,נקניקיות עוף טירת צבי 400 גרם,טיב טירת צבי 2000,IL,טירת צבי נקניקיות עו,גרמים,400.00,100 גרם,false,,14.00,3.5000,true,1,114138
7290000364957,false,נקניקיות עוף מיני מיני טירת צבי 700 גרם,הנסיך- מפעל לייצור ט,IL,טירת צבי נקנקיות מינ,גרמים,700.00,100 גרם,false,,27.20,3.8857,true,1,114139
7290000367590,false,פסטרמה כפרית וסלמי פריזר כפרי טירת צבי 2*400 גרם,טיב טירת צבי 2000,IL,טירת צבי צמד כפרי נק,גרמים,800.00,100 גרם,false,,36.90,4.6125,true,1,114142
7290000367590,false,פסטרמה כפרית וסלמי פריזר כפרי טירת צבי 2*400 גרם,טיב טירת צבי 2000,IL,טירת צבי צמד כפרי נק,גרמים,800.00,100 גרם,false,,36.90,4.6125,true,1,189552
7290000370420,false,גבינת גאודה מהולנד 3,,,גבינת גאודה מהולנד 3,קילוגרמים,1.00,"ק""ג",true,,79.00,79.0000,true,1,168391
7290000377452,false,גרעיני אבטיח קליית גת 200 גרם,הדקלאים אגודת שיתופי,IL,גרעיני אבטיח 200 גרם,גרמים,200.00,100 גרם,false,,12.00,6.0000,true,1,121006
7290000400030,false,אבקת כביסה חיסול מלא,,,אבקת כביסה חיסול מלא,קילוגרמים,1.00,"ק""ג",true,,3.00,3.0000,true,1,144088
7290000400131,false,בהרט לקציצות,,,בהרט לקציצות,קילוגרמים,1.00,"ק""ג",true,,80.00,80.0000,true,1,131937
7290000400347,false,פלפלת גרוס,,,פלפלת גרוס,קילוגרמים,1.00,"ק""ג",true,,130.00,130.0000,true,1,178709
7290000400390,false,פיצה אישית,,,פיצה אישית,Unknown,0.00,יחידה,false,,24.90,0.0000,true,1,156071
7290000400391,false,פיצה משפחתית,,,פיצה משפחתית,Unknown,0.00,יחידה,false,,45.00,0.0000,true,1,156072
7290000400392,false,אספרסו רגיל,,,אספרסו רגיל,Unknown,0.00,יחידה,false,,4.00,0.0000,true,1,144089
7290000400393,false,קפה הפוך,,,קפה הפוך,Unknown,0.00,יחידה,false,,6.90,0.0000,true,1,144090
7290000400394,false,בריסקט עגל חצוי,,,אספרסו כפול,Unknown,0.00,יחידה,false,,6.00,0.0000,true,1,144091
7290000400395,false,שוקו חם,,,שוקו חם,Unknown,0.00,יחידה,false,,7.00,0.0000,true,1,144092
7290000400396,false,תה חם,,,תה חם,Unknown,0.00,יחידה,false,,6.00,0.0000,true,1,144093
7290000400397,false,קפה שחור,,,קפה שחור,Unknown,0.00,יחידה,false,,6.00,0.0000,true,1,144094
7290000400398,false,קפה נמס,,,קפה נמס,Unknown,0.00,יחידה,false,,6.90,0.0000,true,1,144095
7290000400399,false,קפה הפוך מחלב סויה,,,קפה הפוך מחלב סויה,Unknown,0.00,יחידה,false,,6.00,0.0000,true,1,144096
7290000400404,false,אייס קפה רגיל,,,אייס קפה רגיל,Unknown,0.00,יחידה,false,,6.00,0.0000,true,1,144098
7290000400405,false,ברד תות שדה גדול,,,ברד תות שדה גדול,Unknown,0.00,יחידה,false,,10.00,0.0000,true,1,144099
7290000400406,false,ברד תות שדה רגיל,,,ברד תות שדה רגיל,Unknown,0.00,יחידה,false,,5.00,0.0000,true,1,144100
7290000400717,false,תערובת סטייק מונטריא,,,תערובת סטייק מונטריא,קילוגרמים,1.00,"ק""ג",true,,80.00,80.0000,true,1,131945
7290000403784,false,צלעות אווז/כנפיים או,,,פוגרס כנפי אווז קפוא,קילוגרמים,1.00,"ק""ג",true,,34.90,34.9000,true,1,141014
7290000403791,false,כבד אווז קפוא,,,כבד אווז קפוא,קילוגרמים,1.00,"ק""ג",true,,499.90,499.9000,true,1,186543
7290000404022,false,טוסט גבינה צהובה,,,טוסט גבינה צהובה,Unknown,0.00,יחידה,false,,14.90,0.0000,true,1,144104
7290000407110,false,חלווה ללא סוכר,,,חלווה ללא סוכר,קילוגרמים,1.00,"ק""ג",true,,50.00,50.0000,true,1,130831
7290000408316,false,יוגורט דנונה דל לקטוז 200 גרם,מיוצר עי קונדיטוריית,IL,דנונה ביו לבן 3%,גרמים,200.00,100 גרם,false,,3.50,1.7500,true,1,139806
7290000408354,false,יוגורט עם אורז מצופה שוקולד קקאו 175 ג' דנונה,"שטראוס בריאות בע""\מ",IL,דנונה קראנצ' פצפוצים,גרמים,173.00,100 גרם,false,,4.50,2.6012,true,1,139807
7290000408765,false,גרוזינית,,,גרוזינית,קילוגרמים,1.00,"ק""ג",true,,90.00,90.0000,true,1,190705
7290000410348,false,מעדני הטלה רוסטביף ב,,,מעדני הטלה רוסטביף ב,קילוגרמים,1.00,"ק""ג",true,,59.90,59.9000,true,1,122527
7290000410874,false,מעדני הטלה רבעי פרגי,,,מעדני הטלה רבעי פרגי,קילוגרמים,1.00,"ק""ג",true,,49.90,49.9000,true,1,122530
7290000416021,false,ממרח בטעם שוקולד השחר חלבי 500,השחר העולה,IL,ממרח שחר 500 גרם,גרמים,500.00,100 גרם,false,,13.90,2.7800,true,1,118296
7290000416045,false,"קרם מובחר למריחה השחר 1 ק""ג",השחר העולה תעשייות מ,IL,"ממרח שחר 1 ק""ג",גרמים,1000.00,100 גרם,false,,24.90,2.4900,true,1,118297
7290000416076,false,"צימקאו לאפייה וציפוי השחר 400 גרם כשל""פ",השחר העולה תעשייות מ,IL,השחר שוקולד צימקאו ל,גרמים,400.00,100 גרם,false,,12.90,3.2250,true,1,118298
7290000416618,false,קרם מובחר בטעם שוקולד פרווה השחר למהדרין,השחר העולה תעשייות מ,IL,"ממרח שוקולד בד""צ 400",גרמים,400.00,100 גרם,false,,12.90,3.2250,true,1,118302
7290000416632,false,קרם מובחר בטעם שוקולד פרווה השחר למהדרין,השחר העולה תעשית ממת,IL,"ממרח פרווה השחר 1ק""ג",פריט,1.00,"ק""ג",false,,24.90,24.9000,true,1,118303
7290000416809,false,ממרח חצי חצי נוגט אגוזים וקרם חלב השחר 350ג',השחר העולה תעשייות מ,IL,חצי חצי קרם מובחר למ,גרמים,350.00,100 גרם,false,,12.90,3.6857,true,1,118304
7290000416854,false,אבקת קקאו השחר העולה 150ג',השחר העולה תעשייות מ,IL,השחר קקאו 150ג,גרמים,150.00,100 גרם,false,,10.90,7.2667,true,1,132133
7290000416878,false,קקאו השחר 500 גרם,השחר העולה תעשייות מ,IL,השחר קקאו 500 גרם,גרמים,500.00,100 גרם,false,,24.90,4.9800,true,1,118305
7290000416922,false,השחר ממרח חלב 350 גרם,השחר העולה תעשייות מ,IL,ממרח חלב 350 גרם,גרמים,350.00,100 גרם,false,,12.90,3.6857,true,1,118307
7290000418131,false,תחבושות טופ פד מקופלת 18 יח',מוצרי נייר עמיר,IL,טופ פד סופר 18,Unknown,0.00,יחידה,false,,6.90,0.0000,true,1,158451
7290000418155,false,תחבושות טופ-פד סופר-פלוס 16 יחידות,מוצרי נייר עמיר,IL,טופ פד סופר פלוס 16,Unknown,0.00,יחידה,false,,6.90,0.0000,true,1,158452
7290000419220,false,מארז קפה לנדוור לבוקר 3 יח 100 גרם,קפה לנדוור,IL,לנדוור קפה כחול 3*10,גרמים,300.00,100 גרם,false,,19.90,6.6333,true,1,126661
7290000419374,false,שלישיית קפה טחון טורקי לנדוור 100 גרם,קפה לנדוור,IL,לנדוור לבוקר קפה טור,גרמים,300.00,100 גרם,false,,19.90,6.6333,true,1,126662
7290000419909,false,לנדוור קפה שחור לבוקר טחון טורקי 100 גרם,מולינו ניקולי s.p.a,IL,לנדוור אספרסו טחון ט,גרמים,100.00,100 גרם,false,,7.90,7.9000,true,1,126664
7290000419923,false,לנדוור קפה אספרסו טחון בואקום 200 גר,קפה לנדוור,IL,לנדוור אספרסו טחון ב,גרמים,200.00,100 גרם,false,,21.90,10.9500,true,1,126665
7290000420325,false,"פופסטאר פופקורן למקירוגל בטעם טבעי 5 שקיות,500 גרם",פרסטון פארמס,US,פופ קורן טבעי למיקרו,גרמים,600.00,100 גרם,false,,17.00,2.8333,true,1,138053
7290000420332,false,פופסטאר פופקורן למיקרוגל בטעם חמאה 5 יחידות 500 גרם,פרסטון פארמס,US,פופ קורן חמאה למיקרו,Unknown,5.00,יחידה,false,,17.00,3.4000,true,1,138054
7290000430102,false,קוביות קרח בשקית מיסטר אייס 2 קילו,"אייס (קיובס) בע""מ -",IL,"שקית קרח 2ק""ג",Unknown,0.00,יחידה,false,,9.90,0.0000,true,1,141540
7290000436203,false,עוגיות שוקו ציפ'ס בר-מן 200 גרם,ברמן שוקולד ועוגיות,IL,עוג. שוקו. ציפס 300,גרמים,300.00,100 גרם,false,,5.90,1.9667,true,1,115382
7290000436616,false,דובשניות בשקית 180 גר',קריות זול,,ברמן דובשניות 180 גר,גרמים,180.00,100 גרם,false,,5.90,3.2778,true,1,115386
7290000442013,false,"פמינה - שטיפה אינטימית לנערות 220 מ""ל",פמינה,IL,"פמינה יאנג 220 מ""ל",מיליליטרים,330.00,"100 מ""ל",false,,22.90,6.9394,true,1,133362
7290000442044,false,פמינה תחליב רחצה אינטימי חמוציות 220 מל,פמינה,IL,פמינה שטיפה אינטימית,Unknown,220.00,יחידה,false,,22.90,0.1041,true,1,133363
7290000446523,false,ממרח בוטנים מתוק בטר אנד דיפרנט 350 גרם,בטר אנד דיפרנט,IL,חמאת בוטנים מתוקה 35,גרמים,350.00,100 גרם,false,,13.90,3.9714,true,1,156529
7290000446547,false,חמאת בוטנים טבעית בטר אנד דיפרנט 350 גרם,"בטר אנד דיפרנט בע""מ",IL,חמאת בוטנים טבעית 35,גרמים,350.00,100 גרם,false,,13.90,3.9714,true,1,156521
7290000446554,false,"חמאת בוטנים טבעית בטר אנד דיפרנט 1 ק""ג",בטר אנד דיפרנט B&D,IL,חמאת בוטנים טבעית 1,פריט,1.00,"ק""ג",false,,27.90,27.9000,true,1,156522
7290000446752,false,ממרח שומשום מלא חלווה בטר אנד דיפרנט 350 גרם,"בטר אנד דיפרנט בע""מ",IL,ממרח שומשום מלא בטעם,גרמים,350.00,100 גרם,false,,13.90,3.9714,true,1,156545
7290000446776,false,פיצפוצי אורז מלא ללא סוכר ומלח בשקית 450 גרם,בטר אנד דיפרנט,IL,פיצפוצי אורז מלא ללא,גרמים,450.00,100 גרם,false,,18.90,4.2000,true,1,156576
7290000449128,false,סיף פנטסטיק לימון ניקוי רב תכליתי 4ל',יוניליוור ישראל טיפוח אי,IL,סיף נ.כללי לימון 4 ל,קילוגרמים,4.00,ליטר,false,,21.90,5.4750,true,1,119512
7290000449556,false,זית צלוי על האש,,,זית צלוי על האש,קילוגרמים,1.00,"ק""ג",true,,40.00,40.0000,true,1,146116
7290000450209,false,פוסידון טונה בהירה בשמן 77 גרם,"מיוצר עי וליגר בעמ,",IL,ט' בשמן פו' (50) 110,גרמים,110.00,100 גרם,false,,5.70,5.1818,true,1,122650
7290000450308,false,פוסידון טונה בהירה במי מלח 77 גרם,ויליגר בעמ עבור נטו,IL,ט' במים פו'(50) 110,גרמים,110.00,100 גרם,false,,5.70,5.1818,true,1,122651
7290000451012,false,בלדי בקלה צעיר ארוז.,,,בלדי בקלה צעיר ארוז.,קילוגרמים,1.00,"ק""ג",true,,26.90,26.9000,true,1,148649
7290000453019,false,שמרים טריים לאפייה שקית שמרית 50 ג',"פאקא תעשיות בע""\מ",IL,שמרית בשקית 50 גרם,גרמים,50.00,100 גרם,false,,4.50,9.0000,true,1,139808
7290000453125,false,שמרים ומשפר אפיה ביתי שמרית 100ג',"פאקא תעשיות בע""\מ",IL,שמרית + משפר אפיה 10,גרמים,100.00,100 גרם,false,,7.60,7.6000,true,1,139809
7290000453200,false,בלילה להכנת פנקייק עם רכיבים ביתיים,"פאקא תעשיות בע""מ",DE,שמרית בלילה לפנקייק,גרמים,750.00,100 גרם,false,,21.90,2.9200,true,1,185379
7290000453385,false,שמרים יבשים פארא אינסטנט 500 גרם עלית,"פאקא תעשיות בע""מ",GB,פאקא שמרים יבשים 500,גרמים,500.00,100 גרם,false,,14.90,2.9800,true,1,132134
7290000453408,false,בצק פיצה דק מצונן ומוכן לאפייה שמרית 415 גרם,"פאקא תעשיות בע""מ",FR,בצק פיצה דק מצונן ומ,גרמים,415.00,100 גרם,false,,16.90,4.0723,true,1,139810
7290000453415,false,בצק עלים מצונן ומוכן לאפייה שמרית 300 גרם,"פאקא תעשיות בע""מ",FR,בצק עלים מצונן מוכן,גרמים,300.00,100 גרם,false,,14.90,4.9667,true,1,139811
7290000453422,false,בצק פילו מצונן ומוכן לאפייה שמרית 300 גרם,"פאקא תעשיות בע""מ",GR,בצק פילו מוכן לאפייה,גרמים,300.00,100 גרם,false,,14.90,4.9667,true,1,139812
7290000453446,false,פיצה קראסט בצק שמרים מצונן להכנת פיצה ופוקצ'ה,"פאקא תעשיות בע""מ",IL,בצק להכנת פיצה קראסט,גרמים,500.00,100 גרם,false,,19.90,3.9800,true,1,195781
7290000453798,false,שמרית שמרים יבשים אקטיביים 500 גר',"גי' בי' רכיבים בע""מ",IL,שמרית שמרים יבשים אק,גרמים,500.00,100 גרם,false,,14.90,2.9800,true,1,132136
7290000453866,false,נטורינה תחליף מרגרינה לבישול ואפיה קוקוס שמרית 200 גרם,גרונבאנג- גרונדנסק א,DK,נטורינה קוקוס 200 גר,גרמים,200.00,100 גרם,false,,7.90,3.9500,true,1,139814
7290000453880,false,מרגרינה ללא מלח לאפיה ובישול שמרית 200גר,"פאקא תעשיות בע""מ",IL,מרגרינה ללא מלח לאפי,גרמים,200.00,100 גרם,false,,4.90,2.4500,true,1,139816
7290000453897,false,מרגרינה בטעם חמאה שמרית 200 גרם,גרונבאנג- גרונדנסק א,IL,מרגרינה בטעם חמאה 20,גרמים,200.00,100 גרם,false,,4.90,2.4500,true,1,139817
7290000461556,false,קוקיס שוקולד שוקולד,,,קוקיס שוקולד שוקולד,קילוגרמים,1.00,"ק""ג",true,,44.90,44.9000,true,1,173607
7290000461625,false,בייגלה שמיניות מלח בייגל בייגל 400 ג',בייגל את בייגל מזון 198),IL,בייגל בייגלה שמיניות,גרמים,400.00,100 גרם,false,,9.90,2.4750,true,1,119513
7290000461656,false,בייגלה מקלות מלוחים בייגל בייגל 400 גרם,בייגל את בייגל מזון 198),IL,בייגל בייגלה מקלות 4,גרמים,400.00,100 גרם,false,,9.90,2.4750,true,1,119514
7290000462103,false,סחוג תימני אדום חריף עדין זהבי הכרם 150 גרם,קריניסה ויטמין אס אי,IL,זחוק זהבי עדין חריף,גרמים,150.00,100 גרם,false,,7.90,5.2667,true,1,139818
7290000462141,false,סחוג אדום תימני מקורי חריף מאוד זהבי 150 גרם,קריניסה ויטמין אס אי,IL,זחוק זהבי אדום חריף,גרמים,150.00,100 גרם,false,,7.90,5.2667,true,1,139819
7290000462172,false,סחוג תימני ירוק חריף זהבי הכרם 150 גרם,קריניסה ויטמין אס אי,IL,זחוק זהבי ירוק חריף,גרמים,150.00,100 גרם,false,,7.90,5.2667,true,1,139821
7290000462981,false,סחוג חריף אש זהבי 150 גרם,"זהבי הכרם בועז בע""מ-",IL,זחוק זהבי חריף אש 15,גרמים,150.00,100 גרם,false,,8.90,5.9333,true,1,161505
7290000467153,false,מלך החומוס סמיר הגדול 400 גרם צבר,סלטי צבר,IL,צבר חומוס סמיר הגדול,גרמים,400.00,100 גרם,false,,15.90,3.9750,true,1,126690
7290000474502,false,גבינה לבנה טרה 5% מרכיבים טבעיים,הפריט בפיקוח,IL,גבינה לבנה טרה 5% מר,,250.00,100 מל,false,,4.98,0.0199,true,1,117796
7290000474540,false,טוב טעם גבינה לבנה 3% טרה 250 גרם,קריות זול,IL,גבינת טוב טעם לבישול,,250.00,100 מל,false,,11.90,0.0476,true,1,117797
7290000474830,false,נעם גבינה צהובה מגורדת 28% טרה 500 גרם,מילקו תעשיות בעמ,IL,גבינה צהובה מגורדת נ,,500.00,100 מל,false,,34.90,0.0698,true,1,117798
7290000478157,false,מעדני הטלה רבעי פרגי,,,מעדני הטלה רבעי פרגי,קילוגרמים,1.00,"ק""ג",true,,49.90,49.9000,true,1,190696
7290000480107,false,קוואקר שיבולת שועל פחית 500 גרם,וולקרס סנקס לימיטד,GB,קוואקר שיבולת שועל פ,גרמים,500.00,100 גרם,false,,11.90,2.3800,true,1,132913
7290000480332,false,גד גבינת גאודה בקר מ,,,גד גבינת גאודה בקר מ,קילוגרמים,1.00,"ק""ג",true,,135.00,135.0000,true,1,196009
7290000480349,false,גד גאודה עיזים משולש,,,גד גאודה עיזים משולש,קילוגרמים,1.00,"ק""ג",true,,160.00,160.0000,true,1,196010
7290000480442,false,קוואקר שיבולת שועל בשקית 500 גרם,פריטו ליי FRITO-LAY,IL,קואקר שבולת שועל 500,גרמים,500.00,100 גרם,false,,11.90,2.3800,true,1,132914
7290000490717,false,מאגדת גלית פלדמן 8 יחידות,הגלידות של פלדמן,IL,שמיניה גלית 8,גרמים,560.00,100 גרם,false,,26.90,4.8036,true,1,173046
7290000493176,false,אסם אבקת רוטב צלי לבשר 22 ג',"אסם השקעות בע""\מ",IL,אסם אבקת רוטב צלי לב,Unknown,0.00,יחידה,false,,4.90,0.0000,true,1,126700
7290000493183,false,אבקת רוטב פטריות לבשר-30 גרם,"אסם השקעות בע""\מ",IL,אסם אבקת רוטב פטריות,Unknown,0.00,יחידה,false,,4.90,0.0000,true,1,126701
7290000500692,false,מיניבאדי בצל,,,מיניבאדי בצל,קילוגרמים,1.00,"ק""ג",true,,49.90,49.9000,true,1,199043
7290000500995,false,ישרקו מאסדם הולנדי,,,ישרקו מאסדם הולנדי,קילוגרמים,1.00,"ק""ג",true,,80.00,80.0000,true,1,137054
7290000504025,false,ממתיק סוכרזית פטרייה עלית 300 גרם,אף.סי תבליני בגליל ב,IL,סוכרזית קלאסי 300,גרמים,246.00,100 גרם,false,,9.90,4.0244,true,1,132143
7290000504049,false,סוכרזית קלאסי קנקן 1200 טבליות,אף.סי תבליני בגליל ב,IL,סוכרזית קנקן 1200 טב,גרמים,984.00,100 גרם,false,,18.80,1.9106,true,1,132144
7290000504209,false,"סוכרזית דיאט טיפ נוזלי 220 מ""ל",אף.סי תבליני בגליל ב,IL,סוכרזית קלאסי ממתיק,,220.00,100 מל,false,,14.90,0.0677,true,1,132145
7290000504278,false,ממתיק סוכרזית אריזת פטנט 700 טבליות,אף.סי תבליני בגליל ב,IL,סוכרזית פטנט 700,Unknown,700.00,יחידה,false,,13.90,0.0199,true,1,132147
7290000513463,false,סניקרס באונטי טויקס,,,סניקרס באונטי טויקס,קילוגרמים,1.00,"ק""ג",true,,59.90,59.9000,true,1,152354
7290000515014,false,קמח לבן בהיר באר שבע,השוואת מחירונים,IL,קמח לבן בהיר באר שבע,פריט,1.00,"ק""ג",false,,5.90,5.9000,true,1,157100
7290000515106,false,"שטיבל סולת 1 ק""ג-חדש",השוואת מחירונים,IL,"סולת באר שבע 1 ק""ג",פריט,1.00,"ק""ג",false,,5.90,5.9000,true,1,157107
7290000518121,false,ממתיק מתוק וקל 50 יחידות,קריות זול,IL,מתוק וקל 50 שקיות,Unknown,0.00,יחידה,false,,5.90,0.0000,true,1,148594
7290000518169,false,ממתיק מתוק וקל 1000 טבליות,קריות זול,IL,מתוק וקל 1000 טבליות,Unknown,1000.00,יחידה,false,,8.90,0.0089,true,1,148596
7290000518176,false,ממתיק מתוק וקל 250 שקיות,מתוק וקל בעמ,IL,מתוק וקל ענק 250 שקי,גרמים,250.00,100 גרם,false,,17.90,7.1600,true,1,148597
7290000518220,false,ממתיק סוכרה דיאט 100 יחידות,פתח תקווה,IL,סוכרה דיאט 100 שקית,Unknown,0.00,יחידה,false,,26.90,0.0000,true,1,148599
7290000518251,false,ממתיק זהב מתוק וקל 100 יחידות,קריות זול,IL,מתוק וקל זהב 100 שקי,Unknown,100.00,יחידה,false,,11.90,0.1190,true,1,148601
7290000518336,false,ממתק צמר גפן מתוק מסיבים תזונתיים,מתוק וקל בעמ,IL,MOOOSH צמר גפן מתוק,Unknown,0.00,יחידה,false,,4.90,0.0000,true,1,183550
7290000521008,false,יין אדום יבש של סגל750מל,"כרמי צבי - אחים סגל בע""\",IL,של סגל אדום יבש 75,,750.00,100 מל,false,,21.90,0.0292,true,1,113351
7290000521015,false,"יין לבן יבש של סגל750מ""ל","מיוצר ע""י כרמי צבי-",IL,של סגל לבן יבש 750 מ,,750.00,100 מל,false,,21.90,0.0292,true,1,113352
7290000521022,false,"של סגל, יין לבן חצי יבש 750 מ""ל","מיוצר ע""י כרמי צבי-",IL,של סגל יין לבן חצי,,750.00,100 מל,false,,21.90,0.0292,true,1,113353
7290000521411,false,יין מרום גליל סינגל מרלו 750 מל,כרמי צבי אחים סגל בע,IL,מרום גליל מרלו סינגל,מיליליטרים,750.00,"100 מ""ל",false,,39.90,5.3200,true,1,113359
7290000523125,false,מלח הארץ הים האדום 250 ג' עדין,"חברת מלח הארץ אילת בע""\מ",IL,מלח הארץ ים יבש 250,גרמים,250.00,100 גרם,false,,5.90,2.3600,true,1,129525
7290000523224,false,מלח הארץ הים האדום 500 ג' עדין,"חברת מלח הארץ אילת בע""\מ",IL,מלח הארץ ים יבש 500,גרמים,500.00,100 גרם,false,,7.90,1.5800,true,1,129526
7290000523521,false,מלח ים מלח הארץ 250 גרם מועשר ביוד,חברת מלח הארץ אילת ב,IL,מלח הארץ מועשר ביוד,גרמים,250.00,100 גרם,false,,5.90,2.3600,true,1,129528
7290000523804,false,"מלח עדין צנצנת 1 ק""ג מלח הארץ","חברת מלח הארץ אילת בע""\מ",IL,מלח הארץ מהים האדום,גרמים,1000.00,100 גרם,false,,6.90,0.6900,true,1,129529
7290000523811,false,"צנצנת מלח גס 1 ק""ג מלח הארץ","חברת מלח הארץ אילת בע""\מ",IL,מלח הארץ מהים האדום,גרמים,1000.00,100 גרם,false,,6.90,0.6900,true,1,129530
7290000524734,false,פילה דג ברבוניה קפוא,,,פילה דג ברבוניה קפוא,Unknown,0.00,יחידה,false,,22.90,0.0000,true,1,203800
7290000525969,false,מיץ תפוזים סחוט רכיבים טבעיים פרימור 1 ליטר,"גניר (1992) בע""מ",IL,פרימור מיץ תפוזים 1,,1000.00,100 מל,false,,16.90,0.0169,true,1,139825
7290000530024,false,נקניק תה מעושן רחב במשקל,זוגלובק,IL,תה מעושן רחב זוגלובק,קילוגרמים,1.00,"ק""ג",true,,50.00,50.0000,true,1,147028
7290000530086,false,נקניק סלמי מעושן זוגלובק 600 גרם,נקניק נהריה כשר זוגל,IL,סלמי מעושן 7000 600,גרמים,610.00,100 גרם,false,,29.90,4.9016,true,1,147029
7290000530109,false,קבנוס זוגי בואקום זוגלובק 180ג',נקניק נהריה כשר זוגל,IL,זוג קבנוס 180 גר' א.,גרמים,360.00,100 גרם,false,,29.90,8.3056,true,1,147030
7290000530116,false,נקניק סלמי מעושן בשן 470 ג' זוגלובק,נקניק נהריה כשר זוגל,IL,סלמי בשן 470 גר' א.מ,גרמים,485.00,100 גרם,false,,25.90,5.3402,true,1,147031
7290000530291,false,נקניק מבשר הודו קטן זוגלובק 750 גרם,נקניק נהריה כשר זוגל,IL,נקניק מבשר הודו קטן,גרמים,800.00,100 גרם,false,,19.90,2.4875,true,1,147032
7290000530413,false,המבורגר זהב זוגלובק 400 גרם,נקניק נהריה כשר זוגל,IL,המבורגר זהב 400 גרם,גרמים,400.00,100 גרם,false,,19.90,4.9750,true,1,147033
7290000530604,false,נקניקיות וינר חריפות גוליבר 500ג זוגלובק,נקניק נהריה כשר זוגל,IL,נקניקיות חריפות 400,גרמים,500.00,100 גרם,false,,13.90,2.7800,true,1,147035
7290000530703,false,פסטרמה חרמון כפרית ונקניק תה מעושן זוגלובק 2*400 גרם,נקניק נהריה כשר זוגל,IL,ח.עוף והודו 400 גר+ס,גרמים,800.00,100 גרם,false,,25.90,3.2375,true,1,147036
7290000531601,false,סטייקבורגר זהב זוגלובק 400 גרם,נקניק נהריה כשר זוגל,IL,סטייקבורגר זהב 400 ג,גרמים,400.00,100 גרם,false,,19.90,4.9750,true,1,147038
7290000531977,false,בורקס גבינה זוגלובק 800 גרם,נקניק נהריה כשר זוגל,IL,בורקס גבינה 800 גר',גרמים,800.00,100 גרם,false,,16.90,2.1125,true,1,147039
7290000532479,false,"נקנקיות חריפות 1 ק""ג זוגלובק",זוגלובק,,נקניקיות חריפות מצונ,Unknown,1.00,יחידה,false,,25.90,25.9000,true,1,147041
7290000533353,false,"בצק עלים צרפתי 1 ק""ג זוגלובק",נקניק נהריה כשר זוגל,IL,בצק עלים 1 קג מ.א. ז,Unknown,1.00,יחידה,false,,16.90,16.9000,true,1,147042
7290000536316,false,"שניצל מן הצומח זוגלובק 1 ק""ג",נקניק נהריה כשר זוגל,IL,"שניצל מן הצומח 1 ק""ג",Unknown,1.00,יחידה,false,,26.90,26.9000,true,1,147044
7290000536743,false,שניצלונים קריספי ט. תירס 500 גר' זוגלובק,נקניק נהריה כשר זוגל,IL,קריספי סטיקס תירס 50,גרמים,500.00,100 גרם,false,,14.90,2.9800,true,1,147045
7290000536774,false,"נקניקיות מן הצומח זוגלובק 1ק""ג בד""צ",זוגלובק טבע,IL,נקניקיות מן הצומח 1,Unknown,1.00,יחידה,false,,26.90,26.9000,true,1,147047
7290000537566,false,נקניקיות עוף טרי 400 ג' זוגלובק,נקניק נהריה כשר זוגל,IL,נקניקיות עוף 400 גר',גרמים,400.00,100 גרם,false,,13.90,3.4750,true,1,147050
7290000547292,false,פיצה בלוק,,,פיצה בלוק,קילוגרמים,1.00,"ק""ג",true,,55.00,55.0000,true,1,198166
7290000551012,false,אקס אל משקה אנרגיה 2,,,אקס אל משקה אנרגיה 2,Unknown,0.00,יחידה,false,,6.00,0.0000,true,1,144109
7290000552118,false,נקניקיות מרגז טיבון ויל 400 גרם,טיבון ויל אחזקות בעמ,IL,נקנקיות מרגז 400 גרם,גרמים,400.00,100 גרם,false,,19.90,4.9750,true,1,122658
7290000552569,false,סטייקבורגר בקר טיבון ויל 400 גרם,"טיבון ויל אחזקות בע""\מ",IL,סטייק בורגר 400 גרם,גרמים,400.00,100 גרם,false,,20.90,5.2250,true,1,122660
7290000552927,false,עוף טחון טיבון ויל 500 גרם,"טיבון ויל אחזקות בע""\מ",IL,טחון עוף 500 גרם,גרמים,500.00,100 גרם,false,,13.90,2.7800,true,1,122661
7290000553948,false,משקה פרישר בטעם תפוח,,,משקה פרישר בטעם תפוח,Unknown,0.00,יחידה,false,,6.00,0.0000,true,1,144111
7290000554402,false,מעדן חלב מלבי 5% גד 170 גרם,"מיוצר ע""\י קוד יצרן EDNK",IL,גד- מלבי 5%,Unknown,160.00,יחידה,false,,6.90,0.0431,true,1,146612
7290000554457,false,גבינה צפתית במליחות עדינה 5% גד 350 גרם,"מחלבות גד בע""\מ",IL,גד צפתית מיני 5% 350,גרמים,350.00,100 גרם,false,,22.90,6.5429,true,1,146613
7290000554471,false,נקניק מוצרלה 22 אחוז 180גרם גד מהדרין,"מחלבות גד בע""\מ",IL,גד מוצרלה נקניק טבעי,גרמים,180.00,100 גרם,false,,18.90,10.5000,true,1,146614
7290000554532,false,גבינה צפתית מעודנת מלח ים 5% גד 200ג',הנסיך- מפעל לייצור ט,IL,גד צפתית מעודנת במלח,גרמים,200.00,100 גרם,false,,15.90,7.9500,true,1,146615
7290000554600,false,מוצרלה מגורדת 22 אחוז 300גרם גד מהדרין,מחלבות גד בעמ,IL,גד מוצרלה מגורדת %18,גרמים,300.00,100 גרם,false,,28.90,9.6333,true,1,146616
7290000554624,false,מעדן חלב ירח מתוק עם אורז 3% גד 150 גרם,"מיוצר ע""\י קוד יצרן EDNK",IL,גד ירח מתוק 150מל,גרמים,150.00,100 גרם,false,,6.90,4.6000,true,1,146617
7290000554686,false,גבינת לאבנה בתוספת שמן זית וזעתר 5% גד 250 גרם,מחלבות גד בעמ,IL,גד לאבנה בשמן זית וז,גרמים,250.00,100 גרם,false,,15.90,6.3600,true,1,146618
7290000554822,false,ריקוטה גבינה לבנה בסגנון איטלקי 5% גד 250 גרם,מחלבות גד בעמ,IL,גד ריקוטה טבעי 5% 25,גרמים,250.00,100 גרם,false,,15.90,6.3600,true,1,146619
7290000554839,false,מסקרפונה שמנת מתוקה קשה בסגנון איטלקי 40% גד 250 גרם,מחלבות גד בעמ,IL,גד מסקרפונה 43% 250,גרמים,250.00,100 גרם,false,,24.90,9.9600,true,1,146620
7290000560533,false,אדג' ג'ל גילוח ירוק לעור רגיל 198גרם,אס.סי ג'ונסון ובניו,US,אדג' ג'ל ירוק לעור ר,גרמים,200.00,100 גרם,false,,16.90,8.4500,true,1,111240
7290000560540,false,אדג' ג'ל גילוח כתום לעור רגיש 198גרם,המאפיה של הרמן,US,אדג' ג'ל כתום לעור ר,מיליליטרים,200.00,"100 מ""ל",false,,16.90,8.4500,true,1,111241
7290000560557,false,אדג' ג'ל סגול כהה לעור יבש 198ג',אס.סי ג'ונסון ובניו,US,אדג' ג'ל סגול לעור י,גרמים,200.00,100 גרם,false,,16.90,8.4500,true,1,138057
7290000567142,false,סלמי תה מפולפל יחיעם,,,סלמי תה מפולפל יחיעם,קילוגרמים,1.00,"ק""ג",true,,55.00,55.0000,true,1,121796
7290000572055,false,אחוה חלוה ללא סוכר עם סיבים ואגוזים 400 גרם,אחדות ביחר לטחינה חל,IL,חלוה לייט 400 גרם,גרמים,400.00,100 גרם,false,,14.90,3.7250,true,1,137599
7290000572208,false,חלוה בטעם וניל אחווה 100 גרם,שוורצקוף& הנקל דיסלד,IL,חלווה אחווה 100 גרם,גרמים,100.00,100 גרם,false,,2.90,2.9000,true,1,137602
7290000572222,false,חלווה בלוק וניל אחוה 500 גרם,שוורצקוף& הנקל דיסלד,IL,רולדת חלבה 500 גר,גרמים,500.00,100 גרם,false,,11.90,2.3800,true,1,137604
7290000572536,false,אחווה חלווה ווניל במגש 400 גר,אחדות ביחר לטחינה חל,IL,חלוה וניל 400 גרם,גרמים,400.00,100 גרם,false,,11.90,2.9750,true,1,137606
7290000572543,false,חלוה בטעם שוקו וניל אחווה 400 גרם,אחדות ביחר לטחינה חל,IL,חלוה קקאו וניל 400 ג,גרמים,400.00,100 גרם,false,,11.90,2.9750,true,1,137607
7290000572628,false,חטיפי חלווה ללא סוכר בקופסא 250 גרם,שוורצקוף& הנקל דיסלד,IL,"חטיף חלווה לייט לל""ס",גרמים,300.00,100 גרם,false,,12.90,4.3000,true,1,137608
7290000572673,false,מארז חלווה אחוה 12 יחידות 300 גרם,שוורצקוף& הנקל דיסלד,IL,אחווה חטיף חלווה ט.ש,גרמים,275.00,100 גרם,false,,12.90,4.6909,true,1,137610
7290000572819,false,"טחינה גולמית אחווה 1 ק""ג",אחדות ביחר לטחינה חל,IL,אחדות טחינה גולמית 1,פריט,1.00,"ק""ג",false,,21.90,21.9000,true,1,137612
7290000578931,false,וילי פוד חצי רכה 20%,,,וילי פוד חצי רכה 20%,קילוגרמים,1.00,"ק""ג",true,,110.00,110.0000,true,1,115463
7290000579248,false,גויוס גולד סגנון פרמ,,,גויוס גולד סגנון פרמ,קילוגרמים,1.00,"ק""ג",true,,70.00,70.0000,true,1,198230
7290000596448,false,מעדני הטלה חזה בקר כ,,,מעדני הטלה חזה בקר כ,קילוגרמים,1.00,"ק""ג",true,,46.90,46.9000,true,1,190652
7290000596862,false,סופגניה רגילה עם ריב,,,סופגניה רגילה עם ריב,Unknown,0.00,יחידה,false,,3.00,0.0000,true,1,131430
7290000599373,false,קיסמי שיניים במלחייה,,,קיסם מלחיה פרפר 200,Unknown,200.00,יחידה,false,,2.00,0.0100,true,1,144995
7290000599434,false,סחבות לרצפה גרניט 3י,נועם אורים תעשיות בע,IL,סופגנית גרניט *3,Unknown,3.00,יחידה,false,,7.90,2.6333,true,1,144996
7290000599571,false,צמר פלדה בשקית,,IL,צמר פלדה shiny,Unknown,0.00,יחידה,false,,6.00,0.0000,true,1,144998
7290000599588,false,צמר פלדה 400 גרם shi,,,צמר פלדה 400 גרם shi,גרמים,400.00,100 גרם,false,,10.00,2.5000,true,1,144999
7290000599755,false,מגב מתכת 40 הברגה+מק,,,מגב מתכת 40 הברגה+מק,Unknown,0.00,יחידה,false,,14.90,0.0000,true,1,145002
7290000599861,false,"מגב פלסטיק 40 ס""מ + הברגה",TBD,CN,מגב 40 פלסטיק + מקל,Unknown,0.00,יחידה,false,,10.00,0.0000,true,1,157793
7290000599946,false,ספוג הפלא שייני 6 יחידות,מ.א ייצור ושיווק מטל,IL,6 ספוגי הפלא SHINY,Unknown,6.00,יחידה,false,,6.90,1.1500,true,1,145007
7290000599977,false,שייני כריות יפניות 9 יח',,,שייני כריות יפניות 9,Unknown,9.00,יחידה,false,,9.90,1.1000,true,1,145008
7290000604343,false,תמר דקל נור פרי השמש 400 גר,פרי וירק טמרה ושותפי,,דקל נור 400 גרם,גרמים,400.00,100 גרם,false,,9.90,2.4750,true,1,148571
7290000606103,false,גאודה בקר כמהין,,,גאודה בקר כמהין,קילוגרמים,1.00,"ק""ג",true,,190.00,190.0000,true,1,176979
7290000606165,false,מנצ'גו איבריקו שחור,,,מנצ'גו איבריקו שחור,קילוגרמים,1.00,"ק""ג",true,,110.00,110.0000,true,1,176985
7290000617501,false,צדר עם חמוציות,,,צדר עם חמוציות,קילוגרמים,1.00,"ק""ג",true,,120.00,120.0000,true,1,183754
7290000644783,false,נתחי פילה סלמון קפוא קג,דגי תנובה,DK,מנות סלומון ממותג שק,קילוגרמים,1.00,"ק""ג",true,,89.90,89.9000,true,1,114013
7290000646299,false,פילה נסיכת הנילוס 100% דג קפוא תנובה,דגי תנובה,IL,תנובה פילה נסיכת הני,קילוגרמים,1.00,"ק""ג",true,,69.90,69.9000,true,1,160482
7290000652177,false,נתחי פילה נסיכה 100% דג קפוא תנובה,דגי תנובה,IL,נתחי פילה נסיכה במשק,קילוגרמים,1.00,"ק""ג",true,,74.90,74.9000,true,1,160483
7290000655376,false,פילה דניס קפוא תנובה,דגי תנובה,TR,פילה דניס קפוא שקיל,קילוגרמים,1.00,"ק""ג",true,,99.90,99.9000,true,1,114023
7290000657866,false,דלי דג פילה אמנון 5-,דלידג,,דלי דג פילה אמנון 5-,קילוגרמים,1.00,"ק""ג",true,,29.90,29.9000,true,1,122830
7290000659312,false,פילה סלמון פרימיום דגי תנובה,דגי תנובה,IL,פילה סלמון פרימיום ת,קילוגרמים,1.00,"ק""ג",true,,84.90,84.9000,true,1,114027
7290000660101,false,שיפודי אנטריקוט .,,,שיפודי אנטריקוט .,קילוגרמים,1.00,"ק""ג",true,,99.90,99.9000,true,1,189290
7290000660102,false,שומן עגל טרי.,,,שומן עגל טרי.,קילוגרמים,1.00,"ק""ג",true,,14.90,14.9000,true,1,189291
7290000660103,false,אנטריקוט עגלה אנגוס,,,אנטריקוט עגלה אנגוס,קילוגרמים,1.00,"ק""ג",true,,169.90,169.9000,true,1,189389
7290000660104,false,סינטה עגלה אנגוס,,,סינטה עגלה אנגוס,קילוגרמים,1.00,"ק""ג",true,,149.90,149.9000,true,1,189390
7290000660105,false,פילה עגלה אנגוס.,,,פילה עגלה אנגוס.,קילוגרמים,1.00,"ק""ג",true,,189.90,189.9000,true,1,189391
7290000660106,false,שוק כנף עוף,,,שוק כנף עוף,קילוגרמים,1.00,"ק""ג",true,,14.90,14.9000,true,1,190451
7290000660107,false,שיפודי פילה עגל.,,,שיפודי פילה עגל.,קילוגרמים,1.00,"ק""ג",true,,119.90,119.9000,true,1,190616
7290000660108,false,שיפודי חזה עוף.,,,שיפודי חזה עוף.,קילוגרמים,1.00,"ק""ג",true,,32.90,32.9000,true,1,190658
7290000660109,false,שיפודי שווארמה הודו.,,,שיפודי שווארמה הודו.,קילוגרמים,1.00,"ק""ג",true,,69.90,69.9000,true,1,190659
7290000660110,false,שווארמה הודו חתוך.,,,שווארמה הודו חתוך.,קילוגרמים,1.00,"ק""ג",true,,69.90,69.9000,true,1,190660
7290000660772,false,מעורב ירושלמי.,,,מעורב ירושלמי.,קילוגרמים,1.00,"ק""ג",true,,59.90,59.9000,true,1,181928
7290000660773,false,רצועות חזה עוף להקפצ,,,רצועות חזה עוף להקפצ,קילוגרמים,1.00,"ק""ג",true,,32.90,32.9000,true,1,181929
7290000660806,false,צלעות כבש טרי ארוז.,,,צלעות כבש טרי ארוז.,קילוגרמים,1.00,"ק""ג",true,,109.90,109.9000,true,1,185692
7290000662213,false,נתח פילה סלמון קפוא תנובה,תנובה,IL,נתח פילה סלמון תנובה,קילוגרמים,1.00,"ק""ג",true,,99.90,99.9000,true,1,114028
7290000662834,false,מנות פילה דג נסיכת ה,,,מנות פילה דג נסיכת ה,קילוגרמים,1.00,"ק""ג",true,,49.90,49.9000,true,1,197349
7290000663135,false,קוביות סלומון קפוא 100% דג 300 גרם תנובה,"צ'\ילה, Ll MONTT, PUERTO",CL,קוביות סלמון קפוא 10,גרמים,300.00,100 גרם,false,,34.90,11.6333,true,1,183097
7290000680023,false,שייטל עגל טרי.,,,שייטל עגל טרי.,קילוגרמים,1.00,"ק""ג",true,,74.90,74.9000,true,1,172623
7290000680036,false,צלעות כתר טרי.,,,צלעות כתר טרי.,קילוגרמים,1.00,"ק""ג",true,,199.90,199.9000,true,1,144139
7290000680038,false,שיפודי פרגית טרי.,,,שיפודי פרגית טרי.,קילוגרמים,1.00,"ק""ג",true,,54.90,54.9000,true,1,144141
7290000680041,false,שיפודי טלה טרי.,,,שיפודי טלה טרי.,קילוגרמים,1.00,"ק""ג",true,,119.90,119.9000,true,1,144142
7290000680056,false,פרגית עוף עם עור,,,פרגית עוף עם עור,קילוגרמים,1.00,"ק""ג",true,,39.90,39.9000,true,1,200633
7290000680064,false,חטיפי אסאדו.,,,חטיפי אסאדו.,קילוגרמים,1.00,"ק""ג",true,,99.90,99.9000,true,1,144146
7290000680065,false,ספיידר סטייק.,,,ספיידר סטייק.,קילוגרמים,1.00,"ק""ג",true,,99.90,99.9000,true,1,144147
7290000680227,false,כנפיים עוף חצוי.,,,כנפיים עוף חצוי.,קילוגרמים,1.00,"ק""ג",true,,18.90,18.9000,true,1,181225
7290000688103,false,פילה דג סול פלייס,,,פילה דג סול פוטית,קילוגרמים,1.00,"ק""ג",true,,42.90,42.9000,true,1,195789
7290000688374,false,"מים מינרליים מי עדן בייבי 6*330 מ""ל","מופק ממקור בזלתי עדן ,1",IL,מים מינרליים מי עדן,קילוגרמים,1.98,ליטר,false,,14.90,7.5253,true,1,120331
7290000688381,false,שישיית מי עדן פקק ספורט 0.5 ליטר,"מופק ממקור בזלתי עדן ,1",IL,מים מינרליים מי עדן,קילוגרמים,3.00,ליטר,false,,13.90,4.6333,true,1,120332
7290000688503,false,"מים מינרלים פקק ספורט מי עדן 6*750 מ""ל","מופק ממקור בזלתי עדן ,1",IL,מים מינרליים מי עדן,מיליליטרים,750.00,"100 מ""ל",false,,15.90,2.1200,true,1,120334
7290000692135,false,ספיד סטיק דאו בסיסי ירוק א.פ פרש פאוור,קולגייט-פלמוליב,TR,ספיד סטיק בסיסי ירוק,גרמים,60.00,100 גרם,false,,19.90,33.1667,true,1,179106
7290000692203,false,נוזל לניקוי כללי ורצפות בניחוח לימון אג'קס 2 ליטר,הנסיך- מפעל לייצור ט,GR,אג'קס ניקוי כללי ורצ,קילוגרמים,2.00,ליטר,false,,22.90,11.4500,true,1,128122
7290000692210,false,נוזל לניקוי כללי ורצפות בניחוח לבנדר אג'קס 2 ליטר,הנסיך- מפעל לייצור ט,GR,אג'קס ניקוי כללי ורצ,קילוגרמים,2.00,ליטר,false,,22.90,11.4500,true,1,128123
7290000692227,false,נוזל כלים פלמוליב צילינדר קלאסי 1 ליטר,יבואן ומשווק: ש. שסט,GR,פלמוליב לכלים קלאסי-,קילוגרמים,1.00,ליטר,false,,13.90,13.9000,true,1,128124
7290000692456,false,אג'קס חלונות זוג 750*2 מל ספריי ורפיל,הנסיך- מפעל לייצור ט,GR,אגקס חלונות זוג,קילוגרמים,1.50,ליטר,false,,22.90,15.2667,true,1,128127
7290000706731,false,רצועות פילה נסיכת הנ,,,דלידג רצעות פילה הנס,קילוגרמים,1.00,"ק""ג",true,,69.90,69.9000,true,1,122574
7290000713438,false,גאודה מיושנת גלגל,,,גאודה מיושנת גלגל,קילוגרמים,1.00,"ק""ג",true,,110.00,110.0000,true,1,137058
7290000713495,false,גאודה גלגל,,,גאודה גלגל,קילוגרמים,1.00,"ק""ג",true,,80.00,80.0000,true,1,137059
7290000713496,false,גאודה עיזים גלגל,,,גאודה עיזים גלגל,קילוגרמים,1.00,"ק""ג",true,,125.00,125.0000,true,1,137060
7290000713501,false,גאודה שום גלגל,,,גאודה שום גלגל,קילוגרמים,1.00,"ק""ג",true,,120.00,120.0000,true,1,137062
7290000713503,false,גאודה חרדל גלגל,,,גאודה חרדל גלגל,קילוגרמים,1.00,"ק""ג",true,,120.00,120.0000,true,1,137063
7290000713525,false,גאודה עם רוטב חריף ס,,,גאודה עם רוטב חריף ס,קילוגרמים,1.00,"ק""ג",true,,120.00,120.0000,true,1,137064
7290000715079,false,מסדם גולד,,,מסדם גולד,קילוגרמים,1.00,"ק""ג",true,,80.00,80.0000,true,1,198233
7290000715080,false,גאודה גולד,,,גאודה גולד,קילוגרמים,1.00,"ק""ג",true,,80.00,80.0000,true,1,198234
7290000715098,false,גאודה עם עגבניות ושו,,,גאודה עם עגבניות ושו,קילוגרמים,1.00,"ק""ג",true,,90.00,90.0000,true,1,198239
7290000715189,false,מורמון,,,מורמון,קילוגרמים,1.00,"ק""ג",true,,90.00,90.0000,true,1,198240
7290000715206,false,גאודה עם חילבה,,,גאודה עם חילבה,קילוגרמים,1.00,"ק""ג",true,,90.00,90.0000,true,1,198242
7290000715215,false,גאודה מעושנת,,,גאודה מעושנת,קילוגרמים,1.00,"ק""ג",true,,90.00,90.0000,true,1,198243
7290000750083,false,ממולא פלפל חריף,,,ממולא פלפל חריף,קילוגרמים,1.00,"ק""ג",true,,50.00,50.0000,true,1,137579
7290000750274,false,ממולא פלפל אדום,,,ממולא פלפל אדום,קילוגרמים,1.00,"ק""ג",true,,50.00,50.0000,true,1,137581
7290000800009,false,חרוזית ירוק ת.ייון ס,,,חרוזית ירוק ת.ייון ס,קילוגרמים,1.00,"ק""ג",true,,50.00,50.0000,true,1,137586
7290000800015,false,ישרקו צדר אדום גרמני,,,ישרקו צדר אדום גרמני,קילוגרמים,1.00,"ק""ג",true,,95.00,95.0000,true,1,137066
7290000800023,false,חרוזית מושחר ת.יוון,,,חרוזית מושחר ת.יוון,קילוגרמים,1.00,"ק""ג",true,,50.00,50.0000,true,1,137587
7290000803067,false,"משחת שיניים לילדים גילאים 6-2 אלמקס 75 מ""ל",הנסיך- מפעל לייצור ט,PL,אלמקס משחת שיניים יל,גרמים,75.00,100 גרם,false,,16.90,22.5333,true,1,128129
7290000803180,false,"מרידול - מי פה שטיפה דנטלית 400 מ""ל",קולגייט פלמוליב,CH,מרידול מי פה דנטלית,מיליליטרים,400.00,"100 מ""ל",false,,32.90,8.2250,true,1,111141
7290000804484,false,אלמקס שטיפת פה דנטלית למניעת עששת 400מל,קולגייט פלמוליב,CH,אלמקס שטיפת פה דנטלי,מיליליטרים,400.00,"100 מ""ל",false,,29.90,7.4750,true,1,128131
7290000804686,false,לחם מרוקאי רגיל,,,לחם מרוקאי רגיל,Unknown,0.00,יחידה,false,,16.90,0.0000,true,1,116259
7290000804969,false,מאפה מנה אישית,,,מאפה מנה אישית,Unknown,0.00,יחידה,false,,6.90,0.0000,true,1,116263
7290000804976,false,תורכי מנה אישית - תפ,,,תורכי מנה אישית - תפ,Unknown,0.00,יחידה,false,,6.90,0.0000,true,1,116264
7290000805368,false,בונזו גורים 3 קג' - אירוז חדש,קריות זול,FR,בונזו גורים,,3.00,קג,false,,74.90,24.9667,true,1,140614
7290000805795,false,"חול חתולים יורוקיטי 10 ק""ג",שחם גבעת עדה,IL,"חול חתולים 10ק""ג",,10.00,קג,false,,34.90,3.4900,true,1,140616
7290000805924,false,"מזון חתולים לה קט דגים 2.85 ק""ג","ביופט בע""מ",IL,לה קט דגי אוקיינוס 2,,2.85,קג,false,,79.90,28.0351,true,1,140623
7290000806017,false,תורכי מנה אישית - פט,,,תורכי מנה אישית - פט,Unknown,0.00,יחידה,false,,6.90,0.0000,true,1,116271
7290000806345,false,בורקס תורכי - פיצה,,,בורקס תורכי - פיצה,Unknown,0.00,יחידה,false,,6.90,0.0000,true,1,116277
7290000835992,false,פילה דג נסיכת הנילוס,,,נסיכת הנילוס פילה פר,קילוגרמים,1.00,"ק""ג",true,,79.90,79.9000,true,1,189296
7290000836922,false,דג סלמון טרי שלם,,,דג סלמון טרי שלם,קילוגרמים,1.00,"ק""ג",true,,89.90,89.9000,true,1,146770
7290000836953,false,דג פורל לבן שלם,,,דג פורל לבן שלם,קילוגרמים,1.00,"ק""ג",true,,79.90,79.9000,true,1,146771
7290000837046,false,קרולבסקי סיירפק,,,קרולבסקי סיירפק,קילוגרמים,1.00,"ק""ג",true,,90.00,90.0000,true,1,156117
7290000841391,false,דג בס טרי שלם,,,דג בס טרי שלם,קילוגרמים,1.00,"ק""ג",true,,49.90,49.9000,true,1,146774
7290000841438,false,דג דניס טרי שלם,,,דג דניס טרי שלם,קילוגרמים,1.00,"ק""ג",true,,64.90,64.9000,true,1,146775
7290000842053,false,דג קרפיון טרי שלם,,,דג קרפיון טרי שלם,קילוגרמים,1.00,"ק""ג",true,,27.90,27.9000,true,1,146777
7290000842077,false,דג לברק טרי שלם,,,דג לברק טרי שלם,קילוגרמים,1.00,"ק""ג",true,,69.90,69.9000,true,1,146778
7290000854432,false,זית שום ת.צרפת,,,זית שום ת.צרפת,קילוגרמים,1.00,"ק""ג",true,,40.00,40.0000,true,1,137588
7290000854760,false,זית אנדלוס,,,זית אנדלוס,קילוגרמים,1.00,"ק""ג",true,,50.00,50.0000,true,1,137589
7290000854777,false,מעדן קוקטיל זיתים מר,,,מעדן קוקטיל זיתים מר,קילוגרמים,1.00,"ק""ג",true,,50.00,50.0000,true,1,137590
7290000854784,false,מעדן זית פימנטי,,,מעדן זית פימנטי,קילוגרמים,1.00,"ק""ג",true,,40.00,40.0000,true,1,137591
7290000854791,false,תאסוס ת.יוון,,,תאסוס ת.יוון,קילוגרמים,1.00,"ק""ג",true,,50.00,50.0000,true,1,135514
7290000854944,false,קלמטה מגולען,,,קלמטה מגולען,קילוגרמים,1.00,"ק""ג",true,,50.00,50.0000,true,1,135516
7290000902121,false,גבינה מעושנת RED ASH,,,גבינה מעושנת RED ASH,קילוגרמים,1.00,"ק""ג",true,,130.00,130.0000,true,1,137070
7290000905094,false,צ'דר כתום,,,צ'דר כתום,קילוגרמים,1.00,"ק""ג",true,,60.00,60.0000,true,1,146819
7290000909804,false,פילה בקלה ללא עור אר,,,פילה בקלה ללא עור אר,קילוגרמים,1.00,"ק""ג",true,,34.90,34.9000,true,1,148704
7290000913551,false,פסטרמה כפרית טירת צבי 400 ג',טירת צבי,IL,טירת צבי פסטרמה כפרי,גרמים,400.00,100 גרם,false,,20.20,5.0500,true,1,114147
7290000913551,false,פסטרמה כפרית טירת צבי 400 ג',טירת צבי,IL,טירת צבי פסטרמה כפרי,גרמים,400.00,100 גרם,false,,20.20,5.0500,true,1,189553
7290000925853,false,פילה דג מרלוזה ארוז,,,פילה דג מרלוזה ארוז,קילוגרמים,1.00,"ק""ג",true,,34.90,34.9000,true,1,200535
7290000929130,false,דנאבלו גבינה,,,דנאבלו גבינה,קילוגרמים,1.00,"ק""ג",true,,99.00,99.0000,true,1,122592
7290000992858,false,גד פטה עיזים 5%,,,גד פטה עיזים 5%,קילוגרמים,1.00,"ק""ג",true,,140.00,140.0000,true,1,146610
7290000995410,false,נבטים סיניים נבטי העמק,נסטלה פורינה USA קר,IL,נבטים סיניים,Unknown,0.00,יחידה,false,,6.90,0.0000,true,1,138573
7290001041130,false,ממרח תמרים מיה 450 גרם,מיה תעשיות מזון מ.ת.מ. ב,IL,מיה ממרח תמרים 450 ג,גרמים,450.00,100 גרם,false,,7.90,1.7556,true,1,134880
7290001045169,false,מיץ תפוחי עץ צלול פרימור 1 ליטר,"גניר (1992) בע""מ",IL,פרימור מיץ תפוחים צל,,1000.00,100 מל,false,,16.90,0.0169,true,1,139826
7290001045633,false,"פרימור משקה לימונים ונענע 400מ""ל",פרימור,IL,פרימור מיץ לימון ונע,,400.00,100 מל,false,,8.90,0.0223,true,1,139829
7290001045657,false,"פרימור סחוט תפוחים צלול 400 מ""ל",פרימור,IL,פרימור מיץ תפוחים סח,,400.00,100 מל,false,,8.90,0.0223,true,1,139830
7290001045688,false,"מיץ תפוזים סחוט פרימור 400 מ""ל",פרימור,IL,פרימור מיץ תפוזים סח,,400.00,100 מל,false,,9.90,0.0248,true,1,139831
7290001121054,false,צמד חמד פסטרמה וסלמי יחיעם 700 גרם,תאי פרזידנט פוד פאבל,IL,יחיעם צמד חמד 700 גר,גרמים,700.00,100 גרם,false,,25.90,3.7000,true,1,121819
7290001121238,false,נקניק קורנדביף 4% יחיעם 180 גרם,מעדני יחיעם 1993,IL,יחיעם קורנד ביף 180,גרמים,180.00,100 גרם,false,,29.90,16.6111,true,1,121820
7290001121672,false,פסטרמה מעודנת בפפריקה 300 ג' יחיעם,מעדני יחיעם 1993,IL,פסטרמה הודו פיקנטית,גרמים,300.00,100 גרם,false,,25.90,8.6333,true,1,121821
7290001121795,false,נקניקיות עוף חריפות יחיעם 400 גרם,מעדני יחיעם,,נקניקיות עוף חריפות,גרמים,400.00,100 גרם,false,,13.90,3.4750,true,1,190682
7290001121849,false,פסטרמה ברביקיו יחיעם 250 גרם ר.טבעיים,מעדני יחיעם 1993,IL,יחיעם פסטרמה הודו טב,גרמים,250.00,100 גרם,false,,27.00,10.8000,true,1,121823
7290001121931,false,קבנוס מקסיקני דק דק יחיעם 125 גרם,מעדני יחיעם 1993,,יחיעם קבנוס מקסיקני,גרמים,125.00,100 גרם,false,,15.00,12.0000,true,1,121824
7290001121979,false,נקניק סלמי הרץ מעדני יחיעם 150 גרם,תאי פרזידנט פוד פאבל,IL,יחיעם סלמי הרץ 150 ג,גרמים,150.00,100 גרם,false,,29.90,19.9333,true,1,121825
7290001124536,false,ארוחת נודלס טעם תירס מג'יק 70 גרם,טאט הוי פוד בעמ,SG,מגיק טעם תירס בכוס 7,Unknown,0.00,יחידה,false,,5.90,0.0000,true,1,122676
7290001136362,false,נקה 7 תחליב רחצה אלוורה ארומה ירוק 1 ל',מיוצר בסין.יבוא ושיו,IL,תחליב רחצה אלוורה ות,מיליליטרים,1000.00,"100 מ""ל",false,,14.90,1.4900,true,1,117195
7290001143049,false,גבינה ברינזה בקופסה 800 ג' בוקאעי,,,גבינה ברינה בקופסה 8,גרמים,800.00,100 גרם,false,,44.90,5.6125,true,1,151564
7290001143155,false,לבנה בגביע 500 גרם,,,לבנה בגביע 500 גרם,גרמים,500.00,100 גרם,false,,14.90,2.9800,true,1,151567
7290001143261,false,לבנה בגביע 800 גרם,,,לבנה בגביע 800 גרם,גרמים,800.00,100 גרם,false,,22.90,2.8625,true,1,180006
7290001216040,false,טחינה גולמית שומשום טהור אל ארז 500 גרם,אגס ירוק מסחר ושירותים,IL,אל ארז טחינה 500 גרם,גרמים,500.00,100 גרם,false,,16.90,3.3800,true,1,114340
7290001216057,false,"טחינה שומשום טהור אל ארז 1 ק""ג",אגס ירוק מסחר ושירותים,IL,אל ארז טחינה 1קג,גרמים,500.00,100 גרם,false,,32.90,6.5800,true,1,114341
7290001216101,false,"טחינה שומשום מלא אל ארז 1 ק""ג",טחינה אל ארז,IL,"טחינה 1 ק""ג מלאה",פריט,1.00,"ק""ג",false,,34.90,34.9000,true,1,168314
7290001247068,false,קרטונית נקטר ספרינג תות בננה 1 ליטר,יפאורה שותפות מובגלת לשיווק,IL,ספרינג תות בננה 1 ל',,1000.00,100 מל,false,,6.90,0.0069,true,1,120341
7290001247082,false,מיץ עגבניות רכיבים טבעיים ספרינג 1 ליטר,יפאורה שותפות מובגלת לשיווק,IL,ספרינג עגבניות 1 ל',,1000.00,100 מל,false,,6.90,0.0069,true,1,120342
7290001247099,false,קרטונית נקטר ספרינג מנגו 1 ליטר,יפאורה שותפות מובגלת לשיווק,IL,ספרינג מנגו 1 ל' קרט,,1000.00,100 מל,false,,6.90,0.0069,true,1,120343
7290001247105,false,קרטונית נקטר ספרינג אפרסק 1 ליטר,יפאורה שותפות מובגלת לשיווק,IL,ספרינג אפרסק 1 ל' קר,,1000.00,100 מל,false,,6.90,0.0069,true,1,120344
7290001247112,false,קרטונית נקטר ספרינג לימונענע 1 ליטר,יפאורה שותפות מובגלת לשיווק,IL,ספרינג לימונענע 1 ל',,1000.00,100 מל,false,,6.90,0.0069,true,1,120345
7290001247129,false,נקטר ספרינג תפוזים קרטונית 1 ל',יפאורה שותפות מובגלת לשיווק,IL,ספרינג תפוזים 1 ל' ק,,1000.00,100 מל,false,,6.90,0.0069,true,1,120346
7290001247143,false,קרטונית נקטר ספרינג תפוחים 1 ליטר,יפאורה שותפות מובגלת לשיווק,IL,ספרינג תפוחים 1 ל' ק,,1000.00,100 מל,false,,6.90,0.0069,true,1,120347
7290001258576,false,גאודה ואקום יעקובס 200 גרם,גבינות משק יעקבס,IL,גבינת גאודה ואקום 2,Unknown,0.00,יחידה,false,,19.70,0.0000,true,1,146191
7290001258804,false,קשקבל גבינה חצי קשה יעקבס 180 גרם,גבינות משק יעקבס,IL,גבינת קשקבל ואקום 18,גרמים,180.00,100 גרם,false,,24.90,13.8333,true,1,146197
7290001258958,false,מוצרלה מגורדת יעקבס 200 גרם,גבינות משק יעקבס,IL,גבינת ומוצרלה מגורדת,גרמים,400.00,100 גרם,false,,22.50,5.6250,true,1,146199
7290001258972,false,גבינת חלומי בואקום 2,גבינות משק יעקבס,IL,גבינת חלומי 200גרם,Unknown,0.00,יחידה,false,,20.90,0.0000,true,1,146200
7290001274934,false,"שמיניית גלידל פרי לימון ""פלדמן""",הגלידות של פלדמן,IL,גלידל דיאט למון ליים,גרמים,640.00,100 גרם,false,,24.90,3.8906,true,1,175133
7290001305058,false,"פלמוליב - נטורלס תחליב רחצה חלב ודבש 500 מ""ל",הנסיך- מפעל לייצור ט,TR,פלמוליב סבון נוזלי ח,מיליליטרים,500.00,"100 מ""ל",false,,15.90,3.1800,true,1,111142
7290001305188,false,"נוזל לניקוי כלים בריח לימון פלמוליב 750 מ""ל",יבואן ומשווק: ש. שסט,GR,פלמוליב לכלים פריחת,Unknown,750.00,יחידה,false,,9.90,0.0132,true,1,128132
7290001327180,false,שטראוס קרמיסימו וניל ציפ 1.33 ליטר,"גלידת שטראוס בע""\מ, רחוב",IL,קרמיסימו וניל ציפ 1.,קילוגרמים,1.33,ליטר,false,,20.90,15.7143,true,1,135290
7290001327791,false,גלידת קרמיסימו וניל עוגיות חלבי,"גלידת שטראוס בע""\מ, רחוב",IL,קרמיסימו עוגיות 1.33,קילוגרמים,1.33,ליטר,false,,20.90,15.7143,true,1,135294
7290001343845,false,"גרנולה פירות 1 ק""ג - ורוד שקדיה",הנסיך- מפעל לייצור ט,IL,שקדייה גרנולה על בס,גרמים,1000.00,100 גרם,false,,21.90,2.1900,true,1,134327
7290001407127,false,פרוסות חלבה קלאסית בטעם וניל בארכה 400 גרם,רושדי תעשיות מזון בע,IL,בארכה פרוסות חלבה ונ,גרמים,400.00,100 גרם,false,,13.90,3.4750,true,1,126706
7290001407363,false,אלהילאל טחינה 450 גר,,,אלהילאל טחינה 450 גר,גרמים,450.00,100 גרם,false,,13.90,3.0889,true,1,130833
7290001407370,false,אלהילאל טחינה 900 גר,,,אלהילאל טחינה 900 גר,גרמים,900.00,100 גרם,false,,24.90,2.7667,true,1,130834
7290001407394,false,אלהילאל חלבה שוקו 50 ג',,,חטיף חלבה שוקו 50 גר,Unknown,0.00,יחידה,false,,2.90,0.0000,true,1,130835
7290001407417,false,חטיף חלבה וניל קרטון אלהילאל 60 ג',,,אלהילאל חטיף חלבה ונ,Unknown,0.00,יחידה,false,,65.00,0.0000,true,1,173442
7290001407592,false,"בארכה טחינה גולמית פי 6 סידן 6*1 ק""ג",,IL,בארכה טחינה גולמית פ,גרמים,1000.00,100 גרם,false,,27.90,2.7900,true,1,182955
7290001407738,false,חלבה וניל 50 ג' אלהילאל,,,חטיף חלבה וניל 50 גר,Unknown,0.00,יחידה,false,,2.90,0.0000,true,1,130841
7290001419618,false,וופל בלגי עלמה שחור לבן וניל 200ג',"גילרו בע""מ",IL,וופל בלגי שוקולד 200,גרמים,200.00,100 גרם,false,,4.90,2.4500,true,1,152520
7290001419779,false,וופל שוקו' עלמה קלאסי 200 גר,"גילרו בע""מ",IL,וופל קלאסי 200 גרם,גרמים,200.00,100 גרם,false,,4.90,2.4500,true,1,152521
7290001419892,false,"ופל קלאסי בטעם לימון ""עלמה"" 200 גרם","גילרו בע""מ",IL,וופל קלאסי לימון 200,גרמים,200.00,100 גרם,false,,4.90,2.4500,true,1,152523
7290001422014,false,"שקית פלאפל עווד 1 ק""ג",,,"פלאפל עווד 1 ק""ג",גרמים,1000.00,100 גרם,false,,22.90,2.2900,true,1,126050
7290001439074,false,ספוג שלישיית כדורי רחצה מוסקו,יושלם,,מוסקו שלישיית כדור ל,Unknown,3.00,יחידה,false,,11.90,3.9667,true,1,133128
7290001439432,false,ספוג רחצה משולב מוסק,חוואנטן,CN,מוסקו ספוג ליפה רכה,Unknown,1.00,יחידה,false,,11.90,11.9000,true,1,202340
7290001461105,false,לחם מחמצת לבן (ברקוד,פילסברי,,לחם מחמצת,גרמים,530.00,100 גרם,false,,16.90,3.1887,true,1,116333
7290001461112,false,לחם רוסטיק עגול פילס,פילסברי,,לחם מחמצת דגנים 530,גרמים,530.00,100 גרם,false,,15.90,3.0000,true,1,180580
7290001482094,false,גבינה פרמז'נו משולשים ויליפוד 200ג',זנטי אס. אי לאלין,IT,וילי פוד פרמזן משולש,גרמים,200.00,100 גרם,false,,22.90,11.4500,true,1,115492
7290001482186,false,אננס חתוך בסירופ קל ויליפוד 565 גרם,הנסיך- מפעל לייצור ט,TH,ויליפוד חתיכות אננס,גרמים,340.00,100 גרם,false,,7.90,2.3235,true,1,115493
7290001485019,false,גבינת קרם שמנת טבעי 5% טרה 200 גרם,קריות זול,IL,גבינת קרם שמנת טעם ט,גרמים,200.00,100 גרם,false,,11.90,5.9500,true,1,117799
7290001491010,false,תה ירוק יסמין ויסוצקי 25 יחידות,תה ויסוצקי,IL,תה ירוק יסמין 25 שקי,Unknown,25.00,יחידה,false,,24.90,0.9960,true,1,129531
7290001491096,false,תה ירוק בתוספת לימונית ולואיזה 50 שקיקים ויסוצקי,תה ויסוצקי,IL,תה ירוק בתוספת לימונ,Unknown,0.00,יחידה,false,,44.90,0.0000,true,1,129532
7290001507070,false,פתיבר חרובים מקמח מלא אורגני השדה מוצרים אורגנים 200 גרם,השדה מוצרים אורגניים,IL,פתי בר חרובים מקמח מ,גרמים,200.00,100 גרם,false,,9.90,4.9500,true,1,173824
7290001515310,false,שש כריות קרצוף יפניות סקוטש ברייט,3m,,סקוטש ברייט שש כריות,Unknown,6.00,יחידה,false,,13.90,2.3167,true,1,131529
7290001515631,false,שלושה ספוגי קרצוף קשיחים ארוכים אדומים,שיוך למחסן 17,ES,סקוטש ברייט שלושה ספ,Unknown,3.00,יחידה,false,,10.90,3.6333,true,1,131532
7290001552025,false,קוסקוס של אמא פרבורגר 800 גרם,פרבורגר רויאל,IL,סולטנה קוסקוס של אמא,גרמים,800.00,100 גרם,false,,14.90,1.8625,true,1,159479
7290001552049,false,קוסקוס מרוקאי קפוא 800 גר,מטעמי פאר,IL,סולטנה קוסקוס מרוקאי,גרמים,800.00,100 גרם,false,,14.90,1.8625,true,1,159480
7290001567555,false,פסטרמה מעודנת עם דבש 300 ג' יחיעם,מעדני יחיעם,IL,פסטרמה מעודנת עם דבש,גרמים,300.00,100 גרם,false,,25.90,8.6333,true,1,121826
7290001567708,false,נקניקיות וינר יחיעם 400 גרם,מעדני יחיעם,IL,נקניקיות וינר 400גרם,גרמים,400.00,100 גרם,false,,13.90,3.4750,true,1,121827
7290001567760,false,פסטרמה של פעם יחיעם 300 גרם,מעדני יחיעם,IL,פסטרמה של פעם 300גרם,גרמים,300.00,100 גרם,false,,25.90,8.6333,true,1,121831
7290001567791,false,פסטרמה בסגנון רומני 250 ג',מעדני יחיעם,IL,פסטרמה רומנית 250 גר,גרמים,250.00,100 גרם,false,,25.90,10.3600,true,1,121834
7290001567807,false,"כתף בקר מעושן לח""מ 250 גרם ""יחיעם""",מעדני יחיעם,IL,כתף בקר מעושן 250 גר,גרמים,250.00,100 גרם,false,,27.90,11.1600,true,1,121835
7290001567814,false,סלמי מעושן בסגנון איטלקי 300 ג' יחיעם,מעדני יחיעם,IL,סלמי מעושן בסגנון אי,גרמים,300.00,100 גרם,false,,21.90,7.3000,true,1,121836
7290001591673,false,"קניידלך מקמח תפו""א 500 גרם שלושת האופים","שלושת האופים בע""\מ",IL,"קיינדלך מקמח תפו""א 5",Unknown,0.00,יחידה,false,,19.90,0.0000,true,1,193848
7290001591680,false,קניידלך מקמח מצה שלושת האופים 500 גרם,"שלושת האופים בע""\מ",IL,קיינדלך מקמח מצה 500,Unknown,0.00,יחידה,false,,19.90,0.0000,true,1,193849
7290001594155,false,"קוקה-קולה בבקבוק אישי 500 מ""ל",החברה המרכזית לייצור משקאות,IL,"קוקה-קולה 500 מ""ל",,500.00,100 מל,false,,7.00,0.0140,true,1,137313
7290001594179,false,"פאנטה אורנג' בבקבוק אישי 500 מ""ל",החברה המרכזית לייצור משקאות,IL,פאנטה אורנג' בבקבוק,,500.00,100 מל,false,,7.00,0.0140,true,1,137315
7290001594230,false,קינלי סודה בבקבוק זכוכית,החברה המרכזית לייצור,IL,"קינלי סודה 250 מ""ל",,250.00,100 מל,false,,2.90,0.0116,true,1,137317
7290001594254,false,"פריגת אשכוליות 330 מ""ל",,,פריגת אשכוליות 330 מ,,330.00,100 מל,false,,6.00,0.0182,true,1,137318
7290001594278,false,"פריגת ענבים 330 מ""ל",Unknown,,"פריגת ענבים 330 מ""ל",,330.00,100 מל,false,,6.00,0.0182,true,1,137320
7290001594377,false,פריגת תפוזים 0.5 ליטר חייב בפקדון,מבשלות בירה בינלאומיות ב,IL,פריגת משקה קל תפוזים,,500.00,100 מל,false,,6.00,0.0120,true,1,137321
7290001594384,false,פריגת אשכוליות 0.5 ליטר חייב בפקדון,מבשלות בירה בינלאומיות ב,IL,פריגת משקה קל אשכולי,,500.00,100 מל,false,,6.00,0.0120,true,1,137322
7290001594391,false,"פריגת משקה קל ענבים בבקבוק אישי 500 מ""ל",מבשלות בירה בינלאומיות ב,IL,פריגת משקה קל ענבים,,500.00,100 מל,false,,6.00,0.0120,true,1,137323
7290001594568,false,"קרלסברג פחית 500 מ""ל פקדון",מבשלות בירה בינלאומיות ב,RO,"קרלסברג פחית 500 מ""ל",,500.00,100 מל,false,,8.90,0.0178,true,1,112985
7290001594810,false,"בירה שחורה מאלטי בקב' מארז 330X6מ""ל",החברה המרכזית לייצור משקאות,IL,מאלטי בירה שחורה מאר,,330.00,100 מל,false,,29.90,0.0906,true,1,113189
7290001594858,false,"שישייה בירה טובורג רד בקבוק 330 מ""ל",מבשלות בירה בינלאומיות ב,IL,טובורג רד מארז שישיי,,330.00,100 מל,false,,39.90,0.1209,true,1,113190
7290001594865,false,"שישייה בירה קרלסברג בקבוק 330 מ""ל",מבשלות בירה בינלאומיות ב,IL,קרלסברג מארז שישייה,קילוגרמים,1.98,ליטר,false,,41.90,21.1616,true,1,113191
7290001594988,false,"פריגת תפוזים 330 מ""ל",,,"פריגת תפוזים 330 מ""ל",,330.00,100 מל,false,,6.00,0.0182,true,1,137327
7290001598085,false,לחם משפחתי עם דגנים מקמח מלא,מאפית יוסף בראון,IL,"לחם משפחתי 1.100ק""ג",גרמים,1100.00,100 גרם,false,,15.90,1.4455,true,1,159108
7290001598276,false,"לחם 7 דגנים קל מקמח חיטה מלא ללא שמרים 1.1 ק""ג הברון",מאפיית יוסף ברון,IL,לחם שבעת דגנים קל לל,גרמים,1100.00,100 גרם,false,,15.90,1.4455,true,1,159109
7290001598429,false,פרנה מרוקאית חמשת 4,מאפיית יוסף ברון בעמ,IL,פרנה מרוקאית 520 גרם,גרמים,520.00,100 גרם,false,,12.90,2.4808,true,1,159110
7290001598580,false,פיתות כוסמין 6יח 99 קלוריות,מאפיית יוסף ברון בעמ,IL,פיתות כוסמין 6 יח' 9,Unknown,0.00,יחידה,false,,14.90,0.0000,true,1,155447
7290001598597,false,פיתה כוסמין 99 קלוריות,,,פיתות כוסמין 99 קלור,Unknown,6.00,יחידה,false,,15.90,2.6500,true,1,195771
7290001670507,false,מלית תמרים פוליבה 450 ג',"פוליבה בע""מ",IL,מלית תמרים 450 גרם,גרמים,450.00,100 גרם,false,,7.80,1.7333,true,1,118187
7290001690215,false,גבינת גאודה עיזים נטו 200 גרם,,NL,גאודה עיזים 200 גרם,גרמים,200.00,100 גרם,false,,27.90,13.9500,true,1,190057
7290001710111,false,נקניקיות מרגז ארוז 500 גר,לאטי עזרא גלם ודגים,IL,נקנקיות מרגז 500,גרמים,500.00,100 גרם,false,,22.90,4.5800,true,1,122690
7290001710159,false,גולש עגל ואקום במשקל,לאטי עזרא גלם ודגים,IL,גולש עגל ארוז מוכשר,קילוגרמים,1.00,"ק""ג",true,,42.90,42.9000,true,1,122597
7290001710784,false,נקניקיות מיני צ'וריסו500,מעדני הטלה,IL,מעדני הטלה נקניקיות,גרמים,500.00,100 גרם,false,,24.90,4.9800,true,1,122692
7290001713020,false,שקיות אשפה 25 יחידות 75*85 סנט מוריץ,קומפלקס כימיקלים בעמ,TR,סנט מוריץ שקיות אשפה,Unknown,0.00,יחידה,false,,7.90,0.0000,true,1,179466
7290001713105,false,עלמה נייר אפייה 42*37 50 יח',קומפלקס כימיקלים,IL,עלמה נייר אפיה נשלף,Unknown,0.00,יחידה,false,,9.90,0.0000,true,1,183755
7290001713150,false,סנט מוריץ מתז אקונומיקה Bleach קצף לימון 1 ליטר,קומפלקס כימיקלים בעמ,IL,אקונומיקה קצף ניקוי,קילוגרמים,1.00,ליטר,false,,11.90,11.9000,true,1,131361
7290001713167,false,סנט מוריץ - מרסס קצף ניקוי 1 ליטר סניטרי אפור,קומפלקס כימיקלים בעמ,IL,קצף לניקוי כלים סניט,קילוגרמים,1.00,ליטר,false,,11.90,11.9000,true,1,131362
7290001713211,false,מנקה רצפות סופר מבושם מאסק 2.5 ל',ABC,TR,סנט מוריץ רצפות סופר,Unknown,0.00,יחידה,false,,13.90,0.0000,true,1,170288
7290001713228,false,מנקה רצפות סופר מבושם כחול 2.5 ל',ABC,TR,סנט מוריץ רצפות סופר,Unknown,0.00,יחידה,false,,13.90,0.0000,true,1,170289
7290001713235,false,נוזל רצפות סופר מבושם סגול 2.5 ליטר,,TR,סנט מוריץ רצפות סופר,Unknown,0.00,יחידה,false,,13.90,0.0000,true,1,170290
7290001713242,false,עלמה שקיות אשפה 25 יחידות 75*90 עם ידית,אסיר פלסט,TR,עלמה שקיות אשפה 25 י,Unknown,0.00,יחידה,false,,14.90,0.0000,true,1,180101
7290001713433,false,הום מטליות לחות לניק,,,הום מטליות לחות לניק,Unknown,1.00,יחידה,false,,9.90,9.9000,true,1,189171
7290001713464,false,עלמה שקיות אשפה 100 יחידות 52*65 עם שרוך,קומפלקס כימיקלים,IL,עלמה שקיות אשפה 100,Unknown,0.00,יחידה,false,,22.90,0.0000,true,1,192901
7290001713501,false,"רדיד אלומיניום עלמה עבה 45 ס""מ 50 מ' סנט מוריץ",קומפלקס כימיקלים,IL,סנט מוריץ רדיד אלומי,Unknown,0.00,יחידה,false,,36.90,0.0000,true,1,191880
7290001713518,false,"סנט מוריץ נוזל לניקוי רהיטים 750 מ""ל",קומפלקס כימיקלים בעמ,IL,נוזל לניקוי רהיטים 7,מיליליטרים,750.00,"100 מ""ל",false,,16.90,2.2533,true,1,131365
7290001713587,false,הום ג'ל אקונומיקה סמ,,,הום ג'ל אקונומיקה סמ,,4.00,4 ליטר,false,,13.90,3.4750,true,1,131367
7290001713617,false,הום כדוריות סבון לני,,,הום כדוריות סבון לני,Unknown,0.00,יחידה,false,,11.90,0.0000,true,1,186829
7290001713662,false,מרכך כביסה pure בניחוח מלון רויאל 1 ל' סנט מוריץ,"קומפלקס כימיקלים בע""",TR,פיור-מרכך כביסה בניח,Unknown,0.00,יחידה,false,,13.90,0.0000,true,1,184791
7290001713761,false,הום כריות יפניות לקר,,,הום כריות יפניות לקר,Unknown,0.00,יחידה,false,,9.90,0.0000,true,1,183978
7290001713839,false,סנט מוריץ רב מגבת 700 גרם 250 דפים,,,סנט מוריץ רב מגבת 70,Unknown,0.00,יחידה,false,,17.90,0.0000,true,1,191881
7290001713860,false,PURE מרכך כביסה בניחוח מלון ספא 1 ליטר,"קומפלקס כימיקלים בע""",TR,פיור-מרכך כביסה בניח,Unknown,0.00,יחידה,false,,13.90,0.0000,true,1,184793
7290001713884,false,עלמה מטליות מיקרופייבר שלישייה לרצפה,קומפלקס כימיקלים,CN,מיקרופייבר מטליות רצ,Unknown,0.00,יחידה,false,,14.90,0.0000,true,1,131370
7290001713891,false,עלמה מיקרופייבר חמישייה לניקוי חמישייה סנט מוריץ,קומפלקס כימיקלים,CN,מיקרופייבר חמישייה ל,Unknown,0.00,יחידה,false,,9.90,0.0000,true,1,131371
7290001713921,false,אקונומיקה bleach מבושמת 4 ל' סנט מוריץ,קומפלקס כימיקלים בעמ,IL,אקונומיקה מבושמת 4 ל,קילוגרמים,4.00,ליטר,false,,9.90,2.4750,true,1,161051
7290001713938,false,ניילון נצמד 150 מטר קומפלקס,קומפלקס כימיקלים,IL,עלמה ניילון נצמד 150,Unknown,0.00,יחידה,false,,19.90,0.0000,true,1,190196
7290001813454,false,"עוגיות חיוכים שוקולד עלית 900 גרם מארז 6 יחידות בד""צ",אפיפית נצרת תעשיות ב,IL,עוגית סנדוויץ' שוקו,גרמים,900.00,100 גרם,false,,19.90,2.2111,true,1,132148
7290001813478,false,"עוגיות חיוכים וניל עלית 900 גרם מארז 6 יחידות בד""צ",אפיפית נצרת תעשיות ב,IL,עוגית סנדוויץ' וניל,גרמים,900.00,100 גרם,false,,19.90,2.2111,true,1,132149
7290001817377,false,צ'יטוס חטיף איקס עיגול פיצה 60 גרם,"שטראוס פריטו ליי בע""\מ )",IL,ציטוס איקס עיגול 60,Unknown,0.00,יחידה,false,,3.10,0.0000,true,1,132915
7290001817728,false,צ'יטוס אפוי כאפה בטעם קטשופ 55 גרם,"שטראוס פריטו ליי בע""\מ )",IL,ציטוס כאפה 55 גרם,Unknown,0.00,יחידה,false,,3.10,0.0000,true,1,132918
7290001835340,false,פרמיו לבבות 100 גרם,סאטורן,CN,פרמיו לבבות 100ג',Unknown,0.00,יחידה,false,,14.90,0.0000,true,1,198661
7290001835364,false,פרמיו חטיפי ברווז מובחרים,,CN,פרמיו חטיפי ברווז 10,Unknown,0.00,יחידה,false,,14.90,0.0000,true,1,198662
7290001865439,false,פמילי אל סבון נוזלי בניחוח וניל 1 ליטר,אף.סי תבליני בגליל ב,IL,פמלי סבון נוזלי וניל,קילוגרמים,1.00,ליטר,false,,12.90,12.9000,true,1,138069
7290001865453,false,פמילי לקשרי 1 ליטר לבנדר ארומטי+משאבה,מיוצר עי קונדיטוריית,TR,פמלי סבון נוזלי לבנד,קילוגרמים,1.00,ליטר,false,,12.90,12.9000,true,1,138070
7290001873489,false,קרפצ'יו בלאק אנגוס 120 ג,טיבון ויל אחזקות בעמ,IL,BLACK ANGUS קרפצ'יו,גרמים,120.00,100 גרם,false,,16.90,14.0833,true,1,157011
7290001881040,false,מלפפון בייבי כבוש במ,מאמא מרי,IL,מלפפון ביבי במלח 1,פריט,1.00,"ק""ג",false,,29.90,29.9000,true,1,183590
7290001881095,false,עגבניות שרי כבושות 5,מאמא מרי,IL,"עגבניות שרי 1 ק""ג",פריט,1.00,"ק""ג",false,,29.90,29.9000,true,1,183591
7290001881293,false,תות שדה קפוא 300 גר,מאמא מרי,,תות שדה 300 גרם,גרמים,300.00,100 גרם,false,,12.90,4.3000,true,1,131832
7290001895887,false,פלטת שבת בינונית ברא,,,פלטת שבת בינונית ברא,Unknown,0.00,יחידה,false,,125.00,0.0000,true,1,184504
7290001990148,false,"סוכר גולדן קלאסי בצנצנת סוגת 1 ק""ג",האי נאם סי או אל.טי.,IL,סוכר גולדן קלאסי סוג,גרמים,1000.00,100 גרם,false,,12.90,1.2900,true,1,124686
7290001990261,false,"סוגת חומוס 1 ק""ג","סוגת תעשיות בע""\מ",IL,"סוגת חומוס 1 ק""ג",גרמים,1000.00,100 גרם,false,,14.90,1.4900,true,1,124687
7290001990278,false,"שעועית לבנה סוגת 1 ק""ג","סוגת תעשיות בע""\מ",IL,סוגת שעועית לבנה 1 ק,גרמים,1000.00,100 גרם,false,,19.90,1.9900,true,1,124688
7290001990391,false,אפונה יבשה 1קג סוגת,"סוגת תעשיות בע""\מ",IL,"סוגת אפונה 1 ק""ג",גרמים,1000.00,100 גרם,false,,10.90,1.0900,true,1,124690
7290001990407,false,"עדשים ירוקים 1 ק""ג סוגת","סוגת תעשיות בע""\מ",IL,סוגת עדשים ירוקים 1,גרמים,1000.00,100 גרם,false,,14.90,1.4900,true,1,124691
7290001990414,false,"עדשים אדומים 1 ק""ג סוגת","סוגת תעשיות בע""\מ",IL,סוגת עדשים אדומים 1,גרמים,1000.00,100 גרם,false,,14.90,1.4900,true,1,124692
7290001990421,false,"פופקורן גרעינים סוגת 1 ק""ג","סוגת תעשיות בע""\מ",IL,"סוגת פופקורן 1 ק""ג",גרמים,1000.00,100 גרם,false,,8.90,0.8900,true,1,124693
7290002000143,false,"חדש -פנג'ל ק.ידיים קלאסיק 80מ""ל",מיוצר עי קונדיטוריית,IL,קרם ידים פנגל,Unknown,0.00,יחידה,false,,9.90,0.0000,true,1,138075
7290002007029,false,קוקוס טחון 100 ג' הנמל,יבוא ושיווק: הנמל אר,IL,הנמל קוקוס טחון 100,Unknown,0.00,יחידה,false,,4.00,0.0000,true,1,118195
7290002007234,false,אבקת סוכר הנמל 100 גרם,"מיוצר וארוז ע""י: ר.ס",IL,הנמל אבקת סוכר 100 ג,Unknown,0.00,יחידה,false,,1.90,0.0000,true,1,111661
7290002007241,false,סודה לשתיה הנמל 50 גרם,"מיוצר וארוז ע""י: BAS",IL,הנמל סודה לשתייה 50,Unknown,0.00,יחידה,false,,2.00,0.0000,true,1,118198
7290002007401,false,קליפות הדרים מסוכרות 100 ג' הנמל,הדרום תעשיות מזון בע,IL,הנמל קליפות הדרים לק,Unknown,0.00,יחידה,false,,4.10,0.0000,true,1,118202
7290002007852,false,"תמצית אפייה בטעמים שונים 55 מ""ל הנמל",ממתקי עלה יצור ושיוו,IL,הנמל תמצית אפייה בטע,Unknown,0.00,יחידה,false,,3.00,0.0000,true,1,118210
7290002008057,false,"תמצית אפייה בטעם רום 55 מ""ל הנמל",ממתקי עלה יצור שיווק,IL,הנמל תמצית אפייה בטע,Unknown,0.00,יחידה,false,,4.00,0.0000,true,1,118215
7290002008347,false,קורנפלור 500 גרם הנמל,הנמל,IL,קורנפלור 500 גרם,גרמים,500.00,100 גרם,false,,6.00,1.2000,true,1,118224
7290002008491,false,סוכריות לקישוט שוקולד 100 ג' הנמל,ממתקי עלה יצור שיווק,IL,הנמל סוכריות לקישוט,גרמים,100.00,100 גרם,false,,5.00,5.0000,true,1,118230
7290002008743,false,סוכר וניל עשירייה הנמל 100 גרם,"מיוצר וארוז ע""י: ר.ס",IL,הנמל סוכר וניל 10 יח,Unknown,10.00,יחידה,false,,2.90,0.2900,true,1,118234
7290002008750,false,אבקת אפיה עשירייה הנמל 100 גרם,"מיוצר ע""י:ר.ס. חברה",IL,הנמל אבקת אפיה 10 יח,Unknown,10.00,יחידה,false,,2.90,0.2900,true,1,118235
7290002008774,false,שומשום הנמל 200 גרם,הנמל אריזות ושיווק ב,IL,הנמל שומשום 200 גרם,גרמים,200.00,100 גרם,false,,8.00,4.0000,true,1,118236
7290002008934,false,סוכריות צבעוניות לקישוט הנמל 200ג',ממתקי עלה יצור שיווק,IL,הנמל סוכריות לקישוט,גרמים,200.00,100 גרם,false,,8.50,4.2500,true,1,118239
7290002019794,false,רוטב עגבניות מרוכז מאוד 100 גרם פריניר,פריניר ( הדס 1987) ב,IL,פריניר רסק עגבניות 2,גרמים,100.00,100 גרם,false,,1.90,1.9000,true,1,154322
7290002022581,false,סוכריות רוסמן,,,סוכריות רוסמן,קילוגרמים,1.00,"ק""ג",true,,29.90,29.9000,true,1,145421
7290002040019,false,קוסקוס רגיל הנמל 350 גרם,"קוסקוס מזון בע""מ",IL,קוסקוס רגיל 350 גרם,גרמים,350.00,100 גרם,false,,4.90,1.4000,true,1,118241
7290002040095,false,קוסקוס רגיל מארז 350X3ג' קוסקוס מזון,טרופיקל דגיל תעשיות,IL,קוסקוס מארז שלוש שקי,,1.05,קג,false,,13.90,13.2381,true,1,118245
7290002043218,false,אקסטרה צ'יפס אורז חום מלא מלח 60 גרם,נוהלס ג'\י אס סי.,BG,אקסטרה צ'יפס מלח ים,Unknown,0.00,יחידה,false,,5.90,0.0000,true,1,170187
7290002050803,false,סוכריות גומי זארובי,זארובי,,רביעיית ממתקים 550 ג,גרמים,550.00,100 גרם,false,,29.90,5.4364,true,1,186663
7290002053088,false,אטריות ביצים דקיקים מספר 8 אוריינט 200 גרם,פ.פ.ח טאביט,PL,אוריינט אטריות ביצים,גרמים,210.00,100 גרם,false,,7.90,3.7619,true,1,115951
7290002053095,false,אטריות ביצים דקות מספר 10 אוריינט 200 גרם,פ.פ.ח טאביט,PL,אוריינט אטריות ביצים,גרמים,200.00,100 גרם,false,,7.90,3.9500,true,1,115952
7290002053118,false,אטריות ביצים עבות מספר 14 אוריינט 200 גרם,האי נאם סי או אל.טי.,PL,אוריינט אטריות ביצים,גרמים,200.00,100 גרם,false,,7.90,3.9500,true,1,115954
7290002053538,false,נודלס בסגנון תאילנדי 25 תוספת אוריינטל 500 גרם,פ.פ.ח. טאביה ספ זאו.או,PL,נודלס תאילנדי 500 גר,גרמים,500.00,100 גרם,false,,14.90,2.9800,true,1,166479
7290002057048,false,זית יבנה סורי מבוקע בשמן זית 340 גרם,קבוצת יבנה,IL,סורי מבוקע ‏2‏-‏A‏ י,גרמים,540.00,100 גרם,false,,10.90,2.0185,true,1,154233
7290002057062,false,זיתים מנזנילו ירוק בינוני קבוצת יבנה 340 גרם,קבוצת יבנה,IL,מנזנילו ירוק בינוני,גרמים,540.00,100 גרם,false,,7.90,1.4630,true,1,154235
7290002057086,false,זיתים מנזנילו גדול קבוצת יבנה 780 גרם,קבוצת יבנה,IL,מנזנילו גדול ‏43‏ או,גרמים,1250.00,100 גרם,false,,19.90,1.5920,true,1,154237
7290002057093,false,זיתים מנזנילו גדול קבוצת יבנה 340 גרם,קבוצת יבנה,IL,זיתים מנזנילו גדול ‏,גרמים,540.00,100 גרם,false,,8.90,1.6481,true,1,154238
7290002057109,false,זיתים יבנה ירוקים גדולים מאוד שום מנזלינ,קבוצת יבנה,IL,מנזנילו גדול מאד ‏2‏,גרמים,540.00,100 גרם,false,,9.90,1.8333,true,1,154239
7290002057123,false,זיתים ירוקים מנזנילו קבוצת יבנה 560 גרם,קבוצת יבנה,IL,חרוזית ‏2‏-‏A‏ יבנה,גרמים,540.00,100 גרם,false,,9.90,1.8333,true,1,154240
7290002057154,false,"זיתים חרוזית קבוצת יבנה 1.5 ק""ג",קבוצת יבנה,IL,חרוזית ‏10‏-‏A‏ יבנה,גרמים,3000.00,100 גרם,false,,39.90,1.3300,true,1,154243
7290002057161,false,זיתים מרינט ביין גדול מאד קבוצת יבנה 340 גרם,קבוצת יבנה,IL,מרינט ביין גדול מאד,גרמים,560.00,100 גרם,false,,10.90,1.9464,true,1,154244
7290002057185,false,טבעות זיתים ירוקים קבוצת יבנה 560 גרם,קבוצת יבנה,IL,טבעות זיתים ירוקים ‏,גרמים,540.00,100 גרם,false,,9.90,1.8333,true,1,154246
7290002057314,false,"מלפפון במלח ‏20‏-‏15‏ ‏‏ 1.3 ק""ג ‏‏ יבנה",קבוצת יבנה,IL,מלפפון במלח ‏20‏-‏15,גרמים,1340.00,100 גרם,false,,14.90,1.1119,true,1,179225
7290002057345,false,"מלפפונים במלח ‏36‏-‏30 קבוצת יבנה 1.75 ק""ג",קבוצת יבנה,IL,מלפפון במלח ‏36‏-‏30,גרמים,3000.00,100 גרם,false,,21.90,0.7300,true,1,154248
7290002057352,false,מלפפונים במלח ‏9‏-‏7‏ קבוצת יבנה 320 גרם,קבוצת יבנה מוצרי מזון,IL,מלפפון במלח ‏9‏-‏7‏,גרמים,560.00,100 גרם,false,,6.90,1.2321,true,1,154249
7290002057369,false,מלפפונים במלח ‏12‏-‏10‏ קבוצת יבנה 320 גרם,קבוצת יבנה,IL,מלפפון 10-12 במלח,גרמים,540.00,100 גרם,false,,8.90,1.6481,true,1,118558
7290002057376,false,מלפפונים במלח ‏17‏-‏13‏ קבוצת יבנה 320 גרם,קבוצת יבנה,IL,מלפפון במלח 13-17 יב,גרמים,540.00,100 גרם,false,,9.90,1.8333,true,1,154250
7290002057383,false,מלפפונים במלח ‏25‏-‏18‏ קבוצת יבנה 320 גרם,קבוצת יבנה,IL,מלפפון במלח ‏25‏-‏18,גרמים,540.00,100 גרם,false,,12.90,2.3889,true,1,154251
7290002057451,false,מלפפונים בחומץ ‏9‏-‏7 קבוצת יבנה 290 גרם,קבוצת יבנה מוצרי מזון,IL,מלפפון בחומץ ‏9‏-‏7‏,גרמים,540.00,100 גרם,false,,6.90,1.2778,true,1,154254
7290002057468,false,מלפפון יבנה בחומץ בינוניים 10-12 290 גרם,קבוצת יבנה,IL,חומץ ‏12‏-‏10‏ ‏2‏-‏,גרמים,540.00,100 גרם,false,,8.90,1.6481,true,1,154255
7290002057475,false,מלפפונים בחומץ ‏17‏-‏13 קבוצת יבנה 290 גרם,קבוצת יבנה,IL,חומץ ‏17‏-‏13‏ ‏2‏A‏,גרמים,540.00,100 גרם,false,,9.90,1.8333,true,1,154256
7290002057482,false,מלפפונים קטנים בחומץ קבוצת יבנה 560 גרם,קבוצת יבנה,IL,מלפפון חמוץ ‏25‏-‏18,גרמים,540.00,100 גרם,false,,12.90,2.3889,true,1,154257
7290002057604,false,פלפל חריף שיפקה קבוצת יבנה 225 גרם.,קבוצת יבנה,IL,שיפקה ‏2‏-‏A‏ יבנה,גרמים,540.00,100 גרם,false,,6.90,1.2778,true,1,154258
7290002057734,false,זיתים חרוזית מושחר קבוצת יבנה 275 גרם,קבוצת יבנה,IL,חרוזית מושחר ‏2‏A‏ י,גרמים,540.00,100 גרם,false,,10.90,2.0185,true,1,154262
7290002061885,false,דפילטור אורנה19לנערות80ג,אלפא קוסמטיקה,IL,דפילטור אורנה 19 לנע,גרמים,80.00,100 גרם,false,,15.00,18.7500,true,1,131623
7290002065555,false,שישיית לחמנייה הכי רכה בהפסקה אנג'ל 450 גרם,מאפיית שלמה א. אנג'\ל בע,IL,אנג'ל הלחמניה הכי רכ,גרמים,450.00,100 גרם,false,,10.90,2.4222,true,1,114530
7290002065616,false,לחם שיפון גרעינים פרוס אחדות 750 גרם,מאפיית שלמה א. אנג'\ל בע,IL,אנג'ל שיפון גרעינים,גרמים,750.00,100 גרם,false,,12.90,1.7200,true,1,114531
7290002065623,false,לחם שיפון של פעם כפרי פרוס אורנים 750 גרם,מאפיית שלמה א. אנג'\ל בע,IL,אנג'ל לחם שיפון כפרי,גרמים,750.00,100 גרם,false,,12.90,1.7200,true,1,114532
7290002075233,false,שוקולד אייסקונפקט 250 גרם,איישטי,DE,אייסקונפקט 250 גרם,גרמים,250.00,100 גרם,false,,20.00,8.0000,true,1,128647
7290002077725,false,סלומון נורווגי מצונן דלידג 100ג',וי קינג V King,IL,סלמון מעושן 100 ג,גרמים,100.00,100 גרם,false,,21.90,21.9000,true,1,122697
7290002079156,false,פיתות דוידוביץ חמישי,מאפיית דוידוביץ ובני,IL,פיתות 5יח,גרמים,500.00,100 גרם,false,,6.90,1.3800,true,1,180882
7290002079477,false,לחם אחיד פרוס דוידוב,מאפיית דוידוביץ ובניו בע,IL,לחם אחיד פרוס 750 גר,גרמים,750.00,100 גרם,false,,7.91,1.0547,true,1,155680
7290002079927,false,לחם דגנים מלא דוידוב,מאפיית דוידוביץ ובני,IL,לחם דגנים קמח מלא 75,גרמים,750.00,100 גרם,false,,14.90,1.9867,true,1,155688
7290002079996,false,לחם אחיד קל פרוס 750 גרם,מאפיית דוידוביץ ובני,IL,לחם אחיד קל פרוס 750,גרמים,750.00,100 גרם,false,,14.90,1.9867,true,1,155689
7290002107071,false,גבינת פטה עיזים מעודנת 16% משק צוריאל 200 גרם,מחלבת משק צוריאל,IL,פטה עיזים מעודנת 16%,גרמים,200.00,100 גרם,false,,23.90,11.9500,true,1,117805
7290002107385,false,גליל גבינת עיזים מה עז משק צוריאל 180 גרם,מחלבת משק צוריאל,IL,מה עז-גבינת עיזים,,180.00,100 מל,false,,22.90,0.1272,true,1,117806
7290002107422,false,בולגרית גלילית 5% במשקל,משק צוריאל תבור,IL,בולגרית גלילית 5%,קילוגרמים,1.00,"ק""ג",true,,55.00,55.0000,true,1,117782
7290002107491,false,גבינה לבנה מחלב עיזים למריחה 5% משק צוריאל 250 גרם,מחלבת משק צוריאל,IL,גבינת עיזים למריחה 5,גרמים,250.00,100 גרם,false,,14.90,5.9600,true,1,117807
7290002107743,false,צפתית מעודנת5%משק צוריאל,מחלבת משק צוריאל,IL,משק צוריאל צפתית מעו,קילוגרמים,1.00,"ק""ג",true,,65.00,65.0000,true,1,117784
7290002107798,false,גבינה בולגרית מעודנת 5% משק צוריאל 250 גרם,מחלבת משק צוריאל,IL,בולגרית מעודנת 5%,גרמים,250.00,100 גרם,false,,21.90,8.7600,true,1,117808
7290002107965,false,טבורוג גבינה לאפייה 5% צוריאל 500 ג',מחלבת משק צוריאל,IL,טבורוג גבינה לאפייה,גרמים,500.00,100 גרם,false,,23.90,4.7800,true,1,117809
7290002109372,false,בורקס פילו אצבעות בולגרי 700 ג' שלושת האופים,שלושת האופים שגמור,IL,בורקס פילו אצבעות בו,גרמים,700.00,100 גרם,false,,19.90,2.8429,true,1,122700
7290002109488,false,קבב 100% אמיתי טיבון ויל 440 גרם,"טיבון ויל אחזקות בע""\מ",IL,טיבונוויל קבב אמיתי,גרמים,400.00,100 גרם,false,,20.90,5.2250,true,1,122702
7290002129455,false,פיצה איטלקית XL גדולה שלושת האופים 450 גרם,,IT,פיצה איטלקית גדולה 4,גרמים,450.00,100 גרם,false,,19.90,4.4222,true,1,122704
7290002129462,false,פיצה איטלקית דקה שלושת האופים מארז זוג 640 ג',סוילה אס.אר.אל,IT,פיצה איטלקית דקה שלו,גרמים,640.00,100 גרם,false,,26.90,4.2031,true,1,158562
7290002129479,false,פיצה מרגריטה איטלקית דקה שלושת האופים 320 גרם,האי נאם סי או אל.טי.,IT,פיצה איטלקית דקה שלו,גרמים,320.00,100 גרם,false,,13.90,4.3438,true,1,122705
7290002129486,false,פיצה איטלקית דקה זיתים 340 ג' שלושת האופים,האי נאם סי או אל.טי.,IT,פיצה איטלקית דקה שלו,גרמים,340.00,100 גרם,false,,14.90,4.3824,true,1,195604
7290002130567,false,דבש דבורים טהור פרחי בר יד מרדכי 350 גרם,מכוורת יד מרדכי שטראוס ב,IL,דבש טהור יד מרדכי מפ,גרמים,350.00,100 גרם,false,,22.90,6.5429,true,1,132155
7290002132011,false,עוגיות מזרחיות מלוחות עבאדי 400 גרם,מאפיית יוסף ושמחה עבאדי,IL,עוגיות מזרחיות 400 ג,גרמים,400.00,100 גרם,false,,16.90,4.2250,true,1,129534
7290002133162,false,גבינה בולגרית 5% גבינות השומרון 250 גרם,מחלבת השומרון,IL,השומרון בולגרית גביע,גרמים,250.00,100 גרם,false,,19.20,7.6800,true,1,135120
7290002133247,false,לאבנה עם שמן זית וזעתר 5% גבינות השומרון 250 גרם,מחלבת השומרון,IL,השומרון לאבנה עם זעת,גרמים,250.00,100 גרם,false,,12.90,5.1600,true,1,135121
7290002133506,false,יוגורט של פעם חלב עיזים 4% גבינות השומרון 400 גרם,מחלבת השומרון,IL,השומרון יוגורט של פע,גרמים,400.00,100 גרם,false,,12.00,3.0000,true,1,135122
7290002133537,false,יוגורט של פעם חלב עיזים 4% גבינות השומרון 180 גרם,מחלבת השומרון,IL,השומרון יוגורט של פע,גרמים,180.00,100 גרם,false,,6.90,3.8333,true,1,135124
7290002133575,false,יוגורט של פעם חלב כבשים 5% גבינות השומרון 400 גרם,מחלבת השומרון,IL,השומרון יוגורט של פע,גרמים,400.00,100 גרם,false,,12.10,3.0250,true,1,135126
7290002157960,false,רביעיית טונה במים ויליגר 140 גרם,ויליגר,IL,ויליגר נתחי טונה בהי,Unknown,0.00,יחידה,false,,20.90,0.0000,true,1,183206
7290002190516,false,"ריבת חלב גלעם-קומידה 500ג' 12X-כשל""פ",אשבל מזון פונקציונלי בע\,IL,קומידה ממרח ריבת חלב,גרמים,500.00,100 גרם,false,,15.00,3.0000,true,1,118561
7290002196617,false,משק לין רוטב חרדל ודבש,משק דבורים לין,IL,משק לין רוטב חרדל וד,גרמים,320.00,100 גרם,false,,24.90,7.7812,true,1,175718
7290002232995,false,פירורים לציפוי פז לל,פ.פ.ח. שאביט,IL,ציפוי פז דגש 500גר,גרמים,500.00,100 גרם,false,,34.90,6.9800,true,1,153503
7290002239185,false,אפונה מוקפאת 800 ג' פרי הגליל,"פרי הגליל בע""""מ",IL,אפונה מוקפאת 800 גרם,גרמים,800.00,100 גרם,false,,12.90,1.6125,true,1,134693
7290002239215,false,אפונה וגזר קפוא פרי גליל 800 גרם,"פרי הגליל בע""""מ",IL,אפונה וגזר 800 גרם,גרמים,800.00,100 גרם,false,,12.90,1.6125,true,1,134694
7290002239277,false,גזר גמדי פרי הגליל 800 גרם,"פרי הגליל בע""""מ",IL,גזר גמדי 800 גרם,גרמים,800.00,100 גרם,false,,11.90,1.4875,true,1,134695
7290002239297,false,גזר גמדי 800 גרם,,,גזר גמדי 800 גרם,גרמים,800.00,100 גרם,false,,11.90,1.4875,true,1,134696
7290002239307,false,שעועית צהובה 800 ג ' פרי הגליל,"פרי הגליל בע""""מ",IL,שעועית צהובה 800 גרם,גרמים,800.00,100 גרם,false,,12.90,1.6125,true,1,134697
7290002239338,false,שעועית ירוקה פרי הגליל 800 גרם,"פרי הגליל בע""""מ",IL,שעועית ירוקה 800 גרם,גרמים,800.00,100 גרם,false,,12.90,1.6125,true,1,134698
7290002239369,false,שעועית ירוקה שלמה 800 גרם פרי הגליל,"פרי הגליל בע""""מ",IL,פרי הגליל שעועית שלמ,גרמים,800.00,100 גרם,false,,12.90,1.6125,true,1,134699
7290002239420,false,תירס גרעינים 800 ג ' פרי הגליל,"פרי הגליל בע""""מ",IL,תירס גרעינים 800 גרם,גרמים,800.00,100 גרם,false,,12.90,1.6125,true,1,134700
7290002253006,false,שום כתוש דורות בצנצנת 200 גרם,עיצובים 2020 (3.8),IL,דורות שום כתוש טרי2,גרמים,200.00,100 גרם,false,,18.90,9.4500,true,1,126717
7290002253105,false,קוביות שום כתוש טרי דורות 80 גרם,עיצובים 2020 (3.8),IL,דורות קוביות שום טרי,גרמים,80.00,100 גרם,false,,12.90,16.1250,true,1,126720
7290002253150,false,קוביות בזיליקום קצוץ דורות 70 גרם,עיצובים 2020 (3.8),IL,דורות בזיליקום קצוץ,Unknown,0.00,יחידה,false,,10.90,0.0000,true,1,126721
7290002253167,false,פטרוזיליה קצוצה דורות 70 גרם,עיצובים 2020 (3.8),IL,דורות פטרוזיליה קצוצ,Unknown,0.00,יחידה,false,,10.90,0.0000,true,1,126722
7290002253198,false,ג'ינג'ר טרי כתוש במגשית 70 ג' דורות,עיצובים 2020 (3.8),IL,דורות ג'ינג'ר טרי כת,Unknown,0.00,יחידה,false,,10.90,0.0000,true,1,126725
7290002253235,false,דורות רוטב פסטו 160 גרם,עיצובים 2020 (3.8),IL,דורות רוטב פסטו 24*1,גרמים,160.00,100 גרם,false,,12.90,8.0625,true,1,126726
7290002253310,false,דורות שום צילי חריף קוביות תערובת 80 גר,עיצובים 2020 (3.8),IL,דורות שום צילי חריף,Unknown,0.00,יחידה,false,,12.90,0.0000,true,1,126730
7290002255024,false,אגרול סיני בתוספת רו,,,אגרול סיני 800 גרם,גרמים,800.00,100 גרם,false,,19.90,2.4875,true,1,172669
7290002255031,false,סיגרים במילוי בשר חט,חטיפי אלקיים בעמ,IL,סיגר במילוי בשר 800,גרמים,800.00,100 גרם,false,,19.90,2.4875,true,1,172658
7290002255284,false,"קובה חמוסטה בד""צ חטי",חטיפי אלקיים בעמ,IL,קובה חמוסטה 800 גרם,גרמים,800.00,100 גרם,false,,19.90,2.4875,true,1,172676
7290002281498,false,גבינה צהובה מגורדת על בסיס חלב 500 ג' ריץ,האי נאם סי או אל.טי.,PL,ריץ צהובה מגורדת 500,גרמים,500.00,100 גרם,false,,24.90,4.9800,true,1,122734
7290002304630,false,קונפיטורה ביתי ענבי ציון דובדבן 600 גרם,ענבי ציון,IL,ענבי ציון-תנובה תענו,גרמים,600.00,100 גרם,false,,19.90,3.3167,true,1,152418
7290002319092,false,קמח תפוחי אדמה מיה 500 גרם,מיה תעשיות מזון מ.ת.מ. ב,IL,קמח תפוחי אדמה 500 ג,גרמים,500.00,100 גרם,false,,4.90,0.9800,true,1,134910
7290002319788,false,"תמצית אפיה רום מיה 50 מ""ל",מיה תעשיות מזון מ.ת.מ. ב,IL,תמצית אפיה בטעם רום,Unknown,0.00,יחידה,false,,2.90,0.0000,true,1,134933
7290002327028,false,ג'חנון תימני 3 האופים 650 גר',אופרה,IL,שלושת האופים גחנון 6,גרמים,650.00,100 גרם,false,,15.90,2.4462,true,1,122737
7290002327042,false,"בורקס תפו""א 800 גרם שלושת האופים",שלושת האופים,IL,"בורקס תפו""א 800 ג",גרמים,800.00,100 גרם,false,,17.90,2.2375,true,1,122738
7290002327059,false,"בצק עלים 1 ק""ג שלושת האופים",שלושת האופים,IL,"בצק עלים 1ק""ג",Unknown,1.00,יחידה,false,,17.90,17.9000,true,1,122739
7290002327066,false,קונכיות בצק למילוי 625 גרם שלושת האופים,שלושת האופים,IL,קונכיות,גרמים,500.00,100 גרם,false,,21.90,4.3800,true,1,122740
7290002327073,false,בורקס גבינה 800 גרם שלושת האופים,שלושת האופים,IL,שלושת האופים בורקס ג,גרמים,800.00,100 גרם,false,,19.90,2.4875,true,1,122741
7290002327103,false,שלושת האופים ג'חנון תימני 900 גרם,אופרה,IL,שלושת האופים גחנון 1,Unknown,1.00,יחידה,false,,19.90,19.9000,true,1,122742
7290002327912,false,מיני בורקס גבינה 700 ג' שלושת האופים,שלושת האופים,IL,מיני בורקס גבינה 700,גרמים,700.00,100 גרם,false,,19.90,2.8429,true,1,122743
7290002329602,false,עוגת שוקולד עוגל'ה 350 גרם,,,עוגות שוקולד 350 גרם,גרמים,350.00,100 גרם,false,,7.90,2.2571,true,1,115058
7290002329619,false,עוגת שוקולד צ'יפס עוגל'ה 350 גרם,,,עוגת שוקו צ'יפס 350,גרמים,350.00,100 גרם,false,,7.90,2.2571,true,1,115059
7290002329626,false,עוגת שיש עוגל'ה 350 גרם,,,עוגות שיש 350 גרם,גרמים,350.00,100 גרם,false,,7.90,2.2571,true,1,115060
7290002329640,false,עוגת לימון עוגל'ה 350 גרם,,,עוגות לימון 350 גרם,גרמים,350.00,100 גרם,false,,7.90,2.2571,true,1,115062
7290002329657,false,עוגת תפוז עוגל'ה 350 גרם,,,עוגות תפוז 350 גרם,גרמים,350.00,100 גרם,false,,7.90,2.2571,true,1,115063
7290002329664,false,עוגת אנגלית עוגל'ה 350 גרם,,,עוגות אנגלית 350 גרם,גרמים,350.00,100 גרם,false,,7.90,2.2571,true,1,115064
7290002329695,false,עוגת וניל הארץ עוגל'ה 350 גרם,,,עוגת וניל 350 גרם,גרמים,350.00,100 גרם,false,,7.90,2.2571,true,1,115065
7290002329718,false,עוגת דבש עוג'לה 350 גר',,,עוגת דבש 350 גרם,גרמים,350.00,100 גרם,false,,7.90,2.2571,true,1,115066
7290002329961,false,עוגת שוקוצ'ינו עוגל'ה 350 גרם,,,עוגת שוקוצ'ינו 350 ג,גרמים,350.00,100 גרם,false,,7.90,2.2571,true,1,115067
7290002331025,false,"מים מינרלים נביעות ספורט 500 מ""ל פקדון",נביעות טבע הגליל בעמ,IL,נביעות 500 TO GO פקד,Unknown,500.00,יחידה,false,,5.00,0.0100,true,1,137330
7290002331094,false,"מים מינרליים GO TO נביעות 755 מ""ל",נביעות טבע הגליל בעמ,IL,"נביעות 755 מ""ל",,755.00,100 מל,false,,4.00,0.0053,true,1,137332
7290002331322,false,שישיית מים נביעות 1.5 ליטר,נביעות טבע הגליל בעמ,IL,נביעות 6* 1.5 ליטר,קילוגרמים,1.50,ליטר,false,,13.90,9.2667,true,1,137339
7290002331360,false,"נביעות מים מינרליים טו גו מארז 500X6מ""ל",נביעות טבע,IL,מים מינרליים נביעות,,500.00,100 מל,false,,16.10,0.0322,true,1,137340
7290002331421,false,"שישיית מים מינרליים GO TO נביעות 755 מ""ל",נביעות טבע הגליל בעמ,IL,מים מינרליים נביעות,,6.00,יחידו,false,,17.90,2.9833,true,1,137341
7290002331483,false,"שישיית נביעות אישי בייבי 320 מ""ל",נביעות טבע הגליל בעמ,IL,מים מינרליים נביעות,מיליליטרים,320.00,"100 מ""ל",false,,13.90,4.3438,true,1,137342
7290002331490,false,מים מינרליים נביעות 1 ליטר,נביעות טבע הגליל בעמ,IL,מים מינרליים נביעות,קילוגרמים,1.00,ליטר,false,,2.90,2.9000,true,1,137343
7290002332626,false,דג דניס טרי שלם,,,דג דניס טרי שלם,קילוגרמים,1.00,"ק""ג",true,,64.90,64.9000,true,1,199339
7290002332633,false,דג דניס טרי שלם,,,דג דניס טרי שלם,קילוגרמים,1.00,"ק""ג",true,,64.90,64.9000,true,1,199353
7290002332640,false,דג דניס טרי שלם,,,דג דניס טרי שלם,קילוגרמים,1.00,"ק""ג",true,,64.90,64.9000,true,1,199354
7290002332657,false,דג דניס טרי שלם,,,דג דניס טרי שלם,קילוגרמים,1.00,"ק""ג",true,,64.90,64.9000,true,1,199355
7290002332701,false,דג לברק טרי שלם,,,דג לברק טרי שלם,קילוגרמים,1.00,"ק""ג",true,,69.90,69.9000,true,1,199366
7290002332718,false,דג לברק טרי שלם,,,דג לברק טרי שלם,קילוגרמים,1.00,"ק""ג",true,,69.90,69.9000,true,1,199367
7290002332725,false,דג לברק טרי שלם,,,דג לברק טרי שלם,קילוגרמים,1.00,"ק""ג",true,,69.90,69.9000,true,1,199368
7290002332756,false,דג סלמון טרי שלם,,,דג סלמון טרי שלם,קילוגרמים,1.00,"ק""ג",true,,89.90,89.9000,true,1,199377
7290002332770,false,דג קרפיון טרי שלם,,,דג קרפיון טרי שלם,קילוגרמים,1.00,"ק""ג",true,,27.90,27.9000,true,1,199378
7290002332855,false,דג דניס טרי שלם,,,דג דניס טרי שלם,קילוגרמים,1.00,"ק""ג",true,,64.90,64.9000,true,1,199340
7290002345015,false,סינטה דק דק אל גאוצ'ו 250ג' מינוט,"טיבון ויל אחזקות בע""\מ",IL,*מבצע* סינטה אלגוצ'ו,גרמים,250.00,100 גרם,false,,16.90,6.7600,true,1,122746
7290002345022,false,אנטריקוט דק דק מינוט סטייק אל גאוצ'ו 250 גרם,"טיבון ויל אחזקות בע""\מ",IL,*מבצע* אנטריקוט אלגו,גרמים,250.00,100 גרם,false,,16.90,6.7600,true,1,122747
7290002345077,false,שניצל בקר מינוט אל גאוצ'ו קפוא 250 גר,"טיבון ויל אחזקות בע""\מ",IL,*מבצע* נטו שניצל בקר,גרמים,250.00,100 גרם,false,,16.90,6.7600,true,1,122748
7290002345121,false,אסאדו דקדק אל גאוצ'ו 250 גרם,"טיבון ויל אחזקות בע""\מ",IL,*מבצע* אסאדו דקדק 25,גרמים,250.00,100 גרם,false,,16.90,6.7600,true,1,171746
7290002349006,false,קוטל תיקן פיתיון ג'ל להדברת תיקנים 5 גר,סיקמקס בעמ,IL,קוטל תיקן פיתיון ג'ל,Unknown,0.00,יחידה,false,,39.90,0.0000,true,1,131534
7290002349013,false,גל פיתיון להדברת נמל,סיקמקס בעמ,IL,אנט ג'ל פיתיון להדבר,Unknown,0.00,יחידה,false,,39.90,0.0000,true,1,131535
7290002353836,false,סרדינים רוברט בשמן זית 115 גרם,קונסרבס פורטוגל נורטה,PT,סר' רוברט בשמן זית 1,גרמים,120.00,100 גרם,false,,8.90,7.4167,true,1,122764
7290002360124,false,חליטת צמחים ורד הבר והיביסקוס פומפדור 20 יחידות,TEEKANNE- POMPADOU,DE,פומפדור חליטת ורד הב,Unknown,20.00,יחידה,false,,16.20,0.8100,true,1,128133
7290002360155,false,חליטת תה פרחי שומר פומפדור 20 שקיקים,TEEKANNE- POMPADOU,DE,פומפדור חליטת שומר 2,Unknown,20.00,יחידה,false,,16.20,0.8100,true,1,128134
7290002360278,false,חליטת צמחים פומפדור מנטה 20 יחידות,"איטיליאן פוד, אס.פי.",DE,פומפדור חליטת מנטה 2,Unknown,20.00,יחידה,false,,16.20,0.8100,true,1,128137
7290002360285,false,חליטת צמחים פומפדור קמומיל 20 יחידות,TEEKANNE- POMPADOU,DE,פומפדור חליטת קמומיל,Unknown,20.00,יחידה,false,,16.20,0.8100,true,1,128138
7290002371403,false,טירת צבי מארז זוגות 600 ג',טיב טירת צבי 2000,IL,טירת צבי מארז זוגות,גרמים,600.00,100 גרם,false,,28.00,4.6667,true,1,114149
7290002371526,false,דקניקים סלסולי פסטרמה שום וצילי פיקנטי טירת צבי 120 גרם,הנסיך- מפעל לייצור ט,IL,טירת צבי סלסולי פסטר,גרמים,120.00,100 גרם,false,,14.90,12.4167,true,1,114150
7290002371533,false,דקניקים סלסולי פסטרמה דבש טירת צבי 120 גרם,הנסיך- מפעל לייצור ט,IL,טירת צבי סלסולי פסטר,גרמים,120.00,100 גרם,false,,14.90,12.4167,true,1,114151
7290002371854,false,נקניקיות עוף חריפות טירת צבי 2 * 500 גרם,הנסיך- מפעל לייצור ט,IL,טירת צבי נקניקיות עו,פריט,1.00,"ק""ג",false,,31.50,31.5000,true,1,114152
7290002374268,false,שמן חמניות מילומור 1 ליטר,שמן תעשיות,IL,שמן חמניות מזוכך מיל,,1000.00,100 מל,false,,10.90,0.0109,true,1,129359
7290002374312,false,"שמן קנולה מילומור 1 ל' עד""ח","נארז ע""י : א.ג. גילר",IL,שמן קנולה מזוכך מילו,,1000.00,100 מל,false,,10.90,0.0109,true,1,129360
7290002407034,false,"זית סורי מבוקע ג""השא",ג'השאן,IL,זית סורי 800 ג,גרמים,800.00,100 גרם,false,,19.90,2.4875,true,1,187367
7290002407102,false,זית סנטה גדול ג'השאן 800 ג',ג'השאן,IL,זית סנטה 800 גרם,גרמים,800.00,100 גרם,false,,19.90,2.4875,true,1,187370
7290002407461,false,שמן זית כתית מעולה ג,ג'השאן,,שמן זית כתית מעולה ג,מיליליטרים,750.00,"100 מ""ל",false,,39.90,5.3200,true,1,187365
7290002408161,false,גבינה הולנדיה קרם 235ג',,NL,הולנדיה קרם 235 גרם,גרמים,235.00,100 גרם,false,,16.90,7.1915,true,1,146855
7290002410072,false,"חמסי בצק עלים 1 ק""ג",מעדני הטלה,,"בצק עלים חמסי 1 ק""ג",גרמים,1000.00,100 גרם,false,,15.90,1.5900,true,1,158435
7290002410638,false,סטייק עין קפוא 800 גרם,מעדני הטלה והעגל,IL,מעדני הטלה סטייק עין,גרמים,800.00,100 גרם,false,,59.90,7.4875,true,1,122776
7290002410713,false,קישקע ממולא קפוא 500גרם,לאטי עזרא גלם ודגים,IL,מעדני הטלה קישקע ממו,גרמים,500.00,100 גרם,false,,10.90,2.1800,true,1,122777
7290002439981,false,קלאסיקו קבב בקר אל גאוצ'ו,"טיבון ויל אחזקות בע""\מ",IL,אל גאוצו קלאסיקו קבב,Unknown,0.00,יחידה,false,,23.90,0.0000,true,1,122792
7290002439998,false,קלאסיקו קבב בקר וכבש אלג,טיבון ויל - נטו,IL,אל גאוצו קלאסיקו קבב,Unknown,0.00,יחידה,false,,23.90,0.0000,true,1,122793
7290002461562,false,נקניקיות מיני מרגז 500 ג',מעדני הטלה והעגל,IL,מעדני הטלה נקניקיות,גרמים,500.00,100 גרם,false,,24.90,4.9800,true,1,122796
7290002487364,false,בורקס פילו גבינה זיתים 700 ג' שלושת האופים,שלושת האופים שגמור,IL,שלושת האופים ב. פילו,גרמים,700.00,100 גרם,false,,19.90,2.8429,true,1,122801
7290002488057,false,"תמר מגהול פרימיום 2 ק""",,,"תמרים מגהול 2 ק""ג",פריט,2.00,"ק""ג",false,,59.90,29.9500,true,1,191497
7290002488460,false,תמר מג'הול עסיסי 500 גר,,,תמרים פרימיום 500 גר,גרמים,500.00,100 גרם,false,,34.90,6.9800,true,1,199719
7290002496557,false,תמר לח בשקית 500גרם,פרי וירק טמרה ושותפי,IL,תמר לח 500 גרם,גרמים,500.00,100 גרם,false,,9.90,1.9800,true,1,148577
7290002515333,false,"ד""ר פישר - קמיל בלו סנסיטיב אל סבון עדין לתינוק 500 מ""ל",פישר מעבדות פרמצבטיות בע,IL,קמיל בלו סנסיטיב מוע,מיליליטרים,500.00,"100 מ""ל",false,,22.00,4.4000,true,1,136847
7290002515364,false,"קמיל בלו אל סבון לתינוק קלאסיק ד""ר פישר 500 מ""ל",פישר מעבדות פרמצבטיות בע,IL,קמיל בלו קלאסי 500 מ,מיליליטרים,500.00,"100 מ""ל",false,,18.90,3.7800,true,1,136848
7290002515371,false,"קמיל בלו אל סבון לתינוקות ד""ר פישר 1 ליטר",פישר מעבדות פרמצבטיות בע,IL,קמיל בלו קלאסיק 1 לי,קילוגרמים,1.00,ליטר,false,,32.00,32.0000,true,1,136849
7290002542780,false,"שישייה בירה סטלה ארטואה בקבוק 330X6 מ""ל","אינבב, ברוורייפליין",BE,סטלה ארטואה שישייה 3,Unknown,0.00,יחידה,false,,39.90,0.0000,true,1,183842
7290002542865,false,"שישייה בירה הוגרדן בקבוק 330X6 מ""ל","אינבב, ברוורייפליין",BE,"הוגרדן שישייה 330 מ""",מיליליטרים,330.00,"100 מ""ל",false,,49.90,15.1212,true,1,184756
7290002552499,false,מאגדת שלגוני שרבט פרווה תות מנגו 8 יח' ריאו,"גלידות ריאו ביח""ר לג",IL,מאגדת שמיניות שלגוני,Unknown,8.00,יחידה,false,,16.90,2.1125,true,1,142953
7290002560036,false,רדיד אלומיניום מעוצב,,,נורמה רדיד אלומניום,Unknown,0.00,יחידה,false,,11.90,0.0000,true,1,167928
7290002603481,false,פיצת השף מאיטליה CHEF שגב פסטו ועגבניות 200 גרם,האי נאם סי או אל.טי.,IT,פיצה השף שגב פסטו ו,גרמים,200.00,100 גרם,false,,13.90,6.9500,true,1,122816
7290002603498,false,פיצת השף מאיטליה אנטי פסטי 256 גרם,האי נאם סי או אל.טי.,IT,פיצה השף שגב אנטיפס,גרמים,220.00,100 גרם,false,,13.90,6.3182,true,1,122817
7290002603634,false,"פיצה משולש תפזורת בד""צ 80ג'",שלושת האופים,IL,פיצה משולש מרגריטה ת,Unknown,0.00,יחידה,false,,2.90,0.0000,true,1,190289
7290002608127,false,בייגל רומני פילסברי,פילסברי,,בייגל רומני,Unknown,0.00,יחידה,false,,4.50,0.0000,true,1,116344
7290002608547,false,לחם מחמצת שיפון וחמוציות 530,פילסברי,IL,לחם מחמצת שיפון כהה,גרמים,530.00,100 גרם,false,,16.90,3.1887,true,1,180582
7290002618485,false,שף הים-שניצל דג שומש,קניה חכמה,,שף הים-שניצל דג שומש,Unknown,0.00,יחידה,false,,26.90,0.0000,true,1,203786
7290002618690,false,קציצות דג נסיכה 700,קניה חכמה,,שף הים-קציצות דג,Unknown,0.00,יחידה,false,,26.90,0.0000,true,1,203785
7290002627210,false,גפילטע פיש קציצות מדגי קרפיון וכסיף בצנצנת 560 גרם,האי נאם סי או אל.טי.,IL,דלידג גפילטע פיש 520,גרמים,520.00,100 גרם,false,,15.90,3.0577,true,1,122822
7290002651116,false,גחנון חמסי 1 קג לא א,מאפיית אריאל,IL,חמסי גחנון 1 קילו,Unknown,1.00,יחידה,false,,15.90,15.9000,true,1,122823
7290002651123,false,מלאווח חמסי ארוז 1 ק,מאפיית אריאל,IL,"חמסי מלווח 1 ק""ג",גרמים,1000.00,100 גרם,false,,15.90,1.5900,true,1,120711
7290002651253,false,גחנון אפוי חמסי 600 גרם,מעדני הטלה,IL,חמסי גחנון אפוי 6 יח,גרמים,600.00,100 גרם,false,,15.90,2.6500,true,1,122824
7290002663805,false,שוופס טוניק 1.5 ליטר,יפאורה שותפות מובגלת לשיווק,IL,שוופס מי טוניק 1.5 ל,קילוגרמים,1.50,ליטר,false,,9.90,6.6000,true,1,120362
7290002692478,false,"שמן זית כתית מעולה מעודן עץ הזית 750 מ""ל","מרקאולאו, ספרד.אבסה,",IT,שמן זית כתית מעולה ק,מיליליטרים,750.00,"100 מ""ל",false,,33.60,4.4800,true,1,129367
7290002692768,false,"תרסיס שמן קנולה מזוכך ללא תוספת גז עץ הזית 200 מ""ל",טרנסומס פוד איי בי,IT,עץ הזית תרסיס מופחת,,200.00,100 מל,false,,15.90,0.0795,true,1,129369
7290002692775,false,"תרסיס שמן קנולה בטעם חמאה עץ הזית 200 מ""ל",קומפניה,IT,עץ הזית תרסיס שמן קנ,,200.00,100 מל,false,,15.90,0.0795,true,1,129370
7290002692782,false,"תרסיס שמן זית כתית מעולה ללא תוספת גז עץ הזית 150 מ""ל",י.ב טכנולוגיות אריזה,IT,עץ הזית תרסיס מופחת,,150.00,100 מל,false,,15.90,0.1060,true,1,129371
7290002715375,false,קבב יווני טיבון ויל 400 גרם,טיבון ויל אחזקות בעמ,IL,קבב יווני 400 גרם,גרמים,400.00,100 גרם,false,,19.90,4.9750,true,1,122832
7290002715504,false,ארוחת נודלס בטעם עוף מג'יק 70 גרם,טאט הוי פוד בעמ,SG,מגיק טעם עוף בכוס 70,Unknown,0.00,יחידה,false,,5.90,0.0000,true,1,122833
7290002715511,false,ארוחת נודלס בטעם בשר מג'יק 70 גרם,טאט הוי פוד בעמ,SG,מגיק טעם בשר בכוס 70,Unknown,0.00,יחידה,false,,5.90,0.0000,true,1,122834
7290002715528,false,ארוחת נודלס בטעם ירקות מג'יק 70 גרם,טאט הוי פוד בעמ,SG,מגיק טעם ירקות בכוס,Unknown,0.00,יחידה,false,,5.90,0.0000,true,1,122835
7290002715580,false,ארוחת נודלס בטעם סיני חריף מג'יק 70 גרם,טאט הוי פוד בעמ,SG,מגיק טעם סיני בכוס 7,Unknown,0.00,יחידה,false,,5.90,0.0000,true,1,122837
7290002730262,false,"נוזל לניקוי כלים קלאסי פלמוליב 750 מ""ל",יבואן ומשווק: ש. שסט,GR,פלמוליב לכלים קלאסי,Unknown,750.00,יחידה,false,,9.90,0.0132,true,1,128142
7290002730521,false,צימרוני אוזניים בלונס בקופסא 200 יח',קריות זול,GR,בלונס צמרונים בקופסא,Unknown,200.00,יחידה,false,,6.90,0.0345,true,1,111144
7290002730538,false,פדיות להסרת איפור בלונס 80 יחידות,הנסיך- מפעל לייצור ט,GR,בלונס פדים להסרת איפ,Unknown,0.00,יחידה,false,,9.90,0.0000,true,1,128143
7290002730675,false,"קולגייט משחת שיניים אדומה משפחתי 100 מ""ל",קולגייט-פלמוליב,PL,קולגייט אדומה משחת,גרמים,100.00,100 גרם,false,,13.90,13.9000,true,1,128145
7290002730811,false,"משחת שיניים ג'ל פסים מרעננים קולגייט 100 מ""ל",הנסיך- מפעל לייצור ט,PL,קולגייט משחת שיניים,גרמים,100.00,100 גרם,false,,12.90,12.9000,true,1,111145
7290002730903,false,פלמוליב סבון מוצק ורדים רביעייה * 125 ג',הנסיך- מפעל לייצור ט,TR,פלמוליב סבון מוצק ור,גרמים,500.00,100 גרם,false,,15.90,3.1800,true,1,128146
7290002730941,false,כדורי צמר גפן בלונס 100 יחידות,הנסיך- מפעל לייצור ט,GR,בלונס צמר גפן פרוס,גרמים,100.00,100 גרם,false,,6.90,6.9000,true,1,111146
7290002730958,false,סבון מוצק בניחוח זיתים ואלוורה פלמוליב 4*100 גרם,הנסיך- מפעל לייצור ט,TR,פלמוליב סבון מוצק  י,גרמים,400.00,100 גרם,false,,15.90,3.9750,true,1,128148
7290002750154,false,שישיית לחמניות יאמיס,פילסברי,IL,לחמניה יאמיס מארז שי,Unknown,6.00,יחידה,false,,12.90,2.1500,true,1,116356
7290002750178,false,לחמניה שמיניה,פילסברי,,גבטה 180 כפרית,Unknown,0.00,יחידה,false,,5.00,0.0000,true,1,116357
7290002750338,false,לחם רוסטיק עגבניות מ,פילסברי,,לחם עגבניות מיובשות,גרמים,530.00,100 גרם,false,,16.90,3.1887,true,1,116359
7290002750451,false,לחם מחמצת טוסקני לבן,פילסברי,,לחם מחמצת טוסקני לבן,גרמים,530.00,100 גרם,false,,15.90,3.0000,true,1,116362
7290002750963,false,באגט רוסטיק פילסברי,פילסברי,,בגט רוסטיק,Unknown,0.00,יחידה,false,,7.90,0.0000,true,1,158579
7290002752332,false,"סוכריות מנטוס פירות בגליל, 37.5 גרם",הדקלאים אגודת שיתופי,NL,סוכריות מנטוס בגליל,Unknown,0.00,יחידה,false,,3.30,0.0000,true,1,121008
7290002752349,false,סוכריות מנטוס מנטה 40יח' בגליל 38ג',פרפטי ואן מלה,NL,מנטוס מנטה בגליל 37.,Unknown,0.00,יחידה,false,,3.30,0.0000,true,1,121009
7290002753995,false,סוכריות עדשים לקישוט עוגה וורנר 6*25 גרם,היינץ צפון אמריקה מק,DE,ערכת קישוטי עוגה 150,גרמים,150.00,100 גרם,false,,18.20,12.1333,true,1,121014
7290002757139,false,מלאווח תימני מקורי 3 האופים 700 גר',שלושת האופים,IL,שלושת האופים מלוואח,גרמים,700.00,100 גרם,false,,15.90,2.2714,true,1,122841
7290002757146,false,"קובה חמוסטה למרק שלושת האופים 1 ק""ג","שלושת האופים בע""\מ",IL,שלושת האופים קובה חמ,Unknown,1.00,יחידה,false,,22.90,22.9000,true,1,122842
7290002757511,false,קציצות דג לבישול דלידג 750 גרם,האי נאם סי או אל.טי.,IL,דלידג קציצות דג לביש,גרמים,750.00,100 גרם,false,,26.90,3.5867,true,1,122843
7290002757528,false,"בורקס פילו-תפו""א 700 גרם",שלושת האופים שגמור,IL,"בורקס פילו תפו""א 700",גרמים,700.00,100 גרם,false,,19.90,2.8429,true,1,122844
7290002757535,false,בורקס פילו אצבעות גבינה שלושת האופים 700 גרם,שלושת האופים שגמור,IL,בורקס פילו אצבעות גב,גרמים,700.00,100 גרם,false,,19.90,2.8429,true,1,122845
7290002757665,false,קבב מזרחי טיבון ויל 400 ג',טיבון ויל,IL,קבב מזרחי 400 גרם,גרמים,400.00,100 גרם,false,,11.90,2.9750,true,1,122847
7290002757672,false,המבורגר מזרחי טיבון ויל 400ג',טיבון ויל,IL,המבורגר 400גרם נטו,גרמים,400.00,100 גרם,false,,11.90,2.9750,true,1,122848
7290002757719,false,"בצק עלים 1 ק""ג סדרה אדומה [נטו]",אופרה,,"בצק עלים 1ק""ג",Unknown,1.00,יחידה,false,,14.90,14.9000,true,1,122850
7290002757733,false,ג'חנון 650 ג' שלושת האופים,אופרה,,שלושת האופים גחנון 6,גרמים,650.00,100 גרם,false,,11.90,1.8308,true,1,122852
7290002768036,false,"מי פה תיאדנט ענק מונע עששת 150מ""ל",אמיליה קוסמטיקס,IL,תיאדנט מי-פה לבן 150,מיליליטרים,150.00,"100 מ""ל",false,,15.90,10.6000,true,1,158093
7290002769316,false,קראנץ שמרים 500 גרם,ר.כ עוגיות הזהב,IL,קראנץ שמרים 500 גרם,גרמים,500.00,100 גרם,false,,13.90,2.7800,true,1,179060
7290002769347,false,עוגיות מובחרות בדלי 600 גר' שיווק הזהב,עוגיות הזהב,IL,עוגיות בדלי הזהב 50,גרמים,700.00,100 גרם,false,,15.90,2.2714,true,1,189981
7290002775010,false,מיני בורקס פילו גבינה שלושת האופים מהדרין 650 ג',שלושת האופים שגמור,IL,מיני בורקס פילו גבינ,גרמים,650.00,100 גרם,false,,19.90,3.0615,true,1,122856
7290002781073,false,מיץ לימון מיטב 4 ליט,,,מיץ לימון מיטב 4 ליט,קילוגרמים,4.00,ליטר,false,,14.90,3.7250,true,1,153354
7290002781080,false,חרדל אמיתי 550 ג' מיטב,מיטב,IL,ממרח חרדל 550 גר,גרמים,550.00,100 גרם,false,,9.90,1.8000,true,1,153355
7290002781240,false,מיץ לימון משומר 1 ל' מיטב,מיטב,IL,מיץ לימון משומר 1 לי,קילוגרמים,1.00,ליטר,false,,5.90,5.9000,true,1,153360
7290002781257,false,חומץ 1 ליטר כהה-בהיר,מיטב,IL,חומץ 1 ליטר כהה-בהיר,קילוגרמים,1.00,ליטר,false,,5.90,5.9000,true,1,153361
7290002781264,false,סירופ בטעם שוקולד מי,מיטב,IL,סירופ שוקולד 740 מל,גרמים,700.00,100 גרם,false,,10.90,1.5571,true,1,153362
7290002781349,false,רוטב אלף האיים מיטב 4 ל',,,רוטב אלף האיים מיטב,קילוגרמים,4.00,ליטר,false,,54.90,13.7250,true,1,153366
7290002781691,false,ממרח קקאו בטעם שוקול,מיטב,IL,ממרח שוקולד 400 גרם,גרמים,400.00,100 גרם,false,,5.90,1.4750,true,1,153372
7290002781899,false,ריבה בטעם תפוז מיטב 820 ג',מיטב,IL,ריבה בטעם תפוז 880 ג,גרמים,880.00,100 גרם,false,,9.90,1.1250,true,1,153375
7290002782131,false,"פנינה רוזנבלום - דאודורנט ספריי לאישה מס' 1 150 מ""ל",פנינה רוזנבלום,IL,פנינה דאודורנט ספריי,מיליליטרים,150.00,"100 מ""ל",false,,23.90,15.9333,true,1,135145
7290002782742,false,"פנינה רוזנבלום - דאודורנט ספריי לאישה מס' 2 150 מ""ל",פנינה רוזנבלום,IL,פנינה דאודורנט ספריי,מיליליטרים,150.00,"100 מ""ל",false,,20.00,13.3333,true,1,135147
7290002782759,false,"פנינה קרם גוף רוזנבלום 400 מ""ל",פנינה רוזנבלום,IL,קרם גוף פנינה רוזנבל,Unknown,400.00,יחידה,false,,26.90,0.0672,true,1,135148
7290002787884,false,"מקלות פילו תפו""א 600 גרם שלושת האופים",שלושת האופים,IL,שלושת האופים מקלות פ,Unknown,0.00,יחידה,false,,19.90,0.0000,true,1,122868
7290002787891,false,מקלות פילו תרד 600 גרם שלושת האופים,שגמור,IL,שלושת האופים מקלות ב,גרמים,650.00,100 גרם,false,,19.90,3.0615,true,1,122869
7290002805151,false,סיף פנטסטיק לרצפות בניחוח סחלבים 4ל',יוניליוור ישראל טיפו,IL,סיף פנטסטיק רצפות בנ,קילוגרמים,4.00,ליטר,false,,19.90,4.9750,true,1,111089
7290002814016,false,"מסיר שומנים מתז 750 מ""ל סנט מוריץ כשל""פ עד""ח","קומפלקס כימיקלים בע""",IL,מסיר שומנים סנט מורי,מיליליטרים,750.00,"100 מ""ל",false,,14.90,1.9867,true,1,111155
7290002814054,false,סנט מוריץ מתז אנטרטיק מתז 1 ליטר,קומפלקס כימיקלים בעמ,IL,אנטרטיק 1 ליטר מתז,קילוגרמים,1.00,ליטר,false,,11.90,11.9000,true,1,131374
7290002814122,false,"ספריי אוויר 250 מ""ל fashion no.9 סנט מוריץ",סורה קוסמטיקס,TR,fashion no.9 ספריי א,מיליליטרים,250.00,"100 מ""ל",false,,12.90,5.1600,true,1,196904
7290002814153,false,שלישייה סבון אסלה לימון סנט מוריץ,מיס פלורה,TR,הום סבון אסלה שלישיי,Unknown,0.00,יחידה,false,,11.90,0.0000,true,1,197373
7290002814221,false,שלישייה סבון אסלה לבנדר סנט מוריץ,מיס פלורה,TR,הום סבון אסלה שלישיי,Unknown,0.00,יחידה,false,,11.90,0.0000,true,1,197374
7290002814238,false,הום רדיד אלומיניום ז,,,הום רדיד אלומיניום ז,Unknown,0.00,יחידה,false,,12.90,0.0000,true,1,202569
7290002814252,false,נוזל רצפות אוקיינוס 2 ל',קומפלקס כימיקלים,IL,הום רדיד אלומיניום ז,Unknown,0.00,יחידה,false,,19.90,0.0000,true,1,202570
7290002814269,false,pure 4in1 ג'ל כביסה,,,pure 4in1 ג'ל כביסה,Unknown,0.00,יחידה,false,,39.90,0.0000,true,1,205041
7290002814276,false,פיור נוזל כביסה 4 ב,,,פיור נוזל כביסה 4 ב,Unknown,0.00,יחידה,false,,39.90,0.0000,true,1,205042
7290002814283,false,"מילוי מכשיר אוויר 250 מ""ל fashion imagination סנט מוריץ",סורה קוסמטיקס,TR,fashion imagination,מיליליטרים,250.00,"100 מ""ל",false,,12.90,5.1600,true,1,196907
7290002814290,false,קצף מרוכז 1 ליטר בלנקו בניחוח לימון משמיד 99.9%,קומפלקס כימיקלים בעמ,IL,קצף מרוכז 1 ליטרבניח,קילוגרמים,4.00,ליטר,false,,11.90,2.9750,true,1,159318
7290002814351,false,"מילוי מכשיר אוויר 250 מ""ל fashion sweetie סנט מוריץ",סורה קוסמטיקס,TR,fashion sweetie מילו,מיליליטרים,250.00,"100 מ""ל",false,,12.90,5.1600,true,1,196906
7290002814382,false,הום 60 שקיות לאשפה ע,,,הום 60 שקיות לאשפה ע,Unknown,0.00,יחידה,false,,16.90,0.0000,true,1,197359
7290002814399,false,הום ניילון נצמד 150,,,הום ניילון נצמד 150,Unknown,0.00,יחידה,false,,16.90,0.0000,true,1,202567
7290002814412,false,סנט מוריץ נוזל כלים 1.6 ליטר לימון ליים 18%,קומפלקס כימיקלים בעמ,IL,*מבצע* סנט מוריץ שמפ,קילוגרמים,1.50,ליטר,false,,9.90,6.6000,true,1,131384
7290002814436,false,סנט מוריץ נוזל כלים 1.6 ליטר לימון 18%,,IL,*מבצע* סנט מוריץ נוז,קילוגרמים,1.50,ליטר,false,,9.90,6.6000,true,1,131386
7290002814481,false,עלמה שקיות מזון בקופסא 150 יח' מארז שלישיה,קומפלקס כימיקלים,IL,עלמה שקיות מזון 3*15,Unknown,0.00,יחידה,false,,12.90,0.0000,true,1,168383
7290002814504,false,סנט מוריץ מגבונים לרצפה 10 יח' עם חור בית מלון בוטיק,קומפלקס כימיקלים,IL,סנט מוריץ מגבונים לר,Unknown,0.00,יחידה,false,,9.90,0.0000,true,1,198865
7290002814528,false,נוזל לניקוי האסלה סנט מוריץ 1 ליטר,קומפלקס כימיקלים בעמ,IL,נוזל אסלות 1 ליטר,קילוגרמים,1.00,ליטר,false,,6.90,6.9000,true,1,111156
7290002814542,false,סנט מוריץ שקיות אשפה 75*90 -25 יח',קומפלקס כימיקלים בעמ,CN,סנט מוריץ שקיות אשפה,Unknown,0.00,יחידה,false,,12.90,0.0000,true,1,131390
7290002814580,false,טורנדו גרגירים לפתיחת סתימות 200 גרם,"קומפלקס כימיקלים בע""",IL,טורנדו לפתיחת סתימות,גרמים,200.00,100 גרם,false,,12.90,6.4500,true,1,131392
7290002814597,false,סנט מוריץ טורנדו נוזל לפתיחת סתימות 1 לי,קומפלקס כימיקלים,IL,טורנדו נוזל לפתיחת ס,קילוגרמים,1.00,ליטר,false,,19.90,19.9000,true,1,131393
7290002814603,false,"סנט מוריץ - מרסס מסיר שומנים קר מבושם לימון 750 מ""ל",קומפלקס כימיקלים בעמ,IL,מסיר שומנים קר מבושם,מיליליטרים,750.00,"100 מ""ל",false,,14.90,1.9867,true,1,131394
7290002814634,false,כפפות לטקס ללא אבקה מידה S עלמה,קומפלקס כימיקלים,CN,עלמה כפפות לטקס ללא,Unknown,0.00,יחידה,false,,19.90,0.0000,true,1,197375
7290002814641,false,כפפות לטקס ללא אבקה מידה M עלמה,קומפלקס כימיקלים,CN,עלמה כפפות לטקס ללא,Unknown,0.00,יחידה,false,,19.90,0.0000,true,1,197376
7290002814658,false,כפפות לטקס ללא אבקה מידה L עלמה,קומפלקס כימיקלים,CN,עלמה כפפות לטקס ללא,Unknown,0.00,יחידה,false,,19.90,0.0000,true,1,197377
7290002814665,false,סנט מוריץ - מרסס מסיר עובש 1 ליטר,קומפלקס כימיקלים,IL,מתז מסיר עובש 1 ליטר,Unknown,0.00,יחידה,false,,11.90,0.0000,true,1,178820
7290002814672,false,כפפות לטקס ללא אבקה מידה XL עלמה,קומפלקס כימיקלים,CN,עלמה כפפות לטקס ללא,Unknown,0.00,יחידה,false,,19.90,0.0000,true,1,197378
7290002814702,false,הום 25 שקיות גופיה ל,,,הום 25 שקיות גופיה ל,Unknown,0.00,יחידה,false,,12.90,0.0000,true,1,197360
7290002814719,false,מנקה רצפה בניחוח מאסק 4 ל' סנט מוריץ,קומפלקס כימיקלים,IL,סנט מוריץ נוזל רצפות,Unknown,0.00,יחידה,false,,12.90,0.0000,true,1,168388
7290002814788,false,עלמה כיסוי ניילון עם גומי 33 יח',,,עלמה כיסוי ניילון עם,Unknown,0.00,יחידה,false,,9.90,0.0000,true,1,200970
7290002814825,false,סבון אסלה כדוריות שלישייה אוקיינוס כחול,"קומפלקס כימיקלים בע""",TR,סבון אסלה כדוריות של,Unknown,0.00,יחידה,false,,11.90,0.0000,true,1,131395
7290002814832,false,סבון אסלה סנט מוריץ כדוריות לוונדר 3 יח,"קומפלקס כימיקלים בע""",TR,סבון אסלה כדוריות של,Unknown,0.00,יחידה,false,,11.90,0.0000,true,1,131396
7290002814849,false,סנט מוריץ סבון אסלה שלישייה כחול אוקיינוס,,TR,הום סבון אסלה מרוכז,Unknown,0.00,יחידה,false,,11.90,0.0000,true,1,131397
7290002814870,false,"סנט מוריץ - מרסס מסיר שומנים קר מבושם לוונדר\פרחים 750 מ""ל",קומפלקס כימיקלים בעמ,IL,מסיר שומנים קר מבושם,מיליליטרים,750.00,"100 מ""ל",false,,14.90,1.9867,true,1,131398
7290002814887,false,מטליות רצפה לניקוי ובישום סנטמוריץ,קומפלקס כימיקלים,CN,עלמה מגבונים לחים לר,Unknown,0.00,יחידה,false,,9.90,0.0000,true,1,131399
7290002814894,false,קצף אקונומיקה סנט מוריץ לוונדר 1 ליטר,קומפלקס כימיקלים,IL,אקונומיקה מרסס קצף נ,קילוגרמים,1.00,ליטר,false,,11.90,11.9000,true,1,131400
7290002814900,false,סבון אסלה סנט מוריץ כדוריות לימון 3 יח,"קומפלקס כימיקלים בע""",TR,סבון אסלה כדוריות של,Unknown,0.00,יחידה,false,,11.90,0.0000,true,1,131401
7290002814917,false,תכשיר ס.מוריץ מרוכז לרצפות לוונדר 4 ל',קומפלקס כימיקלים,IL,סנט מוריץ ניקוי לרצפ,קילוגרמים,4.00,ליטר,false,,12.90,3.2250,true,1,131402
7290002814931,false,נוזל רצפות שמפו פרחים סנט מוריץ 4 ליטר,קומפלקס כימיקלים בעמ,IL,סנט מוריץ חומר לניקו,קילוגרמים,4.00,ליטר,false,,12.90,3.2250,true,1,131404
7290002814948,false,סנט מוריץ מגבוני דלי לרצפה 50 יחידות עם חור,קומפלקס כימיקלים,IL,סנט מוריץ מגבוני דלי,Unknown,0.00,יחידה,false,,29.90,0.0000,true,1,198863
7290002814979,false,הום ניילון נצמד זוג,,,הום ניילון נצמד זוג,Unknown,0.00,יחידה,false,,10.90,0.0000,true,1,202568
7290002814986,false,סנט מוריץ מגבונים לניקוי כללי בדלי 400 יחידות בריח לימון,קומפלקס כימיקלים,IL,סנט מוריץ מגבונים לנ,Unknown,0.00,יחידה,false,,19.90,0.0000,true,1,198864
7290002824183,false,"גבינה לבנה סקי 500 גרם 5% ""שטראוס"" -מוצר בפיקוח",מיוצר עי קונדיטוריית,IL,סקי גבינה לבנה 5% 50,גרמים,500.00,100 גרם,false,,9.50,1.9000,true,1,139833
7290002824466,false,יוגורט דנונה ביו לבן 0% שומן 200 גרם,"שטראוס בריאות בע""\מ",IL,דנונה לבן 0% 200 גרם,גרמים,200.00,100 גרם,false,,3.50,1.7500,true,1,139834
7290002824640,false,"גבינת סקי 250 גרם 5% ""שטראוס"" -מוצר בפיקוח",מיוצר עי קונדיטוריית,IL,סקי גבינה לבנה 5% 25,גרמים,250.00,100 גרם,false,,4.98,1.9920,true,1,139835
7290002830948,false,גבינת עיזים מותכת 30% מון בלאן 120 גרם,סלס קרית מלאכי ישראל,IL,מון בלאן גבינת עיזים,גרמים,120.00,100 גרם,false,,11.90,9.9167,true,1,122874
7290002862000,false,הררית אריסה טוניסאית,"הררית מזון בע""מ",IL,הררית אריסה טוניסאית,גרמים,250.00,100 גרם,false,,13.90,5.5600,true,1,152371
7290002862031,false,אריסה 250מתובלת הררית,"הררית מזון בע""מ",IL,הררית אריסה פיקנטית,Unknown,0.00,יחידה,false,,13.90,0.0000,true,1,152373
7290002862093,false,חזרת 250 גרם,"הררית מזון בע""מ",IL,חזרת 250 גר,Unknown,0.00,יחידה,false,,12.90,0.0000,true,1,152376
7290002862123,false,סחוג ירוק 150 גר הררית,"הררית מזון בע""מ",IL,סחוג ירוק 150 גרם,גרמים,150.00,100 גרם,false,,9.90,6.6000,true,1,152377
7290002862277,false,ממרח לימון 200 גרם,הררית מזון בעמ,IL,ממרח לימון 200 גרם,גרמים,200.00,100 גרם,false,,14.90,7.4500,true,1,182001
7290002862338,false,סחוג אדום 150 גרם,"הררית מזון בע""מ",IL,סחוג אדום 150 גרם,גרמים,150.00,100 גרם,false,,9.90,6.6000,true,1,152379
7290002862369,false,עמבה בצנצנת,,IL,עמבה 260 גרם,גרמים,260.00,100 גרם,false,,12.90,4.9615,true,1,152381
7290002862802,false,הררית אריסה בתוספת לימון 250מל,הררית מזון בעמ,IL,אריסה בתוספת לימון 2,גרמים,250.00,100 גרם,false,,14.90,5.9600,true,1,182005
7290002868996,false,"קוטג' 5% שומן, רכיבים טבעיים, 250 גרם",קריות זול,IL,קוטג' 5% שומן רכיבי,,250.00,100 מל,false,,6.20,0.0248,true,1,117813
7290002871248,false,"בירה טובורג רד בקבוק 500 מ""ל חוזר",מבשלות בירה בינלאומיות ב,IL,בירה טובורג רד בבקבו,,500.00,100 מל,false,,7.80,0.0156,true,1,113194
7290002871361,false,"בירה קרלסברג בקבוק 500 מ""ל חוזר",מבשלות בירה בינלאומיות ב,IL,בירה קרלסברג בבקבוק,,500.00,100 מל,false,,7.90,0.0158,true,1,113195
7290002881018,false,מעדן תות שדה סאן מורנו 284 גרם,קריות זול,,סן מורנו מעדן תות שד,גרמים,284.00,100 גרם,false,,12.10,4.2606,true,1,129839
7290002881032,false,מעדן אוכמניות כחולות 100% 284 גרם,קריות זול,,סן מורנו מעדן אוכמני,גרמים,284.00,100 גרם,false,,12.10,4.2606,true,1,118563
7290002881247,false,פרוסות אננס בסירופ קל תומר 850 גרם,"אניס פארם בע""מ",VN,אננס פרוסות 850 גרם,גרמים,850.00,100 גרם,false,,10.90,1.2824,true,1,181385
7290002881513,false,חמאת בוטנים עם שברי בוטנים תמר 510 גר',Niza s a,,חמאת בוטנים עם שברי,גרמים,510.00,100 גרם,false,,12.10,2.3725,true,1,118585
7290002881551,false,עלי גפן בשמן זית ממולא 400ג תומר,אסמה תורכיה,IL,עלי גפן ממולאים 400,גרמים,400.00,100 גרם,false,,8.90,2.2250,true,1,118586
7290002881612,false,לפתן דובדבנים חמוצים ללא חרצן תומר 720 ג',Fructo sliven jsc,BG,לפתן דובדבנים חמוצים,גרמים,700.00,100 גרם,false,,10.20,1.4571,true,1,118590
7290002881872,false,"פטריות חתוכות 290 גרם ""תומר""",,NL,פטריות חתוך 290 גר',גרמים,290.00,100 גרם,false,,4.90,1.6897,true,1,202275
7290002881940,false,סרדינים מרוקאי בשמן חמניות 125ג' תומר,Union des pecheries,,סרדין מרוקאי בשמן 12,גרמים,125.00,100 גרם,false,,5.10,4.0800,true,1,118599
7290002881957,false,סרדינים מרוקאי חריף בשמן חמניות 125ג' תומר,Union des pecheries,,סרדין מרוקאי חריף 12,גרמים,125.00,100 גרם,false,,5.10,4.0800,true,1,118600
7290002900566,false,פסטרמה ברביקיו דל שומן טירת צבי 400 גרם,הנסיך- מפעל לייצור ט,IL,טירת צבי פסטרמה ברבי,גרמים,360.00,100 גרם,false,,29.90,8.3056,true,1,114160
7290002921165,false,"חלב לניקוי רהיטי עור הזלין יעקבי 400 מ""ל",אסטוניש -לידס,DE,הזלין: חלב עור 250 מ,Unknown,250.00,יחידה,false,,36.90,0.1476,true,1,120218
7290002921240,false,"קרבונה שמפוזר לניקוי שטיחים וריפוד יעקבי 650 מ""ל",קרבונה Carbona,MX,שמפוזר מסיר כתים משט,מיליליטרים,650.00,"100 מ""ל",false,,24.90,3.8308,true,1,120221
7290002929642,false,רביעיית טונה בשמן ויליגר 140 גרם,דיאמנט פוד פרודקט קו,TH,ויליגר טונה 4* 140 ג,Unknown,4.00,יחידה,false,,20.90,5.2250,true,1,122884
7290002954026,false,"שמן תירס ""שוקחה"" 3 ליטר",איי.די.אם אנטוורפאן. וי,AR,שוקחה שמן תירס 3 ליט,קילוגרמים,3.00,ליטר,false,,39.90,13.3000,true,1,142810
7290002954040,false,שמן תירס שוקחה 1 ליטר,לסיור,FR,שמן תירס שוקחה 1 לי,קילוגרמים,1.00,ליטר,false,,13.90,13.9000,true,1,142811
7290002954095,false,שמן תירס 5ל' שוקחה,,,שמן תירס 5 ליטר,קילוגרמים,5.00,ליטר,false,,69.90,13.9800,true,1,202700
7290002954187,false,"אורז יסמין 5 ק""ג שוקחה",בני ג'ורג' שוקחה חיפ,IL,שוקחה אורז יסמין 5 ק,פריט,5.00,"ק""ג",false,,49.90,9.9800,true,1,142817
7290002954200,false,"אורז יסמין 1 ק""ג שוקחה",בני ג'ורג' שוקחה חיפ,TH,שוקחה אורז יסמין 1 ק,פריט,1.00,"ק""ג",false,,10.90,10.9000,true,1,142818
7290002954330,false,"תה גרבה תפ""ז 1 ק""ג",,,"תה גרבה תפ""ז 1 ק""ג",פריט,1.00,"ק""ג",false,,39.90,39.9000,true,1,142820
7290002954354,false,"סמנה 1 ק""ג שוקחה",,,"שומן צמחי 1 ק""ג",פריט,1.00,"ק""ג",false,,24.90,24.9000,true,1,111576
7290002954361,false,פטריות שמפניון חתוכות 400 ג' שוקחה,,,פטריות שמפניון חתוכו,גרמים,400.00,100 גרם,false,,4.90,1.2250,true,1,142821
7290002954392,false,תמצית חרובים סירופ 400 ג',סיתוגלו גידה אתהלאת,TR,תמצית חרובים 150 גרם,גרמים,150.00,100 גרם,false,,14.90,9.9333,true,1,111577
7290002954460,false,"Sunwhite אורז אוסטרלי עגול לסושי-1 ק""ג",בני ג'ורג' שוקחה חיפ,AU,Sunwhite אורז אוסטרל,פריט,1.00,"ק""ג",false,,10.90,10.9000,true,1,142824
7290002954477,false,"אורז עגול אוסטרלי 5 ק""ג סנוואיט",בני ג'ורג' שוקחה חיפ,AU,Sunwhite אורז אוסטרל,פריט,5.00,"ק""ג",false,,49.90,9.9800,true,1,142825
7290002954545,false,מלבין קפה 400 ג' שוקחה,,,מלבין קפה 400 גרם,גרמים,400.00,100 גרם,false,,19.90,4.9750,true,1,142828
7290002954552,false,שוקחה שמן סויה 3 ליט,,,שוקחה שמן סויה 3 ליט,קילוגרמים,3.00,ליטר,false,,35.90,11.9667,true,1,186307
7290002971016,false,"שטיבל סולת חיטה 1 ק""ג","שטיבל בע""מ",IL,"סולת 1 ק""ג",פריט,1.00,"ק""ג",false,,4.90,4.9000,true,1,128681
7290002971191,false,"קמח לבן שפם 1 ק""ג",,,"קמח לבן שפם 1 ק""ג",פריט,1.00,"ק""ג",false,,4.00,4.0000,true,1,157101
7290002986294,false,פתיבר ג'מבו גטניו 600 גרם,אחים גטניו,IL,גטניו פתי בר ג'מבו (,גרמים,600.00,100 גרם,false,,10.90,1.8167,true,1,198770
7290002986300,false,פתיבר ג'מבו שוקו גטניו 600 גרם,,,גטניו פתי בר שוקו ג',גרמים,600.00,100 גרם,false,,10.90,1.8167,true,1,198771
7290002987963,false,"סלט חומוס אחלה 1 ק""ג",מיוצר עי קונדיטוריית,IL,חומוס אחלה 1 קג,גרמים,1000.00,100 גרם,false,,13.90,1.3900,true,1,139837
7290003009183,false,"סירופ דיאט תפוחים פריגת 750 מ""ל",סירופ - גבעת חיים,IL,סירופ דיאט תפוחים 75,,750.00,100 מל,false,,22.90,0.0305,true,1,137357
7290003009329,false,בוטנים אמריקאיים קליית גת 200 גרם,הדקלאים אגודת שיתופי,IL,בוטנים אמריקאים 200,גרמים,200.00,100 גרם,false,,6.90,3.4500,true,1,121017
7290003009596,false,"סירופ דיאט אשכוליות פריגת 750 מ""ל",סירופ - גבעת חיים,IL,סירופ דיאט אשכולית 7,,750.00,100 מל,false,,22.90,0.0305,true,1,137359
7290003009640,false,מיץ תפוזים סחוט רכיבים טבעיים פריגת 1 ליטר,פריגת מצוננים,IL,פריגת סחוט תפוזים קל,,1000.00,100 מל,false,,18.90,0.0189,true,1,117814
7290003026036,false,"ד""ר פישר - קמיל בלו סנסיטיב אל סבון עדין לתינוק 1 ליטר",פישר מעבדות פרמצבטיות בע,IL,קמיל בלו סנסיטיב מוע,קילוגרמים,1.00,ליטר,false,,32.90,32.9000,true,1,136851
7290003026197,false,"קמיל בלו סנסטיב שמן טיפולי ד""ר פישר 500 מ""ל",פישר מעבדות פרמצבטיות בע,IL,קמיל בלו שמן טיפולי,מיליליטרים,520.00,"100 מ""ל",false,,30.00,5.7692,true,1,111211
7290003026227,false,"קמיל בלו שמפו לתינוק סנסיטיב אל דמע ד""ר פישר 1 ליטר",פישר מעבדות פרמצבטיות בע,IL,קמיל בלו סנסיטיב שמפ,קילוגרמים,1.00,ליטר,false,,32.90,32.9000,true,1,136852
7290003026234,false,"ד""ר פישר - קמיל בלו תחליב לתינוק 500 מ""ל",פישר מעבדות פרמצבטיות בע,IL,קמיל בלו תחליב לתינו,Unknown,500.00,יחידה,false,,30.00,0.0600,true,1,111212
7290003029181,false,משקה יטבתה שוקו' בקבוק 1ל מהדרין,שטראוס גרופ,IL,שוקו יטבתה 1 ליטר,,1000.00,100 מל,false,,11.90,0.0119,true,1,139841
7290003029372,false,משקה חלב בטעם בננה יטבתה 1 ליטר,שטראוס גרופ,IL,יטבתה משקה חלב בננה,,1000.00,100 מל,false,,11.90,0.0119,true,1,139844
7290003029389,false,"משקה חלב בננה פקק ספורט 250 מ""ל יוטבתה",שטראוס גרופ,IL,יטבתה משקה חלב בננה+,,250.00,100 מל,false,,5.20,0.0208,true,1,139845
7290003029433,false,"משקה יטבתה שוקו פקק 250 מ""ל מהדרין",שטראוס גרופ,IL,שוקו אישי פקק 250 מל,,250.00,100 מל,false,,5.20,0.0208,true,1,139846
7290003029532,false,מוקה בבקבוק יטבתה 1 ליטר מהדרין,שטראוס גרופ,IL,מוקה בקבוק 1 ליטר,,1000.00,100 מל,false,,11.90,0.0119,true,1,139847
7290003029617,false,שמנת מנה אישית 100 גרם מהדרין,שטראוס גרופ,IL,שמנת חמוצה יטבתה 15%,גרמים,100.00,100 גרם,false,,1.90,1.9000,true,1,139848
7290003029792,false,"משקה יטבתה שוקו שקיות מהדרין מארז 225X8מ""ל",שטראוס גרופ,IL,מארז 8 שקיות שוקו יט,קילוגרמים,1.80,ליטר,false,,19.90,11.0556,true,1,139849
7290003029815,false,כד חלב 3% יטבתה 2 ליטר מהדרין,שטראוס גרופ,IL,חלב 3% מועשר בסידן ו,קילוגרמים,2.00,ליטר,false,,14.90,7.4500,true,1,139850
7290003029907,false,אייס קפה יטבתה 1 ליטר מהדרין,שטראוס גרופ,IL,יטבתה אייס קפה 1ל,,1000.00,100 מל,false,,11.90,0.0119,true,1,139852
7290003035946,false,מורטדלה 200 גרם,,,מורטדלה 200 גרם,גרמים,200.00,100 גרם,false,,4.90,2.4500,true,1,141002
7290003054657,false,חרדל ריין דיז'ון אקסטרה פורטה 370 גרם,ריין דיז'ון reine dijon,FR,חרדל דיז'ון אקסטרא פ,גרמים,370.00,100 גרם,false,,12.90,3.4865,true,1,140654
7290003069682,false,בצק פילאס קפוא 500 גרם שלושת האופים,שלושת האופים שגמור,IL,בצק פילאס 500 גרם,גרמים,500.00,100 גרם,false,,19.90,3.9800,true,1,122896
7290003069705,false,"פיצה אישית גבינה דק 80 ג' תפזורת בד""צ",שגמור ייצור ושווק מוצרי,IL,פיצה גבינה תפזורת,Unknown,0.00,יחידה,false,,2.90,0.0000,true,1,122897
7290003072965,false,קבנוס חריף מעושן טירת צבי 120 גרם,טיב טירת צבי 2000,IL,טירת צבי קבנוס חריף,גרמים,120.00,100 גרם,false,,10.90,9.0833,true,1,170136
7290003075102,false,לאבנה אסלי מחלבת רגב,מחלבת רג'ב,IL,רגב לאבנה בגביע 11%,Unknown,1.00,יחידה,false,,34.90,34.9000,true,1,121657
7290003075553,false,לבנה רג'ב 11% 500 גרם,מחלבת רג'\ב,IL,רגב לאבנה 11% 500 גר,גרמים,500.00,100 גרם,false,,21.90,4.3800,true,1,121659
7290003075607,false,רגב לאבנה בשקית 11%,מחלבת רג'ב,IL,רגב לאבנה בשקית 11%,Unknown,1.00,יחידה,false,,34.90,34.9000,true,1,121660
7290003075805,false,גב. ברינזה רג'ב15% 400ג,מחלבת רג'\ב,IL,רגב ברינזה 20% 400ג,גרמים,400.00,100 גרם,false,,32.90,8.2250,true,1,121662
7290003102136,false,צמר גפן COTTON SOFT רפואי 100 גר' 3102136,הדקלאים אגודת שיתופי,TR,צמר גפן רפואי 100 גר,Unknown,0.00,יחידה,false,,4.90,0.0000,true,1,163364
7290003102280,false,55קיסמי אוזניים עם שסתום,טוליפס,CN,טולפיס צימרוני שסתום,Unknown,55.00,יחידה,false,,3.90,0.0709,true,1,163447
7290003102587,false,טוליפס מברשת בקבוק+פ,N.L. Product,CN,טוליפס מברשת בקבוק+פ,Unknown,1.00,יחידה,false,,6.90,6.9000,true,1,163448
7290003102976,false,צימרוני אוזניים פלסטיק בקופסה 200 יחידות,הדקלאים אגודת שיתופי,CN,צימרוני אוזניים פלסט,Unknown,0.00,יחידה,false,,3.90,0.0000,true,1,163369
7290003107247,false,שמרים יבשים אינסטנט33גרם,שטיבל,IL,שמרים יבשים 30 גרם,Unknown,0.00,יחידה,false,,7.90,0.0000,true,1,173645
7290003107353,false,משפר אפיה ביתי שטיבל 30 גרם,ט.ק דגן טכנולוגיות ב,IL,משפר אפיה ביתי,Unknown,0.00,יחידה,false,,7.90,0.0000,true,1,173720
7290003126712,false,יוגורט עיזים מחלב מלא 3.7% משק צוריאל 150 גרם,מחלבת משק צוריאל,IL,יוגורט עיזים טבעי 15,,150.00,100 מל,false,,6.90,0.0460,true,1,117815
7290003126958,false,טופו גבינה גוש בואקום צוריאל 300 ג',א.י.ן תעשיות מזון בע,IL,טופו משק צוריאל,גרמים,350.00,100 גרם,false,,12.90,3.6857,true,1,117816
7290003140237,false,"סילאן לחיץ קליית גת 360 גרם כשל""פ",ליימן מותגים,IL,קליית גת סילאן בבקבו,גרמים,360.00,100 גרם,false,,9.90,2.7500,true,1,121020
7290003141159,false,יוגטה מרשמלו ממתק מוקצף בטעמי תות שדה ווניל 180 גרם,יוגוטה,IL,יוגטה מרשמלו בטעמי ת,גרמים,180.00,100 גרם,false,,6.90,3.8333,true,1,121021
7290003142422,false,גרעיני חמניה בשקית ללא מלח קליית גת 180 גרם,"ג'י אנד ג'י בע""מ",IL,קליית גת גרעינים שחו,גרמים,180.00,100 גרם,false,,6.90,3.8333,true,1,121024
7290003142477,false,ערמונים קלופים וקלויים 100 גרם,הדקלאים אגודת שיתופי,IL,קליית גת ערמונים 100,גרמים,100.00,100 גרם,false,,5.90,5.9000,true,1,121025
7290003143139,false,סילאן תמרים קלית גת 900 ג',"טעמי הגליל בע""\מ",IL,קליית גת סילאן 900 ג,גרמים,900.00,100 גרם,false,,16.00,1.7778,true,1,121029
7290003143146,false,ממרח תמרים קליית גת 450 גרם,הדקלאים אגודת שיתופי,IL,קליית גת ממרח תמרים,גרמים,450.00,100 גרם,false,,7.00,1.5556,true,1,121030
7290003143337,false,סילאן רכיבים טבעיים לחיץ קליית גת 350 גרם,ליימן מותגים,IL,סילאן טבעי לחיץ קליי,גרמים,350.00,100 גרם,false,,19.90,5.6857,true,1,121032
7290003143382,false,גרדינה פינגרס בצילינדר 50 יח',ליימן מותגים,,צילנדר גרדנה פיגרס 6,גרמים,625.00,100 גרם,false,,39.90,6.3840,true,1,121034
7290003144419,false,סילאן טבעי קליית גת 710 גרם,"טעמי הגליל בע""\מ",IL,קליית גת סילאן טבעי,גרמים,710.00,100 גרם,false,,25.90,3.6479,true,1,121049
7290003144693,false,יוגטה סוכריות טופי בטעמי פירות,,,יוגטה סוכריות טופי 8,גרמים,850.00,100 גרם,false,,14.90,1.7529,true,1,121061
7290003145751,false,"קליית גת אגוזי קלויים, 200 גרם",הדקלאים אגודת שיתופי,IL,קשיו קלוי קליית גת 2,גרמים,200.00,100 גרם,false,,19.90,9.9500,true,1,121089
7290003163939,false,מעדני הטלה נקניקיות,יושלם,,מעדני הטלה נקניקיות,Unknown,0.00,יחידה,false,,29.90,0.0000,true,1,122904
7290003185719,false,קבב רומני טיבון ויל 500 גרם,טיבון ויל אחזקות בעמ,IL,קבב רומני 500 גרם,גרמים,500.00,100 גרם,false,,19.90,3.9800,true,1,122905
7290003185726,false,קבב מזרחי טיבון ויל 500 גרם,טיבון ויל אחזקות בעמ,IL,קבב מזרחי 500 גרם,גרמים,500.00,100 גרם,false,,19.90,3.9800,true,1,122906
7290003189137,false,"גבינה שוורצית 1 ק""ג כפיר",צי תעשיות מזון יבנה,IL,שווצרי,גרמים,1000.00,100 גרם,false,,40.00,4.0000,true,1,131727
7290003189144,false,"גבינה הולנדית 22% שומן 1 ק""ג כפיר",צי תעשיות מזון יבנה,IL,כפיר הולנדית 26% 1 ק,פריט,1.00,"ק""ג",false,,40.00,40.0000,true,1,131728
7290003189168,false,"צהובה מעושנת כפיר 1 ק""ג",צי תעשיות מזון יבנה,IL,מעושן,גרמים,1000.00,100 גרם,false,,45.00,4.5000,true,1,131730
7290003208579,false,וודקה גריי גוס רגיל 1 ליטר,,,גריי גוס וודקה 1 ליט,קילוגרמים,1.00,ליטר,false,,159.90,159.9000,true,1,112410
7290003208609,false,"וורמוט מרטיני אדום מתוק 750 מ""ל",מרטיני ורוסי,IT,מרטיני רוסו 750 מל,מיליליטרים,750.00,"100 מ""ל",false,,49.90,6.6533,true,1,173164
7290003208715,false,"וורמוט מרטיני רוסטו 750 מ""ל",,,וורמוט מרטיני רוסטו,מיליליטרים,750.00,"100 מ""ל",false,,49.90,6.6533,true,1,112417
7290003212965,false,עוגיות רוגלך הזהב במארז 400 גר',ר.כ עוגיות הזהב,IL,מובחרות שמרים 400 גר,גרמים,400.00,100 גרם,false,,13.90,3.4750,true,1,189987
7290003220526,false,"רוטב צ'ילי חריף 700 מ""ל WOK",תאי פרידה אינדסטרי,TH,ווק צ'ילי חריף 700 מ,מיליליטרים,700.00,"100 מ""ל",false,,13.90,1.9857,true,1,152540
7290003220533,false,"רוטב צ'ילי מתוק ווק 700 מ""ל",תאי פרידה אינדסטרי ב,TH,ווק צ'ילי מתוק 700 מ,מיליליטרים,700.00,"100 מ""ל",false,,13.90,1.9857,true,1,152541
7290003220588,false,"רוטה צ'ילי מתוק ללא סוכר 700 מ""ל WOK",תאי פרידה אינדסטרי ב,TH,ווק צ'ילי מתוק ללא ס,מיליליטרים,700.00,"100 מ""ל",false,,17.90,2.5571,true,1,152543
7290003220700,false,WOK מחצלת לגלגול סושי 60 גרם,קוסומאי במבוק,CN,ווק מחצלת לגלגול סוש,Unknown,0.00,יחידה,false,,4.90,0.0000,true,1,152549
7290003220724,false,מקלות לסושי צ'ופסטיק יח,קוסומאי במבוק,TH,ווק מקלות לסושי WOK,Unknown,0.00,יחידה,false,,4.90,0.0000,true,1,152551
7290003220748,false,"ווק סויה לתיבול\בהירה WOK 640 מ""ל",ליאנג סאנג האנד הואד,TH,ווק סויה לתיבול/בהיר,מיליליטרים,640.00,"100 מ""ל",false,,11.90,1.8594,true,1,152553
7290003220786,false,"אטריות אורז ללא גלוטן 5 מ""מ 400 ג' WOK",אסיאן סופירה פודס חב,TH,ווק מקלוני אורז עובי,גרמים,400.00,100 גרם,false,,9.90,2.4750,true,1,152557
7290003220830,false,"WOK חומץ אורז יסמין 500 מ""ל",דיאמונד פריזרוד פודס,TH,ווק חומץ אורז יסמין,מיליליטרים,500.00,"100 מ""ל",false,,14.90,2.9800,true,1,152559
7290003220878,false,"WOK רוטב מירין לתיבול 500 מ""ל",דיאמונד פריזרוד פודס,TH,ווק רוטב מירין לתיבו,מיליליטרים,500.00,"100 מ""ל",false,,17.90,3.5800,true,1,152560
7290003220939,false,אטריות אורז דקיקות ללא גלוטן 400 ג' WOK,אסיאן סופירה פודס חב,TH,ווק מקלוני אורז דקים,גרמים,400.00,100 גרם,false,,9.90,2.4750,true,1,152562
7290003224128,false,"כיסונים תפו""א 800 ג' מאמא מרי",מאמא מרי,IL,"כיסוני תפו""א 800 גרם",גרמים,800.00,100 גרם,false,,21.90,2.7375,true,1,131841
7290003224159,false,בלינצ'יס בשר 7 יחידות,מאמא מרי,IL,בלינצ'יס בשר 7 יח',Unknown,0.00,יחידה,false,,23.90,0.0000,true,1,170075
7290003224227,false,פירושקי בשר מאמא מרי,,,פירושקי בשר 7 יח',Unknown,0.00,יחידה,false,,19.90,0.0000,true,1,204208
7290003224258,false,"כיסונים במילוי בשר בקר 1.5 ק""ג",מאמא מרי,IL,קרפלך כיסונים במילוי,Unknown,0.00,יחידה,false,,55.90,0.0000,true,1,183699
7290003224333,false,דובדבנים חמוצים מגול,מאמא מרי,IL,דובדבן חמוץ 300 גרם,גרמים,300.00,100 גרם,false,,12.90,4.3000,true,1,131845
7290003224456,false,"כיסונים בשר סיבירסקי מאמא מרי 1 ק""ג",מאמא מרי,IL,כיסונים בשר סיבירסקי,פריט,1.00,"ק""ג",false,,29.90,29.9000,true,1,131848
7290003224463,false,"כיסונים בשר - אוקראינסקי 1 ק""ג",מאמא מרי,,"כיסונים בשר 1 ק""ג או",גרמים,1000.00,100 גרם,false,,29.90,2.9900,true,1,131849
7290003224470,false,כיסונים בשר - קייבסקי 1 קג,מאמא מרי,IL,כיסונים בשר קייבסקי,Unknown,1.00,יחידה,false,,29.90,29.9000,true,1,131850
7290003224487,false,"כיסונים בשר 1 ק""ג מאמא מרי",מאמא מרי,IL,כיסונים בשר פלמיני 1,Unknown,1.00,יחידה,false,,29.90,29.9000,true,1,131851
7290003224616,false,כיסונים בטעם גבינה מלוחה ופסטו 400 גרם,מאמא מרי,IL,כיסונים טבעוני גבינה,גרמים,400.00,100 גרם,false,,22.90,5.7250,true,1,195758
7290003224654,false,מיקס פירות יער 380 גרם,מאמא מרי,IL,מיקס פירות יער קפוא,גרמים,300.00,100 גרם,false,,14.90,4.9667,true,1,131854
7290003224845,false,"כיסונים תפו""א ופטריות VEGAN 800 גרם","מאמא מרי בע""\מ",IL,"כיסונים תפו""א ופטריו",גרמים,800.00,100 גרם,false,,22.90,2.8625,true,1,192524
7290003229116,false,פסטרמה הודו בדבש שומן טירת צבי 400 גרם,הנסיך- מפעל לייצור ט,IL,טירת צבי א.מ פסטרמה,גרמים,400.00,100 גרם,false,,29.90,7.4750,true,1,114176
7290003229154,false,נקניק סלמי קוניאק טירת צבי 300 גרם,הנסיך- מפעל לייצור ט,IL,טירת צבי סלמי קוניאק,גרמים,300.00,100 גרם,false,,28.30,9.4333,true,1,114179
7290003229208,false,פסטרמה ספרדית 2% טירת צבי 360 גרם,טירת צבי - מדף,IL,טירת צבי פסטרמה ספרד,גרמים,360.00,100 גרם,false,,29.90,8.3056,true,1,114181
7290003229215,false,פסטרמה איטלקית 3.5% טירת צבי 360 גרם,טירת צבי - מדף,IL,טירת צבי פסטרמה איטל,גרמים,360.00,100 גרם,false,,29.90,8.3056,true,1,114182
7290003229222,false,נקניק סלמי תה טירת צבי 300 גרם,הנסיך- מפעל לייצור ט,IL,טירת צבי סלמי תה 300,גרמים,300.00,100 גרם,false,,21.30,7.1000,true,1,114183
7290003258284,false,"קרם גוף מס' 3 350 מ""ל פנינה רוזנבלום",פנינה רוזנבלום,IL,קרם גוף פנינה 3מס,Unknown,400.00,יחידה,false,,26.90,0.0672,true,1,111190
7290003258406,false,"פנינה וואקס בריליאנטין לשיער 100 מ""ל",פנינה רוזנבלום,IL,וואקס בריליאנטין לשי,Unknown,100.00,יחידה,false,,16.90,0.1690,true,1,111191
7290003275120,false,"אלין דאודורנט ספריי 200 מ""ל",,,אלין CRISTAL דאודורנ,מיליליטרים,200.00,"100 מ""ל",false,,19.90,9.9500,true,1,109669
7290003321155,false,יוגורט בר עם פקאן מצופה שוקולד 183 ג' דנונה,"שטראוס בריאות בע""\מ",IL,דנונה קראנצ' יוגורט,גרמים,183.00,100 גרם,false,,4.50,2.4590,true,1,139853
7290003321292,false,גבינה לבנה 9% שומן 250 ג' שטראוס,מיוצר עי קונדיטוריית,IL,סקי גבינה לבנה 9% 25,גרמים,250.00,100 גרם,false,,4.80,1.9200,true,1,139854
7290003332007,false,קפה שחור עם הל 250 גרם,סובחי נחלה ובניו,IL,קפה נחלה 250 גרם,גרמים,250.00,100 גרם,false,,17.90,7.1600,true,1,124668
7290003332014,false,קפה נח'לה אדום עם הל500ג,קפה אל נח'לה,IL,קפה נחלה 500 גרם,גרמים,500.00,100 גרם,false,,29.90,5.9800,true,1,124669
7290003332021,false,"קפה נחלה אדום 1 ק""ג",,,"קפה נחלה 1ק""ג",גרמים,1000.00,100 גרם,false,,59.90,5.9900,true,1,124670
7290003385881,false,במיה ברוטב עגבניות פרי הגליל 540 גרם,"פרי הגליל בע""""מ",IL,במיה ברוטב עגבניות,גרמים,540.00,100 גרם,false,,11.90,2.2037,true,1,134707
7290003387410,false,שלישיית פדים להסרת איפור בלונס 80 יחידות,ספטונה,GR,מגבונים להסרת איפור,Unknown,90.00,יחידה,false,,23.90,0.2656,true,1,111149
7290003401642,false,"קרם לחות לתלתלים טבעיים נטורל פורמולה 400 מ""ל",מיוצר עי אמיליה קוסמ,IL,ק.לחות מעצבת לתלתול,מיליליטרים,400.00,"100 מ""ל",false,,22.90,5.7250,true,1,173076
7290003402809,false,חטיף הרשי ריזס שוקולד לבן 39 גר,ליימן מותגים,US,חטיף בטעם שוקולד לבן,Unknown,0.00,יחידה,false,,3.60,0.0000,true,1,120719
7290003411276,false,עמבה הודית מובחרת הנמל 600ג',טרופיקל דגיל תעשיות,IL,הנמל עמבה 500 גרם,גרמים,500.00,100 גרם,false,,9.90,1.9800,true,1,118253
7290003414406,false,הרשי ריזס נטיפי אפייה בוטנים 283 גר',ליימן מותגים,US,נטיפי בוטנים לאפיה 2,גרמים,283.00,100 גרם,false,,15.90,5.6184,true,1,120720
7290003423909,false,חטיף קוקיס אנד קרים לבן 43 גרם,ליימן מותגים,US,שוקולד לבן עם שברי ע,Unknown,0.00,יחידה,false,,4.90,0.0000,true,1,120721
7290003427154,false,"שמן זית כתית מעולה טעם מעודן זיתא 750 מ""ל",זיתא תעשיות שמן זיתt\,IL,זיתא שמן זית כתית מע,מיליליטרים,750.00,"100 מ""ל",false,,39.90,5.3200,true,1,129542
7290003438006,false,ממרח אולביה פסטו וצנובר איטלקי 190ג',מיוצר עי קונדיטוריית,IL,ממרח פסטו איטלקי 180,גרמים,180.00,100 גרם,false,,13.90,7.7222,true,1,115965
7290003438013,false,ממרח זיתים ירוקים אוליביה 190 גרם,קריות זול,IL,ממרח זיתים אוליביה,גרמים,190.00,100 גרם,false,,13.90,7.3158,true,1,115966
7290003438020,false,ממרח עגבניות מיובשות אוליביה 190 גרם,מיוצר עי קונדיטוריית,IL,ממרח עגבניות עם אגוז,גרמים,190.00,100 גרם,false,,13.90,7.3158,true,1,115967
7290003438709,false,ממרח אולביה זיתים שחורים וירוקים 190 ג',גוד פוד פרודקטס S.p,IL,ממרח זיתים שחורים 19,גרמים,190.00,100 גרם,false,,13.90,7.3158,true,1,115969
7290003438853,false,אוליביה ממרח אריסה חריפה 185 גר ',אוליביה,IL,אוליביה אריסה חריפה,גרמים,185.00,100 גרם,false,,13.90,7.5135,true,1,115970
7290003438990,false,עיטורי עגבניות מיובשות וזיתים אוליביה 280 ג',אוליביה גורמה בעמ,IL,עיטורי עגבניות מיובש,גרמים,280.00,100 גרם,false,,17.90,6.3929,true,1,115971
7290003444009,false,הרשי ריזס חטיף במילוי בוטנים 42 גרם,ליימן מותגים,US,חטיף שוקולד במילוי ח,Unknown,0.00,יחידה,false,,3.90,0.0000,true,1,120724
7290003450602,false,ממרח חרדל היינץ לחיץ 255 גרם,היינץ צפון אמריקה מקבוצת ה.י.היינץ,US,היינץ ממרח חרדל לחיץ,גרמים,225.00,100 גרם,false,,11.00,4.8889,true,1,140655
7290003450725,false,חומץ היינץ בן יין אד,ה.י.היינץ קומפני ל.פ,US,"חומץ יין 5% 355 מ""ל",,355.00,100 מל,false,,12.90,0.0363,true,1,140657
7290003457991,false,טילון קורנטו וניל עם וופל ואגוזי לוז מסוכרים,"גלידת שטראוס בע""\מ, רחוב",IL,קורנטו קלאסיק בטעם ו,,6.00,יחידו,false,,26.90,4.4833,true,1,135308
7290003475124,false,בלונס מסיר איפור 80 יח,קריות זול,GR,עננים צמר גפן 100 גר,Unknown,0.00,יחידה,false,,6.90,0.0000,true,1,128149
7290003514007,false,מנה שקדי מרק מנה 400 גרם,מנה Mana,IL,שקדי מרק 400 גר,גרמים,400.00,100 גרם,false,,8.90,2.2250,true,1,128150
7290003521074,false,"ד""ר פישר - סרקל מרכך שיער לילדים 1 ליטר",פישר מעבדות פרמצבטיות בע,IL,סרקל מרכך שיער לילדי,קילוגרמים,1.00,ליטר,false,,29.90,29.9000,true,1,111213
7290003521166,false,"ד""ר פישר - סרקל קרם רוזמרין לילדים 325 מ""ל",פישר מעבדות פרמצבטיות בע,IL,סרקל קרם רוזמרין,גרמים,325.00,100 גרם,false,,26.00,8.0000,true,1,136854
7290003521197,false,"ד""ר פישר - סרקל תרסיס מתיר קשרים 340 מ""ל",פישר מעבדות פרמצבטיות בע,IL,סרקל מתיר קשרים 340,מיליליטרים,340.00,"100 מ""ל",false,,26.00,7.6471,true,1,111215
7290003521210,false,"סרקל מרכך לשיער לילדים ד""ר פישר 2 ליטר",פישר מעבדות פרמצבטיות,IL,סרקל מרכך שיער לילדי,קילוגרמים,2.00,ליטר,false,,39.90,19.9500,true,1,111217
7290003521340,false,"קמיל בלו אל סבון קלאסיק ד""ר פישר 2 ליטר",פישר מעבדות פרמצבטיות בע,IL,קמיל בלו קלאסיק 2 לי,קילוגרמים,2.00,ליטר,false,,39.90,19.9500,true,1,111218
7290003521395,false,"קמיל בלו סנסיטיב אל סבון ד""ר פישר 2 ליטר",פישר מעבדות פרמצבטיות בע,IL,קמיל בלו אל סבון ורו,קילוגרמים,2.00,ליטר,false,,39.90,19.9500,true,1,111219
7290003521463,false,"קמיל בלו שמפו לשיער אל דמע ד""ר פישר 2 ליטר",פישר מעבדות פרמצבטיות בע,IL,קמיל בלו שמפו שיער א,קילוגרמים,2.00,ליטר,false,,39.90,19.9500,true,1,111220
7290003524297,false,אספרגוס לבן שלם בצנצנת ויליגר 330 גרם,צ'אמפהאוס טרידייג קו,CN,אספרגוס שלם לבן בצנצ,גרמים,330.00,100 גרם,false,,11.90,3.6061,true,1,122912
7290003525898,false,שלישיית סלט טונה ויליגר 160 גרם,נטו מלינדה,,סלט טונה 180 גרם,גרמים,480.00,100 גרם,false,,14.90,3.1042,true,1,122916
7290003525904,false,שלישיית סלט טונה פיקנטי ויליגר 160 גרם,ויליגר,,3 סלט טונה פיקנטי,גרמים,480.00,100 גרם,false,,14.90,3.1042,true,1,122917
7290003527380,false,דובדבן ללא חרצן בצנצנת ויליגר 680 גרם,גולדסטארקפט,,דובדבן מתוק ללא חרצן,Unknown,0.00,יחידה,false,,10.90,0.0000,true,1,122921
7290003550753,false,רביעיית טונה בשמן פוסידון 108 גרם,"מיוצר עי וליגר בעמ,",IL,טונה פוסידון בשמן 4*,Unknown,4.00,יחידה,false,,21.90,5.4750,true,1,122924
7290003578061,false,לבבות דקל שלמים ויליפוד 400 גרם,אלימנטוס אי קונסרבס,EC,ויליפוד לבבות דקל של,גרמים,400.00,100 גרם,false,,13.90,3.4750,true,1,115498
7290003578108,false,חתיכות אננס בסירופ קל וילי פוד 850 גרם,טקרנג פינאפל אינדסטר,TH,ויליפוד חתיכות אננס,גרמים,850.00,100 גרם,false,,10.90,1.2824,true,1,195663
7290003578153,false,נתחי טונה בשמן צמחי 160ג' וילי פוד,גולדן פרייז קאנינג א,TH,וילי פוד נתחי טונה ב,גרמים,160.00,100 גרם,false,,6.00,3.7500,true,1,115501
7290003578177,false,תירס צעיר שלם וילי פוד 210 גרם,מגסטיק פוד אידסטרי ק,TH,תירס גמדי 410 גרם,גרמים,410.00,100 גרם,false,,7.90,1.9268,true,1,115503
7290003578313,false,דובדבנים ללא חרצנים ויליפוד 680 גרם,דל מונטה היילס אס.אי,HR,דובדבנים חמוצים ללא,גרמים,680.00,100 גרם,false,,11.90,1.7500,true,1,115506
7290003578412,false,לפתן חצאי אפרסק 820 גרם ויליפוד,וילי פוד,GR,ויליפוד חצאי אפרסקים,גרמים,820.00,100 גרם,false,,10.90,1.3293,true,1,202078
7290003582730,false,חובט שטיחים,,,חובט שטיחים,Unknown,0.00,יחידה,false,,12.90,0.0000,true,1,200979
7290003583409,false,סל כביסה מותן 64/45/,,,סל כביסה מותן 64/45/,Unknown,0.00,יחידה,false,,34.90,0.0000,true,1,191370
7290003583584,false,קערה עגולה קוטר 32 ס,אליבו,CN,קערה עגולה קוטר 32 ס,Unknown,0.00,יחידה,false,,6.90,0.0000,true,1,178265
7290003643004,false,"סוגת אורז בסמטי קלאסי 1 ק""ג",האי נאם סי או אל.טי.,IL,סוגת אורז בסמטי קלאס,פריט,1.00,"ק""ג",false,,14.90,14.9000,true,1,124694
7290003643134,false,סוכר וניל סוגת 100 גרם מארז 10 יחידות,גוד פוד פרודקטס S.p,IL,סוגת סוכר וניל 10 יח,Unknown,10.00,יחידה,false,,2.50,0.2500,true,1,124696
7290003643158,false,קורנפולר שקית 200 ג' סוגת,המאפיה של הרמן,IL,קורנפלור סוגת 200 גר,גרמים,200.00,100 גרם,false,,4.90,2.4500,true,1,124698
7290003643165,false,קורנפלור סוגת 500 גר,"י. כהן בע""מ",IL,קורנפלור סוגת 500 גר,גרמים,500.00,100 גרם,false,,6.90,1.3800,true,1,124699
7290003643325,false,קוסקוס בינוני סוגת 350 גרם,"אסיף תעשיות מזון בע""\מ",IL,סוגת קוסקוס מזרחי 35,גרמים,350.00,100 גרם,false,,4.90,1.4000,true,1,124702
7290003643387,false,"סוכר לבן בצנצנת 1 ק""ג סוגת",האי נאם סי או אל.טי.,IL,סוכר לבן בצנצנת סוגת,גרמים,1000.00,100 גרם,false,,9.90,0.9900,true,1,124703
7290003643646,false,"סוכר דמררה קלאסי בצנצנת סוגת 1 ק""ג",האי נאם סי או אל.טי.,IL,סוכר דמררה סוגת בצנצ,גרמים,1000.00,100 גרם,false,,12.90,1.2900,true,1,124704
7290003643684,false,אפונה יבשה סוגת 500 גר',האי נאם סי או אל.טי.,IL,סוגת אפונה 500 גרם,גרמים,500.00,100 גרם,false,,6.90,1.3800,true,1,124705
7290003643707,false,סוגת גריסים 500 גרם,"סוגת תעשיות בע""מ",IL,סוגת גריסים 500 גרם,גרמים,500.00,100 גרם,false,,4.90,0.9800,true,1,124706
7290003643714,false,חומוס גרגירים 500 גרם סוגת,האי נאם סי או אל.טי.,IL,סוגת חומוס 500 גרם,גרמים,500.00,100 גרם,false,,7.90,1.5800,true,1,124707
7290003643738,false,סוגת חיטה 500 גרם,האי נאם סי או אל.טי.,IL,סוגת חיטה 500 גר,גרמים,500.00,100 גרם,false,,4.90,0.9800,true,1,124708
7290003643745,false,סוגת כוסמת 500 גרם,האי נאם סי או אל.טי.,IL,סוגת כוסמת 500 גר,גרמים,500.00,100 גרם,false,,7.90,1.5800,true,1,124709
7290003643752,false,עדשים ירוקים יבש סוגת 500 גר',האי נאם סי או אל.טי.,IL,סוגת עדשים ירוקים 50,גרמים,500.00,100 גרם,false,,7.90,1.5800,true,1,124710
7290003643769,false,עדשים אדומים יבש סוגת 500 גר',"סוגת תעשיות בע""\מ",IL,סוגת עדשים אדומים 5,גרמים,500.00,100 גרם,false,,7.90,1.5800,true,1,124711
7290003643776,false,"פופקורן גרעינים סוגת 500 ג' כשל""פ",האי נאם סי או אל.טי.,IL,סוגת פופקורן 500 גר,גרמים,500.00,100 גרם,false,,5.50,1.1000,true,1,124712
7290003643783,false,קוקוס טחון סוגת 100 גרם,האי נאם סי או אל.טי.,IL,קוקוס סוגת 100 גרם,Unknown,0.00,יחידה,false,,4.10,0.0000,true,1,124713
7290003643806,false,שעועית לבנה יבשה סוגת 500 ג',האי נאם סי או אל.טי.,IL,סוגת שעועית לבנה 500,גרמים,500.00,100 גרם,false,,10.90,2.1800,true,1,124714
7290003643813,false,שעועית אדומה יבשה סוגת 500 גר',האי נאם סי או אל.טי.,IL,סוגת שעועית חומה 500,גרמים,500.00,100 גרם,false,,11.90,2.3800,true,1,124715
7290003643820,false,חומוס ענק יבש סוגת 500 גרם,"סוגת תעשיות בע""\מ",IL,סוגת חומוס ענק 500 ג,גרמים,500.00,100 גרם,false,,9.90,1.9800,true,1,124716
7290003726592,false,טופו מתובל בפסטו במרקם קלאסי,"משק ויילר בע""\מ",IL,טופו ויילר בטעם פסטו,גרמים,300.00,100 גרם,false,,12.90,4.3000,true,1,139855
7290003726615,false,"טופו ויילר 300 גרם ""שטראוס""",הדקלאים אגודת שיתופי,IL,טופו ויילר 300 גרם,גרמים,300.00,100 גרם,false,,12.90,4.3000,true,1,139856
7290003726622,false,טופו פיקנטי 300 ג' משק ויילר,"משק ויילר בע""\מ",IL,טופו קשה בטעם פיקנטי,גרמים,300.00,100 גרם,false,,13.90,4.6333,true,1,195782
7290003726752,false,קציצות טופו ברוקולי קישוא אפונה 400 גר,משק ויילר,IL,קציצות טופו ברוקולי,Unknown,0.00,יחידה,false,,23.90,0.0000,true,1,195649
7290003726769,false,קציצות טופו עם בטטה וגזר 400 גרם - משק ויילר,משק ויילר,IL,קציצות טופו בטטה וגז,Unknown,0.00,יחידה,false,,23.90,0.0000,true,1,195650
7290003726806,false,שניצל טופו עם ברוקולי 420 גר,משק ויילר,IL,טופו שניצל בתוספת בר,גרמים,420.00,100 גרם,false,,29.90,7.1190,true,1,198532
7290003781065,false,מלפפונים בחומץ קטנים מאוד וילי פוד 370 גרם,וילי פוד,VN,מלפפון בחומץ 680 גרם,גרמים,680.00,100 גרם,false,,12.90,1.8971,true,1,115511
7290003781652,false,צלפים במי מלח וילי פוד 230 גרם,קריות זול,TR,צלפים 230 גרם,גרמים,230.00,100 גרם,false,,9.90,4.3043,true,1,115512
7290003804252,false,תיבולית קנור בנוסח הודי 72 גרם,יוניליוור ישראל מזון בע\,IL,תיבולית קנור בנוסח ה,Unknown,0.00,יחידה,false,,8.90,0.0000,true,1,119530
7290003804320,false,תיבולית שום ופטרוזיליה קנור 72 גרם,יוניליוור ישראל מזון בע\,IL,תיבולית קנור שום 72,Unknown,0.00,יחידה,false,,8.90,0.0000,true,1,119531
7290003804368,false,"תיבוליות בזיליקום קנור 72 גרם בד""צ",יוניליוור ישראל מזון בע\,IL,תיבולית קנור בזיליקו,Unknown,0.00,יחידה,false,,8.90,0.0000,true,1,119534
7290003804382,false,"תיבוליות פטריות קנור 72 גרם בד""צ",יוניליוור ישראל מזון בע\,IL,תיבולית קנור פטריות,Unknown,0.00,יחידה,false,,8.90,0.0000,true,1,119536
7290003805501,false,"פתית שוודי חסכוני בד""צ 300 גרם",יוניליוור ישראל מזון בע\,IL,פתית שבדי 300 גרם,גרמים,300.00,100 גרם,false,,15.90,5.3000,true,1,119541
7290003805587,false,"פתית חיטה מלאה בד""צ 250 גרם-קופסא",יוניליוור ישראל מזון בע\,IL,פתית חטיה מלאה 250 ג,גרמים,250.00,100 גרם,false,,15.90,6.3600,true,1,119545
7290003807178,false,"רוטב קנור סויה בסגנון סיני 300 מ""ל",יוניליוור ישראל מזון בע\,IL,רוטב סויה בסגנון סינ,גרמים,300.00,100 גרם,false,,11.90,3.9667,true,1,119557
7290003807482,false,קנור רוטב טריאקי מופחת נתרן 370 גרם,יוניליוור ישראל מזון בע\,IL,"רוטב טריאקי 300 מ""ל",Unknown,300.00,יחידה,false,,11.90,0.0397,true,1,119560
7290003864478,false,סרדינים בשמן צמחי פתח קל ויליפוד 110 גרם,גולדן פרייז קאנינג א,TH,וילי פוד סרדין בשמן,גרמים,110.00,100 גרם,false,,4.90,4.4545,true,1,115517
7290003864485,false,סרדינים ברוטב עגבנ יות ויליפוד 110ג' פתח קל,גולדן פרייז קאנינג א,TH,וילי פוד סרדינים ברו,גרמים,110.00,100 גרם,false,,4.90,4.4545,true,1,115518
7290003864492,false,סרדינים בשמן צמחי חריף פתח קל ויליפוד 110ג',גולדן פרייז קאנינג א,TH,וילי פוד סרדין בשמן,גרמים,120.00,100 גרם,false,,4.90,4.0833,true,1,115519
7290003882922,false,עלי גפן ממולאים באורז וילי פוד 360 גרם,הזה פלאקספו פוד קו ב,CN,ויליפוד עלי גפן ממול,גרמים,400.00,100 גרם,false,,9.90,2.4750,true,1,115522
7290003896141,false,חטיף ספרדי פיקנטי אלמנדוס 200 גרם,הדקלאים אגודת שיתופי,IL,אלמנדוס חטיף ספרדי פ,גרמים,200.00,100 גרם,false,,9.90,4.9500,true,1,121092
7290003989539,false,לורנצו רביולי במילוי גבינה,מיוצר עי קונדיטוריית,IL,שטראוס רביולי גבינה,גרמים,400.00,100 גרם,false,,20.90,5.2250,true,1,139858
7290003989553,false,פסטה טורטליני גבינה ופטריות 400 גרם,מיוצר עי קונדיטוריית,IL,שטראוס רביולי טורטלי,גרמים,400.00,100 גרם,false,,19.90,4.9750,true,1,139859
7290004000612,false,סלט טרי,,,סלט טרי,Unknown,0.00,יחידה,false,,10.90,0.0000,true,1,158937
7290004000810,false,"חצי יריח 90 ס""מ לבן",,,"חצי יריח 90 ס""מ לבן",Unknown,0.00,יחידה,false,,199.90,0.0000,true,1,180044
7290004000821,false,גדר 5112,,,גדר 5112,Unknown,0.00,יחידה,false,,129.90,0.0000,true,1,180051
7290004006440,false,בקבוק מעוצב עם ידיות,,,בקבוק מעוצב עם ידיות,Unknown,1.00,יחידה,false,,16.90,16.9000,true,1,163430
7290004011284,false,"ריץ' בסיס להכנת קצפת 212 מ""ל",ריצ' פרודקטס קורפריי,US,ריצ בסיס להכנת קצפת,Unknown,212.00,יחידה,false,,8.90,0.0420,true,1,122928
7290004011291,false,"קצפת ריץ' בסיס קרטונית 425 מ""ל",ריצ' פרודקטס קורפורי,US,ריצ בסיס להכנת קצפת,Unknown,425.00,יחידה,false,,12.90,0.0304,true,1,122929
7290004011338,false,"ספריי קצפת מתוקה מוכנה ריץ' 250 מ""ל",האי נאם סי או אל.טי.,IT,ריצ קצפת במיכל 250מל,Unknown,250.00,יחידה,false,,15.60,0.0624,true,1,122930
7290004011345,false,"ספריי קצפת מתוקה מוכנה פרווה ריץ' 238 מ""ל",האי נאם סי או אל.טי.,IT,קצפת ריץ במיכל פרווה,Unknown,250.00,יחידה,false,,15.10,0.0604,true,1,122931
7290004011796,false,קבבונים אל גאוצ'ו 400 גרם,"טיבון ויל אחזקות בע""",IL,אל גאוצו קבבונים 400,גרמים,400.00,100 גרם,false,,20.90,5.2250,true,1,122934
7290004011802,false,נקניקיות צ'וריסוס אל גאוצ'ו 400 גר',טיבון ויל אחזקות בעמ,IL,טיבון ויל צוריסוס אל,גרמים,400.00,100 גרם,false,,23.90,5.9750,true,1,122935
7290004014407,false,עדשי מ&מ'ס חמאת בוטנים46,מרס נדרלנד,US,אם.אנד.אם חמאת בוטני,Unknown,0.00,יחידה,false,,5.00,0.0000,true,1,148834
7290004022309,false,עדשי מ&מ'ס חמאת בוטנים80,מרס,GB,אמ אנד אמז חמאת בוטנ,Unknown,0.00,יחידה,false,,6.90,0.0000,true,1,148835
7290004030018,false,"מיץ לימון סחוט לסלטים 500 מ""ל פרי העץ",הנסיך- מפעל לייצור ט,IL,מיץ לימון סחוט לתיבו,מיליליטרים,500.00,"100 מ""ל",false,,7.90,1.5800,true,1,130280
7290004043108,false,עדשי מ&מ'ס שוקולד 89 גרם,מרס,US,אמ אנד אמז שוקולד 89,Unknown,0.00,יחידה,false,,6.90,0.0000,true,1,148836
7290004043205,false,עדשי שוק.מ&מ'ס בוטנים90ג,מרס,US,אמ אנד אמז בוטנים 93,Unknown,0.00,יחידה,false,,6.90,0.0000,true,1,148837
7290004048679,false,"קובה למרק שלושת האופים 1 ק""ג","שלושת האופים בע""\מ",IL,קובה למרק 1 קג שלושת,Unknown,1.00,יחידה,false,,22.90,22.9000,true,1,122939
7290004061487,false,טבעות עוף 700 גר,פרסקו,,טבעות עוף,Unknown,0.00,יחידה,false,,15.90,0.0000,true,1,195641
7290004063016,false,"מלח שולחן דק סלית 1 ק""ג בדץ",האי נאם סי או אל.טי.,IL,מלח שולחן דק סלית 1,גרמים,1000.00,100 גרם,false,,1.70,0.1700,true,1,141911
7290004063115,false,"מלח מטבח עבה להמלחת בשר ובישול 1 ק""ג",האי נאם סי או אל.טי.,IL,"מלח גס בישול 1ק""ג",פריט,1.00,"ק""ג",false,,1.70,1.7000,true,1,141912
7290004064174,false,"תבלין מלח ההימלאיה דק בצנצנת 1 ק""ג","חברת מלח הארץ אילת בע""\מ",PK,מלח הארץ הימלאיה דק,גרמים,1000.00,100 גרם,false,,16.90,1.6900,true,1,129556
7290004064181,false,"תבלין מלח ההימלאיה גס בצנצנת 1 ק""ג","חברת מלח הארץ אילת בע""\מ",PK,מלח הארץ הימלאיה גס,גרמים,1000.00,100 גרם,false,,16.90,1.6900,true,1,129557
7290004064280,false,מלח מופחת נתרן בצנצנת מלח הארץ 600 גרם,חברת מלח הארץ אילת ב,IL,מלח הארץ מופחת נתרן,גרמים,600.00,100 גרם,false,,16.90,2.8167,true,1,129561
7290004064297,false,"מלח מועשר ביוד בצנצנת מלח הארץ 1 ק""ג","חברת מלח הארץ אילת בע""\מ",IL,מלח הארץ מועשר ביוד,גרמים,1000.00,100 גרם,false,,8.90,0.8900,true,1,129562
7290004064303,false,מלח אטלנטי בצנצנת מלח הארץ 800 גרם,"חברת מלח הארץ אילת בע""\מ",IL,מלח הארץ מהים אטלנטי,גרמים,800.00,100 גרם,false,,18.90,2.3625,true,1,129563
7290004064310,false,מלח פלוס בצל מלחייה מלח הארץ 175 גרם,"חברת מלח הארץ אילת בע""\מ",IL,מלח פלוס בצל מלחייה,גרמים,175.00,100 גרם,false,,13.90,7.9429,true,1,182966
7290004064327,false,מלח פלוס פפריקה מלחייה מלח הארץ 175 גרם,"חברת מלח הארץ אילת בע""\מ",IL,מלח פלוס פפריקה מלחי,גרמים,175.00,100 גרם,false,,13.90,7.9429,true,1,182967
7290004064334,false,מלח פלוס שום מלחייה 175 ג' מלח הארץ,"חברת מלח הארץ אילת בע""\מ",IL,מלח פלוס שום מלחייה,גרמים,175.00,100 גרם,false,,13.90,7.9429,true,1,182965
7290004068011,false,"יוגורט כבשים בדלי 5 אחוז 60 מ""ל גד","מיוצר ע""י קוד יצרן M",IL,גד יוגורט כבשים 5% 6,מיליליטרים,600.00,"100 מ""ל",false,,19.90,3.3167,true,1,146624
7290004068028,false,"ציזיקי יוגורט לשתיה גד 500 מ""ל",מיוצר על ידי קוד יצר,IL,גד משקה צזיקי 2% 500,מיליליטרים,500.00,"100 מ""ל",false,,10.90,2.1800,true,1,146625
7290004068035,false,"יוגורט לשתייה איירן 3% גד 500 מ""ל","מיוצר ע""י קוד יצרן M",IL,גד משקה איירן בסגנון,מיליליטרים,500.00,"100 מ""ל",false,,8.90,1.7800,true,1,146626
7290004068172,false,יוגורט עזים בדלי 5% שומן 600 ג' גד,קוד יצרן MKN,IL,גד יוגורט עיזים 5% 6,מיליליטרים,600.00,"100 מ""ל",false,,19.90,3.3167,true,1,146627
7290004078263,false,מקלות אוזניים פלסטיק 2* 200 יחידות,ספטונה,GR,בלונס צמרונים בקופסא,Unknown,400.00,יחידה,false,,10.90,0.0273,true,1,128158
7290004078270,false,נוזל לניקוי כלים בריח לימון פלמוליב 1 ליטר,יבואן ומשווק: ש. שסט,GR,פלמוליב לכלים לימון-,קילוגרמים,1.00,ליטר,false,,13.90,13.9000,true,1,128159
7290004078690,false,"גל אקונומיקה אגקס ניחוח רענן 750 מ""ל",הנסיך- מפעל לייצור ט,GR,אגקס כלורון נוזל לני,מיליליטרים,750.00,"100 מ""ל",false,,14.90,1.9867,true,1,111151
7290004078942,false,ליידי ספיד סטיק - דאודורנט ג'ל לאישה 65 גרם,קולגייט-פלמוליב,US,ליידי ספיד סטיק גל ב,Unknown,0.00,יחידה,false,,24.90,0.0000,true,1,111152
7290004091248,false,וזלין פטרוליום אינטנסיב קאר ג'ל 106 גר',"יוניליוור ארה""ב, ג'ו",US,וזלין אינטנסיב קאר פ,גרמים,106.00,100 גרם,false,,13.00,12.2642,true,1,119562
7290004091255,false,ג'ל פטרוליום טהור 100% וזלין 212 גרם,"יוניליוור ארה""ב, ג'ו",US,ואזלין אינטנסיב קאר,מיליליטרים,225.00,"100 מ""ל",false,,19.90,8.8444,true,1,119563
7290004102045,false,עירית,,,עירית,Unknown,0.00,יחידה,false,,4.90,0.0000,true,1,138533
7290004119010,false,גבינת שדה מותכת 25% תנובה 500 גרם,תנובה חלב,IL,שדה רמאדן חבילה 0.5,גרמים,500.00,100 גרם,false,,12.50,2.5000,true,1,130304
7290004119133,false,כד יוגורט תנובה 6.5% שומן 1.5 ליטר,מיוצר עי קונדיטוריית,IL,יוגורט תנובה 6.5% כד,,1.50,קג,false,,17.80,11.8667,true,1,130305
7290004119225,false,יופלה יוגורט אננס %3 גביע 150 גרם,תנובה מרכז שיתופי לש,IL,יופלה יוגורט אננס %3,גרמים,150.00,100 גרם,false,,5.20,3.4667,true,1,130306
7290004119928,false,מעדן חלב בטעם וניל 2% קרלו תנובה 125 גרם,מחלבת אלון תבור,IL,קרלו מעדן וניל רביעי,גרמים,125.00,100 גרם,false,,3.10,2.4800,true,1,130308
7290004119973,false,קרלו מעדן שוקו רביעיה גביע 1.5% 125 גרם,תנובה מרכז שיתופי לש,IL,קרלו מעדן שוקו רביעי,גרמים,125.00,100 גרם,false,,3.10,2.4800,true,1,130309
7290004120061,false,מעדן חלב בטעם שוקו וניל שוניל 2% קרלו 125 גרם,תנובה מרכז שיתופי לש,IL,קרלו שוניל 1.5% 125,גרמים,125.00,100 גרם,false,,3.10,2.4800,true,1,130310
7290004120108,false,יופלה דיאט יוגורט דובדבן %0 גביע 150גרם,תנובה מרכז שיתופי לש,IL,יופלה דיאט יוגורט דו,גרמים,150.00,100 גרם,false,,5.20,3.4667,true,1,130311
7290004120566,false,פיראוס 24% גבינה בולגרית 250 גרם,תנובה חלב,IL,פיראוס בולגרית גביע,גרמים,250.00,100 גרם,false,,23.50,9.4000,true,1,130315
7290004120573,false,פיראוס 16% גבינה בולגרית 250 גרם,תנובה מרכז שיתופי לש,IL,פיראוס בולגרית גביע,גרמים,250.00,100 גרם,false,,23.50,9.4000,true,1,130316
7290004120634,false,גבינה פיראוס בולגרית 5% 250 גרם,תנובה מרכז שיתופי לש,IL,פיראוס בולגרית גביע,גרמים,250.00,100 גרם,false,,23.50,9.4000,true,1,130317
7290004121280,false,"שמנת חמוצה 9% חצי מנה תנובה 100 מ""ל",,,שמנת תנובה 9% חצי מ,גרמים,100.00,100 גרם,false,,1.20,1.2000,true,1,130319
7290004121488,false,יופלה דיאט אפרסק 0% גביע 150 גרם,תנובה מרכז שיתופי לש,IL,יופלה דיאט אפרסק 0%,גרמים,150.00,100 גרם,false,,5.20,3.4667,true,1,130320
7290004121525,false,יופלה מאגדת פרי 4 תות 4 אפרסק 3% 8 יח'*150 ג',תנובה מרכז שיתופי לש,IL,מאגדת שמיניה יופלה פ,גרמים,150.00,100 גרם,false,,30.50,20.3333,true,1,130321
7290004121754,false,יוגורט ביו עוגת גבינה ותות 3% יופלה 150 גרם,תנובה חלב,IL,יופלה יוגורט עוגת גב,גרמים,150.00,100 גרם,false,,5.20,3.4667,true,1,130322
7290004121839,false,גבינת פטה כבשים 20% פיראוס 250 גרם,תנובה מרכז שיתופי לש,IL,פיראוס פטה כבשים 20%,גרמים,250.00,100 גרם,false,,29.90,11.9600,true,1,130323
7290004121853,false,גבינה בולגרית פיראוס 5% קוביות 200 גרם,תנובה מרכז שיתופי לש,IL,פיראוס קוביות בולגרי,גרמים,200.00,100 גרם,false,,20.90,10.4500,true,1,130324
7290004122119,false,פתיתי פרמזן לפסטה 23% השף הלבן 100 גרם,פ.פ.ח. שאביט,IL,פתיתי פרמזן לפסטה 10,גרמים,110.00,100 גרם,false,,13.60,12.3636,true,1,130326
7290004122195,false,גוש חלב גבינה צהובה פרוסה 28% תנובה 200 גרם,תנובה חלב,IL,גוש חלב פרוס 200 %28,גרמים,200.00,100 גרם,false,,14.30,7.1500,true,1,130327
7290004122270,false,עמק קלאסית פרוסות גבינה חצי קשה 28% 200 גרם,תנובה מרכז שיתופי לש,IL,עמק פרוס בקופסא 200,גרמים,200.00,100 גרם,false,,17.90,8.9500,true,1,130328
7290004122348,false,גבינת עמק לייט פרוס בקופסא 200 גרם,תנובה מרכז שיתופי לש,IL,עמק לייט פרוס 200 גר,גרמים,200.00,100 גרם,false,,17.50,8.7500,true,1,130329
7290004122676,false,גבינת חמד לייט 5% פיראוס 250 ג',"תנובה,מחלבת טנא נוגה",IL,פיראוס חמד לייט 5%,גרמים,250.00,100 גרם,false,,18.40,7.3600,true,1,130330
7290004122683,false,עמק חטיף אצבעות גבינה חצי קשה 28% שומן,תנובה מרכז שיתופי לש,IL,אצבעות 28% חטיף גבינ,גרמים,172.00,100 גרם,false,,16.70,9.7093,true,1,130331
7290004124205,false,יופלה דיאט יוגורט תות %0 גביע 150 גרם,תנובה מרכז שיתופי לש,IL,יופלה דיאט יוגורט תו,גרמים,150.00,100 גרם,false,,5.20,3.4667,true,1,130335
7290004124847,false,"קצפת צמחית השף הלבן 500 מ""ל תנובה",תנובה מרכז שיתופי לש,IL,קצפת צמחית השף הלבן,,500.00,100 מל,false,,16.70,0.0334,true,1,130336
7290004125370,false,"שמנת חמוצה 9% מופחתת שומן תנובה 200 מ""ל מהדרין",תנובה מרכז שיתופי לש,IL,שמנת אורגינל 9% 200מ,,200.00,100 מל,false,,3.80,0.0190,true,1,130338
7290004125400,false,"אשל שלי מהדרין 200 מ""ל 4.5% ""תנובה""- מוצר בפיקוח",פארייפאבה אגרואינדוס,IL,אשל 4.5% 200מל מהדרי,מיליליטרים,200.00,"100 מ""ל",false,,1.69,0.8450,true,1,130339
7290004125417,false,"גיל 3% שלי 200 מ""ל ""תנובה"" -מוצר בפיקוח",תנובה מרכז שיתופי לש,IL,גיל 3% 200מל מהדרין,מיליליטרים,200.00,"100 מ""ל",false,,1.51,0.7550,true,1,130340
7290004125455,false,"שמנת חמוצה 200 מ""ל 15% ""תנובה"" -מוצר בפיקוח",תנובה מרכז שיתופי לש,IL,שמנת אורגינל 15% 200,,200.00,100 מל,false,,2.40,0.0120,true,1,130341
7290004125462,false,"שמנת חמוצה 15% תנובה 500 מ""ל מהדרין",תנובה מרכז שיתופי לש,IL,שמנת אורגינל 15% 500,,500.00,100 מל,false,,6.00,0.0120,true,1,130342
7290004125509,false,"שמנת חמוצה 15% מועשרת תנובה 100 מ""ל",תנובה מרכז שיתופי לש,IL,שמנת אורגינל 15% חצי,מיליליטרים,100.00,"100 מ""ל",false,,1.90,1.9000,true,1,130343
7290004125578,false,משקה סויה מעושר בסידן תנובה 1ל',תנובה מרכז שיתופי לש,IL,משקה סויה מועשר 1 לי,,1000.00,100 מל,false,,9.90,0.0099,true,1,130344
7290004125585,false,משקה סויה בטעם וניל תנובה 1 ליטר,תנובה מרכז שיתופי לש,IL,משקה סויה וניל על הב,,1000.00,100 מל,false,,10.50,0.0105,true,1,130345
7290004125721,false,"השף הלבן שמנת עמידה לבישול 15% תנובה 250 מ""ל",תנובה מרכז שיתופי לש,IL,שמנת לבישול 15% 250,,250.00,100 מל,false,,8.30,0.0332,true,1,130347
7290004125738,false,שמנת מתוקה להקצפה32% 250מל עמיד השף הלבן,תנובה מרכז שיתופי לש,IL,שמנת מתוקה להקצפה32%,,250.00,100 מל,false,,7.40,0.0296,true,1,130348
7290004125776,false,גבינה צהובה עמק 28% 400 גרם בקופסא,תנובה חלב,IL,עמק פרוס 28% 400 גרם,גרמים,400.00,100 גרם,false,,29.40,7.3500,true,1,130349
7290004126674,false,טל העמק פרוסות גבינה חצי קשה לייט %9 200 גרם בקופסא,תנובה מרכז שיתופי לש,IL,טל העמק לייט %9 200,גרמים,200.00,100 גרם,false,,19.10,9.5500,true,1,130351
7290004126759,false,יוגורט דיאט יופלה פירות יער 150 גרם,תנובה חלב,IL,יופלה דיאט פירות יער,גרמים,150.00,100 גרם,false,,5.20,3.4667,true,1,130352
7290004126872,false,"שוקו תנובה בבקבוק 250 מ""ל תנובה",תנובה חלב,IL,שוקו תנובה בבקבוק 25,,250.00,100 מל,false,,5.60,0.0224,true,1,130353
7290004127077,false,קוטג תנובה 3% גביע 250 גרם מהדרין,מיוצר עי קונדיטוריית,IL,קוטג תנובה 3% גביע 2,גרמים,250.00,100 גרם,false,,5.80,2.3200,true,1,130354
7290004127329,false,קוטג תנובה גביע 250 גרם %5 ו.מהדרין,מיוצר עי קונדיטוריית,IL,קוטג תנובה גביע 250,גרמים,250.00,100 גרם,false,,5.80,2.3200,true,1,130355
7290004127336,false,קוטג תנובה גביע 250 גרם %9 ו.מהדרין,מיוצר עי קונדיטוריית,IL,קוטג תנובה גביע 250,גרמים,250.00,100 גרם,false,,5.80,2.3200,true,1,130356
7290004127800,false,"גבינה לבנה 500 גרם 5% ""תנובה"" -מוצר בפיקוח",מיוצר עי קונדיטוריית,IL,גבינה לבנה 5% 500 גר,גרמים,500.00,100 גרם,false,,9.96,1.9920,true,1,130357
7290004127817,false,גבינה לבנה 9% שומן 500 ג' תנובה,מיוצר עי קונדיטוריית,IL,גבינה לבנה 9% 500 גר,גרמים,500.00,100 גרם,false,,10.50,2.1000,true,1,130358
7290004127862,false,גבינה לבנה 5% שומן 750 ג' תנובה,תנובה מרכז שיתופי לש,IL,גבינה לבנה 5% 750 גר,גרמים,750.00,100 גרם,false,,14.94,1.9920,true,1,130359
7290004127916,false,גבינה לבנה 0.5% שומן 500 ג' תנובה,תנובה מרכז שיתופי לש,IL,גבינה לבנה 0.5% 500,גרמים,500.00,100 גרם,false,,10.50,2.1000,true,1,130360
7290004128333,false,לאבנה על בסיס יוגורט %9 שומן 500 ג' פיראוס,תנובה חלב,IL,פיראוס לאבנה גביע 50,גרמים,500.00,100 גרם,false,,19.90,3.9800,true,1,130362
7290004128340,false,קרם גבינת שמנת %5 בטעם טבעי 200 ג' תנובה,תנובה חלב,IL,קרם גבינת שמנת %5 ב,גרמים,200.00,100 גרם,false,,11.50,5.7500,true,1,130363
7290004128364,false,קרם גבינת שמנת 5% עם זיתים ירוקים 200 ג' תנובה,"תנובה, מחלבת תל יוסף",IL,קרם גבינת שמנת 5% ע,גרמים,200.00,100 גרם,false,,11.50,5.7500,true,1,130364
7290004128432,false,פתיתים מיוחדים לפיצה על בסיס גבינה 500 ג',תנובה חלב,IL,מגורדת לפיצה השף הלב,גרמים,500.00,100 גרם,false,,22.90,4.5800,true,1,130365
7290004129101,false,גבינת שמנת 25% בטעם טבעי 225 ג' נפוליאון,תנובה מרכז שיתופי לש,IL,נפוליאון טבעית 25% 2,גרמים,225.00,100 גרם,false,,13.90,6.1778,true,1,130366
7290004129118,false,גבינת שמנת 24% עם זיתים ירוקים 225 ג' נפוליאון,תנובה מרכז שיתופי לש,IL,נפוליאון זית גביע 22,גרמים,225.00,100 גרם,false,,13.90,6.1778,true,1,130367
7290004129156,false,גבינת שמנת25% עם שום שמיר 225 ג' נפוליאון,תנובה מרכז שיתופי לש,IL,נפוליאון שום שמיר גב,גרמים,225.00,100 גרם,false,,13.90,6.1778,true,1,130368
7290004129545,false,גבינה לבנה 3% 250 גרם ועדת מהדרין,מחלבת אלון תבור,IL,גבינה לבנה 3% 250 גר,גרמים,250.00,100 גרם,false,,5.30,2.1200,true,1,130369
7290004129736,false,יוגורט במתיקות מעודנת 1.5% שומן 200 ג' יופלה,תנובה מרכז שיתופי לש,IL,יופלה לבן מעודן 1.5%,גרמים,200.00,100 גרם,false,,4.50,2.2500,true,1,130371
7290004129767,false,"3% 'יופלה לבן מארז שמינייה 1.2 ק""ג",מחלבת אלון תבור,IL,יופלה לבן 3% מאגדת 8,,1.20,קג,false,,17.90,14.9167,true,1,130372
7290004130794,false,משקה סויה במתיקות מופחתת תנובה 1 ליטר,תנובה מרכז שיתופי לש,IL,משקה סויה טבעי במתיק,,1000.00,100 מל,false,,10.50,0.0105,true,1,130374
7290004130916,false,יוגורט יופלה פירות יער בשמנת 3% 150 גרם,תנובה מרכז שיתופי לש,IL,יופלה פירות יער בשמנ,גרמים,150.00,100 גרם,false,,5.20,3.4667,true,1,130375
7290004131074,false,"חלב 1 ליטר 3% קרטון ""תנובה""- מוצר בפיקוח",תנובה מרכז שיתופי לש,IL,חלב תנובה טרי1ל קרטו,,1000.00,100 מל,false,,6.23,0.0062,true,1,130376
7290004131227,false,גבינה לבנה 3% שומן 500 גרם מהדרין,תנובה מרכז שיתופי לש,IL,גבינה לבנה 3% 500 גר,גרמים,500.00,100 גרם,false,,10.50,2.1000,true,1,130378
7290004131432,false,יוגורט יופלה לבן ביו 3% 200 גרם,מיוצר עי קונדיטוריית,IL,יופלה לבן 3% גביע 20,גרמים,200.00,100 גרם,false,,3.90,1.9500,true,1,130380
7290004131456,false,יוגורט ביו 1.5% שומן 200 ג' יופלה,מיוצר עי קונדיטוריית,IL,יופלה לבן 1.5% גביע,גרמים,200.00,100 גרם,false,,3.90,1.9500,true,1,130381
7290004131814,false,גבינה צפתית 5% מעודנת 200 ג' פיראוס,פארייפאבה אגרואינדוס,IL,פיראוס צפתית 5% מעוד,גרמים,200.00,100 גרם,false,,15.10,7.5500,true,1,130383
7290004131845,false,גבינת לאבנה 9% שומן 750 ג' פיראוס,תנובה מרכז שיתופי לש,IL,פיראוס לאבנה 9% גביע,גרמים,750.00,100 גרם,false,,24.90,3.3200,true,1,130384
7290004132552,false,משקה סויה בטעם טבעי לייט תנובה 1 ליטר,תנובה מרכז שיתופי לש,IL,משקה סויה לייט אלטרנ,,1000.00,100 מל,false,,10.50,0.0105,true,1,130389
7290004132606,false,"קרלו מעדן חלב בטעם וניל 2% תנובה 8*100 מ""ל",תנובה מרכז שיתופי לש,IL,מאגדת קרלו מיני וניל,מיליליטרים,800.00,"100 מ""ל",false,,14.90,1.8625,true,1,130390
7290004132712,false,חטיף אצבעות גבינת מוצרלה 20% 172 ג' עמק,תנובה מרכז שיתופי לש,IL,חטיף אצבעות גבינת מו,גרמים,172.00,100 גרם,false,,16.70,9.7093,true,1,130391
7290004133511,false,יופלה מאגדת לבן 1.5% מעודן 8 יח' * 150 ג',מיוצר עי קונדיטוריית,IL,יופלה מאגדת שמיניה ל,,1.20,קג,false,,21.20,17.6667,true,1,130395
7290004135058,false,שמיניית קרלו מיני שוקולד 100 גרם מהדרין,תנובה מרכז שיתופי לש,IL,מאגדת קרלו מיני שוקו,מיליליטרים,800.00,"100 מ""ל",false,,14.90,1.8625,true,1,130402
7290004135225,false,מעדן חלב דל קלוריות בטעם שוקולד 0.2שומ,תנובה מרכז שיתופי לש,IL,מעדן תנובה דיאט שוקו,גרמים,150.00,100 גרם,false,,4.10,2.7333,true,1,130405
7290004135614,false,גבינה בולגרית מעודנת 5% פיראוס 250 גרם,תנובה חלב,IL,פיראוס בולגרית מעוד,גרמים,250.00,100 גרם,false,,23.50,9.4000,true,1,130407
7290004136598,false,מארז הפסקת אוכל עם קורנפלקס ומשקה חלב עמיד בטעם וניל,פארייפאבה אגרואינדוס,IL,מארז הפסקת אוכל חלב,מיליליטרים,150.00,"100 מ""ל",false,,9.50,6.3333,true,1,130414
7290004136857,false,מעדן גלי פטל תנובה 125 גרם,תנובה מרכז שיתופי לש,IL,ג'לי בטעם פטל תנובה,גרמים,125.00,100 גרם,false,,2.60,2.0800,true,1,130415
7290004136864,false,מעדן ג'לי בטעם אננס עם חתיכות תנובה 125 גרם,תנובה חלב,IL,ג'לי תנובה אננס עם ח,גרמים,125.00,100 גרם,false,,2.90,2.3200,true,1,130416
7290004136871,false,מעדן ג'לי בטעם אפרסק עם חתיכות תנובה 125 גרם,תנובה מרכז שיתופי לש,IL,ג'לי תנובה אפרסק עם,גרמים,125.00,100 גרם,false,,2.90,2.3200,true,1,130417
7290004137021,false,"שמנת עמידה לבישול מופחת שומן 10% השף הלבן 250 מ""ל",תנובה מרכז שיתופי לש,IL,שמנת לבישול 10% 250,,250.00,100 מל,false,,8.30,0.0332,true,1,130418
7290004137311,false,גבינה צהובה לייט 9% שומן 400 ג' עמק,תנובה חלב,IL,עמק לייט פרוס 400 גר,גרמים,400.00,100 גרם,false,,31.40,7.8500,true,1,130419
7290004137809,false,פיראוס לאבנה 5% גביע 250 גרם,"תנובה, מחלבת אלון תב",IL,פיראוס לאבנה 5% גבי,גרמים,250.00,100 גרם,false,,12.90,5.1600,true,1,130421
7290004165017,false,"רסק תפו""ע 600 גרם טבעי ללא סוכר יכין","זנלכל בע""\מ",IL,"רסק תפו""ע בלי סוכר 5",גרמים,560.00,100 גרם,false,,9.90,1.7679,true,1,118605
7290004199074,false,אגד מדבק 50יח סאני פ,סאני פלסטר,CN,פלסטר 50 יח',Unknown,0.00,יחידה,false,,6.90,0.0000,true,1,163402
7290004199203,false,קיסמי שיניים מבמבוק מלחיה 300 יחידות,הדקלאים אגודת שיתופי,CN,קיסמי שיניים מבמבוק,Unknown,0.00,יחידה,false,,3.90,0.0000,true,1,163370
7290004199579,false,פלסטר מעורב 100 יח' - SUNNY PLASTER,הדקלאים אגודת שיתופי,CN,פלסטר 100 יח' מעורב,Unknown,0.00,יחידה,false,,9.90,0.0000,true,1,163404
7290004199777,false,צימרוני אוזניים פלסטיק בכוס 300 יחידות אינטרסאן,כוטון סופט,,צימרוני אוזניים פלסט,Unknown,0.00,יחידה,false,,6.90,0.0000,true,1,163371
7290004219079,false,לבבות דקל פרוסות ויליפוד 400 גרם,אלימנטוס אי קונסרבס דל א,EC,ויליפוד לבבות דקל חת,גרמים,400.00,100 גרם,false,,10.90,2.7250,true,1,115524
7290004219284,false,אנשובי עגול בצנצנת ויליפוד 80 גרם,קונסרבאס פרדו,IT,וילי פוד אנשובי עגול,Unknown,0.00,יחידה,false,,11.90,0.0000,true,1,115526
7290004219819,false,מלבין קפה קומפלטה 200 גרם,פריזלנד פודס קיוויט,NL,קומפלטה מלבין קפה הו,גרמים,200.00,100 גרם,false,,10.90,5.4500,true,1,115527
7290004225285,false,גבינה בסגנון דנאבלו 100 ג',האי נאם סי או אל.טי.,DK,סגנון דנאבלו 100 גרם,גרמים,100.00,100 גרם,false,,11.90,11.9000,true,1,122947
7290004228804,false,עלי בצק לסיגרים שלושת האופים 450 גרם.,"שלושת האופים בע""\מ",IL,עלי בצק למילוי סיגרי,גרמים,450.00,100 גרם,false,,12.90,2.8667,true,1,110710
7290004229870,false,שלושת האופים בורקס פטריות 800 גרם,אופרה,,בורקס פטריות 800 גרם,גרמים,800.00,100 גרם,false,,17.90,2.2375,true,1,122958
7290004230326,false,שגב מקלות פילו תפוחי עץ 600 גר',שלושת האופים שגמור,IL,שגב מקלות פילו תפוחי,גרמים,600.00,100 גרם,false,,19.90,3.3167,true,1,122971
7290004230340,false,מקלות בורקס פילו תרד ובצל שגב 600 ג,שלושת האופים שגמור,IL,שגב מקלות בורקס פילו,גרמים,600.00,100 גרם,false,,19.90,3.3167,true,1,122973
7290004230364,false,שגב מקלות בורקס פילו גבינה צרפתי 600 גר,שלושת האופים שגמור,IL,שגב מקלות בורקס פילו,גרמים,600.00,100 גרם,false,,19.90,3.3167,true,1,122975
7290004230371,false,מקלות פילו פיצה 3 האופים 600 ג',שלושת האופים שגמור,IL,שלושת האופים מקלות ב,Unknown,0.00,יחידה,false,,19.90,0.0000,true,1,122976
7290004230944,false,מקלות בורקס פילו גבינה שלושת האופים 600,שלושת האופים שגמור,IL,מקלות בורקס פילו גבי,גרמים,600.00,100 גרם,false,,19.90,3.3167,true,1,122977
7290004256753,false,עלי לסיגר מרוקאי לפסטיליה 450 גרם,סטאר סנקס,IL,עלי בצק למילוי סיגרי,גרמים,450.00,100 גרם,false,,12.90,2.8667,true,1,193846
7290004258627,false,תרומת נרות חנוכה,,,תרומת נרות חנוכה,Unknown,0.00,יחידה,false,,10.00,0.0000,true,1,204189
7290004263652,false,נקניקיות עוף עטרה 400ג',מעדני הטלה והעגל,IL,נקנקיות עוף 400 ג' ע,גרמים,400.00,100 גרם,false,,9.90,2.4750,true,1,173266
7290004267049,false,עוגיות ריבועיות מיני שוקו וניל ברמן 200 גרם,ברמן שוקולד ועוגיות,IL,עוגיות וניל 300גר,גרמים,300.00,100 גרם,false,,5.90,1.9667,true,1,115390
7290004267070,false,עוג.מלוחות שומשום 180גרם,ברמן שוקולד ועוגיות,IL,עוגיות מרוקאיות,גרמים,300.00,100 גרם,false,,5.90,1.9667,true,1,172055
7290004324858,false,קבב כבש טיבון ויל 500 גרם,"טיבון ויל אחזקות בע""",IL,קבב כבש 500גרם,גרמים,500.00,100 גרם,false,,19.90,3.9800,true,1,123006
7290004353346,false,מוסגו סםוגי רחצה מגו,יושלם,,מוסגו סםוגי רחצה מגו,Unknown,2.00,יחידה,false,,14.90,7.4500,true,1,202341
7290004492274,false,בייגלה טבעות מלוחות בייגל בייגל 400 גרם,יוניליוור מזון,IL,בייגל בייגלה גל גל 4,גרמים,400.00,100 גרם,false,,9.90,2.4750,true,1,119564
7290004492762,false,"נשנושים תירס אפוי טעם טבעי בייגל בייגל 325 גרם בד""צ",בייגל את בייגל מזון 198),IL,נישנושים תירס 325 גר,גרמים,325.00,100 גרם,false,,12.90,3.9692,true,1,119568
7290004494148,false,"דלתון גליל מרלו 750 מ""ל","יקב דלתון בע""\מ",IL,מרלו דלתון,Unknown,750.00,יחידה,false,,59.90,0.0799,true,1,112715
7290004494179,false,יין דלתון שרדונה 750 מל,"איי, בי, אינבוו",IL,דלתון שרדונה,מיליליטרים,750.00,"100 מ""ל",false,,59.90,7.9867,true,1,172064
7290004494599,false,"יין עלמה קרימזון 750 מ""ל דלתון","יקב דלתון בע""מ",IL,דלתון עלמה קברנה /מר,Unknown,750.00,יחידה,false,,84.90,0.1132,true,1,112722
7290004496074,false,חומוס אסלי 700 ג' אלבוסתאן,,,חומוס אסלי 700 גרם,גרמים,700.00,100 גרם,false,,10.90,1.5571,true,1,198304
7290004496111,false,חציל במיונז אלבוסתאן 400 ג',,,חציל במיונז 400 גרם,Unknown,0.00,יחידה,false,,9.90,0.0000,true,1,158215
7290004496142,false,טחינה 400 ג' אלבוסתאן,,,טחינה סלט 400 גרם,Unknown,0.00,יחידה,false,,8.90,0.0000,true,1,158629
7290004496159,false,כרוב אדום אלבוסתאן 400 ג',,,כרוב אדום 400 גרם,Unknown,0.00,יחידה,false,,9.90,0.0000,true,1,158233
7290004496180,false,סלט תירס 400 ג' אלבוסתאן,,,תירס 400 גרם סלט,Unknown,0.00,יחידה,false,,9.90,0.0000,true,1,158234
7290004496623,false,סלט תורקי 180 ג' אלבוסתאן,,,טורקי 180 גרם סלט,Unknown,0.00,יחידה,false,,4.90,0.0000,true,1,158200
7290004496685,false,"חומוס אלבוסתאן 3 ק""ג",,,"חומוס אסלי 3 ק""ג סלט",Unknown,0.00,יחידה,false,,34.90,0.0000,true,1,158255
7290004496722,false,"כרוב אלבוסתאן 3 ק""ג",,,"כרוב אדום 3 ק""ג",Unknown,0.00,יחידה,false,,44.90,0.0000,true,1,158281
7290004496791,false,סחוג 150 גרם סלט,,,סחוג 150 גרם סלט,Unknown,0.00,יחידה,false,,4.90,0.0000,true,1,158577
7290004496944,false,סלט תירס במיונז 180 ג' אלבוסתאן,,,תירס 180 גרם סלט,Unknown,0.00,יחידה,false,,5.90,0.0000,true,1,158203
7290004502690,false,וודקה פינלנדיה 1 ליטר,,,וודקה פינלנדיה 1 ליט,קילוגרמים,1.00,ליטר,false,,109.90,109.9000,true,1,112424
7290004517465,false,סלט איקרה ורודה 250,,,סלט איקרה ורודה 250,גרמים,250.00,100 גרם,false,,21.90,8.7600,true,1,182101
7290004554354,false,גלידת פנטזיה שוקו וניל 1 ל' שטראוס,"גלידת שטראוס בע""\מ, רחוב",IL,פנטסיה שוקו וניל 900,,1000.00,100 מל,false,,19.90,0.0199,true,1,135311
7290004575229,false,גלידת סנקור ריאו מארז חמישייה,"ריאו נתניה ביח""\ר לגלידה",IL,חמישיות סנקור,Unknown,0.00,יחידה,false,,19.90,0.0000,true,1,142974
7290004575335,false,ארטיק מגיק מיני וניל ציפוי שוקו' ופצפוצי נ.חיטה ריאו מארז 45X8ג'באריזה,"גלידות ריאו ביח""ר לג",IL,שלגוני מיני מגיק 8 י,Unknown,8.00,יחידה,false,,17.90,2.2375,true,1,142978
7290004584306,false,רבעיית גמדים בטעם תות בננה * 100 ג' שטראוס,מיוצר עי קונדיטוריית,IL,גמדים תות בננה 5% מא,Unknown,4.00,יחידה,false,,10.90,2.7250,true,1,139861
7290004584351,false,גבינה לבנה סימפוניה עם תוספות 200 ג' חמישית 200,"שטראוס בריאות בע""\מ",IL,סימפוניה טבעי 5%,גרמים,200.00,100 גרם,false,,10.90,5.4500,true,1,139862
7290004584528,false,יוגורט דנונה ביו לבן 1.7% שומן 200 גרם,מיוצר עי קונדיטוריית,IL,דנונה לבן 1.7% 200 ג,גרמים,200.00,100 גרם,false,,3.50,1.7500,true,1,139863
7290004585907,false,דני ועדן וניל 1.5% 125ג' שטראוס,מיוצר עי קונדיטוריית,IL,דני מעדן חלב בטעם ונ,גרמים,125.00,100 גרם,false,,2.50,2.0000,true,1,139864
7290004603175,false,מלח הים האדום גס מלח הארץ 500 גרם,"חברת מלח הארץ אילת בע""\מ",IL,מלח הארץ מהים האדום,גרמים,500.00,100 גרם,false,,7.90,1.5800,true,1,129567
7290004639006,false,קוסקוס טוניסאי קפוא 800 גר,מטעמי פאר,IL,סולטנה קוסקוס טוניסא,גרמים,800.00,100 גרם,false,,14.90,1.8625,true,1,159481
7290004731687,false,"מטהר אויר בניחוח וניל ולמון גראס סנו 300 מ""ל",סנו מפעלי ברונוס בעמ,IL,דואופרש וניל,מיליליטרים,300.00,"100 מ""ל",false,,12.90,4.3000,true,1,117239
7290004737900,false,חלב כחוש מרוכז וממותק בתוספת שמן צמחי ויליפוד 397 גרם,יו.איי.בי מאריג'אמפו,LT,וילי פוד חלב מרוכז מ,גרמים,397.00,100 גרם,false,,9.90,2.4937,true,1,115533
7290004923099,false,מים מינרליים עין גדי 2X6ל',עין גדי מיים מינרלים,IL,עין גדי מים מינרלים,קילוגרמים,2.00,ליטר,false,,12.00,6.0000,true,1,120372
7290005008191,false,"סבון נוזלי ארומה בניחוח לבנדר פטצ'ולי וילנג ילנג פלמוליב 500 מ""ל",הנסיך- מפעל לייצור ט,TR,פלמוליב סבון נוזלי א,מיליליטרים,500.00,"100 מ""ל",false,,15.90,3.1800,true,1,128163
7290005020162,false,וויסקי סקוטי בלנטייס פיינסט 700 מל,פרנו,LK,וויסקי בלנטיינ'ס 700,,700.00,100 מל,false,,79.90,0.1141,true,1,113361
7290005041129,false,מעדני הטלה קבב גמבו,לאטי עזרא גלם ודגים,IL,מעדני הטלה קבב גמבו,גרמים,1000.00,100 גרם,false,,45.90,4.5900,true,1,123014
7290005041198,false,מעדני הטלה קבב ביתי,לאטי עזרא גלם ודגים,IL,מעדני הטלה קבב ביתי,גרמים,1000.00,100 גרם,false,,45.90,4.5900,true,1,123017
7290005068447,false,"גרגרי תירס קל בוואקום ללת""ס פרי גליל 340ג'","פרי הגליל בע""""מ",IL,תירס קל בוקום 340 גר,גרמים,340.00,100 גרם,false,,5.90,1.7353,true,1,134714
7290005068492,false,לקט ירקות מעורבים 700 גרם פרי-גליל,"פרי הגליל בע""""מ",IL,לקט ירקות מעורבים,גרמים,700.00,100 גרם,false,,11.90,1.7000,true,1,134715
7290005068621,false,ברוקולי קפוא פרי גליל 800ג',"פרי הגליל בע""""מ",IL,ברוקולי 80גרם,גרמים,800.00,100 גרם,false,,15.90,1.9875,true,1,134717
7290005078002,false,מלפפון 30-36 מלח A10,,,מלפפון 30-36 מלח A10,Unknown,0.00,יחידה,false,,17.90,0.0000,true,1,153321
7290005078095,false,חצילים A2 עדן,,,חצילים A2 עדן,Unknown,0.00,יחידה,false,,6.90,0.0000,true,1,153323
7290005078194,false,פלפל חריף כבוש עדן,,,פלפל שיפקה A2 עדן,Unknown,0.00,יחידה,false,,6.90,0.0000,true,1,153324
7290005079290,false,נעם גבינה צהובה15% משקל,טרה,IL,גבינה חריץ נעם 15%,קילוגרמים,1.00,"ק""ג",true,,75.00,75.0000,true,1,117774
7290005079412,false,גבינה אמנטל נעם 30% משקל,טרה,IL,נעם חריץ אמנטל,קילוגרמים,1.00,"ק""ג",true,,65.00,65.0000,true,1,117776
7290005084355,false,סנסודין משחת שיניים דואל קר פלואוריד 75,גלקסו סמית קליין,GB,סנסודיין דואל קר 75,Unknown,0.00,יחידה,false,,21.90,0.0000,true,1,111162
7290005111761,false,"מזון לכלבים בונזו מזון כלבים בשר 3 ק""ג","ביופט בע""מ",FR,בונזו בשר 3 קג,,3.00,קג,false,,54.90,18.3000,true,1,140660
7290005113222,false,זיתים קוקטייל וגמבה יבנה 350ג',קבוצת יבנה,IL,זיתים מיקס 560 גרם,גרמים,560.00,100 גרם,false,,9.90,1.7679,true,1,118606
7290005174513,false,חציל אחלה במיונז 500 ג' אחלה+ 33% תוספת,מיוצר עי קונדיטוריית,IL,סלט חצילים במיונז 50,גרמים,500.00,100 גרם,false,,15.10,3.0200,true,1,139866
7290005174551,false,סלט חומוס עם צנוברים 125 ג' אחלה,מיוצר עי קונדיטוריית,IL,חומוס 125 גרם,גרמים,125.00,100 גרם,false,,4.90,3.9200,true,1,139867
7290005174575,false,טחינה אחלה יום יום משובחת 125ג',מיוצר עי קונדיטוריית,IL,סלט טחינה 125 גרם,גרמים,125.00,100 גרם,false,,4.90,3.9200,true,1,139869
7290005175428,false,"קמח תירס לל""ג ריבארה 500 ג'",קריות זול,AR,וילי פוד קמח תירס לל,גרמים,500.00,100 גרם,false,,5.90,1.1800,true,1,115534
7290005175589,false,"קמח תירס ללא גלוטן וילי פוד 1 ק""ג",קריות זול,AR,וילי פוד קמח תירס לל,פריט,1.00,"ק""ג",false,,9.90,9.9000,true,1,115535
7290005200786,false,תפוצ'יפס בטעם שמנת בצל עלית 50 גרם,"שטראוס פריטו ליי בע""\מ )",IL,תפוציפס שמנת ובצל 50,Unknown,0.00,יחידה,false,,3.50,0.0000,true,1,132923
7290005201455,false,קפה נמס מגורען ארומה קלאסי עלית 200 גרם,"אינסטנטה בע""מ",PL,קפה עלית ארומה מגורע,גרמים,200.00,100 גרם,false,,23.80,11.9000,true,1,132173
7290005201882,false,קפה טורקי בצלופן עלית 200 גרם,הנסיך- מפעל לייצור ט,IL,קפה עלית טורקי 200 ג,גרמים,200.00,100 גרם,false,,15.90,7.9500,true,1,132174
7290005271410,false,גליקסמן ביצים רגילות,גליקסמן שיווק ביצים,IL,גליקסמן ביצים רגילות,Unknown,12.00,יחידה,false,,12.05,1.0042,true,1,116407
7290005271427,false,גליקסמן ביצים רגילות,גליקסמן שיווק ביצים,IL,גליקסמן ביצים רגילות,Unknown,12.00,יחידה,false,,11.15,0.9292,true,1,116408
7290005271786,false,ביצים ארוזות Mעטוף 3,גליקסמן שיווק ביצים,IL,ביצים ארוזות Mעטוף 3,Unknown,30.00,יחידה,false,,27.80,0.9267,true,1,116420
7290005271816,false,ביצים ארוזות S 30 יחידות,גליקסמן,IL,גליקסמן ביצים 30 יח,Unknown,0.00,יחידה,false,,16.90,0.0000,true,1,116422
7290005278013,false,מיץ תפוזים סחוט טרי 500,,IL,"תפוזים סחוט 500 מ""ל",מיליליטרים,500.00,"100 מ""ל",false,,9.90,1.9800,true,1,154396
7290005278020,false,"לימונדה סחוט טרי 500 מ""ל",,IL,"לימונדה סחוט 500 מ""ל",מיליליטרים,500.00,"100 מ""ל",false,,9.90,1.9800,true,1,154397
7290005278037,false,"נקטר תות סחוט טרי 500 מ""",,IL,"תות שדה סחוט 500 מ""ל",מיליליטרים,500.00,"100 מ""ל",false,,9.90,1.9800,true,1,154398
7290005278044,false,נקטר תות בננה סחוט טרי 5,,IL,"תות בננה סחוט 500 מ""",מיליליטרים,500.00,"100 מ""ל",false,,9.90,1.9800,true,1,154399
7290005278068,false,מיץ בננה תפוז סחוט טרי 5,,IL,בננה תפוז סחוט 500 מ,מיליליטרים,500.00,"100 מ""ל",false,,9.90,1.9800,true,1,174772
7290005278075,false,מיץ פירות יער סחוט טרי 5,,IL,פירות יער סחוט 500 מ,מיליליטרים,500.00,"100 מ""ל",false,,9.90,1.9800,true,1,154401
7290005278082,false,"מיץ אננס סחוט טרי 500 מ""",,IL,"אננס סחוט 500 מ""ל",מיליליטרים,500.00,"100 מ""ל",false,,9.90,1.9800,true,1,154402
7290005278099,false,"מיץ מנגו סחוט טרי 500 מ""",,IL,"מנגו סחוט טרי 500 מ""",מיליליטרים,500.00,"100 מ""ל",false,,9.90,1.9800,true,1,154403
7290005278105,false,מיץ אפרסק סחוט טרי 500 מ,,IL,"אפרסק סחוט 500 מ""ל",מיליליטרים,500.00,"100 מ""ל",false,,9.90,1.9800,true,1,154404
7290005278112,false,נקטר קיוי אגס תפוח סחוט,,IL,קיווי אגס תפוח סחוט,מיליליטרים,500.00,"100 מ""ל",false,,9.90,1.9800,true,1,154405
7290005278136,false,"מיץ תפוח סחוט טרי 500 מ""",,IL,תפוח מלא סחוט טרי 50,מיליליטרים,500.00,"100 מ""ל",false,,9.90,1.9800,true,1,159181
7290005278150,false,סחוט טרי גוייאבה 500 מל,,,גויבה סחוט טרי 500 מ,מיליליטרים,500.00,"100 מ""ל",false,,9.90,1.9800,true,1,167750
7290005278174,false,"לימונענע סחוט טרי 500 מ""",,IL,"לימונענע סחוט 500 מ""",מיליליטרים,500.00,"100 מ""ל",false,,9.90,1.9800,true,1,154407
7290005278228,false,פסיפלורה מנגו סחוט טרי 5,,IL,מנגו פסיפלורה סחוט 5,מיליליטרים,500.00,"100 מ""ל",false,,9.90,1.9800,true,1,154409
7290005278440,false,מיץ גזר תפוז סחוט טרי 50,,IL,"גזר תפוז סחוט 500 מ""",מיליליטרים,500.00,"100 מ""ל",false,,9.90,1.9800,true,1,154411
7290005278464,false,פסיפלורה בננה תפוז סחוט,,IL,פסיפלורה בננה סחוט 5,מיליליטרים,500.00,"100 מ""ל",false,,9.90,1.9800,true,1,154412
7290005287206,false,רביעיית טונה בשמן סטארקיסט 160 גרם,"סטארקיסט פודור בע""מ",VN,סטארקיסט רביעיית טונ,גרמים,448.00,100 גרם,false,,29.90,6.6741,true,1,140667
7290005287251,false,רביעיית טונה במים סטארקיסט 160 גרם,"סטארקיסט פודור בע""מ",VN,סטארקיסט רביעיית טונ,גרמים,448.00,100 גרם,false,,29.90,6.6741,true,1,140670
7290005287527,false,"סטארקיסט טונה בשמן עם לימון 160 גרם בד""צ","סטארקיסט פודור בע""מ",TH,סטארקיסט טונה בשמן ע,גרמים,112.00,100 גרם,false,,8.90,7.9464,true,1,140674
7290005296246,false,"פותח סתימות דריין אאוט 946 מ""ל יעקבי",יוליניבר,US,יעקבי פותח סתימות אק,מיליליטרים,946.00,"100 מ""ל",false,,29.90,3.1607,true,1,120226
7290005296260,false,"אסטוניש ספריי רסס ונגב לניקוי כללי יעקבי 750 מ""ל",יעקובי אסטוניש,GB,אסטוניש רסס ונגב 750,מיליליטרים,750.00,"100 מ""ל",false,,12.90,1.7200,true,1,120227
7290005296888,false,פוליבוי פוליטור לרהי,פוליבוי,DE,פוליבוי פוליטור לרהי,Unknown,375.00,יחידה,false,,19.90,0.0531,true,1,120230
7290005326387,false,עגבניות מיובשות בשמן זית אוליביה 270 גרם,אוליביה,IL,עגבניות מיובשות בשמן,גרמים,270.00,100 גרם,false,,17.90,6.6296,true,1,115975
7290005326523,false,ממרח פסטו פטרוזיליה ונענע אוליביה 180 גרם,אוליביה,IL,אוליביה ממרח פסטו פט,גרמים,180.00,100 גרם,false,,13.90,7.7222,true,1,115977
7290005326585,false,ממרח אוליביה פסטו בזיליקום 180 ג',"אוליביה גורמה בע""מ",IL,ממרח פסטו בזיליקום 1,גרמים,180.00,100 גרם,false,,12.90,7.1667,true,1,130425
7290005384837,false,"מיץ לימונים מלימונים טריים 500 מ""ל",דריבדוס סיטרוס,ES,וילי פוד מיץ לימון ב,,500.00,100 מל,false,,7.90,0.0158,true,1,115537
7290005418709,false,"נטורל קרם לחות לקיבוע תלתלים גלי 400 מ""ל",מיוצר עי אמיליה קוסמ,IL,'ק.לחות מעצבת ג'ל לק,מיליליטרים,400.00,"100 מ""ל",false,,22.90,5.7250,true,1,110952
7290005418716,false,"קרם לחות לבניית תלתלים עגולים נטורל פורמולה 400 מ""ל",מיוצר עי אמיליה קוסמ,IL,נטורל פורמולה לחות ל,מיליליטרים,400.00,"100 מ""ל",false,,22.90,5.7250,true,1,110953
7290005424762,false,ריצפז פלוס ווקס נוזל להברקת רצפות דוחה תיקנים סנו 2 ליטר,"סנו מפעלי ברונוס בע""\מ",IL,ריצפז פלוס ווקס דוחה,קילוגרמים,2.00,ליטר,false,,25.90,12.9500,true,1,117265
7290005426568,false,"קרמה - קרם לחות לשיער רגיל 400 מ""ל",טרופיקל דגיל תעשיות,IL,לחות לשיער קרמה-רגיל,מיליליטרים,400.00,"100 מ""ל",false,,19.90,4.9750,true,1,117293
7290005426865,false,אורביטול - משחת שיניים לילדים בטעם מסטיק 70 גרם,טרופיקל דגיל תעשיות קוסמ,IL,אורביטול קיד בטעם מס,Unknown,0.00,יחידה,false,,9.90,0.0000,true,1,117299
7290005426971,false,סנובון סבון לאסלה תפוח כחול סנו 3 יחידות,סנו מפעלי ברונו בעמ,IL,סנובון כחול שלישיה ב,גרמים,165.00,100 גרם,false,,14.90,9.0303,true,1,110965
7290005427633,false,"כיף גל לשיער לשיער חזק במיוחד 1 ק""ג",קוסמופארם,IL,ג'ל כיף חזק במיוחד ),פריט,1.00,"ק""ג",false,,23.90,23.9000,true,1,117316
7290005427756,false,אל סבון נוזלי אלוורה כיף 2 ליטר,קוסמופארם,IL,אלסבון כיף 2 ליטר אל,קילוגרמים,2.00,ליטר,false,,22.90,11.4500,true,1,117320
7290005427770,false,"קרמה - קרם לחות לשיער לגבר 400 מ""ל",טרופיקל דגיל תעשיות,IL,לחות לשיער לגבר,מיליליטרים,400.00,"100 מ""ל",false,,19.90,4.9750,true,1,117322
7290005430961,false,שמפו לכביסה עדינה ביד בד גארד סנו מקסימה 1 ליטר,יושלם,,מקסימה בד גארד נוזל,מיליליטרים,1000.00,"100 מ""ל",false,,16.90,1.6900,true,1,117338
7290005431234,false,מלבי בסירופ שושנים 1,,,מלבי 170 מל עדן קינו,מיליליטרים,160.00,"100 מ""ל",false,,4.50,2.8125,true,1,130426
7290005431883,false,מלבי חלבי עדן קינוחים 165 גרם,עדן קינוחים Eden,IL,מלבי חלבי 165 גרם.,גרמים,165.00,100 גרם,false,,7.30,4.4242,true,1,187513
7290005431906,false,קדאיף עדן קינוחים 82 גרם,עדן קינוחים Eden,IL,קדאיף 82 גרם,Unknown,0.00,יחידה,false,,7.30,0.0000,true,1,130440
7290005431913,false,עוגת גבינה פירורים עדן קינוחים 92 גרם,עדן קינוחים Eden,IL,עוגת גבינה פירורים 9,Unknown,0.00,יחידה,false,,7.30,0.0000,true,1,130441
7290005431920,false,עוגת גבינה פירורים לייט עדן קינוחים 78 גרם,עדן קינוחים Eden,IL,עוגת גבינה פירורים ל,Unknown,0.00,יחידה,false,,7.30,0.0000,true,1,130442
7290005431937,false,טירמיסו עדן קינוחים 82 גרם,עדן קינוחים Eden,IL,טירמיסו 82 גרם,Unknown,0.00,יחידה,false,,7.30,0.0000,true,1,130443
7290005431968,false,מלבי שמנת עדן קינוחים 150 גרם,עדן קינוחים Eden,IL,מלבי שמנת 150 גרם,גרמים,150.00,100 גרם,false,,7.50,5.0000,true,1,161976
7290005499272,false,מגנום קברנה סירה 1.5,,,מגנום קברנה סירה 1.5,קילוגרמים,1.50,ליטר,false,,69.90,46.6000,true,1,174993
7290005500688,false,"פנינה רוזנבלום מסיכה לשיקום ורודה , 1 ק""ג",פנינה רוזנבלום,IL,מסיכה לשיער פנינה רו,פריט,1.00,"ק""ג",false,,32.00,32.0000,true,1,135157
7290005500978,false,מסיר לק ריחני פנינה רוזנבלום 220 מ''ל,פנינה רוזנבלום,,פנינה מסיר לק ריחני,מיליליטרים,100.00,"100 מ""ל",false,,13.90,13.9000,true,1,135163
7290005509445,false,עוגיות מיני קוקיס חמאה בצנצנת כרמית 600 גרם,כרמית תעשיות ממתקים,IL,עוגיות מיני קוקיס בט,גרמים,600.00,100 גרם,false,,18.90,3.1500,true,1,147197
7290005517866,false,קוקה קולה סליק 330 מ,,,קוקה קולה סליק 330 מ,מיליליטרים,330.00,"100 מ""ל",false,,6.00,1.8182,true,1,144163
7290005517873,false,קוקה קולה זירו סילק,,,קוקה קולה זירו סילק,Unknown,0.00,יחידה,false,,6.00,0.0000,true,1,144164
7290005518443,false,פאנטה אורנג סליק 330,,,פאנטה אורנג סליק 330,Unknown,0.00,יחידה,false,,6.00,0.0000,true,1,144166
7290005551302,false,בלו משקה אנרגיה 250מ,,,בלו משקה אנרגיה 250מ,Unknown,0.00,יחידה,false,,6.00,0.0000,true,1,144168
7290005559587,false,מאפה נקניקיה בבצק מעדנות 800ג',מיוצר עי קונדיטוריית,IL,מעדנות מאפה נקניקיות,גרמים,800.00,100 גרם,false,,22.90,2.8625,true,1,114186
7290005559709,false,בורקס פיצה מעדנות 700 גרם,"מעדנות בע""\מ",IL,מעדנות בורקס פיצה 70,גרמים,700.00,100 גרם,false,,22.90,3.2714,true,1,114188
7290005559907,false,פיצה משפחתית 100% גבינה מעדנות 500 גרם,מיוצר עי קונדיטוריית,IL,מעדנות פיצה משפחתית,גרמים,500.00,100 גרם,false,,18.90,3.7800,true,1,114189
7290005559914,false,פיצה משפחתית עם 100% גבינה בתוספת זיתים מעדנות 550 גרם,מיוצר עי קונדיטוריית,IL,מעדנות פיצה משפחתית,גרמים,550.00,100 גרם,false,,18.90,3.4364,true,1,114190
7290005559990,false,בצק פילאס תורכי מעדנות 600 גרם,מיוצר עי קונדיטוריית,IL,מעדנות בצק פילאס תור,גרמים,600.00,100 גרם,false,,18.90,3.1500,true,1,114192
7290005587825,false,לוריאל - דרמו מסיר איפור דו פאזי 125 עברית,"קרלסרו, גרמניה",DE,מסיר איפור עמיד במים,מיליליטרים,125.00,"100 מ""ל",false,,29.90,23.9200,true,1,136136
7290005591761,false,דבש טהור מפרחי בר בלחיץ 400 ג' יד מרדכי,מכוורת יד מרדכי שטראוס ב,IL,דבש טהור יד מרדכי מפ,גרמים,400.00,100 גרם,false,,21.90,5.4750,true,1,132175
7290005594230,false,קינלי סודה קלאסי 250,,,קינלי סודה קלאסי 250,Unknown,0.00,יחידה,false,,6.00,0.0000,true,1,144173
7290005610509,false,צנונית ארוז דוד משה 500ג',ביכורי השקמה,IL,צנוניות מובחרות,Unknown,0.00,יחידה,false,,3.90,0.0000,true,1,138592
7290005651366,false,"מזון לכלבים בונזו מזון כלבים כבד 3 ק""ג","ביופט בע""מ",IL,בונזו בקר וכבד 3 קג,,3.00,קג,false,,54.90,18.3000,true,1,140691
7290005680052,false,טמפונים סופר פלוס אובה 32 יחידות,גונסון אנד גונסון,GR,אובה קלאסי סופר פלוס,Unknown,32.00,יחידה,false,,26.90,0.8406,true,1,111154
7290005719080,false,פרנה עגולה א.ק מאפית,,,פרנה עגולה,Unknown,0.00,יחידה,false,,4.90,0.0000,true,1,116369
7290005741401,false,כף סאנלייט מרובעת מח,,,כף סאנלייט מרובעת מח,Unknown,0.00,יחידה,false,,12.90,0.0000,true,1,152758
7290005838002,false,מעדן גבינה ויוגורט בטעם וניל 88 ג' דניאלה,"שטראוס בריאות בע""מ",IL,דניאלה מעדן גבינה מו,מיליליטרים,150.00,"100 מ""ל",false,,4.10,2.7333,true,1,139871
7290005838613,false,"סקי וניל בודד 125 גרם ""שטראוס""","שטראוס בריאות בע""\מ",IL,סקי גבינה לבנה בטעם,גרמים,125.00,100 גרם,false,,3.90,3.1200,true,1,139872
7290005838972,false,גבינת יום יום 5% שטראוס 125ג',מיוצר עי קונדיטוריית,IL,סקי גבינה לבנה 5% 12,גרמים,125.00,100 גרם,false,,3.30,2.6400,true,1,139873
7290005839078,false,שמיניית יוגורט לבן 3% ביו דנונה 150 גרם,מיוצר עי קונדיטוריית,IL,דנונה מארז 8 - ביו ן,,1.20,קג,false,,15.90,13.2500,true,1,139874
7290005839108,false,גבינה לבנה סימפוניה עם תוספות 200 ג'+זיתים 5%,"שטראוס בריאות בע""\מ",IL,סימפוניה זיתים 5% במ,גרמים,200.00,100 גרם,false,,10.90,5.4500,true,1,139875
7290005839313,false,"מילקי טופ מגולגלת שטראוס 170 מ""ל",מיוצר עי קונדיטוריית,IL,מעדן חלב בטעם שוקולד,,170.00,100 מל,false,,4.50,0.0265,true,1,139876
7290005896415,false,"בירה איגל לאגר פרימיום 5% 500 מ""ל פחית","טמפו משקאות בע""מ",IL,"בירה איגל 500מ""ל",,500.00,100 מל,false,,6.50,0.0130,true,1,113362
7290005896972,false,שישיית פפסי מקס דל קלוריות 1.5 ליטר,טמפו 7.5%,IL,שישית פפסי מקס 1.5 ל,קילוגרמים,1.50,ליטר,false,,32.00,21.3333,true,1,142394
7290005966088,false,"יין הר חרמון אדום יבש 750מ""ל",יקבי רמת הגולן קצרין,IL,יקבי רמת הגולן הר חר,מיליליטרים,750.00,"100 מ""ל",false,,34.90,4.6533,true,1,113630
7290005992575,false,גבינה בולגרית למריחה 5% גד 250 גרם,מחלבות גד בעמ,IL,גד בולגרית למריחה 5%,גרמים,250.00,100 גרם,false,,19.90,7.9600,true,1,146632
7290005992735,false,לאבנה טבעי 5 אחוז 250גרם גד,הנסיך- מפעל לייצור ט,IL,גד לאבנה 5% 250 גרם,גרמים,250.00,100 גרם,false,,13.90,5.5600,true,1,146633
7290005996009,false,סלמי גלילי מעושן 400 ג' יחיעם,מעדני יחיעםn\,IL,סלמי גלילי מעושן 400,גרמים,400.00,100 גרם,false,,24.90,6.2250,true,1,121844
7290005996078,false,סרוולט בסגנון הונגרי יחיעם 125 גרם,מעדני יחיעם,IL,יחיעם סרוולט הונגרי,גרמים,125.00,100 גרם,false,,29.90,23.9200,true,1,159145
7290005996221,false,פסטרמה של פעם דקדק יחיעם 120 גרם,מעדני יחיעם,IL,יחיעם פסטרמה דק דק 1,גרמים,120.00,100 גרם,false,,13.90,11.5833,true,1,160690
7290005996238,false,פסטרמה בדבש דקדק יחיעם 120 גרם,מעדני יחיעם,IL,יחיעם פסטרמה בדבש דק,גרמים,120.00,100 גרם,false,,13.90,11.5833,true,1,160691
7290006185198,false,"קרם לחות לשיער מתולתל 400 מ""ל פנינה רוזנבלום",פנינה רוזנבלום,IL,קרם לחות לשיער פנינה,מיליליטרים,400.00,"100 מ""ל",false,,17.90,4.4750,true,1,135165
7290006185204,false,קרם לחות לשיער יבש פנינה רוזנבלום,א.ארמן,IL,קרם לחות לשיער יבש פ,מיליליטרים,400.00,"100 מ""ל",false,,17.90,4.4750,true,1,135166
7290006185501,false,"פנינה רוזנבלום -אל סבון נוזלי ורוד,1 ליטר",פנינה רוזנבלום,IL,פנינה - אל סבון נוזל,קילוגרמים,1.00,ליטר,false,,10.90,10.9000,true,1,135167
7290006185518,false,אל סבון נוזלי כחול 1 ליטר פנינה רוזנבלום,פנינה רוזנבלום,IL,פנינה אל סבון נוזלי,מיליליטרים,1000.00,"100 מ""ל",false,,10.90,1.0900,true,1,135168
7290006199218,false,"שמיניית גלידל אייס מוקה ""פלדמן""",הגלידות של פלדמן,IL,גלידל אייס מוקה,גרמים,400.00,100 גרם,false,,29.90,7.4750,true,1,175136
7290006202017,false,חומוס זמאן אלעותמאני 400 ג',,,חומוס אלעותמאני 400,גרמים,400.00,100 גרם,false,,5.90,1.4750,true,1,154968
7290006202024,false,חומוס 180 ג' אלעותמאני,,,חומוס אלעותמאני 180,גרמים,180.00,100 גרם,false,,4.90,2.7222,true,1,154969
7290006202116,false,מסבחה 250 ג' אלעותמאני,,,מסבחה אלעותמאני 250,גרמים,250.00,100 גרם,false,,5.90,2.3600,true,1,154974
7290006202154,false,"חומוס מאמא אלעותמאני 3 ק""ג",,,"חומוס אלעותמאני 3 ק""",פריט,3.00,"ק""ג",false,,34.90,11.6333,true,1,154977
7290006202178,false,סלט טורקי אלעותמאני 180 ג',,,סלט טורקי אלעותמאני,גרמים,200.00,100 גרם,false,,5.50,2.7500,true,1,154978
7290006202185,false,חומוס 700 ג' אלעותמאני,,,חומוס אלעותמאני 700,גרמים,700.00,100 גרם,false,,9.90,1.4143,true,1,154979
7290006202208,false,סלט טחינה 400 ג' אלעותמאני,,,טחינה אלעותמאני 400,גרמים,400.00,100 גרם,false,,14.90,3.7250,true,1,154980
7290006202215,false,תירס עם מיונז אלעותמאני 400 ג',,,סלט תירס ומיונז אלעו,גרמים,400.00,100 גרם,false,,9.90,2.4750,true,1,154981
7290006202222,false,סלט כרוב אלעותמאני 350 ג',,,סלט כרוב אדום אלעותמ,גרמים,400.00,100 גרם,false,,8.90,2.2250,true,1,154982
7290006202239,false,סלט טורקי 400 ג' אלעותמאני,,,סלט טורקי אלעותמאני,גרמים,400.00,100 גרם,false,,8.90,2.2250,true,1,154983
7290006202253,false,חצילים במיונז אלעותמאני 400 ג',,,סלט חצילים אלעותמאני,גרמים,400.00,100 גרם,false,,8.90,2.2250,true,1,154984
7290006202307,false,"סלט כרוב אלעותמאני 3 ק""ג",,,סלט כרוב אדום אלעותמ,פריט,2.50,"ק""ג",false,,34.90,13.9600,true,1,154986
7290006202321,false,תירס עם מיונז אלעותמאני 250 ג',,,סלט תירס ומיונז אלעו,גרמים,250.00,100 גרם,false,,7.90,3.1600,true,1,154987
7290006202536,false,סלט טחינה 250 ג' אלעותמאני,,,טחינה אלעותמאני 250,גרמים,250.00,100 גרם,false,,9.90,3.9600,true,1,196440
7290006202666,false,חומוס בלדי אלעותמאני 900 ג',,,חומוס בלדי אלעותמאני,גרמים,900.00,100 גרם,false,,12.90,1.4333,true,1,154995
7290006229427,false,סן בנדטו - מים מינרלים - מארז שישיית 500 מל,קריות זול,IT,סן בנדטו - מים מינרל,קילוגרמים,6.00,ליטר,false,,13.90,2.3167,true,1,142403
7290006229588,false,בירה איגל לאגר פרימיום חזקה 6.3% 500 מל,"טמפו משקאות בע""מ",IL,"איגל זהב 500 מ""ל פחי",,500.00,100 מל,false,,6.50,0.0130,true,1,113366
7290006241191,false,אגוזי מלך קליית גת 150 גר,הדקלאים אגודת שיתופי,US,אגוז מלך טבעי 150 גר,גרמים,150.00,100 גרם,false,,18.20,12.1333,true,1,121098
7290006241511,false,"משקה לימונענע מרוכז קפוא פריגת 280 מ""ל",היינץ צפון אמריקה מק,IL,פריגת לימון נענע 340,גרמים,340.00,100 גרם,false,,13.90,4.0882,true,1,117821
7290006241689,false,"משקה לימונים מרוכז קפוא פריגת 280 מ""ל",היינץ צפון אמריקה מק,IL,פריגת קפוא לימון,גרמים,340.00,100 גרם,false,,13.90,4.0882,true,1,117823
7290006243577,false,בורקס תפוח אדמה שחף 800 גרם,שחף,IL,"בורקס תפו""א שחף 800",גרמים,800.00,100 גרם,false,,13.90,1.7375,true,1,131431
7290006243713,false,בורקס גבינה שחף 800 גרם,שחף,,בורקס גבינה שחף 800,גרמים,800.00,100 גרם,false,,14.90,1.8625,true,1,131432
7290006243737,false,ג'חנון שחף 800 גרם,מאפיית אריאל,IL,שחף גחנון 800 גרם,גרמים,800.00,100 גרם,false,,13.90,1.7375,true,1,131433
7290006251107,false,תה צ'אי מסאלה ויסוצקי 25 יחידות,מולינו ניקולי s.p.a,IL,תה מסאלה ויסוצקי 25,Unknown,25.00,יחידה,false,,17.90,0.7160,true,1,129568
7290006251268,false,תה ירוק בטעם תפוח וקינמון ויסוצקי 25 יחידות,תה ויסוצקי,IL,תה ירוק תפוח וקינמון,Unknown,25.00,יחידה,false,,24.90,0.9960,true,1,129569
7290006251275,false,תה ירוק סיני קלאסי ויסוצקי 25 יחידות,תה ויסוצקי,IL,תה ירוק סיני 25 יח',Unknown,25.00,יחידה,false,,24.90,0.9960,true,1,129570
7290006251282,false,חליטת חמוציות הגן הקסום ויסוצקי 25 יחידות,תה ויסוצקי,IL,תה קרנברי הגן הקסום,Unknown,25.00,יחידה,false,,17.90,0.7160,true,1,129571
7290006251343,false,חליטת פסיפלורה מנגו הגן הקסום ויסוצקי 25 יחידות,תה ויסוצקי,IL,תהחליטה הגן הקסום פס,Unknown,25.00,יחידה,false,,17.90,0.7160,true,1,129572
7290006251374,false,תה ירוק לימונית וג'ינג'ר ויסוצקי 25 יחידות,תה ויסוצקי,IL,תה ירוק לימונית וגינ,Unknown,25.00,יחידה,false,,24.90,0.9960,true,1,129573
7290006251589,false,תה ירוק עם עלי נענע 50 שקיקים ויסוצקי,בית ויסוצקי,IL,תה ירוק עם עלי נענע,Unknown,50.00,יחידה,false,,44.90,0.8980,true,1,129574
7290006265500,false,פטריות שמפיניון ארוז מרינה,"מרינה פטריות הגליל בע""מ",IL,שמפניון ארוז 250גר,גרמים,250.00,100 גרם,false,,9.90,3.9600,true,1,138602
7290006271174,false,ג'חנון לאפיה בתנור מעדנות 700 גרם,מיוצר עי קונדיטוריית,IL,מעדנות גחנון לאפיה ב,גרמים,700.00,100 גרם,false,,16.90,2.4143,true,1,114193
7290006271181,false,ג'חנון אפוי למיקרוגל מעדנות 750 גרם,מיוצר עי קונדיטוריית,IL,מעדנות גחנון אפוי 75,גרמים,750.00,100 גרם,false,,19.90,2.6533,true,1,114194
7290006271648,false,מיני בורקס תפוחי אדמה מעדנות 800 גרם,"מעדנות בע""\מ",IL,מעדנות מיני בורקס תפ,גרמים,800.00,100 גרם,false,,22.90,2.8625,true,1,114196
7290006271655,false,מיני בורקס גבינה מעדנות 800 גרם,מיוצר עי קונדיטוריית,IL,מעדנות מיני בורקס גב,גרמים,800.00,100 גרם,false,,22.90,2.8625,true,1,114197
7290006271761,false,מיני ג'חנון אפוי מעדנות 600 גרם,מיוצר עי קונדיטוריית,IL,מעדנות מיני גחנון אפ,גרמים,600.00,100 גרם,false,,19.90,3.3167,true,1,114200
7290006272072,false,חטיפי פיצה גבינה מעדנות 650 גרם,"מעדנות בע""\מ",IL,מעדנות חטיפי פיצה 65,גרמים,650.00,100 גרם,false,,29.90,4.6000,true,1,114201
7290006272430,false,בצק עלים חמאה מעדנות 600 גרם,מיוצר עי קונדיטוריית,IL,מעדנות בצק עלים חמאה,גרמים,600.00,100 גרם,false,,19.90,3.3167,true,1,114202
7290006306159,false,פסטנונה-לזניה 4 גבינות 500גר,פסטה נונה Pasta Nonn,IL,פסטה נונה לזניה 4 גב,גרמים,500.00,100 גרם,false,,34.90,6.9800,true,1,146637
7290006306296,false,רביולי במילוי גבינה לילדים פסטה נונה גד 400 גרם,דורום תעשיות מזון ופסטה,IL,פסטה נונה רביולי גבי,גרמים,400.00,100 גרם,false,,25.90,6.4750,true,1,146640
7290006306302,false,רביולי במילוי פרמזן ריקוטה גד 400 גרם,דורום תעשיות מזון ופסטה,IL,פסטה נונה ריביולי פר,גרמים,400.00,100 גרם,false,,25.90,6.4750,true,1,146641
7290006306319,false,רביולי נונה במילוי בטטה 400 גרם,דורום תעשיות מזון ופסטה,IL,פסטה נונה רביולי בטט,גרמים,400.00,100 גרם,false,,25.90,6.4750,true,1,146642
7290006306357,false,רביולי גבינת עיזים גד 400 גרם,דורום תעשיות מזון ופסטה,IL,פסטה נונה ריביולי גב,גרמים,400.00,100 גרם,false,,26.90,6.7250,true,1,146646
7290006322111,false,לחמניות ריחיים 80*6 גרם,מאפיית דוידוביץ ובניו בע,IL,לחמניות ריחיים קלות,גרמים,400.00,100 גרם,false,,10.90,2.7250,true,1,155705
7290006322838,false,לחם מקמח מלא דוידובי,מאפיית דוידוביץ ובניו בע,IL,לחם %100 קמח מלא 750,גרמים,750.00,100 גרם,false,,13.90,1.8533,true,1,155723
7290006342065,false,בוטנים קלויים ששון הקולה 200 גרם,,,בוטנים קלויים ששון ה,גרמים,200.00,100 גרם,false,,5.00,2.5000,true,1,134335
7290006342553,false,קבוקים 200 גרם ששון וקולה,"דין שיווק וקליה בע""מ",,קבוקים 200 גרם,גרמים,200.00,100 גרם,false,,5.80,2.9000,true,1,134338
7290006342560,false,בוטן אמריקאי ששון הקולה 200 גרם,"דין שיווק וקלייה בע""",IL,בוטן אמריקאי 200 גרם,גרמים,200.00,100 גרם,false,,5.50,2.7500,true,1,134339
7290006374660,false,שמן זית כתית לתיבול קלאסי יד מרדכי 1 ליטר,מכוורת יד מרדכי שטראוס ב,IL,יד מרדכי - שמן זית כ,קילוגרמים,1.00,ליטר,false,,45.80,45.8000,true,1,173219
7290006374738,false,קונפיטורית תות 340 גר' יד מרדכי,אף.סי תבליני בגליל ב,IL,יד מרדכי קונפיטורת ת,גרמים,340.00,100 גרם,false,,13.90,4.0882,true,1,132181
7290006401373,false,ליגיניה סבון מרענן לשטיפה אינטימית,פייזר )קונסיומר הלט קר(,IT,ליגינה פרש אקטיב 250,מיליליטרים,250.00,"100 מ""ל",false,,24.90,9.9600,true,1,158439
7290006439031,false,שמן קנולה שוקחה 1 לי,איי די אם אנטוורפ,BE,שמן קנולה שוקחה 1 ל,קילוגרמים,1.00,ליטר,false,,11.90,11.9000,true,1,172758
7290006439185,false,אננס חתוך 540 גרם,,,אננס חתוך 540 גרם,גרמים,540.00,100 גרם,false,,7.90,1.4630,true,1,142834
7290006439215,false,פטריות שלמות שוקחה 4,,,פטריות שלמות שוקחה 4,גרמים,400.00,100 גרם,false,,7.90,1.9750,true,1,142835
7290006439444,false,"אורז בסמתי ""גולד"" מוזהב 1 ק""ג שוקחה",צימאן לאל סאטיה-דלהי,IL,גולדן אורז בסמטי מוז,פריט,1.00,"ק""ג",false,,10.90,10.9000,true,1,142836
7290006439451,false,בארי גולדן אורז בסמט,צימאן לאל סאטיה-דלהי,IN,בארי גולדן אורז בסמט,פריט,5.00,"ק""ג",false,,49.90,9.9800,true,1,142837
7290006439642,false,אלבאן אבקת חלב,,,אלבאן אבקת חלב,Unknown,0.00,יחידה,false,,29.90,0.0000,true,1,142838
7290006453358,false,רוטב פיצה A9,,,רוטב פיצה A9,Unknown,0.00,יחידה,false,,21.00,0.0000,true,1,134721
7290006492432,false,גבינת מוצרלה בייבי 18% גד 150 גרם,מחלבות גד בעמ,IL,גד בייבי מוצרלה 150,גרמים,170.00,100 גרם,false,,16.90,9.9412,true,1,146649
7290006492616,false,גבינה בולגרית מעודנת פרוסות 5% גד 250 גרם,DSH עבור מחלבות גד ב,IL,גד בולגרית פרוסות 5%,גרמים,250.00,100 גרם,false,,27.90,11.1600,true,1,146651
7290006492630,false,גבינת פרומעז עיזים 22% גד 180 גרם,מחלבות גד בעמ,IL,גד גבינת גליל גד עזי,גרמים,180.00,100 גרם,false,,25.90,14.3889,true,1,146652
7290006492685,false,גבינת לאבנה 5% מחלב עזים גד 250 גרם,מחלבות גד בעמ,IL,גד לאבנה עזים 3% 250,גרמים,250.00,100 גרם,false,,19.90,7.9600,true,1,146656
7290006492852,false,גבינת עיזים למריחה 5% שומן 250 ג' גד,גבינות מדף,IL,גד גבינת עיזים למריח,גרמים,250.00,100 גרם,false,,19.90,7.9600,true,1,146658
7290006494917,false,וופל במילוי קרם בטעם שוקולד ללא תוספת סוכר,"איטיליאן פוד, אס.פי.",IL,טוסו וופל טעם שוקולד,גרמים,200.00,100 גרם,false,,10.90,5.4500,true,1,138096
7290006494924,false,ופלים במילוי קרם בטעם לימון ללא תוספת סוכר,"גילרו בע""מ",IL,טוסו ופל מילוי ק.לימ,גרמים,200.00,100 גרם,false,,10.90,5.4500,true,1,138097
7290006511157,false,פטריות שמפיניון שלמות ויליפוד,אוקצ'מפס אס.איי אויי,PL,וילי פוד פטריות שמפי,גרמים,400.00,100 גרם,false,,7.90,1.9750,true,1,115541
7290006511188,false,וילי פוד פטריות שמפי,וילי פוד,,וילי פוד פטריות שמפי,פריט,2.55,"ק""ג",false,,44.90,17.6078,true,1,115542
7290006511683,false,פולי סויה מאנצ`ו קפוא 454 ג' וילפוד,קו.אל.טי.די.קיאוניונ,CN,אדממה פולי סויה ירוק,גרמים,454.00,100 גרם,false,,10.90,2.4009,true,1,115544
7290006515926,false,"מארז אפרול 700 + פרו שפריץ 750 מ""ל",davide campari,IT,מארז אפרול 700+פרו ש,Unknown,0.00,יחידה,false,,89.90,0.0000,true,1,113199
7290006546012,false,שעועית בנוסח מקסיקני בטעם חריף 580 ג' פרי הגליל,"פרי הגליל בע""""מ",IL,צילי בנוסח מקסיקני ב,גרמים,580.00,100 גרם,false,,7.90,1.3621,true,1,134725
7290006546098,false,"תירס פרי הגליל 3 ק""ג",,,תירס 3 קג,פריט,3.00,"ק""ג",false,,33.90,11.3000,true,1,134727
7290006546319,false,"סטייק צ'יפס פרי הגליל 1.5 ק""ג","פרי הגליל בע""""מ",IL,"פרי גליל סטייק צ""יפס",פריט,1.50,"ק""ג",false,,18.90,12.6000,true,1,134731
7290006546371,false,במיה 600 גרם פרי הגליל,"פרי הגליל בע""""מ",IL,במיה 600 גרם,גרמים,600.00,100 גרם,false,,16.90,2.8167,true,1,134732
7290006546388,false,תחתיות ארטישוק פרי הגליל 400 גרם,"פרי הגליל בע""""מ",IL,פרי הגליל תחתיות ארט,גרמים,400.00,100 גרם,false,,13.90,3.4750,true,1,134733
7290006546395,false,לקט העונה פרי הגליל 800 גרם,"פרי הגליל בע""""מ",IL,לקט העונה 800 גר,גרמים,800.00,100 גרם,false,,12.90,1.6125,true,1,134734
7290006546500,false,צ'יפס זיגזג קפוא פרי גליל 800 ג',"פרי הגליל בע""""מ",IL,25% ציפס בזיג זג 800,גרמים,800.00,100 גרם,false,,12.90,1.6125,true,1,134737
7290006546517,false,צי'פס סטייק קפוא פרי הגליל 800 ג',"פרי הגליל בע""""מ",IL,25% סטייק ציפס 800 ג,גרמים,800.00,100 גרם,false,,12.90,1.6125,true,1,134738
7290006546524,false,צי'פס מובחר קפוא פרי גליל 800 ג',"פרי הגליל בע""""מ",IL,ציפס מובחר 800 גרם,גרמים,800.00,100 גרם,false,,12.90,1.6125,true,1,134739
7290006546999,false,לקט למרק פרי הגליל 800 ג',"פרי הגליל בע""""מ",IL,לקט למרק 800 גרם,גרמים,800.00,100 גרם,false,,16.90,2.1125,true,1,134747
7290006567048,false,פתיתי קוסקוס ישראלי אסם 350 גרם,"מיוצר ע""י קוד יצרן K",IL,אסם פתיתי קוסקוס ישר,גרמים,350.00,100 גרם,false,,8.90,2.5429,true,1,126755
7290006618078,false,"מרסס לניקוי יסודי מטבח אסטוניש 750 מ""ל",יעקובי אסטוניש,GB,אסטוניש מרסס ניקוי צ,Unknown,750.00,יחידה,false,,12.90,0.0172,true,1,120232
7290006618085,false,"אסטוניש תרסיס ניקוי אמבטיה וכיורים יעקבי 750 מ""ל",יעקובי אסטוניש,GB,אסטוניש מרסס לאמבט 7,מיליליטרים,750.00,"100 מ""ל",false,,12.90,1.7200,true,1,120233
7290006652027,false,במבה חטיף בוטנים אסם 20*15 גרם,מיוצר עי קונדיטוריית,IL,במבה יום הולדת מאח.1,גרמים,300.00,100 גרם,false,,24.90,8.3000,true,1,126756
7290006653819,false,פתיתי קוסקוס דק 350 גרם,"מיוצר ע""י קוד יצרן K",IL,אסם קוסקוס דק 12*350,גרמים,350.00,100 גרם,false,,8.90,2.5429,true,1,126759
7290006660596,false,קמח עדשים אדומות ללא גלוטן 500 גרם,אף.סי תבליני בגליל ב,IL,דגש קמח עדשים אדומו,גרמים,500.00,100 גרם,false,,20.90,4.1800,true,1,153504
7290006664037,false,גמדים דגנים ארוחת בוקר מארז 100X4ג',"שטראוס בריאות בע""\מ",IL,גמדים תפוח בננה 5% מ,Unknown,4.00,יחידה,false,,10.90,2.7250,true,1,139877
7290006664051,false,"אקטימל לבן 1.51 ק""ג מארז 14 יחידות",מיוצר עי קונדיטוריית,IL,אקטימל לבן מארז 14,,1.51,קג,false,,29.90,19.8013,true,1,139878
7290006664310,false,גבינה לבנה 3% שומן 250 ג' שטראוס,מיוצר עי קונדיטוריית,IL,סקי גבינה לבנה 3% 25,גרמים,250.00,100 גרם,false,,4.80,1.9200,true,1,139879
7290006664402,false,גבינה לבנה סקי 5% שומן 750 גרם,מיוצר עי קונדיטוריית,IL,סקי גבינה לבנה 5% 75,גרמים,750.00,100 גרם,false,,14.25,1.9000,true,1,139880
7290006664532,false,יוגורט עם תות 3% שומן 150 ג' דנונה,מיוצר עי קונדיטוריית,IL,דנונה יוגורט עם תות,גרמים,150.00,100 גרם,false,,3.90,2.6000,true,1,139881
7290006664655,false,"אקטימל לבן טבעי מארז 100X8 מ""ל",מיוצר עי קונדיטוריית,IL,אקטימל לבן מארז שמינ,מיליליטרים,800.00,"100 מ""ל",false,,19.90,2.4875,true,1,139883
7290006664693,false,יוגורט עם אפרסק 3% שומן 150 ג' דנונה,מיוצר עי קונדיטוריית,IL,דנונה יוגורט עם אפרס,גרמים,150.00,100 גרם,false,,3.90,2.6000,true,1,139884
7290006664990,false,"יוגורט דנונה ביו לבן 1.7% שומן 8*150 מ""ל",מיוצר עי קונדיטוריית,IL,מארז 8 יוגורט דנונה,,1.20,קג,false,,15.90,13.2500,true,1,139886
7290006681003,false,גלידה תות לימון סורבה 1.33 ל' קרמיסימו,"גלידת שטראוס בע""\מ, רחוב",IL,קרמיסימו תות לימון ס,קילוגרמים,1.33,ליטר,false,,20.90,15.7143,true,1,135320
7290006681553,false,קרמבו בטעם וניל שטראוס 8 יחידות,"גלידת שטראוס בע""\מ",IL,שטראוס קרמבו ווניל 8,Unknown,8.00,יחידה,false,,14.90,1.8625,true,1,135324
7290006681560,false,קרמבו בטעם מוקה שטראוס 8 יחידות,"גלידת שטראוס בע""מ",IL,שטראוס קרמבו מוקה 8י,Unknown,8.00,יחידה,false,,14.90,1.8625,true,1,135325
7290006681577,false,מאגדת קרחון אסקימו לימון דובדובן 10 יח' שטראוס,"מיוצר ע""\י גלידת שטראוס",IL,קרחון אסקימו 8 + 2,,10.00,יחידו,false,,16.90,1.6900,true,1,135326
7290006712981,false,"משחת שיניים קולגייט ספיידרמן מגיל שש 50 מ""ל",הנסיך- מפעל לייצור ט,PL,קולגייט סמיילס לגילא,Unknown,0.00,יחידה,false,,12.90,0.0000,true,1,128167
7290006738615,false,קבב פרימיום זהב 100% בשר זוגלובק 400 ג',נקניק נהריה כשר זוגל,IL,קבב זהב 400 גרם זוגל,גרמים,400.00,100 גרם,false,,19.90,4.9750,true,1,147063
7290006739124,false,בצק עלים פילאס 500ג' זוגלובק,זוגלובק,IL,בצק פילאס גולמי 500,גרמים,500.00,100 גרם,false,,16.90,3.3800,true,1,147065
7290006739131,false,בצק גולמי פילו זוגלובק 500ג',מאפיית אריאל,IL,בצק פילו גולמי 500 ג,גרמים,500.00,100 גרם,false,,16.90,3.3800,true,1,147066
7290006739346,false,נקניקיות פרגיות טרי 400 גרם זוגלובק,נקניק נהריה כשר זוגל,IL,נקניקיות מבשר פרגיות,גרמים,400.00,100 גרם,false,,13.90,3.4750,true,1,147069
7290006739407,false,שניצל תירס לייט זוגלובק 600 גרם,נקניק נהריה כשר זוגל,IL,שניצל תירס 98 קל 630,גרמים,630.00,100 גרם,false,,29.00,4.6032,true,1,147070
7290006739414,false,נקניק סלמי קוניאק זוגלובק 300 גרם,נקניק נהריה כשר זוגל,IL,סלמי קוניאק 300 גר',גרמים,300.00,100 גרם,false,,25.90,8.6333,true,1,147071
7290006739421,false,נקניק סלמי מעושן איטלקי זוגלובק 300 גרם,נקניק נהריה כשר זוגל,IL,סלמי מעושן איטלקי 30,גרמים,300.00,100 גרם,false,,25.90,8.6333,true,1,147072
7290006739445,false,שניצל תירס קלאסי 750 ג' זוגלובק,נקניק נהריה כשר זוגל,IL,שניצל תירס קלאסי 750,גרמים,750.00,100 גרם,false,,24.90,3.3200,true,1,147073
7290006739544,false,נקניק כתף בקר 3% 300 גרם,זוגלובק,IL,כתף בקר 300 גר' א.מ.,גרמים,300.00,100 גרם,false,,33.00,11.0000,true,1,147074
7290006741363,false,בורקס תפוחי אדמה זוגלובק 800 גרם,מאפיית אריאל וגידרון,IL,בורקס תפוא 800 גר' ב,גרמים,800.00,100 גרם,false,,16.90,2.1125,true,1,147083
7290006742162,false,המבורגר מזרחי זוגלובק 400 גרם,נקניק נהריה כשר זוגל,IL,המבורגר מזרחי 400 גר,גרמים,400.00,100 גרם,false,,19.90,4.9750,true,1,147088
7290006742179,false,קבב מזרחי זוגלובק 400 גרם,נקניק נהריה כשר זוגל,IL,קבב מזרחי 400 גר' זו,גרמים,400.00,100 גרם,false,,19.90,4.9750,true,1,147089
7290006742315,false,פסטרמה חזה הודו ברביקיו 2% זוגלובק 330 גרם,נקניק נהריה כשר זוגל,IL,פסטרמה חזה הודו ברבק,גרמים,330.00,100 גרם,false,,25.90,7.8485,true,1,147093
7290006753977,false,מעדני הטלה הקבב של ע,מעדני הטלה והעגל,IL,מעדני הטלה הקבב של ע,Unknown,0.00,יחידה,false,,39.90,0.0000,true,1,190639
7290006764065,false,בירה נשר מאלט ללא אלכוהול 500 מל,"טמפו משקאות בע""\ם.",IL,בירה נשר מאלט ללא אל,,500.00,100 מל,false,,4.90,0.0098,true,1,142405
7290006764072,false,"בירה גולדסטאר בקבוק 500 מ""ל חוזר","טמפו משקאות בע""\מ",IL,"גולד סטאר 500מ""ל",,500.00,100 מל,false,,7.90,0.0158,true,1,113368
7290006764096,false,"בירה איגל 500 מ""ל 3.8% בקבוק חוזר","טמפו משקאות בע""\מ",IL,בירה איגל בקבוק חוז,,500.00,100 מל,false,,6.50,0.0130,true,1,113369
7290006764485,false,"בירה שחורה נשר מאלט שישייה ח""פ 330*6 מ''ל","טמפו משקאות בע""\ם.",IL,נשר מאלט מארז שישייה,מיליליטרים,330.00,"100 מ""ל",false,,31.90,9.6667,true,1,142407
7290006764737,false,בירה נשר מאלט דלת קלוריות ללא אלכוהול 500 מל,"טמפו משקאות בע""\ם.",IL,בירה נשר מאלט דלת קל,גרמים,500.00,100 גרם,false,,4.90,0.9800,true,1,142409
7290006765000,false,טורטיה מקמח מלא שקדיה 540 גרם,אלקטי קוראבייכיסיגיד,TR,טורטייה בתוספת חיטה,גרמים,840.00,100 גרם,false,,10.90,1.2976,true,1,134345
7290006770547,false,לקט יחודי להכנת חמין,"פרי הגליל בע""""מ",,לקט יחודי להכנת חמין,גרמים,800.00,100 גרם,false,,16.90,2.1125,true,1,134751
7290006775016,false,אחווה עוגת תפוז 450 גרם,אחדות ביחר לטחינה חל,IL,עוגת תפוז 450 גרם,גרמים,450.00,100 גרם,false,,10.90,2.4222,true,1,137613
7290006775023,false,עוגה אנגלית אחווה 450 גר',אחדות ביחר לטחינה חל,IL,עוגה אנגלית 450 גרם,גרמים,450.00,100 גרם,false,,10.90,2.4222,true,1,137614
7290006775030,false,עוגת שוקולד צ'יפס 450 ג אחוה,אחדות ביחר לטחינה חל,IL,עוגת שוקו-ציפס 450 ג,גרמים,450.00,100 גרם,false,,10.90,2.4222,true,1,137615
7290006775047,false,עוגת שוקולד אחוה 450 גרם,אחדות ביחר לטחינה חל,IL,עוגה בטעם שוקולד 450,גרמים,450.00,100 גרם,false,,10.90,2.4222,true,1,137616
7290006775054,false,עוגת שיש אחווה 450 ג' אחוה,אחדות ביחר לטחינה חל,IL,עוגת שיש 450 גרם,גרמים,450.00,100 גרם,false,,10.90,2.4222,true,1,137617
7290006775085,false,עוגת שמרים במילוי שוקולד אחוה,אחדות ביחר לטחינה חל,IL,עוגת שמרים במילוי קר,גרמים,400.00,100 גרם,false,,11.90,2.9750,true,1,137619
7290006775191,false,מאפינס ממולא שוקולד אחווה 50 ג',אחדות ביחר לטחינה חל,IL,אחווה מאפה ממולא שוק,Unknown,0.00,יחידה,false,,1.90,0.0000,true,1,137620
7290006775306,false,מאפינס אישי וניל במילוי תות אחווה 50ג',אחדות ביחר לטחינה חל,IL,אחווה מאפין וניל במי,Unknown,0.00,יחידה,false,,1.90,0.0000,true,1,137622
7290006775337,false,עוגת שמרים במילוי פרג אחווה,אחדות ביחר לטחינה חל,IL,עוגת שמרים פרג 400 ג,גרמים,400.00,100 גרם,false,,11.90,2.9750,true,1,137623
7290006775344,false,עוגת שמרים במילוי קרם קינמון אחוה 400 גרם,אחדות ביחר לטחינה חל,IL,עוגת שמרים במילוי קר,גרמים,400.00,100 גרם,false,,11.90,2.9750,true,1,137624
7290006775900,false,עוגיות מיני מרוקאיות אחוה 500 גרם,"אחדות ביח""ר לטחינה",IL,אחוה עוגיות מרוקאיו,גרמים,500.00,100 גרם,false,,9.90,1.9800,true,1,137630
7290006784018,false,"מילוי מכשיר אוויר 250 מ""ל fashion blablabla סנט מוריץ",קומפלקס כימיקלים בעמ,TR,fashion blablabla מי,מיליליטרים,250.00,"100 מ""ל",false,,12.90,5.1600,true,1,196908
7290006784025,false,עלמה ספוג הפלא להסרת כתמים קשים,קומפלקס כימיקלים,IL,עלמה ספוג הפלא להסרת,Unknown,0.00,יחידה,false,,7.90,0.0000,true,1,179467
7290006784032,false,עלמה כריות יפניות - ללא שריטות 6 יחידות,קומפלקס כימיקלים,IL,עלמה כרית יפנית -שיש,Unknown,0.00,יחידה,false,,8.90,0.0000,true,1,164095
7290006784056,false,הום מגבונים לחים לני,,,הום מגבונים לחים לני,Unknown,0.00,יחידה,false,,29.90,0.0000,true,1,204677
7290006784070,false,עלמה כריות קרצוף 2+1 יחידות,קומפלקס כימיקלים,IL,עלמה סקוטש 2+1,Unknown,0.00,יחידה,false,,8.90,0.0000,true,1,179452
7290006784186,false,כפפות ניטריל שחור ללא אבקה 100 יח' L עלמה,קומפלקס כימיקלים,CN,עלמה כפפות ניטריל שח,Unknown,0.00,יחידה,false,,24.90,0.0000,true,1,196318
7290006784193,false,כפפות ניטריל שחור ללא אבקה 100 יח' M עלמה,קומפלקס כימיקלים,CN,עלמה כפפות ניטריל שח,Unknown,0.00,יחידה,false,,24.90,0.0000,true,1,196319
7290006784230,false,כפפות ניטריל שחור ללא אבקה 100 יח' S עלמה,קומפלקס כימיקלים,CN,עלמה כפפות ניטריל שח,Unknown,0.00,יחידה,false,,24.90,0.0000,true,1,196320
7290006784308,false,"PURE מבשם אוויר ניחוח חופשה בפרובנס 400 מ""ל",קומפלקס כימיקלים,TR,מבשם אוויר בניחוח חו,מיליליטרים,400.00,"100 מ""ל",false,,11.90,2.9750,true,1,184436
7290006784322,false,ספריי לניקוי והברקת משטחי נירוסטה סנט מו,קומפלקס כימיקלים,IL,סנט מוריץ לנירוסטה 4,מיליליטרים,400.00,"100 מ""ל",false,,18.00,4.5000,true,1,131408
7290006784339,false,"תרסיס לניקוי רהיט סנט מוריץ 300 מ""ל",קומפלקס כימיקלים,IL,תרסיס לניקוי רהיט סנ,מיליליטרים,300.00,"100 מ""ל",false,,12.00,4.0000,true,1,131409
7290006784346,false,"סנט מוריץ תרסיס לניקוי שטיחים 630 מ""ל",קומפלקס כימיקלים בעמ,IL,תרסיס לניקוי שטיחים,Unknown,630.00,יחידה,false,,16.90,0.0268,true,1,131410
7290006784360,false,חלונית סנט מוריץ לניקוי חלונות 1 ליטר,"קומפלקס כימיקלים בע""",IL,סנט מוריץ חלונית 1 ל,קילוגרמים,1.00,ליטר,false,,8.00,8.0000,true,1,131412
7290006784377,false,מרכך כביסה פיור נייטשר כחול 1 ליטר,"קומפלקס כימיקלים בע""",TR,pure nature מרכך כבי,קילוגרמים,1.00,ליטר,false,,13.90,13.9000,true,1,195446
7290006784414,false,"PURE מבשם כביסה בניחוח מלון ספא 500 מ""ל",קומפלקס כימיקלים,TR,מבשם כביסה בניחוח מל,מיליליטרים,500.00,"100 מ""ל",false,,14.90,2.9800,true,1,184441
7290006784452,false,"PURE - מבשם כביסה מרסס בניחוח מלון רויאל 500 מ""ל",קומפלקס כימיקלים,TR,מבשם כביסה בניחוח מל,מיליליטרים,500.00,"100 מ""ל",false,,14.90,2.9800,true,1,184443
7290006784469,false,"PURE מבשם אוויר ניחוח חופשה במיקונוס 400 מ""ל",קומפלקס כימיקלים,TR,מבשם אוויר ניחוח חופ,מיליליטרים,400.00,"100 מ""ל",false,,11.90,2.9750,true,1,184440
7290006784476,false,מסכה לפנים עלמה חד פעמי כירוגיות- 50 יח' שחור,,,עלמה מסיכות בצבע שחו,Unknown,0.00,יחידה,false,,9.90,0.0000,true,1,194115
7290006784483,false,"PURE מבשם אוויר ניחוח חופשה בסנט מוריץ 400 מ""ל",קומפלקס כימיקלים,TR,מבשם אוויר ניחוח חופ,מיליליטרים,400.00,"100 מ""ל",false,,11.90,2.9750,true,1,184439
7290006784506,false,"אוקסי מסיר כתמים 750 מ""ל",קומפלקס כימיקלים,IL,סנט מוריץ אוקסי מסיר,מיליליטרים,750.00,"100 מ""ל",false,,10.90,1.4533,true,1,131415
7290006784575,false,"מילוי מכשיר אוויר 250 מ""ל fashion loouy סנט מוריץ",קומפלקס כימיקלים בעמ,TR,fashion loouy מילוי,מיליליטרים,250.00,"100 מ""ל",false,,12.90,5.1600,true,1,196912
7290006784582,false,"סנטמוריץ מטהר אוויר למכשיר אוטומטי 250 סמ""ק",סורה קוסמטיקס,TR,fashion no.6 מילוי מ,מיליליטרים,250.00,"100 מ""ל",false,,12.90,5.1600,true,1,196909
7290006784599,false,"מילוי מכשיר אוויר 250 מ""ל fashion yoyo boss סנט מוריץ",סורה קוסמטיקס,TR,fashion yoyo boss מי,מיליליטרים,250.00,"100 מ""ל",false,,12.90,5.1600,true,1,196910
7290006784605,false,"מילוי מכשיר אוויר 250 מ""ל fashion midnight secret סנט מוריץ",קומפלקס כימיקלים בעמ,TR,fashion midnight sec,מיליליטרים,250.00,"100 מ""ל",false,,12.90,5.1600,true,1,196913
7290006784636,false,"ספריי אוויר 250 מ""ל fashion meduza סנט מוריץ",קומפלקס כימיקלים בעמ,TR,"ספריי אוויר 250 מ""ל",מיליליטרים,250.00,"100 מ""ל",false,,12.90,5.1600,true,1,196902
7290006784773,false,"ספריי אוויר 250 מ""ל fashion 102 סנט מוריץ",קומפלקס כימיקלים בעמ,TR,"ספריי אוויר 250 מ""ל",מיליליטרים,250.00,"100 מ""ל",false,,12.90,5.1600,true,1,196903
7290006789631,false,קרליין קרם לחות לשיער רגיל 400 גרם,מיוצר עי : אמיליה קוסמטי,IL,קרם לחות נוסחה קלאסי,מיליליטרים,400.00,"100 מ""ל",false,,18.90,4.7250,true,1,117376
7290006789648,false,"קרם לחות לשיער יבש 10 קרליין 400 מ""ל","אמיליה קוסמטיקס בע""מ",IL,קרם לחות לשיער יבש ק,מיליליטרים,400.00,"100 מ""ל",false,,18.90,4.7250,true,1,117377
7290006789655,false,"קרם לחות לסירוק קל לשיער מתולתל ומקורזל 10 קרליין 400 מ""ל",מיוצר עי : אמיליה קוסמטי,IL,קרם לחות לבניית תלתל,מיליליטרים,400.00,"100 מ""ל",false,,18.90,4.7250,true,1,117378
7290006804822,false,סופגניה בצק/לחמניה ה,,,לחמנית המבורגר,Unknown,0.00,יחידה,false,,3.00,0.0000,true,1,116370
7290006804877,false,פיתה ביס פילסברי 1/,פילסברי,,חבילת פיתות 10 יח,גרמים,500.00,100 גרם,false,,12.90,2.5800,true,1,116371
7290006804907,false,פיתה אסלית אפויה קפואה (חמישיות),פילסברי,,חבילת פיתות אסלית 5,גרמים,500.00,100 גרם,false,,7.90,1.5800,true,1,116373
7290006805355,false,"פילסברי, כדורים בטעם שוקולד, תערובת להכנת כדורים בטעם שוקולד. 500 גרם.",הדקלאים אגודת שיתופי,IL,פילסברי כדורי שוקולד,גרמים,500.00,100 גרם,false,,16.90,3.3800,true,1,121100
7290006805362,false,חצי באגט מאפית,פילסברי,,חצי בגט,Unknown,0.00,יחידה,false,,3.50,0.0000,true,1,116374
7290006806499,false,לחמנייה דגנים וגרעינ,,,לחמניה דגנים,Unknown,0.00,יחידה,false,,4.50,0.0000,true,1,116378
7290006806963,false,חלה מתוקה קלועה אפויה-קפואה,פילסברי,,חלה מתוקה קלועה א.ק,Unknown,0.00,יחידה,false,,12.40,0.0000,true,1,116379
7290006855190,false,חטיף תמרים ואגוזי מלך עם בננה ללא תוספת סוכר,טבעית מוצרים מן הטבע בעמ,IL,בר -בריא חטיף תמרים,Unknown,0.00,יחידה,false,,17.90,0.0000,true,1,161009
7290006855206,false,חטיף בר שזיפים קוקוס ואוכמניות מארז 120 גרם,טבעית מוצרים מן הטבע,IL,ברבריא שזיפים קוקוס,גרמים,120.00,100 גרם,false,,17.90,14.9167,true,1,129852
7290006855244,false,ברבריא חטיף שקדים צימוקים ודבש 120 גרם,טבעית מוצרים מן הטבע בעמ,IL,ברבריא אגוזים וצימוק,Unknown,4.00,יחידה,false,,17.90,4.4750,true,1,129853
7290006855251,false,חטיף קשיו חמוציות וסילאן ברבריא 4*30 ג',טבעית מוצרים מן הטבע בעמ,IL,ברבריא קשיו אגוז מלך,Unknown,4.00,יחידה,false,,17.90,4.4750,true,1,129854
7290006866363,false,מיץ סחוט אשכוליות אדומות פרימור 1 ליטר,"גניר (1992) בע""מ",IL,פרימור מיץ אשכולית א,,1000.00,100 מל,false,,16.90,0.0169,true,1,139887
7290006866967,false,נקטר חמוציות פרימור 1 ליטר,סטאר סנקס,IL,פרימור חמוציות 1 ליט,קילוגרמים,1.00,ליטר,false,,9.90,9.9000,true,1,155769
7290006920911,false,הולנדית פרוס 350ג' כפיר,צי תעשיות מזון יבנה,IL,הולנדי פרוס 350 גרם,גרמים,350.00,100 גרם,false,,15.90,4.5429,true,1,167452
7290006940223,false,חלבה מוקצפת אלמחרום,,,חלבה מוקצפת אלמחרום,גרמים,500.00,100 גרם,false,,19.90,3.9800,true,1,150153
7290006960023,false,כרוב כבוש מאמא מרי 7,מאמא מרי,IL,"כרוב כבוש 1 ק""ג",פריט,1.00,"ק""ג",false,,19.90,19.9000,true,1,181887
7290006960337,false,מיקס פטריות יח 400 גרם,,IL,פטריות מיקס יחידה,Unknown,0.00,יחידה,false,,26.90,0.0000,true,1,183697
7290006960399,false,פטריות שמפיניון 400 גרם,,,פטריות במלח -יחידה,Unknown,0.00,יחידה,false,,26.90,0.0000,true,1,183691
7290006960641,false,סלט אצות ים טבעי 400,,,סלט אצות ים,Unknown,0.00,יחידה,false,,25.90,0.0000,true,1,183593
7290006963413,false,עוגת שטולן מייסטר עם,KuchenMeister GmbH,DE,עוגת שטולן עם חמאה 5,Unknown,0.00,יחידה,false,,34.90,0.0000,true,1,202224
7290006983152,false,קרוטונים מתובלים למרק אסם 400 גרם,עינת תעשיות מזון אגו,IL,אסם קרוטונים מתובלים,גרמים,400.00,100 גרם,false,,19.90,4.9750,true,1,126763
7290006983176,false,אוסם - לחמית שיפון 250 גרם,"אסם השקעות בע""\מ",IL,לחמית שיפון 10*230גר,גרמים,230.00,100 גרם,false,,9.90,4.3043,true,1,126764
7290006983763,false,עוגת הבית שוקולד אסם 400 גרם,מיוצר עי קונדיטוריית,IL,הבית עוגת שוקולד 8*4,גרמים,400.00,100 גרם,false,,14.90,3.7250,true,1,126767
7290006983770,false,עוגת הבית שיש אסם 400 גרם,מיוצר עי קונדיטוריית,IL,הבית עוגת שיש 8*400ג,גרמים,400.00,100 גרם,false,,14.90,3.7250,true,1,126768
7290006983787,false,עוגת הבית שוקולד צ'יפס אסם 400 גרם,מיוצר עי קונדיטוריית,IL,הבית עוגת שוקולד צ'י,גרמים,400.00,100 גרם,false,,14.90,3.7250,true,1,126769
7290006983794,false,עוגת הבית בטעם תפוז אסם 400 גרם,מיוצר עי קונדיטוריית,IL,הבית עוגת תפוז 8*400,גרמים,400.00,100 גרם,false,,14.90,3.7250,true,1,126770
7290006992161,false,מטרנה - דייסת קורנפלור פרוביוטי 200 גרם,מולינו ניקולי s.p.a,IL,מטרנה דייסת קורנפלור,גרמים,200.00,100 גרם,false,,13.90,6.9500,true,1,126772
7290006992185,false,"מטרנה - דייסת אורז פרוביוטי כשל""פ 200 גרם",מולינו ניקולי s.p.a,IL,מטרנה דייסת אורז פרו,גרמים,200.00,100 גרם,false,,13.90,6.9500,true,1,126773
7290006992192,false,דייסה מטרנה סולת פרוביוטיקה,מטרנה תעשיות ש.מ,IL,מטרנה דייסת סולת פרו,גרמים,200.00,100 גרם,false,,13.90,6.9500,true,1,126774
7290006992208,false,מטרנה דייסת 8 דגנים מעורבים 200 גרם,מטרנה תעשיות ש.מ,IL,מטרנה דייסת דגנים פר,גרמים,200.00,100 גרם,false,,13.90,6.9500,true,1,126775
7290006992390,false,"מטרנה - דייסת וניל פרוביוטי כשל""פ 200 גרם",מולינו ניקולי s.p.a,IL,מטרנה דייסת וניל פרו,גרמים,200.00,100 גרם,false,,13.90,6.9500,true,1,126776
7290008000239,false,"שטיפה אינטימית מועשר בלחות פמינה 220 מ""ל",פמינה,IL,פמינה מועשר בלחות 22,Unknown,220.00,יחידה,false,,22.90,0.1041,true,1,133374
7290008000246,false,"פמינה - שטיפה אינטימית מועשר באלוורה 220 מ""ל",פמינה,IL,פמינה מועשר באלוורה,Unknown,220.00,יחידה,false,,22.90,0.1041,true,1,133375
7290008000826,false,"משחת שיניים לילדים בטעם פירות לגילאים 2-6 כצט 50 מ""ל",כצט נוביס,IL,ברבי משחת שיניים ליל,Unknown,50.00,יחידה,false,,11.90,0.2380,true,1,111164
7290008023542,false,סיף פנטסטיק שמפו רצפות כתום 4ל',יוניליוור ישראל טיפוח אי,IL,סיף פנטסטיק רצפות כת,קילוגרמים,4.00,ליטר,false,,19.90,4.9750,true,1,111101
7290008101257,false,זרעי צ'יה תבליני מימון 300 גרם,,IL,זרעי ציה 300 גרם,גרמים,300.00,100 גרם,false,,27.90,9.3000,true,1,114389
7290008101264,false,זרעי צ'יה תבליני מימון 150 גרם,,IL,זרעי ציה 150 גרם,גרמים,150.00,100 גרם,false,,14.90,9.9333,true,1,114390
7290008104050,false,"שטיפת אינטימית לקטופיל פמינה 220 מ""ל",כצט נוביס סעמ,IL,נוזל שטיפה אינטימית,Unknown,220.00,יחידה,false,,22.90,0.1041,true,1,111165
7290008116534,false,ליסטרין שטיפת פה קול מינט 250 מל,ג'\ונסון אנד ג'\ונסון,IT,ליסטרין קולמין 250 מ,Unknown,0.00,יחידה,false,,12.90,0.0000,true,1,186785
7290008116541,false,"שטיפת פה ליסטרין קול מינט 500 מ""ל",ג'\ונסון אנד ג'\ונסון,IT,*מבצע* ליסטרין מי פה,מיליליטרים,500.00,"100 מ""ל",false,,16.90,3.3800,true,1,166664
7290008116558,false,ליסטירין מי פה בטעם מנטה מרענן 250 מל,ג'\ונסון אנד ג'\ונסון,IT,ליסטרין פרשברוז 250,Unknown,0.00,יחידה,false,,12.90,0.0000,true,1,161584
7290008116565,false,ליסטרין שטיפת פה פרש 500 מל,ג'\ונסון אנד ג'\ונסון,IT,*מבצע* ליסטרין מי פה,מיליליטרים,500.00,"100 מ""ל",false,,16.90,3.3800,true,1,166665
7290008116862,false,בלנאום שמן רחצה יומיומי לתינוקות וילדים,ניאופארם,IL,BALINEUM BABY BASIC,Unknown,0.00,יחידה,false,,64.90,0.0000,true,1,181499
7290008154222,false,שניצלונים עוף טוב 700 גרם,"מוצרי עוף טוב (2001) בע""",IL,עוף טוב שניצלונים 12,גרמים,700.00,100 גרם,false,,20.00,2.8571,true,1,126777
7290008175210,false,גבינת פרמזן מגורדת 90ג' ויליפוד,זנטי אס.איי.,IT,וילי פוד פרמזן מגורד,Unknown,0.00,יחידה,false,,14.90,0.0000,true,1,115550
7290008175814,false,וילי פוד פטריות שמפניון חתיכות 400 גר`,"אוקצ'מפ אס, איי אויי",PL,וילי פוד פיטריות שמפ,גרמים,400.00,100 גרם,false,,5.90,1.4750,true,1,115554
7290008183864,false,קטשופ 1 קג מיטב חדש,,,קטשופ 1 קג מיטב חדש,גרמים,1000.00,100 גרם,false,,9.90,0.9900,true,1,153387
7290008190633,false,סוכריות על מקל בטעם,כרמית,TR,סוכריות על מקל בטעם,Unknown,110.00,יחידה,false,,37.90,0.3445,true,1,147198
7290008190909,false,עוגיות מיני קוקיס שוקולד צ'יפס בצנצנת כרמית 600 גרם,כרמית תעשיות ממתקים,IL,עוגיות מיני קוקיס בת,גרמים,600.00,100 גרם,false,,18.90,3.1500,true,1,147204
7290008190985,false,סוכריות על מקל בטעמי,כרמית תעשיות ממתקים,TR,סוכריות על מקל בטעמי,גרמים,500.00,100 גרם,false,,19.90,3.9800,true,1,147205
7290008328593,false,פטריות חתוכות הולנדי,,,פטריות חתוכות הולנדי,פריט,3.00,"ק""ג",false,,29.90,9.9667,true,1,142850
7290008328661,false,חתיכות אננס יורופוד,,,חתיכות אננס יורופוד,פריט,3.00,"ק""ג",false,,29.90,9.9667,true,1,142852
7290008330107,false,מרכך כביסה בדין סגול 4 ליטר,יוניליור ישראל טיפוח איש,IL,בדין מרכך כבוסה סגול,קילוגרמים,4.00,ליטר,false,,21.90,5.4750,true,1,119575
7290008335553,false,קובה במילוי בשר 600 גרם,האי נאם סי או אל.טי.,IL,קובה בשר וצנובר 600ג,Unknown,0.00,יחידה,false,,12.90,0.0000,true,1,123034
7290008340618,false,סלמון מעושן מצונן דלידג 100 ג',ויליגר תעשיות בעמ,IL,סלמון 100 מעושן מצונ,גרמים,100.00,100 גרם,false,,21.90,21.9000,true,1,123036
7290008343466,false,בצק פילו 500 גרם שלושת האופים,שלושת האופים שגמור,IL,בצק פילו 500 גרם,גרמים,500.00,100 גרם,false,,19.90,3.9800,true,1,123037
7290008343503,false,ג'חנון תימני אפוי 3האופים 650 ג',שלושת האופים,IL,שלושת האופים גחנון א,גרמים,650.00,100 גרם,false,,19.90,3.0615,true,1,123039
7290008343510,false,ג'חנון מיני אפוי למיקרו 3 האופים 650 ג',שלושת האופים ירכא,IL,שלושת האופים מיני גח,גרמים,650.00,100 גרם,false,,17.90,2.7538,true,1,123040
7290008343558,false,"סיגרים בשר שלושת האופים 1 ק""ג","שלושת האופים בע""\מ",IL,"סיגרים בשר 1 ק""ג שלו",Unknown,1.00,יחידה,false,,22.90,22.9000,true,1,123041
7290008343572,false,"אגרול סיני 1 ק""ג שלושת האופים","שלושת האופים בע""\מ",IL,"אגרול סיני 1 ק""ג שלו",Unknown,1.00,יחידה,false,,22.90,22.9000,true,1,123043
7290008343602,false,"קובה בשר 1 ק""ג שלושת האופים","שלושת האופים בע""\מ",IL,"קובה בשר 1 ק""ג שלושת",Unknown,1.00,יחידה,false,,22.90,22.9000,true,1,123046
7290008343619,false,"פסטלים תפו""א שלושת האופים 1 ק""ג","שלושת האופים בע""\מ",IL,"פסטלים תפו""א שלושת ה",Unknown,1.00,יחידה,false,,22.90,22.9000,true,1,123047
7290008343626,false,"כדורי פלאפל 1 ק""ג שלושת האופים","שלושת האופים בע""\מ",IL,"כדורי פלאפל 1 ק""ג של",Unknown,1.00,יחידה,false,,22.90,22.9000,true,1,123048
7290008345118,false,דלידג מקרל בשמן 240 גרם,מיוצר על ידי קוד יצר,IL,מקרל בשמן 240גרם,גרמים,240.00,100 גרם,false,,29.90,12.4583,true,1,123051
7290008345576,false,סלט איקרה ביתית לבנה 300 גרם דלידג,כלורוקס אוקלנד,IL,איקרה ביתית לבנה 300,גרמים,300.00,100 גרם,false,,21.90,7.3000,true,1,123056
7290008345583,false,איקרה ביתית ורוד 300 גרם דלידג,כלורוקס אוקלנד,IL,איקרה ביתית ורוד 300,גרמים,300.00,100 גרם,false,,21.90,7.3000,true,1,123057
7290008409100,false,אצבעות שניצל בציפוי שומשום מאמא עוף 700 גרם,תנובה גליל שותפות מוגבלת,IL,מאמאעוף אצבעות שניצל,גרמים,700.00,100 גרם,false,,36.90,5.2714,true,1,114211
7290008409124,false,שניצל ג'ונגל פריך 700 ג' מאמא עוף,תנובה גליל שותפות מוגבלת,IL,מאמא עוף קפוא שניצל,גרמים,700.00,100 גרם,false,,36.90,5.2714,true,1,114213
7290008409216,false,שניצל דק דק פריך מאמא עוף 700 גרם,תנובה גליל,IL,מאמא עוף קפוא שניצל,גרמים,700.00,100 גרם,false,,36.90,5.2714,true,1,114215
7290008409223,false,שניצל דק דק מתובל מאמא עוף 700 גרם,תנובה גליל שותפות מוגבלת,IL,מאמא עוף שניצל דק מת,גרמים,700.00,100 גרם,false,,36.90,5.2714,true,1,114216
7290008409407,false,שניצל דק צ'יפס מאמא עוף 700 גרם,תנובה גליל שותפות מוגבלת,IL,מאמא עוף שניצל דק צי,גרמים,700.00,100 גרם,false,,36.90,5.2714,true,1,114221
7290008409551,false,שניצל עוף אמיתי בציפוי מעודן 700 ג' מאמא עוף,תנובה גליל שותפות מוגבלת,IL,מאמאעוף שניצל עוף אמ,גרמים,700.00,100 גרם,false,,36.90,5.2714,true,1,114223
7290008409568,false,שניצל עוף אמיתי בציפוי שבבי ציפס 700 גר,תנובה גליל שותפות מוגבלת,IL,מאמאעוף שניצל ציפס א,גרמים,700.00,100 גרם,false,,36.90,5.2714,true,1,114224
7290008409582,false,שניצל עוף אמיתי בציפוי ביתי מאמא עוף 700 גרם,תנובה גליל שותפות מוגבלת,IL,מאמאעוף שניצל אמיתי,גרמים,700.00,100 גרם,false,,36.90,5.2714,true,1,114226
7290008409605,false,כוכבי עוף בציפוי מעודן מאמא עוף 700 גרם,תנובה גליל שותפות מוגבלת,IL,מאמא עוף כוכבי עוף ב,גרמים,700.00,100 גרם,false,,36.90,5.2714,true,1,114227
7290008409773,false,קציצות עוף אמיתיות מאמא עוף 700 גרם,תנובה גליל שותפות מוגבלת,IL,מאמא עוף קפוא קציצות,גרמים,700.00,100 גרם,false,,26.90,3.8429,true,1,114232
7290008415514,false,צבר חומוס עם חריף עגול 150 גרם,סלטי צבר,IL,צבר חומוס עם חריף 12,גרמים,150.00,100 גרם,false,,5.90,3.9333,true,1,126779
7290008461238,false,סרדינים בשמן חמניות ופלפל חריף רוברט 84 גרם,"רמירז, מטוסינוס",PT,סר' רוברט ש' חמנ חרף,גרמים,115.00,100 גרם,false,,6.90,6.0000,true,1,123063
7290008462198,false,חרדל דיזיון חריף 210 גרם,מיילי,,חרדל דיז'ון חריף 210,גרמים,210.00,100 גרם,false,,15.90,7.5714,true,1,123064
7290008462204,false,חרדל דיז'ון מקורי נטו מאי 380 גרם,יוניליבר צרפת,FR,חרדל דיזון מקורי 380,גרמים,380.00,100 גרם,false,,15.90,4.1842,true,1,153814
7290008464024,false,"בירה גולדסטאר Unfiltered, בירה לא מסוננת, פחית 500 מ""ל","טמפו משקאות בע""מ",IL,בירה גולדסטאר Unfilt,,500.00,100 מל,false,,8.90,0.0178,true,1,113373
7290008464109,false,"בירה גולדסטאר Unfiltered, בירה לא מסוננת, בקבוק 330 מ""ל","טמפו משקאות בע""מ",IL,בירה גולדסטאר Unfilt,,330.00,100 מל,false,,8.90,0.0270,true,1,113374
7290008464130,false,"בירה גולדסטאר Unfiltered, בירה לא מסוננת, מארז שישייה, בקבוק 330 מ""ל",טמפו,IL,בירה גולדסטאר Unfilt,Unknown,0.00,יחידה,false,,44.90,0.0000,true,1,113375
7290008464468,false,"בירה גולדסטאר, פחית 500 מ""ל","טמפו משקות בע""\מ",IL,בירה גולדסטאר פחית,,500.00,100 מל,false,,8.50,0.0170,true,1,113380
7290008464475,false,"בירה מכבי, פחית 500 מ""ל","טמפו משקאות בע""\מ",IL,בירה מכבי פחית 500,,500.00,100 מל,false,,7.90,0.0158,true,1,113381
7290008464505,false,סן בנדטו - מים מנרליים 500 מל,אקווה מינרלה סאן בנדטו ב,IT,סאן בנדטו בקבוק פלסט,,500.00,100 מל,false,,4.00,0.0080,true,1,125767
7290008464604,false,"בירה הייניקן פחית 500 מ""ל",טמפו משקאות בע''מ,NL,בירה היינקן פחית 50,,500.00,100 מל,false,,11.90,0.0238,true,1,113382
7290008464611,false,"הסודה של טמפו, מי סודה בגיזוז חזק, 275 מל",טמפו משקאות בעמ,IL,טמפו מי סודה בקבוק 2,,275.00,100 מל,false,,5.00,0.0182,true,1,142417
7290008464703,false,"שישיית בירה מכבי בקבוק 330 מ""ל",טמפו משקאות בע''מ,IL,בירה מכבי מארז שישי,מיליליטרים,330.00,"100 מ""ל",false,,34.90,10.5758,true,1,113386
7290008464734,false,"שישיית בירה גולדסטאר לאגר SLOW BREW בקבוק 330 מ""ל",טמפו משקאות בע''מ,IL,גולד סטאר slow brew,Unknown,6.00,יחידה,false,,42.90,7.1500,true,1,113387
7290008464741,false,"בירה גולדסטאר, מארז שישייה, בקבוק 330 מ''ל","טמפו משקאות בע""\מ",IL,בירה גולדסטאר מארז,מיליליטרים,330.00,"100 מ""ל",false,,36.90,11.1818,true,1,113388
7290008464796,false,"בירה היינקן, מארז שישייה, בקבוק 330 מ''ל",טמפו משקאות בע''מ,IL,בירה היינקן מארז שי,Unknown,0.00,יחידה,false,,39.90,0.0000,true,1,113390
7290008493413,false,פירורי לחם מאיר בייגל פירורי גריסיני 200 גרם,מאיר את ביגל,IL,מאיר בייגל פירורי גר,גרמים,200.00,100 גרם,false,,7.90,3.9500,true,1,140703
7290008593007,false,לבנה גת 500 גרם 9%,,,לבנה גת 500 גרם 9%,גרמים,500.00,100 גרם,false,,13.90,2.7800,true,1,151805
7290008593021,false,לבנה עם זעתר 200גרם,,,לבנה עם זעתר 200גרם,גרמים,200.00,100 גרם,false,,11.90,5.9500,true,1,151806
7290008593168,false,גבינה מתוקה 400 גרם,,,גבינה מתוקה 400 גרם,גרמים,400.00,100 גרם,false,,24.90,6.2250,true,1,151809
7290008593205,false,יוגורט כבשים ג'ת 1.5 ל',,,יוגורט כבשים 1.50 ל,קילוגרמים,1.50,ליטר,false,,25.90,17.2667,true,1,151811
7290008593212,false,שקית לבנה מרובע צבעוני ג'ת 500 ג',,,גביתה מתוקה גת 300גר,Unknown,0.00,יחידה,false,,13.90,0.0000,true,1,151812
7290008593229,false,גבינת כבשים 250 ג' מחלבת ג'ת,,,גבינה מלוחה כבשים,Unknown,0.00,יחידה,false,,29.90,0.0000,true,1,182010
7290008593267,false,לבנה כדורים ג'ת 400 ג',,,לבנה כדורים 400 גרם,גרמים,400.00,100 גרם,false,,26.90,6.7250,true,1,137698
7290008593274,false,יוגורט 4% 1.5 ליטר,,,יוגורט 4% 1.5 ליטר,קילוגרמים,1.50,ליטר,false,,14.90,9.9333,true,1,163417
7290008593311,false,גבינה מלוחה לטיגון ב,,,גבינה מלוחה לטיגון ב,Unknown,0.00,יחידה,false,,20.90,0.0000,true,1,151817
7290008593335,false,"לבן אפ ג'ת 330 מ""ל",,,"יוגורט אפ 330 מ""ל",Unknown,0.00,יחידה,false,,5.90,0.0000,true,1,151818
7290008593403,false,יוגרט עיזים ג'ת 1.5 ל',,,יוגורט עיזים 1.50 ל,קילוגרמים,1.50,ליטר,false,,25.90,17.2667,true,1,151820
7290008593458,false,יוגורט בטעם תות 1 ל' ג'ת,,,יוגורט תות 1 ליטר,קילוגרמים,1.00,ליטר,false,,14.90,14.9000,true,1,151822
7290008593519,false,לבנה ערבית גת 750 גר,,,לבנה ערבית גת 750 גר,גרמים,750.00,100 גרם,false,,22.90,3.0533,true,1,158564
7290008593595,false,גבינה מלוחה במי מלח ג'ת 400 ג',,,גבינה כחול במי מלח 4,גרמים,400.00,100 גרם,false,,24.90,6.2250,true,1,182739
7290008593625,false,"משקה בוקר בטעם אפרסק ג'ת 250 מ""ל",,,משקה יוגורט בטעם אפר,Unknown,0.00,יחידה,false,,5.90,0.0000,true,1,159164
7290008593649,false,ג'ת לבנה קופסא 500 ג,,,ג'ת לבנה קופסא 500 ג,גרמים,500.00,100 גרם,false,,13.90,2.7800,true,1,151825
7290008593700,false,גבינה ערבית ג'ת 700 ג',,,גבינה ערבית גת 800 ג,גרמים,800.00,100 גרם,false,,45.90,5.7375,true,1,151827
7290008593762,false,לבנה 12% ג'ת 750 ג',,,לבנה ג'ת 750 גרם,גרמים,750.00,100 גרם,false,,22.90,3.0533,true,1,151829
7290008593915,false,"איירן משקה יוגורט כוסות ג'ת 170 מ""ל",,,איירן משקה יוגורט 17,מיליליטרים,170.00,"100 מ""ל",false,,2.90,1.7059,true,1,165436
7290008639095,false,פחזניות וניל -פרווה/חלבי 280 גרם,קפולסקי שיווק וקמעונ,IL,פחזניות וניל 280גרם,גרמים,280.00,100 גרם,false,,25.90,9.2500,true,1,180967
7290008644235,false,עלי בייבי שטראוס 120 גרם,שטראוס בריאות ירקות טריי,IL,עלי בייבי שטראוס טעם,גרמים,120.00,100 גרם,false,,9.90,8.2500,true,1,139890
7290008644945,false,לקט לסלט המושבה שטראוס 450 גרם,שטראוס בריאות ירקות טריי,IL,לקט לסלט המושבה שטרא,גרמים,450.00,100 גרם,false,,12.10,2.6889,true,1,139892
7290008670142,false,"יין רקנאטי יסמין אדום 750 מ""ל",יקב רקאנטי,IL,רקנאטי יסמין אדו,Unknown,750.00,יחידה,false,,39.90,0.0532,true,1,113637
7290008670159,false,"יין רקנאטי יסמין לבן 750 מ""ל","יקבי רקנאטי בע""מ",IL,רקנאטי יסמין לבן,Unknown,750.00,יחידה,false,,39.90,0.0532,true,1,113638
7290008670852,false,רקנאטי יונתן אדום 750 מל,רקנאטי,IL,רקאנטי יונתן אדום 75,Unknown,0.00,יחידה,false,,39.90,0.0000,true,1,113639
7290008670869,false,רקנאטי יונתן לבן 750 מל,רקנאטי,IL,רקאנטי יונתן לבן 750,Unknown,0.00,יחידה,false,,39.90,0.0000,true,1,113640
7290008693134,false,מעדן גבינה ויוגורט בטעם תות 5% שומן 88 ג' דניאלה,"שטראוס בריאות בע""מ",IL,דניאלה מעדן גבינה מו,מיליליטרים,150.00,"100 מ""ל",false,,4.10,2.7333,true,1,139894
7290008711845,false,קליאו ק.גוף סקין קר מועשר באבקת פנינה - ורוד,"ביסקול בע""מ",IL,קליאו קרם גוף מקורי,מיליליטרים,400.00,"100 מ""ל",false,,15.00,3.7500,true,1,176436
7290008713900,false,לחם שיפון עגול פרוס אנג'ל 750 גרם,מאפיית אנג'\ל אורנים מאפ,IL,לחם שיפון עגול 750 ג,גרמים,750.00,100 גרם,false,,12.90,1.7200,true,1,114540
7290008713917,false,לחם שיפון כהה פרוס מאפיית אחדות 750 גרם,מאפיית שלמה א. אנג'\ל בע,IL,לחם שיפון כהה 750 גר,גרמים,750.00,100 גרם,false,,12.90,1.7200,true,1,114541
7290008745239,false,תפוצ'יפס קראנצ' בטעם טבעי עלית 50 גרם,"שטראוס פריטו ליי בע""\מ )",IL,תפוציפס קראנץ טבעי 5,Unknown,0.00,יחידה,false,,3.50,0.0000,true,1,132924
7290008747547,false,תפוצ'יפס קראנץ' בטעם טבעי עלית 200 גרם,"שטראוס פריטו ליי בע""\מ )",IL,תפוציפס קראנץ טבעי 2,גרמים,200.00,100 גרם,false,,9.90,4.9500,true,1,132926
7290008751902,false,"קפה שחור קלוי וטחון 1 ק""ג עילית",שיוך למחסן 17,IL,טורקי עלית 1קג,פריט,1.00,"ק""ג",false,,45.80,45.8000,true,1,132193
7290008752244,false,תפוצ'יפס קראנץ' בטעם גריל עלית 50 גרם,"שטראוס פריטו ליי בע""\מ )",IL,תפוציפס קראנץ גריל 5,Unknown,0.00,יחידה,false,,3.50,0.0000,true,1,132927
7290008753111,false,תפוצ'יפס קראנץ' בטעם מקסיקני עלית 50 גרם,"שטראוס פריטו ליי בע""\מ )",IL,תפוציפס מקסיקני 50 ג,Unknown,0.00,יחידה,false,,3.50,0.0000,true,1,132928
7290008754040,false,ממרח בטעם שוקולד פרה מגדים עלית 850 גרם,שטראוס גרופ,IL,פרה ממרח שוקולד מגדי,גרמים,850.00,100 גרם,false,,14.90,1.7529,true,1,204646
7290008754415,false,גומי מאסט בטעם ספירמינט עדין פליפטופ 28 ג' עלית,"שטראוס גרופ בע""מ",IL,מסטיק בטעם מנטה עדינ,Unknown,0.00,יחידה,false,,4.00,0.0000,true,1,132201
7290008757027,false,"שוופס טוניק 250 מ""ל זכוכית",יפאורה שותפות מובגלת לשיווק,IL,"שוופס טוניק 250 מ""ל",,250.00,100 מל,false,,7.00,0.0280,true,1,120392
7290008757980,false,קרטונית ספרינג נקטר רימונים 1 ליטר,יפאורה שותפות מובגלת לשיווק,IL,ספרינג רימונים 1 ל',,1000.00,100 מל,false,,6.90,0.0069,true,1,120412
7290008758192,false,"אלין קרם גוף 400 מ""ל",,,"אלין קרם גוף 400 מ""ל",מיליליטרים,400.00,"100 מ""ל",false,,34.90,8.7250,true,1,109708
7290008758246,false,"אלין מבשם גוף 250 מ""ל",,,"אלין מבשם גוף 250 מ""",מיליליטרים,210.00,"100 מ""ל",false,,42.90,20.4286,true,1,109710
7290008758598,false,"אלין קרם ידיים 100 מ""ל",,,אלין קרם ידיים,גרמים,100.00,100 גרם,false,,12.90,12.9000,true,1,109713
7290008758956,false,"אלין סרום שיאה קרטין 125 מ""ל",,,אלין סרום שיאה לשיער,מיליליטרים,125.00,"100 מ""ל",false,,42.90,34.3200,true,1,109725
7290008775816,false,ערגליות עוגיות במילוי שוקולד אסם 300 גרם,מיוצר עי קונדיטוריית,IL,ערגליות שוקולד 6*300,גרמים,300.00,100 גרם,false,,11.90,3.9667,true,1,126783
7290008775823,false,ערגליות עוגיות תות שדה אסם 300 גרם,מיוצר עי קונדיטוריית,IL,ערגליות תות חדש 12*3,גרמים,300.00,100 גרם,false,,11.90,3.9667,true,1,126784
7290008801010,false,"יין קברנה סוביניון מרלו פרייוט קולקשן 750 מ""ל",אגודת הכורמים הקאופו,IL,פי.סי קברנה/מרלו 750,מיליליטרים,750.00,"100 מ""ל",false,,41.90,5.5867,true,1,112244
7290008801119,false,"יין סוביניון בלאן סלקטד כרמל 750 מ""ל",אגודת הכורמים הקואופרטיב,IL,סלקטד סוביניון בלאן,מיליליטרים,750.00,"100 מ""ל",false,,29.90,3.9867,true,1,112246
7290008801522,false,יין קינג דויד קונקורד אדום מתוק 750 מל,אגודת הכורמים הקואופרטיב,IL,קינג דוד קונקורד 750,מיליליטרים,750.00,"100 מ""ל",false,,19.90,2.6533,true,1,112251
7290008801546,false,יין מוסקט מתוק קינג דיוויד יקבי כרמל,אגודת הכורמים הקואופרטיב,IL,קינג דוד מוסקט מתוק,מיליליטרים,750.00,"100 מ""ל",false,,19.90,2.6533,true,1,112253
7290008801843,false,"יין קברנה סוביניון סלקטד כרמל 750 מ""ל","כד בני דרום בע""מ",IL,סלקטד קברנה סוביניון,מיליליטרים,750.00,"100 מ""ל",false,,29.90,3.9867,true,1,112254
7290008802291,false,יין מרלו פרייבט קולקשן יקבי כרמל,אגודת הכורמים הקואופרטיב,IL,"פי.סי מרלו 750 מ""ל",מיליליטרים,750.00,"100 מ""ל",false,,41.90,5.5867,true,1,112256
7290008802512,false,"יין וינו אדום ""כרמל מזרחי""","כד בני דרום בע""מ",IL,יין אדום VINO,מיליליטרים,750.00,"100 מ""ל",false,,19.90,2.6533,true,1,202267
7290008802529,false,"יין לבן חצי יבש וינו 750 מ""ל",כרמל מזרחי,IL,וינו לבן יבש,מיליליטרים,750.00,"100 מ""ל",false,,19.90,2.6533,true,1,202268
7290008804332,false,יין שיראז פרייבט קולקשן יקבי כרמל,אגודת הכורמים הקואופרטיב,IL,"פי.סי שיראז 750 מ""ל",מיליליטרים,750.00,"100 מ""ל",false,,41.90,5.5867,true,1,112264
7290008805049,false,יין רוזה חצי יבש סלקטד 2016 750 מל,"כד בני דרום בע""מ",IL,כרמל סלקטד רוזה 750,מיליליטרים,750.00,"100 מ""ל",false,,29.90,3.9867,true,1,112268
7290008805520,false,"יין קברנה/סוביניון סלקטד כרמל 750 מ""ל","כד בני דרום בע""מ",IL,סלקטד קברנה/מרלו 750,מיליליטרים,750.00,"100 מ""ל",false,,29.90,3.9867,true,1,112270
7290008806961,false,גלידה שוקולד שבבי שוקולד פרה 1.33 ל' קרמיסימו,"גלידת שטראוס בע""\מ, רחוב",IL,קרמיסימו שוקולד שבבי,קילוגרמים,1.33,ליטר,false,,20.90,15.7143,true,1,135332
7290008806985,false,נישנושים גלידה שוקו וניל בציפוי שוקולד 60 יח' קרמיסימו,"גלידת שטראוס בע""\מ, רחוב",IL,קרמיסימו נישנושים ש.,גרמים,630.00,100 גרם,false,,44.90,7.1270,true,1,135333
7290008807012,false,"יין טבע מוסקט חצי יבש 750 מ""ל",אליעז בנימינה,IL,טבע מוסקט חצי יבש,Unknown,750.00,יחידה,false,,29.90,0.0399,true,1,113037
7290008807029,false,"יין טבע אמרלד ריזלינג 750 מ""ל",יקבי בינימינה,IL,טבע אמרלד רזלינג,Unknown,750.00,יחידה,false,,29.90,0.0399,true,1,113038
7290008807067,false,"טבע מרלו אדום יבש 750מ""ל",אליעז בנימינה,IL,"טבע מרלו 750 מ""ל",מיליליטרים,750.00,"100 מ""ל",false,,29.90,3.9867,true,1,113040
7290008830690,false,מובחרים מן הטבע יחידה,"דין שיווק וקלייה בע""",IL,סוכריות חמצוצים בטעם,גרמים,150.00,100 גרם,false,,9.90,6.6000,true,1,197166
7290008849609,false,רוטב לעוף שום דבש אוליביה 330 גרם,אוליביה גורמה (1996),IL,רוטב לעוף שום דבש או,גרמים,330.00,100 גרם,false,,12.90,3.9091,true,1,115990
7290008849661,false,ממרח אוליביה עגבניות מיובשות פיקנטי 180 גר',טרופיקל דגיל תעשיות,IL,ממרח עגבניות מיובשות,גרמים,180.00,100 גרם,false,,12.90,7.1667,true,1,130446
7290008849753,false,רוטב טריאקי אוליביה 300 גרם,מיוצר עי קונדיטוריית,IL,רוטב טריאקי עשיר או,,290.00,100 מל,false,,12.90,0.0445,true,1,115996
7290008849838,false,טפנד זיתים אוליביה 190 גר',"אוליביה גורמה בע""מ",IL,טפנד זיתים,גרמים,190.00,100 גרם,false,,12.90,6.7895,true,1,130448
7290008855051,false,טליאטלה ביצים מעדניה,Unknown,,טליאטלה ביצים 450 גר,גרמים,450.00,100 גרם,false,,27.90,6.2000,true,1,174908
7290008899451,false,בגט פיסל/מקלות ירושל,,,בגט פיסל/מקלות ירושל,Unknown,0.00,יחידה,false,,4.50,0.0000,true,1,116384
7290008899505,false,בגט לבן פילסברי 250,פילסברי,,בגט לבן,Unknown,1.00,יחידה,false,,5.00,5.0000,true,1,116385
7290008909440,false,פאנטה אורנג' מנגו 1.5 ל',החברה המרכזית לייצור משקאות,IL,פאנטה אורנג' מנגו 1.,קילוגרמים,1.50,ליטר,false,,6.70,4.4667,true,1,137389
7290008909853,false,"קוקה קולה זירו בקבוק 500 מ""ל.",החברה המרכזית לייצור משקאות,IL,קוקה-קולה זירו 500 מ,,500.00,100 מל,false,,7.00,0.0140,true,1,137392
7290008909860,false,קוקה קולה זירו 1.5 ליטר,החברה המרכזית לייצור משקאות,IL,קוקה קולה זירו בקבוק,קילוגרמים,1.50,ליטר,false,,8.90,5.9333,true,1,137393
7290008921121,false,יין תשבי סוביניון בל,יקבי הבארון – תשבי,IL,"סובניון בלאן 750 מ""ל",מיליליטרים,750.00,"100 מ""ל",false,,44.90,5.9867,true,1,112499
7290008921152,false,יין תישבי אסטייט רוב,יקבי הבארון – תשבי,,"רובי קברנה 750 מ""ל",מיליליטרים,750.00,"100 מ""ל",false,,109.90,14.6533,true,1,112502
7290008921169,false,"קברנה אדום סוביניון ""תשבי""","יקבי הבארון בע""מ",,קברנה סוביניון 750 מ,מיליליטרים,750.00,"100 מ""ל",false,,44.90,5.9867,true,1,112503
7290008921176,false,יין תשבי ויניארדס מר,"יקבי הבארון בע""מ",,"מרלו 750 מ""ל",מיליליטרים,750.00,"100 מ""ל",false,,44.90,5.9867,true,1,112504
7290008921213,false,"יין מוסקט יבש - ויונייה ""תישבי""",יקבי תישבי,IL,"ויוניה 750 מ""ל",מיליליטרים,750.00,"100 מ""ל",false,,59.90,7.9867,true,1,112507
7290008921312,false,"קברנה סובניון 750 מ""ל תשבי אסטייט",יקבי הבארון – תשבי,,קברנה סוביניון אסטיי,מיליליטרים,750.00,"100 מ""ל",false,,89.90,11.9867,true,1,190293
7290008921336,false,יין תישבי אסטייט שרד,"יקבי הבארון בע""מ",,"שרדונה 750 מ""ל",מיליליטרים,750.00,"100 מ""ל",false,,59.90,7.9867,true,1,112514
7290008921442,false,יין תישבי אסטייט מלב,יושלם,,"תישבי מלבק 750 מ""ל",מיליליטרים,750.00,"100 מ""ל",false,,109.90,14.6533,true,1,112518
7290008921459,false,"יין תישבי שיראז 750 מ""ל",יקב תישבי יקבי הברון,,שיראז אסטייט,Unknown,0.00,יחידה,false,,89.90,0.0000,true,1,112519
7290008921633,false,יין תישבי אסטייט פינ,יקבי הבארון,IL,אסטייט פינק סובניון,מיליליטרים,750.00,"100 מ""ל",false,,59.90,7.9867,true,1,112526
7290008921688,false,יין סינגל אסטייט פטי,תשבי,,תשבי פטיט סירה 750 מ,Unknown,0.00,יחידה,false,,109.90,0.0000,true,1,112528
7290008940214,false,צידר אנגלי כתום 200 גרם,,,צ'ידר אנגלי כתם 200,גרמים,200.00,100 גרם,false,,21.90,10.9500,true,1,197084
7290008940221,false,צידר אנגלי כתום 200 גרם,,,צ'ידר אנגלי לבן 200,גרמים,200.00,100 גרם,false,,21.90,10.9500,true,1,197085
7290008969208,false,שוקחה אננס חתוך 800,,,שוקחה אננס חתוך 800,גרמים,800.00,100 גרם,false,,9.90,1.2375,true,1,142862
7290008969840,false,אננס פרוסות בסירופ ש,,,אננס פרוסות בסירופ ש,גרמים,800.00,100 גרם,false,,9.90,1.2375,true,1,179286
7290008975780,false,"מזון לכלבים בונזו מזון כלבים גזע קטן 3 ק""ג","ביופט בע""מ",FR,"בונזו גזע קטן 3 ק""ג",,3.00,קג,false,,54.90,18.3000,true,1,140715
7290008989091,false,שלישיית פירכוני אורז בטר אנד דיפרנט 310 גרם,"בטר אנד דיפרנט בע""מ",IL,פריכיות אורז 310 גרם,גרמים,310.00,100 גרם,false,,11.90,3.8387,true,1,156590
7290008989169,false,"אורז תפוח בשקית בטר אנד דיפרנט 500 גרם לל""ג",בטר אנד דיפרנט,IL,אורז תפוח 500 גרם בש,גרמים,500.00,100 גרם,false,,18.90,3.7800,true,1,156488
7290008989299,false,גרנולה חמוציות בטר אנד דיפרנט 350 גרם,,IL,גרנולה עם חמוציות 35,גרמים,350.00,100 גרם,false,,11.90,3.4000,true,1,156492
7290008989473,false,ממרח חרובים בטעם שוקולד בטר אנד דיפרנט 350 גרם,"בטר אנד דיפרנט בע""מ",IL,ממרח חרובים בטעם שוק,גרמים,350.00,100 גרם,false,,13.90,3.9714,true,1,156549
7290008989848,false,ממרח חמאת בוטנים קרנצי בטר אנד דיפרנט 350 גרם,בטר אנד דיפרנט B&D,IL,ממרח בוטנים קרנצ'י 3,גרמים,350.00,100 גרם,false,,13.90,3.9714,true,1,202532
7290009287981,false,דג אמנון טרי שלם,,,דג אמנון טרי שלם,קילוגרמים,1.00,"ק""ג",true,,27.90,27.9000,true,1,199333
7290009288001,false,דג אמנון טרי שלם,,,דג אמנון טרי שלם,קילוגרמים,1.00,"ק""ג",true,,27.90,27.9000,true,1,199334
7290009288025,false,דג אמנון טרי שלם,,,דג אמנון טרי שלם,קילוגרמים,1.00,"ק""ג",true,,27.90,27.9000,true,1,199335
7290009288070,false,דג בורי טרי שלם,,,דג בורי טרי שלם,קילוגרמים,1.00,"ק""ג",true,,49.90,49.9000,true,1,199341
7290009288087,false,דג בורי טרי שלם,,,דג בורי טרי שלם,קילוגרמים,1.00,"ק""ג",true,,49.90,49.9000,true,1,199342
7290009288094,false,דג בורי טרי שלם,,,דג בורי טרי שלם,קילוגרמים,1.00,"ק""ג",true,,49.90,49.9000,true,1,199343
7290009288100,false,דג בורי טרי שלם,,,דג בורי טרי שלם,קילוגרמים,1.00,"ק""ג",true,,49.90,49.9000,true,1,199344
7290009288117,false,דג קרפיון טרי שלם,,,דג קרפיון טרי שלם,קילוגרמים,1.00,"ק""ג",true,,27.90,27.9000,true,1,199379
7290009288155,false,דג בס טרי שלם,,,דג בס טרי שלם,קילוגרמים,1.00,"ק""ג",true,,49.90,49.9000,true,1,199345
7290009288162,false,דג בס טרי שלם,,,דג בס טרי שלם,קילוגרמים,1.00,"ק""ג",true,,49.90,49.9000,true,1,199346
7290010002009,false,תערובת לציפוי מאפים מלוחים מימון 130 גרם,תבליני מימון,,תערובת לציפוי מאפים,גרמים,130.00,100 גרם,false,,10.90,8.3846,true,1,183899
7290010002016,false,כוסברה טחונה תבליני מימון 100 גרם,א.ל ייצור ושיווק תבל,IL,מימון כוסברה טחונה,גרמים,100.00,100 גרם,false,,8.90,8.9000,true,1,114391
7290010002023,false,כורכום הודי טחון תבליני מימון 100 גרם,א.ל ייצור ושיווק תבלינים,IL,מימון כורכום הודי טח,גרמים,100.00,100 גרם,false,,10.90,10.9000,true,1,114392
7290010002030,false,תבלין כמון טחון תבליני מימון 100 גרם,א.ל ייצור ושיווק תבלינים,IL,מימון כמון במיכל 100,Unknown,0.00,יחידה,false,,10.90,0.0000,true,1,114393
7290010002047,false,תבלין מלח לימון תבליני מימון 200 גרם,א.ל ייצור ושיווק תבלינים,IL,מימון מלח לימון במיכ,גרמים,200.00,100 גרם,false,,9.90,4.9500,true,1,114394
7290010002078,false,פלפל שחור טחון תבליני מימון 100 גרם,א.ל ייצור ושיווק תבלינים,IL,מימון פלפל שחור טחון,Unknown,0.00,יחידה,false,,13.90,0.0000,true,1,114395
7290010002092,false,תבלין פלפל שחור גרוס דק תבליני מימון 90,א.ל ייצור ושיווק תבלינים,IL,מימון פלפל שחור גרוס,Unknown,0.00,יחידה,false,,13.90,0.0000,true,1,114396
7290010002108,false,תבלין פלפל שחור גרוס גס תבליני מימון 90,א.ל ייצור ושיווק תבלינים,IL,מימון פלפל שחור גרוס,Unknown,0.00,יחידה,false,,13.90,0.0000,true,1,114397
7290010002122,false,פפריקה הונגרית מתוקה תבליני מימון 100 גרם,א.ל ייצור ושיווק תבלינים,IL,מימון פפריקה הונגרית,גרמים,100.00,100 גרם,false,,10.90,10.9000,true,1,114398
7290010002139,false,פפריקה הונגרית חריפה תבליני מימון 100 גרם,א.ל ייצור ושיווק תבלינים,IL,מימון פפריקה הונגרית,גרמים,100.00,100 גרם,false,,10.90,10.9000,true,1,114399
7290010002146,false,פפריקה מרוקאית מתוקה תבליני מימון 100 גרם,א.ל ייצור ושיווק תבלינים,IL,מימון פפריקה מרוקאית,גרמים,100.00,100 גרם,false,,10.90,10.9000,true,1,114400
7290010002191,false,תבלין מקלות קינמון תבליני מימון 50 גרם,א.ל ייצור ושיווק תבל,IL,מימון מקלות קינמון 5,Unknown,0.00,יחידה,false,,10.90,0.0000,true,1,114402
7290010002207,false,תבלין קינמון טחון תבליני מימון 100 גרם,א.ל ייצור ושיווק תבלינים,IL,מימון קינמון טחון במ,Unknown,0.00,יחידה,false,,8.90,0.0000,true,1,114403
7290010002214,false,תבלין צ'ילי גרוס תבליני מימון 80 גרם,א.ל ייצור ושיווק תבלינים,IL,מימון צילי גרוס 70 ג,Unknown,0.00,יחידה,false,,10.90,0.0000,true,1,114404
7290010002290,false,תיבול לשווארמה תבליני מימון 100 גרם,א.ל ייצור ושיווק תבל,IL,מימון תערובת לשווארמ,גרמים,100.00,100 גרם,false,,10.90,10.9000,true,1,114406
7290010002313,false,תבלין ראס אל חנות תבליני מימון 100 גרם,א.ל ייצור ושיווק תבלינים,IL,מימון ראס אל חנות 10,גרמים,100.00,100 גרם,false,,10.90,10.9000,true,1,114408
7290010002320,false,תיבול לגריל עוף תבליני מימון 100 גרם,א.ל ייצור ושיווק תבלינים,IL,מימון תיבול לגריל עו,Unknown,0.00,יחידה,false,,10.90,0.0000,true,1,114409
7290010002337,false,תיבול לסטייק תבליני מימון 100 גרם,א.ל ייצור ושיווק תבלינים,IL,מימון תיבול לסטייק 1,Unknown,0.00,יחידה,false,,10.90,0.0000,true,1,114410
7290010002344,false,תבלין לדג תבליני מימון 100 גרם.,א.ל ייצור ושיווק תבלינים,IL,מימון תיבול לדג 100,Unknown,0.00,יחידה,false,,10.90,0.0000,true,1,114411
7290010002351,false,זעתר ושומשום תבליני מימון 100 גרם,א.ל ייצור ושיווק תבלינים,IL,מימון זעתר ושומשום,Unknown,0.00,יחידה,false,,10.90,0.0000,true,1,114412
7290010002368,false,תערובת חווויג' תבליני מימון 100 גרם,א.ל ייצור ושיווק תבלינים,IL,מימון תערובת חווג` ל,Unknown,0.00,יחידה,false,,10.90,0.0000,true,1,114413
7290010002375,false,קארי תבליני מימון 100 גרם,א.ל ייצור ושיווק תבל,IL,מימון קארי 100 גרם,Unknown,0.00,יחידה,false,,10.90,0.0000,true,1,114414
7290010002382,false,תבלין אורגנו תבליני מימון 40 גרם,א.ל ייצור ושיווק תבלינים,IL,מימון אורגנו במיכל 4,Unknown,0.00,יחידה,false,,8.90,0.0000,true,1,114415
7290010002399,false,תבלין בזיליקום תבליני מימון 40 גרם,א.ל ייצור ושיווק תבלינים,IL,מימון בזיליקום 40 גר,Unknown,0.00,יחידה,false,,8.90,0.0000,true,1,114416
7290010002405,false,תבלין טימין הררי תבליני מימון 40 גרם,א.ל ייצור ושיווק תבל,IL,מימון טימין הררי במי,Unknown,0.00,יחידה,false,,8.90,0.0000,true,1,114417
7290010002436,false,תבלין פטרוזיליה תבליני מימון 25 גרם,א.ל ייצור ושיווק תבל,IL,מימון פטרוזיליה במיכ,Unknown,0.00,יחידה,false,,8.90,0.0000,true,1,114419
7290010002443,false,תבלין רוזמרין תבליני מימון 40 גרם,א.ל ייצור ושיווק תבל,IL,מימון רוזמרין במיכל,Unknown,0.00,יחידה,false,,8.90,0.0000,true,1,114420
7290010002450,false,שמיר תבליני מימון 25 גרם,א.ל ייצור ושיווק תבל,IL,מימון שמיר 25 גרם,Unknown,0.00,יחידה,false,,8.90,0.0000,true,1,114421
7290010002481,false,תבלין שום טחון תבליני מימון 100 גרם,א.ל ייצור ושיווק תבלינים,IL,מימון שום טחון במיכל,Unknown,0.00,יחידה,false,,13.90,0.0000,true,1,114422
7290010002498,false,תבלין שום גבישי תבליני מימון 120 גרם,א.ל ייצור ושיווק תבלינים,IL,מימון שום גבישי 120,גרמים,120.00,100 גרם,false,,13.90,11.5833,true,1,114423
7290010002658,false,פלפל יבש מתוק תבליני מימון 150 גרם,א.ל ייצור ושיווק תבל,IL,מימון פלפל יבש מתוק,גרמים,150.00,100 גרם,false,,14.90,9.9333,true,1,114424
7290010002696,false,אקסטרה צ'יפס אורז חום מלא שמנת בצל 60 גרם,נוהלס ג'י אס סי.,BG,אקסטרה צ'יפס אורז חו,גרמים,60.00,100 גרם,false,,6.90,11.5000,true,1,202897
7290010002726,false,תבלין לפרגיות תבליני מימון 100 גרם.,א.ל ייצור ושיווק תבלינים,IL,מימון תיבול לפרגיות,Unknown,0.00,יחידה,false,,10.90,0.0000,true,1,114425
7290010003051,false,פפריקה הונגרית מתוקה תבליני מימון 400 גרם,א.ל ייצור ושיווק תבלינים,IL,מימון פפריקה הונגרית,גרמים,400.00,100 גרם,false,,23.70,5.9250,true,1,114426
7290010003075,false,פפריקה מרוקאית מתוקה תבליני מימון 400 גרם,א.ל ייצור ושיווק תבלינים,IL,מימון פפריקה מרוקאית,גרמים,400.00,100 גרם,false,,23.70,5.9250,true,1,114427
7290010003440,false,שבבי בצל מטוגן תבליני מימון 200 גרם,,IL,שבבי בצל מטוגן 200 ג,גרמים,200.00,100 גרם,false,,11.90,5.9500,true,1,114428
7290010003693,false,פפריקה מתוקה בשקית תבליני מימון 80 גרם,א.ל ייצור ושיווק תבל,IL,מימון פפריקה מתוקה ש,Unknown,0.00,יחידה,false,,5.90,0.0000,true,1,114430
7290010003709,false,פלפל שחור טחון בשקית תבליני מימון 50 גרם,א.ל ייצור ושיווק תבל,IL,מימון פלפל שחור טחון,Unknown,0.00,יחידה,false,,7.90,0.0000,true,1,114431
7290010003754,false,כמון טחון בשקית תבליני תבליני מימון 50 גרם,א.ל ייצור ושיווק תבל,IL,מימון כמון טחון שקית,Unknown,0.00,יחידה,false,,5.90,0.0000,true,1,114432
7290010003761,false,כורכום טחון בשקית תבליני מימון 80 גרם,א.ל ייצור ושיווק תבל,IL,מימון כורכום טחון שק,Unknown,0.00,יחידה,false,,5.90,0.0000,true,1,114433
7290010003778,false,תיבול לגריל עוף בשקית תבליני מימון 80 גרם,א.ל ייצור ושיווק תבל,IL,מימון תיבול לגריל עו,Unknown,0.00,יחידה,false,,5.90,0.0000,true,1,114434
7290010003792,false,מלח לימון בשקית תבליני מימון 100 גרם,א.ל ייצור ושיווק תבל,IL,מימון מלח לימון שקית,גרמים,100.00,100 גרם,false,,5.90,5.9000,true,1,114435
7290010003808,false,זעתר ושמשום בשקית תבליני מימון 80 גרם,א.ל ייצור ושיווק תבל,IL,מימון זעתר ושומשום ש,Unknown,0.00,יחידה,false,,5.90,0.0000,true,1,114436
7290010003815,false,פלפל שטה יבש תבליני מימון 150 גרם שקית,א.ל ייצור ושיווק תבל,IL,מימון פלפל שטה יבש 1,גרמים,150.00,100 גרם,false,,14.90,9.9333,true,1,114437
7290010003839,false,קינמון טחון בשקית תבליני מימון 80 גרם,א.ל ייצור ושיווק תבל,IL,מימון קינמון טחון שק,Unknown,0.00,יחידה,false,,5.90,0.0000,true,1,114439
7290010003846,false,אורגנו בשקית תבליני מימון 20 גרם,א.ל ייצור ושיווק תבל,IL,מימון אורגנו שקית 20,Unknown,0.00,יחידה,false,,5.90,0.0000,true,1,114440
7290010004348,false,פפריקה מתוקה תבליני מימון 250 גרם,א.ל ייצור ושיווק תבל,IL,פפריקה מתוקה 250 גרם,גרמים,250.00,100 גרם,false,,20.90,8.3600,true,1,114442
7290010023141,false,תה לימונענע הגן הקסום ויסוצקי 25 יחידות,תה ויסוצקי,IL,תה לימונענע 25 יח',Unknown,25.00,יחידה,false,,17.90,0.7160,true,1,129583
7290010023622,false,תה קלאסי עם נגיעות נענע ויסוצקי 100 יחידות,תה ויסוצקי,IL,תה קלאסיק עם נגיעות,גרמים,100.00,100 גרם,false,,17.90,17.9000,true,1,129585
7290010050109,false,עירית ארוזה א.אדמה,,,עירית,Unknown,0.00,יחידה,false,,4.90,0.0000,true,1,138655
7290010051021,false,בזיליקום ארוז א.אדמה,,,בזיליקום 40 גרם,גרמים,40.00,100 גרם,false,,5.90,14.7500,true,1,138656
7290010051045,false,עלי בייבי ארוז א.אדמה,חקלאי,IL,עלי בייבי,Unknown,0.00,יחידה,false,,8.90,0.0000,true,1,138658
7290010051076,false,לבבות חסה ארוז א.אדמה,אדמה,,לבבות קיסר,Unknown,0.00,יחידה,false,,9.90,0.0000,true,1,138659
7290010051113,false,קורנית טימין ארוז א.,חקלאי,IL,קורנית 30 גרם,גרמים,30.00,100 גרם,false,,4.90,16.3333,true,1,138660
7290010051120,false,מרווה ארוזה א.אדמה,,,מרווה,Unknown,0.00,יחידה,false,,4.90,0.0000,true,1,138661
7290010051144,false,תרד עלים יח א.אדמה,אדמה,,תרד עלים א.אדמה,Unknown,0.00,יחידה,false,,9.90,0.0000,true,1,138662
7290010051199,false,שורש פטרוזיליה ארוז א.אדמה,אדמה,,שורש פטרוזליה,Unknown,0.00,יחידה,false,,4.90,0.0000,true,1,158616
7290010051205,false,סלרי עלים ארוז א.אדמה,אדמה,,סלרי עלים,Unknown,0.00,יחידה,false,,4.90,0.0000,true,1,158617
7290010051212,false,סלרי ראש ארוז א.א.דמ,אדמה,,סלרי ראש,Unknown,0.00,יחידה,false,,3.90,0.0000,true,1,158618
7290010051243,false,תרד ניו-זילנדי ארוז א.אדמה,,,תרד ניו זילנדי ארוז,Unknown,0.00,יחידה,false,,11.90,0.0000,true,1,161433
7290010051267,false,לוף בשקית א.אדמה,חקלאי,IL,לוף ארוז -כרישה,Unknown,0.00,יחידה,false,,6.90,0.0000,true,1,138668
7290010051281,false,עלי רוקולה ארוז א.אד,,,עלה רוקולה,Unknown,0.00,יחידה,false,,7.90,0.0000,true,1,138669
7290010051298,false,מנגולד עלי סלק א.אדמה,אדמה,,סלק עלים ארוז,Unknown,0.00,יחידה,false,,5.90,0.0000,true,1,138670
7290010051311,false,סלרי עלים ארוז א.אדמ,,,סלרי קצוץ,Unknown,0.00,יחידה,false,,4.90,0.0000,true,1,187998
7290010051328,false,באק צ'יו ארוז,,,באק צ'יו ארוז,Unknown,0.00,יחידה,false,,11.90,0.0000,true,1,161434
7290010051335,false,בצל ירוק ארוז א.אדמה,אדמה,,בצל ירוק ארוז,Unknown,0.00,יחידה,false,,4.90,0.0000,true,1,161435
7290010051373,false,לבבות חסה בשקית א.אדמה,קטיף.,IL,לבבות חסה,Unknown,0.00,יחידה,false,,9.90,0.0000,true,1,138671
7290010051403,false,סלרי אמריקאי ביכורי שדה ארוז,חקלאי,IL,שיבה,Unknown,0.00,יחידה,false,,5.90,0.0000,true,1,138672
7290010051489,false,חמציץ ארוז א.אדמה,,,חמציץ,Unknown,0.00,יחידה,false,,11.90,0.0000,true,1,190198
7290010051687,false,רוזמרין ארוז א.אדמה,אדמה,,רוזמרין 30 גרם,גרמים,30.00,100 גרם,false,,5.90,19.6667,true,1,138675
7290010065271,false,פרינוק - מחית תפוחי עץ 130 גרם,פרינוק,CZ,"מחית פרינוק תפ""ע 130",Unknown,0.00,יחידה,false,,5.50,0.0000,true,1,177519
7290010065318,false,מחית תפוח עץ ג'וניור פרינוק 190 גרם,פרוטה פודווין איי.אס,CZ,מחית פרינוק גוניור ת,גרמים,190.00,100 גרם,false,,5.90,3.1053,true,1,116011
7290010065332,false,מחית תפוח עץ בננה ג'וניור פרינוק 190 גרם,פרוטה פודווין איי.אס,CZ,"פרינוק גוניור תפ""ע ב",גרמים,760.00,100 גרם,false,,5.90,0.7763,true,1,116013
7290010065349,false,מחית סלט פירות ג'וניור פרינוק 190 גרם,פרוטה פודווין איי.אס,CZ,מחית פרינוק גוניור ס,גרמים,190.00,100 גרם,false,,5.90,3.1053,true,1,116014
7290010065721,false,פרינוק - מחית לפתן פירות 130 גרם,פרינוק,CZ,פרינוק מח.לפתן פירות,גרמים,130.00,100 גרם,false,,5.50,4.2308,true,1,116021
7290010066001,false,נתחי טונה בשמן צמחי 960ג,תעשיות פילטונה,IL,פילטונה טונה בשמן צמ,גרמים,960.00,100 גרם,false,,35.90,3.7396,true,1,141571
7290010066025,false,נתחי טונה בהירה בשמן158ג,תעשיות פילטונה,IL,טונה בשמן פילטונה 15,גרמים,160.00,100 גרם,false,,5.90,3.6875,true,1,141572
7290010066513,false,נתחי טונה בשמן צמחי רביעיה *158ג' פילטונה,תעשיות פילטונה,IL,פיל טונה נתחי טונה ב,Unknown,4.00,יחידה,false,,22.90,5.7250,true,1,141576
7290010066575,false,נתחי טונה במים רביעיה *158ג' פילטונה,תעשיות פילטונה,IL,פיל טונה נתחי טונה ב,גרמים,640.00,100 גרם,false,,22.90,3.5781,true,1,141578
7290010066582,false,נתחי טונה בשמן קנולה רביעיה * 158 ג' פילטונה,תעשיות פילטונה,IL,פילטונה נתחי טונה בש,גרמים,640.00,100 גרם,false,,22.90,3.5781,true,1,141579
7290010066599,false,מארז רביעיית טונה בשמן זית 4*160 גרם,תעשיות פילטונה,IL,פיל טונה נתחי טונה ב,גרמים,640.00,100 גרם,false,,29.90,4.6719,true,1,141580
7290010066940,false,נתחי טונה במי מלח960ג,תעשיות פילטונה,IL,נתחי טונה בהירה במי,גרמים,960.00,100 גרם,false,,35.90,3.7396,true,1,141584
7290010116980,false,אבקת שוקולית שקית עלית 850 ג',הנסיך- מפעל לייצור ט,IL,עלית אבקת שוקולית בש,גרמים,850.00,100 גרם,false,,16.90,1.9882,true,1,132214
7290010117864,false,דוריטוס חטיף תירס בטעם חריף אש עלית 70 גרם,"שטראוס פריטו ליי בע""\מ )",IL,דוריטוס חריף אש 70 ג,Unknown,0.00,יחידה,false,,3.20,0.0000,true,1,132929
7290010117970,false,סבבה בוטנים קלויים מצופים - אריזה אישית,"שטראוס פריטו ליי בע""",IL,סבבה בוטנים אמריקאיי,Unknown,0.00,יחידה,false,,2.90,0.0000,true,1,132930
7290010118328,false,תפוצ'יפס בטעם טבעי עלית מארז 6*40 גרם,שטראוס פריטו ליי (מל,IL,תפוצ'יפס טבעי 6*40 ג,גרמים,240.00,100 גרם,false,,11.90,4.9583,true,1,132933
7290010153503,false,שעועית בובס יבשה מיה 400 גר',מיה תעשיות מזון מ.ת.מ. ב,IL,מיה שעועית אקסטרא 40,גרמים,400.00,100 גרם,false,,9.80,2.4500,true,1,134969
7290010154005,false,סחוג תימני יוחאי ביטון 250 גרם,תבליני יוחאי ביטון,IL,סחוג תימני ירוק 250,גרמים,250.00,100 גרם,false,,13.90,5.5600,true,1,123066
7290010154012,false,לימון בלאדי כבוש תבליני ביטון 250 גרם,תבליני יוחאי ביטון,IL,לימון כבוש 250 ביטון,גרמים,250.00,100 גרם,false,,13.90,5.5600,true,1,123067
7290010154029,false,אריסה מתוקה יוחאי ביטון 250 גרם,תבליני יוחאי ביטון,IL,250 אריסה מתוקה ביטו,גרמים,250.00,100 גרם,false,,13.90,5.5600,true,1,123068
7290010154036,false,עמבה תבליני ביטון 250 גרם,תבליני יוחאי ביטון,IL,עמבה ביטון 250 ג,גרמים,250.00,100 גרם,false,,13.90,5.5600,true,1,123069
7290010154241,false,סלט חזרת ריף ביטון 250 ג',תבליני יוחאי ביטון,IL,סלט חזרת 250 גרם,גרמים,250.00,100 גרם,false,,13.90,5.5600,true,1,123070
7290010154265,false,פלפל צ'ומה תבליני ביטון 250 גרם,תבליני יוחאי ביטון,IL,פלפל צומה ביטון 250,גרמים,250.00,100 גרם,false,,13.90,5.5600,true,1,123071
7290010154548,false,ממרח שום טבעי יוחאי ביטון 235 גרם,תבליני יוחאי ביטון,IL,ממרח שום טבעי 235 ג,Unknown,0.00,יחידה,false,,13.90,0.0000,true,1,123076
7290010154555,false,ממרח לימון כבוש יוחאי ביטון 250 גרם,תבליני יוחאי ביטון,IL,ממרח לימון כבוש 250,גרמים,250.00,100 גרם,false,,13.90,5.5600,true,1,123077
7290010154678,false,אריסה מרוקאית תבליני ביטון 250 גרם,תבליני יוחאי ביטון,IL,יוחאי ביטון אריסה מר,גרמים,250.00,100 גרם,false,,13.90,5.5600,true,1,123078
7290010154685,false,שום כתוש יוחאי ביטון 250 גרם,תבליני יוחאי ביטון,IL,סלט שום כתוש 250 גרם,גרמים,250.00,100 גרם,false,,13.90,5.5600,true,1,123079
7290010154692,false,סחוג אדום יוחאי ביטון 250 גרם,תבליני יוחאי ביטון,IL,סחוג אדום 250 גרם,גרמים,250.00,100 גרם,false,,13.90,5.5600,true,1,176432
7290010163069,false,צנובר 100 גרם ששון הקולה,"דין שיווק וקלייה בע""",IL,דין שיווק צנובר גדול,Unknown,0.00,יחידה,false,,23.60,0.0000,true,1,134350
7290010173044,false,"יין הרי גליל מרלו 750 מ""ל",יקבי רמת הגולן,IL,הרי גליל מרלו 2007 7,Unknown,750.00,יחידה,false,,34.90,0.0465,true,1,112332
7290010173068,false,"יין חרמון גליל קברנה אדום יבש 750מ""ל",יקבי רמת הגולן,IL,הרי גליל קברנה סובינ,מיליליטרים,750.00,"100 מ""ל",false,,34.90,4.6533,true,1,112333
7290010173181,false,יין אלה הרי גליל 750 מל,יקבי רמת הגולן,IL,הרי גליל אלה,Unknown,0.00,יחידה,false,,59.90,0.0000,true,1,176908
7290010178506,false,"נחל יתיר 15 750 מ""ל",,,"נחל יתיר 15 750 מ""ל",מיליליטרים,750.00,"100 מ""ל",false,,159.90,21.3200,true,1,112272
7290010195268,false,פופקורן פופסטאר חמישייה מופחת שומן טבעי,פופ סטאר,US,פופסטאר מופחת שומן ב,Unknown,5.00,יחידה,false,,17.00,3.4000,true,1,138108
7290010195275,false,פופ סטאר גרעיני תירס להכנת פופקורן במיקרוגל בטעם חמאה מופחת שומן 425 גרם,פופ סטאר,US,פופסטאר מופחת שומן ב,Unknown,5.00,יחידה,false,,17.00,3.4000,true,1,138109
7290010234004,false,"שטיפה אינטימית 200 מ""ל פנינה רוזנבלום",פנינה רוזנבלום,,פנינה שטיפה אינטימית,מיליליטרים,400.00,"100 מ""ל",false,,16.90,4.2250,true,1,135170
7290010234769,false,"דאודורנט איזבלה ורוד 200 מ""ל פנינה רוזנבלום",פנינה רוזנבלום PR,IL,דאודורנט איזבלה ורוד,Unknown,150.00,יחידה,false,,15.90,0.1060,true,1,135171
7290010237685,false,"הייניקן בירה צואר ארוך 330מ""ל",טמפו משקאות בע''מ,IL,"היינקן 330מ""ל בקבוק",,330.00,100 מל,false,,7.90,0.0239,true,1,112487
7290010237784,false,בירה שנדי בתוספת משקה לימון ליים - שישייה,"טמפו משקאות בע""\מ",IL,בירה שנדי בירה בטעם,מיליליטרים,330.00,"100 מ""ל",false,,32.90,9.9697,true,1,113393
7290010237890,false,"בירה הייניקן בקבוק 500 מ""ל חוזר",טמפו משקאות בע''מ,IL,בירה היינקן בקבוק ח,,500.00,100 מל,false,,8.90,0.0178,true,1,113394
7290010259311,false,חלב קוקוס ויליפוד 400ג',אסיאטיק אגרו אינדוסטרי,TH,וילי פוד מי קוקוס בד,גרמים,400.00,100 גרם,false,,7.90,1.9750,true,1,176349
7290010259359,false,אטריות נודלס ביצים להקפצה ו.פוד 200 ג',פוג'יאן לונגהאי אנלי,CN,וילי פוד נודלס אטר.ב,גרמים,200.00,100 גרם,false,,4.90,2.4500,true,1,115561
7290010259366,false,אטריות נודלס ביצים מסולסלות ו.פוד 200 ג',פוג'יאן לונגהאי אנלי,CN,וילי פוד נודלס אטר.ב,גרמים,200.00,100 גרם,false,,4.90,2.4500,true,1,115562
7290010259823,false,מנת השף 70 גרם ויליפוד מרק עם נודלס בטעם עוף,נמצ'או(תאילנד) בעמ,TH,מנת השף מרק עם נודלס,Unknown,0.00,יחידה,false,,5.90,0.0000,true,1,176356
7290010259830,false,מנת השף נודלס בסגנון סיני פיקנטי וילי פוד 70 גרם,נמצ'או(תאילנד) בעמ,TH,ויליפוד מנת השף נודל,Unknown,0.00,יחידה,false,,5.90,0.0000,true,1,115565
7290010259847,false,מנת השף מרק עם נודלס בטעם תירס ויליפוד 70 גרם,קריות זול,TH,ויליפוד מנת השף נודל,Unknown,0.00,יחידה,false,,5.90,0.0000,true,1,115566
7290010259854,false,מנת השף מרק עם נודלס בטעם פטריות ויליפוד 70 גרם,נמצ'או(תאילנד) בעמ,TH,ויליפוד מנת השף נודל,Unknown,0.00,יחידה,false,,5.90,0.0000,true,1,176357
7290010259861,false,מנת השף מרק עם נודלס בטעם ירקות ויליפוד 70 גרם,קריות זול,TH,מנת השף מרק עם נודלס,Unknown,0.00,יחידה,false,,5.90,0.0000,true,1,176366
7290010259892,false,מרגרינה פלוס ללא מלח ויליפוד 200 גרם,וילי פוד,TR,וילי פוד מרגרינה פלו,גרמים,200.00,100 גרם,false,,4.50,2.2500,true,1,115569
7290010259991,false,צנימים מיוחדים בטעם טבעי 250 ג',קריות זול,GR,וילי פוד צנימים בדץ,גרמים,250.00,100 גרם,false,,7.90,3.1600,true,1,115571
7290010298273,false,יין דרך ארץ שרדונה 7,ברקן,IL,דרך ארץ שרדונה,מיליליטרים,750.00,"100 מ""ל",false,,31.90,4.2533,true,1,113644
7290010328239,false,טחינה גולמית מתובלת אחווה 500 ג',אחדות ביחר לטחינה חל,IL,טחינה אחוה מתובלת 50,גרמים,500.00,100 גרם,false,,11.90,2.3800,true,1,137633
7290010328246,false,טחינה גולמית שומשום מלא אחווה 500 ג',"אחדות ביח""ר לטחינה ח",IL,אחוה טחינה משומשום מ,גרמים,500.00,100 גרם,false,,10.90,2.1800,true,1,137634
7290010328253,false,טחינה גולמית משומשום טבעי אחווה 500 גרם,"אחדות ביח""ר לטחינה ח",IL,טחינה משומשטם טבעי 5,גרמים,500.00,100 גרם,false,,10.90,2.1800,true,1,137635
7290010328451,false,חלווה פולי קקאו אחוה 400 גרם,אחדות ביחר לטחינה חל,IL,אחווה חלווה עם פולי,גרמים,400.00,100 גרם,false,,13.90,3.4750,true,1,137637
7290010328468,false,מארז מיני חלווה אחוה בטעמים 18 יחידות 216 גרם,שוורצקוף& הנקל דיסלד,IL,אחוה חטיפי מיני חלוה,Unknown,18.00,יחידה,false,,10.90,0.6056,true,1,137638
7290010328505,false,"מארז מיני חלווה 15 יחידות לל""ס אחוה 150 גרם",אחדות ביחר לטחינה חל,IL,אחוה חטיפי מיני חלוה,גרמים,150.00,100 גרם,false,,10.90,7.2667,true,1,137640
7290010328680,false,עוגה בטעם שוקולד עם שוקוצ'יפס מריר ולבן 450 גרם,אחדות ביחר לטחינה חל,IL,עוגה בטעם שוקלד שוקו,גרמים,450.00,100 גרם,false,,10.90,2.4222,true,1,137645
7290010328895,false,מאפינס וניל/שוקולד 45 גר',אחדות ביחר לטחינה חל,IL,אחווה מאפין בטעם שוק,Unknown,0.00,יחידה,false,,1.90,0.0000,true,1,137655
7290010328901,false,מאפין בטעם וניל אחוה 45 גרם,אחדות ביחר לטחינה חל,IL,אחווה מאפין בטעם וני,Unknown,0.00,יחידה,false,,1.90,0.0000,true,1,177029
7290010329854,false,מיני קוקיס עוגיות בטעם חמאה ללא סוכר כרמית 600 גרם,כרמית,IL,עוגיות מיני קוקיס בט,גרמים,600.00,100 גרם,false,,23.90,3.9833,true,1,147207
7290010372829,false,אקונימיקה ריחנית גול,,,אקונומיקה ריחנית גול,קילוגרמים,4.00,ליטר,false,,9.90,2.4750,true,1,156103
7290010372928,false,שמפו רצפות בניחוח ור,,,שמפו רצפות בניחוח ור,קילוגרמים,4.00,ליטר,false,,11.90,2.9750,true,1,156104
7290010382828,false,"קרם לחות קלילה לשיער יבש נטורל פורמולה, 400 מ""ל",אמיליה קוסמטיקס,IL,קרם לחות קלילה-יבש/פ,מיליליטרים,400.00,"100 מ""ל",false,,22.90,5.7250,true,1,110968
7290010417315,false,יקבי רמת הגולן גולן,יקבי רמת הגולן קצרין,IL,יקבי רמת הגולן גולן,Unknown,750.00,יחידה,false,,39.90,0.0532,true,1,112337
7290010426010,false,גבינה ערבית 800 ג' אלרוחה,,,גבינה 800 גרם קופסא,Unknown,0.00,יחידה,false,,42.90,0.0000,true,1,186197
7290010426027,false,גבינה ערבית מקורית 800 ג' אלרוחה,,,גבינה 800 גרם שקית,Unknown,0.00,יחידה,false,,42.90,0.0000,true,1,186198
7290010426034,false,גבינה מתוקה 400 ג' אלרוחה,,,גבינה 400 גרם מעודנת,Unknown,0.00,יחידה,false,,24.90,0.0000,true,1,186199
7290010426041,false,יוגורט 1 ל' אלרוחה,,,יוגורט 1 ליטר,Unknown,0.00,יחידה,false,,12.90,0.0000,true,1,186200
7290010426058,false,יוגורט 1.5ל' אלרוחה,,,יוגורט 1.5 ליטר,Unknown,0.00,יחידה,false,,15.90,0.0000,true,1,186201
7290010426065,false,יוגורט 3 ל' אלרוחה,,,יוגורט 3 ליטר,Unknown,0.00,יחידה,false,,26.90,0.0000,true,1,186202
7290010426072,false,גבינה מלוחה 400 ג' אלרוחה,,,גבינה 400 גרם מלוחה,גרמים,400.00,100 גרם,false,,24.90,6.2250,true,1,186203
7290010426102,false,לבנה 500 ג' אלרוחה,,,לבנה 500 גרם,Unknown,0.00,יחידה,false,,13.90,0.0000,true,1,186204
7290010426171,false,לבנה 800 ג' אלרוחה,,,לבנה 800 גרם,Unknown,0.00,יחידה,false,,24.90,0.0000,true,1,186208
7290010426225,false,יוגורט כבשים 1.5 ל' אלרוחה,,,יוגורט כבשים 1.5 ליט,Unknown,0.00,יחידה,false,,22.90,0.0000,true,1,186210
7290010426256,false,משקה יוגורט עם תות 250 ג' אלרוחה,,,משקה יוגורט עם תות 2,Unknown,0.00,יחידה,false,,5.90,0.0000,true,1,186211
7290010426263,false,משקה אייראן 250 ג' אלרוחה,,,"משקה איירן 250 מל""ל",Unknown,0.00,יחידה,false,,4.90,0.0000,true,1,186212
7290010426270,false,משקה יוגורט עם פירות יער אלרוחה 250 ג',,,משקה יוגורט עם פירות,Unknown,0.00,יחידה,false,,5.90,0.0000,true,1,186213
7290010426287,false,משקה יוגורט עם אפרסק 250 ג' אלרוחה,,,משקה יוגורט עם אפרסק,Unknown,0.00,יחידה,false,,5.90,0.0000,true,1,186214
7290010426355,false,"איירן טורקי בכוס 170 מ""ל",,,"כוסות איירן 170 מל""ל",Unknown,0.00,יחידה,false,,3.90,0.0000,true,1,186218
7290010472307,false,"שמיניית משקה גמדים תות בננה דיסני 108 מ""ל","שטראוס בריאות בע""\מ",IL,מארז שמינייה גמדים ת,גרמים,864.00,100 גרם,false,,20.00,2.3148,true,1,139897
7290010472390,false,מארז 8 יחידות מעדן דני בטעם שוקולד 1.5%,מיוצר עי קונדיטוריית,IL,דני מעדן חלב בטעם שו,גרמים,1000.00,100 גרם,false,,15.90,1.5900,true,1,139898
7290010513727,false,פנקו פרורי לחם 200 גרם (קינגדאו),קינגדאו גוניון פודס,CN,מזרח ומערב יבוא קינג,גרמים,200.00,100 גרם,false,,7.90,3.9500,true,1,133256
7290010546336,false,מנדל גרנולה בסילאן ללא תוספת סוכר 400 גר,"מנדל סחר ושיווק בע""מ",IL,גרנולה מנדל סילאן 40,גרמים,400.00,100 גרם,false,,19.90,4.9750,true,1,116030
7290010569052,false,"גלידה חלבי 5 טעמים פיסטוק, שוקו, וניל, קרמל,מוקה 2ל'","גלידת שטראוס בע""מ, ר",IL,גלידה 5 טעמים פיסטוק,קילוגרמים,2.00,ליטר,false,,22.90,11.4500,true,1,135335
7290010632121,false,כוס אימון עם ידיות ופיה רכה ML360 טוליפס פרמיום,טוליפס Tulips,CN,כוס אימון עם ידיות ר,Unknown,0.00,יחידה,false,,16.90,0.0000,true,1,163440
7290010632299,false,בקבוק ספורט עם קש נובי,LTD E.L.CO,CN,נובי בקבוק ספורט עם,Unknown,0.00,יחידה,false,,29.90,0.0000,true,1,163457
7290010632787,false,צימרוני אוזניים מעץ 300 יח,הדקלאים אגודת שיתופי,CN,צימרוני אוזניים עץ 3,Unknown,0.00,יחידה,false,,3.90,0.0000,true,1,163365
7290010672844,false,חלה רגילה קלועה אפויה-קפואה,פילסברי,,חלה רגילה קלועה א.ק,Unknown,0.00,יחידה,false,,12.00,0.0000,true,1,116387
7290010711024,false,מגב חלון מיוחד חצי מתכת,,IT,מגב חלון איטלקי,Unknown,0.00,יחידה,false,,5.90,0.0000,true,1,145013
7290010711123,false,כריות מתכת שייני 4 יחידות,מ.א ייצור ושיווק מטל,CN,4 כריות מתכת SHINY,Unknown,0.00,יחידה,false,,5.90,0.0000,true,1,145016
7290010711543,false,כף אשפה + גומי SHINY,שייני Shiny,IT,כף אשפה +גומי,Unknown,0.00,יחידה,false,,4.90,0.0000,true,1,145025
7290010711888,false,סט 6 קולבים פלסטיק,תביג ישראל גרובר,IL,סט 6 קולבים פלסטיק,Unknown,0.00,יחידה,false,,10.00,0.0000,true,1,145029
7290010718627,false,פנינה רוזנבלום אל סבון נוזלי ירוק 1 ליטר,פנינה רוזנבלום,IL,פנינה - אל סבון נוזל,מיליליטרים,1000.00,"100 מ""ל",false,,10.90,1.0900,true,1,135172
7290010718634,false,"פנינה רוזנבלום -אל סבון נוזלי לבן,1 ליטר",פנינה רוזנבלום,IL,פנינה - אל סבון נוזל,מיליליטרים,1000.00,"100 מ""ל",false,,10.90,1.0900,true,1,135173
7290010748853,false,"ד""ר פישר - אפקטיב קר קרם ידיים סנסיטיב 150 מ""ל",פישר מעבדות פרמצבטיות בע,IL,אפקטיב קר ק.ידים עדי,מיליליטרים,150.00,"100 מ""ל",false,,15.90,10.6000,true,1,111603
7290010748860,false,"ד""ר פישר - אפקטיב קר קרם ידיים אינטנסיב 150 מ""ל",פישר מעבדות פרמצבטיות בע,IL,אפקטיב קר ק.ידיים יב,מיליליטרים,150.00,"100 מ""ל",false,,15.90,10.6000,true,1,136872
7290010748877,false,"אפקטיב קר קרם גוף סנסטיב לעור רגיש ח 700 מ""ל",פישר מעבדות פרמצבטיות בע,IL,אפקטיב קר ק.גוף עדין,מיליליטרים,700.00,"100 מ""ל",false,,29.90,4.2714,true,1,111604
7290010748884,false,אפקטיב קר קרם גוף אינטנסיב לעור יבש במיוחד ח 700,פישר מעבדות פרמצבטיות,IL,אפקטיב קר ק.גוף עור,מיליליטרים,700.00,"100 מ""ל",false,,29.90,4.2714,true,1,111222
7290010748891,false,אפקטיב קר קרם גוף מולטי ויטמין לעור רגיל יבש ח 7,פישר מעבדות פרמצבטיות בע,IL,אפקטיב קר ק.גוף רגיל,מיליליטרים,700.00,"100 מ""ל",false,,29.90,4.2714,true,1,111223
7290010760749,false,"מארז שישיית לחמניות כשל""פ",מאפיית אריאל,IL,"מארז 6 לחמניות כשל""פ",Unknown,1.00,יחידה,false,,16.90,16.9000,true,1,131442
7290010766697,false,רוטב שקשוקה אוליביה 415 גרם,קריות זול,IL,אוליביה רוטב שקשוקה,גרמים,415.00,100 גרם,false,,12.90,3.1084,true,1,116067
7290010766734,false,רוטב פיצה אוליביה אסם 430 ג',אוליביה,IL,רוטב פיצה אוליביה 4,גרמים,430.00,100 גרם,false,,12.90,3.0000,true,1,116068
7290010766949,false,ממרח תחתיות ארטישוק 180ג' אוליביה,אוליביה,IL,אוליביה ממרח ארטישוק,גרמים,180.00,100 גרם,false,,13.90,7.7222,true,1,116069
7290010766956,false,ממרח פלפלים מתוקים אדומים אוליביה 180 גרם,אוליביה גורמה בעמ,IL,אוליביה ממרח פלפלים,גרמים,180.00,100 גרם,false,,13.90,7.7222,true,1,116070
7290010791545,false,מזון חתולים לה קט דליקטס פטה כבד 85 גרם,"הייקיו, תאילנד",TH,לה קט דליקטס פטה כבד,Unknown,0.00,יחידה,false,,5.00,0.0000,true,1,140717
7290010814244,false,שלשות שוקולד מריר 85 גרם*3 בלמינט *18 בקרטון,"כרמית תעשיות ממתקים בע""\",IL,כרמית שוקולד מריר של,Unknown,0.00,יחידה,false,,13.00,0.0000,true,1,147210
7290010814695,false,שוקולד מריר פרווה ללא תוספת סוכר כרמית 85 גרם,כרמית תעשיות ממתקים בעמ,IL,"אגו שוק.מריר לל""ס 85",Unknown,0.00,יחידה,false,,7.50,0.0000,true,1,147214
7290010814701,false,"שוקולד חלב כרמית 85 גרם ללת""ס","כרמית תעשיות ממתקים בע""\",IL,אגו שוק.חלב ללס 85 ג,Unknown,0.00,יחידה,false,,7.50,0.0000,true,1,147215
7290010922949,false,תות שדה קפוא 250 גרם - Shake It,"הבו-קדו בע""\מn\",IL,SHAKE IT תות שדה קפו,Unknown,0.00,יחידה,false,,9.90,0.0000,true,1,194384
7290010931330,false,סלט מטבוחה אחלה 500 גרם,מיוצר עי קונדיטוריית,IL,סלט מטבוחה,גרמים,500.00,100 גרם,false,,13.80,2.7600,true,1,139900
7290010945146,false,קוטג' 3% מועשר בסידן טרה 250 ג' מהדרין,קריות זול,IL,קוטג' 3% שומן רכיבי,,250.00,100 מל,false,,6.20,0.0248,true,1,117828
7290010945306,false,חלב בקרטון 3% 2 ליטר טרה,הפריט בפיקוח,IL,חלב קרטון 3% 2 ליטר,קילוגרמים,2.00,ליטר,false,,12.46,6.2300,true,1,172176
7290010945450,false,גבינה לבנה 3% 250 גר מועשר בסידן וויטמין,הפריט בפיקוח,IL,גבינה לבנה טרה 3% מר,,250.00,100 מל,false,,4.98,0.0199,true,1,117830
7290010945481,false,גבינה לבנה טרה 5% מרכיבים טבעיים,הפריט בפיקוח,IL,גבינה לבנה טרה 5% מר,,500.00,100 מל,false,,9.96,0.0199,true,1,117831
7290010955015,false,יין קינוח רימונים 500 מל,יקב רימון,,יין רמון קינוח 500 מ,מיליליטרים,500.00,"100 מ""ל",false,,74.90,14.9800,true,1,112574
7290010955619,false,"יין רימונים 750 מ""ל lightly",יקב רימון,IL,יין רימון lightly de,מיליליטרים,750.00,"100 מ""ל",false,,59.90,7.9867,true,1,112576
7290010962044,false,פול מצרי 560 ג' עדן,,,פול מוצרי A2,Unknown,0.00,יחידה,false,,5.90,0.0000,true,1,153328
7290010962051,false,חומוס גרגירים 560 ג' עדן,,,חומוס גרגירים 560 גר,גרמים,560.00,100 גרם,false,,5.90,1.0536,true,1,184883
7290010962075,false,אפונה וגזר 550 ג' עדן,,,אפונה וגזר 550 גרם ע,גרמים,550.00,100 גרם,false,,5.90,1.0727,true,1,153330
7290010962082,false,גרעיני תירס מתוקה 560 ג' עדן,,,גרעיני תירס מתוק 550,גרמים,550.00,100 גרם,false,,6.90,1.2545,true,1,153331
7290010962112,false,חריסה 550גר עדן,,,רסק פלפל A2,Unknown,0.00,יחידה,false,,5.90,0.0000,true,1,153333
7290010962150,false,רסק עגבניות 580 גרם,,,רסק עגבניות 580 גרם,Unknown,0.00,יחידה,false,,6.90,0.0000,true,1,153334
7290010962198,false,שעועית אפוייה 570 גר,,,שעועית אפוייה 570 גר,גרמים,570.00,100 גרם,false,,5.90,1.0351,true,1,153335
7290010962303,false,אפונה גינה 600 ג' עדן,,,אפונה גינה A2 עדן,Unknown,0.00,יחידה,false,,5.90,0.0000,true,1,153336
7290011015862,false,"פריגת סירופ דיאט לימונענע 750 מ""ל",סירופ - גבעת חיים,IL,פריגת סירופ דיאט לימ,,750.00,100 מל,false,,22.90,0.0305,true,1,137399
7290011017866,false,קוקה קולה קלאסי בפחית,החברה המרכזית לייצור משקאות,IL,קוקה- קולה פחית 330,,330.00,100 מל,false,,6.00,0.0182,true,1,137406
7290011017873,false,"פחיות קוקה קולה זירו 330 מ""ל",החברה המרכזית לייצור משקאות,IL,קוקה-קולה זירו פחית,,330.00,100 מל,false,,6.00,0.0182,true,1,137407
7290011018184,false,פיוז טי תה קר בטעם אפרסק,מבשלות בירה בינלאומי,IL,פיוז טי תה קר בטעם א,,500.00,100 מל,false,,7.00,0.0140,true,1,137410
7290011018283,false,תה קר פיוז אפרסק 1.5,FUZE TEA,IL,פיוז טי אפרסק 1.5 לי,קילוגרמים,1.50,ליטר,false,,6.90,4.6000,true,1,137416
7290011018443,false,"פנטה אורנג פחית סליק 330 מ""ל",החברה המרכזית לייצור משקאות,IL,פאנטה אורנג' פחית,,330.00,100 מל,false,,6.00,0.0182,true,1,137420
7290011026066,false,"ד""ר פישר - סרקל שמפו + מרכך לילדים 1 ליטר",פישר מעבדות פרמצבטיות בע,IL,סרקל שמפו + מרכך ליל,קילוגרמים,1.00,ליטר,false,,29.90,29.9000,true,1,136873
7290011026523,false,שמפו לתינוק לפני השינה Senstive עם לבנדר וקמומיל,פישר מעבדות פרמצבטיות בע,IL,קמיל אלדמע לפני השינ,מיליליטרים,500.00,"100 מ""ל",false,,22.00,4.4000,true,1,136874
7290011064020,false,בולגרית למריחה בטעמים 200 גר,גבינות אמיר ניצן בעמ,IL,בולגרית בעיר 200גרם,גרמים,200.00,100 גרם,false,,14.90,7.4500,true,1,146725
7290011065430,false,צ'ילי מטחנה מימונס 50 גרם,א.ל ייצור ושיווק תבל,,צ'ילי מטחנה 50 גרם,Unknown,0.00,יחידה,false,,17.90,0.0000,true,1,114445
7290011065447,false,תבלין לפיצה מטחנה 50 גרם,א.ל ייצור ושיווק תבל,IL,תבלין לפיצה מטחנה 50,Unknown,0.00,יחידה,false,,17.90,0.0000,true,1,114446
7290011081492,false,גלידה בטעם שלושה שוקולדים 1.33ל' קרמיסימו,"גלידת שטראוס בע""\מ, רחוב",IL,קרמיסימו בטעם שלושה,קילוגרמים,1.33,ליטר,false,,20.90,15.7143,true,1,135342
7290011126209,false,הגן הקסום תה טעם תפוח וקינמון סיידר ויסוצקי 25 יח',תה ויסוצקי,IL,תה הגן הקסום תפוח וק,Unknown,0.00,יחידה,false,,17.90,0.0000,true,1,129595
7290011126452,false,הגן הקסום תה בטעם קמומיל ונענע ויסוצקי 25 יחידות,תה ויסוצקי,IL,תה קמומיל ונענע 25 ש,Unknown,25.00,יחידה,false,,17.90,0.7160,true,1,129603
7290011126469,false,חליטת צמחים וקמומיל הגן הקסום ויסוצקי 25 יחידות,תה ויסוצקי,IL,תה קמומיל ודבש 1.5 ג,Unknown,25.00,יחידה,false,,17.90,0.7160,true,1,129604
7290011126957,false,תה ירוק ויסוצקי ארל גריי 25 שקיקים,ויסוצקי ירוק,IL,תה ירוק ארל גריי 25,Unknown,25.00,יחידה,false,,24.90,0.9960,true,1,129608
7290011131609,false,"מיזלי מ.שומן 30% פירות 1 ק""ג",ויטליאה ניקולה דו.,MK,גרין מיזלי מופחת שומ,פריט,0.00,"ק""ג",false,,27.90,0.0000,true,1,121574
7290011131654,false,מוזלי קראנצ'י ביג מיקס עם פירות ואגוזים,ויטליה ניקולא דו,MK,גרין מיזלי ביג מיקס,גרמים,1000.00,100 גרם,false,,27.90,2.7900,true,1,121576
7290011131814,false,"מיזלי מיקס חלווה 1 ק""ג",וויטליה,MK,ירוק מיזלי מיקס חלוו,פריט,1.00,"ק""ג",false,,25.40,25.4000,true,1,121577
7290011131968,false,"גרנולה בתוספת שקדים ואגוזים גרין 1 ק""ג",ויטליה ניקולא דו,MK,ירוק גרנולה בתוספת ש,פריט,1.00,"ק""ג",false,,25.40,25.4000,true,1,121580
7290011131975,false,גרנולה בתוספת פירות מיובשים ומסוכרים,ויטליאה ניקולה דו,MK,ירוק גרנולה בתוספת פ,פריט,1.00,"ק""ג",false,,25.40,25.4000,true,1,121581
7290011154080,false,"תרכיז תפוחים צלול טעמי הגליל 500 מ""ל",טעמי הגליל,IL,תרכיז תפוחים צלול 50,,500.00,100 מל,false,,24.90,0.0498,true,1,159574
7290011174231,false,עוגת מוס גבינה אוכמניות 850 גרם,קפולסקי שיווק וקמעונ,IL,עוגת מוס גבינה עם או,גרמים,850.00,100 גרם,false,,64.90,7.6353,true,1,148346
7290011174323,false,"צ'יפס אמריקאי פרי הגליל 1.5 ק""ג","פרי הגליל בע""""מ",IL,ציפס אמריקאי 1.5 קיל,Unknown,1.50,יחידה,false,,18.90,12.6000,true,1,134755
7290011174866,false,צ'יפס בטטה פרי הגליל 700 גרם,פרי הגליל,IL,צ'יפס בטטה 700 גרם,גרמים,700.00,100 גרם,false,,14.90,2.1286,true,1,134760
7290011194215,false,מעדן גבינה ויוגורט בטעם בננה 5% שומן 88 ג' דניאלה,"שטראוס בריאות בע""מ",IL,דניאלה מעדן גבינה מו,מיליליטרים,150.00,"100 מ""ל",false,,4.10,2.7333,true,1,139901
7290011194246,false,קוטג' 5% עם סידן 250 ג' שטראוס,מיוצר עי קונדיטוריית,IL,קוטג' 5% 250 גרם,גרמים,250.00,100 גרם,false,,5.80,2.3200,true,1,139902
7290011214739,false,לחמניה המבורגר חצויי,,,לחמניה המבורגר חצויי,Unknown,1.00,יחידה,false,,4.50,4.5000,true,1,116393
7290011215347,false,גבטה 180 קפואה,,,גבטה 180 קפואה,Unknown,0.00,יחידה,false,,5.00,0.0000,true,1,116398
7290011223045,false,בישקוטים בונומי 200 גרם,בונומי ס.פ.א,IT,בונומי בישקוטים 200,גרמים,200.00,100 גרם,false,,7.90,3.9500,true,1,138118
7290011223229,false,"טואלט דאק ג'ל לאסלה טיפות טל רעננות 55 מ""ל","איטיליאן פוד, אס.פי.",IT,ט.דאק ג'ל אסלה ניחוח,Unknown,55.00,יחידה,false,,11.00,0.2000,true,1,138124
7290011223243,false,"טואלט דאק ג'ל לאסלה בניחוח לבנדר 55 מ""ל","איטיליאן פוד, אס.פי.",IT,ט.דאק ג'ל אסלה ניחוח,Unknown,55.00,יחידה,false,,11.00,0.2000,true,1,138125
7290011239213,false,עמוס חטיפים מתוקים מ,בני ריאד מחרום,IL,חטיפי מחרום 100 גרם,גרמים,100.00,100 גרם,false,,5.00,5.0000,true,1,150154
7290011239336,false,"חלבה מחרום ללת""ס 400 גרם","בני ריאד מחרום בע""מ",IL,חלבה ללא תוספת סוכר,גרמים,400.00,100 גרם,false,,19.90,4.9750,true,1,150155
7290011239404,false,חטיפים שונים ארוזים330ג,"בני ריאד מחרום בע""מ",IL,חטיפים שונים ארוזים,גרמים,330.00,100 גרם,false,,14.90,4.5152,true,1,150156
7290011239657,false,רחת לוקום ארוז קוביות500,"בני ריאד מחרום בע""מ",IL,רחת לוקום ארוז קוביו,גרמים,500.00,100 גרם,false,,14.90,2.9800,true,1,150157
7290011240554,false,יין ק. פרנק דור 5 75,יקב 1848,,דור 5 קברנה פרנק,Unknown,0.00,יחידה,false,,80.00,0.0000,true,1,177417
7290011240608,false,"יין שאטו דה למר אמרלד ריזלינג יקבי ציון 750 מ""ל",יקבי ציון,IL,שאטו דה למר לבן,מיליליטרים,750.00,"100 מ""ל",false,,24.00,3.2000,true,1,113484
7290011242008,false,קפה טחון דבאח עם היל,,,קפה טחון דבאח עם היל,פריט,1.00,"ק""ג",false,,60.00,60.0000,true,1,144207
7290011242015,false,קפה טחון דבאח 500 גר,,,קפה טחון דבאח 500 גר,גרמים,500.00,100 גרם,false,,29.90,5.9800,true,1,144208
7290011242039,false,קפה טחון דבאח 250 גר,,,קפה טחון דבאח 250 גר,גרמים,250.00,100 גרם,false,,14.90,5.9600,true,1,144209
7290011242046,false,הום מטליות מיקרופייב,,,הום מטליות מיקרופייב,Unknown,0.00,יחידה,false,,9.90,0.0000,true,1,165410
7290011242053,false,הום 3 מטליות מיקרופי,,,הום 3 מטליות מיקרופי,Unknown,0.00,יחידה,false,,14.90,0.0000,true,1,165411
7290011242077,false,כוס לשתייה חמה 4OZ (,,,כוס לשתייה חמה 4OZ (,Unknown,0.00,יחידה,false,,8.90,0.0000,true,1,166311
7290011242114,false,GRILL מדליק פחמים,,,GRILL מדליק פחמים,גרמים,400.00,100 גרם,false,,6.90,1.7250,true,1,168644
7290011242121,false,נויה בייבי בייסיק מג,,,נויה בייבי בייסיק מג,Unknown,0.00,יחידה,false,,11.90,0.0000,true,1,169076
7290011242152,false,הום מרכך כביסה מרוכז,,,הום מרכך כביסה מרוכז,Unknown,0.00,יחידה,false,,13.90,0.0000,true,1,169099
7290011242169,false,הום מרכך כביסה מרוכז,,,הום מרכך כביסה מרוכז,Unknown,0.00,יחידה,false,,13.90,0.0000,true,1,169097
7290011242176,false,הום מרכך כביסה מרוכז,,,הום מרכך כביסה מרוכז,Unknown,0.00,יחידה,false,,13.90,0.0000,true,1,169098
7290011242190,false,כוסמת 800 גרם,,,כוסמת 800 גרם,גרמים,800.00,100 גרם,false,,14.90,1.8625,true,1,144210
7290011242220,false,הום נוזל לניקוי רצפו,,,הום נוזל לניקוי רצפו,Unknown,0.00,יחידה,false,,12.90,0.0000,true,1,169103
7290011242237,false,עדשים 800 גרם,,,עדשים 800 גרם,גרמים,800.00,100 גרם,false,,9.90,1.2375,true,1,144213
7290011242244,false,עדשים ירוקות קטנות 8,,,עדשים ירוקות קטנות 8,גרמים,800.00,100 גרם,false,,9.90,1.2375,true,1,144214
7290011242251,false,עדשים ירוקות גדולות,,,עדשים ירוקות גדולות,גרמים,800.00,100 גרם,false,,9.90,1.2375,true,1,144215
7290011242268,false,עדשים אדומות 800 גרם,,,עדשים אדומות 800 גרם,גרמים,800.00,100 גרם,false,,9.90,1.2375,true,1,144216
7290011242275,false,גרעיני תירס פופקורן,,,גרעיני תירס פופקורן,גרמים,800.00,100 גרם,false,,9.90,1.2375,true,1,144217
7290011242282,false,גרעיני תורמוס 800 גר,,,גרעיני תורמוס 800 גר,גרמים,800.00,100 גרם,false,,9.90,1.2375,true,1,144218
7290011242299,false,גרעיני חיטה 800 גרם,,,גרעיני חיטה 800 גרם,גרמים,800.00,100 גרם,false,,9.90,1.2375,true,1,144219
7290011242329,false,גרעיני חומוס 800 גרם,,,גרעיני חומוס 800 גרם,גרמים,800.00,100 גרם,false,,9.90,1.2375,true,1,144220
7290011242336,false,גרעיני פול 700 גרם,,,גרעיני פול 700 גרם,גרמים,700.00,100 גרם,false,,14.90,2.1286,true,1,144221
7290011242350,false,הום ג'ל כביסה 3 ליטר,,,הום ג'ל כביסה 3 ליטר,Unknown,0.00,יחידה,false,,24.90,0.0000,true,1,169105
7290011242367,false,גרעיני שעועית לבנה 8,,,גרעיני שעועית לבנה 8,גרמים,800.00,100 גרם,false,,9.90,1.2375,true,1,144222
7290011242374,false,בורגול דק 800 גרם,,,בורגול דק 800 גרם,גרמים,800.00,100 גרם,false,,5.90,0.7375,true,1,152387
7290011242381,false,בורגול עבה 800 גרם,,,בורגול עבה 800 גרם,גרמים,800.00,100 גרם,false,,5.90,0.7375,true,1,152388
7290011242397,false,הום שקיות אשפה 25 שק,,,הום שקיות אשפה 25 שק,Unknown,0.00,יחידה,false,,9.90,0.0000,true,1,169101
7290011242435,false,פריקה 800 גרם,,,פריקה 800 גרם,גרמים,800.00,100 גרם,false,,14.90,1.8625,true,1,144225
7290011242459,false,הום מרכך כביסה 4 ליט,,,הום מרכך כביסה 4 ליט,Unknown,0.00,יחידה,false,,16.90,0.0000,true,1,169344
7290011242466,false,הום מרכך כביסה 4 ליט,,,הום מרכך כביסה 4 ליט,Unknown,0.00,יחידה,false,,16.90,0.0000,true,1,169345
7290011242473,false,הום מרכך כביסה 4 ליט,,,הום מרכך כביסה 4 ליט,Unknown,0.00,יחידה,false,,16.90,0.0000,true,1,169346
7290011242497,false,מארז קפסולות אספרסו,,,מארז קפסולות אספרסו,Unknown,0.00,יחידה,false,,19.90,0.0000,true,1,196916
7290011242503,false,הום נוזל לניקוי רצפו,,,הום נוזל לניקוי רצפו,Unknown,0.00,יחידה,false,,12.90,0.0000,true,1,171641
7290011242558,false,"מנגל עם רשת 60 ס""מ G",UNVER-BBQ,,"מנגל עם רשת 60 ס""מ G",Unknown,1.00,יחידה,false,,99.90,99.9000,true,1,196435
7290011242619,false,הום מגבונים לניקוי ב,,,הום מגבונים לניקוי ב,Unknown,0.00,יחידה,false,,24.90,0.0000,true,1,173429
7290011242626,false,צימוקים בהירים 300 ג,,,צימוקים בהירים 300 ג,Unknown,0.00,יחידה,false,,19.90,0.0000,true,1,144227
7290011242633,false,GRILL פחם מעץ טבעי פ,MAUROBERA,,GRILL פחם מעץ טבעי פ,Unknown,0.00,יחידה,false,,120.00,0.0000,true,1,177738
7290011242664,false,שקית מתנה קפה,,,שקית מתנה קפה,Unknown,0.00,יחידה,false,,3.00,0.0000,true,1,204866
7290011242701,false,מארז קפסולות קפה עם,,,מארז קפסולות קפה עם,גרמים,200.00,100 גרם,false,,19.90,9.9500,true,1,196915
7290011242749,false,אננס טבעי מיובש 200,,,אננס טבעי מיובש 200,Unknown,0.00,יחידה,false,,19.90,0.0000,true,1,144232
7290011242787,false,רצועות קוקוס 200 גרם,,,רצועות קוקוס 200 גרם,Unknown,0.00,יחידה,false,,12.90,0.0000,true,1,144234
7290011242817,false,בוטנים קלויים עם קלי,,,בוטנים קלויים עם קלי,גרמים,400.00,100 גרם,false,,9.90,2.4750,true,1,144237
7290011242855,false,אננס מיובש בטעם תות,,,אננס מיובש בטעם תות,Unknown,0.00,יחידה,false,,9.90,0.0000,true,1,144240
7290011242923,false,מיקס חלבה 850 גרם,,,מיקס חלבה 850 גרם,Unknown,0.00,יחידה,false,,39.90,0.0000,true,1,195827
7290011242954,false,מנגל עם רשת 40 סמ' G,UNVER-BBQ,,מנגל עם רשת 40 סמ' G,Unknown,0.00,יחידה,false,,44.90,0.0000,true,1,196115
7290011242961,false,מנגל עם רשת 50 סמ' G,UNVER-BBQ,,מנגל עם רשת 50 סמ' G,Unknown,0.00,יחידה,false,,79.90,0.0000,true,1,194227
7290011242985,false,"מנגל חד""פ GRILL",UNVER-BBQ,,"מנגל חד""פ GRILL",Unknown,0.00,יחידה,false,,24.90,0.0000,true,1,191876
7290011249212,false,וופל עלמה בלגי לימון 200 גר' ללא סוכר,"גילרו בע""מ",IL,וופל בלגי לימון 200,גרמים,200.00,100 גרם,false,,4.90,2.4500,true,1,152569
7290011249250,false,עלמה גביעי גלידה אמריקאי 24 יח',"גילרו בע""מ",IL,רזיט גביעי גלידה אמר,Unknown,24.00,יחידה,false,,11.90,0.4958,true,1,152570
7290011249748,false,רולים גלילי ופל במילוי קרם שוקולד 100 ג' עלמה,"גילרו בע""מ",IL,רולים שוקו 100 גרם,Unknown,0.00,יחידה,false,,4.90,0.0000,true,1,152572
7290011249755,false,רולים גלילי ופל במילוי קרם אגוזים 100 ג' עלמה,"גילרו בע""מ",IL,רולים אגוז 100 גרם,Unknown,0.00,יחידה,false,,4.90,0.0000,true,1,152573
7290011302962,false,ערמונים טריים אלטאי,מוצר חקלאי טרי,CN,ערמוני אלטאי,Unknown,0.00,יחידה,false,,29.90,0.0000,true,1,114356
7290011332983,false,מגבונים לניקוי אף מגבונאף קמיל בלו- מארז שלישייה,פישר מעבדות פרמצבטיות בע,IL,מגבון אף קמיל בלו 3*,Unknown,90.00,יחידה,false,,22.90,0.2544,true,1,136878
7290011378028,false,חלבה קלאסית וניל ללא תוספת סוכר בארכה 350 גרם,"רושדי תעשיות מזון בע""\מ",IL,בארכה חלבה וניל ללא,גרמים,350.00,100 גרם,false,,14.90,4.2571,true,1,181441
7290011378257,false,חטיף חלבה בטעם וניל ללא תוספת סוכר בתוספת פיסטוק ופקאן,"רושדי תעשיות מזון בע""\מ",IL,בארכה בקטנה מגדת.פקן,גרמים,126.00,100 גרם,false,,11.90,9.4444,true,1,126795
7290011378301,false,חלבה ללא סוכר אלהילאל 350 ג',,,אלהילאל חלבה ללא סוכ,גרמים,350.00,100 גרם,false,,15.90,4.5429,true,1,130846
7290011378349,false,חלבה קלאסית וניל 350 ג' אלהילאל,,,אלהילאל חלבה קלאסית,גרמים,350.00,100 גרם,false,,13.90,3.9714,true,1,130847
7290011378356,false,חלבה קלאסית שוקו וניל 350 ג' אלהילאל,,,אלהילאל חלבה קלאסית,גרמים,350.00,100 גרם,false,,13.90,3.9714,true,1,130848
7290011378363,false,חלבה קלאסית וניל 700 ג' אלהילאל,General,,חלבה קלאסית וניל 700,גרמים,700.00,100 גרם,false,,25.90,3.7000,true,1,130849
7290011378370,false,חלבה קלאסית שוקו וניל 700 ג' אלהילאל,General,,אלהילאל חלבה קלאסית,גרמים,700.00,100 גרם,false,,25.90,3.7000,true,1,130850
7290011378394,false,"חלבה נאבלסיה שוקו 1.3 ק""ג אלהילאל",,,אלהילאל חלבה קלאסית,פריט,1.30,"ק""ג",false,,39.90,30.6923,true,1,130852
7290011378400,false,"חלבה קלאסית וניל אלהילאל 1.3 ק""ג",,,אלהילאל חלבה קלאסית,פריט,1.30,"ק""ג",false,,39.90,30.6923,true,1,130853
7290011378844,false,פרוסות חלבה פיסטוק 400 ג' אלהילאל,,,פרוסות חלבה פיסטוק,גרמים,400.00,100 גרם,false,,15.90,3.9750,true,1,130855
7290011431020,false,כוסות קרטון 10 OZ איכותי 50 יחי' שמאי,,IL,כוסות קרטון 10 OZ גד,Unknown,0.00,יחידה,false,,16.90,0.0000,true,1,151985
7290011431037,false,כוסות קרטון 12 OZ איכותי 50 יחי' שמאי,,TR,כוסות קרטון 12 OZ ענ,Unknown,0.00,יחידה,false,,19.90,0.0000,true,1,151986
7290011431198,false,"נייר כסף דמוי דימונד 200 שמאי כשל""פ עד""ח",,IL,שמאי נייר כסף 60.9 מ,Unknown,0.00,יחידה,false,,24.90,0.0000,true,1,151987
7290011431341,false,"מזלג איכותי שמאי 100 יחי' כשל""פ עד""ח",,TR,מזלג לבן ארוז 100 יח,Unknown,0.00,יחידה,false,,8.90,0.0000,true,1,151989
7290011431358,false,כפיות איכותי ר. שמאי 100 יחי' כשל''פ עד''ח,,TR,כפיות לבן ארוז 100 י,Unknown,0.00,יחידה,false,,5.90,0.0000,true,1,151990
7290011431372,false,"לפתניות צבעוני 25 יח' שמאי כשל""פ עד""ח",,IL,לפתניות צבעוני 25 יח,Unknown,0.00,יחידה,false,,4.90,0.0000,true,1,151992
7290011431389,false,צלחות מרק צבעוני 25 יח' =מגוון צבעים= ר. שמאי כשל''פ עד''ח,,IL,צלחות מרק צבעוני 25,Unknown,0.00,יחידה,false,,9.90,0.0000,true,1,151993
7290011431396,false,"צלחות קטן צבעוני 25 יח' שמאי כשל""פ עד""ח",,IL,צלחות קטן צבעוני 25,Unknown,0.00,יחידה,false,,7.90,0.0000,true,1,151994
7290011431419,false,"צלחות גדול צבעוני 25 יח' שמאי כשל""פ עד""ח",,IL,צלחות גדול צבעוני 25,Unknown,0.00,יחידה,false,,12.90,0.0000,true,1,151995
7290011431532,false,"קופסאות איחסון 1 ק""ג שלישייה",,IL,שמאי - שלישיית מיכלי,Unknown,0.00,יחידה,false,,7.90,0.0000,true,1,152000
7290011431549,false,מיכל אחסון 2.5 קילו שמאי 2 יח',,,שמאי - מיכל 2.5 ליטר,Unknown,0.00,יחידה,false,,8.90,0.0000,true,1,152001
7290011431556,false,מיכל אחסון 4.5 קילו שמאי 2 יח',,IL,שמאי - זוג מיכלים 4.,Unknown,0.00,יחידה,false,,9.90,0.0000,true,1,152002
7290011431570,false,מיכל אחסון 3 קילו שמאי 2 יח',,IL,שמאי - מיכל 3 ליטר ז,Unknown,0.00,יחידה,false,,8.90,0.0000,true,1,152004
7290011431587,false,"קופסאות איחסון 2 ק""ג שלישייה",,IL,שמאי - מיכל 2 ליטר ש,Unknown,0.00,יחידה,false,,7.90,0.0000,true,1,152005
7290011431594,false,תבניות *פרימיום* סיר אמריקאי ארוז 2 יח' ר. שמאי,,CN,מגש אלומיניום סיר אמ,Unknown,2.00,יחידה,false,,9.90,4.9500,true,1,152006
7290011431600,false,תבניות *פרימיום* גדול אמריקאי ארוז 4 יח' ר. שמאי,.,IL,מגש אלומיניום אמריקא,Unknown,4.00,יחידה,false,,9.90,2.4750,true,1,152007
7290011431624,false,תבניות *פרימיום* אינגליש ענק אמריקאי ארוז 4 יח' ר. שמאי,,IL,מגש אלומיניום אינגלי,Unknown,4.00,יחידה,false,,9.90,2.4750,true,1,152009
7290011431631,false,תבניות *פרימיום* מאפינס אמריקאי ארוז 5 יח' ר. שמאי,.,IL,מגש אלומיניום מאפינס,Unknown,5.00,יחידה,false,,9.90,1.9800,true,1,152010
7290011431709,false,טישו לאף פרימיום מארז 100X5יח',,IL,שמאי נייר טישו חמישי,Unknown,5.00,יחידה,false,,9.90,1.9800,true,1,152017
7290011431723,false,מגבוני נייר טישו,,,מגבוני נייר טישו,Unknown,0.00,יחידה,false,,6.90,0.0000,true,1,165939
7290011431785,false,תבניות ארוזות C60 עגול עמוק שמאי 5 יח',.,IL,תבניות ארוזות C60 עג,Unknown,0.00,יחידה,false,,8.90,0.0000,true,1,152020
7290011431808,false,מפות 45 מטר עבה מאוד כחול קריסטלי שמאי כשלפ עדח,,,שמאי - מפה גליל 45 מ,Unknown,0.00,יחידה,false,,39.90,0.0000,true,1,160623
7290011431815,false,מפות שמיניות עבה במיוחד קריסטלי כחול שמאי,,IL,מפות שמיניות עבה במי,Unknown,0.00,יחידה,false,,11.90,0.0000,true,1,160624
7290011431822,false,מפות שישיות עבה במיוחד קריסטלי כחול שמאי,,IL,מפות שישיות עבה במיו,Unknown,0.00,יחידה,false,,11.90,0.0000,true,1,160879
7290011431846,false,"מפות 45 מטר עבה כתום שמאי כשל""פ עד""ח",,,מפות 45 מטר עבה כתום,Unknown,0.00,יחידה,false,,19.90,0.0000,true,1,160625
7290011431853,false,מפות שמיניות שקוף עבה כתום שמאי,,IL,שמאי - מפות 8 יחי',Unknown,0.00,יחידה,false,,9.90,0.0000,true,1,152021
7290011431877,false,"מפות 33 מטר רחב במיוחד 1.6 מ' בורדו עבה מאוד קריסטלי שמאי כשל""פ",.,IL,שמאי -מפות 33 מטר רח,Unknown,0.00,יחידה,false,,39.90,0.0000,true,1,187170
7290011431983,false,"כוסיות ליקר איכותי 40 יח' כשל""פ עד""ח שמאי",,TR,כוסיות ליקר איכותי 4,Unknown,0.00,יחידה,false,,6.90,0.0000,true,1,152032
7290011438142,false,"משקה יטבתה אייס קפה בבקבוק אישי 350 מ""ל",שטראוס גרופ,IL,משקה חלב אייס קפה 35,,350.00,100 מל,false,,6.30,0.0180,true,1,139905
7290011447014,false,מטרנה דייסת סלט פירות 200 גרם,מטרנה תעשיות ש.מ,IL,מטרנה דייסת סלט פירו,גרמים,200.00,100 גרם,false,,13.90,6.9500,true,1,126802
7290011447267,false,מטרנה פרימיום חלבי שלב 1 700 גרם חיסכון,מטרנה תעשיות ש.מ,IL,מטרנה חלבי חיסכון של,גרמים,700.00,100 גרם,false,,54.90,7.8429,true,1,153140
7290011447281,false,מטרנה פרימיום חלבי שלב 2 700 גרם חיסכון,מטרנה תעשיות ש.מ,IL,מטרנה חלבי שלב 2 חיס,גרמים,700.00,100 גרם,false,,54.90,7.8429,true,1,126804
7290011447304,false,מטרנה פרימיום חלבי שלב 3 700 גרם חיסכון,מטרנה תעשיות ש.מ,IL,מטרנה חלבי שלב3 12*7,גרמים,700.00,100 גרם,false,,54.90,7.8429,true,1,153141
7290011447359,false,תחליף חלב מטרנה מהדרין שלב 1 חלבי 700 גרם,מולינו ניקולי s.p.a,IL,מטרנה מהדרין שלב 1 ח,גרמים,700.00,100 גרם,false,,55.00,7.8571,true,1,126805
7290011461058,false,מוסקו ריחניים ב 20 ש,יושלם,,מוסקו ריחניים ב 20 ש,Unknown,0.00,יחידה,false,,20.00,0.0000,true,1,133135
7290011468330,false,אמיר טחינה 900 גרם,,,אמיר טחינה 900 גרם,גרמים,900.00,100 גרם,false,,24.90,2.7667,true,1,118282
7290011468781,false,אל אמיר טחינה בקבוק,,,אל אמיר טחינה בקבוק,גרמים,300.00,100 גרם,false,,14.90,4.9667,true,1,183558
7290011489533,false,בייגלה שמיניות עם מל,מגדנית הדר,IL,בייגלה שמיניות עם מל,גרמים,300.00,100 גרם,false,,5.90,1.9667,true,1,179093
7290011489861,false,פתיבר בטעם וניל הדר,מגדנית הדר,IL,"פתיבר 1.8 ק""ג הדר",,1800.00,1000גרם,false,,22.90,0.0127,true,1,204159
7290011499112,false,גבינה בולגרית 165 גד 250 גרם,"מיוצר ע""י dsh",IL,גד בולגרית 16% 250 ג,גרמים,250.00,100 גרם,false,,24.90,9.9600,true,1,146662
7290011499129,false,גבינה בולגרית מעודנת קוביות קטנות 5% גד 200 גרם,קוד יצרן DSH,IL,גד בולגרית מעודנת קו,גרמים,200.00,100 גרם,false,,24.90,12.4500,true,1,146663
7290011499303,false,גבינה בולגרית עזים 5% גד מעודנת 250 גרם,ג'נרל מילס סאן אדריא,IL,גד בולגרית עזים מעוד,גרמים,250.00,100 גרם,false,,32.90,13.1600,true,1,146666
7290011499327,false,גבינה בולגרית מעודנת חלב בקר 250 גר,מיוצר על ידי DSH עבו,IL,גד בולגרית בקר מעודנ,גרמים,250.00,100 גרם,false,,24.90,9.9600,true,1,146667
7290011499365,false,גבינת חלומי 24% גד 200 גרם,"מחלבות גד בע""\מ",IL,גד חלומי 24% 200ג,גרמים,200.00,100 גרם,false,,23.90,11.9500,true,1,146671
7290011499419,false,גבינה במרקם שמנת בטעם טבעי 5% ניו יורק,גבינות מדף,IL,גד גבינה במרקם שמנת,גרמים,200.00,100 גרם,false,,13.90,6.9500,true,1,146672
7290011499525,false,גבינת לאבנה דרוזית 9% גד 500 גרם,מחלבות גד בעמ,IL,גד לאבנה דרוזית 9% 5,גרמים,500.00,100 גרם,false,,22.90,4.5800,true,1,146673
7290011499624,false,גבינת שמנת בטעם טבעי גד 30% 200 גרם,גבינות מדף,IL,גד ניו יורק גבינת שמ,גרמים,200.00,100 גרם,false,,14.90,7.4500,true,1,146674
7290011499846,false,גבינת ריקוטה פרסקה 9% גד 300 גרם,מחלבות גד בעמ,IL,גד ריקוטה פרסקה 5% 3,גרמים,300.00,100 גרם,false,,19.90,6.6333,true,1,146676
7290011499853,false,גבינת שמנת זיתים 30אחוז 200גרם גד,מחלבות גד (שיווק 199,IL,גד ניו יורק גבינת שמ,גרמים,200.00,100 גרם,false,,14.90,7.4500,true,1,146677
7290011502850,false,דלישס מיזלי עם פירות 500גר,"דין שיווק וקלייה בע""",IL,דלישס מיזלי עם פירות,גרמים,500.00,100 גרם,false,,12.20,2.4400,true,1,134359
7290011502874,false,דלישס גרנולה עם פירות יבשים 500גר,"דין שיווק וקלייה בע""",IL,דלישס גרנולה עם פירו,גרמים,500.00,100 גרם,false,,12.20,2.4400,true,1,134361
7290011505806,false,קיסמי שיניים דנטאליים מפלסטיק 200 יחידות בחבית,הוסטס Hostess,CN,קיסמי שיניים דנטאליי,Unknown,0.00,יחידה,false,,8.90,0.0000,true,1,163379
7290011515911,false,שלגונים מופחתי קלוריות בטעם ריבת חלב - 6 יח',גלידות נסטלה )נגה גלידות,IL,מאגדת לייט ריבת חלב,גרמים,312.00,100 גרם,false,,26.90,8.6218,true,1,122103
7290011518561,false,"אקטימל תות 1.51 ק""ג מארז 14 יחידות",מיוצר עי קונדיטוריית,IL,אקטימל תות מארז 14,,1.51,קג,false,,29.90,19.8013,true,1,139909
7290011524968,false,פולי סויה מוקפאים Green & Fresh,גרין אנד פרש Green & Fresh,IL,"פולי סויה קפוא 1ק""ג",פריט,1.00,"ק""ג",false,,15.90,15.9000,true,1,134772
7290011525712,false,"קמיל בלו אל סבון סנסיטיב לפני השינה ד""ר פישר 1 ליטר",פישר מעבדות פרמצבטיות בע,IL,קמיל בלו סנסיטיב לפנ,קילוגרמים,1.00,ליטר,false,,32.90,32.9000,true,1,136883
7290011525729,false,שמפו לתינוק קמיל בלו סנסטיב לפני השינה עם לבנדר וקמומיל,פישר מעבדות פרמצבטיות בע,IL,קמיל בלו סנסיטיב לפנ,קילוגרמים,1.00,ליטר,false,,32.90,32.9000,true,1,136884
7290011530945,false,קרפצ'יו עגל פרימיום 210 גרם בלדי,בלדי,IL,קרפצ'יו עגל 210 גרם,גרמים,210.00,100 גרם,false,,39.90,19.0000,true,1,148798
7290011570088,false,ריבת חלב ללא סוכר 450 גר,Satko ltd,IL,קונדיטור ריבת חלב לי,גרמים,400.00,100 גרם,false,,18.90,4.7250,true,1,118608
7290011570132,false,"תחילף קמח ללא גלוטן גלעם 1 ק""ג","גלעם אריזות בע""מ",IL,קונדיטור קמח ללא גלו,פריט,1.00,"ק""ג",false,,16.90,16.9000,true,1,118609
7290011570507,false,קמח כרגיל ללא גלוטן 450 גרם,אשבל מזון פונקציונלי בע\,IL,אשבל קמח רב תכליתי -,גרמים,450.00,100 גרם,false,,19.90,4.4222,true,1,129855
7290011575014,false,מטליות הפי לניקוי רב שימושי 9 יח,יעקובי הפי,TR,הפי-מטליות איכות צהו,Unknown,9.00,יחידה,false,,10.00,1.1111,true,1,120238
7290011575250,false,מבריק וצובע נעליים הפי,יעקבי - הפי Hepi,ES,מבריק נעליים שחור הפ,Unknown,0.00,יחידה,false,,10.00,0.0000,true,1,120241
7290011575281,false,דבק מגע שפורפרת מקצ,יעקובי,,דבק מגע שפורפרת מקצ,Unknown,0.00,יחידה,false,,15.00,0.0000,true,1,120242
7290011575755,false,סופר גלו ג'ל - לוקטייט,יעקבי- סופר גלו Super Glue,DE,סופר גלו ג'ל 3 גרם,גרמים,3.00,גרם,false,,12.90,4.3000,true,1,120246
7290011575762,false,דבקר מהיר,,,דבקר מהיר,Unknown,0.00,יחידה,false,,15.00,0.0000,true,1,120247
7290011585198,false,כיסונים במילוי בשר 1400 גרם,,IL,כיסונים השף במילוי ב,גרמים,1400.00,100 גרם,false,,44.90,3.2071,true,1,202533
7290011585228,false,כיסונים במילוי בשר 1500 גרם,,IL,כיסונים במילוי בשר כ,גרמים,1500.00,100 גרם,false,,39.90,2.6600,true,1,202534
7290011585235,false,מיני צבורק במילוי בש,,IL,מיני צ'יבורקי כי-600,גרמים,600.00,100 גרם,false,,29.90,4.9833,true,1,202535
7290011585242,false,ציבורקי במילוי בשר וירק 600 גרם,,IL,צ'יבורקי במילוי בשר,גרמים,600.00,100 גרם,false,,29.90,4.9833,true,1,139000
7290011585723,false,כיסונים ביתי במילוי בשר 900 גרם,,IL,כיסונים ביתי במילוי,גרמים,900.00,100 גרם,false,,32.90,3.6556,true,1,202537
7290011585754,false,כיסונים סיבירסקי במילוי בשר 900 גרם,,IL,כיסונים סיבירסקי במי,גרמים,900.00,100 גרם,false,,32.90,3.6556,true,1,202538
7290011585785,false,ציבורקי קלאסי 600 גרם,,IL,צ'יבורקי קלאסיק כי-6,גרמים,600.00,100 גרם,false,,29.90,4.9833,true,1,202540
7290011585815,false,מאפה (פירושקי) במילוי בשר 600 גרם,,IL,מאפה (פירושקי) במילו,גרמים,600.00,100 גרם,false,,29.90,4.9833,true,1,202542
7290011585853,false,בלינצס במילוי בשר 600 גרם,,IL,בלינצ'ס במילוי בשר כ,גרמים,600.00,100 גרם,false,,29.90,4.9833,true,1,202544
7290011585884,false,"בלינצס עם תפו""ע 600 גרם",,IL,בלינציס במילוי תפו'',גרמים,600.00,100 גרם,false,,29.90,4.9833,true,1,202546
7290011585921,false,בצק שמרים קלאסי 1 קג,,IL,בצק שמרים 1 ק''ג,גרמים,1000.00,100 גרם,false,,15.90,1.5900,true,1,202548
7290011587079,false,חרדל דיז'ון גרגירים 370 ג' PICCATA,Covinor sas,IL,תומר חרדל דיזון גרגי,גרמים,370.00,100 גרם,false,,9.90,2.6757,true,1,118611
7290011587093,false,תירס גמדי שלם במי מלח480,פוג'אן טונגפה,CN,תירס גמדי 400 גר,גרמים,400.00,100 גרם,false,,6.90,1.7250,true,1,118612
7290011587123,false,קרם קוקוס תומר 400 מ,Thai coconut co ltd,IL,קרם קוקוס 400 מל,גרמים,400.00,100 גרם,false,,6.10,1.5250,true,1,118613
7290011587451,false,מוזלי קראנצי בתוספת פירות ואגוזים ויטליה 600 גרם,ויטליה,IL,תומר גרנולה +פירות ו,גרמים,600.00,100 גרם,false,,16.90,2.8167,true,1,129878
7290011587468,false,מוזלי קראנצי בתוספת אגוזים ויטליה 600 גרם,Vitalia nikola ltd,MK,תומר מוזלי קראנצ + א,גרמים,600.00,100 גרם,false,,20.00,3.3333,true,1,118619
7290011587581,false,פילה אנשובי צנצנת 100גרם,אינוורסינס פריסקו,PE,פילה אנשובי צנצנת 75,Unknown,0.00,יחידה,false,,10.90,0.0000,true,1,202905
7290011587703,false,ממרח עגבניות מיובשות פיקנטי תומר 360 גרם,תומר,IL,תומר ממרח עגבניות מי,גרמים,340.00,100 גרם,false,,11.20,3.2941,true,1,118626
7290011587710,false,צלפים במי מלח תומר 350 גרם,,TR,צליפים במי מלח 350 ג,גרמים,350.00,100 גרם,false,,9.90,2.8286,true,1,129880
7290011587826,false,חרדל דיז'ון 370 ג' PICCATA,Covinor sas,,תומר חרדל דיזון 370,גרמים,370.00,100 גרם,false,,9.90,2.6757,true,1,118629
7290011587833,false,חצאי עגבניות מיובשות מתובלות בשמן חמניות ועשבי תיבול,Sunto gida sun ve ti,,תומר עגבניות מיובשות,גרמים,340.00,100 גרם,false,,11.20,3.2941,true,1,118630
7290011587840,false,עגבניות קצוצות בשמן תומר 340 ג',תומר,,תומר עגבניות קצוצות,גרמים,340.00,100 גרם,false,,11.20,3.2941,true,1,118631
7290011593087,false,"שמן זית כתית מעולה 750 מ""ל סבא חביב",סאן אויל עיבוד ושיוו,IL,סבא חביב שמן זית כתי,מיליליטרים,750.00,"100 מ""ל",false,,39.90,5.3200,true,1,146118
7290011607197,false,"קולון 101 אבקת כביסה 5 ק""ג",רקיט בנקיזר,IL,קולון 101 אבקת כביסה,,5.00,קג,false,,39.90,7.9800,true,1,168245
7290011618025,false,בייבי ביס הוט קידס נגיסי אורז לתינוק,גואנז'ו יונג וואנט פ,CN,בייבי ביס לתינוקות ב,Unknown,0.00,יחידה,false,,13.90,0.0000,true,1,111242
7290011622428,false,כתמטמינים-חטיף בריאות לתינוקות וילדים 45 ג',מיוצר עבור גולדן האר,IL,כתמטמינים-חטיף בריאו,גרמים,40.00,100 גרם,false,,5.90,14.7500,true,1,116123
7290011622664,false,כתמטמינים - חטיף אצבעות טחינה אורז ותירס 45 גרם,אלס נוטרישן,IL,כתמטמינים טחינה 45 ג,Unknown,0.00,יחידה,false,,5.90,0.0000,true,1,116125
7290011644000,false,מקלות תירס ממותקים 80 גרם,סנקי,IL,סנקי חטיף תירס מקלות,Unknown,0.00,יחידה,false,,4.90,0.0000,true,1,145914
7290011668143,false,מסיכה משקמת ומטפחת לשיער צבוע ופגום,פנינה רוזנבלום PR,IL,"מסיכה משקמת 1 ק""ג פנ",גרמים,1000.00,100 גרם,false,,32.00,3.2000,true,1,135175
7290011668389,false,"קרם ידיים רימונים 100 מ""ל פנינה רוזנבלום",,,קרם ידיים רימונים 10,מיליליטרים,100.00,"100 מ""ל",false,,13.90,13.9000,true,1,135179
7290011668402,false,"שמפו לשיער לגבר פנינה רוזנבלום 750 מ""ל",פנינה רוזנבלום,IL,שמפו גבר פנינה 750 מ,מיליליטרים,750.00,"100 מ""ל",false,,12.90,1.7200,true,1,111193
7290011668419,false,"שמפו אובלפיחה לשיער רגיל 750 מ""ל פנינה רוזנבלום",פנינה רוזנבלום,IL,שמפו אובלי יומי פנינ,מיליליטרים,750.00,"100 מ""ל",false,,12.90,1.7200,true,1,111194
7290011668433,false,"שמפו לשיער צבוע שיאה 750 מ""ל פנינה רוזנבלום",פנינה רוזנבלום,IL,שמפו שיאה שיער צבוע,מיליליטרים,750.00,"100 מ""ל",false,,12.90,1.7200,true,1,111195
7290011668440,false,מרכך שיאה לשיער צבוע פנינה רוזנבלום 750 מל,פנינה רוזנבלום,IL,מרכך שיאה שיער צבוע,מיליליטרים,750.00,"100 מ""ל",false,,12.90,1.7200,true,1,111196
7290011668457,false,"שמפו שמן זית לשיער גלי 750 מ""ל פנינה רוזנבלום",פנינה רוזנבלום,IL,שמפו שמן זית גלי פני,מיליליטרים,750.00,"100 מ""ל",false,,12.90,1.7200,true,1,135181
7290011668464,false,פנינה רוזנבלום-מרכך שמן זית למתולתל 750,א.ל ארמן,IL,מרכך שמן זית מתולתל,Unknown,750.00,יחידה,false,,12.90,0.0172,true,1,135182
7290011668594,false,בריא מהטבע תוספת בריאה לסלט 550 גרם פנינה רוזנבלום,בריא מהטבע פנינה רוזנבלום,IL,פנינה תוספת בריאה לס,גרמים,550.00,100 גרם,false,,37.90,6.8909,true,1,135185
7290011723200,false,טחינה הר ברכה 100% שומשום טהור 500 גר,טחינה הר ברכה בעמ,IL,טחינה הר ברכה 500 גר,גרמים,500.00,100 גרם,false,,19.90,3.9800,true,1,192528
7290011743833,false,"סנסודיין משחת שיניים פרונאמל 75 מ""ל",גלקסו סמית קליין,GB,סנסודיין משחת שיניים,Unknown,75.00,יחידה,false,,24.90,0.3320,true,1,133383
7290011745707,false,משחת שיניים פרונמל Pro namel לילדים לגילאי 6-12,גלקסו סמית קליין,SK,סנסודיין פרונמל ילדי,Unknown,0.00,יחידה,false,,19.90,0.0000,true,1,133385
7290011765088,false,ג'ל גילוח לעור רגיל מנטול Cool,טרופיקל דגיל תעשיות,TR,גל גילוח קרמה קול 20,מיליליטרים,200.00,"100 מ""ל",false,,13.90,6.9500,true,1,117410
7290011765415,false,"כיף - בוב ספוג מרכך שיער 750 מ""ל",קוסמופארם,IL,"בוב ספוג קונ' 750מ""ל",מיליליטרים,750.00,"100 מ""ל",false,,12.90,1.7200,true,1,117417
7290011765446,false,משחת שיניים לילדים בוב ספוג בטעם מיץ ענבים עם פלואוריד למניעת עששת,טרופיקל דגיל תעשיות קוסמ,IL,אורביטול משחת שיניים,Unknown,0.00,יחידה,false,,9.90,0.0000,true,1,117420
7290011772055,false,נייר טואלט אסותא 32,,,אסותא נייר טואלט 32,Unknown,0.00,יחידה,false,,32.90,0.0000,true,1,168427
7290011772086,false,אסותא מגבת מטבח שישיה,,,אסותא נייר מטבח שישי,Unknown,6.00,יחידה,false,,11.90,1.9833,true,1,189107
7290011772826,false,GOOD שישייה בטעם לימ,,,GOOD שישייה בטעם לימ,מיליליטרים,250.00,"100 מ""ל",false,,12.90,5.1600,true,1,159644
7290011800840,false,רפי כהן סלט טחינה בלאדי צבר 400 גרם,רפי כהן / צבר,IL,צבר טחינה בלאדי 6*40,גרמים,400.00,100 גרם,false,,15.90,3.9750,true,1,126810
7290011830564,false,ביסקוויט פתי בר כוסמין אורגני,השדה מוצרים אורגניים,IL,פתיבר כוסמין אורגני,גרמים,200.00,100 גרם,false,,12.90,6.4500,true,1,173825
7290011843076,false,מסכת פילינג גרגרים 1,,,מסכת פילינג גרגרים 1,Unknown,0.00,יחידה,false,,20.00,0.0000,true,1,183489
7290011843441,false,קרם דאו לכף הרגל 100,,,קרם דאו לכף הרגל 100,Unknown,0.00,יחידה,false,,6.90,0.0000,true,1,183518
7290011843649,false,הלת אנד ביוטי חמאת גוף מאסק 350 מל,General,IL,חמאת גוף מאסק,מיליליטרים,100.00,"100 מ""ל",false,,25.00,25.0000,true,1,183542
7290011876388,false,קציצות עוף ובקר מאמא עוף 600 גרם,תנובה גליל שותפות מו,IL,מאמא עוף קציצות עוף,גרמים,600.00,100 גרם,false,,26.90,4.4833,true,1,114236
7290011876494,false,שניצל עוף V ותירס מאמא עוף 750 גרם,תנובה גליל,IL,מאמא עוף קפוא שניצל,גרמים,750.00,100 גרם,false,,36.90,4.9200,true,1,114238
7290011912642,false,ליסטרין שטיפת פה הגנה על השיניים והחניכי,ג'\ונסון אנד ג'\ונסון,IT,*מבצע* ליסטרין מי פה,ליטרים,500.00,100 ליטר,false,,16.90,0.0338,true,1,166666
7290011931162,false,סוכרלייט ממתיק נוזלי על בסיס סוכרלוז,אף.סי תבליני בגליל ב,IL,סוכרזית סוכרלוז ממתי,,220.00,100 מל,false,,26.90,0.1223,true,1,132231
7290011931193,false,סוכרלייט ממתיק אבקה סוכרזית 100 גרם,סוכרזית Sucrazit,IL,סוכרזית סוכרלוז כפית,גרמים,105.00,100 גרם,false,,30.00,28.5714,true,1,132232
7290011947521,false,"שמן זית כתית מעולה מודגש זיתא 750 מ""ל",זיתא - י.ט.ב תעשיות,IL,"ויסוצקי שמן זית כ""מ",מיליליטרים,750.00,"100 מ""ל",false,,39.90,5.3200,true,1,129618
7290012000485,false,"מי ופריחת הדרים 650 מ""ל אלזהראא",,,מי זהר אלזהראא 650 מ,מיליליטרים,650.00,"100 מ""ל",false,,9.90,1.5231,true,1,119051
7290012000492,false,"מיי וורדים 650 מ""ל אלזהראא",,,"מי ורדים 650 מ""ל",מיליליטרים,650.00,"100 מ""ל",false,,9.90,1.5231,true,1,141258
7290012000515,false,חומץ תפוחים טבעי 650,,,חומץ תפוחים טבעי 650,מיליליטרים,650.00,"100 מ""ל",false,,9.90,1.5231,true,1,119052
7290012000522,false,"סחלב אלזהראא 1 ק""ג",,,"סחלב אלזהראא 1 ק""ג",פריט,1.00,"ק""ג",false,,19.90,19.9000,true,1,141260
7290012000782,false,סחלב אלזהראא 500 גרם,,,סחלב אלזהראא 500 גרם,גרמים,500.00,100 גרם,false,,14.90,2.9800,true,1,188039
7290012001994,false,חרדל דיז'ון גרעינים 350 ג' ריין דיזון,ריין דיז'ון reine dijon,FR,חרדל דיז'ון גרעינים,גרמים,350.00,100 גרם,false,,13.90,3.9714,true,1,140725
7290012019043,false,שום צעיר כבוש בחומץ בצנצנת 330 גרם,FOODS CANDDED QINGDAO,CN,שום צעיר כבוש 330 ג,גרמים,450.00,100 גרם,false,,10.10,2.2444,true,1,129883
7290012019265,false,רביעיית מחית תפוח עץ ללא תוספת סוכר תומר 113 גרם,אינדיאן סאמר קו אופ אינק,US,"מחית תפו""ע ללא סוכר",Unknown,4.00,יחידה,false,,12.90,3.2250,true,1,118643
7290012019401,false,מיץ דובדבן 100% 1 ליטר תוצרת גרוזיה,Aromaproduct ltd,,מיץ דובדבן גיאורגיה,Unknown,0.00,יחידה,false,,22.90,0.0000,true,1,129885
7290012022203,false,פריכיות קליליות חיטה,דילייט 2005,IL,קליליות חיטה מלאה 10,גרמים,100.00,100 גרם,false,,13.50,13.5000,true,1,136835
7290012022227,false,קליליות חיטה בטעם טבעי,דילייט 2005,IL,קליליות בטעם טבעי,Unknown,0.00,יחידה,false,,11.50,0.0000,true,1,136836
7290012022272,false,פריכיות קליליות קידס,דילייט 2005,IL,קליליות קידס,Unknown,0.00,יחידה,false,,10.60,0.0000,true,1,136837
7290012052194,false,גרנולה פירות יער וקשיו מרכיבים טבעיים 350 גרם,רפאלס,IL,גרנולה טבעית חמוציות,גרמים,350.00,100 גרם,false,,17.90,5.1143,true,1,147221
7290012052309,false,גרנולה בננה צימוקים ושקדים מרכיבים טבעיים 1 ק''ג,רפאלס,IL,גרנולה טבעית בננה צי,גרמים,1000.00,100 גרם,false,,24.90,2.4900,true,1,147226
7290012052330,false,גרנולה תענוג חלבה ותמרים 1 ק''ג,רפאלס,IL,תענוג גרנולה 1קג,גרמים,1000.00,100 גרם,false,,24.90,2.4900,true,1,147229
7290012052347,false,"גרנולה תענוג-צימוקים ושקדים ללא תוספת סוכר 1 ק""ג",רפאלס,IL,גרנולה תענוג תערובת,Unknown,0.00,יחידה,false,,24.90,0.0000,true,1,147230
7290012052354,false,גרנולה רפאל שוקולד ואגוזי לוז 350 גרם,רפאלס,IL,גרנולה רפאל שוקולד ו,גרמים,350.00,100 גרם,false,,17.90,5.1143,true,1,147231
7290012052361,false,גרנולה מוזלי בטעם מרכיבים טבעיים 350 גרם,רפאלס,IL,גרנולה רפאל מוזלי 35,גרמים,350.00,100 גרם,false,,17.90,5.1143,true,1,147232
7290012052385,false,מוזלי עם חמוציות ושקדים ללא תוספת סוכר,רפאלס,IL,רפאל גרנולה שקדים ופ,גרמים,800.00,100 גרם,false,,27.90,3.4875,true,1,147233
7290012108617,false,נוזל שמשות 4 ליטר,,,נוזל שמשות 4 ליטר,קילוגרמים,4.00,ליטר,false,,13.90,3.4750,true,1,163511
7290012116032,false,כיף פיות מרכך לסירוק קל 750 מל,טרופיקל דגיל תעשיות,IL,"כיף פיות מרכך 750 מ""",מיליליטרים,750.00,"100 מ""ל",false,,12.90,1.7200,true,1,117431
7290012116964,false,"קרמה מן תרחיץ ג'ל לפנים 150 מ""ל",החברה הדרומית,IL,קרמה מן תרחיץ ג'ל לפ,מיליליטרים,150.00,"100 מ""ל",false,,23.00,15.3333,true,1,177167
7290012117398,false,קרמה מן גל לאחר גילוח לעור עדין 150 מל,החברה הדרומית,IL,קרמה מן אפטר שייב גל,מיליליטרים,150.00,"100 מ""ל",false,,33.00,22.0000,true,1,177170
7290012139567,false,בונזו ג'וי ביסקוויט עוף 122 גרם,בונזו,CN,בונזו ג'וי ביסקוויט,Unknown,0.00,יחידה,false,,20.20,0.0000,true,1,140728
7290012173158,false,גרמלי בינס 120 גרם,,,גרמלי בינס 120 גרם,גרמים,150.00,100 גרם,false,,5.90,3.9333,true,1,187032
7290012173684,false,גומי בננה 100 גרם,,,גומי בננה 100 גרם,גרמים,100.00,100 גרם,false,,5.90,5.9000,true,1,187034
7290012173813,false,דרגרמה אניס 100 גרם,,,דרגרמה אניס 100 גרם,גרמים,120.00,100 גרם,false,,5.90,4.9167,true,1,187070
7290012173882,false,זארובי-גרעינים שחורי,זארובי,IL,גרעינים שחורים 350 ג,Unknown,0.00,יחידה,false,,10.90,0.0000,true,1,186965
7290012191855,false,עשיריית גפרורים שמאי,,IN,ר.שמאי גפרור רגיל עש,Unknown,0.00,יחידה,false,,2.90,0.0000,true,1,152034
7290012191886,false,שמאי - גפרור ענק,,IN,שמאי - גפרור ענק,Unknown,0.00,יחידה,false,,6.90,0.0000,true,1,152035
7290012193125,false,מרמולייט סוכרלוז ממתיק 150 טבליות,"קיפל טבליות וממתיקים בע""מ",CN,מרמולייט סוכרלוז 150,Unknown,150.00,יחידה,false,,26.90,0.1793,true,1,138139
7290012226014,false,נקניקיות וינר זוגלובק 800 גרם,נקניק נהריה כשר זוגל,IL,נקניקיות וינר 800 גר,גרמים,800.00,100 גרם,false,,21.90,2.7375,true,1,147097
7290012226021,false,נקניק סלמי מעושן פראג זוגלובק 400 גרם,נקניק נהריה כשר זוגל,IL,סלמי מעושן פראג 400,גרמים,400.00,100 גרם,false,,15.90,3.9750,true,1,147098
7290012226120,false,"קבנוס 135 גרם ""זוגלובק""",נקניק נהריה כשר זוגל,IL,קבנוס 135 גר' זוגלוב,גרמים,135.00,100 גרם,false,,9.90,7.3333,true,1,147101
7290012226922,false,קבנוס בטעם שום זוגלובק 135 גרם,נקניק נהריה כשר זוגל,IL,קבנוס עם שום 135 גר',גרמים,135.00,100 גרם,false,,9.90,7.3333,true,1,147104
7290012226939,false,קבנוס עם צ'ילי חריף זוגלובק 135 גרם,נקניק נהריה כשר זוגל,IL,קבנוס עם צ'ילי חריף,גרמים,135.00,100 גרם,false,,9.90,7.3333,true,1,147105
7290012226991,false,"נקניקיות עוף באריזת ג''מבו 1.5 ק""ג זוגלובק",נקניק נהריה כשר זוגל,IL,נקניקיות ג'מבו 1.5 ק,Unknown,1.50,יחידה,false,,26.70,17.8000,true,1,147110
7290012227172,false,חרמן הודו בדבש וברביקיו זוג במארז 600 ג' זוגלובק,נקניק נהריה כשר זוגל,IL,ח.עוף והודו בדבש 300,גרמים,600.00,100 גרם,false,,25.90,4.3167,true,1,147114
7290012227400,false,נקניקיות עוף 800 ג' זוגלובק,נקניק נהריה כשר זוגל,IL,נקניקיות עוף 800 גר',גרמים,800.00,100 גרם,false,,21.90,2.7375,true,1,147119
7290012227653,false,"פסטרמה חרמון הודו ועוף 400 גרם ""זוגלובק""",זוגלובק,,חרמון עוף והודו וואק,גרמים,400.00,100 גרם,false,,18.90,4.7250,true,1,147120
7290012227660,false,סלמי תה מעושן וואקום,זוגלובק,,סלמי תה מעושן וואקום,גרמים,400.00,100 גרם,false,,18.90,4.7250,true,1,147121
7290012227912,false,קבנוס מעודן זוגלובק 135 גרם,זוגלובק,IL,קבנוס מעודן 135 גר',גרמים,135.00,100 גרם,false,,9.90,7.3333,true,1,147126
7290012227998,false,פסטרמה דק דק חזה בקר 120 ג' זוגלובק,זוגלובק,IL,חזה בקר 120 גר' דק ד,גרמים,120.00,100 גרם,false,,13.90,11.5833,true,1,147129
7290012228124,false,קבנוס סטיקס עם נגיעות מלח ים סדרת ריינהולד'ס,זוגלובק,IL,קבנוסטיקס-חטיף קבנוס,Unknown,0.00,יחידה,false,,9.90,0.0000,true,1,147132
7290012228261,false,נקנקיות קנקרס הודו ועוף ריינהולד'ס זוגלובק 300 ג',זוגלובק,IL,קנקרס נקניקיה עוף וה,גרמים,300.00,100 גרם,false,,19.90,6.6333,true,1,147141
7290012228728,false,קבנוס סטיקס בסגנון מקסיקני חריף סדרת ריינהולד'ס,זוגלובק,IL,זוגלובק קבנוס סטיקס,Unknown,0.00,יחידה,false,,9.90,0.0000,true,1,147162
7290012228988,false,חרמון הודו ועוף בדבש זוגלובק 200 ג',זוגלובק,IL,חרמון עוף והודו בדבש,גרמים,200.00,100 גרם,false,,14.90,7.4500,true,1,160731
7290012245275,false,"גולד ציפס בטטה קריספי 1 ק""ג",אגריסטו,BE,גולד צ'יפס בטטה קריס,פריט,1.00,"ק""ג",false,,29.90,29.9000,true,1,195636
7290012251511,false,דג בסה קוביות 500 גר קפוא,,,קט פיש קוביות קפוא 5,גרמים,500.00,100 גרם,false,,16.90,3.3800,true,1,172704
7290012260827,false,שערות קדאיף מזאווי 4,"ממתקי מזוואי בע""מ",IL,קדאייף 475 גרם,גרמים,475.00,100 גרם,false,,14.90,3.1368,true,1,187835
7290012260889,false,בקלאווה מארז 12 יח 3,,,בקלאווה מארז 12 יח 3,גרמים,350.00,100 גרם,false,,19.90,5.6857,true,1,187836
7290012263415,false,"אגד מתמתח 7 ס""מ 5 יח",גזיאנג,CN,"אגד מתמתח 7 ס""מ 5 יח",Unknown,0.00,יחידה,false,,6.90,0.0000,true,1,202842
7290012263446,false,מד חום דיגיטלי בבליס,,,מד חום דיגיטלי בבליס,Unknown,0.00,יחידה,false,,12.90,0.0000,true,1,202847
7290012263620,false,תיק עזרה ראשונה מפלסטיק,,,פרמה מדיק עזרה ראשונ,Unknown,0.00,יחידה,false,,29.90,0.0000,true,1,184112
7290012275401,false,"בירה מולר בקבוק 500 מ""ל תוצרת יוון","סולימר מבשלת בירה בע""מ",GR,בירה מולר בקבוק 500,מיליליטרים,500.00,"100 מ""ל",false,,3.90,0.7800,true,1,183089
7290012309892,false,חלבה וניל 500 גרם ששון הקולה,ששון הקולה,IL,ששון הקולה חלבה וניל,גרמים,500.00,100 גרם,false,,12.90,2.5800,true,1,134369
7290012313141,false,מלפפונים פרוסות במלח קבוצת יבנה 330 גרם,אף.סי תבליני בגליל ב,IL,שימורי יבנה פרוסות מ,גרמים,540.00,100 גרם,false,,4.90,0.9074,true,1,118649
7290012352027,false,קרם לחות מזינה עם שמן אגוז ברזילאי לשיער צבוע ופגום,נטורל פורמולה Natural Formula,IL,נטורל פורמולה לחות+ש,מיליליטרים,400.00,"100 מ""ל",false,,23.90,5.9750,true,1,117454
7290012352034,false,"נטורל - קרם לחות עם שמן אגוז מקדמיה לשיער מתולתל 400 מ""ל",נטורל פורמולה Natural Formula,IL,לחות+שמן אגוז לש.מתו,מיליליטרים,400.00,"100 מ""ל",false,,23.90,5.9750,true,1,111001
7290012367908,false,שמן טיפולי לתינוק בתוספת אלוורה Kamil Blue Sensitive,פישר מעבדות פרמצבטיות בע,IL,שמן תינוקות אלוורה פ,מיליליטרים,200.00,"100 מ""ל",false,,18.00,9.0000,true,1,136887
7290012404955,false,נקטר חמוציות ספרינג קולקשן 1.25 ליטר,יפאורה שותפות מובגלת לשיווק,IL,ספרינג קולקשיין נקטר,קילוגרמים,1.25,ליטר,false,,12.90,10.3200,true,1,120450
7290012404993,false,נקטר דיאט חמוציות ספרינג קולקשן 1.25 ליטר,יפאורה שותפות מובגלת לשיווק,IL,ספרינג קולקשיין נקטר,קילוגרמים,1.25,ליטר,false,,12.90,10.3200,true,1,120452
7290012413636,false,תה ירוק צ'אי מסאלה ויסוצקי 25 יחידות,ויסוצקי ירוק,IL,תה ירוק מסאלה 37.5 ג,Unknown,0.00,יחידה,false,,24.90,0.0000,true,1,129637
7290012413643,false,תה ירוק קמומיל ויסוצקי 25 יחידות,ויסוצקי ירוק,IL,ויסוצקי תה ירוק קמומ,Unknown,25.00,יחידה,false,,24.90,0.9960,true,1,129638
7290012453182,false,עדן מלפפונים במלח 13,,,עדן מלפפונים במלח 13,גרמים,385.00,100 גרם,false,,8.90,2.3117,true,1,153340
7290012453410,false,זיתים חרוזית ירוק A2,,,זיתים חרוזית ירוק A2,Unknown,0.00,יחידה,false,,7.90,0.0000,true,1,184890
7290012453427,false,זיתים מנזלינו ירוק A,,,זיתים מנזלינו ירוק A,Unknown,0.00,יחידה,false,,6.90,0.0000,true,1,184891
7290012453434,false,זיתים טבעות ירוק A2,,,זיתים טבעות ירוק A2,Unknown,0.00,יחידה,false,,8.90,0.0000,true,1,153343
7290012453519,false,מלפפונים בחומץ 7-9,,,מלפפון בחומץ 7-9 20%,Unknown,0.00,יחידה,false,,6.90,0.0000,true,1,184885
7290012453533,false,מלפפון בחומץ 13-17,,,מלפפון בחומץ 13-17,Unknown,0.00,יחידה,false,,8.90,0.0000,true,1,184893
7290012453540,false,מלפפון בחומץ 18/25 A,,,מלפפון בחומץ 18/25 A,Unknown,0.00,יחידה,false,,9.90,0.0000,true,1,153348
7290012483011,false,"פולי סויה קפואים 1ק""ג (מאנצ'ו)",קו אל טי די קיאוניונ,CN,"פולי סויה קפואים 1ק""",פריט,1.00,"ק""ג",false,,16.90,16.9000,true,1,190341
7290012483233,false,אנשובי ארוך בשמן זית בצנצנת ויליפוד 80 גרם,קונסרבס,ES,וילי פוד אנשובי ארוך,Unknown,0.00,יחידה,false,,17.20,0.0000,true,1,115582
7290012483608,false,"אורז בסמטי DAAWAT מהדרין 5 ק""ג.",הנסיך- מפעל לייצור ט,IN,וילי פוד אורז בסמטי,פריט,5.00,"ק""ג",false,,59.90,11.9800,true,1,115584
7290012522581,false,שניצל תירס ללא גלוטן טבעול 664 גרם,עיצובים 2020 (4.8),IL,טבעול שניצל תירס ללא,גרמים,664.00,100 גרם,false,,29.90,4.5030,true,1,126818
7290012561337,false,כורכום טרי כתוש קפוא דורות 70 גר,מוצרי שום ותיבול דורות,IL,דורות כורכום טרי כתו,Unknown,0.00,יחידה,false,,10.90,0.0000,true,1,126822
7290012561405,false,דורות בצל חצי מטוגן 180 גרם,עיצובים 2020 (3.8),IL,דורות בצל חצי מטוגן,גרמים,180.00,100 גרם,false,,10.90,6.0556,true,1,126823
7290012588242,false,"מים מינרלים מיי וואטר כדורגל מארז 500X6מ""ל",נרה קריטיס אס איי באריפט,GR,כדורגל מים מינרלים ב,Unknown,6.00,יחידה,false,,15.90,2.6500,true,1,142453
7290012642807,false,פלפלים ירוקים כבושים בחומץ תומר 540 גרם,תומר,,פלפל ירוק כבוש 540 ג,גרמים,540.00,100 גרם,false,,14.00,2.5926,true,1,118658
7290012642852,false,פלפל אדום על האש תומר 330 גרם,סאטקו,BG,פלפל אדום קלוי על הא,גרמים,540.00,100 גרם,false,,11.10,2.0556,true,1,118661
7290012642876,false,פלפלונים מעורב צבעוני בחומץ חריף6X,סאטקו,BG,פלפלונים מעורבים כבו,גרמים,530.00,100 גרם,false,,11.10,2.0943,true,1,118663
7290012645020,false,"יוגורט עיזים טבעי בבקבוק חלב הארץ 500 מ""ל",מחלבת סוסיא,IL,חלב הארץ יוגורט עיז,גרמים,500.00,100 גרם,false,,11.90,2.3800,true,1,169090
7290012645112,false,יוגורט עיזים 2.8% בדלי חלב הארץ 750 גרם,מחלבות סוסיא,IL,חלב הארץ יוגורט עיז,גרמים,750.00,100 גרם,false,,19.90,2.6533,true,1,139915
7290012645129,false,יוגורט כבשים 5% בדלי חלב הארץ 750 גרם,מחלבות סוסיא,IL,חלב הארץ יוגורט כבש,גרמים,750.00,100 גרם,false,,19.90,2.6533,true,1,139916
7290012645174,false,גבינת עיזים 5% חלב הארץ 200 גרם,חלב הארץ,IL,גבינת עיזים 5% 200 ג,גרמים,200.00,100 גרם,false,,13.90,6.9500,true,1,196471
7290012645181,false,לאבנה עיזים 5% חלב הארץ 200 גרם,חלב הארץ,IL,לאבנה עיזים 5% 200 ג,גרמים,200.00,100 גרם,false,,13.90,6.9500,true,1,196472
7290012645280,false,יוגורט כבשים בסגנון יוני 5% חלב הארץ 150 גרם,מחלבות סוסיא,IL,יוגורט כבשים בסגנון,גרמים,150.00,100 גרם,false,,5.90,3.9333,true,1,187896
7290012645297,false,יוגורט עיזים ביו 2.8% טעם טבעי חלב הארץ 150 גרם,מחלבות סוסיא,IL,חלב הארץ יוגורט עיז,גרמים,150.00,100 גרם,false,,5.60,3.7333,true,1,139920
7290012645389,false,יוגורט עיזים 3.7%בבקבוק חלב הארץ 1 ליטר,מחלבות סוסיא,IL,חלב הארץ יוגורט עיז,גרמים,1000.00,100 גרם,false,,22.90,2.2900,true,1,139923
7290012697241,false,"סוכרזית מצמח הסטיוויה נוזל 220 מ""ל",אף.סי תבליני בגליל ב,IL,סוכרזית סטיוויה ממתי,,220.00,100 מל,false,,27.90,0.1268,true,1,132235
7290012803222,false,טוסו ופל בסגנון בלגי בטעם לימון ללא תוספת סוכר 200 גרם,בטר אנד דיפרנט,IL,טוסו וופל בלגי לימון,גרמים,200.00,100 גרם,false,,10.90,5.4500,true,1,138148
7290012803321,false,מרמולייט סוכרלוז 200 שקיות אישיות,מרמולייט,IL,מרמולייט סוכרלוז 200,Unknown,200.00,יחידה,false,,55.00,0.2750,true,1,138150
7290012803765,false,טוסו שוקולד מריר ללא תוספת סוכר 100 גרם,אלטינמארקה גידה סאן,TR,טוסו שוק.מריר 100 גר,Unknown,0.00,יחידה,false,,13.00,0.0000,true,1,138158
7290012803772,false,טוסו שוקולד חלב ללא תוספת סוכר 100 גרם,אלטינמארקה גידה סאן,TR,טוסו שוק.חלב 100 גרם,Unknown,0.00,יחידה,false,,13.00,0.0000,true,1,138159
7290012823237,false,"תחליב רחצה קרמה בריזת ים 700 מ""ל",החברה הדרומית,IL,תחליב רחצה קרמה תה י,מיליליטרים,750.00,"100 מ""ל",false,,18.90,2.5200,true,1,178076
7290012823794,false,כיף אל סבון יסמין לבנדר 2 ל',קוסמופארם,IL,כיף אל סבון 2 ליטר,קילוגרמים,2.00,ליטר,false,,22.90,11.4500,true,1,177192
7290012850073,false,מחית בוליווד סלט פירות 190 גרם,בילובד Beloved,SK,מחית סלט פירות 190 ג,גרמים,190.00,100 גרם,false,,4.90,2.5789,true,1,158442
7290012864001,false,נבטי חמנייה ארוז א.אדמה,קרונוס,IL,נבטי העמק,Unknown,0.00,יחידה,false,,9.90,0.0000,true,1,138788
7290012864025,false,נבטי אלפא אלפא ארוז א.אדמה,קרלסברג יבוא יצוא,IL,אלפלפא נבטי העמק,Unknown,0.00,יחידה,false,,5.90,0.0000,true,1,138789
7290012884986,false,"צ'יפס לתנור 4% שומן תפוגן 1.5 ק""ג","תעשיות תפוגן בע""\מ",IL,תפוגן צ'יפס לתנור עד,,1.50,קג,false,,25.20,16.8000,true,1,126824
7290012901355,false,דודלס ארוחת אטריות עם גבינה 206 גרם,האי נאם סי או אל.טי.,US,דודלס מקרוני גבינה א,Unknown,0.00,יחידה,false,,10.90,0.0000,true,1,156020
7290012901959,false,פסטה דודלס מסולסלים עם גבינה156 גרם,הנדריקס פודס,US,ארוחת אטריות עם גבינ,גרמים,156.00,100 גרם,false,,10.90,6.9872,true,1,156021
7290012921025,false,"בקבוק בירה מלכה בהירה 330 מ""ל","בירה מלכה בע""מ",IL,בירה מלכה בהירה 330,מיליליטרים,300.00,"100 מ""ל",false,,13.90,4.6333,true,1,112732
7290012921063,false,בירה מלכה הינדי בבקבוק,"בירה מלכה בע""מ",IL,בירה מלכה הידי 330 מ,מיליליטרים,300.00,"100 מ""ל",false,,13.90,4.6333,true,1,112736
7290012931017,false,מברשת לשירותים,,,מברשת לשירותים,Unknown,0.00,יחידה,false,,3.90,0.0000,true,1,145034
7290012931079,false,מט' כרומה אדום+ מקל,,,מט' כרומה אדום+ מקל,Unknown,0.00,יחידה,false,,12.90,0.0000,true,1,157794
7290012931611,false,כריות ברזל לקרצוף חזק שייני 3 יחידות,מ.א ייצור ושיווק מטל,CN,שייני כריות ברזל לקר,Unknown,3.00,יחידה,false,,7.90,2.6333,true,1,145041
7290012931697,false,כפפות מנתחים S א- 100 יח',,,שייני כפפות לטקס 100,Unknown,0.00,יחידה,false,,19.90,0.0000,true,1,145042
7290012931703,false,כפפות מנתחים M א- 100 יח',,,שייני כפפות לטקס 100,Unknown,0.00,יחידה,false,,19.90,0.0000,true,1,145043
7290012931710,false,כפפות מנתחים L א- 100 יח',,,שייני כפפות לטקס 100,Unknown,100.00,יחידה,false,,19.90,0.1990,true,1,145044
7290012931727,false,כפפות לטקס מידה אקס,,,שייני כפפות לטקס 100,Unknown,100.00,יחידה,false,,19.90,0.1990,true,1,182590
7290012936890,false,תבלינים קצח בצנצנות זכוכית 50 גרם,א.ל ייצור ושיווק תבל,IL,מימון קצח 50 גרם,Unknown,0.00,יחידה,false,,10.90,0.0000,true,1,114448
7290012936906,false,תבלינים ציפורן שלם בצנצנות 25 גרם,א.ל ייצור ושיווק תבלינים,IL,ציפורן שלם 25 גרם,Unknown,0.00,יחידה,false,,19.90,0.0000,true,1,114449
7290012936913,false,תבלין סומק תבליני מימון 45 גרם,א.ל ייצור ושיווק תבל,IL,סומק צנצנת זכוכית 40,Unknown,0.00,יחידה,false,,10.90,0.0000,true,1,114450
7290012936937,false,תבלינים בהרט בצנצנת 40 גרם,א.ל ייצור ושיווק תבל,IL,מימון בהרט 40 גרם,Unknown,0.00,יחידה,false,,10.90,0.0000,true,1,114451
7290012936944,false,אגוז מוסקט טחון תבליני מימון 40 גרם,א.ל ייצור ושיווק תבלינים,IL,מימון אגוז מוסקט טחו,Unknown,0.00,יחידה,false,,13.90,0.0000,true,1,170373
7290012938580,false,"סנסודיין משחת שיניים להלבנה עדינה 75 מ""ל",גלקסוסמית'\קליין קונסיומ,GB,סנסודיין הלבנה עדינה,Unknown,0.00,יחידה,false,,21.90,0.0000,true,1,111166
7290012938597,false,"סנסודיין משחת שיניים רפיד רליף 75 מ""ל","סמיתקליין ביצ'ם בע""מ",GB,סנסודיין רפיד רליף 7,גרמים,75.00,100 גרם,false,,24.90,33.2000,true,1,111167
7290012938740,false,"משחת שיניים פרש מינט מנטה 75מ""ל סנסודיין",גלקסו סמית קליין,GB,סנסודיין פרש מינט 75,Unknown,0.00,יחידה,false,,21.90,0.0000,true,1,111168
7290012962165,false,כפפות משק בית איזי טאץ אינטרסאן,B.H.R. & P.P,CN,כפפות משק בית איזי ט,Unknown,0.00,יחידה,false,,6.90,0.0000,true,1,168149
7290012962448,false,"מדליק פחם נוזלי 250 מ""ל עם פקק ביטחון EASY LIGHT",איזי לייט Easy light,NL,מדליק פחם נוזלי 250,Unknown,0.00,יחידה,false,,12.90,0.0000,true,1,163384
7290012962561,false,קיסמי שיניים בחבית 500 יחידות,הוסטס Hostess,CN,קיסמי שיניים 500 יח',Unknown,0.00,יחידה,false,,3.90,0.0000,true,1,163372
7290012962592,false,מדליק פחם אקולוגי מוצק 32 יחידות EASY LIGHT,איזי לייט Easy light,DE,גליל עץ אקולוגיים לה,Unknown,0.00,יחידה,false,,14.90,0.0000,true,1,201214
7290012962790,false,כפית האכלה מסיליקון רך טוליפס,טוליפס Tulips,,כפית האכלה מסיליקון,Unknown,0.00,יחידה,false,,14.90,0.0000,true,1,163405
7290013027399,false,לחם קמח מלא קל בתוספת שיפון 750 ג' אנג'ל,מאפיית שלמה א. אנג'\ל בע,IL,לחם אנג'ל 100 בתוספת,גרמים,750.00,100 גרם,false,,15.90,2.1200,true,1,114543
7290013083661,false,"מטרנה אקסטרה קר שלב 1 חסכון 700 גרם תמ""ל",מטרנה תעשיות ש.מ,IL,מטרנה אקסטרה קר שלב,גרמים,700.00,100 גרם,false,,59.90,8.5571,true,1,153142
7290013083678,false,"מטרנה אקסטרה קר שלב 2 חסכון 700 גרם תמ""ל",מולינו ניקולי s.p.a,IL,מטרנה אקסטרה קר שלב,גרמים,700.00,100 גרם,false,,59.90,8.5571,true,1,153143
7290013083685,false,תחליף חלב מטרנה אקסטרה קר שלב 3 חסכון 700 גרם,מטרנה תעשיות ש.מ,IL,מטרנה אקסטרה קר שלב,גרמים,700.00,100 גרם,false,,59.90,8.5571,true,1,126825
7290013117212,false,בורקס פילו במילוי גבינה מעדנות 600 גר,מיוצר עי קונדיטוריית,IL,מעדנות בורקס פילו גב,גרמים,600.00,100 גרם,false,,19.90,3.3167,true,1,114251
7290013117229,false,"בורקס פילו במילוי תפו""א מעדנות 600 גר",מיוצר עי קונדיטוריית,IL,מעדנות בורקס פילו תפ,גרמים,600.00,100 גרם,false,,19.90,3.3167,true,1,114252
7290013117236,false,בורקס פילו פיצה מעדנות 600 גרם,מיוצר עי קונדיטוריית,IL,מעדנות בורקס פילו פי,גרמים,600.00,100 גרם,false,,21.90,3.6500,true,1,114253
7290013117243,false,בורקס פילו בולגרית מעדנות 600 גרם,מיוצר עי קונדיטוריית,IL,מעדנות בורקס פילו בו,גרמים,600.00,100 גרם,false,,19.90,3.3167,true,1,114254
7290013117410,false,בצק פריך מרודד למאפים מתוקים 900 ג' מעדנות,מיוצר עי קונדיטוריית,IL,מעדנות בצק פריך מרוד,גרמים,900.00,100 גרם,false,,18.90,2.1000,true,1,114257
7290013117427,false,בצק פריך מרודד למאפים מלוחים מעדנות 2*450 גרם,מיוצר עי קונדיטוריית,IL,מעדנות בצק פריך מרוד,גרמים,900.00,100 גרם,false,,18.90,2.1000,true,1,114258
7290013117526,false,בצק שמרים מרודד למאפים מתוקים מעדנות 900 גרם,"מעדנות בע""\מ",IL,מעדנות בצק שמרים למא,גרמים,900.00,100 גרם,false,,18.90,2.1000,true,1,114261
7290013121103,false,רביעיית לחמניות סנדויץ ללא גלוטן 460 גרם,אביב קונדיטוריה מעול,IL,שליש בגט,Unknown,0.00,יחידה,false,,16.90,0.0000,true,1,153190
7290013121127,false,לחמניות מיני ללא גלוטן גרין לייט 6 יחידות,אביב קונדיטוריה מעול,IL,לחמניות מיני ללא גלו,גרמים,420.00,100 גרם,false,,16.90,4.0238,true,1,153192
7290013121158,false,לחמניות סנדוויץ ללא גלוטן גרין לייט 4 * 115 גרם,אביב קונדיטוריה מעול,IL,גרין לייט שליש באגט,גרמים,400.00,100 גרם,false,,16.90,4.2250,true,1,153195
7290013121165,false,לחמניות נקניקיה ללא גלוטן גרין לייט 6 * 77 גרם,אביב קונדיטוריה מעול,IL,גרין לייט לחמניות נק,גרמים,460.00,100 גרם,false,,13.90,3.0217,true,1,153196
7290013121769,false,רביעיית שליש באגט ללא תוספת סוכר וללא גלוטן,אביב קונדיטוריה מעול,IL,גרין לחמניות שליש בג,Unknown,0.00,יחידה,false,,16.90,0.0000,true,1,153213
7290013121776,false,לחם כפרי ללא תוספת סוכר וללא גלוטן,אביב קונדיטוריה מעול,IL,גרין לייט לחם כפרי ל,גרמים,500.00,100 גרם,false,,19.90,3.9800,true,1,153214
7290013144171,false,מיימונס תערובת עוגת שוקולד 560 גרם.,א.ל ייצור ושיווק תבלינים,IL,תערובת עוגת שוקולד 5,גרמים,560.00,100 גרם,false,,17.90,3.1964,true,1,145205
7290013144201,false,מיימונס תערובת פנקייק 400 גרם,א.ל ייצור ושיווק תבלינים,IL,תערובת להכנת פנקייק,גרמים,400.00,100 גרם,false,,15.90,3.9750,true,1,145208
7290013144218,false,מיימונס תערובת עוגת וניל 560 גרם.,א.ל ייצור ושיווק תבלינים,IL,תערובת עוגת וניל 560,גרמים,560.00,100 גרם,false,,17.90,3.1964,true,1,145209
7290013144232,false,מיימונס פודינג בטעם וניל 80 גרם,א.ל ייצור ושיווק תבלינים,IL,פודינג וניל 85 גרם,Unknown,0.00,יחידה,false,,5.50,0.0000,true,1,145211
7290013144249,false,מיימונס פודינג שוקולד 95 גרם,א.ל ייצור ושיווק תבלינים,IL,פודינג שוקולד 95 גרם,Unknown,0.00,יחידה,false,,5.50,0.0000,true,1,145212
7290013144263,false,תערובת מאלבי להכנה מהירה מיימונס 112 גרם,א.ל ייצור ושיווק תבלינים,IL,מלבי 100 גרם,גרמים,100.00,100 גרם,false,,10.90,10.9000,true,1,145213
7290013144270,false,תערובת להכנת קרם פטיסייר מיימונס 100 גרם,א.ל ייצור ושיווק תבלינים,IL,קרם פטיסייר 100 גרם,גרמים,100.00,100 גרם,false,,10.90,10.9000,true,1,145214
7290013144317,false,מימונס ג'וני גלילית וופל למילוי 18 יחידות,הנסיך- מפעל לייצור ט,IL,ג'וני - גלילית וופל,Unknown,18.00,יחידה,false,,21.90,1.2167,true,1,145216
7290013144393,false,"תמצית בטעם וניל מימונס 50 מ""ל",א.ל ייצור ושיווק תבלינים,IL,תמצית בטעם וניל 50ג,Unknown,0.00,יחידה,false,,4.90,0.0000,true,1,145220
7290013144409,false,תמצית בטעם רום מימונס 50 גרם,א.ל ייצור ושיווק תבלינים,IL,תמצית בטעם רום 50 גר,Unknown,0.00,יחידה,false,,4.90,0.0000,true,1,145221
7290013144447,false,"תמצית בטעם תפוז מימונס 50 מ""ל",א.ל ייצור ושיווק תבלינים,IL,תמצית בטעם תפוז 50גר,Unknown,0.00,יחידה,false,,9.90,0.0000,true,1,145223
7290013144508,false,"תמצית בטעם ורדים מיימונס 50 מ""ל",מיוצר עי קונדיטוריית,IL,תמצית בטעם ורדים 50,Unknown,0.00,יחידה,false,,9.90,0.0000,true,1,145224
7290013144539,false,צבע מאכל אדום מימונס 50 גרם,א.ל ייצור ושיווק תבלינים,IL,צבע מאכל אדום 50גר,Unknown,0.00,יחידה,false,,4.30,0.0000,true,1,145227
7290013144560,false,מיימונס צבע מאכל כחול 50 גרם,א.ל ייצור ושיווק תבלינים,IL,צבע מאכל כחול 50גר,Unknown,0.00,יחידה,false,,4.30,0.0000,true,1,145228
7290013144614,false,"מיימונס סירופ מייפל אמיתי 100% מקנדה 236 מ""ל",הנסיך- מפעל לייצור ט,DK,סירופ מייפל אמיתי 10,מיליליטרים,236.00,"100 מ""ל",false,,39.90,16.9068,true,1,145229
7290013144751,false,סירופ בטעם מייפל מימונס 500 גרם,א.ל ייצור ושיווק תבלינים,IL,מימונס סירופ בטעם מי,גרמים,500.00,100 גרם,false,,13.90,2.7800,true,1,145230
7290013144768,false,סירופ בטעם שוקולד מימונס 500 גרם,א.ל ייצור ושיווק תבלינים,IL,מימונס סירופ בטעם שו,גרמים,500.00,100 גרם,false,,13.90,2.7800,true,1,145231
7290013144911,false,מימונס מיקס שוקולד צ'יפס מריר וחלב 250 גרם,אינטרגטה תעשיות מזון 19),IL,מיקס שוקולד צ'יפס מר,גרמים,250.00,100 גרם,false,,14.90,5.9600,true,1,202903
7290013144980,false,תרסיס שמן קנולה מימונס 170 גרם,מולינו ניקולי s.p.a,FI,מימונס תרסיס שמן קונ,גרמים,170.00,100 גרם,false,,15.90,9.3529,true,1,172105
7290013145017,false,אגוז מלך קלוף מיימונס 100 גרם,א.ל ייצור ושיווק תבלינים,IL,מימונס אגוז מלך קלוף,Unknown,0.00,יחידה,false,,12.90,0.0000,true,1,145235
7290013145024,false,מיימונס אגוז מלך טחון 100 גרם,א.ל ייצור ושיווק תבלינים,IL,מימונס אגוז מלך טחון,Unknown,0.00,יחידה,false,,14.90,0.0000,true,1,145236
7290013145031,false,אגוזי לוז מסוכרים מיימונס 100 גרם,א.ל ייצור ושיווק תבלינים,IL,מימונס ברס אגוזי לוז,Unknown,0.00,יחידה,false,,14.90,0.0000,true,1,145237
7290013145055,false,פרג שלם מיימונס 100 גרם,א.ל ייצור ושיווק תבלינים,IL,פרג שלם 100גר,Unknown,0.00,יחידה,false,,6.90,0.0000,true,1,145239
7290013145062,false,"סירופ מייפל אמיתי 100% מימונס 187 מ""ל",מימונס אפייה,CA,סירופ מייפל אמיתי 18,מיליליטרים,187.00,"100 מ""ל",false,,29.90,15.9893,true,1,145240
7290013145109,false,שקד מולבון טחון מימונס 100 גרם,א.ל ייצור ושיווק תבלינים,IL,מימונס שקד מולבן טחו,גרמים,100.00,100 גרם,false,,13.90,13.9000,true,1,145243
7290013145123,false,מיימונס שקד מולבן פרוס 100 גרם,א.ל ייצור ושיווק תבלינים,IL,מימונס שקד מולבן פרו,Unknown,0.00,יחידה,false,,13.90,0.0000,true,1,145245
7290013145178,false,קוקוס טחון לבן מיימונס 100 גרם,א.ל ייצור ושיווק תבלינים,IL,קוקוס טחון לבן 100גר,גרמים,100.00,100 גרם,false,,4.90,4.9000,true,1,145248
7290013145192,false,שומשום מיימונס 100 גרם,א.ל ייצור ושיווק תבלינים,IL,שומשום 100גר,Unknown,0.00,יחידה,false,,5.90,0.0000,true,1,145249
7290013145215,false,שומשום מימונס 400 גרם,א.ל ייצור ושיווק תבלינים,IL,שומשום 400גר,גרמים,400.00,100 גרם,false,,16.90,4.2250,true,1,145250
7290013145246,false,גרעין חמניה מקולף מיימונס 100 גרם,מימונס אפייה,IL,מימונס גרעין חמניה מ,גרמים,100.00,100 גרם,false,,5.90,5.9000,true,1,145251
7290013145390,false,שוקולד צ'יפס מיימונס 250 גרם,אינטרגטה תעשיות מזון 19),IL,מימונס שוקולד ציפס מ,גרמים,250.00,100 גרם,false,,9.90,3.9600,true,1,145253
7290013145437,false,שוקולד מריר מעולה ציפס מימונס 250 ג',אינטרגטה תעשיות מזון 19),IL,מימונס שוקולד ציפס 4,גרמים,250.00,100 גרם,false,,14.90,5.9600,true,1,145255
7290013145444,false,שוקולד מריר מעולה ציפס 66% מימונס 250 ג',המאפיה של הרמן,IL,מימונס שוקולד ציפס 6,גרמים,250.00,100 גרם,false,,15.90,6.3600,true,1,145256
7290013145451,false,אבקת קקאו מימונס 150 ג',מיוצר עי קונדיטוריית,IL,מימונס קקאו 150 גר,גרמים,150.00,100 גרם,false,,9.90,6.6000,true,1,145257
7290013145536,false,סוכריות לקישוט בטעם שוקולד מיימונס 85 גרם,א.ל ייצור ושיווק תבלינים,IL,סוכריות בטעם שוקולד,Unknown,0.00,יחידה,false,,5.90,0.0000,true,1,145260
7290013145574,false,מיימונס ערכה לקישוט 100 גרם,א.ל ייצור ושיווק תבלינים,IL,ערכה לקישוט 100גר,גרמים,100.00,100 גרם,false,,12.90,12.9000,true,1,145262
7290013145628,false,סוכריות צבעוניות לקישוט מימונס 200 גרם,א.ל ייצור ושיווק תבלינים,IL,מימונס סוכריות צבעונ,גרמים,200.00,100 גרם,false,,8.90,4.4500,true,1,145264
7290013145710,false,מיימונס דובדבנים מסוכרים 100 גרם,א.ל ייצור ושיווק תבלינים,IL,דובדבנים מסוכרים 100,גרמים,100.00,100 גרם,false,,9.90,9.9000,true,1,145270
7290013145826,false,פודניג בטעם וניל לבן במיוחד מימונס 80 ג',א.ל ייצור ושיווק תבלינים,IL,מימונס פודינג בטעם ו,Unknown,0.00,יחידה,false,,5.90,0.0000,true,1,145273
7290013145840,false,סוכר וניל מיימונס 10 יחידות,א.ל ייצור ושיווק תבלינים,IL,מימונס סוכר וניל 10*,Unknown,10.00,יחידה,false,,2.90,0.2900,true,1,145275
7290013145857,false,אבקת אפיה מיימונס 10 יחידות,מימונס אפייה,IL,מימונס אבקת אפיה 10*,גרמים,10.00,גרם,false,,2.90,0.2900,true,1,145276
7290013145864,false,אבקת ג'לטין טהור מיימונס 28 גרם,א.ל ייצור ושיווק תבלינים,IL,מימונס ג`לטין טהור א,Unknown,0.00,יחידה,false,,11.90,0.0000,true,1,145277
7290013145871,false,שמרים יבשים סטיק מימונס 5*11 ג',מימונס אפייה,IL,מימונס שמרים יבשים 5,Unknown,0.00,יחידה,false,,9.90,0.0000,true,1,145278
7290013145901,false,סודה לשתיה מיימונס 100 גרם,א.ל ייצור ושיווק תבלינים,IL,סודה לשתיה 50 גרם,Unknown,0.00,יחידה,false,,1.90,0.0000,true,1,145279
7290013145918,false,אבקת סוכר מיימונס 100 גרם,א.ל ייצור ושיווק תבלינים,IL,אבקת סוכר 100 גרם,גרמים,100.00,100 גרם,false,,1.90,1.9000,true,1,145280
7290013145949,false,אבקת סוכר פטנט מימונס 250 גרם,א.ל ייצור ושיווק תבלינים,IL,אבקת סוכר באריזת פטנ,גרמים,250.00,100 גרם,false,,15.90,6.3600,true,1,145281
7290013145956,false,שמרים יבשים בוואקום מיימונס 500 גרם,הנסיך- מפעל לייצור ט,CN,מימונס שמרים יבשים ב,גרמים,500.00,100 גרם,false,,14.90,2.9800,true,1,145282
7290013145963,false,שמרים יבשים בוואקום מיימונס 125 גרם,מימונס אפייה,CN,מימונס שמרים יבשים ב,גרמים,125.00,100 גרם,false,,5.90,4.7200,true,1,145283
7290013145970,false,קורנפלור מימונס בשקית 200 ג',א.ל ייצור ושיווק תבלינים,IL,מימונס קורנפלור 200,גרמים,200.00,100 גרם,false,,3.90,1.9500,true,1,145284
7290013146083,false,מיימונס מלית חלבה 400 גרם,אינטרגטה תעשיות מזון 19),IL,מלית חלבה 400גר,גרמים,400.00,100 גרם,false,,15.90,3.9750,true,1,145291
7290013146199,false,מלית קרם נוגט 350 גרם מימונס,אינטרגטה תעשיות מזון 19),IL,מימונס קרם נוגט 350,גרמים,350.00,100 גרם,false,,15.90,4.5429,true,1,145293
7290013146243,false,פודינג בטעם וניל מיממונס 320 גרם,,IL,פודינג בטעם וניל 320,גרמים,320.00,100 גרם,false,,12.90,4.0313,true,1,203172
7290013146274,false,מארז תחתיות מרנג 8 יחידות 100 גרם,סטולורגן - פארק תעשיה בל,IE,מארז 8 יח' תחתיות מר,גרמים,100.00,100 גרם,false,,19.90,19.9000,true,1,145294
7290013146304,false,קורנפלור מימונס 500 גרם,א.ל ייצור ושיווק תבלינים,IL,מימונס קורנפלור 500,גרמים,500.00,100 גרם,false,,6.90,1.3800,true,1,145297
7290013146403,false,סירופ בטעם קרמל מלוח מימונס 500 גרם,א.ל ייצור ושיווק תבלינים,IL,סירופ בטעם קרמל מלוח,גרמים,500.00,100 גרם,false,,16.90,3.3800,true,1,145307
7290013146663,false,אטריות צבעוניות לקישוט מימונס 55 גרם,"מימונס אפיה בע""מ",IL,אטריות צבעוניות לקיש,Unknown,0.00,יחידה,false,,11.90,0.0000,true,1,156444
7290013146724,false,אבקת אייס קפה 350 גרם מימונס,מימונס אפייה,IL,מימונס אייס קפה 350,גרמים,350.00,100 גרם,false,,19.90,5.6857,true,1,185811
7290013146854,false,קוקוס לבן טחון מימונס 400 ג',א.ל ייצור ושיווק תבלינים,IL,מיימונס קוקוס לבן טח,גרמים,400.00,100 גרם,false,,15.90,3.9750,true,1,145310
7290013153395,false,פריגת סחוט טרי רימונים 1ליטר,פריגת מצוננים,IL,פריגת סחוט רימונים,קילוגרמים,1.00,ליטר,false,,24.90,24.9000,true,1,117852
7290013153418,false,פריגת סחוט לימונענע 1 ליטר,פריגת מצוננים,IL,סחוט לימונענע,,1000.00,100 מל,false,,19.90,0.0199,true,1,117854
7290013187215,false,מנות פילה סלמון נורבגי 800 גר,,NO,פילה דג סלמון מנות,גרמים,800.00,100 גרם,false,,89.90,11.2375,true,1,181827
7290013187765,false,ברוקולי טבעפרוסט 800 גר,,,טבעפרוסט ברוקלי 800,גרמים,800.00,100 גרם,false,,12.90,1.6125,true,1,137109
7290013220318,false,חמוציות קפואות 400 גרם,א.צלוביץ,PL,חמוצית גן 400 גרם,גרמים,400.00,100 גרם,false,,24.90,6.2250,true,1,165426
7290013221001,false,אננס חתוך קפוא 500 גרם,א.מ שרון,PL,אננס 500 גרם,גרמים,500.00,100 גרם,false,,24.90,4.9800,true,1,165431
7290013221018,false,מנגו חתוך קפוא 500 גרם,א.צלוביץ,PL,מנגו 500 גרם,גרמים,500.00,100 גרם,false,,24.90,4.9800,true,1,165432
7290013221100,false,מיקס שייק מנגו אננס פיטאיה 500 גרם,א.מ.שרון,PL,מיקס שייק מנגו אננס,גרמים,500.00,100 גרם,false,,24.90,4.9800,true,1,171183
7290013267665,false,סולרו מיני קלאסי - פירות טרופיים (חלבי),"מיוצר ע""\י גלידת שטראוס",IL,מאגדת סולרו מיני טרו,,5.00,יחידו,false,,22.90,4.5800,true,1,135352
7290013269645,false,ריצפז פרש מטליות לחות לריצפה בניחוח מאסק 10 יחידות,סנו מפעלי ברונוס בעמ,IL,ריצפז פרש מטליות רצפ,Unknown,10.00,יחידה,false,,13.90,1.3900,true,1,177204
7290013269669,false,ריצפז בניחוח פנטזיה לניקוי הרצפה,"סנו מפעלי ברונוס בע""",IL,ריצפז פנטזיה 3ל,קילוגרמים,3.00,ליטר,false,,13.90,4.6333,true,1,111016
7290013269942,false,"סנו K מעופפים פירטרום 400 מ""ל",מיוצר עי קונדיטוריית,IL,מעופפים K-פירטרום,מיליליטרים,400.00,"100 מ""ל",false,,22.90,5.7250,true,1,117498
7290013276124,false,"בקבוק בירה נגב אמבר אייל 330 מ""ל",הכרם משקאות חריפים בעמ,IL,בירה נגב אמבר אייל,מיליליטרים,330.00,"100 מ""ל",false,,13.90,4.2121,true,1,112738
7290013284310,false,רוטב פסטה לילדים פריניר 240 גרם,פריניר ( הדס 1987) ב,IL,פריניר רוטב פסטה ליל,Unknown,0.00,יחידה,false,,5.50,0.0000,true,1,154338
7290013284662,false,רוטב פיצה פיתה לילדים 240 ג' פריניר,פריניר ( הדס 1987) ב,IL,פריניר רוטב פיצה-פית,Unknown,0.00,יחידה,false,,5.50,0.0000,true,1,154339
7290013310064,false,חוט דנטלי בטעם מנטה מצופה שעווה,הוסטס Hostess,CN,חוט דינטאלי רפואי עם,Unknown,0.00,יחידה,false,,6.90,0.0000,true,1,163375
7290013310262,false,כפית ארוכה רגישה לחום4יח,LTD E.L.CO,CN,כפיות ארוכות נובי רב,Unknown,4.00,יחידה,false,,29.90,7.4750,true,1,163468
7290013310279,false,כפית ארוכה וצבעונית נובי,נובי Nuby,CN,נובי כפית ארוכה וצבע,Unknown,3.00,יחידה,false,,24.90,8.3000,true,1,163469
7290013310637,false,נובי5523-מברשת ניצמדת לניקוי פטמות ובקבוקים,נובי Nuby,CN,נובי מברשת ניצמדת לנ,Unknown,1.00,יחידה,false,,39.90,39.9000,true,1,163482
7290013310712,false,כוס אימון עם מכסה מתהפך וידיות רכות טוליפס קידס,טוליפס Tulips,,כוס אימון מצוירת עם,Unknown,0.00,יחידה,false,,16.90,0.0000,true,1,163443
7290013358356,false,מאסטר שף - פירורי לחם מוזהבים 320 גרם,מנה י.א בעמ,IL,מאסטר שף פירורי לחם,גרמים,350.00,100 גרם,false,,6.90,1.9714,true,1,128171
7290013358363,false,מאסטר שף פרורי לחם פנקו עבים בסגנון יפני 300 גר,קריניציה ויטמינה אס,IL,מאסטר שף פירורי לחם,גרמים,300.00,100 גרם,false,,9.90,3.3000,true,1,128172
7290013358417,false,מאסטר שף אסייאתי רוטב טריאקי 300 מל כשלפ,קריניציה ויטמינה אס,TH,מאסטר שף אסייאתי רוט,מיליליטרים,300.00,"100 מ""ל",false,,13.90,4.6333,true,1,128176
7290013358431,false,מאסטר שף קרוטונים לסלט עגבניות ובזיליקום,עינת תעשיות מזון אגו,IL,מאסטר שף קרוטונים לס,גרמים,200.00,100 גרם,false,,11.90,5.9500,true,1,128178
7290013358448,false,"קרוטונים לסלט אקסטרה ארוכים בתיבול שום, בצל ופטרוזיליה",עינת תעשיות מזון אגו,IL,מאסטר שף קרוטונים לס,גרמים,200.00,100 גרם,false,,11.90,5.9500,true,1,128179
7290013358462,false,"מיני קרוטונים למרק בתיבול שום, בצל ופטרוזיליה","עינת תעשיות מזון, אגשח ב",IL,מאסטר שף מיני קרוטונ,גרמים,350.00,100 גרם,false,,18.90,5.4000,true,1,128180
7290013358486,false,מאסטר שף פירורים מוזהבים ללא צורך בביצה 300 ג,"מיוצר ע""י מנה י.א בע",IL,מאסטר שף פירורי לחם,גרמים,300.00,100 גרם,false,,6.90,2.3000,true,1,173400
7290013358493,false,מנה אסייאתי קרם קוקוס פחית 400 מל מ.שף,תאי קוקונט פבליק קומפני,TH,מנה אסייאתי קרם קוקו,מיליליטרים,400.00,"100 מ""ל",false,,9.90,2.4750,true,1,128182
7290013358509,false,"מיקסלט גרעינים, קטניות ואגוזים",בטר אנד דיפרנט,IL,מאסטר שף מיקסלט 200,גרמים,200.00,100 גרם,false,,15.90,7.9500,true,1,128183
7290013358516,false,"מיקסלט חמוציות, גרעינים, קטניות ואגוזים",המאפיה של הרמן,IL,מאסטר שף מיקסלט עם ח,גרמים,200.00,100 גרם,false,,15.90,7.9500,true,1,128184
7290013358530,false,מאסטר שף אסייאתי רוטב צ'ילי מתוק 700 מל כשלפ,קריניציה ויטמינה אס,TH,מאסטר שף אסייאתי רוט,מיליליטרים,700.00,"100 מ""ל",false,,14.90,2.1286,true,1,128186
7290013358547,false,מאסטר שף אסייאתי רוטב צ'ילי חריף 700 מל,קי.אר.אס. ספייסי פוד,TH,מאסטר שף אסייאתי רוט,מיליליטרים,700.00,"100 מ""ל",false,,14.90,2.1286,true,1,128187
7290013358578,false,מנה אסייאתי אטריות אורז רחבות 400 ג מ.שף,ליינג טונג רייספלוור,TH,מאסטר שף אסייאתי אטר,גרמים,400.00,100 גרם,false,,10.90,2.7250,true,1,128188
7290013358585,false,מנה אסייאתי נודלס ביצים להקפצה 400 מ.שף,הנסיך- מפעל לייצור ט,CN,מאסטר שף אסייאתי נוד,גרמים,400.00,100 גרם,false,,10.90,2.7250,true,1,128189
7290013358806,false,מנה מאגדת פריכיות אורז עם מלח 264 גרם,מנה Mana,IL,מנה מאגדת פריכיות עם,גרמים,264.00,100 גרם,false,,13.90,5.2652,true,1,128190
7290013358837,false,מנה מאגדת פריכיות אורז ללא מלח 264 גרם,מנה,,מנה מאגדת פריכיות לל,גרמים,264.00,100 גרם,false,,13.90,5.2652,true,1,128191
7290013361486,false,"פרי הגליל תירס 3 ק""ג",,,"פרי הגליל תירס 3 ק""ג",פריט,3.00,"ק""ג",false,,24.90,8.3000,true,1,134778
7290013361981,false,"צ'יפס קפוא חתוך פרי הגליל 2 ק""ג","פרי הגליל בע""""מ",IL,פרי הגליל ציפס קייטר,Unknown,2.00,יחידה,false,,24.90,12.4500,true,1,134782
7290013382382,false,קומקום נירוסטה נשלף,,,קומקום נירוסטה נשלף,Unknown,0.00,יחידה,false,,69.90,0.0000,true,1,184551
7290013382887,false,"מנגל חשמלי ""פלטיניום",,,"מנגל חשמלי ""פלטיניום",Unknown,0.00,יחידה,false,,99.90,0.0000,true,1,202186
7290013382955,false,טוסטר לחיצה 4 פרוסות,,,טוסטר לחיצה 4 פרוסות,Unknown,0.00,יחידה,false,,159.90,0.0000,true,1,184580
7290013389114,false,ניוקי תפוח אדמה לה פסטה 500 גרם,לה פסטה La' Pasta,,פיקאטה ניוקי תפוא 50,גרמים,500.00,100 גרם,false,,8.20,1.6400,true,1,118669
7290013389138,false,"ניוקי 500 ג' ""לה פסטה"" שלושה צבעים 500 גר' 12X",Ciemme alimentari sr,,פיקאטה ניוקי שלושה צ,גרמים,500.00,100 גרם,false,,8.20,1.6400,true,1,118671
7290013389176,false,"חומץ בלסמי ממודנה מובחר 500 מ""ל",Matildica srl,,תומר חומץ בלסמי ממוד,מיליליטרים,500.00,"100 מ""ל",false,,19.90,3.9800,true,1,129894
7290013389381,false,"1 קֿֿֿֿ""ג 10X( פולנטה) קמח תירס",מולינו פילה,IL,תומר קמח תירס 1 קג,Unknown,0.00,יחידה,false,,9.90,0.0000,true,1,118677
7290013389398,false,"קמח תירס דק 1 ק""ג פולנטה",פיקטה piccata,,תומר קמח תירס דק 1 ק,Unknown,0.00,יחידה,false,,10.00,0.0000,true,1,118678
7290013389909,false,סרדין פילה מרוקאי חריף תומר 125 ג',,,תומר פילה סרדין חריף,גרמים,125.00,100 גרם,false,,7.10,5.6800,true,1,118687
7290013440648,false,מאגדת שלגוני אבטיח נסטלה 5 יחידות,גלידות נסטלה )נגה גלידות,IL,אבטיח קרחונים מאגדת,Unknown,920.00,יחידה,false,,21.90,0.0238,true,1,122132
7290013472892,false,בולגריה קוביות במי מלח - מרכיבי חלב ושומן צמחי,"קוליוס אס.איי, גריק",GR,בולגריה בקוביות 22%,גרמים,200.00,100 גרם,false,,10.90,5.4500,true,1,115595
7290013472908,false,הבולגריה בקוביות ויליפוד 400 גרם,וילי פוד,GR,הבולגריה בקוביות 23%,גרמים,400.00,100 גרם,false,,22.90,5.7250,true,1,115596
7290013492005,false,אמא אדמה תפוח אדמה למיקרו 700 גר',שרווין ווליאמס,IL,תפוח אדמה למיקרו 700,גרמים,500.00,100 גרם,false,,6.90,1.3800,true,1,138798
7290013493026,false,בירה בזלת חיטה 750 מל,יקב רמת הגולן,IL,"בזלת חיטה 750מ""ל",מיליליטרים,750.00,"100 מ""ל",false,,26.90,3.5867,true,1,112180
7290013531117,false,רוטב פסטה לילדים 240 גרם יכין,"זנלכל בע""\מ",IL,יכין רוטב פסטה לילדי,גרמים,260.00,100 גרם,false,,5.50,2.1154,true,1,118691
7290013531346,false,סירופ דיאט בטעם לימונענע יכין 1 ליטר,"זנלכל בע""\מ",IL,יכין סירופ דיאט לימו,קילוגרמים,1.00,ליטר,false,,16.90,16.9000,true,1,118692
7290013531377,false,תורמוס A2 יכין בית יוסף,היינץ צפון אמריקה מק,IL,תורמוס 265 גרם,גרמים,265.00,100 גרם,false,,9.90,3.7358,true,1,118694
7290013531490,false,שעועית לבנה אפויה יכין,זנלכל,IL,יכין פול מתובל שימור,גרמים,550.00,100 גרם,false,,9.90,1.8000,true,1,118695
7290013531582,false,מארז זיתים ירוקים מגולענים יכין 200 גרם,פרופר,IL,שלישיית זיתים חרוזית,גרמים,600.00,100 גרם,false,,14.90,2.4833,true,1,118696
7290013531612,false,רוטב לפסטה נפוליטנה יכין 240 גרם,זנלכל,IL,יכין רוטב נפוליטנה 2,גרמים,260.00,100 גרם,false,,5.50,2.1154,true,1,118697
7290013531629,false,רוטב לפסטה פומודורו 240 גרם יכין,היינץ צפון אמריקה מק,IL,יכין רוטב פומודורו פ,גרמים,260.00,100 גרם,false,,5.50,2.1154,true,1,118698
7290013531759,false,שעועית אפויה במים יכין 330 גרם,"זנלכל בע""\מ",IL,יכין שעועית אפויה במ,גרמים,330.00,100 גרם,false,,9.90,3.0000,true,1,118706
7290013581648,false,אל מטאדור מינוט סטייק 250 גרם בלדי,בלדי,IL,מינוט סטייק 250 גרם,גרמים,250.00,100 גרם,false,,19.90,7.9600,true,1,187247
7290013585240,false,ספרייט זירו בקבוק 1.,החברה המרכזית לייצור משקאות,IL,ספרייט זירו 1.5 ליטר,קילוגרמים,1.50,ליטר,false,,8.90,5.9333,true,1,137449
7290013585257,false,ספרייט זירו בבקבוק אישי,החברה המרכזית לייצור משקאות,IL,"ספרייט זירו 500 מ""ל",,500.00,100 מל,false,,7.00,0.0140,true,1,137450
7290013585387,false,קוקה קולה זירו בקבוק,החברה המרכזית לייצור משקאות,IL,קוקה-קולה זירו 1 ליט,קילוגרמים,1.00,ליטר,false,,6.90,6.9000,true,1,137458
7290013585394,false,קוקה קולה 1ליטר בודד,החברה המרכזית לייצור משקאות,IL,קוקה-קולה 1 ליטר,קילוגרמים,1.00,ליטר,false,,7.00,7.0000,true,1,137459
7290013608260,false,מיץ רימונים 100%מיץ סחוט טרי מצונן 1ליט,"גניר (1992) בע""מ",IL,פרימור מיץ מרוכז רימ,,1000.00,100 מל,false,,24.90,0.0249,true,1,139926
7290013608482,false,נקטר מנגו פרימור 1 ליטר,דיפלומט,IL,נקטר מנגו 1 ליטר .,קילוגרמים,1.00,ליטר,false,,8.90,8.9000,true,1,155774
7290013608635,false,משקה לימונים עם נענע פרימור 1 ליטר,סטאר סנקס,IL,נקטר לימון נענע 1 לי,קילוגרמים,1.00,ליטר,false,,8.90,8.9000,true,1,155785
7290013608673,false,נקטר תפוחי עץ פרימור 1 ליטר,סטאר סנקס,IL,משקה פרימור 1 ליטר ב,קילוגרמים,1.00,ליטר,false,,8.90,8.9000,true,1,155787
7290013652768,false,נטורל קר מסיכה לשיער יבש/צבוע/פגום- חינה ושמן ארגאן,פישר מעבדות פרמצבטיות,IL,נטורל קר מסכה לשיער,גרמים,400.00,100 גרם,false,,32.90,8.2250,true,1,136902
7290013652782,false,ד.פ.נטורל קר קרם לחות לשיער מתולתל,פישר מעבדות פרמצבטיות,IL,נטורל קר לחות לשיער,מיליליטרים,400.00,"100 מ""ל",false,,23.40,5.8500,true,1,136904
7290013652799,false,נטורל קר קרם לחות לשיער רגיל/יבש- ורדים וחלב רימונים,פישר מעבדות פרמצבטיות בע,IL,נטורל קר לחות לשיער,מיליליטרים,400.00,"100 מ""ל",false,,23.40,5.8500,true,1,136905
7290013652843,false,נטורל קר שמפו לשיער רגיל- ורדים וחלב רימונים,פישר מעבדות פרמצבטיות,IL,נטורל קר שמפו ורדים,מיליליטרים,700.00,"100 מ""ל",false,,22.00,3.1429,true,1,110607
7290013652850,false,שמפו נטורל קר לשיער יבש ופגום חינה ושמן ארגאן,"ד""ר פישר Dr fischer",IL,נטורל קר שמפו חינה ו,מיליליטרים,700.00,"100 מ""ל",false,,22.00,3.1429,true,1,110556
7290013652881,false,מרכך נטורל קר לשיער יבש ופגום חינה ושמן ארגאן,"ד""ר פישר Dr fischer",IL,נטורל קר מרכך שער יב,מיליליטרים,700.00,"100 מ""ל",false,,22.00,3.1429,true,1,110559
7290013652935,false,נטורל קר שמפו לשיער רגיל- יסמין ופרחי מגנוליה,"ד""ר פישר Dr fischer",IL,נטורל קר שמפו לשיער,מיליליטרים,700.00,"100 מ""ל",false,,22.00,3.1429,true,1,110561
7290013677426,false,תן צ'אפ גלגלים צ'ילי מיה 50 גרם,מיה תעשיות מזון,IL,תן צ'אפ גלגלים צ'ילי,Unknown,0.00,יחידה,false,,3.90,0.0000,true,1,135046
7290013724939,false,משוקלדים חמוציות מריר 140 גר' קופסא,"דין שיווק וקלייה בע""",IL,חמוציות בציפוי שוקל,גרמים,140.00,100 גרם,false,,11.90,8.5000,true,1,134374
7290013724977,false,צימוקים בשוקולד מריר 140 גר שקדיה,"דין שיווק וקלייה בע""",IL,שקדיה צימוקים בשוקול,גרמים,140.00,100 גרם,false,,9.90,7.0714,true,1,134377
7290013725707,false,"שמן שומשום סו שף 150 מ""ל","דין שיווק וקלייה בע""",CN,סו שף שמן שומשום 150,,150.00,100 מל,false,,15.10,0.1007,true,1,134382
7290013755094,false,"יין יין לבן גוורצטרמינר בן דוד 750 מ""ל",,,יקב בן דוד אנה גוורצ,מיליליטרים,750.00,"100 מ""ל",false,,69.90,9.3200,true,1,199493
7290013771216,false,פטאקי 16% גבינות השומרון,מיוצר עי קונדיטוריית,IL,שומרון גבינת פטה יוו,גרמים,250.00,100 גרם,false,,13.90,5.5600,true,1,135133
7290013771384,false,יוגורט יווני השומרון,מיוצר עי קונדיטוריית,IL,יוגורט יווני 400 גרם,גרמים,400.00,100 גרם,false,,10.90,2.7250,true,1,135134
7290013847102,false,נתחי טונה בהירה בשמן - מארז שלישיה,סטארקיסט Starkist,TR,סטארקיסט שלישיות טונ,גרמים,168.00,100 גרם,false,,13.90,8.2738,true,1,205257
7290013847454,false,טונה סטארקיסט שמן קנולה רביעיות 4*160 גר,"טונה ויאטנם קו,. אל.טי.ד",VN,סטארקיסט רביעיות טונ,גרמים,448.00,100 גרם,false,,25.90,5.7812,true,1,140736
7290013847645,false,סטארקיסט טונה בשמן זית 80 גר' שלישיות - בית,סטארקיסט Starkist,TR,סטארקיסט שלישיות טונ,גרמים,168.00,100 גרם,false,,19.90,11.8452,true,1,140742
7290013847812,false,נתחי טונה בהירה בשמן זית כתית מעולה Yellowfin,סטארקיסט Starkist,IL,סטארקיסט טונה בשמן ז,גרמים,140.00,100 גרם,false,,9.90,7.0714,true,1,140749
7290013861740,false,ניוקי תפוחי אדמה סו שף 500 ג',קרלו אם.אל.,IT,סו שף ניוקי תפוחי א,גרמים,500.00,100 גרם,false,,7.00,1.4000,true,1,134395
7290013906205,false,פסטרמה עם שום וצילי טירת צבי 400 ג',הנסיך- מפעל לייצור ט,IL,טירת צבי פסטרמה שום,גרמים,400.00,100 גרם,false,,29.90,7.4750,true,1,114293
7290013906212,false,"נקנקיות וינר טירת 1 ק""ג טירת צבי",הנסיך- מפעל לייצור ט,IL,טירת צבי נקניקיות וי,Unknown,0.00,יחידה,false,,30.00,0.0000,true,1,114294
7290013906441,false,קבנוס טירת צבי 120 גרם,הנסיך- מפעל לייצור ט,IL,טירת צבי קבנוס 120 ג,גרמים,120.00,100 גרם,false,,10.90,9.0833,true,1,114296
7290013906458,false,קבנוס בטעם פיקנטי טירת צבי 120 גרם,הנסיך- מפעל לייצור ט,IL,טירת צבי קבנוס פיקנט,גרמים,120.00,100 גרם,false,,10.90,9.0833,true,1,114297
7290013906489,false,חטיפי מיני קבנוס טירת צבי 120 גרם,הנסיך- מפעל לייצור ט,IL,טירת צבי חטיפי מיני,גרמים,120.00,100 גרם,false,,10.90,9.0833,true,1,114298
7290013906687,false,פסט' צמד כפרית ברביקיו ודבש 300X2ג' טירת צבי,הנסיך- מפעל לייצור ט,IL,טירת צבי צמד כפרית ב,גרמים,600.00,100 גרם,false,,29.90,4.9833,true,1,114300
7290013906694,false,נקניקיות שקית קילו וחצי טירת צבי,הנסיך- מפעל לייצור ט,IL,טירת צבי נקניקיות עו,פריט,1.50,"ק""ג",false,,25.90,17.2667,true,1,192206
7290013927002,false,עוגיות דיקליות בטעם שוקו אחווה 400 ג',אחדות,IL,דקליות שוקו במגש 400,גרמים,400.00,100 גרם,false,,9.90,2.4750,true,1,137657
7290013927033,false,עוגיות מעמול במילוי תמרים ואגוזים אחווה 600 ג',אחוה,IL,מעמול במגש 600 גר,גרמים,600.00,100 גרם,false,,9.90,1.6500,true,1,137660
7290013927040,false,עוגיות ממולאות שוקולד אחווה 600 גרם,אחוה,IL,אחדות עוגיות ממולאות,גרמים,600.00,100 גרם,false,,9.90,1.6500,true,1,137661
7290013927057,false,א. עוגיות שוקולד צ'יפס במגש 400 גר',אחוה,IL,עוגיות שוקולד ציפס 4,גרמים,400.00,100 גרם,false,,9.90,2.4750,true,1,137662
7290013927064,false,א. עוגיות גרנולה עם פירות יער 400 ג'-אחווה,"אחדות ביח""ר לטחינה",IL,אחדות עוגיות גרנולה,גרמים,400.00,100 גרם,false,,9.90,2.4750,true,1,137663
7290013927200,false,עוגת שוקולד צ'יפס עשירה אחווה 400ג',אחדות ביחר לטחינה חל,IL,עוגת שוקולד ציפס עשי,גרמים,400.00,100 גרם,false,,12.90,3.2250,true,1,137669
7290013927637,false,חלוה ללא תוספת סוכר במגש 400 גר' אחוה,אחדות ביחר לטחינה חל,IL,אחווה חלווה ללא סוכר,גרמים,400.00,100 גרם,false,,12.90,3.2250,true,1,137688
7290013927804,false,"טחינה משומשום מלא 1 ק""ג אחוה",אחדות ביחר לטחינה חל,IL,אחדות טחינה משומשום,פריט,1.00,"ק""ג",false,,21.90,21.9000,true,1,137691
7290013927996,false,עוגת שמרים קרנץ בטעם שוקולד אחוה 400 גרם,אחדות ביחר לטחינה חל,IL,עוגת שמרים קרנץ בטעם,גרמים,400.00,100 גרם,false,,11.90,2.9750,true,1,159653
7290014002197,false,חליטת קמומיל ולימונית הגן הקסום ויסוצקי 25 יחידות,תה ויסוצקי,IL,ויסוצקי חליטת קמומיל,Unknown,25.00,יחידה,false,,17.90,0.7160,true,1,129648
7290014002203,false,חליטת לימונית ולואיזה הגן הקסום ויסוצקי 25 יחידות,תה ויסוצקי,IL,ויסוצקי חליטת לימוני,Unknown,0.00,יחידה,false,,17.90,0.0000,true,1,129649
7290014002579,false,תה ירוק וניל ויסוצקי 25 יחידות,ויסוצקי ירוק,IL,ויסוצקי תה ירוק וני,Unknown,25.00,יחידה,false,,24.90,0.9960,true,1,129651
7290014002944,false,גן קסום חליטת פירות וצמחים חמדת שקד 25 שקיקים,תה ויסוצקי,IL,גן קסום חליטת חמאת ש,Unknown,25.00,יחידה,false,,17.90,0.7160,true,1,129658
7290014002982,false,תה ירוק לימונית ולואיזה ויסוצקי 25 יחידות תוספת סטיביה,ויסוצקי ירוק,IL,ויסוצקי תה ירוק לימו,Unknown,25.00,יחידה,false,,24.90,0.9960,true,1,129659
7290014016439,false,בורקס גבינה ללא חיטה500ג,,,בורקס גבינה 500 גרם,גרמים,500.00,100 גרם,false,,24.90,4.9800,true,1,185913
7290014027213,false,"ערק ג'בלנא 40% אלכוהול 700 מ""ל",משקאות ג'בלנא,IL,"ערק ג'בלנא 700 מ""ל",Unknown,0.00,יחידה,false,,55.90,0.0000,true,1,112010
7290014043701,false,קרם רב שימושי רימוני,,,קרם רב שימושי רימוני,Unknown,0.00,יחידה,false,,6.90,0.0000,true,1,183520
7290014043794,false,הלת אנד ביוטי קרם רגליים נגד סדקים,General,IL,קרם רגליים נגד סדקים,Unknown,0.00,יחידה,false,,6.90,0.0000,true,1,183519
7290014043961,false,הלת אנד ביוטי קרם לילה אינטנסיבי קולגן,General,IL,קרם לילה אינטנסיבי ק,Unknown,0.00,יחידה,false,,20.00,0.0000,true,1,183484
7290014046016,false,פסטרמה של פעם דל שומן 2% רכיבים טבעיים,מעדני יחיעם,IL,יחיעם פסטרמה הודו 10,Unknown,0.00,יחידה,false,,25.90,0.0000,true,1,121847
7290014046047,false,צמד פסטרמות יחיעם 600 גרם,מעדני יחיעם 1993,IL,יחיעם צמד פסטרמה 600,גרמים,600.00,100 גרם,false,,29.90,4.9833,true,1,121850
7290014046474,false,"נקניקיות עוף יחיעם 1.5 ק""ג",מעדני יחיעם,IL,יחיעם נקניקיות עוף 1,פריט,1.50,"ק""ג",false,,29.90,19.9333,true,1,121853
7290014046580,false,"פסטרמה מעודנת על האש 300 גרם ""יחיעם""",מעדני יחיעם 1993,IL,פסטרמה מעודנת על גחל,גרמים,300.00,100 גרם,false,,25.90,8.6333,true,1,121859
7290014046757,false,סלמי תה מעדני יחיעם,מעדני יחיעם,IL,יחיעם סלמי תה 300 גר,גרמים,300.00,100 גרם,false,,25.90,8.6333,true,1,121860
7290014059085,false,"משחת שיניים סנסודיין 75 מ""ל פרימיום לשיקום והגנה","סמית קליין ביצ'ם בע""",GB,סנסודיין משחה לשיקום,מיליליטרים,75.00,"100 מ""ל",false,,24.90,33.2000,true,1,133387
7290014059436,false,"משחת שיניים סנסודיין 75 מ""ל פרימיום לשיקום והגנה מלבינה 75 מ""ל","סמית קליין ביצ'ם בע""",GB,סנסודיין משחת לשיקום,מיליליטרים,75.00,"100 מ""ל",false,,24.90,33.2000,true,1,111171
7290014066359,false,לנדוור-קפסולות אספרסו בלנסד(06) - 10יח'12X יח,"קפה לנדוור בע""\מ",IL,לנדוור קפסולות אספרס,Unknown,0.00,יחידה,false,,17.90,0.0000,true,1,158923
7290014079540,false,שיני שום קלופות יחידה,"מרינה פטריות הגליל בע""מ",IL,"שיני שום קלופות 1 ק""",Unknown,0.00,יחידה,false,,39.90,0.0000,true,1,196611
7290014083806,false,עוגיות בטעם חמאה 350 גרם בפח,וילי פוד,PT,וילי פוד עוגיות בטעם,גרמים,350.00,100 גרם,false,,11.90,3.4000,true,1,115607
7290014083813,false,שפרוטים מעושנים בשמן מריגה 190 גר',הנסיך- מפעל לייצור ט,LV,וילי פוד מריגה שפרוט,גרמים,190.00,100 גרם,false,,8.90,4.6842,true,1,115608
7290014089099,false,זעתר בעציץ יחידה,פרח הארץ,IL,זעתר בעציץ,Unknown,0.00,יחידה,false,,8.90,0.0000,true,1,160545
7290014089433,false,גרניום בעציץ יחידה,פרח הארץ,IL,גרניום בעציץ,Unknown,0.00,יחידה,false,,9.90,0.0000,true,1,201594
7290014089440,false,ציניה בעציץ,,,ציניה בעציץ,Unknown,0.00,יחידה,false,,8.90,0.0000,true,1,160569
7290014089457,false,טוריניה בעציץ,,,טוריניה בעציץ,Unknown,0.00,יחידה,false,,8.90,0.0000,true,1,160570
7290014089570,false,אמנון ותמר בעציץ יחידה,פרח הארץ,IL,אמנון ותמר בעציץ,Unknown,0.00,יחידה,false,,9.90,0.0000,true,1,160578
7290014094864,false,פיסטוק קלוי 170 גר עם קליפה ששון הקולה,"דין שיווק וקלייה בע""",IL,ששון הקולה פיסטוק 17,גרמים,170.00,100 גרם,false,,18.90,11.1176,true,1,134424
7290014094895,false,אגוזים קלופים בשקית ששון הקולה 150 גרם,"שקדיה גבע תעשיות בע""",IL,שקדיה אגוזים קלופים,גרמים,150.00,100 גרם,false,,9.90,6.6000,true,1,134425
7290014095861,false,שיבולת שועל דקה בשקית שקדיה 500 גרם,"דין שיווק וקלייה בע""",IL,קוואקר שיבולת שועל ד,גרמים,500.00,100 גרם,false,,6.90,1.3800,true,1,134431
7290014095960,false,שיבולת שועל עבה בשקית שקדיה 500 גרם,"דין שיווק וקלייה בע""",IL,קוואקר שיבולת שועל ע,גרמים,500.00,100 גרם,false,,6.90,1.3800,true,1,134434
7290014126428,false,מרמולייט סטיביה ממתיק 150 טבליות,מיוצר עי קונדיטוריית,CN,מרמולייט סטיביה 150,Unknown,150.00,יחידה,false,,27.90,0.1860,true,1,138164
7290014204003,false,"שמפו לשיער צבוע 750 מ""ל פנינה רוזנבלום",פנינה רוזנבלום,IL,פנינה שמפו צבוע 750,מיליליטרים,750.00,"100 מ""ל",false,,12.90,1.7200,true,1,135187
7290014204027,false,"שמפו לשיער חפיפה יומיומית 750 מ""ל פנינה רוזנבלום",פנינה רוזנבלום,IL,פנינה שמפו יומי 750,מיליליטרים,750.00,"100 מ""ל",false,,12.90,1.7200,true,1,111198
7290014204034,false,"מרכך יומי 750 מ""ל פנינה רוזנבלום",פנינה רוזנבלום,IL,"מרכך יומי 750 מ""ל",מיליליטרים,750.00,"100 מ""ל",false,,12.90,1.7200,true,1,111199
7290014204560,false,"פנינהרוזנבלום- סבון נוזלי לידיים שלישיה,3*500 מ""ל",פ.רוזנבלום כללי,IL,פנינה סבון נוזלי 3*5,Unknown,3.00,יחידה,false,,13.90,4.6333,true,1,135190
7290014204614,false,גרנולה שוק.מריר+לבן400גר,אפקט טבעי,IL,פנינה רוזנבלם גרנולה,גרמים,500.00,100 גרם,false,,26.90,5.3800,true,1,135191
7290014204638,false,"מרכך קרטין לאחר החלקה 750 מ""ל פנינה רוזנבלום",פנינה רוזנבלום PR,IL,פנינה רוזנבלום מרכך,מיליליטרים,750.00,"100 מ""ל",false,,26.90,3.5867,true,1,135192
7290014204645,false,"שמפו קרטין לאחר החלקה 750 מ""ל פנינה רוזנבלום",פנינה רוזנבלום PR,IL,שמפו לאחר החלקה 750,מיליליטרים,750.00,"100 מ""ל",false,,26.90,3.5867,true,1,135193
7290014204683,false,"פנינה רוזנבלום- סבון נוזלי משאבה סגול,1 ליטר",פנינה רוזנבלום,IL,פנינה סבון נוזלי משא,מיליליטרים,1000.00,"100 מ""ל",false,,10.90,1.0900,true,1,135194
7290014204706,false,סבון משאבה קורל 1 ליטר פנינה רוזנבלום,פנינה רוזנבלום,IL,פנינה סבון נוזלי משא,קילוגרמים,1.00,ליטר,false,,10.90,10.9000,true,1,135196
7290014204713,false,"תרסיס גוף מס' 2 250 מ""ל פנינה רוזנבלום",פנינה רוזנבלום,IL,"תרסיס גוף 250 מ""ל",מיליליטרים,250.00,"100 מ""ל",false,,25.90,10.3600,true,1,135197
7290014204768,false,"פנינה תרסיס גוף 250 מ""ל",,,"תרסיס פנינה 250 מ""ל",מיליליטרים,250.00,"100 מ""ל",false,,25.90,10.3600,true,1,135198
7290014218321,false,בורקס אישי יפו גבינה מעדנות 600 גרם,מיוצר עי קונדיטוריית,IL,מעדנות בורקס אישי גב,גרמים,600.00,100 גרם,false,,17.90,2.9833,true,1,114310
7290014218338,false,"בורקס אישי יפו תפו""א מעדנות 600 גרם",מיוצר עי קונדיטוריית,IL,מעדנות בורקס אישי תפ,גרמים,600.00,100 גרם,false,,17.90,2.9833,true,1,114311
7290014218505,false,"שלישיית פיצות בד""ץ מעדנות 3*360 גרם","מעדנות בע""\מ",IL,פיצה מעדנות שלישייה,,1.08,קג,false,,29.90,27.6852,true,1,159166
7290014218536,false,בצק עלים מרודד מופחת שומן מעדנות 1 קג,תנובה מעדנות,IL,מעדנות בצק עלים מופח,גרמים,1000.00,100 גרם,false,,18.90,1.8900,true,1,114317
7290014218932,false,חטיפי פיצה בתוספ זיתים בשקית מעדנות 710 גרם,מיוצר עי קונדיטוריית,IL,חטיפי פיצה עם 100% ג,גרמים,710.00,100 גרם,false,,29.90,4.2113,true,1,114336
7290014256637,false,"יין מבעבע מוסקטו באזז יקבי כרמל 750 מ""ל",יקבי כרמל Carmel Winery,IL,"באז מוסקטו 750 מ""ל",מיליליטרים,750.00,"100 מ""ל",false,,24.90,3.3200,true,1,112281
7290014265608,false,"נחל יתיר 15 750 מ""ל",,,"נחל יתיר 15 750 מ""ל",מיליליטרים,750.00,"100 מ""ל",false,,139.90,18.6533,true,1,112286
7290014298217,false,בקבוק 620 פתיחת לחיצה,,,בקבוק שתייה קטן,Unknown,0.00,יחידה,false,,24.90,0.0000,true,1,172066
7290014318090,false,מיני ניוקי ללא גלוטן 500 גרם,VINCI,IT,מיני ניוקי ללא גלוטן,גרמים,500.00,100 גרם,false,,16.90,3.3800,true,1,146295
7290014318151,false,ממרח ארטישוק 212 ג' (12),,,ממרח ארטישוק 212 גרם,גרמים,212.00,100 גרם,false,,27.90,13.1604,true,1,146300
7290014318588,false,טחינה אתיופית מלאה 380 גרם,,,טחינה אתיופית מלאה 3,גרמים,380.00,100 גרם,false,,24.90,6.5526,true,1,146330
7290014318885,false,"מיץ תפוחים ואוכמניות בחולות אורגני 750 מ""ל",,IT,מיץ תפוחים ואוכמניות,מיליליטרים,750.00,"100 מ""ל",false,,22.90,3.0533,true,1,175769
7290014353411,false,חליפות/פיגמות ילדים,,,חליפות/פיגמות ילדים,Unknown,0.00,יחידה,false,,14.90,0.0000,true,1,149148
7290014397170,false,"פרש מיכל מילוי אוטומטיק סופט בלאנס 250 מ""ל סנו",מיוצר עי קונדיטוריית,IL,סנו פרש מיכל מילוי ב,מיליליטרים,250.00,"100 מ""ל",false,,15.90,6.3600,true,1,117534
7290014397200,false,שלשיית מברשות שיניים אורביטול פרמיום,אורביטול Orbitol,CN,אורביטול מברשות שיני,Unknown,3.00,יחידה,false,,13.90,4.6333,true,1,177230
7290014426061,false,משחת שיניים הלו קיטי בטעם ענבים לגיל 2-6,כצט נוביס,IL,הלו קיטי משחת שיניים,מיליליטרים,50.00,"100 מ""ל",false,,11.90,23.8000,true,1,133389
7290014452732,false,שואב אבק ציקלון 1600,,,שואב אבק ציקלון 1600,Unknown,0.00,יחידה,false,,199.90,0.0000,true,1,169417
7290014455245,false,גבינה גרנה פדנו משולש גד 200 גר',מחלבת סוציאלה מנטובה,IT,גרנה פדנו משולש 200,גרמים,200.00,100 גרם,false,,26.90,13.4500,true,1,146678
7290014455252,false,גבינה קשה מגורדת גרנה פדנו 29% שומן,מחלבות גד שיווק 1992,IT,גרנה פדנו מגורד 100ג,Unknown,0.00,יחידה,false,,12.90,0.0000,true,1,146679
7290014455320,false,גבינה כדורי מוצרלה פרסקה גד 100ג',מחלבות גד בעמ,IL,כדור מוצרלה פרסקה 10,גרמים,100.00,100 גרם,false,,10.90,10.9000,true,1,146682
7290014455467,false,ירח מתוק מעדן חלב 2% ושיבולת שועל גד 150ג',גבינות מדף,IL,מעדן שיבולת שועל וחל,גרמים,150.00,100 גרם,false,,6.90,4.6000,true,1,146683
7290014459137,false,"תפוגן סטייק צ'יפס 1.5 ק""ג אסם","תעשיות תפוגן בע""\מ",IL,תפוגן סטייק צ'יפס 8*,,1.50,קג,false,,24.90,16.6000,true,1,126842
7290014459373,false,"צ'יפס קראנצ'י לתנור קפוא תפוגן 1.5ק""ג","תעשיות תפוגן בע""\מ",IL,תפוגן צ'יפס קראנצ'י,פריט,1.50,"ק""ג",false,,25.90,17.2667,true,1,126844
7290014466128,false,"יין הר חרמון אינדיגו 750 מ""ל",מיוצר וממולא על ידי יקב,IL,יקבי רמת הגולן הר חר,מיליליטרים,750.00,"100 מ""ל",false,,34.90,4.6533,true,1,113645
7290014466463,false,"יין הר חרמון מוסקטו 750 מ""ל",יקבי רמת הגולן קצרין,IL,הר חרמון מוסקטו 750,מיליליטרים,750.00,"100 מ""ל",false,,34.90,4.6533,true,1,113647
7290014471412,false,"מוזלי בוטנים אגוזים ושקדים 1 ק""ג - ירוק שקדיה","דין שיווק וקלייה בע""",IL,מוזלי בוטן אגוז 1 ק,גרמים,1000.00,100 גרם,false,,21.90,2.1900,true,1,134436
7290014471429,false,"מיזלי עם פירות 1 ק""ג - סגול שקדיה","דין שיווק וקלייה בע""",IL,מוזלי פירות 1 קג,גרמים,1000.00,100 גרם,false,,21.90,2.1900,true,1,134437
7290014471436,false,"מוזלי צימוקים תפוח קינמון וגרעיני חמניה 1 ק""ג כחול שקדיה","דין שיווק וקלייה בע""",IL,מוזלי על בסיס פתיתי,גרמים,1000.00,100 גרם,false,,21.90,2.1900,true,1,134438
7290014471443,false,"גרנולה צימוקים אגוזים ושקדים 1 ק""ג - כתום שקדיה","דין שיווק וקלייה בע""",IL,גרנולה אגוזים 1 קג,גרמים,1000.00,100 גרם,false,,21.90,2.1900,true,1,134439
7290014472525,false,תערובת מובחרת 250 גר פרימיום ששון הקולה,"דין שיווק וקלייה בע""",IL,ששון הקולה תערובת מו,גרמים,250.00,100 גרם,false,,19.90,7.9600,true,1,134458
7290014472990,false,ממרח 100% שקדים שקדיה 300 גרם,ג'\י אנד ג'\י פקאנס בעמ,IL,שקדיה ממרח 100% שקדי,גרמים,300.00,100 גרם,false,,35.90,11.9667,true,1,134459
7290014503144,false,יין כנען לבן דלתון 750 מל,"יקב דלתון בע""\מ",IL,כנען לבן דלתון 2015,Unknown,0.00,יחידה,false,,39.90,0.0000,true,1,112741
7290014518018,false,"קמח חיטה מלא 1 ק""ג",,,"קמח חיטה מלא 1 ק""ג",פריט,1.00,"ק""ג",false,,6.00,6.0000,true,1,153698
7290014525016,false,עשיריית חטיף סלים פרוט מרבה יוגורט תות סלים דליס 18.2 גרם,סלים דליס Slim Delis,ES,סלים פרוט ח.דגנים יו,גרמים,182.00,100 גרם,false,,9.90,5.4396,true,1,128195
7290014525023,false,חטיף בריאות יוגורט במילוי פירות יער 182ג,סלים דליס Slim Delis,ES,סלים פרוט ח.דגנים פי,גרמים,215.00,100 גרם,false,,10.90,5.0698,true,1,128196
7290014525290,false,חטיפי סלים דליס קריספי תות מרבה 125 גרם,סלים דליס Slim Delis,NL,סלים דליס קריספי תות,גרמים,125.00,100 גרם,false,,10.90,8.7200,true,1,128202
7290014525306,false,חטיפי סלים דליס קריספי אוכמניות מרבה 125 גרם,סלים דליס Slim Delis,NL,סלים דליס קריספי אוכ,גרמים,125.00,100 גרם,false,,10.90,8.7200,true,1,128203
7290014525313,false,חטיפי סלים דליס קריספי שוקולד מרבה 125 גרם,סלים דליס Slim Delis,NL,סלים דליס קריספי שוק,גרמים,125.00,100 גרם,false,,10.90,8.7200,true,1,128204
7290014525665,false,מרבה על חלל עוגיות קקאו וסוכריות שוק חלב 140 יח',"מרבה בע""\מ",NL,עוגיות קקאו עם סוכרי,גרמים,140.00,100 גרם,false,,10.90,7.7857,true,1,174676
7290014525672,false,מרבה על חלל עוגיות עם סוכריות שוקולד 140 יח',"מרבה בע""\מ",NL,עוגיות עם סוכריות שו,גרמים,140.00,100 גרם,false,,10.90,7.7857,true,1,174677
7290014534650,false,"פסטה ""לה פסטה"" 400 ג' צינור 400 ג'",מוטלו,TR,לה פסטה צינור 400 ג,גרמים,400.00,100 גרם,false,,3.90,0.9750,true,1,118714
7290014534667,false,"פסטה ""לה פסטה"" 400 ג' קונכיה 400 ג'",מוטלו,TR,לה פסטה קונכיה 400 ג,גרמים,400.00,100 גרם,false,,3.90,0.9750,true,1,118715
7290014534681,false,"פסטה ""לה פסטה"" 400 ג' בורג 400 ג'",מוטלו,TR,לה פסטה בורג 400 ג,גרמים,400.00,100 גרם,false,,3.90,0.9750,true,1,201430
7290014534698,false,"פסטה ""לה פסטה"" 400 ג' תלתל 400 ג'",מוטלו,TR,לה פסטה תלתל 400 גרם,גרמים,400.00,100 גרם,false,,3.90,0.9750,true,1,201431
7290014534704,false,"פסטה ""לה פסטה"" 400 ג' אטריות מרק 400 ג'",מוטלו,TR,לה פסטה אטריות מרק 4,גרמים,400.00,100 גרם,false,,3.90,0.9750,true,1,201432
7290014562660,false,גרנולה עם שכבי קוקוס,,IL,גרנולה עם שכבי קוקוס,גרמים,400.00,100 גרם,false,,11.90,2.9750,true,1,156505
7290014648005,false,מסיר לק ללא אציטון לה בלה 250 מל,,,אציטון מסיר לק 250,מיליליטרים,250.00,"100 מ""ל",false,,12.00,4.8000,true,1,144737
7290014648050,false,שעוות דבש למיקרוגל לה בל 500 ג`,,,שעווה לה בילה למיקרו,גרמים,500.00,100 גרם,false,,15.00,3.0000,true,1,144740
7290014648074,false,שעווה לפנים,,,שעווה לפנים,Unknown,0.00,יחידה,false,,13.90,0.0000,true,1,159992
7290014648081,false,סכיני גילוח חד פעמי לה בלה עשירייה,נינגבי הווארד,CN,סכיני גילוח 10 יח נש,Unknown,1.00,יחידה,false,,10.00,10.0000,true,1,144742
7290014648098,false,סכיני גילוח חד פעמי לה בלה חמישיה,,,בסט סכיני גילוח 5 יח,Unknown,1.00,יחידה,false,,14.90,14.9000,true,1,144743
7290014648104,false,LA BELLE נייר שעווה,,,LA BELLE נייר שעווה,Unknown,10.00,יחידה,false,,5.90,0.5900,true,1,144744
7290014648159,false,קרם חמצן 6%,,,קרם חמצן 6%,מיליליטרים,250.00,"100 מ""ל",false,,5.00,2.0000,true,1,144746
7290014648432,false,PHARMA AID תחבושת אל,,,PHARMA AID תחבושת אל,Unknown,0.00,יחידה,false,,9.90,0.0000,true,1,144758
7290014648609,false,אטמי אוזניים צבעוניי,,,אטמי אוזניים צבעוניי,Unknown,0.00,יחידה,false,,19.90,0.0000,true,1,144762
7290014648630,false,מסרק כינים חירוץ כפו,,,PHARMA AID מסרק כיני,Unknown,0.00,יחידה,false,,17.90,0.0000,true,1,144765
7290014648906,false,מסיר לק מהציפורניים,אקטיב,IL,LA BELLE מסיר לק 100,מיליליטרים,250.00,"100 מ""ל",false,,5.90,2.3600,true,1,144779
7290014673007,false,תערובת עשבי תיבול בסגנון ים תיכוני מימון 40 גרם,א.ל ייצור ושיווק תבל,IL,תערובת עשבי תיבול בס,Unknown,0.00,יחידה,false,,10.90,0.0000,true,1,183894
7290014673021,false,פלפל שחור שלם תבליני מימון 100 גרם,א.ל ייצור ושיווק תבל,IL,תבליני מימון פלפל שח,גרמים,100.00,100 גרם,false,,13.90,13.9000,true,1,114454
7290014673052,false,תערובת תיבול לתפוחי אדמה מימון 120 גרם,א.ל ייצור ושיווק תבל,IL,תערובת תיבול לתפוחי,גרמים,120.00,100 גרם,false,,10.90,9.0833,true,1,183897
7290014673359,false,מלח לימון תבליני מימון 400 גרם,א.ל ייצור ושיווק תבל,IL,מלח לימון 400 גר,גרמים,400.00,100 גרם,false,,21.90,5.4750,true,1,114455
7290014673366,false,כורכום טחון תבליני מימון 250 גרם,א.ל ייצור ושיווק תבל,IL,מימון כורכום טחון 25,גרמים,250.00,100 גרם,false,,20.90,8.3600,true,1,114456
7290014673380,false,כמון טחון תבליני מימון 250 גרם,א.ל ייצור ושיווק תבל,IL,מימון כמון טחון 250,גרמים,250.00,100 גרם,false,,20.90,8.3600,true,1,114458
7290014673397,false,תיבול לגריל עוף תבליני מימון 250 גרם,א.ל ייצור ושיווק תבל,IL,מימון תיבול לגריל עו,גרמים,250.00,100 גרם,false,,20.90,8.3600,true,1,114459
7290014673403,false,פלפל שחור טחון תבליני מימון 250 גרם,א.ל ייצור ושיווק תבל,IL,מימון פלפל שחור טחון,גרמים,250.00,100 גרם,false,,27.90,11.1600,true,1,114460
7290014673410,false,פלפל שחור גרוס דק תבליני מימון 250 גרם,א.ל ייצור ושיווק תבלינים,IL,מימון פלפל שחור גרוס,גרמים,250.00,100 גרם,false,,27.90,11.1600,true,1,114461
7290014673434,false,פלפל שחור גרוס דק שקית תבליני מימון 80גרם,א.ל ייצור ושיווק תבל,,פלפל שחור גרוס דק שק,Unknown,0.00,יחידה,false,,8.90,0.0000,true,1,114462
7290014692299,false,גבינת ברי EURO CHEESE ויליפוד 125 גרם,יורו צ'יז Euro Cheese,DK,גבינת ברי 125גרם EUR,גרמים,125.00,100 גרם,false,,19.90,15.9200,true,1,173422
7290014692305,false,גבינת קממבר EURO CHEESE ויליפוד 125 גרם,הנסיך- מפעל לייצור ט,DK,גבינת קממבר 125גרם E,גרמים,125.00,100 גרם,false,,19.90,15.9200,true,1,115611
7290014692541,false,צהובה מגורדת גולדן 500 גרם ויליפוד,ג.וילי פוד אינטרנשיו,IL,צהובה מגורדת 500 גרם,גרמים,500.00,100 גרם,false,,19.90,3.9800,true,1,115613
7290014692565,false,גרעיני תירס מתוק וילי פוד 320 גרם,אקו קונסרויפרי קי.אפ,HU,ויליפוד גרעיני תירס,גרמים,320.00,100 גרם,false,,5.90,1.8438,true,1,115614
7290014692817,false,גבינת מוצרלה מגורדתEURO CHEESE ויליפוד 200 גרם,הנסיך- מפעל לייצור ט,IL,סיי ציז מוצרלה מגורד,גרמים,200.00,100 גרם,false,,14.90,7.4500,true,1,115616
7290014747715,false,"ע.ט אצבעות שניצל שומשום 1 ק""ג",,,עוף טוב אצבעות שניצל,פריט,1.00,"ק""ג",false,,32.90,32.9000,true,1,180855
7290014748651,false,פילה אמנון מצופה נתח שלם דג טוב 360 גרם,מוצרי עוף טוב (2001) בע\,IL,דג טוב פילה אמנון מצ,גרמים,360.00,100 גרם,false,,33.90,9.4167,true,1,126888
7290014749245,false,ספיישל רצועות שניצל שומשום עוף טוב 600 גרם,מוצרי עוף טוב (2001) בע\,IL,ע.ט צ'ונגו רצועות שנ,גרמים,600.00,100 גרם,false,,39.90,6.6500,true,1,126905
7290014749825,false,צ'ונגו רצועות שניצל גריל,מוצרי עוף טוב (2001) בע\,IL,עוף טוב צ'ונגו רצועו,גרמים,600.00,100 גרם,false,,39.90,6.6500,true,1,159529
7290014749863,false,שניצל דק ענק קריספי צ'יפס עוף טוב 720 גרם,מוצרי עוף טוב (2001) בע\,IL,ע.ט שניצל דק ענק קרי,גרמים,720.00,100 גרם,false,,34.90,4.8472,true,1,180461
7290014758100,false,מאגדת יוגורט ביו 3% שומן 8 יח' *150ג' תנובה,מיוצר עי קונדיטוריית,IL,מאגדת יוגורט ביו 3%,,1.20,קג,false,,16.90,14.0833,true,1,130453
7290014758117,false,מאגדת יוגורט ביו 1.5% שומן 8 יח' *150 ג' תנובה,מיוצר עי קונדיטוריית,IL,מאגדת יוגורט ביו 1.,,1.20,קג,false,,16.20,13.5000,true,1,130454
7290014758162,false,חלב עיזים מלא 3.6% קרטון 1 ל' תנובה,תנובה מרכז שיתופי לש,IL,חלב עיזים קרטון 1 לי,,1000.00,100 מל,false,,14.90,0.0149,true,1,130456
7290014758681,false,קוטג תנובה 1% גביע 250 גרם,מיוצר עי קונדיטוריית,IL,קוטג תנובה 1% גביע 2,גרמים,250.00,100 גרם,false,,5.80,2.3200,true,1,130459
7290014759084,false,גבינת שמנת נפוליאון 16% מופחת שומן תנובה 225 גרם,תנובה מרכז שיתופי לש,IL,נפוליאון 16% גביע 22,גרמים,200.00,100 גרם,false,,13.90,6.9500,true,1,130460
7290014759237,false,יוגורט תנובה 6.5% כד 3 ליטר,,,יוגורט תנובה 6.5% כד,,3.00,קג,false,,30.70,10.2333,true,1,130461
7290014759534,false,גבינה בולגרית למריחה טבעי 5% 200 ג' פיראוס,"תנובה, מחלבת תל יוסף",IL,בולגרית למריחה פיראו,גרמים,200.00,100 גרם,false,,14.20,7.1000,true,1,130464
7290014759978,false,גבינת קצקבל גלעד 27% תנובה 200 גרם,תנובה חלב,IL,קצקבל גלעד 27% פלח 2,גרמים,200.00,100 גרם,false,,26.20,13.1000,true,1,130468
7290014759985,false,גבינת פרמזן גבע 23% תנובה 200 גרם,תנובה חלב,IL,פלח פרמזן גבע 23% 20,גרמים,200.00,100 גרם,false,,25.10,12.5500,true,1,130469
7290014759992,false,גבינת רוקפור גליל פלח 140 ג' תנובה,"תנובה, מחלבת תל יוסף",IL,פלח רוקפור גליל 27%,גרמים,140.00,100 גרם,false,,19.50,13.9286,true,1,130470
7290014760134,false,"מעדן סויה בטעם וניל תנובה 125 מ""ל",תנובה Alternative,IL,מעדן סויה בטעם וניל,גרמים,125.00,100 גרם,false,,4.10,3.2800,true,1,130471
7290014760141,false,משקה שקדים טרי תנובה 1 ליטר,תנובה Alternative,IL,משקה שקדים טרי 1 ליט,,1000.00,100 מל,false,,12.50,0.0125,true,1,130472
7290014760448,false,גבינה צהובה גלבוע פרוסה 22%,מיוצר בסין.יבוא ושיו,IL,צהובה גלבוע 22% 400,גרמים,400.00,100 גרם,false,,24.30,6.0750,true,1,130473
7290014760912,false,פרוסות גבינה 28% שומן 400 ג' גוש חלב,תנובה מרכז שיתופי לש,IL,גוש חלב 28% 400 גרם,גרמים,400.00,100 גרם,false,,26.20,6.5500,true,1,130477
7290014761018,false,גיל בטעם וניל תנובה 125 גרם,תנובה מרכז שיתופי לש,IL,גיל בטעם וניל 3% 125,גרמים,125.00,100 גרם,false,,1.60,1.2800,true,1,130479
7290014761056,false,מעדן שוקולד חלב יולו תנובה 123 גרם,מיוצר עי קונדיטוריית,IL,יולו שוקולד חלב 123,גרמים,123.00,100 גרם,false,,4.60,3.7398,true,1,130480
7290014761063,false,מעדן שוקולד מריר יולו תנובה 123 גרם,מיוצר עי קונדיטוריית,IL,יולו שוקולד מריר 123,גרמים,123.00,100 גרם,false,,4.60,3.7398,true,1,130481
7290014761070,false,מעדן שוקולד לבן יולו תנובה 123 גרם,מיוצר עי קונדיטוריית,IL,יולו שוקולד לבן 123,גרמים,123.00,100 גרם,false,,4.60,3.7398,true,1,130482
7290014761193,false,יוגורט עם פירות יער 1.5% שומן 125 ג' פרילי,תנובה מרכז שיתופי לש,IL,פרילי פירות יער 1.5%,גרמים,125.00,100 גרם,false,,3.50,2.8000,true,1,130483
7290014761414,false,יולו מעדן שכבות שוקולד חלב ולבן 123 גר,מיוצר עי קונדיטוריית,IL,יולו שכבות חלב ולבן,גרמים,122.00,100 גרם,false,,4.60,3.7705,true,1,130485
7290014761438,false,"בולגרית קלאסית 400 גרם ""מעדנית פיראוס""",תנובה מרכז שיתופי לש,IL,בולגרית 24% סמי מעדנ,גרמים,400.00,100 גרם,false,,27.10,6.7750,true,1,130486
7290014762756,false,גבינת שמנת נפוליאון 16% עם בצל תנובה 225 גרם,תנובה חלב,IL,נפוליאון 16% עם בצל,גרמים,200.00,100 גרם,false,,13.90,6.9500,true,1,130503
7290014762800,false,"מעדן סויה בטעם שוקולד תנובה 125 מ""ל",תנובה מרכז שיתופי לש,IL,מעדן סויה שוקולד גבי,גרמים,125.00,100 גרם,false,,4.10,3.2800,true,1,130508
7290014762831,false,גבינת שמנת נפוליאון 16% עם פלפל חלפיניו תנובה 225 גרם,תנובה מרכז שיתופי לש,IL,נפוליאון עם חלפיניו,גרמים,200.00,100 גרם,false,,13.90,6.9500,true,1,130509
7290014762848,false,גבינה צהובה מגורדת 22% שומן 500 ג' פתיתי גלבוע,גלבוע - תנובה,IL,פתיתי גלבוע 22% 500,גרמים,500.00,100 גרם,false,,34.60,6.9200,true,1,130510
7290014762909,false,פתיתי מוצרלה השף הלבן 10% תוספת מתנה,"תנובה, מחלבת תל יוסף",IL,מוצרלה פתיתים 20% שו,גרמים,200.00,100 גרם,false,,18.90,9.4500,true,1,182490
7290014763098,false,קרם גבינת שמנת 5% עם פלפל שום ובצל 200 ג' תנובה,תנובה,IL,קרם גבינת שמנת 5% עם,גרמים,200.00,100 גרם,false,,11.50,5.7500,true,1,130515
7290014763272,false,"משקה סויה ביו בטעם תות בננה ""תנובה""",תות תעשיות מזון (201,IL,יוגורט סויה לשתיה תו,,250.00,100 מל,false,,6.20,0.0248,true,1,130517
7290014763395,false,גבינה צהובה עמק פרוס 28% 600 גרם מהדרין,תנובה מרכז שיתופי לש,IL,גבינה צהובה עמק 28%,גרמים,600.00,100 גרם,false,,33.50,5.5833,true,1,130521
7290014789913,false,עוגיות אוראו קרם בטעם וניל מארז 176 גרם,מונדלייז,ES,שלשות אוראו וניל 176,גרמים,528.00,100 גרם,false,,26.00,4.9242,true,1,140756
7290014791336,false,מים מינרלים מי עדן פ,מים מינרליים,,מי עדן ספורט 1 ליטר,קילוגרמים,1.00,ליטר,false,,5.00,5.0000,true,1,120493
7290014791626,false,"שוופס סודה נענע ליים 250 מ""ל זכוכית",יפאורה תבורי בעמ,IL,שוופס סודה נענע ליים,,250.00,100 מל,false,,5.00,0.0200,true,1,120499
7290014821095,false,מטען רכב אייפון מאוש,,,מטען רכב מאושר אפל,Unknown,0.00,יחידה,false,,69.90,0.0000,true,1,163276
7290014821569,false,כבל סנכרון אלומניום אייפון 6 2 מטר,ארטוס,,ארטוס כבל סינכרון 2,Unknown,0.00,יחידה,false,,24.90,0.0000,true,1,163294
7290014855434,false,מגבונים בייביסיטר פרפורמנס מבושם רביעיה,בייביסיטר Babysitter,IL,בייביסיטר פרפורמנס מ,Unknown,0.00,יחידה,false,,14.90,0.0000,true,1,158454
7290014855458,false,מגבוני בייביסיטר פרפורמנס ללא בישום מארז 72X4יח',בייביסיטר Babysitter,IL,בייביסיטר פרפורמנס מ,Unknown,0.00,יחידה,false,,14.90,0.0000,true,1,158455
7290014860070,false,"מקלוני אורז ללא גלוטן 5 מ""מ 454גר' (אור)",ניינטי נודל קו,TH,מקלוני אורז ללא גלוט,גרמים,454.00,100 גרם,false,,10.90,2.4009,true,1,133257
7290014860094,false,"מקלוני אורז ללא גלוטן 3מ""מ 454גר' (אור)",ניינטי נודל קו,TH,מזרח ומערב יבוא מקלו,גרמים,454.00,100 גרם,false,,10.90,2.4009,true,1,133259
7290014860155,false,מחצלת במבו שטוחה 24X24 ס'מ,גולין פנגזו,CN,מחצלת במבו שטוחה 24X,Unknown,0.00,יחידה,false,,7.90,0.0000,true,1,133261
7290014860247,false,שבבי אורז מרובעים ללא גלוטן 227 גרם (Oriental),ליאן תאי רייס,TH,מזרח ומערב יבוא שבבי,גרמים,227.00,100 גרם,false,,9.90,4.3612,true,1,133262
7290014901308,false,"סנסודיין משחת שיניים להגנה מלאה 75 מ""ל - סדרת פרמיום","סמית קליין ביצ'ם בע""",GB,משחת סנסודיין הגנה מ,Unknown,0.00,יחידה,false,,24.90,0.0000,true,1,111172
7290014901315,false,סנסודיין משחה הגנה מלאה אקסטרה פרש 75 מל,"סמית קליין ביצ'ם בע""",GB,סנסודיין מ.שיניים הג,Unknown,0.00,יחידה,false,,24.90,0.0000,true,1,111173
7290014905160,false,"הפי מטהר אוויר פניני ריח בניחוחות, 130 גרם",יוליניבר,IT,הפי פניני ריח תפוז\ו,גרמים,130.00,100 גרם,false,,11.90,9.1538,true,1,120265
7290014905498,false,הפי מטליות דו צדדיות בגליל 20 מטליות,ג'נרל מילס סאן אדריא,TR,הפי גם וגם מטלית דו,Unknown,0.00,יחידה,false,,12.90,0.0000,true,1,120270
7290014905962,false,סבון אסלה הפי בושם 5טיפות ורוד לבנדר נתלה,רלווי,IT,הפי סבון אסלה 5 טיפו,Unknown,0.00,יחידה,false,,7.90,0.0000,true,1,111107
7290014940901,false,לחם פשוט מלא אנג'ל 750 גרם,מאפיית שלמה א. אנג'\ל בע,IL,אנג'ל לחם פשוט מלא,גרמים,750.00,100 גרם,false,,13.90,1.8533,true,1,114547
7290014945043,false,צימרוני אוזניים עץ 200 י,הדר צמר גפן,IL,צמרוני עץ 200 בשקית,Unknown,0.00,יחידה,false,,3.00,0.0000,true,1,145052
7290014945067,false,צמרוני פלסטיק בקופסא,,IL,צמרוני פלסטיק בקופסא,Unknown,200.00,יחידה,false,,3.00,0.0150,true,1,145053
7290014945210,false,צימרוני אוזניים עץ 300 י,ltd Manufacturing .M.A,CN,צמרי עץ בשקית 300 י,Unknown,300.00,יחידה,false,,3.90,0.0130,true,1,145062
7290014945739,false,שייני ניילון נצמד 150 מ',,IL,ניילון נצמד 150 מ' S,Unknown,0.00,יחידה,false,,19.90,0.0000,true,1,145069
7290014945807,false,קיסמי שיניים דנטליים שייני (200 יח'),,,קיסמי שיניים דנטליים,Unknown,200.00,יחידה,false,,6.90,0.0345,true,1,145075
7290014945906,false,מטליות לחות לניקוי כללי בניחות לימון 50 יח',דינמיק תעשיות מגבונים,IL,מטליות לחות לניקוי כ,Unknown,50.00,יחידה,false,,6.90,0.1380,true,1,145083
7290014974562,false,גביעי גלידה רגיל טילון עלמה גילרו 24 יח',"א.ג גילרו בע""מ",IL,רזיט גביעי גלידה 24,Unknown,24.00,יחידה,false,,7.90,0.3292,true,1,152585
7290014974593,false,גביעי גלידריה עלמה ללא גלוטן 132 גרם,כרמית תעשיות ממתקים,IL,גביעי גלידריה מגולגל,Unknown,12.00,יחידה,false,,16.90,1.4083,true,1,152586
7290014974876,false,גלילי ופל במילוי קרם אגוז ל.גלוטן 100 גר,כרמית תעשיות ממתקים,IL,רולים וופל בטעם אגוז,גרמים,100.00,100 גרם,false,,7.90,7.9000,true,1,152598
7290014994652,false,אלין שמפו שיאה ארגן מרוקי ללא מלח 1 ליטר,,,אלין שמפו ארגן מרוקא,קילוגרמים,1.00,ליטר,false,,44.90,44.9000,true,1,109808
7290015005555,false,"צ'יפס אמריקאי 2 ק""ג פרי הגליל","פרי הגליל בע""""מ",IL,ציפס אמריקאי פרי הגל,פריט,2.00,"ק""ג",false,,24.90,12.4500,true,1,134797
7290015008020,false,נרות נשמה פחית ר.שמאי 24 שעות,,CN,נרות נשמה 24 שעות- ר,Unknown,0.00,יחידה,false,,1.90,0.0000,true,1,152048
7290015008037,false,נרות חימום 50 יח' ר.שמאי,,,אקו - נריות חימום 50,Unknown,0.00,יחידה,false,,9.90,0.0000,true,1,152049
7290015008099,false,"צלחות גדול 50 יח' עבות במיוחד שמאי כשל""פ עד""ח",,IL,שמאי - צלחות לבן גדו,Unknown,50.00,יחידה,false,,16.90,0.3380,true,1,152052
7290015008105,false,"צלחות קטן 50 יח' עבות במיוחד שמאי כשל""פ עד""ח",,IL,צלחות קטן עבות במיוח,Unknown,50.00,יחידה,false,,12.90,0.2580,true,1,152053
7290015008129,false,"לפתניות 25 יח' עבות במיוחד שמאי כשל""פ עד""ח",,IL,לפתניות עבות לבן 25,Unknown,25.00,יחידה,false,,4.90,0.1960,true,1,152055
7290015008211,false,לפתניות שקוף קשיח עגול באסקט אחת שתיים שמאי 10 יח',,,שמאי - לפתניות קשיח,Unknown,0.00,יחידה,false,,11.90,0.0000,true,1,152058
7290015008280,false,"נייר אפיה 50 דף שמאי נשלף אחד אחד כשל""פ עד""ח",,IL,נייר אפיה נשלף 50 דף,Unknown,50.00,יחידה,false,,7.90,0.1580,true,1,152060
7290015008341,false,"מפות צלופן 35 מטר עבה מאוד שמאי כשל""פ עד""ח",,TR,ר.שמאי מפות צלופן עב,Unknown,0.00,יחידה,false,,49.90,0.0000,true,1,152062
7290015008372,false,"כוס קרטון לשתיה חמה 8OZ ח""פ 50יח'",,CN,כוסות לשתיה חמה 8B-,Unknown,0.00,יחידה,false,,9.90,0.0000,true,1,152064
7290015008570,false,קערה לאירוח 8' קשיחה ושקופה שמאי כ-1.5 ל',,IL,קערה לאירוח 8 אינץ ק,Unknown,0.00,יחידה,false,,7.90,0.0000,true,1,152066
7290015008587,false,"קערה ענקית שקופה קשיחה לאירוח ח""פ",,CN,קערה לאירוח 9.5 אינץ,Unknown,0.00,יחידה,false,,8.90,0.0000,true,1,152067
7290015008594,false,נרות נשמה שבועי זכוכית אחת שתיים שמאי,,IL,נרות זכוכית שבועי- ר,Unknown,0.00,יחידה,false,,9.90,0.0000,true,1,152068
7290015008624,false,נרות חימום 50 יח' 4 שעות שמאי,,MY,נרות חימום עבות 50 י,Unknown,0.00,יחידה,false,,9.90,0.0000,true,1,152069
7290015008655,false,כפות קרם/שקוף ר.שמאי 50 יח',,TR,כפות קרם/שקוף ארוז 5,Unknown,0.00,יחידה,false,,7.90,0.0000,true,1,152072
7290015008662,false,מזלג קרם/שקוף ר.שמאי 50 יח',,TR,מזלג קרם ארוז 50 יח',Unknown,0.00,יחידה,false,,7.90,0.0000,true,1,152073
7290015008679,false,סכין קרם/שקוף ר.שמאי 50 יח',,TR,סכין קרם/שקוף ארוז 5,Unknown,0.00,יחידה,false,,7.90,0.0000,true,1,152074
7290015008686,false,כפיות קרם/שקוף ר.שמאי 50 יח',,TR,כפיות קרם/שקוף ארוז,Unknown,0.00,יחידה,false,,6.90,0.0000,true,1,152075
7290015008693,false,"צלחות ענק צבעוני 25 יח' שמאי כשל""פ עד""ח",,IL,צלחות ענק צבעוני 25,Unknown,0.00,יחידה,false,,16.90,0.0000,true,1,152076
7290015008754,false,תבניות ארוזות R2 +מכסה 5+5 בינוני שמאי,.,IL,תבניות ארוזות R2 +מכ,Unknown,0.00,יחידה,false,,8.90,0.0000,true,1,152078
7290015008778,false,"צלחות גדול 100 יח' צבעוני שמאי כשל""פ עד""ח",,IL,שמאי - צלחות צבעוני,Unknown,100.00,יחידה,false,,39.90,0.3990,true,1,152079
7290015008822,false,"כוסות קרטון אספרסו 4OZ ח""פ 50יח'",,IL,כוסות קרטון 4 OZ אספ,Unknown,0.00,יחידה,false,,6.90,0.0000,true,1,152080
7290015008839,false,"צלחות עמוקות עבות במיוחד 30 יח' שמאי כשל""פ עד""ח",,IL,צלחות מרכזית לבנה 30,Unknown,30.00,יחידה,false,,16.90,0.5633,true,1,152081
7290015008846,false,לפתניות אובלי עבות במיוחד לבן בנדע 25 יח',,,שמאי - קעריות אובלי,Unknown,25.00,יחידה,false,,5.90,0.2360,true,1,152082
7290015008945,false,תבנית מאפינס אלומיניום ארוז שמאי 50 יח',,,שמאי - מאפינס אלומני,Unknown,0.00,יחידה,false,,12.90,0.0000,true,1,160629
7290015009010,false,מונטנייר חומץ יין אדום 500מל,מנדלז סי.אר. פרודקשן,ES,חומץ בן יין אדום 500,מיליליטרים,500.00,"100 מ""ל",false,,19.90,3.9800,true,1,158000
7290015009027,false,"חומץ בלסמי 500 מ""ל ""daniel""",ר. צ'צ'יק,ES,"חומץ בלסמי 500 מ""ל",מיליליטרים,500.00,"100 מ""ל",false,,21.90,4.3800,true,1,158002
7290015009287,false,חומץ בלסמי לבן דניאל,,,חומץ בלסמי לבן 500 מ,מיליליטרים,500.00,"100 מ""ל",false,,21.90,4.3800,true,1,158005
7290015009324,false,נאצו'ס תירס ברביקיו 200 גרם,אוקיי סנקס,DK,נאצ'וס ברביקיו 200 ג,גרמים,200.00,100 גרם,false,,13.90,6.9500,true,1,158054
7290015009355,false,"חומץ בלסמי מצומצם 250 מ""ל",,ES,רוטב חומץ בלסמי מצוצ,מיליליטרים,250.00,"100 מ""ל",false,,24.90,9.9600,true,1,158015
7290015009393,false,זיתים שחורים מגולענים מזן קלמטה בחיי מלח,אידיאל סנייק,GR,זיתים מושחרים מזן קל,Unknown,0.00,יחידה,false,,19.90,0.0000,true,1,176229
7290015009447,false,זיתים שחורים מגולענים מזן קלמטה,אידיאל סנייק,GR,זיתים שחורים שלמים,Unknown,0.00,יחידה,false,,16.90,0.0000,true,1,166428
7290015009584,false,"רוטב חריף מפלפל חלפיניו 148 מ""ל",,CR,רוטב חריף מפלפל חלפי,Unknown,0.00,יחידה,false,,19.90,0.0000,true,1,200403
7290015009591,false,"רוטב אקסטרא חריף מפלפל סקורפיון 148 מ""ל",קאמוק,CR,רוטב אקסטרא חריף מפל,Unknown,0.00,יחידה,false,,19.90,0.0000,true,1,200404
7290015009614,false,"רוטב אקסטרא חריף פלפל סקוטש בונט 148 מ""ל",קאמוק,CR,רוטב אקסטרא חריף סקו,Unknown,0.00,יחידה,false,,19.90,0.0000,true,1,200494
7290015015004,false,תאנים מיובשות 400 גר,,,תאנים מיובשות 400 גר,Unknown,0.00,יחידה,false,,19.90,0.0000,true,1,144244
7290015015011,false,חמוציות ברכז תפוח 30,,,חמוציות ברכז תפוח 30,Unknown,0.00,יחידה,false,,19.90,0.0000,true,1,144245
7290015015028,false,צימוקים ג'אמבו 300 ג,,,צימוקים ג'אמבו 300 ג,Unknown,0.00,יחידה,false,,19.90,0.0000,true,1,144246
7290015015035,false,צימוקים כהים 300 גרם,,,צימוקים כהים 300 גרם,Unknown,0.00,יחידה,false,,19.90,0.0000,true,1,144247
7290015015042,false,בננה צ'יפס 200 גרם,,,בננה צ'יפס 200 גרם,Unknown,0.00,יחידה,false,,6.90,0.0000,true,1,144248
7290015015073,false,גרעיני חמניה קולפים,,,גרעיני חמניה קולפים,Unknown,0.00,יחידה,false,,9.90,0.0000,true,1,144250
7290015015097,false,גרעיני דלעת מקולפים,,,גרעיני דלעת מקולפים,Unknown,0.00,יחידה,false,,11.90,0.0000,true,1,144252
7290015015103,false,אגוז לוז (בונדוק) מק,,,אגוז לוז (בונדוק) מק,Unknown,0.00,יחידה,false,,14.90,0.0000,true,1,144253
7290015015127,false,שקדים מולבנים פרוסים,,,שקדים מולבנים פרוסים,Unknown,0.00,יחידה,false,,14.90,0.0000,true,1,144254
7290015015134,false,אגוזי מלך קלופים 20,,,אגוזי מלך קלופים 20,Unknown,0.00,יחידה,false,,9.90,0.0000,true,1,144255
7290015015141,false,שקדים מולבנים גפרורי,,,שקדים מולבנים גפרורי,Unknown,0.00,יחידה,false,,14.90,0.0000,true,1,144256
7290015015158,false,שקדים מולבנים חצאים,,,שקדים מולבנים חצאים,Unknown,0.00,יחידה,false,,14.90,0.0000,true,1,144257
7290015015165,false,שקדים מקולפים טבעי 2,,,שקדים מקולפים טבעי 2,Unknown,0.00,יחידה,false,,14.90,0.0000,true,1,144258
7290015015172,false,אגוז פקאן מקולף טבעי,,,אגוז פקאן מקולף טבעי,Unknown,0.00,יחידה,false,,29.90,0.0000,true,1,144259
7290015015196,false,אגוז פקאן סיני מסוכר,,,אגוז פקאן סיני מסוכר,Unknown,0.00,יחידה,false,,19.90,0.0000,true,1,144261
7290015015202,false,קשיו טבעי 250 גרם,,,קשיו טבעי 250 גרם,Unknown,0.00,יחידה,false,,19.90,0.0000,true,1,144262
7290015015219,false,פיסטוק חלבי מקולף 2,,,פיסטוק חלבי מקולף 2,Unknown,0.00,יחידה,false,,29.90,0.0000,true,1,144263
7290015015226,false,צנובר 200 גרם,,,צנובר 200 גרם,Unknown,0.00,יחידה,false,,29.90,0.0000,true,1,144264
7290015015295,false,אגוז ברזילאי מקולף,,,אגוז ברזילאי מקולף,גרמים,100.00,100 גרם,false,,19.90,19.9000,true,1,144265
7290015015363,false,פירורי לחם מוזהבים ד,,,פירורי לחם מוזהבים ד,Unknown,0.00,יחידה,false,,9.90,0.0000,true,1,152391
7290015015400,false,קפה דבאח טחון בלי הי,,,קפה דבאח טחון בלי הי,פריט,1.00,"ק""ג",false,,60.00,60.0000,true,1,159617
7290015015455,false,"קמח חיטה מלאה 2 ק""ג",,,"קמח חיטה מלאה 2 ק""ג",פריט,2.00,"ק""ג",false,,12.00,6.0000,true,1,144279
7290015015899,false,הום 9 מטליות רב שימו,,,הום 9 מטליות רב שימו,Unknown,0.00,יחידה,false,,9.90,0.0000,true,1,168270
7290015015905,false,הום 40 מטליות אקולוג,,,הום 40 מטליות אקולוג,Unknown,0.00,יחידה,false,,19.90,0.0000,true,1,168267
7290015015912,false,הום 40 מטליות רב שימ,,,הום 40 מטליות רב שימ,Unknown,0.00,יחידה,false,,16.90,0.0000,true,1,168268
7290015025478,false,פנג'ל ק.פנים עור יבש130מ,אינטרקוסמא,IL,פנג'ל קרם פנים לעור,מיליליטרים,130.00,"100 מ""ל",false,,40.00,30.7692,true,1,138184
7290015025959,false,מגבונים לחים בניחוח עדין מכיל תמציות קשמיר ומשי,עלבד משואות יצחק,IL,פרש וואנס קשמיר רביע,Unknown,4.00,יחידה,false,,16.90,4.2250,true,1,111248
7290015039246,false,נתחי טונה בשמן צמחי רביעיה * 160 ג' וילי פוד,וילי פוד,TH,וילי פוד רביעית נתחי,גרמים,640.00,100 גרם,false,,21.90,3.4219,true,1,115618
7290015039253,false,עלי גפן במי מלח ויליפוד 620 גרם,קוראהן פזלרמה וי דיס,TR,וילי פוד עלי גפן במי,גרמים,620.00,100 גרם,false,,8.90,1.4355,true,1,115619
7290015039338,false,נתחי טונה במי מלח רביעיה * 160 ג' וילי פוד,וילי פוד,TH,וילי פוד רביעית נתחי,גרמים,640.00,100 גרם,false,,21.90,3.4219,true,1,115620
7290015062015,false,שואב אבק ציקלוןANACO,,,שואב אבק ציקלוןANACO,Unknown,0.00,יחידה,false,,219.90,0.0000,true,1,184584
7290015062671,false,תנור חימום הלוגן + צ,,,תנור חימום הלוגן + צ,Unknown,0.00,יחידה,false,,139.90,0.0000,true,1,188170
7290015062879,false,תאורה נטענת ניידת 30,,,תאורה נטענת ניידת 30,Unknown,0.00,יחידה,false,,39.90,0.0000,true,1,188029
7290015129121,false,אטריות קונג'אק בתוספת טפיוקה בצורת נודלס,הוויזאי וואנגייה פוד,CN,סקיני פסטה נודלס 270,גרמים,270.00,100 גרם,false,,13.90,5.1481,true,1,153522
7290015129220,false,איטריות קונגאק ללא גלוטן 270 גרם skinny,אף.סי תבליני בגליל ב,CN,סקיני פסטה קוסקוס 27,גרמים,270.00,100 גרם,false,,13.90,5.1481,true,1,153529
7290015129251,false,איטריות קונגאק ללא גלוטן 270 גרם skinny,אף.סי תבליני בגליל ב,CN,סקיני פסטה פטוציני 2,גרמים,270.00,100 גרם,false,,13.90,5.1481,true,1,153531
7290015129749,false,סקיני פסטה שיבולת שועל נודלס 270 גרם,הוויזאי וואנגייה,CN,סקיני פסטה שיבולת שו,גרמים,270.00,100 גרם,false,,13.90,5.1481,true,1,153536
7290015150088,false,מחית עגבניות קלה גרנד איטליה 700 גרם,שוורצקוף& הנקל דיסלד,IT,גרנד איטליה עגבניות,גרמים,700.00,100 גרם,false,,13.90,1.9857,true,1,129675
7290015150118,false,שלישיית עגבניות חתוכות דק גרנד איטליה 400 גרם,אמיליאנה קונסרב ס.פ.,IT,עגבניות חתוכות דק 3*,פריט,1.20,"ק""ג",false,,17.90,14.9167,true,1,129678
7290015150361,false,תה ירוק נענע סטיביה ויסוצקי 25 יחידות,ויסוצקי ירוק,IL,ויסוצקי תה ירוק נענע,Unknown,0.00,יחידה,false,,24.90,0.0000,true,1,129680
7290015150583,false,תה ירוק לימון ודבש ויסוצקי 25 יחידות,ויסוצקי ירוק,IL,ויסוצקי תה ירוק לימו,Unknown,25.00,יחידה,false,,24.90,0.9960,true,1,129682
7290015150590,false,תה ירוק ג'ינג'ר חריף ויסוצקי 25 יחידות,ויסוצקי ירוק,IL,ויסוצקי תה ירוק ג'ינ,Unknown,25.00,יחידה,false,,24.90,0.9960,true,1,129683
7290015150903,false,תה ירוק קינמון ודבש ויסוצקי 25 יחידות,ויסוצקי ירוק,IL,ויסוצקי תה ירוק קינמ,Unknown,25.00,יחידה,false,,24.90,0.9960,true,1,129689
7290015155021,false,פרמיו חטיף דנטלי לכלב ננסי 110גרם,רונדו,DE,פרמיו דנטל מיני 110ג,גרמים,150.00,100 גרם,false,,9.90,6.6000,true,1,116141
7290015155243,false,פרמיו חטיף כריות לתמיכה באנטי -היירבול לחתול 60ג',פרמיו Premio,AT,פרמיו כריות אנטי היי,Unknown,0.00,יחידה,false,,9.90,0.0000,true,1,198665
7290015155250,false,פרמיו חטיף כריות סלמון 60 גר,פרמיו Premio,AT,פרמיו כריות סלמון 60,Unknown,0.00,יחידה,false,,9.90,0.0000,true,1,198666
7290015155410,false,פרמיו חטיף כריות דנטל עם עוף 60ג',פרמיו Premio,AT,פרמיו כריות דנטל עוף,Unknown,0.00,יחידה,false,,9.90,0.0000,true,1,198667
7290015155427,false,פרמיו עוף וכבד לחתול,פרמיו Premio,AU,פרמיו עוף וכבד 15ג',Unknown,0.00,יחידה,false,,7.90,0.0000,true,1,198668
7290015155434,false,פרמיו סלמון ופורל 15 ג',,AU,פרמיו סלמון ופורל 15,Unknown,0.00,יחידה,false,,7.90,0.0000,true,1,198669
7290015155830,false,מחית תפוחי עץ ובננה חטיפטף ללא תוספת סוכר,פרוטה פודווין איי.אס,CZ,מחית פואץ' פרינוק תפ,Unknown,0.00,יחידה,false,,5.90,0.0000,true,1,116144
7290015155847,false,מחית סלט פירות חטיפטף ללא תוספת סוכר,פרוטה פודיווין איי.א,CZ,מחית פואץ' פרינוק סל,Unknown,0.00,יחידה,false,,5.90,0.0000,true,1,116145
7290015156769,false,מחית פרינוק פאוץ' תפוח ואוכמניות 120 גרם,פרוטה פודווין איי.אס,CZ,מחית פואץ' פרינוק 1,Unknown,0.00,יחידה,false,,5.90,0.0000,true,1,116158
7290015156776,false,מחית פירות טרופיים חטיפטף ללא תוספת סוכר,פרוטה פודווין איי.אס,CZ,מחית פואץ' פרינוק פי,Unknown,0.00,יחידה,false,,5.90,0.0000,true,1,116159
7290015156790,false,מחית לפתן פירות חטיפטף ללא תוספת סוכר,פרוטה פודווין איי.אס,CZ,מחית פואץ' פרינוק לפ,Unknown,0.00,יחידה,false,,5.90,0.0000,true,1,116160
7290015156813,false,פאוץ' מחית פירות מעורבים פרינוק 120 גרם,פרוטה פודווין איי.אס,CZ,מחית פואץ' פרינוק פי,Unknown,0.00,יחידה,false,,5.90,0.0000,true,1,116161
7290015164818,false,רוטב קארי צהובה 400 גרם SUREE כשר,Theppadungporn cocon,TH,מזרח ומערב יבוא מחית,גרמים,400.00,100 גרם,false,,19.90,4.9750,true,1,167413
7290015164832,false,מחית קארי ירוק 400 גרם SUREE כשר,טאפאדונגפורן קוקינט,TH,מזרח ומערב יבוא מחית,גרמים,400.00,100 גרם,false,,19.90,4.9750,true,1,133263
7290015164856,false,רוטב קארי אדומה 400 גרם SUREE כשר,טאפאדונגפורן קוקינט,TH,מזרח ומערב יבוא מחית,גרמים,400.00,100 גרם,false,,19.90,4.9750,true,1,133264
7290015176378,false,מברשת שיניים חשמלית למבוגרים-FJ-TBFJ-APURPLE,פוג'יקום,CN,מברשת שיניים חשמלית,Unknown,0.00,יחידה,false,,39.90,0.0000,true,1,146896
7290015176385,false,מברשת שיניים חשמלית לילדים בצבע כחול,פוג'יקום,CN,מברשת שיניים חשמלית,Unknown,0.00,יחידה,false,,39.90,0.0000,true,1,146897
7290015178273,false,רוטב מרינדה לעוף בגריל אוליביה 270 גר,אוליביה,IL,רוטב מרינדה לעוף בגר,גרמים,320.00,100 גרם,false,,14.90,4.6563,true,1,199175
7290015193573,false,"ווק אטריות אורז עובי 2 מ""מ 400 גרם",אסיאן סופירה פודס חב,TH,ווק מקלוני אורז עובי,גרמים,400.00,100 גרם,false,,9.90,2.4750,true,1,152617
7290015193665,false,קמח מצה חמץ מעדני מלך 500 גרם,אם החיטה,,מעדני מלך קמח מצה 50,גרמים,500.00,100 גרם,false,,6.90,1.3800,true,1,201132
7290015194433,false,חטיף דגנים קרקר בטעם,,,חטיף דגנים קרקר בטעם,גרמים,200.00,100 גרם,false,,9.90,4.9500,true,1,168772
7290015223867,false,"אסותא קרם לאחר גילוח 100מ""ל",,,אסותא קרם לאחר גילוח,Unknown,0.00,יחידה,false,,6.90,0.0000,true,1,125939
7290015223881,false,"אסותא קרם רגליים 100 מ""ל",,,אסותא קרם רגליים 100,מיליליטרים,100.00,"100 מ""ל",false,,3.90,3.9000,true,1,125941
7290015348089,false,"למברוסקו אדום ביאנקו 750 מ""ל ""אמיליאנו""",גאטטיקו איטליה,IL,למברוסקו אמיליאנו בי,,750.00,100 מל,false,,25.90,0.0345,true,1,111675
7290015350150,false,"יין אדום חצי יבש סגל 750 מ""ל","כרמי צבי - אחים סגל בע""\",IL,סגל אדום חצי יבש 750,מיליליטרים,750.00,"100 מ""ל",false,,21.90,2.9200,true,1,161788
7290015354899,false,חרדל דיז'ון מעודן 350 גרם,ריין דיז'ון reine dijon,FR,חרדל דיז'ון מעודן 35,גרמים,350.00,100 גרם,false,,12.90,3.6857,true,1,140758
7290015366663,false,"משחת שיניים מנטה עדין אקווה פרש 100 מ""ל",גלקסוסמיתקליין,SK,א.פרש עדין 100 מל,Unknown,0.00,יחידה,false,,7.50,0.0000,true,1,172637
7290015366670,false,משחת שיניים הגנה משולשת מנטה מרענן,גלקסוסמיתקליין,SK,א.פרש מנטה 100 מל,Unknown,0.00,יחידה,false,,7.50,0.0000,true,1,172638
7290015395045,false,"קינואה בשקית שקדיה 400 גרם בד""ץ","שקדיה גבע תעשיות בע""",IL,קינואה,גרמים,400.00,100 גרם,false,,14.90,3.7250,true,1,134462
7290015437585,false,מוזלי קראנצי בתוספת צימוק ושוקולד 600 גרם,ויטליה,MK,מוזלי קראנצי צימוק ו,גרמים,600.00,100 גרם,false,,16.90,2.8167,true,1,129910
7290015464079,false,"אלין דאודורנט 200 מ""",,,"אלין דאודורנט 200 מ""",מיליליטרים,200.00,"100 מ""ל",false,,19.90,9.9500,true,1,109811
7290015464093,false,"אלין דאודורנט 200 מ""ל בריח ריאהנה",,,"אלין דאודורנט 200 מ""",מיליליטרים,200.00,"100 מ""ל",false,,19.90,9.9500,true,1,172077
7290015464369,false,"אלין דאודורנט 200 מ""ל בריח לה בל",,,"אלין דאודורנט 200 מ""",מיליליטרים,200.00,"100 מ""ל",false,,19.90,9.9500,true,1,109819
7290015464680,false,אלין א.ש באלם CODE,,,אלין א.ש באלם CODE,Unknown,0.00,יחידה,false,,22.90,0.0000,true,1,111601
7290015464840,false,אלין רול און קוד,,,אלין רול און קוד,Unknown,0.00,יחידה,false,,14.90,0.0000,true,1,111585
7290015465069,false,"אלין מבשם גוף אולימפיה 250 מ""ל",,,אלין מבשם גוף בריח א,Unknown,0.00,יחידה,false,,42.90,0.0000,true,1,111608
7290015465120,false,אלין מבשם גוף בריח ס,,,אלין מבשם גוף בריח ס,Unknown,0.00,יחידה,false,,42.90,0.0000,true,1,111609
7290015465151,false,"אלין דאודורנט 200 מ""ל בריח מיליון",,,"אלין דאודורנט 200 מ""",Unknown,0.00,יחידה,false,,19.90,0.0000,true,1,140964
7290015465212,false,אלין קרם ידיים אולימפיה,,,אלין קרם ידיים אולימ,Unknown,0.00,יחידה,false,,12.90,0.0000,true,1,140965
7290015465472,false,"מבשם גוף אלין 250 מ""ל VICTUS MAN",,,אלין מבשם גוף אינביק,Unknown,0.00,יחידה,false,,42.90,0.0000,true,1,110538
7290015465564,false,"אלין סרום אגוזי ברזיל 125 מ""ל",,,אלין סרום לשיער אגוז,Unknown,0.00,יחידה,false,,42.90,0.0000,true,1,111573
7290015465571,false,"אלין מסכה קפסולות ויטמין Eלשיער יבש 500מ""ל",,,אלין מסכה קפסולות וי,Unknown,0.00,יחידה,false,,44.90,0.0000,true,1,140980
7290015465618,false,אלין דאודורנט קריד 2,,,אלין דאודורנט קריד 2,מיליליטרים,200.00,"100 מ""ל",false,,19.90,9.9500,true,1,172076
7290015465649,false,"אלין דאודורנט 200 מ""ל קריסטאל",,,"אלין דאודורנט 200 מ""",Unknown,0.00,יחידה,false,,19.90,0.0000,true,1,140982
7290015465656,false,"אלין דאודורנט 200 מ""ל 212 VIP",,,"אלין דאודורנט 200 מ""",Unknown,0.00,יחידה,false,,19.90,0.0000,true,1,140983
7290015465816,false,"מבשם גוף אלין 250 מ""ל GOLD",,,אלין מבשם גוף GOLD ג,Unknown,0.00,יחידה,false,,42.90,0.0000,true,1,111596
7290015465823,false,אלין מבשם גוף קריסטאל,,,אלין מבשם גוף CRYSTA,Unknown,0.00,יחידה,false,,42.90,0.0000,true,1,173391
7290015465830,false,אלין מבשם גוף 212 VIP,,,אלין מבשם גוף VIP 21,Unknown,0.00,יחידה,false,,42.90,0.0000,true,1,111602
7290015465984,false,אלין רול און בלו,,,אלין רול און בלו,Unknown,0.00,יחידה,false,,14.90,0.0000,true,1,111583
7290015466073,false,אלין חמאת גוף אולימפ,,,אלין חמאת גוף אולימפ,מיליליטרים,250.00,"100 מ""ל",false,,32.90,13.1600,true,1,180395
7290015466288,false,אלין מארז פרדייס פרפ,,,אלין מארז פרדייס פרפ,Unknown,0.00,יחידה,false,,99.90,0.0000,true,1,177388
7290015500357,false,"מדליק פחמים נוזלי 200 מ""ל",,,מדליק פחמים נוזלי 20,Unknown,0.00,יחידה,false,,9.90,0.0000,true,1,187178
7290015550673,false,משקפי קריאה טאץ מס 2,,,משקפי קריאה טאץ מס 2,Unknown,0.00,יחידה,false,,22.90,0.0000,true,1,171903
7290015597210,false,טילון קורונטו עם וופל ואגוזי לוז מסוכרים,"גלידת שטראוס בע""\מ, רחוב",IL,מאגדת קורנטו פרווה ו,,6.00,יחידו,false,,26.90,4.4833,true,1,135386
7290015603188,false,אטריות ביצים 454ג' (כ) (fu),פוגיאן לונגהי אנלידה אינ,CN,מזרח ומערב יבוא אטרי,גרמים,454.00,100 גרם,false,,10.90,2.4009,true,1,133265
7290015603195,false,איטריות בתוספת תרד 454 גרם,פוגיאן לונגהי אנלידה אינ,CN,איטריות בתוספת תרד 4,גרמים,454.00,100 גרם,false,,10.90,2.4009,true,1,133266
7290015603218,false,אטריות עם עגבניה מזרח מערב 454 גרם,פוגקן לונגהי אנלידה,CN,אטריות עגבניה 454 גר,גרמים,454.00,100 גרם,false,,10.90,2.4009,true,1,133268
7290015603232,false,איטריות בתוספת דלעת 454 גרם,פוגקן לונגהי אנלידה,CN,אטריות דלעת 454 גרם,גרמים,454.00,100 גרם,false,,10.90,2.4009,true,1,133270
7290015603546,false,שימורי קרם קוקוס 17-19% 400 מל ASIATIC,אסיאטיק אגרו אינדסטר,TH,שימורי קרם קוקוס 400,מיליליטרים,400.00,"100 מ""ל",false,,8.90,2.2250,true,1,133272
7290015603560,false,"שימורי קרם קוקוס 20-22% 400 מ""ל (ASIATIC)(כ)",אסיאטיק אגרו אינדוסטרי,TH,"קרם קוקוס 22% 400 מ""",מיליליטרים,400.00,"100 מ""ל",false,,9.90,2.4750,true,1,133273
7290015603591,false,גינגר ורוד כבוש ללא מונוסודיום 160 גרם,ננטונג הידה אקוטיק פ,CN,ג'ינגר ורוד כבוש ללא,גרמים,190.00,100 גרם,false,,7.90,4.1579,true,1,133275
7290015603638,false,"אורז קלרוז 1 ק""ג (כ) (Minh)",מינה פונג גרין אגריק,VN,אורז קלרוז 1קג,גרמים,1000.00,100 גרם,false,,11.90,1.1900,true,1,133276
7290015652070,false,קשוי קלוי בשקית ששון הקולה 150 גרם,"דין שיווק וקלייה בע""",IL,דין שיווק קשיו קלוי,גרמים,150.00,100 גרם,false,,13.90,9.2667,true,1,134466
7290015652254,false,גרעיני חמניה קלויים 400 גרם ששון הקלה,"דין שיווק וקלייה בע""",IL,גרעיני חמניה קלויים,גרמים,400.00,100 גרם,false,,10.00,2.5000,true,1,134473
7290015652261,false,בוטנים קלויים ששון הקולה 350 גרם,"דין שיווק וקלייה בע""",IL,בוטנים קלויים 350 גר,גרמים,350.00,100 גרם,false,,10.00,2.8571,true,1,134474
7290015652278,false,תערובת פיצוחים ששון הקולה 300 גרם,"דין שיווק וקלייה בע""",IL,תערובת פיצוחים 250 ג,גרמים,250.00,100 גרם,false,,20.00,8.0000,true,1,134475
7290015652285,false,אגוזים קלופים ששון הקולה 250 גרם,"שקדיה גבע תעשיות בע""",IL,אגוזים קלופים 250 גר,גרמים,250.00,100 גרם,false,,20.00,8.0000,true,1,134476
7290015652292,false,קבוקים עם שומשום ששון הקולה 400 גרם,"דין שיווק וקלייה בע""",IL,קבוקים 400 גר' ששון,גרמים,400.00,100 גרם,false,,10.00,2.5000,true,1,134477
7290015652308,false,מנצ'ס ששון הקולה 400 גרם,"דין שיווק וקלייה בע""",,מנצס 300 גר' ששון הק,גרמים,300.00,100 גרם,false,,10.00,3.3333,true,1,134478
7290015652322,false,בוטנים אמריקאיים מצופים 400 גר ששון הקלה,"דין שיווק וקלייה בע""",IL,בוטנים מצופים 400,גרמים,400.00,100 גרם,false,,10.00,2.5000,true,1,134479
7290015652407,false,פיסטוק קלוי ששון הקולה 250 גרם,"דין שיווק וקלייה בע""",IL,פיסטוק קלוי 250 גר',גרמים,250.00,100 גרם,false,,20.00,8.0000,true,1,134482
7290015733427,false,דייסת מטרנה גם וגם וניל פרו 300 גר',מולינו ניקולי s.p.a,IL,מטרנה דייסת גם וגם ו,גרמים,300.00,100 גרם,false,,17.90,5.9667,true,1,126920
7290015733465,false,דייסת מטרנה גם וגם קרנפלור פרו 300 גרם,מטרנה תעשיות ש.מ,IL,מטרנה דייסת גם וגם ק,גרמים,300.00,100 גרם,false,,17.90,5.9667,true,1,126922
7290015781008,false,"יין VISION מרלו אדום טפרברג 750 מ""ל","יקב טפרברג 1870 בע""מ",IL,"אימפריישן מרלו 750מ""",מיליליטרים,750.00,"100 מ""ל",false,,39.90,5.3200,true,1,112836
7290015781091,false,"יין VISION קברנה סוביניון טפרברג 750 מ""ל","יקב טפרברג 1870 בע""מ",IL,ויז'ן קברנה סובניון,Unknown,0.00,יחידה,false,,39.90,0.0000,true,1,112840
7290015781114,false,"יין IMPRESSION מרלו טפרברג 750 מ""ל","יקב טפרברג 1870 בע""מ",IL,"מרלו 750מ""ל",מיליליטרים,750.00,"100 מ""ל",false,,49.90,6.6533,true,1,112842
7290015781121,false,"יין IMPRESSION קברנה סוביניון יבש טפרברג 750 מ""ל","יקב טפרברג 1870 בע""מ",IL,אימפרשן קברנה סובניו,מיליליטרים,750.00,"100 מ""ל",false,,49.90,6.6533,true,1,112843
7290015781138,false,"יין שרדונה 750 מ""ל IMPRESSION","יקב טפרברג 1870 בע""מ",IL,"שרדונה 750מ""ל",מיליליטרים,750.00,"100 מ""ל",false,,49.90,6.6533,true,1,112844
7290015781152,false,"יין IMPRESSION רוזה טפרברג 750 מ""ל","יקב טפרברג 1870 בע""מ",IL,"רוזה 750מ""ל",מיליליטרים,750.00,"100 מ""ל",false,,49.90,6.6533,true,1,112846
7290015781282,false,"יין IMPRESSION גוורצטרמינר טפרברג 750 מ""ל",יקב טפרברג 1870,IL,"גוורצטרמינר 750מ""ל",מיליליטרים,750.00,"100 מ""ל",false,,49.90,6.6533,true,1,112855
7290015781299,false,"יין VISION שיראז אדום טפרברג 750 מ""ל","יקב טפרברג 1870 בע""מ",IL,ויז'ן שיראז,מיליליטרים,750.00,"100 מ""ל",false,,39.90,5.3200,true,1,112856
7290015781305,false,"יין אימפרשן סירה 750 מ""ל","יקב טפרברג 1870 בע""מ",IL,"סירה 750מ""ל",מיליליטרים,750.00,"100 מ""ל",false,,49.90,6.6533,true,1,112857
7290015804424,false,עגבניות מרוסקות ובזיליקום ועשבי תיבול טל 260 ג',טל וטרי,IL,טל עגב.מרוסקות בזילי,גרמים,250.00,100 גרם,false,,3.90,1.5600,true,1,134802
7290015804486,false,רוטב עגבניות מתובל לשקשוקה טל 250 גרם,טל וטרי,IL,טל עגבניות מרוסקות ב,גרמים,260.00,100 גרם,false,,3.90,1.5000,true,1,134804
7290015842631,false,כוסות לשתיה קרה 330cc 40,,GR,שמאי - כוסות לבירה 3,Unknown,0.00,יחידה,false,,9.90,0.0000,true,1,152090
7290015848992,false,"ד""ר פישר - אולטרסול קרם פנים קידס 75 מ""ל 50SPF",פישר מעבדות פרמצבטיות בע,IL,אולטרסול קרם פנים קי,Unknown,0.00,יחידה,false,,49.90,0.0000,true,1,136938
7290015855013,false,פלפלים מתוקים בצבעים,,,פלפלים מתוקים בצבעים,Unknown,0.00,יחידה,false,,8.90,0.0000,true,1,138842
7290015855037,false,פלפל צילי חריף ארוז,,,פלפל צ'ילי,Unknown,0.00,יחידה,false,,9.90,0.0000,true,1,138844
7290015855129,false,כרוב קייל ארוז א.אדמ,רעננים,,כרוב על,Unknown,0.00,יחידה,false,,11.90,0.0000,true,1,138850
7290015855181,false,גינגר ארוז א.אדמה,,,גינג'יר,Unknown,0.00,יחידה,false,,11.90,0.0000,true,1,138853
7290015855228,false,אספרגוס ארוז א.אדמה,אדמה,,אספראגוס,Unknown,0.00,יחידה,false,,19.90,0.0000,true,1,138856
7290015855273,false,בזיליקום מארז גדול א.אדמה,,,בזיליקום מארז גדול,Unknown,0.00,יחידה,false,,9.90,0.0000,true,1,197319
7290015855358,false,בצלצלי שאלוט 280 גרם,,,בצלצלי שאלוט 280 גרם,גרמים,280.00,100 גרם,false,,11.90,4.2500,true,1,138864
7290015855938,false,עלי בייבי 250 גרם ארוז א.אדמה,,,עלי בייבי 250 גרם בש,Unknown,0.00,יחידה,false,,11.90,0.0000,true,1,180370
7290015858106,false,"ממרח פסטו ביתי 180 גרם ""עללחם""","מדשא תעשיות מזון בע""\מ",IL,פסטו ביתי עללחם 180,גרמים,180.00,100 גרם,false,,16.90,9.3889,true,1,139935
7290015858113,false,"ממרח עגבניות מיובשות 180 גרם ""טריטרי""","מדשא תעשיות מזון בע""\מ",IL,ממרח עגבניות מיובשות,גרמים,180.00,100 גרם,false,,16.90,9.3889,true,1,139936
7290015858144,false,ממרח ארטישוק עללחם 180 גרם,"מדשא תעשיות מזון בע""\מ",IL,ממרח ארטישוק 180 גרם,גרמים,180.00,100 גרם,false,,16.90,9.3889,true,1,180932
7290015858151,false,"ממרח שום 180 גרם ""טריטרי""",מדשא תעשיות מזון בעמ,IL,ממרח שום עללחם 180 ג,גרמים,180.00,100 גרם,false,,16.90,9.3889,true,1,175792
7290015858175,false,ממרח פלפלים קלויים עללחם 180 גרם,"מדשא תעשיות מזון בע""\מ",IL,ממרח פלפלים קלויים 1,גרמים,180.00,100 גרם,false,,16.90,9.3889,true,1,180934
7290015858212,false,ממרח לימון כבוש עללחם 180 גרם,"מדשא תעשיות מזון בע""\מ",IL,ממרח לימון כבוש 180,גרמים,180.00,100 גרם,false,,16.90,9.3889,true,1,180933
7290015858229,false,"טפנד זיתי קלמטה 180 גרם ""עללחם""","מדשא תעשיות מזון בע""\מ",IL,טפנד זיתי קלמטה עללח,גרמים,180.00,100 גרם,false,,16.90,9.3889,true,1,139937
7290015858243,false,ממרח צימיצורי עללחם 180 גרם,"מדשא תעשיות מזון בע""\מ",IL,ממרח צימיצורי 180 גר,גרמים,180.00,100 גרם,false,,16.90,9.3889,true,1,180935
7290015858328,false,"ממרח עגבניות מיובשות 180 גרם ""טריטרי""","מדשא תעשיות מזון בע""\מ",IL,איולי פסטו עללחם 295,גרמים,295.00,100 גרם,false,,16.90,5.7288,true,1,201224
7290015858687,false,עללחם ממרח איולי שום 295 גרם,"מדשא תעשיות מזון בע""\מ",IL,איולי שום עללחם 295,גרמים,295.00,100 גרם,false,,16.90,5.7288,true,1,201227
7290015858694,false,עללחם ממרח איולי שום לימון 295 גרם,"מדשא תעשיות מזון בע""\מ",IL,איולי שום לימון עללח,גרמים,295.00,100 גרם,false,,16.90,5.7288,true,1,201226
7290015865692,false,תענוג פרי תות שדה 400 גר,קריות זול,IL,ענבי ציון-תנובה תענו,גרמים,400.00,100 גרם,false,,17.90,4.4750,true,1,190206
7290015865708,false,תענוג פרי אוכמניות 400 ג,קריות זול,IL,ענבי ציון-תנובה תענו,גרמים,400.00,100 גרם,false,,17.90,4.4750,true,1,190207
7290015865715,false,תענוג פרי פירות יער400ג,קריות זול,IL,ענבי ציון-תנובה תענו,גרמים,400.00,100 גרם,false,,17.90,4.4750,true,1,190208
7290015865722,false,קונפיטורת תות שדה לייט 400 גרם,ענבי ציון,IL,ענבי ציון-תנובה קונפ,גרמים,400.00,100 גרם,false,,19.90,4.9750,true,1,190209
7290015888028,false,שוקחה אורז בסמתי ריה,ציימן לאל סטיה,,שוקחה אורז בסמתי ריה,פריט,1.00,"ק""ג",false,,10.90,10.9000,true,1,142867
7290015888042,false,אורז בסמטי ריהאן 5 ק,ציימן לאל סטיה,,"אורז בסמטי ריהן 5 ק""",פריט,5.00,"ק""ג",false,,49.90,9.9800,true,1,142868
7290015888219,false,שמן חמניות שוקחה 5 ל,,,שוקחה שמן חמניות 5 ל,קילוגרמים,5.00,ליטר,false,,59.90,11.9800,true,1,142877
7290015888301,false,שמן חמניות שוקחה 3 ל,אל אל סי פרייקלוטניא,FR,שוקחה שמן חמניות 3 ל,קילוגרמים,3.00,ליטר,false,,35.90,11.9667,true,1,142879
7290015888356,false,סרדינים שוקחה 50 גרם,,,סרדינים שוקחה 50 גרם,Unknown,0.00,יחידה,false,,5.90,0.0000,true,1,157736
7290015888363,false,סרדינים חריפים שוקחה,,,סרדינים שוקחה חריף,Unknown,0.00,יחידה,false,,5.90,0.0000,true,1,157737
7290015888387,false,שוקחה פול מצרי 400 ג,,TR,שוקחה פול מצרי 400 ג,גרמים,400.00,100 גרם,false,,4.90,1.2250,true,1,159531
7290015888516,false,שוקחה שמן סויה 5 ליט,,,שוקחה שמן סויה 5 ליט,קילוגרמים,5.00,ליטר,false,,59.90,11.9800,true,1,186308
7290015951869,false,"יין הר חרמון רוזה 750 מ""ל",מיוצר וממולא על ידי יקב,IL,"הר חרמון רוזה 750 מ""",מיליליטרים,750.00,"100 מ""ל",false,,34.90,4.6533,true,1,113665
7290015951890,false,"יין הר חרמון קברנה סובניון 750 מ""ל",יקבי רמת הגולן קצרין,IL,הר חרמון קברנה 750 מ,מיליליטרים,750.00,"100 מ""ל",false,,34.90,4.6533,true,1,178113
7290015968010,false,כפפות ניטריל S שחורות סייף טאץ 100 יחידות,סייף טאץ' Safe Touch,,כפפות ניטריל שחורות,Unknown,0.00,יחידה,false,,26.90,0.0000,true,1,187993
7290015968065,false,מברשת משולבת לניקוי,,,מברשת משולבת לניקוי,Unknown,0.00,יחידה,false,,24.90,0.0000,true,1,163410
7290015968102,false,קיסמי שיניים רפויים עם חוט דנטאלי 100 יחידות,W.H.J.C. Co,CN,קיסמי שיניים רפואיים,Unknown,0.00,יחידה,false,,14.90,0.0000,true,1,163381
7290015968140,false,אטב אחיזה רחבה בעיצוב איטלקי הוסטס 36 יח,H.J.E,CN,אטבי בעיצוב איטלקי א,Unknown,0.00,יחידה,false,,12.90,0.0000,true,1,163382
7290015968973,false,כפפות ניטריל M שחורות סייף טאץ 100 יחידות,סייף טאץ' Safe Touch,,כפפות ניטריל שחורות,Unknown,0.00,יחידה,false,,26.90,0.0000,true,1,187994
7290015968980,false,כפפות ניטריל L שחורות סייף טאץ 100 יחידות,סייף טאץ' Safe Touch,,כפפות ניטריל שחורות,Unknown,0.00,יחידה,false,,26.90,0.0000,true,1,187995
7290015968997,false,כפפות ניטריל XL שחורות סייף טאץ 100 יחידות,,,כפפות ניטריל שחורות,Unknown,0.00,יחידה,false,,26.90,0.0000,true,1,187996
7290015979665,false,חסה עגולה,חקלאי,IL,חסה עגולה,Unknown,0.00,יחידה,false,,5.90,0.0000,true,1,158615
7290015996983,false,סוכרלוז סוכרזית 0 קלוריות 100 שקיות,ביסקול בעn,IL,סוכרזית סוכרלוז החד,Unknown,0.00,יחידה,false,,29.90,0.0000,true,1,132255
7290015998444,false,מלפפון 30-36 חומץ A1,,,מלפפון 30-36 חומץ A1,Unknown,0.00,יחידה,false,,17.90,0.0000,true,1,153350
7290015998567,false,מלפפונים במלח 7-9עדו,,,מלפפון 7-9 20% מלח,Unknown,0.00,יחידה,false,,6.90,0.0000,true,1,184886
7290016006292,false,נקטר מנגו בננה מלון קרטונית 1 ל' ספרינג,יפאורה שותפות מובגלת לשיווק,IL,ספרינג מנגו בננה מלו,,1000.00,100 מל,false,,6.90,0.0069,true,1,120514
7290016006339,false,מים מינרלים - מארז רביעייה,"מופק ממקור בזלתי עדן ,1",IL,מים מינרליים מי עדן,קילוגרמים,4.00,ליטר,false,,10.90,2.7250,true,1,176471
7290016077759,false,רוטב ברביקיו קלאסי היינץ 480 גרם,היינץ Heinz,NL,היינץ רוטב ברביקיו ק,גרמים,480.00,100 גרם,false,,16.90,3.5208,true,1,140763
7290016087123,false,רוטב מתובל לפסטה בסגנון קלאסי פריניר 240 גרם,פריניר,IL,פריניר רוטב עגבניות,גרמים,240.00,100 גרם,false,,5.50,2.2917,true,1,154342
7290016087147,false,רוטב עגבניות מתובל לפיצה מרגריטה 240 גרם,פריניר,IL,פריניר רוטב עגבניות,גרמים,240.00,100 גרם,false,,5.50,2.2917,true,1,154343
7290016087239,false,רוטב עגבניות מרוכז לשקשוקה פיקנטי פריניר 230 גרם,פרי ניב,IL,פריניר רוטב עגבניות,גרמים,230.00,100 גרם,false,,5.50,2.3913,true,1,154348
7290016094695,false,אלכוג'ל לשמירה על הייגיינת הידיים 70% אלכוהול,פישר מעבדות פרמצבטיו,IL,דר פישר אלכוגל לידיי,מיליליטרים,500.00,"100 מ""ל",false,,24.90,4.9800,true,1,136947
7290016096613,false,שישיות פילטונה בשמן צמחי,"תעשיות פילטונה בע""מ",IL,פילטונה שישייה נתחי,גרמים,140.00,100 גרם,false,,29.90,21.3571,true,1,141601
7290016096637,false,שישיות פילטונה שמן קנולה,"תעשיות פילטונה בע""מ",IL,פילטונה שישייה נתחי,גרמים,140.00,100 גרם,false,,29.90,21.3571,true,1,141602
7290016096651,false,שישיות פיל טונה במי מלח,"תעשיות פילטונה בע""מ",IL,פילטונה שישייה נתחי,גרמים,140.00,100 גרם,false,,29.90,21.3571,true,1,141603
7290016096811,false,רביעיית ממרח טונה פילטונה - 160 גרם ליחידה,תעשיות פילטונה,IL,ממרח טונה מארז רביעי,גרמים,160.00,100 גרם,false,,19.90,12.4375,true,1,187199
7290016096934,false,מארז זוגות סלט טונה 2*160 ג' פילטונה,תעשיות פילטונה,IL,סלט טונה מארז זוג 16,גרמים,160.00,100 גרם,false,,9.90,6.1875,true,1,187200
7290016102062,false,"מגש מחולק ל-4 צבעוני שמאי כשל""פ עד""ח",,CN,שמאי - מגש מחולק רבי,Unknown,0.00,יחידה,false,,7.90,0.0000,true,1,152097
7290016102215,false,נריות 4 שעות אדום אחת שתיים שמאי 72 יח',,CN,שמאי - נריות 4 שעות,Unknown,0.00,יחידה,false,,25.00,0.0000,true,1,152112
7290016102253,false,נרות 72 שעות זכוכית אחת שתיים שמאי,,CN,נר זכוכית 72 שעות- ר,Unknown,0.00,יחידה,false,,5.90,0.0000,true,1,152116
7290016102260,false,"כוסות קרטון 2OZ איכותי ח""פ 50 יח'",,,כוס קרטון 2.5 oz אספ,Unknown,0.00,יחידה,false,,5.90,0.0000,true,1,152117
7290016102321,false,צלחות קטן 100 יחידות קשיח במיוחד,,IL,שמאי - צלחות קטן בצב,Unknown,0.00,יחידה,false,,26.90,0.0000,true,1,152122
7290016102369,false,מגש לאירוח מלבני קשיח שקוף שמאי,,,שמאי - מגש לאירוח שק,Unknown,0.00,יחידה,false,,6.90,0.0000,true,1,152126
7290016102468,false,מפיות לבנות שמאי 100 יח',,,מפיות לבנות 100 יח'-,Unknown,100.00,יחידה,false,,4.90,0.0490,true,1,152135
7290016102475,false,מפה אל-בד 120X270 לבן ראנר מודפס זהב/כסף ר. שמאי,,CN,מפה אלבד ראנר לבן מו,Unknown,0.00,יחידה,false,,6.90,0.0000,true,1,152136
7290016102482,false,מפה אל-בד 120X180 צבעוני/לבן ר. שמאי,,CN,מפה אלבד צבעוני מעור,Unknown,0.00,יחידה,false,,4.90,0.0000,true,1,152137
7290016102529,false,צלחות קטנות שקופות ב,,CN,שמאי - צלחות קטן באס,Unknown,0.00,יחידה,false,,16.90,0.0000,true,1,152140
7290016102536,false,מרקיות באסקט שקוף קשיח שמאי 10 יח',,,מרקיות באסקט קשיח שק,Unknown,0.00,יחידה,false,,22.90,0.0000,true,1,152141
7290016102628,false,קינוחית מלבן שקופה שמאי 12 יח',,,שמאי - קינוחית מלבן,Unknown,0.00,יחידה,false,,13.90,0.0000,true,1,152150
7290016102697,false,צלחות גדול שקוף קריסטל 25 יחי' שמאי כשלפ,,IL,צלחות גדול שקופות =ק,Unknown,0.00,יחידה,false,,16.90,0.0000,true,1,152155
7290016102710,false,מרקיות שקופות קריסטל שמאי 25 יח',,IL,מרקיות שקופות =קריסט,Unknown,0.00,יחידה,false,,10.90,0.0000,true,1,152157
7290016102727,false,לפתניות שקוף קריסטל 25 יחי' שמאי כשלפ,,IL,שמאי - לפתניות שקופו,Unknown,0.00,יחידה,false,,5.90,0.0000,true,1,152158
7290016102758,false,"מגשיות אובלי צבעוני עמוקות קשיחות ח""פ 12יח'",,IL,מגש אובלי צבעוני עמו,Unknown,0.00,יחידה,false,,13.90,0.0000,true,1,152161
7290016102765,false,"מפות 45 מטר סגול ע. במיוחד 3 ק""ג שמאי",,IL,מפות 45 מטר סגול,Unknown,0.00,יחידה,false,,49.90,0.0000,true,1,160619
7290016102796,false,"גביע 1/4 אמריקאי ארוז 8 כשלפ עד""ח ר.שמאי",,IL,שמאי - גביע אחסון 1/,Unknown,0.00,יחידה,false,,6.90,0.0000,true,1,152164
7290016102802,false,"גביע קילו אמריקאי ארוז 4 כשלפ עד""ח ר.שמאי",,IL,שמאי - גביע אחסון 1,Unknown,0.00,יחידה,false,,6.90,0.0000,true,1,152165
7290016136722,false,פתיתים פנה ללא גלוטן 340 גרם גי פרי,אורגרן הלס אנד ניצר,IT,פסטה פנה ללא גלוטן,גרמים,340.00,100 גרם,false,,13.90,4.0882,true,1,194418
7290016144000,false,"קמח חיטה מלאה נפלאות 80% 1 ק""ג","קמח מלכים בע""\מ",IL,"קמח חיטה שמונים 1 ק""",פריט,1.00,"ק""ג",false,,9.90,9.9000,true,1,158743
7290016144017,false,"קמח מלא נפלאות 100% ללא ניפוי 1 ק""ג",קמח מלכים,IL,"קמח חיטה מלאה 1 ק""ג",פריט,1.00,"ק""ג",false,,9.90,9.9000,true,1,158744
7290016144024,false,"קמח כוסמין מלא נפלאות 100% 1 ק""ג","קמח מלכים בע""מ",IL,"קמח כוסמין מאה 1 ק""ג",פריט,1.00,"ק""ג",false,,14.90,14.9000,true,1,158746
7290016144031,false,קמח חיטה לבן מנופה נפלאות,קמח מלכים,IL,"קמח חיטה לבן 1 ק""ג",פריט,1.00,"ק""ג",false,,7.90,7.9000,true,1,158745
7290016144048,false,"קמח כוסמין לבן נפלאות 1 ק""ג","קמח מלכים בע""מ",IL,"קמח כוסמין לבן 1 ק""ג",פריט,1.00,"ק""ג",false,,16.90,16.9000,true,1,158747
7290016144055,false,קמח כוסמין בהיר 80%-נפלאות,קמח מלכים,IL,קמח כוסמין שמונים 1,פריט,1.00,"ק""ג",false,,14.90,14.9000,true,1,158748
7290016144062,false,"קמח שיפון מלא נפלאות, 1 ק""ג",קמח מלכים,IL,קמח שיפון מלא,Unknown,0.00,יחידה,false,,9.90,0.0000,true,1,199307
7290016144079,false,"קמח חיטה כפרי נפלאות 1 ק""ג",קמח מלכים,IL,קמח חיטה כפרי,Unknown,0.00,יחידה,false,,9.90,0.0000,true,1,199311
7290016144086,false,נפלאות קמח חלה מנופה 1 ק”ג,קמח מלכים,IL,קמח חלה,Unknown,0.00,יחידה,false,,7.90,0.0000,true,1,199308
7290016144093,false,נפלאות קמח לחם לבן מנופה 1 ק”ג,קמח מלכים,IL,קמח לחם,Unknown,0.00,יחידה,false,,7.90,0.0000,true,1,199309
7290016144109,false,קמח פיצה מנופה נפלאות 1קג,קמח מלכים,IL,קמח פיצה,Unknown,0.00,יחידה,false,,15.90,0.0000,true,1,199312
7290016144116,false,"קמח תופח נפלאות, 1 ק""ג",קמח מלכים,IL,קמח תפוח,Unknown,0.00,יחידה,false,,8.90,0.0000,true,1,199310
7290016150865,false,תערובת מיזלי גרין בנ,וויטליה,MK,מיזלי בננה ותמר 1קג,פריט,1.00,"ק""ג",false,,25.40,25.4000,true,1,190292
7290016162219,false,כדורי שוקולד 280 גרם קפולסקי,תופינים מקבוצת קפולסקי,IL,כדורי שוקולד פרווה,Unknown,0.00,יחידה,false,,29.90,0.0000,true,1,180968
7290016162264,false,עוגת גבינה רנסנס קפולסקי 450 גרם,קפולסקי שיווק וקמעונ,IL,עוגת גבינה רנסנס 450,גרמים,450.00,100 גרם,false,,39.90,8.8667,true,1,148359
7290016188585,false,GIACOBAZZI למברוסקו רוזה חצי יבש יקבי כרמל,יקב גאקובזי,IT,למברוסקו ג'קובזי רוז,מיליליטרים,750.00,"100 מ""ל",false,,24.90,3.3200,true,1,202269
7290016188592,false,GIACOBAZZI למברוסקו אדום חצי יבש יקבי כרמל,"כד בני דרום בע""מ",IT,למברוסקו ג'קובזי אדו,מיליליטרים,750.00,"100 מ""ל",false,,24.90,3.3200,true,1,202270
7290016197617,false,תחבושת לנשים אקסטרה דיפנד 10 יחידות,קימברלי קלארק,VN,דיפנד תחבושות אקסטרה,Unknown,0.00,יחידה,false,,22.90,0.0000,true,1,119177
7290016197624,false,תחבושות לנשים סופר דיפנד 8 יחידות,קימברלי קלארק,VN,דיפנד תחבושות אקסטרה,Unknown,0.00,יחידה,false,,22.90,0.0000,true,1,119178
7290016233261,false,עגבניות מיובשות רצועות במגשית 250 גרם,,TR,עגבניות מיובשות רצוע,גרמים,250.00,100 גרם,false,,9.90,3.9600,true,1,129935
7290016234008,false,אנשובי בשמן זית צנצנת 100 גרם,אינוורסינס פריסקו,PE,אנשובי צנצנת עם שמן,Unknown,0.00,יחידה,false,,9.90,0.0000,true,1,129966
7290016240009,false,בלנדר זכוכית 1.5 ליט,,,בלנדר זכוכית 1.5 ליט,Unknown,0.00,יחידה,false,,169.90,0.0000,true,1,188007
7290016240108,false,מקל בלנדר מעוצב אדום,,,מקל בלנדר מעוצב אדום,Unknown,0.00,יחידה,false,,149.90,0.0000,true,1,184612
7290016240757,false,קוצץ מזון מהיר זכוכי,,,קוצץ מזון מהיר זכוכי,Unknown,0.00,יחידה,false,,135.00,0.0000,true,1,184638
7290016240818,false,מטחנת קפה ותבלינים מ,,,מטחנת קפה ותבלינים מ,Unknown,0.00,יחידה,false,,85.00,0.0000,true,1,184643
7290016240979,false,מפזר חום לאמבטיה לבן,,,מפזר חום לאמבטיה לבן,Unknown,0.00,יחידה,false,,149.90,0.0000,true,1,188041
7290016246193,false,חטיף חלבה לוקמי 300 ג' אלהילאל,,,חלווה לוקמי 20 גרם,Unknown,0.00,יחידה,false,,16.90,0.0000,true,1,130857
7290016246452,false,בארכה טחינה גולמית מעודנת שום לימון 310 גרם,רושדי תעשיות מזון בע,IL,בארכה טחנ.גולמית מעו,גרמים,310.00,100 גרם,false,,12.90,4.1613,true,1,126929
7290016246490,false,בארכה חלבה קלאסית 400 גרם,רושדי תעשיות מזון בע,IL,בארכה חלבה קלאסית 10,גרמים,400.00,100 גרם,false,,9.90,2.4750,true,1,126930
7290016284027,false,חסה הידרופונית מסולס,מעיינות הזורע,,חסה הידרו מסולסלת,Unknown,0.00,יחידה,false,,11.90,0.0000,true,1,170046
7290016299755,false,"ARGANIA מרכך קיק ללא מלחים ,ללא SLS ,ללא פארבן 400 מ""ל",ארגניה יצור ושיווק,IL,ארגניה מרכך קיק 450,Unknown,0.00,יחידה,false,,39.90,0.0000,true,1,171200
7290016299885,false,"ARGANIA מסיכה קיק לחיזוק השורש והשיערה 500 מ""ל",שיווק TEVACOM,IL,ארגניה מסיכת שיער קי,Unknown,0.00,יחידה,false,,49.90,0.0000,true,1,171201
7290016304596,false,לחמניות לסנדביץ 75 גרם,מאפית דוידוביץ ובניו,IL,10 לחמניות מיוחדות ל,Unknown,0.00,יחידה,false,,16.90,0.0000,true,1,163713
7290016319187,false,טוסו עוגיות סנדוויץ שוקו במילוי קרם שוקולד *זוג* 300 גרם,בטר אנד דיפרנט,IL,טוסו עוג.סנדביץ ט. ש,גרמים,300.00,100 גרם,false,,19.90,6.6333,true,1,161823
7290016319194,false,טוסו עוגיות סנדוויץ שוקו במילוי קרם וניל *זוג* 300 גרם,אפיפית,IL,טוסו עוג.סנדביץ ט.שו,גרמים,150.00,100 גרם,false,,19.90,13.2667,true,1,161824
7290016319309,false,סבון נוזלי מאסק קלאסי+משאבה פמלי 1 ל,הנסיך- מפעל לייצור ט,IL,פמלי אלסבון מאסק 1,קילוגרמים,1.00,ליטר,false,,12.90,12.9000,true,1,138200
7290016321678,false,מגבונים לחים בניחוח מרענן עם תמציות קמומיל ואלוורה,עלבד משואות יצחק,IL,פרש וואנס קאר עם ביש,Unknown,4.00,יחידה,false,,16.90,4.2250,true,1,111251
7290016321883,false,פרשוואנס נייר טואלט מתכלה לילדים -מארז שלישייה,עלבד משואות יצחק,IL,פרשוואנס נייר טואלט,Unknown,0.00,יחידה,false,,14.90,0.0000,true,1,138219
7290016321890,false,פרשוואנס נייר טואלט מתכלה למבוגרים -מארז שלישייה,עלבד משואות יצחק,IL,פרשוואנס נייר טואלט,Unknown,0.00,יחידה,false,,14.90,0.0000,true,1,138220
7290016329261,false,סרקל מתיר קשרים ספריי רציףף 300 מ'ל,פישר מעבדות פרמצבטיות בע,IL,סרקל מתיר קשרים ספרי,מיליליטרים,300.00,"100 מ""ל",false,,34.90,11.6333,true,1,136954
7290016329278,false,קמיל בלו מגבונים מילוי 64 יח רביעייה,פישר מעבדות פרמצבטיות בע,IL,רביעיית מגבוני קמיל,Unknown,0.00,יחידה,false,,19.90,0.0000,true,1,111228
7290016329308,false,"ד""ר פישר - סרקל קרם רוזמרין לשיער מתולתל 325 מ""ל",פישר מעבדות פרמצבטיות בע,IL,סרקל קרם רוזמרין לשי,Unknown,0.00,יחידה,false,,26.00,0.0000,true,1,111229
7290016370270,false,זית קלמטה מגולען 560 ג' -יבנה,קבוצת יבנה,IL,חרוזית קלמטה A-2 יבנ,Unknown,0.00,יחידה,false,,11.90,0.0000,true,1,172646
7290016372342,false,עגבניות חתוך קוביות גראנד איטליה מארז 400X3ג',גרנד איטליה Grand Italia,IT,עגבניות חתוכות לקובי,פריט,1.20,"ק""ג",false,,17.90,14.9167,true,1,129702
7290016372458,false,חליטת לימונית ולואיזה הגן הקסום ויסוצקי 50 יחידות,תה ויסוצקי,IL,גן קסום לימונית ולוא,Unknown,0.00,יחידה,false,,34.90,0.0000,true,1,129707
7290016372496,false,חליטת פירות וצמחים בטעם ג'ינג'ר ודבש -אפקט הג'ינג'ר,תה ויסוצקי,IL,סודות הצמחים חליטת ג,Unknown,0.00,יחידה,false,,23.90,0.0000,true,1,129711
7290016387339,false,מטליות מיקרופייבר ג'מבו לרצפה זוג,,CN,שייני מטליות מיקרופי,Unknown,0.00,יחידה,false,,17.90,0.0000,true,1,145095
7290016387841,false,אטבי כביסה JOY צבעוני שייני 50 יחידות,GUANGDONG,CN,50 אטבי ג'וי JOY צבע,Unknown,0.00,יחידה,false,,10.00,0.0000,true,1,145110
7290016387926,false,מפה נצמדת עם גומי היקפי 75*180,מ.א ייצור ושיווק מטל,CN,מפה נצמדת עם גומי הי,Unknown,0.00,יחידה,false,,19.90,0.0000,true,1,145111
7290016407020,false,קטשופ תלס 560 גרם,,,קטשופ תלס 560 גרם,גרמים,560.00,100 גרם,false,,6.90,1.2321,true,1,169846
7290016408294,false,"מרשמלו ורוד לבן וסטהיים 150 ג', 26 בקרטון",מנדלז סי.אר. פרודקשן,IL,מרשמלו ורוד לבן 150,גרמים,150.00,100 גרם,false,,5.90,3.9333,true,1,147305
7290016416961,false,מוס גבינה תות שדה קפולסקי 400 גרם,קפולסקי שיווק וקמעונ,IL,עוגת מוס גבינה תות ש,גרמים,400.00,100 גרם,false,,39.90,9.9750,true,1,148364
7290016416992,false,עוגת דובוש בסקוויטים קפולסקי 400 גרם,תופינים מקבוצת קפולסקי,IL,עוגת דובוש בסקוויטים,גרמים,400.00,100 גרם,false,,39.90,9.9750,true,1,148367
7290016437607,false,קוטקס - תחתונים סופגים לנשים לאחר לידה לארג' 8 יח',חוגלה קימברלי,KR,קוטקס תחתונים אחר לי,Unknown,0.00,יחידה,false,,36.90,0.0000,true,1,166793
7290016437621,false,חיתולי האגיס פרידום דריי pants מידה 4 36 יחידות,קימברלי קלארק צ'כיה,CZ,האגיס פרידום דריי פנ,Unknown,36.00,יחידה,false,,46.90,1.3028,true,1,119182
7290016437645,false,חיתולי האגיס פרידום דריי pants מידה 5 34 יחידות,קימברלי קלארק צ'כיה,CZ,האגיס פרידום דריי פנ,Unknown,34.00,יחידה,false,,46.90,1.3794,true,1,111079
7290016437652,false,חיתולי האגיס פרידום דריי pants מידה 6 30 יחידות,קימברלי קלארק צ'כיה,CZ,האגיס פרידום דריי פנ,Unknown,30.00,יחידה,false,,46.90,1.5633,true,1,111080
7290016509786,false,פרסיל גל לכביסה לבנה וצבעונית-ירוק 2.5 ל,"הנקל סוד בע""\מ",IL,פרסיל ג'ל לכביסה לבנ,קילוגרמים,2.50,ליטר,false,,34.90,13.9600,true,1,153729
7290016509793,false,ג'ל לכביסה לבנה וצבעונית אריזת XL,"הנקל סוד בע""\מ",IL,פרסיל ג'ל לכביסה לבנ,קילוגרמים,4.00,ליטר,false,,44.90,11.2250,true,1,153730
7290016509809,false,ג'ל מרוכז לכביסה קולור 2.5 ל' פרסיל,"הנקל סוד בע""\מ",IL,פרסיל ג'ל קולור 2.5,קילוגרמים,2.50,ליטר,false,,34.90,13.9600,true,1,153731
7290016509823,false,ג'ל לכביסה לבנה וצבעונית בניחוח רענן,"הנקל סוד בע""\מ",IL,פרסיל ג'ל לכביסה לבנ,קילוגרמים,2.50,ליטר,false,,34.90,13.9600,true,1,153733
7290016509830,false,ג'ל כביסה לבגדי תינוקות ובעלי עור רגיש Sensitive,"הנקל סוד בע""\מ",IL,פרסיל ג'ל כביסה סנסי,קילוגרמים,2.50,ליטר,false,,34.90,13.9600,true,1,153734
7290016509847,false,פרסיל ג'ל לכביסה כהה בלאק 2.5 ליטר,"הנקל סוד בע""\מ",IL,פרסיל ג'ל בלאק 2.5 ל,קילוגרמים,2.50,ליטר,false,,34.90,13.9600,true,1,111263
7290016510850,false,הוואי שמפו ילדים ברבי (וחד קרן) 700 מל,"טרופיקל דגיל בע""\מ אזור",IL,הוואי שמפו ברבי ילדי,Unknown,0.00,יחידה,false,,12.90,0.0000,true,1,161609
7290016513974,false,קרפלך במילוי פטריות איי פוד 600 גרם,"אימפריאל הזרב פוד בע""מ",IL,קרפלך במילוי פטריות,גרמים,600.00,100 גרם,false,,19.90,3.3167,true,1,197151
7290016523447,false,אטריות ביצים 300 ג' (כ) (fu),פוג'יאן לונגהי אנליד,CN,מזרח ומערב אטריות בי,גרמים,300.00,100 גרם,false,,7.90,2.6333,true,1,133281
7290016523454,false,אטריות עם תרד 300 ג' (כ) (fu),ZHONGSHI XIAMEN,CN,מזרח ומערב אטריות עם,גרמים,300.00,100 גרם,false,,7.90,2.6333,true,1,133282
7290016566178,false,בקבוק טריטן ילדים,,,בקבוק טריטן ילדים,Unknown,0.00,יחידה,false,,29.90,0.0000,true,1,133186
7290016566871,false,"בקבוק טרמי כוס מכסה 470 מ""ל",,,בקבוק טרמי כוס מכסה,Unknown,0.00,יחידה,false,,49.90,0.0000,true,1,190611
7290016607772,false,"יין רוזה גליל דלתון 750 מ""ל","איי, בי, אינבוו",IL,רוזה דלתון,מיליליטרים,750.00,"100 מ""ל",false,,59.90,7.9867,true,1,167700
7290016621013,false,"ד""ר פישר - קרם גוף קמיל בלו 500 מ""ל",פישר מעבדות פרמצבטיות בע,IL,קמיל בלו קרם גוף לתי,מיליליטרים,500.00,"100 מ""ל",false,,29.90,5.9800,true,1,136959
7290016621341,false,אל סבון היגייני לניקוי יסודי קמיל Clean & Moisture,פישר מעבדות פרמצבטיות בע,IL,קמיל אל סבון ניקיון,קילוגרמים,1.00,ליטר,false,,16.90,16.9000,true,1,136960
7290016621358,false,"ד""ר פישר - קמיל אל סבון ניקיון והזנה ורוד 1 ליטר",פישר מעבדות פרמצבטיות בע,IL,קמיל אל סבון ניקיון,קילוגרמים,1.00,ליטר,false,,16.90,16.9000,true,1,136961
7290016621365,false,אל סבון היגייני לניקוי יסודי קמיל Clean & Moisture,פישר מעבדות פרמצבטיות בע,IL,קמיל אל סבון ניקיון,קילוגרמים,1.00,ליטר,false,,16.90,16.9000,true,1,136962
7290016682182,false,שייק תמר בננה מופחת סוכר 1 ליטר פרי ניב,פריניב בעמ,IL,שייק תמר בננה מופחת,קילוגרמים,1.00,ליטר,false,,15.90,15.9000,true,1,130537
7290016682199,false,פריניב שייק תות בננה מופחת סוכר 1 ליטר,פריניב בעמ,IL,שייק תות בננה מופחת,קילוגרמים,1.00,ליטר,false,,15.90,15.9000,true,1,130538
7290016682328,false,מיץ תפוזים 100% מרכז פריניב 2 ליטר,פרי ניב,IL,מיץ תפוזים עשוי מרכז,קילוגרמים,2.00,ליטר,false,,22.90,11.4500,true,1,189794
7290016682335,false,מיץ תפוזים סחוט פריניב 2 ליטר,פרי ניב,IL,מיץ תפוזים 2 ליטר פר,קילוגרמים,2.00,ליטר,false,,24.90,12.4500,true,1,189789
7290016682342,false,מיץ תפוזים וולנסיה פרי ניב 2 ליטר-,פרי ניב,IL,100% מיץ תפוזים סחוט,קילוגרמים,2.00,ליטר,false,,28.90,14.4500,true,1,189795
7290016682359,false,מיץ תפוזים שמוטי פרי ניב 2 ליטר-,פרי ניב,IL,100% מיץ תפוזים סחוט,קילוגרמים,2.00,ליטר,false,,28.90,14.4500,true,1,189796
7290016682380,false,מיץ טבעי לימונדה ולואיזה פרי ניב 2 ליטר-,פרי ניב,IL,משקה קל לימונדה בטעם,קילוגרמים,2.00,ליטר,false,,24.90,12.4500,true,1,189793
7290016682397,false,מיץ חמוציות פרי ניב 2 ליטר-,פרי ניב,IL,מיץ חמוציות 2 ליטר,קילוגרמים,2.00,ליטר,false,,24.90,12.4500,true,1,189792
7290016717051,false,משקה Buzz מוגז בטעם רימון מבוסס יין אדום מתוק,יקבי כרמל Carmel Winery,IL,"באז רימון 750 מ""ל",מיליליטרים,750.00,"100 מ""ל",false,,24.90,3.3200,true,1,112299
7290016717976,false,"יין סלקטד באז אפרסק כרמל 750 מ""ל",כרמל מזרחי,IL,"באז אפרסק 750 מ""ל",מיליליטרים,750.00,"100 מ""ל",false,,24.90,3.3200,true,1,159817
7290016750010,false,ONE Aכבל התנעה 900,,,ONE Aכבל התנעה 900,Unknown,0.00,יחידה,false,,99.90,0.0000,true,1,130758
7290016829938,false,קליפס בננה שחור,,,קליפס בננה שחור,Unknown,0.00,יחידה,false,,9.90,0.0000,true,1,155062
7290016866643,false,פרודונטקס מ.שיניים אקסטרה פרש 75 מל,פרודונטקס Parodontax,SK,משחת פרודנטקס פרש 75,Unknown,0.00,יחידה,false,,29.90,0.0000,true,1,111475
7290016866650,false,"פרודונטקס - משחת שיניים אוריג'ינל 75 מ""ל",פרודונטקס Parodontax,SK,משחת פרודנטקס אוריג',Unknown,0.00,יחידה,false,,29.90,0.0000,true,1,111176
7290016866667,false,"פרודונטקס - משחת שיניים ללא פלאוריד 75 מ""ל",פרודונטקס Parodontax,SK,משחת פרודנטקס ללא פל,Unknown,0.00,יחידה,false,,29.90,0.0000,true,1,111177
7290016866674,false,"פרודונטקס - משחת שיניים מלבינה 75 מ""ל",פרודונטקס Parodontax,SK,משחת פרודנטקס מלבינה,Unknown,0.00,יחידה,false,,29.90,0.0000,true,1,111178
7290016866711,false,"סטייל מרכך לשיער קרטין פלוס לאחר החלקה, 750 מ""ל",סטייל Style,IL,מרכך קרטין+E,Unknown,0.00,יחידה,false,,22.90,0.0000,true,1,161153
7290016883176,false,"מוזלי פתיתי שיבולת שועל עם שוקולד מריר ושבבי קוקוס 1 ק""ג","דין שיווק וקלייה בע""",MK,שקדיה מוזלי 47% דגני,גרמים,1000.00,100 גרם,false,,21.90,2.1900,true,1,182366
7290016898040,false,מכסה לסיר אלומיניום בינוני ר.שמאי מארז 2יח',,IL,מכסה לסיר אלומ'=בינו,Unknown,0.00,יחידה,false,,4.90,0.0000,true,1,152177
7290016898064,false,תבניות גדולות מקרטון שמאי 4 יח',,,תבניות גדולות קרטון,Unknown,0.00,יחידה,false,,9.90,0.0000,true,1,173393
7290016898088,false,מטליות לחות לניקוי רצפות שמאי 10 יח',,IL,מטליות לחות לניקוי ר,Unknown,0.00,יחידה,false,,8.90,0.0000,true,1,152181
7290016898095,false,שלישיית מגבונים נייר טואלט לחים נשטפים באסלה שלשות 40 יח' שמאי,,,ר.שמאי מגבונים לחים,גרמים,800.00,100 גרם,false,,11.90,1.4875,true,1,152182
7290016898279,false,סלטיות גדולות צבעוני שמאי 10 יח',,IL,שמאי - סלטיות גדולות,Unknown,0.00,יחידה,false,,10.90,0.0000,true,1,152195
7290016898293,false,מגש לאירוח אובלי קטן שקוף קשיח אחת שתיים שמאי,,,מגש לאירוח אובלי קטן,Unknown,0.00,יחידה,false,,7.90,0.0000,true,1,152197
7290016898323,false,"כוסות קרטון 10OZ איכותי ח""פ 50 יח'",ר.שמאי,CN,שמאי - קפה לדרך 10OZ,Unknown,0.00,יחידה,false,,13.90,0.0000,true,1,152200
7290016898590,false,תבניות פרימיום רוסטר ענק ארוז שמאי 3 יח',,,תבניות פרימיום רוסטר,Unknown,0.00,יחידה,false,,9.90,0.0000,true,1,180099
7290016898613,false,תבניות פרימיום גסטרונום בייתי ארוז שמאי 2 יח',,,תבניות פרימיום גסטרו,Unknown,0.00,יחידה,false,,9.90,0.0000,true,1,152212
7290016898705,false,שקיות נייר לכריכים 19/24 שמאי 50 יח',,,ר.שמאי שקיות נייר לכ,Unknown,0.00,יחידה,false,,7.90,0.0000,true,1,197534
7290016898736,false,גפרור בינוני ארוז של,,,גפרור בינוני ארוז של,Unknown,0.00,יחידה,false,,7.90,0.0000,true,1,152215
7290016898842,false,מפיות מנוקדות שמאי 80 יחידות,,IL,מפיות 80 יח' מנוקדות,Unknown,0.00,יחידה,false,,5.90,0.0000,true,1,152221
7290016912463,false,קמיל בלו NATURE משחת החתלה לתינוק 100 גר,פישר מעבדות פרמצבטיות בע,IL,קמיל בלו NATURE משחת,מיליליטרים,100.00,"100 מ""ל",false,,29.90,29.9000,true,1,136971
7290016912494,false,"ד""ר פישר - אפקטיב קר תרחיץ פנים לכל סוגי העור 180 מ""ל",פישר מעבדות פרמצבטיות בע,IL,אפקטיב קר תרחיץ פנים,מיליליטרים,180.00,"100 מ""ל",false,,17.90,9.9444,true,1,136972
7290016912500,false,"ד""ר פישר - אפקטיב קר תרחיץ פנים לעור רגיש 180 מ""ל",פישר מעבדות פרמצבטיות בע,IL,אפקטיב קר תרחיץ פנים,מיליליטרים,180.00,"100 מ""ל",false,,17.90,9.9444,true,1,136973
7290016912609,false,"סרקל מסיכת הזנה לשיער ילדים 200 מ""ל",פישר מעבדות פרמצבטיות בע,IL,סרקל מסכת הזנה לשיער,מיליליטרים,200.00,"100 מ""ל",false,,24.90,12.4500,true,1,136974
7290016912616,false,סרקל שמפו לילדים לשיער בהיר - בלונדיני,פישר מעבדות פרמצבטיות,IL,סרקל בלונד שמפו 1 לי,קילוגרמים,1.00,ליטר,false,,29.90,29.9000,true,1,136975
7290016945034,false,עגבניות מגי,,,עגבניות מגי,קילוגרמים,1.00,"ק""ג",true,,9.90,9.9000,true,1,138924
7290016967074,false,לחם חיטה מלאה עם גרעינים ודגנים,מאפיית שלמה א. אנג'\ל בע,IL,לחם אנג'ל חיטה מלאה,Unknown,0.00,יחידה,false,,16.90,0.0000,true,1,114552
7290016998160,false,עגבניות מגי,,,עגבניות מגי,קילוגרמים,1.00,"ק""ג",true,,9.90,9.9000,true,1,182265
7290016998207,false,לקט קסם השדה נטורזה,,,לקט קסם השדה 350 גרם,Unknown,0.00,יחידה,false,,10.50,0.0000,true,1,168112
7290017002873,false,פראנס ביוטי שעווה פ,,,פראנס ביוטי שעווה פ,Unknown,0.00,יחידה,false,,24.90,0.0000,true,1,160003
7290017023212,false,"שוויפס מוגז פירות תפוח מארז רביעייה* 330 מ""ל",יפאורה תבורי בעמ,IL,שוופס מוגז פירות תפו,קילוגרמים,1.32,ליטר,false,,13.90,10.5303,true,1,120535
7290017023229,false,"שוויפס מוגז פירות תות ליים מארז רביעיה* 330 מ""ל",יפאורה תבורי בעמ,IL,שוופס מוגז פירות תות,קילוגרמים,1.32,ליטר,false,,13.90,10.5303,true,1,120536
7290017023236,false,"משקה מוגז שוופס מיץ פירות ענבים מארז 330X4מ""ל",יפאורה תבורי בעמ,IL,שוופס מוגז פירות ענב,קילוגרמים,1.32,ליטר,false,,13.90,10.5303,true,1,120537
7290017023809,false,"רביעיית ספרינג 250 מ""ל אגס סברס תפוח","יפאורה תבורי בע""\מ",IL,ספרינג תפוח אגס סברס,,1000.00,100 מל,false,,12.90,0.0129,true,1,120559
7290017023823,false,"רביעיית ספרינג תות בננה 250 מ""ל","יפאורה תבורי בע""\מ",IL,ספרינג תות בננה 250,,1000.00,100 מל,false,,12.90,0.0129,true,1,120561
7290017023854,false,מי סודה בקבוקים אישיים - מארז 4 יח',יפאורה תבורי בעמ,IL,שוופס סודה 250 מל (4,,1000.00,100 מל,false,,12.90,0.0129,true,1,120563
7290017023861,false,סודה בטעם לימון בקבוקים אישיים - מארז 4 יח',יפאורה תבורי בעמ,IL,שוופס סודה לימון 250,,1000.00,100 מל,false,,12.90,0.0129,true,1,120564
7290017023878,false,סודה בטעם נענע ליים בקבוקים אישיים - מארז 4 יח',יפאורה תבורי בעמ,IL,שוופס סודה נענע ליים,,1000.00,100 מל,false,,12.90,0.0129,true,1,120565
7290017031705,false,"סנסודיין משחת שיניים קלין & פרש 75 מ""ל",גלקסוס סמית קליין,SK,סנסודיין קלין & פרש,Unknown,0.00,יחידה,false,,21.90,0.0000,true,1,111476
7290017031859,false,"פרודונטקס - משחת שיניים אולטרא קלין 75 מ""ל","מאסטרפוד אוסטריה בע""מ",SK,פרדונטקס אלטרא קלין,Unknown,0.00,יחידה,false,,29.90,0.0000,true,1,197224
7290017044019,false,אסותא דלי מטליות לחות לנ.,טרופיקל דגיל,,אסותא דלי מטליות לחו,Unknown,0.00,יחידה,false,,19.90,0.0000,true,1,125956
7290017044071,false,אסותא דלי מטליות לחות לנ.,טרופיקל דגיל,,אסותא דלי מטליות תפו,Unknown,0.00,יחידה,false,,19.90,0.0000,true,1,125957
7290017058009,false,שימורי אנשובי עם צלפים 45 ג' תומר,,IL,אנשובי בפח עם צלפים,Unknown,0.00,יחידה,false,,7.90,0.0000,true,1,129968
7290017058092,false,שיבולת שועל שלמה 600 גר גוד מורנינג,,LT,שיבולת שועל 600 גרם,גרמים,600.00,100 גרם,false,,6.90,1.1500,true,1,129973
7290017058177,false,אנשובי בצנצנת עם צילי חריף 100 גרם,,IL,אנשובי צנצנת עם צ'יל,Unknown,0.00,יחידה,false,,9.90,0.0000,true,1,129976
7290017058269,false,אטריות פוזילי קרטוני,pol foods,PL,תומר אטריות פוזילי ל,גרמים,250.00,100 גרם,false,,5.90,2.3600,true,1,183743
7290017058573,false,תומר פרוסות פלפל חלפיניו בחומץ 340 גרם,אינדיה אגרו אקספורט,IN,פלפל חלפיניו בצנצ' פ,Unknown,0.00,יחידה,false,,7.90,0.0000,true,1,129996
7290017058818,false,תרסיס שמן קנולה בטעם חמאה,,TR,תרסיס שמן טעם חמאה,Unknown,0.00,יחידה,false,,13.90,0.0000,true,1,178117
7290017058832,false,תרסיס שמן חמניות תומר 142 גרם,,TR,תרסיס שמן חמניות 14,גרמים,142.00,100 גרם,false,,13.90,9.7887,true,1,178123
7290017065007,false,פרוסות גבינה מוצרלה חצי קשה 22% שומן 200 ג' גד,מחלבות גד בעמ,IL,גד מוצרלה פרוסה 200,גרמים,200.00,100 גרם,false,,20.90,10.4500,true,1,146693
7290017065137,false,גבינת ריקוטה למריחה 5% טבעית 200ג' גד,האי נאם סי או אל.טי.,IL,גד ריקוטה למריחה טבע,גרמים,200.00,100 גרם,false,,10.90,5.4500,true,1,146695
7290017065144,false,ריקוטה למריחה בתוספת בזיליקום 5% גד 200 גם,האי נאם סי או אל.טי.,IL,גד ריקוטה למריחה עם,גרמים,200.00,100 גרם,false,,10.90,5.4500,true,1,146696
7290017065168,false,גבינה כחולה denish blue cheese 100 גרם,ST.CLEMENS-BOMHOLMWS,DK,גד גבינה כחולה 100 ג,גרמים,100.00,100 גרם,false,,19.90,19.9000,true,1,146698
7290017065175,false,גבינה חצי קשה במעטפת סידן 36% שומן,הנסיך- מפעל לייצור ט,ES,גד מנצ'גו פרוס 150 ג,גרמים,150.00,100 גרם,false,,24.90,16.6000,true,1,187830
7290017065212,false,גבינת קרם מסקרפונה מחלבות גד 250 גר,מיוצר עי קוד יצרן ED,IL,קרם מסקרפונה גד 250,גרמים,250.00,100 גרם,false,,23.90,9.5600,true,1,146701
7290017065236,false,גבינה בולגרית מעודנת 24% גד 250 גרם,הנסיך- מפעל לייצור ט,IL,גד בולגרית מעודנת 24,גרמים,250.00,100 גרם,false,,24.90,9.9600,true,1,146702
7290017065526,false,קוואטרו פורמאג'י 4 גבינות מגוררות 26%,מחלבות גד בעמ,IL,קוואטרו פורמאג'י 300,גרמים,300.00,100 גרם,false,,31.90,10.6333,true,1,146719
7290017065588,false,יוגורט יווני 10% שומן 600 ג' גד,"מיוצר ע""\י קוד יצרן MKN",IL,יוגורט יווני 600 גרם,גרמים,600.00,100 גרם,false,,19.90,3.3167,true,1,159517
7290017065618,false,גבינת פקורינו פרוס מחלב כבשים,הנסיך- מפעל לייצור ט,ES,פקורינו פרוס 150 גרם,גרמים,150.00,100 גרם,false,,24.90,16.6000,true,1,159513
7290017065649,false,קרם פטיסייר מחלבות ג,מיוצר עי קוד יצרן ED,IL,קרם פטיסייר 250 גרם,גרמים,250.00,100 גרם,false,,23.90,9.5600,true,1,159515
7290017065731,false,גבינת שמנת עם כמהין 30% ניו יורק 200 ג',פ.פ.ח. שאביט,IL,גד גבינת שמנת ניו יו,גרמים,200.00,100 גרם,false,,14.90,7.4500,true,1,180885
7290017065786,false,"גבינת צ`דר מחלבות גד , 210 גרם","מחלבות גד בע""\מ",IL,צ'דר 210 גרם,גרמים,200.00,100 גרם,false,,23.90,11.9500,true,1,186789
7290017065861,false,רוטב פקורינו ופלפל שחור קאצ'יו אה פפה 200 ג' גד,גבינות מדף,IL,קאצ'יו אה פפה- רוטב,גרמים,200.00,100 גרם,false,,17.90,8.9500,true,1,196828
7290017065878,false,רוטב לפסטה מק אנד צ'יז גד 200 גרם,גבינות מדף,IL,מק אנד צ'יז,גרמים,200.00,100 גרם,false,,17.90,8.9500,true,1,196830
7290017068893,false,ג'לי דגיגים בציפוי סוכר 350 גרם,מיה תעשיות מזון בעמ,IL,גלי דגיגים בציפוי סו,גרמים,350.00,100 גרם,false,,14.90,4.2571,true,1,164528
7290017088051,false,בייביסיטר - חיתולי סטנדרט מידה 3 - 52 יח',די.פי.אל תעשיות מוצרים ח,IL,בייביסיטר סטנדרט מיד,Unknown,0.00,יחידה,false,,39.90,0.0000,true,1,158448
7290017088068,false,בייביסיטר - חיתולי סטנדרט מידה 4 - 42 יח',די.פי.אל תעשיות מוצרים ח,IL,בייביסטר סטנדרט מיד4,Unknown,0.00,יחידה,false,,39.90,0.0000,true,1,158449
7290017088075,false,בייביסיטר - חיתולי סטנדרט מידה 4+ - 40 יח',די.פי.אל תעשיות מוצרים ח,IL,בייביסטר סטנדרט מידה,Unknown,0.00,יחידה,false,,39.90,0.0000,true,1,158456
7290017088082,false,בייביסיטר - חיתולי סטנדרט מידה 5 - 36 יח',די.פי.אל תעשיות מוצרים ח,IL,בייביסטר סטנדרט מידה,Unknown,0.00,יחידה,false,,39.90,0.0000,true,1,158457
7290017088099,false,בייביסיטר - חיתולי סטנדרט מידה 6 - 30 יח',די.פי.אל תעשיות מוצרים ח,IL,בייביסטר סטנדרט מידה,Unknown,0.00,יחידה,false,,39.90,0.0000,true,1,158458
7290017088327,false,רבעיית מגבונים בייביסיטר אקסטרא סופט ללא בישום 64 יחידות,די.פי.אל בעמ,IL,מגבון בייביסיטר64*4,Unknown,0.00,יחידה,false,,14.90,0.0000,true,1,160261
7290017088464,false,תחבושות סופגנית מקסי לונג טופ פד 20 יח',D.P.L,IT,טופ פד סופגנית מקסי,Unknown,0.00,יחידה,false,,19.90,0.0000,true,1,164681
7290017088693,false,קוויק מטליות לחות לניקוי וחיטוי רצפות ניחוח לוונדר 10 יחידות,די.פי.אל,IL,קוויק מטליות לחות לנ,Unknown,0.00,יחידה,false,,11.90,0.0000,true,1,158463
7290017088815,false,בריז תחבושות לבריחת שתן נורמל 12 יח,ניאופארם,IT,תחבושות בריז נורמל 1,Unknown,0.00,יחידה,false,,18.90,0.0000,true,1,180277
7290017088822,false,BREEZE תחבושות לבריחת שתן אקסטרה (10 יח'),ניאופארם,IT,תחבושות פריז אקסטרא,Unknown,0.00,יחידה,false,,18.90,0.0000,true,1,180278
7290017100142,false,כוסיות יין 100cc שמאי ארוז 50 יח',,CN,ר.שמאי כוסות יין ארו,Unknown,0.00,יחידה,false,,4.90,0.0000,true,1,152228
7290017105062,false,גרגירי חומוס שלם יכין הקטניה הטובה 200 ג,היינץ צפון אמריקה מק,IL,יכין חומוס הקטניה הט,Unknown,0.00,יחידה,false,,4.90,0.0000,true,1,111667
7290017105079,false,שעועית לבנה ברוטב עגבניות יכין הקטניה הט,היינץ צפון אמריקה מק,IL,יכין שעועית אפויה הק,Unknown,0.00,יחידה,false,,4.90,0.0000,true,1,111668
7290017105086,false,שימורי יכין שעועית צילי 200 גר,"זנלכל בע""\מ",IL,יכין שעועית צילי הקט,Unknown,0.00,יחידה,false,,4.90,0.0000,true,1,111669
7290017105116,false,תורמוס הקטניה הטובה יכין 200/105 גרם,"זנלכל בע""\מ",IL,יכין תורמוס הקטניה ה,Unknown,0.00,יחידה,false,,4.90,0.0000,true,1,111672
7290017105369,false,סירופ דיאט בטעם תה אפרסק יכין 1ליטר,זנלכל,IL,תה אפרסק דיאט 1 ליט,קילוגרמים,1.00,ליטר,false,,16.90,16.9000,true,1,118734
7290017105383,false,שלישיית תירס קיד יכין 3*200 גרם,זנלכל,IL,שלישיית תירס קיד 200,גרמים,600.00,100 גרם,false,,14.90,2.4833,true,1,118735
7290017105468,false,אפונה גינה עדינה ואקום יכין שלישיה * 200 ג',קשקמט קונסרב הונגריה,IL,יכין אפונה 3* 200 גר,Unknown,0.00,יחידה,false,,14.90,0.0000,true,1,118738
7290017105895,false,גרגרי חומוס להכנת חומוס משובח יכין 560 ג,זנלכל,IL,גרגרי חומוס מסעדות י,גרמים,550.00,100 גרם,false,,9.90,1.8000,true,1,165414
7290017106069,false,יכין קוביות סלק מבושלות 550 גרם,היינץ צפון אמריקה מק,IL,קוביות סלק 550 גרם,גרמים,550.00,100 גרם,false,,9.90,1.8000,true,1,156838
7290017121048,false,"פלפל צ'ומה 250 גרם ""עללחם""","מדשא תעשיות מזון בע""\מ",IL,פלפל צ'ומה עללחם 25,גרמים,250.00,100 גרם,false,,13.90,5.5600,true,1,139939
7290017121086,false,"אריסה ביתית מתוקה עללחם, 250 גרם","מדשא תעשיות מזון בע""\מ",IL,עללחם אריסה מתוקה בי,גרמים,250.00,100 גרם,false,,13.90,5.5600,true,1,195378
7290017121093,false,"אריסה חריפה 250 גרם ""עללחם""","מדשא תעשיות מזון בע""\מ",IL,עללחם אריסה חריפה 25,גרמים,250.00,100 גרם,false,,13.90,5.5600,true,1,139940
7290017129501,false,אגו מיקס כדורי תירס מצופים שוקולד לבן כרמית 55 גרם,כרמית,IL,אגו מיקס כדורי תירס,Unknown,0.00,יחידה,false,,3.90,0.0000,true,1,147359
7290017129532,false,סוכריות לקקן תות 90 גרם כרמית,שוגבי,TR,כרמית סוכריות על מקל,Unknown,0.00,יחידה,false,,7.90,0.0000,true,1,147362
7290017129617,false,לקקן קולה לימונדה 450 גרם כרמית,שוגבי,TR,סוכריות על מקל בטעם,גרמים,450.00,100 גרם,false,,19.90,4.4222,true,1,147369
7290017129624,false,כרמית לקקן ענבים תפוח 450 גרם,שוגבי,TR,סוכריות על מקל בטעם,גרמים,450.00,100 גרם,false,,19.90,4.4222,true,1,204744
7290017129761,false,שוקולד פרימיום 70% מריר בטעם תפוז כרמית 100 גרם,"כרמית תעשיות ממתקים בע""\",IL,אגו שוקולד מריר מעול,גרמים,100.00,100 גרם,false,,7.90,7.9000,true,1,147376
7290017129846,false,עוגיות מיני קוקיס בטעם קרמל בצנצנת כרמית 600 גרם,קריות זול,IL,עוגיות מיני קוקיס בט,גרמים,600.00,100 גרם,false,,18.90,3.1500,true,1,147384
7290017129877,false,מיקס לקקנים שטוחים פירות 40*7.5 גר' * 24 בקר',דורקן סקרלמה סאן. וי,TR,סוכריות על מקל שטוחו,גרמים,300.00,100 גרם,false,,11.90,3.9667,true,1,147386
7290017129884,false,חמישיות שוקולד מריר 44% 85 גר*5*12 בקרטון,"כרמית תעשיות ממתקים בע""\",IL,אגו שוקולד מריר מארז,Unknown,0.00,יחידה,false,,14.90,0.0000,true,1,147387
7290017129983,false,שוקולד צ'יפס לבן פרווה כרמית 250 גרם,"כרמית תעשיות ממתקים בע""\",IL,אגו שוקו ציפס לבן 25,גרמים,250.00,100 גרם,false,,12.90,5.1600,true,1,147391
7290017139784,false,וונדר וומן משחת שיניים,כ.צ.ט,IL,משחת שיניים וונדרוומ,Unknown,0.00,יחידה,false,,6.90,0.0000,true,1,201084
7290017142005,false,"שמן קוקוס אורגני עץ הזית צנצנת 320מ""ל",אקספלונקה,LK,שמן קוקוס אורגני כתי,,320.00,100 מל,false,,29.90,0.0934,true,1,129372
7290017142128,false,"שמן זית כתית מעולה קלאסי עץ הזית 750 מ""ל",שמן תעשיות בעמ,IT,שמן זית כתית מעולה ק,מיליליטרים,750.00,"100 מ""ל",false,,33.60,4.4800,true,1,129380
7290017142203,false,"פילה טונה פרוס עם שמן זית בטעם מעושן 120 גרם ""עץ הזית""","יוניקורד ח.צ בע""מ",TH,פילה טונה פרוס עם שמ,גרמים,120.00,100 גרם,false,,14.90,12.4167,true,1,129384
7290017142289,false,"תרסיס שמן חמניות מזוכך עץ הזית 200 מ""ל",י.ב טכנולוגיות אריזה בעמ,IT,עץ הזית תרסיס שמן חמ,,200.00,100 מל,false,,15.90,0.0795,true,1,129388
7290017142371,false,"שמן שומשום לא מזוכך עץ הזית 250 מ""ל",גאה די. או. או.,SI,שמן שומשום לא מזוכך,,250.00,100 מל,false,,29.90,0.1196,true,1,129394
7290017142500,false,תרסיס שמן זית כתית מעולה בטעם שום 150מל,קומטמפ קומפניה פורטו,IT,תרסיס שמן זית בטעם ש,,150.00,100 מל,false,,17.90,0.1193,true,1,198565
7290017197029,false,אל סבון la belle מאסק לבן 1 ל,,IL,אל סבון מאסק לבן 1 ל,Unknown,0.00,יחידה,false,,9.90,0.0000,true,1,144803
7290017197036,false,אל סבון la belle מלון פפאיה כתום 1 ל,,,אל סבון מלון פפאיה כ,Unknown,0.00,יחידה,false,,9.90,0.0000,true,1,144804
7290017197456,false,אסותא מגבוני נייר טואלט*3,טרופיקל דגיל,IL,אסותא מגבוני נייר טו,Unknown,0.00,יחידה,false,,10.90,0.0000,true,1,111696
7290017217017,false,נובי נגיסון סיליקון,,,נובי נגיסון סיליקון,Unknown,0.00,יחידה,false,,32.90,0.0000,true,1,163425
7290017217550,false,נובי נשכן קור מחזיק,,,נובי נשכן קור מחזיק,Unknown,0.00,יחידה,false,,29.90,0.0000,true,1,163427
7290017217673,false,כפפות משק בית איזי טאץ עם אלוורה S אינטרסאן,איזיטאצ,CN,כפפות משק בית עם אלו,Unknown,0.00,יחידה,false,,7.90,0.0000,true,1,168155
7290017217697,false,כפפות משק בית איזי טאץ עם אלוורה L אינטרסאן,,,כפפות משק בית עם אלו,Unknown,0.00,יחידה,false,,7.90,0.0000,true,1,168157
7290017217918,false,"מדליק פחם נוזלי איזי לייט 500 מ""ל",B.V CHEMIE SEL,NL,מדליק פחם נוזלי 500,Unknown,0.00,יחידה,false,,16.90,0.0000,true,1,163386
7290017236551,false,משחה כלים אמה לימון,,,אמה משחת כלים לימון,פריט,3.50,"ק""ג",false,,22.90,6.5429,true,1,125959
7290017252315,false,עוגת שוקולד 270 גרם,,IL,עוגת שוקולד 270 גרם,גרמים,270.00,100 גרם,false,,6.90,2.5556,true,1,159146
7290017252322,false,עוגל'ה עוגת שיש 270 גרם,,IL,עוגת שיש 270 גרם,גרמים,270.00,100 גרם,false,,6.90,2.5556,true,1,159147
7290017252339,false,עוגת וניל 270 גרם,,,עוגת וניל 270 גרם,גרמים,270.00,100 גרם,false,,6.90,2.5556,true,1,159151
7290017252360,false,עוגת שוקוצי'נו 270 ג,,,עוגת שוקוצי'נו 270 ג,גרמים,270.00,100 גרם,false,,6.90,2.5556,true,1,159152
7290017252636,false,"עוגת דבש 270 גרם ""עוגלה""","אס.אף.אס מאפים בע""מ",IL,עוגת דבש עוגלה 270 ג,גרמים,270.00,100 גרם,false,,3.90,1.4444,true,1,185498
7290017266053,false,"וופל עלמה לל""ס במילוי קרם טעם לימון 175 גר",גילרו,IL,עלמה וופל קראנצ' במי,גרמים,175.00,100 גרם,false,,7.90,4.5143,true,1,152627
7290017266725,false,וופל קראנצ' במילוי בטעם שוקולד 30 יח',"גילרו בע""מ",IL,חטיף מיני קראנצ' 12,Unknown,0.00,יחידה,false,,16.90,0.0000,true,1,187775
7290017266916,false,וופלים מעולים במילוי קרם בטעם לימון SUNי 200 גרם,"גילרו בע""מ",IL,SUN וופלים במילוי קר,גרמים,200.00,100 גרם,false,,4.90,2.4500,true,1,198768
7290017275345,false,"טחינה גולמית בבקבוק לחיץ , 350 גרם אחווה",אחדות ביחר לטחינה חל,IL,טחינה גולמית בבקבוק,גרמים,350.00,100 גרם,false,,8.90,2.5429,true,1,200571
7290017275413,false,מיני קצפיות בטעם וניל אחוה 140 גרם,אחדות ביחר לטחינה חל,IL,מיני קצפיות בטעם וני,גרמים,140.00,100 גרם,false,,9.90,7.0714,true,1,200583
7290017275420,false,מיני קצפיות בטעם תות אחוה 140 גרם,אחדות ביחר לטחינה חל,IL,מיני קצפיות בטעם תות,גרמים,140.00,100 גרם,false,,9.90,7.0714,true,1,200584
7290017275444,false,מיני קצפיות בטעם ענבים אחוה 140 גרם,אחדות ביחר לטחינה חל,IL,מיני קצפיות בטעם ענב,גרמים,140.00,100 גרם,false,,9.90,7.0714,true,1,200586
7290017275710,false,חטיפי בננית במגש 12 יח' אחוה,,IL,חטיפי בננית במגש 120,Unknown,0.00,יחידה,false,,11.90,0.0000,true,1,200589
7290017275741,false,חלוה עם אגוזי לוז במגש 400 גרם אחווה,אחוה,IL,חלוה עם אגוזי לוז במ,גרמים,400.00,100 גרם,false,,13.90,3.4750,true,1,200574
7290017296159,false,גרנולה תפוח וקינמון 400 גר',אפקט טבעי,IL,גרנולה תפוח וקינמון,גרמים,400.00,100 גרם,false,,26.90,6.7250,true,1,160513
7290017297323,false,רוטב עגבניות מרוכז 22% טל וטרי 100 גרם,"מילוז(1989)בע""""מ",IL,רוטב עגבניות 100 גרם,גרמים,100.00,100 גרם,false,,2.00,2.0000,true,1,186166
7290017297620,false,רסק עגבניות A2 BX22 טל וטרי 570 גר',"מילוז(1989)בע""""מ",,רוטב עגבניות 22BX A2,גרמים,570.00,100 גרם,false,,6.90,1.2105,true,1,189129
7290017297637,false,רכז עגבניות A2 BX28 טל וטרי 580 גר',"מילוז(1989)בע""""מ",,רוטב עגבניות 28BX A2,גרמים,580.00,100 גרם,false,,7.90,1.3621,true,1,189130
7290017297743,false,צ'יפס אמריקאי פרי הגליל 800 גרם,"פרי הגליל בע""""מ",,ציפס אמריקאי 800 גרם,גרמים,800.00,100 גרם,false,,12.90,1.6125,true,1,190688
7290017303482,false,מלאווח שחף 700 גרם,,,מלאווח שחף 700 גרם,גרמים,700.00,100 גרם,false,,13.90,1.9857,true,1,131463
7290017304885,false,לחם שיפון מחיטה מלאה ללא תוספת סוכר 750 ג' אנג'ל,מאפיית שלמה א. אנג'\ל בע,IL,לחם אנגל שיפון מלא,Unknown,0.00,יחידה,false,,16.90,0.0000,true,1,114554
7290017339610,false,חלה בריוש 6 כדורים ה,המחמצת,IL,חלה בריוש 600 גרם 6,גרמים,600.00,100 גרם,false,,16.90,2.8167,true,1,196948
7290017339627,false,חלת בריוש כתר המחמצת,המחמצת,IL,חלה כתר בריוש 600 גר,גרמים,600.00,100 גרם,false,,16.90,2.8167,true,1,196895
7290017374390,false,סט שרותים מיוחד PINA,,IT,סט שירותים Torino,Unknown,0.00,יחידה,false,,19.90,0.0000,true,1,145118
7290017396033,false,מארז בייגל רומני שומ,המחמצת,IL,מארז בייגל רומני שומ,Unknown,0.00,יחידה,false,,16.90,0.0000,true,1,196893
7290017396071,false,לחמניות המבורגר פרימ,המחמצת,IL,מארז המבורגר X פרימי,Unknown,0.00,יחידה,false,,16.90,0.0000,true,1,196897
7290017396187,false,לחם קלמטה אובלי המחמ,המחמצת,IL,לחם קלמטה אובלי 600,גרמים,600.00,100 גרם,false,,16.90,2.8167,true,1,196890
7290017396217,false,לחם דגנים אובלי המחמ,המחמצת,IL,לחם דגנים אובלי 600,גרמים,600.00,100 גרם,false,,16.90,2.8167,true,1,196949
7290017396224,false,לחם כוסמין אובלי המח,המחמצת,IL,לחם כוסמין אובלי 600,גרמים,600.00,100 גרם,false,,16.90,2.8167,true,1,196891
7290017396248,false,לחמניות מיני המבורגר,המחמצת,IL,המחמצת מארז לחמניות,Unknown,0.00,יחידה,false,,16.90,0.0000,true,1,196914
7290017396293,false,לחם כפרי צרפתי אובלי,המחמצת,IL,לחם כפרי צרפתי מלא א,גרמים,600.00,100 גרם,false,,16.90,2.8167,true,1,196892
7290017440248,false,סרקל מרכך לילדים לשיער מתולתל 1 ליטר,פישר מעבדות פרמצבטיות בע,IL,סרקל מרכך מתולתל 1 ל,Unknown,0.00,יחידה,false,,29.90,0.0000,true,1,136987
7290017440279,false,"ד""ר פישר - קידס אל סבון ויטמינים 750 מ""ל",פישר תעשיות,IL,"אל סבון קידס 750 מ""ל",מיליליטרים,750.00,"100 מ""ל",false,,16.90,2.2533,true,1,111517
7290017440323,false,"ד""ר פישר - קידס שמפו + מרכך ויטמינים 750 מ""ל","ד""ר פישר Dr fischer",IL,שמפו + מרכך קידס 750,מיליליטרים,750.00,"100 מ""ל",false,,16.90,2.2533,true,1,111520
7290017440682,false,ד.פישר בלונד שמפו לשיער בהיר,"ד""ר פישר Dr fischer",IL,"ד""ר פישר שמפו בלונד",Unknown,0.00,יחידה,false,,29.90,0.0000,true,1,136988
7290017440699,false,ד.פישר בלונד מרכך לשיער בהיר 400 מל,CHEMIPAL FISHER (BIO,IL,"ד""ר פישר מרכך בלונד",Unknown,0.00,יחידה,false,,29.90,0.0000,true,1,136989
7290017457581,false,"סוד מרכך כביסה מרוכז קוקוס 900 מ""ל",הנקל סוד,IL,COCONUT WATER סוד מר,מיליליטרים,900.00,"100 מ""ל",false,,11.90,1.3222,true,1,111533
7290017457598,false,"מרכך כביסה סוד מרוכז סאמר בלוסום 900 מ""ל",הנקל סוד,IL,SUMMER BLOSSOM סוד מ,מיליליטרים,900.00,"100 מ""ל",false,,11.90,1.3222,true,1,172640
7290017457727,false,"סוד כחול מרכך כביסה מרוכז20%+בישום 900 מ""ל",הנקל סוד,IL,סוד מרכך כביסה מרוכז,מיליליטרים,900.00,"100 מ""ל",false,,11.90,1.3222,true,1,111536
7290017457734,false,"סוד ורוד מרכך כביסה מרוכז20%+בישום 900 מ""ל",הנקל סוד,IL,סוד מרכך כביסה מרוכז,מיליליטרים,900.00,"100 מ""ל",false,,11.90,1.3222,true,1,111537
7290017470146,false,שיפודים במבוק עבים30 ס''מ 4 מ''מ שמאי 80 יח',,IL,שיפודי במבוק,Unknown,0.00,יחידה,false,,2.90,0.0000,true,1,165461
7290017470184,false,קש ארומה 100 יח' ב PVC ר. שמאי,,IL,ר.שמאי קש ארומה 100,Unknown,0.00,יחידה,false,,9.90,0.0000,true,1,152237
7290017470191,false,קש צבעוני פסים מתקפל 40 יחידות,,CN,שמאי - קש מתקפל 40 י,Unknown,0.00,יחידה,false,,2.50,0.0000,true,1,152238
7290017470276,false,נרות נשמה מארז שישיות 24 שעות אחת שתיים שמאי,,,ר.שמאי נרות נשמה שיש,Unknown,0.00,יחידה,false,,10.90,0.0000,true,1,152241
7290017470337,false,נפנף למנגל איכותי,,,נפנף למנגל איכותי,Unknown,0.00,יחידה,false,,3.90,0.0000,true,1,160615
7290017470399,false,מכסים לתבניות מלבן ב,,CN,ר.שמאי מכסים למגשי א,Unknown,0.00,יחידה,false,,14.90,0.0000,true,1,110506
7290017470443,false,קעריות אובלי קלאסיק לבן שמאי 10 יח',,IL,ר.שמאי קעריות אובלי,Unknown,0.00,יחידה,false,,10.90,0.0000,true,1,152245
7290017470498,false,"קערה קלאסיק 3 יח כשלפ עד""ח ר.שמאי",,,שמאי - שלישיית קערת,Unknown,0.00,יחידה,false,,12.90,0.0000,true,1,152247
7290017470610,false,צלחות קלאסיק ענק לבן שמאי 10 יח',,IL,צלחות קלאסיקענק 10 י,Unknown,0.00,יחידה,false,,24.90,0.0000,true,1,152253
7290017470627,false,צלחות קלאסיק גדול לבן שמאי 10 יח',,IL,צלחות קלאסיקגדול 10,Unknown,0.00,יחידה,false,,19.90,0.0000,true,1,152254
7290017470634,false,צלחות קלאסיק קטן לבן שמאי 10 יח',,CN,צלחות קלאסיקקטן 10 י,Unknown,0.00,יחידה,false,,14.90,0.0000,true,1,152255
7290017470641,false,מרקיות קלאסיק לבן שמאי 10 יח',,IL,מרקיות קלאסיק10 יח',Unknown,0.00,יחידה,false,,16.90,0.0000,true,1,152256
7290017470689,false,קינוחית רוז שקופה 20 יח' ר. שמאי,,,שמאי - קינוחית רוז 2,Unknown,0.00,יחידה,false,,13.90,0.0000,true,1,152258
7290017470795,false,כפות מוכסף 40 י''ח קשיח ר. שמאי,,,כפות מוכסף ארוז 40 י,Unknown,0.00,יחידה,false,,13.90,0.0000,true,1,152269
7290017470856,false,פתיל צף מוכן עגול שמאי 50 יחידות,,,פתיל צף עגול גדול 30,Unknown,0.00,יחידה,false,,3.90,0.0000,true,1,160630
7290017513485,false,מחית עגבניות רוסטיקה גרנד איטליה 680 גרם,היצרן: ס.פ. פודנצנו -10,IT,מחית עגבניות רוסטיקה,גרמים,680.00,100 גרם,false,,13.90,2.0441,true,1,129727
7290017513775,false,פליפז בייגלה מצופה שוקולד חלב מקוויטיס 140 גרם,אולקר מקבוצת פלאדיס,TR,פליפז בייגלה מצופה ש,גרמים,140.00,100 גרם,false,,8.90,6.3571,true,1,129730
7290017513782,false,פליפז בייגלה מצופה שוקולד מריר מקוויטיס 140 גרם,אולקר מקבוצת פלאדיס,TR,פליפז בייגלה מצופה ש,גרמים,140.00,100 גרם,false,,8.90,6.3571,true,1,129731
7290017589565,false,"ברקן, גוורצטרמינר לבן חצי יבש 750 מל",יקבי ברקן שיווק והפצ,IL,ברקן קלאסיק גוורצטר,,750.00,100 מל,false,,31.90,0.0425,true,1,113413
7290017589633,false,"רזרב גולד אדישיין קברנה סוביניון 750 מ""ל",יקבי ברקן Barkan,IL,רזרב קברנה סוביניון,מיליליטרים,750.00,"100 מ""ל",false,,44.90,5.9867,true,1,113414
7290017596907,false,"כוסות לשתיה חמה 220 מ""ל 40 יח'",,IL,כוסות חד פעמי קרטון,Unknown,0.00,יחידה,false,,7.90,0.0000,true,1,197364
7290017599229,false,ממתיק סוכרלוז 200 טבליות סוכרזית,"סוכרזית בע""מ",IL,סוכרזית סוכרלוז 200,,200.00,יחידו,false,,24.90,0.1245,true,1,187887
7290017599250,false,סוכרזית קלאסי 120 שקיות,ביסקול בע''מ,IL,סוכרזית קלאסי ממתיק,גרמים,100.00,100 גרם,false,,19.90,19.9000,true,1,198383
7290017599267,false,סוכרלוז 120 שקיות ממתיק שולחני,סוכרזית Sucrazit,IL,סוכרזית סוכרלוז ממת,גרמים,100.00,100 גרם,false,,29.90,29.9000,true,1,198381
7290017617046,false,נתחי טונה בשמן זית כתית מעולה רביעיה * 140 ג',סטארקיסט,TR,סטארקיסט רביעיות טונ,גרמים,560.00,100 גרם,false,,29.90,5.3393,true,1,140767
7290017617411,false,סטארקיסט מיקס סלמון עם אורז מלא וירקות 160 גרם,סטארקיסט Starkist,PL,סטארקיסט נתחי סלמון,גרמים,160.00,100 גרם,false,,14.90,9.3125,true,1,197135
7290017617435,false,סטארקיסט מיקס סלמון עם עדשים קינואה וירק 160 גרם,סטארקיסט Starkist,PL,סטארקיסט נתחי סלמון,גרמים,160.00,100 גרם,false,,14.90,9.3125,true,1,197137
7290017619293,false,מטהר גומא אפור זהב מ,,,גומא אפור זהב,Unknown,0.00,יחידה,false,,24.90,0.0000,true,1,156633
7290017619316,false,גומא אפור גבוה מוסקו מקלות,מוסקו,,גומא אפור גבוה,Unknown,0.00,יחידה,false,,24.90,0.0000,true,1,156635
7290017641515,false,"אגו מיקס כדורי שוקולד לבן כשל""פ",כרמית תעשיות ממתקים בעמ,IL,אגו מיקס כדורים פריכ,Unknown,0.00,יחידה,false,,5.90,0.0000,true,1,195876
7290017641744,false,"חטיפי קרח גדולים בטעמי פטל, לימון, ענבים ואננס",HIQ FOOD PRODUCTS,IL,איגלו סטיקס חטיפי קר,,800.00,100 מל,false,,5.90,0.0074,true,1,174992
7290017647425,false,"יין גמלא קברנה סוביניון שנת 2018 750 מ""ל",יקבי רמת הגולן,IL,יין גמלא קברנה סובינ,Unknown,0.00,יחידה,false,,74.90,0.0000,true,1,163811
7290017675008,false,"טחינה גולמית 1 ק""ג שכם היונה",היונה,IL,טחינה היונה 900 גרם,גרמים,900.00,100 גרם,false,,24.90,2.7667,true,1,127697
7290017675015,false,טחינת היונה המקורית,היוצר,IL,טחינה היונה 450 גרם,גרמים,450.00,100 גרם,false,,12.90,2.8667,true,1,127698
7290017677804,false,"רוטב סויה קיקומן ללא חומרים משמרים 444 מ""ל",קיקומן פודז אינק,US,רוטב קיקומן סויה ללא,,444.00,100 מל,false,,19.90,0.0448,true,1,187048
7290017682044,false,סט שירותים דנבר,,,סט שירותים דנבר,Unknown,0.00,יחידה,false,,16.90,0.0000,true,1,163889
7290017682334,false,מטאטא ריץ' + מקל 1.5,,TR,מטאטא ריץ' + מקל 1.5,Unknown,0.00,יחידה,false,,19.90,0.0000,true,1,157796
7290017682525,false,מארז 3יח כריות קרצוף,,IL,"בלק מג""ק שלישיית קרצ",Unknown,0.00,יחידה,false,,9.90,0.0000,true,1,163842
7290017682563,false,שיפודים חד פעמי עובי,,CN,שיפוד עובי 5 אורך 30,Unknown,0.00,יחידה,false,,5.00,0.0000,true,1,160277
7290017682617,false,מגב קלינג עם תופסן 4,,CN,מגב קלינג CLING עם ת,Unknown,0.00,יחידה,false,,16.90,0.0000,true,1,145138
7290017682631,false,מגב קלינג עם תופסן 6,,CN,מגב קלינג CLING עם ת,Unknown,0.00,יחידה,false,,16.90,0.0000,true,1,145140
7290017682945,false,מגב חד להב סיליקון+מ,,,מגב חד להב סיליקון,Unknown,0.00,יחידה,false,,29.90,0.0000,true,1,160252
7290017712239,false,פרמיו עם עוף במרקם פטה 150 גר,פרמיו Premio,FR,פרמיו פטה עוף לכלב 1,Unknown,0.00,יחידה,false,,4.90,0.0000,true,1,198676
7290017712260,false,פרמיו פטה סלמון לכלב 150ג',פרמיו Premio,FR,פרמיו פטה סלמון לכלב,Unknown,0.00,יחידה,false,,4.90,0.0000,true,1,198677
7290017712277,false,פרמיו עם כבש במרקם פטה 100 גר,פרמיו Premio,FR,פרמיו פטה כבש לכלב 1,Unknown,0.00,יחידה,false,,4.90,0.0000,true,1,198678
7290017712727,false,פרמיו גור חתולים בקר וכבד,פרמיו Premio,FR,פרמיו גור בקר וכבד 1,Unknown,0.00,יחידה,false,,4.90,0.0000,true,1,198679
7290017712758,false,פרמיו סלמון לחתול,פרמיו Premio,FR,פרמיו סלמון 100ג',Unknown,0.00,יחידה,false,,4.90,0.0000,true,1,198680
7290017712772,false,פרמיו ברק וכבד לחתול,פרמיו Premio,FR,פרמיו בקר וכבד 100ג',Unknown,0.00,יחידה,false,,4.90,0.0000,true,1,198681
7290017712789,false,פרמיו סטירליז עוף 100ג',,FR,פרמיו סטירליז עוף 10,Unknown,0.00,יחידה,false,,4.90,0.0000,true,1,198682
7290017715346,false,זית שחור טאסוס 400 גרם,מסנוי גידה רעהס,TR,זית שחור טאסוס 400 ג,גרמים,400.00,100 גרם,false,,14.90,3.7250,true,1,130038
7290017715353,false,"זיתים שחורים טאסוס 700 גרם ""תומר""",,,זית שחור טאטוס 700 ג,גרמים,700.00,100 גרם,false,,19.90,2.8429,true,1,130039
7290017715605,false,טונה מונטרי קנולה ר,,,טונה מונטרי קנולה ר,Unknown,0.00,יחידה,false,,21.90,0.0000,true,1,161961
7290017715902,false,רוטב לימון תומר 1 ליטר,,IL,תומר רוטב לימון 1 לי,קילוגרמים,1.00,ליטר,false,,5.90,5.9000,true,1,160093
7290017715964,false,"רביעיית מחית תפו""ע לל""ס ואפרסק תומר 490 גרם",Cherry growers inc,US,"מחית תפו""ע + אפרסק ל",Unknown,4.00,יחידה,false,,12.90,3.2250,true,1,173252
7290017746197,false,לחמניות המבורגר 6יחידות,מאפיית דוידוביץ ובניו בע,IL,המבורגר '5 100 גרם,Unknown,0.00,יחידה,false,,19.90,0.0000,true,1,200785
7290017812571,false,מיץ ענבים תירוש אדום 100% טבעי כרמל 1 ליטר,יקבי כרמל Carmel Winery,IL,תירוש אדום 1 ליטר,קילוגרמים,1.00,ליטר,false,,19.90,19.9000,true,1,156284
7290017812861,false,יין וינו לבן יקבי כרמל,כרמל מזרחי,IL,"וינו לבן יבש 750 מ""ל",מיליליטרים,750.00,"100 מ""ל",false,,19.90,2.6533,true,1,202271
7290017812977,false,"יין קריניאנו סלקטדאננס באז כרמל 750 מ""ל",כרמל מזרחי,IL,"באז אננס 750 מ""ל",מיליליטרים,750.00,"100 מ""ל",false,,24.90,3.3200,true,1,182633
7290017871950,false,פרשוואנס נייר טואלט לח מתכלה בניחוח לוונדר מארז שלישייה,עלבד משואות יצחק,IL,פרשוואנס נייר טואלט,Unknown,0.00,יחידה,false,,14.90,0.0000,true,1,172482
7290017872018,false,"קרם החתלה פרשוואנס קמומיל וקלנדולה 100 סמ""ק",דנשר,IL,קרם החתלה פרשוואנס ל,Unknown,0.00,יחידה,false,,12.90,0.0000,true,1,159498
7290017872162,false,טוסו - עוגיות אגוזי לוז ללא סוכר 200 גרם,"הגביע מוצרי וופלים בע""\מ",IL,טוסו עוגיות אגוזי לו,גרמים,200.00,100 גרם,false,,19.90,9.9500,true,1,161539
7290017872186,false,טוסו - עוגיות פקאן ללא סוכר 200 גרם,"הגביע מוצרי וופלים בע""\מ",IL,טוסו עוגיות פקאן 200,גרמים,200.00,100 גרם,false,,19.90,9.9500,true,1,161541
7290017888033,false,"משקה בננה מלון נענע פרות &ווג 350 מ""ל",פרוט אנד וג' Fruit & Veg,IL,פרוט & ווג' בננה מלו,,350.00,100 מל,false,,7.00,0.0200,true,1,120574
7290017888095,false,"שוופס מוגז עדין פירות יער פחיות רביעייה 330 מ""ל",יפאורה תבורי בעמ,IL,שוופס מוגז עדין פירו,קילוגרמים,1.32,ליטר,false,,13.90,10.5303,true,1,173586
7290017888101,false,"שוויפס מוגז עדין אפרסק מארז רביעייה* 330 מ""ל",יפאורה תבורי בעמ,IL,שוופס מוגז עדין אפרס,קילוגרמים,1.32,ליטר,false,,13.90,10.5303,true,1,173730
7290017888347,false,מי עדן פקק ספורטאים 500,"מי עדן בע""מ",IL,מי עדן ספורט בקבוק ב,מיליליטרים,500.00,"100 מ""ל",false,,5.00,1.0000,true,1,158605
7290017888361,false,"מי עדן בייבי 250 מ""ל","מי עדן בע""מ",,"מי עדן בייבי 250 מ""ל",מיליליטרים,250.00,"100 מ""ל",false,,3.90,1.5600,true,1,185433
7290017909226,false,"ביו ווק 30 ס""מ ידית",,,"ביו ווק 30 ס""מ ידית",Unknown,0.00,יחידה,false,,79.90,0.0000,true,1,179690
7290017913186,false,מרכך כביסה מרוכז 1 ל,,TR,אסותא מרכך מרוכז 1 ל,קילוגרמים,1.00,ליטר,false,,9.90,9.9000,true,1,111701
7290017913193,false,מרכך כביסה מרוכז 1 ל,,TR,אסותא מרכך מרוכז 1 ל,קילוגרמים,1.00,ליטר,false,,9.90,9.9000,true,1,111702
7290017913520,false,סבון מוצק לבנדר אסות,,,אסותא סבון מוצק *4 ל,Unknown,0.00,יחידה,false,,10.90,0.0000,true,1,169247
7290017913995,false,הום נוזל רצפות 2 ליט,,,הום נוזל רצפות 2 ליט,קילוגרמים,2.00,ליטר,false,,12.90,6.4500,true,1,201151
7290017917283,false,"מגבוני קמיל בלו ד""ר פישר ללא בישום רביעי",פישר מעבדות פרמצבטיות,IL,רביעיית מגבוני קמיל,Unknown,0.00,יחידה,false,,19.90,0.0000,true,1,136995
7290017917382,false,אל סבון היגייני לניקוי יסודי ולהרגע העור clean & calm,"ד""ר פישר Dr fischer",IL,קמיל אל סבון נוזלי ל,קילוגרמים,1.00,ליטר,false,,16.90,16.9000,true,1,136997
7290017917467,false,אל סבון טיפולי לתינוק קמיל בלו שיבולת שועל,"ד""ר פישר Dr fischer",IL,קמיל בלו אל סבון שיב,קילוגרמים,1.00,ליטר,false,,32.90,32.9000,true,1,137002
7290017917559,false,ד.פישר בלונד מסכת הזנה לשיער בהיר 300 מל,מדי פישר,IL,"ד""ר פישר מסכה בלונד",Unknown,0.00,יחידה,false,,39.90,0.0000,true,1,137004
7290017928043,false,מקלות גריסיני קראנץ' מלח מאיר בייגל 175 גרם,מאיר את בייגל,IL,מאיר בייגל גריסיני ק,גרמים,175.00,100 גרם,false,,11.90,6.8000,true,1,140771
7290017928432,false,מקלות גריסיני קראנץ' פרג מאיר בייגל 175 גרם,מאיר את בייגל,IL,מאיר בייגל גריסיני ק,גרמים,175.00,100 גרם,false,,11.90,6.8000,true,1,140779
7290017928449,false,בייגלה שטוחל'ה PRO עם מלח עשיר בחלבון,מאיר את בייגל,IL,מאיר בייגל שטוחלה פר,גרמים,170.00,100 גרם,false,,11.90,7.0000,true,1,140780
7290017928463,false,מאיר בייגל -סמאש-שבורים בטעם דבש חרדל ובצל 300 גרם,מאיר בייגל,BG,מאיר בייגל- סמאש שבו,גרמים,300.00,100 גרם,false,,13.90,4.6333,true,1,172201
7290017928609,false,בייגלה טבעות שומשום מאיר בייגל 300 גרם,מאיר את בייגל,IL,מאיר בייגל טבעות שומ,גרמים,300.00,100 גרם,false,,11.90,3.9667,true,1,140781
7290017928616,false,שטוחלה שומשום מאיר בייגל 300 גרם,מאיר את בייגל,IL,מאיר בייגל - שטוח שו,גרמים,300.00,100 גרם,false,,11.90,3.9667,true,1,140782
7290017928630,false,מקלות גריסיני קראנץ' פינוקים מאיר בייגל 175 גרם,מאיר את בייגל,IL,מאיר בייגל גריסיני ק,גרמים,175.00,100 גרם,false,,11.90,6.8000,true,1,140783
7290017928661,false,מאיר בייגל -סמאש-שבורים בטעם צ'דר 300 גרם,מאיר בייגל,BG,מאיר בייגל- סמאש שבו,גרמים,300.00,100 גרם,false,,13.90,4.6333,true,1,172202
7290017928807,false,בייגלה אצבעות שומשום מאיר בייגל 300 גרם,מאיר את בייגל,IL,מאיר בייגל - אצבעות,גרמים,300.00,100 גרם,false,,11.90,3.9667,true,1,140785
7290017928821,false,מקלות גריסיני קלאסי מאיר בייגל 200 גרם,מאיר את בייגל,IL,מאיר בייגל - גריסיני,גרמים,200.00,100 גרם,false,,11.90,5.9500,true,1,140787
7290017946979,false,פרסיל גל לכביסה דיפ קלין מנטרל ריחות 2.4,"הנקל סוד בע""\מ",IL,פרסיל ג'ל לכביסה עם,קילוגרמים,2.40,ליטר,false,,32.90,13.7083,true,1,171927
7290017947105,false,לחם אנג'ל בסגנון אמריקה 500 גרם,מאפיית שלמה א. אנג'\ל בע,IL,אנג'ל לחם אמריקה,Unknown,0.00,יחידה,false,,14.90,0.0000,true,1,157673
7290017947457,false,חלה קלועה כוסמין אנג'ל ארוזה 500 גרם,מאפיית שלמה א.אנג'\ל בע\,IL,אנג'ל חלה כוסמין,גרמים,500.00,100 גרם,false,,15.90,3.1800,true,1,204682
7290017947464,false,שמיניית פיתות כוסמין אנג'ל 8*50 גרם,מאפיית שלמה א.אנג'\ל בע\,IL,אנג'ל 8 פיתות מקמח כ,גרמים,400.00,100 גרם,false,,15.90,3.9750,true,1,166561
7290017947495,false,6 לחמניות כוסמין 450 גרם אנג'ל,מאפיית שלמה א.אנג'\ל,IL,אנג'ל לחמניות כוסמין,Unknown,0.00,יחידה,false,,14.90,0.0000,true,1,168365
7290017947891,false,לחם אנג'ל כוסמין וחיטה מלאה 750 גרם,מאפיית שלמה א. אנג'\ל בע,IL,אנגל לחם כוסמין וחיט,Unknown,0.00,יחידה,false,,16.90,0.0000,true,1,157674
7290017947938,false,מיני לחמניות המבורגר בסגנון אמריקה 400 ג' אנג'ל,מאפיית שלמה א. אנג'\ל בע,IL,אנג'ל לחמניות המבורג,Unknown,0.00,יחידה,false,,14.90,0.0000,true,1,168367
7290017969121,false,כוסות שיש לבן זהב 40 יח' PP כשל''פ עד''ח אחת שתיים ר. שמאי,,IL,שמאי -כוסות -שיש-40,Unknown,0.00,יחידה,false,,8.90,0.0000,true,1,187174
7290017969145,false,מפה נצמדת עם גומי היקפי 180X75 מעורב דגמים ר. שמאי,,,שמאי - מפה נצמדת עם,Unknown,0.00,יחידה,false,,15.90,0.0000,true,1,178979
7290017969169,false,"צלחות ענק 10=מתכלות=20 יח' קנה סוכר עד""ח",,,שמאי - צלחות ענק מתכ,Unknown,0.00,יחידה,false,,17.90,0.0000,true,1,152279
7290017969176,false,"צלחות גדול 9=מתכלות=20 יח' קנה סוכר עד""ח",,,ר.שמאי צלחות גדולות,Unknown,0.00,יחידה,false,,11.90,0.0000,true,1,152280
7290017969190,false,"מרקיות 7=מתכלות=20 יח' קנה סוכר עד""ח",,CN,ר.שמאי מרקיות 7 מתכל,Unknown,0.00,יחידה,false,,9.90,0.0000,true,1,152282
7290017969305,false,שמאי שיפודים במבוק,,,שמאי שיפודים במבוק,Unknown,0.00,יחידה,false,,2.90,0.0000,true,1,182805
7290017969329,false,שמאי - שיפודים במבו,,,שמאי - שיפודים במבו,Unknown,0.00,יחידה,false,,6.90,0.0000,true,1,171747
7290017969602,false,"כיסוי למדפים בגליל 45x85 ס""מ שמאי",,,שמאי - כיסוי למדפים,Unknown,0.00,יחידה,false,,11.90,0.0000,true,1,110511
7290017969817,false,"כוסות 300 מ""ל דרינק ארוז 10 יחי' ר. שמאי",,,כוסות לונג קשיחות אר,Unknown,0.00,יחידה,false,,8.90,0.0000,true,1,110512
7290017969848,false,כוסות קוקטיל 6oz 6 יח ב-PVC ר. שמאי,ר.שמאי,IL,ר.שמאי 6 כוסות קוקטי,Unknown,0.00,יחידה,false,,24.90,0.0000,true,1,156805
7290017969978,false,כוסות מרוקאיות קרם 40 יח' 1-2 ר. שמאי,,IL,שמאי כוסות מרוקאיות,Unknown,0.00,יחידה,false,,9.90,0.0000,true,1,181364
7290017973982,false,פרוסות דג שיבוט אלבין מיובש עם צילי 100,,,פרוסות דג שיבוט אלבי,Unknown,0.00,יחידה,false,,13.90,0.0000,true,1,188781
7290017973999,false,פרוסות דג שיבוט אלבין מיובש ומומלח 100 ג,,,פרוסות דג שיבוט אלבי,Unknown,0.00,יחידה,false,,13.90,0.0000,true,1,188782
7290018028292,false,"קלירנס אלכוגל 150 מ""",,,"קלירנס אלכוגל 150 מ""",Unknown,0.00,יחידה,false,,2.90,0.0000,true,1,158881
7290018045503,false,דגני חיטה ואורז בטעם בוקר 311 ג' הלו קיטי,נורדגטריידה,DE,דגני חיטה ואורז בטעם,גרמים,311.00,100 גרם,false,,24.90,8.0064,true,1,203805
7290018045893,false,בון בון דגנים במילוי קרם נוגט 480 גרם,מונדיי Monday,DE,דגנים BON&BON דגנים,גרמים,480.00,100 גרם,false,,22.90,4.7708,true,1,190073
7290018071212,false,כפפות ניטרו V כחולות אלסטיות M ללא אבקה 100 יחידות,סייף טאצ,CN,איזי טאץ' כפפות ניטר,Unknown,0.00,יחידה,false,,22.90,0.0000,true,1,180945
7290018080306,false,"שמן שקדים ללידה 125 מ""ל",מאמי קר,IL,שמן שקדים ללידה - 12,Unknown,0.00,יחידה,false,,69.90,0.0000,true,1,196741
7290018091029,false,מקלות פילו תפוחי אדמה מעדנות 450 ג',תנובה מעדנות,IL,מקלות פילו תפוחי אדמ,גרמים,450.00,100 גרם,false,,19.90,4.4222,true,1,161977
7290018091616,false,מקלות פילו גבינה מעדנות 450 גרם,מיוצר עי קונדיטוריית,IL,מקלות פילו גבינה 450,גרמים,450.00,100 גרם,false,,19.90,4.4222,true,1,161979
7290018091876,false,"מאפה פילו גבינה, 320 גרם מעדנות","מעדנות בע""\מ",IL,מאפה פילו גבינה 320,גרמים,320.00,100 גרם,false,,22.90,7.1562,true,1,198137
7290018131756,false,מאגדת שלגון וניל מצופה תות נסטלה 440 גרם,גלידות נסטלה )נגה גלידות,IL,נסטלה וניל מצופה תות,Unknown,0.00,יחידה,false,,25.90,0.0000,true,1,176904
7290018131831,false,נסטלה מאגדת שלגון מילקה וניל חדש8 4*66ג,שוורצקוף& הנקל דיסלד,PL,מאגדת שלגון מילקה ונ,Unknown,0.00,יחידה,false,,31.90,0.0000,true,1,175147
7290018131930,false,מאג בננה תמך פקאן שוקו לה פרוטה 5*65ג',גלידות נסטלה )נגה גלידות,IL,לה פרוטה מאגדת בננה,Unknown,0.00,יחידה,false,,27.90,0.0000,true,1,175112
7290018156124,false,"אל סבון קמיל צבעוני ד""ר פישר שלישיה* 500 מ""ל",פישר תעשיות,IL,אל סבון קמיל שלישייה,Unknown,0.00,יחידה,false,,19.90,0.0000,true,1,111521
7290018183793,false,LA BELLE GOLD SPAספו,,,LA BELLE GOLD SPAספו,Unknown,0.00,יחידה,false,,7.90,0.0000,true,1,166630
7290018183809,false,LA BELLE GOLD SPAספו,,,LA BELLE GOLD SPAספו,Unknown,0.00,יחידה,false,,7.90,0.0000,true,1,166631
7290018192658,false,מארז זוג פטריות פורטובלה ושמפיניון מרינה,"מרינה פטריות הגליל בע""מ",IL,צמד חמד איטלקי,Unknown,0.00,יחידה,false,,15.90,0.0000,true,1,168786
7290018194058,false,"ערק ג'בלנא פסיפלורה 700 מ""ל",,,גבלנה -ערק בטעמים-פס,מיליליטרים,700.00,"100 מ""ל",false,,49.90,7.1286,true,1,185514
7290018194379,false,"משקה מוגז בטעם תות 250 מ""ל",,,משקה מוגז פליי בטעם,מיליליטרים,250.00,"100 מ""ל",false,,3.90,1.5600,true,1,196070
7290018198056,false,תפוגן קוביות תפוחי אדמה 9*1.5קג,עיצובים 2020 (4.5),IL,תפוגן קוביות תפוחי א,,1.50,קג,false,,24.90,16.6000,true,1,159728
7290018198148,false,"תפוגן קריספי צ'יפס קלאסי 1.25 ק""ג",עיצובים 2020 (4.5),IL,תפוגן קריספי צ'יפס ק,,1.25,קג,false,,24.90,19.9200,true,1,180468
7290018198254,false,"תפוגן קריספי צ'יפס פוטטוס 1.25 ק""ג",עיצובים 2020 (4.5),IL,תפוגן קריספי צ'יפס פ,,1.25,קג,false,,24.90,19.9200,true,1,180480
7290018204023,false,מגש תחרה מלבני קרם לאירוח 36X16 1-2 ר. שמאי,,,ר.שמאי - מגש תחרה מל,Unknown,0.00,יחידה,false,,6.90,0.0000,true,1,165454
7290018204030,false,מגש תחרה מלבני לבן לאירוח 36X16 ר. שמאי,,,ר.שמאי - מגש תחרה מל,Unknown,0.00,יחידה,false,,6.90,0.0000,true,1,165455
7290018204160,false,צלחות גדול קלאסיק שמאי לבן למיקרוגל 100 יח',,IL,ר. שמאי צלחות גדול צ,Unknown,0.00,יחידה,false,,39.90,0.0000,true,1,162027
7290018204184,false,מרקיות CLASSUC צבעוני 100 יח' ר. שמאי,,,שמאי - מרקיות Classi,Unknown,0.00,יחידה,false,,32.90,0.0000,true,1,162030
7290018204221,false,מפיות לבן אחת שתיים שמאי 150 יח',,,מפיות 150 יחידות לב,Unknown,0.00,יחידה,false,,6.90,0.0000,true,1,180588
7290018204283,false,כוסות יהלום בורדו / נחושת 40 ר. שמאי,,,כוסות יהלום 40 יח',Unknown,0.00,יחידה,false,,9.90,0.0000,true,1,165450
7290018204320,false,כף הגשה קלאסיק צבעוני בודד ר. שמאי,,,כף הגשה קלאסיק,Unknown,0.00,יחידה,false,,1.90,0.0000,true,1,165413
7290018204344,false,כפיות קלאסיק מיני צבעוני 20 יח' ר. שמאי,,,שמאי - כפיות קלאסיק,Unknown,0.00,יחידה,false,,5.90,0.0000,true,1,165438
7290018204382,false,זוג תבניות ענקיות R99 מוצמד נייר אפיה,,,שמאי תבנית ענק מוצמד,Unknown,0.00,יחידה,false,,9.90,0.0000,true,1,182830
7290018204429,false,"קעריות אובלי=מתכלות=20 יח' קנה סוכר עד""ח",,,שמאי -קעריות אובלי מ,Unknown,0.00,יחידה,false,,7.90,0.0000,true,1,171764
7290018204498,false,תחתיות תחרה לצלחות 12 יח' ר. שמאי,,,שמאי -תחתיות תחרה לצ,Unknown,0.00,יחידה,false,,12.90,0.0000,true,1,171757
7290018204504,false,מפה פלנל חתוך לבן/כסף 1.37X2.74 מ' שמאי,,IL,שמאי -מפה פלנל חתוך,Unknown,0.00,יחידה,false,,6.90,0.0000,true,1,171765
7290018204511,false,מגש לאירוח מלבני ענק 12 אינץ ר. שמאי,,,שמאי -מגש לאירוח מלב,Unknown,0.00,יחידה,false,,14.90,0.0000,true,1,171762
7290018204559,false,שמאי -שיפודים -שטיחי,,,שמאי -שיפודים -שטיחי,Unknown,0.00,יחידה,false,,5.90,0.0000,true,1,187176
7290018204573,false,מנג'טים לאפיה צבעוניים 1.5 100 יח' PVC ר. שמאי,,IL,שמאי מנג'טים לאפיה צ,Unknown,0.00,יחידה,false,,4.90,0.0000,true,1,182831
7290018204580,false,מנג'טים לאפיה צבעוניים 2 100 יח' PVC ר. שמאי,,IL,שמאי מנג'טים לאפיה צ,Unknown,0.00,יחידה,false,,5.90,0.0000,true,1,182832
7290018204597,false,מנג'טים לאפיה צבעוניים 3 100 יח' PVC ר. שמאי,,IL,שמאי מנג'טים לאפיה צ,Unknown,0.00,יחידה,false,,6.90,0.0000,true,1,182833
7290018204610,false,מנג'טים לאפיה צבעוניים מס' 5 שמאי 100 יח',,IL,שמאי מנג'טים לאפיה צ,Unknown,0.00,יחידה,false,,8.90,0.0000,true,1,182835
7290018213186,false,נייר אפייה שייני 50 יחידות,,,שייני נייר אפיה 50 י,Unknown,0.00,יחידה,false,,7.90,0.0000,true,1,170045
7290018213247,false,מטליות לחות לריצפה שייני 10יחידות,מ.א,IL,מטליות לחות לרצפה בנ,Unknown,0.00,יחידה,false,,9.90,0.0000,true,1,163739
7290018213353,false,מטליות לחות לרצפות גדול-,,IL,10 מטליות לחות לרצפה,Unknown,10.00,יחידה,false,,9.90,0.9900,true,1,190216
7290018213704,false,"סבון ידיים נוזלי GOLD SHINY 500 מ""ל",,,סבון ידיים נוזלי גול,Unknown,0.00,יחידה,false,,9.90,0.0000,true,1,181564
7290018213728,false,סבון ידיים נוזלי שחו,,,סבון ידיים נוזלי שחו,Unknown,0.00,יחידה,false,,9.90,0.0000,true,1,181566
7290018219553,false,מארז חגיגי סוכריות גומי 900 ג' זארובי,זארובי,,מארז חגיגי סוכריות ג,גרמים,900.00,100 גרם,false,,39.90,4.4333,true,1,186978
7290018225219,false,"קומקום זכוכית נשלף """,,,"קומקום זכוכית נשלף """,Unknown,0.00,יחידה,false,,69.90,0.0000,true,1,184704
7290018225813,false,מגהץ אדים וקיטור TUR,,,מגהץ אדים וקיטור TUR,Unknown,0.00,יחידה,false,,109.90,0.0000,true,1,184727
7290018225851,false,"מסחטת הדרים חשמלית """,,,"מסחטת הדרים חשמלית """,Unknown,0.00,יחידה,false,,59.90,0.0000,true,1,184729
7290018228586,false,מפיץ ריח באמצעות מקל,,,מפיץ ריח מיוחד,Unknown,0.00,יחידה,false,,29.90,0.0000,true,1,189882
7290018228852,false,מטליות להסרת איפור יח,,IL,מטליות להסרת איפור,Unknown,0.00,יחידה,false,,12.90,0.0000,true,1,190585
7290018236635,false,צ'ונגו-פופקורן מצופה עוף טוב 600 גרם,מוצרי עוף טוב (2001) בע\,IL,עוף טוב צ'ונגו פופקו,גרמים,600.00,100 גרם,false,,39.90,6.6500,true,1,171073
7290018236659,false,עוף טוב צונגו פופקורן ציפ מתובל 600 גרם,מוצרי עוף טוב (2001) בע\,IL,עוף טוב צ'ונגו פופקו,גרמים,600.00,100 גרם,false,,39.90,6.6500,true,1,171084
7290018237922,false,שניצלונים ציפוי צ'יפס עוף טוב 700 גרם,מוצרי עוף טוב (2001) בע\,IL,עוף טוב שניצלונים צי,גרמים,700.00,100 גרם,false,,20.00,2.8571,true,1,197063
7290018237939,false,שניצלונים ציפוי שומשום עוף טוב 700 גרם,מוצרי עוף טוב (2001) בע\,IL,עוף טוב שניצלונים צי,גרמים,700.00,100 גרם,false,,20.00,2.8571,true,1,197064
7290018282267,false,noya baby מגבונים לח,,,noya baby מגבונים לח,Unknown,0.00,יחידה,false,,19.90,0.0000,true,1,166293
7290018282731,false,אל סבון מרובעים שלישה סוגים שונים500 מל,,IL,לה בל אל סבון מרובעי,Unknown,0.00,יחידה,false,,9.90,0.0000,true,1,189277
7290018294000,false,"יין קינג דויד רוזה כרמל 750 מ""ל",כרמל מזרחי,IL,"קינג דוד רוזה 750 מ""",מיליליטרים,750.00,"100 מ""ל",false,,19.90,2.6533,true,1,202352
7290018333044,false,"שלוקים-משקה קל בטעם ענבים קש 18 יח' 200 מ""ל","כרמית מזון בע""\מ",IL,שלוקים משקה קל בטעם,,18.00,יחידו,false,,17.90,0.9944,true,1,170250
7290018333938,false,כרמית מרשמלו חמוץ טו,Carmit,,כרמית מרשמלו חמוץ טו,גרמים,130.00,100 גרם,false,,5.90,4.5385,true,1,183361
7290018343296,false,דר פישר אלכוגל H לידיים 100 מל,מדי פישר,IL,"אלכו ג'ל 100 מ""ל",מיליליטרים,100.00,"100 מ""ל",false,,9.90,9.9000,true,1,170367
7290018343319,false,"ד""ר פישר שמפו לשיער מתולתל -400 מ""ל PERFECT CURLS",מדי פישר,IL,"ד""ר פישר שמפו לשיער",Unknown,0.00,יחידה,false,,29.90,0.0000,true,1,167705
7290018343388,false,"ספריי אלכו גל 100 מ""ל",מדי פישר,IL,אלכו ג'ל ספריי 100 מ,מיליליטרים,100.00,"100 מ""ל",false,,19.90,19.9000,true,1,159029
7290018343715,false,אלכוג'ל פרמה וויפס מגבונים לניקוי 20יח,פישר תעשיות,IL,אלכוג'ל פרמה וויפס מ,Unknown,0.00,יחידה,false,,9.90,0.0000,true,1,163493
7290018359129,false,פולפה עגבניות חתוכות מקולפות דק יכין 690 גרם,אמיליאנה קונסרב,IT,יכין פולפה עגבניות ח,גרמים,690.00,100 גרם,false,,10.90,1.5797,true,1,170014
7290018359334,false,רכז עגבניות טבעי פריכוז שף יכין 580 גרם,זנלכל,IL,יכין רכז עגבניות טבע,גרמים,580.00,100 גרם,false,,11.90,2.0517,true,1,170013
7290018359518,false,תירס מהשדה בלי תוספת סוכר יכין מארז 200X3 גר',"זנלכל בע""\מ",IL,יכין תירס בלי תוספת,גרמים,200.00,100 גרם,false,,14.90,7.4500,true,1,170008
7290018359556,false,תירס מהשדה בלי תוספת סוכר יכין 400 גרם,היינץ צפון אמריקה מק,IL,גרעיני תירס בלי תוספ,גרמים,400.00,100 גרם,false,,6.90,1.7250,true,1,170009
7290018359853,false,עדשים שחורות יכין 400 גרם,"זנלכל בע""מ",IL,עדשים שחורות יכין מא,גרמים,400.00,100 גרם,false,,6.90,1.7250,true,1,182507
7290018359860,false,רסק עגבניות ליקופן טבעי יכין 200 גר*2,זנלכל,IL,רסק עגבניות ליקופן ט,גרמים,400.00,100 גרם,false,,14.90,3.7250,true,1,196407
7290018359945,false,רוטב עגבניות פיקנטי מפלפלים וירקות יכין 400 גרם,זנלכל,IL,חאריפה- רוטב פיקנטי,גרמים,400.00,100 גרם,false,,11.90,2.9750,true,1,197484
7290018359952,false,רוטב עגבניות לפסטה יכין 400 גרם,זנלכל,IL,רוטב עגבניות לפסטה י,גרמים,400.00,100 גרם,false,,11.90,2.9750,true,1,197485
7290018359969,false,רוטב עגבניות לפיצה יכין 400 גרם,זנלכל,IL,רוטב עגבניות לפיצה י,גרמים,400.00,100 גרם,false,,11.90,2.9750,true,1,197483
7290018367346,false,שומשום בטעם וואסבי 100 גרם,Flavor full foods in,TW,שומשום בטעם ווסאבי,Unknown,0.00,יחידה,false,,17.90,0.0000,true,1,182899
7290018380840,false,ניוקי תפוחי אדמה 500 ג' לה פסטה,,IL,לה פסטה קפוא ניוקי 5,גרמים,500.00,100 גרם,false,,13.90,2.7800,true,1,196866
7290018380864,false,לה פסטה קפוא ניוקי צבעוני 500 גרם,,IL,לה פסטה קפוא ניוקי צ,גרמים,500.00,100 גרם,false,,13.90,2.7800,true,1,196865
7290018380888,false,לה פסטה קפוא רביולי גבינה 300 גרם,,IL,לה פסטה קפוא רביולי,גרמים,300.00,100 גרם,false,,15.90,5.3000,true,1,196822
7290018380895,false,לה פסטה קפוא רביולי בטטה 300 גרם,,IL,לה פסטה קפוא רביולי,גרמים,300.00,100 גרם,false,,15.90,5.3000,true,1,196819
7290018380956,false,פרוזן גזר גמדי 800 גרם,,,פרוזן גזר גמדי 800 ג,Unknown,0.00,יחידה,false,,10.90,0.0000,true,1,200539
7290018394021,false,ח.תקוע פטריות מלך היער,חוות פטריות תקוע,CN,פטריות,Unknown,0.00,יחידה,false,,9.90,0.0000,true,1,182735
7290018440070,false,תרכיז עגבניות בשפורפרת 28BX בלה איטליה 200 ג',בלה איטליה Bella Italia,IT,תרכיז עגבניות בשפרפו,Unknown,0.00,יחידה,false,,7.90,0.0000,true,1,166544
7290018440223,false,תה צ'אי מסאלה 25 שקיקים ויסוצקי,תה ויסוצקי,IL,צ'אי מסאלה,Unknown,25.00,יחידה,false,,21.90,0.8760,true,1,187947
7290018440247,false,תה צ'אי שקדים0 25 שקיקים ויסוצקי,תה ויסוצקי,IL,צ'אי שקדים,Unknown,25.00,יחידה,false,,21.90,0.8760,true,1,187949
7290018440254,false,תה צ'אי קרמל מלוח 25 שקיקים ויסוצקי,תה ויסוצקי,IL,צ'אי קרמל מלוח,Unknown,25.00,יחידה,false,,21.90,0.8760,true,1,187950
7290018440384,false,תה ירוק מאטה לימון נענע ויסוצקי 25 יחידות,תה ויסוצקי,IL,תה ירוק מאטה לימון נ,Unknown,25.00,יחידה,false,,24.90,0.9960,true,1,187942
7290018440407,false,תה ירוק מאטה קקאו לוז ויסוצקי 25 יחידות,תה ויסוצקי,IL,תה ירוק מאטה קקאו לו,Unknown,25.00,יחידה,false,,24.90,0.9960,true,1,187943
7290018440483,false,פליפז בייגלה מצופה בקרמל מלוח ושוקולד מקוויטיס 140 גרם,אולקר מקבוצת פלאדיס,TR,פליפז- בייגלה מצופה,גרמים,140.00,100 גרם,false,,9.90,7.0714,true,1,187953
7290018468302,false,נקניקיה טבעונית בסגנון מרגז טירת צבי 400 ג,טירת צבי - מדף,IL,נקניקיות טבעוניות בס,גרמים,400.00,100 גרם,false,,42.90,10.7250,true,1,196953
7290018468319,false,נקניקיה טבעונית בסגנון צוריסוס טירת צבי 400 גרם,טירת צבי,IL,נקניקיות טבעוניות בס,גרמים,400.00,100 גרם,false,,42.90,10.7250,true,1,196952
7290018468326,false,נקניקיה טבעונית בסגנון אמריקאי טירת צבי 400 גרם,טיב טירת צבי 2000,IL,נקניקיות טבעוניות בס,גרמים,400.00,100 גרם,false,,42.90,10.7250,true,1,196954
7290018471135,false,"ספרינג שייק בננה תמר תפוז זכוכית 330 מ""ל","יפאורה תבורי בע""\מ",IL,ספרינג שייק בננה תמר,,330.00,100 מל,false,,7.00,0.0212,true,1,183817
7290018471142,false,"ספרינג שייק בננה אננס קוקוס פירות יער זכוכית 330 מ""ל","יפאורה תבורי בע""\מ",IL,ספרינג שייק בננה אננ,,330.00,100 מל,false,,7.00,0.0212,true,1,183818
7290018471210,false,קרטונית נקטר ספרינג תפוח סברס 1 ליטר,"יפאורה תבורי בע""\מ",IL,ספרינג אגס תפוח סברס,,1000.00,100 מל,false,,6.90,0.0069,true,1,180625
7290018471463,false,תפוזינה נקטר תפוז מנגו קרטונית 1 ליטר,"יפאורה תבורי בע""\מ",IL,תפוזינה נקטר תפוז מנ,,1000.00,100 מל,false,,6.90,0.0069,true,1,180915
7290018471470,false,תפוזינה נקטר תפוז פסיפלורה קרטונית 1 ליטר,"יפאורה תבורי בע""\מ",IL,תפוזינה נקטר תפוז פס,,1000.00,100 מל,false,,6.90,0.0069,true,1,180916
7290018471487,false,תפוזינה נקטר תפוז אננס קרטונית 1 ליטר,"יפאורה תבורי בע""\מ",IL,תפוזינה נקטר תפוז אנ,,1000.00,100 מל,false,,6.90,0.0069,true,1,180917
7290018471548,false,"רביעיית ספרינג ענבים 250 מ""ל","יפאורה תבורי בע""\מ",IL,"ספרינג ענבים 250 מ""ל",,1000.00,100 מל,false,,12.90,0.0129,true,1,180304
7290018471906,false,שוופס מוגז פירות לימונדה ורודה 1.5 ליטר פיקדון,"יפאורה תבורי בע""\מ",IL,שוופס מוגז פירות לימ,קילוגרמים,1.50,ליטר,false,,8.90,5.9333,true,1,189576
7290018471913,false,משקה מוגז פירות תפוחים שוופס 1.5 ליטר,"יפאורה תבורי בע""\מ",IL,שוופס מוגז פירות תפו,קילוגרמים,1.50,ליטר,false,,8.90,5.9333,true,1,189577
7290018471920,false,שוופס מוגז פירות ענבים 1.5 ליטר פיקדון,"יפאורה תבורי בע""\מ",IL,שוופס מוגז פירות ענב,קילוגרמים,1.50,ליטר,false,,8.90,5.9333,true,1,189578
7290018471937,false,שוופס מוגז פירות תות ליים 1.5 ליטר פיקדון,"יפאורה תבורי בע""\מ",IL,שוופס מוגז פירות תות,קילוגרמים,1.50,ליטר,false,,8.90,5.9333,true,1,189579
7290018471944,false,שוופס מוגז פירות לימונייד 1.5 ליטר פיקדון,"יפאורה תבורי בע""\מ",IL,שוופס מוגז פירות לימ,קילוגרמים,1.50,ליטר,false,,8.90,5.9333,true,1,189580
7290018471951,false,שוופס מוגז פירות אשכולית אדומה 1.5 ליטר פיקדון,"יפאורה תבורי בע""\מ",IL,שוופס מוגז פירות אשכ,קילוגרמים,1.50,ליטר,false,,8.90,5.9333,true,1,189581
7290018493045,false,"קרם ידיים מועשר בשמן קוקוס ד""ר פישר 100 מ""ל",פישר מעבדות פרמצבטיות,IL,דייר פישר קרם ידיים,Unknown,0.00,יחידה,false,,16.90,0.0000,true,1,171912
7290018493069,false,"אפקטיב קר קרם ידייםמועשר בשמן כותנה ד""ר פישר 100 מ""ל",פישר מעבדות פרמצבטיות,IL,"ד""ר פישר קרם ידיים מ",Unknown,0.00,יחידה,false,,16.90,0.0000,true,1,172252
7290018493076,false,"אפקטיב קר קרם ידייםמועשר בשמן ארגן ד""ר פישר 100 מ""ל",פישר מעבדות פרמצבטיות,IL,דייר פישר קרם ידיים,Unknown,0.00,יחידה,false,,16.90,0.0000,true,1,171914
7290018493403,false,"ד""ר פישר - קידס קצף אמבט ויטמינים 750 מ""ל","ד""ר פישר",IL,קידס קצף אמבט ויטמינ,מיליליטרים,750.00,"100 מ""ל",false,,19.90,2.6533,true,1,202787
7290018493915,false,"ד""ר פישר - שמן גוף לתינוק מעושר בשמן שקדים 200 מ""ל",פישר מעבדות פרמצבטיות בע,IL,דר פישר שמן גוף לתינ,Unknown,0.00,יחידה,false,,17.90,0.0000,true,1,198657
7290018500231,false,לחם פרוס וויקאנד אנג'ל 750 גרם,מאפיית שלמה א. אנג'\ל בע,IL,אנג'ל לחם פינוקים,גרמים,750.00,100 גרם,false,,15.90,2.1200,true,1,204679
7290018500361,false,"לחם שחור פרוס 900 גרם ""אנג'ל"" -מוצר בפיקוח",מאפיית שלמה א. אנג'\ל בע,IL,לחם אחיד פרוס 900 גר,גרמים,900.00,100 גרם,false,,8.50,0.9444,true,1,198158
7290018500392,false,"חלה רגילה 650 גרם ""אנגל""-מוצר בפיקוח",מאפיית שלמה א. אנגל,IL,אנג'ל חלה שמינייה 65,Unknown,0.00,יחידה,false,,6.60,0.0000,true,1,198163
7290018516041,false,פרמיו דליקט עוף לחתול,פרמיו Premio,CN,פרמיו דליקט עוף 56גר,Unknown,0.00,יחידה,false,,9.90,0.0000,true,1,198684
7290018516065,false,פרמיו דליקט טונה וסלמון לחתול,פרמיו Premio,CN,פרמיו דליקט טונה וסל,Unknown,0.00,יחידה,false,,9.90,0.0000,true,1,198685
7290018516324,false,פאוץ' פרינוק תפוח עץ עם שיבולת שועל 120 גרם,פרוטה פודווין איי.אס,CZ,מחית פואץ' פרינוק תפ,Unknown,0.00,יחידה,false,,5.90,0.0000,true,1,197214
7290018516355,false,מחיט תפוח עץ ושבולות שועל 190 ג' פרינוק גוניור,פרוטה פודווין איי.אס,CZ,גוניור תפע ש.שועל 1,Unknown,0.00,יחידה,false,,5.90,0.0000,true,1,197221
7290018516393,false,פרמיו סופרים מיקס לחתול,פרמיו Premio,DE,פרמיו סופרים מיקס 3ק,Unknown,0.00,יחידה,false,,59.90,0.0000,true,1,198686
7290018540329,false,שקית פיתה פיתה בלדי 800 ג' אנג'ל,מאפיית שלמה א. אנג'\ל בע,IL,אנג'ל 8 פיתות מיוחדו,Unknown,0.00,יחידה,false,,11.90,0.0000,true,1,177860
7290018608289,false,צלחות שוהם גדול שחור זהב 10 יח' 1-2 ר. שמאי,,,שמאי צלחות גדול שחור,Unknown,0.00,יחידה,false,,29.90,0.0000,true,1,182844
7290018608319,false,ח- קעריות אובלי שוהם לבן כסף 10 יח' 1-2 ר. שמאי,,,שמאי קעריות אובלי,Unknown,0.00,יחידה,false,,13.90,0.0000,true,1,182847
7290018608326,false,"לפתניות =שוהם=10 יח' כשל""פ עד""ח",,,שמאי לפתניות שחור זה,Unknown,0.00,יחידה,false,,10.90,0.0000,true,1,182848
7290018608432,false,תבניות אינגליש גדול מקרטון שמאי 3 יח',,,שמאי תבניות איגליש ג,Unknown,0.00,יחידה,false,,9.90,0.0000,true,1,182864
7290018608449,false,תבניות אינגליש ענק מקרטון ארוז שמאי 3 יח',,,שמאי תבניות איגליש ע,Unknown,0.00,יחידה,false,,9.90,0.0000,true,1,182865
7290018608463,false,מגש שוהם מלבני שקוף לאירוח אחת שתיים שמאי,,,שמאי מגש שוהם מלבני,Unknown,0.00,יחידה,false,,10.90,0.0000,true,1,182867
7290018608487,false,תבניות ארוזות ענקיות R99 3יח' ר. שמאי,,IL,ר.שמאי תבניות ארוזות,Unknown,0.00,יחידה,false,,8.90,0.0000,true,1,184760
7290018608494,false,תבניות ארוזות גדולות R31 7 יח' ר. שמאי,,IL,תבניות ארוזות R31 =ח,Unknown,0.00,יחידה,false,,8.90,0.0000,true,1,184422
7290018608500,false,תבניות ארוזות בינוני R2 7 יח' ר. שמאי,,IL,ר.שמאי תבניות ארוזות,Unknown,0.00,יחידה,false,,8.90,0.0000,true,1,184763
7290018608517,false,תבניות ארוזות לחלה R64 7 יח' ר. שמאי,,IL,ר.שמאי תבניות ארוזות,Unknown,0.00,יחידה,false,,8.90,0.0000,true,1,184761
7290018608524,false,תבניות ארוזות קטנות R29 12 יח' ר. שמאי,,IL,ר.שמאי תבניות ארוזות,Unknown,0.00,יחידה,false,,8.90,0.0000,true,1,184764
7290018608531,false,תבניות ארוזות אינגלש ארוכות R88 12 יח' ר. שמאי,,IL,ר.שמאי תבניות ארוזות,Unknown,0.00,יחידה,false,,8.90,0.0000,true,1,184762
7290018608548,false,תבניות ארוזות R15 חדש אינגליש קצר 12 יחי ר. שמאי כשלפ עדח,,,ר.שמאי תבניות ארוזות,Unknown,0.00,יחידה,false,,8.90,0.0000,true,1,184765
7290018608555,false,תבניות ארוזות עגול גדול 5 יחי ר. שמאי,,IL,ר.שמאי תבניות ארוזות,Unknown,0.00,יחידה,false,,8.90,0.0000,true,1,184767
7290018608623,false,צלחות ענקיות 10' עלי דקל מתכלות שמאי 10 יח',,,שמאי- צלחות ענקיות 1,Unknown,0.00,יחידה,false,,14.90,0.0000,true,1,187165
7290018608630,false,צלחות גדולות 8' עלי דקל מתכלות שמאי 10 יח',,,שמאי- צלחות גדולות 8,Unknown,0.00,יחידה,false,,13.90,0.0000,true,1,187166
7290018608647,false,צלחות קטנות 7' עלי דקל מתכלות שמאי 10 יח',,,שמאי- צלחות קטנות 7,Unknown,0.00,יחידה,false,,11.90,0.0000,true,1,187167
7290018608685,false,מפיות מודפס 20 יח' שמאי רובין,,IL,מפיות מודפס 20 יח,Unknown,0.00,יחידה,false,,4.90,0.0000,true,1,197410
7290018608845,false,צלחות גדולות 50 יח' ר.שמאי,,,צלחות גדולות מתכלות,Unknown,0.00,יחידה,false,,26.90,0.0000,true,1,187184
7290018608852,false,צלחות קטנות מתכלות =50 יח',,,צלחות קטנות מתכלות 5,Unknown,0.00,יחידה,false,,16.90,0.0000,true,1,187185
7290018626283,false,פיצה מרגריטה אדום גר,,,פיצה מרגריטה 350 ג',גרמים,350.00,100 גרם,false,,12.90,3.6857,true,1,192565
7290018626306,false,פיצה מרגריטה פיטריות,,,פיצה פטריות 400 ג',גרמים,400.00,100 גרם,false,,12.90,3.2250,true,1,192566
7290018652039,false,לה קרמריה קרמל מלוח ונוגט בדצ 6*1.4 ליטר,גלידות נסטלה )נגה גלידות,IL,לה קרמריה קרמל מלוח,קילוגרמים,1.40,ליטר,false,,19.90,14.2143,true,1,184478
7290018652657,false,מאגדת שלגונים בטעם מנגו לייט 6*52 ג' נסטלה,גלידות נסטלה,IL,מאגדת לייט מנגו,Unknown,0.00,יחידה,false,,24.90,0.0000,true,1,194129
7290018652671,false,"לה קרמריה שוקולד וניל 1.4 ליטר [תו אי""ל]",גלידות נסטלה,IL,לה קרמריה שוקו וניל,Unknown,0.00,יחידה,false,,19.90,0.0000,true,1,194127
7290018652886,false,שלגונים בשומן צמחי בטעמי שוקו ובננה מצופים צימקאו,גלידות נסטלה,IL,מאגדת מצופים שוקו בנ,Unknown,8.00,יחידה,false,,27.90,3.4875,true,1,195844
7290018657317,false,מיקרוגל 20 ליטר מכני,,,מיקרוגל 20 ליטר מכני,Unknown,0.00,יחידה,false,,319.90,0.0000,true,1,196210
7290018687154,false,הום נוזל כלים 1.5 לי,,,הום נוזל כלים 1.5 לי,Unknown,0.00,יחידה,false,,12.90,0.0000,true,1,186929
7290018687642,false,הום מרכך כביסה 4 ליט,,,הום מרכך כביסה 4 ליט,Unknown,0.00,יחידה,false,,16.90,0.0000,true,1,184429
7290018687659,false,הום קפסולות מרוכזות,,,הום קפסולות מרוכזות,Unknown,0.00,יחידה,false,,29.90,0.0000,true,1,184832
7290018687666,false,הום נוזל כלים לימון,,,הום נוזל כלים לימון,Unknown,0.00,יחידה,false,,9.90,0.0000,true,1,184842
7290018687673,false,הום ג'ל כביסה 3 ליטר,,,הום ג'ל כביסה 3 ליטר,Unknown,0.00,יחידה,false,,24.90,0.0000,true,1,184841
7290018687796,false,הום ג'ל כביסה אוקסי,,,הום ג'ל כביסה אוקסי,קילוגרמים,3.00,ליטר,false,,19.90,6.6333,true,1,187871
7290018687819,false,הום ג'ל מנקה אסלות 7,,,הום ג'ל מנקה אסלות 7,מיליליטרים,750.00,"100 מ""ל",false,,8.90,1.1867,true,1,187873
7290018687826,false,הום ג'ל כביסה 5 ל' כ,,,הום ג'ל כביסה 5 ל' כ,קילוגרמים,5.00,ליטר,false,,34.90,6.9800,true,1,187874
7290018687833,false,הום ג'ל כביסה 5 ל' י,,,הום ג'ל כביסה 5 ל' י,קילוגרמים,5.00,ליטר,false,,34.90,6.9800,true,1,187875
7290018720103,false,"אפיפיות וופל בטעם שוקו לל""ס הדר 250 גרם","א.ג גילרו בע""\מ",IL,וופל קלאסי ללא סוכר,גרמים,250.00,100 גרם,false,,8.90,3.5600,true,1,187778
7290018720219,false,פצפוצי אורז ללא סוכר מעדני מלך 250 גרם,אשבל מזון פונקציונלי,IL,מעדני מלך פצפוצי אור,גרמים,250.00,100 גרם,false,,10.90,4.3600,true,1,198764
7290018720226,false,פצפוצי אורז מעדני מלך 250 גרם,אשבל מזון פונקציונלי,IL,מעדני מלך פצפוצי אור,גרמים,250.00,100 גרם,false,,10.90,4.3600,true,1,198763
7290018749005,false,כיסונים ביתיים עבודת יד 600 גרם,,IL,כיסונים ביתיים (עבוד,גרמים,600.00,100 גרם,false,,29.90,4.9833,true,1,202550
7290018749012,false,כיסונים סבתא עבודת יד 600 גרם,,IL,כיסונים סבתא ענקיים,גרמים,600.00,100 גרם,false,,29.90,4.9833,true,1,202551
7290018749050,false,חינקלי קלאסי במילוי בשר 500 גרם,,IL,חינקלי גאורגי במילוי,גרמים,500.00,100 גרם,false,,29.90,5.9800,true,1,202553
7290018749067,false,מנטי קלאסי במילוי בשר 500 גרם,,IL,מנטי קלאסי במילוי בש,גרמים,500.00,100 גרם,false,,29.90,5.9800,true,1,202554
7290018749098,false,כיסונים בסגנון קווקזי עבודת יד 500 גרם,,IL,כיסונים בסיגנון קווק,גרמים,500.00,100 גרם,false,,29.90,5.9800,true,1,202557
7290018749104,false,"קרפלך במילוי תפו""א ובצל 700 גרם",,IL,קרפלך במילוי תפו''א,גרמים,700.00,100 גרם,false,,21.90,3.1286,true,1,202558
7290018749210,false,מיני כיסונים קלאסיים במילוי בשר והודו למ,,IL,מיני כיסונים קלאסיים,גרמים,700.00,100 גרם,false,,29.90,4.2714,true,1,202563
7290018749227,false,"כיסונים במילוי בשר בראבו 1 ק""ג",,IL,כיסוניםלארוחה טעימה,גרמים,1000.00,100 גרם,false,,32.90,3.2900,true,1,202564
7290018770016,false,שמן זית כתית מעולה 7,,,שמן זית כתית מעולה 7,מיליליטרים,750.00,"100 מ""ל",false,,39.90,5.3200,true,1,187368
7290018770221,false,שמן זית כתית מעולה ד,,,שמן זית כתית מעולה ד,מיליליטרים,750.00,"100 מ""ל",false,,34.90,4.6533,true,1,187362
7290018825020,false,תפוח אדמה גורמה דוד משה,חבל מעון,IL,דוד משה גורמה,קילוגרמים,1.00,"ק""ג",true,,6.90,6.9000,true,1,186806
7290018835043,false,תערובת תיבול סטייק מונטריאול 140 גרם מימון,,IL,תערובת תיבול לסטייק,גרמים,140.00,100 גרם,false,,16.90,12.0714,true,1,202899
7290018860984,false,אטריות ביצים דקות 400 גרם,xiamen zhongshi impo,CN,אטריות ביצים דקות 40,גרמים,400.00,100 גרם,false,,9.90,2.4750,true,1,198144
7290018878019,false,"כרמית שוקולד צ'יפס מריר 250 גר' כשל""פ",,IL,שוקולד צ'יפס מריר 47,גרמים,250.00,100 גרם,false,,12.90,5.1600,true,1,195870
7290018878170,false,אגו שוקולד מריר 60% מוצקי קקאו 2*100גר,"כרמית תעשיות ממתקים בע""\",IL,מארז זוג שוקולד מריר,גרמים,200.00,100 גרם,false,,9.90,4.9500,true,1,196358
7290018878224,false,עוגיות מיני קוקיס שוקולד בצנצנת כרמית 600 גרם,כרמית,IL,מיני קוקיס בטעם שוקו,גרמים,600.00,100 גרם,false,,18.90,3.1500,true,1,196360
7290018878231,false,"מיני קוקיס לל""ס בטעם שוקולד 600 גרם",כרמית,,מיני קוקיס בטעם שוקו,גרמים,600.00,100 גרם,false,,23.90,3.9833,true,1,196359
7290018890004,false,משקה אננס 250 גרם,,,משקה אננס 250 גרם,גרמים,250.00,100 גרם,false,,5.90,2.3600,true,1,184805
7290018890806,false,יוגורט בטעם פירות יער 1 ל',,,יוגורט פירות יער 1 ל,קילוגרמים,1.00,ליטר,false,,14.90,14.9000,true,1,186713
7290018893005,false,"חטיפי בייגלה אפוי בטעם חרדל ודבש, 160 גרם",צ'וקטה Chocketa,RO,בייגלה בטעם חרדל דבש,גרמים,160.00,100 גרם,false,,6.90,4.3125,true,1,186634
7290018893036,false,צ'וקטה ביסקוויט בטעם שוקוטלד במילוי קרם בטעם וניל 176 גרם,צ'וקטה Chocketa,ES,צוקטה ביסקוויט שוקול,גרמים,176.00,100 גרם,false,,6.90,3.9205,true,1,185407
7290018893074,false,עוגת שכבות מילוי קרם קקאו צ'וקטה 400 גרם,בלקוני ס.פ.א,IT,צ'וקטה עוגת שכבות שו,גרמים,400.00,100 גרם,false,,13.90,3.4750,true,1,185410
7290018893081,false,עוגות מגולגלות במילוי קרם חלבי וציפוי בטעם שוקולד,צ'וקטה Chocketa,IT,צ'וקטה עוגה אישיות מ,גרמים,222.00,100 גרם,false,,9.90,4.4595,true,1,185412
7290018893098,false,צ'וקטה עוגויות ביסקוויט מצופה שוקולד חלב 100 גרם,דיסטרופר אוליבייר,ES,צ'וקטה ביסקוויט מצופ,Unknown,0.00,יחידה,false,,6.90,0.0000,true,1,196752
7290018893111,false,צ'וקטה שוקולד מריר בלגי 70% 100 גרם,צ'וקטה Chocketa,BE,צ'וקטה שוקולד מריר ב,Unknown,0.00,יחידה,false,,8.90,0.0000,true,1,196754
7290018893258,false,צ'וקטה עוגות אישיות במילוי קרם קרמל ובציפוי בטעם שוקולד 300 גרם,פרדי קונדיטוריה אס.פ,IT,צוקטה עוגות אישיות ק,Unknown,0.00,יחידה,false,,14.90,0.0000,true,1,185420
7290018893265,false,"צ'וקטה עוגות אישיות מריר שכבות בד""צ 240 גרם",פרדי קונדיטוריה אס פ,IT,צוקטה עוגות אישיות מ,גרמים,240.00,100 גרם,false,,10.90,4.5417,true,1,185422
7290018893319,false,צ'וקטה שוקולד מריר בלגי 85% 100 גרם,צ'וקטה Chocketa,BE,צ'וקטה שוקולד מריר ב,Unknown,0.00,יחידה,false,,8.90,0.0000,true,1,196756
7290018893418,false,שוקולד מריר 60% מארז 6 יח' *100 ג' צ'וקטה,צ'וקטה Chocketa,ES,צוקטה מארז שוקולד מר,גרמים,600.00,100 גרם,false,,19.90,3.3167,true,1,185401
7290018893449,false,עלי וופל דקים במילוי קרמל צ'וקטה 175 גרם,ארלוי אס.אל.יו.,NL,צ'וקטה סטרופוופל במי,גרמים,175.00,100 גרם,false,,10.90,6.2286,true,1,185408
7290018893456,false,צ'וקטה עוגות אישיות במילוי קרם ובציפוי בטעם שוקולד 300 גרם,"פרדי קונדיטוריה אס,פי.אי",IT,צ'וקטה עוגות אישיות,Unknown,0.00,יחידה,false,,14.90,0.0000,true,1,185418
7290018893487,false,צ'וקטה עוגות אישיות עם קוקוס-מארז עשירייה,פרדי קונדטוריה אס פי,IT,צ'וקטה עוגות אישיות,גרמים,350.00,100 גרם,false,,14.90,4.2571,true,1,185414
7290018893494,false,עלי וופל דקים בטעם חמאה צ'וקטה 100 גרם,דיסטרופר אוליבייר,NL,עלי וופל דקים חמאה ד,Unknown,0.00,יחידה,false,,9.90,0.0000,true,1,185415
7290018893616,false,שישיית שוקולד מריר 48% צ'וקטה 100 גרם,איברקקאו,ES,צ'וקטה שוקולד מריר 6,גרמים,600.00,100 גרם,false,,19.90,3.3167,true,1,185399
7290018893654,false,חטיפי בייגלה דקיקים ופריכים מלח צ'וקטה 200 ג',צ'וקטה Chocketa,RO,צ'וקטה בייגלה בתוספ,גרמים,200.00,100 גרם,false,,6.90,3.4500,true,1,185403
7290018893708,false,עוגיות סנדוויץ' במילוי קרם בטעם שוקולד,צ'וקטה Chocketa,ES,צ'וקטה עוגיות סנדביץ,גרמים,250.00,100 גרם,false,,6.90,2.7600,true,1,196750
7290018893746,false,צ'וקטה בייגלה עגבניות ועשבי תיבול 180 גרם,SC ALKA TRADING CO S,RO,בייגלה עגבניות ועשבי,גרמים,180.00,100 גרם,false,,6.90,3.8333,true,1,199528
7290018893807,false,צ'וקטה - שוקולד מריר שלישייה 3 * 100 גרם,אייברקקאו אס אי. יו,ES,צ'וקטה שוקולד מריר 3,גרמים,300.00,100 גרם,false,,15.90,5.3000,true,1,185398
7290018893814,false,חמישיית שוקולד מריר 48% צ'וקטה 100 גרם,הדקלאים אגודת שיתופי,ES,צוקטה שוקולד מריר 50,Unknown,0.00,יחידה,false,,16.90,0.0000,true,1,185400
7290018893852,false,חטיפי בייגלה דקיקים ופריכים שומשום צ'וקטה 200 ג',צ'וקטה Chocketa,RO,צ'וקטה חטיפי בייגלה,גרמים,200.00,100 גרם,false,,6.90,3.4500,true,1,185404
7290018893876,false,עוגות אישיות רכות עם מילוי קרם בטעם וניל,פרדי קונדיטוריה אס.פ,IT,צוקטה עוגות אישיות ו,גרמים,200.00,100 גרם,false,,10.90,5.4500,true,1,185423
7290018893906,false,עוגיות סנדוויץ' במילוי קרם בטעם וניל,צ'וקטה Chocketa,ES,צ'וקטה עוגיות סנדביץ,גרמים,250.00,100 גרם,false,,6.90,2.7600,true,1,196751
7290018894019,false,עוגות אישיות במילוי קרם חלבי ובציפוי קרם קקאו,בלקוני Balconi,IT,בלקוני עוגות אישיות,גרמים,350.00,100 גרם,false,,14.90,4.2571,true,1,191888
7290018894200,false,בלקוני וופל קוביות וניל 250 גרם,בלקוני Balconi,IT,בלקוני וופל קוביות ו,גרמים,250.00,100 גרם,false,,11.90,4.7600,true,1,191885
7290018894217,false,עוגות אישיות במילוי קרם קקאו ובציפוי קרם קקאו,בלקוני Balconi,IT,בלקוני עוגות אישיות,גרמים,350.00,100 גרם,false,,14.90,4.2571,true,1,191889
7290018894408,false,קוביות וופל במילוי קרם אגוזי לוז - חלבי,בלקוני Balconi,IT,בלקוני וופל קוביות א,גרמים,250.00,100 גרם,false,,11.90,4.7600,true,1,191883
7290018894446,false,שוקולד חלב במילוי קרם בוטנים 126 ג' צ'וקטה,נטרה אונטייטי,ES,צ'וקטה חטיף בוטנים ע,גרמים,126.00,100 גרם,false,,10.90,8.6508,true,1,204327
7290018904008,false,שבקייה מארז 400 גרם,,,שבקייה מארז 400 גרם,גרמים,400.00,100 גרם,false,,22.90,5.7250,true,1,187837
7290018904206,false,עוגת סולת 300 גרם,,,עוגת סולת 300 גרם,גרמים,300.00,100 גרם,false,,19.90,6.6333,true,1,200766
7290018904329,false,בקלאוה 600 גרם,,,בקלאוה 600 גרם,גרמים,600.00,100 גרם,false,,29.90,4.9833,true,1,198317
7290018904336,false,בקלאוה סושי 300 גרם,,,בקלאוה סושי 300 גרם,גרמים,300.00,100 גרם,false,,22.90,7.6333,true,1,198318
7290018921029,false,"ד""ר פישר - קמיל בלו מגבוני סנסיטיב 64 יח' * 4",פישר מעבדות פרמצבטיות בע,IL,רביעיית מגבונים קמיל,Unknown,0.00,יחידה,false,,22.90,0.0000,true,1,186813
7290018921067,false,"ד""ר פישר - אפקטיב קר תחליב רחצה שמן שקדים 700 מ""ל",פישר מעבדות פרמצבטיות בע,IL,אפקטיב קר תחליב רחצה,מיליליטרים,700.00,"100 מ""ל",false,,16.90,2.4143,true,1,189976
7290018921166,false,קמיל אל סבון להזנת העור מועשר באצות-ים 1 ליטר,פישר מעבדות פרמצבטיות בע,IL,קמיל אל סבון היגייני,Unknown,0.00,יחידה,false,,16.90,0.0000,true,1,186817
7290018921203,false,"קמיל בלו קרם החתלה קמומיל 120 ג' ד""ר פישר",פישר מעבדות פרמצבטיות בע,IL,קמיל בלו קרם החתלה ק,Unknown,0.00,יחידה,false,,16.90,0.0000,true,1,198802
7290018921616,false,רביעיית מגבוני קמיל בלו שיבולת שועל 64 יח',פישר תעשיות,IL,קמיל בלו רביעיית מגב,Unknown,0.00,יחידה,false,,22.90,0.0000,true,1,186814
7290018921852,false,"תחליב רחצה מועשר בשמן ארגן 700 מ""ל אפקטיב קר",פישר מעבדות פרמצבטיות בע,IL,אפקטיב קר תחליב רחצה,מיליליטרים,700.00,"100 מ""ל",false,,16.90,2.4143,true,1,189975
7290018925065,false,מיץ פרימור תפוזים סחוט 2 ליטר-,"גניר (1992) בע""מ",IL,פרימור סחוט מיץ תפוז,קילוגרמים,2.00,ליטר,false,,29.90,14.9500,true,1,189098
7290018925072,false,משקה קל לימונים ונענע 2 ל פרימור,"גניר (1992) בע""מ",IL,פרימור משקה קל לימונ,קילוגרמים,2.00,ליטר,false,,29.90,14.9500,true,1,189099
7290018925089,false,מיץ תפוחים 100% מיץ צלול מיוצר מרכז,"גניר (1992) בע""מ",IL,מיץ תפוחים 100% צלול,קילוגרמים,2.00,ליטר,false,,29.90,14.9500,true,1,189100
7290018925096,false,משקה קל תפוזים פרימור 1.5 ליטר,פרימור,IL,משקה קל פרימור תפוזי,קילוגרמים,1.50,ליטר,false,,8.90,5.9333,true,1,189762
7290018925102,false,משקה קל ענבים פרימור 1.5 ליטר,פרימור,IL,משקה קל פרימור ענבים,קילוגרמים,1.50,ליטר,false,,8.90,5.9333,true,1,189763
7290018925119,false,משקה קל דיאט אשכוליות פרימור 1.5 ליטר,פרימור,IL,משקה קל פרימור דאיט,קילוגרמים,1.50,ליטר,false,,8.90,5.9333,true,1,189764
7290018925126,false,משקה קל תפוחי עץ פרימור 1.5 ליטר,פרימור,IL,משקה קל פרימור תפוח,קילוגרמים,1.50,ליטר,false,,8.90,5.9333,true,1,189765
7290018925133,false,פרימור משקה קל מנגו ‏5‏.‏1‏ ליטר,פרימור,IL,משקה קל פרימור מנגו,קילוגרמים,1.50,ליטר,false,,8.90,5.9333,true,1,189766
7290018925140,false,משקה קל אשכוליות פרימור 1.5 ליטר,פרימור,IL,משקה קל פרימור אשכלי,קילוגרמים,1.50,ליטר,false,,8.90,5.9333,true,1,189767
7290018925164,false,משקה קל תות בננה פרימור 1.5 ליטר,פרימור,IL,משקה קל פרימור תות ב,קילוגרמים,1.50,ליטר,false,,8.90,5.9333,true,1,189769
7290018925416,false,"מיץ לימון ופסיפלורה 400 מ""ל פרימור",קריות זול,IL,מיץ לימון ופסיפלורה,,400.00,100 מל,false,,8.90,0.0223,true,1,199188
7290018929209,false,ניילון לכיסוי מזון 30 יח' SHINY,,,שייני ניילון לכיסוי,Unknown,0.00,יחידה,false,,7.90,0.0000,true,1,191916
7290018972069,false,קיינד טבעוני בולנוז 450 גרם,,IL,קיינד א בולונז 450 ג,גרמים,450.00,100 גרם,false,,18.90,4.2000,true,1,192546
7290018972113,false,תומר ברוקולי מצופה 500 גרם,,IL,תומר ברוקלי מצופה 50,גרמים,500.00,100 גרם,false,,29.90,5.9800,true,1,192553
7290018972120,false,תומר נאגטס ברוקולי 500 גרם,,,תומר נאגטס ברוקלי מצ,גרמים,500.00,100 גרם,false,,29.90,5.9800,true,1,192554
7290018972144,false,תומר שניצל תירס 500 גרם,,,תומר שניצל תירס 500,גרמים,500.00,100 גרם,false,,17.90,3.5800,true,1,192559
7290018972168,false,נאגטס כרובית 500 ג' תומר,,,תומר נאגטס כרובית 50,גרמים,500.00,100 גרם,false,,29.90,5.9800,true,1,192556
7290018972199,false,תומר שניצל צמחי 500 גרם,,,תומר שניצל צמחי 500,גרמים,500.00,100 גרם,false,,17.90,3.5800,true,1,192560
7290018972335,false,פרוזן שעועית ירוקה אקסטרא עדינה 600 גרם,,,פרוזן שעועית ירוקה א,Unknown,0.00,יחידה,false,,10.90,0.0000,true,1,200541
7290018972373,false,פרוזן פולי סויה אדממה 450 גרם,זהיג'אנג קינגשור,CN,פרוזן אדממה 450 גרם,גרמים,450.00,100 גרם,false,,9.90,2.2000,true,1,192562
7290018972380,false,פרוזן תות שדה 300 גרם,,,פרוזן תות שדה 300 גר,גרמים,300.00,100 גרם,false,,11.90,3.9667,true,1,196813
7290018972489,false,פרוזן מיקס פירות קיץ 300 גרם,,,פרוזן מיקס פירות קיץ,גרמים,300.00,100 גרם,false,,11.90,3.9667,true,1,196818
7290018972496,false,קיינד טבעוני מיני עראיס 400 גרם,,IL,קיינד א מיני עראיס 4,גרמים,400.00,100 גרם,false,,21.90,5.4750,true,1,192549
7290018989005,false,שלישיית פולפה עגבניות טבעי יכין 400X3 גרם,זנלכל,IL,פולפה טבעית 3*400 גר,גרמים,1200.00,100 גרם,false,,16.90,1.4083,true,1,196406
7290018989128,false,סירופ בטעם ענבים יכין 1 ליטר,"זנלכל בע""\מ",IL,יכין סירופ בטעם ענבי,קילוגרמים,1.00,ליטר,false,,18.90,18.9000,true,1,197190
7290018989135,false,סירופ בטעם פטל יכין 1 ליטר,"זנלכל בע""\מ",IL,יכין סירופ בטעם פטל,קילוגרמים,1.00,ליטר,false,,18.90,18.9000,true,1,197191
7290019015000,false,נר ריחני יוקרתי,,,נר ריחני יוקרתי,Unknown,0.00,יחידה,false,,39.90,0.0000,true,1,190609
7290019015017,false,נר ריחני מראה,,,נר מראה,Unknown,0.00,יחידה,false,,34.90,0.0000,true,1,190610
7290019015154,false,"מבשם אוויר בוהו 250 מ""ל",,,מבשם אווירה בוהו פרח,Unknown,0.00,יחידה,false,,29.90,0.0000,true,1,190604
7290019015185,false,"דפיוזר בוהו 200 מ""ל",,,דפיוזר בוהו,Unknown,0.00,יחידה,false,,49.90,0.0000,true,1,190605
7290019015192,false,דפיוזר פרימיום מקלות,,,דפיוזר פרימיום,Unknown,0.00,יחידה,false,,49.90,0.0000,true,1,190597
7290019015642,false,"בקבוק טריטן 520 מ""ל",,,בקבוק טריטן,Unknown,0.00,יחידה,false,,29.90,0.0000,true,1,196390
7290019015659,false,"בקבוק טריטן 700 מ""ל",,,בקבוק טריטן,Unknown,0.00,יחידה,false,,34.90,0.0000,true,1,196391
7290019015680,false,כפפת רחצה מסיבים מסו,,,מוסקו כפפת רחצה,Unknown,0.00,יחידה,false,,14.90,0.0000,true,1,200811
7290019015697,false,רצועת רחצה עשויה סיבים מסולסלים,,,מוסקו רצועות/מברשת ר,Unknown,0.00,יחידה,false,,14.90,0.0000,true,1,200812
7290019015703,false,כפפת רחצה הידרופילית,,,מוסקו כפפת רחצה,Unknown,0.00,יחידה,false,,19.90,0.0000,true,1,200815
7290019015772,false,"בקבוק טריטן 750 מ""ל",,,בקבוק טריטן,Unknown,0.00,יחידה,false,,39.90,0.0000,true,1,196392
7290019015796,false,קערה קטנה 15/15 7סמ,,,קערה קטנה,Unknown,0.00,יחידה,false,,14.90,0.0000,true,1,196393
7290019015802,false,קערה בינונית 19.61/6,,,קערה בינונית,Unknown,0.00,יחידה,false,,29.90,0.0000,true,1,196394
7290019015833,false,צלחת מנה עיקרית 25 ס,,,צלחת עיקרית,Unknown,0.00,יחידה,false,,15.90,0.0000,true,1,196397
7290019015840,false,כוס שתייה במבוק,,,כוס שתייה,Unknown,0.00,יחידה,false,,11.90,0.0000,true,1,196398
7290019056027,false,שוופס מוגז פירות תפוחים ללא סוכר 1.5 ליטר פיקדון,"יפאורה תבורי בע""\מ",IL,שוופס מוגז פירות תפו,קילוגרמים,1.50,ליטר,false,,8.90,5.9333,true,1,189585
7290019056034,false,שוופס מוגז פירות אננס ללא סוכר 1.5 ליטר פיקדון,"יפאורה תבורי בע""מ",IL,שוופס מוגז פירות אננ,קילוגרמים,1.50,ליטר,false,,8.90,5.9333,true,1,189586
7290019056041,false,שוופס מוגז פירות לימונייד ללא סוכר 1.5 ליטר פיקדון,"יפאורה תבורי בע""מ",IL,שוופס מ.פירות לימוני,קילוגרמים,1.50,ליטר,false,,8.90,5.9333,true,1,189587
7290019056058,false,שוופס מוגז עדין תפוח ליים 1.5 ליטר פיקדון,"יפאורה תבורי בע""\מ",IL,שוופס מוגז עדין תפוח,קילוגרמים,1.50,ליטר,false,,8.90,5.9333,true,1,189588
7290019056065,false,שוופס מוגז עדין פירות יער 1.5 ליטר פיקדון,"יפאורה תבורי בע""\מ",IL,שוופס מוגז עדין פירו,קילוגרמים,1.50,ליטר,false,,8.90,5.9333,true,1,189589
7290019056072,false,שוופס מוגז עדין אננס 1.5 ליטר פיקדון,"יפאורה תבורי בע""מ",IL,שוופס מוגז עדין אננס,קילוגרמים,1.50,ליטר,false,,8.90,5.9333,true,1,189590
7290019056089,false,שוופס מוגז עדין ענבי ריזלינג 1.5 ליטר פיקדון,"יפאורה תבורי בע""\מ",IL,שוופס מוגז עדין ריזל,קילוגרמים,1.50,ליטר,false,,8.90,5.9333,true,1,189591
7290019056096,false,שוופס מוגז עדין אפרסק 1.5 ליטר פיקדון,"יפאורה תבורי בע""\מ",IL,שוופס מוגז עדין אפרס,קילוגרמים,1.50,ליטר,false,,8.90,5.9333,true,1,189592
7290019056126,false,שוופס סודה לימון 1.5 ליטר בק' בודד פיקדון,"יפאורה תבורי בע""\מ",IL,שוופס סודה לימון 1.5,קילוגרמים,1.50,ליטר,false,,3.50,2.3333,true,1,189594
7290019056157,false,שוופס סודה פירות יער 1.5 ליטר בק' בודד פיקדון,יפאורה תבורי,IL,שוופס סודה פירות יער,קילוגרמים,1.50,ליטר,false,,4.50,3.0000,true,1,189597
7290019056164,false,שוופס סודה 1.5 ליטר רביעייה פיקדון,"יפאורה תבורי בע""\מ",IL,שוופס סודה 1.5 ל' (4,Unknown,0.00,יחידה,false,,12.90,0.0000,true,1,189598
7290019056171,false,שוופס סודה לימון 1.5 ליטר רביעייה פיקדון,"יפאורה תבורי בע""\מ",IL,שוופס סודה לימון 1.5,Unknown,0.00,יחידה,false,,12.90,0.0000,true,1,189599
7290019056188,false,שוופס סודה נענע ליים 1.5 ליטר רביעייה פיקדון,"יפאורה תבורי בע""\מ",IL,שוופס סודה נענע ליים,Unknown,0.00,יחידה,false,,12.90,0.0000,true,1,189600
7290019056201,false,שוופס סודה פירות יער 1.5 ליטר רביעייה פיקדון,"יפאורה תבורי בע""\מ",IL,שוופס סודה פירות יער,Unknown,0.00,יחידה,false,,12.90,0.0000,true,1,189602
7290019056249,false,שוופס מים בטעמים ענבים 1.5 ליטר פיקדון,"יפאורה תבורי בע""מ",IL,שוופס מים בטעמים ענב,קילוגרמים,1.50,ליטר,false,,7.90,5.2667,true,1,189604
7290019056256,false,שוופס מים בטעמים תפוחים 1.5 ליטר פיקדון,"יפאורה תבורי בע""מ",IL,שוופס מים בטעמים תפו,קילוגרמים,1.50,ליטר,false,,7.90,5.2667,true,1,189605
7290019056263,false,שוופס מים בטעמים אפרסק 1.5 ליטר פיקדון,"יפאורה תבורי בע""מ",IL,שוופס מים בטעמים אפר,קילוגרמים,1.50,ליטר,false,,7.90,5.2667,true,1,189606
7290019056270,false,שוופס מים בטעמים פירות יער 1.5 ליטר פיקדון,"יפאורה תבורי בע""\מ",IL,שוופס מים בטעמים פיר,קילוגרמים,1.50,ליטר,false,,7.90,5.2667,true,1,189607
7290019056287,false,שוופס מים בטעמים אפרסק ללא סוכר 1.5 ליטר פיקדון,יפאורה שותפות מובגלת לשי,IL,שוופס מים בטעמים אפר,קילוגרמים,1.50,ליטר,false,,7.90,5.2667,true,1,189608
7290019056294,false,שוופס ג'ינג'ר אייל 1.5 ליטר פיקדון,"יפאורה תבורי בע""\מ",IL,שוופס ג'ינג'ר אייל 1,קילוגרמים,1.50,ליטר,false,,12.90,8.6000,true,1,189609
7290019056300,false,משקה בטעם ביטר לימון 1.5 ל' שוויפס,"יפאורה תבורי בע""\מ",IL,שוופס ביטר למון 1.5,קילוגרמים,1.50,ליטר,false,,12.90,8.6000,true,1,189610
7290019056317,false,שוופס ראשן 1.5 ליטר פיקדון,"יפאורה תבורי בע""\מ",IL,שוופס ראשן 1.5 ל',קילוגרמים,1.50,ליטר,false,,12.90,8.6000,true,1,189611
7290019056324,false,שוופס טוניק 1.5 ליטר פיקדון,"יפאורה תבורי בע""\מ",IL,שוופס טוניק 1.5 ל',קילוגרמים,1.50,ליטר,false,,12.90,8.6000,true,1,189612
7290019056331,false,שוופס טוניק ללא סוכר 1.5 ליטר פיקדון,"יפאורה תבורי בע""מ",IL,שוופס מי טוניק ללא ס,קילוגרמים,1.50,ליטר,false,,12.90,8.6000,true,1,189613
7290019056355,false,תפוזינה לימונדה MIX לימונענע 1.5 ליטר,"יפאורה תבורי בע""\מ",IL,תפוזינה לימונענע 1.5,קילוגרמים,1.50,ליטר,false,,8.90,5.9333,true,1,189614
7290019056362,false,תפוזינה ענבים 1.5 ליטר פיקדון,"יפאורה תבורי בע""\מ",IL,תפוזינה ענבים 1.5 ל',קילוגרמים,1.50,ליטר,false,,8.90,5.9333,true,1,189615
7290019056379,false,תפוזינה תפוזים 1.5 ליטר פיקדון,"יפאורה תבורי בע""\מ",IL,תפוזינה תפוזים 1.5 ל,קילוגרמים,1.50,ליטר,false,,8.90,5.9333,true,1,189616
7290019056386,false,פתוזינה אשכולית 1.5 ליטר פיקדון,"יפאורה תבורי בע""\מ",IL,תפוזינה אשכוליות 1.5,קילוגרמים,1.50,ליטר,false,,8.90,5.9333,true,1,189617
7290019056393,false,תפוזינה תות בננה 1.5 ליטר פיקדון,"יפאורה תבורי בע""\מ",IL,תפוזינה תות בננה 1.5,קילוגרמים,1.50,ליטר,false,,8.90,5.9333,true,1,189618
7290019056409,false,תפוזינה מנגו 1.5 ליטר פיקדון,"יפאורה תבורי בע""\מ",IL,תפוזינה מנגו 1.5 ל',קילוגרמים,1.50,ליטר,false,,8.90,5.9333,true,1,189619
7290019056416,false,מיץ בטעם לימונדה ורודה 1.5 ל' תפוזינה,"יפאורה תבורי בע""\מ",IL,תפוזינה לימונדה 1.5ל,קילוגרמים,1.50,ליטר,false,,8.90,5.9333,true,1,189620
7290019056423,false,מיץ בטעם תפוח רענן 1.5ל' תפוזינה,"יפאורה תבורי בע""\מ",IL,תפוזינה תפוחים 1.5 ל,קילוגרמים,1.50,ליטר,false,,8.90,5.9333,true,1,189621
7290019056430,false,תפוזינה תפוזים לייט 1.5 ליטר פיקדון,"יפאורה תבורי בע""\מ",IL,תפוזינה תפוזים לייט,קילוגרמים,1.50,ליטר,false,,8.90,5.9333,true,1,189622
7290019056447,false,תפוזינה אשכוליות לייט 1.5 ליטר פיקדון,"יפאורה תבורי בע""\מ",IL,תפוזינה אשכוליות ליי,קילוגרמים,1.50,ליטר,false,,8.90,5.9333,true,1,189623
7290019056454,false,משקה מוגז בטעם קולה 1.5 ל' אר סי,"יפאורה תבורי בע""\מ",IL,אר.סי. קולה 1.5 ל',קילוגרמים,1.50,ליטר,false,,6.50,4.3333,true,1,189624
7290019056461,false,מארז משקה בטעם קולה שישייה * 1.5 ל' אר.סי,"יפאורה תבורי בע""\מ",IL,אר.סי. קולה 1.5 ל' מ,קילוגרמים,9.00,ליטר,false,,39.90,4.4333,true,1,189625
7290019056478,false,ספרינג טי קר אפרסק 1.5ליטר פיקדון,"יפאורה תבורי בע""\מ",IL,ספרינג תה אפרסק 1.5,קילוגרמים,1.50,ליטר,false,,7.90,5.2667,true,1,189626
7290019056485,false,ספריג תה ירוק לימון לואיזה 1.5 ליטר פיקדון,"יפאורה תבורי בע""\מ",IL,ספרינג תה תה ירוק ל,קילוגרמים,1.50,ליטר,false,,7.90,5.2667,true,1,189627
7290019056492,false,ספרינג תה מנגו אפרסק 1.5 ליטר פיקדון,"יפאורה תבורי בע""\מ",IL,ספרינג תה מנגו אפרסק,קילוגרמים,1.50,ליטר,false,,7.90,5.2667,true,1,189628
7290019056508,false,פרוט ווטר ענבים 1.5 ליטר פיקדון,"יפאורה תבורי בע""\מ",IL,פרוט ווטר ענבים 1.5,קילוגרמים,1.50,ליטר,false,,8.90,5.9333,true,1,189629
7290019056515,false,פרוט ווטר אננס 1.5 ליטר פיקדון,"יפאורה תבורי בע""\מ",IL,פרוט ווטר אננס 1.5 ל,קילוגרמים,1.50,ליטר,false,,8.90,5.9333,true,1,189630
7290019056522,false,פרוט ווטר תות 1.5 ליטר פיקדון,"יפאורה תבורי בע""\מ",IL,פרוט ווטר תות 1.5 ל',קילוגרמים,1.50,ליטר,false,,8.90,5.9333,true,1,189631
7290019056539,false,פרוט ווטר אפרסק 1.5 ליטר פיקדון,"יפאורה תבורי בע""\מ",IL,פרוט ווטר אפרסק 1.5,קילוגרמים,1.50,ליטר,false,,8.90,5.9333,true,1,189632
7290019056546,false,פרוט ווטר אבטיח 1.5 ליטר פיקדון,"יפאורה תבורי בע""\מ",IL,פרוט ווטר אבטיח 1.5,קילוגרמים,1.50,ליטר,false,,8.90,5.9333,true,1,189633
7290019056553,false,שישיית מים מינרלים עין גדי 2 ליטר,עין גדי מים מינרליים,IL,מים מינרליים עין גדי,קילוגרמים,2.00,ליטר,false,,13.80,6.9000,true,1,189308
7290019056577,false,משקה קל מנגו ספרינג 1.5 ליטר,"יפאורה תבורי בע""\מ",IL,ספרינג מנגו 1.5 ל',קילוגרמים,1.50,ליטר,false,,8.90,5.9333,true,1,189635
7290019056584,false,משקה קל תפוזים ספרינג 1.5 ליטר,"יפאורה תבורי בע""\מ",IL,ספרינג תפוזים 1.5 ל',קילוגרמים,1.50,ליטר,false,,8.90,5.9333,true,1,189636
7290019056591,false,משקה קל ענבים ספרינג 1.5 ליטר,"יפאורה תבורי בע""\מ",IL,ספרינג ענבים 1.5 ל',קילוגרמים,1.50,ליטר,false,,8.90,5.9333,true,1,189637
7290019056607,false,משקה קל תפוחים ספרינג 1.5 ליטר,"יפאורה תבורי בע""\מ",IL,ספרינג תפוחים 1.5 ל',קילוגרמים,1.50,ליטר,false,,8.90,5.9333,true,1,189638
7290019056614,false,משקה קל אפרסק ספרינג 1.5 ליטר,"יפאורה תבורי בע""\מ",IL,ספרינג אפרסקים 1.5 ל,קילוגרמים,1.50,ליטר,false,,8.90,5.9333,true,1,189639
7290019056621,false,משקה קל פירות טרופיים ספרינג 1.5 ליטר,"יפאורה תבורי בע""\מ",IL,ספרינג פירות טרופיים,קילוגרמים,1.50,ליטר,false,,8.90,5.9333,true,1,189640
7290019056638,false,משקה קל תות בננה ספרינג 1.5 ליטר,"יפאורה תבורי בע""\מ",IL,ספרינג תות בננה 1.5,קילוגרמים,1.50,ליטר,false,,8.90,5.9333,true,1,189641
7290019056645,false,משקה קל אגס תפוח סברס ספרינג 1.5 ליטר,"יפאורה תבורי בע""\מ",IL,ספרינג תפוח אגס סברס,קילוגרמים,1.50,ליטר,false,,8.90,5.9333,true,1,189642
7290019056652,false,משקה קל אננס בננה ספרינג 1.5 ליטר,"יפאורה תבורי בע""\מ",IL,ספרינג אננס בננה 1.5,קילוגרמים,1.50,ליטר,false,,8.90,5.9333,true,1,189643
7290019056676,false,משקה קל אשכולית אננס דיאט ספרינג 1.5 ליטר,"יפאורה תבורי בע""\מ",IL,ספרינג אשכוליות אננס,קילוגרמים,1.50,ליטר,false,,8.90,5.9333,true,1,189645
7290019056720,false,קריסטל מיץ ענבים 2 ליטר פיקדון,"יפאורה תבורי בע""\מ",IL,קריסטל ענבים משקה קל,קילוגרמים,2.00,ליטר,false,,7.90,3.9500,true,1,189649
7290019056737,false,קריסטל מיץ אשכוליטרות 2 ליטר,"יפאורה תבורי בע""\מ",IL,קריסטל אשכוליות משקה,קילוגרמים,2.00,ליטר,false,,7.90,3.9500,true,1,189650
7290019056744,false,קריסטל מיץ תפוזים 2 ליטר פיקדון,"יפאורה תבורי בע""\מ",IL,קריסטל תפוזים משקה ק,קילוגרמים,2.00,ליטר,false,,7.90,3.9500,true,1,189651
7290019056751,false,קריסטל מיץ אשכוליות דיאט 2 ליטר פיקדון,"יפאורה תבורי בע""\מ",IL,קריסטל דיאט אשכוליות,קילוגרמים,2.00,ליטר,false,,7.90,3.9500,true,1,189652
7290019056768,false,קריסטל מיץ מנגו 2 ליטר פיקדון,"יפאורה תבורי בע""\מ",IL,קריסטל מנגו משקה קל,קילוגרמים,2.00,ליטר,false,,7.90,3.9500,true,1,189653
7290019056775,false,קריסטל מוגז ענבים 2 ליטר פיקדון,"יפאורה תבורי בע""\מ",IL,קריסטל ענבים מוגז 2,קילוגרמים,2.00,ליטר,false,,7.90,3.9500,true,1,189654
7290019056782,false,משקה מוגז בטעם לימון ליים 2 ל' קריסטל,"יפאורה תבורי בע""\מ",IL,קריסטל גזוז בטעם למו,קילוגרמים,2.00,ליטר,false,,7.90,3.9500,true,1,189655
7290019056799,false,קריסטל מוגז אקזוטי 2 ליטר פיקדון,"יפאורה תבורי בע""\מ",IL,קריסטל אקזוטי מוגז 2,קילוגרמים,2.00,ליטר,false,,7.90,3.9500,true,1,189656
7290019056805,false,קריסטל מוגז תפוחים 2 ליטר פיקדון,"יפאורה תבורי בע""\מ",IL,קריסטל תפוחים מוגז 2,קילוגרמים,2.00,ליטר,false,,7.90,3.9500,true,1,189657
7290019056812,false,קריסטל מוגז מנטה 2 ליטר פיקדון,"יפאורה תבורי בע""\מ",IL,קריסטל מנטה מוגז 2 ל,קילוגרמים,2.00,ליטר,false,,7.90,3.9500,true,1,189658
7290019056829,false,קריסטל מוגז תפוזים 2 ליטר פיקדון,"יפאורה תבורי בע""\מ",IL,קריסטל תפוזים מוגז 2,Unknown,0.00,יחידה,false,,7.90,0.0000,true,1,189659
7290019056836,false,קריסטל מוגז תות 2 ליטר פיקדון,"יפאורה תבורי בע""\מ",IL,קריסטל גזוז בטעם תות,Unknown,0.00,יחידה,false,,7.90,0.0000,true,1,189660
7290019056843,false,קריסטל מוגז קולה 2 ליטר פיקדון,"יפאורה תבורי בע""\מ",IL,קריסטל קולה מוגז 2 ל,קילוגרמים,2.00,ליטר,false,,7.90,3.9500,true,1,189661
7290019056850,false,ספרינג תה אפרסק דיאט 1.5 ליטר פיקדון,"יפאורה תבורי בע""\מ",IL,ספרינג תה 0 קלוריות,קילוגרמים,1.50,ליטר,false,,7.90,5.2667,true,1,189662
7290019056881,false,מי סודה שוויפס 1.5ל',"יפאורה תבורי בע""מ",IL,שוופס סודה 1.5 ל',Unknown,0.00,יחידה,false,,3.20,0.0000,true,1,190281
7290019056966,false,מי עדן בקבוק פיקדון 1.5 ליטר,"מי עדן בע""מ",IL,מי עדן 1.5 ל' בק' בו,קילוגרמים,1.50,ליטר,false,,5.20,3.4667,true,1,190154
7290019056973,false,שישיית מי עדן 1.5 ליטר משפחתי,"מופק ממקור בזלתי עדן ,1",IL,מים מינרליים מי עדן,קילוגרמים,1.50,ליטר,false,,14.90,9.9333,true,1,189256
7290019060062,false,אבוקדו אבו קינג 227 ג',,,אבוקדו האס מקסיקני,Unknown,0.00,יחידה,false,,9.90,0.0000,true,1,198560
7290019060093,false,לקט ירקות העונה 800,,,לקט ירקות העונה 800,גרמים,800.00,100 גרם,false,,12.90,1.6125,true,1,198842
7290019060277,false,גרינז אפונה קפואה 80,,,גרינז אפונה קפואה 80,Unknown,0.00,יחידה,false,,12.90,0.0000,true,1,198544
7290019060321,false,גרינז שעועית ירוקה ע,,,גרינז שעועית ירוקה ע,גרמים,800.00,100 גרם,false,,12.90,1.6125,true,1,198841
7290019060338,false,גרינז שעועית ירוקה ח,,,גרינז שעועית ירוקה ח,גרמים,800.00,100 גרם,false,,12.90,1.6125,true,1,198847
7290019060352,false,גרין גרעיני תירס 800 ג',,,גרינז גרעיני תירס 80,גרמים,800.00,100 גרם,false,,14.90,1.8625,true,1,198844
7290019060376,false,גרינז לקט סיני 800 ג,,,גרינז לקט סיני 800 ג,גרמים,800.00,100 גרם,false,,12.90,1.6125,true,1,198849
7290019060383,false,גרינז לקט קוסקוס מינ,,,גרינז לקט קוסקוס מינ,Unknown,0.00,יחידה,false,,12.90,0.0000,true,1,198850
7290019060390,false,גרינז לקט ירדן 800 ג,,,גרינז לקט ירדן 800 ג,גרמים,800.00,100 גרם,false,,10.90,1.3625,true,1,198851
7290019060796,false,גרינז שעועית דקיקה ל,,,גרינז שעועית דקיקה ל,גרמים,800.00,100 גרם,false,,14.90,1.8625,true,1,198558
7290019074090,false,"ד""ר פישר - קמיל בלו אקסטרה סופט אל סבון לתינוק 500 מ""ל",פישר מעבדות פרמצבטיות בע,IL,קמיל בלו אקסטרה סופר,גרמים,500.00,100 גרם,false,,19.90,3.9800,true,1,200595
7290019074755,false,אפקטיב קר תחליב רחצה,פישר מעבדות פרמצבטיו,IL,אפקטיב קר תחליב רחצה,מיליליטרים,700.00,"100 מ""ל",false,,16.90,2.4143,true,1,197075
7290019075103,false,קמיל בלו אקסטרה סופט שמפו לתינוק 1 ליטר,פישר מעבדות פרמצבטיות בע,IL,קמיל בלו אקסטרה סופר,Unknown,0.00,יחידה,false,,29.90,0.0000,true,1,200598
7290019075288,false,"קידס מולטי ויטמין שמפו 1 ליטר ד""ר פישר","ד""ר פישר",IL,קידס מולטי ויטמין שמ,ליטרים,1000.00,100 ליטר,false,,24.90,0.0249,true,1,200802
7290019075295,false,"ד""ר פישר - אפקטיב קר תחליב רחצה עדין לידיים מועשר בש""ש 350 מ""ל",פישר מעבדות פרמצבטיות בע,IL,אפקטיב קר תחליב רחצה,מיליליטרים,350.00,"100 מ""ל",false,,11.90,3.4000,true,1,203815
7290019075691,false,"ד""ר פישר - אפקטיב קר תחליב רחצה עדין לידיים מועשר בלבנדר 350 מ""ל",פישר מעבדות פרמצבטיות,IL,אפקטיב קר ת.רחצה עדי,מיליליטרים,350.00,"100 מ""ל",false,,11.90,3.4000,true,1,203817
7290019075899,false,קמיל בלו אקסטרה סופט אל סבון לתינוק 1 ליטר,פישר מעבדות פרמצבטיות בע,IL,קמיל בלו אקסטרה סופר,Unknown,0.00,יחידה,false,,29.90,0.0000,true,1,200597
7290019105091,false,נויה דילייטס סבון יד,,,נויה דילייטס סבון יד,מיליליטרים,500.00,"100 מ""ל",false,,14.90,2.9800,true,1,194199
7290019105299,false,נויה דילייטס סבון יד,,,נויה דילייטס סבון יד,מיליליטרים,500.00,"100 מ""ל",false,,14.90,2.9800,true,1,194200
7290019105329,false,נויה אל סבון נוזלי 1,,,נויה אל סבון נוזלי 1,ליטרים,1000.00,100 ליטר,false,,10.90,0.0109,true,1,200547
7290019105336,false,נויה אל סבון נוזלי,,,נויה אל סבון נוזלי,ליטרים,1000.00,100 ליטר,false,,10.90,0.0109,true,1,200546
7290019105497,false,נויה דילייטס סבון יד,,,נויה דילייטס סבון יד,מיליליטרים,500.00,"100 מ""ל",false,,14.90,2.9800,true,1,194201
7290019105527,false,נויה אל סבון נוזלי 1,,,נויה אל סבון נוזלי 1,ליטרים,1000.00,100 ליטר,false,,10.90,0.0109,true,1,200548
7290019105688,false,הום שלישיית מגבונים,,,הום שלישיית מגבונים,Unknown,50.00,יחידה,false,,19.90,0.3980,true,1,195128
7290019105886,false,נויה דילייטס סבון יד,,,נויה דילייטס סבון יד,מיליליטרים,500.00,"100 מ""ל",false,,14.90,2.9800,true,1,194202
7290019153351,false,מיץ בטעם פינק אוזו 1.5 ל' תפוזינה,"יפאורה תבורי בע""\מ",IL,תפוזינה פינק אוזו 1.,קילוגרמים,1.50,ליטר,false,,8.90,5.9333,true,1,197450
7290019153375,false,מיץ בטעם מוחיטו 1.5 ל' תפוזינה,"יפאורה תבורי בע""\מ",IL,תפוזינה מוחיטו 1.5 ל,קילוגרמים,1.50,ליטר,false,,8.90,5.9333,true,1,197451
7290019167006,false,מעדן אורז בחלב 135 ג' eden,,,מעדן אורז בחלב Rice,גרמים,135.00,100 גרם,false,,4.10,3.0370,true,1,190420
7290019167020,false,עוגת גבינה עם פירות יער לייט עדן קינוחים 82 גרם,עדן קינוחים Eden,IL,עוגת גבינה עם פירות,Unknown,0.00,יחידה,false,,4.90,0.0000,true,1,201058
7290019226239,false,פילה פורל מעושן פרוס קפוא 100 גרם,,,טרוט פורל ים מעושן 1,Unknown,0.00,יחידה,false,,19.90,0.0000,true,1,198655
7290019229285,false,הום ג'ל כביסה צבעוני,,,הום ג'ל כביסה צבעוני,Unknown,0.00,יחידה,false,,24.90,0.0000,true,1,196311
7290019229292,false,ג'ל כביסה 3 ליטר לכב,,,ג'ל כביסה 3 ליטר לכב,קילוגרמים,3.00,ליטר,false,,24.90,8.3000,true,1,198355
7290019229308,false,נוזל רצפה 2ל בניחוח,,,נוזל רצפה 2ל בניחוח,Unknown,0.00,יחידה,false,,12.90,0.0000,true,1,194121
7290019229315,false,נוזל רצפה 2ל בניחוח,,,נוזל רצפה 2ל בניחוח,Unknown,0.00,יחידה,false,,12.90,0.0000,true,1,194122
7290019229322,false,הום נוזל רצפה 2ל מתא,,,הום נוזל רצפה 2ל מתא,Unknown,0.00,יחידה,false,,12.90,0.0000,true,1,194123
7290019229384,false,הום נוזל כלים 1.5 לי,,,הום נוזל כלים 1.5 לי,קילוגרמים,1.50,ליטר,false,,12.90,8.6000,true,1,197567
7290019229391,false,הום נוזל כלים לימון,,,הום נוזל כלים לימון,קילוגרמים,1.00,ליטר,false,,9.90,9.9000,true,1,197566
7290019229469,false,הום נוזל רצפה 4 ליטר,,,הום נוזל רצפה 4 ליטר,Unknown,0.00,יחידה,false,,13.90,0.0000,true,1,199052
7290019229476,false,הום נוזל רצפה 4 ליטר,,,הום נוזל רצפה 4 ליטר,Unknown,0.00,יחידה,false,,13.90,0.0000,true,1,199053
7290019229483,false,הום נוזל רצפה 4 ליטר,,,הום נוזל רצפה 4 ליטר,Unknown,0.00,יחידה,false,,13.90,0.0000,true,1,199051
7290019229513,false,הום מרכך כביסה מרוכז,,,הום מרכך כביסה מרוכז,Unknown,0.00,יחידה,false,,13.90,0.0000,true,1,199049
7290019232155,false,"חליטת ""לילה טוב"" קמומיל לבנדר ו25 שקיקים ויסוצקי",תה ויסוצקי,IL,"תה ""לילה טוב"" קמומיל",גרמים,37.50,100 גרם,false,,24.90,66.4000,true,1,203829
7290019232162,false,"חליטת ""לילה טוב"" קמומיל מליסה 25 שקיקים ויסוצקי",תה ויסוצקי,IL,"תה ""לילה טוב"" קמומיל",גרמים,37.50,100 גרם,false,,24.90,66.4000,true,1,203830
7290019232179,false,חליטת לילה טוב נענע 25 שקיקים ויסוצקי,תה ויסוצקי,IL,STAY WELLתה נענע 37,גרמים,37.50,100 גרם,false,,24.90,66.4000,true,1,203831
7290019232353,false,תה ירוק סיני 50 שקיקים ויסוצקי,תה ויסוצקי,IL,תה ירוק סיני 50 שקיק,Unknown,50.00,יחידה,false,,44.90,0.8980,true,1,199166
7290019232834,false,פליפז בייגלה מצופה קרם עוגיות ושוקולד מקוויטיס 140 גרם,אולקר מקבוצת פלאדיס,TR,פליפז בייגלה מצופה ק,גרמים,140.00,100 גרם,false,,8.90,6.3571,true,1,198263
7290019251019,false,שמאי צלחות קטנות מני,,,שמאי צלחות קטנות מני,Unknown,50.00,יחידה,false,,9.90,0.1980,true,1,198751
7290019251040,false,שמאי צלחות גדולות מנ,,,שמאי צלחות גדולות מנ,Unknown,50.00,יחידה,false,,13.90,0.2780,true,1,198752
7290019251101,false,קשים לשתייה מנייר 100 יח' ר.שמאי,,,שמאי קשים לשתיה מניי,Unknown,100.00,יחידה,false,,7.90,0.0790,true,1,198754
7290019297505,false,"רוטב רימונים שקדיה 700 מ""ל",קארל קיוחנה,TR,שקדיה רוטב רימונים 7,גרמים,700.00,100 גרם,false,,22.90,3.2714,true,1,134604
7290019297543,false,חמאת בוטנים שקדיה 510 גרם,דין שיווק,IN,שקדיה חמאת בוטנים 51,גרמים,510.00,100 גרם,false,,10.90,2.1373,true,1,134606
7290019297550,false,בוטנים מטוגנים בקופסא 185 גרם,קריניציה ויטמינה אס,IL,בוטנים מטוגנים,גרמים,185.00,100 גרם,false,,8.90,4.8108,true,1,134607
7290019302636,false,"קרומבכר בירה רביעייה 330 מ""ל",,,בירה לאגר בסגנון פיל,מיליליטרים,330.00,"100 מ""ל",false,,24.90,7.5455,true,1,202620
7290019406112,false,קומקום חשמלי נירוסטה,,,קומקום חשמלי נירוסטה,Unknown,0.00,יחידה,false,,69.90,0.0000,true,1,202185
7290087586808,false,"מבשם גוף אלין 250 מ""ל MADAM",,,"אלין מבשם גוף 250 מ""",מיליליטרים,250.00,"100 מ""ל",false,,42.90,17.1600,true,1,187827
7290100240137,false,"תרסיס ריחני למייבש כחול בדין 500 מ""ל","זוהר דליה, קיבוץ דליה, 1",IL,בדין תרסיס ריחני למי,,500.00,100 מל,false,,18.90,0.0378,true,1,111362
7290100240144,false,"תרסיס ריחני למייבש ורוד בדין 500 מ""ל","זוהר דליה, קיבוץ דליה, 1",IL,בדין תרסיס ריחני למי,,500.00,100 מל,false,,18.90,0.0378,true,1,111363
7290100240632,false,קרקר פתית 200-300ג' 6 דגנים 250 גרם,יוניליוור ישראל מזון בע\,IL,פתית 6 דגנים 250 גרם,גרמים,250.00,100 גרם,false,,15.90,6.3600,true,1,119597
7290100240656,false,"פתית שיפון בד""צ חדש 300X24 גר'",יוניליוור ישראל מזון בע\,IL,פתית שיפון 300 גרם,גרמים,300.00,100 גרם,false,,15.90,5.3000,true,1,119598
7290100243671,false,"מרכך כביסה מרוכז אקסטרה כחול בדין 960 מ""ל",יוניליוור סנאיי וי טיקאר,TR,בדין אקסטרא כחול 960,מיליליטרים,960.00,"100 מ""ל",false,,16.90,1.7604,true,1,119603
7290100245231,false,נמס בכוס מרק בטעם עוף עם אטריות ושקדי מרק-2 שקיות,יוניליוור ישראל מזון בע\,IL,נמס בכוס מרק טעם עוף,Unknown,0.00,יחידה,false,,6.90,0.0000,true,1,119612
7290100249598,false,"רוטב לעוף שום ודבש קנור 320 גרם בד""צ",יוניליוור ישראל מזון בע\,IL,רוטב לעוף שום ודבש ב,גרמים,320.00,100 גרם,false,,11.90,3.7188,true,1,119636
7290100249659,false,"רוטב לעוף צ'ילי מתוק ושום קנור 320 גרם בד""צ",יוניליוור ישראל מזון בע\,IL,רוטב לעוף צ'ילי שום,גרמים,320.00,100 גרם,false,,11.90,3.7188,true,1,119639
7290100341803,false,חטיף לכלבים בונזו עו,ביופט,IL,בונזו חטיף רצועות עו,Unknown,0.00,יחידה,false,,5.90,0.0000,true,1,176325
7290100412343,false,קוויק מטליות לחות 99.9% לניקוי כללי בריח לימון 50 יחידות,די.פי.אל,IL,קוויק מגבונים לניקוי,Unknown,0.00,יחידה,false,,8.90,0.0000,true,1,158459
7290100412435,false,קוויק מטליות לחות 99.9% לניקוי כללי בריח פרחי בר 50 יחידות,די.פי.אל,IL,קוויק לניקוי שירותים,Unknown,0.00,יחידה,false,,8.90,0.0000,true,1,158460
7290100412442,false,קוויק מטליות לחות 99.9% לניקוי שירותים ומקלחות בריח מנטה 50 יחידות,די.פי.אל,IL,קוויק מגבונים לניקוי,Unknown,50.00,יחידה,false,,8.90,0.1780,true,1,158461
7290100412459,false,קוויק מטליות לחות 99.9% לניקוי שירותים ומקלחות בריח לוונדר 50 יחידות,די.פי.אל,IL,קוויק לניקוי שירותים,Unknown,0.00,יחידה,false,,8.90,0.0000,true,1,158643
7290100412756,false,"קרם ידיים לעור יבש פרחי בר ד""ר עור 100 מ""ל","אמיליה קוסמטיקס בע""מ",IL,קרם ידיים לעור יבש פ,Unknown,0.00,יחידה,false,,12.90,0.0000,true,1,158475
7290100412763,false,"דר' עור תחליב רחצה קלאסי -לבנדר 700 מ""ל","אמיליה קוסמטיקס בע""מ",IL,תחליב רחצה קלקסי לבנ,Unknown,0.00,יחידה,false,,12.90,0.0000,true,1,158465
7290100412770,false,"ד""ר עור - תחליב רחצה קלאסי בניחוח מאסק 700 מ""ל","אמיליה קוסמטיקס בע""מ",IL,תחליב רחצה קלקסי מאס,Unknown,0.00,יחידה,false,,12.90,0.0000,true,1,158466
7290100412787,false,"ד""ר עור - תחליב רחצה קלאסי בניחוח פריחת הכותנה 700 מ""ל","אמיליה קוסמטיקס בע""מ",IL,תחליב רחצה קלקסי כות,Unknown,0.00,יחידה,false,,12.90,0.0000,true,1,158467
7290100412800,false,"תחליב רחצה לעור יבש וילד פלאור דר עור 700 מ""ל","אמיליה קוסמטיקס בע""מ",IL,תחליב רחצה לעור יבש,Unknown,0.00,יחידה,false,,12.90,0.0000,true,1,158473
7290100412831,false,תחליב רחצה אנטי אייג'ינג בניחוח וניל טרופי,"אמיליה קוסמטיקס בע""מ",IL,תחליב רחצה אנטי אייג,Unknown,0.00,יחידה,false,,12.90,0.0000,true,1,158477
7290100413593,false,קוויק מטליות לחות גדולות לניקוי כללי בריח פרחי בר 40 יחידות,די.פי.אל,IL,קוויק מטליות לניקוי,Unknown,40.00,יחידה,false,,8.90,0.2225,true,1,158462
7290100485712,false,סט 4 מחזיקי מפה,,,סט 4 מחזיקי מפה,Unknown,0.00,יחידה,false,,10.00,0.0000,true,1,164913
7290100653463,false,"פלמוליב - ארומה ג'ל רחצה מסאז' 500 מ""ל",קולגייט-פלמוליב,TR,פלמוליב סבון נוזלי ס,מיליליטרים,500.00,"100 מ""ל",false,,15.90,3.1800,true,1,128220
7290100659090,false,פרי חטיפים ללא גלוטן ותוספת סוכר מארז 5 תמרים וקינמון,טבעית מוצרים מן הטבע בעמ,IL,פרי חטיפים ללא סוכר,Unknown,5.00,יחידה,false,,16.90,3.3800,true,1,128223
7290100680650,false,מנה חמה נודלס-אטריות ירקות טעם תאילנדי אסם 76 ג',PUB FOODS PRESIDENT THAI,TH,מנה חמה נודל.+ירקות,Unknown,0.00,יחידה,false,,7.90,0.0000,true,1,126935
7290100680667,false,מנה חמה נודלס בסגנון סצ'ואן אסם 76 גרם,PUB FOODS PRESIDENT THAI,TH,מנה חמה נודלס+ירקות,Unknown,0.00,יחידה,false,,7.90,0.0000,true,1,126936
7290100680711,false,פירורית זהב אסם זהב 350ג',עינת תעשיות מזון אגו,IL,אסם פירורית זהב 12*3,גרמים,350.00,100 גרם,false,,9.90,2.8286,true,1,126937
7290100680728,false,פירורית רגילה 350 ג' אוסם,מיוצר עי קונדיטוריית,IL,אסם פירורית 20*350גר,גרמים,350.00,100 גרם,false,,7.90,2.2571,true,1,126938
7290100681015,false,אינסטנט פודינג בטעם ריבת חלב אסם 84 גרם,מיוצר עי קונדיטוריית,IL,אסם פודינג אינסטנט ר,Unknown,0.00,יחידה,false,,5.50,0.0000,true,1,126940
7290100681138,false,מארז אפרופו חטיף תירס 3 יחידות,"אסם השקעות בע""\מ",IL,אפרופו מאח.10 3*50גר,גרמים,150.00,100 גרם,false,,13.90,9.2667,true,1,126942
7290100683880,false,פירה אסם ללא צורך בבישול 260 גרם,"אסם השקעות בע""\מ",IL,אסם פירה 6*260גרם,גרמים,260.00,100 גרם,false,,15.90,6.1154,true,1,126953
7290100685068,false,אינסטנט פודינג בטעם וניל עם פצפוצי שוקולד אסם 110 גרם,"אסם תעשיות בע""מ",IL,אסם פדנג.אינס.ונל.פצ,גרמים,110.00,100 גרם,false,,7.90,7.1818,true,1,126957
7290100685136,false,"אבקת מרק בטעם עוף אסם 1 ק""ג","אסם השקעות בע""\מ",IL,אסם מרק טעם עוף 8*1ק,פריט,1.00,"ק""ג",false,,15.90,15.9000,true,1,126958
7290100685242,false,במבה מתוקה מחומרים טבעיים סרט 30 גרם,"אסם תעשיות בע""מ",IL,במבה מתוקה מחומרים ט,Unknown,0.00,יחידה,false,,3.50,0.0000,true,1,126959
7290100685334,false,אבקת מרק עוף אמיתי בשרי רכיבים טבעיים אסם 400 גרם,"אסם השקעות בע""\מ",IL,אסם מרק עוף רכיבים ט,גרמים,400.00,100 גרם,false,,21.90,5.4750,true,1,126960
7290100685341,false,אבקת מרק טעם עוף זך רכיבים טבעיים אסם 400 גרם,"אסם השקעות בע""\מ",IL,אסם מרק זך טעם עוף ר,גרמים,400.00,100 גרם,false,,18.90,4.7250,true,1,126961
7290100685563,false,פירורית זהב מארז 200X2ג' אסם,עינת תעשיות,IL,אסם פירורית זהב מאח.,גרמים,400.00,100 גרם,false,,9.90,2.4750,true,1,126963
7290100686164,false,מארז מולטיפק ביסלי ברביקיו 6 יח 35 גר יח,מיוצר עי קונדיטוריית,IL,ביסלי ברביקיו מאח.8,גרמים,210.00,100 גרם,false,,12.90,6.1429,true,1,126966
7290100686171,false,מארז מולטיפק ביסלי גריל 6 יח 35 גר ליח,"אסם השקעות בע""\מ",IL,ביסלי גריל מאח.8 6*3,גרמים,210.00,100 גרם,false,,12.90,6.1429,true,1,126967
7290100687109,false,אוסם - במבה במילוי קרם נוגט 60 גרם,"אסם השקעות בע""\מ",IL,במבה במילוי קרם נוגט,Unknown,0.00,יחידה,false,,4.90,0.0000,true,1,126970
7290100689301,false,אבקת מרק בטעם עוף זך עדיף אסם 400 גרם,"אסם השקעות בע""\מ",IL,אסם עדיף זך טעם עוף,גרמים,400.00,100 גרם,false,,15.90,3.9750,true,1,126972
7290100700006,false,"סוגת חיטה 1 ק""ג","סוגת תעשיות בע""\מ",IL,"סוגת חיטה 1 ק""ג",פריט,1.00,"ק""ג",false,,8.90,8.9000,true,1,124717
7290100700020,false,סוגת גריסי פנינה 500 גרם,האי נאם סי או אל.טי.,IL,סוגת גריסי פנינה 200,גרמים,500.00,100 גרם,false,,4.90,0.9800,true,1,124718
7290100700068,false,שעועית צבעונית סוגת 500 גרם,"סוגת תעשיות בע""מ",IL,סוגת שעועית צבעונית,גרמים,500.00,100 גרם,false,,11.90,2.3800,true,1,124719
7290100700075,false,פירורי לחם מוזהבים סוגת 200 גרם,"סוגת תעשיות בע""\מ",IL,פירורי לחם מוזהבים ס,גרמים,200.00,100 גרם,false,,3.90,1.9500,true,1,124720
7290100700242,false,"סוגת אורז מלא עגול 1 ק""ג","סוגת תעשיות בע""\מ",IL,סוגת אורז מלא עגול 1,פריט,1.00,"ק""ג",false,,12.90,12.9000,true,1,124721
7290100700273,false,קינואה לבנה 500 ג סו,האי נאם סי או אל.טי.,IL,סוגת קינואה 500 גרם,גרמים,500.00,100 גרם,false,,12.90,2.5800,true,1,124723
7290100700297,false,עדשים שחורות מנומרות סוגת 500 גרם,"סוגת תעשיות בע""מ",IL,סוגת עדשים מנומרות 5,גרמים,500.00,100 גרם,false,,7.90,1.5800,true,1,124724
7290100700310,false,"סוגת כוסמת סוגת 1ק""ג","סוגת תעשיות בע""מ",IL,"סוגת כוסמת סוגת 1ק""ג",פריט,1.00,"ק""ג",false,,14.90,14.9000,true,1,124725
7290100700327,false,"גריסי פנינה סוגת 1 ק""ג","סוגת תעשיות בע""\מ",IL,סוגת גריסי פנינה 1 ק,גרמים,1000.00,100 גרם,false,,9.90,0.9900,true,1,124726
7290100700334,false,קינואה לבנה 1 קג סוג,"סוגת תעשיות בע""מ",IL,סוגת קינואה 1קג,Unknown,0.00,יחידה,false,,19.90,0.0000,true,1,124727
7290100700365,false,"שעועית אדומה 1 ק""ג סוגת",סוגת תעשיות בעמ,IL,סוגת שעועית אדומה 1,גרמים,1000.00,100 גרם,false,,21.90,2.1900,true,1,124728
7290100700372,false,"סוגת אורז בסמטי מלא 1 ק""ג",האי נאם סי או אל.טי.,IL,סוגת אורז בסמטי מלא,פריט,1.00,"ק""ג",false,,13.90,13.9000,true,1,124729
7290100700389,false,"סוגת אורז אדום 1 ק""ג","סוגת תעשיות בע""\מ",IL,"סוגת אורז אדום 1 ק""ג",פריט,1.00,"ק""ג",false,,12.10,12.1000,true,1,124730
7290100700396,false,"סוגת אורז יסמין קלאסי 1 ק""ג",האי נאם סי או אל.טי.,IL,סוגת אורז יסמין קלאס,פריט,1.00,"ק""ג",false,,12.90,12.9000,true,1,124731
7290100700402,false,"סוגת חומוס ענק 1 ק""ג",סוגת תעשיות בעמ,IL,"סוגת חומוס ענק 1 ק""ג",פריט,1.00,"ק""ג",false,,22.90,22.9000,true,1,124732
7290100700419,false,"סוגת בורגול 1 ק""ג","סוגת תעשיות בע""\מ",IL,"סוגת בורגול 1 ק""ג",גרמים,1000.00,100 גרם,false,,7.90,0.7900,true,1,124733
7290100700587,false,"בורגול ""סוגת"" 500 גרם",האי נאם סי או אל.טי.,IL,סוגת בורגול 500 גר,גרמים,500.00,100 גרם,false,,4.90,0.9800,true,1,124737
7290100701157,false,"אורז להכנת סושי סוגת 1 ק""ג","סוגת תעשיות בע""\מ",IL,"אורז סושי סוגת 1 ק""ג",גרמים,1000.00,100 גרם,false,,13.90,1.3900,true,1,124747
7290100701331,false,קמח רב תכליתי שטיבל קמח חיטה לבן בהיר,"שטיבל בע""\מ - טחנות קמח",IL,סוגת קמח רב תכליתי 1,גרמים,1000.00,100 גרם,false,,7.90,0.7900,true,1,124752
7290100701348,false,"קמח שיפון מלא סוגת 1 ק""ג",טחנות קמח שטיבל באר,IL,סוגת קמח שיפון מלא 1,גרמים,1000.00,100 גרם,false,,7.90,0.7900,true,1,124753
7290100701454,false,גרישה בורגול דק סוגת 500 גרם,"סוגת תעשיות בע""\מ",IL,סוגת גרישה 500 גרם,גרמים,500.00,100 גרם,false,,4.90,0.9800,true,1,124758
7290100701577,false,קמח לחם קמח חיטה לבן שטיבל,טחנות קמח שטיבל באר שבע,IL,סוגת קמח לחם מועשר ב,גרמים,1000.00,100 גרם,false,,7.90,0.7900,true,1,124759
7290100701874,false,"קמח כוסמין מלא סוגת 1 ק""ג",טחנות קמח שטיבל באר,IL,סוגת קמח כוסמין 1קג,גרמים,1000.00,100 גרם,false,,15.00,1.5000,true,1,124762
7290100701898,false,קמח סוגת לפסטה 1 קג,שטיבל טחנות קמח,IL,סוגת קמח פסטה 1קג,גרמים,1000.00,100 גרם,false,,14.90,1.4900,true,1,124764
7290100702260,false,קוסקוס דק סוגת 350 גרם,"אסיף תעשיות מזון בע""\מ",IL,סוגת קוסקוס דק 350 ג,גרמים,350.00,100 גרם,false,,4.90,1.4000,true,1,124768
7290100702277,false,קוסקוס עבה סוגת 350 גרם,"אסיף תעשיות מזון בע""",IL,סוגת קוסקוס עבה 350,גרמים,350.00,100 גרם,false,,4.90,1.4000,true,1,124769
7290100702284,false,קוסקוס מלא סוגת 350 גרם,"אסיף תעשיות מזון בע""",IL,סוגת קוסקוס מלא 350,גרמים,350.00,100 גרם,false,,4.90,1.4000,true,1,124770
7290100702314,false,שעועית שחורה 500 גרם סוגת,סוגת תעשיות בעמ,IL,סוגת שעועית שחורה 50,גרמים,500.00,100 גרם,false,,12.90,2.5800,true,1,124771
7290100702383,false,קמח תופח מס' 13 סוגת,"שטיבל בע""\מ - טחנות קמח",IL,סוגת קמח תופח 1 קג,גרמים,1000.00,100 גרם,false,,7.90,0.7900,true,1,124772
7290100702611,false,פתיתים אפויים אורז סוגת 500 גרם,"אסיף תעשיות מזון בע""\מ",IL,סוגת פתיתים אפויים א,גרמים,500.00,100 גרם,false,,5.90,1.1800,true,1,124777
7290100702628,false,פתיתים אפויים קוסקוס סוגת 500 גרם,"אסיף תעשיות מזון בע""\מ",IL,סוגת פתיתים אפויים ק,גרמים,500.00,100 גרם,false,,5.90,1.1800,true,1,124778
7290100702635,false,פתיתים אפויים כוכבים סוגת 500 גרם,"אסיף תעשיות מזון בע""",IL,סוגת פתיתים אפויים כ,גרמים,500.00,100 גרם,false,,5.90,1.1800,true,1,124779
7290100702642,false,פתיתים אפויים טבעות סוגת 500 גרם,"אסיף תעשיות מזון בע""",IL,סוגת פתיתים אפויים ט,גרמים,500.00,100 גרם,false,,5.90,1.1800,true,1,124780
7290100702987,false,שיבולת שועל פתיתים סוגת 500 גרם,סוגת תעשיות,,סוגת פתיתי שיבולת שו,גרמים,500.00,100 גרם,false,,5.90,1.1800,true,1,124798
7290100702994,false,סוכר דמררה קלאסי בשקית סוגת 500 גרם,"סוגת תעשיות בע""מ",IL,סוגת סוכר דמררה קלאס,גרמים,500.00,100 גרם,false,,4.90,0.9800,true,1,124799
7290100703007,false,"עדשים שחורות בלוגה 500 גרם ""סוגת""",האי נאם סי או אל.טי.,IL,סוגת עדשים שחורות בל,גרמים,500.00,100 גרם,false,,7.90,1.5800,true,1,124800
7290100703458,false,כוסמת לא קלוי 500 ג' סוגת,"סוגת תעשיות בע""\מ",IL,כוסמת לא קלויה 500 ג,גרמים,500.00,100 גרם,false,,7.90,1.5800,true,1,124812
7290100703564,false,"פתיתי שיבולת שועל עבה 500 גרם ""סוגת""",,,סוגת פתיתי שיבולת שו,גרמים,500.00,100 גרם,false,,5.90,1.1800,true,1,124821
7290100703632,false,קמח חיטה מלא ללא צורך בניפוי,"שטיבל בע""מ",IL,קמח חיטה מלא סוגת לל,גרמים,1000.00,100 גרם,false,,8.90,0.8900,true,1,124825
7290100703687,false,"קמח חלה ללא ניפוי סוגת 1 ק""ג","שטיבל בע""מ",IL,קמח חלה סוגת ללא צור,גרמים,1000.00,100 גרם,false,,8.90,0.8900,true,1,124828
7290100703847,false,"קוביות סוכר לבן 500 גרם ""סוגת""",טרופיקל,,קוביות סוכר לבן סוג,גרמים,500.00,100 גרם,false,,9.90,1.9800,true,1,124829
7290100703854,false,קוביות סוכר לבן דמררה 500 ג' סוגת,טרופיקל,,קוביות סוכר דמררה סו,גרמים,500.00,100 גרם,false,,9.90,1.9800,true,1,124830
7290100703861,false,"תערובת קסם לחלה ללא צורך בניפוי סוגת 1 ק""ג","שטיבל בע""\מ - טחנות קמח",IL,סוגת קמח תערובת קסם,גרמים,1000.00,100 גרם,false,,8.90,0.8900,true,1,124831
7290100703915,false,פופקורן להכנה במיקרוגל בטעם חמאה - מארז 6 שקיות,סוגת,IL,מארז פופקורן למיקרו,גרמים,540.00,100 גרם,false,,11.90,2.2037,true,1,124835
7290100703922,false,פופקורן להכנה במיקרוגל בטעם טבעי - מארז 6 שקיות,סוגת,IL,מארז פופקורן למיקרו,גרמים,540.00,100 גרם,false,,11.90,2.2037,true,1,124836
7290100703953,false,קוקוס לבן סוגת 500 ג,סוגת תעשיות בעמ,,קוקוס סוגת 500 גרם,גרמים,500.00,100 גרם,false,,12.90,2.5800,true,1,124837
7290100704530,false,סוגת קמח כוסמין לבן ללא צורך בניפוי 1 קג,טחנות קמח שטיבל באר,IL,קמח כוסמין לבן ללא צ,גרמים,1000.00,100 גרם,false,,15.90,1.5900,true,1,182717
7290100704608,false,שעועית לבנה עדינה סוגת 500 גרם,"סוגת תעשיות בע""\מ",IL,שעועית לבנה עדינה 50,גרמים,500.00,100 גרם,false,,7.90,1.5800,true,1,173591
7290100704660,false,"קינואה מיקס סוגת, 500 גרם","סוגת תעשיות בע""\מ",IL,סוגת קינואה מיקס 500,גרמים,500.00,100 גרם,false,,12.90,2.5800,true,1,182722
7290100704684,false,"קמח שמרים כוסמין סוגת רב תכליתי 1 ק""ג סוגת",סוגת,IL,קמח שמרים כוסמין רב,גרמים,1000.00,100 גרם,false,,19.90,1.9900,true,1,194082
7290100850909,false,דוריטוס נאצ'ו מקסיקני 70 גרם,"שטראוס פריטו ליי בע""\מ",IL,דוריטוס נאצו מקסיקני,Unknown,0.00,יחידה,false,,3.20,0.0000,true,1,132938
7290100850916,false,דוריטוס חמוץ חריף מעודן 70 גרם כשר לפסח,"שטראוס פריטו ליי בע""\מ )",IL,דוריטוס חמוץ חריף 70,Unknown,0.00,יחידה,false,,3.20,0.0000,true,1,132939
7290100850923,false,דוריטוס בטעם גריל 70 גרם,"שטראוס פריטו ליי בע""\מ )",IL,דוריטוס גריל 70 גרם,Unknown,0.00,יחידה,false,,3.20,0.0000,true,1,132940
7290100850930,false,דוריטוס בטעם טבעי 70 גרם,"שטראוס פריטו ליי בע""\מ )",IL,דוריטוס טבעי 70גר,Unknown,0.00,יחידה,false,,3.20,0.0000,true,1,132941
7290100858592,false,אבקת קקאו עלית שקית 150 ג',הנסיך- מפעל לייצור ט,IL,עלית קקאו 150 גרם,גרמים,150.00,100 גרם,false,,9.90,6.6000,true,1,132275
7290100858608,false,אבקת קקאו עלית שקית 500 ג',שטראוס קפה בי.ויn\.,IL,עלית קקאו 500 גרם,גרמים,500.00,100 גרם,false,,23.90,4.7800,true,1,132276
7290100913337,false,"סיר 14.5*32 ס""מ 9.6",,,"סיר 14.5*32 ס""מ 9.6",Unknown,0.00,יחידה,false,,199.90,0.0000,true,1,157018
7290100922569,false,קרם לטיפוח עוד הידיים והגוף- מארז שלישייה,טרופיקל דגיל,IL,ולוטה קרם ידיים 3*10,,300.00,100 מל,false,,16.90,0.0563,true,1,125981
7290100924457,false,שלישיית כדוריות סבון לאסלה לימון סוד 50 גרם,הנקל סוד,RS,סוד סבון 4 כדוריות ל,Unknown,3.00,יחידה,false,,14.90,4.9667,true,1,153747
7290100924464,false,כדוריות סבון נתלה לאסלה עם אקונומיקה - 3 יח',הנקל סוד,HU,סוד סבון 4 כדוריות ל,Unknown,3.00,יחידה,false,,14.90,4.9667,true,1,153748
7290100924631,false,מרכך כביסה מרוכז לבגדי תינוקות ובעלי עור רגיש,"הנקל סוד בע""\מ",IL,סוד מרכך מרוכז בייבי,,900.00,100 מל,false,,11.90,0.0132,true,1,111541
7290100926147,false,אבקת כביסה פרסיל קולור שקית 2.5 קג,"הנקל סוד בע""מ",IL,פרסיל אבקת כביסה קול,,2.50,קג,false,,25.00,10.0000,true,1,111545
7290100926598,false,"פרסיל אבקת כביסה 5 ק""ג",פרסיל Persil,IL,פרסיל אבקת כביסה 5 ק,,5.00,קג,false,,39.90,7.9800,true,1,204302
7290100927717,false,"פרסיל אבקה לכביסה צבעונית 5 ק""ג",פרסיל Persil,IL,פרסיל קולור א.כביסה,,5.00,קג,false,,39.90,7.9800,true,1,204303
7290101110279,false,גלידת בליסימו בטעם שוקולד פאדג' פקאן,הגלידות של פלדמן,IL,בליסימו ש.פ קרוקנט 1,גרמים,650.00,100 גרם,false,,19.90,3.0615,true,1,175140
7290101110460,false,גלידה בליסימו וניל צרפתי 1.3 ל' פלדמן,הגלידות של פלדמן,IL,בליסימו וניל צרפתי 1,גרמים,650.00,100 גרם,false,,19.90,3.0615,true,1,175141
7290101112600,false,גלידה בלסימו מילקשייק וניל מוקה 1.3 ל' פלדמן,גלידות פלדמן,IL,1.3 בלסימו מילקשייק,גרמים,700.00,100 גרם,false,,19.90,2.8429,true,1,131797
7290101112921,false,גלידל פרי קרחון מופחת קלוריות פירות טרופיים - 8 יח',הגלידות של פלדמן,IL,פופסיקל פירות טרופי,גרמים,640.00,100 גרם,false,,24.90,3.8906,true,1,131805
7290101450559,false,בלונים 100 יח פסטל,,,בלונים 100 יח פסטל,Unknown,0.00,יחידה,false,,22.00,0.0000,true,1,128871
7290101454168,false,נרות ג'מבו מאויירים סמי,,IL,נרות גמבו מאויירים ס,Unknown,0.00,יחידה,false,,6.00,0.0000,true,1,128891
7290101458913,false,נרות יום הולדת - סמי הכבאי,,IL,נרות יום הולדת סמי ה,Unknown,0.00,יחידה,false,,3.00,0.0000,true,1,128906
7290101486688,false,חטיף דגנים עם שוקולד ללא גלוטן וסוכר פרי 5*20 גרם,טבעית מוצרים מן הטבע בעמ,IL,פרי חטיפי בריאות מאר,Unknown,0.00,יחידה,false,,16.90,0.0000,true,1,128225
7290101488316,false,ליידי ספיד סטיק - דאודורנט סטיק לאישה ללא סימן ורוד סטיק 65 גרם,ליידי ספיד סטיק Lady Speed Stick,US,ליידי ספיד סטיק ללא,Unknown,0.00,יחידה,false,,19.90,0.0000,true,1,128228
7290101501138,false,כרובית ארוזה יחידה,אראל תוצרת חקלאית בע,IL,כרובית ארוזה,Unknown,0.00,יחידה,false,,11.90,0.0000,true,1,138978
7290101501374,false,עגבנית מגי ארוזה,,,דלעת ארוזה,קילוגרמים,1.00,"ק""ג",true,,15.90,15.9000,true,1,158626
7290101501424,false,ברוקולי ארוז ליחידה,,,ברוקולי ארוז,Unknown,0.00,יחידה,false,,9.90,0.0000,true,1,158578
7290101551027,false,קפסולות קפה אספרסו חזק במיוחד 14 עלית 10 יח',הנסיך- מפעל לייצור ט,IL,קפסולות 14 קפה אספרס,Unknown,0.00,יחידה,false,,16.90,0.0000,true,1,132281
7290101551263,false,סילאן טבעי ללא תוספת סוכר,מכוורת יד מרדכי,IL,יד מרדכי סילאן טבעי,גרמים,700.00,100 גרם,false,,25.90,3.7000,true,1,132283
7290101551300,false,סילאן טבעי ללא תוספת סוכר בקבוק לחיץ,מכוורת יד מרדכי שטראוס ב,IL,יד מרדכי סילאן טבעי,גרמים,380.00,100 גרם,false,,17.90,4.7105,true,1,132284
7290101551539,false,יוגורט PRO בטעם אפרסק 0% 20 גרם חלבון בגביע,"שטראוס בריאות בע""מ",IL,דנונה פרו אפרסק 20 ג,גרמים,200.00,100 גרם,false,,5.90,2.9500,true,1,139945
7290101551584,false,תפוצ'יפס קידס מארז 10 יח' * 20 ג',"שטראוס פריטו ליי בע""מ )פ",IL,מארז תפוציפס קידס 10,גרמים,200.00,100 גרם,false,,13.90,6.9500,true,1,132943
7290101551614,false,חטיף צ'יטוס קראנץ בטעם גבינה - מארז 8 יח',"שטראוס פריטו ליי בע""מ )פ",IL,מארז ציטוס קראנצ גבי,גרמים,240.00,100 גרם,false,,13.90,5.7917,true,1,132945
7290101551638,false,חטיף צ'יטוס כאפה בטעם קטשופ - מארז 10 יח',"שטראוס פריטו ליי בע""מ )פ",IL,מארז ציטוס כאפה 10*2,גרמים,200.00,100 גרם,false,,12.90,6.4500,true,1,132947
7290101551645,false,מארז ציטוס טעם פיצה איקס עיגול 10* 20 גר,"שטראוס פריטו ליי בע""מ )פ",IL,מארז ציטוס איקס עיגו,גרמים,200.00,100 גרם,false,,12.90,6.4500,true,1,132948
7290101581734,false,יין רזרב Reserve מרלו גליל,בנימינה Binyamina,IL,ב.רזרב מרלו 2011,Unknown,0.00,יחידה,false,,55.00,0.0000,true,1,113067
7290101582373,false,יין בנימינה המושבה גראנש 2017,יקבי בינימינה,IL,המושבה גרנאש בלאש רו,Unknown,0.00,יחידה,false,,34.90,0.0000,true,1,113072
7290101582595,false,מארז שלישיית בקבוקי,,,מארז שלישיית בקבוקי,Unknown,0.00,יחידה,false,,99.90,0.0000,true,1,159725
7290101863410,false,"סיליט באנג ספריי ניקוי עוצמתי מכיל אקונומיקה 750 מ""ל",סיליט באנג Cillit Bang,PL,סיליט באנג ספריי אקו,מיליליטרים,750.00,"100 מ""ל",false,,13.90,1.8533,true,1,111477
7290101864127,false,"ספריי להסרת כתמים 750 מ""ל וניש קליה",קליה וניש Kalia Vanish,IL,קליה אוקסי ספריי 750,,750.00,100 מל,false,,16.90,0.0225,true,1,111478
7290101865261,false,"פיניש נוזל הברקה למדיח 800 מ""ל",רקיט בנקיזר,PL,"פיניש הברקה 800 מ""ל",מיליליטרים,800.00,"100 מ""ל",false,,22.00,2.7500,true,1,111479
7290101866633,false,וניש קליה גל להסרת כתמים 3 ליטר אוקסיפרש,קליה וניש Kalia Vanish,IL,וניש קליה ג'ל 3 ליטר,קילוגרמים,3.00,ליטר,false,,29.90,9.9667,true,1,111480
7290101866787,false,וניש קליה נוזל מסיר כתמים לכביסה לבנה 3 ליטר,קליה וניש Kalia Vanish,IL,וניש נוזל מסיר כתמים,קילוגרמים,3.00,ליטר,false,,29.90,9.9667,true,1,111481
7290101868460,false,"קולון 101 אבקת כביסה 8 ק""ג",רקיט בנקיזר,IL,"קולון 101 8 ק""ג",פריט,8.00,"ק""ג",false,,56.90,7.1125,true,1,134103
7290101868958,false,"פיניש נוזל הברקה למדיח בניחוח לימון 800 מ""ל",רקיט בנקיזר,PL,פיניש נוזל הברקה לימ,מיליליטרים,800.00,"100 מ""ל",false,,22.00,2.7500,true,1,111482
7290101869702,false,"ג 'ל פיניש AIO MAX מרוכז למדיח 600מ""ל",פיניש רקיט בנקיזר,PL,פיניש ג'ל 600 מל AIO,,600.00,100 מל,false,,34.90,0.0582,true,1,134104
7290101869719,false,ג'ל מרוכז למדיח פיניש all in one max בניחוח לימון,פיניש רקיט בנקיזר,PL,פיניש ג'ל לימון 600,,600.00,100 מל,false,,34.90,0.0582,true,1,134105
7290101869757,false,מבשם אויר מכשיר אוטמטי חלום אואזיס,רקיט בנקיזר,PL,איירוויק מבשם אויר מ,,1.00,יחידו,false,,39.90,39.9000,true,1,134107
7290101869788,false,"אירוויק ספריי אוטומטי מילוי בניחוח אואזיס 250 מ""ל*",איירוויק Air Wick,HU,איירוויק מילוי מבשם,,250.00,100 מל,false,,14.90,0.0596,true,1,152850
7290101869795,false,"מטהר אוויר אירוויק ספריי מילוי חלום ליל קיץ 250 מ""ל",איירוויק Air Wick,GB,איירוויק מילוי מבשם,,250.00,100 מל,false,,14.90,0.0596,true,1,152851
7290101869801,false,"אירוויק מכשיר חשמלי+מילוי בניחוח אואזיס 19 מ""ל",רקיט בנקיזר,HU,איירוויק מבשם אויר מ,,1.00,יחידו,false,,24.90,24.9000,true,1,134110
7290101869818,false,"אירוויק מכשיר חשמלי+מילוי בניחוח חלום ליל קיץ 19 מ""ל",איירוויק Air Wick,HU,איירוויק מבשם אויר ח,Unknown,0.00,יחידה,false,,24.90,0.0000,true,1,134111
7290101869917,false,"אירוויק מילוי מבשם אויר אטומטי היער הקסום 19 מ""ל",איירוויק Air Wick,GB,איירוויק מילוי מבשם,,250.00,100 מל,false,,14.90,0.0596,true,1,134114
7290101869962,false,"אירוויק מקלות ריחניים בניחוח חלום ליל קיץ 30 מ""ל",איירוויק Air Wick,HU,איירוויק מקלות ריחני,Unknown,0.00,יחידה,false,,14.90,0.0000,true,1,134119
7290101952558,false,גרעיני תירס קפואים טבעפרוסט 800 גרם,,,טבעפרוסט גרעיני תירס,גרמים,800.00,100 גרם,false,,12.90,1.6125,true,1,185012
7290101980919,false,מארז שלישיית ביצי שוקולד ממותגים,זאיני,IT,שמחה זה אנחנו ביצי ש,Unknown,0.00,יחידה,false,,13.90,0.0000,true,1,128910
7290102003884,false,נרות מטה לבבות -מיקי,יושלם,,נרות מטה לבבות מיקי,Unknown,0.00,יחידה,false,,6.00,0.0000,true,1,179315
7290102030330,false,תפוצ'יפס קראנצ' בטעם מקסיקני 200 גרם,"שטראוס פריטו ליי בע""\מ )",IL,תפוציפס קראנץ מקסיקנ,גרמים,200.00,100 גרם,false,,9.90,4.9500,true,1,132955
7290102031276,false,מארז 8 יחידות אקטימל משקה יוגורט בטעם תות בננה,מיוצר עי קונדיטוריית,IL,אקטימל תות בננה מארז,מיליליטרים,800.00,"100 מ""ל",false,,19.90,2.4875,true,1,139964
7290102032334,false,אבקה להכנת משקה קפה בטעם וניל,שטראוס קפה בי.וי,IL,קפה עלית נמס אבקה בט,גרמים,200.00,100 גרם,false,,25.90,12.9500,true,1,132286
7290102060764,false,מרידול מברשת שיניים אריזת זוג,יבואן ומשווק: ש. שסט,CH,מרידול מברשת שיניים,Unknown,2.00,יחידה,false,,34.90,17.4500,true,1,128229
7290102060979,false,"אלמקס משחת שיניים למניעת עששת 100מ""ל",יבואן ומשווק: ש. שסט,PL,"אלמקס 100 מ""ל משפחתי",גרמים,100.00,100 גרם,false,,18.90,18.9000,true,1,111435
7290102062195,false,"משחת שיניים לילדים לגילאי 6-12 אלמקס 75 מ""ל",יבואן ומשווק: ש. שסט,PE,אלמקס משחת שיניים ג',Unknown,0.00,יחידה,false,,16.90,0.0000,true,1,128230
7290102300822,false,גבינה צ'דר אנגלית כתומה 200 גרם,דאולי צ'יסמייקרס,GB,צדר אנגלי כתומה 200,Unknown,0.00,יחידה,false,,24.90,0.0000,true,1,153817
7290102390427,false,יוגורט ביו עם קציפת תות 3% שומן 150 ג' מולר,מולר Muller,IL,מולר יוגורט פרופ עם,,150.00,100 מל,false,,5.40,0.0360,true,1,117866
7290102390465,false,יוגורט ביו עם קציפת אפרסק ופסיפלורה 3% שומן 150 ג' מולר,מולר Muller,IL,מולר פרופ יוגורט עם,,150.00,100 מל,false,,5.40,0.0360,true,1,117867
7290102390489,false,יוגורט ביו עם קציפת לימון 3% שומן 150 ג' מולר,מולר Muller,IL,מולר פרופ יוגורט עם,,150.00,100 מל,false,,5.40,0.0360,true,1,117868
7290102391844,false,יוגורט ביו עם קציפת פירות יער3% שומן 150 ג' מולר,מולר Muller,IL,מולר פרופ יוגורט עם,,150.00,100 מל,false,,5.40,0.0360,true,1,117872
7290102392049,false,גבינה לאפיה תבור ללא תוספת מלח 5% משק צוריאל 500 גרם,מחלבת משק צוריאל,IL,תבור גבינה לאפייה 5%,גרמים,500.00,100 גרם,false,,23.90,4.7800,true,1,117873
7290102392094,false,חלב עיזים 3.7% בקרטון משק צוריאל 1 ליטר,מילקו תעשיות בעמ,IL,חלב עיזים מלא משק צו,קילוגרמים,1.00,ליטר,false,,15.90,15.9000,true,1,117874
7290102392728,false,מולר ביאנקו נטורל לבן טבעי 2.8% 200 ג',"טרה, פארק תעשיות בע""",IL,יוגורט מולר ביו לבן,,200.00,100 מל,false,,4.50,0.0225,true,1,117878
7290102393039,false,"יוגורט ביו קרמי מיקס פצפוצי שוקולד 7.6% מולר 170 מ""ל",קריות זול,IL,יוגורט 'Muller mix ב,,170.00,100 מל,false,,6.20,0.0365,true,1,117880
7290102393060,false,"יוגורט ביו קרמי מיקס גלילי ופל ואגוזים 5.9% מולר 170 מ""ל",קריות זול,IL,יוגורט 'Muller mix ב,,170.00,100 מל,false,,6.20,0.0365,true,1,117881
7290102393169,false,"יוגורט סימפלי פרוט בטעם תות 3% מולר 150 מ""ל",מולר Muller,IL,יוגורט סימפלי פרוט ת,,150.00,100 מל,false,,5.30,0.0353,true,1,117882
7290102393176,false,סימפלי פרוט יוגורט אפרסק 3% שומן 150 ג' מולר,מילקו תעשיות בעמ,IL,יוגורט סימפלי פרוט א,,150.00,100 מל,false,,5.30,0.0353,true,1,117883
7290102393190,false,"יוגורט סימפלי פרוט בטעם פירות יער 3% מולר 150 מ""ל",מילקו תעשיות בעמ,IL,יוגורט סימפלי פרוט פ,,150.00,100 מל,false,,5.30,0.0353,true,1,117884
7290102393268,false,גבינה לבנה 5% שומן 750 ג' טרה,הפריט בפיקוח,IL,גבינה לבנה 5% שומן,גרמים,750.00,100 גרם,false,,14.94,1.9920,true,1,117885
7290102393299,false,יוגורט עיזים לשתייה 3% משק צוריאל 500 גרם,מיוצר עי קוד יצרן HG,IL,יוגורט עיזים לשתייה,,500.00,100 מל,false,,12.90,0.0258,true,1,117886
7290102393718,false,גבינת חלומי חלב בקר 28% 200 ג' צוריאל,מחלבת משק צוריאל,IL,חלומי משק צוריאל,גרמים,200.00,100 גרם,false,,22.90,11.4500,true,1,117887
7290102393848,false,יוגורט עיזים 2.4% עם תות משק צוריאל 150 גרם,מחלבת משק צוריאל,IL,יוגורט עיזים BIO תות,,150.00,100 מל,false,,6.90,0.0460,true,1,117888
7290102393947,false,סימפלי פרוט יוגורט בטעם קיווי 3% שומן 150 ג' מולר,מילקו תעשיות בעמ,IL,יוגורט סימפלי פרוט ק,,150.00,100 מל,false,,5.30,0.0353,true,1,117890
7290102394081,false,"יוגורט ביו קרמי מיקס קורנפלקס מצופה שוקולד מולר 170 מ""ל",מילקו תעשייה בעמ,IL,יוגורט Muller mix בת,,170.00,100 מל,false,,6.20,0.0365,true,1,117891
7290102394258,false,גליל גבינת עיזים מה עז 9% משק צוריאל 180 גרם,מחלבת משק צוריאל,IL,מה עז גבינת עיזים 9%,גרמים,180.00,100 גרם,false,,23.90,13.2778,true,1,117892
7290102394463,false,נעם גבינה צהובה פרוסה ואקום 28% טרה 500 גרם,Unknown,IL,גבינה צהובה נעם 28%,גרמים,500.00,100 גרם,false,,31.90,6.3800,true,1,117894
7290102394821,false,נעם גבינה צהובה פרוסה 28% טרה 200 גרם,מילקו תעשיות בעמ,IL,גבינה צהובה נעם דקה,,200.00,100 מל,false,,16.90,0.0845,true,1,117896
7290102394845,false,נעם גבינה צהובה לייט פרוסה דק דק 9% טרה 200 גרם,מילקו תעשיות בעמ,IL,גבינה צהובה נעם דקה,,200.00,100 מל,false,,19.90,0.0995,true,1,117897
7290102395101,false,ממרח גבינה ושוקולד מוו טרה 200 גרם,מילקו תעשיות בעמ,IL,ממרח גבינה ושוקולד ט,,200.00,100 מל,false,,11.90,0.0595,true,1,117898
7290102395217,false,מאגדת שמיניה מולר במתיקות מעודנת 1.2% 8*150 ג',מולר Muller,IL,יוגורט מולר במתיקות,קילוגרמים,1.20,ליטר,false,,20.90,17.4167,true,1,117900
7290102395224,false,שמיניית יוגורט ביו ביאנקו 1.7% מולר 150 גרם,מולר Muller,IL,יוגורט מולר ביו לבן,Unknown,8.00,יחידה,false,,18.90,2.3625,true,1,117901
7290102395231,false,שמיניית יוגורט ביו ביאנקו 2.8% מולר 150 גרם,מולר Muller,IL,יוגורט מולר ביו לבן,Unknown,8.00,יחידה,false,,18.90,2.3625,true,1,117902
7290102395262,false,מארז 8 גביעים יוגורט בטעם תות שדה ואפרסק 3% Simply Fruit,מולר Muller,IL,יוגורט סימפלי תות וא,קילוגרמים,1.20,ליטר,false,,31.90,26.5833,true,1,117903
7290102395347,false,"יוגורט 6% בכד 3 ק""ג רבנות",טרה,IL,"יוגורט 6% בכד 3 ק""ג",פריט,3.00,"ק""ג",false,,31.90,10.6333,true,1,117904
7290102395378,false,נעם גבינה צהובה פרוסה ואקום 28% טרה 360 גרם,טרה,IL,גבינה צהובה 28% ואקו,גרמים,360.00,100 גרם,false,,20.90,5.8056,true,1,117905
7290102395408,false,נעם גבינה צהובה 28% במשקל,החברה המרכזית,IL,"נעם גבנ""צ 28% שקיל",קילוגרמים,1.00,"ק""ג",true,,44.79,44.7900,true,1,117779
7290102395415,false,נועם גב.צהובה9%חריץ משקל,החברה המרכזית,IL,"נעם גבנ""צ 9%",קילוגרמים,1.00,"ק""ג",true,,85.00,85.0000,true,1,117780
7290102395439,false,מארז 8 גביעים יוגורט בטעם פירות יער וקיווי 3% Simply Fruit,מילקו תעשיות בעמ,IL,מולר סימפלי קיווי פי,מיליליטרים,1200.00,"100 מ""ל",false,,31.90,2.6583,true,1,117906
7290102395446,false,מעדן חלב בטעם וניל עם קצפת 123 ג' טרה,Unknown,IL,מעדן חלב בטעם וניל ו,,123.00,100 מל,false,,3.30,0.0268,true,1,117907
7290102395477,false,מעדן חלב בטעם שוקולד עם קצפת 123 ג' טרה,Unknown,IL,מעדן חלב בטעם שוקולד,,123.00,100 מל,false,,3.30,0.0268,true,1,117909
7290102395521,false,"שמנת לבישול 15% שומן 500 מ""ל טרה",מילקו תעשיות בעמ,IL,שמנת לבישול טרה 15%,,500.00,100 מל,false,,16.90,0.0338,true,1,117910
7290102395958,false,יוגורט 4% טבעי 3 ל' טרה,טרה,,יוגורט 4% בכד 3 ליטר,קילוגרמים,3.00,ליטר,false,,29.90,9.9667,true,1,117912
7290102396399,false,שמיניית מעדן שוקולד מוו 1.5% טרה 100 גרם,Unknown,IL,מעדן בטעם שוקולד מאג,Unknown,8.00,יחידה,false,,13.90,1.7375,true,1,117916
7290102396405,false,שמיניית מעדן וניל מוו 1.5% טרה 100 גרם,Unknown,IL,מעדן בטעם וניל מאגדת,Unknown,8.00,יחידה,false,,13.90,1.7375,true,1,117917
7290102396436,false,מעדן שוקולד מוו 1.5% טרה 125 גרם,מילקו תעשיות בעמ,IL,מעדן בטעם שוקולד 1.5,,125.00,100 מל,false,,3.20,0.0256,true,1,117918
7290102396443,false,מעדן וניל מוו 1.5% טרה 125 גרם,מילקו תעשיות בעמ,IL,מעדן בטעם וניל 1.5%,,125.00,100 מל,false,,3.20,0.0256,true,1,117919
7290102396580,false,מעדן מוו שוקולד ומוס שוקולד טרה 118 גרם,טרה,IL,מעדן חלב עם מוס בטעם,,118.00,100 מל,false,,3.30,0.0280,true,1,117923
7290102396665,false,נעם גבינה צהובה דק דק 15% טרה 200 גרם,מילקו תעשיות בעמ,IL,גבינה צהובה נעם דקה,,200.00,100 מל,false,,16.90,0.0845,true,1,117925
7290102396672,false,"גבנ""צ דק דק נעם פתיחה חוזרת 9% 360 גרם",מילקו תעשיות בעמ,IL,גבינה צהובה נעם דקה,,360.00,100 מל,false,,28.90,0.0803,true,1,117926
7290102396740,false,מארז 8 גביעים יוגורט בטעם תות שדה ואפרסק 0% Simply Fruit,מילקו תעשיות בעמ,IL,יוגורט סימפלי תות וא,מיליליטרים,1200.00,"100 מ""ל",false,,31.90,2.6583,true,1,117930
7290102397075,false,יוגורט בקרטון 4% שומן 1.5ל' טרה,טרה,IL,יוגורט מיוצב טרה 4%,קילוגרמים,1.50,ליטר,false,,15.90,10.6000,true,1,117943
7290102397204,false,"גבנ""צ דק דק נעם פתיחה חוזרת 22% 200 גרם",מילקו תעשיות בעמ,IL,גבינה צהובה נעם דקה,,200.00,100 מל,false,,16.90,0.0845,true,1,117946
7290102397310,false,מעדן מיני בטעם שוקולד קצפת מוו מאגדת 8 יח' * 70 ג',מילקו תעשיות בעמ,IL,מעדן מיני מוו בטעם,גרמים,560.00,100 גרם,false,,12.90,2.3036,true,1,117947
7290102397334,false,גבינה בולגרית גלילית 5% משק צוריאל 250 גרם,מחלבת משק צוריאל,IL,גבינה בולגרית 5%,גרמים,250.00,100 גרם,false,,21.90,8.7600,true,1,117949
7290102397464,false,יוגורט ביו בתוספת גרעינים אגוזים וחמוציות 170 ג' מולר,מולר Muller,IL,מולר ביאנקו+ 1.7% בת,גרמים,170.00,100 גרם,false,,6.20,3.6471,true,1,117953
7290102397600,false,מיקס יוגורט בתוספת שקדים ובוטנים מקורמלים 170 ג' מולר,מילקו תעשייה בעמ,IL,יוגורט Muller mix בת,,170.00,100 מל,false,,6.20,0.0365,true,1,117959
7290102397617,false,יוגורט ביו קרמי עם כדורים מצופים שוקולד חום לבן,מולר Muller,IL,Muller mix כדורי דגנ,,170.00,100 מל,false,,6.20,0.0365,true,1,117960
7290102397679,false,קוטג' וחצי 5% מהדרין טרה 375 גרם,מילקו,IL,קוטג' וחצי טרה 5% מר,,375.00,100 מל,false,,8.30,0.0221,true,1,117962
7290102397730,false,פרוסות גבינה אמנטל חצי קשה 30% שומן 200 ג' נעם,Unknown,IL,גבינת אמנטל נעם 30%,,200.00,100 מל,false,,18.90,0.0945,true,1,117964
7290102397747,false,פרוסות גבינת מוצרלה נעם מחלב בקר 22%,טרה,IL,מוצרלה פרוס 200 גרם,גרמים,200.00,100 גרם,false,,19.90,9.9500,true,1,117965
7290102397891,false,גבינה מותכת משק צוריאל 100 גרם,משק צוריאל,IL,גבינה מותכת משק צורי,גרמים,100.00,100 גרם,false,,8.90,8.9000,true,1,117971
7290102398065,false,חלב טרה בקרטון 2 ליטר מהדרין 3% - מוצר בפיקוח,הפריט בפיקוח,IL,חלב טרה בקרטון 3%,קילוגרמים,2.00,ליטר,false,,12.46,6.2300,true,1,117976
7290102398072,false,"חלב קרטון 3%-1 ליטר "" טרה"" -מוצר פיקוח",הפריט בפיקוח,IL,חלב טרה בקרטון 3%,,1000.00,100 מל,false,,6.23,0.0062,true,1,117977
7290102398331,false,חלב מועשר דל לקטוז 2% שומן טרה 1 ליטר,Unknown,IL,חלב מועשר דל לקטוז,Unknown,0.00,יחידה,false,,8.50,0.0000,true,1,117988
7290102398478,false,לאבנה 9% שומן 500 ג' טרה,טרה,IL,לאבנה 9% 500 גרם,,500.00,100 מל,false,,20.90,0.0418,true,1,117994
7290102398553,false,משקה חלב בטעם שוקו 2% XL אריזה משפחתית,מילקו תעשיות בעמ,IL,שוקו טרה בבקבוק,קילוגרמים,1.50,ליטר,false,,18.90,12.6000,true,1,110703
7290102398560,false,שוקו טרה מועשר בבקבוק 1 ליטר,מילקו תעשיות בעמ,IL,שוקו טרה בבקבוק,קילוגרמים,1.00,ליטר,false,,11.90,11.9000,true,1,117998
7290102398577,false,משקה חלב בטעם שוקו 2% בבקבוק אישי,מילקו תעשיות בעמ,IL,שוקו טרה בבקבוק אישי,,250.00,100 מל,false,,5.90,0.0236,true,1,117999
7290102398614,false,משקה חלב בטעם בננה טרה 1 ליטר,מילקו תעשיות בעמ,IL,משקה חלב בטעם בננה,קילוגרמים,1.00,ליטר,false,,11.90,11.9000,true,1,118002
7290102398638,false,משקה חלב בטעם מוקה טרה 1 ליטר,מילקו תעשיות בעמ,IL,משקה חלב בטעם מוקה,קילוגרמים,1.00,ליטר,false,,11.90,11.9000,true,1,118003
7290102398669,false,משקה חלב אייס קפוצ'ינו טרה 1 ליטר,מילקו תעשיות בעמ,IL,אייס קפוצ'ינו בבקבוק,קילוגרמים,1.00,ליטר,false,,11.80,11.8000,true,1,160712
7290102398782,false,משקה סויה קלאסי משק צוריאל 1 ליטר,מחלבת משק צוריאל,IT,משקה סויה קלאסי,Unknown,0.00,יחידה,false,,10.90,0.0000,true,1,118007
7290102398799,false,משקה סויה במתיקות מופחתת משק צוריאל 1 ליטר,מחלבת משק צוריאל,IT,משקה סויה במתיקות מו,Unknown,0.00,יחידה,false,,10.90,0.0000,true,1,118008
7290102398805,false,משקה סויה בטעם וניל משק צוריאל 1 ליטר,מחלבת משק צוריאל,IT,משקה סויה בטעם וניל,Unknown,0.00,יחידה,false,,10.90,0.0000,true,1,118009
7290102398836,false,משקה שקדים קלאסי משק צוריאל 1 ליטר,מחלבת משק צוריאל,IT,משקה שקדים קלאסי,Unknown,0.00,יחידה,false,,13.90,0.0000,true,1,118011
7290102399048,false,פרוסות גבינת קשקבל נעם 200 ג' טרה,מילקו,IL,קשקבל נעם פתיחה חוזר,גרמים,200.00,100 גרם,false,,23.90,11.9500,true,1,118020
7290102399635,false,"מולר פרופ יוגורט ביו עם קציפת קוקוס ואננס 150 מ""ל",מולר Muller,IL,מולר פרופ יוגורט טרו,,150.00,100 מל,false,,5.40,0.0360,true,1,159888
7290102399796,false,מעדן יוגורט לבן מועשר בחלבון 200 ג' מולר אקטיב,מולר Muller,IL,מולר אקטיב יוגורט לב,,200.00,100 מל,false,,6.90,0.0345,true,1,118030
7290102399802,false,יוגורט עם תות מולר אקטיב מועשר בחלבון 200 גר',מולר Muller,IL,מולר אקטיב יוגורט תו,,200.00,100 מל,false,,7.90,0.0395,true,1,118031
7290102399819,false,יוגורט עם פירות יער מולר אקטיב מועשר בחלבון 200 גר',מולר Muller,IL,מולר אקטיב יוגורט פי,,200.00,100 מל,false,,7.90,0.0395,true,1,118032
7290102399857,false,מולר אקטיב לייט 20 גרם חלבון 0% שומן עם תות 200 גרם,מולר Muller,IL,מולר אקטיב לייט יוגו,,200.00,100 מל,false,,7.90,0.0395,true,1,160695
7290102600335,false,"כפיות קרם ארוז 50 יח שמאי כשל""פ עד""ח",,,כפיות קרם ארוז 50 יח,Unknown,0.00,יחידה,false,,8.90,0.0000,true,1,152283
7290102600359,false,"כפות קרם ארוז 50 י""ח שמאי כשל""פ עד""ח",,,כפות קרם ארוז 50 יח',Unknown,0.00,יחידה,false,,10.90,0.0000,true,1,152284
7290102600373,false,"סכין שקוף ארוז 50 י""ח שמאי כשל""פ עד""ח",,IL,סכין שקוף ארוז 50 יח,Unknown,0.00,יחידה,false,,10.90,0.0000,true,1,152285
7290102600380,false,"מזלג שקוף ארוז 50 י""ח שמאי כשל""פ עד""ח",,IL,מזלג שקוף ארוז 50 יח,Unknown,0.00,יחידה,false,,10.90,0.0000,true,1,152286
7290102600427,false,"כפות שקוף ארוז 50 י""ח שמאי כשל""פ עד""ח",,,כפות שקוף ארוז 50 יח,Unknown,0.00,יחידה,false,,10.90,0.0000,true,1,152287
7290102600434,false,"כפיות שקוף ארוז 50 י""ח שמאי כשל""פ עד""ח",,IL,כפיות שקוף ארוז 50 י,Unknown,0.00,יחידה,false,,8.90,0.0000,true,1,152288
7290102600458,false,"מזלג קרם ארוז 50 י""ח שמאי כשל""פ עד""ח",,,מזלג קרם ארוז 50 יח',Unknown,0.00,יחידה,false,,10.90,0.0000,true,1,152289
7290102611874,false,"כוסות קרטון 8 +מכסה ח""פ מארז 16יח'",ר.שמאי,CN,שמאי - קפה לדרך 8OZ+,Unknown,0.00,יחידה,false,,13.90,0.0000,true,1,203122
7290102846290,false,עוגת שוקולד ללא תוספ,,,עוגת שוקולד ללא תוספ,Unknown,0.00,יחידה,false,,16.90,0.0000,true,1,161753
7290103120658,false,דאודורנט ספיד סטיק גל שחור 85 גרם,הנסיך- מפעל לייצור ט,US,ספיד סטיק גל שחור 85,Unknown,0.00,יחידה,false,,24.90,0.0000,true,1,111436
7290103124588,false,"סבון נוזלי ארומה בניחוח לבנדר פטצ'ולי פלמוליב 750 מ""ל",הנסיך- מפעל לייצור ט,TR,פלמוליב סבון נוזלי ס,מיליליטרים,750.00,"100 מ""ל",false,,19.90,2.6533,true,1,128233
7290103124601,false,"תחליב רחצה נוזל חלב ודבש משאבה 750מ""ל פלמוליב",הנסיך- מפעל לייצור ט,TR,פלמוליב ת.רחצה נוזל,מיליליטרים,750.00,"100 מ""ל",false,,19.90,2.6533,true,1,128235
7290103126797,false,"קולגייט משחת שיניים סנסיטיב פרו ריליף 75 מ""ל",הנסיך- מפעל לייצור ט,BR,קולגייט סנסטיב פרו ר,Unknown,0.00,יחידה,false,,23.90,0.0000,true,1,128237
7290103128739,false,מקלוני כותנה לתינוק בלונס 50 יחידות,הנסיך- מפעל לייצור ט,GR,בלונס צימרוני אוזניי,Unknown,50.00,יחידה,false,,6.90,0.1380,true,1,111437
7290103129378,false,ספיד סטיק - דאודורנט ג'ל לגבר איקס 5 85 גרם,הנסיך- מפעל לייצור ט,US,ספיד סטיק איקס5 דאו.,Unknown,0.00,יחידה,false,,24.90,0.0000,true,1,111438
7290103129637,false,בלונס פדים אובליים להסרת איפור 40 יחידות,הנסיך- מפעל לייצור ט,GR,בלונס פדים אובליים ל,Unknown,40.00,יחידה,false,,9.90,0.2475,true,1,128239
7290103263355,false,סט 2 חותכנים לעוגיות,,,סט 2 חותכנים לעוגיות,Unknown,0.00,יחידה,false,,10.00,0.0000,true,1,164819
7290103400194,false,"כרוב לבן 400 גר בד""צ ירקות שטראוס",שטראוס בריאות ירקות טריי,IL,שטראוס כרוב לבן 400,גרמים,400.00,100 גרם,false,,8.90,2.2250,true,1,139966
7290103400231,false,"גזר מגורד שטראוס 400 גרם בד""צ",שטראוס בריאות ירקות טריי,IL,שטראוס גזר גוליאן 40,גרמים,400.00,100 גרם,false,,8.90,2.2250,true,1,139967
7290103400255,false,"סלט קולסלאו 400 גרם בד""צ ירקות שטראוס",שטראוס בריאות ירקות טריי,IL,שטראוס קולסלאו 400 ג,גרמים,400.00,100 גרם,false,,8.90,2.2250,true,1,139968
7290103401429,false,קפה קצב ברזילאי אוריגינס 200 גר,הנסיך- מפעל לייצור ט,IL,קפה עלית מיובש בהקפא,גרמים,200.00,100 גרם,false,,25.90,12.9500,true,1,132296
7290103404758,false,סלט כרוב אדום במיונז אחלה 120 גרם,מיוצר עי קונדיטוריית,IL,כרוב אדום במיונז 120,גרמים,120.00,100 גרם,false,,4.90,4.0833,true,1,139970
7290103408206,false,עלי חסה ערבית שטופים שטראוס 250 גרם,שטראוס בריאות ירקות טריי,IL,עלי חסה ערבית שטופים,גרמים,250.00,100 גרם,false,,10.10,4.0400,true,1,139973
7290103681173,false,"יין הר קברנה סובניון יקבי תבור 750 מ""ל.",מיוצר על ידי יקב תבור,IL,הר קברנה סוביניון יי,,750.00,100 מל,false,,39.90,0.0532,true,1,112046
7290103681180,false,"יין הר מרלו מיתוג תנשמת 750 מ""ל",מיוצר על ידי יקב תבור,IL,תבור הר מרלו יין אדו,,750.00,100 מל,false,,39.90,0.0532,true,1,112047
7290103681210,false,"יין הר שרדונה מיתוג תנשמת 750 מ""ל",מיוצר על ידי יקב תבור,IL,תבור הר שרדונה,,750.00,100 מל,false,,39.90,0.0532,true,1,172127
7290103681241,false,"יין הר מוסקטו מיתוג תנשמת 750 מ""ל",יקב תבור,IL,תבור הר מוסקטו,,750.00,100 מל,false,,39.90,0.0532,true,1,112052
7290104061417,false,סלט חומוס עם טחינה אחלה 400 גרם,"שטראוס גרופ בע""\מ",IL,חומוס בתוספת טחינה 4,גרמים,400.00,100 גרם,false,,10.20,2.5500,true,1,139975
7290104061424,false,סלט חומוס עם זעתר אחלה 400 גרם,מיוצר עי קונדיטוריית,IL,חומוס בתוספת זעתר 40,גרמים,400.00,100 גרם,false,,10.20,2.5500,true,1,139976
7290104061431,false,סלט חומוס עם צנובר אחלה 400 גרם,"שטראוס גרופ בע""\מ",IL,חומוס בתוספת צנובר 4,גרמים,400.00,100 גרם,false,,10.20,2.5500,true,1,139977
7290104061448,false,סלט חומוס עם חריף אחלה 400 גרם,מיוצר עי קונדיטוריית,IL,חומוס עם חריף 400 גר,גרמים,400.00,100 גרם,false,,10.20,2.5500,true,1,139978
7290104062599,false,מארז 8 יחידות מעדן גמדים בטעמי תות ובננה,"שטראוס בריאות בע""\מ",IL,גמדים בכפית 8 תות בנ,Unknown,0.00,יחידה,false,,17.90,0.0000,true,1,139979
7290104065187,false,אבקה להכנת משקה קפה בטעם מוקה,שטראוס גרופ,IL,קפה עלית נמס אבקה בט,גרמים,200.00,100 גרם,false,,25.90,12.9500,true,1,132317
7290104065934,false,עלי רוקט שטראוס 150 גרם,שטראוס בריאות ירקות טריי,IL,עלי רוקט שטראוס טעם,גרמים,150.00,100 גרם,false,,9.90,6.6000,true,1,139980
7290104066566,false,טחינה משומשום מלא אח,מיוצר עי קונדיטוריית,IL,סלט טחינה 500 גרם,גרמים,500.00,100 גרם,false,,13.90,2.7800,true,1,139982
7290104067679,false,סלט טחינה אחלה 400גר,מיוצר עי קונדיטוריית,IL,סלט טחינה 400 גרם,גרמים,400.00,100 גרם,false,,10.90,2.7250,true,1,139983
7290104067693,false,חומוס עם חריף 150 ג' אחלה,מיוצר עי קונדיטוריית,IL,חומוס עם חריף 150 גר,גרמים,150.00,100 גרם,false,,5.90,3.9333,true,1,139984
7290104230011,false,שום קלוף 1 יח' 170 ג' ר,מרינה,IL,שום קלוף 170 גרם,Unknown,0.00,יחידה,false,,8.90,0.0000,true,1,205162
7290104230020,false,שום קלוף 500 גרם,,,שום קלוף 500 גרם,Unknown,0.00,יחידה,false,,14.90,0.0000,true,1,205164
7290104260162,false,פלסטר ניר בגליל,,,פלסטר ניר בגליל,Unknown,0.00,יחידה,false,,11.90,0.0000,true,1,171867
7290104262029,false,רשת לאיסוף שיער - שח,,,רשת לאיסוף שיער - שח,Unknown,0.00,יחידה,false,,7.90,0.0000,true,1,155075
7290104262036,false,סיכות סבתא שחור,,,סיכות סבתא שחור,Unknown,0.00,יחידה,false,,7.90,0.0000,true,1,155076
7290104262265,false,שלישית גומיות שחור,,,שלישית גומיות שחור,Unknown,0.00,יחידה,false,,4.90,0.0000,true,1,155084
7290104367656,false,אוליב קרם לחות לעור רגיל מעורב 50מ'ל,,IL,אוליב קרם לחות לעור,Unknown,0.00,יחידה,false,,24.90,0.0000,true,1,161045
7290104500572,false,אפרופו חטיף תירס איטליאנו אסם 50 גרם,מיוצר עי קונדיטוריית,IL,אפרופו איטלקי 36*50ג,Unknown,0.00,יחידה,false,,5.90,0.0000,true,1,126977
7290104501661,false,אינסטנט פודינג בטעם וניל צרפתי אסם 80 גרם,מיוצר עי קונדיטוריית,IL,אסם פודינג בטעם וניל,Unknown,0.00,יחידה,false,,5.50,0.0000,true,1,126978
7290104503184,false,הבית עוגת שבת בראוניס טעם שוקולד ריבת חלב 380 גרם,מיוצר עי קונדיטוריית,IL,הבית עוגת שבת בראוני,גרמים,380.00,100 גרם,false,,16.90,4.4474,true,1,126979
7290104504228,false,מיני דובונים אסם 100 גרם מארז 5 יחידות,"אסם השקעות בע""\מ",IL,דובונים קדמ.מארז אחי,Unknown,5.00,יחידה,false,,14.90,2.9800,true,1,126981
7290104508189,false,גביעי וופל ממותקים לגלידה 24 יח',בטר אנד דיפרנט,IL,אסם 24 גביעי גלידה מ,Unknown,24.00,יחידה,false,,14.90,0.6208,true,1,126985
7290104508202,false,גביעי גלידה אמריקאים אסם 120 גרם 24 יחידות,"גילרו בע""מ",IL,גביעי גלידה אמריקאים,גרמים,120.00,100 גרם,false,,14.90,12.4167,true,1,126986
7290104508943,false,במבה חטיף בוטנים אסם 200 גרם,"אסם השקעות בע""\מ",IL,במבה קלאסי 18*200 גר,גרמים,200.00,100 גרם,false,,10.90,5.4500,true,1,126988
7290104570162,false,תמרים ללא חרצנים תמר כבוש 500 גרם,תמר העמקים בית שאן,IL,תמר כבוש בית שאן 500,גרמים,500.00,100 גרם,false,,14.90,2.9800,true,1,148580
7290104570186,false,תמר מגהול אורגני 1 ק,,,תמר מגהול אורגני 1 ק,פריט,1.00,"ק""ג",false,,19.90,19.9000,true,1,204178
7290104570209,false,תמר מג'הול כתום 1 ק,ירק הגליל,,תמר מג'הול כתום 1 ק,Unknown,0.00,יחידה,false,,24.90,0.0000,true,1,201872
7290104570629,false,ממרח גביע ירוק 450 ג' ירדן,"תמר העמקים בע""מ",IL,ממרח תמרים 450 גרם,גרמים,450.00,100 גרם,false,,6.90,1.5333,true,1,148584
7290104570636,false,ממרח תמרים גביע ירוק 450 ג',"תמר העמקים בע""מ",,ממרח תמרים ירדן,גרמים,450.00,100 גרם,false,,6.90,1.5333,true,1,148585
7290104570711,false,"סילאן מגהול בד""צ 900גרם",,IL,סילאן טהור 900 גרם,גרמים,900.00,100 גרם,false,,24.90,2.7667,true,1,148587
7290104570735,false,הדקלאים סילאן טהור 5,,,הדקלאים סילאן טהור 5,גרמים,500.00,100 גרם,false,,14.90,2.9800,true,1,148588
7290104570995,false,תמר מגהול 750 גרם,,,תמר מגהול 750 גרם,גרמים,750.00,100 גרם,false,,34.90,4.6533,true,1,170401
7290104720499,false,מארז 8 יחידות מעדן דני בטעם וניל 1.5%,מיוצר עי קונדיטוריית,IL,דני מעדן חלב בטעם ונ,גרמים,1000.00,100 גרם,false,,15.90,1.5900,true,1,139986
7290104721533,false,רצועות פלפלים קלויים אחלה 400 ג',מיוצר עי קונדיטוריית,IL,סלט פלפלים קלויים,גרמים,400.00,100 גרם,false,,15.90,3.9750,true,1,139987
7290104721953,false,לקט מסולסלים ירקות שטראוס 350 גרם,שטראוס בריאות ירקות טריי,IL,לקט מסולסלים ירקות 3,גרמים,350.00,100 גרם,false,,13.20,3.7714,true,1,139988
7290104722530,false,תפוצ'יפס בטעם שמנת בצל עלית 200 גרם,"שטראוס פריטו ליי בע""\מ )",IL,תפוציפס שמנת בצל 200,גרמים,200.00,100 גרם,false,,9.90,4.9500,true,1,132961
7290104726262,false,רביעייה מעדן דני שוקולד דיסני לבנים 125 גרם,מיוצר עי קונדיטוריית,IL,דני שלוק 4 שוקולד די,גרמים,500.00,100 גרם,false,,11.00,2.2000,true,1,139992
7290104726712,false,מארז 8 יחידות מעדן מילקי בטעם שוקולד עם קצפת,"שטראוס גרופ בע""\מ",IL,מארז 8 גביעי מילקי ב,,1.06,קג,false,,21.00,19.8113,true,1,139993
7290104728310,false,"שמנת מתוקה עמידה 38% שומן ""יטבתה"" -מוצר בפיקוח",שטראוס גרופ,IL,שמנת להקצפה יטבתה 25,,250.00,100 מל,false,,6.47,0.0259,true,1,139996
7290104729003,false,"יד מרדכי - שמן זית כתית מעולה 2 קלאסי 750 מ""ל",מכוורת יד מרדכי שטרא,IL,יד מרדכי שמן זית כתי,מיליליטרים,750.00,"100 מ""ל",false,,34.90,4.6533,true,1,132334
7290104962851,false,"מרכך אמפולה לטיפול אינטנסיבי לשיער יבש, צבוע ופגום",נטורל פורמולה Natural Formula,IL,אמפולה אינטנס מרכך ל,מיליליטרים,400.00,"100 מ""ל",false,,32.90,8.2250,true,1,117585
7290104963216,false,סופטקר - אל סבון עדין לתינוק לעור רגיש 1 ליטר,קוסמופארם בע'\'\מ,IL,סופטקר אלסבון עדין ל,ליטרים,1.00,100 ליטר,false,,19.90,19.9000,true,1,111285
7290104963667,false,שמפו ותחליב רחצה אל דמע סופט קר 1 ליטר,קוסמופארם בע'\'\מ,IL,סופטקר-2ב1 לתינוק 1ל,קילוגרמים,1.00,ליטר,false,,19.90,19.9000,true,1,173088
7290105360250,false,קפסולות 09 עשיר וארומטי למכונת נספרסו עלית 10יח',הנסיך- מפעל לייצור ט,IL,קפסולות קפה עלית 09,Unknown,0.00,יחידה,false,,16.90,0.0000,true,1,132337
7290105360328,false,קפסולות אספרסו חזק למכונות נספרסו 10 יח',הנסיך- מפעל לייצור ט,IL,קפסולות קפה עלית 10,Unknown,0.00,יחידה,false,,19.90,0.0000,true,1,132338
7290105360335,false,קפסולות אספרסו למכונות נספרסו 50 גר,הנסיך- מפעל לייצור ט,IL,קפסולות קפה עלית 07,Unknown,0.00,יחידה,false,,16.90,0.0000,true,1,132339
7290105362339,false,"שמנת לבישול 15% 250 מ""ל יטבתה מהדרין",שטראוס גרופ,IL,יטבתה שמנת לבישול 15,,250.00,100 מל,false,,8.60,0.0344,true,1,140000
7290105363602,false,מקלות כיף כף קלאסי עלית 40 גרם,שולן צ'\יקולטה גידה סאן.,TR,כיף כף מקלות קלאסי,Unknown,0.00,יחידה,false,,5.90,0.0000,true,1,132347
7290105364289,false,מקלות כיף כף פצפוצים עלית 40 גרם,שולן צ'\יקולטה גידה סאן.,TR,כיף כף מקלות פצפוצים,Unknown,0.00,יחידה,false,,5.90,0.0000,true,1,132348
7290105364302,false,"עלית חטיף שוקולד כיף כף מקלות אגוזים, 40 גרם",שולן צ'\יקולטה גידה סאן.,TR,כיף כף מקלות אגוזים,Unknown,0.00,יחידה,false,,5.90,0.0000,true,1,132349
7290105364678,false,"אקטיביה משקה יוגורט בטעם אפרסק שטראוס 250 מ""ל",מיוצר עי קונדיטוריית,IL,משקה אקטיביה עם אפרס,גרמים,265.00,100 גרם,false,,4.90,1.8491,true,1,140001
7290105366023,false,סלט חצילים בטעם כבד אחלה 400 גרם,מיוצר עי קונדיטוריית,IL,סלט חציל בטעם כבד 40,גרמים,400.00,100 גרם,false,,15.90,3.9750,true,1,140002
7290105366047,false,טחינה לבנה אחלה 400 גרם,מיוצר עי קונדיטוריית,IL,טחינה לבנה 400 גרם,גרמים,400.00,100 גרם,false,,15.10,3.7750,true,1,140004
7290105366993,false,סימפוניה גבינת שמנת פלפל שיפקה 5% שטראוס 200 גרם,"שטראוס בריאות בע""מ",IL,סימפוניה פלפל שיפקה,גרמים,200.00,100 גרם,false,,10.90,5.4500,true,1,140006
7290105368225,false,חומוס אחלה עם פלפל שיפקה 400 גרם,מיוצר עי קונדיטוריית,IL,חומוס בתוספת פלפל שי,גרמים,400.00,100 גרם,false,,10.20,2.5500,true,1,140008
7290105368331,false,מעדן מילקי בטעם תות עם קצפת,מחלבת אחיהוד,IL,מעדן מילקי תות,גרמים,135.00,100 גרם,false,,2.90,2.1481,true,1,140009
7290105368904,false,"שמנת מתוקה להקצפה 32% שומן 250 מ""ל יוטבתה",שטראוס גרופ,IL,יטבתה שמנת עמידה לקצ,,250.00,100 מל,false,,7.80,0.0312,true,1,140012
7290105368928,false,"שמנת 9% שומן 200 מ""ל יוטבתה",שטראוס גרופ,IL,שמנת חמוצה יטבתה מוע,,200.00,100 מל,false,,2.90,0.0145,true,1,140013
7290105369130,false,סימפוניה גבינת שמנת בצל ירוק 5% שטראוס 200 גרם,"שטראוס בריאות בע""\מ",IL,סימפוניה שטראוס בצל,גרמים,200.00,100 גרם,false,,10.90,5.4500,true,1,140015
7290105430441,false,תחליב רחצה סחלב שחור וקרם לחות Naturals משאבה,הנסיך- מפעל לייצור ט,TR,פלמוליב סחלב שחור 75,מיליליטרים,750.00,"100 מ""ל",false,,19.90,2.6533,true,1,128240
7290105430458,false,תחליב רחצה מועשר בשקדים וקרם לחות Naturals משאבה,הנסיך- מפעל לייצור ט,TR,"פלמוליב שקדים 750 מ""",מיליליטרים,750.00,"100 מ""ל",false,,19.90,2.6533,true,1,128241
7290105431516,false,מארז חטיף פריי תמרים ובוטנים ללא גלוטן ותוספת סוכר 125 גרם,טבעית מוצרים מן הטבע בעמ,IL,פרי חטיפי תמרים ובוט,גרמים,125.00,100 גרם,false,,16.90,13.5200,true,1,128243
7290105431868,false,"סבון פלמוליב נוזלי ספא קוקוס גרגרים 500 מ""ל",הנסיך- מפעל לייצור ט,TR,פלמוליב ספא קוקוס גר,מיליליטרים,500.00,"100 מ""ל",false,,15.90,3.1800,true,1,128244
7290105434050,false,ספיד סטיק - דאודורנט סטיק לגבר XL ירוק רגיולר 85 גרם,קולגייט פלמוליב,US,ספיד סטיק ירוק 85 גר,Unknown,0.00,יחידה,false,,19.90,0.0000,true,1,111442
7290105434067,false,ספיד סטיק - דאודורנט סטיק לגבר XL אושן סרף 85 גרם,קולגייט פלמוליב,US,ספיד סטיק אושיין סרף,גרמים,85.00,100 גרם,false,,19.90,23.4118,true,1,111443
7290105436382,false,חטיף פרי תמרים קשיו ללא תוספת סוכר וגלוטן 5 יח,טבעית מוצרים מן הטבע בעמ,IL,פרי חטיפי בריאות תמר,Unknown,0.00,יחידה,false,,16.90,0.0000,true,1,128250
7290105438546,false,קוקי נייר אפייה פרימיום 40 יח',אופל אריזות,IL,קוקי נייר אפייה פרימ,Unknown,1.00,יחידה,false,,11.90,11.9000,true,1,111684
7290105439581,false,מנה מאסטר שף חרדל דיזיון צרפתי 370 גר,רמיה סי.וי.הולנד,FR,מאסטר שף חרדל דיזון,גרמים,390.00,100 גרם,false,,10.90,2.7949,true,1,128254
7290105474124,false,"מזון לכלבים בונזו מזון כלבים בשר 12 ק""ג מחולק","ביופט בע""מ",IL,בונזו בשר מחולק 12 ק,,12.00,קג,false,,139.90,11.6583,true,1,140796
7290105474179,false,מארז מען לה קט פטה מולטיפק 100 גר 4 יח,SA NORMANDISE LA,FR,לה קט מעדן פטה קרטון,Unknown,4.00,יחידה,false,,21.90,5.4750,true,1,140800
7290105500236,false,וויסקי ג'ק דניאלס מס' 7 Brand No,ג'ק דניאלס Jack Daniel's,US,גק דניאלס וויסקי 700,מיליליטרים,700.00,"100 מ""ל",false,,129.90,18.5571,true,1,112435
7290105500878,false,מרטיני וורמוט לבן 1 ליטר,מרטיני ורוסי,,מרטיני ביאנקו 1 ליטר,קילוגרמים,1.00,ליטר,false,,59.90,59.9000,true,1,179012
7290105665485,false,תבנית סיליקון לשוקול,,,תבנית סיליקון לשוקול,Unknown,0.00,יחידה,false,,12.90,0.0000,true,1,187862
7290105669971,false,קרש חיתוך עגול מעוצב,,,קרש חיתוך עגול מעוצב,Unknown,0.00,יחידה,false,,69.90,0.0000,true,1,183622
7290105691248,false,אסם חטיפי פריכונים טורטייה תירס 60 גרם,"פרח תעשיות מזון בע""מ.",IL,אסם חטיפי פריכונים ט,Unknown,0.00,יחידה,false,,7.90,0.0000,true,1,126995
7290105691712,false,אסם עוגיות הפסקת קפה דגנים מלאים 230 גרם,היינץ צפון אמריקה מק,IL,אסם עוגיות הפסקת קפה,גרמים,230.00,100 גרם,false,,11.90,5.1739,true,1,127000
7290105693341,false,מארז עשיריית במבה אסם 25*10 גרם,"אסם השקעות בע""\מ",IL,במבה מאח.15 10*25גרם,גרמים,250.00,100 גרם,false,,14.90,5.9600,true,1,127012
7290105693457,false,עוגת הבית דמקה שוקו וניל אסם 320 גרם,מיוצר עי קונדיטוריית,IL,הבית עוגת דמקה שוקו,גרמים,320.00,100 גרם,false,,14.90,4.6563,true,1,127013
7290105694614,false,פסטה ספגטי מהיר הכנה אסם 500 גרם,זארה,IT,אסם ספגטי מהיר הכנה,גרמים,500.00,100 גרם,false,,5.90,1.1800,true,1,127017
7290105695024,false,פתיתים אפויים אורז עם אטריות אסם 500 גרם,"אסם השקעות בע""\מ",IL,אסם פתיתים אפויים או,גרמים,500.00,100 גרם,false,,7.90,1.5800,true,1,127024
7290105695321,false,עוגת הבית בראוניס פאדג' אסם 380 גרם,מיוצר עי קונדיטוריית,IL,הבית עוגת בראוניס פא,גרמים,380.00,100 גרם,false,,17.90,4.7105,true,1,127026
7290105961181,false,משקה פונץ' בננה יטבתה 1 ליטר מהדרין,שטראוס גרופ,IL,פונץ בננה 1 ליטר,,1000.00,100 מל,false,,11.90,0.0119,true,1,140016
7290105962331,false,סחוג תימני אדום חריף מאוד זהבי הכרם 220 גרם,קריניסה ויטמין אס אי,IL,סחוג חריף מאוד זהבי,גרמים,220.00,100 גרם,false,,10.90,4.9545,true,1,140017
7290105962980,false,כרוב אדום במיונז 400 ג' אחלה,מיוצר עי קונדיטוריית,IL,סלט כרוב אדום במיונז,גרמים,400.00,100 גרם,false,,10.90,2.7250,true,1,140018
7290105962997,false,חצילים אחלה במיונז 400 גר',"שטראוס גרופ בע""מ",IL,סלט חצילים במיונז 40,גרמים,400.00,100 גרם,false,,10.90,2.7250,true,1,140019
7290105963000,false,סלט מטבוחה 400 ג' אחלה,מיוצר עי קונדיטוריית,IL,סלט מטבוחה 400 גרם,גרמים,400.00,100 גרם,false,,10.90,2.7250,true,1,140020
7290105965738,false,יוגורט לשתיה בטעם תות בננה267 ג' דנונה,מיוצר עי קונדיטוריית,IL,דנונה לשתייה תות בננ,גרמים,267.00,100 גרם,false,,4.80,1.7978,true,1,140024
7290105968098,false,"סלט קולסלאו 500 גרם ""אחלה""",שטראוס גרופ סלטים,IL,סלט קולסלאו כרוב לבן,גרמים,500.00,100 גרם,false,,15.10,3.0200,true,1,140026
7290105968654,false,רביולי בטטה פרווה פסטה נונה 400 ג',מיוצר עי קונדיטוריית,IL,שטראוס רביולי בטטה 4,גרמים,400.00,100 גרם,false,,20.90,5.2250,true,1,140027
7290105968777,false,פריכיות 5 דגנים עם תחתית שוקולד מריר 70 גרם,"טחנת האבן תעשיות בע""",IL,אנרג'י פריכיות תחתית,Unknown,0.00,יחידה,false,,8.90,0.0000,true,1,132376
7290106098282,false,"גביע 1/2 אמריקאי ארוז 6 יח כשלפ עד""ח ר.שמאי",,IL,שמאי - גביע אחסון 1,Unknown,0.00,יחידה,false,,6.90,0.0000,true,1,152293
7290106261938,false,אופולנט סט 5מוצרים בקופסא זהב,,,אופולנט סט 5 מוצרים,Unknown,0.00,יחידה,false,,49.90,0.0000,true,1,204949
7290106262621,false,בלומפילד סט 5 מוצרים,,,בלומפילד סט 5 מוצרים,Unknown,0.00,יחידה,false,,49.90,0.0000,true,1,189300
7290106263376,false,בלומפילד סט 5 מוצרים,,,בלומפילד סט 5 מוצרים,Unknown,0.00,יחידה,false,,49.90,0.0000,true,1,189301
7290106263680,false,PRO HAIRסרום שמן מרוקאי לרגיל/יבש ללא מלח,,IL,סרום טיפולי מועשר בש,Unknown,0.00,יחידה,false,,59.90,0.0000,true,1,111564
7290106263925,false,"פרוהייר - מרכך שמן מרוקאי ללא מלח 400 מ""ל",,IL,מרכך שמן מרוקאי ללא,Unknown,0.00,יחידה,false,,29.90,0.0000,true,1,111568
7290106266261,false,PRO HAIRק.לחות שמן מרוקאי לשיער רגיל/יבש,,IL,קרם לחות שמן מרוקאי,Unknown,0.00,יחידה,false,,29.90,0.0000,true,1,111570
7290106266278,false,PRO HAIRק.לחות קרטין לשיער יבש מאוד/פגום,,IL,"קרם לחות קרטין 400מ""",Unknown,0.00,יחידה,false,,29.90,0.0000,true,1,111569
7290106433205,false,עציץ תליה עגול,,,עציץ תליה עגול,Unknown,0.00,יחידה,false,,19.90,0.0000,true,1,171467
7290106520066,false,"רבע לשבע שוקולד חלב במילוי אגוזים עלית 160 גרם בד""צ","הגביע מוצרי וופלים בע""\מ",IL,גליל וופל רבע לשבע ב,גרמים,160.00,100 גרם,false,,12.90,8.0625,true,1,132377
7290106520288,false,יוגורט פרו חלבון עם תות 2.4% שומן 150 ג' דנונה,"שטראוס בריאות בע""מ",IL,"דנונה פרי תות 150 מ""",גרמים,150.00,100 גרם,false,,4.50,3.0000,true,1,140029
7290106520905,false,סלט טורקי אחלה 400 גרם,"שטראוס גרופ בע""\מ",IL,סלט טורקי 400 גרם,גרמים,400.00,100 גרם,false,,15.10,3.7750,true,1,140032
7290106520912,false,"שמנת 9% לבישול יטבתה 250 מ""ל מהדרין",שטראוס גרופ,IL,יטבתה שמנת לבישול 9%,,250.00,100 מל,false,,8.60,0.0344,true,1,140033
7290106521049,false,אחלה טעמי השוק קוביות סלק 400 גר,מיוצר עי קונדיטוריית,IL,סלט קוביות סלק,גרמים,400.00,100 גרם,false,,15.10,3.7750,true,1,140034
7290106521926,false,קפה טורקי בצלופן עלית 150 גרם,שטראוס קפה בי.ויn\.,IL,קפה טורקי עלית 150 ג,גרמים,150.00,100 גרם,false,,11.90,7.9333,true,1,160674
7290106524439,false,"תפוצ'יפס פופס 60 גרם ""עלית""","שטראוס פריטו ליי בע""\מ )",IL,תפוצ'יפס פופס 60 גרם,Unknown,0.00,יחידה,false,,3.50,0.0000,true,1,132973
7290106525320,false,אבקת שוקולית לאפייה קופסא 500ג' עלית,הנסיך- מפעל לייצור ט,IL,עלית אבקת שוקולית מי,גרמים,500.00,100 גרם,false,,14.90,2.9800,true,1,132385
7290106525399,false,קפסולות 06 ברזיל למכונות נספרסו עלית 10יח',הנסיך- מפעל לייצור ט,IL,קפסולות קפה עלית ברז,Unknown,0.00,יחידה,false,,16.90,0.0000,true,1,132387
7290106525405,false,קפסולות 07 נטול נספרסו עלית 10 יח',שטראוס קפה בי.וי.,IL,עלית קפסולות נטול 7,Unknown,0.00,יחידה,false,,16.90,0.0000,true,1,132388
7290106526822,false,פריכיות אורז חום מלא תחתית שוקולד חלב 80 גרם,"טחנת האבן תעשיות בע""",IL,פריכיות אנרג'י עם תח,Unknown,0.00,יחידה,false,,8.90,0.0000,true,1,132390
7290106528567,false,"דוריטוס גריל 185 גרם ""עלית""","שטראוס פריטו ליי בע""\מ )",IL,דוריטוס גריל 185 גרם,גרמים,185.00,100 גרם,false,,7.90,4.2703,true,1,132975
7290106528628,false,"דוריטוס טבעי 185 גרם ""עלית""","שטראוס פריטו ליי בע""\מ )",IL,דוריטוס טבעי 185 גרם,גרמים,185.00,100 גרם,false,,7.90,4.2703,true,1,132976
7290106528949,false,לקט ערוגות 450 גרם שטראוס,שטראוס בריאות ירקות טריי,IL,לקט לסלט ערוגות שטרא,גרמים,450.00,100 גרם,false,,12.90,2.8667,true,1,140037
7290106571037,false,"מאגדת גומיגם 5יח כשל""פ",גלידות נסטלה )נגה גלידות,IL,מאגדת גומיגם חמישייה,גרמים,450.00,100 גרם,false,,24.90,5.5333,true,1,122160
7290106572027,false,אוסם - לחמית חמישה דגנים 190 גרם,"אסם השקעות בע""\מ",IL,לחמית חמישה דגנים 12,גרמים,190.00,100 גרם,false,,9.90,5.2105,true,1,127042
7290106572065,false,חטיפי פריכונים טורטיה חמוץ מתוק 60 גרם,"פרח תעשיות מזון בע""מ",IL,אסם חטיפי פרכ.טורטיה,Unknown,0.00,יחידה,false,,7.90,0.0000,true,1,127043
7290106573598,false,צבר חומוס לבנוני 400 גרם,סלטי צבר,IL,צבר חומוס לבנוני 12*,גרמים,400.00,100 גרם,false,,12.90,3.2250,true,1,127054
7290106573628,false,צבר חומוס עם טחינה 400 גרם,סלטי צבר,IL,צבר חומוס עם טחינה 1,גרמים,400.00,100 גרם,false,,12.90,3.2250,true,1,127055
7290106574793,false,עוגת הבית בטעם שוקו-שוקוצ'יפס 350 ג' אסם,מיוצר עי קונדיטוריית,IL,הבית עוגת שוקו שוקוצ,גרמים,350.00,100 גרם,false,,14.90,4.2571,true,1,127064
7290106574977,false,בייגלה שטוחים כעכים שטוחים עם מלח,מיוצר עי קונדיטוריית,IL,אסם בייגלה שטוחים עם,גרמים,300.00,100 גרם,false,,10.90,3.6333,true,1,127066
7290106575257,false,עוגת הבית סופלה בטעם שוקולד 340 ג' אסם,מיוצר עי קונדיטוריית,IL,הבית עוגת סופלה בטעם,גרמים,340.00,100 גרם,false,,14.90,4.3824,true,1,127068
7290106575431,false,עוגת הבית סופלה בטעם שוקוניל 340 ג' אסם,מיוצר עי קונדיטוריית,IL,הבית עוגת סופלה בטעם,גרמים,340.00,100 גרם,false,,14.90,4.3824,true,1,127071
7290106576223,false,"אפרופו שוקולד 40 גרם ""אסם""",מיוצר עי קונדיטוריית,IL,אפרופו שוקולד 36*40ג,Unknown,0.00,יחידה,false,,5.90,0.0000,true,1,127075
7290106576513,false,סלט חומוס צבר 400 גר,סלטי צבר,IL,צבר חומוס 12*400גרם,גרמים,400.00,100 גרם,false,,9.90,2.4750,true,1,127079
7290106576537,false,חומוס מסעדות צבר 700 גרם,סלטי צבר,IL,צבר חומוס מסעדה 6*70,גרמים,700.00,100 גרם,false,,13.90,1.9857,true,1,127080
7290106576797,false,"לה קרמריה גלידת וניל איטלקי כשל""פ 1.4ל'",תות תעשיות מזון (201,IL,לה קרמריה וניל איטלק,קילוגרמים,1.40,ליטר,false,,19.90,14.2143,true,1,158120
7290106576810,false,גלידה לה קרמריה ריבת חלב 1.4 ל' נסטלה,לה קרמריה- נסטלה,IL,לה קרמריה ריבת חלב 1,קילוגרמים,1.40,ליטר,false,,19.90,14.2143,true,1,158126
7290106576834,false,גלידה לה קרמריה פונטש בננה1.4 ל' נסטלה,תות תעשיות מזון (201,IL,לה קרמריה פונטש בננה,קילוגרמים,1.40,ליטר,false,,19.90,14.2143,true,1,158130
7290106576858,false,גלידה לה קרמריה תותים בשמנת 1.4 ל' נסטלה,גלידות נסטלה )נגה גלידות,IL,לה קרמריה תותים בשמנ,קילוגרמים,1.40,ליטר,false,,19.90,14.2143,true,1,158127
7290106576971,false,גלידה לה קרמריה שוקולד בלגי 1.4 ל' נסטלה,תות תעשיות מזון (201,IL,לה קרמריה שוקולד בלג,קילוגרמים,1.40,ליטר,false,,19.90,14.2143,true,1,158128
7290106577039,false,גלידה לה קרמריה שוקו וניל פליק 1.4 ל' נסטלה,תות תעשיות מזון (201,IL,לה קרמריה שוקו וניל,קילוגרמים,1.40,ליטר,false,,19.90,14.2143,true,1,122181
7290106577282,false,טחינה אמיתית מרובע 400 ג' צבר,סלטי צבר,IL,צבר טחינה מרובע 6*40,גרמים,400.00,100 גרם,false,,12.90,3.2250,true,1,127081
7290106577541,false,כרוב אדום מרובע 400 ג' צבר,סלטי צבר,IL,צבר כרוב אדום מרובע,גרמים,400.00,100 גרם,false,,12.90,3.2250,true,1,127085
7290106577572,false,מטבוחה אמיתית מרובע 400 ג' צבר,סלטי צבר,IL,צבר מטבוחה מרובע 6*4,גרמים,400.00,100 גרם,false,,12.90,3.2250,true,1,127086
7290106578241,false,"חטיף דובונים בטעם תפו""א 100 ג' אסם","אסם תעשיות בע""מ",IL,דובונים 16*100גרם,גרמים,100.00,100 גרם,false,,9.90,9.9000,true,1,127093
7290106578692,false,ביסלי במבה מיקס מהדורת אליפות אסם 80 גרם,פרו מן יו פתרונות אר,IL,במבה ביסלי מיקס 36*8,Unknown,0.00,יחידה,false,,5.90,0.0000,true,1,127095
7290106578821,false,עוגת הבית שמרים קלאסית שוקולד אסם 350 גרם,מיוצר עי קונדיטוריית,IL,הבית עוגת שמרים שוקו,גרמים,350.00,100 גרם,false,,17.90,5.1143,true,1,127096
7290106652996,false,מקלות כיף כף קוקוס עלית 40 גרם,סולן בעבור שטראוס,TR,כיף כף מקלות קוקוס,Unknown,0.00,יחידה,false,,4.70,0.0000,true,1,201120
7290106653689,false,לקט לסלט אסייתי שטראוס 350 גרם,שטראוס בריאות ירקות טריי,IL,לקט לסלט אסייאתי שטר,גרמים,350.00,100 גרם,false,,11.90,3.4000,true,1,140039
7290106654099,false,מילקי CAKE עוגות אישיות במילוי קרם חלב,בובארד איטליה אס.פי.איי,IT,עוגת מילקי Cake במאר,גרמים,272.00,100 גרם,false,,19.90,7.3162,true,1,140040
7290106658479,false,וופל טורטית שוקלד מגדים 40ג',"שטראוס גרופ בע""\מ",IL,טורטית - חטיף וופל מ,Unknown,0.00,יחידה,false,,3.90,0.0000,true,1,132402
7290106663091,false,"לאבנה 9 % עם שמן זית 500 גר' ""שטראוס""",הדקלאים אגודת שיתופי,IL,לאבנה 9% 500 גרם,גרמים,500.00,100 גרם,false,,18.90,3.7800,true,1,140046
7290106663503,false,קונפיטורה לייט תות יד מרדכי 230 גרם,אף.סי תבליני בגליל ב,IL,קונפיטורת תות לייט י,גרמים,230.00,100 גרם,false,,13.90,6.0435,true,1,132422
7290106664067,false,לאבנה עם שמן זית וזעתר 10% שטראוס 400 ג',הדקלאים אגודת שיתופי,IL,לאבנה שטראוס שמן זית,גרמים,400.00,100 גרם,false,,14.90,3.7250,true,1,140048
7290106664555,false,"רוטב שמנת עם עגבניות 9% שומן 250 מ""ל יוטבתה",שטראוס גרופ,IL,רוטב שמנת עם עגבניות,גרמים,258.00,100 גרם,false,,10.50,4.0698,true,1,140050
7290106667266,false,"דוריטוס חמוץ חריף 185 גרם ""עלית""","שטראוס פריטו ליי בע""\מ )",IL,דוריטוס חמוץ חריף 18,גרמים,185.00,100 גרם,false,,7.90,4.2703,true,1,133002
7290106668133,false,אבקת שוקולית עלית שקית 400 ג',,,עלית אבקת שוקולית בש,גרמים,400.00,100 גרם,false,,9.90,2.4750,true,1,132437
7290106668577,false,"מיץ לימון טיבעי 250 מ""ל יד מרדכי",האי נאם סי או אל.טי.,IT,יד מרדכי מיץ לימון 2,,250.00,100 מל,false,,9.90,0.0396,true,1,132438
7290106668713,false,יוגורט עם פירות יער 3% שומן 150 ג' דנונה,מיוצר עי קונדיטוריית,IL,דנונה יוגורט עם פירו,גרמים,150.00,100 גרם,false,,3.90,2.6000,true,1,140052
7290106669857,false,קפסולות אספרסו בטעם וניל עלית 10 יחידות,הנסיך- מפעל לייצור ט,IL,עלית קפסולות אספרסו,Unknown,0.00,יחידה,false,,16.90,0.0000,true,1,132444
7290106720626,false,צ'יטוס קראנצ' בטעם גבינה - חלבי,"שטראוס פריטו ליי בע""\מ )",IL,ציטוס בטעם גבינה 80,Unknown,0.00,יחידה,false,,4.90,0.0000,true,1,133004
7290106721807,false,חציל פיקנטי מהדרין אחלה 400 ג',"שטראוס גרופ בע""מ",IL,חציל פיקנטי שופ 400,גרמים,400.00,100 גרם,false,,10.90,2.7250,true,1,140056
7290106721906,false,צנצנת בזוקה מגדים ציקלט 66 גרם,"שטראוס גרופ בע""מ",IL,בזוקה צנצנת צ'יקלט 6,Unknown,0.00,יחידה,false,,9.80,0.0000,true,1,132447
7290106721913,false,מסטיק מאסט MUST ללא סוכר בטעם מנטה מרעננת,"שטראוס גרופ בע""מ",IL,מאסט צנצנת ריח פה צ',Unknown,0.00,יחידה,false,,9.90,0.0000,true,1,132448
7290106721920,false,צנצנת מסטיק מאסט בטעם ספירמינט עדין 66 ג' עלית,"שטראוס גרופ בע""\מ.",IL,מאסט צנצנת ספירמינט,Unknown,0.00,יחידה,false,,9.90,0.0000,true,1,132449
7290106723689,false,עלי תרד בייבי שטראוס 200 גרם,שטראוס בריאות ירקות טריי,IL,עלי תרד בייבי שטראוס,גרמים,200.00,100 גרם,false,,10.90,5.4500,true,1,140057
7290106725874,false,"סירופ מייפל טהור יד מרדכי 236 מ""ל",יד מרדכי,CA,סירופ מייפל טבעי יד,,236.00,100 מל,false,,41.90,0.1775,true,1,132463
7290106726178,false,יוגורט PRO עם פירות יער 2.4% 10 גרם חלבון בגביע,מיוצר עי קונדיטוריית,IL,דנונה פרו פירות יער,גרמים,150.00,100 גרם,false,,4.60,3.0667,true,1,140059
7290106727984,false,"כיף כף פצפצים בגביע 135 גרם ""עלית""",שולן צ'\יקולטה גידה סאן.,TR,גביע כיף כף פצפצים,גרמים,135.00,100 גרם,false,,10.90,8.0741,true,1,132465
7290106729650,false,יוגורט עם תות מאגדת 8 יח' * 150ג' דנונה,"שטראוס גרופ בע""\מ",IL,דנונה מארז יוגורט תו,,1.20,קג,false,,23.90,19.9167,true,1,140069
7290107050258,false,תבנית אפיה נירוסטה,,,תבנית אפיה נירוסטה,Unknown,0.00,יחידה,false,,29.90,0.0000,true,1,164822
7290107059299,false,מקל לסוכריות ו CAKE,,,מקל לסוכריות ו CAKE,Unknown,0.00,יחידה,false,,5.90,0.0000,true,1,164827
7290107280099,false,שלישיית מגובנים נשטפים באסלה סופט סוד 48 יחידות,טרופיקל דגיל- תעשיות,IL,סנו סופט מגבוני טואל,Unknown,3.00,יחידה,false,,16.90,5.6333,true,1,158069
7290107280549,false,"סנו - K400 קוטל זבובים ויתושים 300 מ""ל","סנו מפעלי ברונוס בע""מ",IL,קטן K-400,מיליליטרים,300.00,"100 מ""ל",false,,13.90,4.6333,true,1,117625
7290107401018,false,"קלחת 9*16 ס""מ 1.7 לי",,,"קלחת 9*16 ס""מ 1.7 לי",Unknown,0.00,יחידה,false,,69.90,0.0000,true,1,157087
7290107529648,false,גלגל קוצים לבצק,,,גלגל קוצים לבצק,Unknown,0.00,יחידה,false,,10.00,0.0000,true,1,171663
7290107645584,false,אבקת מרק עוף אמיתי רכיבים טיבעיים קנור 400ג',יוניליוור ישראל מזון בע\,IL,קנור עוף אמיתי רכיבי,גרמים,400.00,100 גרם,false,,21.90,5.4750,true,1,119678
7290107645591,false,אבקת מרק טעם עוף רכביים טבעיים קנור 400ג',יוניליוור ישראל מזון בע\,IL,קנור מרק טעם עוף רכי,גרמים,400.00,100 גרם,false,,17.90,4.4750,true,1,119679
7290107646062,false,אבקת מרק בצל רכיבים טבעיים קנור 400 ג',יוניליוור ישראל מזון בע\,IL,קנור מרק בצל רכיבים,גרמים,400.00,100 גרם,false,,21.90,5.4750,true,1,119689
7290107646147,false,"חטיף שוגי קורנפלקס תלמה 156 גרם מארז 6 יחידות בד""צ",יוניליוור ישראל מזון בעמ,IL,חטיף שוגי קורנפלקס ש,Unknown,0.00,יחידה,false,,12.90,0.0000,true,1,119691
7290107646154,false,"חטיף קוקומן פצפוצים תלמה 126 גרם מארז 6 יחידות בד""צ",יוניליוור ישראל מזון בעמ,IL,חטיף קוקומן פצפוצ טע,,6.00,יחידו,false,,12.90,2.1500,true,1,119692
7290107646383,false,סיף מטליות לחות לניקוי רצפות בניחוח לימו,עלבד משואות יצחק בעמ,IL,סיף מטליות לחות לניק,,10.00,יחידו,false,,10.90,1.0900,true,1,111366
7290107646826,false,שוגי חטיף פתיתי תירס קלויים בטעם שוקולד,יוניליוור ישראל מזון בעמ,IL,חטיף שוגי טעם שוקו ש,Unknown,0.00,יחידה,false,,12.90,0.0000,true,1,119699
7290107646833,false,שוגי חטיף עם פצפוצי שוקולד לבן ושוקולד חלב,יוניליוור ישראל מזון בעמ,IL,חטיף שוגי עם שוקולד,Unknown,0.00,יחידה,false,,12.90,0.0000,true,1,119700
7290107646895,false,רוטב עגבניות לפסטה נפוליטנה 415 ג' קנור,קונסורזיו קאסאלאסקו דל פ,IT,קנור רוטב נפוליטנה 4,גרמים,415.00,100 גרם,false,,14.90,3.5904,true,1,119704
7290107646918,false,רוטב עגבניות ופלפלים לשקשוקה 415 ג' קנור,קונסורזיו קאסאלאסקו דל פ,IT,קנור רוטב שקשוקה 415,גרמים,415.00,100 גרם,false,,14.90,3.5904,true,1,119706
7290107646925,false,ברנפלקס אקסטרה פייבר 410 גרם,יוניליוור ישראל מזון בע\,IL,דגנים פריכים מסובין,גרמים,410.00,100 גרם,false,,23.90,5.8293,true,1,119707
7290107647359,false,דומסטוס סבון אסלה 5 הפועלות בניחות אוקיינוס 3 יח' * 55 ג',יוניליוור ניקיון,PL,דומסטוס שלישיית סבון,,3.00,יחידו,false,,16.90,5.6333,true,1,119720
7290107647366,false,דומסטוס סבון אסלה 5 הפועלות בניחות ליים 3 יח' * 55 ג',יוניליוור פולין,PL,דומסטוס שלישיית סבון,,3.00,יחידו,false,,16.90,5.6333,true,1,119721
7290107647731,false,קוקומן חום לבן 20% פחות סוכר 375 גרם,יוניליוור ישראל מזון בעמ,IL,קוקומן חום לבן 20% מ,גרמים,375.00,100 גרם,false,,19.90,5.3067,true,1,119726
7290107647816,false,"דגני ברנפלקס ללא תוספת סוכר 500 גרם בד""צ",יוניליוור ישראל מזון בעמ,IL,ברנפלקס בדצ ללא סוכר,גרמים,500.00,100 גרם,false,,23.90,4.7800,true,1,119733
7290107647854,false,"שוגי מופחת סוכר תלמה 500 ג' בד""צ",יוניליוור ישראל מזון בעמ,IL,שוגי 20% פחות סוכר 5,גרמים,500.00,100 גרם,false,,19.90,3.9800,true,1,119736
7290107648974,false,קנור רוטב לפסטה עגבניות עם בזיליקום,קונסורזיו קאסאלאסקו דל פ,IL,קנור רוטב לפסטה בזיל,גרמים,415.00,100 גרם,false,,14.90,3.5904,true,1,119756
7290107649100,false,בייגלה טבעות שומשום 300 גרם.,בייגל את בייגל מזון 198),IL,בייגל בייגלה טבעות ש,גרמים,300.00,100 גרם,false,,9.90,3.3000,true,1,119763
7290107649605,false,קליק אקסטרא לארג שוקולד חלב עם פתיתי תירס ודגנים,יוניליוור ישראל מזון בעמ,IL,קליק טבלה קורנפלקס ח,Unknown,0.00,יחידה,false,,6.90,0.0000,true,1,119769
7290107649728,false,גלידה פרווה שוקולד ופרורי עוגיות שטראוס,"גלידת שטראוס בע""\מ, רחוב",IL,גלידת שטראוס וניל שו,קילוגרמים,2.00,ליטר,false,,22.90,11.4500,true,1,135429
7290107871532,false,מאגדת קרחוני מלון דובדבן נסטלה 10 יחידות,גלידות נסטלה )נגה גלידות,IL,מאגדת לה פרוטה קרחונ,Unknown,0.00,יחידה,false,,14.90,0.0000,true,1,158147
7290107871990,false,"פסטה צינורות 500 גרם ""אסם""",פסטה זארה,IT,אסם פסטה צינורות איט,גרמים,500.00,100 גרם,false,,5.90,1.1800,true,1,127111
7290107874427,false,אוסם - מיני פריכונים זעתר 25 גרם,"פרח תעשיות מזון בע""מ.",IL,אסם פריכונים מיני זע,Unknown,0.00,יחידה,false,,4.50,0.0000,true,1,127121
7290107874441,false,פריכונים מיני בצל מקורמל 25 גרם אסם,"פרח תעשיות מזון בע""מ.",IL,אסם פריכונים מיני בצ,Unknown,0.00,יחידה,false,,4.50,0.0000,true,1,127122
7290107875400,false,גלידה לה קרמריה פיסטוק מוקה 1.4 ל' נסטלה,גלידות נסטלה )נגה גלידות,IL,לה קרמריה פיסתוק מוק,קילוגרמים,1.40,ליטר,false,,19.90,14.2143,true,1,158132
7290107875820,false,קרוטונים אפויים בתיבול ביתי אוסם 180 ג',עינת תעשיות מזון,IL,אסם קרוטונים אפויים,גרמים,180.00,100 גרם,false,,12.90,7.1667,true,1,127135
7290107877619,false,מארז במבה במילוי קרם נוגט 5*30ג' אסם,"אסם השקעות בע""\מ",IL,במבה במילוי קרם נוגט,גרמים,150.00,100 גרם,false,,13.90,9.2667,true,1,127152
7290107879132,false,פריכיות פיטנס מיני פריכיות שוקולד חלב 22 ג',כרמית,IL,פיטנס מיני פריכיות ש,Unknown,0.00,יחידה,false,,5.90,0.0000,true,1,127165
7290107879569,false,קרחון לה פרוטה שרבט מנגו מאגדת 5יח',גלידות נסטלה )נגה גלידות,IL,מאגדת לה פרוטה מנגו,Unknown,0.00,יחידה,false,,21.90,0.0000,true,1,158148
7290107930321,false,קונפיטורת יד מרדכי דובדובן 340 גרם,"בית אל מזון בע""מ",IL,קונפיטורת דובדבן יד,גרמים,340.00,100 גרם,false,,13.90,4.0882,true,1,132474
7290107932080,false,חלב מועשר יוטבתה בבקבוק 3% 1 ליטר,מחלבת יטבתה,IL,חלב יטבתה מועשר בסיד,,1000.00,100 מל,false,,7.50,0.0075,true,1,140072
7290107932134,false,חלב מועשר יוטבתה בבקבוק 1% 1 ליטר,מחלבת יטבתה,IL,חלב יטבתה מועשר בסיד,,1000.00,100 מל,false,,7.50,0.0075,true,1,140074
7290107933155,false,לקט סלנובה שטראוס 200 גרם,שטראוס בריאות ירקות טריי,IL,לקט לסלט סלנובה שטרא,גרמים,200.00,100 גרם,false,,13.90,6.9500,true,1,140075
7290107934473,false,שמינייה יוגורט לבן אקטיביה 1.5% דנונה 150 גרם,"שטראוס גרופ בע""\מ",IL,מארז אקטיביה שמיניה,,1.20,קג,false,,21.90,18.2500,true,1,140082
7290107936309,false,דנונה יוגורט 7% יווני לבן 130 ג',"שטראוס בריאות בע""מ",IL,דנונה יווני לבן 6.5%,גרמים,130.00,100 גרם,false,,3.50,2.6923,true,1,140087
7290107936460,false,מארז 8 יח' דנכול משקה יוגורט בטעם מעודן,מיוצר עי קונדיטוריית,IL,דנכול בטעם מעודן מאר,גרמים,800.00,100 גרם,false,,29.60,3.7000,true,1,140088
7290107936958,false,עד חצות ביסקוויט אצבעות שוקולד 125 גרם,ביסקוויטס טור ד'\אלבון,FR,עד חצות אצבעות שוקול,גרמים,125.00,100 גרם,false,,11.90,9.5200,true,1,132498
7290107936965,false,עיגולים עד חצות עם שוקולד חלב 225 גר,ביסקווטרי עוגיות סנט,FR,עד חצות עיגולים שוקו,גרמים,225.00,100 גרם,false,,14.90,6.6222,true,1,132499
7290107937542,false,משקה יוגורט אקטיביה עם תות 1.2% שומן,מיוצר עי קונדיטוריית,IL,1.2% משקה אקטיביה תו,גרמים,265.00,100 גרם,false,,4.90,1.8491,true,1,140090
7290107937627,false,מסטיק מאסט Must קוביות ללא סוכר בטעם מנטה עדינה,אסקום קונפקשיין,DE,צנצנת מסטיק קוביות ס,Unknown,0.00,יחידה,false,,9.90,0.0000,true,1,132507
7290107937634,false,צנצנית מסטיק מאסט קוביות פפירמינט 58 ג' עלית,אסקום קונפקשיין,DE,צנצנת מסטיק קוביות פ,Unknown,0.00,יחידה,false,,9.90,0.0000,true,1,132508
7290107937641,false,צנצנת מסטיק בזוקה קוביות ללא סוכר,אסקום קונפקשיין,DE,מסטיק בזוקה קוביות,Unknown,0.00,יחידה,false,,9.90,0.0000,true,1,132509
7290107937856,false,קפסולות 11חזק למכונות נספרסו עלית 10יח',הנסיך- מפעל לייצור ט,IL,קפסולות קפה עלית גוא,Unknown,0.00,יחידה,false,,16.90,0.0000,true,1,132511
7290107938396,false,שמיניית אקטימל תות דיסני בנים 108 גרם,מיוצר עי קונדיטוריית,IL,אקטימל 8 תות דיסני V,Unknown,8.00,יחידה,false,,19.90,2.4875,true,1,140092
7290107939027,false,גזר דק דק שטראוס 250 גרם,שטראוס בריאות ירקות טריי,IL,גזר דק דק שטראוס טעם,גרמים,250.00,100 גרם,false,,6.90,2.7600,true,1,140097
7290107940030,false,חומוס אחלה 650 גרם,שטראוס גרופ,IL,חומוס אחלה 650 גרם,גרמים,650.00,100 גרם,false,,9.90,1.5231,true,1,140106
7290107940467,false,אקטיביה יוגורט 1.5% שומן 200 ג' דנונה,מיוצר עי קונדיטוריית,IL,1.5% אקטיביה,גרמים,200.00,100 גרם,false,,3.70,1.8500,true,1,140109
7290107941259,false,עדשים ירוקות מבושלות שטראוס 475 גרם,הורקסה לס לגונס דה ס,ES,עדשים ירוקות מבושל ש,גרמים,475.00,100 גרם,false,,10.90,2.2947,true,1,140112
7290107941273,false,חומוס מבושל שטראוס 475 גרם,הורקסה לס לגונס דה ס,ES,חומוס מבושל שטראוס ט,גרמים,475.00,100 גרם,false,,10.90,2.2947,true,1,140114
7290107943192,false,"שמנת חמוצה מהערבה 27% שומן 200 מ""ל יטבתה",מחלבת יטבתה,IL,שמנת חמוצה מהערבה 27,,200.00,100 מל,false,,3.90,0.0195,true,1,140132
7290107943369,false,קוואקר שיבולת שועל ללא גלוטן 511 גרם,היידי שוקולד בירונטי,US,קוואקר שיבולת שועל ל,גרמים,511.00,100 גרם,false,,19.90,3.8943,true,1,133023
7290107944472,false,סימפוניה גבינה במרקם שמנת 5% שום שמיר,"שטראוס בריאות בע""\מ",IL,סימפוניה שום שמיר 5%,גרמים,200.00,100 גרם,false,,10.90,5.4500,true,1,140138
7290107945165,false,קונפיטורת משמש יד מרדכי 340 גרם,אף.סי תבליני בגליל ב,IL,קונפיטורת משמש יד מר,גרמים,340.00,100 גרם,false,,13.90,4.0882,true,1,132555
7290107950190,false,מעדן חלב דל קלוריות בטעם שוקולד מריר 0.5% שומן,מיוצר עי קונדיטוריית,IL,מעדן שטראוס דיאט בטע,גרמים,130.00,100 גרם,false,,3.50,2.6923,true,1,140189
7290107950206,false,מעדן חלב דל קלוריות בטעם שוקולד 0% שומן,מיוצר עי קונדיטוריית,IL,מעדן שטראוס דיאט בטע,גרמים,130.00,100 גרם,false,,3.50,2.6923,true,1,140190
7290107951104,false,בפלות ופלים ארוכים בטעם שוקולד,"שטראוס גרופ בע""\מ",IL,עלית בפלות ארוכות שו,גרמים,200.00,100 גרם,false,,4.90,2.4500,true,1,132597
7290107951715,false,צנצנת מסטיק מאסט קוביות בטעם ענבים 58 ג' עלית,אסקום קונפקשיין,IL,צנצנת מסטיק קוביות ע,Unknown,0.00,יחידה,false,,9.90,0.0000,true,1,132613
7290107953559,false,"מארז קפה טורקי עלית לדרך כשל""פ 168 גרם",הנסיך- מפעל לייצור ט,IL,עלית מארז טורקי לדרך,גרמים,168.00,100 גרם,false,,19.90,11.8452,true,1,132620
7290107954709,false,"קונפיטורת פירות יער ""יד מרדכי"" 340 גר'","ב.א. מזון בע""\מ",IL,קונפיטורת פירות יער,גרמים,340.00,100 גרם,false,,13.90,4.0882,true,1,132638
7290107954976,false,משקה חלב PRO עם קפה 1.5% 25 גרם חלבון בבקבוק,מחלבת יטבתה,DE,משקה קפה עם חלבון חל,,350.00,100 מל,false,,6.90,0.0197,true,1,140239
7290107956543,false,דבש טהור מפרחי בר 900 ג' יד מרדכי,STRAUSS-ISRAEL,IL,דבש טהור יד מרדכי מפ,גרמים,900.00,100 גרם,false,,39.90,4.4333,true,1,132664
7290107956642,false,"תרסיס שמן זית 150 מ""ל יד מרדכי כשלפ",פארייפאבה אגרואינדוס,ES,תרסיס שמן זית כתית מ,,150.00,100 מל,false,,19.90,0.1327,true,1,132665
7290107956710,false,מארז מיני מילקי 70 גרם 16 יחידות,"שטראוס גרופ בע""\מ",IL,מארז 16 יחידות מיני,קילוגרמים,1.44,ליטר,false,,19.90,13.8194,true,1,140246
7290107956895,false,קפסולות 07 אספרסו בטעם קרמל עלית 10יח',שטראוס קפה בי.וי.,IL,קפסולות אספרסו בטעם,Unknown,0.00,יחידה,false,,16.90,0.0000,true,1,132671
7290107956901,false,קפסולות בטעם אגוזים למכונת נספרסו עלית 10 יחידות,שטראוס קפה בי.וי.,IL,עלית קפסולותאספרסו ב,גרמים,150.00,100 גרם,false,,16.90,11.2667,true,1,132672
7290107956925,false,קפסולות 13 אוגנדה למכונת נספרסו עלית 10יח',שטראוס קפה בי.וי.,IL,קפסולות קפה עלית אוג,Unknown,0.00,יחידה,false,,16.90,0.0000,true,1,132673
7290107956932,false,קפסולות אספרסו אידונזיה למכונות 50 גר,שטראוס קפה בי.וי.,IL,קפסולות קפה עלית אינ,גרמים,100.00,100 גרם,false,,16.90,16.9000,true,1,132674
7290107957069,false,"מסטיק ע""למה ""בטעם אוכניות 66 גרם צנצנת ""עלית""","שטראוס גרופ בע""\מ",IL,צנצנת עלמה בטעם אוכמ,Unknown,0.00,יחידה,false,,9.90,0.0000,true,1,132678
7290107957113,false,גבינת סימפוניה 5% עם זיתים פיקנטים 200 גרם,"שטראוס בריאות בע""\מ",IL,סימפוניה זיתים פיקנט,גרמים,200.00,100 גרם,false,,10.90,5.4500,true,1,140252
7290107957991,false,מילקי CAKE מיניס קרם חלב בציפוי שוקולד חלב שקית 16X9ג',בובארד איטליה אס.פי.איי,IT,מיני מילקי קייק במאר,גרמים,144.00,100 גרם,false,,14.90,10.3472,true,1,140270
7290107958035,false,יוגורט במתיקות מעודנת 2% ללא תוספת סוכר- מארז 8 יח,"שטראוס בריאות בע""\מ",IL,דנונה8 מעודן לאסוכרמ,,1.20,קג,false,,18.40,15.3333,true,1,140271
7290107958639,false,"מטבוחה מרוקאית חריפה 400 גרם ""אחלה""",מיוצר עי קונדיטוריית,IL,סלט מטבוחה מרוקאית ח,גרמים,400.00,100 גרם,false,,15.90,3.9750,true,1,140277
7290107970129,false,"ליידי ספיד סטיק - דאודורנט רול און לאישה פרש אסנס סחלב שחור 50 מ""ל",קולגייט-פלמוליב,IT,ליידי ספיד סטיק רולא,מיליליטרים,50.00,"100 מ""ל",false,,19.90,39.8000,true,1,111444
7290107971522,false,חטיף בוטנים ושקדים עם שוקולד מריר ופיסטוק,אמקו סאם מילס ספול.,CZ,פריי חטיף בוטנים ושק,גרמים,140.00,100 גרם,false,,17.90,12.7857,true,1,128258
7290107971539,false,פרי חטיף בוטנים וקשיו עם שוקולד מריר 125 גרם,אמקו סאם מילס ספול.,CZ,פריי חטיף בוטנים וקש,גרמים,140.00,100 גרם,false,,17.90,12.7857,true,1,128259
7290107971744,false,"קולגייט - מי פה טוטל ירוק ספרמינט 500 מ""ל",יבואן ומשווק: ש. שסט,PL,קולגייט מי פה טוטל י,מיליליטרים,500.00,"100 מ""ל",false,,29.90,5.9800,true,1,128268
7290107973014,false,"סבון ידיים משאבה פלמוליב חלב ודבש 300 מ""ל",הנסיך- מפעל לייצור ט,TR,פלמוליב סבון ידיים ח,גרמים,300.00,100 גרם,false,,9.90,3.3000,true,1,174733
7290107973311,false,קולגייט מברשת שיניים 360 פחם זהב זוג,הנסיך- מפעל לייצור ט,CN,קולגייט מברשת שיניים,Unknown,2.00,יחידה,false,,31.90,15.9500,true,1,128277
7290107973861,false,מאסטר שף עגבניות קצוצות דק שלישיה 400ג*3 כשלפ,קונסרזיו קאסאלאסקו ד,IT,מאסטר שף עגבניות קצו,גרמים,1200.00,100 גרם,false,,16.90,1.4083,true,1,128284
7290107974066,false,"עלי טורטיה קמח מלא 20ס""מ 8יח' מאסטר שף 320ג'",אלקאטי קורביישיסי גי,ES,מאסטר שף עלי טורטיה,גרמים,320.00,100 גרם,false,,10.90,3.4063,true,1,128289
7290107974073,false,מנה עלי טורטיה קמח לבן מ.שף 20 סמ 320 גר,אלקאטי קורביישיסי גי,ES,מאסטר שף עלי טורטיה,גרמים,320.00,100 גרם,false,,10.90,3.4063,true,1,128290
7290107974080,false,מנה עלי טורטיה קמח לבן מ.שף 25 סמ 840 גר,הדקלאים אגודת שיתופי,TR,מאסטר שף עלי טורטיה,גרמים,840.00,100 גרם,false,,17.90,2.1310,true,1,171828
7290107974301,false,ליידי ספיד סטיק - דאודורנט ג'ל לאישה אלוורה 45 גרם,ליידי ספיד סטיק Lady Speed Stick,US,ליידי ספיד סטיק אלוו,Unknown,0.00,יחידה,false,,24.90,0.0000,true,1,128292
7290107974806,false,"מאסטר שף - אורז בסמטי 1 ק""ג",דווה סינג שיהם סינג,IN,"מנה אורז בסמטי 1 ק""ג",פריט,1.00,"ק""ג",false,,12.90,12.9000,true,1,128299
7290107974813,false,"אורז יסמין 1 ק""ג מאסטר שף",טאומי אינטרפרייד,TH,"מנה אורז יסמין 1 ק""ג",פריט,1.00,"ק""ג",false,,11.90,11.9000,true,1,128300
7290107974820,false,ממרח בטעם ספייסי מיונז מאסטר שף 250 גרם,רמיה סי.וי.הולנד,NL,מנה מאסטר שף ממרח מי,גרמים,252.00,100 גרם,false,,7.90,3.1349,true,1,128301
7290107974837,false,מנה מאסטר שף ממרח מתובל שום 246 גר,רמיה סי.וי.הולנד,NL,מנה מאסטר שף ממרח מי,גרמים,253.00,100 גרם,false,,7.90,3.1225,true,1,128302
7290107975292,false,ליידי ספיד סטיק - דאודורנט סטיק נערות ורוד 65 גרם,ליידי ספיד סטיק Lady Speed Stick,US,ליידי ספיד סטיק נערו,Unknown,0.00,יחידה,false,,19.90,0.0000,true,1,111445
7290107975360,false,ליידי ספיד סטיק - דאודורנט ג'ל לאישה 24/7 פיור פרש 65 גרם,ליידי ספיד סטיק Lady Speed Stick,US,ליידי ספיד סטיק פיור,Unknown,0.00,יחידה,false,,24.90,0.0000,true,1,128308
7290107975544,false,"קולגייט משחת שיניים סמיילס ברבי לגילאי 6 50מ""ל",קולגייט- פלמוליב,PL,קולגייט סמיילס ברבי,Unknown,0.00,יחידה,false,,12.90,0.0000,true,1,128309
7290107976589,false,קולגייט שטיפת פה אופטיק וויט 250 מל,קולגייט פלמוליב,PL,קולגייט מי פה אופטיק,מיליליטרים,250.00,"100 מ""ל",false,,14.90,5.9600,true,1,168126
7290107976848,false,פלמוליב סבון מוצק קמומיל רביעייה 360 ג,קולגייט-פלמוליב,TR,פלמוליב סבון מוצק קמ,גרמים,360.00,100 גרם,false,,15.90,4.4167,true,1,128324
7290107976916,false,"סבון ידיים משאבה פלמוליב זיתים 300 מ""ל",פלמוליב Palmolive,IT,פלמוליב סבון ידיים ח,Unknown,0.00,יחידה,false,,9.90,0.0000,true,1,128325
7290107977456,false,"פלמוליב - ג'ל רחצה ושמפו ספורט לגבר 750 מ""ל",קולגייט פלמוליב,TR,פלמוליב לגבר גל רחצה,מיליליטרים,750.00,"100 מ""ל",false,,19.90,2.6533,true,1,128326
7290107977753,false,"משחת שיניים פרודונט אקספרט מרידול , 75 מ""ל",קולגייט פלמוליב,PL,מרידול משחת שיניים פ,Unknown,0.00,יחידה,false,,24.90,0.0000,true,1,128327
7290107978101,false,מש.שיניים קולגייט א.וויט אקסטרה פאוור 75,קולגייט-פלמוליב,PL,קולגייט אופטיק ווייט,Unknown,0.00,יחידה,false,,29.90,0.0000,true,1,128328
7290107978323,false,איטריות דקיקות מאסטר שף 400 גרם,הדקלאים אגודת שיתופי,PL,מאסטר שף איטריות דקי,גרמים,400.00,100 גרם,false,,5.90,1.4750,true,1,128329
7290107978330,false,מאסטר שף איטריות דקות 400 גרם,הדקלאים אגודת שיתופי,PL,מאסטר שף איטריות דקו,גרמים,400.00,100 גרם,false,,5.90,1.4750,true,1,128330
7290107978347,false,איטריות בינוניות מאסטר שף 400 גרם,הדקלאים אגודת שיתופי,PL,מאסטר שף איטריות בינ,גרמים,400.00,100 גרם,false,,5.90,1.4750,true,1,128331
7290107978637,false,משחת שיניים לחניכיים רגישות,קולגייט פלמוליב,PL,מרידול משחת שיניים 7,Unknown,0.00,יחידה,false,,19.90,0.0000,true,1,128337
7290107979191,false,"תבנית אלומיניום עם נייר אפייה ענק 2 ""קוקי""",HAI PLASTIC,CN,קוקי תבנית אלומיניום,Unknown,0.00,יחידה,false,,11.90,0.0000,true,1,174751
7290108070309,false,שמחה שקית בלונים פסטל מעורב צבעים 100 יח,,IL,שקית בלונים פסטל מעו,Unknown,0.00,יחידה,false,,29.90,0.0000,true,1,129004
7290108070316,false,שקית 50בלונים פסטל מעורב,,IL,שקית בלונים פסטל מעו,Unknown,0.00,יחידה,false,,13.00,0.0000,true,1,129005
7290108078930,false,בלון מיילר 34 - כסף ספרה 0,,,בלון מיילר 34- ספרה,Unknown,0.00,יחידה,false,,24.90,0.0000,true,1,167077
7290108079036,false,בלון מיילר 34 - כסף ספרה 5,,,בלון מיילר 34- ספרה,Unknown,0.00,יחידה,false,,24.90,0.0000,true,1,167082
7290108201284,false,איירוויק מקלות ריחניים בניחוח לבנדר מתוק,איירוויק Air Wick,HU,אירוויק מקלות לבנדר,Unknown,0.00,יחידה,false,,14.90,0.0000,true,1,193449
7290108201802,false,"ספריי דטול לחיטוי בניחוח כביסה 400 מ""ל",רקיט בנקיזר,US,דטול ספריי חיטוי בני,,400.00,100 מל,false,,19.90,0.0497,true,1,134134
7290108201864,false,קולון קפסולות גל לכביסה 28 יחידות,רקיט בנקיזר,IT,קולון קפסולות לכביסה,,28.00,יחידו,false,,29.90,1.0679,true,1,134137
7290108350739,false,משחת שיניים אורביטול קידס סטעם סוכריות ג'לי 70 גרם,טרופיקל דגיל תעשיות קוסמ,IL,אורביטול משחת שיניים,גרמים,70.00,100 גרם,false,,9.90,14.1429,true,1,111302
7290108350753,false,"אורביטול משחת שיניים פרוטקט פרש, 145 גרם",גוד פוד פרודקטס S.p,IL,אורביטול משחת שיניים,Unknown,0.00,יחידה,false,,14.90,0.0000,true,1,111303
7290108351705,false,פניני בישום 275 גרם מקסימה,inc prodacts smart value,IL,כדוריות בישום מקסימה,Unknown,0.00,יחידה,false,,21.90,0.0000,true,1,158070
7290108352214,false,סנו - מקסימה קפסולות כביסה בניחוח בריזה מרעננת 40 יח',טרופיקל דגיל תעשיות,IL,מקסימה קפסולות לכביס,Unknown,0.00,יחידה,false,,29.90,0.0000,true,1,159553
7290108352962,false,"סנו סושי 3 תבניות עמוקות אקסטרה חזקות 25*30 ס""מ",יויו טינואט,IL,סנו סושי 3 תבניות עמ,Unknown,0.00,יחידה,false,,9.90,0.0000,true,1,177320
7290108353723,false,"קרמה - תחליב רחצה חימר תה ירוק 500 מ""ל","קוסמופארם בע""\מn\",IL,תחליב רחצה חימר תה י,מיליליטרים,500.00,"100 מ""ל",false,,15.90,3.1800,true,1,195538
7290108353730,false,"קרמה - תחליב רחצה חימר אוכמניות כחולות 500 מ""ל","קוסמופארם בע""\מn\",IL,תחליב רחצה חימר אוכמ,מיליליטרים,500.00,"100 מ""ל",false,,15.90,3.1800,true,1,195534
7290108354591,false,"תחליב רחצה בניחוח מי קקטוס ושמן באבאסו 750 מ""ל נקה 7","אמיליה קוסמטיקס בע""מ",IL,נקה 7 תחליב רחצה ביו,מיליליטרים,750.00,"100 מ""ל",false,,12.90,1.7200,true,1,196842
7290108354713,false,"קרמה - תחליב רחצה קלאסי 500 מ""ל","קוסמופארם בע""\מn\",IL,תחליב רחצה קרמה קלאס,מיליליטרים,500.00,"100 מ""ל",false,,15.90,3.1800,true,1,186256
7290108355055,false,לחו.לשיער מקצועי גלייז נטורל פורמולה 400,נטורל פורמולה Natural Formula,IL,"400מ""ל N.F לחות מקצו",מיליליטרים,400.00,"100 מ""ל",false,,32.90,8.2250,true,1,117720
7290108355062,false,לחו.לשיער מקצועי קרטין נטורל פורמולה 400,אמיליה קוסמטיקס,IL,"400מ""ל N.F לחות מקצו",מיליליטרים,400.00,"100 מ""ל",false,,32.90,8.2250,true,1,111334
7290108355079,false,לחו.לשיער מקצועי קוקוס נטורל פורמולה 400,נטורל פורמולה,IL,"400מ""ל N.F לחות מקצו",מיליליטרים,400.00,"100 מ""ל",false,,32.90,8.2250,true,1,111335
7290108355116,false,אלסבון בייבי כיף לפני השינה+משאבה 750 מ,קוסמופארם,IL,בייבי כיף אלסבון שינ,מיליליטרים,750.00,"100 מ""ל",false,,18.90,2.5200,true,1,117722
7290108355208,false,"שמפו קרטין אינטנס למניעת קשקשים נטורל 400 מ""ל",נטורל פורמולה Natural Formula,IL,נטורל שמפו קרטין אינ,מיליליטרים,400.00,"100 מ""ל",false,,32.90,8.2250,true,1,173853
7290108356229,false,ג'ל גילוח לכל סוגי העור מועשר בפחם פעיל,טרופיקל דגיל תעשיות,TR,גל גילוח קרמה קול 20,מיליליטרים,200.00,"100 מ""ל",false,,13.90,6.9500,true,1,159076
7290108356595,false,קרוליין 10 מרכך לשיער צבוע 700 מל,"קוסמופארם בע""\מ",IL,"קרליין 700 מ""ל מרכך",מיליליטרים,700.00,"100 מ""ל",false,,13.90,1.9857,true,1,193957
7290108357578,false,קרם יד.וניל+פלפל קרמה100,"קוסמופארם בע""\מ.",IL,קרם ידיים קרמה וניל,Unknown,0.00,יחידה,false,,9.90,0.0000,true,1,186254
7290108358094,false,"קרמה - תחליב רחצה חמאת שיאה וקוקוי 500 מ""ל","קוסמופארם בע""\מn\",IL,תחליב רחצה קרמה שיאה,מיליליטרים,500.00,"100 מ""ל",false,,15.90,3.1800,true,1,186257
7290108359879,false,"אלסבון בייבי כיף+משאבה 750 מ""ל",קוסמופארם בעמ,IL,בייבי כיף אלסבון 750,מיליליטרים,750.00,"100 מ""ל",false,,18.90,2.5200,true,1,111356
7290108359893,false,"תחליב רחצה בייבי כיף+משאבה 750 מ""ל",גוד פוד פרודקטס S.p,IL,בייבי כיף תחליב 750,מיליליטרים,750.00,"100 מ""ל",false,,18.90,2.5200,true,1,117766
7290108501346,false,גבינה מגורדת גאודה 28% שומן EURO CHEESE ויליפוד 500 גרם,ג. וילי פוד אינטרנשיונל,IL,גאודה מגורדת 500 גרם,גרמים,500.00,100 גרם,false,,24.90,4.9800,true,1,115646
7290108501407,false,גבינת צ'דר מיושנת ויליפוד 200 גרם,וויקה פארמס אל.טי.די,GB,צ'דר מיושנת 200 גרם,גרמים,200.00,100 גרם,false,,21.90,10.9500,true,1,115652
7290108501490,false,גבינת מוצרלה פרוסות 150גרם RO CHEESE,ג.וילי פוד אינטרנשיונל ב,IL,מוצרלה פרוסות 150 גר,גרמים,150.00,100 גרם,false,,14.90,9.9333,true,1,115659
7290108502305,false,גבינת גרנה פדנו משולש ויליפוד 150 גרם,וילי פוד,IT,גרנה פדנו משולש 150,גרמים,150.00,100 גרם,false,,21.90,14.6000,true,1,115717
7290108502329,false,רביעיית טונה בשמן זית ויליפוד 4*160 גרם,גולדן פרייז קאנינג אל טי,TH,רביעית נתחי טונה בשמ,גרמים,160.00,100 גרם,false,,29.90,18.6875,true,1,115718
7290108502336,false,גבינת גורגונזולה איטלקית 150 גרם 29% שומן,איגור SRL,IT,גורגונזולה איטלקית 1,גרמים,150.00,100 גרם,false,,18.90,12.6000,true,1,199456
7290108502725,false,גבינת גאודה פרוסות ויליפוד 400 גרם,ג.וילי פוד אינטרנשיונל ב,IL,גאודה פרוסות 400 גרם,גרמים,400.00,100 גרם,false,,21.90,5.4750,true,1,115752
7290108502763,false,גבינת קממבר ויליפוד 200 גרם,פטוראז',FR,קממבר 200 גרם,גרמים,200.00,100 גרם,false,,19.90,9.9500,true,1,115756
7290108502862,false,מלפפונים כבושים במלח 18-25 קטנים ויליפוד 600 גרם,זיתור סאן גידה סני וטיקר,TR,מלפפונים כבושים במלח,גרמים,340.00,100 גרם,false,,9.90,2.9118,true,1,115760
7290108503043,false,תפוחונים חטיף פלחים מיובשים מארז 22X4ג',הביי דונגפנג פוד קו. בעמ,CN,מארז תפוחונים ( 3יח',Unknown,0.00,יחידה,false,,17.90,0.0000,true,1,115772
7290108503159,false,גבינה כחולה עם עובש 31% ויליפוד 100 גרם,קסוס אל פסטור,ES,כחולה עם עובש 31% שו,Unknown,0.00,יחידה,false,,14.90,0.0000,true,1,115780
7290108503647,false,"DAAWAT אורז בסמטי מהדרין ויליפוד 1 ק""ג",אל.טי.פודס בעמ,IN,וילי פוד אורז בסמטי,גרמים,1000.00,100 גרם,false,,13.90,1.3900,true,1,115807
7290108503692,false,פיצה מרגריטה ויליפוד 380 גרם,מוטלוקל גידה סאנאי טיקרט,IT,פיצה מרגריטה 380 גרם,גרמים,380.00,100 גרם,false,,13.90,3.6579,true,1,115809
7290108503708,false,פיצה עם פטריות ויליפוד 390 גרם,מוטלוקל גידה סאנאי טיקרט,IT,פיצה עם פטריות 390 ג,גרמים,390.00,100 גרם,false,,13.90,3.5641,true,1,115810
7290108503715,false,פיצה עם זיתים ויליפוד 385 גרם,מוטלוקל גידה סאנאי טיקרט,IT,פיצה עם זיתים 385 גר,גרמים,385.00,100 גרם,false,,13.90,3.6104,true,1,115811
7290108503791,false,ניוקי תפוחי אדמה 3 צבעים ללא גלוטן 500גר,סיימה אלימנטרי,IT,ניוקי תפוחי אדמה לל,גרמים,500.00,100 גרם,false,,11.90,2.3800,true,1,168079
7290108503814,false,גבינה מותכת למריחה 200 גרם,לוטס,FI,גבינה מותכת למריחה 2,גרמים,200.00,100 גרם,false,,13.90,6.9500,true,1,115816
7290108504187,false,פרוסות גבינה בטעם צ'דר לכריכים וטוסטים 800 ג',,,פרוסות גבינה בטעם צ',גרמים,800.00,100 גרם,false,,34.90,4.3625,true,1,115838
7290108504279,false,קשקבל \איבריקו\ מנצ'גו צ'אנק 150 גרם,ג.וילי פוד אינטרנשיו,ES,קשקבל צ'אנק 150 גרם,גרמים,150.00,100 גרם,false,,14.90,9.9333,true,1,115842
7290108504293,false,מנצ'גו צ'אנק ויליפוד 150 גרם,ג.וילי פוד אינטרנשיו,ES,מנצ'גו צ'אנק 150 גרם,גרמים,150.00,100 גרם,false,,16.90,11.2667,true,1,115844
7290108504699,false,רביעיית טונה בשמן קנולה פתח קל ויליפוד 4*160 גרם,גולדן פרייז קאנינג אל טי,TH,וילי פוד טונה בהירה,גרמים,640.00,100 גרם,false,,21.90,3.4219,true,1,115861
7290108505092,false,"יוגורט בטעם טבעי 10% שומן 1 ק""ג",דלתא פודס,GR,"יוגרט בטעם טבעי 1 ק""",פריט,1.00,"ק""ג",false,,25.90,25.9000,true,1,158380
7290108505153,false,יוגורט בטעם טבעי 10% שומן ויליפוד 150 גרם,Euro יורו מחלבות אירופה,GR,יוגרט בטעם טבעי 150,גרמים,150.00,100 גרם,false,,5.90,3.9333,true,1,158355
7290108505160,false,יוגורט עם אגסים 4% שומן ויליפוד 150 גרם,Euro יורו מחלבות אירופה,GR,יוגרט עם אגסים 150 ג,גרמים,150.00,100 גרם,false,,5.90,3.9333,true,1,158361
7290108505177,false,יוגורט עם אננס 0% שומן ויליפוד 150 גרם,Euro יורו מחלבות אירופה,GR,יוגרט עם אננס 150 גר,גרמים,150.00,100 גרם,false,,5.90,3.9333,true,1,158362
7290108505184,false,יוגורט עם קוקוס 5% שומן ויליפוד 150 גרם,Euro יורו מחלבות אירופה,GR,יוגרט עם קוקוס 150 ג,גרמים,150.00,100 גרם,false,,5.90,3.9333,true,1,158363
7290108505191,false,יוגורט עם פצפוצי שוקולד 5% שומן ויליפוד 150 גרם,Euro יורו מחלבות אירופה,GR,יוגרט עם פצפוצי שוקו,גרמים,150.00,100 גרם,false,,5.90,3.9333,true,1,158364
7290108505207,false,יוגורט עם אוכמניות 0% שומן ויליפוד 150 גרם,Euro יורו מחלבות אירופה,GR,יוגרט עם אוכמניות 15,גרמים,150.00,100 גרם,false,,5.90,3.9333,true,1,164709
7290108505214,false,יוגורט עם אפרסק 0% שומן ויליפוד 150 גרם,Euro יורו מחלבות אירופה,GR,יוגרט עם אפרסק 150 ג,גרמים,150.00,100 גרם,false,,5.90,3.9333,true,1,158365
7290108505375,false,גולדן צהובה פרוסה ויליפוד 400 גרם,,ES,צהובה פרוסות גולדן 4,גרמים,400.00,100 גרם,false,,19.90,4.9750,true,1,199473
7290108505719,false,גבינת מוצרלה מגורדת EURO CHEESE ויליפוד 200 גרם,סאסו פטוראגס קומטויס אף,TR,גבינת מוצרלה מגורדת,גרמים,200.00,100 גרם,false,,14.90,7.4500,true,1,159697
7290108505726,false,אצבעות גבינת חצי קשה EURO CHEESE ויליפוד 200 גרם,סאסו פטוראגס קומטויס אף,TR,אצבעות גבינה חצי קשה,גרמים,200.00,100 גרם,false,,14.90,7.4500,true,1,159694
7290108505733,false,צמות-גבינה חצי קשה 25% שומן 200 גרם,סאסו פטוראגס קומטויס אף,TR,גבינה חצי קשה 25% שו,גרמים,200.00,100 גרם,false,,14.90,7.4500,true,1,159695
7290108505740,false,קשקבל גבינה חצי קשה EURO CHEESE ויליפוד 200 גרם,Euro יורו מחלבות אירופה,TR,גבינת קשקבל חצי קשה,גרמים,200.00,100 גרם,false,,14.90,7.4500,true,1,159696
7290108506426,false,בייגלה קראנצ'י טורקי אותנטי - מוקפא,וילי פוד,TR,סימיט בייגלה קפוא 40,גרמים,400.00,100 גרם,false,,15.90,3.9750,true,1,159220
7290108506488,false,סופלה שוקולד קפוא ויליפוד 200 גרם,ארמה גרופ,TR,סופלה שוקולד קפוא 20,גרמים,200.00,100 גרם,false,,14.90,7.4500,true,1,159217
7290108506495,false,"כנאפה מאפה בצק ""שערות"" קדאיף וגבינה",ארמה גרופ,TR,כנאפה קפוא 192.5 גרם,גרמים,192.50,100 גרם,false,,14.90,7.7403,true,1,159219
7290108506549,false,גליליות וופל במילוי קרם וניל פינוקים 400 גרם,,GR,גליליות וופל במילוי,גרמים,400.00,100 גרם,false,,14.90,3.7250,true,1,159657
7290108506624,false,גבינת עיזים צ'אנק ויליפוד 150 גרם,אל פסטור,ES,עיזים צ'אנק 150 גרם,גרמים,150.00,100 גרם,false,,16.90,11.2667,true,1,159712
7290108507072,false,שבבי גבינת גרנה פדנו ויליפוד 100 גרם,זנאתי,IT,שבבי גבינת גרנה פדנו,Unknown,0.00,יחידה,false,,10.90,0.0000,true,1,176369
7290108508031,false,ויליפוד אננס שלם 830 גרם,נטריישן,TH,אננס שלם 830 גרם,גרמים,830.00,100 גרם,false,,12.90,1.5542,true,1,168074
7290108508048,false,"גולדן פרוסות 1 ק""ג (",,,"גולדן פרוסות 1 ק""ג (",פריט,1.00,"ק""ג",false,,39.90,39.9000,true,1,170039
7290108508499,false,"איירן משקה יוגורט בסגנון טורקי יורו 293 מ""ל",Euro יורו מחלבות אירופה,TR,איירן משקה יוגורט בס,מיליליטרים,293.00,"100 מ""ל",false,,5.90,2.0137,true,1,180417
7290108508765,false,קונכיות פתיתים ויליפוד 400גרם,וילי פוד,TR,קונכיות פתיתים 400גר,גרמים,400.00,100 גרם,false,,6.90,1.7250,true,1,187595
7290108508772,false,קונכיות פתיתים עם תרד 400 גרם,וילי פוד,TR,קונכיות פתיתים עם תר,גרמים,400.00,100 גרם,false,,6.90,1.7250,true,1,187596
7290108508901,false,דלתא יוגורט עם דובדבנים ושקדים 0.6% ויליפוד 150 גרם,Euro יורו מחלבות אירופה,GR,יוגורט עם דובדבנים ו,גרמים,150.00,100 גרם,false,,5.90,3.9333,true,1,180421
7290108508963,false,קשקבל מגורדת חצי קשה ויליפוד 200 גרם,סאסו פטוראגס קומטויס אף,TR,גבינת קשקבל מגורדת ח,גרמים,200.00,100 גרם,false,,14.90,7.4500,true,1,176374
7290108509106,false,גבינה בולגרית מעודנת בקוביות EUROויליפוד 200 גרם,"היצרן: קוליוס אס. איי, ג",TR,גבינה בולגרית מעודנת,גרמים,200.00,100 גרם,false,,11.90,5.9500,true,1,183849
7290108509113,false,גבינה בולגרית 18% מעודנת EUROויליפוד 250 גרם,Euro יורו מחלבות אירופה,TR,גבינה בולגרית מעודנת,גרמים,250.00,100 גרם,false,,11.90,4.7600,true,1,183847
7290108509120,false,גבינה בולגרית מעודנת 18% שומן יורו 500 ג',"היצרן: קוליוס אס. איי, ג",TR,גבינה בולגרית מעודנת,גרמים,500.00,100 גרם,false,,19.90,3.9800,true,1,183850
7290108509199,false,גבינת פטה 17% שומן יורו 500 ג',מבגל אס.איי,TR,גבינה פטה 500 גרם 17,גרמים,500.00,100 גרם,false,,22.90,4.5800,true,1,183852
7290108509250,false,"ויליפוד אנטיפסטי ארטישוק עגבניות, 380 גרם",אלימנטוס אי קונסרבס דל א,IT,תחתיות ארטישוק עגבני,מיליליטרים,380.00,"100 מ""ל",false,,22.90,6.0263,true,1,183874
7290108509649,false,זיתי קלמטה מגורענים 780 גרם,,TR,זיתי קלמטה מגולענים,גרמים,780.00,100 גרם,false,,18.90,2.4231,true,1,183866
7290108509656,false,מיקס זיתים פרוסות 800 גר,,,מיקס זיתים פרוסים במ,גרמים,800.00,100 גרם,false,,14.90,1.8625,true,1,183867
7290108509762,false,חמאת בוטנים ויליפוד 340 גרם,סופר נוטרי פודס,CN,חמאת בוטנים 340 גרם,גרמים,340.00,100 גרם,false,,9.90,2.9118,true,1,187575
7290108509816,false,גבינת בייבי מוצרלה EURO CHEESE ויליפוד 200 גרם,אונטד גידה,TR,גבינה בייבי מוצרלה 2,גרמים,200.00,100 גרם,false,,14.90,7.4500,true,1,183207
7290108509908,false,מנתהשף אטריות להכנה מהירה פיקנטי ויליפוד 85 גרם,וילי פוד - מנת השף,TH,מנת השף אטריות להכנה,גרמים,85.00,100 גרם,false,,3.90,4.5882,true,1,187583
7290108620061,false,יין אסטייט שיראז יבש אדום 750 מל,יקבי ציון,IL,"שיראז 750 מ""ל",מיליליטרים,750.00,"100 מ""ל",false,,40.00,5.3333,true,1,162795
7290108620108,false,יין אימפריאל קברנה סובניון אדום 750 מל,יקבי ציון,IL,קברנה סוביניון 750 מ,מיליליטרים,750.00,"100 מ""ל",false,,29.90,3.9867,true,1,162800
7290108620122,false,יין אימפריאל קברנה מרלו אדום יבש 750 מל,יקבי ציון,IL,"קברנה - מרלו 750 מ""ל",מיליליטרים,750.00,"100 מ""ל",false,,29.90,3.9867,true,1,162802
7290108621143,false,יין אוריינט אדום דור,יקב 1848,,דור 5 אוריינט אדום,Unknown,0.00,יחידה,false,,80.00,0.0000,true,1,184009
7290108832136,false,"סינר מטבח 65*75 ס""מ",,,"סינר מטבח 65*75 ס""מ",Unknown,0.00,יחידה,false,,10.00,0.0000,true,1,183633
7290108835274,false,תבנית טפלון בבקה מעו,,,תבנית טפלון בבקה מעו,Unknown,0.00,יחידה,false,,29.90,0.0000,true,1,164842
7290108835755,false,תבנית טפלון מתפרקת 2,,,תבנית טפלון מתפרקת 2,Unknown,0.00,יחידה,false,,29.90,0.0000,true,1,164847
7290108836974,false,מעמד לעוגה מסתובב ב,,,מעמד לעוגה מסתובב ב,Unknown,0.00,יחידה,false,,24.90,0.0000,true,1,171674
7290109133560,false,פלנצ'ה גריל עגולה עם,,,פלנצ'ה גריל עגולה עם,Unknown,0.00,יחידה,false,,199.90,0.0000,true,1,173861
7290109134789,false,פטיש שניצל מקצועי סו,,,פטיש שניצל מקצועי סו,Unknown,0.00,יחידה,false,,39.90,0.0000,true,1,157277
7290109134864,false,כף מחורצת נירוסטה 38,,,כף מחורצת נירוסטה 38,Unknown,0.00,יחידה,false,,34.90,0.0000,true,1,157324
7290109134871,false,תרווד מחורץ נירוסטה,סולתם רדד,,תרווד מחורץ נירוסטה,Unknown,0.00,יחידה,false,,34.90,0.0000,true,1,157325
7290109134888,false,כף טיגון נירוסטה 39,,,כף טיגון נירוסטה 39,Unknown,0.00,יחידה,false,,34.90,0.0000,true,1,157326
7290109135014,false,קולפן Y לבן סולתם,,,קולפן Y לבן סולתם,Unknown,0.00,יחידה,false,,19.90,0.0000,true,1,157311
7290109135021,false,קולפן Y משונן לבן סולתם,,,קולפן Y משונן לבן סו,Unknown,0.00,יחידה,false,,19.90,0.0000,true,1,157327
7290109135304,false,תרווד רחב מחורץ סיליקון גמיש סולתם,,,תרווד רחב מחורץ סילי,Unknown,0.00,יחידה,false,,34.90,0.0000,true,1,166872
7290109135755,false,"מחבת מיני 3*14 ס""מ P",,,"מחבת מיני 3*14 ס""מ P",Unknown,0.00,יחידה,false,,34.90,0.0000,true,1,156904
7290109135762,false,"מחבת מיני 4*16 ס""מ P",,,"מחבת מיני 4*16 ס""מ P",Unknown,0.00,יחידה,false,,36.90,0.0000,true,1,156905
7290109135779,false,מחבת שקשוקה מיני 4*1,,,מחבת שקשוקה מיני 4*1,Unknown,0.00,יחידה,false,,44.90,0.0000,true,1,156906
7290109136660,false,"מסננת נירוסטה 10 ס""מ",,,"מסננת נירוסטה 10 ס""מ",Unknown,0.00,יחידה,false,,16.90,0.0000,true,1,157389
7290109136677,false,"מסננת נירוסטה 12.5 ס""מ Bake-it up",,,מסננת נירוסטה 12.5 ס,Unknown,0.00,יחידה,false,,22.90,0.0000,true,1,157390
7290109136684,false,"מסננת נירוסטה 18 ס""מ Bake-it up",,,"מסננת נירוסטה 18 ס""מ",Unknown,0.00,יחידה,false,,29.90,0.0000,true,1,157391
7290109137483,false,"קלחת מיני 7*14 ס""מ P",,,"קלחת מיני 7*14 ס""מ P",Unknown,0.00,יחידה,false,,44.90,0.0000,true,1,156909
7290109137544,false,"סיר 18 ס""מ 1.9 ליטר",,,"סיר 18 ס""מ 1.9 ליטר",Unknown,0.00,יחידה,false,,89.90,0.0000,true,1,157088
7290109137575,false,"סיר 26 ס""מ 6 ליטר צי",,,"סיר 26 ס""מ 6.5 ליטר",Unknown,0.00,יחידה,false,,129.90,0.0000,true,1,157091
7290109137582,false,"סיר מרק 15.5*26 ס""מ",,,"סיר מרק 15.5*26 ס""מ",Unknown,0.00,יחידה,false,,119.90,0.0000,true,1,157103
7290109137803,false,"מחבת פנקייק 28 ס""מ K",,,"מחבת פנקייק 28 ס""מ K",Unknown,0.00,יחידה,false,,69.90,0.0000,true,1,200703
7290109138022,false,"מסננת סיליקון לכיור 10.9 ס""מ סולתם",,,מסננת סיליקון לכיור,Unknown,0.00,יחידה,false,,19.90,0.0000,true,1,157329
7290109138046,false,קרש חיתוך פלסטיק 24.,,,קרש חיתוך פלסטיק 24.,Unknown,0.00,יחידה,false,,39.90,0.0000,true,1,157312
7290109139531,false,"פלטה ישרה נירוסטה 34 ס""מ Bake-",,,"מרחן נירוסטה 30 ס""מ",Unknown,0.00,יחידה,false,,19.90,0.0000,true,1,157219
7290109139616,false,"קערה נירוסטה 24 ס""מ",,,"קערה נירוסטה 24 ס""מ",Unknown,0.00,יחידה,false,,26.90,0.0000,true,1,157127
7290109139654,false,"מסננת נירוסטה 24 ס""מ",,,"מסננת נירוסטה 24 ס""מ",Unknown,0.00,יחידה,false,,34.90,0.0000,true,1,157145
7290109139678,false,"מסננת נירוסטה 28 ס""מ",,,"מסננת נירוסטה 28 ס""מ",Unknown,0.00,יחידה,false,,39.90,0.0000,true,1,157147
7290109314741,false,"כף סיליקון 28 ס""מ",,,"כף סיליקון 28 ס""מ",Unknown,0.00,יחידה,false,,19.90,0.0000,true,1,157241
7290109351025,false,מלך החומוס חומוסטחינה 40% טחינה גולמית,סלטי צבר,IL,צבר חומוסטחינה 6*400,גרמים,400.00,100 גרם,false,,15.90,3.9750,true,1,127177
7290109351957,false,פריכיות אורז מלא פיטנס עם שכבת שוקולד חלב,סנורייס בלגיום אן. ו,BE,פיטנס פריכיות גדולות,גרמים,100.00,100 גרם,false,,8.90,8.9000,true,1,127192
7290109351971,false,פריכיות דגנים פיטנס מצופות שוקולד חלב,פרח תעשיות,IL,פיטנס בר פריכיות שוק,Unknown,0.00,יחידה,false,,13.90,0.0000,true,1,127193
7290109352916,false,פריכיות דגנים פיטנס מצופות שוקולד לבן,פרח תעשיות,IL,פיטנס בר פריכיות שוק,Unknown,0.00,יחידה,false,,13.90,0.0000,true,1,127197
7290109354101,false,"לחמית ללא גלוטן 200 גר' ""אסם""","אסם תעשיות בע""מ",IL,לחמית ללא גלוטן 12*2,גרמים,200.00,100 גרם,false,,11.90,5.9500,true,1,127212
7290109354972,false,אוסם - פתי בר וניל חלבי ללא גלוטן 200 גרם,מיוצר עי קונדיטוריית,IL,אסם פתי בר ללא גלוטן,גרמים,200.00,100 גרם,false,,10.90,5.4500,true,1,127228
7290109354996,false,פתי בר ללא גלוטן שוקו 200 גרם אסם,מיוצר עי קונדיטוריית,IL,אסם פתי בר ללא גלוטן,גרמים,200.00,100 גרם,false,,10.90,5.4500,true,1,127229
7290109358482,false,עוגיות קרמוגית במילוי קרם בטעם חלבה,"הגביע מוצרי וופלים בע""\מ",IL,אסם קרמוגית במילוי ח,גרמים,200.00,100 גרם,false,,11.90,5.9500,true,1,127244
7290109492414,false,סכיני מטבח שישייה שח,,,סכיני מטבח שישיה (ק9,Unknown,0.00,יחידה,false,,10.00,0.0000,true,1,167831
7290109580043,false,"שניצל תירס קלאסי זוגלובק 1.75 ק""ג",זוגלובק,IL,שניצל תירס 1.75 קג ב,פריט,1.75,"ק""ג",false,,49.90,28.5143,true,1,164106
7290109580104,false,רוסטביף פרימיום זוגלובק 150 גרם,זוגלובק,IL,זוגלובק פרימיום רוסט,גרמים,150.00,100 גרם,false,,25.90,17.2667,true,1,172918
7290109580227,false,נקניקיות עוף ובקר בסגנון ברלינאי קאריוורסט,זוגלובק,IL,קאריוורסט נקניקיה עו,גרמים,300.00,100 גרם,false,,19.90,6.6333,true,1,186909
7290109580234,false,"נקניקיות מרגז חריפות וונדרס 0% בשר, טבעוני",זוגלובק וונדרס Wonders,IL,נקניקיות מרגז 226 ג,גרמים,226.00,100 גרם,false,,29.90,13.2301,true,1,189777
7290109580241,false,נאגטס מן הצומח זוגלובק 500 גרם,זוגלובק טבע,IL,נאגטס מן הצומח 500 ג,גרמים,500.00,100 גרם,false,,21.90,4.3800,true,1,197213
7290109580319,false,"בורגר וונדרס 0% בשר , טבעוני",זוגלובק וונדרס Wonders,IL,wonders 2.0 בורגר 28,גרמים,280.00,100 גרם,false,,29.90,10.6786,true,1,189778
7290109920146,false,"דורגול מסיר אבנית מקומקומים 750 מ""ל",יעקובי דורגול,CH,יעקבי דורגול מסיר אב,מיליליטרים,750.00,"100 מ""ל",false,,22.90,3.0533,true,1,111403
7290109920313,false,"אסטוניש מרסס לניקוי חלונות 750 מ""ל",יעקבי- אסטוניש Astonish,GB,אסטוניש מרסס מבריק ש,מיליליטרים,750.00,"100 מ""ל",false,,12.90,1.7200,true,1,120279
7290109920597,false,"אסטוניש - מרסס לניקוי המקלחון 750 מ""ל",יעקבי- אסטוניש Astonish,GB,אסטוניש מרסס למקלחון,מיליליטרים,750.00,"100 מ""ל",false,,12.90,1.7200,true,1,120283
7290109920627,false,"אסטוניש קרם ואקונומיקה לניקוי אמבטיות 500 מ""ל",יעקובי אסטוניש,GB,אסטונש קרם אמבטיה 55,מיליליטרים,550.00,"100 מ""ל",false,,13.90,2.5273,true,1,111404
7290109920665,false,"אסטוניש - מרסס מסיר אוכל שרוף במטבח 750 מ""ל",יעקבי- אסטוניש Astonish,GB,אסטוניש מרסס מסיר או,מיליליטרים,750.00,"100 מ""ל",false,,12.90,1.7200,true,1,120286
7290109920757,false,מרכך כביסה מרוכז ורדים הפי 1 ליטר,יעקובי הפי,,הפי מרכך כביסה מרוכז,קילוגרמים,1.00,ליטר,false,,11.90,11.9000,true,1,120289
7290109920795,false,אסטוניש נוזל לניקוי כללי לבנדר 1 ליטר,יעקובי אסטוניש,,אסטוניש נוזל לניקוי,Unknown,0.00,יחידה,false,,9.90,0.0000,true,1,120290
7290109920818,false,אסטוניש נוזל לניקוי כללי לימון 1 ליטר,יעקובי אסטוניש,,אסטוניש נוזל לניקוי,Unknown,0.00,יחידה,false,,9.90,0.0000,true,1,120291
7290109920825,false,צמד-דורגול אספרסו + דורגול מקציף חלב מתנה,יעקובי דורגול,CH,דורגול לניקוי מכונו,מיליליטרים,500.00,"100 מ""ל",false,,29.90,5.9800,true,1,111405
7290109920849,false,"אסטוניש - מרסס לניקוי כללי בניחוח תפוז 750 מ""ל",יעקבי- אסטוניש Astonish,GB,אסטוניש מרסס תפוז לנ,מיליליטרים,750.00,"100 מ""ל",false,,12.90,1.7200,true,1,120292
7290109920887,false,גל כביסה הפי מיוחד לכביסה ביד צמר ומשי,יעקובי הפי,BE,הפי ג'ל כביסה עדינת,Unknown,0.00,יחידה,false,,18.90,0.0000,true,1,163663
7290109920917,false,"ג'ל לניקוי אסלה עם כלור הפי 750 מ""ל",וונדפוט,,יעקבי ג'ל לניקוי האס,מיליליטרים,750.00,"100 מ""ל",false,,8.90,1.1867,true,1,120296
7290109921334,false,אידיאל פרוטקט יעקבי 15 דפי כביסה,יעקובי,ES,יעקבי דפי כביסה אידא,Unknown,0.00,יחידה,false,,14.90,0.0000,true,1,120300
7290109921372,false,אסטוניש משחה לניקוי תנורים וגריל+ספוג 250 גרם,יעקובי אסטוניש,GB,אסטוניש משחה לתנורים,Unknown,0.00,יחידה,false,,19.90,0.0000,true,1,111407
7290109921488,false,"דורגול לניקוי וחיטוי מכונת הכביסה יעקבי 500 מ""ל",יעקובי דורגול,CH,דורגול מסיר אבנית ממ,מיליליטרים,500.00,"100 מ""ל",false,,29.90,5.9800,true,1,111408
7290109921723,false,"דורגול ג'ל לאסלה 750 מ""ל",יעקובי דורגול,,דורגול ג'ל לאסלה 7,Unknown,0.00,יחידה,false,,22.90,0.0000,true,1,163665
7290109921853,false,אסטוניש המשחה המקורית לניקוי עם עוצמה,יעקבי- אסטוניש Astonish,GB,אסטוניש משחת פרימיום,Unknown,0.00,יחידה,false,,19.90,0.0000,true,1,168906
7290109921976,false,ג'ל כביסה סופרו אקטיב יעקובי לבן 2.5 ליטר,וונדפוט,IL,סופרו בייבי - גל כבי,קילוגרמים,2.50,ליטר,false,,26.90,10.7600,true,1,177733
7290109922843,false,האקונומיקה המובילה באירופה נוסחה ייחודית מרוכז 2 ל,,BE,יעקובי האוקונומיקה -,קילוגרמים,2.00,ליטר,false,,11.90,5.9500,true,1,189414
7290109922881,false,"דורגול מרסס למטבח 600 מ""ל",יעקובי דורגול,CH,דורגול מרסס למטבח 60,מיליליטרים,600.00,"100 מ""ל",false,,24.90,4.1500,true,1,194219
7290109923048,false,"אסטוניש מרסס פרימיום ארומטיק לכל הבית 750 מ""ל",יעקובי אסטוניש,GB,אסטוניש מרסס פרימיום,מיליליטרים,750.00,"100 מ""ל",false,,15.90,2.1200,true,1,194218
7290109923093,false,"אסטוניש - קרם כיריים הלוגן ומיקרו 500 מ""ל",יעקובי אסטוניש,GB,אסטוניש מהדורה פרימי,מיליליטרים,500.00,"100 מ""ל",false,,18.90,3.7800,true,1,194213
7290109923147,false,אסטוניש מהדורה פרימיום פלא של אקונומיקה,יעקבי- אסטוניש Astonish,GB,אסטוניש מהדורה פרימי,מיליליטרים,500.00,"100 מ""ל",false,,16.90,3.3800,true,1,194214
7290109923161,false,"אסטוניש אבקת הפלא לכביסה לבנה/צבעונית 1.65 ק""ג",,GB,אבקת הפלא לכביסה לבנ,,1.65,1000KG,false,,34.90,21.1515,true,1,205092
7290109923178,false,אסטוניש - טבליות הפלא לניקוי האסלה אקליפטוס 200 גרם,,DE,טבליות הפלא לניקוי ה,גרמים,200.00,100 גרם,false,,17.90,8.9500,true,1,205090
7290109923185,false,אסטוניש - טבליות הפלא לניקוי האסלה ורדים 200 גרם,,GB,טבליות הפלא לניקוי ה,גרמים,200.00,100 גרם,false,,17.90,8.9500,true,1,205091
7290109923222,false,נוזל כלים סבון דה מרסיי סחלב סגול,,BE,סבון מרסיי 95% טבעי,מיליליטרים,500.00,"100 מ""ל",false,,9.90,1.9800,true,1,205089
7290110000493,false,חמאת בוטנים טבעית קראנצ'י 350 גר',"בטר אנד דיפרנט בע""מ",IL,חמאת בוטנים טבעית קר,גרמים,350.00,100 גרם,false,,13.90,3.9714,true,1,156533
7290110110277,false,"סומרסבי סיידר תפוחים אלכוהולי 4*300 מ""ל","קרלסברג קרואטיה , יב",HR,סומרסבי סיידר תפוחים,גרמים,330.00,100 גרם,false,,35.90,10.8788,true,1,113211
7290110110369,false,"שישייה בירה קרלסברג LUMA בקבוק 330 מ""ל",מבשלות בירה בינלאומיות ב,IL,קרלסברג LUMA מארז שי,קילוגרמים,1.98,ליטר,false,,49.90,25.2020,true,1,161608
7290110110574,false,"פחיות קוקה קולה זירו לימון 330 מ""ל",החברה המרכזית לייצור משק,IL,קוקה-קולה זירו לימון,,330.00,100 מל,false,,6.00,0.0182,true,1,137516
7290110110611,false,ספרייט מופחת 1.5 ליט,החברה המרכזית לייצור משק,IL,ספרייט מופחת 1.5 ליט,קילוגרמים,1.50,ליטר,false,,8.90,5.9333,true,1,137519
7290110110635,false,ספרייט 0.5 ליים חייב פקדון,החברה המרכזית לייצור,IL,ספרייט ליים בבקבוק א,,500.00,100 מל,false,,7.00,0.0140,true,1,137521
7290110110659,false,"ספרייט לימון ליים פחית 330מ""ל",החברה המרכזית לייצור משק,IL,ספרייט ליים פחית,,330.00,100 מל,false,,6.00,0.0182,true,1,137522
7290110110703,false,מארז ספרייט שישייה פחיות FRIDGE PACK,החברה המרכזית לייצור משק,IL,ספרייט ליים מארז פחי,,330.00,100 מל,false,,24.90,0.0755,true,1,137526
7290110111809,false,"מארז פחיות פאנטה אורנג' שישייה 330 מ""ל",החברה המרכזית לייצור משק,IL,פאנטה אורנג' מארז פח,,330.00,100 מל,false,,24.90,0.0755,true,1,137546
7290110114787,false,נביעות+ מים מינרליים בטעם תפוח 1.5 ליטר,נביעות טבע הגליל בעמ,IL,נביעות+ מים מינרליים,קילוגרמים,1.50,ליטר,false,,8.90,5.9333,true,1,189672
7290110114794,false,נביעות+ מים מינרליים בטעם אפרסק 1.5 ליטר,"נביעות טבע הגליל בע""\מ ,",IL,נביעות+ מים מינרליים,קילוגרמים,1.50,ליטר,false,,8.90,5.9333,true,1,189673
7290110114824,false,נביעות+רכיבי פרי אבטיח 1.5 ליטר פיקדון,"נביעות טבע הגליל בע""\מ",IL,נביעות+ פרי בטעם אבט,קילוגרמים,1.50,ליטר,false,,9.90,6.6000,true,1,189676
7290110114855,false,"נביעות מים מינרליים, שישיה 6 * 1.5 ליטר פקדון",נביעות טבע הגליל בעמ,IL,מים מינרליים נביעות,קילוגרמים,1.50,ליטר,false,,13.90,9.2667,true,1,189679
7290110114886,false,פריגת סחוט טרי קלמנטינה 2 ליטר,פריגת מצוננים,IL,100% מיץ קלמנטינות ס,קילוגרמים,2.00,ליטר,false,,29.90,14.9500,true,1,189568
7290110114893,false,פריגת סחוט טרי תפוז 2 ליטר,פריגת מצוננים,IL,100% מיץ תפוזים סחוט,קילוגרמים,2.00,ליטר,false,,29.90,14.9500,true,1,189569
7290110114909,false,100% מיץ תפוחים צלול עשוי מרכז,היינץ צפון אמריקה מק,IL,100% מיץ עשוי מרכז ת,קילוגרמים,2.00,ליטר,false,,29.90,14.9500,true,1,189570
7290110114916,false,מיץ סחוט לימונענע פריגת 2 ליטר,פריגת מצוננים,IL,סחוט לימונענע,קילוגרמים,2.00,ליטר,false,,29.90,14.9500,true,1,189571
7290110114954,false,מיץ תפוזים מתקתקים פריגת 2 ליטר,פריגת מצוננים,IL,100% מיץ עשוי מרכז ת,קילוגרמים,2.00,ליטר,false,,24.90,12.4500,true,1,189572
7290110114961,false,משקה קל תפוזים פריגת 1.5 ליטר,מבשלות בירה בינלאומיות ב,IL,פריגת משקה קל תפוזים,קילוגרמים,1.50,ליטר,false,,8.90,5.9333,true,1,189680
7290110114985,false,משקה קל אשכוליות פריגת 1.5 ליטר,מבשלות בירה בינלאומיות ב,IL,פריגת משקה קל אשכולי,קילוגרמים,1.50,ליטר,false,,8.90,5.9333,true,1,189682
7290110114992,false,משקה קל לייט אשכוליות פריגת 1.5 ליטר,מבשלות בירה בינלאומיות ב,IL,פריגת משקה דל קלורי,קילוגרמים,1.50,ליטר,false,,8.90,5.9333,true,1,189683
7290110115005,false,משקה קל ענבים פריגת 1.5 ליטר,מבשלות בירה בינלאומיות ב,IL,פריגת משקה קל ענבים,קילוגרמים,1.50,ליטר,false,,8.90,5.9333,true,1,189684
7290110115012,false,מיץ ענבים בניחוח מרלו 1.5 ל' פריגת,פריגת,IL,פריגת משקה קל ענבים,קילוגרמים,1.50,ליטר,false,,8.90,5.9333,true,1,189685
7290110115029,false,"פריגת משק""ל תפוח 1.5 ליטר פיקדון",מבשלות בירה בינלאומיות ב,IL,פריגת משקה קל תפוחים,קילוגרמים,1.50,ליטר,false,,8.90,5.9333,true,1,189686
7290110115036,false,משקה קל מנגו פריגת 1.5 ליטר,מבשלות בירה בינלאומיות ב,IL,פריגת משקה קל מנגו,קילוגרמים,1.50,ליטר,false,,8.90,5.9333,true,1,189687
7290110115043,false,משקה קל לימונענע פריגת 1.5 ליטר,מבשלות בירה בינלאומיות ב,IL,פריגת משקה קל לימונע,קילוגרמים,1.50,ליטר,false,,8.90,5.9333,true,1,189688
7290110115050,false,פריגת מיקס תות בננה 1.5 ליטר פיקדון,מבשלות בירה בינלאומיות ב,IL,פריגת משקה קל תות-בנ,קילוגרמים,1.50,ליטר,false,,8.90,5.9333,true,1,189689
7290110115067,false,פריגת אפרסק 1.5 ליטר פיקדון,מבשלות בירה בינלאומיות ב,IL,פריגת משקה קל אפרסק,קילוגרמים,1.50,ליטר,false,,8.90,5.9333,true,1,189690
7290110115074,false,פריגת תפוח דובדבן 1.5 ליטר פיקדון,מבשלות בירה בינלאומיות ב,IL,פריגת משקה דובדבן תפ,קילוגרמים,1.50,ליטר,false,,8.90,5.9333,true,1,189691
7290110115081,false,פריגת צלול ענבים 1.5 ליטר פיקדון,"מבשלות בירה לישראל בע""\מ",IL,פריגת צלול ענבים,קילוגרמים,1.50,ליטר,false,,8.90,5.9333,true,1,189692
7290110115098,false,פריגת צלול תפוחים 1.5 ליטר פיקדון,"מבשלות בירה לישראל בע""\מ",IL,פריגת צלול תפוחים,קילוגרמים,1.50,ליטר,false,,8.90,5.9333,true,1,189693
7290110115104,false,פריגת צלול אפרסק 1.5 ליטר פיקדון,מבשלות בירה בינלאומיות ב,IL,פריגת צלול אפרסק,קילוגרמים,1.50,ליטר,false,,8.90,5.9333,true,1,189694
7290110115111,false,פריגת צלול אננס 1.5 ליטר פיקדון,"מבשלות בירה לישראל בע""\מ",IL,פריגת צלול אננס,קילוגרמים,1.50,ליטר,false,,8.90,5.9333,true,1,189695
7290110115128,false,פריגת צלול בטעם לימונענע 1.5 ליטר פיקדון,"מבשלות בירה לישראל בע""\מ",IL,פריגת צלול לימונענע,קילוגרמים,1.50,ליטר,false,,8.90,5.9333,true,1,189696
7290110115203,false,קוקה קולה 1.5 ליטר פיקדון,החברה המרכזית לייצור משק,IL,קוקה -קולה 1.5 ליטר,קילוגרמים,1.50,ליטר,false,,8.90,5.9333,true,1,189702
7290110115210,false,דיאט קוקה קולה 1.5 ליטר פיקדון,החברה המרכזית לייצור משק,IL,דיאט קוקה-קולה בקבוק,קילוגרמים,1.50,ליטר,false,,8.90,5.9333,true,1,189703
7290110115227,false,קוקה-קולה זירו בקבוק 1.5 ליטר,החברה המרכזית לייצור משק,IL,קוקה- קולה זירו 1.5,קילוגרמים,1.50,ליטר,false,,8.90,5.9333,true,1,189704
7290110115234,false,קוקה-קולה זירו נטול בקבוק 1.5 ליטר,החברה המרכזית לייצור משק,IL,קוקה-קולה זירו נטול,קילוגרמים,1.50,ליטר,false,,8.90,5.9333,true,1,189705
7290110115241,false,קוקה-קולה זירו לימון בקבוק 1.5 ליטר,החברה המרכזית לייצור משק,IL,קוקה-קולה ZERO לימון,קילוגרמים,1.50,ליטר,false,,8.90,5.9333,true,1,189706
7290110115265,false,ספרייט לימון ליים 1.5 ליטר-,החברה המרכזית לייצור משק,IL,ספרייט ליים בקבוק,קילוגרמים,1.50,ליטר,false,,8.90,5.9333,true,1,189708
7290110115272,false,ZERO ספרייט 1.5 ליטר פיקדון,החברה המרכזית לייצור משק,IL,ספרייט זירו 1.5 ליטר,קילוגרמים,1.50,ליטר,false,,8.90,5.9333,true,1,189709
7290110115289,false,ספרייט 19 קל' לימון-נענע 1.5 ליטר פיקדון,החברה המרכזית לייצור משק,IL,ספרייט 19 קל' לימון-,קילוגרמים,1.50,ליטר,false,,8.90,5.9333,true,1,189710
7290110115296,false,משקה מוגז אורנג' פאנטה 1.5 ליטר,החברה המרכזית לייצור משק,IL,פאנטה אורנג' 1.5 ליט,קילוגרמים,1.50,ליטר,false,,8.90,5.9333,true,1,189711
7290110115302,false,משקה מוגז אורנג' זירו פאנטה 1.5 ליטר,החברה המרכזית לייצור משק,IL,פאנטה ZERO אורנג' 1.,קילוגרמים,1.50,ליטר,false,,8.90,5.9333,true,1,189712
7290110115319,false,פאנטה אקזוטיק 1.5 ליטר פיקדון,החברה המרכזית לייצור משק,IL,פאנטה אקזוטי בקבוק,קילוגרמים,1.50,ליטר,false,,8.90,5.9333,true,1,189713
7290110115340,false,פאנטה ענבים 1.5 ליטר פיקדון,החברה המרכזית לייצור משק,IL,פאנטה ענבים 1.5 ליטר,קילוגרמים,1.50,ליטר,false,,8.90,5.9333,true,1,189716
7290110115357,false,קינלי סודה 1.5 ליטר פיקדון,החברה המרכזית לייצור משק,IL,קינלי סודה 1.5 ליטר,קילוגרמים,1.50,ליטר,false,,4.30,2.8667,true,1,189717
7290110115364,false,שישייה קוקה קולה 1.5 ליטר פיקדון,החברה המרכזית לייצור משק,IL,קוקה- קולה מארז שישי,Unknown,0.00,יחידה,false,,49.90,0.0000,true,1,189718
7290110115371,false,דיאט קוקה קולה שישיות 1.5 ליטר פיקדון,החברה המרכזית לייצור משק,IL,דיאט קוקה- קולה מארז,קילוגרמים,1.50,ליטר,false,,48.90,32.6000,true,1,189719
7290110115388,false,ספרייט ליים שישיות 1.5 ליטר פיקדון,החברה המרכזית לייצור משק,IL,ספרייט ליים מארז שיש,קילוגרמים,1.50,ליטר,false,,49.90,33.2667,true,1,189720
7290110115395,false,ZERO ספרייט שישיות 1.5 ליטר פיקדון,החברה המרכזית לייצור משק,IL,ספרייט זירו מארז שיש,קילוגרמים,1.50,ליטר,false,,49.90,33.2667,true,1,189721
7290110115401,false,קינלי סודה שישיה 1.5 ליטר פיקדון,החברה המרכזית לייצור משק,IL,קינלי סודה מארז שישי,קילוגרמים,1.50,ליטר,false,,16.70,11.1333,true,1,189722
7290110115418,false,מארז שישייה קוקה קולה זירו 1.5 ל',החברה המרכזית לייצור משק,IL,קוקה- קולה zero מארז,קילוגרמים,1.50,ליטר,false,,48.90,32.6000,true,1,189723
7290110115425,false,FUZE TEA גרין לימונענע -נענע 1.5 ליטר פיקדון,מבשלות בירה בינלאומיות ב,IL,Fuze tea גרין לימון,קילוגרמים,1.50,ליטר,false,,9.90,6.6000,true,1,189724
7290110115449,false,אייס תה בטעם מנגו אננס 1.5ל' FUZE TEA,מבשלות בירה בינלאומיות ב,IL,פיוז טי תה קר בטעם מ,קילוגרמים,1.50,ליטר,false,,9.90,6.6000,true,1,189726
7290110115456,false,"תה קר בטעם אפרסק 19 קלוריות ב- 100 מ""ל",מבשלות בירה בינלאומיות ב,IL,Fuze tea אפרסק 19 קל,קילוגרמים,1.50,ליטר,false,,9.90,6.6000,true,1,189727
7290110115463,false,פיוז טי אפרסק 1.5 ליטר פיקדון,מבשלות בירה בינלאומיות ב,IL,פיוז טי תה קר בטעם א,קילוגרמים,1.50,ליטר,false,,9.90,6.6000,true,1,189728
7290110115494,false,תה קר בטעם ענבים פיוז טי 1.5 ליטר,מבשלות בירה בינלאומית בע,IL,פיוז טי תה קר בטעם ע,קילוגרמים,1.50,ליטר,false,,9.90,6.6000,true,1,189731
7290110115531,false,משקה מוגז תפוח זירו פאנטה 1.5 ליטר,החברה המרכזית לייצור משק,IL,פאנטה ZERO תפוח 1.5,קילוגרמים,1.50,ליטר,false,,8.90,5.9333,true,1,189734
7290110115593,false,פריגת אשכוליות 40% פחות סוכר 1.5 ליטר פיקדון,מבשלות בירה בינלאומיות ב,IL,פריגת אשכוליות 40% פ,קילוגרמים,1.50,ליטר,false,,8.90,5.9333,true,1,189737
7290110115609,false,פריגת ענבים 40% פחות סוכר 1.5 ליטר פיקדון,מבשלות בירה בינלאומיות ב,IL,פריגת ענבים 40% פחות,קילוגרמים,1.50,ליטר,false,,8.90,5.9333,true,1,189738
7290110115616,false,אייס תה בטעם גרין אננס 1.5ל' FUZE TEA,מבשלות בירה בינלאומיות ב,IL,פיוז טי ZERO גרין אנ,קילוגרמים,1.50,ליטר,false,,9.90,6.6000,true,1,189739
7290110115623,false,משקה פיוז טי זירו ZERO בטעם אפרסק,מבשלות בירה בינלאומיות ב,IL,פיוז טי ZERO בטעם אפ,קילוגרמים,1.50,ליטר,false,,9.90,6.6000,true,1,189740
7290110115777,false,נביעות .ל1.5 מים מינרלים,נביעות,,נביעות 1.5 ליטר,קילוגרמים,1.50,ליטר,false,,5.00,3.3333,true,1,190151
7290110115838,false,ספרייט לימון- ליים 1.5 ליטר,"אינסטנטה בע""מ",IL,ZERO ספרייט 1.5 ליטר,קילוגרמים,1.50,ליטר,false,,8.90,5.9333,true,1,190282
7290110115883,false,נביעות בייבי בודד 32,נביעות,,נביעות בייבי בודד 32,מיליליטרים,320.00,"100 מ""ל",false,,4.00,1.2500,true,1,198773
7290110116064,false,פאנטה ZERO פירות ירוק 1.5 ליטר פיקדון,החברה המרכזית לייצור משק,IL,פאנטה זירו ירוק 1.5,קילוגרמים,1.50,ליטר,false,,8.90,5.9333,true,1,198275
7290110116125,false,"סירופ בטעם פטל פריגת 750 מ""ל",סירופ - גבעת חיים,IL,סירופ בטעם פטל 750 מ,,750.00,100 מל,false,,23.90,0.0319,true,1,198631
7290110116132,false,"סירופ בטעם לימון פריגת 750 מ""ל",סירופ - גבעת חיים,IL,סירופ בטעם לימון 750,,750.00,100 מל,false,,23.90,0.0319,true,1,198629
7290110116149,false,"סירופ בטעם ענבים פריגת 750 מ""ל",סירופ - גבעת חיים,IL,סירופ בטעם ענבים 750,מיליליטרים,750.00,"100 מ""ל",false,,23.90,3.1867,true,1,198632
7290110116156,false,נביעות+רכיבי פרי מנגו-פסיפלורה 1.5 ליטר-,"נביעות טבע הגליל בע""\מ",IL,נביעות+ פרי בטעם מנג,קילוגרמים,1.50,ליטר,false,,9.90,6.6000,true,1,198498
7290110116170,false,נביעות+רכיבי פרי אננס-קוקוס 1.5 ליטר-,"נביעות טבע הגליל בע""\מ",IL,נביעות+ פרי בטעם אננ,קילוגרמים,1.50,ליטר,false,,9.90,6.6000,true,1,198495
7290110116194,false,נביעות+ סדרת 0 קלוריות לימון-ליים 1.5 ליטר,"נביעות טבע הגליל בע""\מ",IL,נביעות+ לימון ליים 0,קילוגרמים,1.50,ליטר,false,,9.90,6.6000,true,1,198496
7290110116217,false,נביעות+ סדרת 0 קלוריות אשכוליות 1.5 ליטר,"נביעות טבע הגליל בע""\מ",IL,נביעות+ אשכולית 0 קל,קילוגרמים,1.50,ליטר,false,,9.90,6.6000,true,1,198497
7290110116392,false,"סירופ בטעם תפוזים פריגת 750 מ""ל",סירופ - גבעת חיים,IL,סירופ בטעם תפוזים 75,,750.00,100 מל,false,,23.90,0.0319,true,1,198633
7290110116484,false,פריגת סחוט מיקס תות בננה 1ליטר,פריגת מצוננים,IL,פריגת MIX תות בננה 1,מיליליטרים,1000.00,"100 מ""ל",false,,17.90,1.7900,true,1,202880
7290110116491,false,פריגת סחוט מיקס אפרסק משמש 1ליטר,פריגת מצוננים,IL,פריגת MIX אפרסק משמש,מיליליטרים,1000.00,"100 מ""ל",false,,17.90,1.7900,true,1,202881
7290110116507,false,פריגת סחוט מיקס אננס בננה אגס 1ליטר,פריגת מצוננים,IL,פריגת MIX אננס בננה,מיליליטרים,1000.00,"100 מ""ל",false,,17.90,1.7900,true,1,202882
7290110116552,false,ספרייט לימון היט 1.5 ליטר-,החברה המרכזית לייצור משק,IL,ספרייט למון היט 1.5,קילוגרמים,1.50,ליטר,false,,8.90,5.9333,true,1,201964
7290110116569,false,"ספרייט זירו ZERO בק LEMON HIT, 1.5 ליטר",החברה המרכזית לייצור משק,IL,ספרייט זירו למון היט,קילוגרמים,1.50,ליטר,false,,8.90,5.9333,true,1,201963
7290110168643,false,חנוכית ג'מבו עשויה מ,,,חנוכית ג'מבו עשויה מ,Unknown,0.00,יחידה,false,,399.90,0.0000,true,1,203936
7290110292249,false,"סכין ""7 סנטוקו",,,"סכין ""7 סנטוקו",Unknown,0.00,יחידה,false,,10.00,0.0000,true,1,165075
7290110297695,false,מצת גז דגם פייר,,,מצת גז דגם פייר,Unknown,0.00,יחידה,false,,10.00,0.0000,true,1,171679
7290110320591,false,גבינה בולגרית במרקם מעודן 16% פיראוס,תנובה חלב,IL,בולגרית 16% במרקם מע,גרמים,250.00,100 גרם,false,,23.50,9.4000,true,1,130546
7290110320850,false,פתיתים גבינה חצי קשה מגורדת 28% שומן,תנובה מרכז שיתופי לש,IL,פתיתי עמק 28% שומן,גרמים,200.00,100 גרם,false,,16.70,8.3500,true,1,130555
7290110320867,false,פתיתים גבינה חצי קשה מגורדת 28% שומן,תנובה מרכז שיתופי לש,IL,פתיתי עמק 28% שומן,גרמים,500.00,100 גרם,false,,37.70,7.5400,true,1,130556
7290110321031,false,מעדן חלב GO יוגורט מועשר בחלבון טבעי 200 ג' יופלה,"תנובה, מחלבת אלון תב",IL,יופלה GO יוגורט מועש,גרמים,200.00,100 גרם,false,,5.90,2.9500,true,1,130566
7290110321277,false,קוטג' בקטנה 5% תנובה 100 גרם מהדרין,פארייפאבה אגרואינדוס,IL,קוטג' בקטנה 100 גרם,גרמים,100.00,100 גרם,false,,2.90,2.9000,true,1,130582
7290110321284,false,קוטג' בקטנה 9% תנובה 100 גרם מהדרין,פארייפאבה אגרואינדוס,IL,קוטג' בקטנה 100 גרם,גרמים,100.00,100 גרם,false,,2.90,2.9000,true,1,130583
7290110321604,false,קוביות בולגרית מעודנת 5%+גרעינים,תנובה חלב,IL,קוביות בולגרית מעודנ,גרמים,200.00,100 גרם,false,,20.90,10.4500,true,1,130591
7290110321680,false,יוגורט GO בטעם תות 20 גרם חלבון בגביע,מיוצר עי קונדיטוריית,IL,יופלה GO יוגורט מועש,גרמים,200.00,100 גרם,false,,6.20,3.1000,true,1,130595
7290110321697,false,יוגורט GO בטעם אפרסק 20 גרם חלבון בגביע,מיוצר עי קונדיטוריית,IL,יופלה GO יוגורט מועש,גרמים,200.00,100 גרם,false,,6.20,3.1000,true,1,130596
7290110321789,false,גבינת מסקרפונה 38% השף הלבן 250 גרם,תנובה חלב,IL,גבינת מסקרפונה השף ה,גרמים,250.00,100 גרם,false,,20.90,8.3600,true,1,130599
7290110322014,false,"תנובה טופו טבעי 300 גר' בד""צ",שוורצקוף& הנקל דיסלד,IL,טופו טבעי,גרמים,300.00,100 גרם,false,,13.60,4.5333,true,1,130610
7290110322038,false,"תנובה טופו פיקנטי 300 גר' בד""צ",שוורצקוף& הנקל דיסלד,IL,טופו פיקנטי,גרמים,300.00,100 גרם,false,,13.60,4.5333,true,1,130612
7290110322946,false,יופלה טיוב יוגורט במרקם חלק בטעם תות בננה כשרות רבנות 348 ג',תנובה חלב,IL,יופלה טיוב יוגורט במ,גרמים,348.00,100 גרם,false,,13.60,3.9080,true,1,130618
7290110323097,false,מעדן גבינה עם תות 5% שומן 80 ג' תנובה,תנובה בעמ,IL,תאומים 80 גרם,Unknown,0.00,יחידה,false,,2.00,0.0000,true,1,130626
7290110323301,false,טל העמק בסגנון אמנטל 32% שומן 200 גרם,עמק - תנובה,IL,טל העמק 32% שומן 200,גרמים,200.00,100 גרם,false,,20.90,10.4500,true,1,130639
7290110323585,false,יופלה יוגורט עם דובדבן מופחת קלוריות 200 ג' GO,יופלה Yoplait,IL,יופלה GO יוגורט לייט,גרמים,200.00,100 גרם,false,,6.20,3.1000,true,1,130642
7290110323592,false,יופלה יוגורט עם אפרסק מופחת קלוריות 200 ג' GO,יופלה Yoplait,IL,יופלה GO יוגורט לייט,גרמים,200.00,100 גרם,false,,6.20,3.1000,true,1,130643
7290110323714,false,משקה קוקוס שקדים תנובה 1 ליטר,מיוצר עי קונדיטוריית,IL,משקה קוקוס שקדים,,1000.00,100 מל,false,,12.50,0.0125,true,1,130651
7290110323998,false,מאגדת שמינייה מיני קרלו קצפת 8*77 ג',תנובה מרכז שיתופי לש,IL,מאגדת מיני קרלו קצפת,גרמים,616.00,100 גרם,false,,14.90,2.4188,true,1,183090
7290110324353,false,יוגורט GO לייט בטעם אננס 20 גרם חלבון בגביע,מיוצר עי קונדיטוריית,IL,יופלה GO לייט אננס,גרמים,200.00,100 גרם,false,,6.20,3.1000,true,1,130671
7290110324551,false,יופלה טיוב יוגורט במרקם חלק תות כשרות מהדרין,"תנובה בע""\מ",IL,יופלה טיוב יוגורט במ,גרמים,348.00,100 גרם,false,,13.60,3.9080,true,1,130682
7290110324711,false,ממרח סויה 9% שומן בטעם טבעי תנובה 250 גרם,מיוצר עי קונדיטוריית,IL,ממרח סויה 9% בטעם טב,גרמים,250.00,100 גרם,false,,8.90,3.5600,true,1,130692
7290110324728,false,ממרח סויה 9% שומן עם שום שמיר תנובה 250 גרם,מיוצר עי קונדיטוריית,IL,ממרח סויה 9% עם שום,גרמים,250.00,100 גרם,false,,8.90,3.5600,true,1,130693
7290110324841,false,מעדן שקדים עם שוקולד מריר תנובה 125 גרם,מיוצר עי קונדיטוריית,IL,מעדן שקדים עם שוקולד,גרמים,125.00,100 גרם,false,,4.90,3.9200,true,1,130702
7290110324858,false,מעדן שקדים בטעם אגוזי לוז תנובה 125 גרם,תנובה Alternative,IL,מעדן שקדים עם אגוזי,גרמים,125.00,100 גרם,false,,4.90,3.9200,true,1,130703
7290110324872,false,פרוסות גבינה צהובה גלבוע 5%,גלבוע - תנובה,IL,גלבוע 5% 200 גרם,גרמים,200.00,100 גרם,false,,19.90,9.9500,true,1,130704
7290110324926,false,משקה סויה ללא תוספת סוכר 1 ליטר,תנובה מרכז שיתופי לש,IL,משקה סויה ללא תוספת,קילוגרמים,1.00,ליטר,false,,10.50,10.5000,true,1,130709
7290110325084,false,מאגדת שמינייה מיני קרלו שוניל 8*100גרם,"תנובה בע""\מ",IL,מאגדת שמינייה מיני ק,Unknown,0.00,יחידה,false,,14.90,0.0000,true,1,130710
7290110325114,false,משקה יוגורט GO לייט מועשר בחלבון תות בננה,מיוצר עי קונדיטוריית,IL,משקה יוגורט גו לייט,,250.00,100 מל,false,,6.90,0.0276,true,1,130713
7290110325169,false,פרוסות גאודה תנובה 170 גרם,תנובה חלב,IL,פרוסות גאודה 170 גרם,גרמים,170.00,100 גרם,false,,19.90,11.7059,true,1,178839
7290110325312,false,יופלה GO סויה 20 גרם חלבון בטעם תות תנובה 200 גרם,"תנובה בע""\מ",IL,מעדן סויה גו 20 גרם,גרמים,200.00,100 גרם,false,,6.20,3.1000,true,1,130718
7290110325510,false,יופלה טיוב יוגורט במרקם חלק בטעם וניל-יוניקור,"תנובה בע""\מ",IL,יופלה טיוב יוגורט במ,גרמים,348.00,100 גרם,false,,13.60,3.9080,true,1,130722
7290110325619,false,אלטרנטיב משקה שיבולת שועל 1 ליטר,מיוצר עי קונדיטוריית,IL,משקה שיבולת שועל 1 ל,,1000.00,100 מל,false,,12.50,0.0125,true,1,110636
7290110325893,false,משקה חלב GO מועשר בחלבון בטעם אייס קפה,מיוצר עי קונדיטוריית,IL,תנובה GO אייס קפה 34,,340.00,100 מל,false,,8.30,0.0244,true,1,110639
7290110326210,false,יופלה און טופ פצפוצים תנובה 157 גרם,מיוצר עי קונדיטוריית,IL,יופלה און טופ פצפוצי,גרמים,157.00,100 גרם,false,,5.20,3.3121,true,1,159304
7290110326234,false,יופלה און טופ כוכבים תנובה 157 גרם,מיוצר עי קונדיטוריית,IL,יופלה און טופ כוכבים,גרמים,157.00,100 גרם,false,,5.20,3.3121,true,1,159306
7290110326241,false,יופלה און טופ גרנולה תנובה 157 גרם,מיוצר עי קונדיטוריית,IL,יופלה און טופ גרנולה,גרמים,160.00,100 גרם,false,,5.20,3.2500,true,1,159307
7290110326876,false,פיראוס לאבנה עיזים 5% גביע 250 גרם,"תנובה בע""\מ",IL,לאבנה עיזים 260 גרם,גרמים,250.00,100 גרם,false,,17.90,7.1600,true,1,204342
7290110327033,false,משקה סויה תנובה גו מועשר בחלבון במתיקות מופחתת,מיוצר עי קונדיטוריית,IL,משקה סויה תנובה גו מ,קילוגרמים,1.00,ליטר,false,,12.50,12.5000,true,1,164750
7290110327279,false,גבינת שמנת בסגנון טוסקנה נפוליאון 24% שומן 225 ג',תנובה מרכז שיתופי לש,IL,נפוליאון טוסקנה 25%,גרמים,225.00,100 גרם,false,,13.90,6.1778,true,1,184959
7290110327514,false,alternative משקה שיבולת שועל בטעם אגוזי לוז תנובה 1 ליטר,תנובה מרכז שיתופי לש,IL,משקה שיבולת שועל 1בט,,1000.00,100 מל,false,,12.50,0.0125,true,1,187885
7290110327545,false,יופלה און טופ בטעם תות בתוספת פצפוצים מצופים שוקולד 157 גרם,מיוצר עי קונדיטוריית,IL,יופלה און טופ בטעם ת,גרמים,157.00,100 גרם,false,,4.90,3.1210,true,1,169323
7290110327637,false,יוגורט דיאט יופלה קיווי 0% שומן 150 ג' יופלה,תנובה מרכז שיתופי לש,IL,יופלה דיאט יוגורט קי,גרמים,150.00,100 גרם,false,,5.20,3.4667,true,1,169324
7290110327798,false,חטיף חלבון GO בטעם שוקולד 20 גרם חלבון,"בלמונט קונפקציות בע""\מ.",US,חטיף חלבון GO בטעם ש,Unknown,0.00,יחידה,false,,11.90,0.0000,true,1,182548
7290110328016,false,משקה סויה מועשר בחלבון בטעם אגוזי לוז 250 גרם,תנובה מרכז שיתופי לש,IL,משקה סויה מועשר בחלב,גרמים,250.00,100 גרם,false,,7.30,2.9200,true,1,173369
7290110328023,false,משקה סויה מועשר בחלבון בטעם קפה 250 גרם,תנובה מרכז שיתופי לש,IL,משקה סויה מועשר בחלב,גרמים,250.00,100 גרם,false,,7.30,2.9200,true,1,173370
7290110328221,false,יוגורט נטול לקטוז תנובה 200 גרם,מיוצר עי קונדיטוריית,IL,יוגורט תנובה נטול לק,גרמים,200.00,100 גרם,false,,3.90,1.9500,true,1,183504
7290110328474,false,גבינת פרמג'יאנו רג'יאנו 30% מחלב בקר,מנדלז סי.אר. פרודקשן,IT,פלח פרמג'יאנו רג'יאנ,גרמים,150.00,100 גרם,false,,31.40,20.9333,true,1,180533
7290110328504,false,מיקס פתיתי 3 גבינות- מוצרלה סקנדינבית וגאודה,מיוצר עי קונדיטוריית,IL,טריו מיקס מוצרלה סקנ,גרמים,110.00,100 גרם,false,,28.30,25.7273,true,1,180500
7290110328580,false,יוגורט תנובה טבעי 5% גביע 200 גרם,מיוצר עי קונדיטוריית,IL,יוגורט תנובה 5% גביע,גרמים,200.00,100 גרם,false,,3.00,1.5000,true,1,189121
7290110328627,false,יוגורט יופלה GO במרקם סמיך בטעם בננה קרמל 0%,מיוצר עי קונדיטוריית,IL,יוגורט גו סמיך 0% בנ,גרמים,200.00,100 גרם,false,,6.20,3.1000,true,1,183091
7290110328641,false,טופו טבעי 500 גרם 2 ALTERNATIVE יחידות *250 גרם,תנובה חלב,IL,טופו טבעי 500 גרם 2,גרמים,500.00,100 גרם,false,,20.90,4.1800,true,1,183686
7290110328764,false,יוגורט יופלה GO במרקם סמיך עם תות 0%,מיוצר עי קונדיטוריית,IL,יוגורט גו סמיך 0% תו,גרמים,200.00,100 גרם,false,,6.20,3.1000,true,1,183092
7290110328771,false,יוגורט יופלה GO במרקם סמיך עם פירות יער 0%,מיוצר עי קונדיטוריית,IL,יוגורט גו סמיך 0% פי,גרמים,200.00,100 גרם,false,,6.20,3.1000,true,1,183093
7290110328788,false,יוגורט יופלה GO במרקם סמיך בטעם אפרסק 0%,תנובה מרכז שיתופי לש,IL,יוגורט גו סמיך 0% אפ,גרמים,200.00,100 גרם,false,,6.20,3.1000,true,1,183094
7290110329136,false,מעדן חלב מעושר בחלבון בטעם שוקולד 120 ג' GO,תנובה מרכז שיתופי לש,IL,מעדן חלב גו בטעם שוק,גרמים,120.00,100 גרם,false,,5.20,4.3333,true,1,187910
7290110329143,false,מעדן חלב מעושר בחלבון בטעם וניל גביע 120 ג' GO,תנובה מרכז שיתופי לש,IL,מעדן חלב גו בטעם וינ,גרמים,120.00,100 גרם,false,,5.20,4.3333,true,1,187908
7290110329266,false,יוגורט תנובה מחלב עיזים מלא תנובה 140 ג',קריות זול,IL,יוגורט תנובה מחלב עי,גרמים,140.00,100 גרם,false,,6.20,4.4286,true,1,184960
7290110329273,false,יוגורט תנובה מחלב עיזים מלא 750 גרם,תנובה,IL,יוגורט תנובה מחלב עי,גרמים,750.00,100 גרם,false,,20.90,2.7867,true,1,184961
7290110329426,false,טופו טבעי ALTERNATIVE 250 גרם עם קרם קוקוס,תנובה חלב,IL,טופו טבעי 250 גרם עם,גרמים,310.00,100 גרם,false,,13.90,4.4839,true,1,197304
7290110329686,false,"משקה חלב גו בטעם עוגיות 340 מ""ל",מיוצר עי קונדיטוריית,IL,תנובה GO משקה חלב בט,,340.00,100 מל,false,,8.30,0.0244,true,1,187883
7290110329792,false,יוגורט סויה BIO Alternative אפרסק 150 ג' תנובה,מיוצר עי קונדיטוריית,IL,סויה BIO אפרסק גביע,גרמים,150.00,100 גרם,false,,5.20,3.4667,true,1,190096
7290110329808,false,יוגורט סויה BIO Alternative תות 150 ג' תנובה,מיוצר עי קונדיטוריית,IL,סויה BIO תות גביע 15,גרמים,150.00,100 גרם,false,,5.20,3.4667,true,1,190097
7290110329815,false,סויה BIO מתיקות מעודנת גביע 150 גרם Alternative,מיוצר עי קונדיטוריית,IL,סויה BIO מתיקות מעוד,גרמים,150.00,100 גרם,false,,5.20,3.4667,true,1,190098
7290110329822,false,יוגורט סויה BIO Alternative פירות יער 150 ג' תנובה,מיוצר עי קונדיטוריית,IL,סויה BIO פירות יער ג,גרמים,150.00,100 גרם,false,,5.20,3.4667,true,1,190094
7290110329846,false,יוגורט סויה BIO Alternative בטעם טבעי 150 ג' תנובה,מיוצר עי קונדיטוריית,IL,סויה BIO טבעי גביע 1,גרמים,150.00,100 גרם,false,,5.20,3.4667,true,1,190099
7290110472467,false,מתאם למצת TYPE C + כבל טעינה 1.5 מטר,Unknown,,מטען רכב פרימיום,Unknown,0.00,יחידה,false,,39.90,0.0000,true,1,163277
7290110472474,false,מתאם קיר TYPE C + כבל טעינה 1.5 מטר,Unknown,,מטען קיר פרימיום C,Unknown,0.00,יחידה,false,,29.90,0.0000,true,1,163264
7290110474263,false,מעשנת בשר/דגים+מתנה 2 תא,,CN,מעשנת בשר ודגים,Unknown,0.00,יחידה,false,,299.00,0.0000,true,1,164616
7290110474492,false,שולחן קמפינג מתקפל,Unknown,CN,שולחן קמפינג מתקפל,Unknown,0.00,יחידה,false,,99.00,0.0000,true,1,179003
7290110550226,false,מטבעות שוקולד מריר לאפיה 400 גרם עלית,"פוליבה בע""\מ",IL,מטבעות שוקולד מריר ל,גרמים,400.00,100 גרם,false,,34.90,8.7250,true,1,196454
7290110550349,false,דוריטוס אקסטרים ספייסי70,"שטראוס פריטו ליי בע""\מ )",IL,דוריטוס אקסטרים ספיי,Unknown,0.00,יחידה,false,,3.20,0.0000,true,1,186667
7290110551254,false,נשנושי תירס 600 גרם טעם הטבע שטראוס,"מיוצר ע""\י או.וי אינטרנש",TH,נשנושי תירס 600 גרם,גרמים,600.00,100 גרם,false,,15.90,2.6500,true,1,201080
7290110552121,false,יוגורט בתוספת סידן וויטמין ד 100 ג' דנונה,תנובה מרכז שיתופי לש,IL,היוגורט הראשון שלי 1,גרמים,100.00,100 גרם,false,,2.90,2.9000,true,1,196466
7290110552220,false,יוגורט PRO בטעם תות 0% סוכר לבן 20 גרם חלבון בגביע,"שטראוס בריאות בע""\מ",IL,דנונה פרו 20 גרם ללא,גרמים,200.00,100 גרם,false,,5.90,2.9500,true,1,190411
7290110552237,false,יוגורט פרו בטעם אפרסק מנגו ללא סוכר 200 ג' דנונה,"שטראוס בריאות בע""\מ",IL,דנונה פרו אפרסק מנגו,גרמים,200.00,100 גרם,false,,5.90,2.9500,true,1,190409
7290110552251,false,יוגורט אקטיביה עם צ'יה ואוכמניות 150 גרם,"שטראוס בריאות בע""\מ",IL,אקטיביה עם צ'יה אוכ,גרמים,150.00,100 גרם,false,,4.60,3.0667,true,1,190406
7290110553036,false,קריספס-פריכיות עם אפונה ובטטה סגולה בטעם בצל מקורמל,"פרח תעשיו מזון בע""מ",IL,פריכיות חלבון בטטה ס,גרמים,60.00,100 גרם,false,,10.90,18.1667,true,1,195780
7290110553098,false,מאגדת חטיפים אנרג'י מיקס צימוקים אגוזים 100X4 גרם,אנרג'י Energy - שטראוס,GB,אנרג'י מיקס צימוקים,גרמים,100.00,100 גרם,false,,18.90,18.9000,true,1,198720
7290110553104,false,נסקפה קפוצ'ינו סטיק קלאסי 130 ג' עלית,מוקטה אס.פי.,IL,קפוצ'ינו סטיק קלאסי,גרמים,130.00,100 גרם,false,,17.90,13.7692,true,1,201218
7290110553135,false,נסקפה קפוצ'ינו סטיק וניל 130 ג' עלית,מוקטה אס.פי.,PL,קפוצ'ינו סטיק וניל 1,גרמים,130.00,100 גרם,false,,17.90,13.7692,true,1,201219
7290110553623,false,צ'יטוס קראנצ'י בטעם צ'דר חלפיניו - חלבי,"שטראוס פריטו ליי בע""\מ )",IL,צ'יטוס קראנץ צ'דר חל,Unknown,0.00,יחידה,false,,4.90,0.0000,true,1,197259
7290110554262,false,חלבית מלבין קפה חלבי 350 ג' עלית,מוקטה אס.פי.,PL,חלבית חדש 350 גרם 20,גרמים,350.00,100 גרם,false,,22.90,6.5429,true,1,196449
7290110554583,false,מארז חטיפי צ'יטוס פאפס בטעם גבינה - 10 יחידות,"שטראוס פריטו ליי בע""\מ )",IL,מארז ציטוס פאפס גבינ,גרמים,200.00,100 גרם,false,,12.90,6.4500,true,1,190133
7290110555009,false,זוג פסאטה מחית עגבניות חלקה יד מרדכי 700 גרם,אמיליאנה קונסרב ס.פ.,IT,פסאטה זוגות 700 גרם,גרמים,700.00,100 גרם,false,,13.90,1.9857,true,1,196456
7290110555078,false,לאבנה עם שמן זית ועשבי תיבול שטראוס 250 גרם,"מחלבות בר בכפר בע""\מ",IL,לאבנה עם שמן זית ועש,גרמים,250.00,100 גרם,false,,11.90,4.7600,true,1,196464
7290110555092,false,לאבנה עם שמן זית וצ'ילי שטראוס 250 גרם,"מחלבות בר בכפר בע""\מ",IL,לאבנה עם שמן זית וצ',גרמים,250.00,100 גרם,false,,11.90,4.7600,true,1,196465
7290110555146,false,מעדן הגולן בטעם מוקה125ג,"שטראוס בריאות בע""\מ",IL,מעדן הגולן בטעם מוקה,גרמים,125.00,100 גרם,false,,3.20,2.5600,true,1,201153
7290110555795,false,נסקפה קפוצ'ינו פחית קלאסי 200 ג' עלית,מוקטה אס.פי.,PL,קפוצ'ינו פחית קלאסי,גרמים,200.00,100 גרם,false,,22.90,11.4500,true,1,201221
7290110556242,false,עלית - שוקולד מריר פרווה בדץ 100 גרם,"שטראוס גרופ בע""מ.",FR,פרה שוק.מריר 100ג,גרמים,100.00,100 גרם,false,,5.90,5.9000,true,1,200555
7290110557027,false,חומוס עשיר 50% טחינה גולמית 400 ג' אחלה,מיוצר עי קונדיטוריית,IL,חומוס הסדרה 50% טחינ,גרמים,400.00,100 גרם,false,,13.90,3.4750,true,1,189095
7290110557102,false,מעדן חלב עם שוקולד מועשר בחלבון 150 ג' שטראוס,מיוצר עי קונדיטוריית,IL,מעדן חלב עם שוקולד מ,גרמים,150.00,100 גרם,false,,5.90,3.9333,true,1,186153
7290110557133,false,מעדן הגולן וניל 125 ג' שטראוס,מיוצר עי קונדיטוריית,IL,מעדן הגולן וניל 125,גרמים,125.00,100 גרם,false,,3.20,2.5600,true,1,187046
7290110557317,false,יוגורט בתוספת סידן וויטמין ד עם שיבולת שועל 100 ג' דנונה,תנובה מרכז שיתופי לש,IL,היוגורט הראשון שלי ש,גרמים,100.00,100 גרם,false,,2.90,2.9000,true,1,196467
7290110557478,false,חומוס גלילי במרקם ותיבול מעודן,"שטראוס גרופ בע""\מ",IL,חומוס גלילי 600 גרם,גרמים,600.00,100 גרם,false,,13.90,2.3167,true,1,195615
7290110557645,false,מאגדת חטיפים אנרג'י מיקס צימוקים חמוציות 100X4 גרם,קונסרב איטליה,GB,אנרג'י מיקס צימוקים,גרמים,100.00,100 גרם,false,,18.90,18.9000,true,1,198721
7290110558130,false,יוגורט אקטיביה עם שיבולת שועל ודבש 150 גרם,"שטראוס בריאות בע""\מ",IL,אקטיביה עם שיבולת שו,גרמים,150.00,100 גרם,false,,4.60,3.0667,true,1,197185
7290110558154,false,דנונה לייט אנד פרי עוגת תפוחים 150ג דנונה,"שטראוס בריאות בע""\מ",IL,דנונה לייט אנד פרי ע,גרמים,150.00,100 גרם,false,,4.60,3.0667,true,1,198737
7290110558215,false,"דנונה קראנצ`פיסטוק עם פיצפוץ לבן קראנצי פיסטוק, 173 גרם","שטראוס בריאות בע""\מ",IL,דנונה קראנצ' פיסטוק,גרמים,173.00,100 גרם,false,,4.50,2.6012,true,1,201156
7290110558239,false,"וואו יוגורט עם שכבה בטעם קראק פאי 5.4%, 150 ג דנונה","שטראוס בריאות בע""\מ",IL,קראק פאי WOW,גרמים,150.00,100 גרם,false,,4.50,3.0000,true,1,198732
7290110558253,false,דנונה שייק נונה ריפרש בננה אננס וצ'יה,"שטראוס בריאות בע""\מ",IL,דנונה ריפרש בננה אננ,גרמים,250.00,100 גרם,false,,5.90,2.3600,true,1,197186
7290110558284,false,דנונה ביו מולטי שטראוס 200 גרם,"שטראוס בריאות בע""\מ",IL,דנונה ביו מולטי 200,גרמים,200.00,100 גרם,false,,4.90,2.4500,true,1,198391
7290110558307,false,יוגורט דנונה PRO עם שיבולת שועל במתיקות מעודנת,"שטראוס בריאות בע""\מ",IL,דנונה פרו 20 גרם עם,גרמים,200.00,100 גרם,false,,6.90,3.4500,true,1,196369
7290110558314,false,דנונה פרו 20 גרם חלבון ללא סוכר פיסטוק 200 גרם,"שטראוס בריאות בע""\מ",IL,דנונה פרו 20 גרם ללא,גרמים,200.00,100 גרם,false,,5.90,2.9500,true,1,198738
7290110558338,false,יוגורט PRO בטעם מתיקות מעודנת 1.5% שומן,"שטראוס בריאות בע""\מ",IL,דנונה פרו 25 גרם חלב,גרמים,200.00,100 גרם,false,,6.90,3.4500,true,1,196370
7290110558741,false,"גמדים פאוץ תפוח בננה, 100 ג' שטראוס","שטראוס בריאות בע""\מ",IL,גמדים פאוץ תפוח בננה,גרמים,100.00,100 גרם,false,,5.90,5.9000,true,1,204660
7290110558918,false,עלי חסה קראנצ' שטופים,שטראוס בריאות ירקות טריי,IL,עלי חסה קראנצ' שטופי,גרמים,150.00,100 גרם,false,,10.10,6.7333,true,1,198750
7290110559007,false,"שועועית חומה טעם הטבע קופסה, 380 גרם",קונסרב איטליה,IT,שעועית חומה 380ג שטר,גרמים,380.00,100 גרם,false,,6.90,1.8158,true,1,198728
7290110559014,false,שעועית שחורה מבושלת טעם הטבע 380 גרם,קונסרב איטליה,IT,שעועית שחורה 380ג שט,גרמים,380.00,100 גרם,false,,6.90,1.8158,true,1,198730
7290110560300,false,"הפריכיות הטעימות חומוס, עדשים שחורות, קינואה ופלפל שחור",אנרג'י Energy - שטראוס,IL,פריכיות חומוס אורז ע,Unknown,0.00,יחידה,false,,5.90,0.0000,true,1,132698
7290110560317,false,"הפריכיות הטעימות חומוס, עדשים שחורות, קינואה ומלח ים","פרח תעשיו מזון בע""מ",IL,פריכיות חומוס אורז,Unknown,0.00,יחידה,false,,5.90,0.0000,true,1,132699
7290110560324,false,"הפריכיות הטעימות תפו""א, אורז, אפונה ומלח ים","פרח תעשיו מזון בע""מ",IL,פריכיות תפוחי אדמה,Unknown,0.00,יחידה,false,,5.90,0.0000,true,1,132700
7290110560836,false,"מילקי טעם פסק זמן שטראוס 133 מ""ל",מיוצר עי קונדיטוריית,IL,מעדן חלב בטעם פסק זמ,,170.00,100 מל,false,,2.90,0.0171,true,1,140292
7290110561352,false,דנונה יוגורט ביו פרוביוטי 3% דל לקטוז 150ג',"שטראוס בריאות בע""\מ",IL,דנונה טבעי דל לקטוז,גרמים,200.00,100 גרם,false,,3.50,1.7500,true,1,140311
7290110561604,false,מארז 8 יחידות מעדן גמדים בטעם תות בננה,"שטראוס בריאות בע""\מ",IL,גמדים תות בננה מעורב,גרמים,800.00,100 גרם,false,,19.90,2.4875,true,1,140321
7290110563431,false,"משקה קפה קר בסגנון קלאסי 230 מ""ל 1.6% יוטבתה",האי נאם סי או אל.טי.,AT,משקה קפה קר בסגנון ק,,230.00,100 מל,false,,7.90,0.0343,true,1,140324
7290110563448,false,"משקה קפה קר בסגנון מעודן 230 מ""ל 1.6% יוטבתה",האי נאם סי או אל.טי.,AT,משקה קפה קר בסגנון מ,,230.00,100 מל,false,,7.90,0.0343,true,1,140325
7290110563462,false,חלב 2% דל לקטוז בבקבוק יטבתה 1 ליטר.,מחלבת יטבתה,IL,חלב מועשר נטול לקטוז,,1000.00,100 מל,false,,8.90,0.0089,true,1,140327
7290110564339,false,חומוס אחלה הסידרה המובחר 30% טחינה 400 גר',מיוצר עי קונדיטוריית,IL,חומוס מהסדרה המובחרת,גרמים,400.00,100 גרם,false,,13.90,3.4750,true,1,140334
7290110564360,false,חומוס אחלה הסידרה המובחר 40% טחינה 400 גר',מיוצר עי קונדיטוריית,IL,חומוס מהסדרה המובחרת,גרמים,400.00,100 גרם,false,,13.90,3.4750,true,1,140335
7290110564414,false,חומוס אחלה הסידרה המובחר 30% טחינה 600 גר',מיוצר עי קונדיטוריית,IL,חומוס הסדרה המובחרת,גרמים,600.00,100 גרם,false,,15.90,2.6500,true,1,140339
7290110564742,false,"משקה קפה קר בסגנון חזק 230 מ""ל 1.2% יוטבתה",האי נאם סי או אל.טי.,AT,משקה קפה קר יטבתה אי,,230.00,100 מל,false,,7.90,0.0343,true,1,140345
7290110564919,false,דנונה מעודן ללא סוכר החזרות 150 גר,מיוצר עי קונדיטוריית,IL,דנונה מתיקות מעודנת,גרמים,150.00,100 גרם,false,,3.90,2.6000,true,1,156289
7290110565435,false,"לימבו ג'לי פטל 125 גרם חלבי ""שטראוס""","שטראוס גרופ בע""\מ",IL,לימבו קינוח ג'לי בטע,גרמים,125.00,100 גרם,false,,2.00,1.6000,true,1,140350
7290110565527,false,יוגורט PRO פרו 1.5% 20 גרם חלבון בגביע,"שטראוס בריאות בע""מ",IL,דנונה פרו לבן 20 גרם,גרמים,200.00,100 גרם,false,,5.90,2.9500,true,1,140352
7290110565572,false,מארז קפה טורקי עלית לדרך עם הל 168 גרם,שטראוס קפה בי.וי.,IL,מארז טורקי לדרך עם ה,גרמים,168.00,100 גרם,false,,22.90,13.6310,true,1,132731
7290110566043,false,יוגורט 4.5% שומן 3 ל' שטראוס,"מחלבות בר בכפר בע""מ",IL,שטראוס יוגורט כד 3 ק,,3.00,קג,false,,27.90,9.3000,true,1,140354
7290110566623,false,קפסולות קולומביה עלית 08 למכונת נספרסו מארז 5X10ג',שטראוס קפה בי.וי.,IL,קפסולות 100% קולומבי,Unknown,0.00,יחידה,false,,16.90,0.0000,true,1,132745
7290110566975,false,דנונה פרו יוגורט 0% תות עשיר בחלבון 200ג',"שטראוס בריאות בע""\מ",IL,דנונה פרו תות 20 גרם,גרמים,200.00,100 גרם,false,,5.90,2.9500,true,1,140360
7290110568238,false,"קצפת צמחית 21% שומן 250 מ""ל יוטבתה",מחלבת יטבתה,IL,קצפת צמחית במתיקות מ,,250.00,100 מל,false,,7.90,0.0316,true,1,140368
7290110568276,false,משקה וניל פרו Pro מועשר בחלבון 1.5%,מחלבת יטבתה,DE,משקה וניל עם חלבון ח,,350.00,100 מל,false,,6.90,0.0197,true,1,140369
7290110568511,false,קונפיטורית פירות יער במתיקות מעודנת 265 גר' יד מרדכי,קריות זול,IL,יד מרדכי קונפיטורת פ,גרמים,265.00,100 גרם,false,,13.90,5.2453,true,1,132774
7290110568559,false,דוריטוס עלית מארז חמוץ חריף 10 יח' *25 ג',"שטראוס פריטו ליי בע""מ )פ",IL,מארז דוריטוס חמוץ חר,גרמים,250.00,100 גרם,false,,14.90,5.9600,true,1,133043
7290110568566,false,דוריטוס גריל עלית מארז 10 יח' *25 ג',"שטראוס פריטו ליי בע""מ )פ",IL,מארז דוריטוס גריל 25,גרמים,250.00,100 גרם,false,,14.90,5.9600,true,1,133044
7290110568627,false,עלית - פסק זמן רול שוקולד חלב עם קרם אגוזים 26 גרם,שולן צ'\יקולטה גידה סאן.,TR,פסק זמן ROLL שוקולד,Unknown,0.00,יחידה,false,,3.90,0.0000,true,1,202336
7290110568924,false,עלית - פסק זמן רול שוקולד חלב עם קרם חלב וקוקוס 26 גרם,שולן צ'\יקולטה גידה סאן.,TR,פסק זמן רול שוקולד ח,Unknown,0.00,יחידה,false,,3.90,0.0000,true,1,202343
7290110570125,false,"משקה קפה קר בטעם אייריש קרים230 מ""ל יוטבתה",אנסטל מילק kg,AT,משקה קפה קר בטעם איי,,230.00,100 מל,false,,7.90,0.0343,true,1,201148
7290110570224,false,"משקה קפה קר בטעם עוגיות יטבתה 230 מ""ל",אנסטל מילק kg,AT,משקה קפה קר בטעם עוג,,230.00,100 מל,false,,7.90,0.0343,true,1,198744
7290110570880,false,פולי אספרסו עשירים וארומטיים עוצמה 14 עלית 250 גרם,,IL,פולי אספרסו עשירים ו,גרמים,250.00,100 גרם,false,,24.90,9.9600,true,1,196457
7290110571184,false,עדשים חומות 380 גר שטראוס טעם הטבע,קונסרב איטליה,IT,עדשים חומות 380ג שטר,גרמים,380.00,100 גרם,false,,6.90,1.8158,true,1,198729
7290110571382,false,מעדן חלב בטעם וניל מעושר בחלבון 150 ג' שטראוס,"שטראוס בריאות בע""\מ",IL,מעדן חלב עם וניל מוע,גרמים,150.00,100 גרם,false,,5.90,3.9333,true,1,195441
7290110571481,false,פחית קפה נמס קמפיין משפטים 200 גרם 2022,שטראוס קפה בי.וי,IL,קפה נמס קמפיין משפטי,גרמים,200.00,100 גרם,false,,19.90,9.9500,true,1,198387
7290110572129,false,כיף כף מקלות שוקולד לבן 40 ג' עלית,סולן בעבור שטראוס,TR,כיף כף מקלות שוקולד,Unknown,0.00,יחידה,false,,5.90,0.0000,true,1,201121
7290110572884,false,"קפסולות קפה מספר 20 למכונת אספרס אספרסו, 50 גרם",שטראוס קפה בי.וי.,IL,עלית קפסולות 20 למכו,Unknown,0.00,יחידה,false,,19.90,0.0000,true,1,201127
7290110572969,false,כיף כף פצפצים עקרם לבן 40ג' עלית,שולן צ'\יקולטה גידה סאן.,TR,כיף כף פצפצים במילוי,Unknown,0.00,יחידה,false,,5.90,0.0000,true,1,198797
7290110572976,false,כיף כף פצפצים בגביע במילוי קרם בטעם שוקולד לבן,שולן צ'\יקולטה גידה סאן.,TR,כיף כף פצפצים קרם לב,גרמים,135.00,100 גרם,false,,10.90,8.0741,true,1,198724
7290110574413,false,עלית - פופקורן בטעם טעמי 70 גרם,סראנו בעבור שטראוס,קפריסין,פופקורן בטעם טעמי 70,Unknown,0.00,יחידה,false,,7.90,0.0000,true,1,201216
7290110574420,false,עלית - פופקורן בטעם פסק זמן 70 גרם,סראנו בעבור שטראוס,קפריסין,פופקורן בטעם פסק זמן,Unknown,0.00,יחידה,false,,7.90,0.0000,true,1,201217
7290110576318,false,מאגדת שלישיית שוקולד אגוז לבן 300 ג' עלית,סמואה,FR,מאגדת שלישיית אגוז ש,Unknown,0.00,יחידה,false,,29.90,0.0000,true,1,200514
7290110576370,false,מארז שלישייה שוקולד מריר חלבי עם אגוזי לוז,סמואה,FR,מאגדת שלישיית אגוז ש,Unknown,0.00,יחידה,false,,29.90,0.0000,true,1,200516
7290110576752,false,טבלאות שוקולד ספלנדיד מריר 70% 100 ג' עלית,קימ'ס גריפלנן,BE,ספלנדיד מריר 70 %,Unknown,0.00,יחידה,false,,10.00,0.0000,true,1,201144
7290110576776,false,טבלאות שוקולד ספלנדיד מריר 85% 100 ג' עלית,קימ'ס גריפלנן,BE,ספלנדיד מריר 85% 100,גרמים,100.00,100 גרם,false,,10.00,10.0000,true,1,201145
7290110576790,false,גבינת סקי 3% בטעם מוקה 125 גרם,"שטראוס בריאות בע""\מ",IL,סקי בטעם מוקה 125 גר,גרמים,125.00,100 גרם,false,,3.90,3.1200,true,1,201150
7290110576851,false,מארז שמינייה גמדים לשתייה בטעם סלט פירות,"שטראוס בריאות בע""\מ",IL,גמדים לשתיה סלט פירו,מיליליטרים,800.00,"100 מ""ל",false,,20.00,2.5000,true,1,201154
7290110577711,false,"משקה שייק חלבון מי גבינה עם אפרסק ומנגו350מ""ל יטבתה",מחלבת יטבתה,IL,שייק חלבון מי גבינה,מיליליטרים,350.00,"100 מ""ל",false,,7.90,2.2571,true,1,204663
7290110577728,false,"משקה שייק חלבון מי גבינה עם פירות יער 350מ""ל יטבתה",מחלבת יטבתה,IL,שייק חלבון מי גבינה,מיליליטרים,350.00,"100 מ""ל",false,,7.90,2.2571,true,1,204664
7290110808204,false,פרולטה קרם ידיים אבוקדו 100מ'ל,,IL,פרולטה קרם ידיים אבו,Unknown,0.00,יחידה,false,,8.90,0.0000,true,1,159809
7290110854508,false,שידת יופי שולחנית פר,,,שידת יופי שולחנית פר,Unknown,0.00,יחידה,false,,99.90,0.0000,true,1,194606
7290110854683,false,משחק מים מיקי,,,משחק מים מיקי,Unknown,0.00,יחידה,false,,12.90,0.0000,true,1,194609
7290110854928,false,סט יופי פרוזן 2,,,סט יופי פרוזן 2,Unknown,0.00,יחידה,false,,29.90,0.0000,true,1,194614
7290111091513,false,קוויק XLלניקוי שירותים ואמבטיה - בריח לוונדר 40 יח,די.פי.אל,IL,קוויק XL לאמבטיה ושי,Unknown,0.00,יחידה,false,,8.90,0.0000,true,1,129411
7290111092985,false,מארז מגבונים לחים בייביסיטר ללא בישום רביעייה,,IL,מגבונים בייביסיטר 66,Unknown,0.00,יחידה,false,,14.90,0.0000,true,1,198390
7290111093142,false,קרם ידיים וניל מעודן 100 מל DR OR,אמיליה,IL,קרם ידיים אנטי אייגי,Unknown,0.00,יחידה,false,,12.90,0.0000,true,1,158481
7290111093470,false,"קוויק מסיר הפלא ספוגית להסרת כתמים, 3 יחידות",,CN,קוויק מסיר הפלא ספוג,Unknown,0.00,יחידה,false,,10.90,0.0000,true,1,197161
7290111093760,false,קוויק מטליות לחות לניקוי רצפות ניחוח מרכך כביסה 10 יחידות,די.פי.אל,IL,מגב' קוויק לניקוי רצ,Unknown,0.00,יחידה,false,,11.90,0.0000,true,1,194144
7290111093982,false,"טרופיקל תחליב רחצה פסיפלורה ואינקה אינצ'י 700 מ""ל דר' עור","אמיליה קוסמטיקס בע""\מ",IL,דר עור טרופיקל תחליב,מיליליטרים,700.00,"100 מ""ל",false,,12.90,1.8429,true,1,200033
7290111094613,false,מגבונים לניקוי משקפיים 10 יח' I-CARE,נאופארם,IL,מגבון לניקוי משקפיים,Unknown,0.00,יחידה,false,,7.90,0.0000,true,1,158498
7290111096921,false,קוויק מגבונים לניקוי כללי בתוספת חומץ ומלח לימון 50 יח',די.פי.אל,IL,קוויק 50 מטליות לניק,Unknown,0.00,יחידה,false,,8.90,0.0000,true,1,186858
7290111097041,false,מגבוני בייביסיטר מבושמים 66*8,קיבוץ עמיר dpl,IL,מגבונים בייביסיטר שמ,Unknown,0.00,יחידה,false,,24.90,0.0000,true,1,184837
7290111097546,false,קוויק מגבונים 99.9% לניקוי כללי למשטחים בניחוח מרכך כביסה 50 יחידות,די.פי.אל,IL,מגב' קוויק ניקוי כלל,Unknown,50.00,יחידה,false,,8.90,0.1780,true,1,194145
7290111097836,false,קוויק מגבונים 99.9% דוחה אבק למשטחים בניחוח מרכך כביסה 50 יחידות,די.פי.אל,IL,מגב' קוויק דוחה אבק,Unknown,50.00,יחידה,false,,8.90,0.1780,true,1,194146
7290111289453,false,סט משאבה עם בלונים כ,,,סט משאבה עם בלונים כ,Unknown,0.00,יחידה,false,,15.00,0.0000,true,1,129098
7290111340178,false,מטליות לחות ניקול לניקוי כללי בניחוח מרכך כביסה 50 יח',חוגלה קימברלי,IL,מטליות לחות חד פעמיו,Unknown,50.00,יחידה,false,,10.90,0.2180,true,1,119186
7290111340185,false,מטליות לחות רצפה ניחוח מרכך כביסה ניקול 10 יחידות,חוגלה קימברלי,IL,ניקול מטליות לחות לר,Unknown,10.00,יחידה,false,,10.90,1.0900,true,1,111357
7290111340956,false,ניקול מטליות לחות לרצפה בניחוח פריחה לבנה,חוגלה קימברלי,IL,ניקול מטליות לחות לר,Unknown,0.00,יחידה,false,,11.90,0.0000,true,1,119189
7290111341359,false,רדיד אלומיניום+סכין חיתוך ניקול 60 מטר,"אופל בע""\מ",IL,ניקול רדיד אלומניום,Unknown,150.00,יחידה,false,,44.90,0.2993,true,1,119190
7290111341816,false,נייר אפייה ניקול עם סליידר 22 מ,אופל,IL,ניקול נייר אפיה עם ס,Unknown,0.00,יחידה,false,,24.90,0.0000,true,1,119194
7290111341984,false,לילי - מגבוני נייר טואלט לח פיור רביעייה,קימברלי,IL,לילי לח PURE מארז רב,Unknown,0.00,יחידה,false,,22.90,0.0000,true,1,119196
7290111341991,false,מגבוני טואלט לח סופרים לילי 48 יח',חוגלה קימברלי,IL,לילי מגבונים לחים סו,Unknown,0.00,יחידה,false,,6.90,0.0000,true,1,119197
7290111342004,false,נייר טואלט לילי לח קידס 56 דפים,חוגלה קימברלי,IL,לילי מגבונים לחים קי,Unknown,0.00,יחידה,false,,6.90,0.0000,true,1,119198
7290111342042,false,ניקול כריות יפניות אנטיבקטריאלי 4 יחידות,פלסטו פוליש,IL,כריות יפניות אנטיבקט,Unknown,0.00,יחידה,false,,10.90,0.0000,true,1,119199
7290111342059,false,50 מטליות מיקרופייבר לשטחים אנטיבקטריאלי ניקול,ניקול,IL,ניקול מטליות לחות אנ,Unknown,0.00,יחידה,false,,10.90,0.0000,true,1,119200
7290111342738,false,לילי - מגבוני נייר טואלט לח קידס רביעייה,לילי נייר טואלט חוגלה,IL,מארז לילי לח KIDS רב,Unknown,0.00,יחידה,false,,22.90,0.0000,true,1,119207
7290111343117,false,"קלינקס לושן סופט פק זוגות 140 דף ""חדש""",קימברלי קלארק,IL,קלינקס לושן סופט פק,Unknown,0.00,יחידה,false,,13.90,0.0000,true,1,167595
7290111343841,false,ספוגית הקסם נירוסטה - מארז 3 יחידות,ניקול,CN,ספוגית הקסם ניורסטה,Unknown,0.00,יחידה,false,,10.90,0.0000,true,1,164674
7290111343858,false,ניקול מטליות לחות לרצפה אנטיבקרטריאלי 10 יחידות,עלבד משואות יצחק,IL,מטליות לחות לניקוי ו,Unknown,0.00,יחידה,false,,10.90,0.0000,true,1,160267
7290111344138,false,"מטליות ניקול רב""ש אנטיבקטריאליות 6 יח",נ.אורים,IL,מטליות רב שימושיות,Unknown,0.00,יחידה,false,,10.90,0.0000,true,1,160274
7290111344459,false,קוטוקס תחבושות נייט אקסטרא לונג 20 יח',חוגלה קימברלי,CN,תחבושת קוטקס נייט רק,Unknown,0.00,יחידה,false,,18.90,0.0000,true,1,182356
7290111344503,false,חיתולי האגיס אקסטרה קייר מידה +4 36 יח',חוגלה קימברלי,IL,האגיס אקסטרה קר מידה,Unknown,0.00,יחידה,false,,49.90,0.0000,true,1,182355
7290111344527,false,ניקול שקיות אשפה XXL לפחים ענקיים 20 יחי,קימברלי קלארק,IL,ניקול שקיות אשפה XXL,Unknown,0.00,יחידה,false,,22.90,0.0000,true,1,170447
7290111344565,false,ניקול שקיות זיפר מארז משולב מידות,taizhou inter packin,CN,שקיות דאבל זיפר,Unknown,0.00,יחידה,false,,13.90,0.0000,true,1,198527
7290111344626,false,מגבות מטבח אנטיבקריאליות,,IL,ניקול 2 מגבות מטבח א,Unknown,0.00,יחידה,false,,21.90,0.0000,true,1,173576
7290111344701,false,ניקול שקיות אוכל סנדויצון מניונים 250 יחידות,חוגלה קימברלי,IL,ניקול סנדוויצ'ון שקי,Unknown,250.00,יחידה,false,,11.90,0.0476,true,1,200029
7290111344732,false,קלינקס - טיישו אלרג'י קומפורט ניילון זוגות 140 דף,קימברלי קלארק,IL,קלינקס בעל ספיגת מרב,Unknown,0.00,יחידה,false,,11.90,0.0000,true,1,177856
7290111344824,false,מגן תחתון קוטקס אקסטרא אנטיבקטריאלי לארג',חוגלה,CN,מגן תחתון קוטקס אנטי,Unknown,0.00,יחידה,false,,19.90,0.0000,true,1,189880
7290111344831,false,קוטקס - מגיני יום אקסטרא פרוטקט נורמל ביג 60 יח',חוגלה קימברלי,CN,מגן תחתון קוטקס אקסט,Unknown,0.00,יחידה,false,,19.90,0.0000,true,1,189878
7290111344855,false,קוטקס - מגיני יום אקסטרא פרוטקט לארג' ביג 52 יח',חוגלה קימברלי,CN,מגן תחתון קוטקס אקסט,Unknown,0.00,יחידה,false,,19.90,0.0000,true,1,189879
7290111344879,false,קוטקס מגיני תחתון 2IN1 מחזור+שתן 44 יחיד,חוגלה,CN,מגן תחתון קוטקס 2 ב-,Unknown,0.00,יחידה,false,,19.90,0.0000,true,1,189881
7290111345050,false,כריות מיקרופייבר ניקול לניקוי עדין,ניקול,CN,כרית מיקרופייבר דו צ,Unknown,1.00,יחידה,false,,13.90,13.9000,true,1,187261
7290111345753,false,תחבושות נטורל דואו נורמל 24 יח' קוטקס,קריות זול,CZ,תחבושת קוטקס נורמל ד,Unknown,0.00,יחידה,false,,18.90,0.0000,true,1,193234
7290111345760,false,תחבושות נטורל דואו סופר 18 יח' קוטקס,קריות זול,CZ,תחבושת קוטקס נורמל ד,Unknown,0.00,יחידה,false,,18.90,0.0000,true,1,193235
7290111345777,false,תחבושת קוטקס כותנה לילה 16 יח' קוטקס,קריות זול,CZ,תחבושת קוטקס נורמל ד,Unknown,0.00,יחידה,false,,18.90,0.0000,true,1,193236
7290111345982,false,ניקול דפי ספוגית הקסם 10 יחידות,חוגלה קימברלי,IL,דפי ספוגית הקסם,Unknown,0.00,יחידה,false,,10.90,0.0000,true,1,194177
7290111346088,false,נייר טואלט מולט דו שכבתי 30 גל,חוגלה קימברלי,IL,מולט נייר טואלט דו ש,Unknown,0.00,יחידה,false,,29.90,0.0000,true,1,196791
7290111346125,false,מארז שלישייה מגבוני דיילי קר ללא בישום *56 יח' האגיס,קימברלי,IL,מגבוני האגיס דיילי ק,Unknown,0.00,יחידה,false,,15.90,0.0000,true,1,197371
7290111346132,false,מארז שלישייה מגבוני סנסטיב קר ללא בישום *56 יח' האגיס,עלבד,IL,מגבוני האגיס סנסטיב,Unknown,0.00,יחידה,false,,15.90,0.0000,true,1,197372
7290111346293,false,מגבת נייר ניקול 6 יחידות מהדורה חגיגית,קימברלי קלארק,IL,מגבות נייר ניקול 6 ג,Unknown,0.00,יחידה,false,,11.90,0.0000,true,1,196792
7290111346347,false,ממחטות אף קלינקס טישו אורגינל מארז חמישייה,קימברלי קלארק,IL,קלינקס אוריגינל אף נ,Unknown,5.00,יחידה,false,,15.90,3.1800,true,1,198578
7290111350030,false,רסק תפוחי עץ טבעי בצנצנת 670 גרם קלית גת,"ג'י אנד ג'י בע""מ",IL,רסק תפוחי עץ טבעי 67,גרמים,670.00,100 גרם,false,,12.90,1.9254,true,1,121108
7290111350665,false,קליית גת דבש לחיץ טהור מפרחי בר 350 גרם,חקלאות עין חרוד מאוח,IL,דבש טהור לחיץ קליית,גרמים,350.00,100 גרם,false,,21.90,6.2571,true,1,121128
7290111350672,false,"דבש טהור מפרחי בר ""קליית גת"" 700 גרם",חקלאות עין חרוד מאוח,IL,דבש טהור צנצנת קליית,גרמים,700.00,100 גרם,false,,34.90,4.9857,true,1,121129
7290111350719,false,חטיף נאצוס הוטפופ בסגנון מסעדות 322 גר,ליימן מותגים,US,נאצוס חטיף תירס בסגנ,גרמים,322.00,100 גרם,false,,15.90,4.9379,true,1,121132
7290111350726,false,חטיף נאצוס הוטפופ בסגנון מקסיקני 322 גר,ליימן מותגים,US,נאצוס חטיף מתירס צהו,גרמים,322.00,100 גרם,false,,15.90,4.9379,true,1,121133
7290111352508,false,סילאן טבעי לחיץ קליית גת 840 גרם,"ששון ושות' בע""מ",IL,סילאן 100% תמרים טבע,גרמים,840.00,100 גרם,false,,21.90,2.6071,true,1,166894
7290111352959,false,מקלות חמוצים ממולאים בטעם פירות 80 גר' יוגטה,יוגטה yogueta,TR,יוגטה מקלות חמוצים ב,Unknown,0.00,יחידה,false,,4.90,0.0000,true,1,164349
7290111352966,false,יוגטה סוכריות ממולאות בטעם פירות 250 גרם ללא ג'לטין,ליימן שליסל,TR,סוכריות גומי ממולאות,גרמים,250.00,100 גרם,false,,5.90,2.3600,true,1,164350
7290111353376,false,מארז 100 סוכריות מנטוס שמחות בטעם מנטה 250 גרם,פרפטי ואן מלה ברדה,NL,סוכריות מנטוס שמחות,גרמים,250.00,100 גרם,false,,13.90,5.5600,true,1,169143
7290111353383,false,מארז 100 סוכריות מנטוס שמחות בטעם תות 250 גרם,פרפטי ואן מלה ברדה,NL,סוכריות מנטוס שמחות,גרמים,250.00,100 גרם,false,,13.90,5.5600,true,1,169144
7290111353550,false,חמאת בוטנים טבעית קליית גת 300 גרם,J&G קיסריה,IL,חמאת בוטנים טבעית 30,גרמים,300.00,100 גרם,false,,15.90,5.3000,true,1,170229
7290111353567,false,ממרח שקדים טבעי קליית גת 300 גרם,J&G קיסריה,IL,ממרח שקדים 300 גרם,גרמים,300.00,100 גרם,false,,35.90,11.9667,true,1,170232
7290111534010,false,פס גבינה שמנת פירורים קפולסקי 400 גרם,תופינים מקבוצת קפולסקי,IL,קפולסקי פס גבינה שמנ,גרמים,450.00,100 גרם,false,,39.90,8.8667,true,1,148368
7290111564239,false,שלגוני קראנץ' Crunch בטעם וניל - 5 יח',גלידות נסטלה )נגה גלידות,IL,מיני קראנץ' וניל 5 י,Unknown,0.00,יחידה,false,,27.90,0.0000,true,1,158142
7290111564277,false,פריכיות דקות ונימוחות 3 דגנים פיטנס Fitness,פרח תעשיות בעמ,IL,פיטנס פריכיות 3 דגני,גרמים,120.00,100 גרם,false,,11.90,9.9167,true,1,127303
7290111564291,false,פריכיות דקות ונימוחות 3 דגנים וקינואה פיטנס Fitness,פרח תעשיות בעמ,IL,פיטנס פריכיות דקות ע,גרמים,120.00,100 גרם,false,,11.90,9.9167,true,1,127304
7290111564666,false,כדורי בשר צמחוניים עם המון חלבון,עיצובים 2020 (4.8),IL,טבעול כדורי בשר מן ה,גרמים,500.00,100 גרם,false,,29.90,5.9800,true,1,127311
7290111564727,false,עוגיות אסם קרמוגית וקרם אגוזים אסם 200ג',מיוצר עי קונדיטוריית,IL,אסם קרמוגית במילוי ק,גרמים,200.00,100 גרם,false,,11.90,5.9500,true,1,127314
7290111565038,false,"לה קרמריה וניל קוקילידה בד""צ 1.4 ל'",גלידות נסטלה )נגה גלידות,IL,לה קרמריה וניל קוקיל,Unknown,0.00,יחידה,false,,19.90,0.0000,true,1,158133
7290111566127,false,מעדן אוראו קפוא בטעם וניל עם עוגיות בטעם שוקולד,ג'נרל מילס סאן אדריא,IT,אוראו מיני סנדווץ' 6,Unknown,0.00,יחידה,false,,21.90,0.0000,true,1,158143
7290111566240,false,שניצל דק מן הצומח בטעם צ'ילי חריף 700 גרם,עיצובים 2020 (4.8),IL,טבעול שניצל דק בטעם,גרמים,564.00,100 גרם,false,,29.90,5.3014,true,1,127345
7290111566318,false,שניצל דק מן הצומח בטעם ביתי 700 גרם,עיצובים 2020 (4.8),IL,טבעול שניצל דק מן הצ,גרמים,564.00,100 גרם,false,,29.90,5.3014,true,1,127348
7290111566547,false,טבעול חזה בגריל צמחוני 99 קלוריות 560ג',עיצובים 2020 (4.8),IL,טבעול חזה בגריל צמחו,גרמים,560.00,100 גרם,false,,29.90,5.3393,true,1,127355
7290111566585,false,"שניצל צמחוני 99 קלוריות 650 גר' ""טבעול""",עיצובים 2020 (4.8),IL,טבעול שניצל צמחוני 9,גרמים,650.00,100 גרם,false,,29.90,4.6000,true,1,127357
7290111566691,false,"שניצל תרד 99 קלוריות 560 גרם ""טבעול""",עיצובים 2020 (4.8),IL,טבעול שניצל תרד 99 ק,גרמים,560.00,100 גרם,false,,29.90,5.3393,true,1,127360
7290111566714,false,טבעול המבורגר צמחוני 99 קלוריות 600 גרם,עיצובים 2020 (4.8),IL,טבעול המבורגר צמחוני,גרמים,600.00,100 גרם,false,,29.90,4.9833,true,1,127361
7290111566752,false,טבעול שניצל תירס 99 קלוריות 693 גרם,עיצובים 2020 (4.8),IL,טבעול שניצל תירס 99,גרמים,693.00,100 גרם,false,,29.90,4.3146,true,1,127363
7290111566776,false,"נקניקיות קוקטייל מן הצומח 680 גרם ""טבעול""",עיצובים 2020 (4.8),IL,טבעול נקניקיות קוקטי,גרמים,680.00,100 גרם,false,,29.90,4.3971,true,1,127364
7290111568206,false,"מיקס ביסלי, אפרופו ופיצוחים מתובלים",פרו מן יו פתרונות אר,IL,ביסלי פארטי מיקס 24*,גרמים,150.00,100 גרם,false,,9.90,6.6000,true,1,180482
7290111568466,false,רוטב אסייתי למוקפץ הסדרה האסייתית,אסיף תעשיות מזון בעמ,IL,אסם רוטב אסיאתי למוק,גרמים,360.00,100 גרם,false,,15.90,4.4167,true,1,127388
7290111568961,false,בייגלה טבעות מלח אסם 400 גרם,אסם,IL,אסם בייגלה טבעות מלח,גרמים,400.00,100 גרם,false,,10.90,2.7250,true,1,127396
7290111874154,false,שקית 10 מודפס לבבות,,,שקית 10 מודפס לבבות,Unknown,0.00,יחידה,false,,10.00,0.0000,true,1,129135
7290111874307,false,כובעים ליום הולדת 6,,,כובעים ליום הולדת 6,Unknown,0.00,יחידה,false,,10.00,0.0000,true,1,167098
7290111930805,false,קראנצ'וס טעם ברביקיו 55 גר',קראנצ'וס,IL,קראנצוס ברביקיו 70 ג,Unknown,0.00,יחידה,false,,3.90,0.0000,true,1,128351
7290111930898,false,חטיף פוף כוכבים גריל אמריקאי 40 גרם,פוף POOF,IL,פוף כוכבים גריל אמרי,Unknown,0.00,יחידה,false,,3.90,0.0000,true,1,128360
7290111930904,false,חטיף פוף כוכבים בצל 40 גרם,פוף POOF,IL,פוף כוכבים בצל 40 גר,Unknown,0.00,יחידה,false,,3.90,0.0000,true,1,128361
7290111930911,false,חטיף פוף לבבות קלאסי 40 גרם,פוף POOF,IL,פוף לבבות קלאסי 40 ג,Unknown,0.00,יחידה,false,,3.90,0.0000,true,1,128362
7290111930928,false,חטיף פוף לבבות גריל 40 גרם,פוף POOF,IL,פוף לבבות רגיל 40 גר,Unknown,0.00,יחידה,false,,3.90,0.0000,true,1,128363
7290111930935,false,חטיף פוף טבעות קלאסי 40 גרם,פוף POOF,IL,פוף לבבות קלאסי 40 ג,Unknown,0.00,יחידה,false,,3.90,0.0000,true,1,128364
7290111932380,false,"מרידול משחת שיניים מארז 75X2מ""ל כשל""פ",GABA LOER GER,PL,מרידול מארז זוג 75 מ,Unknown,0.00,יחידה,false,,29.90,0.0000,true,1,128379
7290111932502,false,"משחת שיניים קולגייט אופטיק וייט אקספרט וויט 75 מ""ל",קולגייט Colgate,MX,קולגייט אופטיק ווייט,מיליליטרים,75.00,"100 מ""ל",false,,29.90,39.8667,true,1,128381
7290111933462,false,"רוטב צילי מתוק מאסטר שף 300 מ""ל","סיטי פוד בע""מ",TH,מאסטר שף רוטב צילי מ,מיליליטרים,300.00,"100 מ""ל",false,,9.90,3.3000,true,1,128388
7290111933561,false,מאסטר שף תערובת ציפוי נגטס 250 גרם,טסט וסנט קו.לטד,TH,מנה תערובת ציפוי נגט,גרמים,250.00,100 גרם,false,,7.90,3.1600,true,1,128394
7290111935527,false,"קולגייט זוג משחת שיניים טוטל קלין מינט 100 מ""ל",קולגייט פלמוליב,PL,קולגייט טוטל קלין מי,Unknown,0.00,יחידה,false,,32.90,0.0000,true,1,128402
7290111935800,false,דאו ליידי ספיד סטיק דרמה ויטמין אי 45 גר,ליידי ספיד סטיק Lady Speed Stick,US,ליידי ספיד סטיק דרמה,Unknown,0.00,יחידה,false,,19.90,0.0000,true,1,128403
7290111935961,false,מאסטר שף מחית עגבניות 690 גרם כשלפ,פראנו אנריקו ופיגלי,IT,מאסטר שף מחית עגבניו,גרמים,690.00,100 גרם,false,,11.90,1.7246,true,1,128410
7290111935992,false,אטריות להקפצה מאסטר שף 350 גרם,לינגהאנג פוד,CN,מאסטר שף איטריות להק,גרמים,350.00,100 גרם,false,,10.90,3.1143,true,1,128412
7290111936296,false,"פלמוליב סבון נוזלי בניחוח סנסיישן מסאז' ,750 מ""ל",קולגייט פלמוליב,TR,פלמוליב ארומה סנסייש,מיליליטרים,750.00,"100 מ""ל",false,,19.90,2.6533,true,1,128416
7290111936784,false,פרי מארז חטיפים 5 יחידות תמרים ואגוזי לוז כשלפ,"טבעית מוצרים מהטבע בע""\מ",IL,פרי מארז חטיפים תמרי,Unknown,0.00,יחידה,false,,16.90,0.0000,true,1,128421
7290111937248,false,פרי מארז חטיפים 5 יחידות תמרים קשיו ונגיעות לוז כשלפ,"טבעית מוצרים מהטבע בע""\מ",IL,פרי מארז חטיפים תמרי,Unknown,0.00,יחידה,false,,16.90,0.0000,true,1,128425
7290111937255,false,פרי מארז חטיפים 5 יחידות תמרים בוטנים ואגוזי לוז כשלפ,"טבעית מוצרים מהטבע בע""\מ",IL,פרי מארז חטיפים תמרי,Unknown,0.00,יחידה,false,,16.90,0.0000,true,1,128426
7290111937262,false,מארז חמישיית חטיפי תמרים אגוזים ושברי קקאו פרי 125 גרם,"טבעית מוצרים מהטבע בע""\מ",IL,פרי מארז חטיפים תמרי,Unknown,0.00,יחידה,false,,16.90,0.0000,true,1,128427
7290111938481,false,"רוטב סויה בהירה מאסטר שף 300 מ""ל",מאסטר שף,TH,מאסטר שף רוטב סויה ב,מיליליטרים,300.00,"100 מ""ל",false,,9.90,3.3000,true,1,159329
7290111938498,false,"מנה אסייאתי רוטב סויה בהירה 700 מ""ל מ.שף",קי.אר.אס. ספייסי פוד,TH,מאסטר שף אסייאתי רוט,מיליליטרים,700.00,"100 מ""ל",false,,14.90,2.1286,true,1,128435
7290111939174,false,קוקי ניילון נצמד עם גומי מידה לארג,קוקי,CN,קוקי ניילון נצמד עם,Unknown,0.00,יחידה,false,,10.90,0.0000,true,1,110503
7290111939181,false,קוקי כיסוי ניילון עם גומי מיקס מידות,שסטוביץ,CN,קוקי ניילון נצמד עם,Unknown,0.00,יחידה,false,,10.90,0.0000,true,1,110504
7290111977817,false,סכומון אובלי ALU,,,סכומון אובלי ALU,Unknown,0.00,יחידה,false,,34.90,0.0000,true,1,192000
7290111979279,false,משטח ספיגה ליבוש כלים,,,משטח ייבוש כלים SILK,Unknown,0.00,יחידה,false,,10.00,0.0000,true,1,187657
7290112000156,false,"איירוויק מילוי מפיץ אדים אוטמטי לבנדר 20 מ""ל",איירוויק Air Wick,HU,אירוויק מילוי מפיץ א,Unknown,0.00,יחידה,false,,19.90,0.0000,true,1,201961
7290112000163,false,מילוי למפזר אדים בניחוח יסמין ואדמונית,איירוויק Air Wick,HU,איירויק מילוי מפיץ א,Unknown,0.00,יחידה,false,,19.90,0.0000,true,1,201960
7290112000385,false,מנקה ומחטא עוצמתי למטבח ללא אקונומיקה,רקיט בנקיזר,PL,דטול תרסיס למטבח 750,מיליליטרים,750.00,"100 מ""ל",false,,14.90,1.9867,true,1,111493
7290112000736,false,פיניש טבליות aio 80 יח אריזת חסכון,רקיט בנקיזר,PL,פיניש 80 טבליות AIO,,80.00,יחידו,false,,59.90,0.7487,true,1,134159
7290112000828,false,דטול - מגבונים חיטוי וניקוי אנטי בקטריאלי 60 יח',רקיט בנקיזר,PL,דטול מגבונים חיטוי א,,60.00,יחידו,false,,14.90,0.2483,true,1,134160
7290112000873,false,מטליות לחות לחדר האמבטיה מנקה ומחטא עוצמתי,רקיט בנקיזר,US,דטול מגבונים לאמבטיה,Unknown,60.00,יחידה,false,,12.90,0.2150,true,1,111499
7290112001221,false,מנקה מכונת כביסה בניחוח נקי ורענן,רקיט בנקיזר,PT,קולון מנקה מכונה רגי,,250.00,100 מל,false,,19.90,0.0796,true,1,134164
7290112001238,false,"מנקה מכונת כביסה קולון לימון 250 מ""ל",רקיט בנקיזר,ES,קולון מנקה מכונה לימ,,250.00,100 מל,false,,19.90,0.0796,true,1,134165
7290112001870,false,"סיליט באנג ספריי ניקוי אמבטיה 750 מ""ל",רקיט בנקיזר,PL,סיליט באנג אמבטיות 7,,750.00,100 מל,false,,13.90,0.0185,true,1,111501
7290112001900,false,פיניש ג'ל למדיח אקולוגי 1 ליטר,רקיט בנקיזר,PL,פיניש ג'ל 1 ליטר אקו,,1000.00,100 מל,false,,42.90,0.0429,true,1,134171
7290112002099,false,קולון גל כביסה מרוכז 2.5 ליטר קלאסי,רקיט בנקיזר,IL,קולון גל רגיל כחול 2,קילוגרמים,2.50,ליטר,false,,24.90,9.9600,true,1,111502
7290112002112,false,ג'ל כביסה קולון בניחוח ורדים 2.5 ליטר,רקיט בנקיזר,IL,קולון גל בניחוח ורדי,קילוגרמים,2.50,ליטר,false,,24.90,9.9600,true,1,111504
7290112002129,false,ג'ל כביסה מרוכז קולון 101 בניחוח פריחה מרענן,רקיט בנקיזר,IL,קולון גל בניחוח מרענ,קילוגרמים,2.50,ליטר,false,,24.90,9.9600,true,1,111505
7290112002136,false,ג'ל כביסה מרוכז קולון 101 קלאסי,רקיט בנקיזר,IL,קולון גל רגיל כחול 4,קילוגרמים,4.00,ליטר,false,,34.90,8.7250,true,1,134174
7290112002143,false,ג'ל כביסה מרוכז קולון 101 בניחוח לבנדר,רקיט בנקיזר,IL,קולון גל לילך סגול 4,קילוגרמים,4.00,ליטר,false,,34.90,8.7250,true,1,134175
7290112002150,false,ג'ל כביסה מרוכז קולון 101 בניחוח מאסק,רקיט בנקיזר,IL,קולון גל בניחוח ורדי,קילוגרמים,4.00,ליטר,false,,34.90,8.7250,true,1,134176
7290112002167,false,קולון ג'ל כביסה בניחוח פריחה מרענן ירוק 4 ליטר,רקיט בנקיזר,IL,קולון גל בניחוח פריח,קילוגרמים,4.00,ליטר,false,,34.90,8.7250,true,1,134177
7290112002457,false,דטול - שלישיית מגבונים לניקוי וחיטוי בניחוח לימון,רקיט בנקיזר,PL,דטול מגבונים חיטוי ו,,180.00,יחידו,false,,24.90,0.1383,true,1,169112
7290112003140,false,"אירוויק ספרי אוטמטי מילוי מנגו מרענן 250 מ""ל",RECKITT BENCKISER UK,GB,איירוויק פרשמטיק מי,,1.00,יחידו,false,,14.90,14.9000,true,1,187788
7290112003188,false,קולון קפסולות גל לכביסה 60 יחידות,רקיט בנקיזר,IT,קולון קפסולות ג'ל לכ,Unknown,0.00,יחידה,false,,56.90,0.0000,true,1,167574
7290112003232,false,אבקת כביסה בניחוח לבנדר קולון 5 ק''ג,זוהר דליה,IL,קולון אבקת כביסה לבנ,,5.00,קג,false,,39.90,7.9800,true,1,163727
7290112003249,false,אבקת כביסה בניחוח מאסק קולון 5 ק''ג,זוהר דליה,IL,קולון אבקת כביסה מאס,,5.00,קג,false,,39.90,7.9800,true,1,204674
7290112003515,false,איירוויק ספריי בוטינקה בניחוח ורדים וגרניום 236 מל,רקיט בנקיזר,PL,אירוויק ספריי ורדים,,236.00,100 מל,false,,19.90,0.0843,true,1,169787
7290112003522,false,איירוויק בוטניקה נר ריחני בניחוח אננס ור,רקיט בנקיזר,CN,אירוויק נר ריחני אננ,גרמים,205.00,100 גרם,false,,29.90,14.5854,true,1,169779
7290112003843,false,"קלגון גל אנטי בקטריאלי 750 מ""ל",רקיט בנקיזר,IT,קלגון ג'ל אנטי בקטר,,750.00,100 מל,false,,29.90,0.0399,true,1,180665
7290112003959,false,וניש מסיר כתמים אבקה לכביסה צבעונית 470 גרם,רקיט בנקיזר,IT,וניש מסיר כתמים אבקה,גרמים,470.00,100 גרם,false,,18.90,4.0213,true,1,183407
7290112003966,false,"אבקה להסרת כתמים לכביסה לבנה ""וניש גולד""",רקיט בנקיזר,IT,וניש מסיר כתמים אבקה,גרמים,470.00,100 גרם,false,,18.90,4.0213,true,1,183408
7290112004024,false,ג'ל מסיר כתמים לכביסה לבנה וניש אוקסי אקשן,קליה וניש Kalia Vanish,PL,"וניש גולד ג'ל 940 מ""",,940.00,100 מל,false,,16.90,0.0180,true,1,205039
7290112004031,false,ג'ל מסיר כתמים לכביסה צבעונית וניש אוקסי אקשן,קליה וניש Kalia Vanish,PL,"וניש גולד ג'ל 940 מ""",,940.00,100 מל,false,,16.90,0.0180,true,1,205040
7290112004208,false,פיניש טבליות למדיח הכל ב 1 לימון 50 יחידות,רקיט בנקיזר,PL,פיניש טבליות למדיח ה,גרמים,800.00,100 גרם,false,,36.90,4.6125,true,1,183411
7290112004253,false,"קרם בספריי להסרת שיער לעור רגיש 150 מ""ל ויט",רקיט בנקיזר,,ויט קרם ספריי להסרת,Unknown,0.00,יחידה,false,,34.90,0.0000,true,1,190761
7290112004413,false,"ספריי וניש קליה להסרת כתמים לבגדים לבנים 750 מ""ל",רקיט בנקיזר,PL,וניש ספריי הסרת כתמי,Unknown,0.00,יחידה,false,,16.90,0.0000,true,1,195826
7290112004611,false,"וניש קליה ג'ל מרוכז לטיפול נקודתי בכתמים 200 מ""ל",רקיט בנקיזר,PT,וניש קליה פאואר ג'ל,,200.00,100 מל,false,,16.90,0.0845,true,1,190701
7290112004710,false,וניש תוסף כביסה גל מרוכז-כביסה לבנה,רקיט בנקיזר,IT,"וניש ג""ל שקוף לבן 7",מיליליטרים,750.00,"100 מ""ל",false,,19.90,2.6533,true,1,201124
7290112005045,false,וניש תוסף כביסה רב תכליתי לבגדים לבנים,קליה וניש Kalia Vanish,IT,וניש אבקה לכביסה לבנ,גרמים,480.00,100 גרם,false,,16.90,3.5208,true,1,197891
7290112005052,false,וניש תוסף כביסה רב תכליתי לבגדים לבנים,קליה וניש Kalia Vanish,IT,וניש אבקה לכביסה לבנ,,1.50,קג,false,,39.90,26.6000,true,1,197889
7290112005076,false,וניש תוסף כביסה רב תכליתי לכביסה צבעונית,קליה וניש Kalia Vanish,IT,וניש אבקה לכביסה צבע,גרמים,480.00,100 גרם,false,,16.90,3.5208,true,1,197892
7290112005083,false,וניש תוסף כביסה רב תכליתי לכביסה צבעונית,קליה וניש Kalia Vanish,IT,וניש אבקה לכביסה צבע,,1.50,קג,false,,39.90,26.6000,true,1,197890
7290112005168,false,פיניש אולטימייט קוואנטום לימון 60 טבליות למדיח,רקיט בנקיזר,PL,פיניש קוואנטום לימון,Unknown,0.00,יחידה,false,,59.90,0.0000,true,1,198420
7290112192578,false,משחת שיניים פרודונטקס אקסטרה פרש הגנה מלאה,ג'י.אס.קיי קונסיומר,IE,משחת שיניים פרודונטק,Unknown,0.00,יחידה,false,,34.90,0.0000,true,1,156478
7290112193292,false,"סטייל - מתולתלות מסכה לטיפול עמוק 500 מ""ל",א.ל.ארמן ייצור תמרוקים ב,IL,סטייל מסכה מתולתלות,Unknown,0.00,יחידה,false,,29.90,0.0000,true,1,197461
7290112197061,false,"סטייל - תחליב רחצה לניקוי וטיפוח הידיים ארגן 500 מ""ל",רנקסאן פלסטיק יאנגר,TR,סטייל תחליב רחצה מוע,,500.00,100 מל,false,,11.90,0.0238,true,1,195613
7290112197078,false,"סטייל - תחליב רחצה לניקוי וטיפוח הידיים חמאת שיאה 500 מ""ל",רנקסאן פלסטיק יאנגר,TR,סטייל תחליב רחצה מוע,מיליליטרים,500.00,"100 מ""ל",false,,11.90,2.3800,true,1,195614
7290112197085,false,"סטייל - סבון מעוצב פריז 500 מ""ל",רנקסאן פלסטיק יאנגר,TR,סבון מעוצב פריז 500,מיליליטרים,500.00,"100 מ""ל",false,,9.90,1.9800,true,1,202511
7290112197092,false,"סטייל - סבון מעוצב ניו יורק 500 מ""ל",רנקסאן פלסטיק יאנגר,TR,סבון מעוצב ניו יורק,מיליליטרים,500.00,"100 מ""ל",false,,9.90,1.9800,true,1,202512
7290112197443,false,טרו שוקולד חלב מופחת,אימפריאל,PT,טרו שוקולד חלב מופחת,גרמים,100.00,100 גרם,false,,11.90,11.9000,true,1,203844
7290112197573,false,טרו ריבת תות מופחת,סימה,BG,טרו ריבת תות מופחת,גרמים,250.00,100 גרם,false,,14.90,5.9600,true,1,203849
7290112197597,false,טרו ריבת פירות יער 250 גרם,סימה,BG,טרו ריבת פירות יער מ,גרמים,250.00,100 גרם,false,,14.90,5.9600,true,1,203851
7290112197955,false,סירופ בטעם שוקולד טרו 300 גר,אשבל,IL,טרו סירופ בטעם מייפל,גרמים,300.00,100 גרם,false,,21.90,7.3000,true,1,203852
7290112199027,false,טרו רוטב צ'ילי מתוק 575 גרם,באקו,TH,טרו רוטב צ'ילי מתוק,גרמים,575.00,100 גרם,false,,15.90,2.7652,true,1,203854
7290112199034,false,טרו רוטב סויה בסגנון סיני 330 גרם,באקו,TH,טרו רוטב סויה בסגנון,גרמים,330.00,100 גרם,false,,11.90,3.6061,true,1,203855
7290112330352,false,"יוגורט PRO בטעם וניל 0% , 20 גרם חלבון בגביע","שטראוס בריאות בע""\מ",IL,דנונה פרו וניל 200 ג,גרמים,200.00,100 גרם,false,,5.90,2.9500,true,1,140378
7290112330390,false,דנונה פרו פירות יער 20 גרם חלבון 0% שומן 200 גרם,"שטראוס בריאות בע""\מ",IL,דנונה פרו פירות יער,גרמים,200.00,100 גרם,false,,5.90,2.9500,true,1,140380
7290112332585,false,פריכיות משולש תפוא אורז בתיבול סלק ומלח ים אנרג'י 30 גרם,"פרח תעשיו מזון בע""מ",IL,"פריכיות תפו""א אורז ב",Unknown,0.00,יחידה,false,,5.90,0.0000,true,1,132804
7290112332691,false,פינוקיות עוגיות קרם פסק זמן אגוזים 200 גרם,"הגביע מוצרי וופלים בע""\מ",IL,עוגיות קרם פסק זמן א,גרמים,200.00,100 גרם,false,,11.90,5.9500,true,1,132806
7290112332899,false,עלית - צנצנת בזוקה פופים קלאסי 58 גרם,אסקום קונפקשיין,DE,צנצנת בזוקה פופים קל,Unknown,0.00,יחידה,false,,9.90,0.0000,true,1,132810
7290112334305,false,סלט כרובית בטחינה אחלה 330 ג',"שטראוס גרופ בע""\מ",IL,אחלה סלט כרובית בטחי,גרמים,330.00,100 גרם,false,,15.90,4.8182,true,1,140396
7290112334749,false,קפה טורקי בצלופן עלית 200 גרם+ 10% תוספת,שטראוס קפה בי.וי,IL,טורקי עלית 200 גרם +,גרמים,220.00,100 גרם,false,,15.90,7.2273,true,1,190703
7290112335487,false,הפריכיות הטעימות קצח ודגנים אנרג'י 135 גרם,"פרח תעשיות מזון בע""\מ",IL,הפריכיות הטעימות קצח,גרמים,135.00,100 גרם,false,,12.90,9.5556,true,1,132820
7290112335494,false,הפריכיות הטעימות תפוחי אדמה בטעם פוטטוס,"פרח תעשיות מזון בע""\מ",IL,הפריכיות הטעימות פוט,גרמים,135.00,100 גרם,false,,12.90,9.5556,true,1,132821
7290112335500,false,"פרכיות אנרג'י חומוס,אורז,עדשים שחורות וקינואה 135 גרם","פרח תעשיות מזון בע""\מ",IL,הפריכיות הטעימות חלב,גרמים,135.00,100 גרם,false,,12.90,9.5556,true,1,132822
7290112336637,false,סוכריות מאסט Must ללא סוכר יוגורט תות ואוכניות,שטראוס גרופ,PL,סוכריות MUST ללא סוכ,Unknown,0.00,יחידה,false,,6.90,0.0000,true,1,132835
7290112336644,false,סוכריות מאסט ללא סוכר לימון 80 ג' עלית,שטראוס גרופ,PL,סוכריות MUST ללא סוכ,Unknown,0.00,יחידה,false,,6.90,0.0000,true,1,113928
7290112336651,false,סוכריות מאסט ללא סוכר ריבת חלב 80 ג' עלית,שטראוס גרופ,PL,סוכריות MUST ללא סוכ,Unknown,0.00,יחידה,false,,6.90,0.0000,true,1,132836
7290112336712,false,יוגורט PRO לבן 0% 21 גרם חלבון בגביע,"שטראוס בריאות בע""מ",IL,דנונה פרו 21 גרם חלב,גרמים,200.00,100 גרם,false,,5.90,2.9500,true,1,140408
7290112337474,false,סוכריות מאסט ללא סוכר פטל לימון 80 ג' עלית,שטראוס גרופ,PL,סוכריות MUST ללא סוכ,Unknown,0.00,יחידה,false,,6.90,0.0000,true,1,132839
7290112337481,false,סוכריות מאסט ללא סוכר קפצ''ינו 80 ג' עלית,שטראוס גרופ,PL,סוכריות MUST ללא סוכ,Unknown,0.00,יחידה,false,,6.90,0.0000,true,1,132840
7290112338877,false,מעדן גבינה בטעם תות 3% 125ג' סקי,"שטראוס בריאות בע""\מ",IL,סקי גבינת תות 3% 125,גרמים,125.00,100 גרם,false,,3.90,3.1200,true,1,140410
7290112339171,false,מילקי מוס עם שוקולד וקצפת,מיוצר עי קונדיטוריית,IL,מילקי מוס עם שוקולד,,170.00,100 מל,false,,3.50,0.0206,true,1,173220
7290112339362,false,דנונה לייט אנד פריי בטעם קפוצ'ינו 150 גרם,"שטראוס בריאות בע""\מ",IL,דנונה לייט אנד פריי,גרמים,150.00,100 גרם,false,,4.60,3.0667,true,1,140424
7290112339867,false,גמדים לדרך גבינה לבנה עם מחית תות,"שטראוס בריאות בע""\מ",IL,גמדים סקוויז תות בו,גרמים,100.00,100 גרם,false,,5.90,5.9000,true,1,140440
7290112339874,false,גמדים לדרך גבינה לבנה עם מחיות תות ובננה,"שטראוס בריאות בע""\מ",IL,גמדים סקוויז תות בננ,גרמים,100.00,100 גרם,false,,5.90,5.9000,true,1,140441
7290112339911,false,מעדן גבינה דניאלה בט,מיוצר עי קונדיטוריית,IL,"דניאלה פטל 150 מ""ל",מיליליטרים,150.00,"100 מ""ל",false,,4.10,2.7333,true,1,170344
7290112340122,false,הפריכיות הטעימות 3 דגנים אנרג'י 135 גרם,"פרח תעשיות מזון בע""\מ",IL,הפריכיות הטעימות 3 ד,גרמים,135.00,100 גרם,false,,12.90,9.5556,true,1,132849
7290112340245,false,צנצנת מסטיק מאסט בטעם דובדבן 66 ג' עלית,"שטראוס גרופ בע""\מ",IL,מאסט צנצנת בטעם דובד,Unknown,0.00,יחידה,false,,9.80,0.0000,true,1,132850
7290112340276,false,פינוקיות עוגיות קרם קפה 200 גרם,"הגביע מוצרי וופלים בע""\מ",IL,עוגיות קרם קפה נמס 2,גרמים,200.00,100 גרם,false,,11.90,5.9500,true,1,132853
7290112341006,false,מארז מילקי קצפת כפיות שוקולד 176 גרם,"שטראוס גרופ בע""\מ",IL,מארז מילקי קצפת כפיו,גרמים,172.00,100 גרם,false,,8.90,5.1744,true,1,183163
7290112341556,false,יוגורט אקטיביה עם צ'יה ותות 150 גרם,"שטראוס בריאות בע""\מ",IL,אקטיביה עם צ'יה ותות,גרמים,150.00,100 גרם,false,,4.60,3.0667,true,1,140453
7290112341679,false,דנונה אקטיביה 3% שומן 200 גרם,מיוצר עי קונדיטוריית,IL,אקטיביה 3% 200 גרם,גרמים,200.00,100 גרם,false,,3.70,1.8500,true,1,140454
7290112341686,false,שמינייה יוגורט לבן אקטיביה 3% דנונה 150 גרם.,מיוצר עי קונדיטוריית,IL,מארז אקטיביה שמינייה,,1.20,קג,false,,21.90,18.2500,true,1,140455
7290112342102,false,סימפוניה גבינה במרקם שמנת בצל מקורמל 5%,"שטראוס בריאות בע""\מ",IL,סימפוניה בצל מקורמל,גרמים,200.00,100 גרם,false,,10.90,5.4500,true,1,140463
7290112342270,false,קפה פלטינום אינטנס מחוזק ב- 10% אספרסו,שטראוס קפה בי.וי,IL,פלטינום אינטנס 10% א,גרמים,125.00,100 גרם,false,,21.90,17.5200,true,1,132875
7290112342362,false,יוגורט אקטיביה 3% 150 גרם החזרות.,STRAUSS-ISRAEL,IL,אקטיביה 3% 150 גרם,גרמים,150.00,100 גרם,false,,3.70,2.4667,true,1,140464
7290112343260,false,יטבתה רוטב שמנת עם פטריות 9% 250 גר,שטראוס גרופ,IL,יטבתה רוטב שמנת קלאס,גרמים,260.00,100 גרם,false,,10.50,4.0385,true,1,140471
7290112343420,false,"משקה חלב עם דגנים מלאים ובננה פרו יטבתה 350מ""ל",מחלבת יטבתה,IL,יטבתה פרו ארוחת בוקר,,350.00,100 מל,false,,7.90,0.0226,true,1,140474
7290112343499,false,חטיף צ'יטוס פאפס אפוי בטעם גבינה,"שטראוס פריטו ליי בע""\מ )",IL,צ'יטוס בטעם גבינה 55,Unknown,0.00,יחידה,false,,3.10,0.0000,true,1,186668
7290112343512,false,צ'יטוס puffs בטעם גבינה 180 גרם,"שטראוס פריטו ליי בע""\מ )",IL,ציטוס בטעם גבינה 160,גרמים,160.00,100 גרם,false,,7.90,4.9375,true,1,186669
7290112344724,false,מעדן בטעם שוקולד בלונדי 170 ג' מילקי,מיוצר עי קונדיטוריית,IL,מילקי בטעם שוקולד בל,,170.00,100 מל,false,,3.50,0.0206,true,1,190413
7290112344755,false,מילקי עם 26% פחות סוכר 135 גרם,מיוצר עי קונדיטוריית,IL,מילקי עם 26% פחות סו,גרמים,135.00,100 גרם,false,,2.90,2.1481,true,1,170348
7290112344786,false,קפה פלטינום קלאסיק עלית 200 גרם,שטראוס קפה בי.וי.,IL,פלטינום קלאסיק 200 ג,גרמים,200.00,100 גרם,false,,25.90,12.9500,true,1,157474
7290112344861,false,מעדן חלב בטעם קפה עם קצפת,"שטראוס גרופ בע""\מ",IL,מילקי קפוצ'ינו 133,גרמים,133.00,100 גרם,false,,3.50,2.6316,true,1,204661
7290112344953,false,סימפוניה חציל קלוי גבינה במקרם שמנת 5%,"שטראוס בריאות בע""\מ",IL,סימפוניה חציל קלוי 2,גרמים,200.00,100 גרם,false,,10.90,5.4500,true,1,175795
7290112346360,false,בפלות אחת אחת ופל בטעם שוקולד מצופה שוקולד,הגביע מוצרי וופלים ב,GR,בפלות אחת אחת בציפוי,גרמים,180.00,100 גרם,false,,14.90,8.2778,true,1,132893
7290112346537,false,עוגיות פינוקיות בטעם טורטית 200 ג' עלית,"הגביע מוצרי ופלים בע""\מ",IL,פינוקיות בטעם טורטית,גרמים,200.00,100 גרם,false,,11.90,5.9500,true,1,132894
7290112346629,false,"יוגורט עם קורנפלקס מצופה שוקולד חלב ולבן 172 מ""ל דנונה","שטראוס בריאות בע""\מ",IL,יוגרט עם קורנפלקס מצ,גרמים,172.00,100 גרם,false,,4.50,2.6163,true,1,161499
7290112346773,false,יוגורט בטעם וניל 0% לייט אנד פרי 10 גרם חלבון בגביע,מיוצר עי קונדיטוריית,IL,דנונה לייט אנד פריי,גרמים,150.00,100 גרם,false,,4.60,3.0667,true,1,172714
7290112346797,false,יוגורט אקטיביה שיבולת שועל ושזיף 150 גרם,מיוצר עי קונדיטוריית,IL,אקטיביה שובולת שועל,גרמים,150.00,100 גרם,false,,4.60,3.0667,true,1,159611
7290112346827,false,שמיניית אקטימל ויטמין C פטל 108 גרם,"שטראוס בריאות בע""\מ",IL,אקטימל שמינייה טבעי,מיליליטרים,800.00,"100 מ""ל",false,,19.90,2.4875,true,1,202346
7290112347008,false,גמדים לדרך גבינה לבנה עם מחית תות ושיבולת שועל,מיוצר עי קונדיטוריית,IL,גמדים סקוויז ארוחת ב,גרמים,100.00,100 גרם,false,,5.90,5.9000,true,1,140497
7290112347473,false,מארז דנונה לייט אנד פריי תות ואפרסק 150 גרם 8 יחידות,מיוצר עי קונדיטוריית,IL,מארז לייט אנד פריי ת,,1.20,קג,false,,27.90,23.2500,true,1,140499
7290112348142,false,שעועית לבנה 380 ט.הטבע קופסה 380 גרם,שטראוס טעם הטבע,IT,שעועית לבנה 380 גרם,גרמים,380.00,100 גרם,false,,6.90,1.8158,true,1,159869
7290112348616,false,עלית - קפה נמס אגוזי לוז 100 גרם,שטראוס קפה בי.וי,IL,קפה נמס אגוזי לוז 10,Unknown,0.00,יחידה,false,,17.90,0.0000,true,1,202345
7290112348999,false,הפריכיות הטעימות תירס דקות אנרג'י 135 גרם,"פרח תעשיות מזון בע""\מ",IL,פריכיות טעימות תירס,גרמים,135.00,100 גרם,false,,12.90,9.5556,true,1,170342
7290112349606,false,מעדן גבינה ויוגורט תות בננה 88 ג' דניאלה,"שטראוס בריאות בע""\מ",IL,דניאלה תות בננה 88 מ,Unknown,0.00,יחידה,false,,4.10,0.0000,true,1,190417
7290112349637,false,מעדן גבינה בטעם ענבים 88 ג' דניאלה,"שטראוס בריאות בע""\מ",IL,"דניאלה ענבים 150 מ""ל",מיליליטרים,150.00,"100 מ""ל",false,,4.10,2.7333,true,1,140507
7290112349705,false,פומודורו רוטב עגבניות קלאסי לפסטה יד מרדכי 350 גרם,אמיליאנה קונסרב סוסייטה,IT,פומודורו רוטב עגבניו,גרמים,350.00,100 גרם,false,,12.90,3.6857,true,1,132900
7290112349736,false,בזיליקום רוטב עגבניות לפסטה יד מרדכי 350 גרם,אמיליאנה קונסרב סוסייטה,IT,בזיליקום רוטב עגבניו,גרמים,350.00,100 גרם,false,,12.90,3.6857,true,1,132901
7290112349750,false,פיצה רוטב עגבניות לפיצה יד מרדכי 350 גרם,אמיליאנה קונסרב סוסייטה,IT,פיצה רוטב עגבניות לפ,גרמים,350.00,100 גרם,false,,12.90,3.6857,true,1,132903
7290112350275,false,קפסולות LUNGO למכונת נספרסו עלית 10 יחידות,שטראוס קפה בי.וי,IL,קפסולות לונג למוכונו,Unknown,0.00,יחידה,false,,16.90,0.0000,true,1,158627
7290112350312,false,קפסולות 15 קפה יותר למכונות נספרסו עלית 10יח',הנסיך- מפעל לייצור ט,IL,קפסולות 15 למכונות נ,Unknown,0.00,יחידה,false,,16.90,0.0000,true,1,164132
7290112351067,false,סילאן טבעי 100% תמר מג'הול ללא תוספת סוכר,יד מרדכי,IL,סילאן טבעי לחיץ 630,גרמים,630.00,100 גרם,false,,27.90,4.4286,true,1,159626
7290112351104,false,שוקולד פרה ממולא פיצפוצי אורז 100 ג' עלית,"שטראוס גרופ בע""\מ",IL,פרה שוקולדפיצפוצי או,Unknown,0.00,יחידה,false,,5.90,0.0000,true,1,160922
7290112351128,false,שוקולד פרה סוכריות קופצות וועסטהייים,"שטראוס גרופ בע""\מ",IL,שוקולד פרה סוכריות ק,גרמים,100.00,100 גרם,false,,5.90,5.9000,true,1,163271
7290112351524,false,עלי סלנובה 200 גר' שטראוס טעם הטבע,שטראוס בריאות ירקות טריי,IL,עלי חסה סלנובה,גרמים,200.00,100 גרם,false,,11.90,5.9500,true,1,200346
7290112354174,false,"פסטה רוזה 280 ג""ר ""דלישס"" שטראוס",גסטרונומיה פרוסט אס. אר.,IT,דלישס פסטה רוזה 280,Unknown,0.00,יחידה,false,,21.90,0.0000,true,1,187123
7290112354945,false,תפוצ'יפס WAVY בטעם טבעי 50 גרם,שטראוס פריטו ליי בע”,IL,תפוצ'יפס טבעי 50 גרם,Unknown,0.00,יחידה,false,,3.50,0.0000,true,1,202072
7290112354952,false,תפוצ'יפס WAVY בטעם פפריקה 50 גרם,שטראוס פריטו ליי בע”,IL,תפוצ'יפס פפריקה 50 ג,Unknown,0.00,יחידה,false,,3.50,0.0000,true,1,202073
7290112355027,false,דנונה פרו 20 גרם חלבון בטעם קרמל מלוח 200 גרם,"שטראוס בריאות בע""\מ",IL,דנונה פרו בטעם קרמל,גרמים,200.00,100 גרם,false,,5.90,2.9500,true,1,170353
7290112355102,false,גמדים סקוויז 100 גרם פאוץ סלט פירות 100 גרם,"שטראוס בריאות בע""\מ",IL,גמדים פאוץ סלט פירות,גרמים,100.00,100 גרם,false,,5.90,5.9000,true,1,172303
7290112355393,false,יטבתה רוטב שמנת עם בטטה 9% 250 גרם,שטראוס גרופ,IL,יטבתה רוטב שמנת עם ב,גרמים,257.00,100 גרם,false,,10.50,4.0856,true,1,201147
7290112355775,false,סימפוניה עירית 200 גרם,"שטראוס בריאות בע""\מ",IL,סימפוניה עירית 200 ג,גרמים,200.00,100 גרם,false,,10.90,5.4500,true,1,198798
7290112355812,false,מעדן מילקי עם טופ קורנפלקס מצופה שוקולד,"שטראוס גרופ בע""\מ",IL,מילקי טופ קורנפלקס,גרמים,141.00,100 גרם,false,,4.50,3.1915,true,1,197187
7290112357045,false,עגבניות איטלקיות מרוסקות ט.הטבע קופסה 390 גר',שטראוס טעם הטבע,IT,עגבניות איטלקיות מרו,גרמים,390.00,100 גרם,false,,6.90,1.7692,true,1,159870
7290112357083,false,טעם הטבע אפונה ירוקה 380 גרם קופסה,שטראוס טעם הטבע,IT,אפונה איטלקית,גרמים,380.00,100 גרם,false,,6.90,1.8158,true,1,159872
7290112357113,false,טעם הטבע גרגרי חומוס 380 גרם קופסה,שטראוס טעם הטבע,IT,גרגרי חומוס 380 גרם,גרמים,380.00,100 גרם,false,,6.90,1.8158,true,1,159874
7290112357175,false,קפסולות BOOST למכונת נספרסו עלית 10 יחידות,שטראוס קפה בי.וי,IL,קפסולות פוסט למוכונו,Unknown,0.00,יחידה,false,,16.90,0.0000,true,1,158598
7290112358004,false,פסק זמן קראנצ' עלית 32 גרם,שולן צ'\יקולטה גידה סאן.,TR,פסק זמן קראנץ' 32 גר,Unknown,0.00,יחידה,false,,5.00,0.0000,true,1,169035
7290112358127,false,יוגורט PRO בטעם וניל עוגיות פלוס מגנזיום,מיוצר עי קונדיטוריית,IL,דנונה פרו 20 גרם עם,גרמים,200.00,100 גרם,false,,6.90,3.4500,true,1,169063
7290112358219,false,רוטב צ'ילי מתוק יד מרדכי 300 גרם,אף.סי תבליני בגליל ב,IL,יד מרדכי רוטב צ'ילי,גרמים,300.00,100 גרם,false,,14.90,4.9667,true,1,163273
7290112358233,false,רוטב צ'ילי חריף יד מרדכי 300 גרם,"בית אל מזון בע""מ",IL,רוטב צילי חריף 300 ג,גרמים,300.00,100 גרם,false,,14.90,4.9667,true,1,164130
7290112358431,false,עד חצות דאבל ביסקוויט עם שוקולד חלב -8 אריזות אישיות,ביסקוויטס טור ד'\אלבון,FR,עד חצות דאבל 200 ג,גרמים,200.00,100 גרם,false,,18.90,9.4500,true,1,181869
7290112358561,false,קפה נמס פלטינום קלאסי 47 ג' עלית,"אינסטנטבה בע""\מ",PL,פלטינום קלאסיק 47 גר,גרמים,47.00,100 גרם,false,,7.90,16.8085,true,1,189133
7290112359353,false,קפה טורקי אלדין עלית 200 גרם.,שטראוס קפה בי.וי,IL,קפה טורקי אלדין 200,גרמים,200.00,100 גרם,false,,24.90,12.4500,true,1,198388
7290112415400,false,עוגיות אלפחורס קפולסקי 280 גרם,תופינים מקבוצת קפולסקי,IL,עוגיות אלפאחורס 280,גרמים,280.00,100 גרם,false,,29.90,10.6786,true,1,159339
7290112464088,false,מרית נירוסטה4*42.50,,,מרית נירוסטה4*42.50,Unknown,0.00,יחידה,false,,16.90,0.0000,true,1,164867
7290112465863,false,תבנית סיליקון 12 שקע,,,תבנית סיליקון 12 שקע,Unknown,0.00,יחידה,false,,24.90,0.0000,true,1,164877
7290112465870,false,תבנית סיליקון 15 שקע,,,תבנית סיליקון 15 שקע,Unknown,0.00,יחידה,false,,16.90,0.0000,true,1,164878
7290112490032,false,"נמס בכוס טעם תירס קנור 31 גרם מארז זוגי בד""צ",יוניליוור ישראל מזון בעמ,IL,נמס בכוס תירס,Unknown,0.00,יחידה,false,,6.90,0.0000,true,1,119775
7290112490209,false,נמס בכוס מרק עגבניות עם קרוטונים רכיבים טבעיים,יוניליוור ישראל מזון בעמ,IL,נמס בכוס עגבניות קרו,Unknown,0.00,יחידה,false,,6.90,0.0000,true,1,119781
7290112490216,false,מרק נמס בכוס בטעם עוף קנור 100% רכיבים טבעיים,יוניליוור ישראל מזון בעמ,IL,נמס בכוס ט.עוף קרוטו,Unknown,0.00,יחידה,false,,6.90,0.0000,true,1,119782
7290112490230,false,מרק נמס בכוס אפונה קנור 100% רכיבים טבעיים,יוניליוור ישראל מזון בעמ,IL,נמס בכוס אפונה 50 גר,Unknown,0.00,יחידה,false,,6.90,0.0000,true,1,119783
7290112490650,false,קונפיטורה תות שדה 340 גרם-צנצנת,קונפיטורות לה-ארדניי,BE,קונפיטורה תות שדה 77,גרמים,340.00,100 גרם,false,,12.90,3.7941,true,1,119787
7290112490667,false,קונפיטורה משמש778 50% פרי 340 גר',יוניליוור מזון,BE,קונפיטורה 778 משמש 3,גרמים,340.00,100 גרם,false,,12.90,3.7941,true,1,119788
7290112490674,false,קונפיטורה דובדבנים 778 50% פרי 340 גר-,יוניליוור מזון,BE,קונפיטורה דובדבנים 7,גרמים,340.00,100 גרם,false,,12.90,3.7941,true,1,119789
7290112490728,false,מרק עשיר ירקות עם בורגול רכיבים טבעיים 95 ג' קנור,יוניליוור ישראל מזון בעמ,IL,מרק עשיר ירקות בורגו,Unknown,0.00,יחידה,false,,12.90,0.0000,true,1,119793
7290112490735,false,מרק עשיר עגבניות עם פסטה ר.טבעיים 105 גרם קנור,יוניליוור ישראל מזון בעמ,IL,מרק עשיר עגבניות פסט,גרמים,105.00,100 גרם,false,,12.90,12.2857,true,1,119794
7290112490742,false,מרק עשיר פטריות עם גריסים רכיבים טבעיים 104 ג' קנור,יוניליוור ישראל מזון בע\,IL,מרק עשיר פטריות גריס,גרמים,104.00,100 גרם,false,,12.90,12.4038,true,1,119795
7290112490759,false,מרק עשיר עוף עם אטריות רכיבים טבעיים 74 ג' קנור,יוניליוור ישראל מזון בעמ,IL,מרק עשיר עוף אטריות,Unknown,0.00,יחידה,false,,12.90,0.0000,true,1,119796
7290112490827,false,תרסיס ריחני למייבש הכביסה בדין בייבי 500,"זוהר דליה, קיבוץ דליה, 1",IL,בדין למייבש כביסה בי,,500.00,100 מל,false,,18.90,0.0378,true,1,111370
7290112490896,false,"קנור רוטב צ'ילי חריף 370 מ""ל PAL",אתר חיפה 778,IL,קנור רוטב צילי חריף,גרמים,370.00,100 גרם,false,,11.90,3.2162,true,1,119802
7290112491558,false,מאגדת שישייה שוקולד מריר פרווה,אתר צפת טבלאות ותעשי,IL,מאגדת שוקולד מריר שי,Unknown,0.00,יחידה,false,,19.90,0.0000,true,1,119821
7290112491701,false,ברנפלקס אקסטרה פרוטין תלמה 375 גרם,יוניליוור ישראל מזון בעמ,IL,ברנפלקס חלבון 375 גר,גרמים,375.00,100 גרם,false,,22.90,6.1067,true,1,119823
7290112491770,false,בייגלה דקים דקים מלח ים בייגל בייגל 300 גרם.,בייגל את בייגל מזון 198),IL,בייגל בייגלה דקים דק,גרמים,300.00,100 גרם,false,,9.90,3.3000,true,1,119824
7290112491787,false,בייגלה דקים דקים עם שומשום בייגל בייגל 300 גרם,בייגל את בייגל מזון 198),IL,בייגל בייגלה דקים דק,גרמים,300.00,100 גרם,false,,9.90,3.3000,true,1,119825
7290112491794,false,בייגלה דקים דקים בטעם שמנת ובצל בייגל בייגל 300 גרם,בייגל את בייגל מזון 198),IL,בייגל בייגלה דקים דק,גרמים,300.00,100 גרם,false,,9.90,3.3000,true,1,119826
7290112492449,false,פינוק שמפו שיער רגיל 700 מל-חדש,יוניליוור ישראל טיפוח אי,IL,פינוק שמפו בתוספת תמ,,700.00,100 מל,false,,13.90,0.0199,true,1,158486
7290112492456,false,"שמפו פינוק לשיער יבש/פגום 700 מ""ל",יוניליוור ישראל טיפוח אי,IL,שמפו פינוק שיער יבש,,700.00,100 מל,false,,13.90,0.0199,true,1,159046
7290112492463,false,"שמפו ומרכך 2 ב-1 לשיער רגיל פינוק 700 מ""ל.",יוניליוור ישראל טיפו,IL,פינוק 2ב1 לשיער רגיל,,700.00,100 מל,false,,13.90,0.0199,true,1,159050
7290112492470,false,"שמפו ומרכך 2 ב-1 לשיער יבש פינוק 700 מ""ל.",יוניליוור פארם,IL,פינוק 2 ב 1 שמפו ומר,,700.00,100 מל,false,,12.90,0.0184,true,1,171068
7290112492487,false,פינוק שמפו לשיער עם שמן מרוקאי 700 מל,יוניליוור ישראל טיפוח אי,IL,פינוק שמפו שמן מרוקא,,700.00,100 מל,false,,13.90,0.0199,true,1,159051
7290112492500,false,פינוק שמפו לשיער עם שמן קוקוס 700 מל,"יוניליור ישראל, טיפו",IL,פינוק שמפו שמן קוקוס,,700.00,100 מל,false,,13.90,0.0199,true,1,159052
7290112492531,false,פינוק מרכך שיער רגיל 700 מל-חדש,יוניליוור פארם,IL,פינוק מרכך לשיער רגי,,700.00,100 מל,false,,13.90,0.0199,true,1,119840
7290112492548,false,"מרכך פינוק עם שמן חוחובה 700 מ""ל",יוניליוור פארם,IL,פינוק מרכך לשיער יבש,,700.00,100 מל,false,,13.90,0.0199,true,1,119841
7290112492579,false,פינוק מרכך בתוספת שמן קוקוס 700 מל-חדש,יוניליוור ישראל טיפוח אי,IL,פינוק מרכך שמן קוקוס,,700.00,100 מל,false,,13.90,0.0199,true,1,119844
7290112492593,false,תחליב רחצה פינוק בניחוח פינוק קלאסי 700,יוניליוור ישראל טיפוח אי,IL,פינוק תחליב רחצה קלא,,700.00,100 מל,false,,11.90,0.0170,true,1,119845
7290112492609,false,"תחליב רחצה פינוק 700 מ""ל לבנדר ווניל",יוניליוור ישראל טיפוח אי,IL,פינוק תחליב רחצה לבנ,,700.00,100 מל,false,,11.90,0.0170,true,1,119846
7290112492630,false,"שמפו וג'ל רחצה וסבון פנים לגבר 700 מ""ל פינוק",יוניליוור ישראל טיפוח אי,IL,פינוק שמפו 3 ב-1 לגב,,700.00,100 מל,false,,13.90,0.0199,true,1,159252
7290112492647,false,פינוק לגבר 3ב1 ספורט שמפו גל רחצה ס.פנים,יוניליוור ישראל טיפוח אי,IL,פינוק לגבר 3 ב 1ספור,,700.00,100 מל,false,,13.90,0.0199,true,1,170220
7290112492715,false,"פינוק - לילדים שמפו אל דמע לסירוק קל 700 מ""ל",יוניליוור ישראל טיפוח אי,IL,פינוק שמפו ללא דמיעו,,700.00,100 מל,false,,13.90,0.0199,true,1,161010
7290112492722,false,"2ב-1 שמפו ומרכך פינוק אל דמע לסירוק קל לילדים 700 מ""ל",יוניליוור ישראל טיפוח אי,IL,פינוק שמפו ומרכך 2ב1,,700.00,100 מל,false,,13.90,0.0199,true,1,161013
7290112492746,false,"מרכך פינוק אל דמע לסירוק קל לילדים 700 מ""ל",יוניליוור ישראל טיפוח אי,IL,פינוק מרכך ליסרוק קל,,700.00,100 מל,false,,13.90,0.0199,true,1,161011
7290112492753,false,"אל סבון לרחצה פינוק לילדים 700 מ""ל",יוניליוור ישראל טיפוח אי,IL,פינוק אל סבון לילדי,,700.00,100 מל,false,,13.90,0.0199,true,1,161014
7290112492982,false,אבקת מרק פטריות רכיבים טבעיים קנור 400ג',יוניליוור ישראל מזון בע\,IL,קנור מרק פטריות רכיב,גרמים,400.00,100 גרם,false,,21.90,5.4750,true,1,119861
7290112492999,false,קנור מרק עוף אמיתי 400 גרם פרווה,יוניליוור ישראל מזון בע\,IL,קנור מרק טעם עוף 400,גרמים,400.00,100 גרם,false,,14.90,3.7250,true,1,119862
7290112493095,false,נמס בכוס מרק עגבניות חריף רכיבים טבעיים קנור 48 ג',אתר חיפה אבקות - Foo,IL,נמס בכוס עגבניות חרי,גרמים,0.00,100 גרם,false,,6.90,0.0000,true,1,199185
7290112493293,false,קנור - נמס ירקות וקרוטונים ר.טבעי 44 גרם,יוניליוור ישראל מזון בעמ,IL,נמס בכוס ירקות רכיבי,Unknown,0.00,יחידה,false,,6.90,0.0000,true,1,119877
7290112493316,false,מרק היום אפונה ר.טבעיים קנור 117 גרם,יוניליוור ישראל מזון בעמ,IL,מרק היום אפונה רכיב,גרמים,117.00,100 גרם,false,,12.90,11.0256,true,1,119878
7290112493927,false,גלידה בטעם ריבת חלב 1.33ל' קרמיסימו,"גלידת שטראוס בע""\מ, רחוב",IL,קרמיסימו ריבת חלב 1.,קילוגרמים,1.33,ליטר,false,,20.90,15.7143,true,1,135440
7290112493934,false,גלידת וניל צרפתי קרמיסימו 1.33 ל,"גלידת שטראוס בע""\מ, רחוב",IL,קרמיסימו וניל 1.33 ל,קילוגרמים,1.33,ליטר,false,,20.90,15.7143,true,1,135441
7290112493965,false,קרמיסימו חלבית בטעם מסטיק וניל 665 גר,"גלידת שטראוס בע""\מ, רחוב",IL,קרמיסימו מסטיק 1.33,קילוגרמים,1.33,ליטר,false,,20.90,15.7143,true,1,135442
7290112494153,false,תיבולית בניחוח צלי קנור 72 גרם,יוניליוור ישראל מזון בע\,IL,תיבולית קנור בניחוח,Unknown,0.00,יחידה,false,,8.90,0.0000,true,1,119886
7290112494221,false,קליק - ביסקויט תפזורת 65 גרם,יוניליוור ישראל מזון בע\,IL,קליק ביסקוויט הפוך 6,Unknown,0.00,יחידה,false,,6.90,0.0000,true,1,119889
7290112494238,false,קליק - כדורים חלב תפזורת 65 גרם,יוניליוור ישראל מזון בע\,IL,קליק כדורים 65 גרם,Unknown,0.00,יחידה,false,,6.90,0.0000,true,1,119890
7290112494276,false,קליק כריות תפזורת 65 גר,יוניליוור ישראל מזון בע\,IL,קליק כריות תפזורת 65,Unknown,0.00,יחידה,false,,6.90,0.0000,true,1,119892
7290112494283,false,קליק - מעורב חום לבן תפזורת 65 גרם,יוניליוור ישראל מזון בע\,IL,קליק חום לבן 65 גרם,Unknown,0.00,יחידה,false,,6.90,0.0000,true,1,119893
7290112494313,false,קליק - קורנפלקס תפזורת 65 גרם,יוניליוור ישראל מזון בע\,IL,קליק קורנפלקס 65 גרם,Unknown,0.00,יחידה,false,,6.90,0.0000,true,1,119895
7290112494344,false,קורנפלקס של אלופים כספי 850 גרם,"יוניליוור שפע ישראל בע""\",IL,קורנפלקס של אלופים 8,גרמים,850.00,100 גרם,false,,18.90,2.2235,true,1,157834
7290112494351,false,"קורנפלקס אלופים תלמה 850 ג בד""ץ","יוניליוור שפע ישראל בע""\",IL,"קורנפלקס בד""צ 850 גר",גרמים,850.00,100 גרם,false,,18.90,2.2235,true,1,157835
7290112494382,false,פירה בטעם ביתי 260 גרם-קופסא,יוניליוור ישראל מזון בע\,IL,קנור פירה בטעם ביתי,גרמים,260.00,100 גרם,false,,11.90,4.5769,true,1,119896
7290112494795,false,בדין-ג'ל לכביסה לבנה וצבעונית בניחוח עדין כחול 2.5 ליטר,"זוהר דליה, קיבוץ דליה, 1",IL,בדין ג'ל לכביסה כחול,קילוגרמים,2.50,ליטר,false,,27.90,11.1600,true,1,111375
7290112494801,false,ג'ל לכביסה לבנה וצבעונית ורוד 2.5 ל' בדין,אתר ליוור - HPC,IL,בדין ג'ל לכביסה וורו,קילוגרמים,2.50,ליטר,false,,27.90,11.1600,true,1,111376
7290112494818,false,"ג'ל לכביסה לבנה וצבעונית בייבי 2.5 ק""ג",אתר ליוור - HPC,IL,בדין ג'ל לכביסה בייב,קילוגרמים,2.50,ליטר,false,,27.90,11.1600,true,1,111377
7290112494832,false,"דאב - תרחיץ פנים לעור רגיל 180 מ""ל",יוניליוור ישראל טיפוח אי,IL,דאב תרחיץ פנים רגיל,,180.00,100 מל,false,,14.90,0.0828,true,1,166639
7290112495006,false,כריות נוגט 686 גרם - קופסא,"יוניליוור ישראל מזון בע""",IL,כריות נוגט 686 גרם,גרמים,686.00,100 גרם,false,,24.90,3.6297,true,1,119915
7290112495020,false,כריות צוקולדה 686 גרם קופסא,"יוניליוור ישראל מזון בע""",IL,כריות צוקולדה 686 גר,גרמים,686.00,100 גרם,false,,24.90,3.6297,true,1,119917
7290112495037,false,דגני בוקר בטעם שוקולד כדורים 375 ג' קוקומן,יוניליוור שפע ישראל בעמ,IL,קוקומן כדורים 375 גר,גרמים,375.00,100 גרם,false,,19.90,5.3067,true,1,119918
7290112495044,false,ציפי (פצפוצים) גריין בדצ 500גר,"יוניליור שפע ישראל בע""\מ",IL,קוקומן פצפוצים 375 ג,גרמים,375.00,100 גרם,false,,19.90,5.3067,true,1,119919
7290112495105,false,נשנושים חטיף בטעם שמנת בצל,בייגל את בייגל מזון 198),IL,נישנושים שמנת בצל 30,גרמים,260.00,100 גרם,false,,12.90,4.9615,true,1,119921
7290112495112,false,נשנושים טעם זעתר בייגל בייגל 260 גרם,בייגל את בייגל מזון 198),IL,נישנושים זעתר 300 גר,גרמים,260.00,100 גרם,false,,12.90,4.9615,true,1,119922
7290112495150,false,נשנושים קרקר עגול מלוח 300 גרם נ.ל.פ,בייגל את בייגל מזון 198),IL,נשנושים עגול מלוח 35,גרמים,300.00,100 גרם,false,,12.90,4.3000,true,1,119925
7290112495167,false,נשנושי קרקר משולשי שומשום בייגל בייגל 300 גרם,בייגל את בייגל מזון 198),IL,נשנושים משולש שומשום,גרמים,300.00,100 גרם,false,,12.90,4.3000,true,1,119926
7290112495174,false,נשנושי קרקר קוקטייל שומשום בייגל בייגל 300 גרם,בייגל את בייגל מזון 198),IL,קוקטייל ושמשום 350 ג,גרמים,300.00,100 גרם,false,,12.90,4.3000,true,1,119927
7290112495228,false,"קורנפלקס דבש תלמה 448 ג' בד""צ","יוניליוור שפע ישראל בע""\",IL,תלמה קרונפלקס דבש 44,גרמים,448.00,100 גרם,false,,17.90,3.9955,true,1,119928
7290112495280,false,ריבועי ברנפלקס קינמון תלמה 400 גרם,"יוניליוור שפע ישראל בע""\",IL,ברנפלקס ריבועי קינמו,גרמים,400.00,100 גרם,false,,22.90,5.7250,true,1,157842
7290112495433,false,דגני דליפקאן תוספת אגוזי פקאן ושקדים 400 גר,"יוניליור שפע ישראל בע""\מ",IL,תלמה דליפקאן 400 גרם,גרמים,400.00,100 גרם,false,,21.90,5.4750,true,1,119939
7290112495488,false,קורנפלקס פתיתי תירס קלויים ללא גלוטן 500,"מולינו ניקולי S.p.A,",IT,קורנפלקס ללא גלוטן 5,גרמים,500.00,100 גרם,false,,19.90,3.9800,true,1,157836
7290112495556,false,חטיף שוקולד נוגט שוקולד חלב 105 גרם,"טחנת האבן תעשיות בע""\מ,",IL,קליק שלישיית ברים נו,Unknown,0.00,יחידה,false,,14.90,0.0000,true,1,160020
7290112495594,false,בייגל גדול גדול ללא מלח 400 גרם,בייגל את בייגל מזון 198),IL,בייגלה שמיניות גדולו,גרמים,400.00,100 גרם,false,,13.90,3.4750,true,1,119940
7290112495662,false,קרקר חיטה מלאה ופשתן בייגל בייגל 300 גרם,"מיוצר ע""י קוד יצרן A",IL,קרקר חיטה מלאה ופשתן,גרמים,300.00,100 גרם,false,,9.90,3.3000,true,1,157838
7290112495686,false,"קרקר שומשום בייגל בייגל 220 גרם בד""צ","מיוצר ע""\י קוד יצרן AF",IL,קרקר שומשום 220 גרם,גרמים,220.00,100 גרם,false,,9.90,4.5000,true,1,157839
7290112495723,false,מטרייה,,,מטרייה,Unknown,0.00,יחידה,false,,9.90,0.0000,true,1,169243
7290112495754,false,"רטבי הלמנס לסלט 300 מ""ל אלף האיים",יוניליוור ישראל מזון בעמ,IL,הלמנס רוטב אלף האיים,גרמים,305.00,100 גרם,false,,11.90,3.9016,true,1,157847
7290112495761,false,"רטבי הלמנס לסלט 300 מ""ל אלף האיים לייט",יוניליוור ישראל מזון בעמ,IL,הלמנס רוטב אלף האיים,גרמים,305.00,100 גרם,false,,11.90,3.9016,true,1,157848
7290112495785,false,רוטב לסלט שום הלמנס 300ג,יוניליוור ישראל מזון בעמ,IL,הלמנ'ס לסלט שום 300מ,גרמים,300.00,100 גרם,false,,11.90,3.9667,true,1,157844
7290112495792,false,הלמנס רוטב לסלט שום לייט 300 גר',יוניליוור ישראל מזון בעמ,IL,הלמנס רוטב לסלט שום,גרמים,300.00,100 גרם,false,,11.90,3.9667,true,1,157845
7290112495822,false,כריות BLACK בטעם שוקולד וניל תלמה 686 גרם,"יוניליוור שפע ישראל בע""\",IL,כריות בלאק 686 גרם,גרמים,686.00,100 גרם,false,,24.90,3.6297,true,1,119943
7290112496027,false,סירופ שוקולד אפיכל 580 גרם,יוניליוור ישראל מזון בע\,IL,אפיכל סירופ שוקולד 5,גרמים,580.00,100 גרם,false,,12.90,2.2241,true,1,157851
7290112496034,false,סירופ מייפל אפיכל 580 גרם,יוניליוור ישראל מזון בע\,IL,אפיכל סירופ מייפל 58,גרמים,580.00,100 גרם,false,,12.90,2.2241,true,1,157852
7290112496218,false,קנור רוטב טריאקי הפחתה של מעל 50% סוכר ונתרן 310 ג',יוניליוור ישראל מזון בעמ,IL,קנור רוטב טריאקי 340,גרמים,340.00,100 גרם,false,,11.90,3.5000,true,1,158940
7290112496270,false,"פתית צ'יפס תפו""א בתוספת עגבניות ועשבי תיבול 22 גרם",JLM גלובל פודסn37\ דרך א,GB,"פתית צ'יפס תפו""א עם",Unknown,0.00,יחידה,false,,5.90,0.0000,true,1,162782
7290112496287,false,פתית - צ'יפס בטטה בטעם טבעי 21 גרם,JLM גלובל פודסn37\ דרך א,GB,פתית צ'יפס בטטה בטעם,Unknown,0.00,יחידה,false,,5.90,0.0000,true,1,162783
7290112496294,false,חטיף פתית צ'יפס עם אפונה ירוקה צהובה וצ'ילי,JLM גלובל פודסn37\ דרך א,GB,פתית צ'יפס עם אפונה,Unknown,0.00,יחידה,false,,5.90,0.0000,true,1,162784
7290112496430,false,נמס בכוס אקסטרה מרק עגבניות עם המון אטריות,יוניליוור ישראל מזון בע\,IL,קנור נמס בכוס אקסטרה,Unknown,0.00,יחידה,false,,4.90,0.0000,true,1,186916
7290112496447,false,נמס בכוס אקסטרה טעם עוף עם המון אטריות 27ג',יוניליוור ישראל מזון בע\,IL,קנור נמס בכוס אקסטרה,Unknown,0.00,יחידה,false,,4.90,0.0000,true,1,189396
7290112496461,false,נמס בכוס אקסטרה מרק ירקות עם המון אטריות,יוניליוור ישראל מזון בע\,IL,קנור נמס בכוס אקסטרה,Unknown,0.00,יחידה,false,,4.90,0.0000,true,1,189397
7290112497031,false,רוטב עגבניות לקציצות קנור 415 גרם,יוניליוור מזון,IT,קנור רוטב עגבניות לק,גרמים,415.00,100 גרם,false,,11.90,2.8675,true,1,183193
7290112497123,false,סחלב תערובת להכנת מעדן בטעם סחלב 112גרם,יוניליוור ישראל מזון בע\,IL,תלמה קנור סחלב 112 ג,גרמים,112.00,100 גרם,false,,12.90,11.5179,true,1,169869
7290112497369,false,דאב דאו רול און טלק סופט לנשים,"יוניליוור אנגליה, דרך קו",GB,דאב רול און טלק סופט,Unknown,0.00,יחידה,false,,17.90,0.0000,true,1,171141
7290112497505,false,וזלין תחליב גוף בתוספת אלוורה 600 מל,"יוניליוור, ג'פרסון סיטי,",US,וזלין תחליב גוף אלוו,,600.00,100 מל,false,,23.90,0.0398,true,1,162184
7290112497710,false,פינוק בייבי שמפו אל דמע לתינוקות 700 מל,יוניליוור ישראלn\טיפוח א,IL,שמפו אל דמע בייבי 70,,700.00,100 מל,false,,16.90,0.0241,true,1,198838
7290112497727,false,פינוק בייבי אל סבון אל דמע לתינוקות 700,יוניליוור ישראלn\טיפוח א,IL,"אל סבון בייבי 700 מ""",,700.00,100 מל,false,,16.90,0.0241,true,1,198839
7290112497864,false,מרק בטעם עוף פרווה רכיבים טבעיים 33% פחות נתרן,יוניליוור מזון,IL,קנור עוף אמיתי רכיבי,גרמים,400.00,100 גרם,false,,21.90,5.4750,true,1,171995
7290112498069,false,"קוקומן ללא גלוטן 375 גרם כשל""פ","מולינו ניקולי ,S.p.A ויה",IT,קוקומן ללא גלוטן 375,גרמים,375.00,100 גרם,false,,19.90,5.3067,true,1,178694
7290112498267,false,פינוק אל סבון לידיים בניחוח פינוק קלאסי,קוסטר אירוסול ולף סנ,TR,פינוק סבון ידיים נוז,,950.00,100 מל,false,,12.90,0.0136,true,1,182344
7290112498274,false,פינוק אלסבון לידיים לבנדר וניל 1ליטר+משא,יוניליוור ישראל טיפוח אי,TR,פינוק סבון ידיים נוז,,950.00,100 מל,false,,12.90,0.0136,true,1,182345
7290112498281,false,"אל סבון לידיים בתוספת שמן קוקוס פינוק 950 מ""ל",יוניליוור ישראל טיפוח אי,TR,פינוק סבון ידיים נוז,Unknown,0.00,יחידה,false,,12.90,0.0000,true,1,182346
7290112498298,false,"אל סבון ליידים בתוספת שמן מרוקאי פינוק 950 מ""ל",קוסטר אירוסול ולף סנ,TR,פינוק סבון ידיים נוז,,950.00,100 מל,false,,12.90,0.0136,true,1,182347
7290112498885,false,מאגדת גודי'ז תותים ושוקולד לבן 235 גרם,"גלידת שטראוס בע""\מ, רח'\",IL,גודיז מאגדת 3 שוקולד,,5.00,יחידו,false,,24.90,4.9800,true,1,180095
7290112498915,false,מאגדת מיני מגנום שקדים מובחרים 250 ג',"מיוצר ע""\י גלידת שטראוס",IL,ממאגדת מיני מגנום שק,,5.00,יחידו,false,,26.90,5.3800,true,1,183192
7290112498922,false,מאגדת מיני מגנום לבן שטראוס 250 גרם,"מיוצר ע""\י גלידת שטראוס",IL,מאגדת מיני מגנום לבן,,5.00,יחידו,false,,26.90,5.3800,true,1,183195
7290112499097,false,מאגדת מיני מגנום שוקולד מריר 240 גרם,"מיוצר ע""\י גלידת שטראוס",IL,מאגדת מיני מגנום מרי,,5.00,יחידו,false,,26.90,5.3800,true,1,190291
7290112499189,false,"גלידת קרמיסימו חד קרן וניל תות, 1.33 ליטר","גלידת שטראוס בע""\מ, רחוב",IL,קרמיסימו חד קרן 1.33,קילוגרמים,1.33,ליטר,false,,20.90,15.7143,true,1,197887
7290112499196,false,גלידה בטעם החלב של הקורנפלקס 1.33 ל' קרמיסימו,"גלידת שטראוס בע""\מ, רחוב",IL,קרמיסימו ט.חלב קורנפ,קילוגרמים,1.33,ליטר,false,,20.90,15.7143,true,1,197888
7290112499219,false,שלגון שמנת מופחת שומן וקלוריות בטעם פיסטוק עם ריפל בטעם שוקולד מריר וציפוי חלקי של שוקולד חלב מעולה,"גלידת שטראוס בע""\מ, רחוב",IL,גודיז פיסטוק ושוקולד,,5.00,יחידו,false,,24.90,4.9800,true,1,196124
7290112499226,false,גלידונית קרמיסימו פיסטוק בננה 630 גרם,"גלידת שטראוס בע""\מ, רח'",IL,קרמיסימו גלידוניתבטע,גרמים,700.00,100 גרם,false,,44.90,6.4143,true,1,204579
7290112499448,false,"מרכך פינוק בתוספת שמן מרוקאי 700 מ""ל",יוניליוור ישראל טיפוח אי,IL,פינוק מרכך לשיער שמן,,700.00,100 מל,false,,13.90,0.0199,true,1,182335
7290112499455,false,פינוק תחליב רחצה 700 בתוספת שמן מרוקאי,יוניליוור ישראל טיפוח אי,IL,פינוק תחליב רחצה מרו,,700.00,100 מל,false,,11.90,0.0170,true,1,182331
7290112499462,false,פינוק תחליב רחצה 700 בתוספת שמן קוקוס,יוניליוור ישראל טיפוח אי,IL,פינוק תחליב רחצה שמן,,700.00,100 מל,false,,11.90,0.0170,true,1,182332
7290112499479,false,"שמפו פינוק בתוספת קרטין 700 מ""ל",יוניליוור ישראל טיפוח אי,IL,פינוק שמפו בתוספת קר,,700.00,100 מל,false,,13.90,0.0199,true,1,171152
7290112499493,false,"רקסונה - דאודורנט ספריי לאישה אלוורה 150 מ""ל","ארנסט, רחוב קומבינצקיה 6",RU,רקסונה נשים אלוורה 1,,150.00,100 מל,false,,14.90,0.0993,true,1,201639
7290112499509,false,"רקסונה - דאודורנט ספריי לאישה בניחוח אפרסק ולמון גראס 150 מ""ל","ארנסט, רחוב קומבינצקיה 6",RU,רקסונה דאו' ספריי נש,,150.00,100 מל,false,,14.90,0.0993,true,1,198574
7290112499622,false,גלידה פרווה שוקו עוגיות וניל צ'יפס שטראוס 2 ליטר.,"גלידת שטראוס בע""מ",IL,גלידת שטראוס וניל שו,קילוגרמים,2.00,ליטר,false,,22.90,11.4500,true,1,158942
7290112499844,false,מאגדת מיני מגנום דואט שוקולד עם נוגט שטראוס 310 גרם,"מיוצר ע""\י גלידת שטראוס",IL,מיני מגנום דאבל,,5.00,יחידו,false,,26.90,5.3800,true,1,135445
7290112499943,false,מיני מאגדת מיני מגנום טעמים שונים וניל+שוקו,"מיוצר ע""\י גלידת שטראוס",IL,מיני מגנום שוקו וניל,,5.00,יחידו,false,,26.90,5.3800,true,1,135446
7290112635921,false,כסא קלאב 2 -לבן401,,,כסא קלאב 2 -לבן401,Unknown,0.00,יחידה,false,,39.90,0.0000,true,1,183174
7290112703187,false,נרות אותיות HB כסף,,,נר אותיות כסף,Unknown,0.00,יחידה,false,,9.00,0.0000,true,1,129196
7290112703194,false,נר אותיות HB זהב,,,נר אותיות זהב,Unknown,0.00,יחידה,false,,9.00,0.0000,true,1,129197
7290112706362,false,מארז שלישיית ביצי שוקולד מפרץ ההרפתקאות,שמחה זה אנחנו,IT,שלישיית ביצי שוקולד,Unknown,0.00,יחידה,false,,13.90,0.0000,true,1,129205
7290112707246,false,שלישיית ביצי שוקולד(חלב נוכרי)-כוח פי גיי,שמחה זה אנחנו,IT,שלישיית ביצי שוקולד,Unknown,0.00,יחידה,false,,13.90,0.0000,true,1,129213
7290112709134,false,סרט 30ממ100xיארד- כס,,,סרט 30ממ100xיארד- כס,Unknown,0.00,יחידה,false,,29.90,0.0000,true,1,185213
7290112961372,false,פיטנס חטיפי פריכיות דקות קינמון 60 גרם,"פרח תעשיות מזון בע""\מ",IL,פיטנס חטיפי פריכיות,Unknown,0.00,יחידה,false,,9.90,0.0000,true,1,127424
7290112961440,false,פיטנס חטיפי פריכיות שוקולד מריר 84 גרם,פרח תעשיות,IL,פיטנס בר פריכיות שוק,Unknown,0.00,יחידה,false,,13.90,0.0000,true,1,159524
7290112962546,false,מאגדת לה פרוטה מלון תפוח 350 גרם 5 יחידות,שוורצקוף& הנקל דיסלד,IL,לה פרוטה מאגדת מלון,Unknown,0.00,יחידה,false,,21.90,0.0000,true,1,158150
7290112963321,false,גריסיני בייגלה שטוח ללא גלוטן אסם 300גרם,מיוצר עי קונדיטוריית,IL,גרטיפי בייגלה שטוח ה,גרמים,300.00,100 גרם,false,,17.90,5.9667,true,1,159631
7290112963918,false,פיטנס חטיפי קרקר דק רוזמרין 140 גרם,נסטלה Nestle,IL,פיטנס קרקר דק רוזמרי,גרמים,140.00,100 גרם,false,,12.90,9.2143,true,1,127464
7290112964410,false,אסם רוטב אלף האיים חדש לסלט 290 גרם,"אסם תעשיות בע""מ",IL,אסם רוטב אלף האיים ח,גרמים,290.00,100 גרם,false,,9.90,3.4138,true,1,127479
7290112964434,false,אסם רוטב קיסר חדש לסלט 295 גרם,"אסם תעשיות בע""מ",IL,אסם רוטב קיסר חדש לס,גרמים,295.00,100 גרם,false,,9.90,3.3559,true,1,127480
7290112964458,false,רוטב ויניגרט חדש לסלט 295 גרם אסם,"אסם תעשיות בע""מ",IL,אסם רוטב ויניגרט חדש,גרמים,295.00,100 גרם,false,,9.90,3.3559,true,1,127481
7290112964472,false,אסם רוטב שום חדש לסלט 290 גרם,"אסם תעשיות בע""מ",IL,אסם רוטב שום חדש לסל,גרמים,290.00,100 גרם,false,,9.90,3.4138,true,1,127482
7290112964564,false,"רוטב אלף האיים לייט לסלט אסם 295 מ""ל","אסם תעשיות בע""מ",IL,אסם רוטב אלף האיים ל,גרמים,310.00,100 גרם,false,,9.90,3.1935,true,1,127485
7290112964625,false,אסם רוטב שום לייט חדש לסלט 310 גרם,"אסם תעשיות בע""מ",IL,אסם רוטב שום לייט חד,גרמים,310.00,100 גרם,false,,9.90,3.1935,true,1,127488
7290112964724,false,המבורגר צמחוני עם המון חלבון 580 גר,מיוצר עי קונדיטוריית,IL,טבעול המבורגר טבעוני,גרמים,580.00,100 גרם,false,,29.90,5.1552,true,1,127490
7290112965141,false,תבשיל פתיתים אפויים עם ירקות 130 גרם,"אסם תעשיות בע""מ",IL,אסם פתיתים אפויים עם,גרמים,130.00,100 גרם,false,,11.90,9.1538,true,1,127495
7290112965264,false,אבקת מרק נמס אפונה אסם בדצ 52 גרם מארז זוגי,"אסם תעשיות בע""מ",IL,אסם זוג מרק נמס אפונ,Unknown,2.00,יחידה,false,,6.50,3.2500,true,1,127501
7290112965288,false,מרק נמס ירקות אסם בדצ 56 גרם מארז זוגי,"אסם תעשיות בע""מ",IL,אסם זוג מרק נמס ירקו,Unknown,0.00,יחידה,false,,6.50,0.0000,true,1,127502
7290112965684,false,פיטנס - חטיף מולטיגריין עשבי תיבול 25 גרם,מיוצר עי קונדיטוריית,IL,פיטנס חטיף מולטיגריי,Unknown,0.00,יחידה,false,,5.90,0.0000,true,1,168305
7290112965745,false,אוסם - ביסלי פריסטייל בצל מעושן 60 גרם,"אסם השקעות בע""\מ",IL,ביסלי פריסטייל בצל מ,Unknown,0.00,יחידה,false,,4.90,0.0000,true,1,182920
7290112965806,false,אוסם - ביסלי פריסטייל חמוץ חריף 60 גרם,"אסם תעשיות בע""מ",IL,ביסלי פריסטייל חמוץ,Unknown,0.00,יחידה,false,,4.90,0.0000,true,1,182921
7290112965905,false,בייגלה שמיניות במליחות מעודנת אסם 400 גרם,מיוצר עי קונדיטוריית,IL,אסם בייגלה שמיניות ב,גרמים,400.00,100 גרם,false,,10.90,2.7250,true,1,127517
7290112965981,false,טבעול גורמה ארוחת דגנים 450 גרם,טבעול (מקבוצת אסם הש,IL,טבעול גורמה ארוחת דג,גרמים,450.00,100 גרם,false,,36.90,8.2000,true,1,194204
7290112966001,false,טבעול גורמה ארוחת ירוקים 450 גרם,טבעול (מקבוצת אסם הש,IL,טבעול גורמה ארוחת יר,גרמים,450.00,100 גרם,false,,36.90,8.2000,true,1,194205
7290112966247,false,לחמית כוסמין אסם 200 גרם,"אסם תעשיות בע""מ",IL,לחמית כוסמין 12*200ג,גרמים,200.00,100 גרם,false,,11.90,5.9500,true,1,159525
7290112966445,false,במבה מתוקה אריזה גדולה 100 ג' אסם,"אסם השקעות בע""\מ",IL,במבה מתוקה אריזה גדו,גרמים,100.00,100 גרם,false,,9.90,9.9000,true,1,168389
7290112966728,false,צבר טחינה בלאדי פלפלים חריפים 350 גרם,שוורצקוף& הנקל דיסלד,IL,צבר טחינה בלאדי פלפל,גרמים,350.00,100 גרם,false,,15.90,4.5429,true,1,127535
7290112966766,false,צבר טחינה בלאדי חציל עגבניות ושום 350 גרם,שוורצקוף& הנקל דיסלד,IL,צבר טחינה בלאדי חציל,גרמים,350.00,100 גרם,false,,15.90,4.5429,true,1,127537
7290112966803,false,אסם פודינג אינסטנט שוקולד 95 גרם,"אסם השקעות בע""\מ",IL,אסם פודינג אינסטנט ש,Unknown,0.00,יחידה,false,,5.50,0.0000,true,1,127539
7290112967114,false,פיטנס חטיפי פריכיות קטניות ופלפל 60 גרם,"פרח תעשיות מזון בע""\מ",IL,פיטנס חטיפי פריכיות,Unknown,0.00,יחידה,false,,9.90,0.0000,true,1,159523
7290112967138,false,בייגלה שמיניות ללא גלוטן אסם 250 גרם,מיוצר עי קונדיטוריית,IL,אסם בייגלה שמיניות ל,גרמים,250.00,100 גרם,false,,14.90,5.9600,true,1,127541
7290112967268,false,מרק בטעם עוף ואטריות 55 ג' אוסם,,,אסם מרק בטעם עוף ואט,גרמים,55.00,100 גרם,false,,4.90,8.9091,true,1,194713
7290112967299,false,אסם מרק ירקות ייעודי,,,אסם מרק ירקות ייעודי,גרמים,50.00,100 גרם,false,,4.90,9.8000,true,1,194714
7290112967381,false,פיטנס חטיפי פריכיות קטניות ומלח ים 60 גרם,"פרח תעשיות מזון בע""\מ",IL,פיטנס חטיפי פריכיות,Unknown,0.00,יחידה,false,,9.90,0.0000,true,1,159520
7290112967572,false,"אסם רוטב ברביקיו 290 מ""ל אסם",Unknown,IL,אסם רוטב ברביקיו 9*2,גרמים,335.00,100 גרם,false,,9.90,2.9552,true,1,127544
7290112967848,false,ג'לי תות שדה מופחת סוכר אסם 90 גרם,מיוצר עי קונדיטוריית,IL,אסם ג'לי תות שדה מופ,Unknown,0.00,יחידה,false,,6.90,0.0000,true,1,127550
7290112968449,false,סלט טחינה כרוב אדום 250 גרם,שוורצקוף& הנקל דיסלד,IL,צבר סלט כרוב אדום הי,גרמים,250.00,100 גרם,false,,11.90,4.7600,true,1,171909
7290112968685,false,חומוס גרגרים רכים בטבילה צבר 400 גרם,שוורצקוף& הנקל דיסלד,IL,צבר חומוס גרגרים בתט,גרמים,400.00,100 גרם,false,,15.90,3.9750,true,1,127558
7290112968807,false,פיטנס - קרקר דק סלק 140 גרם,מפעל אסם יקנעם,IL,פיטנס קרקר דק סלק 12,גרמים,140.00,100 גרם,false,,12.90,9.2143,true,1,168295
7290112968821,false,פיטנס - קרקר דק בטטה 140 גרם,מפעל אסם יקנעם,IL,פיטנס קרקר דק בטטה 1,גרמים,140.00,100 גרם,false,,12.90,9.2143,true,1,168306
7290113153264,false,בול לבבות כוכבים זהב,,,בול לבבות כוכבים זהב,Unknown,0.00,יחידה,false,,16.90,0.0000,true,1,169625
7290113191099,false,"סירופ מייפל טהור 250 מ""ל","קופרדקס איי פי אם בע""\מ",DK,סירופ מייפל טהור 250,,250.00,100 מל,false,,20.90,0.0836,true,1,182778
7290113191907,false,טורטיה להכנת פיצה שקדיה 400 גרם,אלקטי קוראבייכיסיגידה טו,TR,טורטיה חיטה להכנת פ,גרמים,400.00,100 גרם,false,,11.90,2.9750,true,1,134620
7290113191938,false,"סירופ רוזטה בטעם שקדים 750 מ""ל","פוליבה בע""ם",IL,סירופ רוזטה בטעם שקד,,750.00,100 מל,false,,18.90,0.0252,true,1,134622
7290113192072,false,חטיפי בוטנים מצופים בטעם צ'ילי שקדיה 120 גרם,דין שיווק,IL,בוטנים מצופים בטעם צ,גרמים,120.00,100 גרם,false,,10.90,9.0833,true,1,182774
7290113192300,false,זיתים מושחרים חרוזית 275 גרם בית השיטה,בית השיטה,IL,בית השיטה חרוזית מוש,גרמים,275.00,100 גרם,false,,10.90,3.9636,true,1,127559
7290113192317,false,טבעות זיתים מושחרים 280 גרם בית השיטה,בית השיטה,IL,בית השיטה טבעות זיתי,גרמים,560.00,100 גרם,false,,12.90,2.3036,true,1,127560
7290113192324,false,זיתים ירוקים שלמים בינוניים בית השיטה,בית-השיטה עסיס תעשיות מז,IL,בית השיטה זית ירוק א,גרמים,340.00,100 גרם,false,,9.90,2.9118,true,1,127561
7290113192348,false,בית השיטה זיתים ירוקים גדול מאודבטעם שום,בית-השיטה עסיס תעשיות מז,IL,ב.הש.זית ירוק ט.שום1,גרמים,340.00,100 גרם,false,,10.90,3.2059,true,1,127563
7290113192355,false,חרוזית זיתים ירוקים ללא גלעין 275 ג' בית השיטה,בית-השיטה עסיס תעשיות מז,IL,בית השיטה חרוזית ירו,גרמים,275.00,100 גרם,false,,11.90,4.3273,true,1,127564
7290113192362,false,זיתים ירוקים טבעות A2 בית השיטה 280 גרם,בית-השיטה עסיס תעשיות מז,IL,בית השיטה טבעות זיתי,גרמים,280.00,100 גרם,false,,12.90,4.6071,true,1,127565
7290113192379,false,בית השיטה זיתים ירוקים מבוקעים א2 340גר',"בית-השיטה תעשיות בע""\מ",IL,ב.הש.זיתים ירוקים מב,גרמים,340.00,100 גרם,false,,10.90,3.2059,true,1,127566
7290113192386,false,בית השיטה זיתים ירוקים סורי מבוקע 340גרם,בית השיטה,IL,בית השיטה זית סורי מ,גרמים,340.00,100 גרם,false,,12.90,3.7941,true,1,127567
7290113192393,false,בית השיטה קוקטייל זיתים א2 336 גרם,בית-השיטה עסיס תעשיות מז,IL,בית השיטה קוקטייל זי,גרמים,340.00,100 גרם,false,,12.90,3.7941,true,1,127568
7290113192478,false,מלפפונים במלח 10-12 בית השיטה 320 גרם,בית-השיטה עסיס תעשיות מז,IL,ב.הש.מלפ.מלח ר.טבע.א,גרמים,320.00,100 גרם,false,,9.90,3.0938,true,1,127575
7290113192485,false,מלפפונים בחומץ 10-12 בית השיטה 290 גרם,בית-השיטה עסיס תעשיות מז,IL,ב.הש.מלפ.חומץ ר.טבע.,גרמים,290.00,100 גרם,false,,9.90,3.4138,true,1,127576
7290113192492,false,מלפפונים בחומץ 13-17 בית השיטה 290 גרם,בית-השיטה עסיס תעשיות מז,IL,ב.הש.מלפ.חומץ ר.טבע.,גרמים,290.00,100 גרם,false,,11.90,4.1034,true,1,127577
7290113192508,false,ב.השיטה מלפפון במלח ר.טבע א2 17-13 320 גרם,בית-השיטה עסיס תעשיות מז,IL,ב.הש.מלפ.מלח ר.טבע.א,גרמים,320.00,100 גרם,false,,11.90,3.7188,true,1,127578
7290113192515,false,מלפפונים במלח 18-25 בית השיטה 320 גרם,בית-השיטה עסיס תעשיות מז,IL,ב.הש.מלפ.מלח ר.טבע.א,גרמים,320.00,100 גרם,false,,12.90,4.0313,true,1,127579
7290113192522,false,מלפפונים בחומץ 18-25 בית השיטה 290 גרם,בית-השיטה עסיס תעשיות מז,IL,ב.הש.מלפ.חומץ ר.טבע.,גרמים,290.00,100 גרם,false,,12.90,4.4483,true,1,127580
7290113192539,false,מלפפונים במלח 7-9 בית השיטה 320 גרם,בית-השיטה עסיס תעשיות מז,IL,ב.הש.מלפ.מלח ר.טבע.א,גרמים,320.00,100 גרם,false,,7.90,2.4688,true,1,127581
7290113192546,false,"מלפפונים בחומץ רכיבים טבעיים 7-9 ""בית השיטה""",בית-השיטה עסיס תעשיות מז,IL,ב.הש.מלפ.בחומץ ר.טבע,גרמים,290.00,100 גרם,false,,7.90,2.7241,true,1,127582
7290113192553,false,מלפפונים במלח 13-17 פיקנטי בית השיטה 320 גרם,בית-השיטה עסיס תעשיות מז,IL,ב.הש.מלפ.מלח.בלדי א2,גרמים,320.00,100 גרם,false,,11.90,3.7188,true,1,127583
7290113192560,false,פלפל שיפקה A2 בית השיטה 230 גרם,בית-השיטה עסיס תעשיות מז,IL,בית השיטה פלפל שיפקה,גרמים,230.00,100 גרם,false,,7.90,3.4348,true,1,127584
7290113192577,false,בית השיטה כרוב כבוש א2 12*430גרם חדש,"בית-השיטה תעשיות בע""\מ",IL,בית השיטה כרוב כבוש,גרמים,430.00,100 גרם,false,,9.90,2.3023,true,1,127585
7290113192881,false,"טורטיה חיטה מופחת קלוריות, קוטר 20 ס""מ - 6 יח'",דין שיווק,TR,טורטיה חיטה מופחתת,גרמים,270.00,100 גרם,false,,10.90,4.0370,true,1,161130
7290113192997,false,בית השיטה זית מרוקאי 340 גרם*,"בית השיטה תעשיות בע""\מ",IL,בית השיטה זית מרוקאי,גרמים,340.00,100 גרם,false,,15.90,4.6765,true,1,160051
7290113193000,false,בית השיטה פלפל שיפקונית 230 גרם*,"בית השיטה תעשיות בע""\מ",IL,בית השיטה פלפל שיפקו,גרמים,230.00,100 גרם,false,,12.90,5.6087,true,1,160052
7290113193017,false,בית השיטה חרוזית קוקטייל זיתים 275 גרם,"בית השיטה תעשיות בע""\מ",IL,בית השיטה חרוזית קוק,גרמים,275.00,100 גרם,false,,15.90,5.7818,true,1,159821
7290113193031,false,חרוזית קלמטה - זיתים שחורים ללא גלעין קלמטה,"בית השיטה תעשיות בע""\מ",IL,בית השיטה חרוזית קלמ,גרמים,275.00,100 גרם,false,,15.90,5.7818,true,1,172305
7290113193321,false,"שמן זית כתית מעולה בית השיטה 750 מ""ל",אצטס אבסה אס. איי. יו.,IL,בית השיטה שמן זית כת,מיליליטרים,750.00,"100 מ""ל",false,,34.90,4.6533,true,1,159635
7290113193406,false,"קוקטייל טבעות זיתים - זיתים ירוקים, שחורים מרינד","בית השיטה תעשיות בע""\מ",IL,בית השיטה טבעות קוקט,גרמים,280.00,100 גרם,false,,15.90,5.6786,true,1,159637
7290113193888,false,חצילים מוחמצים בית השיטה 320 גרם,"בית השיטה תעשיות בע""\מ",IL,בית השיטה חצילים מוח,גרמים,320.00,100 גרם,false,,12.90,4.0313,true,1,171086
7290113194090,false,בית השיטה טבעות זיתים קלמטה 280 גרם,בית השיטה תעשיות בעמ,IL,בית השיטה טבעות קלמט,גרמים,280.00,100 גרם,false,,15.90,5.6786,true,1,163078
7290113194373,false,בית השיטה עגבניות שרי מוחמצות 12*215 גרם,"בית השיטה תעשיות בע""\מ",IL,בית השיטה עגבניות שר,גרמים,215.00,100 גרם,false,,13.90,6.4651,true,1,183490
7290113195073,false,חלבה טורקית עם פיסטוק שקדיה 400 גרם,ח. אל עקר,IL,חלבה טורקית עם פיסטו,גרמים,400.00,100 גרם,false,,14.90,3.7250,true,1,182803
7290113195479,false,קמח שקדים שקדיה 200 גרם,"שקדיה גבע תעשיות בע""",IL,שקדיה קמח שקדים 200,גרמים,200.00,100 גרם,false,,14.70,7.3500,true,1,182788
7290113196414,false,"אורז בסמטי 1 ק""ג - שקדיה כחול מטאלי",דאבה סינג שאם סינג,IN,אורז בסמטי שקדיה 1,גרמים,1000.00,100 גרם,false,,10.90,1.0900,true,1,187238
7290113196759,false,בית השיטה ירקות מעורבים צנ.פלסטיק 6*750 גרם,בית השיטה עסיס תעשיו,IL,בית השיטה ירקות מעור,גרמים,750.00,100 גרם,false,,39.90,5.3200,true,1,183453
7290113197800,false,פלפל קלוי קלוי 400 גרם בית השיטה,בית השיטה,,בית השיטה פלפל קלוי,גרמים,400.00,100 גרם,false,,14.90,3.7250,true,1,197332
7290113197817,false,חציל קלוי 670 גרם בית השיטה,בית השיטה,,בית השיטה חציל קלוי,גרמים,670.00,100 גרם,false,,13.90,2.0746,true,1,197333
7290113198562,false,סוכריות גומי בטעם תות שדה 200 ג' שקדיה,טופגאם תעשיות ממתקים,IL,סוכריותגומי תות שדה,גרמים,200.00,100 גרם,false,,9.90,4.9500,true,1,196858
7290113198579,false,סוכריות גומי דובונים בטעמי פירות 200 ג' שקדיה,טופגאם תעשיות ממתקים,IL,סוכריות גומי דובונים,גרמים,150.00,100 גרם,false,,9.90,6.6000,true,1,196856
7290113198586,false,סוכריות גומי מסוכרות בטעם אפרסק 200 ג' שקדיה,טופגאם תעשיות ממתקים,IL,סוכריותגומי לבבות מס,גרמים,200.00,100 גרם,false,,9.90,4.9500,true,1,196857
7290113198593,false,סוכריות גומי מסוכרות בטעם בננה 200 ג' שקדיה,טופגאם תעשיות ממתקים,IL,סוכריותגומי מסוכרות,גרמים,200.00,100 גרם,false,,9.90,4.9500,true,1,196854
7290113198609,false,סוכריות גומי נחשים בטעמי פירות 200 ג' שקדיה,טופגאם תעשיות ממתקים,IL,סוכריותגומי נחשים ב,גרמים,150.00,100 גרם,false,,9.90,6.6000,true,1,196855
7290113199385,false,פרכיות כוסמת דקות בתוספת מלח שקדיה 100 גרם,זנבר המכללה לטבעונות,IL,פרכיות כוסמת דקות בת,גרמים,100.00,100 גרם,false,,9.90,9.9000,true,1,196873
7290113199842,false,מגש אירוח סוכריות גומי 700 ג' שקדיה,טופגאם תעשיות ממתקים,IL,מגש אירוח סוכריות ג,גרמים,700.00,100 גרם,false,,30.90,4.4143,true,1,196869
7290113199897,false,סוכריות חמצוצים בטעם תות שדה 180 ג' שקדיה,טופגאם תעשיות ממתקים,IL,סוכריות חמצוצים בטעם,גרמים,200.00,100 גרם,false,,9.90,4.9500,true,1,196861
7290113199903,false,סוכריות חמצוצים בטעם תות בננה 180 ג' שקדיה,טופגאם תעשיות ממתקים,IL,סוכריות חמצוצים בטעם,גרמים,200.00,100 גרם,false,,9.90,4.9500,true,1,196859
7290113199910,false,סוכריות חמצוצים בטעם קולה 180 ג' שקדיה,טופגאם תעשיות ממתקים,IL,סוכריות חמצוצים בטעם,גרמים,200.00,100 גרם,false,,9.90,4.9500,true,1,196860
7290113199934,false,סוכריות חמצוצים בטעם אוכמניות 180 ג' שקדיה,טופגאם תעשיות ממתקים,IL,סוכריות חמצוצים בטעם,גרמים,200.00,100 גרם,false,,9.90,4.9500,true,1,196862
7290113560109,false,פרודונטקס מ.שיניים בטעם צמחי 75 מל,פרודונטקס Parodontax,SK,מ.פרדונטקס צמחי 75 מ,Unknown,0.00,יחידה,false,,29.90,0.0000,true,1,197225
7290113594180,false,"בקבוק טריטן 700 מ""ל עם צמידים - חד קרן",,CN,בקבוק טריטן עם צמידי,Unknown,0.00,יחידה,false,,29.90,0.0000,true,1,129282
7290113597983,false,בוקט בלונים גלידה 7,,,בוקט בלונים גלידה 7,Unknown,0.00,יחידה,false,,24.90,0.0000,true,1,177431
7290113651036,false,שמיכות קיץ יחיד לי ק,,,שמיכות קיץ יחיד לי ק,Unknown,0.00,יחידה,false,,39.90,0.0000,true,1,177916
7290113655652,false,סט 3 מגבות מטבח,,,סט 3 מגבות מטבח,Unknown,0.00,יחידה,false,,6.90,0.0000,true,1,184882
7290113658189,false,ציפיות כותנה חדש,,,ציפיות כותנה חדש,Unknown,0.00,יחידה,false,,16.90,0.0000,true,1,182699
7290113659605,false,זוג תחתוני נשים,,,זוג תחתוני נשים,Unknown,0.00,יחידה,false,,10.00,0.0000,true,1,171213
7290113831575,false,גרבי נשים,,,גרבי נשים,Unknown,0.00,יחידה,false,,7.90,0.0000,true,1,171206
7290113836044,false,גופיות פרימים גבר כו,,,גופיות פרימים גבר כו,Unknown,1.00,יחידה,false,,16.90,16.9000,true,1,187278
7290113837607,false,גרבי פורטה בנים,,,גרבי פורטה בנים,Unknown,1.00,יחידה,false,,12.90,12.9000,true,1,187272
7290114162807,false,טו גו כוסות נייר 40,,,טו גו כוסות נייר 40,Unknown,0.00,יחידה,false,,6.90,0.0000,true,1,201954
7290114162845,false,טו גו 100 יח' כוסות,,,טו גו 100 יח' כוסות,Unknown,0.00,יחידה,false,,7.90,0.0000,true,1,201957
7290114162852,false,הום צלחות גדולות 50,,,הום צלחות גדולות 50,Unknown,0.00,יחידה,false,,28.90,0.0000,true,1,202102
7290114162869,false,הום צלחות קטנות 25 י,,,הום צלחות קטנות 25 י,Unknown,0.00,יחידה,false,,6.90,0.0000,true,1,202091
7290114162876,false,הום קעריות אובליות ח,,,הום קעריות אובליות ח,Unknown,0.00,יחידה,false,,4.90,0.0000,true,1,202099
7290114250009,false,אטריות אסלית 250 ג' PASTOS,,,אטריות אסלית 250 גרם,גרמים,250.00,100 גרם,false,,3.90,1.5600,true,1,148469
7290114250856,false,וואפלים אקסטרא 1.125,,,וואפלים אקסטרא 1.125,Unknown,0.00,יחידה,false,,19.90,0.0000,true,1,204685
7290114310215,false,"שמנת מתוקה 38% רמת הגולן 250 מ""ל ווסטהיים - מוצר בפיקוח",מילקו תעשיות בעמ,IL,שמנת מתוקה טרה 38%,,250.00,100 מל,false,,6.47,0.0259,true,1,167908
7290114310222,false,חלב מועשר בסידן וויטמין Dי 3% 1.5 ל' טרה,מילקו תעשיות בעמ,IL,חלב מועשר בסידן וויט,קילוגרמים,1.50,ליטר,false,,12.50,8.3333,true,1,161844
7290114310239,false,חלב נטול לקטוז מועשר בוויטמין D י 2% 1.5 ל' טרה,מילקו תעשיות בעמ,IL,חלב נטול לקטוז מועשר,קילוגרמים,1.50,ליטר,false,,12.50,8.3333,true,1,161848
7290114310246,false,גרנה פדנו צ'אנק משק צוריאל 125 גרם,מחלבת משק צוריאל,IL,גרנה פדנו צ'אנק,גרמים,125.00,100 גרם,false,,20.90,16.7200,true,1,172187
7290114310253,false,גרנה פדנו מגורדת משק צוריאל 100 גרם,מחלבת משק צוריאל,IL,גרנה פדנו מגורדת,Unknown,0.00,יחידה,false,,13.90,0.0000,true,1,172188
7290114310338,false,צפתית מעודנת 5% בגביע 225 גרם משק צוריאל,מחלבת משק צוריאל,IL,צפתית מעודנת 5%,גרמים,225.00,100 גרם,false,,20.90,9.2889,true,1,172189
7290114310345,false,מעדן יוגורט בטעם תות 1.5% 125 גרם טרה,מילקו תעשיות בעמ,IL,מעדן יוגורט בטעם תות,,125.00,100 מל,false,,3.20,0.0256,true,1,166382
7290114310383,false,Muller Froop מולר יוגורט מוקצף בטעם וניל 90 גרם,מולר Muller,IL,muller froop קצפת יו,Unknown,0.00,יחידה,false,,5.40,0.0000,true,1,201077
7290114310390,false,מולר פרופ קציפת יוגורט בטעם בננה לוטי 97 גרם,מולר Muller,IL,muller froop קצפת יו,Unknown,0.00,יחידה,false,,5.40,0.0000,true,1,201078
7290114310406,false,מולר פרופ קציפת יוגורט בטעם תות 97 גרם,מולר Muller,IL,muller froop קצפת יו,Unknown,0.00,יחידה,false,,5.40,0.0000,true,1,201079
7290114310536,false,יוגורט לייט מעושר חלבון 25 גרם חלבון וניל MULLER ACTIVE,מולר Muller,IL,מולר אקטיב לייט יוגו,,200.00,100 מל,false,,7.90,0.0395,true,1,172989
7290114310550,false,גבינת פטה עיזים מעודנת 5% משק צוריאל 200 גרם,מחלבת משק צוריאל,IL,פטה עיזים מעודנת 5%,גרמים,200.00,100 גרם,false,,26.90,13.4500,true,1,181375
7290114310567,false,לאבנה עיזים 5% טרה 200 גרם,מחלבת משק צוריאל,IL,לאבנה עיזים 5%,גרמים,200.00,100 גרם,false,,16.90,8.4500,true,1,181378
7290114310574,false,גבינת קרם שמנת עיזים 5% 200 גר',מחלבת משק צוריאל,IL,גבינת קרם שמנת עיזים,גרמים,200.00,100 גרם,false,,15.90,7.9500,true,1,181377
7290114310611,false,"משקה חלב בננה בבקבוק פקק ספורט טרה 250 מ""ל",מילקו תעשיות בעמ,IL,משקה חלב בננה בבקבוק,,250.00,100 מל,false,,5.90,0.0236,true,1,181379
7290114310628,false,משקה חלב וניל ועוגיות בקבוק 1 ליטר,מילקו תעשיות בעמ,IL,משקה חלב וניל עוגיות,קילוגרמים,1.00,ליטר,false,,11.90,11.9000,true,1,180835
7290114310673,false,לאבנה מחלב בקר 9% 25,Unknown,IL,לאבנה 9% 250 גרם,גרמים,250.00,100 גרם,false,,13.90,5.5600,true,1,181382
7290114310895,false,"סימפלי פרוט יוגורט עם מנגו תות, שמיניה 8 * 150 גרם",מולר Muller,IL,מאגדת שמינייה סימפלי,Unknown,0.00,יחידה,false,,31.90,0.0000,true,1,186792
7290114311014,false,"משקה חלב אייס קפוצ'ינו פקק ספורט טרה 250 מ""ל",מילקו תעשיות בעמ,IL,משקה חלב אייס קפוצ'י,,250.00,100 מל,false,,5.90,0.0236,true,1,196418
7290114311021,false,"משקה חלב וניל עוגיות פקק ספורט טרה 250 מ""ל",מילקו תעשיות בעמ,IL,משקה חלב וניל עוגיות,,250.00,100 מל,false,,5.90,0.0236,true,1,196419
7290114311038,false,"שמנת מתוקה 32% עמידה בבקבוק טרה 250 מ""ל",מילקו תעשיות בעמ,IL,שמנת מתוקה טרה 32% ב,,250.00,100 מל,false,,7.50,0.0300,true,1,196420
7290114311076,false,"חמאת מולר צהובה עם שום, 200 גרם",מולר Muller,IL,חמאת מולר צהובה עם ש,גרמים,200.00,100 גרם,false,,13.90,6.9500,true,1,196425
7290114311083,false,חמאת מולר צהובה במליחות מעודנת 200 גרם,מילקו,IL,חמאת מולר צהובה עם מ,גרמים,200.00,100 גרם,false,,13.90,6.9500,true,1,196424
7290114311106,false,יוגורט נטורל בתוספת גרנולה וסירופ סילאן 177 ג' MULLER,מילקו,IL,מולר נטורל + יוגורט,Unknown,0.00,יחידה,false,,7.50,0.0000,true,1,191505
7290114311298,false,יוגורט מולר פרופ בטעם תות בננה מלון 150,מולר Muller,IL,מולר יוגורט פרופ תות,,150.00,100 מל,false,,5.10,0.0340,true,1,197425
7290114311304,false,יוגורט קציפת מנגו פסיפלורה בננה 150 ג' מולר,מולר Muller,IL,מולר יוגורט פרופ מנג,,150.00,100 מל,false,,5.10,0.0340,true,1,197426
7290114311328,false,חלב מועשר דל לקטוז מעושר בויטמין Dי 2% שומן טרה 1 ליטר,ג'י.אר.אמ.גרופו אלימ,IL,חלב נטול לקטוז מועשר,קילוגרמים,1.00,ליטר,false,,8.50,8.5000,true,1,198323
7290114311359,false,יוגורט עם קציפת מנגו 3% שומן פרופ 150 ג' מולר,מולר Muller,IL,מולר פרופ יוגורט עם,,150.00,100 מל,false,,5.10,0.0340,true,1,198268
7290114311434,false,מולר אקטיב יוגורט חלבון קרמל מלוח 200 גרם,מולר Muller,IL,מולר אקטיב בטעם קרמל,,200.00,100 מל,false,,7.90,0.0395,true,1,201074
7290114311441,false,מולר אקטיב יוגורט חלבון עוגיות חמאה 200 גרם,מולר Muller,IL,מולר אקטיב בטעם עוגי,,200.00,100 מל,false,,7.90,0.0395,true,1,201075
7290114311458,false,קרטון חלב 3% מועשר ויטמין די 1ליטר,Unknown,IL,חלב מועשר בסידן וויט,,1000.00,100 מל,false,,7.90,0.0079,true,1,198789
7290114311502,false,משקה חלב בטעם סחלב בבקבוק 1 ליטר,מילקו תעשיות בעמ,IL,משקה חלב בטעם סחלב,קילוגרמים,1.00,ליטר,false,,11.90,11.9000,true,1,200523
7290114311526,false,יוגורט פרופ קציפת תפוז גי'נג'ר 3% מולר 150 גרם,מולר Muller,IL,מולר פרופ קציפת תפוז,מיליליטרים,150.00,"100 מ""ל",false,,5.40,3.6000,true,1,204633
7290114311533,false,יוגורט פרופ קציפת פרי בטעם סנגריה 3% מולר 150 גרם,מולר Muller,IL,מולר פרופ קציפת פרי,מיליליטרים,150.00,"100 מ""ל",false,,5.40,3.6000,true,1,204630
7290114311557,false,יוגורט נטורל ו גרנולה בתוספת סירופ מייפל 170 ג' מולר,מולר Muller,IL,מולר נטורל + יוגורט,גרמים,170.00,100 גרם,false,,7.50,4.4118,true,1,204626
7290114347372,false,סט X3 צנצנת זכוכית,,,סט X3 צנצנת זכוכית,Unknown,0.00,יחידה,false,,39.90,0.0000,true,1,185465
7290114480192,false,נויה שמפו ארגן 500 מ,,,נויה שמפו ארגן 500 מ,מיליליטרים,500.00,"100 מ""ל",false,,19.90,3.9800,true,1,198176
7290114480208,false,"נויה שמפו קיק 500 מ""",,,"נויה שמפו קיק 500 מ""",מיליליטרים,500.00,"100 מ""ל",false,,19.90,3.9800,true,1,198177
7290114480215,false,נויה שמפו קרטין 500,,,נויה שמפו קרטין 500,מיליליטרים,500.00,"100 מ""ל",false,,19.90,3.9800,true,1,198178
7290114480222,false,נויה מרכך קוקוס 500,,,נויה מרכך קוקוס 500,מיליליטרים,500.00,"100 מ""ל",false,,19.90,3.9800,true,1,198184
7290114480239,false,נויה מרכך ארגן 500 מ,,,נויה מרכך ארגן 500 מ,מיליליטרים,500.00,"100 מ""ל",false,,19.90,3.9800,true,1,198179
7290114480253,false,נויה מרכך קרטין 500,,,נויה מרכך קרטין 500,מיליליטרים,500.00,"100 מ""ל",false,,19.90,3.9800,true,1,198181
7290114480277,false,נויה מסכה לשיער קרטי,,,נויה מסכה לשיער קרטי,מיליליטרים,500.00,"100 מ""ל",false,,39.90,7.9800,true,1,198183
7290114480291,false,נויה סרום לשיער קרטי,,,נויה סרום לשיער קרטי,Unknown,0.00,יחידה,false,,29.90,0.0000,true,1,198192
7290114600750,false,קו-קווים חטיף אפוי עם גבינת פקורינו - חלבי,הדקלאים אגודת שיתופי,IT,FREE קו-קווים חטיף א,Unknown,0.00,יחידה,false,,12.90,0.0000,true,1,159934
7290114600774,false,FREE קו-קווים חטיף אפוי עם רוזמרין 150 גר',הדקלאים אגודת שיתופי,IT,FREE קו-קווים חטיף א,Unknown,0.00,יחידה,false,,12.90,0.0000,true,1,159936
7290114600927,false,עלי טורטייה חיטה מלאה מאסטר שף 320 גרם,אלקאטי קורביישיסי גי,ES,מאסטר שף עלי טורטיה,גרמים,320.00,100 גרם,false,,10.90,3.4063,true,1,167983
7290114600941,false,מאסטר שף מיונז הולנדי לחיץ 435 גרם,קפה לנדוור,NL,מאסטר שף מיונז לחיץ,גרמים,435.00,100 גרם,false,,14.90,3.4253,true,1,172619
7290114603034,false,"פרי גרנולה אגוזים צימוקים וחמוציות, 300 ג'","אפקט טבעי בע""מ",IL,פרי גרנולה אגוזים צי,Unknown,0.00,יחידה,false,,16.90,0.0000,true,1,169913
7290114603508,false,"רוטב להקצפה מאסטר שף 300 מ""ל",סיטי פוד,TH,מאסטר שף רוטב להקפצה,מיליליטרים,300.00,"100 מ""ל",false,,9.90,3.3000,true,1,168038
7290114603522,false,מאסטר שף רוטב קארי ירוק 340 גרם,תאי סופרים,TH,מאסטר שף רוטב קארי י,גרמים,340.00,100 גרם,false,,15.90,4.6765,true,1,168040
7290114603539,false,קרוטונים למרק שום בצל מאסטר שף 350 גרם,"עינת תעשיות מזון, אגשח ב",IL,מאסטר שף קרוטונים למ,גרמים,350.00,100 גרם,false,,18.90,5.4000,true,1,168041
7290114603591,false,PLAY חטיף פוף בטעם קטשופ 40 גרם,מנה,IL,פוף PLAY בטעם קטשופ,Unknown,0.00,יחידה,false,,3.90,0.0000,true,1,163046
7290114603607,false,PLAY חטיף פוף בטעם חמוץ חריף 40 גרם,מנה,,פוף PLAY בטעם חומץ ח,Unknown,0.00,יחידה,false,,3.90,0.0000,true,1,163047
7290114604222,false,קולגייט אופטיק וייט אקסטרא זוג 75 מל,CP-Poland swidnica,PL,קולגייט אופטיק וייט,Unknown,0.00,יחידה,false,,44.90,0.0000,true,1,163831
7290114604840,false,דפי אורז קוטר 16 מאסטר שף 400 ג',מאסטר שף,VN,דפי אורז קוטר 16,Unknown,0.00,יחידה,false,,14.90,0.0000,true,1,172430
7290114604857,false,"דפי אורז מאסטר שף קוטר 22 ס""מ 400 גרם",לוק הונג טריידינג פר,VN,דפי אורז קוטר 22,Unknown,0.00,יחידה,false,,14.90,0.0000,true,1,172431
7290114604864,false,קוסקוס סולת דק מאסטר שף 350 גרם,דוידוביץ,IL,קוסקוס סולת דק 350 ג,גרמים,350.00,100 גרם,false,,5.90,1.6857,true,1,169911
7290114604871,false,קוסקוס סולת בינוני מאסטר שף 350 גרם,דוידוביץ,IL,קוסקוס סולת בינוני 3,גרמים,350.00,100 גרם,false,,5.90,1.6857,true,1,169912
7290114604895,false,ממרח ספייסי לחיץ מאסטר שף 446 גרם,מאסטר שף,NL,מאסטר שף ממרח ספייסי,גרמים,446.00,100 גרם,false,,14.90,3.3408,true,1,182530
7290114604901,false,ממרח שום לחיץ מאסטר שף 444 גרם,מאסטר שף,NL,מאסטר שף ממרח שום לח,גרמים,444.00,100 גרם,false,,14.90,3.3559,true,1,182531
7290114604925,false,קרם קוקוס לייט מאסטר שף 400 גרם,"תאי קוקונאט חברה בע""",TH,מאסטר שף קרם קוקוס ל,מיליליטרים,400.00,"100 מ""ל",false,,9.90,2.4750,true,1,186632
7290114604932,false,רוטב ברביקיו דבש מאסטר שף 520 גרם,רמיה סי.וי. הולנד,NL,מאסטר שף רוטב ברביקי,גרמים,520.00,100 גרם,false,,13.90,2.6731,true,1,182534
7290114604949,false,מאסטר שף רוטב ברביקיו 524 גרם,רמיה סי.וי. הולנד,NL,מאסטר שף רוטב ברביקי,גרמים,524.00,100 גרם,false,,13.90,2.6527,true,1,182535
7290114604963,false,פירורי לחם מתובלים מאסטר שף 230 גרם,מאסטר שף,IL,מאסטר שף פירורים מתו,גרמים,230.00,100 גרם,false,,6.90,3.0000,true,1,172432
7290114605533,false,משטח חיתוך חד פעמי 30 יח' קוקי,,CN,משטח חיתוך חד פעמי,Unknown,0.00,יחידה,false,,18.90,0.0000,true,1,197272
7290114605557,false,נייר עטיפה לסנדוויץ קוקי 80 יח',פישל,IL,קוקי-נייר עטיפה לסנד,Unknown,0.00,יחידה,false,,13.90,0.0000,true,1,180297
7290114606387,false,"מארז משחת שיניים אופטיק וויט פחם 2*75 מ""ל קולגייט",קולגייט פלמוליב,PL,משחת שיניים אופטיק ו,Unknown,0.00,יחידה,false,,44.90,0.0000,true,1,180298
7290114606530,false,רוטב בטעם מיונז וקטשופ מאסטר שף 515 גרם,מאסטר שף,NL,מאסטר שף מיונז וקטשו,גרמים,515.00,100 גרם,false,,14.90,2.8932,true,1,182532
7290114606547,false,מיונז פטריות כמהין לחיץ מאסטר שף 242 גרם,מאסטר שף,NL,מאסטר שף מיונז עם פט,גרמים,242.00,100 גרם,false,,14.90,6.1570,true,1,182533
7290114606554,false,מיונז מופחת קלוריות בקבוק לחיץ,מאסטר שף,NL,מאסטר שף מיונז לייט,גרמים,470.00,100 גרם,false,,14.90,3.1702,true,1,182536
7290114606561,false,מאסטר שף אטריות אורז דקות ורמיצ'לי 400 ג,לינג טונג רייס ורמיצ'ילי,TH,מאסטר שף אטריות אורז,גרמים,400.00,100 גרם,false,,10.90,2.7250,true,1,186630
7290114606578,false,שקדי מרק מאסטר שף 400 גרם,מאסטר שף,IL,מאסטר שף שקדי מרק 40,גרמים,400.00,100 גרם,false,,9.90,2.4750,true,1,186182
7290114606592,false,מאסטר שף סויה מסורתית 46% פולי סויה 620 גרם,קריניציה ויטמינה אס,TH,מאסטר שף סויה מסורתי,Unknown,0.00,יחידה,false,,16.90,0.0000,true,1,184343
7290114606608,false,רוטב סויה מסורתי מאסטר שף דל נתרן 40 דל נתרן,קריניציה ויטמינה אס,TH,מאסטר שף סויה מסורתי,Unknown,0.00,יחידה,false,,16.90,0.0000,true,1,184344
7290114607391,false,"קולגייט משחת לילדים ברבי 2-5 שנים, 75 מ""ל",קולגייט פלמוליב,PL,קולגייט משחת ילדים ב,Unknown,0.00,יחידה,false,,16.90,0.0000,true,1,184818
7290114608633,false,"דפי אצה מאסטר שף, 25 גרם",מאסטר שף,VN,מאסטר שף דפי אצה 25,Unknown,0.00,יחידה,false,,11.90,0.0000,true,1,191892
7290114608640,false,קרוטונים לסלט כוסמין מאסטר שף 260 גרם,עינת תעשיות מזון אגו,IL,מאסטר שף קרוטונים לס,גרמים,260.00,100 גרם,false,,18.90,7.2692,true,1,186176
7290114608695,false,מיונז עם ווסאבי לחיץ מאסטר שף 241 גרם,רמיה סי.וי,NL,מאסטר שף מיונז עם וו,גרמים,241.00,100 גרם,false,,14.90,6.1826,true,1,186631
7290114657952,false,נרות לבנים ארוכים עם,,,נרות לבנים ארוכים עם,Unknown,0.00,יחידה,false,,10.00,0.0000,true,1,167291
7290114657969,false,נרות לבנים ארוכים עם,,,נרות לבנים ארוכים עם,Unknown,0.00,יחידה,false,,10.00,0.0000,true,1,167292
7290114659949,false,מסכה לפנים חד-פעמי 50 יחי,נ'יאנג יונג,CN,מסכה לפנים חד -פעמי,Unknown,0.00,יחידה,false,,9.90,0.0000,true,1,163363
7290114721578,false,ערכת ציחצוח לילדים חד קרן פוג'יקום,פוג'יקום,CN,ערכת צחצוח לילדים -,Unknown,0.00,יחידה,false,,79.90,0.0000,true,1,196194
7290114821469,false,כבד דג שיבוט מעושן במיץ טבעי אופיסר 120 גרם,אופיסר Officer,IS,כבד דג שיבוט מעושן ב,גרמים,120.00,100 גרם,false,,14.90,12.4167,true,1,177781
7290115071689,false,בקבוק טריטן עם צמידי,,,בקבוק טריטן עם צמידי,Unknown,0.00,יחידה,false,,29.90,0.0000,true,1,199078
7290115074826,false,בקבוק פלסטיק עם צמיד,,,בקבוק 500 מל פלסטיק,Unknown,0.00,יחידה,false,,14.90,0.0000,true,1,183766
7290115076189,false,קופסת אוכל מחולקת הפוני הקטן שלי,,,קופסת אוכל מחולקת -,Unknown,0.00,יחידה,false,,19.90,0.0000,true,1,199093
7290115079395,false,בקבוק נירוסטה דופן כ,,,בקבוק 500 מל נירוסטה,Unknown,0.00,יחידה,false,,39.90,0.0000,true,1,185098
7290115200003,false,פתי בר פינוקי וניל אסם 220 גרם,תאי פרזידנט פוד פאבל,PL,אסם פתי בר פינוקי ונ,גרמים,220.00,100 גרם,false,,11.90,5.4091,true,1,163068
7290115200027,false,אסם פתי בר פינוקים שוקו 220 גרם,קריות זול,PL,אסם פתי בר פינוקי שו,גרמים,220.00,100 גרם,false,,11.90,5.4091,true,1,163069
7290115200676,false,עוגיות קרמוגית במילוי קרם בטעם קרמל מלוח,"הגביע מוצרי וופלים בע""\מ",IL,אסם קרמוגית קרמל מלו,גרמים,200.00,100 גרם,false,,11.90,5.9500,true,1,163816
7290115200713,false,במבה קלאסי מארז אחיד 8 50*5 ג',"אסם השקעות בע""\מ",IL,במבה קלאסי מארז אחיד,גרמים,250.00,100 גרם,false,,13.90,5.5600,true,1,163070
7290115201031,false,אסם פתי בר דובי שוקולד 175 גרם,טרופיקל דגיל תעשיות,PL,אסם פתיבר דובי שוקול,גרמים,175.00,100 גרם,false,,11.90,6.8000,true,1,180469
7290115201550,false,ביסלי קרנבל מיקס 150 ג' אסם,פרו מן יו פתרונות אר,IL,ביסלי קרנבל מיקס 24*,גרמים,150.00,100 גרם,false,,8.90,5.9333,true,1,166749
7290115201680,false,ביסלי בטעם ברביקיו אסם 70 גרם,"אסם השקעות בע""\מ",IL,ביסלי ברביקיו 48*70ג,Unknown,0.00,יחידה,false,,4.90,0.0000,true,1,167429
7290115201703,false,ביסלי ברביקיו גדול אסם 200 גרם,מיוצר עי קונדיטוריית,IL,ביסלי ברביקיו 25*200,גרמים,200.00,100 גרם,false,,8.90,4.4500,true,1,167430
7290115201727,false,ביסלי חטיף בטעם בצל אסם 200 גרם,מיוצר עי קונדיטוריית,IL,ביסלי בצל 25*200גרם,גרמים,200.00,100 גרם,false,,8.90,4.4500,true,1,167425
7290115201741,false,ביסלי בטעם בצל אסם 70 גרם,"אסם השקעות בע""\מ",IL,ביסלי בצל 24*70גרם,Unknown,0.00,יחידה,false,,4.90,0.0000,true,1,171786
7290115202786,false,מנה חמה פאוץ נודלס אטריות טעם בקר 70 גרם,תאי פרזידנט,TH,מנה חמה פאוצ' נדלס.א,Unknown,0.00,יחידה,false,,5.50,0.0000,true,1,180546
7290115202816,false,מנה חמה פאוץ נודלס אטריות טעם עוף 70 גרם,תאי פרזידנט,TH,מנה חמה פאוצ' נדלס.א,Unknown,0.00,יחידה,false,,5.50,0.0000,true,1,180547
7290115202847,false,מנה חמה פאוץ נודלס אטריות טעם עוף 70 גרם,תאי פרזידנט,TH,מנה חמה פאוצ נודלס ס,Unknown,0.00,יחידה,false,,5.50,0.0000,true,1,180548
7290115203134,false,פופקו פופקורן במבה - פופקורן בציפוי קרמל ובוטנים,"אסם השקעות בע""\מ",IL,פופקו פופקורן במבה 4,Unknown,0.00,יחידה,false,,5.90,0.0000,true,1,182924
7290115203172,false,במבה PRO מכיל 18 גרם חלבון בשקית,"אסם השקעות בע""\מ",IL,במבה פרו 40*80גרם,Unknown,0.00,יחידה,false,,4.90,0.0000,true,1,198504
7290115203806,false,"רוטב בסיס לבישול אסם 290 מ""ל","אסם השקעות בע""\מ",IL,אסם רוטב בסיס 9*290מ,גרמים,350.00,100 גרם,false,,15.90,4.5429,true,1,189348
7290115204018,false,מנה חמה איטלקי פסטה בסגנון אלפרדו 60 ג' אסם,"אסם תעשיות בע""מ",IL,מנה חמה איטלקי פסטה,Unknown,0.00,יחידה,false,,7.90,0.0000,true,1,204331
7290115204056,false,"קטשופ מופחת סוכר אסם 690 גרם כשל""פ","אסם תעשיות בע""מ",IL,אסם קטשופ מופחת סוכר,גרמים,690.00,100 גרם,false,,11.90,1.7246,true,1,178105
7290115204155,false,"סחוג אדום 190 גרם ""צבר""",פרסקו,IL,צבר סחוג אדום 6*190ג,גרמים,190.00,100 גרם,false,,12.00,6.3158,true,1,192880
7290115204261,false,אריסה חריפה 190 ג' צבר,פרסקו,IL,צבר אריסה 6*190גרם ח,גרמים,190.00,100 גרם,false,,12.00,6.3158,true,1,192881
7290115205176,false,פיטנס - קרקר דק כפרי פיטנס 140 גרם,נסטלה Nestle,IL,פיטנס קרקר THIN כפרי,גרמים,140.00,100 גרם,false,,12.90,9.2143,true,1,187881
7290115205312,false,קרקר פיטנס דק עם זיתי קלמטה ועשבי תיבול,"אסם השקעות בע""\מ",IL,פיטנס קרקר Thin זיתי,גרמים,140.00,100 גרם,false,,12.90,9.2143,true,1,197327
7290115205527,false,פיטנס חטיף מולטיגריין עם עדשים 25 גרם,"אסם השקעות בע""\מ",IL,פיטנס חטיף מולטגריין,Unknown,0.00,יחידה,false,,5.90,0.0000,true,1,197413
7290115205541,false,פיטנס חטיף מולטיגריין עם חומוס 25 גרם,"אסם השקעות בע""\מ",IL,פיטנס חטיף מולטיגריי,Unknown,0.00,יחידה,false,,5.90,0.0000,true,1,197415
7290115206135,false,"טבעול גורמה ארוחת קינואה, 450 גרם",טבעול (מקבוצת אסם הש,IL,טבעול גורמה ארוחת קי,גרמים,450.00,100 גרם,false,,36.90,8.2000,true,1,194206
7290115206531,false,אסם קרמוגית במילוי קרם בייגלה 12*200 גרם,אסם-נסטלה,IL,אסם קרמוגית במילוי ק,גרמים,200.00,100 גרם,false,,11.90,5.9500,true,1,187965
7290115206852,false,ביסלי צ'יזי סטיקס חדש 70 ג אסם,"אסם השקעות בע""\מ",IL,ביסלי צ'יזי סטיקס חד,Unknown,0.00,יחידה,false,,4.90,0.0000,true,1,198505
7290115207484,false,"""המעדניה"" צבר חציל על האש 400 גרם",ג'נרל מילס סאן אדריא,IL,צבר חציל על האש היתר,גרמים,400.00,100 גרם,false,,15.90,3.9750,true,1,192884
7290115207507,false,"סלט טורקי 330 גרם ""צבר""",מפעל צבר,IL,צבר סלט טורקי 6*360ג,גרמים,360.00,100 גרם,false,,15.90,4.4167,true,1,192882
7290115207682,false,אסם רוטב בסגנון סויה סיני 9*290מל חדש,"אסם השקעות בע""\מ",IL,אסם רוטב בסגנון סויה,גרמים,330.00,100 גרם,false,,9.90,3.0000,true,1,197334
7290115207880,false,סירופ ויטמינציק פטל 2 ליטר,בית השיטה עסיס תעשיו,IL,ויטמינצ'יק פטל כלפ 6,קילוגרמים,2.00,ליטר,false,,46.90,23.4500,true,1,192961
7290115207903,false,סירופ ויטמינציק תפוח 2 ליטר,בית השיטה עסיס תעשיו,IL,ויטמינצ'יק תפוח 6*2ל,קילוגרמים,2.00,ליטר,false,,46.90,23.4500,true,1,192962
7290115207941,false,סירופ אננס ויטמינצ'יק 1 ליטר,בית-השיטה עסיס תעשיות מז,IL,ויטמינצ'יק אננס 12*1,,1000.00,100 מל,false,,21.90,0.0219,true,1,192955
7290115207965,false,סירופ מנגו אפרסק ויטמינצ'יק 1 ליטר,בית-השיטה עסיס תעשיות מז,IL,ויטמינצ'יק מנגו אפרס,,1000.00,100 מל,false,,21.90,0.0219,true,1,192956
7290115207989,false,סירופ לימון ויטמינצ'יק 1 ליטר,בית-השיטה עסיס תעשיות מז,IL,ויטמינצ'יק לימון 12*,,1000.00,100 מל,false,,21.90,0.0219,true,1,192957
7290115208009,false,סירופ ענבים ויטמינצ'יק 1 ליטר,בית-השיטה עסיס תעשיות מז,IL,ויטמינצ'יק ענבים 12*,,1000.00,100 מל,false,,21.90,0.0219,true,1,192960
7290115208023,false,סירופ ויטמינציק ענבים 2 ליטר,,,ויטמינצ'יק ענבים 6*2,קילוגרמים,2.00,ליטר,false,,46.90,23.4500,true,1,192963
7290115208047,false,סירופ פטל ויטמינצ'יק 1 ליטר,בית-השיטה עסיס תעשיות מז,IL,ויטמינצ'יק פטל 12*1ל,,1000.00,100 מל,false,,21.90,0.0219,true,1,192954
7290115208061,false,סירופ תפוח ויטמינצ'יק 1 ליטר,בית השיטה עסיס תעשיות מז,IL,ויטמינצ'יק תפוח 12*1,,1000.00,100 מל,false,,21.90,0.0219,true,1,192958
7290115208320,false,אפרופו טעם ביסלי בצל אסם 50 גרם,"אסם השקעות בע""\מ",IL,אפרופו בטעם ביסלי בצ,Unknown,0.00,יחידה,false,,5.90,0.0000,true,1,200660
7290115208344,false,בייגלה כפיות שמנת בצל אסם 300 גרם,"אסם השקעות בע""\מ",IL,אסם בייגלה כפיות שמנ,גרמים,300.00,100 גרם,false,,10.90,3.6333,true,1,198507
7290115208597,false,קרמוגית מיניס קרמל מלוח אסם 200 גרם,"אסם השקעות בע""\מ",IL,אסם קרמוגית מיניס קר,גרמים,200.00,100 גרם,false,,11.90,5.9500,true,1,198030
7290115208801,false,לחמית דבש ואגוזים אסם 190 גרם,לחמית,IL,לחמית דבש ואגוזים 12,גרמים,190.00,100 גרם,false,,11.90,6.2632,true,1,198508
7290115208849,false,מנה חמה פירה ובטטה אסם 51 גרם,"אסם תעשיות בע""מ",IL,מנה חמה פירה עם בטטה,Unknown,0.00,יחידה,false,,7.90,0.0000,true,1,200612
7290115209174,false,במבה אורירית קלאסי 60 גר',אסם השקעות בעמ,IL,במבה אורירית 45*60גר,Unknown,0.00,יחידה,false,,4.90,0.0000,true,1,197338
7290115209198,false,במבה אוורירית אסם 80 גרם,"אסם תעשיות בע""מ",IL,במבה אורירית 40*80גר,Unknown,0.00,יחידה,false,,4.90,0.0000,true,1,197337
7290115209358,false,במבה במילוי קרם בטעם בראוניז,"אסם השקעות בע""\מ",IL,במבה במילוי בראוניז,Unknown,0.00,יחידה,false,,4.90,0.0000,true,1,200658
7290115209372,false,במבה במילוי בראוניז 150ג' אסם,"אסם השקעות בע""\מ",IL,במבה במילוי בראוניז,גרמים,150.00,100 גרם,false,,10.90,7.2667,true,1,200659
7290115292626,false,פרולטה פירות יער קרם רגליים אינטנסיבי 100,,,פרולטה פירות יער קרם,Unknown,0.00,יחידה,false,,8.90,0.0000,true,1,172735
7290115292657,false,פרולטה פירות יער קרם רב שימושי 300מ'ל,,IL,פרולטה פירות יער קרם,Unknown,0.00,יחידה,false,,19.90,0.0000,true,1,172738
7290115405088,false,קינוח אישי קדאיף קפולסקי 200 גרם,תופינים מקבוצת קפולסקי,IL,קינוח אישי קדאיף 200,גרמים,200.00,100 גרם,false,,14.90,7.4500,true,1,160137
7290115405118,false,קינוח אישי גבינה תענוג תות קפולסקי 200 ג,תופינים מקבוצת קפולסקי,IL,קינוח אישי תענוג תות,גרמים,200.00,100 גרם,false,,14.90,7.4500,true,1,160140
7290115405774,false,פחזניות ממולאות בטעם וניל קפולסקי 180 גרם,תופינים מקבוצת קפולס,IL,פחזניות ממולאות בטעם,גרמים,180.00,100 גרם,false,,14.90,8.2778,true,1,197156
7290115405781,false,פחזניות ממולאות בטעם שוקולד קפולסקי 180 גרם,תופינים מקבוצת קפולס,IL,פחזניות ממולאות בטעם,גרמים,180.00,100 גרם,false,,14.90,8.2778,true,1,197157
7290115405798,false,פחזניות ממולאות בטעם ריבת חלב קפולסקי 180 גרם,קפולסקי אדל בעמ,IL,פחזניות ממולאות בטעם,גרמים,180.00,100 גרם,false,,14.90,8.2778,true,1,197158
7290115405804,false,פחזניות ממולאות בטעם תות קפולסקי 180 גרם,קפולסקי אדל בעמ,IL,פחזניות ממולאות בטעם,גרמים,180.00,100 גרם,false,,14.90,8.2778,true,1,197159
7290115405828,false,קינוח אישי גבינה אוכמניות קפולסקי 200 גרם,תופינים מקבוצת קפולסקי,IL,קינוח אישי גבינה אוכ,גרמים,200.00,100 גרם,false,,14.90,7.4500,true,1,197072
7290115480009,false,"מרכך כביסה מרוכז פרש קונטרול ירוק 900 מ""ל סוד",הנקל סוד,IL,סוד מרכך מרוכז פרש ק,,900.00,100 מל,false,,11.90,0.0132,true,1,190340
7290115670677,false,אנרג'י גרנולה פירות טרופיים 400 גרם,Unknown,CZ,גרנולה פירות טרופיים,Unknown,0.00,יחידה,false,,15.90,0.0000,true,1,181998
7290115671223,false,מסטיק מאסט פאן אבטיח מנגו צנצנת 58 גרם,אסקום קונפקשיין,DE,מאסט פאן אבטיח מנגו,Unknown,0.00,יחידה,false,,9.90,0.0000,true,1,190393
7290115671308,false,מסטיק מאסט פאן תות דובדבן צנצנת 58 גרם,אסקום קונפשטיין,DE,מאסט פאן תות דובדבן,Unknown,0.00,יחידה,false,,9.90,0.0000,true,1,190394
7290115671339,false,מיני פינוקיות בראוניז בייגל בוטן עלית 180 ג' עלית,"הגביע מוצרי ופלים בע""\מ",IL,מיני פינוקית בראוניז,גרמים,180.00,100 גרם,false,,11.90,6.6111,true,1,184986
7290115671346,false,מיני פינוקיות טופי קרמל מלוח עלית 180 גרם,"הגביע מוצרי ופלים בע""\מ",IL,מיני פינוקית טופי קר,גרמים,180.00,100 גרם,false,,11.90,6.6111,true,1,184987
7290115675696,false,דגני בוקר קראנצ'ים שיבולת שועל עם אגוזים ושקדים,גלידות שטראוס,PL,קוואקר אגוזים 375 גר,גרמים,375.00,100 גרם,false,,19.90,5.3067,true,1,184852
7290115675702,false,דגני בוקר קראנצ'ים שיבולת שועל עם פירות מיובשים,גלידות שטראוס,PL,קוואקר פירות 375 גרם,גרמים,375.00,100 גרם,false,,19.90,5.3067,true,1,184853
7290115675719,false,דגני בוקר קראנצ'ים שיבולת שועל וחתיכות שוקולד מריר,BEVERAGES FOODS & SE,PL,קוואקר שוקולד 375 גר,גרמים,375.00,100 גרם,false,,19.90,5.3067,true,1,184855
7290115675986,false,דנונה יוגורט בר עם אגוזים מקורמלים 173 גרם,"שטראוס בריאות בע""\מ",IL,יוגרט עם אגוזים מקור,גרמים,173.00,100 גרם,false,,4.50,2.6012,true,1,171176
7290115676037,false,דנונה ריפרש יוגורט עם תות ודומדמניות 1.6% שומן,מיוצר עי קונדיטוריית,IL,דנונה ריפרש תות דומד,גרמים,250.00,100 גרם,false,,5.90,2.3600,true,1,182743
7290115676051,false,"משקה אקטיביה שיבולת שועל במתיקות מעודנת 250 מ""ל",מיוצר עי קונדיטוריית,IL,דנונה אקטיביה 250 גר,גרמים,265.00,100 גרם,false,,5.90,2.2264,true,1,187845
7290115676082,false,משקה יוגורט בטעם תות פרו 20 דנונה 255 ג',"שטראוס בריאות בע""\מ.",IL,משקה דנונה פרו תות 2,גרמים,255.00,100 גרם,false,,7.50,2.9412,true,1,182746
7290115676099,false,משקה יוגורט בטעם וניל פרו 20 דנונה 255 ג',"שטראוס בריאות בע""\מ.",IL,משקה דנונה פרו 255 ג,גרמים,255.00,100 גרם,false,,7.50,2.9412,true,1,182745
7290115677089,false,קונפיטורת תפוח וקינמון יד מרדכי 340 גרם,"בית אל מזון בע""מ",IL,קונפ' תפוח וקינמון 3,גרמים,340.00,100 גרם,false,,13.90,4.0882,true,1,184997
7290115677676,false,חומוס עשיר בטחינה גולמית עם מלא חריף 400 גר אחלה,"שטראוס גרופ בע""\מ",IL,חומוס הסדרה המובחרת,גרמים,400.00,100 גרם,false,,13.90,3.4750,true,1,172721
7290115677959,false,ממרח אבוקדו גוואקמולי 220 ג' אחלה,ג'י. אר. סימפלוט,MX,גוואקמולי 220 גרם,גרמים,220.00,100 גרם,false,,19.90,9.0455,true,1,187898
7290115678222,false,מארז 8 גביעים יוגורט Greek בסגנון יווני 6.5% שומן,"שטראוס בריאות בע""\מ",IL,דנונה מארז שמינייה י,,1.04,קג,false,,24.90,23.9423,true,1,182742
7290115678376,false,מעדן הגולן שוקולד 125 גרם,מיוצר עי קונדיטוריית,IL,מעדן הגולן שוקולד 12,גרמים,125.00,100 גרם,false,,3.20,2.5600,true,1,185373
7290115678383,false,מעדן הגולן שוקולד מריר 125 גרם,מיוצר עי קונדיטוריית,IL,מעדן הגולן שוקולד מר,גרמים,125.00,100 גרם,false,,3.20,2.5600,true,1,185374
7290115678598,false,חסה אייסברג שטראוס טעם הטבע,שטראוס בריאות ירקות טריי,IL,חסה אייסברג חיתוך גס,גרמים,300.00,100 גרם,false,,10.90,3.6333,true,1,187900
7290115678635,false,נשנושי גבינה -גבינת שמנת 16%+כעכים שטוחים עם מלח,"מחלבת טבע עז בע""\מ",IL,נשנושי גבינה 16% עם,Unknown,0.00,יחידה,false,,11.90,0.0000,true,1,198397
7290115678642,false,נשנושי גבינה 16% עם חטיף אפוי עם זיתים 67 ג' שטראוס,"מחלבת טבע עז בע""\מ",IL,נשנושי גבינה 16% עם,Unknown,0.00,יחידה,false,,11.90,0.0000,true,1,198395
7290115679519,false,שייק פירות ורוד 150X2גר,סיבהפרוסט,BE,דלישס שייק פירות ורו,Unknown,0.00,יחידה,false,,19.90,0.0000,true,1,201115
7290115679618,false,מארז סירופ מייפל טהו,,,מארז מייפל 189 גרם ע,גרמים,749.50,100 גרם,false,,44.90,5.9907,true,1,196447
7290115679731,false,שייק פירות ירוק 150X2גר,סיבהפרוסט,BE,דלישס שייק פירות ירו,Unknown,0.00,יחידה,false,,19.90,0.0000,true,1,201117
7290115679762,false,שייק פירות צהוב 150X2גר,סיבהפרוסט,BE,דלישס שייק פירות צהו,Unknown,0.00,יחידה,false,,19.90,0.0000,true,1,201118
7290115679779,false,שייק פירות אדום דליש,סיבהפרוסט,BE,דלישס שייק פירות אדו,Unknown,0.00,יחידה,false,,19.90,0.0000,true,1,201119
7290115679885,false,פיצה מבצק עם כרובית עם רוטב עגבניות ומוצרלה,גסטרונומיה פרוסט אס.,IT,דלישס פיצה מבצק עם כ,Unknown,0.00,יחידה,false,,25.90,0.0000,true,1,187141
7290115679960,false,ציטוס פופקורן בטעם טבעי 60 ג 24 יח,"שטראוס פריטו ליי בע""\מ )",IL,ציטוס פופקורן טבעי 6,Unknown,0.00,יחידה,false,,3.90,0.0000,true,1,186670
7290116530000,false,"דאב - תרחיץ פנים מרענן בניחוח מלפפון ותה ירוק 180 מ""ל","יוניליוור פולין, רחוב קר",IL,דאב תרחיץ פנים מלפפו,,180.00,100 מל,false,,14.90,0.0828,true,1,200322
7290116530062,false,רוטב ויניגרט לסלט הלמנס 295 גרם,יוניליוור ישראל מזון בע\,IL,הלמנס לסלט ויניגרט 2,גרמים,295.00,100 גרם,false,,11.90,4.0339,true,1,183204
7290116530116,false,קליק שלישיית ברים שוקולד נוגט לבן 105 גרם,,,קליק שלישיית ברים שו,גרמים,105.00,100 גרם,false,,14.90,14.1905,true,1,182587
7290116530215,false,דאודרנט סטיק לגבר דרק טמפטיישן 76 ג' אקס,יוניליוור פארם,US,אקסד דאו סטיק שוקולד,Unknown,0.00,יחידה,false,,16.90,0.0000,true,1,182326
7290116530222,false,דאודרנט סטיק לגבר אנרכי 76 ג' אקס,יוניליוור פארם,US,אקס דאו סטיק אנרכי 7,Unknown,0.00,יחידה,false,,16.90,0.0000,true,1,182327
7290116530239,false,דאודרנט סטיק בלאק 76 ג' אקס,יוניליוור פארם,US,אקס דאו סטיק בלאק 7,Unknown,0.00,יחידה,false,,16.90,0.0000,true,1,182329
7290116530482,false,מארז קורנפלקס של אלופים 5*30 ג' תלמה,פרו מן-יו פתרנות ארי,IL,מאגדת קורנפלקס אלופי,גרמים,150.00,100 גרם,false,,11.90,7.9333,true,1,187055
7290116530871,false,נשנושים מיקס בייגל בייגל 240 גרם,"דרך השוקולד ,1 צפת 13404",IL,נישנושים מיקס 240 גר,גרמים,240.00,100 גרם,false,,12.90,5.3750,true,1,182644
7290116530888,false,ג'ל לכביסה לבנה וצבעונית פינוק כחול בדין 2.5 ל',"זוהר דליה, קיבוץ דליה, 1",IL,בדין ג'ל לכביסה פינו,קילוגרמים,2.50,ליטר,false,,27.90,11.1600,true,1,184349
7290116530895,false,"תרסיס ריחני למייבש כביסה פינוק כחול בדין 500 מ""ל","זוהר דליה, קיבוץ דליה, 1",IL,בדין תרסיס למייבש פי,מיליליטרים,500.00,"100 מ""ל",false,,18.90,3.7800,true,1,184353
7290116531021,false,"שוקולד חלב ורד הגליל 100 גרם כשל""פ",יוניליוור ישראל מזון,IL,ורד הגליל טבלה שוקול,גרמים,100.00,100 גרם,false,,5.90,5.9000,true,1,187680
7290116531045,false,קורנפלקס דליפקאן 350ג ללא גלוטן,"מולינו ניקולי ,S.p.A ויה",IT,"דליפקאן כשל""פ 350 גר",גרמים,350.00,100 גרם,false,,19.90,5.6857,true,1,195849
7290116531069,false,קנור מרק בצל 100% רכיבים טבעיים 225 גרם,יוניליוור ישראל מזון בע\,IL,בויון בצל רכיבים טבע,גרמים,225.00,100 גרם,false,,19.90,8.8444,true,1,187522
7290116531076,false,מרק פטריות רכיבים טבעיים קטן 225 ג' קנור,יוניליוור ישראל מזון בע\,IL,בויון פטריות רכיבים,גרמים,225.00,100 גרם,false,,19.90,8.8444,true,1,187521
7290116531090,false,בייגל בייגל דג דג במליחות עדינה 250 גרם,"דרך השוקולד ,1 צפת 13404",IL,דגדג במליחות מעודנת,גרמים,250.00,100 גרם,false,,11.90,4.7600,true,1,190295
7290116531243,false,"שמפו ומרכך 2ב-1 למניעת קשקשים 700 מ""ל פינוק",יוניליוור ישראל טיפוח אי,IL,פינוק שמפו ומרכך נגד,,700.00,100 מל,false,,13.90,0.0199,true,1,189109
7290116531496,false,קינמונים דגנים פריכים מצופים 375 גרם,"נאוג'\אזיס נווזיס ,UAB ג",LT,קינמונים 375 גרם,גרמים,375.00,100 גרם,false,,19.90,5.3067,true,1,196825
7290116531557,false,"פריכיות פתית תירס עם מלח 150 גרם כשל""פ",גוד פוד פרודקטס Sp.zo.o,PL,פתית פריכיות תירס מא,גרמים,150.00,100 גרם,false,,13.90,9.2667,true,1,195631
7290116531571,false,סיף מטליות לחות לניקוי כללי 99.9% בניחוח,יוניליוור ניקיון,IL,סיף מגבונים כללי לימ,,50.00,יחידו,false,,8.90,0.1780,true,1,198573
7290116531656,false,"מרכך פינוק לשיער בניחוח תפוח 700 מ""ל",יוניליוור ישראל טיפוח אי,IL,פינוק מרכך תפוח 700,,700.00,100 מל,false,,13.90,0.0199,true,1,186223
7290116531762,false,דפים ריחניים למייבש כביסה בדין ורוד 40 יחידות,"קלינטסט - 3p ארה""ב",US,בדין דפים למייבש ורו,,40.00,יחידו,false,,18.90,0.4725,true,1,196133
7290116531779,false,דפים ריחניים למייבש כביסה בדין כחול 40 יחידות,"קלינטסט - 3p ארה""ב",US,בדין דפים למייבש כחו,,40.00,יחידו,false,,18.90,0.4725,true,1,196134
7290116532240,false,קליק טבלת שוקולד חלב פצפוצים דגנים ועוגיות 85 גרם,יוניליוור ישראל מזון בע\,IL,קליק טבלה XL עוגיות,Unknown,0.00,יחידה,false,,6.90,0.0000,true,1,197298
7290116532394,false,"אל סבון ידיים נוזלי חמאת קקאו 950 מ""ל פינוק",יוניליוור ישראל טיפוח אי,TR,פינוק סבון ידיים נוז,,950.00,100 מל,false,,11.90,0.0125,true,1,196122
7290116532585,false,ברנפלקס קרנצ'ים דבש וקינמון 375 גרם,"יוניליוור שפע ישראל בע""\",IL,קרנצ'ים דבש וקינמון,גרמים,375.00,100 גרם,false,,22.90,6.1067,true,1,197130
7290116532721,false,רוטב הלמנס ישראלי לסלט לימון וזעתר 305 ג,אתר חיפה ממרחים - Fo,IL,הלמנס לסלט רגיל ישרא,גרמים,295.00,100 גרם,false,,11.90,4.0339,true,1,199184
7290116532738,false,רוטב איטלקי לסלט בזיליקום ואורגנו 305 גרם,אתר חיפה ממרחים - Fo,IL,הלמנס לסלט רגיל איטל,גרמים,295.00,100 גרם,false,,11.90,4.0339,true,1,199183
7290116532769,false,"גרנולה פרוטאין בתוספת חלבון, תפוח וקינמון",חטיפי העמק,IL,גרנולה תלמה פרוטאין,גרמים,300.00,100 גרם,false,,19.90,6.6333,true,1,197129
7290116532868,false,פינוק בייבי שמפו אל דמע לתינוקות 900 מל,יוניליוור ישראלn\טיפוח א,IL,שמפו אל דמע בייבי 90,,900.00,100 מל,false,,19.90,0.0221,true,1,198837
7290116532875,false,פינוק בייבי אל סבון לתינוקות 970 מל-משאבה,יוניליוור ישראלn\טיפוח א,IL,"אל סבון בייבי 900 מ""",מיליליטרים,900.00,"100 מ""ל",false,,19.90,2.2111,true,1,198836
7290116533094,false,"שמפו בניחוח ורדים לבנים פינוק 700 מ""ל",יוניליוור ישראל טיפוח אי,IL,פינוק שמפו בניחוח ור,,700.00,100 מל,false,,13.90,0.0199,true,1,198576
7290116533230,false,דגני בוקר דליאגוז תל,יוניליוור,IL,דגני בוקר דליאגוז תל,גרמים,400.00,100 גרם,false,,21.90,5.4750,true,1,202910
7290116780825,false,מתקן ייבוש כלים מתקפ,,,מתקן ייבוש כלים מתקפ,Unknown,0.00,יחידה,false,,39.90,0.0000,true,1,192094
7290116780894,false,טרמוס כד 1500 ליטר,,,טרמוס כד 1500 ליטר,Unknown,0.00,יחידה,false,,69.90,0.0000,true,1,187603
7290116780900,false,"טרמוס + כוס 500 מ""ל",,,"טרמוס + כוס 500 מ""ל",Unknown,0.00,יחידה,false,,39.90,0.0000,true,1,187604
7290116781235,false,קלחת BLACK & SILVER,,,קלחת BLACK & SILVER,Unknown,0.00,יחידה,false,,49.90,0.0000,true,1,187639
7290116911656,false,תותח בועות -קלאסי ור,,,תותח בועות -קלאסי ור,Unknown,0.00,יחידה,false,,16.90,0.0000,true,1,192863
7290116915135,false,בקבוק טריטן עם צמידי,,,בקבוק טריטן עם צמידי,Unknown,0.00,יחידה,false,,29.90,0.0000,true,1,199106
7290116915234,false,בקבוק פלסטיק 500 - מיני פפיון,,,בקבוק פלסטיק 500 - מ,Unknown,0.00,יחידה,false,,24.90,0.0000,true,1,199116
7290116915937,false,גלגל ים 60 סמ- LOL,,,גלגל ים 60 סמ- LOL,Unknown,0.00,יחידה,false,,14.90,0.0000,true,1,196523
7290116916057,false,מזרן ים נצנצים 183X7,,,מזרן ים נצנצים 183X7,Unknown,0.00,יחידה,false,,39.90,0.0000,true,1,196535
7290116930015,false,GO חטיף חלבון חטיף בוטנים קריספי 20 גרם חלבון,"בלמונט קונפקציות בע""\מ.",US,חטיף חלבון GO קרם קר,Unknown,0.00,יחידה,false,,11.90,0.0000,true,1,196267
7290116930435,false,יוגורט יופלה GO במרקם סמיך עם דובדבן 0%,תנובה מרכז שיתופי לש,IL,יוגורט גו סמיך 0% דו,גרמים,200.00,100 גרם,false,,6.20,3.1000,true,1,196955
7290116930466,false,"משקה SHAKE בננה מנגן פסיפלורה והל 230 מ""ל יופלה",קבוצת המזון אקטשלאר,IL,יופלה SHAKE מנגו בנ,,230.00,100 מל,false,,8.90,0.0387,true,1,197302
7290116930701,false,מעדן חלב GO מועשר בחלבון בטעם קרמל מלוח,תנובה מרכז שיתופי לש,IL,מעדן חלב גו בטעם קרמ,גרמים,120.00,100 גרם,false,,4.90,4.0833,true,1,197299
7290116930718,false,מעדן תנובה דיאט בטעם שוקולד וקרמל מלוח 0% 150ג' תנובה,"תנובה בע""\מ",IL,מעדן תנובה דיאט בטעם,גרמים,150.00,100 גרם,false,,4.10,2.7333,true,1,198160
7290116931012,false,יוגורט דיאט 0% שומן תפוח וקינמון 150 ג' יופלה,תנובה מרכז שיתופי לש,IL,יופלה דיאט 0% שומן ת,גרמים,150.00,100 גרם,false,,5.20,3.4667,true,1,204257
7290116931074,false,פרוסות טל העמק 32% שומן 300 גרם,"תנובה בע""\מ",IL,פרוסות טל העמק 32% 3,גרמים,300.00,100 גרם,false,,26.90,8.9667,true,1,200351
7290116931159,false,יוגורט דיאט 0% שומן תות בננה 150 ג' יופלה,תנובה מרכז שיתופי לש,IL,יופלה דיאט 0% שומן ת,גרמים,150.00,100 גרם,false,,5.20,3.4667,true,1,204258
7290116931289,false,יופלה גו במרקם סמיך אלפחורס 200מל,תנובה מרכז שיתופי לש,IL,יוגורט גו סמיך בטעם,גרמים,200.00,100 גרם,false,,5.90,2.9500,true,1,204256
7290117260074,false,שעועית ירוקה חתוכה מוקפאת 800 ג' וילי פוד,,BE,שעועית ירוקה חתוכה מ,גרמים,800.00,100 גרם,false,,8.90,1.1125,true,1,200519
7290117260401,false,גבינת מוצרלה מגורדת 25% שומן 500 ג' יורו,לימבו,TR,גבינת מוצרלה מגורדת,גרמים,500.00,100 גרם,false,,29.90,5.9800,true,1,196295
7290117260463,false,גבינה בולגרית מעודנת למריחה עם חלפיניו 5% שומן 200 ג' יורו,Euro יורו מחלבות אירופה,TR,גבינה בולגרית מעודנת,Unknown,0.00,יחידה,false,,9.90,0.0000,true,1,199462
7290117260975,false,זיתי קלמטה מגולענים במי מלח 300 גרם ויליפוד,סיוארס אס.איי,TR,זיתי קלמטה מגולענים,גרמים,300.00,100 גרם,false,,9.90,3.3000,true,1,197193
7290117261002,false,זיתי קלמטה במי מלח 350 גרם ויליפוד,סיוארס אס.איי,TR,זיתי קלמטה במי מלח 3,גרמים,350.00,100 גרם,false,,8.90,2.5429,true,1,197196
7290117261026,false,זיתים ירוקים מגולענים במי מלח 300 גרם ויליפוד,,TR,זיתים ירוקים מגולעני,גרמים,300.00,100 גרם,false,,8.90,2.9667,true,1,197198
7290117261088,false,בוראטה גבינת מוצרלה רכה 125ג' 18%שומן,קסריה להפואנטה,ES,בוראטה גבינת מוצרלה,גרמים,125.00,100 גרם,false,,19.90,15.9200,true,1,199469
7290117261101,false,זוג קינוחים בטעם שוקולד ואגוזי לוז 140 גרם,מונטרו,ES,זוג קינוחים בטעם שוק,גרמים,140.00,100 גרם,false,,9.90,7.0714,true,1,199480
7290117261132,false,קינוחים קרמל מלוח70*2גרם,מונטרו,ES,זוג קינוחים בטעם קרמ,גרמים,140.00,100 גרם,false,,9.90,7.0714,true,1,199476
7290117261774,false,כדורי גבינת בייבי מוצרלה 14% שומן 150 גרםeuro cheese,קסריה להפואנטה,ES,כדורי גבינת בייבי מו,גרמים,150.00,100 גרם,false,,14.90,9.9333,true,1,199468
7290117261927,false,גבינת פקורינו מחלב כבשים צ'אנק 150 EURO CHEESE,ג.וילי פוד אינטרנשיונל ב,ES,גבינת פקורינו מחלב כ,גרמים,150.00,100 גרם,false,,22.90,15.2667,true,1,199475
7290117261989,false,גבינת מנורי רכה מחלב צאן 43% שומן 170 גרם,סאסו פטוראגס קומטויס אף,GR,גבינת מנורי רכה מחלב,Unknown,0.00,יחידה,false,,15.90,0.0000,true,1,199464
7290117262054,false,רגע-וופל במילוי עם שוקולד שוויצרי 200 גרם ויליפוד,,GR,וופל במילוי עם שוקול,Unknown,0.00,יחידה,false,,9.90,0.0000,true,1,199516
7290117262221,false,"משקה יוגורט פרוביוטי עם אננס 200מ""ל 2.3%שומן יורו",Euro יורו מחלבות אירופה,TR,משקה יוגורט עם אננס,מיליליטרים,200.00,"100 מ""ל",false,,5.90,2.9500,true,1,199321
7290117262238,false,"משקה יוגורט פרוביוטי עם תות שדה 200מ""ל 2.3%שומן יורו",Euro יורו מחלבות אירופה,TR,משקה יוגורט עם תות ש,מיליליטרים,200.00,"100 מ""ל",false,,5.90,2.9500,true,1,199320
7290117262245,false,"משקה יוגורט פרוביוטי עם אפרסק ומשמש 200מ""ל 2.3%שומן יורו",Euro יורו מחלבות אירופה,TR,משקה יוגורט עם אפרסק,מיליליטרים,200.00,"100 מ""ל",false,,5.90,2.9500,true,1,199322
7290117380192,false,חטיף פוף קראנץ בטעם גריל 60 גרם,מנה,IL,פוף קראנצ בטעם גריל,גרמים,60.00,100 גרם,false,,3.90,6.5000,true,1,189154
7290117380208,false,חטיף פוף קראנץ בטעם חמוץ חריף 60 גרם,מנה,IL,פוף קראנצ בטעם חמוץ,גרמים,60.00,100 גרם,false,,3.90,6.5000,true,1,189155
7290117380857,false,"מרבה סלים דליס פייבר עוגות אישיות בטעם לימון, 120 גרם",שסטוביץ,NL,סלים דליס פייבר עוגו,גרמים,120.00,100 גרם,false,,10.90,9.0833,true,1,197287
7290117380864,false,סלים דליס פייבר עוגות בראוניס אישיות בטעם שוקולד 120 גרם,הלמה הלום,NL,סלים דליס פייבר- עוג,גרמים,120.00,100 גרם,false,,10.90,9.0833,true,1,197289
7290117381199,false,"מאסטר שף קרם קוקוס קרטונית 250 מ""ל",,TH,מאסטר שף קרם קוקוס ק,מיליליטרים,250.00,"100 מ""ל",false,,8.90,3.5600,true,1,204963
7290117381656,false,"מרידול מארז משחת שיניים 75 מ""ל ומברשת",קולגייט פלמוליב,PL,מרידול מארז משחה 75,Unknown,0.00,יחידה,false,,34.90,0.0000,true,1,196292
7290117382264,false,"משחת שיניים טוטאל עם פחם 2 *75 מ""ל קולגייט",,,קולגייט משחת שיניים,Unknown,0.00,יחידה,false,,29.90,0.0000,true,1,197379
7290117383742,false,"מארז זוג ג'ל רחצה לגבר 750 מ""ל פלמוליב",קולגייט פלמוליב,TR,פלמוליב גבר מרענן 75,מיליליטרים,750.00,"100 מ""ל",false,,29.90,3.9867,true,1,201309
7290117383759,false,"מארז זוג פלמוליב חלב ודבש 500 מ""ל",,TR,פלמוליבחלב ודבש 500,מיליליטרים,500.00,"100 מ""ל",false,,24.90,4.9800,true,1,201310
7290117383766,false,"מארז זוג פלמוליב לומינוס  תאנה 500 מ""ל",,TR,פלמוליב לומינוס תאנה,מיליליטרים,500.00,"100 מ""ל",false,,24.90,4.9800,true,1,201311
7290117860038,false,"הוואי - תחליב רחצה יוגורט בניחוח אוכמניות 700 מ""ל","טרופיקל דגיל בע""\מ",IL,הוואי תחליב רחצה יוג,מיליליטרים,700.00,"100 מ""ל",false,,14.90,2.1286,true,1,202396
7290117860045,false,שמפו תמציות אלוורה ותה ירוק לשיער רגיל,"טרופיקל דגיל בע""\מ",IL,הוואי שמפו מטפח לשיע,מיליליטרים,700.00,"100 מ""ל",false,,14.90,2.1286,true,1,202376
7290117860083,false,"הוואי קרם רחצה יוגורט בניחוח אירוס זהוב ודבש 700 מ""ל","טרופיקל דגיל בע""\מ",IL,הוואי ס.נוזלי דבש אי,מיליליטרים,700.00,"100 מ""ל",false,,14.90,2.1286,true,1,202398
7290117860090,false,מרכך תמציות אלוורה ותה ירוק לשיער רגיל,"טרופיקל דגיל בע""\מ",IL,הוואי מרכך מטפח לשיע,מיליליטרים,700.00,"100 מ""ל",false,,14.90,2.1286,true,1,202383
7290117860137,false,"הוואי קרם רחצה יוגורט בניחוח פרח הקמליה 700 מ""ל","טרופיקל גליל בע""מ",IL,הוואי ס.נוזלי רגעים,מיליליטרים,700.00,"100 מ""ל",false,,14.90,2.1286,true,1,202399
7290117860144,false,הוואי שמפו פירות אקזוטיים וקלנדולה 700,"טרופיקל דגיל בע""\מ",IL,הוואי שמפו נ.קשקשים,מיליליטרים,700.00,"100 מ""ל",false,,14.90,2.1286,true,1,202377
7290117860182,false,"הוואי - תחליב רחצה בניחוח מגנוליה ושמן שקדים 700 מ""ל","טרופיקל דגיל בע""\מ",IL,הוואי תחליב רחצה בני,מיליליטרים,700.00,"100 מ""ל",false,,14.90,2.1286,true,1,202392
7290117860199,false,שמפו שמן ורד הבר ושמן מקדמיה לשיער יבש,"טרופיקל דגיל בע""\מ",IL,הוואי שמפו מעניק לחו,מיליליטרים,700.00,"100 מ""ל",false,,14.90,2.1286,true,1,202375
7290117860236,false,"הוואי - קרם רחצה בניחוח ויולה ורודה 700 מ""ל","טרופיקל דגיל בע""\מ",IL,הוואי ס.נוזלי רגעים,מיליליטרים,700.00,"100 מ""ל",false,,14.90,2.1286,true,1,202393
7290117860281,false,"הוואי - ג'ל רחצה לגבר בניחוח עוצמתי 700 מ""ל","טרופיקל דגיל בע""\מ",IL,הוואי ס.נוזלי אירסיט,Unknown,0.00,יחידה,false,,14.90,0.0000,true,1,202391
7290117860298,false,שמפו קומפלקס קרטין לשיער עדין או חלש,"טרופיקל דגיל בע""\מ",IL,הוואי שמפו קרטין מחז,מיליליטרים,700.00,"100 מ""ל",false,,14.90,2.1286,true,1,202378
7290117860335,false,"הוואי ג'ל רחצה לגבר בניחוח מעורר 700 מ""ל","טרופיקל דגיל בע""\מ",IL,הוואי ג'ל רחצה לגבר,מיליליטרים,700.00,"100 מ""ל",false,,14.90,2.1286,true,1,202389
7290117860342,false,מרכך קומפלקס קרטין לשיער עדין או חלש,"טרופיקל דגיל בע""\מ",IL,הוואי מרכך קרטין מחז,מיליליטרים,700.00,"100 מ""ל",false,,14.90,2.1286,true,1,202385
7290117860380,false,"תחליב רחצה יוגורט בניחוח אלוורה 700 מ""ל הוואי","טרופיקל דגיל בע""\מ",IL,הוואי תחליב רחצה יוג,מיליליטרים,700.00,"100 מ""ל",false,,14.90,2.1286,true,1,202400
7290117860397,false,שמפו תמצית פריחת הדובדבן לשיער רגיל,"טרופיקל דגיל בע""\מ",IL,הוואי שמפו פריחת הדו,מיליליטרים,700.00,"100 מ""ל",false,,14.90,2.1286,true,1,202373
7290117860441,false,"מרכך פריחת הדובדבן 700 מ""ל הוואי","טרופיקל דגיל בע""\מ",IL,הוואי מרכך פריחת הדו,מיליליטרים,700.00,"100 מ""ל",false,,14.90,2.1286,true,1,202386
7290117860496,false,"הוואי שמפו + מרכך 2 ב-1 לגבר 700 מ""ל-חדש","טרופיקל גליל בע""מ",IL,הוואי שמפו+מרכך 2 ב,מיליליטרים,700.00,"100 מ""ל",false,,14.90,2.1286,true,1,202374
7290117860540,false,הוואי שמפו לילדים רוזמרין מנגו ומשמש 700,"טרופיקל דגיל בע""\מ",IL,הוואי שמפו ילדים 700,מיליליטרים,700.00,"100 מ""ל",false,,14.90,2.1286,true,1,202379
7290117860595,false,הוואי מרכך לילדים רוזמרין מנגו ומשמש 700,"טרופיקל דגיל בע""\מ",IL,הוואי מרכך ילדים מתי,מיליליטרים,700.00,"100 מ""ל",false,,14.90,2.1286,true,1,202387
7290117860649,false,הוואי שמפו קרטין קיק ללא סולפטים 700 מל,"טרופיקל דגיל בע""\מ",IL,הוואי שמפו ללא סולפט,מיליליטרים,700.00,"100 מ""ל",false,,14.90,2.1286,true,1,202380
7290117860694,false,הוואי מרכך קרטין קיק ללא סולפטים 700 מל,"טרופיקל דגיל בע""\מ",IL,הוואי מרכך ללא סולפט,מיליליטרים,700.00,"100 מ""ל",false,,14.90,2.1286,true,1,202388
7290117860748,false,הוואי שמפו תמצית יסמין מעניק נפח 700 מל,"טרופיקל דגיל בע""\מ",IL,הוואי שמפו מעניק נפח,מיליליטרים,700.00,"100 מ""ל",false,,14.90,2.1286,true,1,202382
7290117860793,false,הוואי מרכך תמצית יסמין מעניק נפח 700 מל,"טרופיקל דגיל בע""\מ",IL,הוואי מרכך מעניק נפח,מיליליטרים,700.00,"100 מ""ל",false,,14.90,2.1286,true,1,202390
7290117860847,false,"הוואי רעננות מושלמת לגבר לשיער, גוף, פנים וזקן","טרופיקל גליל בע""מ",IL,הוואי שמפו 4 ב 1 לגב,מיליליטרים,700.00,"100 מ""ל",false,,14.90,2.1286,true,1,202381
7290117860892,false,"הוואי - תחליב רחצה יוגורט בניחוח וניל ודבש 700 מ""ל","טרופיקל דגיל בע""\מ",IL,הוואי תחליב רחצה יוג,מיליליטרים,700.00,"100 מ""ל",false,,14.90,2.1286,true,1,202394
7290117860946,false,"תחליב רחצה יוגורט בניחוח קוקוס 700 מ""ל הוואי","טרופיקל דגיל בע""\מ",IL,הוואי תחליב רחצה יוג,מיליליטרים,700.00,"100 מ""ל",false,,14.90,2.1286,true,1,202395
7290117860991,false,"תחליב רחצה יוגורט בניחוח שקדים 700 מ""ל הוואי","טרופיקל דגיל בע""\מ",IL,הוואי תחליב רחצה יוג,מיליליטרים,700.00,"100 מ""ל",false,,14.90,2.1286,true,1,202397
7290117900871,false,מגש סוכריות גומי 700 גרם רמי לוי,,,מגש אירוח סוכריות ג,גרמים,700.00,100 גרם,false,,30.90,4.4143,true,1,198700
7290117901045,false,בוטן רביולי ששון הקולה 200 גרם,דין שיווק וקלייה בעמ,IL,בוטן רביולי 200 גרם.,גרמים,200.00,100 גרם,false,,14.90,7.4500,true,1,196723
7290118420378,false,פתיבר פינוקים בטעם תותים בשמנת - חלבי,קריות זול,PL,אסם פתי בר פינוקים ת,גרמים,220.00,100 גרם,false,,11.90,5.4091,true,1,204357
7290118420415,false,אסם קטשופ קלאסי היתר מכירה 750 גרם,"אסם תעשיות מזון בע""מ",IL,אסם קטשופ 750 גרם,גרמים,750.00,100 גרם,false,,11.90,1.5867,true,1,204193
7290118420712,false,עוגיות שוקוציפס קרמל מלוח אסם 220 גרם,קריות זול,IL,אסם עוגיות שוקוציפס,גרמים,200.00,100 גרם,false,,11.90,5.9500,true,1,204196
7290118480181,false,גלילי גפת להסקה אקול,,,גלילי גפת להסקה אקול,Unknown,0.00,יחידה,false,,34.90,0.0000,true,1,202702
7291019100208,false,סולתם מחבת פנקייק א,,,סולתם מחבת פנקייק א,Unknown,0.00,יחידה,false,,99.90,0.0000,true,1,203679
7291044066319,false,רב שקע 4 עד 1m + מפסק,,,רב שקע 4 עד 1m + מפס,Unknown,0.00,יחידה,false,,19.90,0.0000,true,1,158226
7291044066326,false,רב שקע 5+מפסק+כבל עד,,,רב שקע 5 עד 1m + מפס,Unknown,0.00,יחידה,false,,21.90,0.0000,true,1,158227
7291044066333,false,רב שקע 6+מפסק+כבל עד,,,רב שקע 6 עד 1m + מפס,Unknown,0.00,יחידה,false,,22.90,0.0000,true,1,158228
7291044069761,false,מפצל חשמל 1 ל-2 סמיקום D11:D30 תפזורת,סמיקום Semicom,,מפצל חשמל 1 ל SEMICO,Unknown,0.00,יחידה,false,,5.90,0.0000,true,1,159207
7291044081305,false,זוג נורות לד DL 12W E27 A60 SAFETY,,IL,זוג נורות לד DL 12W,Unknown,0.00,יחידה,false,,11.90,0.0000,true,1,125706
7291044083521,false,כיריים שולחניים גז 4,,,כיריים שולחניים גז 4,Unknown,0.00,יחידה,false,,299.90,0.0000,true,1,171366
7291044089998,false,שלישיית נורות לד 15W,,,שלישיה לד WW 15W E27,Unknown,0.00,יחידה,false,,26.90,0.0000,true,1,125733
7291044094336,false,מנורות זוג 26W ספירל יונדאי,,IL,זוג נו' לד DL 15W E2,Unknown,0.00,יחידה,false,,14.90,0.0000,true,1,187739
7291044094343,false,זוג נורות לד WW 15W E27 A60 SAFETY,,IL,זוג נו' לד WW 15W E2,Unknown,0.00,יחידה,false,,14.90,0.0000,true,1,187740
7291049192853,false,מגדל הטבעות שלי 9 חלקים,General,,מגדל הטבעות שלי 9 חל,Unknown,0.00,יחידה,false,,39.90,0.0000,true,1,198911
7291049193195,false,"משאית 40 ס""מ נושאת ח",,,"משאית 40 ס""מ נושאת ח",Unknown,0.00,יחידה,false,,59.90,0.0000,true,1,198917
7291049207434,false,מטוס צבאי+אורות וקול,,,מטוס צבאי+אורות וקול,Unknown,0.00,יחידה,false,,59.90,0.0000,true,1,198968
7291049207458,false,משאית+רמזור+קולות ואורות(3),General,,משאית+רמזור+קולות וא,Unknown,0.00,יחידה,false,,79.90,0.0000,true,1,198969
7291049212919,false,כדורגל מס 5 מבחרות ש,,,כדורגל מס 5 מבחרות ש,Unknown,0.00,יחידה,false,,39.90,0.0000,true,1,202784
7291073007543,false,סט 3 סכין דסרט,,,סט 3 סכין דסרט,Unknown,0.00,יחידה,false,,24.90,0.0000,true,1,110859
7291073017771,false,מלקחיים מעמול גדול 2,,,מלקחיים מעמול גדול 2,Unknown,0.00,יחידה,false,,2.90,0.0000,true,1,195286
7291074002745,false,"סוטז 28 ס""מ 4.3 ליטר",,,"סוטז 28 ס""מ 4.3 ליטר",Unknown,0.00,יחידה,false,,99.90,0.0000,true,1,157105
7291074002806,false,כוסות עם ידית (2) 35,,,כוסות עם ידית (2) 35,Unknown,0.00,יחידה,false,,39.90,0.0000,true,1,157151
7291074002943,false,"מסננת נירוסטה 20 ס""מ",,,"מסננת נירוסטה 20 ס""מ",Unknown,0.00,יחידה,false,,39.90,0.0000,true,1,157395
7291074002981,false,"קערה נירוסטה 14 ס""מ",,,"קערה נירוסטה 14 ס""מ",Unknown,0.00,יחידה,false,,14.90,0.0000,true,1,157133
7291074002998,false,"קערה נירוסטה 625 מ""ל",,,"קערה נירוסטה 625 מ""ל",Unknown,0.00,יחידה,false,,14.90,0.0000,true,1,172562
7291074003001,false,"קערה נירוסטה 32 ס""מ",,,"קערה נירוסטה 32 ס""מ",Unknown,0.00,יחידה,false,,39.90,0.0000,true,1,157135
7291074003025,false,"קערה נירוסטה 40 ס""מ",,,"קערה נירוסטה 40 ס""מ",Unknown,0.00,יחידה,false,,49.90,0.0000,true,1,157153
7291074003353,false,"סכו""ם 24 חלק אריזת מ",,,"סכו""ם 24 חלק אריזת מ",Unknown,0.00,יחידה,false,,79.90,0.0000,true,1,200797
7291074004060,false,סכין רב שימושית ידית מוגבהת כתום/ירוק/אדום/שחור סולתם,,,סכין רב שימושית ידית,Unknown,1.00,יחידה,false,,12.90,12.9000,true,1,157049
7291074004244,false,קונוסים נירוסטה Bake,,,קונוסים נירוסטה Bake,Unknown,0.00,יחידה,false,,14.90,0.0000,true,1,157377
7291074007016,false,כלי ששת ניילון סט (3,,,כלי ששת ניילון סט (3,Unknown,0.00,יחידה,false,,44.90,0.0000,true,1,157260
7291074007054,false,"תרווד 6.7*23 ס""מ //",,,"תרווד 6.7*23 ס""מ //",Unknown,0.00,יחידה,false,,29.90,0.0000,true,1,157282
7291074007689,false,"תרמוס נירוסטה 500 מ""",,,"תרמוס נירוסטה 500 מ""",Unknown,0.00,יחידה,false,,39.90,0.0000,true,1,157463
7291074007696,false,תרמוס נירוסטה 1000 מ,,,תרמוס נירוסטה 1000 מ,Unknown,0.00,יחידה,false,,54.90,0.0000,true,1,157464
7291074007719,false,"תבנית קפיץ 18 ס""מ קר",,,"תבנית קפיץ 18 ס""מ קר",Unknown,0.00,יחידה,false,,39.90,0.0000,true,1,157173
7291074008297,false,סט אביזרי זילוף 8 חל,,,אביזרי זילוף סט (8),Unknown,0.00,יחידה,false,,24.90,0.0000,true,1,157380
7291074008617,false,"קלחת 14 ס""מ ידית בקל",,,"קלחת 14 ס""מ ידית בקל",Unknown,0.00,יחידה,false,,49.90,0.0000,true,1,178793
7291074008655,false,מצקת ניילון שחורה בש,,,מצקת ניילון שחורה בש,Unknown,0.00,יחידה,false,,26.90,0.0000,true,1,157093
7291074008662,false,כף מסננת ניילון שחור,,,כף מסננת ניילון שחור,Unknown,0.00,יחידה,false,,26.90,0.0000,true,1,157094
7291074008761,false,קרש חיתוך WOOD FIBER,,,קרש חיתוך WOOD FIBER,Unknown,0.00,יחידה,false,,69.90,0.0000,true,1,157465
7291074008808,false,כפיות סט (6) בדיספליי TOSCANA (24 סטים) סולתם,סולתם רדד,,סט (6) כפיות בדיספלי,Unknown,0.00,יחידה,false,,14.90,0.0000,true,1,190681
7291074009263,false,דוחסן המבורגר 11.9 ס,,,דוחסן המבורגר 11.9 ס,Unknown,0.00,יחידה,false,,29.90,0.0000,true,1,200707
7291074009294,false,חותכני עוגיות נירוסטה (5) חלק,,,חותכני עוגיות נירוסט,Unknown,0.00,יחידה,false,,14.90,0.0000,true,1,157382
7291074009317,false,מרחן סיליקון בדיספליי (18) חלק צהוב/אפור/אפור בהיר סולתם,,,מרחן סיליקון בדיספל,Unknown,0.00,יחידה,false,,19.90,0.0000,true,1,166875
7291074009546,false,סט (3) מחבתות RAINBO,,,סט (3) מחבתות RAINBO,Unknown,0.00,יחידה,false,,179.90,0.0000,true,1,173891
7291074009560,false,"מסננת משולש לכיור רשת נירוסטה 13*15.5*21.5 ס""מ",,,מסננת משולש לכיור רש,Unknown,0.00,יחידה,false,,29.90,0.0000,true,1,157347
7291074009669,false,מסננת נירוסטה קונית,,,מסננת נירוסטה קונוס,Unknown,0.00,יחידה,false,,29.90,0.0000,true,1,157359
7291074009874,false,"תבנית קפיץ 6.8*20 ס""",,,"תבנית קפיץ 6.8*20 ס""",Unknown,0.00,יחידה,false,,49.90,0.0000,true,1,197048
7291074010818,false,מכסה זכוכית בייסיק 2,,,מכסה זכוכית בייסיק 2,Unknown,0.00,יחידה,false,,19.90,0.0000,true,1,159169
7291074010870,false,מכסה זכוכית בייסיק 3,,,מכסה זכוכית בייסיק 3,Unknown,0.00,יחידה,false,,34.90,0.0000,true,1,172593
7291074010894,false,"מחבת 4.8*24 ס""מ CUBE",,,"מחבת 4.8*24 ס""מ CUBE",Unknown,0.00,יחידה,false,,79.90,0.0000,true,1,172594
7291074011259,false,"תרמוס 800 מ""ל נירוסט",,,"תרמוס 800 מ""ל נירוסט",Unknown,0.00,יחידה,false,,54.90,0.0000,true,1,163135
7291074011266,false,"תרמוס 1000 מ""ל נירוס",,,"תרמוס 1000 מ""ל נירוס",Unknown,0.00,יחידה,false,,54.90,0.0000,true,1,163136
7291074013413,false,כף ניילון ידית עץ סולתם,,,כף ניילון ידית עץ סו,Unknown,0.00,יחידה,false,,16.90,0.0000,true,1,173920
7291074013451,false,"כף סיליקון שיש 28.5 ס""מ Bake-it up סולתם",,,כף סיליקון שיש 28.5,Unknown,0.00,יחידה,false,,19.90,0.0000,true,1,173924
7291074013895,false,"סכין סנטוקו 12.50 ס""מ ידית שחורה CASUAL סולתם",,,"סכין סנטוקו 12.50 ס""",Unknown,0.00,יחידה,false,,14.90,0.0000,true,1,173946
7291074013925,false,"סכין סטייק 12.50 ס""מ ידית שחורה CASUAL סולתם",,,"סכין סטייק 12.50 ס""מ",Unknown,0.00,יחידה,false,,14.90,0.0000,true,1,173949
7291074013994,false,כלי ששת במבוק סט (6),,,כלי ששת במבוק סט (6),Unknown,0.00,יחידה,false,,29.90,0.0000,true,1,184077
7291074014878,false,"סכין בשר 25 ס""מ ידית",,,"סכין בשר 25 ס""מ/10""",Unknown,0.00,יחידה,false,,79.90,0.0000,true,1,184089
7291074015370,false,מטחנת מלח/פלפל ידנית,,,מטחנת מלח/פלפל ידנית,Unknown,0.00,יחידה,false,,59.90,0.0000,true,1,184092
7291074015615,false,"סוטז' 28 ס""מ חגיגה א",,,"סוטז' 28 ס""מ חגיגה א",Unknown,0.00,יחידה,false,,129.90,0.0000,true,1,199588
7291074016964,false,"סיר 13*28 ס""מ ידיות",,,"סיר 13*28 ס""מ ידיות",Unknown,0.00,יחידה,false,,179.90,0.0000,true,1,190741
7291074017145,false,מגרדת נפתחת 2 צדדים,,,מגרדת נפתחת 2 צדדים,Unknown,0.00,יחידה,false,,49.90,0.0000,true,1,200713
7291074018272,false,מחבת פנקייק חיות לל,,,מחבת פנקייק חיות לל,Unknown,0.00,יחידה,false,,99.90,0.0000,true,1,200724
7291074018753,false,"סיר 24 ס""מ 5 ליטר OPTIMA ציפוי שיש ידית שחורה סולתם",,,"מחבת 26 ס""מ נחושת פו",Unknown,0.00,יחידה,false,,79.90,0.0000,true,1,199590
7291074018791,false,"מחבת 32 ס""מ נחושת פו",,,"מחבת 32 ס""מ נחושת פו",Unknown,0.00,יחידה,false,,99.90,0.0000,true,1,199593
7291074018845,false,"מחבת 24 ס""מ נחושת פו",,,"מחבת 24 ס""מ נחושת פו",Unknown,0.00,יחידה,false,,69.90,0.0000,true,1,199598
7291074018937,false,קולפן ידית פלסטיק צב,,,קולפן ידית פלסטיק צב,Unknown,0.00,יחידה,false,,14.90,0.0000,true,1,200725
7291074019279,false,בוצ'ר מקצועי 1.8*30*,,,בוצ'ר מקצועי 1.8*30*,Unknown,0.00,יחידה,false,,79.90,0.0000,true,1,199607
7291074020657,false,מארז כלי בישול Plati,,,מארז כלי בישול Plati,Unknown,0.00,יחידה,false,,479.90,0.0000,true,1,199641
7291200596438,false,ניילון נצמד 150 מטר,,,ניילון נצמד 150 מטר,Unknown,0.00,יחידה,false,,16.90,0.0000,true,1,199039
7294413857952,false,גומי לשיער 100,,,גומי לשיער 100,Unknown,0.00,יחידה,false,,6.00,0.0000,true,1,151006
7294413857983,false,קליפס מתכת לשיער,,,קליפס מתכת לשיער,Unknown,0.00,יחידה,false,,3.00,0.0000,true,1,151007
7294413858034,false,מקור קליפס 118-1,,,מקור קליפס 118-1,Unknown,0.00,יחידה,false,,3.00,0.0000,true,1,172850
7294413858041,false,קליפס מקור מתכת,,,קליפס מקור מתכת,Unknown,0.00,יחידה,false,,3.00,0.0000,true,1,172385
7294413858164,false,גומיות אפרו,,,גומיות אפרו,Unknown,0.00,יחידה,false,,2.00,0.0000,true,1,151011
7294413858881,false,קןצץ ציפורניים גדול,,,קוצץ ציפורניים גדול,Unknown,0.00,יחידה,false,,7.00,0.0000,true,1,151016
7294413860303,false,כרית הידרופילי למיקאפ 1433-7,,,כרית הידרופילי למיקא,Unknown,0.00,יחידה,false,,10.00,0.0000,true,1,172773
7294413860310,false,כרית לפודרה 1433-8,,,כרית לפודרה,Unknown,0.00,יחידה,false,,6.00,0.0000,true,1,172774
7294413860440,false,מגרדת לכף רגל 1436-2,,,מגרדת לכף רגל 1436-2,Unknown,0.00,יחידה,false,,8.00,0.0000,true,1,151017
7294413860488,false,מגרדת לכף רגל 1436-6,,,מגרדת לכף רגל 1436-6,Unknown,0.00,יחידה,false,,6.00,0.0000,true,1,151020
7294413863465,false,קליפס עכביש גדול 141,,,קליפס עכביש גדול 141,Unknown,0.00,יחידה,false,,5.00,0.0000,true,1,181341
7294413866077,false,ספוג רחצה,,,ספוג רחצה,Unknown,0.00,יחידה,false,,8.00,0.0000,true,1,172388
7294413866350,false,ספוג רחצה,,,ספוג רחצה,Unknown,0.00,יחידה,false,,8.50,0.0000,true,1,151032
7294413874553,false,מברשת קבוקי מקצועית,,,מברשת קבוקי מקצועית,Unknown,0.00,יחידה,false,,22.00,0.0000,true,1,172775
7294413875581,false,קופסא למברשת שיניים,,,קופסא למברשת שיניים,Unknown,0.00,יחידה,false,,3.00,0.0000,true,1,151035
7294413880813,false,קליפס בננה מט XL,,,קליפס בננה מט XL,Unknown,0.00,יחידה,false,,4.00,0.0000,true,1,151039
7294413880929,false,גומיות שיער,,,גומיות שיער,Unknown,0.00,יחידה,false,,4.00,0.0000,true,1,151045
7294413880974,false,גומיות פסים,,,גומיות פסים,Unknown,0.00,יחידה,false,,4.00,0.0000,true,1,172389
7294413880981,false,גומיות שיער,,,גומיות שיער,Unknown,0.00,יחידה,false,,4.00,0.0000,true,1,151051
7294413880998,false,גומיות שיער,,,גומיות שיער,Unknown,0.00,יחידה,false,,4.00,0.0000,true,1,151052
7294413881117,false,מברשת להתרת קשרים,,,מברשת להתרת קשרים,Unknown,0.00,יחידה,false,,16.00,0.0000,true,1,151053
7294413881292,false,פינצטה מכופפת ישרה מ,,,פינצטה מכופפת ישרה מ,Unknown,0.00,יחידה,false,,8.90,0.0000,true,1,151057
7294413881308,false,פינצטה מכופפת ישרה צ,,,פינצטה מכופפת ישרה צ,Unknown,0.00,יחידה,false,,9.00,0.0000,true,1,151058
7294413881391,false,מספריים לעור מולר,,,מספריים לעור מולר,Unknown,0.00,יחידה,false,,12.00,0.0000,true,1,172864
7294413881650,false,מברשת שיער,,,מברשת שיער,Unknown,0.00,יחידה,false,,21.00,0.0000,true,1,151063
7294413881667,false,מברשת שיער,,,מברשת שיער,Unknown,0.00,יחידה,false,,15.00,0.0000,true,1,151064
7294413883104,false,כפפות רחצה / מסאז',,,כפפות רחצה / מסאז',Unknown,0.00,יחידה,false,,5.00,0.0000,true,1,151076
7294413883142,false,גיישנית סקוץ',,,גיישנית סקוץ',Unknown,0.00,יחידה,false,,11.00,0.0000,true,1,172844
7294413883159,false,גיישנית פלא,,,גיישנית פלא,Unknown,0.00,יחידה,false,,9.00,0.0000,true,1,172371
7294413883166,false,גיישנית טבעית,,,גיישנית טבעית,Unknown,0.00,יחידה,false,,11.00,0.0000,true,1,172372
7294413883289,false,מברשת פן,,,מברשת פן,Unknown,0.00,יחידה,false,,10.00,0.0000,true,1,151081
7294413883296,false,מברשת קוצים רחבה,,,מברשת קוצים רחבה,Unknown,0.00,יחידה,false,,11.00,0.0000,true,1,151082
7294413883302,false,מברשת אובאלית צרה,,,מברשת אובאלית צרה,Unknown,0.00,יחידה,false,,10.00,0.0000,true,1,151083
7294413883340,false,מברשת מטקה,,,מברשת מטקה,Unknown,0.00,יחידה,false,,11.00,0.0000,true,1,151085
7294413883357,false,מברשת עגולה,,,מברשת עגולה,Unknown,0.00,יחידה,false,,11.00,0.0000,true,1,151086
7294413883487,false,מספרי ספרים,,,מספרי ספרים,Unknown,0.00,יחידה,false,,24.00,0.0000,true,1,151087
7294413883616,false,שלישיית כדורי ליפה,,,שלישיית כדורי ליפה,Unknown,0.00,יחידה,false,,9.00,0.0000,true,1,151088
7294413884330,false,מברשת לגב,,,מברשת לגב,Unknown,0.00,יחידה,false,,9.00,0.0000,true,1,182612
7294413884347,false,זוג מברשות לציפורניי,,,זוג מברשות לציפורניי,Unknown,0.00,יחידה,false,,4.90,0.0000,true,1,162436
7294413885399,false,סיכות סבתא צמודות L,,,סיכות סבתא צמודות L,Unknown,0.00,יחידה,false,,3.00,0.0000,true,1,181344
7294413889847,false,מראה פי 5 נצמדת,,,מראה פי 5 נצמדת,Unknown,0.00,יחידה,false,,15.00,0.0000,true,1,172806
7294413889854,false,מראה לחייל ביננונית,,,מראה לחייל בינונית,Unknown,0.00,יחידה,false,,10.00,0.0000,true,1,151122
7294413889861,false,מראה פי 5 מתקפלת לתיק,,,מראה פי 5 מתקפלת לתי,Unknown,0.00,יחידה,false,,15.00,0.0000,true,1,172374
7294413890133,false,כובע פונפון,,,כובע פונפון,Unknown,0.00,יחידה,false,,20.00,0.0000,true,1,202712
7294413890164,false,כובע רחצה משובח,,,כובע רחצה משובח,Unknown,0.00,יחידה,false,,4.00,0.0000,true,1,151138
7294413890188,false,כובע אמבט יוקרתי דנט,,,כובע אמבט יוקרתי דנט,Unknown,0.00,יחידה,false,,6.00,0.0000,true,1,151140
7294413890225,false,מסרק כיס,,,מסרק כיס,Unknown,0.00,יחידה,false,,3.00,0.0000,true,1,151143
7294413890232,false,מסרק שפיץ פלסטיק צבעוני,,,מסרק שפיץ פלסטיק צבע,Unknown,0.00,יחידה,false,,3.00,0.0000,true,1,151144
7294413890263,false,מסרק + ידית,,,מסרק + ידית,Unknown,0.00,יחידה,false,,3.00,0.0000,true,1,151147
7294413890362,false,גומיות מיקרופייבר שחור,,,גומיות מיקרופייבר שח,Unknown,0.00,יחידה,false,,5.00,0.0000,true,1,151150
7294413890386,false,גומיות מגבת שחורות,,,גומיות מגבת שחורות,Unknown,0.00,יחידה,false,,5.00,0.0000,true,1,151152
7294413890416,false,גומיות שחורות,,,גומיות שחורות,Unknown,0.00,יחידה,false,,4.00,0.0000,true,1,151154
7294413890522,false,פינצטה ישרה אל חלד,,,פינצטה ישרה אל חלד,Unknown,0.00,יחידה,false,,11.00,0.0000,true,1,151160
7294413890560,false,פינצטה ישרה אל חלד,,,פינצטה ישרה אל חלד,Unknown,0.00,יחידה,false,,11.00,0.0000,true,1,172376
7294413890577,false,פינצטה אלכסונית אל חלד,,,פינצטה אלכסונית אל ח,Unknown,0.00,יחידה,false,,11.00,0.0000,true,1,172377
7294413898252,false,קטר לעור אל חלד,,,קטר לעור אל חלד,Unknown,0.00,יחידה,false,,35.00,0.0000,true,1,151172
7294413898269,false,קטר ציפורניים אל חלד,,,קטר ציפורניים אל חלד,Unknown,0.00,יחידה,false,,45.00,0.0000,true,1,151173
7294413898283,false,פצירת יהלום,,,פצירת יהלום,Unknown,0.00,יחידה,false,,10.00,0.0000,true,1,151175
7294413909941,false,גומיות מיקרופייבר בינוני,,,גומיות מיקרופייבר בי,Unknown,0.00,יחידה,false,,5.00,0.0000,true,1,151180
7294413909965,false,גומיות מיקרופייבר שחורות,,,גומיות מיקרופייבר שח,Unknown,0.00,יחידה,false,,5.00,0.0000,true,1,151182
7294413911364,false,מברשת פן קרמית 30,,,מברשת פן קרמית 30,Unknown,0.00,יחידה,false,,27.00,0.0000,true,1,172380
7294413911449,false,קליפס דקורטיבי M,,,קליפס דקורטיבי M,Unknown,0.00,יחידה,false,,9.00,0.0000,true,1,151190
7294413911555,false,קשת צמה צרה,,,קשת צמה צרה,Unknown,0.00,יחידה,false,,6.00,0.0000,true,1,172353
7294413911630,false,קליפס בינוני ג,,,קליפס בינוני ג,Unknown,0.00,יחידה,false,,5.00,0.0000,true,1,151203
7294413911661,false,קליפס מקור צבעוני,,,קליפס מקור צבעוני,Unknown,0.00,יחידה,false,,3.00,0.0000,true,1,151205
7294413911708,false,צמד גומיות קטיפה,,,צמד גומיות קטיפה,Unknown,0.00,יחידה,false,,4.00,0.0000,true,1,151209
7294413914396,false,פצירה חד פעמי קצר 12,,,פצירה חד פעמי קצר 12,Unknown,0.00,יחידה,false,,5.00,0.0000,true,1,172355
7294413914518,false,ספוג ילדים,,,ספוג ילדים,Unknown,0.00,יחידה,false,,8.50,0.0000,true,1,172356
7294413914525,false,ספוג ענק,,,ספוג ענק,Unknown,0.00,יחידה,false,,10.00,0.0000,true,1,172357
7294413914556,false,ספוג אצה,,,ספוג אצה,Unknown,0.00,יחידה,false,,9.00,0.0000,true,1,151228
7294413914631,false,סכין פדי,,,סכין פדי,Unknown,0.00,יחידה,false,,5.00,0.0000,true,1,151233
7294413914655,false,מכשיר פדי מתכת,,,מכשיר פדי מתכת,Unknown,0.00,יחידה,false,,20.00,0.0000,true,1,195659
7294413915232,false,גיישנית רחצה,,,גיישנית רחצה,Unknown,0.00,יחידה,false,,12.00,0.0000,true,1,181339
7294413915348,false,פפיון 5,,,פפיון 5,Unknown,0.00,יחידה,false,,4.00,0.0000,true,1,151251
7294413915416,false,תיק תק ילדים 2,,,תיק תק ילדים 2,Unknown,0.00,יחידה,false,,5.00,0.0000,true,1,151254
7294413915560,false,מברשת מטקה לשיער W,,,מברשת מטקה לשיער W,Unknown,0.00,יחידה,false,,14.00,0.0000,true,1,151261
7294413915584,false,מברשת אליפסה W,,,מברשת אליפסה W,Unknown,0.00,יחידה,false,,14.00,0.0000,true,1,151263
7294413915638,false,מברשת ענקית לשיער W,,,מברשת ענקית לשיער W,Unknown,0.00,יחידה,false,,14.00,0.0000,true,1,151267
7294413915805,false,קליפס יהלום שחור גדול,,,קליפס יהלום שחור גדו,Unknown,0.00,יחידה,false,,14.00,0.0000,true,1,151276
7294413915812,false,קליפס יהלום שחור בינוני,,,קליפס יהלום שחור בינ,Unknown,0.00,יחידה,false,,13.00,0.0000,true,1,151277
7294413915836,false,גוזז ציפורניים קטן,,,גוזז ציפורניים קטן,Unknown,0.00,יחידה,false,,4.00,0.0000,true,1,151279
7294413915867,false,מברשת מטקה גדולה,,,מברשת מטקה גדולה,Unknown,0.00,יחידה,false,,13.00,0.0000,true,1,151280
7294413915874,false,מברשת שיער מקצועית,,,מברשת שיער מקצועית,Unknown,0.00,יחידה,false,,26.00,0.0000,true,1,190452
7294413915911,false,מברשת שיער מקצועית,,,מברשת שיער מקצועית,Unknown,0.00,יחידה,false,,19.00,0.0000,true,1,172362
7294413915928,false,מברשת פן חצויה מקצוע,,,מברשת פן חצויה מקצוע,Unknown,0.00,יחידה,false,,19.00,0.0000,true,1,190453
7294413915973,false,שלישיית קשתות שחורות,,,שלישיית קשתות שחורות,Unknown,0.00,יחידה,false,,6.00,0.0000,true,1,151288
7294413916666,false,כובע ברט,,,כובע ברט,Unknown,0.00,יחידה,false,,25.00,0.0000,true,1,202715
7294413916871,false,מטרייה אוטומטית צבעו,,,מטרייה אוטומטית צבעו,Unknown,0.00,יחידה,false,,39.00,0.0000,true,1,151314
7294413916888,false,מטרייה מתקפלת גדולה,,,מטרייה מתקפלת גדולה,Unknown,0.00,יחידה,false,,34.00,0.0000,true,1,151315
7294413917137,false,קטר לציפורן חודרנית,,,קטר לציפורן חודרנית,Unknown,0.00,יחידה,false,,49.90,0.0000,true,1,192404
7294413917335,false,מטריה מיני,,,מטריה מיני,Unknown,0.00,יחידה,false,,10.00,0.0000,true,1,151323
7294413917533,false,זוג גומיות לילדות,,,זוג גומיות לילדות,Unknown,0.00,יחידה,false,,6.00,0.0000,true,1,151341
7294413917571,false,מסרק סמיך ארוך,,,מסרק סמיך ארוך,Unknown,0.00,יחידה,false,,11.00,0.0000,true,1,172366
7294413917618,false,מראה נצמדת פי 10,,,מראה נצמדת פי 10,Unknown,0.00,יחידה,false,,20.00,0.0000,true,1,151348
7294413917847,false,ספוג מסאג',,,ספוג מסאג',Unknown,0.00,יחידה,false,,10.00,0.0000,true,1,151357
7294413917885,false,גומיית ילדות2,,,גומיית ילדות2,Unknown,0.00,יחידה,false,,7.00,0.0000,true,1,151361
7294413918431,false,כובע צמר פסים,,,כובע צמר פסים,Unknown,0.00,יחידה,false,,15.00,0.0000,true,1,187407
7294413918516,false,רשת כביסה,,,רשת כביסה,Unknown,0.00,יחידה,false,,10.00,0.0000,true,1,151379
7294413918561,false,סט מניקור MOLER,,,סט מניקור MOLER,Unknown,0.00,יחידה,false,,29.00,0.0000,true,1,181349
7294413918578,false,קשת ילדות,,,קשת ילדות,Unknown,0.00,יחידה,false,,8.00,0.0000,true,1,151382
7294413918585,false,קשת ילדות 2,,,קשת ילדות 2,Unknown,0.00,יחידה,false,,8.00,0.0000,true,1,151383
7294413918592,false,קשת פפיון,,,קשת פפיון,Unknown,0.00,יחידה,false,,8.00,0.0000,true,1,172853
7294413918608,false,קשת פפיון 2,,,קשת פפיון 2,Unknown,0.00,יחידה,false,,8.00,0.0000,true,1,151385
7294413918677,false,קליפסונים שחורים לשי,,,קליפסונים שחורים לשי,Unknown,0.00,יחידה,false,,8.00,0.0000,true,1,151392
7294413918691,false,סרט לשיער,,,סרט לשיער,Unknown,0.00,יחידה,false,,10.00,0.0000,true,1,151394
7294413918707,false,קשת לשיער,,,קשת לשיער,Unknown,0.00,יחידה,false,,10.00,0.0000,true,1,151395
7294413918721,false,תיק תק ילדות,,,תיק תק ילדות,Unknown,0.00,יחידה,false,,6.00,0.0000,true,1,151397
7294413918745,false,תיק תק ילדות 3,,,תיק תק ילדות 3,Unknown,0.00,יחידה,false,,5.00,0.0000,true,1,151399
7294413918837,false,מארז 50 גומיות צבעונ,,,מארז 50 גומיות צבעונ,Unknown,0.00,יחידה,false,,8.00,0.0000,true,1,151409
7294413918868,false,גומיות לשיער 2 5,,,גומיות לשיער 2 5,Unknown,0.00,יחידה,false,,6.00,0.0000,true,1,151412
7294413918875,false,גומיות לשיער,,,גומיות לשיער,Unknown,0.00,יחידה,false,,5.00,0.0000,true,1,151413
7294413918981,false,פצירה דוצ,,,פצירה דוצ,Unknown,0.00,יחידה,false,,6.00,0.0000,true,1,172860
7294413919001,false,גומיות לשיער,,,גומיות לשיער,Unknown,0.00,יחידה,false,,6.00,0.0000,true,1,151416
7294413919094,false,מארז שלישיית פדים קו,,,מארז שלישיית פדים קו,Unknown,0.00,יחידה,false,,14.90,0.0000,true,1,151418
7294413919124,false,מדבקת אף פחם,,,מדבקת אף פחם,Unknown,0.00,יחידה,false,,18.00,0.0000,true,1,151420
7294413919315,false,זוג מגבונים להסרת איפור,,,מגבונים להסרת איפור,Unknown,0.00,יחידה,false,,11.90,0.0000,true,1,151425
7294413919346,false,מטרייה משובץ חזקה או,,,מטרייה משובץ חזקה או,Unknown,0.00,יחידה,false,,28.00,0.0000,true,1,202330
7294413919407,false,תיק תק פנינה זוג גדו,,,תיק תק פנינה זוג גדו,Unknown,0.00,יחידה,false,,9.90,0.0000,true,1,157775
7294413919469,false,כובע+פונפון,,,כובע+פונפון,Unknown,0.00,יחידה,false,,20.00,0.0000,true,1,167721
7294413919490,false,מברשת מטקה,,,מברשת מטקה,Unknown,0.00,יחידה,false,,16.00,0.0000,true,1,157777
7294413919506,false,מברשת אובלית,,,מברשת אובלית,Unknown,0.00,יחידה,false,,16.00,0.0000,true,1,157778
7294413919568,false,זוג קליפס לשיער S,,,זוג קליפס לשיער S,Unknown,0.00,יחידה,false,,14.00,0.0000,true,1,157784
7294413919612,false,קליפס מעוצב לשיער,,,קליפס מעוצב לשיער,Unknown,0.00,יחידה,false,,13.00,0.0000,true,1,157789
7294413919629,false,קליפס מעוצב כוכב,,,קליפס מעוצב כוכב,Unknown,0.00,יחידה,false,,13.00,0.0000,true,1,157790
7294413920014,false,גומיות מגבת זוהר,,,גומיות מגבת זוהר,Unknown,0.00,יחידה,false,,5.00,0.0000,true,1,172795
7294413920021,false,גומיות מגבת חום שחור,,,גומיות מגבת חום שחור,Unknown,0.00,יחידה,false,,5.00,0.0000,true,1,172796
7294413921158,false,כובע בייסבול לול,,,כובע בייסבול לול,Unknown,0.00,יחידה,false,,22.00,0.0000,true,1,181082
7294413921318,false,כובע פונפונים 1-2,,,כובע פונפונים 1-2,Unknown,1.00,יחידה,false,,24.00,24.0000,true,1,187406
7294413921370,false,כובע לול 3+,,,כובע לול 3+,Unknown,1.00,יחידה,false,,24.00,24.0000,true,1,187397
7294413921493,false,כובע ספיידרמן 3+,,,כובע ספיידרמן 3+,Unknown,1.00,יחידה,false,,24.00,24.0000,true,1,187386
7294413921516,false,כובע מיקי 3+,,,כובע מיקי 3+,Unknown,1.00,יחידה,false,,24.00,24.0000,true,1,187381
7294413921554,false,כובע אלזה 3+,,,כובע אלזה 3+,Unknown,1.00,יחידה,false,,24.00,24.0000,true,1,187378
7294413921561,false,כובע מפרץ 2-4,,,כובע מפרץ 2-4,Unknown,1.00,יחידה,false,,24.00,24.0000,true,1,187379
7294413921585,false,כובע מיקי 2-4,,,כובע מיקי 2-4,Unknown,1.00,יחידה,false,,24.00,24.0000,true,1,187377
7294413921592,false,3תיק תק,,,3תיק תק,Unknown,0.00,יחידה,false,,7.00,0.0000,true,1,190467
7294413921615,false,3סיכות צורה,,,3סיכות צורה,Unknown,0.00,יחידה,false,,8.00,0.0000,true,1,190469
7294413921745,false,קליפס 3,,,קליפס 3,Unknown,0.00,יחידה,false,,10.00,0.0000,true,1,190478
7294413921752,false,קליפס קשת,,,קליפס קשת,Unknown,0.00,יחידה,false,,10.00,0.0000,true,1,190479
7294413921769,false,קליפס תחרה,,,קליפס תחרה,Unknown,0.00,יחידה,false,,10.00,0.0000,true,1,190480
7294413921776,false,קליפס מלבן,,,קליפס מלבן,Unknown,0.00,יחידה,false,,10.00,0.0000,true,1,190481
7294413921783,false,קליפס מסרק,,,קליפס מסרק,Unknown,0.00,יחידה,false,,10.00,0.0000,true,1,190482
7294413921790,false,קליפס פרחים,,,קליפס פרחים,Unknown,0.00,יחידה,false,,10.00,0.0000,true,1,190483
7294413921806,false,קליפס עיגולים,,,קליפס עיגולים,Unknown,0.00,יחידה,false,,10.00,0.0000,true,1,190484
7294413921820,false,קליפס צורות,,,קליפס צורות,Unknown,0.00,יחידה,false,,10.00,0.0000,true,1,190486
7294413921837,false,קליפס מט/מבריק,,,קליפס מט/מבריק,Unknown,0.00,יחידה,false,,10.00,0.0000,true,1,190487
7294413921868,false,קליפס פסטל חלון,,,קליפס פסטל חלון,Unknown,0.00,יחידה,false,,10.00,0.0000,true,1,190490
7294413921875,false,קליפס פסטל,,,קליפס פסטל,Unknown,0.00,יחידה,false,,10.00,0.0000,true,1,190491
7294413922049,false,מטרייה אוט שיש,,,מטרייה אוט שיש,Unknown,0.00,יחידה,false,,39.00,0.0000,true,1,201985
7294413922056,false,מטרייה אוט.מתקפלת שח,,,מטרייה אוט.מתקפלת שח,Unknown,0.00,יחידה,false,,39.00,0.0000,true,1,201986
7294413922179,false,כובע חורף,,,כובע חורף,Unknown,0.00,יחידה,false,,24.00,0.0000,true,1,202029
7294413922209,false,כובע חורף עלים,,,כובע חורף עלים,Unknown,0.00,יחידה,false,,24.00,0.0000,true,1,202032
7294413922216,false,כובע חורף כפל פסים,,,כובע חורף כפל פסים,Unknown,0.00,יחידה,false,,25.00,0.0000,true,1,202033
7294413922537,false,מטריית פעמון ילדים+מ,,,מטריית פעמון ילדים+מ,Unknown,0.00,יחידה,false,,23.00,0.0000,true,1,201987
7296021120589,false,קוצץ מיני ידני נעמן,,,קוצץ מיני ידני נעמן,Unknown,0.00,יחידה,false,,29.90,0.0000,true,1,123382
7296021125683,false,מיכל אחסון 3.85 ל' נ,,,מיכל אחסון 3.85 ל' נ,Unknown,0.00,יחידה,false,,34.90,0.0000,true,1,160941
7296021125690,false,מיכל אחסון 2.60ל' נע,,,מיכל אחסון 2.60ל' נע,Unknown,0.00,יחידה,false,,29.90,0.0000,true,1,160942
7296021130687,false,סט 2 כוסות לאטה 330 מל זכוכית כפולה,נעמן,,נעמן סט כוס לאטה זכו,Unknown,0.00,יחידה,false,,49.90,0.0000,true,1,123459
7296021136757,false,"תבנית קפיץ 24 ס""מ CS",,,"תבנית קפיץ 24 ס""מ CS",Unknown,0.00,יחידה,false,,44.90,0.0000,true,1,167444
7296021136894,false,"תבנית מלבנית 4.5*29*42 ס""מ עם מכסה 0.4 מ""מ Patisserie",נעמן,,תבנית מרובעת 42X29X7,Unknown,0.00,יחידה,false,,69.90,0.0000,true,1,172664
7296021141072,false,מרחן ידית משולבת נעמ,,,מרחן ידית משולבת נעמ,Unknown,0.00,יחידה,false,,16.90,0.0000,true,1,162940
7296021146466,false,"תבנית לאפיה 6 שקעים 27*18 ס""מ Patisserie Marble",נעמן,,תבנית CS לאפיה 6 שקע,Unknown,0.00,יחידה,false,,29.90,0.0000,true,1,123722
7296021146527,false,"תבנית אפיה בצורת פרח 30 ס""מ Patisserie Marble",נעמן,,תבנית אפייה פרח 30 ס,Unknown,0.00,יחידה,false,,29.90,0.0000,true,1,123728
7296021152221,false,סוחט לימון ידני פלסט,,,סוחט לימון ידני פלסט,Unknown,0.00,יחידה,false,,10.00,0.0000,true,1,123791
7296021156359,false,פלטת הגשה אבלי 29*3,,,פלטת הגשה אבלי 29*3,Unknown,0.00,יחידה,false,,69.90,0.0000,true,1,162949
7296021160868,false,חבק סיליקון דיספליי,,,חבק סיליקון דיספליי,Unknown,0.00,יחידה,false,,14.90,0.0000,true,1,123928
7296021160875,false,מספריים למטבח עם מגנ,,,מספריים למטבח עם מגנ,Unknown,0.00,יחידה,false,,19.90,0.0000,true,1,123929
7296021161537,false,קופסת אחסון זכוכית 8,,,קופסה מלבן 800 ML זכ,Unknown,0.00,יחידה,false,,29.90,0.0000,true,1,123933
7296021161599,false,קופסאת אחסון זכוכית,,,קופסה מלבן 2000 ML ז,Unknown,0.00,יחידה,false,,49.90,0.0000,true,1,123937
7296021161629,false,קופסא ריבוע זכוכית,,,קופסה ריבוע 2200 ML,Unknown,0.00,יחידה,false,,49.90,0.0000,true,1,123940
7296021169922,false,פותחן בקבוקים STAI,,,פותחן בקבוקים STAI,Unknown,0.00,יחידה,false,,14.90,0.0000,true,1,124062
7296021169939,false,מלקחיים מפלסטיק,נעמן,,מלקחיים 6*25 סמ NYLO,Unknown,0.00,יחידה,false,,16.90,0.0000,true,1,124063
7296021170652,false,פותחן שימורים,,,פותחן שימורים,Unknown,0.00,יחידה,false,,6.90,0.0000,true,1,157557
7296021170690,false,פותחן שימורים+בקבוקי,,,פותחן שימורים פרפר פ,Unknown,0.00,יחידה,false,,6.90,0.0000,true,1,157558
7296021170805,false,סוחט הדרים ידני גדול,נעמן,,- מסחטת הדרים 9*23 כ,Unknown,0.00,יחידה,false,,29.90,0.0000,true,1,124098
7296021170935,false,- מטרפה עם לקקן סילי,,,- מטרפה עם לקקן סילי,Unknown,0.00,יחידה,false,,19.90,0.0000,true,1,124106
7296021170997,false,מכסה טיגון מונע התזת,נעמן,,"מגן שמן 29 ס""מ עם יד",Unknown,0.00,יחידה,false,,16.90,0.0000,true,1,124111
7296021171031,false,קולפנים סט (3) בדיספ,,,קולפנים סט (3) בדיספ,Unknown,0.00,יחידה,false,,14.90,0.0000,true,1,124113
7296021171185,false,"מועך תפו""א מתקפל SS",,,"מועך תפו""א מתקפל SS",Unknown,0.00,יחידה,false,,19.90,0.0000,true,1,124121
7296021172380,false,"סכין ידית מעץ 20 ס""מ",,,"סכין 20 ס""מ (סנטוקו/",Unknown,0.00,יחידה,false,,39.90,0.0000,true,1,124139
7296021178207,false,סט (5)-סכין שף 20סמ+,,,סט (5)-סכין שף 20סמ+,Unknown,0.00,יחידה,false,,39.90,0.0000,true,1,175150
7296021179051,false,מגרדת זסטר ידית לבנה,,,מגרדת זסטר ידית לבנה,Unknown,0.00,יחידה,false,,29.90,0.0000,true,1,157560
7296021187636,false,"כוסות מדידה 250,125,80,60 מ""ל",נעמן,,כלי מדידה - כוסות מי,Unknown,0.00,יחידה,false,,14.90,0.0000,true,1,157563
7296021190694,false,סט נעמן 7 חלקים,,,סט נעמן 7 חלקים,Unknown,0.00,יחידה,false,,250.00,0.0000,true,1,157502
7296021191800,false,"מחבת יציקה 24 ס""מ -",,,"מחבת יציקה 24 ס""מ -",Unknown,0.00,יחידה,false,,79.90,0.0000,true,1,124269
7296021191855,false,מחבת גריל יציקה 28 ס,,,מחבת גריל יציקה 28 ס,Unknown,0.00,יחידה,false,,99.90,0.0000,true,1,124274
7296021226885,false,מפת משבצות עם גומי לשולחן מתקפל,נעמן,,מפה עם גומי לשולחן פ,Unknown,0.00,יחידה,false,,19.90,0.0000,true,1,159893
7296021230271,false,תבנית עגולה 32 סמ PA,,,תבנית עגולה 32 סמ PA,Unknown,0.00,יחידה,false,,34.90,0.0000,true,1,173477
7296021254536,false,מיכל אחסון זכוכית מר,,,מיכל אחסון זכוכית מר,Unknown,0.00,יחידה,false,,16.90,0.0000,true,1,173493
7296021256882,false,"קלחת 16 ס""מ Ameri",,,"קלחת 16 ס""מ Ameri",Unknown,0.00,יחידה,false,,59.90,0.0000,true,1,175234
7296021257759,false,מארז 2 מיכלי שמן /חו,,,מארז 2 מיכלי שמן /חו,Unknown,0.00,יחידה,false,,19.90,0.0000,true,1,173509
7296021260605,false,מחבת יציקה גריל 14 ס,,,מחבת יציקה גריל 14 ס,Unknown,0.00,יחידה,false,,34.90,0.0000,true,1,175193
7296021262616,false,BASIC גלים צלחת מנה,,,BASIC גלים צלחת מנה,Unknown,0.00,יחידה,false,,14.90,0.0000,true,1,175201
7296021263149,false,CANDLE זוג פמוטים 1,,,CANDLE זוג פמוטים 1,Unknown,0.00,יחידה,false,,34.90,0.0000,true,1,175208
7296021263446,false,תבנית אפייה מרובעת ע,,,תבנית אפייה מרובעת ע,Unknown,0.00,יחידה,false,,39.90,0.0000,true,1,195558
7296021263460,false,תבנית אפייה לחם FLOW,,,תבנית אפייה לחם FLOW,Unknown,0.00,יחידה,false,,34.90,0.0000,true,1,189893
7296021266690,false,מסננת ידית עץ פרפקטו,,,"מסננת ידית עץ 15 ס""מ",Unknown,0.00,יחידה,false,,21.90,0.0000,true,1,184408
7296021266706,false,"מסננת ידית עץ 20 ס""מ",,,"מסננת ידית עץ 20 ס""מ",Unknown,0.00,יחידה,false,,24.90,0.0000,true,1,184412
7296021267703,false,פלטת גריל 43*27*4 לצ,,,פלטת גריל 43*27*4 לצ,Unknown,0.00,יחידה,false,,199.90,0.0000,true,1,190576
7296021271526,false,סט לשמן/חומץ לבן Pre,,,סט לשמן/חומץ לבן Pre,Unknown,0.00,יחידה,false,,79.90,0.0000,true,1,195576
7296021276958,false,"מחבת 28 ס""מ - Forest",,,"מחבת 28 ס""מ - Forest",Unknown,0.00,יחידה,false,,89.90,0.0000,true,1,195593
7296021276996,false,סיר+מכסה 4.57 ליטר 2,,,"סיר 11*24 ס""מ 4.57 ל",Unknown,0.00,יחידה,false,,129.90,0.0000,true,1,195597
7296049223804,false,שקית קירור 15 קוביות,,,שקית קירור 15 קוביות,Unknown,0.00,יחידה,false,,5.90,0.0000,true,1,163751
7296102060971,false,מסננת לכיור מטבח אמריקאי,,,מסננת לכיור מטבח אמר,Unknown,0.00,יחידה,false,,19.90,0.0000,true,1,139100
7296102062289,false,"ראש מקלחת דקר 10.5 ס""מ",,,ראש מקלחת דקר 10.5 ס,Unknown,0.00,יחידה,false,,39.90,0.0000,true,1,203342
7296102101117,false,שטיח אמבטיה למניעת ה,,,שטיח אמבטיה למניעת ה,Unknown,0.00,יחידה,false,,24.90,0.0000,true,1,183348
7296102101131,false,שטיח אמבטיה למניעת ה,,,שטיח אמבטיה למניעת ה,Unknown,0.00,יחידה,false,,19.90,0.0000,true,1,165417
7296102108147,false,סט 3 קשרי חיתון גמיש,,,סט 3 קשרי חיתון גמיש,Unknown,0.00,יחידה,false,,34.90,0.0000,true,1,157403
7296102108345,false,מתקן מחורר גדול,,,מתקן מחורר גדול,Unknown,0.00,יחידה,false,,14.90,0.0000,true,1,159124
7296102108475,false,סט 6 סכינים שיש,,,סט 6 סכינים שיש,Unknown,0.00,יחידה,false,,29.90,0.0000,true,1,160359
7296102108581,false,צידנית רכה 7.2 ליטר,,,צידנית רכה 7.2 ליטר,Unknown,0.00,יחידה,false,,16.90,0.0000,true,1,160505
7296102123249,false,צידנית מקצועית 45 לי,,,צידנית מקצועית 45 לי,Unknown,0.00,יחידה,false,,99.90,0.0000,true,1,196164
7296102133217,false,תרווד מחורץ לגריל ני,,,תרווד מחורץ לגריל ני,Unknown,0.00,יחידה,false,,19.90,0.0000,true,1,191484
7296102183670,false,מעמד לכוסות,,,מעמד לכוסות,Unknown,0.00,יחידה,false,,10.00,0.0000,true,1,191384
7296102183960,false,בקבוק לחיץ לרוטב 600,,,בקבוק לחיץ לרוטב 600,Unknown,0.00,יחידה,false,,5.90,0.0000,true,1,201001
7296102190142,false,קולפן ירקות מרטין יד,,,קולפן ירקות מרטין יד,Unknown,0.00,יחידה,false,,10.00,0.0000,true,1,178366
7296102191248,false,סט 4 סכינים חלבי,,,סט 4 סכינים חלבי,Unknown,0.00,יחידה,false,,12.90,0.0000,true,1,201008
7296102193013,false,כסא במאי עם ידיות,,,כסא במאי עם ידיות,Unknown,0.00,יחידה,false,,59.90,0.0000,true,1,196982
7296102194058,false,"מחצלת חוף 150×200 ס""",,,"מחצלת חוף 150×200 ס""",Unknown,0.00,יחידה,false,,39.90,0.0000,true,1,196180
7296102259184,false,"שפכטל קרבון מקצועי """,,,"שפכטל קרבון מקצועי """,Unknown,0.00,יחידה,false,,14.90,0.0000,true,1,178377
7296102266045,false,קרש חיתוך פלסטיק קשי,,,קרש חיתוך פלסטיק קשי,Unknown,0.00,יחידה,false,,29.90,0.0000,true,1,178387
7296102266076,false,קרש חיתוך פלסטיק קשי,,,קרש חיתוך פלסטיק קשי,Unknown,0.00,יחידה,false,,39.90,0.0000,true,1,178390
7296102290026,false,מקלח יד מולינה 3 מצב,,,מקלח יד מולינה 3 מצב,Unknown,0.00,יחידה,false,,26.90,0.0000,true,1,178392
7296102360583,false,מאריך ברז ארוך,,,מאריך ברז ארוך,Unknown,0.00,יחידה,false,,16.90,0.0000,true,1,171294
7296102401408,false,"גיגית 35 ס""מ + ידיות",,,"גיגית 35 ס""מ + ידיות",Unknown,0.00,יחידה,false,,14.90,0.0000,true,1,156437
7296102460474,false,מאריך לברז מתכוונן,,,מאריך לברז מתכוונן,Unknown,0.00,יחידה,false,,19.90,0.0000,true,1,139351
7296102469200,false,מטאטא LIGHTING,,,מטאטא LIGHTING,Unknown,0.00,יחידה,false,,14.90,0.0000,true,1,194433
7296102469378,false,מחזיק למטאטא בהדבקה,,,מחזיק למטאטא בהדבקה,Unknown,0.00,יחידה,false,,7.90,0.0000,true,1,201016
7296102519035,false,מסננת מתכווצת עם ידי,,,מסננת מתכווצת עם ידי,Unknown,0.00,יחידה,false,,16.90,0.0000,true,1,191467
7296102536889,false,מייבש כלים CLASSIC ד,,,מייבש כלים CLASSIC ד,Unknown,0.00,יחידה,false,,139.90,0.0000,true,1,193999
7296102592526,false,צנצנת קפה/ תה/ סוכר,,,צנצנת קפה/ תה/ סוכר,Unknown,0.00,יחידה,false,,29.90,0.0000,true,1,194100
7296102619087,false,סט 3 פותחנים צבעוני,,,סט 3 פותחנים צבעוני,Unknown,0.00,יחידה,false,,16.90,0.0000,true,1,201024
7296102619186,false,תרווד סיליקון,,,תרווד סיליקון,Unknown,0.00,יחידה,false,,14.90,0.0000,true,1,194040
7296102619339,false,פומפיה מרובעת נירוסט,,,פומפיה מרובעת נירוסט,Unknown,0.00,יחידה,false,,26.90,0.0000,true,1,191472
7296102634219,false,חולץ פקקים מפואר,,,חולץ פקקים מפואר,Unknown,0.00,יחידה,false,,39.90,0.0000,true,1,178418
7296102666135,false,קרש חיתוך מעץ במבוק,,,קרש חיתוך מעץ במבוק,Unknown,0.00,יחידה,false,,29.90,0.0000,true,1,194047
7296102710326,false,"מערכת תליה 70 ס""מ 5",,,"מערכת תליה 70 ס""מ 5",Unknown,0.00,יחידה,false,,99.90,0.0000,true,1,200931
7296102718025,false,מערכת רחצה 5 מצבים ק,,,מערכת רחצה 5 מצבים ק,Unknown,0.00,יחידה,false,,79.90,0.0000,true,1,200934
7296102718155,false,מערכת רחצה 5 מצבים ש,,,מערכת רחצה 5 מצבים ש,Unknown,0.00,יחידה,false,,79.90,0.0000,true,1,200940
7296102831069,false,זוג תבניות לקוביות ק,,,זוג תבניות לקוביות ק,Unknown,0.00,יחידה,false,,5.90,0.0000,true,1,183828
7296102831571,false,סט 4 כוסות פלסטיק 41,,,סט 4 כוסות פלסטיק 41,Unknown,0.00,יחידה,false,,12.90,0.0000,true,1,194258
7296168009402,false,מוצץ SWEETIE S2-0200,,,מוצץ SWEETIE S2-0200,Unknown,0.00,יחידה,false,,22.90,0.0000,true,1,156850
7296168089176,false,קוצץ ציפורניים לתינוק,NEAVITA,IL,קוצץ ציפורניים בטיחו,Unknown,0.00,יחידה,false,,13.90,0.0000,true,1,142198
7296168166617,false,מוצץ גומי צבעוני אפור,מלאזיה מקס,MY,סוויטי מוצץ גומי אפו,Unknown,0.00,יחידה,false,,19.90,0.0000,true,1,193980
7297488098152,false,דגש קמח חומוס ללא גל,אף.סי תבליני בגליל ב,IL,דגש קמח חומוס 500גר,גרמים,500.00,100 גרם,false,,19.90,3.9800,true,1,153551
7297488098169,false,"קמח תירס ללא גלוטן דג""ש","תבליני העליון בע""מ",IL,דגש קמח תירס ללא גלו,גרמים,500.00,100 גרם,false,,12.90,2.5800,true,1,153552
7297488098183,false,קמח אורז ללא גלוטן 500 ג,"תבליני העליון בע""מ",IL,דגש קמח אורז 500ג,גרמים,500.00,100 גרם,false,,12.90,2.5800,true,1,153554
7297488098220,false,קמח תפוח אדמה ללא גלוטן,תות תעשיות מזון (201,IL,"קמח תפו""א ללא גלוטן",גרמים,500.00,100 גרם,false,,13.90,2.7800,true,1,153557
7297488098299,false,קמח טפיוקה ללא גלוטן500ג,אף סי תבליני הגליל ב,IL,קמח טפיוקה ללא גלוטן,גרמים,500.00,100 גרם,false,,11.90,2.3800,true,1,153559
7297488098688,false,דגש פצפוצי אורז מלא ללא תוספת סוכר ומלח 450 גרם,משובח תעשיות מזון,IL,פצפוצי אורז מלא 450,גרמים,450.00,100 גרם,false,,25.90,5.7556,true,1,153562
7297488199590,false,פצפוצי אורז לבן תפוח ללא גלוטן,דגש- דוכן גן שמואל,IL,דגש פצפוצי אורז 450ג,גרמים,450.00,100 גרם,false,,25.90,5.7556,true,1,153568
7297488199620,false,פצפוצי אורז מלא תפוח ללא גלוטן,דגש- דוכן גן שמואל,FR,דגש פצפוצי אורז מלא,גרמים,450.00,100 גרם,false,,25.90,5.7556,true,1,153570
7297588000260,false,משחק קופים נופלים,,,משחק קופים נופלים,Unknown,0.00,יחידה,false,,29.90,0.0000,true,1,184121
7297588027564,false,כובע חיות לפעוטות,,,כובע חיות לפעוטות,Unknown,0.00,יחידה,false,,16.90,0.0000,true,1,176179
7297588030564,false,בריכת כדורים פילונים,,,בריכת כדורים פילונים,Unknown,0.00,יחידה,false,,119.90,0.0000,true,1,172629
7297594013063,false,190480 שמיכת Guliano,,,190480 שמיכת Guliano,Unknown,0.00,יחידה,false,,129.90,0.0000,true,1,143247
7297594079069,false,"סט צלחת הגשה 27 ס""מ",,,"סט צלחת הגשה 27 ס""מ",Unknown,0.00,יחידה,false,,119.90,0.0000,true,1,203906
7297594079083,false,קברט 2 קומות רודולף,,,קברט 2 קומות רודולף,Unknown,0.00,יחידה,false,,59.90,0.0000,true,1,203908
7297594080430,false,פסל סנטה ואופנוע המת,,,פסל סנטה ואופנוע המת,Unknown,0.00,יחידה,false,,129.90,0.0000,true,1,203924
7297623200099,false,גרבי גבר אלגנט שחור,,,גרבי גבר אלגנט שחור,Unknown,0.00,יחידה,false,,10.00,0.0000,true,1,201318
7297623200143,false,גרבי נשים בייסיק,,,גרבי נשים בייסיק,Unknown,0.00,יחידה,false,,12.90,0.0000,true,1,201321
7297623210203,false,גופיה חמה גבר שחור/ל,,,גופיה חמה גבר ROUND,Unknown,0.00,יחידה,false,,16.90,0.0000,true,1,201338
7297623210326,false,גופיה חמה נשים ROUN,,,גופיה חמה נשים ROUN,Unknown,0.00,יחידה,false,,16.90,0.0000,true,1,201340
7297623210333,false,גופיה חמה בייבי לבן,,,גופיה חמה בייבי לבן,Unknown,0.00,יחידה,false,,10.00,0.0000,true,1,201341
7297623220011,false,נעלי בית סנופי,,,נעלי בית סנופי,Unknown,0.00,יחידה,false,,16.90,0.0000,true,1,188645
7297623220134,false,נעלי בית קופסא נשים,,,נעלי בית קופסא נשים,Unknown,0.00,יחידה,false,,29.90,0.0000,true,1,201351
7297623230171,false,שמיכת פלנל יחיד,,,שמיכת פלנל יחיד,Unknown,0.00,יחידה,false,,29.90,0.0000,true,1,201352
7297623300133,false,זוג צפיות 100% כותנה,,,זוג צפיות 100% כותנה,Unknown,0.00,יחידה,false,,12.90,0.0000,true,1,185712
7297623313409,false,שמיכת פלנל זוגי,,,שמיכת פלנל זוגי,Unknown,0.00,יחידה,false,,39.90,0.0000,true,1,201357
7297623500007,false,סט 5 מגבות ידיים,,,סט 5 מגבות ידיים,Unknown,0.00,יחידה,false,,14.90,0.0000,true,1,202108
7312040017683,false,"אבסולוט וודקה, 700 מ''ל",חברת אבסולוט,SE,אבסולוט וודקה 700 מל,,700.00,100 מל,false,,69.90,0.0999,true,1,113416
7346910010047,false,סט פינגאן + 4 מכסה,,,סט פינגאן + 4 מכסה,Unknown,0.00,יחידה,false,,69.90,0.0000,true,1,166497
7393714507020,false,קופרברג סיידר תות ליים 4.5% בקבוק 330 מ,BEVERAGES FOODS & SE,SE,קופרברג סיידר תות לי,מיליליטרים,330.00,"100 מ""ל",false,,8.90,2.6970,true,1,179810
7394376615825,false,אוטלי משקה שיבולת שועל מועשר בסידן וויטמינים 1 ליטר,טרנסומס פוד,SE,אוטלי משקה שיבולת שו,Unknown,0.00,יחידה,false,,13.90,0.0000,true,1,161101
7394376616778,false,אוטלי משקה שיבולת שועל להקצפה בריסטה 1 ליטר,טרנסומס פוד,SE,אוטלי משקה שיבולת שו,Unknown,0.00,יחידה,false,,15.90,0.0000,true,1,161094
7501013101348,false,"נקטר בטעם מנגו 500 מ""ל JUMEX",חומקס קומר קומרסאליזדורה,MX,ג'ומקס מנגו בקבוק 47,,473.00,100 מל,false,,9.90,0.0209,true,1,142473
7501013122114,false,"נקטר משקה אננס בקרטונית ג'ומקס, 1 ל'",חומקס קומר קומרסאליזדורה,MX,ג'ומקס מיץ אננס קרטו,,1000.00,100 מל,false,,9.90,0.0099,true,1,142481
7501013122992,false,משקה קוקוס אננס ג'ומקס בקרטונית 1 ליטר,חומקס קומר קומרסאליזדורה,MX,ג'ומקס מיץ קוקוס אננ,,1000.00,100 מל,false,,9.90,0.0099,true,1,142483
7501013138047,false,משקה רימונים יוניקו פרסקו ג'ומקס בקרטונית 1 ליטר,חומקס קומר קומרסאליזדורה,MX,יוניקו פרסקו רימונים,,1000.00,100 מל,false,,10.90,0.0109,true,1,142489
7501035042131,false,"טקילה קוארבו אספסיאל גולד 700 מ""ל",קאזה קוארבו,MX,טקילה קוארבו אספסיאל,מיליליטרים,700.00,"100 מ""ל",false,,89.90,12.8429,true,1,113763
7501049936945,false,"שישיית בירה סול בקבוק 330 מ""ל",היינקן,NL,SOL בירה שישייה 330,מיליליטרים,330.00,"100 מ""ל",false,,39.90,12.0909,true,1,161001
7503012779306,false,סירופ אגבה כחולה 100% 330 גרם נטורפוד,נוטריגבאס דה מקסיקו,MX,נטורפוד סירופ אגבה כ,Unknown,0.00,יחידה,false,,22.90,0.0000,true,1,153577
7509546057545,false,ליידי ספיד סטיק פרו 5 סטיק 45 גרם,קולגייט פלמוליב,US,ליידי ספיד סטיק פרו,Unknown,0.00,יחידה,false,,19.90,0.0000,true,1,185361
7509546061160,false,קולגייט משחת שיניים לילדים מיניונים 75 מל,קולגייט פלמוליב,PL,קולגייט משחת ילדים מ,Unknown,0.00,יחידה,false,,16.90,0.0000,true,1,184817
7509546061672,false,דאודורנט סטיק אקסטרים אינטנס,קולגייט פלמוליב,US,ספיד סטיק אקסטרים סט,גרמים,70.00,100 גרם,false,,19.90,28.4286,true,1,200232
7509546063515,false,ליידי ספיד סטיק -סטיק פרו 5 ספריי 150 מל,קולגייט פלמוליב,MX,ליידי ספיד סטיק פרו,מיליליטרים,150.00,"100 מ""ל",false,,19.90,13.2667,true,1,200231
7509546666846,false,"קולגייט טוטאל משחת שיניים פחם 75 מ""ל",קולגייט פלמוליב,MX,קולגייט טוטאל משחת ש,Unknown,0.00,יחידה,false,,19.90,0.0000,true,1,182317
7509546678702,false,קולגייט משחת שיניים טוטל אנטי טרטר 100 מ,קולגייט-פלמוליב,PL,קולגייט משחת שיניים,מיליליטרים,100.00,"100 מ""ל",false,,17.90,17.9000,true,1,198650
7610046125693,false,קאגי וופל 125ג ציפוי,,,קאגי וופל 125ג ציפוי,Unknown,0.00,יחידה,false,,15.90,0.0000,true,1,168331
7610046125709,false,וופל קאגי מריר 125 גרם,קאגי,CH,קאגי וופל 125ג ציפוי,גרמים,125.00,100 גרם,false,,15.90,12.7200,true,1,168332
7610113011652,false,בריזר - משקה כוהלי מוגז בטעם תפוח,בקרדי בריזר Bacardi Breezer,BE,בקרדי בריזר תפוח 275,,275.00,100 מל,false,,14.00,0.0509,true,1,161003
7610243004463,false,"דורגול - מרסס להסרת אבנית במקלחון 600 מ""ל",יעקבי- דורגול Durgol,CH,דורגול מסיר אבן מרסס,מיליליטרים,500.00,"100 מ""ל",false,,24.90,4.9800,true,1,111409
7610400010481,false,לינדט אקסלנס שוקולד חלב 100 גרם,לינדט ושפרונגלי קילשברג,CH,לינדט אקסלנס חלב 100,גרמים,100.00,100 גרם,false,,15.10,15.1000,true,1,121599
7610400068505,false,לינדט לינדור בונבוניירה שוקולד חלב 200 גרם,לינדט ושפרונגלי קילשברג,CH,לינדור בונבוניירה חל,גרמים,200.00,100 גרם,false,,29.90,14.9500,true,1,121605
7610400068529,false,לינדט לינדור בונבוניירה כדורי שוקולד מטעמים 200 גרם,לינדט ושפרונגלי קילשברג,CH,לינדור בונבוניירה אס,גרמים,200.00,100 גרם,false,,29.90,14.9500,true,1,121606
7610400070577,false,לינדט אקסלנס שוקולד צ'ילי 100 גרם,לינדט ושפרונגלי קילשברג,CH,לינדט אקסלנס מריר צי,גרמים,100.00,100 גרם,false,,15.90,15.9000,true,1,121607
7610400075770,false,לינדט לה גרנד שוקולד מריר אגוז 150 גרם,לינדט ושפרונגלי קילשברג,CH,לינדט לה גרנד מריר ע,גרמים,150.00,100 גרם,false,,24.10,16.0667,true,1,121609
7610400075787,false,לינדט לה גרנד שוקולד חלב אגוז 150 גרם,לינדט ושפרונגלי קילשברג,CH,לינדט לה גרנד חלב עם,גרמים,150.00,100 גרם,false,,24.10,16.0667,true,1,121610
7610400075794,false,לינדט לה גרנד שוקולד לבן ושקדים 150 גרם,לינדט ושפרונגלי,CH,לינדט לה גרנד לבן עם,גרמים,150.00,100 גרם,false,,24.10,16.0667,true,1,121611
7610400085946,false,לינדט לגרנד דארק אלמונד סולט 150 גרם,לינדט ושפרונגלי קילשברג,CH,לינדט לה גרנד ד.אלמ,גרמים,150.00,100 גרם,false,,24.10,16.0667,true,1,121613
7610400086202,false,שוקולד מריר לה גרנד עם אוכמניות וחמוציות,לינדט Lindt,,לינדט לגרנד בלו קראנ,גרמים,150.00,100 גרם,false,,24.10,16.0667,true,1,121615
7610400091060,false,שוקולד מריר לינדט אקסלנס בתוספת תפוז ושקדים,לינדט ושפרונגלי קילש,CH,לינדט מריר אקסלנס תפ,גרמים,100.00,100 גרם,false,,14.90,14.9000,true,1,160088
7613030979647,false,דגני בוקר טריקס פירות עולם היורה 480 ג',ג'נרל מילס סאן אדריא,CL,טריקס 12*480גרם N1,גרמים,480.00,100 גרם,false,,26.90,5.6042,true,1,127587
7613032045753,false,פיטנס - דגני בוקר שוקולד 375 גרם,נסטלה צרפת איטנקורט,FR,פיטנס שוקולד 16*375ג,גרמים,375.00,100 גרם,false,,19.90,5.3067,true,1,127592
7613033548192,false,פיטנס - דגני בוקר שוקולד מריר 375 גרם,נסטלה צרפת איטנקורט,FR,פיטנס שוקולד מריר 16,גרמים,375.00,100 גרם,false,,19.90,5.3067,true,1,127607
7613034146502,false,מזון לכלבים קטנים בטעם עוף פורינה ONE,נסטלה פורינה איטליה,IT,פורינה ONE כלב מיני,פריט,1.50,"ק""ג",false,,59.90,39.9333,true,1,127615
7613035618794,false,"פורינה ONE חתול בוגר עוף 3 ק""ג",נסטלה פורינה צרפת,FR,פורינה ONE חתול בוג,פריט,3.00,"ק""ג",false,,119.90,39.9667,true,1,127628
7613035622623,false,פיטנס - גרנולה שקדים ודבש 300 גרם,שוורצקוף& הנקל דיסלד,LT,פיטנס גרנולה שקדים ו,גרמים,300.00,100 גרם,false,,16.90,5.6333,true,1,127629
7613035758834,false,פיטנס סופר גרנולה וחמוציות 300 גרם,שוורצקוף& הנקל דיסלד,LT,אסם פיטנס גרנולה חמו,גרמים,300.00,100 גרם,false,,16.90,5.6333,true,1,127631
7613035807778,false,פרפקטו רוטב עגבניות לבולונז אסם 400 גרם,אסם פרפקטו Perfecto,ES,פרפקטו רוטב עגבניות,גרמים,400.00,100 גרם,false,,10.90,2.7250,true,1,127632
7613035809109,false,פרפקטו רוטב עגבניות ובזיליקום אסם 400 גרם,אסם פרפקטו Perfecto,ES,פרפקטו רוטב עגבניות,גרמים,400.00,100 גרם,false,,10.90,2.7250,true,1,127633
7613035809123,false,פרפקטו רוטב עגבניות עם פלפלים אסם 400 גרם,אסם פרפקטו Perfecto,ES,פרפקטו רוטב עגבניות,גרמים,400.00,100 גרם,false,,10.90,2.7250,true,1,127634
7613035809857,false,פרפקטו רוטב עגבניות לפסטה ולבישול אסם 400 גרם,אסם פרפקטו Perfecto,ES,פרפקטו רוטב עגבניות,גרמים,400.00,100 גרם,false,,10.90,2.7250,true,1,127635
7613036105576,false,דוגלי עוף לכלבים בוגרים,נסטלה פורינה פטקר הו,HU,"דוגלי בוגר עוף 3 ק""ג",פריט,3.00,"ק""ג",false,,54.90,18.3000,true,1,127643
7613036105637,false,"דוגלי עוף לכלבים בוגרים 12 ק""ג",נסטלה פורינה באק הונ,HU,"דוגלי בוגר עוף 12 ק""",פריט,12.00,"ק""ג",false,,129.90,10.8250,true,1,127645
7613036120395,false,"פורינה ONE כלב מידמקסי בקר 2.5 ק""ג",נסטלה פורינה איטליה,IT,פורינה ONE כלב מיד,פריט,2.50,"ק""ג",false,,89.90,35.9600,true,1,127648
7613036288026,false,"דוגלי גורים אקטיב 4*3 ק""ג",נסטלה פורינה באק הונ,HU,"דוגלי גורים 3 ק""ג",פריט,3.00,"ק""ג",false,,59.90,19.9667,true,1,127651
7613036288958,false,מזון כלבים דוגלי אקט,נסטלה פורינה באק הונ,HU,"דוגלי אקטיב 3 ק""ג",פריט,3.00,"ק""ג",false,,59.90,19.9667,true,1,127652
7613036387798,false,פיטנס דגנים מלאים ואורז פתיתים ויוגורט 350ג',נסטלה צרפת איטנקורט,FR,פיטנס יוגורט 16*350ג,גרמים,350.00,100 גרם,false,,19.90,5.6857,true,1,127655
7613036520492,false,פרפקטו רוטב עגבניות לפיצה אסם 400 גרם,אסם פרפקטו Perfecto,ES,פרפקטו רוטב עגבניות,גרמים,400.00,100 גרם,false,,10.90,2.7250,true,1,127657
7613036880534,false,גרבר מחית ירקות מעורבים מטרנה 190 גר',נסטלה פולסקה אס.איי,PL,גרבר מחית מרק ירקות,גרמים,190.00,100 גרם,false,,5.90,3.1053,true,1,127663
7613036976671,false,פריסקיז פאוצ' עוף ברוטב 26*85גרם,נסטלה פורינה הונגריה,HU,אסם פריסקיז פאוצ' עו,גרמים,100.00,100 גרם,false,,5.50,5.5000,true,1,172398
7613037012095,false,פיטנס סופר גרנולה שוקולד קינואה ושקדים 300 גרם,NESTLE WATERS,BE,פיטנס סופר גרנולה שו,גרמים,300.00,100 גרם,false,,16.90,5.6333,true,1,127667
7613037012200,false,גרבר מחית תפוח גזר ומנגו 90 גרם פאוץ,"מפעל סברס, נסטלה ספרד ס.",PL,מחית גרבר תפוח מנגו,Unknown,0.00,יחידה,false,,5.90,0.0000,true,1,127668
7613037204797,false,סטארבקס פולי קפה בלונד אספרסו 450 גרם,נסטלה נספרסו,PT,סטארבקס פולי קפה בלו,גרמים,450.00,100 גרם,false,,54.90,12.2000,true,1,180549
7613037686906,false,פיטנס שקדים ודבש 355 גרם מופחת סוכר,נסטלה צרפת איטנקורט,FR,פיטנס שקדים ודבש 14*,גרמים,355.00,100 גרם,false,,19.90,5.6056,true,1,127674
7613038268262,false,דגני בוקר צ'יריוס דבש ושקדים במתיקות מעודנת,נסטלה פולין דגני בוק,FR,האני נאט ציריוס מופח,גרמים,410.00,100 גרם,false,,21.90,5.3415,true,1,127676
7613039547731,false,גרבר מחית תפוח עץ ומשמש 90 גרם פאוץ,"מפעל סברס, נסטלה ספרד ס.",ES,גרבר מחית תפוח משמש,גרמים,130.00,100 גרם,false,,5.90,4.5385,true,1,163830
7613039879382,false,גרבר - מחית תפוחי עץ 190 גרם,נסטלה פולסקה אס.איי,PL,גרבר מחית תפוחי עץ 1,Unknown,0.00,יחידה,false,,5.90,0.0000,true,1,173419
7613039881521,false,גרבר מחית מרק מנגו 190 גרם,נסטלה פולסקה אס.איי,PL,גרבר מחית מנגו 190 ג,גרמים,190.00,100 גרם,false,,5.90,3.1053,true,1,171093
7613287008497,false,סטארבקס - פולי קפה פייק פלייס 450 גרם,נסטלה נספרסו,PT,סטארבקס פולי קפה פיי,גרמים,450.00,100 גרם,false,,54.90,12.2000,true,1,180551
7613287155832,false,גרבר מחית תפוחי עץ 90 גרם פאוץ,"מפעל סברס, נסטלה ספרד ס.",ES,מחית גרבר תפוח פאוץ,Unknown,0.00,יחידה,false,,5.90,0.0000,true,1,178155
7613287155894,false,"גרבר מחית אפרסק פאוץ כשל""פ 90 גרם","מפעל סברס, נסטלה ספרד ס.",ES,גרבר אפרסק מחית פאו,Unknown,0.00,יחידה,false,,5.90,0.0000,true,1,179874
7613287162281,false,קפסולות קפה אספרסו גרנדה אינטנסו דולצ'ה גוסטו 144 ג',נסטלה אנגליה,GB,נסקפה ד.גוסטו גרנדה,גרמים,144.00,100 גרם,false,,27.90,19.3750,true,1,182927
7613287186928,false,סטארבקס קפסולות קפה ברקפסט רוסט 10יח,נסטלה שוויץ - קפה,CH,סטארבקס קפסולות ברקפ,Unknown,0.00,יחידה,false,,21.90,0.0000,true,1,186762
7613287302373,false,סטארבקס קפסולות איטליאן סטייל רוסט 56 גרם,נסטלה שוויץ - קפה,PT,קפסולות סטארבקס איטל,Unknown,0.00,יחידה,false,,21.90,0.0000,true,1,178091
7613287325808,false,אוסם - דיפ אנד ספרד מטבל איולי שום 295 גרם,נסטלה פולין,PL,אסם רוטב איולי שום ל,גרמים,295.00,100 גרם,false,,14.90,5.0508,true,1,194134
7613287325822,false,אוסם - דיפ אנד ספרד מטבל מיקס 295 גרם,נסטלה,PL,אסם רוטב מיקס לחיץ 8,גרמים,295.00,100 גרם,false,,14.90,5.0508,true,1,194135
7613287325983,false,אוסם - דיפ אנד ספרד מטבל סלסה 335 גרם,דפטונה פולין,PL,אסם רוטב סלסה לחיץ 8,גרמים,335.00,100 גרם,false,,14.90,4.4478,true,1,194139
7613287476494,false,אוסם - דיפ אנד ספרד מיונז בסגנון צרפתי 280 גרם,נסטלה פולין,PL,אסם מיונז לחיץ 8*280,גרמים,280.00,100 גרם,false,,14.90,5.3214,true,1,194140
7613287476678,false,דגני בוקר סינימיניס צ'ורוס נסטלה 360 ג',נסטלה אוונקה,PT,סינימיניס צ'ורוס 12*,גרמים,360.00,100 גרם,false,,26.90,7.4722,true,1,186757
7613287821348,false,נתחוני עוף טבעוני סנסשיונל טבעול 350 גרם,ג'נרל מילס סאן אדריא,CZ,טבעול נתחוני עוף טבע,גרמים,350.00,100 גרם,false,,29.90,8.5429,true,1,186761
7613287855640,false,סטארבקס קפסולות קפה גוואטמלה 10 יחידות,נסטלה שוויץ - קפה,CH,סטארבקס קפסולות גווא,Unknown,0.00,יחידה,false,,21.90,0.0000,true,1,198510
7622010001858,false,עוגיות אוראו ממולאות קרם וניל 176 גרם.,פי אר ג'\יי אס אי מנדלז,UA,עוגיות אוראו ממולאות,גרמים,176.00,100 גרם,false,,9.90,5.6250,true,1,140815
7622200009084,false,מילקה טבלאות שוקולד ממולא בסקויט 300 גר,מונדליז,AT,מילקה שוקו ביסקוויט,גרמים,300.00,100 גרם,false,,10.90,3.6333,true,1,179836
7622201050757,false,שוקולד מילקה טבלת חלב עם קרמל 100 ג',מילקה Milka,DE,מילקה שוקולד חלב עם,גרמים,100.00,100 גרם,false,,8.00,8.0000,true,1,140816
7622201401900,false,עוגיות סנסיישן אוראו מילקה 156 גרם,מונדלז פולסקה פרודקש,PL,עוגיות מילקה סנסיישן,גרמים,156.00,100 גרם,false,,11.90,7.6282,true,1,169206
7622201502515,false,עוגיות מילקה קוקי לופ שוקולד צ'יפס,גיורי קייקס קייאפטי,HU,מילקה קוקי לופ 132 ג,גרמים,132.00,100 גרם,false,,11.90,9.0152,true,1,186296
7622201801809,false,מילקה שוקולד חלב עם אגוזים 100 גרם חדש,מנדלז דויצ'\לנד סנקס פרו,DE,מילקה- שוק' חלב עם א,גרמים,100.00,100 גרם,false,,8.00,8.0000,true,1,185024
7622201802394,false,שוקולד מילקה חלב מסרונים 100 גרם,מנדלז דויצ'\לנד סנקס פרו,DE,מילקה חלב מסרונים 10,גרמים,100.00,100 גרם,false,,8.00,8.0000,true,1,185023
7622201808631,false,אוראו מיני עוגיות ממולאות קרם וניל 67גרם,פי.טי. מונדלז אינדונ,ID,אוראו מיני כוסות בטע,Unknown,0.00,יחידה,false,,8.90,0.0000,true,1,185027
7622201813390,false,עוגיות מילקה וואפל במילוי קרם קקאו 150 ג,מונדליז סי.אר. ביסקוויט,CZ,מילקה וואפל במילוי ק,גרמים,150.00,100 גרם,false,,11.90,7.9333,true,1,183682
7622201819170,false,שוקולד מילקה דרק שקדים 85 גרם.,מונדלז דויטשלנד סנאק,DE,מילקה דארק שקדים 85,Unknown,0.00,יחידה,false,,7.90,0.0000,true,1,186297
7622201819552,false,מילקה דארק שוקולד 85 גרם חדש,מונדלז דויטשלנד סנאק,DE,מילקה דארק 85 גרם חד,Unknown,0.00,יחידה,false,,7.90,0.0000,true,1,186563
7622210078131,false,שוקולד חלב עם שבבי קרמל מילקה דיים 100 גרם,מנדלז דויצ'\לנד סנקס פרו,DE,מילקה שוקולד חלב עם,גרמים,100.00,100 גרם,false,,8.00,8.0000,true,1,173197
7622210163899,false,שוקולד חלב במילוי סוכריות עדשים,מונדלז דויצ'לנד סנקס,DE,מילקה שוקולד חלב עם,גרמים,100.00,100 גרם,false,,8.00,8.0000,true,1,140819
7622210240200,false,מילקה שוקולד חלב ועוגיות אוריאו 300 גרם,מונדליז,,מילקה שוקולד חלב עם,גרמים,300.00,100 גרם,false,,10.90,3.6333,true,1,155359
7622210453327,false,עוגיות שוקוצ'יפס במילוי שוקולד סנסיישן,מנדלז פולסקה פרודקשן,PL,עוגיות מילקה עם שבבי,גרמים,156.00,100 גרם,false,,11.90,7.6282,true,1,140821
7622210640062,false,פלדלפיה שמנת למריחה עם פלפל חלפיניו ופלפל ירוק,מונדלייז,DE,פילדלפיה שמנת למריחה,גרמים,175.00,100 גרם,false,,16.90,9.6571,true,1,172677
7622210642295,false,ביסקוויט אוריו קלאסי 16 יח,,,אוראו עוגיות אורגינל,גרמים,608.00,100 גרם,false,,19.90,3.2730,true,1,144972
7622210642301,false,חטיף אוראו 38 גרם,,,חטיף אוראו 38 גרם,Unknown,0.00,יחידה,false,,2.00,0.0000,true,1,144973
7622210826053,false,שוקולד מילקה אוראו סנדוויץ 92 גר',גיאורי קאקסז קייאףטי,HU,שוקולד מילקה אוראו ס,גרמים,92.00,100 גרם,false,,8.00,8.6957,true,1,169207
7622210835338,false,אוראו עוגיות ממולאות טעם בראוניז 176 גרם,מנדלז אספנה גאלטס פר,ES,אוראו בראוני 176 גרם,גרמים,176.00,100 גרם,false,,9.90,5.6250,true,1,140828
7622300134532,false,שוקולד מילקה קרם חלב אגוזי לוז וקרמל 300,מונדליז,AT,מילקה טופי ואגוזי לו,גרמים,300.00,100 גרם,false,,10.60,3.5333,true,1,179837
7622300270506,false,מילקה גריינס - עוגיות שיבולת שועל מצופות שוקולד 168 ג',מונדלז פולסקה פרודקש,PL,מילקה גריינס עוגיות,גרמים,168.00,100 גרם,false,,11.90,7.0833,true,1,140835
7622300340292,false,גבינת שמנת 11% שומן 175 ג' פילדלפיה,מונדלז דויצ'לנד פרוד,DE,פילדלפיה מופחת שומן,גרמים,175.00,100 גרם,false,,16.90,9.6571,true,1,123104
7622300489427,false,עוגיות אוראו בציפוי בטעם שוקולד לבן 246 גרם,מנדלז אספנה גאלטס פר,ES,עוגיות אוראו בציפוי,גרמים,246.00,100 גרם,false,,19.00,7.7236,true,1,140840
7622300489434,false,עוגיות אוראו בציפוי שוקולד חלב 246 גרם,מנדלז אספנה גאלטס פר,ES,אוריאו פאג' שוקולד ח,גרמים,246.00,100 גרם,false,,19.00,7.7236,true,1,140841
7622300495046,false,מילקה שוקולד חלב עם אקסטרה קקאו 100 גרם,מנדלז דויצ'\לנד סנקס פרו,DE,מילקה שוקולד חלב עם,גרמים,100.00,100 גרם,false,,8.00,8.0000,true,1,140842
7622300498429,false,טבלת שוקולד ממולא תות 100ג' מילקה,מנדלז דויצ'\לנד סנקס פרו,DE,מילקה יוגורט תות 100,גרמים,100.00,100 גרם,false,,8.00,8.0000,true,1,140843
7622300503079,false,עוגיות ביסקוויט מצופה שוקולד חלב מילקה 200 גרם,מונדלז פולסקה פרודקש,PL,מילקה מו עוגיות ביסק,גרמים,200.00,100 גרם,false,,11.90,5.9500,true,1,140844
7622300617820,false,מילקה שוקולד חלב במילוי קרם חלב ווניל ושבבי עוגיות אוראו 100 גרם,מנדלז דויצ'\לנד סנקס פרו,DE,מילקה אוראו 100 גרם,גרמים,100.00,100 גרם,false,,8.00,8.0000,true,1,140845
7622300756383,false,"ממרח גבינה פילדלפיה עם ממרח שוקולד ""מילקה"" 175 גרם",מונדלייז,DE,ממרח גבינה פילדלפיה,גרמים,175.00,100 גרם,false,,16.90,9.6571,true,1,172678
7622300756413,false,גבינת פילדלפיה 20% שומן עם תבלינים 175 ג',מונדלז דויצ'לנד פרוד,DE,פילדלפיה 20%שומן עם,גרמים,175.00,100 גרם,false,,16.90,9.6571,true,1,123105
7622300772314,false,אוראו עוגיות ממולאות קרם וניל 66 גרם,מונדלייז,CZ,אוראו וניל 66 גרם,Unknown,0.00,יחידה,false,,4.90,0.0000,true,1,190671
7622400005190,false,שוקולד חלב נגיעות שוקולד לבן מילקה 100 ג,מנדלז דויצ'\לנד סנקס פרו,DE,מילקה שוקולד חלב עם,גרמים,100.00,100 גרם,false,,5.90,5.9000,true,1,140846
7630477891592,false,סטארבקס קפסולות קפה האוס בלנד 10 יחידות,נסטלה שוויץ - קפה,CH,סטארבקס קפסולות האוס,Unknown,0.00,יחידה,false,,21.90,0.0000,true,1,172087
7630477891615,false,סטארבקס קפסולות קפה סומטרה 10 יחידות,נסטלה שוויץ - קפה,CH,סטארבקס קפסולות סומט,Unknown,0.00,יחידה,false,,21.90,0.0000,true,1,163823
7630477891677,false,סטארבקס קפסולות קפה פייק פלייס 10 יחידות,נסטלה שוויץ - קפה,CH,סטארבקס קפסולות פייק,Unknown,0.00,יחידה,false,,21.90,0.0000,true,1,163820
7630477891691,false,סטארבקס קפסולות קפה קולמביה 10 יחידות,נסטלה שוויץ - קפה,CH,סטארבקס קפסולות קולו,Unknown,0.00,יחידה,false,,21.90,0.0000,true,1,163825
7630477891714,false,סטארבקס קפסולות קפה אספרסו 10 יחידות,נסטלה שוויץ - קפה,CH,סטארבקס קפסולות אספר,Unknown,0.00,יחידה,false,,21.90,0.0000,true,1,173202
7630477891738,false,סטארבקס קפסולות קפה אספרסו בלונד 10 יחיד,נסטלה שוויץ - קפה,CH,סטארבקס קפסולות אספר,Unknown,0.00,יחידה,false,,21.90,0.0000,true,1,163827
7638900248333,false,סוללות2025 אנרג'ייזר זוג,אנרג'יזר Energizer,CN,סוללות אנרג'ייזר זוג,Unknown,0.00,יחידה,false,,17.90,0.0000,true,1,138239
7638900295641,false,זוג סוללות אנרגייזר A23,אנרג'ייזר,CN,סוללות אנרג'ייזר זוג,Unknown,0.00,יחידה,false,,17.90,0.0000,true,1,138241
7702018094455,false,ג'ילט קצף גילוח לעור,,PL,ג'ילט קצף גילוח לעור,מיליליטרים,300.00,"100 מ""ל",false,,14.90,4.9667,true,1,201731
7702018271788,false,"דאודורנט קליר ג'ילט בניחוח ספורט 70 מ""ל",פרוקטר אנד גמבל,PL,ג'ילט דאודורנט ג'ל s,מיליליטרים,70.00,"100 מ""ל",false,,16.90,24.1429,true,1,116659
7702018273386,false,מכשיר פיוז'ן פרוגליי,,,מכשיר פיוז'ן פרוגליי,Unknown,0.00,יחידה,false,,79.90,0.0000,true,1,155923
7702018420476,false,ונוס סווירל מארז ידית מכשיר+3 סכינים,פרוקטר אנד גמבל,PL,ג'ילט מארז ונוס סווי,,3.00,יחידו,false,,49.90,16.6333,true,1,116666
7702018462032,false,סכיני גילוח גילט מאך 3 רביעייה,פרוקטור אנד גמבל,DE,גילט מאך 3 רביעיות,Unknown,0.00,יחידה,false,,29.90,0.0000,true,1,161054
7702018465552,false,ונוס ג'ילט סימפלי 4,,,ונוס ג'ילט סימפלי 4,Unknown,0.00,יחידה,false,,16.90,0.0000,true,1,199721
7702018468447,false,גילט בלו 2 פלוס סכינים חד פעמיים עשירייה,פרוקטר אנד גמבל,PL,בלו 2 פלוס אולטרא גר,Unknown,10.00,יחידה,false,,24.90,2.4900,true,1,116674
7702018607518,false,גילט מארז פיוזן מכשיר+סכיני גילוח שישייה,דיפלומט,PL,גילט פיוז'ן ידית +6,גרמים,111.00,100 גרם,false,,119.90,108.0180,true,1,200553
7702018877508,false,ג'ילט פיוזן סכין גיל,,,ג'ילט פיוזן סכין גיל,Unknown,0.00,יחידה,false,,79.90,0.0000,true,1,178976
7702018877591,false,סכיני גילוח רביעייה,,,סכיני גילוח רביעייה,Unknown,0.00,יחידה,false,,69.90,0.0000,true,1,144826
7702018911981,false,דאודורנט גל פאוור בי,ג'\ילט פרוקטר אנד גמבל,DE,דאודורנט גל פאוור בי,Unknown,0.00,יחידה,false,,19.90,0.0000,true,1,201125
7702018913374,false,דאודורנט גל פאואר בי,,,דאודורנט גל פאואר בי,Unknown,0.00,יחידה,false,,19.90,0.0000,true,1,201123
7702018978106,false,"ג'ילט - דאודורנט ג'ל לגבר ארטיק אייס 70 מ""ל",פרוקטר אנד גמבל,PL,ג'ילט דאודורנט קליר,Unknown,0.00,יחידה,false,,16.90,0.0000,true,1,113918
7702018980819,false,"גילט ג'ל גילוח 200 מ""ל- רגיש",פרוקטר אנד גמבל )ראה קוד,GB,גילט גל גילוח סנסיט,מיליליטרים,200.00,"100 מ""ל",false,,16.90,8.4500,true,1,152860
7702018980932,false,"קצף גילוח לעור רגיש 200 מ""ל ג'ילט",קימברלי,GB,ג'ילט קצף גילוח לעור,Unknown,0.00,יחידה,false,,9.90,0.0000,true,1,155927
7702018982011,false,ג'ילט ג'ל גילוח 240,,,ג'ילט ג'ל גילוח 240,Unknown,0.00,יחידה,false,,16.90,0.0000,true,1,170442
7702024074625,false,פיטנס - חטיפי קרקר חיטה מלאה 234 גרם,קומסטיבלס לה רוזה אס.איי,CO,פיטנס חטיפי קרקר חיט,גרמים,234.00,100 גרם,false,,12.90,5.5128,true,1,127678
7702024258322,false,"חטיפי קרקר עם חיטה מלאה, צ'יה וזרעי פשתן פיטנס",נסטלה Nestle,CO,פיטנס חטיפי קרקר צ'י,גרמים,269.00,100 גרם,false,,12.90,4.7955,true,1,168390
7702174066631,false,לקקן יוגטה פין פופ במילוי מסטיק 170 גר,הדקלאים אגודת שיתופי,EC,יוגטה פין פופ לקקן 1,גרמים,180.00,100 גרם,false,,7.90,4.3889,true,1,121212
7702174068826,false,יוגטה מבחר סוכריות לקקן קשות ממולאות טופי בטעמי יוגורט ופירות 204 גרם,יוגטה yogueta,CO,יוגטה לקקן חדש 12יח,גרמים,216.00,100 גרם,false,,8.90,4.1204,true,1,121215
7702174068833,false,יוגטה סוכריות קשות על מקל ממולאות טופי בטעמי גלידת פירות 12 יח' 204 גרם,ליימן שליסל,CO,יוגטה טעם גלידה בשקי,גרמים,216.00,100 גרם,false,,7.90,3.6574,true,1,121216
7702174070201,false,יוגטה לקקן בטעם מסטיק ממולא טופי בטעם תות 12 יח' 204 גרם,ליימן שליסל,CO,יוגטה לקקן מג'יק 12י,גרמים,216.00,100 גרם,false,,8.90,4.1204,true,1,121217
7702174073783,false,סוכריות על מקל בטעם קולה במילוי גומי לעיסה,הדקלאים אגודת שיתופי,CO,לקקן פין פופ קולה 18,גרמים,180.00,100 גרם,false,,7.90,4.3889,true,1,121218
7702174073844,false,לקקן יוגטה פין פופ פירות 48 יח 672 גרם,הדקלאים אגודת שיתופי,CO,לקקן פין פופ פירות 4,Unknown,0.00,יחידה,false,,19.90,0.0000,true,1,121219
7792860006218,false,סוכריות לקקנים בייבי דול Baby Doll לריטר,גוד פוד פרודקטס S.p,AR,בייבי דול לקקן 20גר,Unknown,0.00,יחידה,false,,2.90,0.0000,true,1,121618
7794450008060,false,קטאנה זאפאטה אלאמוס,ארגנטינה בודגה קטנה,,קטאנה זאפאטה אלאמוס,Unknown,750.00,יחידה,false,,43.90,0.0585,true,1,112778
7794450008084,false,יין אלאמוס מאלבק 750,ארגנטינה בודגה קטנה,,יין אלאמוס מאלבק,מיליליטרים,750.00,"100 מ""ל",false,,43.90,5.8533,true,1,112780
7794450088383,false,יין אלאמוס סוביניון,ארגנטינה בודגה קטנה,,יין אלאמוס סוביניון,Unknown,0.00,יחידה,false,,43.90,0.0000,true,1,112782
7794450091338,false,יין אלאמוס מלבק סלקס,ארגנטינה בודגה קטנה,,יין אלאמוס מאלבק סלק,מיליליטרים,750.00,"100 מ""ל",false,,59.90,7.9867,true,1,112784
7804320556000,false,יין פרונטרה סוביניון,קונצה אי טורו,,קונצ'ה אי טורו פרונ,Unknown,0.00,יחידה,false,,39.90,0.0000,true,1,113681
7804320642277,false,יין פרונטרה שרדונה 7,קונצה אי טורו,,קונצ'ה אי טורו פרונ,Unknown,0.00,יחידה,false,,39.90,0.0000,true,1,113683
7804414000860,false,יין דון חוליו קברנה סוביניון,צ'ילה לואיס פיליפה אדוארדס,CL,דון חוליו קברנה סובנ,Unknown,750.00,יחידה,false,,31.90,0.0425,true,1,112790
7804414000877,false,יין מרלו דון חוליו ה,צ'ילה לואיס פיליפה אדוארדס,CL,יין דון חוליו מרלו,Unknown,750.00,יחידה,false,,31.90,0.0425,true,1,112791
7804414012368,false,יין אדום רוזה דון חו,צ'ילה לואיס פיליפה א,CL,דון חוליו רוזה,מיליליטרים,750.00,"100 מ""ל",false,,31.90,4.2533,true,1,112800
7804414017110,false,דון חוליו פינו נואר כשר,צ'ילה לואיס פיליפה א,,דון חוליו פינו נואר,מיליליטרים,750.00,"100 מ""ל",false,,31.90,4.2533,true,1,156395
7804643320050,false,אוכמניות יח,אראל תוצרת חקלאית בע,IL,אוכמניות,Unknown,0.00,יחידה,false,,9.90,0.0000,true,1,205220
7840009011507,false,גרבה מתה 500 גרם,,,גרבה מתה 500 גרם,גרמים,500.00,100 גרם,false,,14.90,2.9800,true,1,142883
7891024027998,false,קולגייט מי פה טוטאל הגנה מפני אבן 500 מל,קולגייט- פלמוליב,BR,קולגייט מי פה טוטל א,מיליליטרים,500.00,"100 מ""ל",false,,29.90,5.9800,true,1,198649
7891024124826,false,קולגייט משחת אופטיק ספרקלינג וייט 75מל,הנסיך- מפעל לייצור ט,BR,משחת שיניים קולגייט,Unknown,0.00,יחידה,false,,19.90,0.0000,true,1,111457
7898542023976,false,בשר אקסטרא 340 גרם,,,בשר אקסטרא 340 גרם,גרמים,340.00,100 גרם,false,,14.90,4.3824,true,1,192228
7957107200808,false,קרש חיתוך,,,קרש חיתוך,Unknown,0.00,יחידה,false,,19.90,0.0000,true,1,166791
8000040001106,false,"קאמפרי ביטר אפרטיף 700 מ""ל",דויד קמפרי,IT,"ליקר קמפרי 700מ""ל",מיליליטרים,700.00,"100 מ""ל",false,,99.90,14.2714,true,1,113223
8000070012783,false,קפה לוואצה קלוי וטחון חוזק 5 אורו 250 גר,לאוג'י לוואצה אס.פי.אי,IT,קפה לוואצה אורו 250,גרמים,250.00,100 גרם,false,,35.90,14.3600,true,1,121221
8000070027398,false,קרמה קלאסיקו פולי קפה 500 גר לוואזה,,IT,קפה ארומנטי 500 גרם,גרמים,500.00,100 גרם,false,,69.90,13.9800,true,1,172053
8000070038868,false,קפה לוואצה קלוי וטחון חוזק 8 קלאסיקו 250 גר,לאוג'י לוואצה אס.פי.אי,IT,קפה לוואצה קרמה גוסט,גרמים,250.00,100 גרם,false,,29.90,11.9600,true,1,121224
8000070081000,false,קפסולות קפה אספרסו הרמוניקו 8 10 יחידות,לאוג'\י לוואצה אס.פי.אי,IT,קפה לוואצה הרמוניקו,Unknown,0.00,יחידה,false,,16.90,0.0000,true,1,121225
8000091200954,false,טורטיה ללא גלוטן 180 גרם,,IT,טורטיה ללא גלוטן 180,גרמים,180.00,100 גרם,false,,21.90,12.1667,true,1,175406
8000139910838,false,גרופלו פוזילי חיטה מ,,,גרופלו פוזילי חיטה מ,גרמים,500.00,100 גרם,false,,11.90,2.3800,true,1,137166
8000193000452,false,"אורז ריזוטו ארבוריו 1 ק""ג (10)",,,"אורז ארבוריו 1 ק""ג",פריט,1.00,"ק""ג",false,,25.90,25.9000,true,1,146333
8000215204219,false,משקה אורז אורגני נטורפוד,בטר אנד דיפרנט,IT,ויטאריז משקה אורז או,Unknown,0.00,יחידה,false,,16.90,0.0000,true,1,153583
8000215204240,false,ויטאריז משקה שקדים ואורז אורגני 1 ליטר,בטר אנד דיפרנט,IT,ויטאריז משקה שקדים ו,Unknown,0.00,יחידה,false,,16.90,0.0000,true,1,153584
8000215204370,false,"ויטאריז לבישול תחליף שמנת צחית אורגנית 200 מ""ל",ויטריז,IT,ויטריז לבישול תחליף,Unknown,0.00,יחידה,false,,6.90,0.0000,true,1,153588
8000215204394,false,"משקה אורז אורגני אגוז לוז ""נטורפוד""",בטר אנד דיפרנט,US,ויטאריז משקה אגוזי ל,Unknown,0.00,יחידה,false,,19.90,0.0000,true,1,153590
8000380000388,false,טורטינה לואקר 90 גרם מארז מהודר,ליימן מותגים,IT,טורטינה מיני 9* 10 ג,Unknown,0.00,יחידה,false,,15.90,0.0000,true,1,121243
8000380003723,false,וופל אגוזים בציפוי שוקולד לואקר 100 גרם,קריניציה ויטמינה אס,IT,גרנד פטיסרי אגוז 100,Unknown,0.00,יחידה,false,,12.90,0.0000,true,1,121246
8000380003754,false,וופל גראן פטיסרי Gran Pasticceria קפוצ'ינו,"כד בני דרום בע""מ",IT,לואקר גרנד פטיסרי קפ,גרמים,100.00,100 גרם,false,,12.90,12.9000,true,1,121247
8000380003761,false,וופל גרנד פטיסרי שוקולד וקוקוס לואקר 100 גרם,קריניציה ויטמינה אס,IT,גרנד פטיסרי קוקוס 10,גרמים,100.00,100 גרם,false,,12.90,12.9000,true,1,121248
8000380004669,false,וופל לואקר סנדוויץ קוביות ושוקולד 200ג',"א. לואקר, קונפקט ג'י",AT,לואקר וופל סנדוויץ',גרמים,200.00,100 גרם,false,,11.90,5.9500,true,1,121250
8000380004676,false,קוביות וופל סנדוויץ Sandwich עם וניל וחלב,"א. לואקר, קונפקט ג'י",AT,לואקר וופל סנדוויץ',גרמים,200.00,100 גרם,false,,11.90,5.9500,true,1,121251
8000380004881,false,וופל קוארדטיני לואקר קוביות טרמיסו 220ג',קריניציה ויטמינה אס,IT,קואדרטיני טרמיסו 220,גרמים,220.00,100 גרם,false,,13.90,6.3182,true,1,121252
8000380004911,false,קוביות וופל קואדרטיני Quadratini קרם אגוזים,קריניציה ויטמינה אס,AT,קואדרטיני אגוז 250 ג,גרמים,250.00,100 גרם,false,,13.90,5.5600,true,1,121253
8000380004942,false,וופל לואקר קוארדטיני קוביות ווניל 250ג',ליימן מותגים,AT,קואדרטיני וניל 250 ג,גרמים,250.00,100 גרם,false,,13.90,5.5600,true,1,121255
8000380004966,false,וופל קוארדטיני לואקר קוביות שוקולד 250ג',קריניציה ויטמינה אס,AT,קואדרטיני שוקולד 250,גרמים,250.00,100 גרם,false,,13.90,5.5600,true,1,121256
8000380005598,false,מארז וופל שוקולד טורטינה Tortina שוקולד מריר,א. לואקר אס. פי. אי-אי.,IT,טורטינה מריר 125 גרם,גרמים,125.00,100 גרם,false,,16.90,13.5200,true,1,121257
8000380007219,false,וופלים בטעם אגוזים לואקר 175 גרם,ליימן מותגים,AT,לואקר קלאסיק אגוז 17,גרמים,175.00,100 גרם,false,,11.90,6.8000,true,1,121262
8000380007257,false,וופל גרדנה אגוזים לואקר 200 גרם,קריניציה ויטמינה אס,IT,גרדנה אגוז 200 גרם,גרמים,200.00,100 גרם,false,,13.90,6.9500,true,1,121263
8000380007264,false,וופלים בטעם קקאו לואקר 175 גרם,קריניציה ויטמינה אס,AT,לואקר קלאסיק שוקולד,גרמים,175.00,100 גרם,false,,11.90,6.8000,true,1,121264
8000380106028,false,טורטינה לואקר וופל שוקולד ואגוזים שישיה 125ג',קריניציה ויטמינה אס,IT,טורטינה חלב 125 גרם,גרמים,126.00,100 גרם,false,,16.90,13.4127,true,1,121266
8000380144044,false,גרדנה וופל מצופה שוקולד חלב לואקר 200 גרם,"א. לואקר , AG/SpA, ו",IT,גרדנה שוקולד 200 גרם,גרמים,200.00,100 גרם,false,,13.90,6.9500,true,1,121269
8000380148035,false,וופל אגוזי לוג שוקולד מריר גראן פטיסרי Gran Pasticceria,קריניציה ויטמינה אס,IT,גרנד פטיסרי מריר אגו,גרמים,100.00,100 גרם,false,,12.90,12.9000,true,1,121270
8000380152704,false,מארז חטיפי אצבעות גרדנה אגוז לואקר 125 גרם,"אינסטנטה בע""מ",IT,גרדנה אצבעות אגוז 12,גרמים,125.00,100 גרם,false,,14.90,11.9200,true,1,121275
8000380152728,false,מארז חטיפי אצבעות גרנדה שוקולד 125 גרם,"אינסטנטה בע""מ",IT,גרדנה אצבעות שוקולד,גרמים,125.00,100 גרם,false,,14.30,11.4400,true,1,121276
8000380153534,false,מארז וופל שוקולד טורטינה Tortina שוקולד לבן,א. לואקר אס. פי. אי-אי.,IT,טורטינה לבן 125 גרם,גרמים,126.00,100 גרם,false,,16.90,13.4127,true,1,121280
8000380156825,false,שוקולד חלב במילוי קרם חלב וופל לואקר 87 גרם,ליימן מותגים,IT,לואקר שוק.חלב במילוי,Unknown,0.00,יחידה,false,,7.90,0.0000,true,1,196102
8000380156849,false,שוקולד מריר במילוי קרם קקאו וופל לואקר 87 גרם,ליימן מותגים,IT,לואקר שוק.מריר במילו,Unknown,0.00,יחידה,false,,7.90,0.0000,true,1,196103
8000380156856,false,שוקולד לבן במילוי קרם חלב וופל לואקר 87 גרם,ליימן מותגים,IT,לואקר שוק. לבן במילו,Unknown,0.00,יחידה,false,,7.90,0.0000,true,1,196104
8000380157440,false,שוקולד חלב במילוי קרם אגוזי לוז לואקר 87 גרם,"אינסטנטה בע""מ",IT,טבלאות לואקר שוקולד,Unknown,0.00,יחידה,false,,7.90,0.0000,true,1,121293
8000380180745,false,וופל קוביות קקאו במילוי קרם חלב לואקר 250 גרם,"א. לואקר, קונפקט ג'י",AT,לואקר קואדרטיני שוקו,גרמים,250.00,100 גרם,false,,13.90,5.5600,true,1,121299
8000380180837,false,וופל גרנד פטיסרי קוקוס לבן מצופה שוקולד לבן לואקר 100 גרם,"אינסטנטה בע""מ",IT,גרנד פטיסרי במילוי ק,Unknown,0.00,יחידה,false,,12.90,0.0000,true,1,121301
8000380180943,false,בונ. לואקר ורד דולומיטים בטעמים 300 גרם,ליימן מותגים,,דולומיטים מגוון טעמי,גרמים,300.00,100 גרם,false,,44.90,14.9667,true,1,121302
8000380181032,false,"לואקר גרדנה חטיפי אצבעות אגוזים ושוקולד לבן, 125 גרם","אינסטנטה בע""מ",IT,לואקר גרדנה אצבעות ש,גרמים,125.00,100 גרם,false,,14.30,11.4400,true,1,121303
8000380187119,false,עוגיות במילוי קרם אגוזי לוז לואקר 100 גר,לואקר Loacker,AT,עוגיות אגוזי לוז 100,Unknown,0.00,יחידה,false,,14.90,0.0000,true,1,167419
8000380187249,false,עוגיות עם מילוי קרם שקדים ושוקולד חלב,לואקר Loacker,AT,עוגיות שקדים 100 גרם,Unknown,0.00,יחידה,false,,14.90,0.0000,true,1,167420
8000380187300,false,עוגיות חמאה עם שוקולד חלב לואקר 120 גר,לואקר Loacker,AT,עוגיות פתיתי שלג 120,גרמים,120.00,100 גרם,false,,14.90,12.4167,true,1,167421
8000380189281,false,מארז מיני מיקס לואקר בשקית 210 גרם,ליימן מותגים,AT,מארז מיני מיקס לואקר,גרמים,210.00,100 גרם,false,,22.90,10.9048,true,1,121313
8000380192588,false,וופלים קואדרטיני דאבל שוקולד לואקר 250 גרם,קריניציה ויטמינה אס,AT,קואדרטיני דאבל שוקול,גרמים,250.00,100 גרם,false,,13.90,5.5600,true,1,121317
8000380201396,false,שוקולד חלב ממולא קרם קרמל ועלי וופל פריכ,ליימן מותגים,AT,טורטינה קרמל 125 גרם,גרמים,126.00,100 גרם,false,,16.90,13.4127,true,1,178216
8000380201549,false,שישייה גרנד פטיסרי קוקוס,ליימן מותגים,IT,פטיסרי בטעם קוקוס 12,גרמים,126.00,100 גרם,false,,16.90,13.4127,true,1,186896
8000380205400,false,וופלים קואדרטיני חמאת בוטנים לואקר 250 גרם,ליימן מותגים,AT,קואדרטיני חמאת בוטני,גרמים,250.00,100 גרם,false,,13.90,5.5600,true,1,196052
8000380205523,false,וופלים בטעם חמאת בוטנים לואקר 175 גרם,ליימן מותגים,AT,לואקר קלאסיק חמאת בו,גרמים,175.00,100 גרם,false,,11.90,6.8000,true,1,196053
8000380206896,false,וופל גרדנה חמאת בוטנים לואקר 200 גרם,ליימן מותגים,IT,גרדנה חמאת בוטנים 20,גרמים,200.00,100 גרם,false,,13.90,6.9500,true,1,196054
8000380207183,false,שוקולד לואקר טורטינה חמאת בוטנים 126 גר,ליימן מותגים,IT,טורטינה חמאת בוטנים,גרמים,126.00,100 גרם,false,,16.90,13.4127,true,1,196055
8000500011461,false,בונבונייה רושר 525 ג,פררו,DE,רושר ענק 525 גרם,גרמים,525.00,100 גרם,false,,59.90,11.4095,true,1,154194
8000500018828,false,שלישיית קינדר שוקולד חצי מטר 100 גרם,קינדר Kinder,IT,אצבעות קינדר חצי מטר,Unknown,0.00,יחידה,false,,19.90,0.0000,true,1,173621
8000500023624,false,חטיפי הפי היפו Happy Hippo במילוי קרם חלב וקקאו,פררו - אלבה,IT,הפי היפו 5*20 גרם,Unknown,0.00,יחידה,false,,13.00,0.0000,true,1,154196
8000500026731,false,שוקולד ביצי הפתעה קינדר שלישייה,פררו אס.פי.אי,IT,קינדר ביצי שוקולד 3*,Unknown,3.00,יחידה,false,,15.00,5.0000,true,1,154198
8000500029350,false,מארז קינדר בואנו Kinder Bueno שלוש יחידות,פררו - אלבה,PL,קינדר בואנו 3*43 גרם,גרמים,129.00,100 גרם,false,,9.90,7.6744,true,1,154199
8000500032237,false,בונבונרייה פררו רושר 375 גרם,פררו - אלבה,IT,רושר 375גר,גרמים,375.00,100 גרם,false,,45.90,12.2400,true,1,154200
8000500037874,false,בונבונרייה פררו רושר 200 גרם,פררו - אלבה,IT,בונבוניירת רושר 200,גרמים,200.00,100 גרם,false,,24.90,12.4500,true,1,154201
8000500071083,false,אצבעות שוקולד קינדר Kinder שש עשרה יחידות,פררו - אלבה,IT,קינדר אצבעות שוקולד,גרמים,200.00,100 גרם,false,,12.90,6.4500,true,1,154203
8000500121436,false,מארז קינדר בואנו Kinder Bueno לבן שלוש יחידות,פררו - אלבה,PL,קינדר בואנו לבן 3*43,גרמים,129.00,100 גרם,false,,9.90,7.6744,true,1,154206
8000500167656,false,קינדר שוקולד עם דגנים סיריאל 94 ג',פררו,IT,קינדר קאונטרי רביעיו,Unknown,0.00,יחידה,false,,8.90,0.0000,true,1,154213
8000500192801,false,בונבוניירה רושה 100 גרם,פררו,IT,פררו רושר 100 גרם,גרמים,100.00,100 גרם,false,,13.90,13.9000,true,1,154216
8000500217740,false,קינדר בואנו מיני 86 גרם,פררו,PL,מארז מיני בואנו 86.4,Unknown,0.00,יחידה,false,,10.90,0.0000,true,1,154219
8000500227848,false,נוטלה - בי רדי אצבעות ביסקוויט במילוי שוקולד 6 יח' * 22 גרם,פררו,IT,נוטלה בי רדי שישיה,Unknown,0.00,יחידה,false,,10.90,0.0000,true,1,154220
8000500247150,false,פררו רושה קולקשיין קוקוס מילוי קרם ושקד שלם 172ג',פררו,DE,פררו קולקשיון 172 גר,גרמים,172.00,100 גרם,false,,24.90,14.4767,true,1,154221
8000500256213,false,שוקולד מיני קינדר 120 גרם,פררו - אלבה,IT,קינדר מיני שוקולד בש,גרמים,120.00,100 גרם,false,,9.90,8.2500,true,1,154223
8000500267103,false,קינדר דליס עוגת ספוג קקאו במילוי חלבי*10,קינדר Kinder,IT,קינדר דליס 10*42 גרם,גרמים,420.00,100 גרם,false,,19.90,4.7381,true,1,154225
8000500269169,false,קינדר קארדס Kinder Cards - חמישייה,קריות זול,IT,קינדר קארדס מארז חמי,גרמים,128.00,100 גרם,false,,13.90,10.8594,true,1,199406
8000500363539,false,גלידה פררו רושה חלבית בטעם אגוזי מצופה שוקולד ואגוזים 200 גרם,,FR,גלידת פררו רושר חלבי,גרמים,200.00,100 גרם,false,,34.90,17.4500,true,1,196971
8000500386941,false,"ממרח קקאו עם אגוזי לוז, 900 גרם",קדבורי,IT,ממרח נוטלה 900 גרם,גרמים,900.00,100 גרם,false,,29.90,3.3222,true,1,195774
8000798038034,false,כף אשפה +ידית מתקפל,שייני Shiny,IT,יעה + מקל מתקפל + פס,Unknown,0.00,יחידה,false,,9.90,0.0000,true,1,145151
8001003100164,false,יוגטה סוכריות גילי בטעם פירות 450 גר,יוגטה yogueta,IT,יוגטה סוכריות ג'לי 4,גרמים,450.00,100 גרם,false,,9.90,2.2000,true,1,121318
8001003100218,false,סוכריות יוגטה ג'לי פירות 800 גר',תות ממתקי איכות,IT,יוגטה סוכריות גלי פי,גרמים,800.00,100 גרם,false,,15.90,1.9875,true,1,121319
8001090033512,false,"טייד אבקת כביסה קולור 8 ק""ג",פרוקטור אנד גמבל,TR,טייד אבקת כביסה קולו,פריט,8.00,"ק""ג",false,,59.90,7.4875,true,1,180276
8001090184375,false,"פיירי נוזל לניקוי כלים קלאסי שקוף, 900 מ""ל",פרוקטר אנד גמבל,GB,"פיירי אורגינל 900 מ""",Unknown,0.00,יחידה,false,,13.90,0.0000,true,1,196759
8001090184412,false,"פיירי נוזל לניקוי כלים לימון שקוף, 900 מ""ל",פרוקטר אנד גמבל,GB,פיירי אורגינל לימון,,900.00,100 מל,false,,13.90,0.0154,true,1,196760
8001090196224,false,שמפו הייד אנד שולדרס,,,שמפו הייד אנד שולדרס,Unknown,0.00,יחידה,false,,14.90,0.0000,true,1,202105
8001090196262,false,שמפו הייד אנד שולדרס,,,שמפו הייד אנד שולדרס,Unknown,0.00,יחידה,false,,14.90,0.0000,true,1,202103
8001090222725,false,"הרבל אסנסס - שמפו שמן מורינגה 400 מ""ל",הרבל אסנס Herbal Essences,FR,הרבל אסנסס שמפו שמן,,400.00,100 מל,false,,19.90,0.0497,true,1,111271
8001090222756,false,"הרבל אסנסס - מרכך שמן מורינגה 400 מ""ל",הרבל אסנס Herbal Essences,FR,הרבל אסנסס מרכך שמן,,400.00,100 מל,false,,19.90,0.0497,true,1,116699
8001090290830,false,"אוראל בי משחת שיניים- להלבנה פנינה בוהקת 75 מ""ל",פרוקטר אנד גמבל,DE,אורל בי – משחה  3D W,Unknown,0.00,יחידה,false,,22.90,0.0000,true,1,183709
8001090290939,false,"אוראל בי משחת שיניים- להלבנה לובן בוהק 75 מ""ל",פרוקטר אנד גמבל,DE,אורל בי – משחת 3D Wh,Unknown,0.00,יחידה,false,,22.90,0.0000,true,1,183386
8001090336408,false,חיתולים בייבי דריי מידה 3 38 יח' פמפרס,פרוקטר אנד גמבל,DE,פמפרס בייבי דריי מיד,,38.00,יחידו,false,,34.90,0.9184,true,1,116701
8001090336446,false,פמפרס בייבי דריי חיתולים מידה 4 34 יח,פרוקטר אנד גמבל,DE,פמפרס בייבי דריי מיד,Unknown,0.00,יחידה,false,,34.90,0.0000,true,1,116702
8001090336491,false,פמפרס בייבי דריי חיתולים מידה +4 31 יח,פרוקטר אנד גמבל,DE,פמפרס בייבי דריי מיד,Unknown,0.00,יחידה,false,,34.90,0.0000,true,1,116703
8001090336521,false,פמפרס בייבי דריי חיתולים מידה 5 30 יח,פרוקטר אנד גמבל,DE,פמפרס בייבי דריי מיד,,30.00,יחידו,false,,34.90,1.1633,true,1,116704
8001090336606,false,פמפרס בייבי דריי חיתולים מידה 6 26 יח,פרוקטר אנד גמבל,DE,פמפרס בייבי דריי מיד,Unknown,0.00,יחידה,false,,34.90,0.0000,true,1,116705
8001090375230,false,"מרכך מרוכז 200 מ""ל לחות מוגברת ""פנטן""",פרוקטר אנד גמבל,FR,פנטן מרכך הקסם 200 מ,,200.00,100 מל,false,,19.90,0.0995,true,1,116708
8001090377531,false,"מסכה לשיער פנטן לצבע מלא חיים 300 מ""ל",פרוקטר אנד גמבל,RO,פנטן מסכה לצבע מלא ח,,300.00,100 מל,false,,29.90,0.0997,true,1,116711
8001090379337,false,פמפרס פרימיום קר חיתולים שלב 3 40 יח VP,פרוקטר אנד גמבל,PL,פמפרס חיתולים פרימיו,Unknown,40.00,יחידה,false,,36.90,0.9225,true,1,116714
8001090379368,false,פמפרס פרימיום קר חיתולים שלב 4 34 יח VP,פרוקטר אנד גמבל,PL,פמפרס חיתולים פרימיו,,34.00,יחידו,false,,36.90,1.0853,true,1,116715
8001090379399,false,פמפרס פרימיום קר חיתולים שלב 5 30 יח VP,פרוקטר אנד גמבל,PL,פמפרס חיתולים פרימיו,,30.00,יחידו,false,,36.90,1.2300,true,1,116716
8001090461711,false,אריאל קפסולות קולור חורי,,IL,אריאל קפסולות קולור,Unknown,0.00,יחידה,false,,54.90,0.0000,true,1,204555
8001090462695,false,אריאל קפסולות אלפין חורי,,IL,אריאל קפולות אלפין 3,Unknown,0.00,יחידה,false,,54.90,0.0000,true,1,204556
8001090493637,false,"הד אנד שולדרס שמפו אולטרא טוטאל קר 450 מ""ל",פרוקטר אנד גמבל,RO,הד אנד שולדרס אולטרה,Unknown,0.00,יחידה,false,,19.90,0.0000,true,1,116725
8001090580122,false,"הד אנד שולדרס שמפו סופרים משקם 400 מ""ל",פרוקטר אנד גמבל,FR,שולדרס שמפו סופרים מ,,400.00,100 מל,false,,19.90,0.0497,true,1,116729
8001090632715,false,מש.שיניים אורל בי לילדים פרוזן וקארס120ג,פרוקטר אנד גמבל,DE,אורל בי משחת שיניים,Unknown,0.00,יחידה,false,,14.90,0.0000,true,1,158522
8001090678195,false,"הד אנד שולדרס מרכך סופרים לחות 275 מ""ל",פרוקטר אנד גמבל,FR,שולדרס מרכך סופרים ל,,275.00,100 מל,false,,15.00,0.0545,true,1,111275
8001090678225,false,"מרכך הד&שולדרס סופרים משקם 275 מ""ל",פרוקטר אנד גמבל,FR,שולדרס מרכך סופרים מ,,275.00,100 מל,false,,15.00,0.0545,true,1,111276
8001090678614,false,"שמפו סופרים לחות הד אנד שולדרס 400 מ""ל",פרוקטר אנד גמבל,FR,שולדרס שמפו סופרים ל,,400.00,100 מל,false,,19.90,0.0497,true,1,116732
8001090737809,false,מגן תחתון אולוויז סינגל טנגה 36 יחידות,פרוקטר אנד גמבל,ES,אולוויז מגן תחתון ס,,36.00,יחידו,false,,19.90,0.5528,true,1,116740
8001090832450,false,"שמפו פנטן הנוסחה הקלאסית 660 מ""ל",פרוקטר אנד גמבל,RO,פנטן שמפו נוסחה קלאס,,660.00,100 מל,false,,19.90,0.0302,true,1,160222
8001090832535,false,"שמפו פנטן שמן מרוקאי משקם 660 מ""ל",פרוקטר אנד גמבל,RO,פנטן שמפו שמן מרוקאי,Unknown,0.00,יחידה,false,,19.90,0.0000,true,1,160223
8001090832573,false,"שמפו פנטן לחות מוגברת 660 מ""ל",פרוקטר אנד גמבל,RO,פנטן שמפו לחות מוגבר,Unknown,0.00,יחידה,false,,19.90,0.0000,true,1,160224
8001090832610,false,"שמפו פנטן למגע רך כמשי 660 מ""ל",פרוקטר אנד גמבל,RO,פנטן שמפו למגע רך כמ,Unknown,0.00,יחידה,false,,19.90,0.0000,true,1,160225
8001090832696,false,"פנטן שמפו לתלתלים מושלמים 660 מ""ל",פרוקטר אנד גמבל,RO,פנטן שמפו לתלתלים מו,,660.00,100 מל,false,,19.90,0.0302,true,1,160226
8001090832771,false,"פנטן שמפו להזנת קרטין 660 מ""ל",פרוקטר אנד גמבל,RO,פנטן שמפו הזנת קרטין,Unknown,0.00,יחידה,false,,19.90,0.0000,true,1,160227
8001090832818,false,מרכך פנטן הנוסחה הקלאסית לשיער רגיל ומעורב,פרוקטר אנד גמבל,RO,פנטן קונדישנר נוסחה,Unknown,0.00,יחידה,false,,19.90,0.0000,true,1,160228
8001090832856,false,"פנטן 660 מ""ל קונדישינר מרוקאי משקם",פרוקטר אנד גמבל,RO,פנטן קונדישנר מרוקאי,,660.00,100 מל,false,,19.90,0.0302,true,1,160229
8001090832894,false,מרכך לשיער חלש ופגום לחות מוגברת,פרוקטר אנד גמבל,RO,פנטן מרכך לחות מוגבר,Unknown,0.00,יחידה,false,,19.90,0.0000,true,1,160230
8001090832931,false,"פנטן 660 מ""ל קונדישינר למגע רך כמשי",פרוקטר אנד גמבל,RO,פנטן מרכך למגע רך כמ,,660.00,100 מל,false,,19.90,0.0302,true,1,160234
8001090832979,false,"פנטן 660 מ""ל קונדישינר לתלתלים מושלמים",פנטן שמפו ומרכך ב 17,RO,פנטן מרכך לתלתלים מו,,660.00,100 מל,false,,19.90,0.0302,true,1,160235
8001090833051,false,"פנטן 660 מ""ל קונדישינר הזנת קרטין",פנטן שמפו ומרכך ב 17,RO,פנטן מרכך הזנת קרטין,,660.00,100 מל,false,,19.90,0.0302,true,1,160236
8001090833259,false,גל כביסה אריאל בניחוח הרים 3.740 ליטר,פרוקטר אנד גמבל,FR,אריאל ג'ל כביסה ניחו,קילוגרמים,3.74,ליטר,false,,44.90,12.0053,true,1,116760
8001090886385,false,לנור כדוריות הבושם בניחוח רענן 140 גרם,פרוקטור אנד גמבל,US,לנור כדוריות הבושם ב,גרמים,140.00,100 גרם,false,,14.90,10.6429,true,1,198153
8001090886460,false,לנור כדוריות הבושם בניחוח אביבי 140 גרם,פרוקטור אנד גמבל,US,לנור כדוריות הבושם ב,גרמים,140.00,100 גרם,false,,14.90,10.6429,true,1,110619
8001160000888,false,"גטורייד משקה ספורט תפוז 500 מ""ל",אקווה מינרלה סאן בנדטו,IT,גטורייד ספורט תפוז ב,,500.00,100 מל,false,,10.90,0.0218,true,1,142493
8001160001786,false,"משקה אנרגיה גטורייד ספורט כחול 500מ""ל",אקווה מינרלה סאן בנדטו,IT,גטורייד ספורט כחול ב,,500.00,100 מל,false,,10.90,0.0218,true,1,142495
8001160001892,false,"משקה אנרגיה גטורייד ספורט תפוז אדום 500מ""ל",אקווה מינרלה סאן בנדטו,IT,גטורייד ספורט תפוז א,,500.00,100 מל,false,,10.90,0.0218,true,1,142496
8001505001785,false,ממרח אגוזי לוז לבן אורגני 270 גרם,ריגוני די אסיי ישראל,IT,ממרח אגוזי לוז ביאנק,גרמים,270.00,100 גרם,false,,24.90,9.2222,true,1,153607
8001620011935,false,"סן בנדטו- מים מינרלים מוגז - מארז שישיית 500 מ""ל",אקווה מינרלה סאן בנד,IT,סאן בנדטו מוגז 6*500,מיליליטרים,500.00,"100 מ""ל",false,,13.90,2.7800,true,1,142497
8001620015636,false,"משקה פרוטה מיקס פירות 400 מ""ל",אקווה מינרלה סאן בנדטו ב,IT,סן בנדטו מיקס פירות,,400.00,100 מל,false,,7.90,0.0198,true,1,190148
8001620017449,false,"סן בנדטו ספורט, מים מינרלים טבעיים 500 מל",אקווה מינרלה סאן בנדטו ב,IT,מים סאן בנדטו פקק 50,,500.00,100 מל,false,,3.90,0.0078,true,1,142498
8001620017456,false,"סן בנדטו ספורט, מים מינרלים טבעיים 500 מ""ל שישייה",אקווה מינרלה סאן בנדטו ב,IT,ששיית סאן בנדטו פקק,Unknown,6.00,יחידה,false,,14.90,2.4833,true,1,142499
8001620018408,false,"משקה פירות בטעם מנגו תפוח 400 מ""ל פרוטה",אקווה מינרלה סאן בנדטו ב,IT,סן בנדטו פרוטה מנגו,,400.00,100 מל,false,,7.90,0.0198,true,1,190146
8001841104751,false,פמפרס פרימיום קר חיתולים שלב 1 52 יח VP,פרוקטר אנד גמבל,PL,פמפרס פרימיום VP מיד,,52.00,יחידו,false,,36.90,0.7096,true,1,116775
8001841104799,false,פמפרס פרימיום קר חיתולים שלב 2 46 יח VP,פרוקטר אנד גמבל,PL,פמפרס פרימיום VP מיד,,46.00,יחידו,false,,36.90,0.8022,true,1,116776
8001841105093,false,פמפרס פרימיום קר חיתולים שלב 6 26 יח VP,פרוקטר אנד גמבל,PL,פמפרס פרימיום VP מיד,,26.00,יחידו,false,,36.90,1.4192,true,1,116777
8001841137179,false,קונדישינר הד&שולדרס הנוסחה הקלאסית 275מל,פרוקטר אנד גמבל,RO,ה&ש קונדישנר-הנוסחה,,275.00,100 מל,false,,15.00,0.0545,true,1,110615
8001841137216,false,"קונדישנר למגע רך כמשי הד אנד שולדרס 275 מ""ל",פרוקטר אנד גמבל,RO,ה&ש קונדישנר למגע רך,,275.00,100 מל,false,,15.00,0.0545,true,1,110616
8001841217543,false,אולוויז תחבושות אולט,,,אולוויז תחבושות אולט,Unknown,48.00,יחידה,false,,29.90,0.6229,true,1,192450
8001841272757,false,אורל-בי משחת שיניים להלבנה פחם- לניקוי עמוק,פרוקטור אנד גמבל,DE,משחת שיניים 3D White,גרמים,112.00,100 גרם,false,,29.90,26.6964,true,1,189567
8001841500942,false,"הרבל אסנסס - שמפו ללא סולפטים אלוורה ובמבוק 380 מ""ל",הרבל אסנס Herbal Essences,FR,הרבל אסנס שמפו ללא ס,,380.00,100 מל,false,,16.90,0.0445,true,1,169472
8001841502601,false,"הרבל אסנסס - מרכך ללא סולפטים אלוורה ובמבוק 275 מ""ל",הרבל אסנס Herbal Essences,FR,הרבל אסנס מרכך ללא ס,,275.00,100 מל,false,,19.90,0.0724,true,1,169168
8001841660257,false,מסכת מינרלס במבוק לשיער חזק וארוך,פנטן Pantene,FR,פנטן מיראקלס במבוק מ,גרמים,210.00,100 גרם,false,,18.90,9.0000,true,1,182688
8001841660530,false,קרם לחות מינרלס במבוק + חלבון משקם לשיער ארוך,פנטן Pantene,FR,פנטן מיראקלס במבוק ק,גרמים,270.00,100 גרם,false,,18.90,7.0000,true,1,182690
8001841669465,false,קפסולות לכביסה אריאל בניחוח לנור 24 יחידות,פרוקטר אנד גמבל,FR,אריאל קפס 24 בניחוח,,24.00,יחידו,false,,34.90,1.4542,true,1,205060
8001841722436,false,אולוייז תחתוניות סלי,,,אולוייז תחתוניות סלי,Unknown,0.00,יחידה,false,,15.90,0.0000,true,1,197470
8001841780818,false,פיירי - לימון 1.50 ליטר,פרוקטר & גמבל,TR,פיירי לימון 1.5 ליטר,קילוגרמים,1.50,ליטר,false,,13.90,9.2667,true,1,197076
8001841893990,false,פיירי טבליות למדיח פלטינום פלוס - מארז 30 יח',פרוקטר אנד גמבל,BE,פיירי קפסולות למדיח,Unknown,0.00,יחידה,false,,34.90,0.0000,true,1,170368
8001841958460,false,פיירי טבליות למדיח אורגינל הכל באחד - מארז 48 יח',פרוקטר אנד גמבל,BE,פיירי טבליות למדיח 4,Unknown,48.00,יחידה,false,,37.90,0.7896,true,1,170369
8001841960081,false,פיירי טבליות למדיח פלטינום הכל באחד - מארז 37 יח',פרוקטר אנד גמבל,BE,פיירי טבליות למדיח פ,Unknown,37.00,יחידה,false,,37.90,1.0243,true,1,170370
8001940000015,false,וילדה מטלית חלונות,,,וילדה מטלית חלונות,Unknown,0.00,יחידה,false,,12.90,0.0000,true,1,199173
8001940000213,false,וילדה מטלית ספוג 3 י,,,וילדה מטלית ספוג 3 י,Unknown,0.00,יחידה,false,,12.90,0.0000,true,1,190711
8002267014662,false,שלישייה ביצי שוקולד חלב עם צעצוע ברבי,צ'וקטה Chocketa,IT,צוקטה ביצת הפתעה ברב,Unknown,0.00,יחידה,false,,12.90,0.0000,true,1,121325
8002267016475,false,ביצת שוקולד הפתעה בוב הבנאי שלישייה 60 ג,מולינו ניקולי s.p.a,IT,צוקטה ביצי שוקולד בו,Unknown,0.00,יחידה,false,,12.90,0.0000,true,1,121327
8002270866524,false,סן פלגרינו מים מינרליים טבעיים מוגזים,סן פלגרינו San Pellegrino,IT,סאן פלנגרינו מים מינ,,1000.00,100 מל,false,,8.90,0.0089,true,1,142503
8002450201008,false,"רספברי ספרקלטיני 750 מ""ל",איטליה בוסקה,IT,ספרקלטיני ורדי כשר 7,Unknown,750.00,יחידה,false,,27.90,0.0372,true,1,112810
8002450202005,false,ורדי ספרקלטיני אסאי Verdi acai Sparkletini,איטליה בוסקה,IT,וורדי ספרקלטיני אסאי,מיליליטרים,750.00,"100 מ""ל",false,,27.90,3.7200,true,1,112811
8002450204009,false,ורדי ספרקלטיני אפרסק,"איי, בי, אינבוו",IT,"ורדי אפרסק 750 מ""ל",מיליליטרים,750.00,"100 מ""ל",false,,27.90,3.7200,true,1,112813
8002450206003,false,ורדי רימונים ספרקלטיני,"איי, בי, אינבוו",IT,וורדי ספרקלטיני רימו,מיליליטרים,750.00,"100 מ""ל",false,,27.90,3.7200,true,1,112815
8002450208007,false,ורדי גרין אפל ספרקלטיני,איטליה בוסקה,IT,וורדי ספרקלטיני גרין,מיליליטרים,750.00,"100 מ""ל",false,,27.90,3.7200,true,1,112817
8002450208304,false,"ורדי גוורצטרמינר 750 מ""ל",איטליה בוסקה,IT,וורדי גוורצטראמינר 7,מיליליטרים,750.00,"100 מ""ל",false,,27.30,3.6400,true,1,112818
8002793005370,false,יין פיציני ממורו רוס,,,פיצ'יני ממורו רוסו י,Unknown,0.00,יחידה,false,,39.90,0.0000,true,1,200288
8002793006797,false,פיצ'יני ממורו ביאנקו,,,פיצ'יני ממורו ביאנקו,Unknown,0.00,יחידה,false,,39.90,0.0000,true,1,200289
8002793007435,false,יין פיציני ממורו רוז,,,פיצ'יני ממורו רוזה י,Unknown,0.00,יחידה,false,,39.90,0.0000,true,1,200290
8002795002254,false,גיבנה מסקרפונה איטלקי 500 ג',,,מסקרפונה איטלקי 500,גרמים,500.00,100 גרם,false,,39.90,7.9800,true,1,181292
8002795002742,false,גבינה לבנה ריקוטה איטלקית 500 ג',,IT,ריקוטה איטלקית 500 ג,גרמים,500.00,100 גרם,false,,34.90,6.9800,true,1,181294
8002910043476,false,ויט רצועות שעווה מוכנות לקו הביקיני 12 יחידות,רקיט בנקיזר צרפת,FR,רצועות שעווה לבית הש,,16.00,יחידו,false,,24.90,1.5562,true,1,134189
8003115851705,false,עוגת פינטא פנתוני קל,BISCOTTIFICIO PRIMAV,IT,פינטא פנתוני קלאסיק,Unknown,0.00,יחידה,false,,44.90,0.0000,true,1,202230
8003207997861,false,"יין פאבולינו טוסקנה רוסו 750 מ""ל",‎פאבולינו,IT,פאבולינו טוסקנה רוסו,Unknown,0.00,יחידה,false,,39.90,0.0000,true,1,164740
8003405002558,false,וודקה רוברטו קוואלי700מל,מזקקה פרנקולי,IT,וודקה רוברטו קוואלי,מיליליטרים,700.00,"100 מ""ל",false,,119.90,17.1286,true,1,112026
8003440997833,false,מסטיק פיור פרש 100 יח בשקית בטעם פירות מנטה,פרפטי ואן מלה ברדה,TR,מסטיק פיור פרש 100 י,גרמים,200.00,100 גרם,false,,19.90,9.9500,true,1,187711
8003440997857,false,מסטיק פיורפרש מנטה אריזת חיסכון 200 גר,פרפטי ואן מלה ברדה,TR,מסטיק פיור פרש 100 י,גרמים,200.00,100 גרם,false,,19.90,9.9500,true,1,182522
8003535018573,false,"ויטורס שוק"" מריר %50",,,"ויטורס שוק"" מריר %50",גרמים,1000.00,100 גרם,false,,49.90,4.9900,true,1,127831
8003535018610,false,ויטורס שוק' ביאנקו 1,,,ויטורס שוק' ביאנקו 1,פריט,1.00,"ק""ג",false,,49.90,49.9000,true,1,127832
8003535020934,false,ויטורס שוק' גולדן פו,,,ויטורס שוק' גולדן פו,פריט,1.00,"ק""ג",false,,49.90,49.9000,true,1,127833
8003535060213,false,ויטורס סלקשין קרמי מ,,,ויטורס סלקשין קרמי מ,גרמים,1000.00,100 גרם,false,,49.90,4.9900,true,1,163142
8004030022010,false,ירקות גינה עם טונה ריו מרה אינסלטיסימי 160 ג',"בולטון אלימנטרי בע""\מ",IT,ריו מרה טונה אינסלטי,גרמים,160.00,100 גרם,false,,14.90,9.3125,true,1,128453
8004030026018,false,"מקסיקני עם טונה ריו מרה אינסלטיסימי, 160 ג'","בולטון אלימנטרי בע""\מ",IT,ריו מרה מקסיקני עם ט,גרמים,160.00,100 גרם,false,,14.90,9.3125,true,1,128454
8004030081024,false,נתחי טונה עם שום ופלפל אדום ריו מרה 160 ג',"בולטון אלימנטרי בע""\מ",IT,ריו מארה נתחי טונה ש,גרמים,160.00,100 גרם,false,,16.90,10.5625,true,1,128456
8004030103399,false,ריו מרה טונה בשמן זית רביעיות 4*56גרם,BOLTON GROUP- RIO,IT,ריו מרה בשמן זית רבי,Unknown,0.00,יחידה,false,,29.90,0.0000,true,1,168042
8004030180000,false,ריו מרה טונה בשמן זית כתית מעולה 3*80 גרם,"בולטון אלימנטרי בע""\מ",IT,ריו מרה טונה בשמן זי,גרמים,240.00,100 גרם,false,,29.90,12.4583,true,1,191894
8004030344938,false,"ריו מרה טונה בשמן זית 3X80 גרם מתכון חדש כשל""פ","בולטון אלימנטרי בע""\מ",IT,ריו מרה טונה בשמן זי,גרמים,540.00,100 גרם,false,,24.90,4.6111,true,1,128462
8004030381681,false,ריו מרה נתחי טונה בהירה בשמן זית זוג 160 גר,BOLTON GROUP- RIO,IT,ריו מארה טונה בשמן ז,גרמים,320.00,100 גרם,false,,29.90,9.3437,true,1,128465
8004030845046,false,טונה עם ירקות בתוספת עם אורז ריו מרה אינסלטיסימי 160 ג',בולטון אלימנטרי,IT,ריו מארה אינסלטיסימי,גרמים,160.00,100 גרם,false,,14.90,9.3125,true,1,128466
8004360032413,false,גביעי יין (6) PREMIU,,,גביעי יין (6) PREMIU,Unknown,0.00,יחידה,false,,159.90,0.0000,true,1,162922
8004360041040,false,כוס מים (6) 430 מל P,,,כוס מים (6) 430 מל P,Unknown,0.00,יחידה,false,,99.90,0.0000,true,1,170357
8004360081206,false,PASABACHE סט 6 כוסות,PASABACHE,,PASABACHE סט 6 כוסות,Unknown,0.00,יחידה,false,,59.90,0.0000,true,1,194212
8004360081237,false,PASABACHE סט כוסות ל,PASABACHE,,PASABACHE סט כוסות ל,Unknown,0.00,יחידה,false,,59.90,0.0000,true,1,194400
8004360081244,false,PASABACHE סט 6 כסות,PASABACHE,,PASABACHE סט 6 כסות,Unknown,0.00,יחידה,false,,29.90,0.0000,true,1,194221
8004645405109,false,יין טומאסי אפסמיינטו,,,טומאסי אדורטו יין לב,Unknown,0.00,יחידה,false,,74.90,0.0000,true,1,113453
8004690052044,false,פסטה פנה ריגטה 500 גרם,לה מוליזנה קמפובאסן,IT,לה מוליזנה פנה 500 ג,גרמים,500.00,100 גרם,false,,7.90,1.5800,true,1,168145
8004690054901,false,פסטה סדניני מוליסאנא,לה מוליזנה קמפובאסן,IT,לה מוליזנה פסטה איטל,גרמים,500.00,100 גרם,false,,7.90,1.5800,true,1,181216
8004800000064,false,לאגו פלאסיר- גלילי ופל קרם קקאו בציפוי ש.חלב - 100 ג',לגו גרופ ס.פ.א.,IT,לאגו פלאסיר גלילי ופ,גרמים,100.00,100 גרם,false,,11.90,11.9000,true,1,203836
8004800000071,false,לאגו פלאסיר- גלילי ופל במילוי קרם אגוזי לוז שוקולד חלב - 100 ג',לגו גרופ ס.פ.א.,IT,לאגו פלאסיר גלילי ופ,גרמים,100.00,100 גרם,false,,11.90,11.9000,true,1,203837
8005110001413,false,מארז זוג רסק עגבניות 140 ג' MUTTI,"איי, בי, אינבוו",IT,מארז זוג רסק עגבניות,גרמים,140.00,100 גרם,false,,11.90,8.5000,true,1,173597
8005110002243,false,רכז עגבניות Doppio Concentr בשפופרת 185 ג' MUTTI,"איי, בי, אינבוו",IT,MUTTI רכז עגבניות בש,גרמים,185.00,100 גרם,false,,9.90,5.3514,true,1,169298
8005110060007,false,מוטי עגבניות מקולפות 400 גר,מוטי אס.פי.איי,IT,עגבניות תמר איטלקיות,גרמים,400.00,100 גרם,false,,7.90,1.9750,true,1,187009
8005110170300,false,עגבניות חתוכות דק Polpa - מארז שלישייה,מוטי Mutti,IT,MUTTI עגבניות מרוסקו,פריט,1.20,"ק""ג",false,,19.90,16.5833,true,1,168188
8005110171215,false,מוטי עגבניות חתוכות פולפפזי 690 גרם{בקבוק},"איי, בי, אינבוו",IT,רוטב עגבניות חתוכות,גרמים,690.00,100 גרם,false,,14.90,2.1594,true,1,168194
8005110191015,false,רסק עגבניות ובזיליקום MUTTI{ירוק } 700 גרם,"איי, בי, אינבוו",IT,רסק עגבניות+בזיליקום,גרמים,700.00,100 גרם,false,,14.90,2.1286,true,1,168195
8005110200014,false,רסק עגבניות 210 ג' CONCENTRATO MUTTI,"איי, בי, אינבוו",IT,מוטי רכז עגבניות 22%,גרמים,210.00,100 גרם,false,,9.90,4.7143,true,1,168989
8005110550508,false,מוטי עגבניות שרי 400 גר,mutti s.p.a,IT,עגבניות שרי 400 גרם,גרמים,400.00,100 גרם,false,,9.90,2.4750,true,1,168189
8005200256587,false,נסטי - תה קר בטעם אפרסק 1.5 ליטר,מפעל סאנפלגרינו S.P.A,IT,נסטי אפרסק 1.5 ליטר,קילוגרמים,1.50,ליטר,false,,8.90,5.9333,true,1,189523
8005200286584,false,נסטי- תה קר - בטעם מנגו אננס 1.5 ליטר,מפעל סאנפלגרינו S.P.A,IT,נסטי מנגו אננס 1.5 ל,קילוגרמים,1.50,ליטר,false,,8.90,5.9333,true,1,189524
8005803010357,false,גריסיני קלאסי - מקלות אפויים עם שמן זית ומלח,"אינסטנטה בע""מ",IT,גריסיני קלאסי 125 גר,גרמים,125.00,100 גרם,false,,7.50,6.0000,true,1,121331
8005803010371,false,"גריסיני רוזמרין - מקלות אפויים עם שמן זית, מלח ורוזמרין","אינסטנטה בע""מ",IT,גריסיני רוזמרין 125,גרמים,125.00,100 גרם,false,,7.50,6.0000,true,1,121332
8005803010586,false,"מקלות אפויים עם שמן זית, מלח, עגבניות ואורגנו, 125 גרם, אמור די פאן","הוסטה איטליה, ס.ר.ל.",IT,גריסיני פיצה 125 גרם,גרמים,125.00,100 גרם,false,,7.50,6.0000,true,1,121333
8005803010661,false,"מקלות אפויים עם שמן זית, מלח, ושומשום, 125 גרם, אמור די פאן","הוסטה איטליה, ס.ר.ל.",IT,גריסיני שומשום 125 ג,גרמים,125.00,100 גרם,false,,7.50,6.0000,true,1,121334
8005840096703,false,מעדן קפוא בטעם שמנת וניל קקאו וקפה 1000,,IT,קינוח קפוא בטעם שמנת,Unknown,0.00,יחידה,false,,29.90,0.0000,true,1,195810
8005840096710,false,"קינוח קפוא בטעם אגוזים 1 ק""ג SORBETTIERA",,,"""קינוח קפוא בטעם אגו",Unknown,0.00,יחידה,false,,29.90,0.0000,true,1,195808
8006423301856,false,בונבוניירה סוריני מעורבת 450 גר,HDI SORINI,IT,בונבוניירה דפילה 450,גרמים,450.00,100 גרם,false,,89.90,19.9778,true,1,125387
8006423463066,false,בונבוניירה ולנטיין 195 גר SORINI,,IT,בונבניירה סוריני ולנ,גרמים,195.00,100 גרם,false,,64.90,33.2821,true,1,125444
8006423468801,false,בונבוניירה סוריני טיפי כדור 30 גר,HDI SORINI,IT,בונבוניירה כדור 340,גרמים,340.00,100 גרם,false,,36.90,10.8529,true,1,125461
8006540088401,false,אולוייז אולטרא לונג,,,אולוייז אולטרא לונג,Unknown,0.00,יחידה,false,,12.90,0.0000,true,1,201036
8006540088692,false,הרבל אסנס מסכה אינטנסיבית ארגן 450 מל,S BLOIS GAMBLE & PROCTER,FR,הרבל אסנס מסיכה מרוכ,,450.00,100 מל,false,,39.90,0.0887,true,1,189307
8006540091906,false,לנור כדוריות הבושם בניחוח אריאל 140 גרם,פטר קרמר עבור פרוקטור אנ,US,לנור כדוריות הבושם ב,גרמים,140.00,100 גרם,false,,14.90,10.6429,true,1,198152
8006540112793,false,"מרכך כביסה מרוכז בניחוח יסמין לנור 900 מ""ל",פרוקטר אנד גמבל,US,לנור מרכך מרוכז בניח,,900.00,100 מל,false,,15.90,0.0177,true,1,201427
8006540112823,false,"לנור מרכך כביסה מרוכז בניחוח האוקיינוס 900 מ""ל",פרוקטר אנד גמבל,FR,לנור מרכך מרוכז בניח,,900.00,100 מל,false,,15.90,0.0177,true,1,182969
8006540115251,false,אריאל - קפסולות ג'ל למכונת כביסה צבעונית 26 יח',,,אריאל קפסולות ג'ל קו,Unknown,0.00,יחידה,false,,36.90,0.0000,true,1,204180
8006540221341,false,אולוויז מגן תחתון וליופק לארג' 48 יחידות,,DE,אללוויז וליופק מגן ת,Unknown,0.00,יחידה,false,,19.90,0.0000,true,1,205146
8006540425930,false,אריאל קפסולות לכביסה ג'ל 24 יח' לכתמים קשים,פרוקטר אנד גמבל,FR,אריאל קפסולות 24 יח',,24.00,יחידו,false,,34.90,1.4542,true,1,205061
8006540495186,false,לנור מרכך כביסה מרוכז רגיש בייבי 900 מל,פרוקטר אנד גמבל,FR,לנור מרכך כביסה בייב,מיליליטרים,900.00,"100 מ""ל",false,,15.90,1.7667,true,1,202616
8006540495216,false,"מרכך כביסה לנור בניחוח אמאטיסט 900 מ""ל",פרוקטר אנד גמבל,FR,לנור מרכך כביסה בניח,,897.00,100 מל,false,,15.90,0.0177,true,1,202617
8006540495247,false,"לנור מרכך כביסה מרוכז בניחוח פרחי בר 900 מ""ל",פרוקטר אנד גמבל,FR,לנור מרכך כביסה בניח,,900.00,100 מל,false,,15.90,0.0177,true,1,202618
8006540592434,false,אולוויז תחבושות נורמל 28 יח,פרוקטר & גמבל,HU,תחבושת אולוויז אולטר,Unknown,0.00,יחידה,false,,19.90,0.0000,true,1,198132
8006540592465,false,תחבושות אולוויז אולטרה לונג כפול 24 יח,פרוקטר & גמבל,HU,תחבושת אולוויז אולטר,,20.00,יחידו,false,,19.90,0.9950,true,1,198131
8006540598078,false,אולוייז אולטרא נורמל,,,אולוייז אולטרא נורמל,Unknown,0.00,יחידה,false,,12.90,0.0000,true,1,198636
8006540620403,false,"טייד אבקת כביסה אפקט פיירי 7 ק""ג",פרוקטר אנד גמבל,TR,טייד 7 קילו אפקט פיי,גרמים,6365.00,100 גרם,false,,59.90,0.9411,true,1,205062
8006860572314,false,אלמה ורדה חמוציות מי,,,אלמה ורדה חמוציות מי,Unknown,0.00,יחידה,false,,20.90,0.0000,true,1,153630
8006922084410,false,גלידה משפחתית בטעם שמנת עם פיסטוקים סיווירו מאריה 2 ל',,,גלידת איטלקית בטעם פ,קילוגרמים,2.00,ליטר,false,,34.90,17.4500,true,1,180919
8006922085325,false,גלידה משפחתית בטעם שמנת עם סירופ קרמל סיווירו מאריה 2 ל',,,גלידה איטלקית בטעם ק,Unknown,0.00,יחידה,false,,34.90,0.0000,true,1,180891
8006922085356,false,גלידה משפחתית בטעם שמנת עם דובדבנים סיווירו מאריה 2 ל',,,גלידת איטלקית 1 ליטר,קילוגרמים,1.00,ליטר,false,,34.90,34.9000,true,1,180903
8006922085363,false,גלידה משפחתית בטעם שמנת עם שוקולד סיווירו מאריה 2 ל',,,גלידה איטלקית בטעם ש,Unknown,0.00,יחידה,false,,34.90,0.0000,true,1,180922
8007150901623,false,שמן זרעי ענבים 1 ליטר +1/2 ליטר במארז,,,שמן זרעי ענבים 1 ליט,קילוגרמים,1.00,ליטר,false,,66.90,66.9000,true,1,146397
8007150906338,false,חומץ בלסמי ממדונה כש,,,אוליטליה חומץ בלסמי,מיליליטרים,500.00,"100 מ""ל",false,,25.90,5.1800,true,1,146401
8007178223547,false,קרם מצומצם עם חומץ בלסמי ממודנה,פארייפאבה אגרואינדוס,IT,קרם מצומצם עם חומץ ב,,250.00,100 מל,false,,26.90,0.1076,true,1,140869
8007290332790,false,פארפלי צבעים 500*20,,,פארפלי צבעים 500*20,Unknown,0.00,יחידה,false,,9.90,0.0000,true,1,170437
8007290581525,false,רוטב עגבניות עם בזיל,,,רוטב עגבניות עם בזיל,Unknown,0.00,יחידה,false,,9.90,0.0000,true,1,164780
8008698002100,false,מקלות גריסיני 200 גרם ד''ר שר,"ד""ר שר ס.ר.ל",IT,מקלות גריסיני ללא גל,גרמים,150.00,100 גרם,false,,22.90,15.2667,true,1,161506
8008698004630,false,SORRISI עוגיות סנדוויץ' במילוי קרם קקאו 250 גר',ס.ר.ל פוסטל,FR,עוגיות סנדוויץ ללא ג,גרמים,250.00,100 גרם,false,,26.90,10.7600,true,1,146071
8008698004807,false,מיקס - Bתערובת קמחים לאפיית לחמים ללא גלוטן 1קג,ס.ר.ל פוסטל,AT,"קמח B ד""ר שר 1 ק""ג",פריט,1.00,"ק""ג",false,,30.90,30.9000,true,1,146072
8008698008157,false,עוגיות בטעם שוקולד במילוי קרם שמנת 100 גרם mini sorrisi,דר שר ס.ר.ל פוסטל,IT,שר עוגיות דאבל מילוי,גרמים,100.00,100 גרם,false,,12.90,12.9000,true,1,146073
8008698012857,false,ביסקויט פתי בר בטעם חמאה 165 גרם ללא גלוטן petit,ס.ר.ל פוסטל,IT,דר שר עוגיות פתי בר,גרמים,165.00,100 גרם,false,,18.90,11.4545,true,1,146078
8008698024065,false,פאן בלנקו-לחם ללא גלוטן 250 גרם,schar,IT,פאן בלנקו לחם ללא גל,גרמים,250.00,100 גרם,false,,17.90,7.1600,true,1,146082
8008863069457,false,דופיו פאסו פוליה פרמ,,,דופיו פאסו פוליה פרמ,Unknown,0.00,יחידה,false,,55.90,0.0000,true,1,200272
8009915000282,false,פסטה פטוצ'יני ללא גלוטן 250 גר' - פוריו,LE VENEZIANE,IT,פסטה פטוצ'יני ללא גל,גרמים,250.00,100 גרם,false,,15.90,6.3600,true,1,146422
8009915002064,false,ניוקי ללא גלוטן 250 גרם,LE VENEZIANE,IT,לה ונציה פסטה מקמח ת,Unknown,0.00,יחידה,false,,15.90,0.0000,true,1,146426
8009915008905,false,מיני גריסיני ללא גלוטן עם שמן זית250 גרם,מולינו דה פירו,IT,מיני גריסיני ללא גלו,גרמים,250.00,100 גרם,false,,19.90,7.9600,true,1,146432
8009915008950,false,מיני גריסיני ללא גלוטן עם רוזמרין 250 ג' (8),מולינו דה פירו,IT,מיני גריסיני ללא גלו,גרמים,250.00,100 גרם,false,,19.90,7.9600,true,1,146434
8011033011279,false,קוסקוס אמיתי 1 קג מר,אמירה,IT,"קוסקוס מרקש 1 ק""ג",גרמים,1000.00,100 גרם,false,,15.90,1.5900,true,1,134640
8013399145315,false,סוכריות סטיביה דיטרול תות 70 גרם,קלואטה איטליה,IT,דיטורל סוכריות תות ש,Unknown,0.00,יחידה,false,,9.90,0.0000,true,1,116184
8016608003215,false,יין קיאנטי סנטה טרינ,איטליה לה קיאנטי ג'י,,קיאנטי סנטה טריניטה,מיליליטרים,750.00,"100 מ""ל",false,,39.90,5.3200,true,1,112823
8017938005122,false,"נטורפוד חומץ תפוחים אורגני 750 מ""ל",מריה לוצ'יה מלצ'יורי,IT,ביוטרנטינו חומץ תפוח,Unknown,0.00,יחידה,false,,21.90,0.0000,true,1,153637
8017938005764,false,מיץ תפוחים אורגני 100% 1 ליטר נטורפוד,לוצ'ה מריה,IT,נטורפוד מיץ תפוחים א,Unknown,0.00,יחידה,false,,20.90,0.0000,true,1,153639
8019428000099,false,משקה אורז אורגני בתוספת שקדים 1 ליטר,the bridge,IT,משקה אורז אורגני -,Unknown,0.00,יחידה,false,,13.90,0.0000,true,1,146438
8023492000091,false,סטיק שוקולד גינדויה חלב עם אגוז 150 DG 3,די.גי 3 דולצאריה ס.ר,IT,ג'יאנדויה חלב עם אגו,גרמים,150.00,100 גרם,false,,15.90,10.6000,true,1,173709
8023492000237,false,סטיק נוגט טורונה שקד,די.גי 3 דולצאריה ס.ר,IT,סטיק נוגט טורונה שקד,גרמים,150.00,100 גרם,false,,15.90,10.6000,true,1,175354
8024985000116,false,מחית תפוח אוכמ 100% פרי 200 ג נטורה נובה,"נטורפוד בע""מ",IT,נטורה נובה מחית תפוח,Unknown,0.00,יחידה,false,,11.90,0.0000,true,1,153645
8024985002912,false,סמוזי אגס בטטה 100 גר נטורה נובה,נטורה נובה,IT,נטורה נובה סמוזי תפו,גרמים,100.00,100 גרם,false,,6.90,6.9000,true,1,153647
8024985002967,false,סמוזי נטורה נובה בננה תרד 100 גרם,נטורה נובה,IT,נטורה נובה סמוזי בננ,גרמים,100.00,100 גרם,false,,6.90,6.9000,true,1,153649
8024985004299,false,סמוזי מעורב תפוח/פירות רביעיה 400 גר,נטורה נובה,IT,נטורה נובה סמוזי מעו,Unknown,0.00,יחידה,false,,23.90,0.0000,true,1,153652
8024985005234,false,סמוזי נטורה נובה סמוצי תפוח מנגו 100 גרם,נטורה נובה,IT,נטורה נובה סמוזי מנג,Unknown,0.00,יחידה,false,,6.90,0.0000,true,1,153655
8024985008044,false,סמוזי נטורה נובה סמוצי אגס 100 גרם,"נטורפוד בע""מ",IT,נטורה נובה סמוזי אגס,Unknown,0.00,יחידה,false,,6.90,0.0000,true,1,153660
8024985008051,false,סמוזי נטורה נובה סמוצי פירות אדומים 100,נטורה נובה Natura Nuova,IT,נטורה נובה סמוזי פיר,Unknown,0.00,יחידה,false,,6.90,0.0000,true,1,153661
8028695004013,false,ארטישוק אלה רומנה בש,ITALCARCIOFI,,ארטישוק א-לה רומנה ב,גרמים,530.00,100 גרם,false,,31.90,6.0189,true,1,168202
8028695200231,false,רבעי ארטישוק בשמן חמניות 530 ג' ITALCARCIOFI,ITALCARCIOFI,,רבעי ארטישוק בשמן חמ,גרמים,530.00,100 גרם,false,,24.90,4.6981,true,1,168204
8032804430440,false,אטריות כוסמת אורגניות ללא גלוטן,אף.סי תבליני בגליל ב,IT,פליסיה קופסא ספגטי כ,Unknown,0.00,יחידה,false,,20.90,0.0000,true,1,113899
8032804430761,false,לזניה עדשים צהובות פליסיה 250 גרם,אף.סי תבליני בגליל ב,IT,לזניה עדשים צהובות א,גרמים,250.00,100 גרם,false,,20.90,8.3600,true,1,153668
8032804435636,false,אטריות פוזילי אורגניות 4 דגנים ללא גלוטן,מולינו אנדריאני,IT,פליסיה קופסא פוזילי,Unknown,0.00,יחידה,false,,14.90,0.0000,true,1,153680
8032880800243,false,פיקניק הפתעה - אגוזי לוז ומקלות אפויים,"הוסטה איטליה, ס.ר.ל.",IT,פיקניק הפתעה 50 גרם,Unknown,0.00,יחידה,false,,7.10,0.0000,true,1,121335
8033020445973,false,"PIVETTI קמח 00 לכל מטרה 1 ק""ג",פיווטי Pivetti,IT,"קמח לכל מטרה 1 ק""ג",פריט,1.00,"ק""ג",false,,9.90,9.9000,true,1,168167
8033020445980,false,"קמח לפסטה 1 pasta fresca ק""ג 00 PIVETTI",PIVETTI,IT,PASTA FRESCA קמח פסט,פריט,1.00,"ק""ג",false,,13.90,13.9000,true,1,168168
8033020445997,false,"קמח איטלקי ללחמים 1 ק""ג 0 PIVETTI",PIVETTI,IT,קמח איטלקי ללחמים 1,פריט,1.00,"ק""ג",false,,12.90,12.9000,true,1,168172
8034023209272,false,ארטישוק א-לה רומנה בשמן חמניות 510 ג' (12),אהלרומנה,,"ארטישוק ""אל-לה רומנה",גרמים,510.00,100 גרם,false,,38.90,7.6275,true,1,146457
8048792765624,false,אורז בסמטי וואיט גול,,,אורז בסמטי וואיט גול,פריט,5.00,"ק""ג",false,,49.90,9.9800,true,1,190047
8052432832348,false,וונטד שרדונה,,,וונטד שרדונה,Unknown,0.00,יחידה,false,,54.90,0.0000,true,1,189106
8052440756216,false,שמן חמניות אורגני כבישה קרה 1 ליטר,תות תעשיות מזון (201,IT,שמן חמניות אורגני נ,Unknown,0.00,יחידה,false,,39.90,0.0000,true,1,153683
8052440756315,false,שמן קנולה אורגני 1 ליטר נטורפוד,תות תעשיות מזון (201,IT,שמן קנולה אורגני נט,Unknown,0.00,יחידה,false,,39.90,0.0000,true,1,153684
8076800195019,false,ברילה - צ.א ספגטי מס1 קפליני 500 גרם,ברילה גי.אי.אר פרטלי ס.פ,IT,ברילה ספגטי קפליני מ,גרמים,500.00,100 גרם,false,,6.90,1.3800,true,1,128469
8076800195033,false,ברילה - צ.א ספגטיני מס3 חדש 500 גרם,ברילה גי.אי.אר פרטלי ס.פ,IT,ברילה ספגטי מס' 3 50,גרמים,500.00,100 גרם,false,,6.90,1.3800,true,1,128470
8076800195057,false,ברילה - צ.א ספגטי מס5 חדש 500 גרם,ברילה גי.אי.אר פרטלי ס.פ,IT,ברילה ספגטיני מס 5 5,גרמים,500.00,100 גרם,false,,6.90,1.3800,true,1,128471
8076800195132,false,ברילה - צ.א בבטה מס13 500 גרם,ברילה גי.אי.אר פרטלי ס.פ,IT,ברילה ספגטי בבטה מס,גרמים,500.00,100 גרם,false,,6.90,1.3800,true,1,128472
8076800315097,false,פסטה מקרוני בוקטיני מספר 9 ברילה 500 גרם,ברילה גי.אי.אר פרטלי ס.פ,IT,ברילה ספגטי בוקטיני,גרמים,500.00,100 גרם,false,,6.90,1.3800,true,1,128473
8076802085738,false,ברילה צ.ק פנה רגטה מס' 73 500 גרם,ברילה גי.אי.אר פרטלי ס.פ,IT,ברילה פנה רגטה מס 73,גרמים,500.00,100 גרם,false,,6.90,1.3800,true,1,128476
8076802085837,false,ברילה - צ.ק טורטליוני מס83 500 גרם,הנסיך- מפעל לייצור ט,IT,ברילה פסטה טורטיליונ,גרמים,500.00,100 גרם,false,,6.90,1.3800,true,1,128477
8076802085936,false,פסטה ברילה קונצ'יגלי ריגטה 500 גרם,ברילה גי.אי.אר פרטלי ס.פ,IT,ברילה פסטה קונצילה ר,גרמים,500.00,100 גרם,false,,6.90,1.3800,true,1,173403
8076802085981,false,ברילה - צ.ק פוזילי חדש 500 גרם,ברילה גי.אי.אר פרטלי ס.פ,IT,ברילה פסטה פוזילי 50,גרמים,500.00,100 גרם,false,,6.90,1.3800,true,1,128479
8076808050440,false,פסטה מקרוני מספר 44 ברילה 500 גרם,ברילה Barilla,IT,ברילה פסטה מקרוני מס,גרמים,500.00,100 גרם,false,,6.90,1.3800,true,1,128480
8076808060654,false,פסטה פרפלה מספר 65 ברילה 500 גרם,ברילה גי.אי.אר פרטלי ס.פ,IT,ברילה פסטה פרפלה 65,גרמים,500.00,100 גרם,false,,6.90,1.3800,true,1,128481
8076808070882,false,קנלוני מספר 88 ברילה 250 גרם,פאסטיפיקו ריגו אס.אר,IT,ברילה קנלוני 500 גרם,גרמים,500.00,100 גרם,false,,14.90,2.9800,true,1,128482
8076808150072,false,ברילה - צ.א ספגטוני מס7 חדש 500 גרם,ברילה גי.אי.אר פרטלי ס.פ,IT,ברילה ספגטי מס 7 500,גרמים,500.00,100 גרם,false,,6.90,1.3800,true,1,128483
8076809501415,false,ברילה קנלוני/פנה 500 ג' מצה פנה טרקולור 500 גרם,"ש. שסטוביץ בע""\מ",IT,ברילה פסטה פנה טריקו,גרמים,500.00,100 גרם,false,,14.90,2.9800,true,1,128484
8076809513388,false,רוטב לפסטה ארביאטה ברילה 400 גרם,ברילה גי.אי.אר פרטלי ס.פ,IT,ברילה רוטב ארביאטה 4,גרמים,400.00,100 גרם,false,,14.90,3.7250,true,1,128485
8076809513395,false,ברילה פומודורו רוטב עגבניות קלאסי 400 גר,ברילה גי.אי.אר פרטלי ס.פ,IT,ברילה רוטב פורמודרו,גרמים,400.00,100 גרם,false,,14.90,3.7250,true,1,128486
8076809513654,false,בסיס רוטב עגבניות לבולונז ברילה 400 גרם,ברילה גי.אי.אר פרטלי ס.פ,IT,בסיס רוטב עגבניות לב,גרמים,400.00,100 גרם,false,,14.90,3.7250,true,1,128488
8076809513692,false,רוטב עגבניות נפולטנה בתוספת ירקות,ברילה גי.אי.אר פרטלי ס.פ,IT,ברילה רוטב נפוליטנה,גרמים,400.00,100 גרם,false,,14.90,3.7250,true,1,128489
8076809513739,false,ברילה רוטב עגבניות עם בזיליקום 400 גרם,ברילה גי.אי.אר פרטלי ס.פ,IT,רוטב פסטה ברילה בזיל,גרמים,400.00,100 גרם,false,,14.90,3.7250,true,1,128491
8076809514774,false,ברילה איטריות ביצים פפרדלה 250ג',ברילה גי.אי.אר פרטלי ס.פ,IT,ברילה פפרדלה ביצים 2,גרמים,250.00,100 גרם,false,,18.90,7.5600,true,1,128493
8076809523561,false,רוטב עגבניות עם עשבי תיבול 400 ג' ברילה,ברילה גי.אי.אר פרטלי ס.פ,IT,ברילה רוטב פסטה טוסק,גרמים,400.00,100 גרם,false,,14.90,3.7250,true,1,128496
8076809523714,false,איטריות טליאטלה ברילה 500 גרם,"ש. שסטוביץ בע""\מ",IT,ברילה טליאטלה 500 גר,גרמים,500.00,100 גרם,false,,25.90,5.1800,true,1,128497
8076809523738,false,דפי לזניה ברילה 500 גרם,ברילה גי.אי.אר פרטלי ס.פ,IT,ברילה לזניה 500 ג,גרמים,500.00,100 גרם,false,,24.90,4.9800,true,1,128498
8076809529419,false,ספגטי מחיטה מלאה מס' 5 500 ג' ברילה,ברילה גי. אי. אר פרט,IT,ברילה ספגטי מחיטה מל,גרמים,500.00,100 גרם,false,,14.90,2.9800,true,1,128499
8076809529433,false,פסטה פנה ריגטה חיטה מלאה ברילה 500 גרם,"ש. שסטוביץ בע""\מ",IT,ברילה פנה רגטה מחיטה,גרמים,500.00,100 גרם,false,,14.90,2.9800,true,1,128500
8076809545440,false,ברילה איטריות ללא גלוטן 400 גר,ברילה ג'.אי.אר פרטלי,IT,ברילה אטריות ללא גלו,גרמים,400.00,100 גרם,false,,15.90,3.9750,true,1,173241
8076809545457,false,ברילה אטריות ללא גלוטן 400 ג' צינורות 400 ג',ברילה ג'.אי.אר פרטלי,IT,ברילה צינורות עב קמח,גרמים,400.00,100 גרם,false,,15.90,3.9750,true,1,128505
8076809545464,false,ברילה פסטה ללא גלוטן צורת ספירלי 400 גר,מולינו אנדריאני אס.א,IT,ברילה ספירלי עב קמח,גרמים,400.00,100 גרם,false,,15.90,3.9750,true,1,128506
8076809547956,false,ברילה - צ.ק קיפרי 500 גרם,ברילה ג'.אי.אר פרטלי,IT,ברילה קיפרי 500 גרם,גרמים,500.00,100 גרם,false,,6.90,1.3800,true,1,159330
8076809578998,false,ברילה - צ.ק. סטלינה 500 גרם,ברילה גי. אי. אר פרטלי ס,IT,ברילה צ.ק.סטלינה 500,גרמים,500.00,100 גרם,false,,6.90,1.3800,true,1,182950
8121300206946,false,ממתיק סיטיביה טרוביה 80 שקיות אישיות,הרתסייד פוד,US,טרוביה סטיביה ממתיק,Unknown,0.00,יחידה,false,,29.90,0.0000,true,1,133424
8121300207004,false,טרוביה - סטיביה ממתיק בצנצנת 270 גרם,קספרס פאקאגעהג,US,טרוביה סטיביה ממתיק,גרמים,270.00,100 גרם,false,,34.90,12.9259,true,1,133425
8121300208780,false,טרוביה תחליף סוכר לכל מטרה 360 גרם,טרוביה Truvia,US,טרוביה תחליף סוכר לכ,גרמים,360.00,100 גרם,false,,34.90,9.6944,true,1,199522
8356919000030,false,טרמוס 2 ליטר,,,טרמוס 2 ליטר,Unknown,0.00,יחידה,false,,79.90,0.0000,true,1,201197
8356919000033,false,טרמוס 1 ליטר,,,טרמוס 1 ליטר,Unknown,0.00,יחידה,false,,149.90,0.0000,true,1,201198
8367383380467,false,קומקום נירוסטה צבעוני BT-8046 BENATON,,,קומקום נירוסטה צבעונ,Unknown,0.00,יחידה,false,,69.90,0.0000,true,1,192204
8410076600622,false,חטיפי גרנולה קראנצ'י עם שוקולד מריר נייצ'ר ואלי 210 גרם,ג'נרל מילס סאן אדריאן,ES,קראנצי חטיף שבבי שוק,גרמים,210.00,100 גרם,false,,18.90,9.0000,true,1,121339
8410076610379,false,"חטיף בוטנים, חלבון סויה ושוקולד מריר עם ציפוי בטעם שוקולד",סריילטו ספיין פודס,ES,נייטשר וואלי פרוטאין,גרמים,160.00,100 גרם,false,,24.90,15.5625,true,1,121342
8410076610386,false,נייטשר ואלי פרוטאין בוטנים עם ציפוי בטעם קרמל מלוח 160 ג',ג'\נרל מילס סאן אדריאן S,ES,נייטשר וואלי פרוטאין,גרמים,160.00,100 גרם,false,,24.90,15.5625,true,1,121343
8410076610492,false,חטיף שיבולת שועל מלאה ובוטנים בציפוי עם חמאת בוטנים,יבואן ומשווק: ש. שסט,GB,נייטשר ואלי חטיף בוט,גרמים,150.00,100 גרם,false,,18.90,12.6000,true,1,121344
8410076610508,false,"חטיף שיבולת שועל מלאה עם בוטנים, שקדים ושוקולד מריר בציפוי בטעם שוקולד",נייצ'ר ואלי Nature Valley,ES,נייטשר ואלי חטיף סשו,גרמים,150.00,100 גרם,false,,18.90,12.6000,true,1,121345
8410076621047,false,עוגות אישיות בטעם שוקולד עם חתיכות בטעם שוקולד,"גלאטס סירו בע""\מ",ES,פייבר וואן בראוניז ט,Unknown,0.00,יחידה,false,,15.90,0.0000,true,1,170225
8410104045111,false,"פיניש מלח למדיח כלים 2ק""ג",רקיט בנקיזר,IL,"פיניש מלח למדיח 2 ק""",,2.00,קג,false,,14.90,7.4500,true,1,159272
8410104437268,false,מפיג ריח רגיל למדיח פיניש 1 יחידה,רקיט בנקיזר,HU,פיניש דאו ציטרופרש מ,,1.00,יחידו,false,,14.90,14.9000,true,1,134193
8410128768355,false,ויוה סוי משקה סויה קלאסי קרטונית ליטר,קלידאד פסקואל,ES,ויוה סוי סויה 1 ליטר,,1000.00,100 מל,false,,10.90,0.0109,true,1,161060
8410161511253,false,"ברנדי ספרדי רומטה סולרה חרז 700 מ""ל",רומטה,ES,ברנדי רומטה סולרה 70,מיליליטרים,700.00,"100 מ""ל",false,,79.90,11.4143,true,1,113775
8410161512021,false,ברנדי סולרה רזרבה 1,,,ברנדי סולרה רזרבה 1,קילוגרמים,1.00,ליטר,false,,99.90,99.9000,true,1,113776
8410184010108,false,אורז לה סיגלה עגול 1,בני ג'ורג' שוקחה חיפ,,"לה סיגלה אורז 1 ק""ג",פריט,1.00,"ק""ג",false,,9.90,9.9000,true,1,142889
8410376010701,false,"ביסקוויט ללת""ס גולון גלטה מריה 400 גר",תות תעשיות מזון (201,ES,גולון ביסקוויט מרי ל,גרמים,400.00,100 גרם,false,,22.90,5.7250,true,1,131217
8410376023831,false,גולון-ביסקוויט ח.מלאה 400 גר' ללא סוכר 1/15,גולון,ES,גולן ביסקוויט מחיטה,גרמים,400.00,100 גרם,false,,18.40,4.6000,true,1,131220
8410376029079,false,גולון רונדיטוס ביסקויט ללא תוספת סוכר 186 גר,GULLON,,רונדיטוס ביסקוויט,Unknown,0.00,יחידה,false,,21.90,0.0000,true,1,131223
8410376033267,false,גולון ביסקוויט דגנים ללא סוכר 410 ג',GULLON,,ביסקוויט דגנים ללא ס,גרמים,410.00,100 גרם,false,,15.90,3.8780,true,1,174593
8410376037784,false,גולון ביסקויט סנדויץ שוקו ללא סוכר 250ג,תות תעשיות מזון (201,ES,גולון סנדוויץ שוקולד,גרמים,250.00,100 גרם,false,,13.90,5.5600,true,1,131226
8410376037883,false,גוליאן עוגיות שוקו צפס ללא גלוטן 130 ג ו,תות תעשיות מזון (201,ES,גולון עוגיות שוקו צפ,גרמים,130.00,100 גרם,false,,13.90,10.6923,true,1,131227
8410376042481,false,גולון ביסקווט קרם יוגורט ללא תוספת סוכר 220 גרם,גלטס גולון,ES,ביסקויט קרם יוגרט לל,גרמים,220.00,100 גרם,false,,13.90,6.3182,true,1,174578
8410376044393,false,עוגיות סנדוויץ וניל ללא תוספת סוכר 210,גולון,ES,או 2 ללא תוספת סוכר,גרמים,210.00,100 גרם,false,,18.90,9.0000,true,1,174579
8410376057270,false,גולון-ביסקוויט ללא סוכר עם ש.מריר 150 גר' 1/12,גולון,ES,ביסקויט ללא תוספת סו,גרמים,150.00,100 גרם,false,,17.90,11.9333,true,1,174594
8410376059380,false,גולון וופל וניל ללא תוספת סוכר 180 גרם,GULLON,ES,וופל וניל ללא תוספת,גרמים,180.00,100 גרם,false,,14.90,8.2778,true,1,174581
8410376059397,false,גולון וופל שוקולד ללא תוספת סוכר 180 גרם,GULLON,ES,וופל שוקולד ללא תוספ,גרמים,180.00,100 גרם,false,,14.90,8.2778,true,1,174582
8410644611210,false,יין קאווה איבריקה לבן חצי יבש Cava Iberica,יוסף מסאקס ס.ל.,ES,קאווה איבריקה לבן חצ,,750.00,100 מל,false,,35.90,0.0479,true,1,113421
8410655006555,false,"בירה סאן מיגל פרסקה 330 מ""ל מארז שישייה",,,מארז שישייה בירה סאן,,1980.00,100 מל,false,,39.90,0.0202,true,1,189948
8411327521017,false,"מארז בירה סאן מיגל אספסיאל 330 מ""ל + כוס",סאן מיגל,ES,בירה סאן מיגל אספסיא,קילוגרמים,1320.00,ליטר,false,,24.90,0.0189,true,1,187103
8411423031113,false,ריוחה רזרבה סרו אניו,ספרד בודגס אולארה,,ריוחה רזרבה סרו אניו,מיליליטרים,750.00,"100 מ""ל",false,,69.90,9.3200,true,1,200386
8412168008903,false,מחייה 13 משקה כוהלי בטעם אשכולית אדומה,דיסטיליארס לה הורטנה,ES,ערק מחייה 13 אשכולית,מיליליטרים,700.00,"100 מ""ל",false,,54.90,7.8429,true,1,172976
8412497142927,false,לייף קידס צלחת פרימיום פס סיליקון-LOL,שמחה זה אנחנו,CN,צלחת פולי פרימיום פס,Unknown,0.00,יחידה,false,,19.90,0.0000,true,1,167364
8412497421046,false,שקית בד לשימוש רב פע,,,שקית בד לשימוש רב פע,Unknown,0.00,יחידה,false,,7.90,0.0000,true,1,184153
8412497481057,false,שקית חטיפים לשימוש ר,,,שקית חטיפים לשימוש ר,Unknown,0.00,יחידה,false,,24.90,0.0000,true,1,184160
8413295300205,false,טורמוס ואקום 350 גרם,,,טורמוס ואקום 350 גרם,גרמים,350.00,100 גרם,false,,10.00,2.8571,true,1,141938
8413295800514,false,טורמוס צנצנת 600 גרם,,,טורמוס צנצנת 600 גרם,גרמים,600.00,100 גרם,false,,14.90,2.4833,true,1,141940
8413376024839,false,גבינת עיזים רכה עם עשבי תיבול 29% ויליפוד 110 גרם,,ES,גבינת עיזים רכה עם ע,Unknown,0.00,יחידה,false,,12.90,0.0000,true,1,182501
8420708012822,false,"גבינת קשקבל ספרדי, 200 גרם",מיוצר עי קונדיטוריית,ES,קשקבל בשלה 200 גרם,גרמים,200.00,100 גרם,false,,24.90,12.4500,true,1,123114
8420822130600,false,"ספריי סופר מסיר שומנים 750מ""ל יעקבי",קה לורדה,ES,KH-7 סופר מסיר שומני,מיליליטרים,750.00,"100 מ""ל",false,,17.90,2.3867,true,1,189415
8420822130624,false,"ספריי סופר מסיר כתמים 750מ""ל יעקבי",קה לורדה,ES,KH-7 סופר מסיר כתמים,מיליליטרים,750.00,"100 מ""ל",false,,19.90,2.6533,true,1,189416
8420878580817,false,עוגת פילדלפיה 350 גר,,ES,עוגת פילדלפיה 350 גר,גרמים,350.00,100 גרם,false,,34.90,9.9714,true,1,197401
8420878599017,false,עוגת פילדלפיה בציפוי,,ES,עוגת פילדלפיה בציפוי,גרמים,350.00,100 גרם,false,,34.90,9.9714,true,1,198341
8421002280443,false,"סכין שף 16 ס""מ חלקה",,,"סכין שף 16 ס""מ חלקה",Unknown,0.00,יחידה,false,,99.90,0.0000,true,1,170165
8423207206488,false,סלים דליס חטיף דגנים מצופה שוקולד חלב מרבה 6*20 גרם,אף.סי תבליני בגליל ב,ES,סלים דליס חטיף דגנים,גרמים,120.00,100 גרם,false,,10.90,9.0833,true,1,128520
8423207206495,false,סלים דליס חטיף דגנים מצופה שוקולד מריר מרבה 6*20 גרם,אף.סי תבליני בגליל ב,ES,סלים דליס חטיף דגנים,גרמים,120.00,100 גרם,false,,10.90,9.0833,true,1,128521
8423207206501,false,סלים דליס חטיף דגנים עם שוקולד חלב מרבה 6*13 גרם,סלים דליס Slim Delis,ES,סלים דליס חטיף דגנים,Unknown,0.00,יחידה,false,,10.90,0.0000,true,1,128522
8423207208260,false,מרבה סלים דליס 125 ג' ללא גלוטן שוקולד חלב,ביסנצ'ורי אס.אל.יו,ES,סלים דליס ללא גלוטן,Unknown,0.00,יחידה,false,,10.90,0.0000,true,1,128524
8423207208680,false,חטיף דגנים שוקולד סלים דליס לילדים מרבה 6 יחידות,ביסנצ'ורי אס.אל.יו,ES,סלים דליס קידס בציפו,גרמים,120.00,100 גרם,false,,10.90,9.0833,true,1,128525
8423207208697,false,חטיפי סלים דליס לילדים שוקולד לבן מרבה 6 יחידות,ביסנצ'ורי אס.אל.יו,ES,סלים דליס קידס עוגיו,גרמים,120.00,100 גרם,false,,10.90,9.0833,true,1,128526
8423207208703,false,חטיפי סלים דליס שוקולד מריר מרבה 6 יחידות,ביסנצ'ורי אס.אל.יו,ES,סלים דליס אקסטרא חט.,גרמים,120.00,100 גרם,false,,10.90,9.0833,true,1,128527
8423207208871,false,פריכיות תירס בטעם טבעי סלים דליס 130 גרם,ביסנצ'ורי אס.אל.יו,ES,פרכיות תירס בטעם טבע,Unknown,0.00,יחידה,false,,9.90,0.0000,true,1,116187
8423207208888,false,פריכיות תירס בטעם עגבניות ועשבי תיבול סלים דליס 123 ג',ביסנצ'ורי אס.אל.יו,ES,פרכיות תירס בטעם עגב,Unknown,0.00,יחידה,false,,9.90,0.0000,true,1,116188
8423207208895,false,פריכיות תירס בטעם זיתים ועירית סלים דליס 123 ג',ביסנצורי אס.אל.יו. ג,ES,פרכיות תירס בטעם זית,Unknown,0.00,יחידה,false,,9.90,0.0000,true,1,116189
8423207209885,false,מרבה חטיפי סלים דליס מהדורה מיוחדת שוקולד חלב,סלים דליס Slim Delis,ES,מרבה סלים דליס מהדור,גרמים,120.00,100 גרם,false,,10.90,9.0833,true,1,128531
8423207210287,false,מרבה סלים דליס שוקולד לבן בטעם יוגורט 120 ג',סלים דליס Slim Delis,ES,מרבה סלים דליס שוקול,גרמים,120.00,100 גרם,false,,10.90,9.0833,true,1,128532
8423207210928,false,חטיף דגנים מצופה שוקולד חלב ואגוזי לוז - 5 במארז,נוטרישן אנד סנטה קוב,ES,סלים דליס טופינג אגו,Unknown,0.00,יחידה,false,,9.90,0.0000,true,1,163908
8423207210942,false,חטיף דגנים מצופה שוקולד לבן ופירות יער,נוטרישן אנד סנטה קוב,ES,סלים דליס טופינג פיר,Unknown,0.00,יחידה,false,,9.90,0.0000,true,1,163909
8423207210980,false,סלים דליס טופינג קליפת תפוז 90 גרם,נוטרישן אנד סנטה קוב,ES,סלים דליס טופינג קלי,Unknown,0.00,יחידה,false,,9.90,0.0000,true,1,163911
8424842050016,false,צ'יפס בטעם כמהין 125 גרם רביו,רביו,ES,צ'יפס בטעם כמהין 125,גרמים,125.00,100 גרם,false,,12.90,10.3200,true,1,183084
8424842050030,false,צ'יפס בטעם מלח הימלאי 125 גרם רביו,רביו,ES,צ'יפס עם מלח הימלאיה,גרמים,125.00,100 גרם,false,,12.90,10.3200,true,1,183079
8424842050085,false,צ'יפס בטעם חרדל ודבש 125 גרם רביו,רביו,ES,צ'יפס בטעם חרדל ודבש,גרמים,125.00,100 גרם,false,,12.90,10.3200,true,1,183080
8424842201340,false,צ'יפס בטעם מסורתי פרימיום 130 גרם רביו,,ES,צ'יפס מסורתי פרימיום,גרמים,130.00,100 גרם,false,,12.90,9.9231,true,1,183082
8425206000081,false,ריבת חלב מרדל 450 גרם,כלורוקס אוקלנד,ES,מרדל ריבת חלב 450 גר,גרמים,450.00,100 גרם,false,,19.90,4.4222,true,1,116191
8427030007298,false,סימילאק גולד קומפורט 2 תרכובת מזון על בסיס חלב,אבוט לבורטוריס ס.א.,ES,סימילאק קומפורט שלב,גרמים,820.00,100 גרם,false,,99.90,12.1829,true,1,167571
8428751001848,false,פפטיד- שמפו פרופשיונ,,,פפטיד- שמפו פרופשיונ,Unknown,0.00,יחידה,false,,29.90,0.0000,true,1,190110
8428751002203,false,PEPTIDקרם יום חומצה הילאורונית לעור שמן/מעורב,,,פפטיד- קרם יום חומצה,Unknown,0.00,יחידה,false,,69.90,0.0000,true,1,190093
8428751002296,false,פפטיד- ג'ל רחצה שמן,,,פפטיד- ג'ל רחצה שמן,Unknown,0.00,יחידה,false,,29.90,0.0000,true,1,190091
8428751002302,false,PEPTID ג'ל רחצה רימונים,,,פפטיד- ג'ל רחצה רימו,Unknown,0.00,יחידה,false,,29.90,0.0000,true,1,190088
8428751003071,false,פפטיד- שמפו ארגן 500,,,פפטיד- שמפו ארגן 500,מיליליטרים,500.00,"100 מ""ל",false,,34.90,6.9800,true,1,190089
8435495805106,false,"ביומט אבקת כביסה בניחוח רענן 5ק""ג",ליימן מותגים,DE,ביומט אבקת כביסה 5 ק,,5.00,קג,false,,29.90,5.9800,true,1,121360
8435495805199,false,"אבקת כביסה תינוקלין שקית 3 ק""ג.",מולינו ניקולי s.p.a,TR,תינוקלין אבקת כביסה,,3.00,קג,false,,39.70,13.2333,true,1,121362
8435495807605,false,תינוקלין מרכך כביסה היפואלרגני מרוכז 1 ליטר,מולינו ניקולי s.p.a,TR,תינוקלין מרכך כביסה,,1000.00,100 מל,false,,16.90,0.0169,true,1,121364
8435495807636,false,"תינוקלין ג'ל כביסה בייבי סנסטיב היפואלרגני, 2 ליטר",פרוקטר אנד גמבל,TR,תינוקלין גל כביסה 2,,2.00,קג,false,,28.90,14.4500,true,1,111412
8435495819363,false,תינוקלין מרכך כביסה היפואלרגני 1 ליטר,פרוקטר אנד גמבל,TR,תינוקלין מרכך כביסה,,1000.00,100 מל,false,,16.90,0.0169,true,1,186927
8436575292205,false,ארטיק חמשושים מאגדת 15*12 גר',גלידות נסטלה )נגה גלידות,IL,חמשושים 15 יח',Unknown,0.00,יחידה,false,,19.90,0.0000,true,1,158138
8445290427120,false,דגני פיטנס Fitness שוקולד מריר ובננה,נסטלה צרפת איטנקורט,FR,פיטנס שוקולד מריר וב,גרמים,330.00,100 גרם,false,,19.90,6.0303,true,1,198509
8581781655044,false,1.5ל' קנקן מים Cancu,,,1.5ל' קנקן מים Cancu,Unknown,0.00,יחידה,false,,149.90,0.0000,true,1,178636
8593419414404,false,תבנית זכוכית מלבנית,,,תבנית זכוכית מלבנית,Unknown,0.00,יחידה,false,,44.90,0.0000,true,1,174903
8594403707649,false,"בירה באדוויזר דארק לאגר 500 מ""ל פחית","מיוצר ע""\י מבשלת טוכרn\",CZ,באדוויזר לאגר פחית 5,מיליליטרים,500.00,"100 מ""ל",false,,7.90,1.5800,true,1,195114
8594404001418,false,"בירה קוזל כהה בקבוק חוזר 500 מ""ל",פילזנסקי,CZ,"בירה קוזל 500 מ""ל",מיליליטרים,500.00,"100 מ""ל",false,,8.90,1.7800,true,1,112216
8594404005096,false,בירה קוזל פרמיום בהירה 500 מל צכיה,,CZ,בירה קוזל פרימיום 50,מיליליטרים,500.00,"100 מ""ל",false,,11.90,2.3800,true,1,112217
8606018615841,false,גלידה וניל עם ליבת שוקולד חלב מעולה 480 גרם,פרונרי סרביה,RS,פיינט מילקה וניל ליב,Unknown,0.00,יחידה,false,,15.90,0.0000,true,1,194132
8606109023647,false,"פרוויטה - מיץ סלק ותפוחי עץ 750 מ""ל",פרובישקה,RS,פרוויטה מיץ סלק ותפו,מיליליטרים,750.00,"100 מ""ל",false,,12.90,1.7200,true,1,164525
8625896314783,false,מגש קנאפה,,,מגש קנאפה,Unknown,0.00,יחידה,false,,5.90,0.0000,true,1,186400
8625896314790,false,מגש אלמניום 32,,,מגש אלמניום 32,Unknown,0.00,יחידה,false,,10.00,0.0000,true,1,186403
8680131900350,false,מייבש כלים ניקל דגם,,,מייבש כלים ניקל דגם,Unknown,0.00,יחידה,false,,79.90,0.0000,true,1,152792
8680381800189,false,מחבת 18 דגם סוגר קנד,OZEL ַELIK,,מחבת 18 דגם סוגר קנד,Unknown,0.00,יחידה,false,,49.90,0.0000,true,1,194391
8680381800202,false,מחבת 22 דגם סוגר קנד,OZEL ַELIK,,מחבת 22 דגם סוגר קנד,Unknown,0.00,יחידה,false,,39.90,0.0000,true,1,194393
8680381800233,false,מחבת 28 דגם סוגר קנד,OZEL ַELIK,,מחבת 28 דגם סוגר קנד,Unknown,0.00,יחידה,false,,49.90,0.0000,true,1,194396
8680518402019,false,צנצנת זכוכית 1.5 ליט,,,צנצנת זכוכית 1.5 ליט,Unknown,0.00,יחידה,false,,10.00,0.0000,true,1,201199
8680518405027,false,צנצנת זכוכית 330 cc,,,צנצנת זכוכית 330 cc,Unknown,0.00,יחידה,false,,4.90,0.0000,true,1,186421
8680518405034,false,צנצנת זכוכית,,,צנצנת זכוכית,Unknown,0.00,יחידה,false,,7.90,0.0000,true,1,186422
8680518411240,false,צנצנת זכוכית 2 ליטר,,,צנצנת זכוכית 2 ליטר,Unknown,0.00,יחידה,false,,14.90,0.0000,true,1,186427
8680518411264,false,צנצנת זכוכית 5 ליטר,,,צנצנת זכוכית 5 ליטר,Unknown,0.00,יחידה,false,,24.90,0.0000,true,1,192913
8680518416542,false,סט 3 צנצנות,,,סט 3 צנצנות,Unknown,0.00,יחידה,false,,26.90,0.0000,true,1,186439
8680905030283,false,שיפודי ברביקיו,UNVER-BBQ,,שיפודי ברביקיו,Unknown,0.00,יחידה,false,,9.90,0.0000,true,1,196116
8681144700326,false,תבנית לעוגה,,,תבנית לעוגה,Unknown,0.00,יחידה,false,,39.90,0.0000,true,1,186442
8681690003872,false,פח אשפה 15 ליטר,Tuffex Plastik,,פח אשפה 15 ליטר,Unknown,0.00,יחידה,false,,24.90,0.0000,true,1,202845
8681690003889,false,פח אשפה 25 ליטר,Tuffex Plastik,,פח אשפה 25 ליטר,Unknown,0.00,יחידה,false,,29.90,0.0000,true,1,202785
8681690003896,false,פח אשפה 35 ליטר,Tuffex Plastik,,פח אשפה 35 ליטר,Unknown,0.00,יחידה,false,,39.90,0.0000,true,1,202848
8681690003902,false,פח אשפה 50 ליטר,Tuffex Plastik,,פח אשפה 50 ליטר,Unknown,0.00,יחידה,false,,49.90,0.0000,true,1,202832
8681690004749,false,שלישיה כריות יפניות,Tuffex Plastik,,שלישיה כריות יפניות,Unknown,0.00,יחידה,false,,6.90,0.0000,true,1,150635
8681690005142,false,"כוס קפה 400 מ""ל",Tuffex Plastik,,"כוס קפה 400 מ""ל",Unknown,0.00,יחידה,false,,5.90,0.0000,true,1,201899
8681690005210,false,דלי פופקורן / רב תכל,Tuffex Plastik,,דלי פופקורן / רב תכל,Unknown,0.00,יחידה,false,,5.90,0.0000,true,1,201900
8681690006057,false,סלסלת כביסה Woow Des,Tuffex Plastik,,סלסלת כביסה Woow Des,Unknown,0.00,יחידה,false,,49.90,0.0000,true,1,201902
8681690006064,false,סלסלת כביסה Woow Des,Tuffex Plastik,,סלסלת כביסה Woow Des,Unknown,0.00,יחידה,false,,29.90,0.0000,true,1,201903
8681690006231,false,דלי פופ תירס וסיפס מ,Tuffex Plastik,,דלי פופ תירס וסיפס מ,Unknown,0.00,יחידה,false,,5.90,0.0000,true,1,201905
8681690505130,false,כוס BAT MAN עם כיסוי,Tuffex Plastik,,כוס BAT MAN עם כיסוי,Unknown,0.00,יחידה,false,,7.90,0.0000,true,1,202409
8681690505383,false,BATMAN דלי אשפה 5.5,Tuffex Plastik,,BATMAN דלי אשפה 5.5,Unknown,0.00,יחידה,false,,19.90,0.0000,true,1,202799
8681690506106,false,בקבוק מים באטמן עם ק,Tuffex Plastik,,בקבוק מים באטמן עם ק,Unknown,0.00,יחידה,false,,19.90,0.0000,true,1,202411
8681690515139,false,גביע סופרמן עם כיסוי,Tuffex Plastik,,גביע סופרמן עם כיסוי,Unknown,0.00,יחידה,false,,7.90,0.0000,true,1,202412
8681690515290,false,קופסת אוכל סופרמן עם,Tuffex Plastik,,קופסת אוכל סופרמן עם,Unknown,0.00,יחידה,false,,19.90,0.0000,true,1,202413
8681690515382,false,SUPERMAN דלי אשפה 5,Tuffex Plastik,,SUPERMAN דלי אשפה 5,Unknown,0.00,יחידה,false,,19.90,0.0000,true,1,202850
8681690516105,false,בקבוק מים סופרמן עם,Tuffex Plastik,,בקבוק מים סופרמן עם,Unknown,0.00,יחידה,false,,19.90,0.0000,true,1,202414
8681690536103,false,בקבוק מים טוויטי עם,Tuffex Plastik,,בקבוק מים טוויטי עם,Unknown,0.00,יחידה,false,,19.90,0.0000,true,1,202417
8681690555135,false,גביע ברבי עם כיסוי ו,Tuffex Plastik,,גביע ברבי עם כיסוי ו,Unknown,0.00,יחידה,false,,7.90,0.0000,true,1,202418
8681690555296,false,סט קופסת אוכל ברבי ע,Tuffex Plastik,,סט קופסת אוכל ברבי ע,Unknown,0.00,יחידה,false,,19.90,0.0000,true,1,202419
8681863065270,false,מלח ים מים האגאי וילי פוד 350 גר,שף סיזונס גידה סאן,TR,מלח ים מים האגאי 350,גרמים,350.00,100 גרם,false,,21.90,6.2571,true,1,197201
8681863065294,false,מלח ים בטעם מעושן 350 ג' ויליפוד,שף סיזונס גידה סאן,TR,מלח ים בטעם מעושן 35,גרמים,350.00,100 גרם,false,,21.90,6.2571,true,1,197203
8681863065324,false,מלח ים עם רוזמרין וילי פוד 200 גר,שף סיזונס גידה סאן,TR,מלח ים עם רוזמרין 20,גרמים,220.00,100 גרם,false,,21.90,9.9545,true,1,197204
8681863065379,false,saltbae מלח ים עם פלפל צ'ילי 220 גרם ויליפוד,שף סיזונס גידה סאן,TR,מלח ים עם פלפל צ'ילי,גרמים,220.00,100 גרם,false,,21.90,9.9545,true,1,197206
8682120010279,false,"ספל קלאסי 310 מ""ל",germiyan seramik,,"ספל קלאסי 310 מ""ל",Unknown,0.00,יחידה,false,,5.90,0.0000,true,1,202674
8682120012754,false,"ספל קלאסי 310 מ""ל",germiyan seramik,,"ספל קלאסי 310 מ""ל",Unknown,0.00,יחידה,false,,5.90,0.0000,true,1,201921
8682120012761,false,"ספל מילאס 270 מ""ל",germiyan seramik,,"ספל מילאס 270 מ""ל",Unknown,0.00,יחידה,false,,5.90,0.0000,true,1,201922
8682835485006,false,קרש חיתוך מעץ 04,MEVLANA,,קרש חיתוך מעץ 04,Unknown,0.00,יחידה,false,,49.90,0.0000,true,1,194729
8683088001217,false,קערה 14 סמ' LYRA,KAIZEN PORCELAN,,קערה 14 סמ' LYRA,Unknown,0.00,יחידה,false,,9.90,0.0000,true,1,201917
8683130008355,false,מיונז עם שום הלמנס לחיץ 400 גרם,יוניליוור ישראל שיווק בע,TR,מיונז הלמנס שום לחיץ,גרמים,400.00,100 גרם,false,,15.00,3.7500,true,1,187677
8683130008935,false,"הלמנס קטשיונז 425 גר{הרב רלב""ג}",יוניליוור ישראל שיווק בע,TR,הלמנס קטשיונז 425 גר,גרמים,425.00,100 גרם,false,,15.00,3.5294,true,1,190294
8683130025574,false,"מרכך כביסה מרוכז אקסטרה לבנדר בדין 960 מ""ל",יבוא ושיווק: יוניליוור י,TR,בדין אקסטרא לבנדר 96,מיליליטרים,960.00,"100 מ""ל",false,,16.90,1.7604,true,1,196132
8683130025581,false,"מרכך כביסה מרוכז אקסטרה ענבר בדין 960 מ""ל",יבוא ושיווק: יוניליוור י,TR,בדין אקסטרא אמבר 960,מיליליטרים,960.00,"100 מ""ל",false,,16.90,1.7604,true,1,196129
8683323063024,false,יוגטה שטיחים בטעם תותי פרוטי 220 גרם,ליימן מותגים,TR,ממתק בטעם תותי פרוטי,גרמים,220.00,100 גרם,false,,5.90,2.6818,true,1,121368
8690053773680,false,סט צלחות 18 חלקים בצ,KUTAHYA,,סט צלחות 18 חלקים בצ,Unknown,0.00,יחידה,false,,199.90,0.0000,true,1,192195
8690504868996,false,קאט קאט 24*20גר,,,קאט קאט 24*20גר,גרמים,672.00,100 גרם,false,,15.90,2.3661,true,1,148496
8690526019185,false,אי טי אי - וופל במילוי קרם שוקולד חלב 142 גרם,מולינו ניקולי s.p.a,TR,וופל חלב 142 גרם,גרמים,142.00,100 גרם,false,,6.90,4.8592,true,1,171805
8690530007147,false,מגבות סלפאק קומפורט דו שכבתיות 6 גלילים,,TR,סלפאק קומפורט מגבות,Unknown,0.00,יחידה,false,,12.90,0.0000,true,1,160466
8690530036444,false,נייר מגבות ג'מבו סלפאק קומפורט 2 שכבות 1=6,,TR,נייר מגבות קומפורט 2,Unknown,0.00,יחידה,false,,10.90,0.0000,true,1,194124
8690530036727,false,ממחטות סלפאק מקסי 3 שכבות 100 יח,איפק קג'יט,TR,סלפאק ממחטות טישו קו,Unknown,100.00,יחידה,false,,7.90,0.0790,true,1,195908
8690530036741,false,ממחטות נייר סלפאק 3 שכבות 48 יח,,TR,סלפאק ממחטות טישו בק,Unknown,48.00,יחידה,false,,6.90,0.1438,true,1,195909
8690530151338,false,ממחטות נייר סלפאק פרמיום קלאסי 10 יח,,TR,סלפאק ממחטות פרימיום,Unknown,0.00,יחידה,false,,9.90,0.0000,true,1,154638
8690530274471,false,נייר טואלט סלפאק קומפורט 2 שכבות 32 גל,איפק קג'יט,TR,סלפאק נייר טואלט 2 ש,Unknown,32.00,יחידה,false,,36.90,1.1531,true,1,154647
8690530284463,false,נייר טואלט 3 שכבות 32 גלילים סלפאק,איפק קג'יט,TR,סלפאק נייר טואלט 3ש,Unknown,32.00,יחידה,false,,49.90,1.5594,true,1,154648
8690530324930,false,נייר טואלט דו שכבתי 32 גליל SILEN,איפק,TR,סילן נייר טואלט דו-ש,Unknown,32.00,יחידה,false,,34.90,1.0906,true,1,154650
8690530615120,false,נייר מגבת סילאן 2 שכבות 6 יח,,,סילן מגבות מטבח שישי,Unknown,6.00,יחידה,false,,12.90,2.1500,true,1,154653
8690531032377,false,פלפלים קטנים חריפים במי מלח 340 גרם,גנגיר גידה,TR,גורמט פלפל שיפקונית,גרמים,350.00,100 גרם,false,,8.90,2.5429,true,1,122070
8690572775288,false,"גליס מרכך סרום שיקום עמוק 400 מ""ל",שוורצקוף Schwarzkopf,TR,גליס מרכך סרום שיקום,מיליליטרים,400.00,"100 מ""ל",false,,15.90,3.9750,true,1,161635
8690572778326,false,פה ד.ספרי אנטיפרספינט 200 מל 1/12,שוורצקופף והנקל,DE,פה דאודרנט ספריי 200,מיליליטרים,200.00,"100 מ""ל",false,,11.90,5.9500,true,1,125990
8690572783931,false,"פה - דאודורנט ספריי לגבר אינוויזיבל פאוואר 200 מ""ל",שוורצקופף והנקל,DE,פה דאודורנט ספרייי א,מיליליטרים,200.00,"100 מ""ל",false,,11.90,5.9500,true,1,125991
8690572784303,false,"שוורצקוף גליס שמפו לשיער לאורך מושלם, 400 מ""ל",שוורצקופף והנקל,TR,גליס שמפו לאורך מושל,Unknown,0.00,יחידה,false,,15.90,0.0000,true,1,161682
8690572786222,false,מרכך גליס Gliss לשיער ארוך Supreme Length,שוורצקופף והנקל,TR,גליס מרכך לאורך מושל,Unknown,0.00,יחידה,false,,15.90,0.0000,true,1,161636
8690572799499,false,"סאיוס - מרכך אולאו 500 מ""ל",הובי קוסמטיק,TR,סאיוס מרכך סדרת אולי,מיליליטרים,500.00,"100 מ""ל",false,,12.90,2.5800,true,1,177743
8690572799505,false,סאיוס מרכך לחיזוק שורשי סיב השערה 500 מל,"הובי קוסמטיק, אנקרה, תור",TR,סאיוס מרכך סדרת פייב,מיליליטרים,500.00,"100 מ""ל",false,,12.90,2.5800,true,1,177744
8690572799543,false,סאיוס שמפו לחיזוק שורשי סיב השערה 500 מל,"הובי קוסמטיק, אנקרה, תור",TR,סאיוס שמפו סדרת פייב,מיליליטרים,500.00,"100 מ""ל",false,,12.90,2.5800,true,1,177746
8690572799550,false,"סאיוס שמפו לשיער גלי ומתולתל 500 מ""ל",הובי קוסמטיק,TR,סאיוס שמפו סדרת קורל,מיליליטרים,500.00,"100 מ""ל",false,,12.90,2.5800,true,1,177747
8690637073373,false,תה שחור ברגמוט ארל גריי ליפטון 25 יחידות,יונילוור - תורכיה,TR,תה ארל גריי בטעם ברג,Unknown,25.00,יחידה,false,,8.90,0.3560,true,1,119948
8690637073434,false,תה ליפטון ארל גריי 100 שקיקים,ליפטון Lipton,,תה ליפטון ארל גריי 1,גרמים,200.00,100 גרם,false,,19.90,9.9500,true,1,119949
8690637503856,false,ממרח הלמנס כ- 40% פחות שומן לעומת מיונז,אפפילד איסטנבול ייצור מז,TR,מיונז הלמנס ממרח לחי,גרמים,375.00,100 גרם,false,,15.00,4.0000,true,1,169897
8690637505607,false,בדין אקסטרה מרכך כביסה בניחוח פינוק כחול,יוניליוור סנאיי וי טיקאר,TR,בדין אקסטרא פינוק קל,,960.00,100 מל,false,,16.90,0.0176,true,1,184350
8690637505614,false,"מרכך כביסה בדין אקסטרה פינוק קוקוס 960 מ""ל",יוניליוור סנאיי וי טיקאר,TR,בדין אקסטרא פינוק קו,מיליליטרים,960.00,"100 מ""ל",false,,16.90,1.7604,true,1,184351
8690637505959,false,דאב סבון ידיים הזנה לוטוס 500 מל,General,TR,דאב תרחיץ ידיים לוטו,,500.00,100 מל,false,,16.90,0.0338,true,1,187668
8690637506956,false,"דאב - שמפו למניעת קשקשים 600 מ""ל",יוניליוור סנאי ווי טיקאר,TR,דאב שמפו אלוורה קשקש,,600.00,100 מל,false,,18.90,0.0315,true,1,200323
8690637555084,false,"מרכך כביסה מרוכז אקסטרה פריחת התפוז בדין 960 מ""ל",יוניליוור סנאיי וי טיקאר,TR,בדין אקסטרה לבן 960,מיליליטרים,960.00,"100 מ""ל",false,,16.90,1.7604,true,1,119955
8690637688195,false,"תה ירוק קלאסי ליפטון 20 יחידות בד""צ",יונילוור - תורכיה,TR,ליפטון תה ירוק מעטפו,Unknown,20.00,יחידה,false,,16.90,0.8450,true,1,119966
8690637704277,false,"שמפו ומרכך לשיער רגיל 600 מ""ל דאב",יוניליוור טורקיה. אזור ת,TR,דאב שמפו יום יומי 2ב,,600.00,100 מל,false,,18.90,0.0315,true,1,111378
8690637704291,false,שמפו לשיקום אינטנסיבי לשיער פגום,יוניליוור טורקיה. אזור ת,TR,"דאב שמפו משקם 600 מ""",,600.00,100 מל,false,,18.90,0.0315,true,1,119969
8690637704376,false,"שמפו לטיפוח יום יומי דאב 600 מ""ל",יוניליוור סנאיי וי טיקאר,TR,דאב שמפו יום יומי 60,מיליליטרים,600.00,"100 מ""ל",false,,18.90,3.1500,true,1,111379
8690637704390,false,"מרכך שיער לטיפוח יום יומי דאב 600 מ""ל",יוניליוור טורקיה. אזור ת,TR,דאב מרכך יום יומי 60,,600.00,100 מל,false,,18.90,0.0315,true,1,119970
8690637799594,false,תה ירוק ליפטון נענע בסגנון מרוקאי 20יח',בסן בסין סנאיי וי טי,TR,ליפטון תה ירוק נענע,Unknown,0.00,יחידה,false,,19.00,0.0000,true,1,119975
8690637835643,false,"תה ירוק לימונית ולאויזה 30 גרם ""ליפטון""",יונילוור - תורכיה,TR,ליפטון תה ירוק לואיז,Unknown,0.00,יחידה,false,,16.90,0.0000,true,1,119979
8690637842399,false,מאגדת מגנום מיני דאבל פרי יער שוקולד 6 יח' נסטלה,יוניליוור סנאי וי סי,TR,מיני מגנום דאבל שוקו,,6.00,יחידו,false,,26.90,4.4833,true,1,135453
8690637858741,false,פנטסטיק סיף גל אקונמיקה בריח רוח ים 750,יונילוור - תורכיה,IL,סיף גל אקונומיקה רוח,מיליליטרים,750.00,"100 מ""ל",false,,12.90,1.7200,true,1,119984
8690637858758,false,פנטסטיק סיף גל אקונמיקה בריח אורנים 750,יונילוור - תורכיה,IL,סיף ג'ל אקונומיקה או,,750.00,100 מל,false,,12.90,0.0172,true,1,119985
8690637865589,false,דאב תרחיץ ידיים בניחוח מלפפונים ותה ירוק 500 גרם,General,TR,דאב תרחיץ ידיים בניח,,500.00,100 מל,false,,16.90,0.0338,true,1,119986
8690637865596,false,דאב תחליב רחצה לידיים 500 הזנה עמוקה,קוסטר אירוסול ולף סנ,TR,דאב תרחיץ ידיים 500,,500.00,100 מל,false,,16.90,0.0338,true,1,119987
8690637866654,false,תה ירוק קלאסי ליפטון 50 שקיקים 75ג',יוניליוור מזון,TR,קלאסי תה ירוק 75 גרם,Unknown,0.00,יחידה,false,,29.90,0.0000,true,1,169240
8690637871085,false,הלמנ'ס רוטב ברביקיו 285 גרם,יוניליוור,IL,הלמנס רוטב ברביקיו 2,גרמים,285.00,100 גרם,false,,14.90,5.2281,true,1,119991
8690637871108,false,הלמנ'ס ממרח חרדל 250 גרם,יוניליוור,IL,הלמנס חרדל 250 גרם,גרמים,250.00,100 גרם,false,,14.90,5.9600,true,1,119992
8690637871245,false,ממרח הלמנס מיונז אמיתי לחיץ 385ג',"בסטפוד - 3P ארה""ב Fo",TR,הלמנס לחיץ מיונז 375,גרמים,375.00,100 גרם,false,,15.00,4.0000,true,1,119993
8690637916977,false,מרכך עם שמן קוקוס וכורכום למראה שיער משוקם,יוניליוור סנאיי וי טיקאר,TR,דאב מרכך קוקוס 600 מ,,600.00,100 מל,false,,18.90,0.0315,true,1,185998
8690637946301,false,"בדין - מרכך כביסה אקסטרא בייביי כחול 960 מ""ל",יוניליוור סנאיי וי טיקאר,TR,בדין אקסטרה בייבי כח,מיליליטרים,960.00,"100 מ""ל",false,,16.90,1.7604,true,1,159047
8690637946318,false,"מרכך כביסה בדין מרוכז אקסטרה בייבי טלק 960 מ""ל",יוניליוור סנאיי וי טיקאר,TR,בדין אקסטרא בייבי צה,מיליליטרים,960.00,"100 מ""ל",false,,16.90,1.7604,true,1,159048
8690637976995,false,"מרכך כביסה מרוכז אקסטרה ורוד סחלבים פראי בדין 960 מ""ל",יוניליוור סנאיי וי טיקאר,TR,בדין אקסטרא ורוד- 96,מיליליטרים,960.00,"100 מ""ל",false,,16.90,1.7604,true,1,166351
8690637989612,false,שלגון שמנת בטעם וניל עם ריפל בטעם שוקולד 246 גרם,יונילוור סנאיי וי טיג'\,TR,מיני מגנום דאבל פיסט,,6.00,יחידו,false,,26.90,4.4833,true,1,180092
8690757002376,false,"משחה להברקת נעליים עם ספוג 50 SILVERמ""ל-צבע שחור",סילבר Silver,CN,משחה להברקת נעליים ע,Unknown,0.00,יחידה,false,,4.90,0.0000,true,1,163388
8690757002444,false,"נוזל להברקת נעליים שחור 75 SILVERמ""ל",סילבר Silver,TR,נוזל להברקת נעליים ש,Unknown,0.00,יחידה,false,,4.90,0.0000,true,1,163390
8690757002475,false,ספוג להברקת נעליים נטורל,סילבר Silver,TR,ספוג להברקת נעליים ג,Unknown,0.00,יחידה,false,,4.90,0.0000,true,1,163393
8690757002482,false,"ספוג מבריק נעליים עם צבע 6 מ""ל SILVER -שחור",סילבר,TR,ספוג מבריק נעליים עם,Unknown,0.00,יחידה,false,,9.90,0.0000,true,1,163394
8690757002819,false,"תרסיס מונע ריח לנעליים סילבר 100 מ""ל",סילברמיל,TR,תרסיס מונע ריח לנעלי,Unknown,0.00,יחידה,false,,14.90,0.0000,true,1,163395
8690766156367,false,גודייבה שוקולד חלב מעולה 90 גרם,"אולקר מקבוצת פלאדיס,",TR,ויסוצקי שוקולד חלב מ,Unknown,0.00,יחידה,false,,15.90,0.0000,true,1,129777
8690766156374,false,גודייבה שוקולד מריר מעולה 72% מוצקי קקאו 72גרם,"אולקר מקבוצת פלאדיס,",TR,שוקולד מריר 72% 90 ג,Unknown,0.00,יחידה,false,,15.90,0.0000,true,1,129778
8690766156381,false,גודייבה שוקולד מריר 90% מוצקי קקאו 90 גרם,"אולקר מקבוצת פלאדיס,",TR,טבלת שוקולד מריר 90%,Unknown,0.00,יחידה,false,,15.90,0.0000,true,1,129779
8690766156404,false,שוקולד מריר גודייבה בטעם תפוז אדום 90 גר,גודייבה,TR,שוקולד מריר בטעם תפו,Unknown,0.00,יחידה,false,,15.90,0.0000,true,1,129781
8690771130109,false,מלח 500 גרם,,,מלח 500 גרם,Unknown,0.00,יחידה,false,,4.90,0.0000,true,1,182976
8690777203012,false,פלפלים ירוקים כבושים לא חריפים סרה ויליפוד 600 גרם,יוליניבר,TR,פלפל ירוק כבוש לא חר,גרמים,600.00,100 גרם,false,,13.90,2.3167,true,1,115898
8690777204071,false,פלפלים כבושים חריפים סרה 320 גרם,יוליניבר,TR,פלפל חריף 640 גר ויל,גרמים,640.00,100 גרם,false,,13.90,2.1719,true,1,115899
8690777206051,false,חציל קלוי על האש סרה ויליפוד 650 גרם,קוראהן פזלרמה וי דיס,TR,חציל קלוי על האש 650,גרמים,650.00,100 גרם,false,,13.90,2.1385,true,1,115900
8690777221405,false,פלפל אדום קלוי סרה ויליפוד 650 גרם,קוראהן פזלרמה וי דיס,TR,פלפל אדום קלוי על הא,גרמים,650.00,100 גרם,false,,13.90,2.1385,true,1,115902
8690784611442,false,סבון מוצק לניקוי אסלה בניחוח הדרים בתוספת אקונומיקה,דאופלור אס פי אי כונ,PL,דאק סבון אקטיבי לניק,Unknown,0.00,יחידה,false,,6.90,0.0000,true,1,138256
8690784614665,false,סבון דאק לניקוי אסלה בניחוח ים נתלה,דאופלור אס.פי.אי כונ,PL,דאק סבון אקטיבי לניק,Unknown,0.00,יחידה,false,,6.90,0.0000,true,1,138258
8690997155597,false,טופי דמלה 630 גרם,,,טופי דמלה 630 גרם,גרמים,630.00,100 גרם,false,,12.90,2.0476,true,1,148526
8691058145137,false,"מים סירמה קטן 200 מ""",,,"מים סירמה קטן 200 מ""",Unknown,0.00,יחידה,false,,2.90,0.0000,true,1,181445
8691058147896,false,מים סירמה 11/24,,,מים סירמה 11/24,Unknown,0.00,יחידה,false,,15.90,0.0000,true,1,198645
8691066112442,false,מיני האי האי בטעם שוקולת 22 ג' TIME,,TR,חטיפי האי האי 24 יח',Unknown,24.00,יחידה,false,,9.90,0.4125,true,1,148996
8691066234625,false,ביסקוויט סנדוויץ במי,,TR,ביסקוויט סנדוויץ במי,Unknown,0.00,יחידה,false,,9.90,0.0000,true,1,148999
8691066525020,false,וופל במילוי קרם בטעם,,TR,וופל במילוי קרם בטעם,Unknown,0.00,יחידה,false,,9.90,0.0000,true,1,149004
8691066534824,false,וופלים במילוי קרם בטעם לימון 800 ג' waw,,TR,וופלים במילוי קרם בט,גרמים,800.00,100 גרם,false,,16.90,2.1125,true,1,200340
8691066534923,false,וופלים במילוי קרם בטעם חמאת בוטנים 800 ג' waw,,TR,וופלים במילוי קרם בט,גרמים,800.00,100 גרם,false,,16.90,2.1125,true,1,200339
8691066535029,false,וופל במילוי קרם בטעם שוקולד 800 ג' WAW,,TR,וופל במילוי קרם בטעם,גרמים,800.00,100 גרם,false,,16.90,2.1125,true,1,149006
8691066563022,false,מיני גופרת בטעם קוקוס 22ג' TIME,,TR,מיני גופרת בטעם קוקו,גרמים,312.00,100 גרם,false,,9.90,3.1731,true,1,149011
8691459137007,false,סלסלה 1100 DROP,,,סלסלה 1100 DROP,Unknown,0.00,יחידה,false,,5.90,0.0000,true,1,192134
8691459143008,false,קופסא קורנפלקס 2400,,,קופסא קורנפלקס 2400,Unknown,0.00,יחידה,false,,16.90,0.0000,true,1,168917
8691459851002,false,קופסא אלגנט מלבנית 2,,,קופסא אלגנט מלבנית 2,Unknown,0.00,יחידה,false,,18.90,0.0000,true,1,178766
8691707036014,false,ממתק אוזמו ביצת הפתע,,,אוזמו ביצים 20 גרם,Unknown,0.00,יחידה,false,,2.90,0.0000,true,1,121687
8691707066035,false,אוזמו בורגר ביסקוויט,,,אוזמו בורגיר 40 גרם,Unknown,0.00,יחידה,false,,2.50,0.0000,true,1,171760
8691707087962,false,אוזמו דובי על מקל 23,,,אוזמו בובה,Unknown,0.00,יחידה,false,,2.90,0.0000,true,1,156397
8691707088006,false,ממתק אוזמו גו 30 גר,,,אוזמו גו 30 גרם 4*20,Unknown,0.00,יחידה,false,,3.90,0.0000,true,1,160677
8691707090122,false,אוזמו טילון 4 קופסאו,,,אוזמו טילון 4 קופסאו,Unknown,0.00,יחידה,false,,2.90,0.0000,true,1,170395
8691707135441,false,אוזמו ביצי הפתעה זוג,,,אוזמו ביצי הפתעה זוג,Unknown,0.00,יחידה,false,,5.90,0.0000,true,1,202942
8691707140117,false,אוזמו הוקסי פוקסי 36ג',,,אוזמו הוקסי פוקסי 36,Unknown,0.00,יחידה,false,,2.90,0.0000,true,1,121700
8691707190495,false,דגני בוקר אוזמו ספייס325,סולן צ'וקולטה,TR,אוזמו ספייס פתיתים 3,גרמים,325.00,100 גרם,false,,10.90,3.3538,true,1,171220
8691707190792,false,אוזמו אוגובוגו ששיה 6*16 ג',,,אוזמו אוגובוגו שישיי,Unknown,0.00,יחידה,false,,6.90,0.0000,true,1,197562
8691707590042,false,ממתק אוזמו טילון 3+1,,,אוזמו טילון,Unknown,0.00,יחידה,false,,6.90,0.0000,true,1,121711
8691913150238,false,HOUSE PLUS קרש גיהוץ,DOGRULAR,,HOUSE PLUS קרש גיהוץ,Unknown,0.00,יחידה,false,,199.90,0.0000,true,1,194444
8692952200700,false,"כלי לחמאה 12.20 ס""מ",,,"כלי לחמאה 12.20 ס""מ",Unknown,0.00,יחידה,false,,7.90,0.0000,true,1,162986
8693323085100,false,גומי יוגטה שטיחים חמוצים טעם פירות 100 ג,יוגטה yogueta,TR,יוגטה שטיחים חמוצים,גרמים,100.00,100 גרם,false,,4.90,4.9000,true,1,121397
8693357090743,false,פסבצה מאפרה,PASABACHE,,פסבצה מאפרה,Unknown,0.00,יחידה,false,,14.90,0.0000,true,1,197856
8693357091665,false,בקבוק שמן עם חומץ כ,PASABACHE,,בקבוק שמן עם חומץ כ,Unknown,0.00,יחידה,false,,24.90,0.0000,true,1,197858
8693357093447,false,סט 6 כוסות למיץ פאסא,PASABACHE,,סט 6 כוסות למיץ פאסא,Unknown,0.00,יחידה,false,,39.90,0.0000,true,1,199221
8693357101555,false,סט 6 כוסות למים פאסא,PASABACHE,,סט 6 כוסות למים פאסא,Unknown,0.00,יחידה,false,,14.90,0.0000,true,1,196655
8693357101579,false,שישיית כוסות שופ עלה,PASABACHE,,סט 6 כוסות פאסאבצה,Unknown,0.00,יחידה,false,,12.90,0.0000,true,1,196656
8693357111844,false,סט 3 כוסות 290 קארה,PASABACHE,,פסבצ'ה סט 3 כוסות,Unknown,0.00,יחידה,false,,24.90,0.0000,true,1,197859
8693357116221,false,קנקן זכוכית מכסה אדו,PASABACHE,,קנקן זכוכית מכסה אדו,Unknown,0.00,יחידה,false,,24.90,0.0000,true,1,194161
8693357148796,false,קנקן זכוכית עם מכסה,PASABACHE,,קנקן זכוכית עם מכסה,Unknown,0.00,יחידה,false,,24.90,0.0000,true,1,205073
8693357151789,false,סט 2 ספלים קולומביה,PASABACHE,,סט 2 ספלים קולומביה,Unknown,0.00,יחידה,false,,29.90,0.0000,true,1,203235
8693357154094,false,סט 6 קעריות זכוכית פ,PASABACHE,,סט 6 קעריות זכוכית פ,Unknown,0.00,יחידה,false,,24.90,0.0000,true,1,194198
8693357156098,false,"סט 6 קעריות 178 מ""ל",PASABACHE,,"סט 6 קעריות 178 מ""ל",Unknown,0.00,יחידה,false,,39.90,0.0000,true,1,157422
8693357192324,false,תבנית פיירקס עגולה +,PASABACHE,,תבנית פיירקס עגולה +,Unknown,0.00,יחידה,false,,39.90,0.0000,true,1,204239
8693357192362,false,תבנית פיירקס מלבני פ,PASABACHE,,תבנית פיירקס מלבני פ,Unknown,0.00,יחידה,false,,49.90,0.0000,true,1,203236
8693357192423,false,תבנית פיירקס עגול פא,PASABACHE,,תבנית פיירקס עגול פא,Unknown,0.00,יחידה,false,,39.90,0.0000,true,1,203237
8693357192829,false,תבנית פיירקס מרובעת,PASABACHE,,תבנית פיירקס מרובעת,Unknown,0.00,יחידה,false,,39.90,0.0000,true,1,203222
8693357208957,false,סט 6 כוסות לתה פאסאב,PASABACHE,,סט 6 כוסות לתה פאסאב,Unknown,0.00,יחידה,false,,24.90,0.0000,true,1,203238
8693357211032,false,כד עם מכסה זכוכית פא,PASABACHE,,כד עם מכסה זכוכית פא,Unknown,0.00,יחידה,false,,26.90,0.0000,true,1,194183
8693357245495,false,סט 6 כוסות מונטה קרל,PASABACHE,,סט 6 כוסות מונטה קרל,Unknown,0.00,יחידה,false,,59.90,0.0000,true,1,203084
8693357288119,false,כד מזכוכית פאסאבצה,PASABACHE,,כד מזכוכית פאסאבצה,Unknown,0.00,יחידה,false,,10.00,0.0000,true,1,204248
8693357297463,false,רוסטר +מכסה אובלי מכ,PASABACHE,,רוסטר +מכסה אובלי מכ,Unknown,0.00,יחידה,false,,59.90,0.0000,true,1,199223
8693357317055,false,פסבצ'ה קערת זכוכית,PASABACHE,,פסבצ'ה קערת זכוכית,Unknown,0.00,יחידה,false,,14.90,0.0000,true,1,197866
8693357328051,false,סט 6 כוסות מים אולה,PASABACHE,,סט 6 כוסות מים אולה,Unknown,0.00,יחידה,false,,14.90,0.0000,true,1,203240
8693357342491,false,ספל לקפה עם ידית פאס,PASABACHE,,ספל לקפה עם ידית פאס,Unknown,0.00,יחידה,false,,6.90,0.0000,true,1,203241
8693357349407,false,קערה עמוקה 3000 CC פ,PASABACHE,,קערה עמוקה 3000 CC פ,Unknown,0.00,יחידה,false,,24.90,0.0000,true,1,204233
8693357354067,false,מגש גריל עגול 2950 C,PASABACHE,,מגש גריל עגול 2950 C,Unknown,0.00,יחידה,false,,39.90,0.0000,true,1,204234
8693357361294,false,"שמן / חומץ 500 מל"" H",PASABACHE,,"שמן / חומץ 500 מל"" H",Unknown,0.00,יחידה,false,,19.90,0.0000,true,1,204240
8693357368378,false,זוג בקבוקי שמן מרובע,PASABACHE,,זוג בקבוקי שמן מרובע,Unknown,0.00,יחידה,false,,29.90,0.0000,true,1,161715
8693357369740,false,צנצנת 1.5 ליטר מכסה,PASABACHE,,צנצנת 1.5 ליטר מכסה,Unknown,0.00,יחידה,false,,12.00,0.0000,true,1,204532
8693357371842,false,פסבצ'ה צלחת זכוכית ג,PASABACHE,,פסבצ'ה צלחת זכוכית ג,Unknown,0.00,יחידה,false,,29.90,0.0000,true,1,197870
8693357383517,false,קערה פאסאבצה,PASABACHE,,קערה פאסאבצה,Unknown,0.00,יחידה,false,,7.90,0.0000,true,1,204333
8693357383739,false,קערה לתנור פאסאבצה,PASABACHE,,קערה לתנור פאסאבצה,Unknown,0.00,יחידה,false,,7.90,0.0000,true,1,203242
8693357383753,false,סט קערות פאסאבצה,PASABACHE,,סט קערות פאסאבצה,Unknown,0.00,יחידה,false,,7.90,0.0000,true,1,204334
8693357383777,false,סט קערות פאסאבצה,PASABACHE,,סט קערות פאסאבצה,Unknown,0.00,יחידה,false,,7.90,0.0000,true,1,204335
8693357423909,false,סט 6 כוסות לתה עם צל,PASABACHE,,סט 6 כוסות לתה עם צל,Unknown,0.00,יחידה,false,,49.90,0.0000,true,1,203223
8693357430983,false,פסבצ'ה סט 4 כוסות זכ,PASABACHE,,פסבצ'ה סט 4 כוסות זכ,Unknown,0.00,יחידה,false,,34.90,0.0000,true,1,197872
8693357448223,false,בקבוק זכוכית 3 ליטר,PASABACHE,,בקבוק זכוכית 3 ליטר,Unknown,0.00,יחידה,false,,29.90,0.0000,true,1,204304
8693357449985,false,כד מים זכוכית עם מכס,PASABACHE,,כד מים זכוכית עם מכס,Unknown,0.00,יחידה,false,,24.90,0.0000,true,1,203224
8693357454842,false,סט 3 כוסות תה מילה 1,PASABACHE,,סט 3 כוסות תה מילה 1,Unknown,0.00,יחידה,false,,24.90,0.0000,true,1,203243
8693357455986,false,סט 6 כוסות ליין פאסא,PASABACHE,,סט 6 כוסות ליין פאסא,Unknown,0.00,יחידה,false,,59.90,0.0000,true,1,200823
8693357458758,false,סט 6 כוסות ליין פאסא,PASABACHE,,סט 6 כוסות ליין פאסא,Unknown,0.00,יחידה,false,,49.90,0.0000,true,1,203225
8693357460034,false,פסבצ'ה סט 3 צלחות זכ,PASABACHE,,פסבצ'ה סט 3 צלחות זכ,Unknown,0.00,יחידה,false,,29.90,0.0000,true,1,197873
8693357477728,false,"סט 2 מאגים 266 מ""ל פ",PASABACHE,,"סט 2 מאגים 266 מ""ל פ",Unknown,0.00,יחידה,false,,29.90,0.0000,true,1,203080
8693357493520,false,פסבצ'ה סט 4 קופסאות,PASABACHE,,פסבצ'ה סט 4 קופסאות,Unknown,0.00,יחידה,false,,24.90,0.0000,true,1,197876
8693357505759,false,קערה מזכוכית עם מכסה,PASABACHE,,קערה מזכוכית עם מכסה,Unknown,0.00,יחידה,false,,10.00,0.0000,true,1,204269
8693357506626,false,צנצנת זכוכית עם מכסה,PASABACHE,,צנצנת זכוכית עם מכסה,Unknown,0.00,יחידה,false,,34.90,0.0000,true,1,204444
8693357506855,false,בקבוק שמן זכוכית 100,PASABACHE,,בקבוק שמן זכוכית 100,Unknown,0.00,יחידה,false,,34.90,0.0000,true,1,204244
8693357508064,false,קערת ארוחת בוקר מזכו,PASABACHE,,קערת ארוחת בוקר מזכו,Unknown,0.00,יחידה,false,,19.90,0.0000,true,1,204266
8693357524002,false,קנקן זכוכית 1.8ליטר,PASABACHE,,קנקן זכוכית 1.8ליטר,Unknown,0.00,יחידה,false,,19.90,0.0000,true,1,204261
8693357531277,false,קופסת אכסון מזכוכית,PASABACHE,,קופסת אכסון מזכוכית,Unknown,0.00,יחידה,false,,39.90,0.0000,true,1,204251
8693357533004,false,תבנית פיירקס לעוגה מ,PASABACHE,,תבנית פיירקס לעוגה מ,Unknown,0.00,יחידה,false,,19.90,0.0000,true,1,204681
8693357537019,false,סט 6 כוסות מים אוטו,PASABACHE,,סט 6 כוסות מים אוטו,Unknown,0.00,יחידה,false,,16.90,0.0000,true,1,194173
8693357537132,false,סט 6 כוסות זכוכית פא,PASABACHE,,סט 6 כוסות זכוכית פא,Unknown,0.00,יחידה,false,,14.90,0.0000,true,1,194174
8693357537415,false,סט 6 כוסות זכוכית פא,PASABACHE,,סט 6 כוסות זכוכית פא,Unknown,0.00,יחידה,false,,12.90,0.0000,true,1,194171
8693357537439,false,פסבצ'ה מגש עם הגבהה,PASABACHE,,פסבצ'ה מגש עם הגבהה,Unknown,0.00,יחידה,false,,39.90,0.0000,true,1,197881
8693357540019,false,סט 6 כוסות אמורה קרי,PASABACHE,,סט 6 כוסות אמורה קרי,Unknown,0.00,יחידה,false,,59.90,0.0000,true,1,203228
8693357544352,false,קנקן זכוכית עם מכסה,PASABACHE,,קנקן זכוכית עם מכסה,Unknown,0.00,יחידה,false,,19.90,0.0000,true,1,203814
8693495051002,false,קולגייט מברשת שיניים מיניונים 6+ לילדים,קולגייט פלמוליב,CN,קולגייט מברשת ילדים,Unknown,1.00,יחידה,false,,13.90,13.9000,true,1,128539
8693495052931,false,זוג מברשות שיניים אדוונסט 360 לניקוי כל חלל הפה,קולגייט פלמוליב,CN,קולגייט זוג מברשות 3,Unknown,0.00,יחידה,false,,29.90,0.0000,true,1,128545
8693807229778,false,מחבת פסים גריל סינבו,SINBO,,מחבת פסים גריל סינבו,Unknown,0.00,יחידה,false,,69.90,0.0000,true,1,204506
8693807232365,false,פרנץ' פרס פלסטיק להכ,SINBO,,פרנץ' פרס פלסטיק להכ,Unknown,0.00,יחידה,false,,24.90,0.0000,true,1,204508
8693807249394,false,טרמוס סינבו 1.6 ליטר,SINBO,,טרמוס סינבו 1.6 ליטר,קילוגרמים,1.60,ליטר,false,,49.90,31.1875,true,1,204512
8693807251083,false,פרנץ' פרס ממתכת להכנ,SINBO,,פרנץ' פרס ממתכת להכנ,Unknown,0.00,יחידה,false,,29.90,0.0000,true,1,204513
8693807251229,false,פרנץ' פרס ממתכת להכנ,SINBO,,פרנץ' פרס ממתכת להכנ,Unknown,0.00,יחידה,false,,34.90,0.0000,true,1,204507
8693855000619,false,"פרשר לימון 200 מ""ל",,,"פרשר לימון 200 מ""ל",מיליליטרים,200.00,"100 מ""ל",false,,5.00,2.5000,true,1,162054
8693855000626,false,"פרישר לימון 200מ""ל מארז שישייה",,,פרישר לימון שישייה 2,מיליליטרים,200.00,"100 מ""ל",false,,14.90,7.4500,true,1,159482
8693855000640,false,פרשר משקה בטעם תות 2,,,פרשר משקה בטעם תות 2,מיליליטרים,250.00,"100 מ""ל",false,,5.00,2.0000,true,1,158554
8693855000657,false,"פרישר תות 200מ""ל מארז שישייה",,,פרשר בטעם תות שישייה,מיליליטרים,200.00,"100 מ""ל",false,,14.90,7.4500,true,1,158535
8693855004433,false,"פרישר סודה מארז שישיה * 200 מ""ל",,,פרישר סודה שישייה 20,מיליליטרים,200.00,"100 מ""ל",false,,14.90,7.4500,true,1,121722
8693855005966,false,פרישר לימון מנטה 25,,,פרישר לימון מנטה 25,מיליליטרים,250.00,"100 מ""ל",false,,5.00,2.0000,true,1,178680
8693855006635,false,"פרישר מנטה 200 מ""ל מארז שישייה",,,שישיית פרישר מנטה 20,מיליליטרים,200.00,"100 מ""ל",false,,14.90,7.4500,true,1,160526
8693855006666,false,"פרישר אבטיח 200 מ""ל מארז שישייה",,,שישיית פרישר אבטיח 2,מיליליטרים,200.00,"100 מ""ל",false,,14.90,7.4500,true,1,160521
8693855007175,false,"פרישר מילון בננה 200 מ""ל מארז שישייה",,,פרישר לימון שישייה 2,מיליליטרים,200.00,"100 מ""ל",false,,14.90,7.4500,true,1,164766
8693855111117,false,פרישר סודה בודד,,,פרישר סודה בודד,Unknown,0.00,יחידה,false,,3.90,0.0000,true,1,121749
8695122001107,false,מברשת כלים+מחסנית סב,,,מברשת כלים+מחסנית סב,Unknown,0.00,יחידה,false,,14.90,0.0000,true,1,174155
8695122005945,false,סלסלה 2 צבעים ריטרו,,,סלסלה 2 צבעים ריטרו,Unknown,0.00,יחידה,false,,12.90,0.0000,true,1,165822
8696219005213,false,קנקן מכסה כחול,IRAK PLASTIC,,קנקן מכסה כחול,Unknown,0.00,יחידה,false,,12.90,0.0000,true,1,198044
8696219320521,false,בקבוק שמן גדול 1 ליט,IRAK PLASTIC,,בקבוק שמן גדול 1 ליט,Unknown,0.00,יחידה,false,,10.00,0.0000,true,1,198043
8696219344107,false,קופסת אחסון 0.6 ליטר,IRAK PLASTIC,,קופסת אחסון 0.6 ליטר,Unknown,0.00,יחידה,false,,7.90,0.0000,true,1,197502
8696219353727,false,מסחטת מיץ 0.4 ליטר,IRAK PLASTIC,,מסחטת הדרים,Unknown,0.00,יחידה,false,,5.90,0.0000,true,1,166527
8696219356636,false,מכסה פלסטיק קטן למיק,IRAK PLASTIC,,מכסה פלסטיק קטן למיק,Unknown,0.00,יחידה,false,,12.90,0.0000,true,1,197557
8696219359033,false,סל דמוי קש 2.9 ליטר,IRAK PLASTIC,,סל דמוי קש 2.9 ליטר,Unknown,0.00,יחידה,false,,12.90,0.0000,true,1,198092
8696219360954,false,סט 3 קופסאות עגולות,IRAK PLASTIC,,סט 3 קופסאות עגולות,Unknown,0.00,יחידה,false,,12.90,0.0000,true,1,197527
8696219363665,false,סט 3 קופסאות,IRAK PLASTIC,,סט 3 קופסאות,Unknown,0.00,יחידה,false,,12.90,0.0000,true,1,198053
8696219364365,false,FLEXYמיכל אחסון 1.3,IRAK PLASTIC,,FLEXYמיכל אחסון 1.3,Unknown,0.00,יחידה,false,,10.00,0.0000,true,1,151739
8696219365607,false,כד מיקסר 2.2 ליטר,IRAK PLASTIC,,כד מיקסר 2.2 ליטר,Unknown,0.00,יחידה,false,,24.90,0.0000,true,1,173995
8696219368806,false,קרש חיתוך בצורת עגבנ,IRAK PLASTIC,,קרש חיתוך בצורת עגבנ,Unknown,0.00,יחידה,false,,16.90,0.0000,true,1,118859
8696219375675,false,קרש חיתוך עם ניקוז,IRAK PLASTIC,,קרש חיתוך עם ניקוז,Unknown,0.00,יחידה,false,,14.90,0.0000,true,1,197535
8696219382444,false,מסחטת הדרים 0.25 ליט,IRAK PLASTIC,,מסחטת הדרים 0.25 ליט,Unknown,0.00,יחידה,false,,7.90,0.0000,true,1,179483
8696219382765,false,מיכל אחסון ורוד קטן,IRAK PLASTIC,,מיכל אחסון ורוד קטן,Unknown,0.00,יחידה,false,,12.90,0.0000,true,1,150680
8696219396144,false,מסננת כפולה מסתובבת,IRAK PLASTIC,,מסננת כפולה מסתובבת,Unknown,0.00,יחידה,false,,16.90,0.0000,true,1,176624
8696219401367,false,מיכל אחסון ורוד גדול,IRAK PLASTIC,,מיכל אחסון ורוד גדול,Unknown,0.00,יחידה,false,,14.90,0.0000,true,1,198052
8696219402463,false,סלסלה אטבים סרוגה,IRAK PLASTIC,,סלסלה אטבים סרוגה,Unknown,0.00,יחידה,false,,12.90,0.0000,true,1,157597
8696219402494,false,סלסלה כחולה רב תכלית,IRAK PLASTIC,,סלסלה כחולה רב תכלית,Unknown,0.00,יחידה,false,,29.90,0.0000,true,1,173996
8696219402531,false,מתקן סבון 3 ליטר תכל,IRAK PLASTIC,,מתקן סבון 3 ליטר תכל,Unknown,0.00,יחידה,false,,12.90,0.0000,true,1,198097
8696219405266,false,סלסלה ניתלית לארון,IRAK PLASTIC,,ארגון ארונות תלייה,Unknown,1.00,יחידה,false,,14.90,14.9000,true,1,174174
8696219405914,false,מעמד מגירות לסידור,IRAK PLASTIC,,מעמד מגירות לסידור,Unknown,0.00,יחידה,false,,39.90,0.0000,true,1,198089
8696219405921,false,מעמד לסידור איפור,IRAK PLASTIC,,מעמד לסידור איפור,Unknown,0.00,יחידה,false,,24.90,0.0000,true,1,198091
8696219408212,false,מיכל אחסון עמוק,IRAK PLASTIC,,מיכל אחסון עמוק,Unknown,1.00,יחידה,false,,10.00,10.0000,true,1,198782
8696219408526,false,תבניות כפולות לקרח מ,IRAK PLASTIC,,תבניות כפולות לקרח מ,Unknown,0.00,יחידה,false,,5.90,0.0000,true,1,196404
8696219408694,false,סלסלת אחסון לבנה,IRAK PLASTIC,,סלסלת אחסון לבנה,Unknown,0.00,יחידה,false,,10.00,0.0000,true,1,176625
8696219408823,false,מעמד קיסמי אוזניים,IRAK PLASTIC,,מעמד קיסמי אוזניים,Unknown,0.00,יחידה,false,,12.90,0.0000,true,1,198093
8696219408847,false,מעמד מברשות,IRAK PLASTIC,,מעמד מברשות,Unknown,0.00,יחידה,false,,11.90,0.0000,true,1,198170
8696219409738,false,סל כביסה ענק עם מכסה,IRAK PLASTIC,,סל כביסה ענק עם מכסה,Unknown,0.00,יחידה,false,,49.90,0.0000,true,1,199059
8696219410598,false,מיכל אחסון עוגות 5.7,IRAK PLASTIC,,מיכל אחסון עוגות 5.7,Unknown,0.00,יחידה,false,,19.90,0.0000,true,1,197555
8696219413223,false,קופסה קטנה מחולקת ל,IRAK PLASTIC,,קופסה קטנה מחולקת ל,Unknown,0.00,יחידה,false,,14.90,0.0000,true,1,198356
8696219414183,false,מתקן אוכל ומים לחיות,IRAK PLASTIC,,מתקן אוכל ומים לחיות,Unknown,0.00,יחידה,false,,24.90,0.0000,true,1,198360
8696219414626,false,פח אחסון אוכל 5.8 לי,IRAK PLASTIC,,פח אחסון אוכל 5.8 לי,Unknown,0.00,יחידה,false,,24.90,0.0000,true,1,198408
8696219415487,false,מסננת עם ידית מתקפלת,IRAK PLASTIC,,מסננת עם ידית מתקפלת,Unknown,0.00,יחידה,false,,6.90,0.0000,true,1,195903
8696219416484,false,כף אוכל לכלבים מסננת,IRAK PLASTIC,,כף אוכל לכלבים מסננת,Unknown,0.00,יחידה,false,,5.90,0.0000,true,1,198407
8696219416842,false,כלוב לחיות מחמד ירוק,IRAK PLASTIC,,כלוב לחיות מחמד ירוק,Unknown,0.00,יחידה,false,,49.90,0.0000,true,1,198461
8696287301576,false,קופסת צעצועים שקופה,DUNYA,TR,קופסת צעצועים שקופה,Unknown,0.00,יחידה,false,,59.90,0.0000,true,1,201608
8696287301941,false,קופסה שקופה עם ידית,DUNYA,TR,קופסה שקופה עם ידית,Unknown,0.00,יחידה,false,,24.90,0.0000,true,1,201680
8696601040754,false,מפיץ ריח 100 מל AYLA,,,מפיץ ריח 100 מל AYLA,Unknown,0.00,יחידה,false,,19.90,0.0000,true,1,197033
8697040109958,false,שמפו לשיער רגיל אסות,,,אסותא שמפו לשיער רגי,Unknown,0.00,יחידה,false,,9.90,0.0000,true,1,184931
8697040109965,false,שמפו ומרכך אסותא 700,,,אסותא שמפו ומרכך 70,Unknown,0.00,יחידה,false,,9.90,0.0000,true,1,184932
8697040109972,false,שמפו לשיער יבש אסותא,,,אסותא שמפו לשיער יבש,Unknown,0.00,יחידה,false,,9.90,0.0000,true,1,184933
8697040109996,false,שמפו אלוורה אסותא 70,,,אסותא שמפו אלוורה 70,Unknown,0.00,יחידה,false,,9.90,0.0000,true,1,184935
8697040110008,false,שמפו לשיער צבוע אסות,,,אסותא שמפו לשיער צבו,Unknown,0.00,יחידה,false,,9.90,0.0000,true,1,184936
8697040110077,false,מרכך לשיער רגיל אסות,,,אסותא מרכך לשיער רגי,Unknown,0.00,יחידה,false,,9.90,0.0000,true,1,185232
8697404117063,false,תיק לשוק ולים אקאיי,AKAY,,תיק לשוק ולים אקאיי,Unknown,0.00,יחידה,false,,24.90,0.0000,true,1,205136
8697418280173,false,עלי טורטייה מחיטה מלאה 840 גרם LAVALIA,פרינסס גידה,TR,מחיטה מלאה עלי טורטי,גרמים,840.00,100 גרם,false,,26.90,3.2024,true,1,158061
8697418280487,false,עלי טורטייה קמח תירס 20 סמ 540 ג LAVALIA,פרינסיס און וה אונלו,TR,עלי טורטייה עם קמח ת,Unknown,0.00,יחידה,false,,24.90,0.0000,true,1,200512
8697431460217,false,קונפיטורה 70% תפוזים 450 ג' FRUPPA,פרוטנגו Fruitango,,קונפיטורה 70% פרי –,גרמים,450.00,100 גרם,false,,17.90,3.9778,true,1,130067
8697431460378,false,קונפיטורה 70% שזיף פרופה 450 גרם,פרוטנגו Fruitango,,קונפיטורה 70% פרי -,גרמים,450.00,100 גרם,false,,17.90,3.9778,true,1,118779
8697480522034,false,פח אשפה מדווש יוקרתי,Tuffex Plastik,,פח אשפה מדווש יוקרתי,Unknown,0.00,יחידה,false,,39.90,0.0000,true,1,202786
8697480570714,false,מייבש כלים ראטן 2 שכ,Tuffex Plastik,,מייבש כלים ראטן 2 שכ,Unknown,0.00,יחידה,false,,24.90,0.0000,true,1,204192
8697512622572,false,SUN - משאבת STAR MIN,SUN PLASTIC,,SUN - משאבת STAR MIN,Unknown,0.00,יחידה,false,,29.90,0.0000,true,1,194740
8697512622589,false,SUN - ECO SQUEEZER,SUN PLASTIC,,SUN - ECO SQUEEZER,Unknown,0.00,יחידה,false,,9.90,0.0000,true,1,194741
8697512623081,false,SUN - צנצנת אחסון סמ,SUN PLASTIC,,SUN - צנצנת אחסון סמ,Unknown,0.00,יחידה,false,,9.90,0.0000,true,1,194751
8697512623241,false,SUN - כלים לשירות סל,SUN PLASTIC,,SUN - כלים לשירות סל,Unknown,0.00,יחידה,false,,9.90,0.0000,true,1,195734
8697512624033,false,"בקבוק לרוטב 700 מ""ל",SUN PLASTIC,,"בקבוק לרוטב 700 מ""ל",Unknown,0.00,יחידה,false,,7.90,0.0000,true,1,194756
8697512624880,false,SUN - פומפיה של עגבנ,SUN PLASTIC,,SUN - פומפיה של עגבנ,Unknown,0.00,יחידה,false,,9.90,0.0000,true,1,194768
8697512625030,false,"בקבוק לרוטב 1000 מ""ל",SUN PLASTIC,,"בקבוק לרוטב 1000 מ""ל",Unknown,0.00,יחידה,false,,9.90,0.0000,true,1,204217
8697512627669,false,SUN - מחזיק נייר טוא,SUN PLASTIC,,SUN - מחזיק נייר טוא,Unknown,0.00,יחידה,false,,9.90,0.0000,true,1,194770
8697512628376,false,SUN - 4x וו PRATIC,SUN PLASTIC,,SUN - 4x וו PRATIC,Unknown,0.00,יחידה,false,,9.90,0.0000,true,1,195745
8697659232795,false,"פרש& מור מבשם אריגים מנטרל ריחות עישון 425 מ""ל",ATAK,TR,פרש אנד מור מבשם ארי,מיליליטרים,425.00,"100 מ""ל",false,,13.90,3.2706,true,1,120316
8697659234218,false,"דיסני שמפו פרוזן 600מ""ל",,,דיסני שמפו פרוזן 600,מיליליטרים,600.00,"100 מ""ל",false,,17.90,2.9833,true,1,144887
8697659234355,false,דיסני קצף לסירוק מינ,,,דיסני קצף לסירוק מינ,מיליליטרים,430.00,"100 מ""ל",false,,21.90,5.0930,true,1,144896
8697659244385,false,מילוי מטהר אוויר בני,,,אסותא מילוי מטהר אוו,Unknown,0.00,יחידה,false,,9.90,0.0000,true,1,184943
8697659244408,false,מילוי מטהר אוויר בני,,,אסותא מילוי מטהר אוו,Unknown,0.00,יחידה,false,,7.90,0.0000,true,1,184944
8697659244422,false,מילוי מטהר אוויר בני,,,אסותא מילוי מטהר אוו,Unknown,0.00,יחידה,false,,9.90,0.0000,true,1,184946
8697659244453,false,מילוי מטהר אוויר אנט,,,אסותא מילוי מטהר אוו,Unknown,0.00,יחידה,false,,9.90,0.0000,true,1,184949
8697713207233,false,מחבת סטיק,ONCU MUTFAK,,מחבת סטיק,Unknown,0.00,יחידה,false,,59.90,0.0000,true,1,192516
8697806730068,false,מלקחי ברביקיו מתכת,UNVER-BBQ,,מלקחי ברביקיו מתכת,Unknown,0.00,יחידה,false,,9.90,0.0000,true,1,196117
8697806730228,false,מלקחי ברביקיו מתכת,UNVER-BBQ,,מלקחי ברביקיו מתכת,Unknown,0.00,יחידה,false,,9.90,0.0000,true,1,196118
8697826469092,false,טורטיה קטנה שקדיה 540 גרם 12 יחידות,דין שיווק,TR,טורטייה,גרמים,540.00,100 גרם,false,,10.00,1.8519,true,1,134644
8697828877079,false,סט צלחות 18 חלקים בצ,KUTAHYA,,סט צלחות 18 חלקים בצ,Unknown,0.00,יחידה,false,,199.90,0.0000,true,1,192197
8697853094892,false,כוס מיקרוגל עם מכסה,,,כוס מיקרוגל עם מכסה,Unknown,0.00,יחידה,false,,10.00,0.0000,true,1,201033
8697853095073,false,"קופסא 500 מ""ל מרובע",,,"קופסא 500 מ""ל מרובע",Unknown,0.00,יחידה,false,,10.00,0.0000,true,1,194004
8697853096414,false,סלסלה 10 ליטר 14×23.,,,סלסלה 10 ליטר 14×23.,Unknown,0.00,יחידה,false,,14.90,0.0000,true,1,191420
8697853096452,false,"סט 2 קופסאות2500 מ""ל",,,"סט 2 קופסאות2500 מ""ל",Unknown,0.00,יחידה,false,,14.90,0.0000,true,1,162778
8697950712033,false,SUN - סל פירות EXEN,SUN PLASTIC,,SUN - סל פירות EXEN,Unknown,0.00,יחידה,false,,14.90,0.0000,true,1,194781
8697950723336,false,SUN - סט משפך 3x,SUN PLASTIC,,SUN - סט משפך 3x,Unknown,0.00,יחידה,false,,9.90,0.0000,true,1,195714
8697950723619,false,פומפייה עם מיכל סאן,SUN PLASTIC,,פומפייה עם מיכל סאן,Unknown,0.00,יחידה,false,,14.90,0.0000,true,1,201967
8697950724104,false,SUN - Y & I DUO קולפ,SUN PLASTIC,,SUN - Y & I DUO קולפ,Unknown,0.00,יחידה,false,,9.90,0.0000,true,1,194786
8697950724159,false,SUN - TRIO LUX Y PEE,SUN PLASTIC,,SUN - TRIO LUX Y PEE,Unknown,0.00,יחידה,false,,9.90,0.0000,true,1,194787
8697950726078,false,קולפן ירקות סאן פלסט,SUN PLASTIC,,קולפן ירקות סאן פלסט,Unknown,0.00,יחידה,false,,9.90,0.0000,true,1,194798
8697950726337,false,SUN - BONITA PLASTIK,SUN PLASTIC,,SUN - BONITA PLASTIK,Unknown,0.00,יחידה,false,,14.90,0.0000,true,1,194802
8697950726450,false,SUN - TERRA HANDHELD,SUN PLASTIC,,SUN - TERRA HANDHELD,Unknown,0.00,יחידה,false,,9.90,0.0000,true,1,194807
8697950726481,false,SUN - מטרפה ביצי טרה,SUN PLASTIC,,SUN - מטרפה ביצי טרה,Unknown,0.00,יחידה,false,,9.90,0.0000,true,1,194810
8697950731041,false,SUN - חותך בצורות של,SUN PLASTIC,,SUN - חותך בצורות של,Unknown,0.00,יחידה,false,,9.90,0.0000,true,1,194822
8697950731140,false,SUN - חותך בצורות עו,SUN PLASTIC,,SUN - חותך בצורות עו,Unknown,0.00,יחידה,false,,9.90,0.0000,true,1,194828
8697950731225,false,SUN - תבניות ביסקווי,SUN PLASTIC,,SUN - תבניות ביסקווי,Unknown,0.00,יחידה,false,,9.90,0.0000,true,1,194833
8697950731232,false,SUN - מעצב בצק,SUN PLASTIC,,SUN - מעצב בצק,Unknown,0.00,יחידה,false,,9.90,0.0000,true,1,194834
8697950731249,false,רול לבצק עוגיות ופיצ,SUN PLASTIC,,רול לבצק עוגיות ופיצ,Unknown,0.00,יחידה,false,,14.90,0.0000,true,1,194835
8697950733403,false,SUN - חותכי עוגיות ע,SUN PLASTIC,,SUN - חותכי עוגיות ע,Unknown,0.00,יחידה,false,,9.90,0.0000,true,1,195711
8697950740036,false,SUN - מסננת WOW ERGO,SUN PLASTIC,,SUN - מסננת WOW ERGO,Unknown,0.00,יחידה,false,,19.90,0.0000,true,1,194854
8697950740418,false,SUN - מחזיק נייר,SUN PLASTIC,,SUN - מחזיק נייר,Unknown,0.00,יחידה,false,,9.90,0.0000,true,1,194859
8697950742412,false,SUN - אחסון כוכבים 0,SUN PLASTIC,,SUN - אחסון כוכבים 0,Unknown,0.00,יחידה,false,,9.90,0.0000,true,1,194860
8697950742429,false,SUN - STAR Storage 0,SUN PLASTIC,,SUN - STAR Storage 0,Unknown,0.00,יחידה,false,,12.90,0.0000,true,1,194861
8697975031010,false,סט תבלינים 5 במעמד D,,,סט תבלינים 5 במעמד D,Unknown,0.00,יחידה,false,,34.90,0.0000,true,1,197037
8697975032925,false,קראף+מכסה 1000 STAY,,,קראף+מכסה 1000 STAY,Unknown,0.00,יחידה,false,,18.90,0.0000,true,1,174986
8697975033496,false,צנצנת זכוכית מודפס 6,,,צנצנת זכוכית מודפס 6,Unknown,0.00,יחידה,false,,7.90,0.0000,true,1,174988
8697975036800,false,סט שמן 4 חלקים KUBEL,,,סט שמן 4 חלקים KUBEL,Unknown,0.00,יחידה,false,,34.90,0.0000,true,1,197038
8697975036817,false,סט מלח פלפל DORIAN,,,סט מלח פלפל DORIAN,Unknown,0.00,יחידה,false,,18.90,0.0000,true,1,197039
8698313596659,false,גלידה פיסטוק שמנת משפחתי 500ג' מאראשם,,IT,מאראשם פיסטוקים 500,מיליליטרים,500.00,"100 מ""ל",false,,22.90,4.5800,true,1,155763
8698313596666,false,גלידה פרוסות שמנת 650 ג' מאראשם,,,"מאראשם פרוסות 650 מ""",מיליליטרים,650.00,"100 מ""ל",false,,31.90,4.9077,true,1,155764
8698683781648,false,מגבוני טישו רכים מחו,,,מגבוני טישו רכים מחו,Unknown,0.00,יחידה,false,,12.90,0.0000,true,1,126030
8698734212510,false,תיבת אחסון נעולה 5 ל,BURAK PLASTIK,,תיבת אחסון נעולה 5 ל,Unknown,0.00,יחידה,false,,10.00,0.0000,true,1,201976
8698734212534,false,תיבת אחסון נעולה 7.5,BURAK PLASTIK,,תיבת אחסון נעולה 7.5,Unknown,0.00,יחידה,false,,12.90,0.0000,true,1,201977
8698734217287,false,סט 5 קופסאות מעוצבות,BURAK PLASTIK,,סט 5 קופסאות מעוצבות,Unknown,0.00,יחידה,false,,19.90,0.0000,true,1,201975
8699038075788,false,כד מעוצב זכוכית 1 לי,,,כד מעוצב זכוכית 1 לי,Unknown,0.00,יחידה,false,,14.90,0.0000,true,1,201962
8699053503105,false,שמיכות קטנות,,,שמיכות קטנות,Unknown,0.00,יחידה,false,,229.90,0.0000,true,1,196769
8699053503129,false,כריות,,,כריות,Unknown,0.00,יחידה,false,,59.90,0.0000,true,1,196767
8699141059101,false,לופו קייק פיט שוקו 184 ג',,,לופו קייק פיט שוקו 1,Unknown,0.00,יחידה,false,,7.90,0.0000,true,1,160678
8699141154592,false,מארז אוזמו האפי 37.5*24 ג',,,אוזמו האפי 6*24 37.5,Unknown,0.00,יחידה,false,,24.90,0.0000,true,1,191878
8699141157104,false,ממתק אוזמו הופו 40 ג,,,אוזמו הופו 40 גרם,Unknown,0.00,יחידה,false,,2.90,0.0000,true,1,121758
8699250030404,false,"זיתים שחורים יבשים במלח 1.5 ק""ג",מסטוי גידה איבס,TR,תומר זית שחור יבש 1.,Unknown,0.00,יחידה,false,,39.90,0.0000,true,1,118780
8699375821819,false,תרגול מרחץ סבון 0 5,arslankaya plastik,,תרגול מרחץ סבון 0 5,Unknown,0.00,יחידה,false,,19.90,0.0000,true,1,194865
8699375822793,false,מברשת לאסלה (צבעים),arslankaya plastik,,מברשת לאסלה (צבעים),Unknown,0.00,יחידה,false,,29.90,0.0000,true,1,194873
8699375822960,false,פח אשפה 10 LT,arslankaya plastik,,פח אשפה 10 LT,Unknown,0.00,יחידה,false,,24.90,0.0000,true,1,192199
8699375822977,false,דלי יהירות 10 LT,arslankaya plastik,,דלי יהירות 10 LT,Unknown,0.00,יחידה,false,,19.90,0.0000,true,1,192200
8699375823011,false,קופסת כפית תותים,arslankaya plastik,,קופסת כפית תותים,Unknown,0.00,יחידה,false,,12.90,0.0000,true,1,192201
8710103811251,false,אוונט זוג מוצצים קלאסי 6-18 תכלת פסטל,כמיפל,GB,אוונט זוג מוצצים קלא,Unknown,0.00,יחידה,false,,49.90,0.0000,true,1,166890
8710103868699,false,אוונט בקבוק פוליפרופילן חלבי קלאסי 330 מ,פיליפס אוונט,GB,אוונט בקבוק פוליפרופ,Unknown,0.00,יחידה,false,,39.90,0.0000,true,1,131580
8710243961533,false,אולד אמסטרדם חטיף בשקית 90 גרם,,NL,אולד אמסטרדם חטיף ב,גרמים,0.00,גרם,false,,24.90,0.0000,true,1,181299
8710243962400,false,גבינת קרם אולד אמסטר,ווסטלנד,,אולד אמסטרדם קרם 12,גרמים,125.00,100 גרם,false,,24.90,19.9200,true,1,181300
8710314000819,false,סמנה 400 ג' אלחלוב,,,שומן חמאה 400 גרם,גרמים,400.00,100 גרם,false,,39.90,9.9750,true,1,160281
8710314000826,false,סמנת אלחלוב 800 גרם,,,סמנת אלחלוב 800 גרם,גרמים,800.00,100 גרם,false,,69.90,8.7375,true,1,191874
8710428005762,false,תרכובת מזון לתינוקות על בסיס חלבון סויה איזומיל טף שלב 2,"אבוט מעבדות רפואיות בע""מ",NL,סימילאק איזומיל טף ב,גרמים,400.00,100 גרם,false,,44.90,11.2250,true,1,173415
8710428016355,false,פדיאשור השלמה תזונתית בטעם שוקולד 400 גר,אבוט מעבדות רפואיות,NL,פדיאשור קומפליט שוקו,גרמים,400.00,100 גרם,false,,39.90,9.9750,true,1,166317
8710447224342,false,טרזמה שמפו עם קרטין 400 מל,"יוניליוור פולין, רחוב קר",PL,TRESEMME שמפו קרטין,,400.00,100 מל,false,,22.90,0.0572,true,1,120003
8710447224366,false,טרזמה מרכך קרטין לשיער 400 מל,"יוניליוור פולין, רחוב קר",PL,TRESEMME מרכך קרטין,,400.00,100 מל,false,,22.90,0.0572,true,1,120004
8710447240915,false,מסכה טרזמה משקמת בתוספת ביוטין 300 גר,"יוניליוור פולין, רחוב קר",PL,TRESEMME מסכה בוטנין,,300.00,100 מל,false,,32.90,0.1097,true,1,120005
8710447275306,false,דאב קרם ידיים שמן אבוקדו ותמצית קלנדולה,"יוניליוור פולין, רחוב קר",PL,דאב קרם ידיים אבוקדו,Unknown,0.00,יחידה,false,,11.90,0.0000,true,1,120007
8710447284117,false,"ג'ל רחצה אקס בלאק 400 מ""ל",יוניליוור גרמניה (בו,DE,אקס גל רחצה בלאק 400,,400.00,100 מל,false,,12.90,0.0323,true,1,120010
8710502060021,false,מרבה פטיסרי עוגיות מאפין רכות 210 גרם,"י. מרבה ישראל בע""\מ",NL,מרבה פטיסרי עוגיות מ,גרמים,210.00,100 גרם,false,,11.90,5.6667,true,1,197314
8710502064814,false,עוגיות מרבה שוקולד ציפס במרקם רך 175 גר,בנקטבקריי מרבה בי.וי,NL,מרבה עוגיות שוקוציפס,גרמים,175.00,100 גרם,false,,9.90,5.6571,true,1,128548
8710502139017,false,עוגיות מרבה טריפל שוקולד שוקוצ'יפס 180ג',בנקטבקריי מרבה בי.וי,NL,מרבה טריפל שוקולד צי,גרמים,180.00,100 גרם,false,,9.90,5.5000,true,1,128549
8710502194801,false,"עוגיות שוקלד ציפס רכה פירות יער ""מרבה"" 175 גרם",בנקטבקריי מרבה בי.וי,NL,מרבה ע.שוקולד ציפס ר,גרמים,175.00,100 גרם,false,,9.90,5.6571,true,1,128550
8710502194825,false,מרבה - עוגיות שוקוצ'יפס כשר למהדרין 150 גרם,מרבה הולנד,NL,מרבה עוגיות שוקולד צ,גרמים,150.00,100 גרם,false,,8.90,5.9333,true,1,128551
8710502231018,false,מרבה מיני עוגיות שוקולד צ'יפס 175 גרם,"מרבה בע""\מ",NL,מרבה עוגיות שוקולד צ,Unknown,0.00,יחידה,false,,9.90,0.0000,true,1,172433
8710502260032,false,עוגיות שוקולד ציפס מרבה 150 גרם,בנקטבקריי מרבה בי.וי,NL,מרבה עוגיות שוקולד צ,גרמים,150.00,100 גרם,false,,8.90,5.9333,true,1,128552
8710502279010,false,מרבה עוגיות שוקולד צ'יפס מצופות שוקולד 175 גרם,"י.מרבה ישראל בע""מ",NL,מרבה ע.שוקוציפס מצופ,גרמים,175.00,100 גרם,false,,9.90,5.6571,true,1,169921
8710502285509,false,עוגיות לימון ושוקולד צ'יפס במרקם רך 175 ג' מרבה,בנקטבקריי מרבה בי.וי,NL,מרבה עוגיות לימון וש,גרמים,225.00,100 גרם,false,,9.90,4.4000,true,1,186633
8710502405204,false,עוגיות שוקולד צ'יפס עם קרם שוקולד מרבה 175 גרם,קריניציה ויטמינה אס,NL,מרבה ע.שוקוציפס ממול,גרמים,175.00,100 גרם,false,,9.90,5.6571,true,1,128556
8710502470028,false,עוגיות שוקולד צ'יפס ממולאות בקרם נוגט,"מרבה בע""\מ",NL,מרבה נוגטלי 160 גרם,גרמים,160.00,100 גרם,false,,9.90,6.1875,true,1,128557
8710502470035,false,מרבה פטיסרי עוגיות נוגטלי אגוזים 200 גרם,"י. מרבה ישראל בע""\מ",NL,מרבה פטיסרי עוגיות נ,גרמים,200.00,100 גרם,false,,11.90,5.9500,true,1,197317
8710800027573,false,סוכריות מיני בטעם פירות מנטוס 178 גרם,פרפטי ואן מלה ברדה,NL,מיני מנטוס שקית,גרמים,178.00,100 גרם,false,,13.90,7.8090,true,1,121410
8710800961310,false,סוכריות בטעם תות מנטוס 4*375 גרם,פרפטי ואן מלה ברדה,NL,מנטוס 1/4 תות,גרמים,150.00,100 גרם,false,,10.90,7.2667,true,1,121412
8710847860829,false,"רקסונה - דאודורנט רול און לאישה כותנה 50 מ""ל",יוניליוור פארם,GB,רקסונה רולאון כותנה,Unknown,0.00,יחידה,false,,14.90,0.0000,true,1,120020
8710847860843,false,"רקסונה - דאודורנט רולאון לאישה אינביזיבל 50 מ""ל",יוניליוור אנגליה,GB,רקסונה רולאון אינביז,Unknown,0.00,יחידה,false,,14.90,0.0000,true,1,120021
8710847942679,false,טרזמה שמפו לשיער יבש בתוספת שמן המפ,יוניליוור,PL,"TRESEMME שמפו 400 מ""",,400.00,100 מל,false,,22.90,0.0572,true,1,184347
8710847942693,false,טרזמה מרכך לשיער יבש שמן המפ 400 מל,יוניליוור,PL,"TRESEMME מרכך 400 מ""",,400.00,100 מל,false,,22.90,0.0572,true,1,184348
8710908326691,false,"תחליב רחצה פרח האדמונית דאב 750 מ""ל",יוניליוור גרמניה (בו,DE,דאב ת.רחצה אדמונית 7,מיליליטרים,750.00,"100 מ""ל",false,,18.90,2.5200,true,1,111385
8711000371176,false,ג'ייקובס קפסולות קפה אספרסו קלאסיקו עוצמה 7,ג'ייקובס דאו אגברטס צרפת,FR,ג'ייקובס קפסולות קפה,Unknown,0.00,יחידה,false,,14.90,0.0000,true,1,140897
8711000495933,false,ג'ייקובס בריסטה קפסולות קלייה כהה 10,JDE,FR,קפסולות קפה ג'ייקובס,Unknown,0.00,יחידה,false,,19.90,0.0000,true,1,198147
8711000497050,false,ג'ייקובס בריסטה קפסולות קולומביה 9,JDE,FR,קפסולות קפה ג'ייקובס,Unknown,0.00,יחידה,false,,19.90,0.0000,true,1,198146
8711327475663,false,"מגנום פיינט וניל שוקולד לבן 440 מ""ל","מפעל גלידות בווספרם, רחו",HU,מגנום פיינט וניל שוק,,440.00,100 מל,false,,18.90,0.0430,true,1,172003
8711700665834,false,סבון מוצק ניחוח מלפפון תה ירוק דאב 600 גרם מארז 6 יחידות,יוניליוור גרמניה (בו,DE,דאב סבון מוצק מלפפונ,Unknown,6.00,יחידה,false,,19.90,3.3167,true,1,111386
8711842222438,false,גבינה גאודה פסטו ירו,,,גאודה פסטו ירוק 200,גרמים,200.00,100 גרם,false,,29.90,14.9500,true,1,181286
8712000051099,false,"שישיית בירה היינקן 0% אלכוהל בקבוק 330 מ""ל","מבשלת היינקן, ריטבלדנברג",NL,היינקן ללא אלכהול שי,,330.00,100 מל,false,,32.90,0.0997,true,1,142513
8712100739231,false,תה פיגי 40שקיקים פרמ,,GB,תה פי.ג'י בשקיות פי,Unknown,0.00,יחידה,false,,24.90,0.0000,true,1,146461
8712400802499,false,תרכובת מזון המשך לפעוטות על בסיס חלב שלב 1,נוטרישיה קאלק ב. ו.,NL,נוטרילון 1- 800 גרם,גרמים,800.00,100 גרם,false,,59.90,7.4875,true,1,111529
8712400802512,false,תרכובת מזון המשך לפעוטות על בסיס חלב שלב 2,נוטרישיה קאלק ב. ו.,NL,נוטרילון 2- 800 גרם,גרמים,800.00,100 גרם,false,,59.90,7.4875,true,1,111530
8712400802536,false,תרכובת מזון המשך לפעוטות על בסיס חלב שלב 3,נוטרישיה קאלק ב. ו.,NL,נוטרילון 3- 800 גרם,גרמים,800.00,100 גרם,false,,59.90,7.4875,true,1,111531
8712561594608,false,"דאב תחליב רחיצה להזנה עמוקה 750 מ""ל","יוניליוור גרמניה, Gmbh &",DE,דאב ת.רחצה להזנה עמו,מיליליטרים,750.00,"100 מ""ל",false,,18.90,2.5200,true,1,111387
8712561611411,false,"תחליב רחצה בניחוח מלפפון ותה ירוק דאב 750 מ""ל","יוניליוור גרמניה, Gmbh &",DE,דאב ת.רחצה תה ירוק ו,Unknown,0.00,יחידה,false,,18.90,0.0000,true,1,111388
8712561626286,false,"תחליב רחצה דאב זוהר כמשי 750 מ""ל",יוניליוור גרמניה (בו,DE,דאב ת.רחצה זוהר כמשי,מיליליטרים,750.00,"100 מ""ל",false,,18.90,2.5200,true,1,120065
8712561631570,false,"תחליב רחצה קוקוס ויסמין דאב 750 מ""ל",יוניליוור גרמניה (בו,DE,דאב ת.רחצה חלב קוקוס,מיליליטרים,750.00,"100 מ""ל",false,,18.90,2.5200,true,1,120066
8713323093490,false,ירוק- אדם הולנדי פרוס 150 גרם,ווסטלנד,NL,אדם הולנדי פרוס 150,גרמים,150.00,100 גרם,false,,16.90,11.2667,true,1,181303
8714599104316,false,ג'ייקובס קפה שחור קלוי וטחון טורקי 200 גרם,אל.אל.סי ג'\ייקובס דאו א,RU,ג'ייקובס קפה שחור ק,גרמים,200.00,100 גרם,false,,14.90,7.4500,true,1,140904
8714599412220,false,ג'ייקובס וולווט קפה נמס מיובש בהקפאה 95 גרם,אל.אל.סי ג'\ייקובס דאו א,RU,ג'ייקובס וולווט קפה,Unknown,0.00,יחידה,false,,19.90,0.0000,true,1,183679
8714599412336,false,קפה נמס בריסטה אמריקנו קלוי וטחון 160 ג' ג'ייקובס,ג'\ייקובס דאו אגברטס רוס,RU,ג'ייקובס בריסטה קפה,גרמים,160.00,100 גרם,false,,29.90,18.6875,true,1,185017
8714599513781,false,"קפה נמס מיובש בהקפאה זהב צנצנת ג'ייקובס 200 גרם לל""ס",אל.אל. סי ג''יקובס דאו א,RU,ג'ייקובס גולד קפה נמ,גרמים,200.00,100 גרם,false,,27.90,13.9500,true,1,140913
8714599513835,false,גי'קובס קרונונג נייט אנד דיי - נטול קופיאין,ג'ייקובס Jacobs,DE,ג'ייקובס קרונונג קפה,גרמים,200.00,100 גרם,false,,32.90,16.4500,true,1,140915
8714599513866,false,"קפה נמס מיובש בהקפאה קרונג צנצנת ג'ייקובס 200 גרם לל""ס",אל.אל.סי גייקובס דאו,RU,ג'ייקובס קרונונג קפה,גרמים,200.00,100 גרם,false,,27.90,13.9500,true,1,140916
8714789177229,false,רבעיית מברשות שיניים קולגייט אקסטרה קלין 1 יחידה,הנסיך- מפעל לייצור ט,CN,קולגייט מברשת שיניים,Unknown,4.00,יחידה,false,,10.90,2.7250,true,1,128562
8714789218465,false,מברשת שיניים 360 סופט קולגייט 2 יחידות,הנסיך- מפעל לייצור ט,CN,קולגייט מברשת שיניים,Unknown,2.00,יחידה,false,,31.90,15.9500,true,1,128565
8714789303925,false,מברשת שיניים 360 סנסטיב רכה במיוחד קולגייט 2 יחידות,קולגייט- פלמוליב,CH,קולגייט מברשת שיניים,Unknown,2.00,יחידה,false,,31.90,15.9500,true,1,128568
8714789402932,false,נוזל לניקוי כללי ורצפות בניחוח ורדי בוקר אג'קס 1.5 ליטר,הנסיך- מפעל לייצור ט,GR,אגקס חגיגת הפרחים ור,קילוגרמים,1.50,ליטר,false,,19.90,13.2667,true,1,111461
8714789450315,false,פלמוליב נוזל כלים לימון 1.5 ליטר,הנסיך- מפעל לייצור ט,GR,פלמוליב שקוף לימון 1,קילוגרמים,1.50,ליטר,false,,14.90,9.9333,true,1,128570
8714789529561,false,"משחת שיניים סנסטיב פרו ריליף להלבנה קולגייט 75 מ""ל",קולגייט-פלמוליב,BR,קולגייט סנסיטיב פרו,מיליליטרים,75.00,"100 מ""ל",false,,23.90,31.8667,true,1,128573
8714789576688,false,"ספריי חלונות בניחוח פרחי אביב ניקוי ללא סימנים 500 מ""ל",קולגייט פלמוליב,GR,ספריי חלונות בניחוח,גרמים,498.00,100 גרם,false,,12.90,2.5904,true,1,204763
8714789797786,false,"פלמוליב נוזל לניקוי כלים גריז בלסטר 750 מ""ל",יבואן ומשווק: ש. שסט,GR,פלמוליב כלים 4ב1 כתו,מיליליטרים,750.00,"100 מ""ל",false,,9.90,1.3200,true,1,128578
8714789831275,false,מברשת שיניים 360 אופטיק ווייט קולגייט 2 יחידות,קולגייט-פלמוליב,CN,קולגייט מברשת שיניים,Unknown,2.00,יחידה,false,,31.90,15.9500,true,1,128579
8714789834467,false,פלמוליב נוזל לניקוי כלים קלאסי 1.5 ליטר,קולגייט-פלמוליב,GR,פלמוליב נוזל כלים 1.,קילוגרמים,1.50,ליטר,false,,14.90,9.9333,true,1,128580
8714800017480,false,"בוואריה בטעם תפוח 330 מ""ל מארז שישייה",בוואריה,NL,בוואריה בטעם תפוח שי,Unknown,0.00,יחידה,false,,29.90,0.0000,true,1,131054
8714800019934,false,"בוואריה בטעם תות 330 מ""ל מארז שישייה",,,בוואריה בטעם אפרסק ש,Unknown,0.00,יחידה,false,,29.90,0.0000,true,1,131058
8714800023399,false,שישיית בווריה 0% אלכוהול אורגינל 330 מל,בוואריה,NL,בוואריה בטעם אוריגינ,Unknown,6.00,יחידה,false,,29.90,4.9833,true,1,131060
8714800025713,false,"בוואריה בטעם רימון 330 מ""ל מארז שישייה",,,בוואריה בטעם רימונים,Unknown,0.00,יחידה,false,,29.90,0.0000,true,1,131065
8714800027861,false,בוואריה בטעם אפרסק שישייה*330 מ''ל,,,מאלט בוואריה תות שיש,Unknown,0.00,יחידה,false,,29.90,0.0000,true,1,131067
8714800035989,false,בוואריה בטעם ג'ינגיר,,,בוואריה בטעם ג'ינגיר,Unknown,0.00,יחידה,false,,5.00,0.0000,true,1,170051
8714800035996,false,בוואריה בטעם ג'ינגיר,,,בוואריה בטעם ג'ינגיר,Unknown,0.00,יחידה,false,,29.90,0.0000,true,1,169910
8715035150300,false,"רוטב סויה קיקומן ללא מ""ל 250 גלוטן",קיקומן פודז יורופ בי,NL,רוטב סויה קיקומן ללא,,250.00,100 מל,false,,19.90,0.0796,true,1,180960
8715700110141,false,מיונז קרמי היינץ צנצנת 460ג',ה.י.היינץ הולדינג בי.וי,NL,היינץ מיונז צנצנת 46,גרמים,460.00,100 גרם,false,,11.90,2.5870,true,1,140921
8715700110158,false,היינץ ממרח במרקם קרמי צנצנת 490 גרם,ה.י.היינץ הולדינג בי.וי,NL,היינץ מיונז לייט צנצ,גרמים,490.00,100 גרם,false,,11.90,2.4286,true,1,140922
8715700115344,false,"מתבל עגבניות היינץ 460 גר' כשל""פ",אייץ'. ג'יי. היינץ פ,ES,היינץ מתבל עגבניות 4,גרמים,460.00,100 גרם,false,,7.90,1.7174,true,1,177821
8715700115849,false,מתבל עגבניות היינץ1.35קג,היינץ,NL,היינץ מתבל עגבניות 1,,1.35,קג,false,,19.90,14.7407,true,1,140927
8715700117805,false,"קטשופ היינץ מתבל עגבניות ללא תוספת סוכר ומלח 425 מ""ל","ה.י היינץ הולדינג בי.וי,",NL,היינץ מתבל עגבניות ל,גרמים,555.00,100 גרם,false,,12.90,2.3243,true,1,160486
8715700120874,false,מתבל עגבניות היינץ בתוספת שום,ה.י.היינץ הולדינג בי.וי,NL,היינץ קטשופ שום 460,גרמים,460.00,100 גרם,false,,11.90,2.5870,true,1,185021
8715700419732,false,מתבל עגבניות היינץ 700 גרם,ה.י. היינץ,NL,היינץ מתבל עגבניות 7,גרמים,700.00,100 גרם,false,,12.90,1.8429,true,1,140931
8715700421322,false,היינץ רוטב ברביקיו צ'ילי 490 גרם,היינץ Heinz,NL,היינץ רוטב ברביקיו צ,גרמים,490.00,100 גרם,false,,16.90,3.4490,true,1,140933
8715700422473,false,ממרח לכריכים וסלטים ללא ח. משמרים היינץ 395 גרם,ה.י. היינץ,NL,היינץ ממרח לחיץ ללא,גרמים,395.00,100 גרם,false,,15.90,4.0253,true,1,140936
8715700423906,false,היינץ מתבל עגבניות מופחת סוכר ומלח 50/50 550 גרם,היינץ צפון אמריקה מק,NL,היינץ מתבל עגבניות מ,גרמים,550.00,100 גרם,false,,12.90,2.3455,true,1,140938
8717163628812,false,מסכה טרזמה ללא סולפטים להחלקה ולצביעה300,"יוניליוור פולין, רחוב קר",PL,TRESEMME מסכה בוטניק,,300.00,100 מל,false,,32.90,0.1097,true,1,159055
8717163630105,false,"שמפו טרזמה להחלקה וצביעה 400 מ""ל",יוניליוור,PL,TRESEMME שמפו קרטין,,400.00,100 מל,false,,22.90,0.0572,true,1,159056
8717163647226,false,"אקס דאודורנט ספריי גוף בלאק 150 מ""ל",ארנסט. רחוב קומבינצק,GB,אקס בודי ספריי בלק 1,,150.00,100 מל,false,,12.90,0.0860,true,1,111394
8717163647233,false,"אקס דאודורנט ספריי גוף לגבר בלאק נייט 150 מ""ל",ארנסט. רחוב קומבינצק,GB,אקס ספריי גוף לגברבל,,150.00,100 מל,false,,12.90,0.0860,true,1,111395
8717163647240,false,"אקס דאודורנט ספריי גוף לגבר שוקולד 150 מ""ל",יוניליוור גרמניה (בו,GB,אקס בודי ספריי שוקול,,150.00,100 מל,false,,12.90,0.0860,true,1,111396
8717163647257,false,"אקס דאודורנט ספריי גוף גולד 150 מ""ל",יוניליוור אנגליה,GB,אקס ספריי גוף לגבר ג,,150.00,100 מל,false,,12.90,0.0860,true,1,111397
8717163647264,false,"אקס דאודורנט ספריי גוף אייס צ'יל 150 מ""ל",ארנסט. רחוב קומבינצק,GB,אקס דאודורנט ספריי ג,,150.00,100 מל,false,,12.90,0.0860,true,1,120079
8717163647301,false,אקס דאודורנט ספריי גולד לגבר 150 מל,יוניליוור אנגליה,GB,אקס דאודורנט אנטי פר,,150.00,100 מל,false,,12.90,0.0860,true,1,120080
8717163648667,false,"גל רחצה אקס לגבר אייס ציל 400 מ""ל",יוניליוור גרמניה (בו,GB,אקס גל רחצה לגבר איי,,400.00,100 מל,false,,12.90,0.0323,true,1,120082
8717163711668,false,"דאו רקסונה ליידי ורוד לנשים 150 מ""ל",קוסטר - תורכיה,GB,רקסונה ספריי טלק 150,,150.00,100 מל,false,,14.90,0.0993,true,1,120092
8717163714850,false,"דאב - דאודורנט ספריי לאישה קוקוס ויסמין 150 מ""ל","קוסטר אירוסול, גבזה 4140",GB,דאב ספריי קוקוס 150,,150.00,100 מל,false,,17.90,0.1193,true,1,187061
8717163947692,false,"אקס ג'ל רחצה לגבר פרש ברגמוט ופינק פפר 400 מ""ל","יוניליוור גרמניה, רח",DE,אקס גל רחצה פינק פפר,,400.00,100 מל,false,,12.90,0.0323,true,1,156715
8717677336616,false,שוקולד מריר עם שקדים ומלח טוניס' שוקולונלי 180 גרם,טוניס/שוקולונלי,NL,שוקולד מריר עם שקדים,גרמים,180.00,100 גרם,false,,19.90,11.0556,true,1,191515
8717677336630,false,שוקולד חלב עם שקדים ודבש טוניס' שוקולונלי 180 גרם,טוניס/שוקולונלי,NL,שוקולד חלב עם שקדים,גרמים,180.00,100 גרם,false,,19.90,11.0556,true,1,191516
8717677336654,false,טוניס - שוקולד חלב מעולה עם שברי קרמל מלוח,טוניס/שוקולונלי,NL,שוקולד טוניס חלב מעו,גרמים,180.00,100 גרם,false,,19.90,11.0556,true,1,200267
8717677336661,false,שוקולד מריר 70% טוניס' שוקולונלי 180 גרם,טוניס/שוקולונלי,NL,שוקולד מריר 70% 180,גרמים,180.00,100 גרם,false,,19.90,11.0556,true,1,191517
8718700495522,false,גבינת גאודה פרוס 150ג',,NL,גאודה פרוס 150 גרם,גרמים,150.00,100 גרם,false,,8.90,5.9333,true,1,146865
8718951030206,false,"קולגייט סנסיטיב פרוטקשן משחת שיניים לשיניים רגישות 75 מ""ל",קולגייט-פלמוליב,PL,קולגייט סנסיטיב מולט,Unknown,0.00,יחידה,false,,17.90,0.0000,true,1,159088
8718951048669,false,אג'קס ספריי לניקוי חלונות בניחוח חגיגת הפרחים,SAS-VA COLGATE-PALMOLIVE,FR,אג'קס ספריי לניקוי ח,מיליליטרים,750.00,"100 מ""ל",false,,14.90,1.9867,true,1,190253
8718951079205,false,"קולגייט סנסיטיב פרו רליף רפיר אנד פריוונט 75 מ""ל",קולגייט-פלמוליב,PL,קולגייט סנסטיב פרו ר,מיליליטרים,75.00,"100 מ""ל",false,,23.90,31.8667,true,1,128592
8718951093331,false,מרידול זוג מברשות שיניים אקסטרה סופט,קולגייט פלמוליב,CH,מרידול מברשת שיניים,Unknown,2.00,יחידה,false,,34.90,17.4500,true,1,128593
8718951137615,false,"אג'קס ג'ל לניקוי חלונות ללא סימנים 500 מ""ל",קולגייט פלמוליב,GR,ספריי חלונות ניקוי ל,גרמים,498.00,100 גרם,false,,12.90,2.5904,true,1,204762
8718951144064,false,מרידול מברשת שיניים פרודונט אקספרט זוג,"ש. שסטוביץ בע""\מ",CH,מרידול מברשת שיניים,Unknown,2.00,יחידה,false,,34.90,17.4500,true,1,128598
8718951166288,false,"משחת שיניים קולגייט מקס וייט 125 מ""ל",הנסיך- מפעל לייצור ט,PL,קולגייט משחת מקס ויי,מיליליטרים,125.00,"100 מ""ל",false,,16.90,13.5200,true,1,111466
8718951166561,false,משחת שיניים לרעננות מוגברת max fresh cooling crystals,הנסיך- מפעל לייצור ט,PL,קולגייט משחת מקס פרש,מיליליטרים,125.00,"100 מ""ל",false,,16.90,13.5200,true,1,111467
8718951167094,false,נוזל כלים פלמוליב צילינדר תפוז וליים 1 ל,יבואן ומשווק: ש. שסט,GR,פלמוליב צילינדר תפוז,קילוגרמים,1.00,ליטר,false,,13.90,13.9000,true,1,128604
8718951170445,false,"קולגייט סמיילס משחת שיניים ילדים גילאי 2-5 50 מ""ל",COLGATE ($) -PALMOLI,PL,קולגייט סמיילס משחת,Unknown,0.00,יחידה,false,,12.90,0.0000,true,1,128605
8718951175631,false,מש.שיניים קולגייט טוטל פרו גאם אקשן 75מל,קולגייט Colgate,PL,קולגייט משחת טוטל פר,מיליליטרים,75.00,"100 מ""ל",false,,16.90,22.5333,true,1,128608
8718951176874,false,קולגייט שטיפת פה לילדים מיניונים 250 מל,קולגייט-פלמוליב,PL,קולגייט מי פה מיניון,Unknown,0.00,יחידה,false,,14.90,0.0000,true,1,184819
8718951222779,false,"מרידול פור משחה לשיניים וחניכיים בריאות 75 מ""ל",קולגייט פלמוליב,PL,מרידול פור משחה לשינ,Unknown,0.00,יחידה,false,,24.90,0.0000,true,1,128615
8718951236790,false,"קולגייט טוטאל משחת שיניים קלין מינט לפה בריא 100 מ""ל",קולגייט פלמוליב,PL,קולגייט משחת טוטל קל,מיליליטרים,100.00,"100 מ""ל",false,,17.90,17.9000,true,1,128617
8718951236806,false,"קולגייט טוטאל הלבנה משחת שיניים המסייעת בהסרת כתמים 100 מ""ל",קולגייט Colgate,PL,קולגייט משחת טוטל הל,מיליליטרים,100.00,"100 מ""ל",false,,17.90,17.9000,true,1,128618
8718951236813,false,"קולגייט טוטאל משחת שיניים ניקוי מתקדם לפה בריא יותר 100 מ""ל",קולגייט פלמוליב,PL,קולגייט משחת טוטל אד,מיליליטרים,100.00,"100 מ""ל",false,,17.90,17.9000,true,1,111468
8718951240742,false,"קולגייט טוטאל משחת שיניים פסים מרעננים 100 מ""ל",קולגייט פלמוליב,PL,קולגייט משחת טוטל פס,מיליליטרים,100.00,"100 מ""ל",false,,17.90,17.9000,true,1,111469
8718951247871,false,"אג'קס טריגר שירותים 500 מ""ל",CP UK,GR,אגקס טריגר שירותים 5,מיליליטרים,5000.00,"100 מ""ל",false,,14.90,0.2980,true,1,156392
8718951254527,false,קולגייט משחה סנסיטיב פרו רליף חוזק מוגבר,קולגייט פלמוליב,PL,קולגייט סנסיטיב פרו,מיליליטרים,75.00,"100 מ""ל",false,,23.90,31.8667,true,1,128619
8718951259409,false,"פלמוליב תחליב רחצה נטורלס לעור עדין 750 מ""ל",קולגייט פלמוליב,IT,פלמוליב תחליב רחצה נ,מיליליטרים,750.00,"100 מ""ל",false,,19.90,2.6533,true,1,201305
8718951264618,false,"קולגייט אופטיק וייט פחם צ'רקול משחת שיניים, 75 מ""ל",קולגייט-פלמוליב,PL,קולגייט אופטיק ווייט,מיליליטרים,75.00,"100 מ""ל",false,,29.90,39.8667,true,1,159089
8718951281738,false,אלמקס סנסיטיב משחה לשיניים רגישות,CP-Poland swidnica,PL,אלמקס סנסיטיב משחת ש,Unknown,0.00,יחידה,false,,19.90,0.0000,true,1,160645
8718951286672,false,"משחת שיניים לחניכיים, 75 מ""ל קולגייט",קולגייט פלמוליב,PL,משחת שיניים לחניכיים,מיליליטרים,100.00,"100 מ""ל",false,,29.90,29.9000,true,1,203683
8718951286733,false,"קולגייט אופטיק וייט לסטינג וייט משחת שיניים 75 מ""ל",קולגייט Colgate,PL,קולגייט אופטיק וייט,Unknown,0.00,יחידה,false,,29.90,0.0000,true,1,186751
8718951289833,false,רביעיית סבון מוצק פלמוליב לומינוס 90 גרם,קולגייט פלמוליב,TR,פלמוליב סבון מוצק לו,גרמים,500.00,100 גרם,false,,15.90,3.1800,true,1,111470
8718951313927,false,"סבון ידיים משאבה פלמוליב חימר טונוס 300 מ""ל",פלמוליב Palmolive,TR,פלמוליב סבון ידיים ח,גרמים,300.00,100 גרם,false,,9.90,3.3000,true,1,163835
8718951314023,false,פלמוליב נטורלס תחליב רחצה אפרסק 750 מל,קולגייט פלמוליב,TR,"פלמוליב אפרסק 750 מ""",מיליליטרים,750.00,"100 מ""ל",false,,19.90,2.6533,true,1,188028
8718951315303,false,"קולגייט אדומה משחת שיניים להגנה מפני עששת 2*100 מ""ל",קולגייט-פלמוליב,PL,מארז קולגייט אדומה ב,Unknown,0.00,יחידה,false,,19.90,0.0000,true,1,159966
8718951320093,false,זוג מברשות 360 אדוונס וויט שיניים קולגייט,קולגייט-פלמוליב,CN,קולגייט זוג מברשות 3,Unknown,0.00,יחידה,false,,29.90,0.0000,true,1,161366
8718951345119,false,נוזל לניקוי רצפות וכללי היביסקוס 2 ליטר,הנסיך- מפעל לייצור ט,GR,אג'קס ניקוי כללי עוצ,קילוגרמים,2.00,ליטר,false,,22.90,11.4500,true,1,169903
8718951350137,false,"פלמוליב תחליב רחצה מקדמיה וקקאו עם חמאת שיאה 750 מ""ל",קולגייט פלמוליב,IT,פלמוליב תחליב רחצה נ,מיליליטרים,750.00,"100 מ""ל",false,,19.90,2.6533,true,1,201304
8718951354807,false,נוזל רצפות אגקס חגיגת הפרחים יסמין 1.5 ל,קולגייט פלמוליב,GR,אגקס חגיגת הפרחים יס,קילוגרמים,1.50,ליטר,false,,19.90,13.2667,true,1,167550
8718951370135,false,פלמוליב ס.נוזלי ארומה סנסיישן גלואו 750,קולגייט פלמוליב,TR,פלמוליב ארומה סנסייש,Unknown,0.00,יחידה,false,,19.90,0.0000,true,1,162215
8718951381292,false,"משחת שיניים מקס דיטוקס פואם קולגייט 125 מ""ל",קולגייט Colgate,PL,קולגייט משחת מקס דיט,מיליליטרים,125.00,"100 מ""ל",false,,16.90,13.5200,true,1,169904
8718951382787,false,"משחת שיניים אופטיק וויט חימר ומינרלים 75 מ""ל קולגייט",קולגייט Colgate,PL,קולגייט אופטיק ווייט,מיליליטרים,75.00,"100 מ""ל",false,,29.90,39.8667,true,1,190250
8718951385290,false,נוזל לניקוי כללי ורצפות אג'קס 2 ליטר,קולגייט פלמוליב,GR,אג'קס ניקוי כללי עוצ,Unknown,0.00,יחידה,false,,22.90,0.0000,true,1,174711
8718951391314,false,"מרסס אגקס טריגר אנטי בקטריאלי 500 מ""ל",קולגייט-פלמוליב,GR,אגקס טריגר אנטי בקטר,מיליליטרים,500.00,"100 מ""ל",false,,14.90,2.9800,true,1,175941
8718951400474,false,"תחליב רחצה קמליה ושקדים ללא משאבה750 מ""ל פלמולי",קולגייט פלמוליב,TR,פלמוליב תחליב רחצה ק,מיליליטרים,750.00,"100 מ""ל",false,,19.90,2.6533,true,1,197884
8718951400597,false,"תחליב רחצה קוקוס וחלב ללא משאבה750 מ""ל פלמוליב",קולגייט פלמוליב,TR,פלמוליב תחליב רחצה ק,מיליליטרים,750.00,"100 מ""ל",false,,19.90,2.6533,true,1,197885
8718951409798,false,זוג מברשות שיניים מקס וויט פחם קולגייט,הנסיך- מפעל לייצור ט,PL,קולגייט מברשת מקס וו,Unknown,0.00,יחידה,false,,26.90,0.0000,true,1,182681
8718951412378,false,משחת שיניים לחניכיים רגישות ולנשימה רעננה,קולגייט פלמוליב,PL,מרידול משחת שיניים נ,Unknown,0.00,יחידה,false,,26.90,0.0000,true,1,197852
8718951423558,false,"סבון רחצה גוף ונשמה קמומיל 750 מ""ל פלמוליב",שסטוביץ,TR,פלמוליב סבון רחצה גו,מיליליטרים,750.00,"100 מ""ל",false,,19.90,2.6533,true,1,190246
8718951428492,false,"פלמוליב סבון רחצה לגבר 4ב1 מועשר בפחם 750 מ""ל",שסטוביץ,TR,פלמוליב סבון רחצה לג,מיליליטרים,750.00,"100 מ""ל",false,,19.90,2.6533,true,1,190247
8718951428522,false,"פלמוליב סבון רחצה לגבר 4 ב-1 המפ 750 מ""ל",שסטוביץ,TR,פלמוליב סבון לומינוס,מיליליטרים,750.00,"100 מ""ל",false,,19.90,2.6533,true,1,189119
8718951431614,false,"סבון רחצה סו פירם מינרלים 750 מ""ל פלמוליב",קולגייט פלמוליב,TR,פלמוליב סבון רחצה סו,מיליליטרים,750.00,"100 מ""ל",false,,19.90,2.6533,true,1,186750
8718951433120,false,קולגייט טוטאל משחת שיניים לילדים לגילאי,קולגייט פלמוליב,PL,קולגייט טוטאל ג'וניו,Unknown,0.00,יחידה,false,,16.90,0.0000,true,1,198648
8718951461413,false,"זוג משחת שיניים טוטאל ביטיוב *100 מ""ל קולגייט",קולגייט פלמוליב,PL,קולגייט טוטאל ביטיוב,Unknown,0.00,יחידה,false,,32.90,0.0000,true,1,194148
8718951470538,false,קולגייט משחת שיניים מקס פרש ביטיוב 125*2 כשלפ,קולגייט פלמוליב,PL,קולגייט משחת שיניים,Unknown,0.00,יחידה,false,,32.90,0.0000,true,1,194149
8718951477384,false,"קולגייט משחת שיניים טוטאל ג'ל מתקדם פיור 75 מ""ל",קולגייט פלמוליב,PL,קולגייט טוטאל משחת ש,Unknown,0.00,יחידה,false,,19.90,0.0000,true,1,190254
8718951509627,false,"קולגייט אופטיק וייט לאוהבי קפה ותה משחת שיניים 75 מ""ל",קולגייט פלמוליב,PL,קולגייט אופטיק וייט,Unknown,0.00,יחידה,false,,29.90,0.0000,true,1,196291
8719128110332,false,"סירופ סודה סטרים אנרגיה 500 מ""ל",סודהסטרים sodastream,IL,סודה סטרים אנרגיה 50,מיליליטרים,500.00,"100 מ""ל",false,,22.90,4.5800,true,1,145371
8719128110349,false,"סירופ פטל פירות יער סודה, 500 מ""ל",סודהסטרים sodastream,IL,סודה סטרים פטל ופירו,מיליליטרים,500.00,"100 מ""ל",false,,22.90,4.5800,true,1,145372
8719128110363,false,סירופ סודה סטרים אשכולית אדומה 0.5 ל,סודה סטרים,IL,סודה סטרים אשכליות א,מיליליטרים,500.00,"100 מ""ל",false,,22.90,4.5800,true,1,145374
8719128112633,false,בקבוקי הגזה סודה סטרים לילדים 0.5 ל*2,סודה סטרים,IL,זוג בקבוקי הגזה 500,Unknown,0.00,יחידה,false,,39.90,0.0000,true,1,145381
8719128117232,false,"סירופ פפסי 440 מ""ל סודהסטרים",סודה סטרים,IL,"סירופ פפסי 440 מ""ל",מיליליטרים,440.00,"100 מ""ל",false,,22.90,5.2045,true,1,181541
8719128117249,false,"סירופ פפסי מקס 440 מ""ל סודהסטרים",סודה סטרים,IL,סירופ פפסי מקס 440 מ,מיליליטרים,440.00,"100 מ""ל",false,,22.90,5.2045,true,1,181540
8719128117256,false,"סירופ סבן אפ 440 מ""ל סודהסטרים",סודה סטרים,IL,"סירופ סבן אפ 440 מ""ל",מיליליטרים,440.00,"100 מ""ל",false,,22.90,5.2045,true,1,181559
8719128117263,false,"סירופ מירנדה 440 מ""ל סודהסטרים",סודה סטרים,IL,"סירופ מירינדה 440 מ""",מיליליטרים,440.00,"100 מ""ל",false,,22.90,5.2045,true,1,181542
8719128117294,false,"סירופ דייט סבן אפ 440 מ""ל סודהסטרים",סודה סטרים,IL,סירופ סבן אפ דיאט 4,מיליליטרים,440.00,"100 מ""ל",false,,22.90,5.2045,true,1,181543
8719128118499,false,סודה סטרים - מיכל גז נוסף CQC עד 60 ליטר,,,מיכל גז CQC עד 60 לי,Unknown,0.00,יחידה,false,,109.90,0.0000,true,1,202135
8719200997998,false,מרגרינה למריחה בישול וטיגון 200 ג' בלו בנד,אתר חיפה מרגרינה - F,IL,בלובנד עם מלח 200 גר,גרמים,200.00,100 גרם,false,,4.50,2.2500,true,1,120102
8719200998001,false,מרגרינה לאפיה ובישול בלי מלח 200 ג' בלו בנד,יוניליוור ישראל מזון בע\,IL,מרגרינה בלובנד לאפיי,גרמים,200.00,100 גרם,false,,4.50,2.2500,true,1,120103
8719200998018,false,מחמאה מרגרינה בטעם חמאה בלובנד 200 גרם,"מיוצר ע""\י יוניליוור ישר",IL,מחמאה מרגרינה בטעם ח,גרמים,200.00,100 גרם,false,,4.40,2.2000,true,1,120104
8719200998032,false,"מרגרינה מזולה גלורי טעם חמאה 250גר 8 יחידות - כשל""פ","מיוצר ע""\י יוניליוור ישר",IL,מרגרינה שלושת רבעי ש,גרמים,250.00,100 גרם,false,,10.00,4.0000,true,1,120106
8719200998049,false,"מרגרינה מזולה גלורי רגיל 250גר 8 יחידות -כשל""פ","מיוצר ע""\י יוניליוור ישר",IL,מזולה מרגרינה בטעם ט,גרמים,250.00,100 גרם,false,,10.00,4.0000,true,1,120107
8719326034041,false,"תמר ג'מבו מג'הול 2 ק""ג",,,"תמר גמבו מגהול 2 ק""ג",פריט,0.00,"ק""ג",false,,79.90,0.0000,true,1,204179
8720181043093,false,"דאו אקס ספריי גוף לגבר אפולו 150 מ""ל","יוניליוור אנגליה, דרך קו",GB,אקס בודי ספריי בלק 1,,150.00,100 מל,false,,12.90,0.0860,true,1,182691
8720181045912,false,"אקס דאודורנט ספריי גוף אפריקה 150 מ""ל","יוניליוור אנגליה, דרך קו",GB,אקס דאו ספריי אפריקה,,150.00,100 מל,false,,12.90,0.0860,true,1,167412
8720181046605,false,דאב - דאודורנט ספריי לאישה אורגינל כחול 150מל,"יוניליוור אנגליה, דרך קו",TR,דאב ספריי אוריגינל 1,,150.00,100 מל,false,,17.90,0.1193,true,1,169208
8720181046612,false,"דאב - דאודורנט רול און לאישה אורגינל 50 מ""ל","יוניליוור אנגליה, דרך קו",GB,דאו רול און אורגינל,Unknown,0.00,יחידה,false,,17.90,0.0000,true,1,182330
8720181090219,false,תחליב רחצה רימונים ותמצית פרח היביסקוס,"יוניליוור גרמניה, Gmbh &",DE,דאב ת.רחצה להזנה עמו,מיליליטרים,750.00,"100 מ""ל",false,,18.90,2.5200,true,1,182693
8720181114489,false,"אקס - דאודורנט ספריי לגבר בלק 150 מ""ל",יוניליוור,GB,אקס דאודורנט ספריי 1,Unknown,0.00,יחידה,false,,12.90,0.0000,true,1,194369
8720181114496,false,"אקס - דאודורנט ספריי לגבר שוקולד 150 מ""ל",יוניליוור,GB,אקס דאודורנט ספריי 1,Unknown,0.00,יחידה,false,,11.90,0.0000,true,1,194373
8720181123955,false,"אקס - ג'ל רחצה ריצארג קריד 400 מ""ל",יוניליוור גרמניה Gmbh &,GB,אקס גל רחצה לגבר ריצ,,400.00,100 מל,false,,12.90,0.0323,true,1,187669
8723400756552,false,מארז סוכריות מנטוס Mentos ריינבואו,פרפטי ואן מלה ברדה,NL,מנטוס ריינבואו 4*37.,גרמים,150.00,100 גרם,false,,10.90,7.2667,true,1,121414
8723400782520,false,מנטוס סוכריות לעיסה בתפזורת בטעם פירות 160 ג',פרפטי ואן מלה,NL,מנטוס סוכריות לעיסה,גרמים,160.00,100 גרם,false,,10.90,6.8125,true,1,121420
8723400782544,false,מנטוס סוכריות לעיסה בתפזורת בטעם מנטה 160 ג',פרפטי ואן מלה,NL,מנטוס סוכריות לעיסה,גרמים,160.00,100 גרם,false,,10.90,6.8125,true,1,121421
8760421000493,false,וזה צילינדר 12*35,,,וזה צילינדר 12*35,Unknown,0.00,יחידה,false,,49.90,0.0000,true,1,176791
8760421000554,false,וזה צילינדר 15*40,,,וזה צילינדר 15*40,Unknown,0.00,יחידה,false,,69.90,0.0000,true,1,176793
8801055706440,false,מנות אישיות קפה נמס טייסטרס צ'ויס Taster's Choice,נסטלה קוריאה - קפה,KR,טייסטר צויס 15 20*1.,Unknown,20.00,יחידה,false,,10.90,0.5450,true,1,127684
8801055707966,false,קפה טייסטר צו'יס נס קפה בריסטה 180ג',נסטלה קוריאה - קפה,KR,נסקפה טייסטרס צ'ויס,גרמים,180.00,100 גרם,false,,31.90,17.7222,true,1,127689
8801055709427,false,קפה נמס טסטר'ס צ'ויס אלטה ריקה 100 גרם,נסטלה קוריאה - קפה,KR,נסקפה טייסטרס צ'ויס,Unknown,0.00,יחידה,false,,24.90,0.0000,true,1,186764
8801055709434,false,קפה נמס טסטר'ס צ'ויס קולומביה 100 גרם,נסטלה קוריאה - קפה,KR,נסקפה טייסטרס צ'ויס,Unknown,0.00,יחידה,false,,24.90,0.0000,true,1,186765
8801055709458,false,אבקה להכנת משקה קפה בטעם קפוצ'ינו קרמל,נסטלה קוריאה - קפה,IL,נסקפה קפוצ'ינו קרמל,גרמים,170.00,100 גרם,false,,21.90,12.8824,true,1,197340
8801055709465,false,אבקה להכנת משקה קפה בטעם קפוצ'ינו וניל,נסטלה קוריאה - קפה,KR,נסקפה קפוצ'ינו וניל,גרמים,185.00,100 גרם,false,,21.90,11.8378,true,1,197341
8801055709472,false,נסטלה - נסקפה קפוצ'ינו קלאסי 12.50 גרם * 10,נסטלה קוריאה - קפה,KR,נסקפה קפוצ'ינו קלאסי,גרמים,180.00,100 גרם,false,,21.90,12.1667,true,1,197342
8801055709489,false,אבקה להכנת משקה קפה בטעם קפוצ'ינו אגוזים,נסטלה קוריאה - קפה,IL,נסקפה קפוצ'ינו אגוזי,גרמים,180.00,100 גרם,false,,21.90,12.1667,true,1,197339
8801085020301,false,אטריות נאמה אודון 200 גרם,Alpha international,,אטריות נאמה אודון 20,גרמים,200.00,100 גרם,false,,7.90,3.9500,true,1,190494
8806581264310,false,שיפודים נירוסטה,,,שיפודים נירוסטה,Unknown,0.00,יחידה,false,,10.00,0.0000,true,1,189292
8809168840471,false,חטיף אצות מיובשות 9*4.5 גרם,ג'י וואן גלובול נאט,KR,חטיף אצות מיובשות 4.,Unknown,0.00,יחידה,false,,24.90,0.0000,true,1,175467
8809168840488,false,חטיף אצות מיובשות 3*4.5 גרם,,KR,חטיף אצות מיובשות 4.,Unknown,0.00,יחידה,false,,11.90,0.0000,true,1,167416
8850006331699,false,שלישיית מברשת שיניים קולגייט סלים סופט,קולגייט פלמוליב,CN,קולגייט מברשת סלים ס,Unknown,0.00,יחידה,false,,34.90,0.0000,true,1,111471
8850006932964,false,מארז מברשות שיניים טוויסטר קולגייט חמישייה,קולגייט פלמוליב,VN,מארז מברשות שיניים ק,Unknown,0.00,יחידה,false,,29.90,0.0000,true,1,175774
8850180040028,false,קמח טמפורה להכנת בלי,קרנחם אוטאי פחרה,TH,מזרח ומערב יבוא טמפו,גרמים,500.00,100 גרם,false,,10.90,2.1800,true,1,133285
8850206250592,false,רוטב צ'ילי סריראצ'ה 540 גרם,יאן וואל יון קו.לטד,TH,רוטב צ'ילי סיראצ'ה 5,גרמים,530.00,100 גרם,false,,19.90,3.7547,true,1,133286
8850206280049,false,רוטב צ'ילי חריף מיו 250 גרם,יאן וואל יון קו.לטד,TH,רטוב צ'ילי חריף 250,גרמים,250.00,100 גרם,false,,17.90,7.1600,true,1,187219
8850367300266,false,תערובת חמשת תבלינים 50 גרם,theppadungporn cocon,TH,מזרח ומערב יבוא תערו,Unknown,0.00,יחידה,false,,9.90,0.0000,true,1,193984
8850367994021,false,"רוטב צ'ילי מתוק ללא סוכר מזרח ומערב ללא גלוטן 280 מ""ל",c coconut Theppadungporn,TH,רוטב צ'ילי מתוק ללא,מיליליטרים,280.00,"100 מ""ל",false,,10.90,3.8929,true,1,182903
8850389105825,false,משקה אלוורה בטעם ענבים סאפה 1 ליטר,סאפה פובליק קומפני לימיט,TH,סאפה ענבים בקבוק ליט,,1000.00,100 מל,false,,13.90,0.0139,true,1,142522
8850389105832,false,סאפה משקה אלוורה בטעם תפוח עם קוביות אלוורה 1 ליטר,סאפה פובליק קומפני לימיט,TH,סאפה תפוח בקבוק ליטר,,1000.00,100 מל,false,,13.90,0.0139,true,1,142523
8850389105849,false,סאפה משקה אלוורה מופחת קלוריות בטעם אפרסק 1 ליטר,סאפה פובליק קומפני לימיט,TH,סאפה אפרסק בקבוק ליט,,1000.00,100 מל,false,,13.90,0.0139,true,1,142524
8850389115336,false,משקה אלוורה בטעם מלון סאפה 1 ליטר,סאפה פובליק קומפני לימיט,TH,סאפה מלון בקבוק ליטר,,1000.00,100 מל,false,,13.90,0.0139,true,1,142528
8850632604259,false,"יוגטה, חיספוסים, ממתק חמוץ בצורת מקלות בטעם תות שדה,50 גרם",ג'נרל קנדי בעמ,TH,יוגטה חיספוסים מקלות,Unknown,0.00,יחידה,false,,4.90,0.0000,true,1,121422
8850632604266,false,"יוגטה, ממתק חמוץ בצורת מקלות בטעם קולה, 50 גרם",ג'נרל קנדי בעמ,TH,יוגטה חיספוסים מקלות,Unknown,0.00,יחידה,false,,4.90,0.0000,true,1,121423
8850632604372,false,"יוגטה, חיספוסים בצורת שטיח בטעם תות שדה 50 גרם",ג'נרל קנדי בעמ,TH,יוגטה חיספוסים שטיח,Unknown,0.00,יחידה,false,,4.90,0.0000,true,1,121424
8850632604402,false,יוגטה חיספוסים בטעם מעורב תות שדה אבטיח ענבים בננה 50 גרם,"ג'נרל קנדי בע""מ",TH,יוגטה חיספוסים שטיח,Unknown,0.00,יחידה,false,,4.90,0.0000,true,1,121425
8850632605201,false,"יוגטה, חיספוסים, ממתק חמוץ בצורת שטיח, בטעם מעורב- תות בננה, תפוח, תפוז, 50 גרם",הדקלאים אגודת שיתופי,TR,יוגטה חספוסים תות בנ,Unknown,0.00,יחידה,false,,4.90,0.0000,true,1,121426
8850632606390,false,"יוגטה, חיספוסים, ממתק חמוץ בצורת שטיח בטעם אבטיח, 50 גרם",ג'נרל קנדי בעמ,TH,יוגטה חיספוסים בטעם,Unknown,0.00,יחידה,false,,4.90,0.0000,true,1,121427
8851613101378,false,"נוזל קוקוס ארוי די 250 מ""ל",תאי אגרי פוד פובליק קו'\,TH,"חלב קוקוס 250 מ""ל",גרמים,250.00,100 גרם,false,,9.80,3.9200,true,1,116197
8851613101385,false,"חלב קוקוס ארוי-די קרטון 500מ""ל",תאי אגרי פוד פובליק קו'\,TH,"חלב קוקוס 500 מ""ל",מיליליטרים,500.00,"100 מ""ל",false,,12.90,2.5800,true,1,116198
8852633020403,false,פניני טפיוקה 500 גרם (כשר),super j internationa,TH,מזרח ומערב יבוא פנינ,גרמים,500.00,100 גרם,false,,11.90,2.3800,true,1,133301
8852633520408,false,סוכר דקלים 400 גרם SUP,Super J Internationa,TH,סוכר דקלים 400 גרם,גרמים,400.00,100 גרם,false,,14.90,3.7250,true,1,190501
8853662056661,false,"רוטב סריראצ`ה מיו 455 מ""ל",EXOTIC FOOD PCL,,רוטב סריראצ'ה מיו 45,מיליליטרים,455.00,"100 מ""ל",false,,28.90,6.3516,true,1,175451
8853662056982,false,"רוטב סריראצ'ה צ'ילי ירוק חריף 455 מ""ל",EXOTIC FOOD PCL,,רוטב סריראצ'ה עם צ'י,מיליליטרים,455.00,"100 מ""ל",false,,28.90,6.3516,true,1,175464
8853662060026,false,רוטב סריראצה חריף455,EXOTIC FOOD PCL,,רוטב סריראצ'ה חריף 4,מיליליטרים,455.00,"100 מ""ל",false,,28.90,6.3516,true,1,175466
8857106430499,false,"אטריות אורז עם אורז שחור לל""ג 250 גרם",יאמאסה,TH,אטריות אורז עם אורז,גרמים,250.00,100 גרם,false,,8.90,3.5600,true,1,182896
8858271002870,false,רוטב פאד תאי 250 מ'ל - מקסצ'אפ,"ייאן וואל יון בע""מ",TH,מזרח ומערב יבוא מקסצ,מיליליטרים,250.00,"100 מ""ל",false,,10.90,4.3600,true,1,133302
8858271002887,false,רוטב טריאקי 250 מ'ל - מקסצ'אפ,דאנינג יוה פודס קו,TH,מזרח ומערב יבוא מקסצ,מיליליטרים,250.00,"100 מ""ל",false,,10.90,4.3600,true,1,133303
8858271003020,false,רוטב סויה פורמולה 1 - 700 מ'ל מקסצ'אפ,יאן ונזל יון,TH,מזרח ומערב יבוא מקסצ,מיליליטרים,700.00,"100 מ""ל",false,,15.90,2.2714,true,1,133304
8858271003044,false,רוטב סויה כהה פורמולה 5 700 גרם מקסצאפ,מזרח ומערב,TH,מז ומע יבוא מקסצ'אפ,מיליליטרים,700.00,"100 מ""ל",false,,15.90,2.2714,true,1,182908
8858271003075,false,"רוטב סויה מתוקה מקסצ'אפ 700 מ""ל",דאנינג יוה פודס קו,TH,מזרח ומערב יבוא מקסצ,מיליליטרים,700.00,"100 מ""ל",false,,16.90,2.4143,true,1,133306
8858271003136,false,רוטב פטריות צמחוני 250 מ'ל - מקסצ'אפ,מזרח ומערב,TH,מזרח ומערב יבוא מקסצ,מיליליטרים,250.00,"100 מ""ל",false,,10.90,4.3600,true,1,133307
8858271003174,false,רוטב שזיפים 700 מ'ל-מקסצ'אפ,מזרח ומערב,,מזרח ומערב יבוא מקסצ,מיליליטרים,700.00,"100 מ""ל",false,,15.90,2.2714,true,1,133308
8858271003921,false,רוטב קארי אדום 250 מ'ל - מקסצ'אפ,יאן וואל יאן,TH,מזרח ומערב יבוא מקסצ,מיליליטרים,250.00,"100 מ""ל",false,,10.90,4.3600,true,1,133309
8858271003938,false,רוטב קארי ירוק 250 מ'ל - מקסצ'אפ,"ייאן וואל יון בע""מ",TH,מזרח ומערב יבוא מקסצ,מיליליטרים,250.00,"100 מ""ל",false,,10.90,4.3600,true,1,133310
8858271004034,false,רוטב צ'ילי חריף 700 מ'ל מקסצ'אפ,דאנינג יוה פודס קו,TH,מזרח ומערב יבוא מקסצ,מיליליטרים,700.00,"100 מ""ל",false,,15.90,2.2714,true,1,182906
8858271004126,false,רוטב חמוץ מתוק 700 מ'ל - מקסצ'אפ,יאן ונזל יון,TH,מזרח ומערב יבוא מקסצ,מיליליטרים,700.00,"100 מ""ל",false,,15.50,2.2143,true,1,133311
8858271004300,false,רוטב טריאקי 700 מ'ל מקסצ'אפ,דאנינג יוה פודס קו,TH,מזרח ומערב יבוא מקסצ,מיליליטרים,700.00,"100 מ""ל",false,,21.90,3.1286,true,1,133312
8858271004423,false,"רוטב טום ים 250 מ""ל מקסצ'אפ",מזרח ומערב,,מזרח ומערב יבוא מקסצ,מיליליטרים,250.00,"100 מ""ל",false,,11.90,4.7600,true,1,133313
8858271004799,false,"רוטב צילי מתוק אל פורפסיס 700 מ""ל",יאן ונזל יון,TH,מזרח ומערב יבוא רוטב,מיליליטרים,700.00,"100 מ""ל",false,,12.90,1.8429,true,1,133315
8858271005451,false,"רוטב סויה פורמולה 1 - 250 מ""ל מקסצ'אפ",yan wal yun corpara,TH,רוטב סויה פורמולה 25,מיליליטרים,250.00,"100 מ""ל",false,,10.90,4.3600,true,1,182904
8858359000255,false,עלי קפיר ליים יבשים 30 גר (שופרא),סופר גיי,TH,עלי קפיר ליים יבשים,Unknown,0.00,יחידה,false,,10.90,0.0000,true,1,190498
8886303210504,false,"קרם קוקוס 24% 500 מ""ל ""קארה""",ג'ומון,ID,קארה קרם קוקונט 24%,מיליליטרים,500.00,"100 מ""ל",false,,15.90,3.1800,true,1,121641
8886303210542,false,"קרם קוקוס 17% 400 מ""ל ""קארה""",ג'ומון,ID,קארה קרם קוקונט 17%,מיליליטרים,400.00,"100 מ""ל",false,,9.90,2.4750,true,1,121642
8887171010203,false,סרט דו צדדי,,,סרט דו צדדי,Unknown,0.00,יחידה,false,,7.90,0.0000,true,1,139688
8887171012542,false,סט 4 קולבי הדבקה אוב,,,סט 4 קולבי הדבקה אוב,Unknown,0.00,יחידה,false,,9.90,0.0000,true,1,202947
8888021200256,false,סוללות אנרג'ייזר AA מקס 8 יחידות,יצרן: אנרג'ייזר סינג,SG,AA אנרג'ייזר שמיניית,Unknown,8.00,יחידה,false,,29.90,3.7375,true,1,111523
8888757103005,false,"שמן שומשום טהור 300 מ""ל",אוך אייק גואן פוד אינדוס,SG,"שמן שומשום 300 מ""ל",מיליליטרים,300.00,"100 מ""ל",false,,19.00,6.3333,true,1,116203
8901138500306,false,משחת שיניים איורודית עם פלואוריד מן הטבע,הימלאיה Himalaya,IN,הימלאיה משחת שיניים,מיליליטרים,100.00,"100 מ""ל",false,,22.90,22.9000,true,1,158446
8901537024014,false,DAAWAT אורז בסמטי מובחר ויליפוד 1 קג,הנסיך- מפעל לייצור ט,IN,וילי פוד אורז בסמטי,גרמים,1000.00,100 גרם,false,,13.90,1.3900,true,1,115913
8901571011018,false,סנסודיין שלישייה מב.שיניים סנסטיב סופט,הנקל,DE,סנסודיין שלישיית מבר,Unknown,0.00,יחידה,false,,14.90,0.0000,true,1,196119
8904180001418,false,ממרח קארי טיקה 300 גרם,,IN,קארי טיקה נמסטה300 ג,גרמים,300.00,100 גרם,false,,24.90,8.3000,true,1,175477
8906000596999,false,"אורז בסמתי מלא 1ק""ג שוקחה",ציימן לאל סטיה,IN,"אורז בסמטי מלא 1ק""ג",פריט,1.00,"ק""ג",false,,10.90,10.9000,true,1,142901
8906040370054,false,"אורז בסמטי מנסה 5 ק""",,,"אורז בסמטי מנסה 5 ק""",פריט,5.00,"ק""ג",false,,59.90,11.9800,true,1,180372
8906076277495,false,"אורז תלס 1 ק""ג",,,"אורז תלס 1 ק""ג",פריט,1.00,"ק""ג",false,,10.90,10.9000,true,1,180552
8906076277501,false,"אורז תלס 5 ק""ג",,,"אורז תלס 5 ק""ג",פריט,5.00,"ק""ג",false,,49.90,9.9800,true,1,180553
8934878081811,false,"דפי אורז 22 ס""מ 400 גר'(Trav) ללא גלוטן",דאנינג יוה פודס קו,VN,מזרח ומערב יבוא טראו,גרמים,400.00,100 גרם,false,,12.90,3.2250,true,1,133322
8936018435218,false,דג צנינון מלוח מיובש BALIVHOKי 100 גרם,,VN,BALICHOK דג צנינון מ,Unknown,0.00,יחידה,false,,13.90,0.0000,true,1,188792
8936018435232,false,POLOSATIK דג צנינון מלוח מיובש 100 גרם,,VN,POLOSATIK דג צנינון,Unknown,0.00,יחידה,false,,13.90,0.0000,true,1,188793
8936018435287,false,דג ברקודה צ'ילי מלוח מיובש BARAKUDAי 100 גרם,,VN,BAR CHILI דג ברקודה,Unknown,0.00,יחידה,false,,13.90,0.0000,true,1,188797
9000100590693,false,"סאיוס - מוס לשיער לייצוב מקסימלי 250 מ""ל",שוורצקופ,DE,סאיוס מוס לשיער לייצ,מיליליטרים,250.00,"100 מ""ל",false,,27.90,11.1600,true,1,111429
9000100760591,false,"פה - דאודורנט רול און לגבר אינוויזיבל פאוואר 50 מ""ל",שוורצקופף והנקל,TR,פה רול און אינביזיבל,Unknown,0.00,יחידה,false,,11.90,0.0000,true,1,163076
9000100806657,false,"פה - דאודורנט רול און לאישה בלתי נראה 50 מ""ל",שוורצקופף והנקל,DE,פה דאודורנט בלתי נר,מיליליטרים,50.00,"מ""ל",false,,11.90,0.2380,true,1,126047
9000100843256,false,"גליס תמציות שמן 6 פעולות משקמות 75 מ""ל",שוורצקוף Schwarzkopf,SK,גליס תמצית שמן 75,Unknown,0.00,יחידה,false,,21.90,0.0000,true,1,165352
9000101329322,false,ברף בניחוח מתחלף תפוח נופר 50 גר,הנקל סוד,RS,ברף תפוח/נופר,Unknown,0.00,יחידה,false,,9.90,0.0000,true,1,190222
9000101329742,false,סבון אסלה בניחוח מתחלף אפרסק תפוח 50 ג' ברף,הנקל סוד,RS,ברף אפרסק/תפוח,Unknown,0.00,יחידה,false,,9.90,0.0000,true,1,190224
9000101380255,false,פרסיל דיסקס לכביסה ניקיון היגייני 22 יחידות,פרסיל Persil,HU,פרסיל דיסקס ניקיון ה,,22.00,יחידו,false,,34.90,1.5864,true,1,187113
9000101509151,false,ברף - סבון אסלה ג'ל אוקיינוס הקרח הצפוני שלשות,הנקל,RS,ברף בריליאנט ג'ל אוק,גרמים,126.00,100 גרם,false,,19.90,15.7937,true,1,200218
9000101512526,false,פרסיל - פאוור קאפס קפסולות ג'ל מרוכזות לכביסה 26 יח',קריות זול,RS,פרסיל קפסולות גל 28,,26.00,יחידו,false,,34.90,1.3423,true,1,187108
9000101520965,false,"סבון אסלה בניחוח מתחלף לוטוס עדין במבוק, 3 יחידות",ברף Bref,RS,ברף שלישיה בניחוח מת,גרמים,150.00,100 גרם,false,,19.90,13.2667,true,1,196474
9000101521436,false,סבון אסלה בניחוח מתחלף לוטוס במבוק 50 ג' ברף,הנקל סוד,RS,ברף לוטוס/ במבוק,Unknown,0.00,יחידה,false,,9.90,0.0000,true,1,190225
9000101537550,false,פרסיל קאפסולות לכביסה לבנה וצבעונית 52 יח',הנקל סוד,HU,פרסיל פאוור קאפס קפס,,52.00,יחידו,false,,64.90,1.2481,true,1,197280
9000101537581,false,פרסיל פאוור קאפס קפסולות כביסה צבעונית 52 יח',הנקל סוד,HU,פרסיל פאוור קאפס קפס,Unknown,0.00,יחידה,false,,64.90,0.0000,true,1,197282
9001511004823,false,"בירה גוסר בהירה 500 מ""ל",בראו יוניון,AT,בירה בהיר גוסיר 500,מיליליטרים,500.00,"100 מ""ל",false,,5.90,1.1800,true,1,160809
9001616202186,false,"בקבוק לתינוק 330 מ""ל 4+ חודשים Easy Active",טרופיקל דגיל תעשיות,AT,MAM בקבוק תינוק 330,Unknown,0.00,יחידה,false,,39.90,0.0000,true,1,111473
9001616203367,false,מאם זוג פטמות מס 2 זרימה בינונית,General,AT,MAM זוג פטמות 2,Unknown,0.00,יחידה,false,,34.90,0.0000,true,1,131644
9001616203626,false,מאם זוג פטמות מס 3 זרימה מהירה,General,AT,MAM זוג פטמות 3,Unknown,0.00,יחידה,false,,34.90,0.0000,true,1,131645
9001616205828,false,מאם מברשת לניקוי בקבוקים ירוק,אלפא,AU,MAM מברשת בקבוק GREE,Unknown,0.00,יחידה,false,,39.90,0.0000,true,1,131649
9001616620065,false,זוג מוצצי סיליקון 6+חודשים Hebrew Sayings,מאם Mam,HU,MAM מוצצים עברית 6+,Unknown,0.00,יחידה,false,,39.90,0.0000,true,1,172138
9001616669903,false,"בקבוק לתינוק ללא ביספנול 0+ מאם 160 מ""ל",מאם Mam,HU,MAM בקכוק אנטי קוליק,Unknown,0.00,יחידה,false,,35.90,0.0000,true,1,172324
9001616681363,false,"בקבוק לתינוק אנטי קוליק מאמ 260 מ""ל",General,HU,MAM בקבוק אנטי קוליק,Unknown,0.00,יחידה,false,,35.90,0.0000,true,1,131659
9001616682223,false,מאם בקבוק אנטי קוליק 160 מל ורוד,אלפא,HU,MAM בקכוק אנטי קוליק,Unknown,0.00,יחידה,false,,34.90,0.0000,true,1,172326
9001616692857,false,מאם בקבוק אימון 220 מל תכלת,General,AT,MAM בקבוק אימון BOY,Unknown,0.00,יחידה,false,,39.90,0.0000,true,1,131662
9001616702723,false,מאם מוצצים סיליקון 6+ לילה זוהרים ירוק,General,HU,MAM לילה זוהרים 6+ U,Unknown,0.00,יחידה,false,,39.90,0.0000,true,1,131675
9001616702747,false,מאם מוצצים סיליקון 6+ זמן לאהבה ירוק,General,,MAM זמן לאהבה 6+ UNI,Unknown,0.00,יחידה,false,,39.90,0.0000,true,1,131677
9001616702976,false,"בקבוק לתינוק מאם 270 מ""ל",General,HU,MAM בקבוק תינוק 270,Unknown,0.00,יחידה,false,,39.90,0.0000,true,1,131695
9001616702983,false,"בקבוק לתינוק מאמ 330 מ""ל",General,HU,MAM בקבוק תינוק 330,Unknown,0.00,יחידה,false,,39.90,0.0000,true,1,131696
9001616702990,false,"בקבוק לתינוק מאמ 330 מ""ל",General,HU,MAM בקבוק תינוק 330,Unknown,0.00,יחידה,false,,39.90,0.0000,true,1,131697
9001616703010,false,"בקבוק תינוק 330 מ""ל ורוד",General,AT,MAM בקבוק תינוק 330,Unknown,0.00,יחידה,false,,39.90,0.0000,true,1,131698
9001616703102,false,מאם בקבוק אימון 220 מל ירוק,General,AT,MAM בקבוק אימון UNIS,Unknown,0.00,יחידה,false,,39.90,0.0000,true,1,131703
9001616804564,false,מאם זוג ידיות לבקבוק יום ולילה תכלת,אלפא,AT,זוג ידיות לבקבוק יום,Unknown,0.00,יחידה,false,,29.90,0.0000,true,1,171154
9001616813856,false,מוצצי +6 יום לילה מארז שלישיה,מאמ,AT,מאם מוצצים אריזת שלי,Unknown,0.00,יחידה,false,,34.90,0.0000,true,1,197042
9002859058172,false,בונבוניירה בננה ציפוי שוקולד מריר 300 גר,GUNZ WARENHANDELS,AT,גונץ-בננה ציפוי שוקו,גרמים,300.00,100 גרם,false,,16.90,5.6333,true,1,131279
9002975393812,false,סוכריות גילי הריבו האפי צירי 70 גרם,"האריבו , ג'\י.אם.בי.אייץ",AT,הריבו האפי צ'רי 70 ג,Unknown,0.00,יחידה,false,,7.90,0.0000,true,1,169862
9002975393836,false,סוכריות גילי הריבו האפי קולה 70 גרם,"האריבו , ג'\י.אם.בי.אייץ",AT,הריבו האפי קולה 70 ג,Unknown,0.00,יחידה,false,,7.90,0.0000,true,1,169867
9002975393843,false,סוכריות גילי הריבו גולדברס 70 גרם,"האריבו , ג'\י.אם.בי.אייץ",AT,הריבו גולדברס 70 גרם,Unknown,0.00,יחידה,false,,7.90,0.0000,true,1,169863
9003402655084,false,"בירה שטיגל רדלר פטל פחית 500 מ""ל",,,פחית רדלר פטל שטיגל,מיליליטרים,500.00,"100 מ""ל",false,,7.90,1.5800,true,1,192226
9003402663089,false,"בירה שטיגל רדלר אשכוליות 500 מ""ל פחית",,AT,בירה שטיגל רדלר אשכו,מיליליטרים,500.00,"100 מ""ל",false,,7.90,1.5800,true,1,113577
9005835312626,false,קלרו 50 טבליות למדיח ללא פוספטים,יעקובי,AT,קלרו טבליות למדיח כל,Unknown,0.00,יחידה,false,,46.90,0.0000,true,1,163666
9005835312640,false,קלרו 80 טבליות למדיח ללא פוספטים,יעקובי,AT,קלרו טבליות למדיח כל,Unknown,0.00,יחידה,false,,72.90,0.0000,true,1,163667
9005835312718,false,"קלרו פירמידה מלח למדיח כלים 1 ק""ג CLARO",יעקובי,AT,קלרו פירמידה מלח אקו,Unknown,0.00,יחידה,false,,14.90,0.0000,true,1,111411
9005835312756,false,"קלרו ניקוי יסודי למדיח כלים 250 מ""ל CLARO",יעקובי,AT,קלרו נוזל לניקוי יסו,מיליליטרים,250.00,"100 מ""ל",false,,14.90,5.9600,true,1,120321
9005835313609,false,קלרו טבליות למדיח כלים 15 יחידות CLARO,קלרו,AT,קלרו טבליות למדיח כל,Unknown,0.00,יחידה,false,,10.90,0.0000,true,1,189419
9005835313661,false,טבליות ניקוי וחיטוי למדיח99.9% קלרו 30 יח',רלוי,AT,קלרו 30 טבליות למדיח,Unknown,0.00,יחידה,false,,29.90,0.0000,true,1,197155
9008700170666,false,מיץ תפוח פטל 1 ליטר ראוך,,,מיץ תפוחים+פטל 1ליטר,קילוגרמים,1.00,ליטר,false,,13.90,13.9000,true,1,161963
9028800639962,false,"אדלוויס בירה לבנה בקבוק 500 מ""ל",מבשלת בראו יוניון,AT,"בירה אדלוויס 500 מ""ל",מיליליטרים,500.00,"100 מ""ל",false,,10.90,2.1800,true,1,160811
9044400851672,false,סוכריות פז סוגים שונים + 3 מילויים,פז פרודקשיין יורו,HU,פז דמויות מתחלפות 25,Unknown,0.00,יחידה,false,,11.90,0.0000,true,1,196293
9090083433025,false,תחתית קרמיקה ירוק מי,,,תחתית קרמיקה ירוק מי,Unknown,0.00,יחידה,false,,29.90,0.0000,true,1,188923
9090083438020,false,בונבונירה קרמיקה צור,,,בונבונירה קרמיקה צור,Unknown,0.00,יחידה,false,,129.90,0.0000,true,1,188928
9098298956223,false,בית עם סנומן קרמיקה,,,בית עם סנומן קרמיקה,Unknown,0.00,יחידה,false,,159.90,0.0000,true,1,203775
9098325382629,false,קופסת כדורים בינונים,,,קופסת כדורים בינונים,Unknown,0.00,יחידה,false,,39.90,0.0000,true,1,189116
9120025834723,false,חטיף אוראו מצונן 120 גרם,בובארד איטליה אס.פי.,IT,חטיף אוראו מצונן 120,Unknown,0.00,יחידה,false,,14.90,0.0000,true,1,199481
9120025839896,false,חטיף מילקה מצונן 128 גרם,בובארד איטליה אס.פי.,IT,חטיף מילקה מצונן 120,Unknown,0.00,יחידה,false,,14.90,0.0000,true,1,199482
9123456789068,false,מפצח אגוזים לוקס *12,,,מפצח אגוזים לוקס *12,Unknown,0.00,יחידה,false,,34.90,0.0000,true,1,167776
9310072028743,false,טים טם ביסקוויט במילוי שוקולד 200 גרם,"ארנוטס ביסקוויטס בע""",AU,טים טם אוריגינל 200,גרמים,200.00,100 גרם,false,,19.90,9.9500,true,1,121643
9310088007015,false,דיפנד תחבושות אוברנייט בלילה,קימברלי-קלארק,VN,תחבושות דיפנד לילה 8,Unknown,8.00,יחידה,false,,22.90,2.8625,true,1,119208
9312931720294,false,שיק אינטואישן נשים מכשיר+2 סכינים,שסטוביץ,CN,שיק אינטואישן נשים מ,Unknown,0.00,יחידה,false,,29.90,0.0000,true,1,128622
9314820024957,false,רוטב בלסמי קולויטה מ,COLAVITA SpA,IT,רוטב בלסמי מצומצם 22,גרמים,225.00,100 גרם,false,,29.90,13.2889,true,1,175429
9322969000022,false,"ריל פוד פריכיות תירס עם סויה וזרעי פשתן, ללא גלוטן 150 גרם",אף.סי תבליני בגליל ב,AU,פריכיות תירס עם סויה,גרמים,150.00,100 גרם,false,,13.90,9.2667,true,1,138274
9330344004473,false,סכין גילוח שיק היידרו סילק חד פעמי 2 יח,"אם החיטה בע""מ",CN,שיק היידרו סילק חד פ,Unknown,0.00,יחידה,false,,26.90,0.0000,true,1,156402
9700000000023,false,פנגאן נחושת,,,פנגאן נחושת,Unknown,0.00,יחידה,false,,39.90,0.0000,true,1,201204
9700000001555,false,קופסה מוחלקת 6,,,קופסה מוחלקת 6,Unknown,0.00,יחידה,false,,59.90,0.0000,true,1,186458
9720188050109,false,ממרח על בסיס סויה בסגנון גבינה טופוטי 225 גרם,טופוטי ברנדס אינק.ג',IL,טופוטי - ממרח טופו ב,גרמים,240.00,100 גרם,false,,21.90,9.1250,true,1,118037
9720188060108,false,ממרח על בסיס סויה בסגון שמנת טופוטי 340 גרם,טופוטי ברנדס אינק.ג',IL,טופוטי - ממרח טופו ב,גרמים,340.00,100 גרם,false,,19.90,5.8529,true,1,118038
9870418002856,false,סלסלה אובלית ריפוד מ,,,סלסלה אובלית ריפוד מ,Unknown,0.00,יחידה,false,,19.90,0.0000,true,1,182231
9870918003940,false,כלי לדבש קריסטל עם ד,,,כלי לדבש קריסטל עם ד,Unknown,0.00,יחידה,false,,19.90,0.0000,true,1,165510
9876545072755,false,סלסלה מרופדת 10*34*4,,,סלסלה מרופדת 10*34*4,Unknown,0.00,יחידה,false,,49.90,0.0000,true,1,181848
