code,internal_code,name,manufacturer_name,manufacture_country,manufacturer_item_description,unit_qty,quantity,unit_of_measure,weighted,qty_in_package,price,unit_of_measure_price,allow_discount,status,item_id
-999,true,~מב~~צע ~מ~~ק~~ס~~~10000~,שונות /שרות,,,"י""ח",1,,false,1,0.01,0.01,false,1,
7,true,תוספת למשלוח בקלקר,שונות /שרות,,,"100 ס""מ",1,,false,1,10,10,false,1,
39,true,ב  39 תו קניה,שונות /שרות,,,"י""ח",1,,false,1,10,10,false,1,
55,true,צלי כתף בשר לא מוכשר,ב ספק בשר קפוא,,,"ק""ג",10,"ק""ג",true,1,62.90,6.29,false,1,
123,true,קומקום חשמלי קנור,שונות /שרות,,,"י""ח",1,,false,1,49.90,49.90,false,1,
151,true,עוף טחון טרי  {קצביה]**,ח.י. מעדני גורמה בעמ,,,"ק""ג",1,,true,1,49.90,49.90,true,1,
426,true,ערמונים]שקילה[,שושן פירות יבשים בעמ,,,"ק""ג",1,"ק""ג",true,1,21.90,21.90,false,1,
505,true,אבוקדו,ביכורי השדה צפון 1994 ג.ד. בעמ,,,"ק""ג",1,"ק""ג",true,1,9.90,9.90,false,1,
507,true,אפרסק מובחר,ביכורי השדה צפון 1994 ג.ד. בעמ,,,"ק""ג",1,"ק""ג",true,1,6.90,6.90,false,1,
510,true,אגסים,ביכורי השדה צפון 1994 ג.ד. בעמ,,,"ק""ג",1,"ק""ג",true,1,12.90,12.90,false,1,
511,true,אגס קטן,ביכורי השדה צפון 1994 ג.ד. בעמ,,,"י""ח",1,,true,1,7.90,7.90,false,1,
512,true,אגס חום,ביכורי השדה צפון 1994 ג.ד. בעמ,,,"ק""ג",1,,true,1,15.90,15.90,false,1,
515,true,אפרסמון,ביכורי השדה צפון 1994 ג.ד. בעמ,,,"ק""ג",1,"ק""ג",true,1,13.90,13.90,false,1,
522,true,אננס.,ביכורי השדה צפון 1994 ג.ד. בעמ,,,"י""ח",1,,false,1,29.90,29.90,false,1,
525,true,אשכולית,ביכורי השדה צפון 1994 ג.ד. בעמ,,,"ק""ג",1,"ק""ג",true,1,5.90,5.90,false,1,
527,true,אגס אדום,ביכורי השדה צפון 1994 ג.ד. בעמ,,,"ק""ג",1,,true,1,14.90,14.90,false,1,
529,true,חזרת,ביכורי השדה צפון 1994 ג.ד. בעמ,,,"ק""ג",1,"ק""ג",true,1,39.90,39.90,false,1,
530,true,בננה.,ביכורי השדה צפון 1994 ג.ד. בעמ,,,"ק""ג",1,"ק""ג",true,1,6.90,6.90,true,1,
535,true,לימון,ביכורי השדה צפון 1994 ג.ד. בעמ,,,"ק""ג",1,"ק""ג",true,1,6.90,6.90,false,1,
536,true,פמלה,ביכורי השדה צפון 1994 ג.ד. בעמ,,,"ק""ג",1,"ק""ג",true,1,6.90,6.90,false,1,
543,true,מנגו,ביכורי השדה צפון 1994 ג.ד. בעמ,,,"ק""ג",1,"ק""ג",true,1,5.90,5.90,false,1,
545,true,נקטרינה,ביכורי השדה צפון 1994 ג.ד. בעמ,,,"ק""ג",1,"ק""ג",true,1,6.90,6.90,false,1,
553,true,ענב אדום,ביכורי השדה צפון 1994 ג.ד. בעמ,,,"ק""ג",1,"ק""ג",true,1,18.90,18.90,false,1,
557,true,פמלית,ביכורי השדה צפון 1994 ג.ד. בעמ,,,"ק""ג",1,"ק""ג",true,1,8.90,8.90,false,1,
560,true,קלמנטינה,ביכורי השדה צפון 1994 ג.ד. בעמ,,,"ק""ג",1,"ק""ג",true,1,5.90,5.90,false,1,
563,true,קיווי.,ביכורי השדה צפון 1994 ג.ד. בעמ,,,"ק""ג",1,"ק""ג",true,1,19.90,19.90,false,1,
564,true,רימונים,ביכורי השדה צפון 1994 ג.ד. בעמ,,,"ק""ג",1,"ק""ג",true,1,7.90,7.90,false,1,
567,true,גזר בתפזורת,ביכורי השדה צפון 1994 ג.ד. בעמ,,,"ק""ג",1,,true,1,3.90,3.90,false,1,
575,true,תפוז תבורי.,ביכורי השדה צפון 1994 ג.ד. בעמ,,,"ק""ג",1,"ק""ג",true,1,5.90,5.90,false,1,
580,true,תפוח אנה,ביכורי השדה צפון 1994 ג.ד. בעמ,,,"ק""ג",1,"ק""ג",true,1,10.90,10.90,false,1,
583,true,תפוח סמיט ירוק,ביכורי השדה צפון 1994 ג.ד. בעמ,,,"ק""ג",1,"ק""ג",true,1,10.90,10.90,false,1,
584,true,תפוח עץ  ברשת,ביכורי השדה צפון 1994 ג.ד. בעמ,,,"ק""ג",1,,true,1,9.90,9.90,false,1,
585,true,תפוח חרמון,ביכורי השדה צפון 1994 ג.ד. בעמ,,,"ק""ג",1,"ק""ג",true,1,10.90,10.90,false,1,
588,true,תפוח גלה,ביכורי השדה צפון 1994 ג.ד. בעמ,,,"ק""ג",1,"ק""ג",true,1,13.90,13.90,false,1,
590,true,תפוח זהוב.,ביכורי השדה צפון 1994 ג.ד. בעמ,,,"ק""ג",1,"ק""ג",true,1,10.90,10.90,false,1,
595,true,תמר צהוב,ביכורי השדה צפון 1994 ג.ד. בעמ,,,"ק""ג",1,"ק""ג",true,1,9.90,9.90,false,1,
605,true,בצל יבש,ביכורי השדה צפון 1994 ג.ד. בעמ,,,"ק""ג",1,"ק""ג",true,1,3.90,3.90,false,1,
606,true,בצל אדום,ביכורי השדה צפון 1994 ג.ד. בעמ,,,"ק""ג",1,"ק""ג",true,1,6.90,6.90,false,1,
607,true,בצל לבן,ביכורי השדה צפון 1994 ג.ד. בעמ,,,"ק""ג",1,,true,1,3.90,3.90,false,1,
612,true,בטטה,ביכורי השדה צפון 1994 ג.ד. בעמ,,,"ק""ג",1,"ק""ג",true,1,9.90,9.90,false,1,
620,true,דלעת,ביכורי השדה צפון 1994 ג.ד. בעמ,,,"ק""ג",1,"ק""ג",true,1,12.90,12.90,false,1,
622,true,דלורית,ביכורי השדה צפון 1994 ג.ד. בעמ,,,"ק""ג",1,"ק""ג",true,1,5.90,5.90,false,1,
625,true,חציל,ביכורי השדה צפון 1994 ג.ד. בעמ,,,"ק""ג",1,"ק""ג",true,1,6.90,6.90,false,1,
629,true,ירק בתפזורת,ביכורי השדה צפון 1994 ג.ד. בעמ,,,"י""ח",1,,false,1,3.90,3.90,true,1,
630,true,כרוב לבן,ביכורי השדה צפון 1994 ג.ד. בעמ,,,"ק""ג",1,"ק""ג",true,1,3.90,3.90,false,1,
633,true,כרוב אדום,ביכורי השדה צפון 1994 ג.ד. בעמ,,,"ק""ג",1,"ק""ג",true,1,4.90,4.90,false,1,
644,true,חסה אמריקאית,ביכורי השדה צפון 1994 ג.ד. בעמ,,,"י""ח",1,,false,1,6.90,6.90,false,1,
645,true,מלפפון.,ביכורי השדה צפון 1994 ג.ד. בעמ,,,"ק""ג",1,"ק""ג",true,1,5.90,5.90,false,1,
659,true,סלק אדום,ביכורי השדה צפון 1994 ג.ד. בעמ,,,"ק""ג",1,"ק""ג",true,1,3.90,3.90,false,1,
660,true,עגבניה.,ביכורי השדה צפון 1994 ג.ד. בעמ,,,"ק""ג",1,"ק""ג",true,1,5.90,5.90,false,1,
661,true,עגבניה שרי תפזורת,ביכורי השדה צפון 1994 ג.ד. בעמ,,,"ק""ג",1,,true,1,18.90,18.90,false,1,
663,true,פלפל חריף ירוק,ביכורי השדה צפון 1994 ג.ד. בעמ,,,"ק""ג",1,"ק""ג",true,1,9.90,9.90,false,1,
665,true,פלפל כהה,ביכורי השדה צפון 1994 ג.ד. בעמ,,,"ק""ג",1,"ק""ג",true,1,8.90,8.90,false,1,
666,true,פלפל צהוב,ביכורי השדה צפון 1994 ג.ד. בעמ,,,"ק""ג",1,"ק""ג",true,1,8.90,8.90,false,1,
667,true,גמבה אדומה,ביכורי השדה צפון 1994 ג.ד. בעמ,,,"ק""ג",1,"ק""ג",true,1,10.90,10.90,false,1,
669,true,פלפל בהיר,ביכורי השדה צפון 1994 ג.ד. בעמ,,,"ק""ג",0,"ק""ג",true,1,8.90,8.90,false,1,
685,true,קישואים.,ביכורי השדה צפון 1994 ג.ד. בעמ,,,"ק""ג",1,"ק""ג",true,1,8.90,8.90,false,1,
687,true,קולורבי,ביכורי השדה צפון 1994 ג.ד. בעמ,,,"ק""ג",1,"ק""ג",true,1,9.90,9.90,false,1,
689,true,שום ארוז.,ביכורי השדה צפון 1994 ג.ד. בעמ,,,"י""ח",1,,false,1,7.90,7.90,true,1,
690,true,שומר,ביכורי השדה צפון 1994 ג.ד. בעמ,,,"ק""ג",1,"ק""ג",true,1,8.90,8.90,false,1,
699,true,תפוח אדמה אדום.,ביכורי השדה צפון 1994 ג.ד. בעמ,,,"ק""ג",1,"ק""ג",true,1,4.90,4.90,false,1,
700,true,תפוח אדמה לבן ארוז,ביכורי השדה צפון 1994 ג.ד. בעמ,,,"ק""ג",1,"ק""ג",true,1,3.90,3.90,false,1,
702,true,"תפו""א לאפיה",ביכורי השדה צפון 1994 ג.ד. בעמ,,,"ק""ג",1,,true,1,3.90,3.90,false,1,
708,true,לפת,ביכורי השדה צפון 1994 ג.ד. בעמ,,,"ק""ג",1,,true,1,8.90,8.90,false,1,
712,true,חציל בלאדי,ביכורי השדה צפון 1994 ג.ד. בעמ,,,"ק""ג",1,,true,1,6.90,6.90,false,1,
716,true,פלפל כתום,ביכורי השדה צפון 1994 ג.ד. בעמ,,,"ק""ג",1,"ק""ג",true,1,8.90,8.90,false,1,
723,true,תפוח פינק ישראלי.,ביכורי השדה צפון 1994 ג.ד. בעמ,,,"ק""ג",1,,true,1,19.90,19.90,false,1,
741,true,"תפו""א בתפזורת",ביכורי השדה צפון 1994 ג.ד. בעמ,,,"ק""ג",1,,true,1,5.90,5.90,false,1,
812,true,דג פרידה,ח.י. מעדני גורמה בעמ,,,"ק""ג",1,,true,1,90,90,false,1,
821,true,תפוח פינק,ביכורי השדה צפון 1994 ג.ד. בעמ,,,"ק""ג",1,"ק""ג",true,1,19.90,19.90,false,1,
868,true,חצי בגט,שונות /שרות,,,"י""ח",1,,false,1,3,3,false,1,
888,true,"הד שולדרס 500מ""ל",שונות /שרות,,,"י""ח",1,,false,1,19.90,19.90,false,1,
891,true,אפרסמון קרמבו.,ביכורי השדה צפון 1994 ג.ד. בעמ,,,"ק""ג",1,"ק""ג",true,1,13.90,13.90,false,1,
1419,true,גרב שלישייה,ליאור יבוא ושיווק מוצרי הלבשה,,,"י""ח",1,,false,1,15,15,true,1,
1452,true,גרבי בובה גברים/נשים,ליאור יבוא ושיווק מוצרי הלבשה,,,"י""ח",1,,false,1,22.90,22.90,false,1,
1482,true,גרב חתוך לגבר,ליאור יבוא ושיווק מוצרי הלבשה,,,"י""ח",1,,false,1,14.90,14.90,false,1,
1524,true,תחתון לנשים,ליאור יבוא ושיווק מוצרי הלבשה,,,"י""ח",1,,false,1,4.90,4.90,false,1,
1527,true,גרבי בריאות,ליאור יבוא ושיווק מוצרי הלבשה,,,"י""ח",1,,false,1,21.90,21.90,false,1,
1543,true,גרב ספורט דק לי קופר,ליאור יבוא ושיווק מוצרי הלבשה,,,"י""ח",1,,false,1,19.90,19.90,false,1,
1560,true,גבר ספורט לגבר,ליאור יבוא ושיווק מוצרי הלבשה,,,"י""ח",1,,false,1,13.90,13.90,false,1,
1616,true,כוסברה,ביכורי השדה צפון 1994 ג.ד. בעמ,,,"י""ח",1,,false,1,6.90,6.90,true,1,
1622,true,חגורה לגינס אלדו,ליאור יבוא ושיווק מוצרי הלבשה,,,"י""ח",1,,false,1,21.90,21.90,false,1,
1663,true,תחתון לייקרה תחרה *5,ליאור יבוא ושיווק מוצרי הלבשה,,,"י""ח",1,,false,1,39.90,39.90,false,1,
1869,true,גרב ילדים,ליאור יבוא ושיווק מוצרי הלבשה,,,"י""ח",1,,false,1,13.80,13.80,false,1,
1871,true,גרביון פלא נשים,ליאור יבוא ושיווק מוצרי הלבשה,,,"י""ח",1,,false,1,24.90,24.90,false,1,
1893,true,חגורת קומנדו,ליאור יבוא ושיווק מוצרי הלבשה,,,"י""ח",1,,false,1,25.90,25.90,false,1,
1897,true,גרב קרסול נשים/גברים,ליאור יבוא ושיווק מוצרי הלבשה,,,"י""ח",1,,false,1,16.90,16.90,false,1,
2009,true,מעריב חול/שבת   בשקל,שונות /שרות,,,"י""ח",1,,false,1,6.90,6.90,false,1,
2061,true,סטייק עם עצם  טרי**.,ח.י. מעדני גורמה בעמ,,,"ק""ג",1,,true,1,119.90,119.90,false,1,
2065,true,צלי כתף  טרי/מצונן**,ח.י. מעדני גורמה בעמ,,,"ק""ג",1,,true,1,99.90,99.90,false,1,
2066,true,פילה מדומה   טרי/מצונן**,ח.י. מעדני גורמה בעמ,,,"ק""ג",1,,true,1,84.90,84.90,false,1,
2067,true,אוסובוקו  טרי**,ח.י. מעדני גורמה בעמ,,,"ק""ג",1,,true,1,69.90,69.90,true,1,
2068,true,שריר  טרי/מצונן**,ח.י. מעדני גורמה בעמ,,,"ק""ג",1,"ק""ג",true,1,69.90,69.90,true,1,
2069,true,צוואר טרי /מצונן  חלק**,ח.י. מעדני גורמה בעמ,,,"ק""ג",1,"ק""ג",true,1,64.90,64.90,true,1,
3416,true,קוקטייל עוף טרי מקוצב,ח.י. מעדני גורמה בעמ,,,"ק""ג",1,,true,1,49.90,49.90,true,1,
4018,true,מעורב ירושלמי,ח.י. מעדני גורמה בעמ,,,"ק""ג",1,,true,1,59.90,59.90,false,1,
4443,true,סופגניה רגילה עם ריבה.,שונות /שרות,,,"י""ח",1,,false,1,4.90,4.90,true,1,
4444,true,סופגניה פרימיום מצופות.,ג נרל מילס ישראל בעמ,,,"י""ח",1,,false,1,5.90,5.90,true,1,
5015,true,סט כביסה עגול נמ,לפ הום פרפקט ק.ד.מבעמ,,,"י""ח",1,,false,1,5.67,5.67,false,1,
6590,true,סופגניה מיני.,ג נרל מילס ישראל בעמ,,,"י""ח",55,ל  גרם,false,1,3.90,7.09,true,1,
8027,true,תרומה ילדים בסיכוי,שונות /שרות,,,"י""ח",1,,false,1,10,10,false,1,
8867,true,"קנס""חותמת   אדומה""לא פעיל נרמין עזאם",שונות /שרות,,,"י""ח",1,,false,1,200,200,false,1,
8886,true,בושם+ק.גוף+ק.ידיים+דאודורנט,לפ מאי ביוטי - גבריאל אפנג`ר,,,"י""ח",1,,false,1,79.90,79.90,false,1,
18163,true,קישואים,פלאפל הגשר מרכז,,,"ק""ג",0,"ק""ג",true,1,8.90,8.90,false,1,
21150,true,תיקון רטט,לפ יוסף טרבלסי,,,"י""ח",1,,false,1,1,1,false,1,
23977,true,יין קלאסיק מרלו ברקן.,טמפו משקאות בעמ,,,"י""ח",750,"ל  מ""ל",false,1,32.90,4.35,true,1,
24530,true,"יין אדום מתוק לקידוש של סגל 750מ""ל",טמפו משקאות בעמ,,,"י""ח",750,"ל  מ""ל",false,1,14.90,1.95,false,1,
40442,true,עצמות בקר למרק  טרי**,ח.י. מעדני גורמה בעמ,,,"ק""ג",1,,true,1,19.90,19.90,false,1,
40974,true,חלב טרי דל לקטוז 1 ליטר,תנובה בעמ ***,,,"י""ח",1,ליטר,false,1,7.50,7.50,false,1,
41169,true,כבד עוף טרי  מחפוד**,ח.י. מעדני גורמה בעמ,,,"ק""ג",1,,true,1,35.90,35.90,false,1,
41172,true,פרגיות עוף טרי  מחפוד**,ח.י. מעדני גורמה בעמ,,,"ק""ג",1,,true,1,69.90,69.90,false,1,
41175,true,חזה עוף טרי  מחפוד**,ח.י. מעדני גורמה בעמ,,,"ק""ג",1,,true,1,36.90,36.90,false,1,
41180,true,שניצל עוף טרי  מחפוד**,ח.י. מעדני גורמה בעמ,,,"ק""ג",1,,true,1,44.90,44.90,true,1,
41182,true,שוקיים עוף טרי  מחפוד**,ח.י. מעדני גורמה בעמ,,,"ק""ג",1,,true,1,38.90,38.90,true,1,
41183,true,ירכיים עוף טרי  מחפוד**,ח.י. מעדני גורמה בעמ,,,"ק""ג",1,,true,1,34.90,34.90,false,1,
41187,true,כרעיים עוף טרי  מחפוד**,ח.י. מעדני גורמה בעמ,,,"ק""ג",1,,true,1,34.90,34.90,true,1,
41252,true,לשון עגל  טרי,ח.י. מעדני גורמה בעמ,,,"ק""ג",1,,true,1,69.90,69.90,false,1,
41265,true,עצמות מח/ברך   טרי**,ח.י. מעדני גורמה בעמ,,,"ק""ג",1,,true,1,34.90,34.90,false,1,
41268,true,אסאדו עם עצם טרי**,ח.י. מעדני גורמה בעמ,,,"ק""ג",1,,true,1,79.90,79.90,true,1,
41269,true,גולש עגל  טרי/מצונן**,ח.י. מעדני גורמה בעמ,,,"ק""ג",1,,true,1,79.90,79.90,true,1,
41270,true,כנפית עוף **,ח.י. מעדני גורמה בעמ,,,"ק""ג",1,,true,1,21.90,21.90,true,1,
41276,true,לשון  בקר חלק בדצ  טרי**,ח.י. מעדני גורמה בעמ,,,"ק""ג",1,,true,1,69.90,69.90,false,1,
41279,true,צלעות כבש  טרי**,ח.י. מעדני גורמה בעמ,,,"ק""ג",1,,true,1,188,188,false,1,
41297,true,חזה הודו מחפוד  טרי**,ח.י. מעדני גורמה בעמ,,,"ק""ג",1,,true,1,37.90,37.90,false,1,
41298,true,שוארמה נקבה  מחפוד  טרי**,ח.י. מעדני גורמה בעמ,,,"ק""ג",1,,true,1,69.90,69.90,false,1,
41299,true,שוקיים הודו מחפוד   טרי**,ח.י. מעדני גורמה בעמ,,,"ק""ג",1,,true,1,33.90,33.90,false,1,
41323,true,סטייק אנטריקוט מעובד מופשר**.,ח.י. מעדני גורמה בעמ,,,"ק""ג",1,,true,1,89.90,89.90,false,1,
41371,true,רבע כבש  טרי**,ח.י. מעדני גורמה בעמ,,,"ק""ג",1,,true,1,84.90,84.90,false,1,
41379,true,שוקית כנף עוף **,ח.י. מעדני גורמה בעמ,,,"ק""ג",1,,true,1,21.90,21.90,true,1,
41390,true,חזה בקר   טרי***עם עצם,ח.י. מעדני גורמה בעמ,,,"ק""ג",1,,true,1,59.90,59.90,false,1,
41425,true,"כתף בקר טרי בד""ץ**.",ח.י. מעדני גורמה בעמ,,,"ק""ג",1,,true,1,79.90,79.90,true,1,
41426,true,"צלעות בקר טרי בד""ץ **.",ח.י. מעדני גורמה בעמ,,,"ק""ג",1,,true,1,69.90,69.90,false,1,
41447,true,פרגית עוף לתנור עם עצם טרי**,ח.י. מעדני גורמה בעמ,,,"ק""ג",1,,true,1,59.90,59.90,true,1,
42209,true,טחון כתף/צלעות טרי **,ח.י. מעדני גורמה בעמ,,,"ק""ג",1,,true,1,59.90,59.90,true,1,
46549,true,מוצרלה  חריץ 20% מהדרין שקיל,תנובה בעמ ***,,,"ק""ג",1,"ק""ג",true,1,80,80,false,1,
46662,true,.גבינה סקנדינבית,תנובה בעמ ***,,,"ק""ג",10,"ק""ג",true,1,79,7.90,false,1,
47485,true,בולגרית פיראוס  %24 שקיל,תנובה בעמ ***,,,"ק""ג",1,"ק""ג",true,1,61,61,false,1,
51352,true,חלב של פעם 1 ליטר,תנובה בעמ ***,,,"י""ח",1,ליטר,false,1,7.90,7.90,false,1,
51376,true,יופלה דיאט אננס ספורטיבי 150גר`,תנובה בעמ ***,,,"י""ח",150,ל  גרם,false,1,5,3.33,false,1,
51710,true,פיראוס לאבנה עם שמן זית וזעתר 263גר`,תנובה בעמ ***,,,"י""ח",263,ל  גרם,false,1,14.60,5.55,false,1,
52311,true,עמק 15% פרוס בקופסא 200גר`,תנובה בעמ ***,,,"י""ח",200,ל  גרם,false,1,16.70,8.35,true,1,
52649,true,פיראוס לאבנה 5% 500גר`,תנובה בעמ ***,,,"י""ח",500,ל  גרם,false,1,19.90,3.98,false,1,
55329,true,"יופלה משקה יוגורט טעם תות-מלון 250מ""ל",תנובה בעמ ***,,,"י""ח",250,ל  גרם,false,1,5.60,2.24,false,1,
55336,true,"יופלה משקה יוגורט טעם בננה-אפרסק 250מ""",תנובה בעמ ***,,,"י""ח",250,ל  גרם,false,1,5.70,2.28,false,1,
55343,true,"יופלה משקה יוגורט טעם טרופי 250מ""ל",תנובה בעמ ***,,,"י""ח",250,ל  גרם,false,1,5.60,2.24,false,1,
55893,true,חמאה 200גרם   רגיל*תנובה,תנובה בעמ ***,,,"י""ח",200,ל  גרם,false,1,7.88,3.94,false,1,
56081,true,מאגדת פרילי טבע 6 יח,תנובה בעמ ***,,,"י""ח",1.20,"ק""ג",false,1,23.50,19.58,false,1,
56760,true,"עמק פרוס בקופסא 400גר בד""ץ",תנובה בעמ ***,,,"י""ח",400,ל  גרם,false,1,29.90,7.48,false,1,
56845,true,חלב תנובה טרי הומוגני 3% 1.5  ליטר*,תנובה בעמ ***,,,"י""ח",1.50,ליטר,false,1,9.34,6.23,false,1,
56890,true,מאגדת  יופלה שמיניה דיאט 0%,תנובה בעמ ***,,,"י""ח",1.20,ליטר,false,1,31.70,26.42,false,1,
57088,true,עמק דק 200גר`,תנובה בעמ ***,,,"י""ח",200,ל  גרם,false,1,16.70,8.35,true,1,
57118,true,עמק סמי מעדניה  400גרם,תנובה בעמ ***,,,"י""ח",400,ל  גרם,false,1,23.90,5.98,false,1,
57132,true,יוגורט תנובה 1.5% 200גרם,תנובה בעמ ***,,,"י""ח",200,ל  גרם,false,1,3.20,1.60,false,1,
57149,true,יוגורט תנובה 3% 200גרם,תנובה בעמ ***,,,"י""ח",200,ל  גרם,false,1,3.20,1.60,false,1,
57453,true,"(עמק  28% חריץ  בד""ץ*",תנובה בעמ ***,,,"ק""ג",1000,ל  גרם,true,1,44.79,4.48,false,1,
57477,true,חלב טרי הומוגני 3% 1.5  ליטר*,תנובה בעמ ***,,,"י""ח",1.50,ליטר,false,1,9.34,6.23,false,1,
58030,true,"יופלה שטוזים מקה יוגורט תות 800 מ""ל",תנובה בעמ ***,,,"י""ח",800,"ל  מ""ל",false,1,21.10,2.64,false,1,
58047,true,"שמנת מתוקה  (38%תנובה)עם  פקק 500 מ""ל*",תנובה בעמ ***,,,"י""ח",500,"ל  מ""ל",false,1,12.94,2.59,false,1,
58979,true,ג לי בטעם תות 125גר,תנובה בעמ ***,,,"י""ח",125,"ל  מ""ל",false,1,1.50,1.20,false,1,
60903,true,פתיתים אפויים אורז אוסם,קבוצת אוסם סחר-שות.מוגבלת,,,"י""ח",500,ל  גרם,false,1,6.90,1.38,true,1,
61450,true,פתיתים קוסקוס 3 צבעים 500גר`,קבוצת אוסם סחר-שות.מוגבלת,,,"י""ח",500,ל  גרם,false,1,8.60,1.72,true,1,
62129,true,"פודינג אינסטנט וניל  1 ק""ג",קבוצת אוסם סחר-שות.מוגבלת,,,"י""ח",1,"ק""ג",false,1,24.90,24.90,false,1,
65977,true,חטיפי פריכונים תירס שומשום 80 ג`,קבוצת אוסם סחר-שות.מוגבלת,,,"י""ח",800,ל  גרם,false,1,9.30,1.16,false,1,
69609,true,חטיפי קרקר זעתר 300גר`,קבוצת אוסם סחר-שות.מוגבלת,,,"י""ח",300,ל  גרם,false,1,12.90,4.30,true,1,
69715,true,חטיפי קרקר מלוח 300גר`,קבוצת אוסם סחר-שות.מוגבלת,,,"י""ח",300,ל  גרם,false,1,11.90,3.97,true,1,
70919,true,בייגלה רשתות  מלח 400גר,קבוצת אוסם סחר-שות.מוגבלת,,,"י""ח",400,ל  גרם,false,1,14,3.50,false,1,
72067,true,במבה חלבה 60גר`,קבוצת אוסם סחר-שות.מוגבלת,,,"י""ח",60,ל  גרם,false,1,4.30,7.17,true,1,
73699,true,חומוס  150גר צבר,קבוצת אוסם סחר-שות.מוגבלת,,,"י""ח",150,ל  גרם,false,1,5.80,3.87,false,1,
74481,true,לחמית אגוזים 230גרם,קבוצת אוסם סחר-שות.מוגבלת,,,"י""ח",230,ל  גרם,false,1,9.90,4.30,true,1,
77253,true,לחמית כפרית עם דגנים מלאים 190 ג`,קבוצת אוסם סחר-שות.מוגבלת,,,"י""ח",190,ל  גרם,false,1,9.90,5.21,true,1,
103525,true,"גזר גמדי בד""ץ 700גר",תנובה בשר,,,"י""ח",700,ל  גרם,false,1,16.70,2.39,true,1,
103532,true,"גרעיני תירס בד""ץ",תנובה בשר,,,"י""ח",700,ל  גרם,false,1,17.90,2.56,true,1,
110004,true,"קנס""חותמת  אדומה"" רפאל מימון",שונות /שרות,,,"י""ח",1,,false,1,200,200,false,1,
110851,true,כיפלי חטיף בצל,יוניליוור ישראל שיווק בעמ,,,"י""ח",70,ל  גרם,false,1,5.90,8.43,true,1,
113361,true,ערכת אבלים כבאות והצלה,שונות /שרות,,,"י""ח",1,,false,1,900,900,false,1,
116884,true,רוטב ברביקיו-קנור  340גרם,יוניליוור ישראל שיווק בעמ,,,"י""ח",340,ל  גרם,false,1,11.90,3.50,true,1,
116945,true,רוטב סויה-קנור  340גרם,יוניליוור ישראל שיווק בעמ,,,"י""ח",340,ל  גרם,false,1,11.90,3.50,true,1,
120874,true,מיונז הלמנס לייט 424גרם,יוניליוור ישראל שיווק בעמ,,,"י""ח",424,ל  גרם,false,1,13.90,3.28,false,1,
124749,true,"קורנביף קפוא ארוז חב""ד",בלדי בעמ,,,"ק""ג",1,"ק""ג",true,1,46.90,46.90,false,1,
124756,true,"כתף כבש קפוא חב""ד בלדי",בלדי בעמ,,,"ק""ג",1,"ק""ג",true,1,49.90,49.90,false,1,
135311,true,פפסי מקס ליים 1.5 ליטר,טמפו משקאות בעמ,,,"י""ח",1.50,ליטר,false,1,7.80,5,true,1,
135342,true,"סודה טמפו 500 מ""ל בודד",טמפו משקאות בעמ,,,"י""ח",500,"ל  מ""ל",false,1,2.90,0.52,true,1,
135465,true,"סודה טמפו 500 מ""ל 12 בק",טמפו משקאות בעמ,,,"י""ח",6,ליטר,false,1,29.90,4.38,true,1,
136141,true,פפסי 1.5 ליטר.,טמפו משקאות בעמ,,,"י""ח",150,"ל  מ""ל",false,1,7.90,5.07,true,1,
136158,true,פפסי מקס 1.5 ליטר,טמפו משקאות בעמ,,,"י""ח",1.50,ליטר,false,1,7.50,4.80,true,1,
136165,true,מירנדה 1.5 ליטר,טמפו משקאות בעמ,,,"י""ח",1.50,ליטר,false,1,7.90,5.07,true,1,
136172,true,סבן אפ 1.5 ליטר.,טמפו משקאות בעמ,,,"י""ח",1.50,ליטר,false,1,7.70,4.93,true,1,
136189,true,7-UP דיאט  1.5 ליטר,טמפו משקאות בעמ,,,"י""ח",1.50,ליטר,false,1,7.20,4.60,true,1,
136240,true,סודה טמפו 1.5 ל,טמפו משקאות בעמ,,,"י""ח",1.50,ליטר,false,1,4.50,2.80,true,1,
136288,true,"סיידר תרכיז 330מ""ל בטעם תפוחים  Juicer",טמפו משקאות בעמ,,,"י""ח",330,"ל  מ""ל",false,1,13.60,4.12,true,1,
136295,true,"סיידר תרכיז 330מ""ל בטעם פטל  Juicer",טמפו משקאות בעמ,,,"י""ח",330,"ל  מ""ל",false,1,13.60,4.12,true,1,
136301,true,"סיידר תרכיז 330מ""ל בטעם ענבים  Juicer",טמפו משקאות בעמ,,,"י""ח",330,"ל  מ""ל",false,1,13.60,4.12,true,1,
136516,true,ג אמפ מנגו פסיפלורה 1.5 ליטר,טמפו משקאות בעמ,,,"י""ח",1.50,ליטר,false,1,7.50,4.80,true,1,
136523,true,ג אמפ ענבים 1.5 ליטר,טמפו משקאות בעמ,,,"י""ח",1.50,ליטר,false,1,7.50,4.80,true,1,
136561,true,ג אמפ תות בננה 1.5 ליטר,טמפו משקאות בעמ,,,"י""ח",1.50,ליטר,false,1,7.50,4.80,true,1,
136691,true,סבן אפ 1.5 שישיה,טמפו משקאות בעמ,,,"י""ח",9,ליטר,false,1,41.90,4.46,false,1,
136752,true,"סבן אפ דיאט, 1.5 ליטר שישייה.",טמפו משקאות בעמ,,,"י""ח",9,ליטר,false,1,38.90,4.12,true,1,
136769,true,פפסי 1.5 ליטר שישיה,טמפו משקאות בעמ,,,"י""ח",9,ליטר,false,1,40.90,4.34,false,1,
136776,true,פפסי מקס 1.5 ליטר שישיה,טמפו משקאות בעמ,,,"י""ח",9,ליטר,false,1,38.90,4.12,false,1,
136783,true,מירנדה 1.5 שישיה,טמפו משקאות בעמ,,,"י""ח",9,ליטר,false,1,41.90,4.46,false,1,
136790,true,סודה 1.5 ליטר שישיה טמפו,טמפו משקאות בעמ,,,"י""ח",9,ליטר,false,1,17.90,1.79,false,1,
136868,true,סאן בנדטו שישיה 1.5 ל,טמפו משקאות בעמ,,,"י""ח",9,ליטר,false,1,19.90,2.01,false,1,
136875,true,סאן בנדטו  מוגז שישיה 1.5 ליטר,טמפו משקאות בעמ,,,"י""ח",9,ליטר,false,1,19.90,2.01,false,1,
152943,true,מארז סלמי+פסטרמה  350*2,קבוצת אוסם סחר-שות.מוגבלת,,,"י""ח",700,ל  גרם,false,1,29.90,4.27,false,1,
160078,true,"קוסקוס קנור 10ק""ג",יוניליוור ישראל שיווק בעמ,,,"י""ח",180,ל  גרם,false,1,139.90,77.72,false,1,
166605,true,סיף כללי יסמין 4 ליטר,יוניליוור ישראל שיווק בעמ,,,"י""ח",4,ליטר,false,1,20.90,5.23,false,1,
168173,true,ברנפלקס קראנצ`ים 375גרם,יוניליוור ישראל שיווק בעמ,,,"י""ח",500,ל  גרם,false,1,20.90,4.18,true,1,
169538,true,נמס בכוס מרק עגבניות עם קרוטונים 62  ג`ב,יוניליוור ישראל שיווק בעמ,,,"י""ח",34,ל  גרם,false,1,7.50,22.06,true,1,
169798,true,"עוגי מופחת סוכר  500 ג בד""ץ",יוניליוור ישראל שיווק בעמ,,,"י""ח",500,ל  גרם,false,1,19.90,3.98,true,1,
176420,true,111,"שטראוס גרופ בע""מ",,,"י""ח",200,"ל  מ""ל",false,1,19.90,9.95,true,1,
185330,true,סילאן טבעי 900ג,תה ויסוצקי (ישראל)בעמ,,,"י""ח",900,ל  גרם,false,1,24.90,2.77,true,1,
188355,true,מגבות ניקול לבנה 1/6,קימברלי קלארק ישראל שיווק בעמ,,,"י""ח",66.20,מטר,false,1,12.90,0.19,true,1,
188591,true,מגני תחתון קוטקס SILK יאנג,קימברלי קלארק ישראל שיווק בעמ,,,"י""ח",1,"י""ח",false,1,22.90,22.90,true,1,
189499,true,תבנית אפייה מקרטון עגולה,קימברלי קלארק ישראל שיווק בעמ,,,"י""ח",1,"י""ח",false,1,11.90,11.90,false,1,
189598,true,מטליות לחות חד פעמיות ניקול,קימברלי קלארק ישראל שיווק בעמ,,,"י""ח",100,ל  גרם,false,1,9.80,9.80,false,1,
189659,true,ניקול מטליות לחות לרצפה,קימברלי קלארק ישראל שיווק בעמ,,,"י""ח",1,"י""ח",false,1,10.90,10.90,false,1,
189680,true,זוג מטליות לחות לרצפה,קימברלי קלארק ישראל שיווק בעמ,,,"י""ח",200,ל  גרם,false,1,21.90,10.95,false,1,
189734,true,מטליות לחות לפרקט,קימברלי קלארק ישראל שיווק בעמ,,,"י""ח",1,,false,1,10.90,10.90,false,1,
189871,true,#ניקול אשפתון פחים גדולים 55יח,קימברלי קלארק ישראל שיווק בעמ,,,"י""ח",55,"י""ח",false,1,23.90,0.43,true,1,
191225,true,האגיס ליטל בייביס שלב 2 חדש,קימברלי קלארק ישראל שיווק בעמ,,,"י""ח",1,"י""ח",false,1,31.90,31.90,false,1,
194837,true,שקיות למזון גדולות במיוחד,קימברלי קלארק ישראל שיווק בעמ,,,"י""ח",200,"י""ח",false,1,13.90,0.07,true,1,
195216,true,נייר אפיה לתנור בשקית 50יח,קימברלי קלארק ישראל שיווק בעמ,,,"י""ח",1,"י""ח",false,1,10.90,10.90,false,1,
196763,true,שקיות אשפה  ניקול גדול,קימברלי קלארק ישראל שיווק בעמ,,,"י""ח",1,"י""ח",false,1,24.90,24.90,true,1,
197425,true,האגיס פרידום דריי שלב 3,קימברלי קלארק ישראל שיווק בעמ,,,"י""ח",54,"י""ח",false,1,45.90,0.85,true,1,
197456,true,האגיס פרידום דריי שלב 4,קימברלי קלארק ישראל שיווק בעמ,,,"י""ח",44,"י""ח",false,1,45.90,1.04,true,1,
197463,true,האגיס פרידום דריי שלב 4+,קימברלי קלארק ישראל שיווק בעמ,,,"י""ח",42,"י""ח",false,1,45.90,1.09,true,1,
197548,true,האגיס פרידום דריי שלב 5,קימברלי קלארק ישראל שיווק בעמ,,,"י""ח",38,"י""ח",false,1,45.90,1.21,true,1,
197678,true,האגיס פרידום דריי שלב  6,קימברלי קלארק ישראל שיווק בעמ,,,"י""ח",34,"י""ח",false,1,45.90,1.35,true,1,
201818,true,טיטולים פרמיום שלב 2,קימברלי קלארק ישראל שיווק בעמ,,,"י""ח",1,"י""ח",false,1,36.90,36.90,true,1,
201832,true,טיטולים פרמיום שלב 3,קימברלי קלארק ישראל שיווק בעמ,,,"י""ח",1,"י""ח",false,1,36.90,36.90,true,1,
201849,true,טיטולים פרמיום שלב 4,קימברלי קלארק ישראל שיווק בעמ,,,"י""ח",1,"י""ח",false,1,36.90,36.90,true,1,
201856,true,טיטולים פרמיום שלב 4+,קימברלי קלארק ישראל שיווק בעמ,,,"י""ח",1,"י""ח",false,1,36.90,36.90,true,1,
201863,true,טיטולים פרמיום שלב 5,קימברלי קלארק ישראל שיווק בעמ,,,"י""ח",1,"י""ח",false,1,36.90,36.90,true,1,
201870,true,טיטולים פרמיום שלב 6,קימברלי קלארק ישראל שיווק בעמ,,,"י""ח",1,"י""ח",false,1,36.90,36.90,true,1,
202925,true,כנפיים עוף   קפוא{שארית ישראל.,עוף ירושלים שיווק בעמ,,,"ק""ג",1,,true,1,19.90,19.90,false,1,
204512,true,מטליות לחות לרצפה בריח לימון,קימברלי קלארק ישראל שיווק בעמ,,,"י""ח",1,"י""ח",false,1,11,11,false,1,
263359,true,האגיס פומלה NB1.,קימברלי קלארק ישראל שיווק בעמ,,,"י""ח",1,"י""ח",false,1,31.90,31.90,false,1,
311869,true,וופל שוקולד ללא סוכר 180ג מן,ח.כהן סוכנות מזון ומשקאות בע,,,"י""ח",180,ל  גרם,false,1,7.90,4.39,false,1,
311876,true,"וופלים  וניל לל""ס 180גר מן",ח.כהן סוכנות מזון ומשקאות בע,,,"י""ח",200,ל  גרם,false,1,7.90,3.95,false,1,
369037,true,סלט קוביות בולגרית 200גר,גבינות עמיר ניצן בעמ,,,"י""ח",200,ל  גרם,false,1,16.90,8.45,false,1,
369709,true,ממרח חמאה 100גרם,גבינות עמיר ניצן בעמ,,,"י""ח",100,ל  גרם,false,1,13.90,13.90,false,1,
379240,true,חלה רגילה מרובעת  500  גרם*,שלמה א.אנג ל בעמ,,,"י""ח",500,ל  גרם,false,1,5.10,1.02,false,1,
379944,true,"קמח אנג ל 1ק""ג",שלמה א.אנג ל בעמ,,,"י""ח",1,מארז,false,1,5.90,5.90,false,1,
415932,true,קובה למרק בית יוסף,עת -רן (1996) בעמ,,,"י""ח",1,,false,1,49.90,49.90,false,1,
415949,true,קובה חמוסטה בית יוסף,עת -רן (1996) בעמ,,,"י""ח",1,,false,1,64.90,64.90,false,1,
416861,true,ממרח השחר קלאסי 750גר חלבי,השחר העולה תעשית ממתקים,,,"י""ח",750,ל  גרם,false,1,19.90,2.65,false,1,
453385,true,שמרים יבשים פאקא אינסטנט שקית 500גר,"שטראוס גרופ בע""מ",,,"י""ח",500,ל  גרם,false,1,13.90,2.78,true,1,
453422,true,בצק פילו מוכן לאפיה שמרית 300גר,"שטראוס גרופ ***בע""מ",,,"י""ח",300,ל  גרם,false,1,15.90,5.30,true,1,
453781,true,שמרים יבשים 125ג שמרית.,"שטראוס גרופ בע""מ",,,"י""ח",125,ל  גרם,false,1,5.90,4.72,true,1,
453897,true,מרגרינה בטעם חמאה 200גר,"שטראוס גרופ ***בע""מ",,,"י""ח",200,ל  גרם,false,1,5.90,2.95,true,1,
462141,true,סחוג אדום חריף זהבי  150גר`,"שטראוס גרופ ***בע""מ",,,"י""ח",150,ל  גרם,false,1,8.90,5.93,true,1,
462981,true,זחוק חריף אש 150גרם אחלה,"שטראוס גרופ ***בע""מ",,,"י""ח",150,ל  גרם,false,1,8.90,5.93,true,1,
467320,true,חומוס אבו מרוואן 400גר,קבוצת אוסם סחר-שות.מוגבלת,,,"י""ח",400,ל  גרם,false,1,15.80,3.95,true,1,
497198,true,פיתות מארז 10יח  אסלי ברמן,י.את א. ברמן בעמ,,,"י""ח",1,,false,1,11.90,11.90,false,1,
518220,true,סוכרה דיאט 100 יח.,מתוק וקל בעמ,,,"י""ח",100,"י""ח",false,1,26.90,0.27,false,1,
523804,true,"מלח עדין 1 ק""ג צנצנת הארץ",סוגת תעשיות בעמ,,,"י""ח",1,"ק""ג",false,1,6.90,6.90,false,1,
536743,true,קריספי סטיקס תירס 500 גרם,זוגלובק שיווק בעמ,,,"י""ח",1.50,"ק""ג",false,1,14.90,9.93,false,1,
554815,true,גבינה מוצרלה  משק}גד{,מחלבות גד,,,"ק""ג",1,,true,1,79.90,79.90,false,1,
555502,true,אריזת פקדון(חוק  פקדון),שונות /שרות,,,"י""ח",1,,false,1,0.30,0.30,false,1,
555503,true,פיקדון X 6,שונות /שרות,,,"י""ח",1,,false,1,1.80,1.80,false,1,
555504,true,פיקדון X 4,שונות /שרות,,,"י""ח",1,,false,1,1.20,1.20,false,1,
555509,true,פיקדון 12X,שונות /שרות,,,"י""ח",1,,false,1,3.60,3.60,false,1,
633800,true,כנפיים פטם  עטרה]קפוא[,נטו מלינדה סחר בעמ,,,"ק""ג",1,"ק""ג",true,1,14.90,14.90,false,1,
644783,true,דג סלמון קפוא מנות תנובה,תנובה בשר,,,"ק""ג",1,"ק""ג",true,1,89.90,89.90,false,1,
646299,true,פילה נסיכת נילוס 100% דג,תנובה בשר,,,"ק""ג",1,,true,1,54.90,54.90,false,1,
651651,true,עוף טוב רצועות צ`ונגו אמיתי,בלדי בעמ,,,"ק""ג",1,"ק""ג",true,1,47.90,47.90,false,1,
652177,true,נתחי פילה נסיכה 100% דג,תנובה בשר,,,"ק""ג",1,,true,1,59.90,59.90,false,1,
657657,true,מאפים טריים במשקל אפיה מקומית.,ג נרל מילס ישראל בעמ,,,"ק""ג",1,,true,1,44.90,44.90,true,1,
658926,true,פילה מרלוזה קפוא 100% דג,תנובה בשר,,,"ק""ג",1,,true,1,29.90,29.90,false,1,
663036,true,פילה אמנון ללא עור קפוא,תנובה בשר,,,"ק""ג",1,,true,1,44.90,44.90,false,1,
666601,true,פיקדון 0.30.,שונות /שרות,,,"י""ח",1,"י""ח",false,1,0.30,0.30,false,1,
688374,true,מי עדן בייבי שישיה 250,יפאורה שותפות מוגבלת לשיווק,,,"י""ח",1.50,ליטר,false,1,15.80,9.33,false,1,
688381,true,מי עדן שישיה 0.5 ליטר,יפאורה שותפות מוגבלת לשיווק,,,"י""ח",3,ליטר,false,1,14.90,4.37,true,1,
688503,true,"מי עדן שישייה ג ים 750 מ""ל",יפאורה שותפות מוגבלת לשיווק,,,"י""ח",4.50,ליטר,false,1,16.50,3.27,false,1,
861000,true,משטח עץ,שונות /שרות,,,"י""ח",1,,false,1,7,7,false,1,
900021,true,תיקון מסך אייפון 6,לפ טל-פון שלומי,,,"י""ח",1,,false,1,200,200,false,1,
961804,true,דלעת ארוזה שקיל,ביכורי השדה צפון 1994 ג.ד. בעמ,,,"ק""ג",1,,true,1,12.90,12.90,false,1,
1006603,true,פסטרמה רומנית שקיל,קבוצת אוסם סחר-שות.מוגבלת,,,"ק""ג",1,"ק""ג",true,1,69.90,69.90,true,1,
1041048,true,תבלין על האש 100 גרם,מיה תעשיות מזון מ.ת.מ בעמ,,,"י""ח",1,,false,1,6.30,6.30,false,1,
1041130,true,ממרח תמרים מיה,מיה תעשיות מזון מ.ת.מ בעמ,,,"י""ח",450,ל  גרם,false,1,5.90,1.31,false,1,
1045633,true,"מיץ לימונענע 400 מ""ל","שטראוס גרופ ***בע""מ",,,"י""ח",400,"ל  מ""ל",false,1,7.90,1.90,true,1,
1053508,true,"סטייק אנטריקוט חב""ד קפוא",בלדי בעמ,,,"ק""ג",1,"ק""ג",true,1,69.90,69.90,false,1,
1053515,true,"סטייק אנטריקוט חב""ד קפוא",בלדי בעמ,,,"ק""ג",1,"ק""ג",true,1,69.90,69.90,false,1,
1053553,true,"צלי כתף מס 5 חב""ד קפוא",בלדי בעמ,,,"ק""ג",1,"ק""ג",true,1,89.90,89.90,false,1,
1053560,true,"פילה מדומה מס `6 חב""ד קפוא",בלדי בעמ,,,"ק""ג",0,"ק""ג",true,1,44.90,44.90,false,1,
1053577,true,"שריר בשר  מס `8 חב""ד קפוא",בלדי בעמ,,,"ק""ג",1,"ק""ג",true,1,49.90,49.90,false,1,
1053591,true,"אסאדו מס 9 חב""ד קפוא",בלדי בעמ,,,"ק""ג",1,,true,1,59.90,59.90,false,1,
1053737,true,"צלעות  מס2 חב""ד קפוא",בלדי בעמ,,,"ק""ג",1,,true,1,42.90,42.90,false,1,
1053751,true,"כתף  מס `4 קפוא חב""ד.",בלדי בעמ,,,"ק""ג",1,,true,1,42.90,42.90,false,1,
1053768,true,"מכסה הצלע מס -7ג. חב""ד קפוא.",בלדי בעמ,,,"ק""ג",1,"ק""ג",true,1,36.90,36.90,false,1,
1111009,true,נקנק צוריסוס  תפזורת,בלדי בעמ,,,"ק""ג",1,"י""ח",true,1,50.90,50.90,false,1,
1111012,true,המבורגר מסעדות 220ג  תפזורת,בלדי בעמ,,,"ק""ג",1,"י""ח",true,1,49.90,49.90,false,1,
1111213,true,המבורגר ביג בורגר 165ג תפזורת,בלדי בעמ,,,"ק""ג",1,"י""ח",true,1,35.90,35.90,false,1,
1111237,true,קבב בלדי 50ג  תפזורת,בלדי בעמ,,,"ק""ג",220,ל  גרם,true,1,49.90,22.68,false,1,
1111303,true,טחון בקר תפזורת,בלדי בעמ,,,"ק""ג",1,"י""ח",true,1,33.90,33.90,false,1,
1111322,true,קבב מזרחי  תפזורת,בלדי בעמ,,,"ק""ג",220,ל  גרם,true,1,27.90,12.68,false,1,
1121048,true,"גולש בקר מעובד 8ק""ג   תפזורת",בלדי בעמ,,,"ק""ג",1,"י""ח",true,1,35.90,35.90,false,1,
1133217,true,גרונות עוף ארוז עדה החרדית,בלדי בעמ,,,"ק""ג",1,"ק""ג",true,1,9.90,9.90,false,1,
1133439,true,חזה הודו  טחון 500ג   העדה החרדית,בלדי בעמ,,,"י""ח",0.50,"ק""ג",false,1,24.90,49.80,false,1,
1133682,true,"סלמון נורבגי שלם בד""ץ",בלדי בעמ,,,"ק""ג",1,,true,1,76.90,76.90,false,1,
1201510,true,ביצים M 30 יח,מ.לסר בעמ,,,"י""ח",30,"י""ח",false,1,27.80,0.93,false,1,
1201589,true,ביצים L 12 יח*,מ.לסר בעמ,,,"י""ח",12,"י""ח",false,1,12.05,1,false,1,
1201602,true,ביצים L 18יח,מ.לסר בעמ,,,"י""ח",18,"י""ח",false,1,18,1,false,1,
1201824,true,ביצים 12יח L אורגני,מ.לסר בעמ,,,"י""ח",12,"י""ח",false,1,20.90,1.74,false,1,
1201862,true,ביצים 12יח L חופש,מ.לסר בעמ,,,"י""ח",12,"י""ח",false,1,17.90,1.49,false,1,
1201893,true,ביצים 12יח M אומגה 3,מ.לסר בעמ,,,"י""ח",10,"י""ח",false,1,18.90,1.89,true,1,
1209349,true,עוף טרי ארוז עטרה,ח.י. מעדני גורמה בעמ,,,"ק""ג",1,"ק""ג",true,1,22.90,22.90,true,1,
1209356,true,כרעיים עוף טרי עטרה ארוז,ח.י. מעדני גורמה בעמ,,,"ק""ג",1,"ק""ג",true,1,32.90,32.90,true,1,
1209387,true,שוקיים עוף טרי עטרה,ח.י. מעדני גורמה בעמ,,,"י""ח",1,,true,1,34.90,34.90,false,1,
1216040,true,"טחינה""אל   ארז""רגילה  500גר",סוגת תעשיות בעמ,,,"י""ח",500,ל  גרם,false,1,16.90,3.38,false,1,
1230331,true,כאמל בוקס בודד.,גלוברנדס בעמ,,,"י""ח",1,,false,1,31,31,false,1,
1231932,true,וינסטון כחול בודד.,גלוברנדס בעמ,,,"י""ח",1,,false,1,32.50,32.50,false,1,
1245798,true,נ.כלים לימון 1.6  ל`טאצ,סאסאטק אגשח בעמ,,,"י""ח",1.60,ליטר,false,1,11.90,7.44,true,1,
1246276,true,"מטהר אוויר אורנים 300מ""ל טאצ`",סאסאטק אגשח בעמ,,,"י""ח",300,"ל  מ""ל",false,1,5.70,1.90,false,1,
1246351,true,נוזל רצפות לבנדר 4ליטר טאצ`.,סאסאטק אגשח בעמ,,,"י""ח",4,ליטר,false,1,14.90,3.73,true,1,
1247754,true,"R.C קולה פחית 330מ""ל",יפאורה שותפות מוגבלת לשיווק,,,"י""ח",330,"ל  מ""ל",false,1,4.50,1.27,true,1,
1321805,true,גולש הודו ארוז העדה החרדית,בלדי בעמ,,,"ק""ג",1,,true,1,49.90,49.90,false,1,
1427033,true,מיץ תפוחים 1ליטר סחוט טרי,תנובה בעמ ***,,,"י""ח",1,ליטר,false,1,16.20,16.20,false,1,
1436752,true,עצמות צווארה בקר ארוז העדה החרדית,בלדי בעמ,,,"ק""ג",1,,true,1,22.90,22.90,false,1,
1436950,true,אסאדו מס 9  עם עצם מוכשר,בלדי בעמ,,,"ק""ג",1,,true,1,59.90,59.90,false,1,
1444160,true,"שמן זית כתית מעולה מ עץ הזית 750 מ""ל.",סוגת תעשיות בעמ,,,"י""ח",750,"ל  מ""ל",false,1,34.90,4.65,true,1,
1455456,true,פילה נסיכת הנילוס פרוס,בלדי בעמ,,,"ק""ג",1,"ק""ג",true,1,62.90,62.90,false,1,
1459676,true,"המבורגר 400גרם חב""ד ארוז",בלדי בעמ,,,"י""ח",400,ל  גרם,false,1,17.90,4.48,false,1,
1459683,true,"קבב מזרחי 400גרם חב""ד ארוז",בלדי בעמ,,,"י""ח",400,ל  גרם,false,1,17.90,4.48,false,1,
1459690,true,"טחון בקר טהור  1ק""ג חב""ד קפוא",בלדי בעמ,,,"י""ח",1,"ק""ג",false,1,39.90,39.90,false,1,
1459706,true,"טחון בקר  1ק""ג חב""ד קפוא",בלדי בעמ,,,"י""ח",1,"ק""ג",false,1,32.90,32.90,false,1,
1459713,true,"גולש בקר 800גרם חב""ד ארוז",בלדי בעמ,,,"י""ח",400,ל  גרם,false,1,36.90,9.23,false,1,
1460092,true,חזה בקר מס 3 מוכשר פולין קפוא,בלדי בעמ,,,"ק""ג",1,,true,1,34.90,34.90,false,1,
1461457,true,בגט רוסטיק,ג נרל מילס ישראל בעמ,,,"י""ח",1,,false,1,7.90,7.90,true,1,
1482049,true,בולגריה בקוביות עם שמן ותבלינים שקיל,ג.וילי פוד אינטרנשיונל בעמ,,,"ק""ג",1,,true,1,65,65,false,1,
1591505,true,סטייק דג טונה  קפוא עם עור מחנה יהודה.,נטו מלינדה סחר בעמ,,,"ק""ג",1,"ק""ג",true,1,39.90,39.90,true,1,
1591550,true,פילה אמנון ללא עור מחנה יהודה.,נטו מלינדה סחר בעמ,,,"ק""ג",1,"ק""ג",true,1,37.90,37.90,true,1,
1591567,true,פילה אמנון 100% מחנה יהודה.,נטו מלינדה סחר בעמ,,,"ק""ג",1,"ק""ג",true,1,36.90,36.90,true,1,
1591574,true,פילה אמנון 80% מחנה יהודה.,נטו מלינדה סחר בעמ,,,"ק""ג",1,"ק""ג",true,1,26.90,26.90,true,1,
1591611,true,קבבוני אנגוס עגול מחנה יהודה 500גר,נטו מלינדה סחר בעמ,,,"י""ח",500,ל  גרם,false,1,29.90,5.98,true,1,
1648919,true,קפה כתר 70גר3*.,רוני רג ואן,,,"י""ח",210,ל  גרם,false,1,12.90,6.14,false,1,
1648995,true,שלישית קפה רגואן 3*100גר,רוני רג ואן,,,"י""ח",300,ל  גרם,false,1,19.90,6.63,false,1,
1664223,true,רצועות מיני אסאדו ארוז העדה החרדית,בלדי בעמ,,,"ק""ג",1,"ק""ג",true,1,94.90,94.90,false,1,
1664285,true,שווארמה אנטריקוט  תפזורת,בלדי בעמ,,,"ק""ג",1,"י""ח",true,1,76.90,76.90,false,1,
1690987,true,פילה הייק ארוז קפוא,נטו מלינדה סחר בעמ,,,"ק""ג",1,"ק""ג",true,1,49.90,49.90,false,1,
1946121,true,פפריקה 400גר`,דין שיווק וקליה 2021 בעמ,,,"י""ח",400,ל  גרם,false,1,21.90,5.48,false,1,
2008989,true,קישקשים 225 יחידות הנמל,הנמל אריזות ושווק בעמ,,,"י""ח",225,"י""ח",false,1,9.90,0.04,false,1,
2029182,true,עוף  מס }`2 קפוא{שארית ישראל,עוף ירושלים שיווק בעמ,,,"ק""ג",1,,true,1,26.90,26.90,false,1,
2029205,true,כרעיים   עוף}קפוא{שארית ישראל,עוף ירושלים שיווק בעמ,,,"ק""ג",1,"ק""ג",true,1,35.90,35.90,false,1,
2029236,true,חזה   עוף}קפוא{שארית ישראל,עוף ירושלים שיווק בעמ,,,"ק""ג",1,,true,1,41.90,41.90,false,1,
2029267,true,שוקיים   עוף}קפוא{שארית ישראל,עוף ירושלים שיווק בעמ,,,"ק""ג",1,,true,1,37.90,37.90,false,1,
2029274,true,ירכיים   עוף}קפוא{שארית ישראל,עוף ירושלים שיווק בעמ,,,"ק""ג",1,"ק""ג",true,1,34.90,34.90,false,1,
2029342,true,שניצל   עוף}קפוא{שארית ישראל,עוף ירושלים שיווק בעמ,,,"ק""ג",1,,true,1,44.90,44.90,false,1,
2029526,true,עוף טרי ארוז שארית ישראל,ח.י. מעדני גורמה בעמ,,,"ק""ג",1,,true,1,27.90,27.90,false,1,
2029533,true,חזה עוף טרי ארוז שארית ישראל,ח.י. מעדני גורמה בעמ,,,"ק""ג",1,,true,1,39.90,39.90,false,1,
2029540,true,כרעיים עוף טרי ארוז שארית ישראל,ח.י. מעדני גורמה בעמ,,,"ק""ג",1,,true,1,35.90,35.90,false,1,
2029557,true,כנפיים עוף טרי ארוז שארית ישראל,ח.י. מעדני גורמה בעמ,,,"ק""ג",1,,true,1,15.90,15.90,false,1,
2029571,true,שוקיים עוף טרי ארוז גלאט י-ם,ח.י. מעדני גורמה בעמ,,,"ק""ג",1,,true,1,35.90,35.90,false,1,
2029649,true,גרונות עוף טרי ארוז גלאט י-ם,ח.י. מעדני גורמה בעמ,,,"ק""ג",1,,true,1,12.90,12.90,false,1,
2029991,true,נקניקיות עוף 400ג  שארית ישראל,עוף ירושלים שיווק בעמ,,,"י""ח",500,ל  גרם,false,1,8.90,1.78,false,1,
2043188,true,צ`יפס אורז חום מלא צ`ילי חריף 60גר,א.ל.יצור ושיווקתבלינים בעמ,,,"י""ח",60,ל  גרם,false,1,6.90,11.50,true,1,
2043218,true,צ`יפס אורז חום מלא מלוח 60גר,א.ל.יצור ושיווקתבלינים בעמ,,,"י""ח",60,ל  גרם,false,1,6.90,11.50,true,1,
2043782,true,צ`יפס אורז חום מלא טקסס ברביקיו 60גר,א.ל.יצור ושיווקתבלינים בעמ,,,"י""ח",60,ל  גרם,false,1,6.90,11.50,true,1,
2057215,true,מלפפון במלח 10/12 יבנה,קבוצת יבנה מוצרי מזון בעמ,,,"י""ח",1,"י""ח",false,1,7.90,7.90,false,1,
2057246,true,"מלפ  בחומץ 10\12 בד""ץ",קבוצת יבנה מוצרי מזון בעמ,,,"י""ח",600,ל  גרם,false,1,7.90,1.32,false,1,
2065616,true,לחם שיפון גרעינים 750גר`,שלמה א.אנג ל בעמ,,,"י""ח",750,ל  גרם,false,1,12.90,1.72,false,1,
2075271,true,ריקולה שקית 70ג צמחים,שוקוטרייד בעמ,,,"י""ח",70,ל  גרם,false,1,11.90,17,false,1,
2077268,true,מיני קציצות דג 500 גרם,נטו מלינדה סחר בעמ,,,"י""ח",500,ל  גרם,false,1,21.90,4.38,false,1,
2077725,true,סלומון נורווגי מצונן 100 גרם(נטו),נטו מלינדה סחר בעמ,,,"י""ח",100,ל  גרם,false,1,19.90,19.90,false,1,
2105145,true,בשר  מס `2מחפוד,עוף ירושלים שיווק בעמ,,,"ק""ג",1,"ק""ג",true,1,51.90,51.90,false,1,
2105190,true,פילה מדומה 6 בקר קפאו מחפוד,עוף ירושלים שיווק בעמ,,,"ק""ג",1,"ק""ג",true,1,59.90,59.90,false,1,
2105220,true,שריר הזרוע 8 בקר קפוא מחפוד,עוף ירושלים שיווק בעמ,,,"ק""ג",1,,true,1,54.90,54.90,false,1,
2105503,true,המבורגר  מחפוד  500גר`,עוף ירושלים שיווק בעמ,,,"י""ח",500,ל  גרם,false,1,18.90,3.78,false,1,
2105510,true,קבב מזרחי 500גר` מחפוד,עוף ירושלים שיווק בעמ,,,"י""ח",500,ל  גרם,false,1,18.90,3.78,false,1,
2105527,true,גולש בקר800 גר`מחפוד,עוף ירושלים שיווק בעמ,,,"י""ח",800,ל  גרם,false,1,44.90,5.61,false,1,
2105565,true,טחון הודו 500גר`מחפוד,עוף ירושלים שיווק בעמ,,,"י""ח",500,ל  גרם,false,1,12.90,2.58,false,1,
2105671,true,טחון עוף 500 גר`מחפוד,עוף ירושלים שיווק בעמ,,,"י""ח",500,ל  גרם,false,1,12.90,2.58,false,1,
2105749,true,"טחון בקר%100ק""ג קפוא מחפוד",עוף ירושלים שיווק בעמ,,,"י""ח",1,"ק""ג",false,1,39.90,39.90,false,1,
2105756,true,"טחון בקר 1ק""ר קפוא מחפוד",עוף ירושלים שיווק בעמ,,,"י""ח",1,"ק""ג",false,1,34.90,34.90,false,1,
2105770,true,"קבב כבש קציצות ביתי קפוא מחפוד 1ק""ג",עוף ירושלים שיווק בעמ,,,"י""ח",1,"ק""ג",false,1,41.90,41.90,false,1,
2107385,true,מה עז  180 גרם צוריאל,*החברה המרכזית להפצת משקאותבעמ,,,"י""ח",180,ל  גרם,false,1,23.30,12.94,false,1,
2107422,true,בולגרית 5%,*החברה המרכזית להפצת משקאותבעמ,,,"ק""ג",1,,true,1,49.90,49.90,false,1,
2107743,true,צפתית צוריאל מעודנת,*החברה המרכזית להפצת משקאותבעמ,,,"ק""ג",1,,true,1,49.90,49.90,false,1,
2111313,true,"עגב. קוביות A2.5 בד""ץ",זנלכל בעמ,,,"י""ח",1,,false,1,9.90,9.90,false,1,
2111672,true,רוטב עגבניות 22% מבורך,זנלכל בעמ,,,"י""ח",570,ל  גרם,false,1,8.90,1.56,false,1,
2129400,true,טבעות דג 700ג מהדרין,נטו מלינדה סחר בעמ,,,"י""ח",0.70,"ק""ג",false,1,23.90,34.14,false,1,
2129424,true,"שניצל דג מצופה 1ק""ג",נטו מלינדה סחר בעמ,,,"י""ח",1,"ק""ג",false,1,30.90,30.90,false,1,
2129486,true,פיצה איטלקית דקה שלושת האופים 340גר,נטו מלינדה סחר בעמ,,,"י""ח",340,ל  גרם,false,1,16.90,4.97,false,1,
2131472,true,"שניצל עוף הידורים בד""ץ",נטו מלינדה סחר בעמ,,,"ק""ג",100,ל  גרם,true,1,42.90,42.90,false,1,
2135760,true,טחון עוף טהור(ללא  תוספות )500גר`רובין,עוף ירושלים שיווק בעמ,,,"י""ח",500,ל  גרם,false,1,19.90,3.98,false,1,
2157953,true,טונה  קנולה 140ג 1/4,נטו מלינדה סחר בעמ,,,"י""ח",560,ל  גרם,false,1,20.90,3.73,true,1,
2157960,true,טונה  במים 140ג 1/4,נטו מלינדה סחר בעמ,,,"י""ח",560,ל  גרם,false,1,20.90,3.73,true,1,
2253235,true,דורות רוטב פסטו 160גר,קבוצת אוסם סחר-שות.מוגבלת,,,"י""ח",160,ל  גרם,false,1,11.90,7.44,false,1,
2263586,true,"מיץ לימון משומר 500מ""ל (מימון)",א.ל.יצור ושיווקתבלינים בעמ,,,"י""ח",500,"ל  מ""ל",false,1,12.90,2.58,true,1,
2278528,true,זוג כריות ניקוי כלים,ח.כהן סוכנות מזון ומשקאות בע,,,"י""ח",2,"י""ח",false,1,7.90,3.95,false,1,
2281382,true,נתחי פילה סלמון נורבגי מנות,נטו מלינדה סחר בעמ,,,"ק""ג",1,"ק""ג",true,1,99,99,false,1,
2281429,true,סטייק דג טונה קפוא ללא עור,נטו מלינדה סחר בעמ,,,"ק""ג",1,"ק""ג",true,1,54.90,54.90,false,1,
2281436,true,סטייק דג טונה בהירה קפוא ללא עור,נטו מלינדה סחר בעמ,,,"ק""ג",1,,true,1,49.90,49.90,false,1,
2281443,true,סטייק דג טונה  קפוא עם עור,נטו מלינדה סחר בעמ,,,"ק""ג",1,"ק""ג",true,1,39.90,39.90,true,1,
2291107,true,"אפונה וגזר  2.5ק""ג",בלדי בעמ,,,"ק""ג",2.50,"ק""ג",true,1,10.90,4.36,false,1,
2291121,true,"גזר גמדי   2.5ק""ג",בלדי בעמ,,,"ק""ג",2.50,"ק""ג",true,1,10.90,4.36,false,1,
2291138,true,"לקט ירקות העונה 2.5ק,ג",בלדי בעמ,,,"ק""ג",2.50,"ק""ג",true,1,10.90,4.36,false,1,
2291145,true,"שעועית ירוקה חתוכה    2.5ק""ג",בלדי בעמ,,,"ק""ג",2.50,"ק""ג",true,1,10.90,4.36,false,1,
2291169,true,"שעועית ירוקה שלמה עדינה    2.5ק""ג",בלדי בעמ,,,"ק""ג",2.50,"ק""ג",true,1,10.90,4.36,false,1,
2291206,true,"שעועית צהובה  שלמה    2.5ק""ג",בלדי בעמ,,,"ק""ג",2.50,"ק""ג",true,1,10.90,4.36,false,1,
2291244,true,"במיה  2.5ק""ג",בלדי בעמ,,,"ק""ג",2.50,"ק""ג",true,1,10.90,4.36,false,1,
2291275,true,"תחתיות ארטישוק  2ק""ג",בלדי בעמ,,,"ק""ג",2,"ק""ג",true,1,19.90,9.95,false,1,
2291695,true,צוואר  מס10 מוכשר ברזיל קפוא,בלדי בעמ,,,"ק""ג",1,,true,1,30.90,30.90,false,1,
2292142,true,קבב אנגוס 700ג עטרה,נטו מלינדה סחר בעמ,,,"י""ח",700,ל  גרם,false,1,29.90,4.27,false,1,
2292159,true,בורגר אנגוס 700ג עטרה,נטו מלינדה סחר בעמ,,,"י""ח",700,ל  גרם,false,1,29.90,4.27,false,1,
2327073,true,בורקס גבינה 800 גרם,נטו מלינדה סחר בעמ,,,"י""ח",800,ל  גרם,false,1,21.90,2.74,true,1,
2329619,true,עוגת שוקו צ`יפס 350גר.,בני פאוזי שמשום (2009) בעמ,,,"י""ח",350,ל  גרם,false,1,7.90,2.26,true,1,
2331360,true,נביעות שישיות 500 מייל פקק ספורט,החברה המרכזית להפצת משקאות בעמ,,,"י""ח",3,ליטר,false,1,15.90,4.70,true,1,
2331490,true,נביעות 1ליטר,החברה המרכזית להפצת משקאות בעמ,,,"י""ח",1,ליטר,false,1,3.50,3.50,true,1,
2345282,true,נתחי פילה סלמון נורבגי מנות,נטו מלינדה סחר בעמ,,,"ק""ג",1,"ק""ג",true,1,99,99,false,1,
2345435,true,פילה מרלוזה,נטו מלינדה סחר בעמ,,,"ק""ג",1,"ק""ג",true,1,31.90,31.90,false,1,
2385196,true,רוקפור גליל שקיל גד,מחלבות גד,,,"ק""ג",1,,true,1,126,126,false,1,
2385424,true,7290113860667בולגרית פח% {5  גד}שקיל,מחלבות גד,,,"ק""ג",300,ל  גרם,true,1,55.90,18.63,false,1,
2385455,true,בולגרית מעודנת 24% גד מעדנייה,מחלבות גד,,,"ק""ג",1,,true,1,61,61,false,1,
2385479,true,צפתית מלבן  5% במים גד,מחלבות גד,,,"ק""ג",1,,true,1,61.90,61.90,false,1,
2385486,true,גבינת שמנת טבעית 30% שקיל גד,מחלבות גד,,,"ק""ג",1,,true,1,44.90,44.90,false,1,
2385493,true,גבינת שמנת זיתים 30% שקיל,מחלבות גד,,,"ק""ג",1,,true,1,44.90,44.90,false,1,
2385509,true,גבינת שמנת שמיר 30% שקיל גד,מחלבות גד,,,"ק""ג",1,,true,1,44.90,44.90,false,1,
2385530,true,מוצרלה בלוק מהדרין,מחלבות גד,,,"ק""ג",1,"ק""ג",true,1,79.90,79.90,false,1,
2385738,true,מנצ`יגו משולשים שקיל גד,מחלבות גד,,,"ק""ג",1,,true,1,149,149,false,1,
2385745,true,פקורינו משולשים שקיל גד,מחלבות גד,,,"ק""ג",1,,true,1,149,149,false,1,
2386834,true,נקניקיות עוף 400גר  קהילות,נטו מלינדה סחר בעמ,,,"י""ח",400,ל  גרם,false,1,12.10,3.03,false,1,
2395408,true,"גבנצ  נעם 28% ק""ג  *.",*החברה המרכזית להפצת משקאותבעמ,,,"ק""ג",1,,true,1,44.79,44.79,false,1,
2395415,true,חריץ גבינה נעם 9% שקיל,*החברה המרכזית להפצת משקאותבעמ,,,"ק""ג",1,,true,1,70.90,70.90,false,1,
2395422,true,גבינה צהובה נעם 22%  שקיל*,*החברה המרכזית להפצת משקאותבעמ,,,"ק""ג",1,,true,1,42.58,42.58,false,1,
2505013,true,כרעיים עוף קפוא קהילות,נטו מלינדה סחר בעמ,,,"ק""ג",1,,true,1,37.90,37.90,false,1,
2507451,true,קציצות דג סלמון לבישול 750גרם,נטו מלינדה סחר בעמ,,,"י""ח",7500,ל  גרם,false,1,28.90,0.39,true,1,
2511281,true,ברינזה צאן/כבשים המושבה,מחלבות המושבה בעמ,,,"ק""ג",1,"ק""ג",true,1,89.90,89.90,false,1,
2522188,true,עוף  מס `2 רובין}קפוא{,עוף ירושלים שיווק בעמ,,,"ק""ג",1,"ק""ג",true,1,27.90,27.90,false,1,
2522201,true,כרעיים עוף   רובין}קפוא{,עוף ירושלים שיווק בעמ,,,"ק""ג",1,"ק""ג",true,1,35.90,35.90,false,1,
2522232,true,חזה עוף   רובין}קפוא{,עוף ירושלים שיווק בעמ,,,"ק""ג",1,"ק""ג",true,1,41.90,41.90,false,1,
2522256,true,כנפיים עוף    רובין}קפוא{ארוז,עוף ירושלים שיווק בעמ,,,"ק""ג",1,"ק""ג",true,1,14.90,14.90,false,1,
2522263,true,שוקיים עוף   רובין}קפוא{,עוף ירושלים שיווק בעמ,,,"ק""ג",1,"ק""ג",true,1,39.90,39.90,false,1,
2522348,true,שניצל עוף   רובין}קפוא{,עוף ירושלים שיווק בעמ,,,"ק""ג",1,"ק""ג",true,1,44.90,44.90,false,1,
2522522,true,עוף טרי ארוז  רובין**,ח.י. מעדני גורמה בעמ,,,"ק""ג",1,,true,1,22.90,22.90,false,1,
2522539,true,חזה עוף טרי ארוז  רובין**,ח.י. מעדני גורמה בעמ,,,"ק""ג",1,,true,1,39.90,39.90,false,1,
2522546,true,כרעיים עוף טרי ארוז  רובין**,ח.י. מעדני גורמה בעמ,,,"ק""ג",1,,true,1,35.90,35.90,false,1,
2522577,true,שוקיים עוף טרי ארוז  רובין**,ח.י. מעדני גורמה בעמ,,,"ק""ג",1,,true,1,35.90,35.90,false,1,
2522638,true,שניצל עוף טרי ארוז  רובין**,ח.י. מעדני גורמה בעמ,,,"ק""ג",1,,true,1,39.90,39.90,false,1,
2522973,true,נקניקיות עוף קפוא 400גר`רובין,עוף ירושלים שיווק בעמ,,,"י""ח",400,ל  גרם,false,1,8.90,2.23,false,1,
2538158,true,גלידה חמה 15 יח,גלידות קולורדו בעמ,,,"י""ח",1,,false,1,19.90,19.90,false,1,
2538592,true,קרמבו 8יח טעם וניל/מוקה,גלידות קולורדו בעמ,,,"י""ח",8,"י""ח",false,1,11.90,1.49,false,1,
2542506,true,בירה קורונה  355מייל,תימקו בירה בעמ,,,"י""ח",330,"ל  מ""ל",false,1,10.90,3.21,false,1,
2542780,true,"בירה סטלה ארטואה 330מ""ל  1/6 בקבוק",תימקו בירה בעמ,,,"י""ח",330,"ל  מ""ל",false,1,39.90,11.55,true,1,
2579731,true,"נר נשמה שבועי   בזכוכית""שווה""",ח.כהן סוכנות מזון ומשקאות בע,,,"י""ח",1,,false,1,9.90,9.90,false,1,
2603474,true,פיצה שף שגב רוטב פטריות טעם ממהין200ג,נטו מלינדה סחר בעמ,,,"י""ח",200,ל  גרם,false,1,16.90,8.45,true,1,
2603481,true,פיצה שף שגב פסטו ועגבניות 200ג,נטו מלינדה סחר בעמ,,,"י""ח",200,ל  גרם,false,1,16.90,8.45,true,1,
2628941,true,נסיכת הנילוס פרוס קפוא,בלדי בעמ,,,"ק""ג",1,"ק""ג",true,1,57.90,57.90,false,1,
2661535,true,"פירורי לחם זהוב 1ק""ג",י.את א. ברמן בעמ,,,"י""ח",1,"ק""ג",false,1,14.90,14.90,false,1,
2681304,true,כרעיים עוף טרי ארוז  מחפוד**,ח.י. מעדני גורמה בעמ,,,"ק""ג",1,,true,1,34.90,34.90,true,1,
2706731,true,רצועות פילה נסיכה קפוא 100% דג,נטו מלינדה סחר בעמ,,,"ק""ג",1,"ק""ג",true,1,79.90,79.90,false,1,
2706960,true,פילה ברבוניה מגש  400גר`,נטו מלינדה סחר בעמ,,,"י""ח",400,ל  גרם,false,1,28.90,7.23,false,1,
2730903,true,סבון מוצק ורדים פלמוליב  4יח,ש.שסטוביץ בעמ,,,"י""ח",360,ל  גרם,false,1,16.90,4.69,true,1,
2739906,true,עצמות עוף למרק קהילות,נטו מלינדה סחר בעמ,,,"ק""ג",1,,true,1,6.90,6.90,false,1,
2750963,true,בגט רוסטיק פילסברי,ג נרל מילס ישראל בעמ,,,"י""ח",1,,false,1,7.90,7.90,true,1,
2757139,true,מלוואח 700 גר`שלושת האופים,נטו מלינדה סחר בעמ,,,"י""ח",700,ל  גרם,false,1,17.90,2.56,true,1,
2757146,true,"קובה למרק חמוסטה 1 ק""ג",נטו מלינדה סחר בעמ,,,"י""ח",1,"ק""ג",false,1,21.90,21.90,false,1,
2757511,true,קציצת דג לבישול 750גר`,נטו מלינדה סחר בעמ,,,"י""ח",750,"ל  מ""ל",false,1,28.90,3.85,true,1,
2757542,true,אטריות קדאיף 400גר,נטו מלינדה סחר בעמ,,,"י""ח",400,ל  גרם,false,1,21.90,5.48,false,1,
2757733,true,ג`חנון 650 ג`,נטו מלינדה סחר בעמ,,,"י""ח",650,ל  גרם,false,1,12.90,1.98,false,1,
2757740,true,"בורקס תפו""א 700 ג` סדרה אדומה",נטו מלינדה סחר בעמ,,,"י""ח",700,ל  גרם,false,1,14.90,2.13,false,1,
2757757,true,מלאווח 700גר`,נטו מלינדה סחר בעמ,,,"י""ח",700,ל  גרם,false,1,13.90,1.99,false,1,
2775317,true,פילה זהבנון,נטו מלינדה סחר בעמ,,,"ק""ג",1,,true,1,22.90,22.90,false,1,
2787495,true,פילה סלמון קפוא,נטו מלינדה סחר בעמ,,,"ק""ג",1,,true,1,79.90,79.90,false,1,
2787884,true,"מקלות  בורקס פילו תפו""א 650גר`",נטו מלינדה סחר בעמ,,,"י""ח",650,ל  גרם,false,1,21.90,3.37,true,1,
2814290,true,קצף מרוכז אקונומיקה 1ל בלנקו,קומפלקס כימיקלסבעמ ~~~,,,"י""ח",1,ליטר,false,1,10.90,10.90,false,1,
2814603,true,"מסיר שומנים קר מבושם 750מ""ל",קומפלקס כימיקלסבעמ ~~~,,,"י""ח",0.75,ליטר,false,1,13.90,18.53,false,1,
2814870,true,"מסיר שומנים קר מבושם 750מ""ל",קומפלקס כימיקלסבעמ ~~~,,,"י""ח",0.75,ליטר,false,1,12.90,17.20,false,1,
2827306,true,נקניקיות עוף 400 גר`מחפוד,עוף ירושלים שיווק בעמ,,,"י""ח",400,ל  גרם,false,1,8.90,2.23,true,1,
2827337,true,נקניקיות עוף פיקנטי400 גר`מחפוד,עוף ירושלים שיווק בעמ,,,"י""ח",400,ל  גרם,false,1,8.90,2.23,true,1,
2827740,true,כתף כבש קפוא מחפוד,עוף ירושלים שיווק בעמ,,,"ק""ג",1,,true,1,109.90,109.90,false,1,
2830184,true,פילה לברק 5-7,נטו מלינדה סחר בעמ,,,"ק""ג",200,ל  גרם,true,1,52.90,26.45,false,1,
2871248,true,טובורג רד 500 חוזר,החברה המרכזית להפצת משקאות בעמ,,,"י""ח",500,"ל  מ""ל",false,1,8.20,1.40,true,1,
2871361,true,קרלסברג  בירה 500 חוזר,החברה המרכזית להפצת משקאות בעמ,,,"י""ח",500,"ל  מ""ל",false,1,8.20,1.40,false,1,
2909248,true,שריר בשר  מס `8 קפוא הרב בעדני,בלדי בעמ,,,"ק""ג",1,,true,1,46.90,46.90,false,1,
2909880,true,פולי סויה אדממה 400גר,בלדי בעמ,,,"י""ח",400,ל  גרם,false,1,8.90,2.23,false,1,
2919179,true,פילה אמנון ללא עור בלדי,בלדי בעמ,,,"ק""ג",1,"ק""ג",true,1,39.90,39.90,false,1,
2919612,true,אסאדו מס 9 בעדני,בלדי בעמ,,,"ק""ג",1,,true,1,44.90,44.90,false,1,
2919926,true,כתף  מס `4 קפוא חלק.,בלדי בעמ,,,"ק""ג",1,,true,1,39.90,39.90,false,1,
2922797,true,חזה הודו טרי ארוז  עטרה**,ח.י. מעדני גורמה בעמ,,,"ק""ג",1,,true,1,37.90,37.90,false,1,
2922865,true,קבב מובחר טאק טורו בית יוסף,נטו מלינדה סחר בעמ,,,"י""ח",1,,false,1,17.90,17.90,true,1,
2922872,true,המבורגר מובחר טאק טורו בית יוסף 500ג,נטו מלינדה סחר בעמ,,,"י""ח",500,ל  גרם,false,1,17.90,3.58,true,1,
2929642,true,טונה מארז 4 יח  }ויליגיר{ 140גר,נטו מלינדה סחר בעמ,,,"י""ח",560,ל  גרם,false,1,20.90,3.73,true,1,
2929734,true,"~גפילטע פיש 570 גר` קציצות קרפיון בד""ץ",נטו מלינדה סחר בעמ,,,"י""ח",570,ל  גרם,false,1,12.90,2.26,false,1,
2939108,true,חזה עוף  טרי(עטרה)ארוז,ח.י. מעדני גורמה בעמ,,,"ק""ג",1,,true,1,34.90,34.90,true,1,
2954217,true,"אורז יסמין מדליה 1ק""ג",בני ג ורג שוקחה (חיפה) בעמ,,,"י""ח",1,"ק""ג",false,1,9.90,9.90,false,1,
2971191,true,"קמח חיטה לבן  שטיבל  1ק""ג",טחנות קמח שטיבל בש בעמ,,,"י""ח",1,"ק""ג",false,1,4,4,true,1,
2971955,true,"קמח לבן 650 ללא צורך בניפוי 1ק""ג שטיבל",ח.כהן סוכנות מזון ומשקאות בע,,,"י""ח",1,"ק""ג",false,1,8.90,8.90,false,1,
2971986,true,קמח שיפון ללא צורך  בניפוי,ח.כהן סוכנות מזון ומשקאות בע,,,"י""ח",1,"ק""ג",false,1,8.90,8.90,false,1,
2971993,true,קמח כוסמין מלא ללא צורך  בניפוי,ח.כהן סוכנות מזון ומשקאות בע,,,"י""ח",1,"ק""ג",false,1,14.90,14.90,false,1,
2972006,true,"קמח בהיר 405 ללא צורך בניפוי 1ק""ג שטיב",ח.כהן סוכנות מזון ומשקאות בע,,,"י""ח",1,"ק""ג",false,1,8.90,8.90,false,1,
2972365,true,"קמח תופח ללא צורך בניפוי 1ק""ג",ח.כהן סוכנות מזון ומשקאות בע,,,"י""ח",1,"ק""ג",false,1,8.90,8.90,false,1,
3010001,true,"עגבניות מרוסקות 240ג בד""ץ.",זנלכל בעמ,,,"י""ח",240,ל  גרם,false,1,5.50,2.29,false,1,
3010025,true,"רוטב פיצה  240ג בד""ץ",זנלכל בעמ,,,"י""ח",240,ל  גרם,false,1,5.50,2.29,false,1,
3031733,true,פסטרמה על גחלים 400 גרם,תנובה בשר,,,"י""ח",400,ל  גרם,false,1,31.90,7.98,false,1,
3031849,true,צמד כפרי ברביקיו ודבש 600ג מחפוד,תנובה בשר,,,"י""ח",600,ל  גרם,false,1,24.80,4.13,false,1,
3060276,true,"קמח בהיר מעושר בחנקן 1ק""ג",טחנות ישראליות בעמ,,,"י""ח",1,"ק""ג",false,1,8.90,8.90,true,1,
3069590,true,"סול פילה ארוז 1ק""ג.",נטו מלינדה סחר בעמ,,,"י""ח",1,"ק""ג",false,1,36.90,36.90,false,1,
3069682,true,בצק פילאס 500ג,נטו מלינדה סחר בעמ,,,"י""ח",500,ל  גרם,false,1,21.90,4.38,true,1,
3069705,true,"פיצה אישית גבינה דקה תפזורת בעל""ז",נטו מלינדה סחר בעמ,,,"י""ח",1,"י""ח",false,1,2.90,2.90,true,1,
3102136,true,צמר גפן רפואי,אינטרסן (1996) בעמ,,,"י""ח",1,,false,1,5.50,5.50,false,1,
3107353,true,משפר אפיה ביתי שמרים יבשים שטיבל 33ג,ח.כהן סוכנות מזון ומשקאות בע,,,"י""ח",33,ל  גרם,false,1,5.90,17.88,false,1,
3111034,true,"שיפוד שווארמה עוף מתובל 20ק""ג",בלדי בעמ,,,"ק""ג",1,,true,1,57.90,57.90,false,1,
3122042,true,שניצל הודו מעובד 120ג,בלדי בעמ,,,"ק""ג",1,,true,1,36.90,36.90,false,1,
3122043,true,שניצל הודו מעובד 170ג,בלדי בעמ,,,"ק""ג",1,,true,1,36.90,36.90,false,1,
3122045,true,שניצל הודו מעובד 200ג,בלדי בעמ,,,"ק""ג",1,,true,1,36.90,36.90,false,1,
3141071,true,פרגיות עוף ארוך בלי עור קפוא ארוז.,בלדי בעמ,,,"ק""ג",1,,true,1,61.90,61.90,false,1,
3141072,true,פרגיות עוף ארוך עם עור קפוא ארוז.,בלדי בעמ,,,"ק""ג",1,,true,1,57.90,57.90,false,1,
3141074,true,"שניצל עוף 120גר קפוא ארוז 10ק""ג",בלדי בעמ,,,"ק""ג",500,ל  גרם,true,1,47.90,9.58,false,1,
3141075,true,"שניצל עוף 150גר קפוא ארוז 10ק""ג",בלדי בעמ,,,"ק""ג",500,ל  גרם,true,1,49.90,9.98,false,1,
3141076,true,"שניצל עוף 170גר קפוא ארוז 10ק""ג",בלדי בעמ,,,"ק""ג",500,ל  גרם,true,1,49.90,9.98,false,1,
3141157,true,שניצל הודו מעובד 150ג,בלדי בעמ,,,"ק""ג",1,,true,1,36.90,36.90,false,1,
3141159,true,יוגטה מרשמלו 180ג,ליימן שליסל,,,"י""ח",180,ל  גרם,false,1,8.90,4.94,false,1,
3143139,true,סילאן קליית גת 900גרם,ליימן שליסל,,,"י""ח",900,ל  גרם,false,1,15.90,1.77,true,1,
3143146,true,"ממרח תמרים קליית גת 450גרם כשל""פ",ליימן שליסל,,,"י""ח",450,ל  גרם,false,1,6.90,1.53,false,1,
3143276,true,יוגטה מרשמלו מגולגל 180ג,ליימן שליסל,,,"י""ח",180,ל  גרם,false,1,8.90,4.94,false,1,
3144310,true,תערובת אגוזים וחמוציות 150ג,ליימן שליסל,,,"י""ח",150,ל  גרם,false,1,16.90,11.27,false,1,
3144419,true,סילאן קליית גת 710גר טבעי,ליימן שליסל,,,"י""ח",710,ל  גרם,false,1,21.90,3.08,false,1,
3144679,true,הוטפופ 5(בדלי) שקיות עם מלח,ליימן שליסל,,,"י""ח",500,ל  גרם,false,1,16.90,3.38,true,1,
3251308,true,אציטון,ציון תורגמן בעמ,,,"י""ח",100,"ל  מ""ל",false,1,4.90,4.90,false,1,
3287956,true,פילה לברק יפני 5-7 וואקום בלדי.,בלדי בעמ,,,"ק""ג",1,"ק""ג",true,1,49.90,49.90,false,1,
3514007,true,שקדי מרק 400 גר`MANA,ש.שסטוביץ בעמ,,,"י""ח",400,ל  גרם,false,1,9.90,2.48,true,1,
3570423,true,טחון בקר בלדי 500ג עדה החרדית,בלדי בעמ,,,"י""ח",500,ל  גרם,false,1,49.90,9.98,false,1,
3570430,true,טחון עוף קפוא 500גרם  ארוז,בלדי בעמ,,,"י""ח",500,ל  גרם,false,1,26.90,5.38,false,1,
3570577,true,"גרונות הודו קפוא ארוז בד""ץ העדה החרדית",בלדי בעמ,,,"ק""ג",1,"ק""ג",true,1,44.90,44.90,false,1,
3572267,true,חזה בקר מס 3 מוכשר ברזיל קפוא,בלדי בעמ,,,"ק""ג",1,,true,1,29.90,29.90,false,1,
3578412,true,לפתן  אפרסק וויליפוד,ג.וילי פוד אינטרנשיונל בעמ,,,"י""ח",825,ל  גרם,false,1,9.90,1.20,false,1,
3579379,true,מרלוזה פילה ללא עור קפוא,בלדי בעמ,,,"ק""ג",1,,true,1,24.90,24.90,false,1,
3579683,true,צלעות  מס2 מוכשר ברזיל קפוא,בלדי בעמ,,,"ק""ג",1,,true,1,38.90,38.90,true,1,
3579751,true,בשר ראש מוכשר ברזיל,בלדי בעמ,,,"ק""ג",1,,true,1,70.90,70.90,false,1,
3579775,true,לשון בקר מוכשר ברזיל,בלדי בעמ,,,"ק""ג",1,,true,1,33.90,33.90,false,1,
3579812,true,מכסה הצלע   מס7 מוכשר ברזיל קפוא,בלדי בעמ,,,"ק""ג",1,,true,1,30.90,30.90,false,1,
3648207,true,מטיאס שקיל,סלטי שמיר2006בעמ,,,"ק""ג",1,"ק""ג",true,1,55,55,false,1,
3648221,true,מקרל בשמן שקיל,בידאני נתן,,,"ק""ג",1,"ק""ג",true,1,129,129,false,1,
3648269,true,מטיאס חתוך עם בצל שקיל,סלטי שמיר2006בעמ,,,"ק""ג",1,"ק""ג",true,1,59.90,59.90,false,1,
3648276,true,סלומון הילטון/גרבלקס שקילה מעושן,סלטי שמיר2006בעמ,,,"ק""ג",1,"ק""ג",true,1,199.90,199.90,false,1,
3648306,true,מקרל מעושן שקילה,סלטי שמיר2006בעמ,,,"ק""ג",1,"ק""ג",true,1,81.90,81.90,false,1,
3648436,true,מטיאס שלם שקילה,בידאני נתן,,,"ק""ג",1,"ק""ג",true,1,34.90,34.90,false,1,
3670130,true,עוף מס3 קפוא ארוז עדה החרדית,בלדי בעמ,,,"ק""ג",500,ל  גרם,true,1,34.90,6.98,false,1,
3670192,true,כנפיים עוף קפוא עדה החרדית,בלדי בעמ,,,"ק""ג",1,,true,1,15.90,15.90,false,1,
3718610,true,במיה 400 גרם ארוז,בלדי בעמ,,,"י""ח",600,ל  גרם,false,1,9.90,1.65,false,1,
3718627,true,פול ירוק  ארוז 400ג,בלדי בעמ,,,"י""ח",400,ל  גרם,false,1,9.90,2.48,false,1,
3718719,true,לברק פילה 5/7 עדה חרדית קפוא,בלדי בעמ,,,"ק""ג",1,,true,1,46.80,46.80,false,1,
3726615,true,טופו ויילר 300גר,"שטראוס גרופ ***בע""מ",,,"י""ח",300,ל  גרם,false,1,12,4,true,1,
3751068,true,שריר הזרוע בקר קפוא,ב ספק בשר קפוא,,,"ק""ג",1,,true,1,127.90,127.90,false,1,
3920716,true,קבב מזרחי  500 גר`רובין,עוף ירושלים שיווק בעמ,,,"י""ח",500,ל  גרם,false,1,24.90,4.98,false,1,
3920723,true,המבורגר  500 גר`רובין,עוף ירושלים שיווק בעמ,,,"י""ח",500,ל  גרם,false,1,24.90,4.98,false,1,
3920730,true,בשר לחמין 800גר רובין,עוף ירושלים שיווק בעמ,,,"י""ח",800,ל  גרם,false,1,49.90,6.24,false,1,
3920747,true,גולש בקר800 גר`רובין,עוף ירושלים שיווק בעמ,,,"י""ח",800,ל  גרם,false,1,49.90,6.24,false,1,
3976560,true,"מטהר אוויר מיסטרי  250מ""ל טאץ",סאסאטק אגשח בעמ,,,"י""ח",250,"ל  מ""ל",false,1,12.90,5.16,false,1,
3976607,true,אקונומיקה סמיכה 4 ל` טאצ`לבנדר.,סאסאטק אגשח בעמ,,,"י""ח",4,ליטר,false,1,13.90,3.48,true,1,
3976614,true,אקונומיקה סמיכה 4 ל` טאצ`פרחים,סאסאטק אגשח בעמ,,,"י""ח",4,ליטר,false,1,13.90,3.48,true,1,
3976966,true,מרסס לניקוי כללי בתוספת חומץ 1ליטר טאצ,סאסאטק אגשח בעמ,,,"י""ח",1,ליטר,false,1,12.90,12.90,false,1,
3996186,true,בזיליקום חסלט,יעל ירק עלים לשיווק בעמ,,,"י""ח",1,,false,1,7.80,7.80,false,1,
3996742,true,עלי סלק תרדי חסלט כפרי טרי,יעל ירק עלים לשיווק בעמ,,,"י""ח",1,"י""ח",false,1,13.80,13.80,false,1,
4011284,true,"בסיס להכנת קצפת 212מ""ל",נטו מלינדה סחר בעמ,,,"י""ח",212,"ל  מ""ל",false,1,9.90,4.67,true,1,
4011345,true,"קצפת  ריצ`פרווה במיכל 250 מ""ל",נטו מלינדה סחר בעמ,,,"י""ח",250,"ל  מ""ל",false,1,9.90,3.96,false,1,
4030100,true,מיץ תפוזים סחוט 1ל פריניב,תנובה בעמ ***,,,"י""ח",1,ליטר,false,1,17.30,17.30,false,1,
4030216,true,מיץ חמוציות 1 ליטר,תנובה בעמ ***,,,"י""ח",1,ליטר,false,1,15.60,15.60,true,1,
4030544,true,מיץ לימונדה לואיזה ולימון גראס 1 ליטר,תנובה בעמ ***,,,"י""ח",1,ליטר,false,1,15.60,15.60,true,1,
4030612,true,"מיץ קיווי אגס 90% מיץ 1ל ללא""ס",תנובה בעמ ***,,,"י""ח",1,ליטר,false,1,14.50,14.50,true,1,
4030728,true,"מיץ לימון 100%  250 מ""ל מחנה יהודה",פריניב סחר והפצה בעמ,,,"י""ח",250,"ל  מ""ל",false,1,7.90,3.16,true,1,
4030834,true,מיץ רימונים 1 ליטר,תנובה בעמ ***,,,"י""ח",1,ליטר,false,1,23.20,23.20,false,1,
4033736,true,לחם עננים בסגנון בריוש,י.את א. ברמן בעמ,,,"י""ח",500,ל  גרם,false,1,14.50,2.90,false,1,
4063016,true,"מלח שולחן 1 ק""ג*",סוגת תעשיות בעמ,,,"י""ח",1,"ק""ג",false,1,1.70,1.70,false,1,
4064358,true,"מלח דק זורם בקלות 1ק""ג קרטון",סוגת תעשיות בעמ,,,"י""ח",1,"ק""ג",false,1,4.90,4.90,false,1,
4068028,true,"יוגורט ציזיקי 500מ""ל",מחלבות גד,,,"י""ח",500,"ל  מ""ל",false,1,9.10,1.82,false,1,
4068035,true,"איירן 500מ""ל",מחלבות גד,,,"י""ח",500,"ל  מ""ל",false,1,7.90,1.58,false,1,
4068912,true,גרנה פדנו שקיל,מחלבות גד,,,"ק""ג",1,"ק""ג",true,1,129.90,129.90,false,1,
4131845,true,לאבנה 9% 750 גר`מהדרין,תנובה בעמ ***,,,"י""ח",750,ל  גרם,false,1,24.90,3.32,false,1,
4150112,true,חומוס מזרחי פיקנטי פרמיום 300ג,סלטי שמיר2006בעמ,,,"י""ח",300,ל  גרם,false,1,16.90,5.63,true,1,
4150129,true,טחינה פיקנטי פרמיום 300ג,סלטי שמיר2006בעמ,,,"י""ח",300,ל  גרם,false,1,16.90,5.63,true,1,
4150136,true,חציל על האש פיקנטי פרמיום 300ג,סלטי שמיר2006בעמ,,,"י""ח",300,ל  גרם,false,1,16.90,5.63,true,1,
4150143,true,חציל במיונז פיקנטי פרמיום 300ג,סלטי שמיר2006בעמ,,,"י""ח",300,ל  גרם,false,1,16.90,5.63,true,1,
4150150,true,חציל בטחינה פיקנטי פרמיום 300ג,סלטי שמיר2006בעמ,,,"י""ח",300,ל  גרם,false,1,16.90,5.63,true,1,
4150167,true,"תפו""א במיונז פיקנטי פרמיום 300ג",סלטי שמיר2006בעמ,,,"י""ח",300,ל  גרם,false,1,16.90,5.63,true,1,
4150174,true,קולסלאו פיקנטי פרמיום 300ג,סלטי שמיר2006בעמ,,,"י""ח",300,ל  גרם,false,1,16.90,5.63,true,1,
4150181,true,חמוצים סיני פיקנטי פרמיום 300ג,סלטי שמיר2006בעמ,,,"י""ח",300,ל  גרם,false,1,16.90,5.63,true,1,
4150204,true,מטבוחה פיקנטי פרמיום 300ג,סלטי שמיר2006בעמ,,,"י""ח",300,ל  גרם,false,1,16.90,5.63,true,1,
4150228,true,כרוב אדום פיקנטי פרמיום 300ג,סלטי שמיר2006בעמ,,,"י""ח",300,ל  גרם,false,1,16.90,5.63,true,1,
4150235,true,חומוס עם חריף פיקנטי פרמיום 300ג,סלטי שמיר2006בעמ,,,"י""ח",300,ל  גרם,false,1,16.90,5.63,true,1,
4194178,true,עוף  מחפוד}קפוא{,עוף ירושלים שיווק בעמ,,,"ק""ג",1,"ק""ג",true,1,23.90,23.90,false,1,
4194208,true,כרעיים עוף מחפוד  קפוא~,עוף ירושלים שיווק בעמ,,,"ק""ג",1,"ק""ג",true,1,32.90,32.90,false,1,
4194239,true,חזה עוף ארוז מחפוד  קפוא~,עוף ירושלים שיווק בעמ,,,"ק""ג",1,"ק""ג",true,1,31.90,31.90,false,1,
4194253,true,כנפיים עוף ארוז מחפוד קפוא ~,עוף ירושלים שיווק בעמ,,,"ק""ג",1,"ק""ג",true,1,13.90,13.90,true,1,
4194260,true,שוקיים עוף ארוז מחפוד קפוא,עוף ירושלים שיווק בעמ,,,"ק""ג",1,"ק""ג",true,1,31.90,31.90,false,1,
4194345,true,שניצל עוף פרוס ארוז מחפוד  קפוא~,עוף ירושלים שיווק בעמ,,,"ק""ג",1,"ק""ג",true,1,32.90,32.90,false,1,
4194529,true,עוף טרי ארוז  מחפוד**,ח.י. מעדני גורמה בעמ,,,"ק""ג",1,"ק""ג",true,1,22.90,22.90,false,1,
4194536,true,חזה עוף טרי שלם ארוז   מחפוד**,ח.י. מעדני גורמה בעמ,,,"ק""ג",1,,true,1,34.90,34.90,false,1,
4194543,true,כרעיים עוף טרי ארוז  מחפוד**,ח.י. מעדני גורמה בעמ,,,"ק""ג",1,,true,1,34.90,34.90,true,1,
4194550,true,כנפיים עוף טרי ארוז  מחפוד**,ח.י. מעדני גורמה בעמ,,,"ק""ג",1,,true,1,17.90,17.90,true,1,
4194567,true,ירכיים טרי ארוז  מחפוד**,ח.י. מעדני גורמה בעמ,,,"ק""ג",1,,true,1,34.90,34.90,true,1,
4194574,true,שוקיים עוף טרי ארוז  מחפוד**.,ח.י. מעדני גורמה בעמ,,,"ק""ג",1,,true,1,38.90,38.90,true,1,
4194581,true,פרגיות עוף טרי ארוז  מחפוד**,ח.י. מעדני גורמה בעמ,,,"ק""ג",1,,true,1,69.90,69.90,false,1,
4194598,true,כבד עוף טרי מחפוד  **,ח.י. מעדני גורמה בעמ,,,"ק""ג",1,,true,1,35.90,35.90,false,1,
4194642,true,גרון עוף טרי ארוז  מחפוד**.,ח.י. מעדני גורמה בעמ,,,"ק""ג",1,,true,1,10.90,10.90,false,1,
4220044,true,קציצות ביתיות 400ג עטרה,נטו מלינדה סחר בעמ,,,"י""ח",400,ל  גרם,false,1,20,5,false,1,
4257101,true,אנטריקוט דק דק 250ג עטרה,נטו מלינדה סחר בעמ,,,"י""ח",250,ל  גרם,false,1,34.90,13.96,false,1,
4257125,true,סינטה דק דק 250ג עטרה,נטו מלינדה סחר בעמ,,,"י""ח",250,ל  גרם,false,1,34.90,13.96,false,1,
4263188,true,שוק טלה עטרה קפוא.,נטו מלינדה סחר בעמ,,,"ק""ג",1,,true,1,89.90,89.90,false,1,
4263393,true,קישקע ירושלמי עטרה,נטו מלינדה סחר בעמ,,,"י""ח",1,,false,1,13.90,13.90,false,1,
4263485,true,צלעות לא. מ]עטרה[,נטו מלינדה סחר בעמ,,,"ק""ג",1,"ק""ג",true,1,44.90,44.90,false,1,
4263782,true,עצמות מוח עטרה,נטו מלינדה סחר בעמ,,,"ק""ג",1,,true,1,32.90,32.90,false,1,
4263799,true,צלי כתף מספר 5 חלק עטרה במשקל,נטו מלינדה סחר בעמ,,,"ק""ג",1,"ק""ג",true,1,84.90,84.90,false,1,
4263867,true,בשר מס  }6עטרה,נטו מלינדה סחר בעמ,,,"ק""ג",1,"ק""ג",true,1,69.90,69.90,false,1,
4267209,true,עוגיות לקפה 200 גרם ברמן,ח.כהן סוכנות מזון ומשקאות בע,,,"י""ח",200,ל  גרם,false,1,5.90,2.95,false,1,
4267216,true,עוגיות ממולאות ריבה 200  ג`ברמן,ח.כהן סוכנות מזון ומשקאות בע,,,"י""ח",200,ל  גרם,false,1,5.90,2.95,false,1,
4267261,true,עוגיות טופז 600גר`,ח.כהן סוכנות מזון ומשקאות בע,,,"י""ח",600,ל  גרם,false,1,14.90,2.48,false,1,
4267636,true,עוגיות לקפה 600גר`,ח.כהן סוכנות מזון ומשקאות בע,,,"י""ח",600,ל  גרם,false,1,14.90,2.48,false,1,
4267650,true,עוגיות ריבה 600גר`,ח.כהן סוכנות מזון ומשקאות בע,,,"י""ח",600,ל  גרם,false,1,14.90,2.48,false,1,
4267667,true,עוגיות שוקו ציפס 600 ג`,ח.כהן סוכנות מזון ומשקאות בע,,,"י""ח",600,ל  גרם,false,1,14.90,2.48,false,1,
4267759,true,עוגיות  מיני-עיגוליות  180  ג`ברמן,ח.כהן סוכנות מזון ומשקאות בע,,,"י""ח",180,ל  גרם,false,1,5.90,3.28,false,1,
4329686,true,"שיפוד שווארמה עוף מתובל 10ק""ג",בלדי בעמ,,,"ק""ג",1,,true,1,57.90,57.90,false,1,
4456566,true,צלעות  מס `2 אשפר  פרגוואי,בלדי בעמ,,,"ק""ג",1,,true,1,41.90,41.90,false,1,
4480332,true,גאודה בקר משולש שקיל גד,מחלבות גד,,,"ק""ג",1,,true,1,109.90,109.90,false,1,
4480349,true,גאודה עיזים משולשים שקיל גד,מחלבות גד,,,"ק""ג",1,,true,1,139,139,false,1,
4603175,true,מלח ים האדום גס 500ג,סוגת תעשיות בעמ,,,"י""ח",500,ל  גרם,false,1,8.90,1.78,false,1,
4685010,true,לחם קל 100%,י.את א. ברמן בעמ,,,"י""ח",750,ל  גרם,false,1,16.50,2.20,false,1,
4685027,true,לחם קל מחיטה מלאה 500גר,י.את א. ברמן בעמ,,,"י""ח",500,ל  גרם,false,1,15.90,3.18,false,1,
4685089,true,לחם חמניות 750 גר`ברמן,י.את א. ברמן בעמ,,,"י""ח",750,ל  גרם,false,1,16.50,2.20,false,1,
4685447,true,לחמניות כוסמין 6 בשקית,י.את א. ברמן בעמ,,,"י""ח",450,ל  גרם,false,1,14.90,3.31,false,1,
4768140,true,נקניקיות מרגז  500ג אשפר,בלדי בעמ,,,"י""ח",500,ל  גרם,false,1,34.90,6.98,false,1,
4861025,true,בולגרית מסורתית שקיל 5% המושבה,מחלבות המושבה בעמ,,,"ק""ג",10,"ק""ג",true,1,49.90,4.99,false,1,
4861056,true,צפתית טבעי המושבה שקילה 5%.,מחלבות המושבה בעמ,,,"ק""ג",1000,ל  גרם,true,1,49,4.90,false,1,
4861063,true,קש בשקילה 5% המושבה,מחלבות המושבה בעמ,,,"ק""ג",1,,true,1,39.90,39.90,false,1,
4861278,true,גבינת שמנת טבעי/שום שמיר 30%  המושבה,מחלבות המושבה בעמ,,,"ק""ג",1,,true,1,39.90,39.90,false,1,
5079238,true,פטה עיזים מעודנת צוריאל 16%,*החברה המרכזית להפצת משקאותבעמ,,,"ק""ג",1,,true,1,89.90,89.90,false,1,
5079320,true,בולגרית 24%,*החברה המרכזית להפצת משקאותבעמ,,,"ק""ג",1,,true,1,54.90,54.90,false,1,
5100066,true,בייגל רגיל אמריקאי,ג נרל מילס ישראל בעמ,,,"י""ח",1,,false,1,4.30,4.30,true,1,
5113222,true,מיקס זיתים 2 A יבנה,קבוצת יבנה מוצרי מזון בעמ,,,"י""ח",1,,false,1,9.80,9.80,false,1,
5358739,true,בשר ראש קפוא חלק,נטו מלינדה סחר בעמ,,,"ק""ג",1,,true,1,79.90,79.90,false,1,
5358883,true,שריר בשר  מס `8   חלק.,נטו מלינדה סחר בעמ,,,"ק""ג",1,,true,1,32.90,32.90,false,1,
5384899,true,בסגנון פטה ים תיכונית 19%שומן שקיל,ג.וילי פוד אינטרנשיונל בעמ,,,"ק""ג",1,,true,1,22.90,22.90,true,1,
5431883,true,מלבי חלבי 165ג. תנובה,תנובה בעמ ***,,,"י""ח",165,"ל  מ""ל",false,1,7.90,4.79,false,1,
5431913,true,עוגת גבינה פירורים 92ג(. תנובה),תנובה בעמ ***,,,"י""ח",92,"ל  מ""ל",false,1,7.90,8.59,false,1,
5431968,true,מלבי שמנת 150ג,תנובה בעמ ***,,,"י""ח",150,"ל  מ""ל",false,1,7.60,5.07,false,1,
5543296,true,שריר הזרוע 8 בקר קפוא מחפוד,עוף ירושלים שיווק בעמ,,,"ק""ג",1,,true,1,54.90,54.90,false,1,
5555502,true,אריזת פקדון 30 אגורות,שונות /שרות,,,"י""ח",1,,false,1,0.30,0.30,false,1,
5559990,true,בצק פילאס טורקי,תנובה בשר,,,"י""ח",600,ל  גרם,false,1,22.90,3.82,false,1,
5678318,true,ענב טלי בוטיק אוטם קריספי,ביכורי השדה צפון 1994 ג.ד. בעמ,,,"ק""ג",1,,true,1,22.90,22.90,false,1,
5678585,true,ענב סקרלוטה אדום מארז,ביכורי השדה צפון 1994 ג.ד. בעמ,,,"ק""ג",1,,true,1,18.90,18.90,false,1,
5678608,true,ענבים אדומים טלי,ביכורי השדה צפון 1994 ג.ד. בעמ,,,"ק""ג",1,,true,1,18.90,18.90,false,1,
5854040,true,אסקימו משמש,גלידות שטראוס בעמ,,,"י""ח",1,,false,1,2.90,2.90,true,1,
5896453,true,"מכבי  7.9% 500מ""ל בקבוק חוזר",טמפו משקאות בעמ,,,"י""ח",500,"ל  מ""ל",false,1,7.30,1.22,false,1,
5896620,true,סן בנדטו ירוק 1.5 ליטר מוגז בודד,טמפו משקאות בעמ,,,"י""ח",1.50,ליטר,false,1,3.80,2.33,false,1,
5966088,true,"~יין הר חרמון אדום 750 מ""ל.",היכל היין שקד גולן בעמ,,,"י""ח",750,"ל  מ""ל",false,1,36.90,4.88,true,1,
5996030,true,פסטרמה בטיבול שוארמה 300ג,מעדני יחיעם 1993 בעמ,,,"י""ח",300,ל  גרם,false,1,29.90,9.97,false,1,
6271174,true,ג חנון  בצק}מעדנות 700 ג,תנובה בשר,,,"י""ח",700,ל  גרם,false,1,18.90,2.70,false,1,
6342645,true,טורטיה גדולה 840 ג  12 יח`,דין שיווק וקליה 2021 בעמ,,,"י""ח",840,ל  גרם,false,1,14.90,1.77,false,1,
6640024,true,מגש קרטון קטן,צבע ומכחול (2014) בעמ,,,"י""ח",1,,false,1,4.90,4.90,false,1,
6681003,true,קרמיסימו 1.33 ל  סורבט,גלידות שטראוס בעמ,,,"י""ח",1,,false,1,18.90,18.90,false,1,
6696595,true,מסורת,יקבי טפרברג 1870 בעמ,,,"י""ח",1,ליטר,false,1,21.90,21.90,false,1,
6739131,true,בצק פילו 500גר זוגלובק,זוגלובק שיווק בעמ,,,"י""ח",500,ל  גרם,false,1,14.90,2.98,true,1,
6739407,true,שניצל תירס לייט 600גר`,זוגלובק שיווק בעמ,,,"י""ח",600,ל  גרם,false,1,25.90,4.32,true,1,
6739445,true,שניצל תירס קלאסי  750גר`,זוגלובק שיווק בעמ,,,"י""ח",750,ל  גרם,false,1,27.90,3.72,true,1,
6764058,true,"בירה נשר לבנה 500  מ""ל}חוזר{",טמפו משקאות בעמ,,,"י""ח",500,"ל  מ""ל",false,1,5,0.76,false,1,
6764065,true,נשר מאלט }500 חוזר{,טמפו משקאות בעמ,,,"י""ח",500,"ל  מ""ל",false,1,5.50,0.86,true,1,
6764072,true,"גולדסטאר 500  מ""ל}חוזר{",טמפו משקאות בעמ,,,"י""ח",500,"ל  מ""ל",false,1,7.90,1.34,false,1,
6775801,true,רוגלך 400גרם,אחדות בעמ,,,"י""ח",400,ל  גרם,false,1,13.90,3.48,false,1,
6775894,true,עוגת שיש ללא סוכר,אחדות בעמ,,,"י""ח",450,ל  גרם,false,1,11.90,2.64,false,1,
6784339,true,"תרסיס רהיט 300מ""ל",קומפלקס כימיקלסבעמ ~~~,,,"י""ח",300,"ל  מ""ל",false,1,9.90,3.30,false,1,
6784360,true,מס  1 לניקוי חלונות 1 ליטר,קומפלקס כימיקלסבעמ ~~~,,,"י""ח",1,ליטר,false,1,6.90,6.90,false,1,
6804754,true,פרצל,ג נרל מילס ישראל בעמ,,,"י""ח",150,ל  גרם,false,1,4.50,3,true,1,
6805362,true,חצי בגט מאפית אפיה מקומית.,ג נרל מילס ישראל בעמ,,,"י""ח",1,,false,1,3.30,3.30,true,1,
6806444,true,בייגל אמריקאי,לפ לפ פילסברי,,,"י""ח",1,,false,1,4.50,4.50,false,1,
6941466,true,שמן קנולה 1 ליטר שווה,ח.כהן סוכנויות מזון ומשקאות***,,,"י""ח",1,ליטר,false,1,10.90,10.90,false,1,
8000796,true,סופרמן משחת שיניים לילדים,גורי ע.ע.ע. בעמ,,,"י""ח",1,,false,1,10.90,10.90,false,1,
8101318,true,קריספי פירורי לחם זהוב 300גר,א.ל.יצור ושיווקתבלינים בעמ,,,"י""ח",300,ל  גרם,false,1,6.90,2.30,true,1,
8101356,true,קריספי פאנקו זהוב 300גר,א.ל.יצור ושיווקתבלינים בעמ,,,"י""ח",300,ל  גרם,false,1,9.90,3.30,true,1,
8175814,true,"פטריות חתוך 400 גרם 8""",ג.וילי פוד אינטרנשיונל בעמ,,,"י""ח",400,ל  גרם,false,1,5.40,1.35,false,1,
8345156,true,פילה מקרוסקה 2.5 קג שקיל,נטו מלינדה סחר בעמ,,,"ק""ג",1,,true,1,125,125,false,1,
8345163,true,מקרל שלם 2.5 קג שקיל,נטו מלינדה סחר בעמ,,,"ק""ג",1,,true,1,104.90,104.90,false,1,
8347730,true,סלמון הילטון מצונן,נטו מלינדה סחר בעמ,,,"ק""ג",1,,true,1,205,205,false,1,
8464208,true,"מכבי  7.9% 330מ""ל בקבוק",טמפו משקאות בעמ,,,"י""ח",1.98,ליטר,false,1,7.30,3.54,false,1,
8464222,true,"מכבי  7.9% 500מ""ל פחית",טמפו משקאות בעמ,,,"י""ח",0.50,ליטר,false,1,8,15.40,false,1,
8464673,true,"גולדסטאר פחית 500 מ""ל Slowbrew 10%",טמפו משקאות בעמ,,,"י""ח",500,"ל  מ""ל",false,1,8.50,1.64,false,1,
8464741,true,גולדסטאר  330 מייל שישייה.,טמפו משקאות בעמ,,,"י""ח",1980,"ל  מ""ל",false,1,33.90,1.62,true,1,
8464796,true,היינקן   שישיה}בקבוק 330 מייל,טמפו משקאות בעמ,,,"י""ח",1.98,ליטר,false,1,39.90,19.24,true,1,
8466806,true,מארז שניק וניל 500ג מחנה יהודה,הלל בן הלל שיווק ומסחר בעמ,,,"י""ח",500,ל  גרם,false,1,17.90,3.58,true,1,
8747547,true,"תפוצ יפס קראנץ טבעי 200ג כשל""פ","שטראוס פריטו ליי בע""מ",,,"י""ח",200,ל  גרם,false,1,11.50,5.75,true,1,
8757072,true,פחית שוופס תות,יפאורה שותפות מוגבלת לשיווק,,,"י""ח",330,"ל  מ""ל",false,1,4.90,1.39,true,1,
8801522,true,K.D קונקורד,אגודת הכורמים,,,"י""ח",750,"ל  מ""ל",false,1,21.90,2.88,true,1,
8801539,true,K.D כרמל 120.,אגודת הכורמים,,,"י""ח",750,"ל  מ""ל",false,1,21.90,2.88,true,1,
8801546,true,K.D מוסקט כרמל 0.75 ל,אגודת הכורמים,,,"י""ח",750,"ל  מ""ל",false,1,21.90,2.88,true,1,
8801843,true,סלקטד קברנה  סובניון 0.75,אגודת הכורמים,,,"י""ח",750,"ל  מ""ל",false,1,29.90,3.95,true,1,
8802291,true,"PC מרלו פ.קולקשיין 750מ""ל",אגודת הכורמים,,,"י""ח",750,"ל  מ""ל",false,1,39.90,5.28,true,1,
8802512,true,VINO אדום כרמל 750,אגודת הכורמים,,,"י""ח",750,"ל  מ""ל",false,1,21,2.76,true,1,
8802529,true,VINO לבן כרמל 0.75 ל,אגודת הכורמים,,,"י""ח",750,"ל  מ""ל",false,1,21,2.76,true,1,
8802895,true,PC קברנה סובניון 0.75 ל,אגודת הכורמים,,,"י""ח",750,"ל  מ""ל",false,1,39.90,5.28,true,1,
8803021,true,יין אדום עתיק 750,אגודת הכורמים,,,"י""ח",750,"ל  מ""ל",false,1,23.90,3.15,true,1,
8804332,true,"PC  שיראז 750מ""ל",אגודת הכורמים,,,"י""ח",750,"ל  מ""ל",false,1,39.90,5.28,true,1,
8805049,true,סלקטד רוזה  0.75 ל,אגודת הכורמים,,,"י""ח",750,"ל  מ""ל",false,1,29.90,3.95,true,1,
8805384,true,".יין מוסקטו   סלקטד 750מ""ל",אגודת הכורמים,,,"י""ח",750,"ל  מ""ל",false,1,29.90,3.95,true,1,
8805520,true,סלקטד קברנה מרלו  0.75 ל,אגודת הכורמים,,,"י""ח",750,"ל  מ""ל",false,1,29.90,3.95,true,1,
8835992,true,פילה נסיכת הנילוס פרוס,בלדי בעמ,,,"ק""ג",1,"ק""ג",true,1,62.90,62.90,false,1,
8836494,true,מיץ ענבים תירוש 1 ליטר יבול נוכרי,יקבי טפרברג 1870 בעמ,,,"י""ח",1,ליטר,false,1,16.90,16.90,true,1,
8899093,true,לחם איטלקי,ג נרל מילס ישראל בעמ,,,"י""ח",1,,false,1,7.90,7.90,false,1,
8899321,true,חלה רגילה קלועה (אפיה מקומית).,ג נרל מילס ישראל בעמ,,,"י""ח",570,ל  גרם,false,1,10.90,1.91,true,1,
8899345,true,שמינייה כפרית קלועה פילסבר..,ג נרל מילס ישראל בעמ,,,"י""ח",1,,false,1,3.90,3.90,true,1,
8899376,true,לחמניה פילסברי קשר.אפיה מקומית,ג נרל מילס ישראל בעמ,,,"י""ח",1,,false,1,2.50,2.50,true,1,
8899437,true,בייגל שונים פילסברי,ג נרל מילס ישראל בעמ,,,"י""ח",100,ל  גרם,false,1,4.50,4.50,false,1,
8899505,true,בגט ארוך לבן (אפיה מקומית),ג נרל מילס ישראל בעמ,,,"י""ח",250,ל  גרם,false,1,4.50,1.80,true,1,
8899512,true,בגט כפרי (אפיה מקומית),ג נרל מילס ישראל בעמ,,,"י""ח",1,,false,1,4.50,4.50,true,1,
8989091,true,פריכיות אורז שלישיה B D,בטר אנד דיפרנט בעמ,,,"י""ח",310,ל  גרם,false,1,13.90,4.48,false,1,
13580160,true,אסאדו מס9 מוכשר ברזיל קפוא,בלדי בעמ,,,"ק""ג",1,"ק""ג",true,1,49.90,49.90,false,1,
14205017,true,"צלחת   קטנות""שווה""50יח",ח.כהן סוכנות מזון ומשקאות בע,,,"י""ח",30,"י""ח",false,1,10.90,0.36,false,1,
42061939,true,"בירה בק`ס 500מ""ל בקבוק",הכרם משקאות חריפים בעמ,,,"י""ח",500,"ל  מ""ל",false,1,9.90,1.92,false,1,
50398911,true,"תחליב חמצן 9% 60מ""ל",הנקל סוד בעמ,,,"י""ח",1,,false,1,5.10,5.10,false,1,
59079811,true,"רקסונה רול און 50מ""ל",יוניליוור ישראל שיווק בעמ,,,"י""ח",50,"ל  מ""ל",false,1,15.90,31.80,true,1,
72940754,true,"מילקי וניל רובין כשל""פ 135גר","שטראוס גרופ ***בע""מ",,,"י""ח",130,"ל  מ""ל",false,1,2.90,2.23,true,1,
72940761,true,"מילקי   שוקו}שטראוס{רובין כשל""פ","שטראוס גרופ ***בע""מ",,,"י""ח",130,"ל  מ""ל",false,1,2.90,2.23,true,1,
72940952,true,מילקי פי2 קצפת 111גר,"שטראוס גרופ ***בע""מ",,,"י""ח",111,ל  גרם,false,1,3.90,3.51,true,1,
72940976,true,כרוב  אדום}אחלה{,"שטראוס גרופ ***בע""מ",,,"י""ח",250,ל  גרם,false,1,7.40,2.96,true,1,
72940983,true,חומוס אחלה 250 גר.,"שטראוס גרופ ***בע""מ",,,"י""ח",250,ל  גרם,false,1,6.90,2.76,true,1,
72941041,true,מיני מילקי שוקו,"שטראוס גרופ ***בע""מ",,,"י""ח",130,"ל  מ""ל",false,1,2,1.54,true,1,
72945308,true,שמרים קוביות 50,"שטראוס גרופ ***בע""מ",,,"י""ח",50,ל  גרם,false,1,3.80,7.60,true,1,
72961209,true,שמנית*,תנובה בעמ ***,,,"י""ח",200,"ל  מ""ל",false,1,2.40,1.20,false,1,
72961223,true,גילה*,תנובה בעמ ***,,,"י""ח",200,"ל  מ""ל",false,1,1.51,0.76,false,1,
72961506,true,"פרילי תות 125 מ""ל",תנובה בעמ ***,,,"י""ח",125,"ל  מ""ל",false,1,3.50,2.80,false,1,
72961544,true,באדי תות,תנובה בעמ ***,,,"י""ח",125,"ל  מ""ל",false,1,3,2.40,false,1,
72964132,true,טבעגורט,תנובה בעמ ***,,,"י""ח",200,"ל  מ""ל",false,1,5.20,2.60,false,1,
72986370,true,גלידה פיינטים וניל,מוצרי איכות אמריקאיים בעמ,,,"י""ח",500,"ל  מ""ל",false,1,19.90,3.98,true,1,
72986424,true,גלידה פיינטים קרם עוגיות,מוצרי איכות אמריקאיים בעמ,,,"י""ח",750,"ל  מ""ל",false,1,19.90,2.65,true,1,
72989425,true,גלידה פיינטים שוקולד בראוניס,מוצרי איכות אמריקאיים בעמ,,,"י""ח",750,"ל  מ""ל",false,1,19.90,2.65,true,1,
72991374,true,טיים בודד,דובק בעמ,,,"י""ח",1,,false,1,29.30,29.30,false,1,
72991886,true,גלידה פיינטים דולציה דה לצ ה,מוצרי איכות אמריקאיים בעמ,,,"י""ח",500,"ל  מ""ל",false,1,19.90,3.98,true,1,
80773429,true,מנטוס טעם תות בקבוק 60ג,ליימן שליסל,,,"י""ח",60,ל  גרם,false,1,9.90,16.50,true,1,
80773443,true,מנטוס טעם פירות מנטה  בקבוק 60ג,ליימן שליסל,,,"י""ח",60,ל  גרם,false,1,9.90,16.50,true,1,
80790990,true,מנטוס טעם מנטה  עדין בקבוק 60ג,ליימן שליסל,,,"י""ח",60,ל  גרם,false,1,9.90,16.50,true,1,
80831402,true,סוכריות מנטה עדינה ללא סוכר,ליימן שליסל,,,"י""ח",100,ל  גרם,false,1,6.90,6.90,true,1,
80832560,true,סוכריות מנטוס מרעננות ללא סוכר פירות י,ליימן שליסל,,,"י""ח",93,ל  גרם,false,1,6.90,7.42,true,1,
80843184,true,מנטוס טעם ענבים  בקבוק 60ג,ליימן שליסל,,,"י""ח",60,ל  גרם,false,1,9.90,16.50,true,1,
80854753,true,סוכריות מנטה ללא סוכר,ליימן שליסל,,,"י""ח",100,ל  גרם,false,1,6.90,6.90,true,1,
80864295,true,מנטוס בוקס וואיט מנטה עדינה  30 יח`,ליימן שליסל,,,"י""ח",60,ל  גרם,false,1,9.90,16.50,true,1,
80896081,true,מנטוס טעם אבטיח בקבוק 60ג,ליימן שליסל,,,"י""ח",60,ל  גרם,false,1,9.90,16.50,true,1,
80913467,true,מנטוס טעם מנטה בקבוק 60ג,ליימן שליסל,,,"י""ח",60,ל  גרם,false,1,9.90,16.50,true,1,
80979128,true,מנטוס טעם דובדבן  בקבוק 60ג,ליימן שליסל,,,"י""ח",60,ל  גרם,false,1,9.90,16.50,true,1,
80982470,true,מנטוס טעם מנטה חזק בקבוק 60ג,ליימן שליסל,,,"י""ח",60,ל  גרם,false,1,9.90,16.50,true,1,
80995128,true,מנטוס טעם הדרים בתוספת ויטמין D,ליימן שליסל,,,"י""ח",60,ל  גרם,false,1,9.90,16.50,true,1,
87108538,true,מנטוס גלילים תות,ליימן שליסל,,,"י""ח",37,ל  גרם,false,1,3.30,8.92,false,1,
87108712,true,מנטוס פירות 1\4,ליימן שליסל,,,"י""ח",150,ל  גרם,false,1,11.90,7.93,false,1,
87311396,true,מנטוס גלילים מיקס פירות,ליימן שליסל,,,"י""ח",37.50,ל  גרם,false,1,3.30,8.80,false,1,
8888888888,true,1311,לפ הוצ בולט תעשיו,,,"י""ח",1,,false,1,13.11,13.11,false,1,
16000281684,true,נייטשר קראנצ`י פקאן 1/5,ליימן שליסל,,,"י""ח",210,ל  גרם,false,1,19.90,9.48,true,1,
16000423534,true,נייטשר קראנצ`י ש.שועל ושוקולד מריר 1/5,ליימן שליסל,,,"י""ח",210,ל  גרם,false,1,19.90,9.48,true,1,
16000548404,true,נייטשר קראנצ`י שיבולת שועל ודבש 1/5,ליימן שליסל,,,"י""ח",210,ל  גרם,false,1,19.90,9.48,true,1,
16000548503,true,חטיף ניצ`ר ואלי  מייפל בסוכר חום,ליימן שליסל,,,"י""ח",210,ל  גרם,false,1,19.90,9.48,true,1,
16000548602,true,נייטשר קראנצ`י קינמון 1/5,ליימן שליסל,,,"י""ח",210,ל  גרם,false,1,19.90,9.48,true,1,
16000548909,true,נייטשר קראנצ`י בריאות מעורב 1/5,ליימן שליסל,,,"י""ח",210,ל  גרם,false,1,19.90,9.48,true,1,
18000766413,true,תערובת לבראוניס,ליימן שליסל,,,"י""ח",609,ל  גרם,false,1,17.90,2.94,false,1,
25675120037,true,מקלות חמוצות 100,גורי ע.ע.ע. בעמ,,,"י""ח",100,ל  גרם,false,1,9.90,9.90,false,1,
31200001597,true,חמוציות אושן ספריי 170גר,ליימן שליסל,,,"י""ח",170,ל  גרם,false,1,14.50,8.53,true,1,
34000544028,true,ממתק בטעם תות 198ג,ליימן שליסל,,,"י""ח",198,ל  גרם,false,1,7.90,3.99,false,1,
34000544431,true,ליקרויץ 198 גרם -דובדבן,ליימן שליסל,,,"י""ח",1,,false,1,7.90,7.90,false,1,
35000458476,true,קולגייט מברשת ילדים מארז רביעייה,ש.שסטוביץ בעמ,,,"י""ח",1,,false,1,24.90,24.90,false,1,
37600207256,true,חמאת בוטנים סקיפי עם שברי בוטנים 462 ג,דיפלומט מפיצים (1968) בעמ**,,,"י""ח",462,ל  גרם,false,1,20.90,4.52,false,1,
37977050059,true,זוג מוצצים 0-2בנים  ננו סיליקון,אלפא קוסמטיקה,,,"י""ח",1,,false,1,34.90,34.90,false,1,
38000232183,true,7290002929642פרינגלס אוריגינל 149 גר`.,דיפלומט מפיצים (1968) בעמ**,,,"י""ח",149,ל  גרם,false,1,9.90,6.64,true,1,
44600300580,true,קלין אפ פרש 946 מ``ל,גורי מוצרי צריכה בעמ,,,"י""ח",946,"ל  מ""ל",false,1,21.90,2.32,false,1,
50000170180,true,פריסקיז עוף ברוטב 156גר`,קבוצת אוסם סחר-שות.מוגבלת,,,"י""ח",156,ל  גרם,false,1,8.40,5.38,false,1,
50000225224,true,פריסקיז פריים פילה הודו ברוטב 156גר`,קבוצת אוסם סחר-שות.מוגבלת,,,"י""ח",156,ל  גרם,false,1,7.90,5.06,false,1,
50000292592,true,פנסי פיסט סלמון וסול ברוטב עשיר 85גר,קבוצת אוסם סחר-שות.מוגבלת,,,"י""ח",85,ל  גרם,false,1,7.20,8.47,false,1,
50000429646,true,פנסי פיסט טעם טונה,קבוצת אוסם סחר-שות.מוגבלת,,,"י""ח",85,ל  גרם,false,1,7.40,8.71,false,1,
77245110610,true,סוכריות מאסט מנטה ללא סוכ,"שטראוס גרופ בע""מ",,,"י""ח",80,ל  גרם,false,1,8.90,11.13,true,1,
77975095263,true,סניידרס שברי בייגל גבינת צ`דר 319גר,ליימן שליסל,,,"י""ח",319,ל  גרם,false,1,15.90,4.98,true,1,
79400461704,true,"אקס שמפו לגבר 2ב1ש מנטה 473מ""ל",יוניליוור ישראל שיווק בעמ,,,"י""ח",473,"ל  מ""ל",false,1,17.90,3.78,false,1,
80432402931,true,"וויסקי שיבאס רגאל 700מ""ל",טמפו משקאות בעמ,,,"י""ח",700,"ל  מ""ל",false,1,119.90,17.09,true,1,
80518810247,true,פרסים,שמחה זה אנחנו,,,"י""ח",1,,false,1,15,15,false,1,
195480030088,true,בלוק צימקאו מריר 300גר,תה ויסוצקי (ישראל)בעמ,,,"י""ח",300,ל  גרם,false,1,8.90,2.97,false,1,
633016004023,true,פרחי ברוקולי מוקפאים,לפ עת-רן (1996 ) בעמ,,,,1,,false,1,32.90,32.90,false,1,
633016004047,true,כרובית 680 גר`מהדרין,לפ עת-רן (1996 ) בעמ,,,"י""ח",680,ל  גרם,false,1,30.90,4.54,false,1,
693493034487,true,פילה סרדין בשמן זית,ויצמן פרימיום בעמ,,,"י""ח",125,ל  גרם,false,1,6.50,5.20,false,1,
710069006867,true,סנדוויץ עוגיות וניל הדר 150גר,ח.כהן סוכנות מזון ומשקאות בע,,,"י""ח",150,ל  גרם,false,1,3.90,2.60,false,1,
748855429859,true,עגלה משולבת,כוכב נולד פלוס נתיבות בעמ,,,"י""ח",1,,false,1,999,999,false,1,
753182231761,true,משקה אנרגיה בלו סיקס ללא סוכר,בני פאוזי שמשום (2009) בעמ,,,"י""ח",250,"ל  מ""ל",false,1,4.50,1.68,true,1,
768404001640,true,גלידה פיינטים קפה,מוצרי איכות אמריקאיים בעמ,,,"י""ח",500,"ל  מ""ל",false,1,19.90,3.98,true,1,
769904000997,true,"שקדי מרק דג""ש ללא גלוטן 200ג",נטורפוד בעמ,,,"י""ח",200,ל  גרם,false,1,13.90,6.95,false,1,
786150000281,true,"לף בראון בקבוק 330מ""ל 1/6",תימקו בירה בעמ,,,"י""ח",330,"ל  מ""ל",false,1,49.90,14.58,true,1,
835811002215,true,גביעי מאפינס צבעוני 200יח מס4,הנמל אריזות ושווק בעמ,,,"י""ח",1,,false,1,9.50,9.50,false,1,
835811002239,true,גביעי מאפינס צבעוני 200יח מס3,הנמל אריזות ושווק בעמ,,,"י""ח",1,,false,1,7.90,7.90,false,1,
835811004417,true,ריבת חלב 340ג,הנמל אריזות ושווק בעמ,,,"י""ח",340,ל  גרם,false,1,13.90,4.09,false,1,
835811004424,true,חלב מרוכז  340ג,הנמל אריזות ושווק בעמ,,,"י""ח",340,ל  גרם,false,1,13.90,4.09,false,1,
839762000658,true,איילנד גויאבה 1 ליטר,טמפו משקאות בעמ,,,"י""ח",1,ליטר,false,1,13.20,13.20,true,1,
856591000055,true,עבאדי עוגיות מזרחיות קריספי  -400,תה ויסוצקי (ישראל)בעמ,,,"י""ח",400,ל  גרם,false,1,17.90,4.48,false,1,
856591000062,true,עבאדי עוגיות מזרחיות מלח  -400,תה ויסוצקי (ישראל)בעמ,,,"י""ח",400,ל  גרם,false,1,18.90,4.73,false,1,
856591000109,true,עבאדי עוגיות מזרחיות פריך במיוחד 400גר,תה ויסוצקי (ישראל)בעמ,,,"י""ח",400,ל  גרם,false,1,18.90,4.73,false,1,
856591000512,true,עוגיות מזרחיות מקלות לניגוב 400גר`,תה ויסוצקי (ישראל)בעמ,,,"י""ח",400,ל  גרם,false,1,17.90,4.48,true,1,
856591000918,true,מארז עבאדי חטיף טבעי 80גר,תה ויסוצקי (ישראל)בעמ,,,"י""ח",320,ל  גרם,false,1,14.90,4.66,false,1,
856591000949,true,עבאדי קטנטנים מאפה חיטה מלוח 350גר,תה ויסוצקי (ישראל)בעמ,,,"י""ח",350,ל  גרם,false,1,16.90,4.83,true,1,
3059943016507,false,אירוויק ספריי לבנדר,רקיט בנקיזר (ניר איסט) בעמ,,,"י""ח",300,"ל  מ""ל",false,1,10.90,3.63,true,1,
3059943016569,false,אירוויק ספריי פריסיה ויסמין,רקיט בנקיזר (ניר איסט) בעמ,,,"י""ח",300,"ל  מ""ל",false,1,10.90,3.63,true,1,
3141360054405,false,פיניש ציטרופרש לימון,רקיט בנקיזר (ניר איסט) בעמ,,,"י""ח",27,ל  גרם,false,1,16.90,62.59,true,1,
3282554138911,false,כפיות לבן 100יח  שווה,ח.כהן סוכנות מזון ומשקאות בע,,,"י""ח",100,"י""ח",false,1,6.90,0.07,false,1,
3282554174841,false,מזלגות לבן 100יח  שווה,ח.כהן סוכנות מזון ומשקאות בע,,,"י""ח",100,"י""ח",false,1,9.90,0.10,false,1,
3282554174957,false,כפות לבן 100יח  שווה,ח.כהן סוכנות מזון ומשקאות בע,,,"י""ח",100,"י""ח",false,1,9.90,0.10,false,1,
3387390525960,false,קראנץ  500גר`,קבוצת אוסם סחר-שות.מוגבלת,,,"י""ח",500,ל  גרם,false,1,25,5,true,1,
3480341002685,false,טרטר אפרטיף בנוסח פרובנס 100גר,א. סיימן סחר בעמ,,,"י""ח",10000,ל  גרם,false,1,19.90,0.20,false,1,
3480341002692,false,טרטר אפרטיף בנוסח איטלקי 100גר,א. סיימן סחר בעמ,,,"י""ח",100,ל  גרם,false,1,19.90,19.90,false,1,
3574661003924,false,"ליסטרין טוטל קאר  500 מ""ל",שקד תבל בעמ,,,"י""ח",500,"ל  מ""ל",false,1,19.90,3.98,true,1,
3574661114637,false,"ליסטרין זירו  500 מ""ל",שקד תבל בעמ,,,"י""ח",500,"ל  מ""ל",false,1,17.90,3.58,true,1,
3574661485201,false,טמפוני OB 32,ש.שסטוביץ בעמ,,,"י""ח",1,,false,1,24.90,24.90,false,1,
3574661485218,false,טמפוני OB 32+8,ש.שסטוביץ בעמ,,,"י""ח",1,,false,1,24.90,24.90,false,1,
3574661487618,false,קרפרי מקסי לארג  מבושם 48יח,ש.שסטוביץ בעמ,,,"י""ח",1,,false,1,16.90,16.90,true,1,
3574661552576,false,קרפרי מגן תחתון רגיל טנגה לבן 56יח`,ש.שסטוביץ בעמ,,,"י""ח",1,,false,1,16.90,16.90,true,1,
3600541956223,false,גרנייה פיור אקטיב מברשת,לוריאל ישראל קוסמטיקס בעמ,,,"י""ח",1,,false,1,29.90,29.90,false,1,
3614224056537,false,דאו`ספריי אישה דרי מקס אנטנסיב,דנשר (1963) בעמ,,,"י""ח",1,,false,1,14.90,14.90,false,1,
3661163991344,false,ספריי נשים A3 דריי מקס פרו קליר 200,דנשר (1963) בעמ,,,"י""ח",1,,false,1,14.90,14.90,false,1,
4000417101273,false,אמיצ`לי גלילי וופל עם קרם 300ג,ליימן שליסל,,,"י""ח",300,ל  גרם,false,1,34.90,11.63,true,1,
4000417629616,false,ריטר ספורט שקדים מקורמלים,ליימן שליסל,,,"י""ח",100,ל  גרם,false,1,8.90,8.90,true,1,
4000417692313,false,ריטר ספורט קינמון קריספי לבן 100ג,ליימן שליסל,,,"י""ח",100,ל  גרם,false,1,8.90,8.90,true,1,
4000417694119,false,ריטר ספורט קפה קריספי 100ג,ליימן שליסל,,,"י""ח",100,ל  גרם,false,1,8.90,8.90,true,1,
4004666107819,false,"מלרוד מרסס לניקוי וטיהור המזגן 500מ""ל",יעקב יעקבי ובניו בעמ,,,"י""ח",500,"ל  מ""ל",false,1,25.90,5.18,false,1,
4005808366392,false,שפתון לבלו כחול,אלפא ב.ד.ף בעמ,,,"י""ח",1,,false,1,11.90,11.90,true,1,
4005808368280,false,שפתון לבלו דובדבן,אלפא ב.ד.ף בעמ,,,"י""ח",1,"י""ח",false,1,11.90,11.90,true,1,
4005808502004,false,שפתון לבלו ורוד,אלפא ב.ד.ף בעמ,,,"י""ח",1,"י""ח",false,1,11.90,11.90,true,1,
4005808698103,false,תחליב גוף SMOOTH ניוואה,אלפא ב.ד.ף בעמ,,,"י""ח",500,ל  גרם,false,1,29.90,5.98,true,1,
4005808702107,false,תחליב גוף לעור יבש ניוואה,אלפא ב.ד.ף בעמ,,,"י""ח",500,ל  גרם,false,1,29.90,5.98,true,1,
4009309740422,false,רסק תפוחים 700ג,נטורפוד בעמ,,,"י""ח",700,ל  גרם,false,1,15.90,2.27,false,1,
4009900013581,false,מארז חמישיית אורביט סטיקס ספירמינט,מרס ריגלי ישראל בעמ,,,"י""ח",5,"י""ח",false,1,9.90,1.98,false,1,
4009900403023,false,אורביט בקבוקון WHITE טעם מנטה,מרס ריגלי ישראל בעמ,,,"י""ח",90,ל  גרם,false,1,10.50,11.67,true,1,
4009900420129,false,אורביט בקבוקון פרופשיונל פפרמינט,מרס ריגלי ישראל בעמ,,,"י""ח",90,ל  גרם,false,1,10.50,11.67,true,1,
4009900426121,false,איירוויבז בקבוקון טעם אוכמניות,מרס ריגלי ישראל בעמ,,,"י""ח",90,ל  גרם,false,1,10.50,11.67,true,1,
4009900455299,false,סוכריות סקיטלס פירות 174ג,מרס ריגלי ישראל בעמ,,,"י""ח",174,ל  גרם,false,1,8.90,5.11,false,1,
4009900482417,false,אורביט בקבוקון באבל מינט,מרס ריגלי ישראל בעמ,,,"י""ח",90,ל  גרם,false,1,10.50,11.67,true,1,
4009900531122,false,אורביט בקבוקון פרופשיונל ספירמינט,מרס ריגלי ישראל בעמ,,,"י""ח",90,ל  גרם,false,1,10.50,11.67,true,1,
4009900531573,false,סוכריות סקיטלס סמודיס  174ג.,מרס ריגלי ישראל בעמ,,,"י""ח",174,ל  גרם,false,1,8.90,5.11,false,1,
4009900532327,false,סוכריות סקיטלס סמודיס  38גר.,מרס ריגלי ישראל בעמ,,,"י""ח",38,ל  גרם,false,1,3,7.89,false,1,
4009900534918,false,סוכריות סקיטלס פירות 141ג,מרס ריגלי ישראל בעמ,,,"י""ח",141,ל  גרם,false,1,8.90,6.31,false,1,
4009900535519,false,אורביט רפרשרס פפרמינט HP,מרס ריגלי ישראל בעמ,,,"י""ח",15,ל  גרם,false,1,3.90,26,false,1,
4009900536257,false,אורביט רפרשרס פפרמינט בקבוקון,מרס ריגלי ישראל בעמ,,,"י""ח",67,ל  גרם,false,1,11.90,17.76,false,1,
4009900536288,false,אורביט רפרשרס ספירמינט בקבוקון,מרס ריגלי ישראל בעמ,,,"י""ח",67,ל  גרם,false,1,11.90,17.76,false,1,
4009900539685,false,פייב באונס בטעם מנטה בקבוקון,מרס ריגלי ישראל בעמ,,,"י""ח",67,ל  גרם,false,1,11.90,17.76,true,1,
4009900539746,false,פייב באונס בטעם אבטיח בקבוקון,מרס ריגלי ישראל בעמ,,,"י""ח",67,ל  גרם,false,1,11.90,17.76,true,1,
4014400144078,false,קנופרס שלשה 75ג,ליימן שליסל,,,"י""ח",75,ל  גרם,false,1,7.90,10.53,false,1,
4014400901788,false,"סוכריות וורטר חמאה 1ק""ג",ליימן שליסל,,,"י""ח",1,"ק""ג",false,1,29.90,29.90,false,1,
4015400564034,false,אולדייז מגה פק לונג פלוס 58 יח`***,דיפלומט מפיצים 1968 בעמ,,,"י""ח",58,"י""ח",false,1,19.90,0.34,true,1,
4015400564454,false,אולדייז מגה פק  לארג `68יח`***,דיפלומט מפיצים 1968 בעמ,,,"י""ח",1,,false,1,19.90,19.90,true,1,
4015400623663,false,פמפרס מגבוני ניו בייבי רביעייה,דיפלומט מפיצים 1968 בעמ,,,"י""ח",4,"י""ח",false,1,19.90,4.98,false,1,
4015400731719,false,אולוויז וליו פק  לילה 20יח`,דיפלומט מפיצים 1968 בעמ,,,"י""ח",1,,false,1,19.90,19.90,true,1,
4015400755241,false,אולוויז וליו פק  נורמל פלוס 28יח`.,דיפלומט מפיצים 1968 בעמ,,,"י""ח",1,,false,1,19.90,19.90,true,1,
4015400755487,false,אולוויז וליו פק  לונג פלוס  24יח`,דיפלומט מפיצים 1968 בעמ,,,"י""ח",1,,false,1,19.90,19.90,true,1,
4015400990482,false,"אריאל אבקת כביסה קולור 3ק""ג",דיפלומט מפיצים 1968 בעמ,,,"י""ח",3,"ק""ג",false,1,34.90,11.63,false,1,
4015600762742,false,"הד שולדרס שמפו קלאסי  500מ""ל",דיפלומט מפיצים 1968 בעמ,,,"י""ח",500,"ל  מ""ל",false,1,21.90,4.38,false,1,
4015600762780,false,"הד שולדרס 2ב1 קלאסי  500מ""ל",דיפלומט מפיצים 1968 בעמ,,,"י""ח",500,"ל  מ""ל",false,1,21.90,4.38,false,1,
4015600762902,false,"הד שולדרס שמפו מנטול 500מ""ל.",דיפלומט מפיצים 1968 בעמ,,,"י""ח",500,"ל  מ""ל",false,1,21.90,4.38,false,1,
4015600762940,false,"הד שולדרס שמפו תפוח   500מ""ל",דיפלומט מפיצים 1968 בעמ,,,"י""ח",500,"ל  מ""ל",false,1,21.90,4.38,false,1,
4015600763022,false,"הד שולדרס שמפו מגע משי  500מ""ל",דיפלומט מפיצים 1968 בעמ,,,"י""ח",500,"ל  מ""ל",false,1,21.90,4.38,false,1,
4015600763251,false,"הד שולדרס שמפו קלאסי 600מ""ל",דיפלומט מפיצים 1968 בעמ,,,"י""ח",600,"ל  מ""ל",false,1,24.90,4.15,false,1,
4015600763299,false,"הד שולדרס שמפו קלאסי 2ב1 600מ""ל",דיפלומט מפיצים 1968 בעמ,,,"י""ח",600,"ל  מ""ל",false,1,24.90,4.15,false,1,
4015600763411,false,"הד שולדרס שמפו מנטול 600מ""ל",דיפלומט מפיצים 1968 בעמ,,,"י""ח",600,"ל  מ""ל",false,1,24.90,4.15,false,1,
4015600763459,false,"הד שולדרס שמפו תפוח 600מ""ל",דיפלומט מפיצים 1968 בעמ,,,"י""ח",600,"ל  מ""ל",false,1,24.90,4.15,false,1,
4015600763534,false,"הד שולדרס שמפו מגע משי 600מ""ל",דיפלומט מפיצים 1968 בעמ,,,"י""ח",600,"ל  מ""ל",false,1,24.90,4.15,false,1,
4015600766658,false,"הד שולדרס שמפו מנטול 2ב1  600מ""ל",דיפלומט מפיצים 1968 בעמ,,,"י""ח",600,"ל  מ""ל",false,1,24.90,4.15,false,1,
4022025261002,false,יין בלו ווין גוורצטרמינר,היכל היין שקד גולן בעמ,,,"י""ח",750,"ל  מ""ל",false,1,49.90,6.61,true,1,
4023800012055,false,מרציפן מצופה 50ג,שוקוטרייד בעמ,,,"י""ח",50,ל  גרם,false,1,5.90,11.80,false,1,
4023800101902,false,טבלאות מרציפן מצופה שוקולד חלב  100ג,שוקוטרייד בעמ,,,"י""ח",100,ל  גרם,false,1,10.90,10.90,false,1,
4023800201909,false,טבלאות מרציפן מצופה  שוקולד מריר100ג,שוקוטרייד בעמ,,,"י""ח",100,ל  גרם,false,1,10.90,10.90,false,1,
4023800592120,false,מרציפן מצופה 125ג אננס,שוקוטרייד בעמ,,,"י""ח",125,ל  גרם,false,1,10.90,8.72,false,1,
4023800601907,false,טבלאות שוקולד חלב קרם קפה 100ג,שוקוטרייד בעמ,,,"י""ח",100,ל  גרם,false,1,10.90,10.90,false,1,
4023800792124,false,מרציפן מצופה 125ג אגוזי מלך,שוקוטרייד בעמ,,,"י""ח",125,ל  גרם,false,1,10.90,8.72,false,1,
4033100024252,false,וינסטון אקווה,גלוברנדס בעמ,,,"י""ח",1,,false,1,31,31,false,1,
4037719068508,false,קוונדיש סוכריות בפחית תות לימון,שוקוטרייד בעמ,,,"י""ח",200,ל  גרם,false,1,10.90,5.45,false,1,
4037719068515,false,קוונדיש סוכריות בפחית אוכמניות תפוח,שוקוטרייד בעמ,,,"י""ח",200,ל  גרם,false,1,10.90,5.45,false,1,
4037719068522,false,קוונדיש סוכריות בפחית דובדבן ליים,שוקוטרייד בעמ,,,"י""ח",200,ל  גרם,false,1,10.90,5.45,false,1,
4045787068221,false,צבע לשיער פרוטאין קולור שחור 1,הנקל סוד בעמ,,,"י""ח",1,,false,1,16.90,16.90,true,1,
4045787068320,false,פרוטאין קולור  חום  5,הנקל סוד בעמ,,,"י""ח",1,,false,1,17.90,17.90,true,1,
4045787068375,false,פרוטאין קולור   בלונד כהה 6,הנקל סוד בעמ,,,"י""ח",1,,false,1,16.90,16.90,true,1,
4045787068467,false,פרוטאין קולור   בלונד  בנוני 7,הנקל סוד בעמ,,,"י""ח",1,,false,1,17.90,17.90,true,1,
4072700001188,false,"בירה פרנסיסקאנר כהה 500מ""ל בקבוק",הכרם משקאות חריפים בעמ,,,"י""ח",500,"ל  מ""ל",false,1,10.90,2.12,true,1,
4084500065598,false,"פנטן קרם לחות לשיער  300מ""ל",דיפלומט מפיצים 1968 בעמ,,,"י""ח",300,"ל  מ""ל",false,1,17.90,5.97,false,1,
4084500854048,false,פיירי לימון 1.24ליטר.,דיפלומט מפיצים 1968 בעמ,,,"י""ח",1.24,ליטר,false,1,15.90,12.82,true,1,
4084500920880,false,פיירי אוריגינל 1.24ליטר,דיפלומט מפיצים 1968 בעמ,,,"י""ח",1.24,ליטר,false,1,15.90,12.82,true,1,
4100470106700,false,חומץ תפוחים אורגני-נטורפוד.,נטורפוד בעמ,,,"י""ח",750,"ל  מ""ל",false,1,23.90,3.19,false,1,
4603400000043,false,וודקה רוסקי סטנדרט 700.,יורוסטנדרט בעמ,,,"י""ח",700,"ל  מ""ל",false,1,69.90,9.94,false,1,
4603928000976,false,"וודקה בלוגה 700מ""ל",טמפו משקאות בעמ,,,"י""ח",700,"ל  מ""ל",false,1,129.90,18.51,true,1,
4605561010312,false,חתיכות פילה הרינג עם שמיר בשמן פלסטיק,דילר בי.אמ.די פורמולה בעמ,,,"י""ח",200,ל  גרם,false,1,10.90,5.45,true,1,
4605561011975,false,חתיכות פילה הרינג בשמן 150גר.,דילר בי.אמ.די פורמולה בעמ,,,"י""ח",150,ל  גרם,false,1,7.90,5.27,false,1,
4605561012613,false,פילה הרינג (קצוץ) בשמן 400גר,דילר בי.אמ.די פורמולה בעמ,,,"י""ח",400,ל  גרם,false,1,15.90,3.98,true,1,
4605561013009,false,פילה הרינג בשמן 400גר,דילר בי.אמ.די פורמולה בעמ,,,"י""ח",400,ל  גרם,false,1,15.90,3.98,true,1,
4750021000133,false,"וודקה סטולי 500מ""ל",הכרם משקאות חריפים בעמ,,,"י""ח",500,"ל  מ""ל",false,1,51.20,10.18,true,1,
4770237057554,false,"חטיף גבינה וניל בד""ץ 40גרגר",דילר בי.אמ.די פורמולה בעמ,,,"י""ח",40,ל  גרם,false,1,5.90,14.75,true,1,
4770237057578,false,"חטיף גבינה שוקולד בד""ץ 40גרגר",דילר בי.אמ.די פורמולה בעמ,,,"י""ח",40,ל  גרם,false,1,5.90,14.75,true,1,
4800888219534,false,דאו סטיק דאב 50ג.,יוניליוור ישראל שיווק בעמ,,,"י""ח",76,ל  גרם,false,1,14.90,19.61,true,1,
4800888219541,false,רקסונה סטיק נשים פאודר דרי 50גר,יוניליוור ישראל שיווק בעמ,,,"י""ח",1,"י""ח",false,1,14.90,14.90,true,1,
4810168018795,false,חתיכות פילה דג הרינג מלוח מצונן 200גר,דילר בי.אמ.די פורמולה בעמ,,,"י""ח",200,ל  גרם,false,1,13.90,6.95,true,1,
4810168045555,false,פילה סלמון מלוח פ.קפוא 100ג מוכן לאכיל,דילר בי.אמ.די פורמולה בעמ,,,"י""ח",100,ל  גרם,false,1,22.90,22.90,false,1,
4810168045562,false,פילה סלמון מעושן פ.קפוא 100ג מוכן לאכילה,דילר בי.אמ.די פורמולה בעמ,,,"י""ח",100,ל  גרם,false,1,22.90,22.90,false,1,
4810168045579,false,פילה פורל מלוח פ.קפוא 100ג מוכן לאכילה,דילר בי.אמ.די פורמולה בעמ,,,"י""ח",100,ל  גרם,false,1,22.90,22.90,false,1,
4810168045586,false,פילה פורל מעושן פ.קפוא 100ג מוכן לאכילה,דילר בי.אמ.די פורמולה בעמ,,,"י""ח",100,ל  גרם,false,1,22.90,22.90,false,1,
4810168045593,false,פילה סלמון מלוח קפוא 200ג מוכן לאכילה,דילר בי.אמ.די פורמולה בעמ,,,"י""ח",200,ל  גרם,false,1,42.90,21.45,false,1,
4810168045609,false,פילה סלמון מעושן קפוא 200ג מוכן לאכילה,דילר בי.אמ.די פורמולה בעמ,,,"י""ח",200,ל  גרם,false,1,42.90,21.45,false,1,
4810168045616,false,פילה פורל מלוח קפוא 200גר מוכן לאכילה,דילר בי.אמ.די פורמולה בעמ,,,"י""ח",200,ל  גרם,false,1,42.90,21.45,false,1,
4810168045623,false,פילה פורל מעושן קפוא 200ג מוכן לאכילה,דילר בי.אמ.די פורמולה בעמ,,,"י""ח",200,ל  גרם,false,1,42.90,21.45,false,1,
4810168055882,false,חתיכות פילה דג הרינג מומלח בשמן מצונן,דילר בי.אמ.די פורמולה בעמ,,,"י""ח",1.20,"ק""ג",false,1,39.90,33.25,false,1,
4810168055899,false,"פילה דג הרינג מומלח בשמן מצונן  1.2ק""ג",דילר בי.אמ.די פורמולה בעמ,,,"י""ח",1.20,"ק""ג",false,1,39.90,33.25,false,1,
4810168055905,false,פילה דג הרינג סקנדינבי מומלח בשמן  1.2,דילר בי.אמ.די פורמולה בעמ,,,"י""ח",1.20,"ק""ג",false,1,39.90,33.25,false,1,
4810168057435,false,פילה הרינג XXL מלוח בשמן מצונן 400גר,דילר בי.אמ.די פורמולה בעמ,,,"י""ח",400,ל  גרם,false,1,26.90,6.73,true,1,
4810168057510,false,חתיכות פילה הרינג מתובל מלוח בשמן 400גר,דילר בי.אמ.די פורמולה בעמ,,,"י""ח",400,ל  גרם,false,1,26.90,6.73,true,1,
4810168058982,false,חתיכות פילה הרינג סקנדינבי בשמן 400גר,דילר בי.אמ.די פורמולה בעמ,,,"י""ח",400,ל  גרם,false,1,26.90,6.73,true,1,
4820034925546,false,"בירה לאנג צאזז לייט  500מ""ל בקבוק",בני פאוזי שמשום (2009) בעמ,,,"י""ח",500,"ל  מ""ל",false,1,3.90,0.72,true,1,
4860019001414,false,"מים מינרלים בורג`ומי 750מ""ל",יורוסטנדרט בעמ,,,"י""ח",750,"ל  מ""ל",false,1,9.20,1.19,false,1,
4860019001421,false,"שישייה מים מינרלים בורג`ומי 750מ""ל",יורוסטנדרט בעמ,,,"י""ח",750,"ל  מ""ל",false,1,46.20,6.12,false,1,
5000146048671,false,סילבו מטליות לניקוי והברקה 75גר,רקיט בנקיזר (ניר איסט) בעמ,,,"י""ח",75,ל  גרם,false,1,20.90,27.87,false,1,
5000157143365,false,"מתבל טעם מיונז וקטשופ 425מ""ל",דיפלומט מפיצים (1968) בעמ**,,,"י""ח",425,ל  גרם,false,1,14.90,3.51,false,1,
5000159376792,false,סוכריות סקיטלס חמוץ 38גר,מרס ריגלי ישראל בעמ,,,"י""ח",38,ל  גרם,false,1,3,7.89,false,1,
5000204048711,false,"קיווי להגנת נעלי ספורט 200מ""ל",דנשר (1963) בעמ,,,"י""ח",200,"ל  מ""ל",false,1,16.90,8.45,false,1,
5000204048742,false,"קיווי לבישום נעלי ספורט 100מ""ל",דנשר (1963) בעמ,,,"י""ח",100,"ל  מ""ל",false,1,16.90,16.90,false,1,
5000204153903,false,"גלייד ספריי אוטומטי 269מ""ל מילוי",דנשר (1963) בעמ,,,"י""ח",269,"ל  מ""ל",false,1,15.90,5.91,false,1,
5000204196689,false,מכשיר חשמלי+נוזל מילוי 90 לילות,דנשר (1963) בעמ,,,"י""ח",1,,false,1,45.90,45.90,false,1,
5000204657913,false,קיווי משחת נעליים בקופסא 50גר שחור,דנשר (1963) בעמ,,,"י""ח",50,ל  גרם,false,1,5.80,11.60,false,1,
5000204661392,false,קיווי משחת נעליים בקופסא 100גר,דנשר (1963) בעמ,,,"י""ח",88,"ל  מ""ל",false,1,9.90,11.25,false,1,
5000267014234,false,"וויסקי ג וני ווקר אדום 700מ""ל",החברה המרכזית להפצת משקאות בעמ,,,"י""ח",700,"ל  מ""ל",false,1,79.90,11.37,false,1,
5000267024233,false,"וויסקי ג`וני ווקר (בלאק) 700מ""ל 40%",החברה המרכזית להפצת משקאות בעמ,,,"י""ח",700,"ל  מ""ל",false,1,129.90,18.51,false,1,
5010026515933,false,מוזלי קריספי פירות ואגוזים  750ג,ליימן שליסל,,,"י""ח",750,ל  גרם,false,1,24.90,3.32,false,1,
5010026519368,false,שיבולת שועל 500גר שקית,ליימן שליסל,,,"י""ח",500,ל  גרם,false,1,7.90,1.58,false,1,
5010182997253,false,RAID ארוסול מקס,דנשר (1963) בעמ,,,"י""ח",400,"ל  מ""ל",false,1,14.90,3.73,false,1,
5010182997338,false,ג ל דאק,דנשר (1963) בעמ,,,"י""ח",55,ל  גרם,false,1,9.90,18,false,1,
5010182997918,false,טואלט דק ג ל אסלה,דנשר (1963) בעמ,,,"י""ח",55,ל  גרם,false,1,9.90,18,false,1,
5010677552387,false,בקרדי בריזר-אננס.,טמפו משקאות בעמ,,,"י""ח",275,"ל  מ""ל",false,1,14.20,5.05,true,1,
5011007003005,false,"גיימסון 700 מ""ל",טמפו משקאות בעמ,,,"י""ח",700,"ל  מ""ל",false,1,99.90,14.23,true,1,
5011417554760,false,אירוויק נטול גז ורדים ואורכידאה,רקיט בנקיזר (ניר איסט) בעמ,,,"י""ח",345,"ל  מ""ל",false,1,14.90,4.32,true,1,
5014271003979,false,מעדן פרי סופר פרוט איכמניות 170ג דלפור,א. סיימן סחר בעמ,,,"י""ח",170,ל  גרם,false,1,15.90,9.35,false,1,
5014271003986,false,מעדן פרי סופר פרוט משמש 170ג דלפור,א. סיימן סחר בעמ,,,"י""ח",170,ל  גרם,false,1,15.90,9.35,false,1,
5014271004228,false,מעדן פרי סופר פרוט דובדבן 170ג דלפור,א. סיימן סחר בעמ,,,"י""ח",170,ל  גרם,false,1,15.90,9.35,false,1,
5014271330426,false,מעדן אוכמניות דלפור,א. סיימן סחר בעמ,,,"י""ח",284,ל  גרם,false,1,23.90,8.42,true,1,
5014271400426,false,מעדן תות שדה דלפור,א. סיימן סחר בעמ,,,"י""ח",284,ל  גרם,false,1,23.90,8.42,true,1,
5029053002408,false,קלינקס  נייר טואלט פרימיום לבן 1/9,קימברלי קלארק ישראל שיווק בעמ,,,"י""ח",1184,ל  גרם,false,1,31.90,2.69,false,1,
5029053039725,false,טישו קלינקס נטורל פרש 72 דף,קימברלי קלארק ישראל שיווק בעמ,,,"י""ח",72,"י""ח",false,1,10.90,0.15,true,1,
5029053510828,false,קוטקס סופר 24 יחידות,קימברלי קלארק ישראל שיווק בעמ,,,"י""ח",24,"י""ח",false,1,18.90,0.79,true,1,
5029053523446,false,קוטקס לילה 20 יחידות,קימברלי קלארק ישראל שיווק בעמ,,,"י""ח",20,"י""ח",false,1,18.90,0.95,true,1,
5029053527574,false,דריי נייטס 4-7 בנים,קימברלי קלארק ישראל שיווק בעמ,,,"י""ח",1,"י""ח",false,1,38.90,38.90,false,1,
5029053527581,false,דריי נייטס 4-7 בנות,קימברלי קלארק ישראל שיווק בעמ,,,"י""ח",1,"י""ח",false,1,38.90,38.90,false,1,
5029053535210,false,קוטקס טמפון+מוליך מיני,קימברלי קלארק ישראל שיווק בעמ,,,"י""ח",1,"י""ח",false,1,27.90,27.90,false,1,
5029053535227,false,קוטקס טמפון+מוליך נורמל,קימברלי קלארק ישראל שיווק בעמ,,,"י""ח",1,"י""ח",false,1,27.90,27.90,false,1,
5060517886486,false,"משקה אנרגיה מונסטר פח 500מ""ל",החברה המרכזית להפצת משקאות בעמ,,,"י""ח",500,"ל  מ""ל",false,1,7,1.34,false,1,
5060639128051,false,"משקה אנרגיה מונסטר Ultra פח 500מ""ל",החברה המרכזית להפצת משקאות בעמ,,,"י""ח",500,"ל  מ""ל",false,1,7,1.34,false,1,
5060639129102,false,"משקה אנרגיה מונסטר מנגו פח 500מ""ל",החברה המרכזית להפצת משקאות בעמ,,,"י""ח",500,"ל  מ""ל",false,1,7,1.34,false,1,
5060751218173,false,"משקה אנרגיה מונסטר פח 500מ""ל",החברה המרכזית להפצת משקאות בעמ,,,"י""ח",500,"ל  מ""ל",false,1,7.50,1.44,false,1,
5099864006377,false,~סימילאק למהדרין שלב 1 900 ג`,שקד תבל בעמ ***,,,"י""ח",900,ל  גרם,false,1,79.90,8.88,true,1,
5099864006391,false,סימילאק למהדרין שלב 3 900 ג`,שקד תבל בעמ ***,,,"י""ח",900,ל  גרם,false,1,79.90,8.88,true,1,
5201304100013,false,"אוזו מיני 700מ""ל",טמפו משקאות בעמ,,,"י""ח",700,"ל  מ""ל",false,1,69.90,9.94,false,1,
5205427014899,false,מיני מאפים במילוי ביונד מיט 300ג,ג.וילי פוד אינטרנשיונל בעמ,,,"י""ח",300,ל  גרם,false,1,36.90,12.30,false,1,
5410076379378,false,"טייד קולור 5ק""ג",דיפלומט מפיצים 1968 בעמ,,,"י""ח",5,"ק""ג",false,1,36.90,7.38,true,1,
5410126006360,false,לוטוס עוגיות סנדוויץ מילוי לוטוס 150ג,דיפלומט מפיצים (1968) בעמ**,,,"י""ח",150,ל  גרם,false,1,9.90,6.60,false,1,
5410126106022,false,לוטוס ביסקויט מארז חג 2*250ג.,דיפלומט מפיצים (1968) בעמ**,,,"י""ח",500,ל  גרם,false,1,17.90,3.58,true,1,
5410126116953,false,ממרח לוטוס קרמל 400ג,דיפלומט מפיצים (1968) בעמ**,,,"י""ח",312,ל  גרם,false,1,22.90,7.34,false,1,
5410126716016,false,לוטוס ביסקויט בטעם קרמל 250 גרם,דיפלומט מפיצים (1968) בעמ**,,,"י""ח",250,ל  גרם,false,1,13.90,5.56,false,1,
5410126726947,false,ממרח  לוטוס קראנץ  עוגיות 380ג,דיפלומט מפיצים (1968) בעמ**,,,"י""ח",380,ל  גרם,false,1,22.90,6.03,false,1,
5410291022752,false,ממרח צ`וקטה פרווה 350ג,ש.שסטוביץ בעמ,,,"י""ח",350,ל  גרם,false,1,10.90,3.11,false,1,
5410291022776,false,ממרח צ`וקטה פרווה 700ג,ש.שסטוביץ בעמ,,,"י""ח",700,ל  גרם,false,1,18.90,2.70,false,1,
5410316994019,false,וודקה סמירנוף אדום 700,החברה המרכזית להפצת משקאות בעמ,,,"י""ח",750,"ל  מ""ל",false,1,62.90,8.35,true,1,
5410769800097,false,"בירה צ`רי  שוף 8%  330מ""ל",הכרם משקאות חריפים בעמ,,,"י""ח",330,"ל  מ""ל",false,1,14.90,4.42,true,1,
5411188112709,false,אלפרו שקדים ללא סוכר 1ל,"שטראוס גרופ בע""מ",,,"י""ח",1,ליטר,false,1,13.90,13.90,true,1,
5411188115366,false,אלפרו משקה שיבולת שועל 1ל,"שטראוס גרופ בע""מ",,,"י""ח",1,ליטר,false,1,13.90,13.90,true,1,
5411188115472,false,אלפרו סויה 1ל אלפרו,"שטראוס גרופ בע""מ",,,"י""ח",1,ליטר,false,1,13.90,13.90,true,1,
5411188124689,false,"אלפרו משקה שיבולת שועל לל""ס 1ל","שטראוס גרופ בע""מ",,,"י""ח",1,ליטר,false,1,13.90,13.90,true,1,
5411188133476,false,"אלפרו משקה סויה שוקו עם חלבון 250מ""ל","שטראוס גרופ בע""מ",,,"י""ח",250,"ל  מ""ל",false,1,6.90,2.76,true,1,
5411188133490,false,"אלפרו משקה סויה קפה קרמל עם חלבון 250מ""ל","שטראוס גרופ בע""מ",,,"י""ח",750,"ל  מ""ל",false,1,6.90,0.92,true,1,
5411188134985,false,אלפרו 3.5%שומן MLKשיבולת שועל  1ליטר,"שטראוס גרופ ***בע""מ",,,"י""ח",1,ליטר,false,1,13.90,13.90,true,1,
5411188135005,false,אלפרו 1.8%שומן MLKשיבולת שועל  1ליטר,"שטראוס גרופ ***בע""מ",,,"י""ח",1,ליטר,false,1,13.90,13.90,true,1,
5411681014005,false,"בירה דובל 330מ""ל",הכרם משקאות חריפים בעמ,,,"י""ח",330,"ל  מ""ל",false,1,12.90,3.82,true,1,
5413149922907,false,"אריאל 5ק""ג קולור",דיפלומט מפיצים 1968 בעמ,,,"י""ח",5,"ק""ג",false,1,46.90,9.38,true,1,
5413149922938,false,"אריאל 5 ק""ג שושן צחור",דיפלומט מפיצים 1968 בעמ,,,"י""ח",5,"ק""ג",false,1,46.90,9.38,true,1,
5413149930025,false,"טייד 5ק""ג רגיל",דיפלומט מפיצים 1968 בעמ,,,"י""ח",5,"ק""ג",false,1,36.90,7.38,true,1,
5701932026964,false,הוטפופ מלוח 600 גרם,ליימן שליסל,,,"י""ח",600,ל  גרם,false,1,16.90,2.82,true,1,
5701932026971,false,הוטפופ חמאה 600 גרם,ליימן שליסל,,,"י""ח",600,ל  גרם,false,1,16.90,2.82,true,1,
5711953148347,false,גבינת שמנת טבעי ארלה 300ג,"שטראוס גרופ ***בע""מ",,,"י""ח",300,ל  גרם,false,1,24.90,8.30,true,1,
5900020026552,false,האני נאט צ`יריוס עידן הקרח 625גר,קבוצת אוסם סחר-שות.מוגבלת,,,"י""ח",615,ל  גרם,false,1,27.90,4.54,true,1,
5900627066715,false,פיניש 100 טבליות AIO,רקיט בנקיזר (ניר איסט) בעמ,,,"י""ח",100,"י""ח",false,1,59.90,0.60,true,1,
5902198160403,false,משקה אנרגיה XL TEN,טמפו משקאות בעמ,,,"י""ח",250,"ל  מ""ל",false,1,4.30,1.60,true,1,
5904941751302,false,משקה אנרגיה בלו רגולר  כחול,בני פאוזי שמשום (2009) בעמ,,,"י""ח",250,"ל  מ""ל",false,1,3.90,1.44,true,1,
5904941751920,false,משקה אנרגיה בלו day,בני פאוזי שמשום (2009) בעמ,,,"י""ח",250,"ל  מ""ל",false,1,4.50,1.68,true,1,
5906485301012,false,משקה אנרגיה XL,טמפו משקאות בעמ,,,"י""ח",250,"ל  מ""ל",false,1,4.30,1.60,true,1,
5949152110821,false,אירוויק מבשם אוויר ונטרל ריחות לילות ל,רקיט בנקיזר (ניר איסט) בעמ,,,"י""ח",345,"ל  מ""ל",false,1,14.90,4.32,true,1,
5949152110838,false,אירוויק מבשם אוויר ונטרל ריחות גשמים ס,רקיט בנקיזר (ניר איסט) בעמ,,,"י""ח",345,"ל  מ""ל",false,1,14.90,4.32,true,1,
5998710131877,false,ממתק שוקולד CHERRY QUEEN,דילר בי.אמ.די.אינטרנשיונל בעמ,,,"י""ח",36,ל  גרם,false,1,3.90,10.83,true,1,
6008165271192,false,פאל מאל אדום ארוך,גלוברנדס בעמ,,,"י""ח",1,,false,1,29.50,29.50,false,1,
6224000485764,false,"שיני שום קפואות 1ק""ג שקית",נטו מלינדה סחר בעמ,,,"י""ח",1,"ק""ג",false,1,19.90,19.90,false,1,
6910191800287,false,אצות נור בלו 10דף,מזרח ומערב יבוא ושיווק,,,"י""ח",10,"י""ח",false,1,13.90,1.39,true,1,
6912977000140,false,אטריות  שעועית 250ג,מזרח ומערב יבוא ושיווק,,,"י""ח",200,ל  גרם,false,1,10.90,5.45,true,1,
6921850620368,false,לד 10W אור יום אריזת 3יח,עולם הבית שיווק והפצה בעמ,,,"י""ח",3,"י""ח",false,1,24.90,8.30,false,1,
6933947286333,false,קרצופית,צבע ומכחול (2014) בעמ,,,"י""ח",1,,false,1,9.90,9.90,false,1,
6934930849016,false,שמן חמניות  1 ליטר.,ישרא-בר שמנים ותבואות בעמ,,,"י""ח",1,ליטר,false,1,9.90,9.90,true,1,
6936613888667,false,שום ארוז.,ביכורי השדה צפון 1994 ג.ד. בעמ,,,"י""ח",1,,false,1,7.90,7.90,true,1,
7162108014037,false,סט מצעים נטורל  1.8,דהן פרוספר בעמ,,,"י""ח",1,,false,1,109.90,109.90,false,1,
7162109027029,false,סט מצעים מונקו זוגי,דהן פרוספר בעמ,,,"י""ח",1,,false,1,99.90,99.90,true,1,
7162203011009,false,שמיכת חורף דו צדדית טיטניום יחיד,דהן פרוספר בעמ,,,"י""ח",1,,false,1,79.90,79.90,false,1,
7162203011016,false,שמיכת חורף דו צדדית טיטניום זוגי,דהן פרוספר בעמ,,,"י""ח",1,,false,1,89.90,89.90,false,1,
7162203014000,false,כרית שינה באבא,דהן פרוספר בעמ,,,"י""ח",1,,false,1,49.90,49.90,false,1,
7162203032004,false,פוף לתינוק 100% כותנה דגם דיאמונד,דהן פרוספר בעמ,,,"י""ח",1,,false,1,99.90,99.90,false,1,
7162203038013,false,סט מצעים קמאו מיטה וחצי,דהן פרוספר בעמ,,,"י""ח",1,,false,1,99.90,99.90,false,1,
7162203038037,false,סט מצעים קמאו  1.8,דהן פרוספר בעמ,,,"י""ח",1,,false,1,109.90,109.90,false,1,
7162204035004,false,שמיכת כבש ממולאת פפיטה יחיד,דהן פרוספר בעמ,,,"י""ח",1,,false,1,99.90,99.90,true,1,
7162204035011,false,שמיכת כבש ממולאת פפיטה זוגי,דהן פרוספר בעמ,,,"י""ח",1,,false,1,119.90,119.90,true,1,
7162204036001,false,שמיכת כבש ממולאת טיטניום יחיד,דהן פרוספר בעמ,,,"י""ח",1,,false,1,99.90,99.90,true,1,
7162204036018,false,שמיכת כבש ממולאת פיטניום זוגי,דהן פרוספר בעמ,,,"י""ח",1,,false,1,119.90,119.90,true,1,
7162204037008,false,שמיכת כבש ממולאת קרול יחיד,דהן פרוספר בעמ,,,"י""ח",1,,false,1,99.90,99.90,true,1,
7162204037015,false,שמיכת כבש ממולאת קרול זוגי,דהן פרוספר בעמ,,,"י""ח",1,,false,1,119.90,119.90,true,1,
7162204075000,false,סט מצעים דובון בסטייל יחיד,דהן פרוספר בעמ,,,"י""ח",1,,false,1,69.90,69.90,false,1,
7162204075017,false,סט מצעים דובון בסטייל מיטה וחצי,דהן פרוספר בעמ,,,"י""ח",1,,false,1,79.90,79.90,false,1,
7162204075024,false,סט מצעים דובון בסטייל זוגי,דהן פרוספר בעמ,,,"י""ח",1,,false,1,89.90,89.90,false,1,
7162205033009,false,סט מצעים חורף אנגורה יחיד,דהן פרוספר בעמ,,,"י""ח",1,,false,1,109.90,109.90,false,1,
7162205033016,false,סט מצעים חורף אנגורה מיטה וחצי,דהן פרוספר בעמ,,,"י""ח",1,,false,1,129.90,129.90,false,1,
7162205033023,false,סט מצעים חורף אנגורה זוגי,דהן פרוספר בעמ,,,"י""ח",1,,false,1,139.90,139.90,false,1,
7162205073005,false,סט מצעים חורף אלטה יחיד,דהן פרוספר בעמ,,,"י""ח",1,,false,1,109.90,109.90,false,1,
7162205073012,false,סט מצעים חורף אלטה מיטה וחצי,דהן פרוספר בעמ,,,"י""ח",1,,false,1,129.90,129.90,false,1,
7162205073029,false,סט מצעים חורף אלטה זוגי,דהן פרוספר בעמ,,,"י""ח",1,,false,1,139.90,139.90,false,1,
7162205089013,false,סט מצעים דיאנה מיטה וחצי,דהן פרוספר בעמ,,,"י""ח",1,,false,1,99.90,99.90,false,1,
7162205089020,false,סט מצעים דיאנה זוגי,דהן פרוספר בעמ,,,"י""ח",1,,false,1,109.90,109.90,false,1,
7162205089037,false,סט מצעים דיאנה  1.8,דהן פרוספר בעמ,,,"י""ח",1,,false,1,109.90,109.90,false,1,
7262626088180,false,טייץ טרמי שחור,ביג מול בעמ,,,"י""ח",183,ל  גרם,false,1,29.90,16.34,false,1,
7262626088197,false,טייץ טרמי צבעוני,ביג מול בעמ,,,"י""ח",183,ל  גרם,false,1,29.90,16.34,false,1,
7290000000985,false,גלאט קטיף פטרוזיליה.,ביכורי השדה צפון 1994 ג.ד. בעמ,,,"י""ח",1,,false,1,5.90,5.90,true,1,
7290000001524,false,בצל ירוק מהדרין,ביכורי השדה צפון 1994 ג.ד. בעמ,,,"י""ח",1,,false,1,6.90,6.90,true,1,
7290000001616,false,כוסברה מהדרין,ביכורי השדה צפון 1994 ג.ד. בעמ,,,"י""ח",1,,false,1,5.90,5.90,true,1,
7290000023083,false,"ארק אשקלון 40% 700מ""ל",טמפו משקאות בעמ,,,"י""ח",700,"ל  מ""ל",false,1,56.90,8.09,true,1,
7290000024264,false,רזרב מרלו ברקן,טמפו משקאות בעמ,,,"י""ח",750,"ל  מ""ל",false,1,44.90,5.95,true,1,
7290000024523,false,תירוש של סגל 1ל.,טמפו משקאות בעמ,,,"י""ח",7.50,"י""ח",false,1,15.90,2.08,true,1,
7290000034256,false,ביסקוויט הדר תירוש חצי מצופה  175ג,ח.כהן סוכנות מזון ומשקאות בע,,,"י""ח",175,ל  גרם,false,1,6.90,3.94,true,1,
7290000040042,false,יופלה תות 3%,תנובה בעמ ***,,,"י""ח",150,"ל  מ""ל",false,1,5.40,3.60,false,1,
7290000040066,false,יופלה דובדבן,תנובה בעמ ***,,,"י""ח",150,"ל  מ""ל",false,1,5.40,3.60,false,1,
7290000040080,false,יופלה אפרסק,תנובה בעמ ***,,,"י""ח",150,"ל  מ""ל",false,1,5.40,3.60,false,1,
7290000040301,false,קממבר 125   ג`תנובה,תנובה בעמ ***,,,"י""ח",125,ל  גרם,false,1,20.20,16.16,false,1,
7290000040462,false,טוסטי עמק אמריקאי אדם 200גר,תנובה בעמ ***,,,"י""ח",200,ל  גרם,false,1,18.90,9.45,false,1,
7290000041407,false,גילה 125,תנובה בעמ ***,,,"י""ח",125,"ל  מ""ל",false,1,0.90,0.72,false,1,
7290000041445,false,~קוט ג  }5%  בדץ  תנובה{,תנובה בעמ ***,,,"י""ח",275,ל  גרם,false,1,5.90,2.15,false,1,
7290000041452,false,קוט ג 9% בדץ 250 תנובה,תנובה בעמ ***,,,"י""ח",250,ל  גרם,false,1,5.90,2.36,false,1,
7290000041858,false,שמנת יוטבתה 200,"שטראוס גרופ ***בע""מ",,,"י""ח",200,"ל  מ""ל",false,1,2.40,1.20,true,1,
7290000041872,false,לבן יטבתה,"שטראוס גרופ ***בע""מ",,,"י""ח",200,"ל  מ""ל",false,1,2,1,true,1,
7290000042015,false,חלב שקית   מהדרין 3%  תנובה*,תנובה בעמ ***,,,"י""ח",1,ליטר,false,1,5.43,5.43,false,1,
7290000042367,false,חלב בקבוק 1 ליטר}תנובה{*,תנובה בעמ ***,,,"י""ח",1,ליטר,false,1,6.23,6.23,false,1,
7290000042435,false,חלב  קרטון דל שומן 1  ל תנובה 1%,תנובה בעמ ***,,,"י""ח",1,ליטר,false,1,5.86,5.86,false,1,
7290000042855,false,שוקו יטבתה 250,"שטראוס גרופ ***בע""מ",,,"י""ח",225,"ל  מ""ל",false,1,2.90,1.29,true,1,
7290000043012,false,"שוקו עמיד קרטון 250מ""ל 2%",תנובה בעמ ***,,,"י""ח",250,"ל  מ""ל",false,1,4.90,1.96,false,1,
7290000043814,false,"שמנת עמידה  38% להקצפה 250  מ""ל*(תנובה",תנובה בעמ ***,,,"י""ח",250,"ל  מ""ל",false,1,6.47,2.59,false,1,
7290000043890,false,ריויון 1 ליטר קרטון 1.5% שומן,תנובה בעמ ***,,,"י""ח",1.0350,ליטר,false,1,11.90,11.50,false,1,
7290000044712,false,".פרילי  תות 500 מ""ל.",תנובה בעמ ***,,,"י""ח",500,"ל  מ""ל",false,1,10.90,2.18,false,1,
7290000044880,false,באדי תות אננס,תנובה בעמ ***,,,"י""ח",500,"ל  מ""ל",false,1,9.40,1.88,false,1,
7290000046020,false,"גלבוע  22% שקילה}גבנ""צ{*.",תנובה בעמ ***,,,"ק""ג",1000,ל  גרם,true,1,42.58,4.26,false,1,
7290000046327,false,גלבוע  פרוס]תנובה[ 200ג,תנובה בעמ ***,,,"י""ח",200,ל  גרם,false,1,13.80,6.90,false,1,
7290000047546,false,כנען 500 ג,תנובה בעמ ***,,,"י""ח",500,ל  גרם,false,1,24.90,4.98,false,1,
7290000047621,false,גבינה לבנה 5% תנובה  250  גרם*,תנובה בעמ ***,,,"י""ח",250,ל  גרם,false,1,4.70,1.88,false,1,
7290000047942,false,גבינה לבנה 9% רכה 250 גרם,תנובה בעמ ***,,,"י""ח",250,ל  גרם,false,1,4.90,1.96,false,1,
7290000048185,false,גבינה%5  תנובה 250גרם*,תנובה בעמ ***,,,"י""ח",250,ל  גרם,false,1,4.98,1.99,false,1,
7290000048413,false,חמד פיראוס 16% 250גר,תנובה בעמ ***,,,"י""ח",250,ל  גרם,false,1,18.90,7.56,false,1,
7290000048437,false,צפתית  פיראוס 200  ג%`5,תנובה בעמ ***,,,"י""ח",200,ל  גרם,false,1,15.40,7.70,false,1,
7290000048444,false,"פיראוס חמד 1 ק""ג 16%",תנובה בעמ ***,,,"י""ח",1,"ק""ג",false,1,52.90,52.90,false,1,
7290000060088,false,בייגלה מקלות מלוחים 400גרם,קבוצת אוסם סחר-שות.מוגבלת,,,"י""ח",400,ל  גרם,false,1,11.70,2.93,false,1,
7290000060200,false,פתיתים אפויים 500 גרם אסם,קבוצת אוסם סחר-שות.מוגבלת,,,"י""ח",500,ל  גרם,false,1,6.90,1.38,true,1,
7290000060217,false,מקרוני פרומנטי,קבוצת אוסם סחר-שות.מוגבלת,,,"י""ח",500,ל  גרם,false,1,6.90,1.38,true,1,
7290000060248,false,פרומנטי פתיתים,קבוצת אוסם סחר-שות.מוגבלת,,,"י""ח",500,ל  גרם,false,1,6.90,1.38,true,1,
7290000060408,false,טבעות פתיתים 500 גרם,קבוצת אוסם סחר-שות.מוגבלת,,,"י""ח",500,ל  גרם,false,1,6.90,1.38,true,1,
7290000060576,false,פתיתים אפויים כוכבים 500,קבוצת אוסם סחר-שות.מוגבלת,,,"י""ח",500,"ל  מ""ל",false,1,6.90,1.38,true,1,
7290000060781,false,פרומנטי פתיתים מסולסלים אוסם,קבוצת אוסם סחר-שות.מוגבלת,,,"י""ח",500,ל  גרם,false,1,6.90,1.38,true,1,
7290000060828,false,פרומנטי  קרניים אוסם,קבוצת אוסם סחר-שות.מוגבלת,,,"י""ח",500,ל  גרם,false,1,6.90,1.38,true,1,
7290000060842,false,פרומנטי פת.צדפות,קבוצת אוסם סחר-שות.מוגבלת,,,"י""ח",500,ל  גרם,false,1,6.90,1.38,true,1,
7290000060880,false,~פרומנטי ספגטי אוסם,קבוצת אוסם סחר-שות.מוגבלת,,,"י""ח",500,ל  גרם,false,1,6.90,1.38,true,1,
7290000060958,false,איטריות בינוניות אוסם,קבוצת אוסם סחר-שות.מוגבלת,,,"י""ח",400,ל  גרם,false,1,7.90,1.98,true,1,
7290000060965,false,איטריות רחבות אוסם,קבוצת אוסם סחר-שות.מוגבלת,,,"י""ח",400,ל  גרם,false,1,7.90,1.98,true,1,
7290000061061,false,קרם קרקר טעם בצל,קבוצת אוסם סחר-שות.מוגבלת,,,"י""ח",250,ל  גרם,false,1,10.90,4.36,true,1,
7290000061108,false,רוטב טריאקי,קבוצת אוסם סחר-שות.מוגבלת,,,"י""ח",290,"ל  מ""ל",false,1,11.90,4.10,true,1,
7290000061764,false,קפה  רד מאג 200גר`,קבוצת אוסם סחר-שות.מוגבלת,,,"י""ח",200,ל  גרם,false,1,22.40,11.20,false,1,
7290000062952,false,מיני קרוטונים למרק ולסלט אוסם,קבוצת אוסם סחר-שות.מוגבלת,,,"י""ח",250,ל  גרם,false,1,16.20,6.48,false,1,
7290000063102,false,קמח תופח 350גרם,קבוצת אוסם סחר-שות.מוגבלת,,,"י""ח",350,ל  גרם,false,1,5.90,1.69,false,1,
7290000063140,false,שקדי מרק 400  ג{אסם},קבוצת אוסם סחר-שות.מוגבלת,,,"י""ח",400,ל  גרם,false,1,11.90,2.98,true,1,
7290000063157,false,"קמח עוגה תופח 1 ק""ג",קבוצת אוסם סחר-שות.מוגבלת,,,"י""ח",1,"ק""ג",false,1,9.90,9.90,true,1,
7290000064758,false,קוסקוס 350 גרם אוסם,קבוצת אוסם סחר-שות.מוגבלת,,,"י""ח",350,ל  גרם,false,1,9.20,2.63,false,1,
7290000064871,false,מנה חמה פירה עם בצל,קבוצת אוסם סחר-שות.מוגבלת,,,"י""ח",87,ל  גרם,false,1,6.90,7.93,true,1,
7290000065335,false,"מנה חמה-פירה תפו""א",קבוצת אוסם סחר-שות.מוגבלת,,,"י""ח",55,ל  גרם,false,1,6.90,12.55,true,1,
7290000065557,false,מנה חמה-קוסקוס,קבוצת אוסם סחר-שות.מוגבלת,,,"י""ח",50,ל  גרם,false,1,6.90,13.80,true,1,
7290000066141,false,ביסלי  גריל}קטן{,קבוצת אוסם סחר-שות.מוגבלת,,,"י""ח",70,ל  גרם,false,1,4.40,6.29,true,1,
7290000066196,false,ביסלי  גדול גריל,קבוצת אוסם סחר-שות.מוגבלת,,,"י""ח",200,ל  גרם,false,1,8.90,4.45,true,1,
7290000066318,false,במבה אסם{,קבוצת אוסם סחר-שות.מוגבלת,,,"י""ח",80,ל  גרם,false,1,4.30,5.38,true,1,
7290000066332,false,אפרופו 50 גרם,קבוצת אוסם סחר-שות.מוגבלת,,,"י""ח",50,ל  גרם,false,1,5,10,true,1,
7290000067407,false,פירורית מתובלת,קבוצת אוסם סחר-שות.מוגבלת,,,"י""ח",200,ל  גרם,false,1,7.40,3.70,false,1,
7290000068084,false,פתי בר 1.750 אסם,קבוצת אוסם סחר-שות.מוגבלת,,,"י""ח",1.75,"ק""ג",false,1,26.80,15.31,false,1,
7290000068138,false,פודינג  וניל 80 ג אסם,קבוצת אוסם סחר-שות.מוגבלת,,,"י""ח",80,ל  גרם,false,1,5.90,7.38,true,1,
7290000068190,false,ג לי בטעם  תות אסם,קבוצת אוסם סחר-שות.מוגבלת,,,"י""ח",85,ל  גרם,false,1,6.90,8.12,false,1,
7290000068206,false,ג לי בטעם מישמש,קבוצת אוסם סחר-שות.מוגבלת,,,"י""ח",85,ל  גרם,false,1,6.90,8.12,false,1,
7290000068237,false,ג לי  בטעם פטל,קבוצת אוסם סחר-שות.מוגבלת,,,"י""ח",85,ל  גרם,false,1,6.90,8.12,false,1,
7290000068343,false,פריכונים מאורז מלא,קבוצת אוסם סחר-שות.מוגבלת,,,"י""ח",140,ל  גרם,false,1,8.70,6.21,false,1,
7290000068770,false,במבה יום הולדת 80 גרם,קבוצת אוסם סחר-שות.מוגבלת,,,"י""ח",80,ל  גרם,false,1,4.30,5.38,true,1,
7290000069364,false,~פריכונים מאורז מלא 140 ג`,קבוצת אוסם סחר-שות.מוגבלת,,,"י""ח",140,ל  גרם,false,1,8.70,6.21,false,1,
7290000070308,false,מרק עוף 400 ג  אמיתי אסם,קבוצת אוסם סחר-שות.מוגבלת,,,"י""ח",400,ל  גרם,false,1,17.90,4.48,false,1,
7290000070353,false,מרק בצל 400 גרם,קבוצת אוסם סחר-שות.מוגבלת,,,"י""ח",400,ל  גרם,false,1,24.90,6.23,false,1,
7290000072623,false,קטשופ אסם 750 גרם,קבוצת אוסם סחר-שות.מוגבלת,,,"י""ח",750,ל  גרם,false,1,11.90,1.59,true,1,
7290000072630,false,קטשופ חריף אסם,קבוצת אוסם סחר-שות.מוגבלת,,,"י""ח",750,ל  גרם,false,1,12.90,1.72,false,1,
7290000072753,false,~קפה נמס טסטר צוייס 200 ג`,קבוצת אוסם סחר-שות.מוגבלת,,,"י""ח",200,ל  גרם,false,1,30.90,15.45,false,1,
7290000072777,false,קפה נמס טסטר צוייס ללא קפאין,קבוצת אוסם סחר-שות.מוגבלת,,,"י""ח",200,ל  גרם,false,1,36.90,18.45,false,1,
7290000073415,false,מנה חמה פסטה ברוטב פיצה,קבוצת אוסם סחר-שות.מוגבלת,,,"י""ח",61,ל  גרם,false,1,6.90,11.31,true,1,
7290000073750,false,מנה חמה נודלס בטעם עוף,קבוצת אוסם סחר-שות.מוגבלת,,,"י""ח",76,ל  גרם,false,1,6.90,9.08,true,1,
7290000073767,false,מנה חמה נודלס בקר,קבוצת אוסם סחר-שות.מוגבלת,,,"י""ח",76,ל  גרם,false,1,6.90,9.08,true,1,
7290000074184,false,פתי בר אוסם 500 ג`,קבוצת אוסם סחר-שות.מוגבלת,,,"י""ח",500,ל  גרם,false,1,12.90,2.58,true,1,
7290000074245,false,קרקר 250 ג  מלוח,קבוצת אוסם סחר-שות.מוגבלת,,,"י""ח",250,ל  גרם,false,1,10.60,4.24,true,1,
7290000074252,false,קרקר שומשום 250,קבוצת אוסם סחר-שות.מוגבלת,,,"י""ח",250,ל  גרם,false,1,10.60,4.24,true,1,
7290000074276,false,קרקר טבעון250 גר פיקנ,קבוצת אוסם סחר-שות.מוגבלת,,,"י""ח",250,ל  גרם,false,1,10.90,4.36,true,1,
7290000074696,false,".קרם קרקר 1 ק""ג",קבוצת אוסם סחר-שות.מוגבלת,,,"י""ח",1,"ק""ג",false,1,27.90,27.90,true,1,
7290000075204,false,לחמית 250 גרם,קבוצת אוסם סחר-שות.מוגבלת,,,"י""ח",250,ל  גרם,false,1,9.90,3.96,true,1,
7290000076133,false,בייגלה  שמיניה]אסם[400גרם,קבוצת אוסם סחר-שות.מוגבלת,,,"י""ח",400,ל  גרם,false,1,11.70,2.93,false,1,
7290000079233,false,קרם קרקר דל נתרן,קבוצת אוסם סחר-שות.מוגבלת,,,"י""ח",250,ל  גרם,false,1,10.90,4.36,true,1,
7290000104218,false,במיה 600  ג}סנפרוסט{,תנובה בשר,,,"י""ח",800,ל  גרם,false,1,18.30,2.29,true,1,
7290000104713,false,פול ירוק  800 גרם סנפרוסט,תנובה בשר,,,"י""ח",800,ל  גרם,false,1,23.60,2.95,true,1,
7290000104799,false,שעועית   לבנה}סנפרוסט 800 גרם,תנובה בשר,,,"י""ח",1,"ק""ג",false,1,21.90,21.90,true,1,
7290000104805,false,גרגירי   חומוס(סנפרוסט{800גר,תנובה בשר,,,"י""ח",800,ל  גרם,false,1,21.90,2.74,true,1,
7290000107165,false,מנצ ו חטיף סויה 400 ג` סנפרוסט,תנובה בשר,,,"י""ח",400,ל  גרם,false,1,15.40,3.85,true,1,
7290000111063,false,מיונז תלמה 250גרם,יוניליוור ישראל שיווק בעמ,,,"י""ח",250,ל  גרם,false,1,6.80,2.72,false,1,
7290000111117,false,בדין לבן 4 ליטר,יוניליוור ישראל שיווק בעמ,,,"י""ח",4,ליטר,false,1,20.90,5.23,false,1,
7290000111186,false,מיונז 500 תלמה,יוניליוור ישראל שיווק בעמ,,,"י""ח",500,ל  גרם,false,1,9.90,1.98,false,1,
7290000111353,false,"מיונז 1 ק""ג תלמה",יוניליוור ישראל שיווק בעמ,,,"י""ח",1,"ק""ג",false,1,17.70,17.70,false,1,
7290000111360,false,חרדל 250 גרם תלמה,יוניליוור ישראל שיווק בעמ,,,"י""ח",250,ל  גרם,false,1,5.90,2.36,false,1,
7290000111384,false,חרדל 550 צנצנת תלמה,יוניליוור ישראל שיווק בעמ,,,"י""ח",550,ל  גרם,false,1,8.40,1.53,false,1,
7290000112220,false,טחינה גולמית בארכה 500גרם,קבוצת אוסם סחר-שות.מוגבלת,,,"י""ח",500,ל  גרם,false,1,14.90,2.98,false,1,
7290000116204,false,"מרק דגש 1 ק""ג",יוניליוור ישראל שיווק בעמ,,,"י""ח",1,מטר,false,1,16.90,16.90,true,1,
7290000117171,false,טעם עוף  דלקל 48גרם,יוניליוור ישראל שיווק בעמ,,,"י""ח",48,ל  גרם,false,1,6.70,13.96,false,1,
7290000117720,false,פטריות נמס 43 גרם,יוניליוור ישראל שיווק בעמ,,,"י""ח",43,ל  גרם,false,1,7.50,17.44,true,1,
7290000118277,false,קניידלך 65גרם*2יח,יוניליוור ישראל שיווק בעמ,,,"י""ח",130,ל  גרם,false,1,9.90,7.62,false,1,
7290000120836,false,מיונז הלמנס 394גרם,יוניליוור ישראל שיווק בעמ,,,"י""ח",394,ל  גרם,false,1,13.90,3.53,false,1,
7290000121017,false,גבינה שומרון 120 גרם,נטו מלינדה סחר בעמ,,,"י""ח",120,ל  גרם,false,1,11.90,9.92,false,1,
7290000121031,false,גבינה החתול 120 גרם,נטו מלינדה סחר בעמ,,,"י""ח",120,ל  גרם,false,1,11.90,9.92,false,1,
7290000121079,false,גבינה מון בלאן,נטו מלינדה סחר בעמ,,,"י""ח",120,ל  גרם,false,1,11.90,9.92,false,1,
7290000121093,false,גבינה מון בלאן,נטו מלינדה סחר בעמ,,,"י""ח",120,ל  גרם,false,1,11.90,9.92,false,1,
7290000123363,false,צמקאו י-ם 500 גרם,יוניליוור ישראל שיווק בעמ,,,"י""ח",500,ל  גרם,false,1,10.90,2.18,false,1,
7290000124841,false,מארז שוקולד חלב 100*3,יוניליוור ישראל שיווק בעמ,,,"י""ח",300,ל  גרם,false,1,14.90,4.97,true,1,
7290000129457,false,"רוטב פטריות 28 גרם בד""ץ",יוניליוור ישראל שיווק בעמ,,,"י""ח",28,ל  גרם,false,1,4.40,15.71,false,1,
7290000133645,false,אורביטול שלישיה סודה,החב הדרומית לשיווק,,,"י""ח",435,ל  גרם,false,1,19.90,4.57,false,1,
7290000136646,false,נשר מאלט 1.5 ליטר,טמפו משקאות בעמ,,,"י""ח",1.50,ליטר,false,1,9.10,5.87,true,1,
7290000136844,false,אקווה נובה 2 ליטר שישייה.,טמפו משקאות בעמ,,,"י""ח",12,ליטר,false,1,12.90,0.93,false,1,
7290000137643,false,טעמקור משפחתי שטראוס,גלידות שטראוס בעמ,,,"י""ח",1,,false,1,34.90,34.90,false,1,
7290000144467,false,שמן בריאות חמניות 1 ליטר]ע .הזיית,סוגת תעשיות בעמ,,,"י""ח",1,ליטר,false,1,16.90,16.90,false,1,
7290000144474,false,שמן בריאות קנולה 1 ליטר ]ע.זיית[,סוגת תעשיות בעמ,,,"י""ח",1,ליטר,false,1,15.90,15.90,false,1,
7290000146683,false,סבון מוצק הוואי  רבעייה אפקט הדאו,הנקל סוד בעמ,,,"י""ח",400,ל  גרם,false,1,13.90,3.48,true,1,
7290000146928,false,טום וג רי מ.שיניים ענבים,הנקל סוד בעמ,,,"י""ח",75,ל  גרם,false,1,7.90,10.53,true,1,
7290000146997,false,טום וג רי משחת שיניים מסטיק,הנקל סוד בעמ,,,"י""ח",50,ל  גרם,false,1,7.90,15.80,true,1,
7290000148380,false,פיסטוק קלוי 200 ג,ליימן שליסל,,,"י""ח",200,ל  גרם,false,1,22.90,11.45,true,1,
7290000148489,false,גרעיני דלעת 200 גרם,ליימן שליסל,,,"י""ח",200,ל  גרם,false,1,9.90,4.95,false,1,
7290000148748,false,גרעיני חמניות 200 גרם,ליימן שליסל,,,"י""ח",200,ל  גרם,false,1,6.40,3.20,true,1,
7290000148939,false,שקד קלוי 200 גרם,ליימן שליסל,,,"י""ח",200,ל  גרם,false,1,19.90,9.95,true,1,
7290000149615,false,סבון רביעיה לבן נקה 7,החב הדרומית לשיווק,,,"י""ח",400,ל  גרם,false,1,10.90,2.73,false,1,
7290000149844,false,סינטבון חתול,החב הדרומית לשיווק,,,"י""ח",230,ל  גרם,false,1,6.90,3,false,1,
7290000161358,false,מיונז אמיתי שמן קנולה 500גרם,יוניליוור ישראל שיווק בעמ,,,"י""ח",500,ל  גרם,false,1,13.80,2.76,false,1,
7290000174723,false,שוקולית 500 גר.,"שטראוס גרופ בע""מ",,,"י""ח",500,ל  גרם,false,1,13.80,2.76,true,1,
7290000176062,false,#קפה טורקי 100 גרם עלית.,"שטראוס גרופ בע""מ",,,"י""ח",100,ל  גרם,false,1,9.50,9.50,true,1,
7290000176413,false,קפה נמס 50 ג,"שטראוס גרופ בע""מ",,,"י""ח",50,ל  גרם,false,1,9.60,19.20,true,1,
7290000178707,false,תפוצ יפס 50 גרם,"שטראוס פריטו ליי בע""מ",,,"י""ח",50,ל  גרם,false,1,4.50,9,true,1,
7290000178721,false,תפוצי פס 200 ג,"שטראוס פריטו ליי בע""מ",,,"י""ח",200,ל  גרם,false,1,11.50,5.75,true,1,
7290000187952,false,נייר טואלט לילי טריו 32 צבע וורוד,קימברלי קלארק ישראל שיווק בעמ,,,"י""ח",537,מטר,false,1,44.90,0.08,false,1,
7290000188270,false,קלינקס אולטרא סופט זוגות,קימברלי קלארק ישראל שיווק בעמ,,,"י""ח",390,ל  גרם,false,1,21.90,5.62,false,1,
7290000189550,false,זוג שקיות אשפה גדול ניקול,קימברלי קלארק ישראל שיווק בעמ,,,"י""ח",1,"י""ח",false,1,23.90,23.90,true,1,
7290000190150,false,מפיות מודפסות 20 יח,קימברלי קלארק ישראל שיווק בעמ,,,"י""ח",20,"י""ח",false,1,8.90,0.45,false,1,
7290000191539,false,לילי צבעוני חמישיה,קימברלי קלארק ישראל שיווק בעמ,,,"י""ח",593,ל  גרם,false,1,17.90,3.02,false,1,
7290000191652,false,קלינקס ניילון שלישיות,קימברלי קלארק ישראל שיווק בעמ,,,"י""ח",1,,false,1,13.90,13.90,false,1,
7290000193014,false,פדיות אינטרלוד 5,קימברלי קלארק ישראל שיווק בעמ,,,"י""ח",1,"י""ח",false,1,9.90,9.90,false,1,
7290000193083,false,נובה לי,קימברלי קלארק ישראל שיווק בעמ,,,"י""ח",1,"י""ח",false,1,10.90,10.90,false,1,
7290000193472,false,פדיות לילי אינט אורירי,קימברלי קלארק ישראל שיווק בעמ,,,"י""ח",1,"י""ח",false,1,16.90,16.90,false,1,
7290000193649,false,תח  לילי אינטימט,קימברלי קלארק ישראל שיווק בעמ,,,"י""ח",1,"י""ח",false,1,16.90,16.90,false,1,
7290000193656,false,תחתוניות לילי,קימברלי קלארק ישראל שיווק בעמ,,,"י""ח",100,ל  גרם,false,1,16.90,16.90,false,1,
7290000193793,false,תחבושות אולטרה,קימברלי קלארק ישראל שיווק בעמ,,,"י""ח",1,"י""ח",false,1,16.90,16.90,false,1,
7290000195537,false,מגבוני האגיס קמומיל 4 יח,קימברלי קלארק ישראל שיווק בעמ,,,"י""ח",4,"י""ח",false,1,19.90,4.98,true,1,
7290000195773,false,האגיס נטורל אלוורה+קמומיל,קימברלי קלארק ישראל שיווק בעמ,,,"י""ח",1,,false,1,19.90,19.90,true,1,
7290000197081,false,ניילון נצמד ניילונית  150מ  חסכוני ניק,קימברלי קלארק ישראל שיווק בעמ,,,"י""ח",150,מטר,false,1,32.90,0.22,false,1,
7290000197326,false,רדיד אלומיניום ניקול זוגות 7.5*2קצר,קימברלי קלארק ישראל שיווק בעמ,,,"י""ח",200,ל  גרם,false,1,10.90,5.45,false,1,
7290000197340,false,רדיד אלומיניום  זוג  ניקול,קימברלי קלארק ישראל שיווק בעמ,,,"י""ח",1,"י""ח",false,1,21.90,21.90,false,1,
7290000197470,false,מקפיאון שקיות 100*3,קימברלי קלארק ישראל שיווק בעמ,,,"י""ח",200,"י""ח",false,1,17.90,0.09,false,1,
7290000197753,false,ניילון נצמד נילונית 30  מ`זוג,קימברלי קלארק ישראל שיווק בעמ,,,"י""ח",1,"י""ח",false,1,11.90,11.90,false,1,
7290000197883,false,מגשית 100,קימברלי קלארק ישראל שיווק בעמ,,,"י""ח",1,"י""ח",false,1,11.90,11.90,false,1,
7290000197999,false,רדיד אלומיניום זוג,קימברלי קלארק ישראל שיווק בעמ,,,"י""ח",1,"י""ח",false,1,17.90,17.90,false,1,
7290000204086,false,סקוטש 2+1 רגיל,קימברלי קלארק ישראל שיווק בעמ,,,"י""ח",3,"י""ח",false,1,10.90,3.63,false,1,
7290000204215,false,כרית יפנית שישייה ניקול,קימברלי קלארק ישראל שיווק בעמ,,,"י""ח",600,ל  גרם,false,1,10.90,1.82,false,1,
7290000204239,false,מטליות ריצפה ניקול רביעיה,קימברלי קלארק ישראל שיווק בעמ,,,"י""ח",4,"י""ח",false,1,11.90,2.98,false,1,
7290000204253,false,מטליות רב שימושי תשעייה,קימברלי קלארק ישראל שיווק בעמ,,,"י""ח",9,"י""ח",false,1,10.90,1.21,false,1,
7290000204611,false,ניקול ספוגית הקסם שישיה,קימברלי קלארק ישראל שיווק בעמ,,,"י""ח",6,"י""ח",false,1,10.90,1.82,false,1,
7290000207063,false,רוטב פריכוז }240 יכין{.,זנלכל בעמ,,,"י""ח",240,ל  גרם,false,1,4.90,2.04,false,1,
7290000208077,false,אפונת   גינה{גדול}יכין,זנלכל בעמ,,,"י""ח",550,ל  גרם,false,1,8.90,1.62,true,1,
7290000208220,false,צ ילי חריף A2,זנלכל בעמ,,,"י""ח",550,ל  גרם,false,1,10.90,1.98,false,1,
7290000211169,false,"אורז בסגנון תאילנדי סוגת 1 ק""ג",סוגת תעשיות בעמ,,,"י""ח",1,"ק""ג",false,1,7.90,7.90,false,1,
7290000211442,false,"~אורז בסגנון פרסי 1 ק""ג]סוגת[",סוגת תעשיות בעמ,,,"י""ח",1,"ק""ג",false,1,10.90,10.90,false,1,
7290000211503,false,סוכר  לבן}סוגת{.,סוגת תעשיות בעמ,,,"י""ח",1,"ק""ג",false,1,4.40,4.40,false,1,
7290000211985,false,אורז בסגנון פרסי עגול]סוגת[,סוגת תעשיות בעמ,,,"י""ח",1,"ק""ג",false,1,9.90,9.90,false,1,
7290000226514,false,עוגה בטעם ריבת חלב קפולסקי 450גר,קפולסקי אדל בעמ,,,"י""ח",450,ל  גרם,false,1,44.90,9.98,false,1,
7290000226545,false,"טורט יער שחור קפולסקי 1ק""ג",קפולסקי אדל בעמ,,,"י""ח",1,"ק""ג",false,1,69.90,69.90,false,1,
7290000226552,false,"עוגת טורט ריבת חלב עם קוקוס 1ק""ג",קפולסקי אדל בעמ,,,"י""ח",1,"ק""ג",false,1,69.90,69.90,false,1,
7290000226576,false,"טורט קצפת מצופה שוקולד קפולסקי 1ק""ג",קפולסקי אדל בעמ,,,"י""ח",1,"ק""ג",false,1,69.90,69.90,false,1,
7290000226613,false,דובוש מצופה שוק קפולסקי 450גר,קפולסקי אדל בעמ,,,"י""ח",450,ל  גרם,false,1,44.90,9.98,false,1,
7290000238029,false,בצק עלים  צרפתי מעדנות 1 קג מרודד,תנובה בשר,,,"י""ח",1,"ק""ג",false,1,21.90,21.90,false,1,
7290000238036,false,מלאווח 700  גרם}מעדנות{,תנובה בשר,,,"י""ח",700,ל  גרם,false,1,17.90,2.56,true,1,
7290000238173,false,בורקס גבינה מעדנות 800 ג`,תנובה בשר,,,"י""ח",800,ל  גרם,false,1,21.90,2.74,true,1,
7290000238180,false,"בורקס מעדנות תפו""א",תנובה בשר,,,"י""ח",800,ל  גרם,false,1,19.90,2.49,true,1,
7290000244082,false,"הוואי אל סבון נוזלי   500 מ""ל*3",הנקל סוד בעמ,,,"י""ח",1.50,ליטר,false,1,17.90,11.93,true,1,
7290000244761,false,"ולוטה קרם ידיים 100מ""ל",הנקל סוד בעמ,,,"י""ח",100,"ל  מ""ל",false,1,15,15,true,1,
7290000245799,false,מרכך כביסה כחול 4 ליטר,גורי שיווק בעמ,,,"י""ח",4,ליטר,false,1,16.90,4.23,false,1,
7290000262161,false,נייר טואלט מולט לב 40,קימברלי קלארק ישראל שיווק בעמ,,,"י""ח",716,מטר,false,1,36.90,0.05,false,1,
7290000262239,false,נייר טואלט מולט 48 יח,קימברלי קלארק ישראל שיווק בעמ,,,"י""ח",2770,ל  גרם,false,1,41.90,1.51,false,1,
7290000272696,false,מיץ לימון משומר אסם,קבוצת אוסם סחר-שות.מוגבלת,,,"י""ח",1,ליטר,false,1,11.50,11.50,false,1,
7290000272726,false,חומץ טבעי1ליטר אוסם,קבוצת אוסם סחר-שות.מוגבלת,,,"י""ח",1,ליטר,false,1,7.50,7.50,false,1,
7290000286228,false,סנו סושי ספוגיות לניקוי `כלים 6 יח,החב הדרומית לשיווק,,,"י""ח",6,"י""ח",false,1,11.90,1.98,false,1,
7290000286297,false,סנו מסיר אבן מקומקום,החב הדרומית לשיווק,,,"י""ח",700,"ל  מ""ל",false,1,10.90,1.56,false,1,
7290000286594,false,סנו איקס מיכל,החב הדרומית לשיווק,,,"י""ח",600,ל  גרם,false,1,9.90,1.65,false,1,
7290000286761,false,פלסטיק נצמד זוג 30 מטר סנו,החב הדרומית לשיווק,,,"י""ח",1,,false,1,11.90,11.90,false,1,
7290000286945,false,רהיט נוזלי+אקדח,החב הדרומית לשיווק,,,"י""ח",500,"ל  מ""ל",false,1,25.90,5.18,false,1,
7290000287409,false,סנו בון שלישיה תות,החב הדרומית לשיווק,,,"י""ח",165,ל  גרם,false,1,12.90,7.82,false,1,
7290000288017,false,סנו ג`אוול לימון 1 ליטר,החב הדרומית לשיווק,,,"י""ח",1,ליטר,false,1,8.90,8.90,false,1,
7290000288024,false,"סנו אקונומיקה ז""אוול 4 ליטר",החב הדרומית לשיווק,,,"י""ח",4,ליטר,false,1,16.90,4.23,false,1,
7290000288048,false,סנו JAVEL מרסס לבנדר,החב הדרומית לשיווק,,,"י""ח",1,ליטר,false,1,19.90,19.90,false,1,
7290000288352,false,K-300 סנו.,החב הדרומית לשיווק,,,"י""ח",630,"ל  מ""ל",false,1,21.90,3.48,false,1,
7290000288840,false,מים מזוקקים 2 ליטר,החב הדרומית לשיווק,,,"י""ח",2,ליטר,false,1,12.90,6.45,false,1,
7290000289069,false,סנו ג`אבל מרסס,החב הדרומית לשיווק,,,"י""ח",1,ליטר,false,1,19.90,19.90,false,1,
7290000289380,false,סנו JAVEL לימון לניקוי אסלות 750 מ``ל,החב הדרומית לשיווק,,,"י""ח",750,ל  גרם,false,1,10.90,1.45,true,1,
7290000289496,false,סופר קרם JAVEL,החב הדרומית לשיווק,,,"י""ח",750,"ל  מ""ל",false,1,10.90,1.45,false,1,
7290000289748,false,"סנו פורטה פלוס 750מ""ל.",החב הדרומית לשיווק,,,"י""ח",750,"ל  מ""ל",false,1,14.90,1.99,false,1,
7290000291857,false,פוליויקס סנרייז 2 ליטר,החב הדרומית לשיווק,,,"י""ח",2,ליטר,false,1,20.90,10.45,true,1,
7290000291956,false,סנו גאבל לבנדר 1 ליטר,החב הדרומית לשיווק,,,"י""ח",1,ליטר,false,1,8.50,8.50,false,1,
7290000291963,false,סנו אקונומיקה סמיכה לימון 1 ליטר,החב הדרומית לשיווק,,,"י""ח",1,ליטר,false,1,8.90,8.90,false,1,
7290000292311,false,פוליויקס סחלבים 2 ליטר,החב הדרומית לשיווק,,,"י""ח",200,"ל  מ""ל",false,1,20.90,10.45,true,1,
7290000292502,false,K-800 תרסיס נגד נמלים,החב הדרומית לשיווק,,,"י""ח",630,"ל  מ""ל",false,1,15.80,2.51,false,1,
7290000292533,false,סנו ג ל לניקוי כחול,החב הדרומית לשיווק,,,"י""ח",1,ליטר,false,1,16.90,16.90,false,1,
7290000292557,false,סנומט נוזלי מלוי,החב הדרומית לשיווק,,,"י""ח",1,,false,1,21.90,21.90,false,1,
7290000292564,false,K-2000 תרסיס הגנה מחרקים ללא ריח 750 מ,החב הדרומית לשיווק,,,"י""ח",750,"ל  מ""ל",false,1,29.90,3.99,false,1,
7290000292915,false,"סנו רסס ונגב מרסס 750 מ""ל",החב הדרומית לשיווק,,,"י""ח",600,"ל  מ""ל",false,1,14.90,2.48,false,1,
7290000293561,false,מסיר עובש סנו תרסיס,החב הדרומית לשיווק,,,"י""ח",750,"ל  מ""ל",false,1,19.90,2.65,false,1,
7290000293943,false,אנטי קאלק מרסס,החב הדרומית לשיווק,,,"י""ח",1,ליטר,false,1,19.90,19.90,false,1,
7290000294780,false,סנו JAVEL  פרובנס]סמיכה [4ליטר,החב הדרומית לשיווק,,,"י""ח",4,ליטר,false,1,16.90,4.23,false,1,
7290000295404,false,שקיות אשפה סושי 60 יח,החב הדרומית לשיווק,,,"י""ח",1,"י""ח",false,1,22.90,22.90,false,1,
7290000295558,false,זוג נייר אלומיניום  30*7.5 סנו,החב הדרומית לשיווק,,,"י""ח",1,,false,1,11.90,11.90,false,1,
7290000295565,false,רדיד אלומיניום סנו זוג ארוך,החב הדרומית לשיווק,,,"י""ח",1,,false,1,18.90,18.90,false,1,
7290000295794,false,ספוגיות מתכת אל חלד לניקוי סנו 3 יחידו,החב הדרומית לשיווק,,,"י""ח",1,,false,1,11.90,11.90,false,1,
7290000300900,false,שניצל תירס 750 גרם,קבוצת אוסם סחר-שות.מוגבלת,,,"י""ח",750,ל  גרם,false,1,38.90,5.19,true,1,
7290000302089,false,ברודווי ארוך 10 יח,דובק בעמ,,,"י""ח",10,"י""ח",false,1,286.90,28.69,false,1,
7290000311128,false,עוגיות חמאה 300ג מן,ח.כהן סוכנות מזון ומשקאות בע,,,"י""ח",300,ל  גרם,false,1,6.90,2.30,false,1,
7290000311135,false,עוגיות  מן סטיקם שוקולד 300גר,ח.כהן סוכנות מזון ומשקאות בע,,,"י""ח",300,ל  גרם,false,1,6.90,2.30,false,1,
7290000311203,false,וופל שוקו 200 גר מן,ח.כהן סוכנות מזון ומשקאות בע,,,"י""ח",200,ל  גרם,false,1,4.90,2.45,false,1,
7290000311210,false,לימון 200 ופל מן,ח.כהן סוכנות מזון ומשקאות בע,,,"י""ח",200,ל  גרם,false,1,4.90,2.45,false,1,
7290000311227,false,וופל קפה 220גר מן,ח.כהן סוכנות מזון ומשקאות בע,,,"י""ח",200,ל  גרם,false,1,4.90,2.45,false,1,
7290000311234,false,וופל וניל 200 מן,ח.כהן סוכנות מזון ומשקאות בע,,,"י""ח",200,ל  גרם,false,1,4.90,2.45,false,1,
7290000311425,false,וופל מצופה כחול 10יח מן,ח.כהן סוכנות מזון ומשקאות בע,,,"י""ח",200,ל  גרם,false,1,8.90,4.45,false,1,
7290000311500,false,וופלים שוקו 500גר מן,ח.כהן סוכנות מזון ומשקאות בע,,,"י""ח",500,ל  גרם,false,1,9.90,1.98,false,1,
7290000311517,false,לימון 500 ופל מן,ח.כהן סוכנות מזון ומשקאות בע,,,"י""ח",500,ל  גרם,false,1,9.90,1.98,false,1,
7290000311708,false,עוג יות חיטה מלאה 300ג  מן,ח.כהן סוכנות מזון ומשקאות בע,,,"י""ח",300,ל  גרם,false,1,6.90,2.30,false,1,
7290000311715,false,עוגיות כוכבים שוקולד 300ג מן,ח.כהן סוכנות מזון ומשקאות בע,,,"י""ח",300,ל  גרם,false,1,6.90,2.30,false,1,
7290000311722,false,עוגיות כוכבים 300ג מן,ח.כהן סוכנות מזון ומשקאות בע,,,"י""ח",300,ל  גרם,false,1,6.90,2.30,false,1,
7290000313160,false,חברים זברה 3דובים שוקו,קבוצת אוסם סחר-שות.מוגבלת,,,"י""ח",250,ל  גרם,false,1,9.60,3.84,false,1,
7290000313184,false,חברים-בסקוויט גן חיות 250ג.,קבוצת אוסם סחר-שות.מוגבלת,,,"י""ח",250,ל  גרם,false,1,9.60,3.84,false,1,
7290000313290,false,נודלס-אטריות מסולסלות,קבוצת אוסם סחר-שות.מוגבלת,,,"י""ח",200,ל  גרם,false,1,12.90,6.45,false,1,
7290000334325,false,שלישיית צ`יפס למקרוגל,קבוצת אוסם סחר-שות.מוגבלת,,,"י""ח",0.38,"ק""ג",false,1,13.90,36.58,false,1,
7290000334745,false,"אמריקן ציפס 1.5  ק""ג(תפוגן)",קבוצת אוסם סחר-שות.מוגבלת,,,"י""ח",1.50,"ק""ג",false,1,25.90,17.27,false,1,
7290000339566,false,בדין ורוד 4 ליטר,יוניליוור ישראל שיווק בעמ,,,"י""ח",4,ליטר,false,1,20.90,5.23,false,1,
7290000342856,false,בדין כחול 4 ליטר,יוניליוור ישראל שיווק בעמ,,,"י""ח",4,ליטר,false,1,20.90,5.23,false,1,
7290000345055,false,100 ארל גריי תפזורת,תה ויסוצקי (ישראל)בעמ,,,"י""ח",100,ל  גרם,false,1,13.90,13.90,false,1,
7290000345116,false,תה ירוק 125 תפזורת,תה ויסוצקי (ישראל)בעמ,,,"י""ח",125,ל  גרם,false,1,14.90,11.92,false,1,
7290000345208,false,תה בריבוע 25/1,תה ויסוצקי (ישראל)בעמ,,,"י""ח",25,ל  גרם,false,1,6.90,27.60,false,1,
7290000345215,false,תה ויסוצקי כחול} {100,תה ויסוצקי (ישראל)בעמ,,,"י""ח",100,"י""ח",false,1,16.90,0.17,false,1,
7290000345260,false,תה בריבוע 1.5/25,תה ויסוצקי (ישראל)בעמ,,,"י""ח",37.50,ל  גרם,false,1,7.50,20,false,1,
7290000345284,false,תה קלאסיק 100 יח 1.5ג ק.ירוקה,תה ויסוצקי (ישראל)בעמ,,,"י""ח",150,ל  גרם,false,1,17.90,11.93,false,1,
7290000345291,false,תה ארל גריי 1.5/25,תה ויסוצקי (ישראל)בעמ,,,"י""ח",37.50,ל  גרם,false,1,15.90,42.40,true,1,
7290000345307,false,תה ארל גריי 50 שקיות,תה ויסוצקי (ישראל)בעמ,,,"י""ח",75,ל  גרם,false,1,28.90,38.53,true,1,
7290000346120,false,חליטת קינמון גן קסום,תה ויסוצקי (ישראל)בעמ,,,"י""ח",62.50,ל  גרם,false,1,17.90,28.64,true,1,
7290000346137,false,חליטת הילולי פירות,תה ויסוצקי (ישראל)בעמ,,,"י""ח",62.50,ל  גרם,false,1,17.90,28.64,true,1,
7290000346199,false,חליטת פירות יער  גן קסום 25 שק`,תה ויסוצקי (ישראל)בעמ,,,"י""ח",67.50,ל  גרם,false,1,17.90,26.52,true,1,
7290000346205,false,חליטת  קמומיל גן קסום 25יח,תה ויסוצקי (ישראל)בעמ,,,"י""ח",37.50,ל  גרם,false,1,17.90,47.73,true,1,
7290000346212,false,תה מנטה 25 ויסוצקי,תה ויסוצקי (ישראל)בעמ,,,"י""ח",50,ל  גרם,false,1,17.90,35.80,true,1,
7290000346236,false,גן הקסום ורבינה,תה ויסוצקי (ישראל)בעמ,,,"י""ח",50,ל  גרם,false,1,17.90,35.80,true,1,
7290000346960,false,תה נענע 50 יח,תה ויסוצקי (ישראל)בעמ,,,"י""ח",75,ל  גרם,false,1,29.90,39.87,false,1,
7290000347738,false,תה ירוק בטעם נענע 25יח,תה ויסוצקי (ישראל)בעמ,,,"י""ח",25,"י""ח",false,1,24.90,1,true,1,
7290000347752,false,תה ירוק  25 עם לימונית לואיזה,תה ויסוצקי (ישראל)בעמ,,,"י""ח",37.50,ל  גרם,false,1,24.90,66.40,true,1,
7290000355382,false,עגבניות מרוסקות+בזיליקום טל וטרי,ויטה- פרי גליל (החדשה) בעמ,,,"י""ח",800,ל  גרם,false,1,7.90,0.99,true,1,
7290000355412,false,ע מרוסקות ע שום טל וטרי,ויטה- פרי גליל (החדשה) בעמ,,,"י""ח",800,ל  גרם,false,1,7.90,0.99,true,1,
7290000355481,false,רוטב עגבניות BX22 טומטו,ויטה- פרי גליל (החדשה) בעמ,,,"י""ח",600,ל  גרם,false,1,5.90,0.98,false,1,
7290000355757,false,עגבניות מרוסקות]טל וטרי,ויטה- פרי גליל (החדשה) בעמ,,,"י""ח",800,ל  גרם,false,1,7.90,0.99,true,1,
7290000377445,false,מאנצס 200 גר  שקית,ליימן שליסל,,,"י""ח",200,ל  גרם,false,1,8.90,4.45,true,1,
7290000379000,false,חלה רגילה/קלועה  חדשה  650 גרם *.,שלמה א.אנג ל בעמ,,,"י""ח",650,ל  גרם,false,1,6.60,1.02,false,1,
7290000379142,false,עינן פרוס 750,שלמה א.אנג ל בעמ,,,"י""ח",750,ל  גרם,false,1,14.90,1.99,false,1,
7290000379203,false,עינן קל 500 גרם,שלמה א.אנג ל בעמ,,,"י""ח",500,ל  גרם,false,1,14.90,2.98,true,1,
7290000379593,false,לחמניה קלועה מונדלך גדול,שלמה א.אנג ל בעמ,,,"י""ח",125,ל  גרם,false,1,2.90,2.32,false,1,
7290000379951,false,סולת 1 קג אנג`ל,שלמה א.אנג ל בעמ,,,"י""ח",1,"ק""ג",false,1,6.60,6.60,false,1,
7290000408316,false,דנונה יוגורט טבעי,"שטראוס גרופ ***בע""מ",,,"י""ח",200,"ל  מ""ל",false,1,3.70,1.85,true,1,
7290000408354,false,דנונה קראנצי פצפוצים,"שטראוס גרופ ***בע""מ",,,"י""ח",175,"ל  מ""ל",false,1,4.60,2.63,true,1,
7290000412481,false,מנקה אסלות 1 ליטר 00,החב הדרומית לשיווק,,,"י""ח",1,ליטר,false,1,7.90,7.90,false,1,
7290000415666,false,"קובה חמוסטה 1 ק""ג יסמין",עת -רן (1996) בעמ,,,"י""ח",1,"ק""ג",false,1,61.90,61.90,false,1,
7290000416618,false,"ממרח שחר בד""צ} {400",השחר העולה תעשית ממתקים,,,"י""ח",400,ל  גרם,false,1,13.90,3.48,false,1,
7290000416632,false,"ממרח שחר פרווה 1 ק""ג",השחר העולה תעשית ממתקים,,,"י""ח",1,מטר,false,1,25.20,25.20,false,1,
7290000418155,false,טופד  סופר פלוס 16 יח,שקד תבל בעמ,,,"י""ח",1,,false,1,7.50,7.50,true,1,
7290000420325,false,פופ סטאר פופקורן  טבעי  500גרם,דנשר (1963) בעמ,,,"י""ח",500,ל  גרם,false,1,13.80,2.76,true,1,
7290000420332,false,פופ סטאר פופקורן בטעם חמאה 500גר,דנשר (1963) בעמ,,,"י""ח",500,ל  גרם,false,1,13.80,2.76,true,1,
7290000420417,false,"גלילונית ,50/70 60 יח",דנשר (1963) בעמ,,,"י""ח",60,"י""ח",false,1,19.90,0.33,false,1,
7290000436203,false,עוגיות שוקו ציפס 200 גרם ברמן,ח.כהן סוכנות מזון ומשקאות בע,,,"י""ח",200,ל  גרם,false,1,5.90,2.95,false,1,
7290000446325,false,תרכיז תפוחים 1.2 ליטר,בטר אנד דיפרנט בעמ,,,"י""ח",1.20,ליטר,false,1,47.90,39.92,false,1,
7290000446523,false,חמאת בוטנים B D,בטר אנד דיפרנט בעמ,,,"י""ח",350,ל  גרם,false,1,13.90,3.97,false,1,
7290000446547,false,חמאה בוטנים350 גרם BD,בטר אנד דיפרנט בעמ,,,"י""ח",350,ל  גרם,false,1,13.90,3.97,false,1,
7290000446554,false,"חמאת בוטנים טבעי 1ק""ג  BD",בטר אנד דיפרנט בעמ,,,"י""ח",510,ל  גרם,false,1,29.90,5.86,false,1,
7290000446776,false,פיצפוצי אורז מלא ללא סוכר ומלח,בטר אנד דיפרנט בעמ,,,"י""ח",500,ל  גרם,false,1,19.90,3.98,false,1,
7290000449128,false,סיף כללי חדש 4 ליטר,יוניליוור ישראל שיווק בעמ,,,"י""ח",4,ליטר,false,1,21.70,5.43,false,1,
7290000453019,false,שמרית שקית,"שטראוס גרופ ***בע""מ",,,"י""ח",50,ל  גרם,false,1,4.50,9,true,1,
7290000453125,false,משפר אפיה,"שטראוס גרופ ***בע""מ",,,"י""ח",100,ל  גרם,false,1,7.90,7.90,true,1,
7290000461625,false,בייגלה ]400בייגל שמיניות מלוחות,יוניליוור ישראל שיווק בעמ,,,"י""ח",400,ל  גרם,false,1,9.90,2.48,true,1,
7290000461656,false,בייגלה אחד אחד 400,יוניליוור ישראל שיווק בעמ,,,"י""ח",400,ל  גרם,false,1,9.90,2.48,true,1,
7290000461700,false,בייגלה גדול גדול,יוניליוור ישראל שיווק בעמ,,,"י""ח",400,ל  גרם,false,1,12.90,3.23,false,1,
7290000461724,false,גדול גדול שומשום,יוניליוור ישראל שיווק בעמ,,,"י""ח",400,ל  גרם,false,1,12.90,3.23,false,1,
7290000462103,false,סחוג אדום חריף זהבי 150 ג`,"שטראוס גרופ ***בע""מ",,,"י""ח",150,ל  גרם,false,1,8.90,5.93,true,1,
7290000462172,false,סחוג זהבי ירוק 150ג,"שטראוס גרופ ***בע""מ",,,"י""ח",150,ל  גרם,false,1,8.90,5.93,true,1,
7290000474090,false,חלב 1 ליטר קרטון   *1% *,*החברה המרכזית להפצת משקאותבעמ,,,"י""ח",1,ליטר,false,1,5.86,5.86,false,1,
7290000474373,false,"שמנת חמוצה 200  מ""ל*",*החברה המרכזית להפצת משקאותבעמ,,,"י""ח",200,"ל  מ""ל",false,1,2.40,1.20,false,1,
7290000474502,false,גבינה לבנה  ב250 גרם 5%*,*החברה המרכזית להפצת משקאותבעמ,,,"י""ח",250,ל  גרם,false,1,4.98,1.99,false,1,
7290000474540,false,טוב טעם גבינה 5% טרה,*החברה המרכזית להפצת משקאותבעמ,,,"י""ח",250,ל  גרם,false,1,11.50,4.60,false,1,
7290000474830,false,גבינה צהובה 28% מגורדת 500 גרם,*החברה המרכזית להפצת משקאותבעמ,,,"י""ח",500,ל  גרם,false,1,32.90,6.58,true,1,
7290000480442,false,קוואקר שקית (עלית),"שטראוס פריטו ליי בע""מ",,,"י""ח",500,ל  גרם,false,1,12.90,2.58,true,1,
7290000484747,false,"ערק עלית 700 מ""ל",יקב הגליל שיווק בעמ,,,"י""ח",700,"ל  מ""ל",false,1,57.90,8.23,false,1,
7290000493176,false,אבקת רוטב צלי לבשר,קבוצת אוסם סחר-שות.מוגבלת,,,"י""ח",22,ל  גרם,false,1,5,22.73,false,1,
7290000493183,false,אבקת רוטב פטריות לבשר,קבוצת אוסם סחר-שות.מוגבלת,,,"י""ח",30,ל  גרם,false,1,5,16.67,false,1,
7290000497044,false,לחם ברמן אקטיב 750 גרם,י.את א. ברמן בעמ,,,"י""ח",1,,false,1,16.90,16.90,false,1,
7290000497112,false,לחם אחיד פרוס]ברמן [750,י.את א. ברמן בעמ,,,"י""ח",750,ל  גרם,false,1,7,0.93,false,1,
7290000497136,false,חלה פרוסה,י.את א. ברמן בעמ,,,"י""ח",500,ל  גרם,false,1,8.90,1.78,false,1,
7290000497228,false,6 לחמניות 75 ג ברמן,י.את א. ברמן בעמ,,,"י""ח",450,ל  גרם,false,1,9.90,2.20,false,1,
7290000497303,false,לחמניות מקמח מלא,י.את א. ברמן בעמ,,,"י""ח",540,ל  גרם,false,1,12.90,2.39,false,1,
7290000497426,false,לחם קל לענין,י.את א. ברמן בעמ,,,"י""ח",750,ל  גרם,false,1,14.40,1.92,false,1,
7290000497532,false,לחם עינן של ברמן,י.את א. ברמן בעמ,,,"י""ח",750,ל  גרם,false,1,14.90,1.99,false,1,
7290000497570,false,לחם דגני קלות ברמן,י.את א. ברמן בעמ,,,"י""ח",750,ל  גרם,false,1,15.90,2.12,false,1,
7290000498256,false,מארז 10 לחמניות בשקית ברמן,י.את א. ברמן בעמ,,,"י""ח",1,,false,1,13.90,13.90,false,1,
7290000504049,false,סוכרזית קנקן 1200,"שטראוס גרופ בע""מ",,,"י""ח",984,ל  גרם,false,1,23.90,2.43,true,1,
7290000504209,false,דיאט טיפ-ממתק נו,"שטראוס גרופ בע""מ",,,"י""ח",220,"ל  מ""ל",false,1,17.90,8.14,true,1,
7290000504278,false,סוכרזית פטנט,"שטראוס גרופ בע""מ",,,"י""ח",574,ל  גרם,false,1,17.90,3.12,true,1,
7290000518169,false,מתוק וקל 1000 טבליות,מתוק וקל בעמ,,,"י""ח",1000,"י""ח",false,1,10,0.01,false,1,
7290000523125,false,מלח ים יבש הארץ  250  ג,סוגת תעשיות בעמ,,,"י""ח",250,ל  גרם,false,1,5.40,2.16,false,1,
7290000523224,false,מלח ים יבש  הארץ 500 ג,סוגת תעשיות בעמ,,,"י""ח",500,ל  גרם,false,1,8.90,1.78,false,1,
7290000525969,false,פרימור תפוזים 1 ליטר,"שטראוס גרופ ***בע""מ",,,"י""ח",1,ליטר,false,1,15.90,15.90,true,1,
7290000533353,false,בצק עלים זוגלובק 1 קג,זוגלובק שיווק בעמ,,,"י""ח",1,"ק""ג",false,1,17.90,17.90,true,1,
7290000536774,false,"נקניקיות  מן צומח 1ק""ג",זוגלובק שיווק בעמ,,,"י""ח",1,"ק""ג",false,1,29.90,29.90,true,1,
7290000554402,false,מלבי גד 160 גרם,מחלבות גד,,,"י""ח",160,"ל  מ""ל",false,1,6,3.75,false,1,
7290000554624,false,ירח מתוק גד,מחלבות גד,,,"י""ח",150,"ל  מ""ל",false,1,6,4,false,1,
7290000554792,false,בולגרית פח% }5 גד{,מחלבות גד,,,"ק""ג",1000,ל  גרם,true,1,54.90,5.49,false,1,
7290000554822,false,ריקוטה 5% בסגנון איטלקי 250 גד{,מחלבות גד,,,"י""ח",250,ל  גרם,false,1,15.90,6.36,false,1,
7290000554839,false,מסקרפונה 250 גרם,מחלבות גד,,,"י""ח",250,ל  גרם,false,1,23.90,9.56,false,1,
7290000572086,false,טחינה אורגנית 500גר  אחוה,אחדות בעמ,,,"י""ח",500,ל  גרם,false,1,12.90,2.58,false,1,
7290000572208,false,חלווה 100 גרם,אחדות בעמ,,,"י""ח",100,ל  גרם,false,1,2.90,2.90,false,1,
7290000572222,false,חלבה וניל 500 גרם אחווה,אחדות בעמ,,,"י""ח",500,ל  גרם,false,1,10.90,2.18,false,1,
7290000572529,false,חלוה אחוה 400גר.,אחדות בעמ,,,"י""ח",400,ל  גרם,false,1,12.90,3.23,false,1,
7290000572543,false,חלוה שוקו וניל,אחדות בעמ,,,"י""ח",400,ל  גרם,false,1,12.90,3.23,false,1,
7290000572673,false,חלבה שי עשיריות]אחוה[,אחדות בעמ,,,"י""ח",300,ל  גרם,false,1,12.90,4.30,false,1,
7290000572802,false,טחינה שומשום אורגני 500גר,אחדות בעמ,,,"י""ח",500,ל  גרם,false,1,12.90,2.58,false,1,
7290000631226,false,כבד טרי עטרה  ארוז**,ח.י. מעדני גורמה בעמ,,,"ק""ג",1,"ק""ג",true,1,34.90,34.90,false,1,
7290000632209,false,חזה פטם}עטרה{קפוא.,נטו מלינדה סחר בעמ,,,"ק""ג",1,"ק""ג",true,1,32.90,32.90,false,1,
7290000632698,false,שוקיים פטם}עטרה{קפוא,נטו מלינדה סחר בעמ,,,"ק""ג",1,"ק""ג",true,1,34.90,34.90,false,1,
7290000659312,false,פילה סלומון קפוא פרימיום תנובה,תנובה בשר,,,"ק""ג",1,"ק""ג",true,1,84.90,84.90,false,1,
7290000688176,false,"מי עדן בייבי 250 מ""ל",יפאורה שותפות מוגבלת לשיווק,,,"י""ח",250,"ל  מ""ל",false,1,3,1.08,false,1,
7290000688466,false,"מי עדן 750 מ""ל.",יפאורה שותפות מוגבלת לשיווק,,,"י""ח",750,"ל  מ""ל",false,1,3.80,0.47,false,1,
7290000688824,false,מי עדן שישיה 1.5ליטר,יפאורה שותפות מוגבלת לשיווק,,,"י""ח",12,ליטר,false,1,12.90,1.08,false,1,
7290000692456,false,אג קס חלונות+רפי,ש.שסטוביץ בעמ,,,"י""ח",1.50,ליטר,false,1,24.90,16.60,false,1,
7290000803067,false,"אלמקס לילדים 75מ""ל",ש.שסטוביץ בעמ,,,"י""ח",75,ל  גרם,false,1,15.90,21.20,true,1,
7290001041017,false,חוואיג  תימני,מיה תעשיות מזון מ.ת.מ בעמ,,,"י""ח",100,ל  גרם,false,1,6.30,6.30,false,1,
7290001041123,false,שקד מולבן פרוס 100גר,מיה תעשיות מזון מ.ת.מ בעמ,,,"י""ח",1,"י""ח",false,1,10.90,10.90,false,1,
7290001041260,false,שומשום 400גר ].מיה[,מיה תעשיות מזון מ.ת.מ בעמ,,,"י""ח",400,ל  גרם,false,1,12.90,3.23,false,1,
7290001041482,false,זנגויל  50גר`,מיה תעשיות מזון מ.ת.מ בעמ,,,,100,ל  גרם,false,1,6.30,6.30,false,1,
7290001041635,false,פירורי לחם מוזהבים 200גר.,מיה תעשיות מזון מ.ת.מ בעמ,,,"י""ח",200,ל  גרם,false,1,3.90,1.95,false,1,
7290001041888,false,פפריקה מתוקה 300גר. בצנצנ,מיה תעשיות מזון מ.ת.מ בעמ,,,"י""ח",300,ל  גרם,false,1,19.90,6.63,false,1,
7290001041987,false,"סוכר חום 1 ק""ג",מיה תעשיות מזון מ.ת.מ בעמ,,,"י""ח",1,"ק""ג",false,1,14.90,14.90,false,1,
7290001045169,false,מיץ תפוחים צלול 1 ליטר,"שטראוס גרופ ***בע""מ",,,"י""ח",1,ליטר,false,1,15.90,15.90,true,1,
7290001045688,false,מיץ תפוזים סחוט 400 מייל,"שטראוס גרופ ***בע""מ",,,"י""ח",400,"ל  מ""ל",false,1,7.90,1.90,true,1,
7290001123775,false,שווארמה אמיתית טיבון ויל,נטו מלינדה סחר בעמ,,,"י""ח",500,ל  גרם,false,1,24.90,4.98,false,1,
7290001123782,false,שווארמה הודו טיבון ויל,נטו מלינדה סחר בעמ,,,"י""ח",500,ל  גרם,false,1,25.90,5.18,false,1,
7290001124536,false,מג יק טעם תירס בכוס,נטו מלינדה סחר בעמ,,,"י""ח",70,ל  גרם,false,1,4.90,7,false,1,
7290001136287,false,שמפו נקה 7 לשיער רגיל,החב הדרומית לשיווק,,,"י""ח",750,"ל  מ""ל",false,1,12.90,1.72,false,1,
7290001136294,false,"שמפו נקה 7 לשיער יבש 750 מ""ל",החב הדרומית לשיווק,,,"י""ח",750,"ל  מ""ל",false,1,12.90,1.72,false,1,
7290001136300,false,שמפו נקה 7 ומרכך לסירוק קך,החב הדרומית לשיווק,,,"י""ח",750,"ל  מ""ל",false,1,12.90,1.72,false,1,
7290001136683,false,מרכך נקה -7 לשיער רגיל ירוק,החב הדרומית לשיווק,,,"י""ח",750,"ל  מ""ל",false,1,12.90,1.72,false,1,
7290001209509,false,סטייק עוף 800  גרם}עטרה{,נטו מלינדה סחר בעמ,,,"י""ח",800,ל  גרם,false,1,21.90,2.74,false,1,
7290001245699,false,אקונומיקה סמיכה 4 ל`טאצ`,סאסאטק אגשח בעמ,,,"י""ח",4,ליטר,false,1,13.90,3.48,true,1,
7290001245705,false,אקונומיקה מבושמת 4ל טאצ`,סאסאטק אגשח בעמ,,,"י""ח",4,ליטר,false,1,11.90,2.98,false,1,
7290001245712,false,אקונומיקה  4ל` טאצ`,סאסאטק אגשח בעמ,,,"י""ח",4,ליטר,false,1,9.90,2.48,false,1,
7290001245729,false,ג`ל כביסה ירוק 3 ל`טאצ`,סאסאטק אגשח בעמ,,,"י""ח",1,ליטר,false,1,19.90,19.90,true,1,
7290001245736,false,ג`ל כביסה כחול  3 ל`טאצ`,סאסאטק אגשח בעמ,,,"י""ח",1,ליטר,false,1,19.90,19.90,true,1,
7290001245958,false,מרכך כביסה ורוד 4ל טאצ`,סאסאטק אגשח בעמ,,,"י""ח",4,ליטר,false,1,15.90,3.98,true,1,
7290001245965,false,מרכך כביסה כחול 4ל טאצ`,סאסאטק אגשח בעמ,,,"י""ח",4,ליטר,false,1,15.90,3.98,true,1,
7290001245972,false,מרכך כביסה לבן 4ל טאצ`,סאסאטק אגשח בעמ,,,"י""ח",4,ליטר,false,1,15.90,3.98,true,1,
7290001245989,false,מרכך כביסה סגול 4ל טאצ`,סאסאטק אגשח בעמ,,,"י""ח",4,ליטר,false,1,15.90,3.98,true,1,
7290001245996,false,מרכך כביסה צהוב 4ל טאצ`,סאסאטק אגשח בעמ,,,"י""ח",4,ליטר,false,1,15.90,3.98,true,1,
7290001246054,false,פותח סתימות 1 ל`טאצ`,סאסאטק אגשח בעמ,,,"י""ח",1,ליטר,false,1,14.90,14.90,false,1,
7290001246061,false,מרכך פרמיום פנטזי 1 ל`טאצ`,סאסאטק אגשח בעמ,,,"י""ח",1,ליטר,false,1,14.90,14.90,true,1,
7290001246078,false,מרכך פרמיום סנשואל 1 ל`טאצ`,סאסאטק אגשח בעמ,,,"י""ח",1,ליטר,false,1,14.90,14.90,true,1,
7290001246085,false,ניקוי חלונות 1 ל`  טאצ`,סאסאטק אגשח בעמ,,,"י""ח",1,ליטר,false,1,8.90,8.90,true,1,
7290001246238,false,"מטהר אוויר פריחה 300מ""ל טאצ`",סאסאטק אגשח בעמ,,,"י""ח",300,"ל  מ""ל",false,1,5.70,1.90,false,1,
7290001246634,false,"נוזל אסלות ע""ב חומצה 1ליטר טאצ",סאסאטק אגשח בעמ,,,"י""ח",1,ליטר,false,1,6.90,6.90,false,1,
7290001247068,false,ספרינג נקטר תות-בננה,יפאורה שותפות מוגבלת לשיווק,,,"י""ח",1,ליטר,false,1,6.90,6.90,true,1,
7290001247082,false,ספרינג עגבניות,יפאורה שותפות מוגבלת לשיווק,,,"י""ח",1,ליטר,false,1,6.90,6.90,true,1,
7290001247099,false,ספרינג נקטר מנגו,יפאורה שותפות מוגבלת לשיווק,,,"י""ח",1,ליטר,false,1,6.90,6.90,true,1,
7290001247112,false,ספרינג נקטר לימונים,יפאורה שותפות מוגבלת לשיווק,,,"י""ח",1,ליטר,false,1,6.90,6.90,true,1,
7290001247129,false,ספרינג נקטר תפוזים,יפאורה שותפות מוגבלת לשיווק,,,"י""ח",1,ליטר,false,1,6.90,6.90,true,1,
7290001247143,false,ספרינג קרטונית תפוחים,יפאורה שותפות מוגבלת לשיווק,,,"י""ח",1,ליטר,false,1,6.90,6.90,true,1,
7290001274583,false,גלידה משפחתית גלידל ש. פאקן 900 גרם,פלקו בעמ,,,"י""ח",900,ל  גרם,false,1,19.90,2.21,false,1,
7290001305058,false,פלמוליב סבון נוזלי,ש.שסטוביץ בעמ,,,"י""ח",500,"ל  מ""ל",false,1,15.90,3.18,true,1,
7290001305188,false,"פלמוליב נוזל לניקוי כלים 750 מ""ל ספרינ",ש.שסטוביץ בעמ,,,"י""ח",750,"ל  מ""ל",false,1,12.90,1.72,true,1,
7290001468159,false,ריבת חלב 330 גרם נאמן,נאמן לאורך זמן בעמ,,,"י""ח",330,ל  גרם,false,1,13.90,4.21,false,1,
7290001468272,false,פלסטרים מעורב,נאמן לאורך זמן בעמ,,,"י""ח",1,,false,1,8.90,8.90,false,1,
7290001468876,false,שיפודים מעץ,נאמן לאורך זמן בעמ,,,"י""ח",1,,false,1,3.90,3.90,false,1,
7290001468883,false,ריבה מעורבת 820 גרם,נאמן לאורך זמן בעמ,,,"י""ח",450,ל  גרם,false,1,11.90,2.64,false,1,
7290001468890,false,"אלכוהול 70% 100 סמ""ק",נאמן לאורך זמן בעמ,,,"י""ח",100,"ל  מ""ל",false,1,5.90,5.90,false,1,
7290001482384,false,אננס חתוך 227 גרם,ג.וילי פוד אינטרנשיונל בעמ,,,"י""ח",227,ל  גרם,false,1,4.40,1.94,false,1,
7290001482506,false,"חומץ בלסמי 500  מ""ל(ויליפוד)",ג.וילי פוד אינטרנשיונל בעמ,,,"י""ח",500,"ל  מ""ל",false,1,18.40,3.68,false,1,
7290001485019,false,גבינת שמנת    5% טרה,*החברה המרכזית להפצת משקאותבעמ,,,"י""ח",200,ל  גרם,false,1,11.90,5.95,false,1,
7290001485026,false,גבינת שמנת זיתים 5% עיזים,*החברה המרכזית להפצת משקאותבעמ,,,"י""ח",200,ל  גרם,false,1,11.90,5.95,false,1,
7290001485033,false,גבינת שמנת שום שמיר 200ג,*החברה המרכזית להפצת משקאותבעמ,,,"י""ח",200,ל  גרם,false,1,11.90,5.95,false,1,
7290001491096,false,תה ירוק -50לימונית,תה ויסוצקי (ישראל)בעמ,,,"י""ח",75,ל  גרם,false,1,45.90,61.20,true,1,
7290001594155,false,בקבוק קוקה קולה חצי ליטר.,החברה המרכזית להפצת משקאות בעמ,,,"י""ח",500,"ל  מ""ל",false,1,6.30,1.20,true,1,
7290001594568,false,קרלסברג 500 פחית,החברה המרכזית להפצת משקאות בעמ,,,"י""ח",500,"ל  מ""ל",false,1,9.90,1.92,false,1,
7290001594858,false,בירה טובורג רד שישיה,החברה המרכזית להפצת משקאות בעמ,,,"י""ח",1.98,ליטר,false,1,41.70,20.15,true,1,
7290001713167,false,קצף ניקוי 1 ליטר מרסס.,קומפלקס כימיקלסבעמ ~~~,,,"י""ח",1,ליטר,false,1,11.90,11.90,false,1,
7290001723319,false,סינר+סקוטש משובח,אינטרסן (1996) בעמ,,,"י""ח",1,,false,1,9.90,9.90,false,1,
7290001723357,false,מוצץ סיליקון זוג בינוני,אינטרסן (1996) בעמ,,,"י""ח",1,,false,1,24.90,24.90,true,1,
7290001780800,false,"קראנצ  שלגון נוגט נסטלה כשל""פ",נגה גלידות,,,"י""ח",1,,false,1,10,10,true,1,
7290001791349,false,אקונומיקה ריחנית פיסגה 4 ליטר,החב הדרומית לשיווק,,,"י""ח",4,ליטר,false,1,11.90,2.98,false,1,
7290001813454,false,חיוכים שוקו 900 גרם,"שטראוס גרופ בע""מ",,,"י""ח",900,ל  גרם,false,1,21.90,2.43,true,1,
7290001813478,false,חיוכים וניל 900,"שטראוס גרופ בע""מ",,,"י""ח",900,ל  גרם,false,1,21.90,2.43,true,1,
7290001817728,false,צ יטוס כאפה 55גר,"שטראוס פריטו ליי בע""מ",,,"י""ח",0.55,"י""ח",false,1,3.70,6.73,true,1,
7290001865439,false,אל סבון 1 ליטר,דנשר (1963) בעמ,,,"י""ח",1,ליטר,false,1,10.90,10.90,false,1,
7290001901243,false,גפילטע פיש 8 יח ירושלמי,ח.כהן סוכנות מזון ומשקאות בע,,,"י""ח",8,"י""ח",false,1,19.90,2.49,false,1,
7290001901250,false,קלאסי דג 8 מנות הונגרי גלאט,ח.כהן סוכנות מזון ומשקאות בע,,,"י""ח",8,"י""ח",false,1,19.90,2.49,false,1,
7290001901656,false,געפילטע פיש 6 קציצות,נאמן לאורך זמן בעמ,,,"י""ח",600,ל  גרם,false,1,17.90,2.98,false,1,
7290001973233,false,מגבוני דיספנסר 120 יח,פישר תעשיות פרמבצטיות בעמ,,,"י""ח",120,"י""ח",false,1,10.90,0.09,false,1,
7290001990148,false,סוכר גולרן קלסי צנצנת,סוגת תעשיות בעמ,,,"י""ח",1,"ק""ג",false,1,14.90,14.90,false,1,
7290002007371,false,פירורי לחם 500גר הנמל,הנמל אריזות ושווק בעמ,,,"י""ח",500,ל  גרם,false,1,7.90,1.58,false,1,
7290002008507,false,נייר אפיה הנמל,הנמל אריזות ושווק בעמ,,,"י""ח",1,,false,1,7.90,7.90,false,1,
7290002014201,false,חומוס 200 גרם,סלטי שמיר2006בעמ,,,"י""ח",200,ל  גרם,false,1,7.90,3.95,true,1,
7290002014218,false,סלט טחינה 200 גרם,סלטי שמיר2006בעמ,,,"י""ח",200,ל  גרם,false,1,7.90,3.95,true,1,
7290002014225,false,סלט חצילים 200 ג-מיקי,סלטי שמיר2006בעמ,,,"י""ח",200,ל  גרם,false,1,7.90,3.95,true,1,
7290002014232,false,סלט טורקי 200 גרם-מיקי,סלטי שמיר2006בעמ,,,"י""ח",200,ל  גרם,false,1,7.90,3.95,true,1,
7290002014751,false,כרוב שוודי 200 גרם,סלטי שמיר2006בעמ,,,"י""ח",200,ל  גרם,false,1,7.90,3.95,true,1,
7290002014799,false,מטבוחה 200 גרם-מיקי,סלטי שמיר2006בעמ,,,"י""ח",200,ל  גרם,false,1,7.90,3.95,true,1,
7290002019114,false,רוטב עגב  28% פריניר,ח.כהן סוכנות מזון ומשקאות בע,,,"י""ח",580,ל  גרם,false,1,6.90,1.19,false,1,
7290002019763,false,עגבניות מרוסקות800 גר,ח.כהן סוכנות מזון ומשקאות בע,,,"י""ח",800,ל  גרם,false,1,6.90,0.86,false,1,
7290002019787,false,רוטב עגבניות 260 פריניר,ח.כהן סוכנות מזון ומשקאות בע,,,"י""ח",260,ל  גרם,false,1,3.90,1.50,false,1,
7290002019794,false,רוטב פריניר 100גר`,ח.כהן סוכנות מזון ומשקאות בע,,,"י""ח",100,ל  גרם,false,1,1.90,1.90,false,1,
7290002022152,false,מרשמלו 100 גר כרמית,כרמית תעשיות ממתקים בעמ,,,"י""ח",100,ל  גרם,false,1,3.90,3.90,false,1,
7290002026341,false,צ`יפס בטטה פלאנק 500ג,מוצרי איכות אמריקאיים בעמ,,,"י""ח",500,ל  גרם,false,1,18.90,3.78,true,1,
7290002026365,false,טבעות בצל,מוצרי איכות אמריקאיים בעמ,,,"י""ח",1,"י""ח",false,1,11.90,11.90,false,1,
7290002037309,false,6 לחמניות  בשקית}וודש{,י.את א. ברמן בעמ,,,"י""ח",400,ל  גרם,false,1,13.90,3.48,false,1,
7290002037637,false,לחמנית צמה מתוקה 4יח,י.את א. ברמן בעמ,,,"י""ח",1,,false,1,12.90,12.90,false,1,
7290002040019,false,~קוסקוס רגיל}הנמל{,הנמל אריזות ושווק בעמ,,,"י""ח",350,ל  גרם,false,1,6.90,1.97,false,1,
7290002040064,false,קוסקוס דק]הנמל[,הנמל אריזות ושווק בעמ,,,"י""ח",350,ל  גרם,false,1,6.90,1.97,false,1,
7290002057017,false,נובו ענק A2,קבוצת יבנה מוצרי מזון בעמ,,,"י""ח",560,ל  גרם,false,1,8.90,1.59,false,1,
7290002057048,false,סורי מבוקעים A2,קבוצת יבנה מוצרי מזון בעמ,,,"י""ח",560,ל  גרם,false,1,10.50,1.88,false,1,
7290002057123,false,חרוזית }A-2 יבנה{,קבוצת יבנה מוצרי מזון בעמ,,,"י""ח",560,ל  גרם,false,1,10.90,1.95,true,1,
7290002057239,false,מלפפון בחומץ 7-9,קבוצת יבנה מוצרי מזון בעמ,,,"י""ח",560,ל  גרם,false,1,6.90,1.23,false,1,
7290002057352,false,מלפפון  מלח  }A-2   7-9 יבנה540 גרם,קבוצת יבנה מוצרי מזון בעמ,,,"י""ח",600,ל  גרם,false,1,7.90,1.32,false,1,
7290002057369,false,מלפ  מלח 10\12 2 יבנה,קבוצת יבנה מוצרי מזון בעמ,,,"י""ח",600,ל  גרם,false,1,7.90,1.32,false,1,
7290002057376,false,מלפ  מלח 13-17 יבנה,קבוצת יבנה מוצרי מזון בעמ,,,"י""ח",600,ל  גרם,false,1,9.90,1.65,false,1,
7290002057451,false,מלפפון  בחומץ }7-9 יבנה{,קבוצת יבנה מוצרי מזון בעמ,,,"י""ח",600,ל  גרם,false,1,7.90,1.32,false,1,
7290002057468,false,מלפפון  בחומץ 10\12 יבנה,קבוצת יבנה מוצרי מזון בעמ,,,"י""ח",600,ל  גרם,false,1,7.90,1.32,false,1,
7290002057543,false,מלפפונים במלח 7-9  שי,קבוצת יבנה מוצרי מזון בעמ,,,"י""ח",560,ל  גרם,false,1,6.90,1.23,false,1,
7290002057604,false,שיפקה A-2,קבוצת יבנה מוצרי מזון בעמ,,,"י""ח",560,ל  גרם,false,1,5.50,0.98,false,1,
7290002057628,false,טבעות שחור-יבנה,קבוצת יבנה מוצרי מזון בעמ,,,"י""ח",540,ל  גרם,false,1,10.90,2.02,false,1,
7290002057703,false,חצילים אקסטרא  A2,קבוצת יבנה מוצרי מזון בעמ,,,"י""ח",560,ל  גרם,false,1,6.90,1.23,false,1,
7290002065555,false,לחמניות בשקית 6 יח,שלמה א.אנג ל בעמ,,,"י""ח",1,,false,1,11.90,11.90,false,1,
7290002107071,false,פטה עיזים מעודנת גביע צוריאל,*החברה המרכזית להפצת משקאותבעמ,,,"י""ח",200,ל  גרם,false,1,24.20,12.10,false,1,
7290002107491,false,גבינת עיזים 5% 250 ג`,*החברה המרכזית להפצת משקאותבעמ,,,"י""ח",250,ל  גרם,false,1,14.90,5.96,true,1,
7290002107798,false,בולגרית בקר 5% צוריאל,*החברה המרכזית להפצת משקאותבעמ,,,"י""ח",250,ל  גרם,false,1,21.90,8.76,false,1,
7290002107965,false,טבורוג 5% 500גר.,*החברה המרכזית להפצת משקאותבעמ,,,"י""ח",500,ל  גרם,false,1,24.90,4.98,false,1,
7290002111085,false,רוטב 100גר. מבורך}פלסטיק[,זנלכל בעמ,,,"י""ח",400,ל  גרם,false,1,2.80,0.70,false,1,
7290002111122,false,רסק תפוחי עץ פרי מבורך,זנלכל בעמ,,,"י""ח",560,ל  גרם,false,1,8.90,1.59,false,1,
7290002111139,false,רסק תפוחי עץ פרי מבורך,זנלכל בעמ,,,"י""ח",600,ל  גרם,false,1,8.90,1.48,false,1,
7290002111214,false,תירס לייט מבורך A2,זנלכל בעמ,,,"י""ח",550,ל  גרם,false,1,9.90,1.80,false,1,
7290002111337,false,"רוטב 240 גרם בד""צ פרי מבורך",זנלכל בעמ,,,"י""ח",240,ל  גרם,false,1,4.50,1.88,false,1,
7290002111474,false,אפונה ירוקה פרי מבורך,זנלכל בעמ,,,"י""ח",550,ל  גרם,false,1,8.90,1.62,true,1,
7290002111511,false,"אפונת גינה,גזר פרי מבורך",זנלכל בעמ,,,"י""ח",550,ל  גרם,false,1,8.90,1.62,true,1,
7290002111634,false,"חומוס בד""צ פרי מבורך",זנלכל בעמ,,,"י""ח",600,ל  גרם,false,1,8.90,1.48,true,1,
7290002111665,false,רוטב מבורך 600 גר,זנלכל בעמ,,,"י""ח",600,ל  גרם,false,1,9.90,1.65,false,1,
7290002111696,false,עגב.מרוסקות  800 ג פרי מבורך,זנלכל בעמ,,,"י""ח",800,ל  גרם,false,1,9.90,1.24,false,1,
7290002111764,false,שעועית  אפויה}מבורך{,זנלכל בעמ,,,"י""ח",600,ל  גרם,false,1,8.90,1.48,true,1,
7290002111818,false,"תירס בד""ץ וואקום",זנלכל בעמ,,,"י""ח",325,ל  גרם,false,1,6.90,2.12,false,1,
7290002111825,false,תירס מבורך A2,זנלכל בעמ,,,"י""ח",550,ל  גרם,false,1,8.90,1.62,true,1,
7290002111948,false,שעועית ירוקה 600 פרי מבורך,זנלכל בעמ,,,"י""ח",600,ל  גרם,false,1,9.90,1.65,false,1,
7290002130567,false,~דבש יד מרדכי 350 גרם,"שטראוס גרופ בע""מ",,,"י""ח",3.50,"י""ח",false,1,18.90,5.40,true,1,
7290002130574,false,"דבש טבעי 0.5 ק""ג יד מרדכי","שטראוס גרופ בע""מ",,,"י""ח",500,ל  גרם,false,1,27.90,5.58,true,1,
7290002130581,false,"דבש טהור 1 ק""ג יד מרדכי","שטראוס גרופ בע""מ",,,"י""ח",1,קוב,false,1,48.90,48.90,true,1,
7290002132011,false,עבאדי עוגיות מלוחות 400גר,תה ויסוצקי (ישראל)בעמ,,,"י""ח",400,ל  גרם,false,1,17.90,4.48,false,1,
7290002204213,false,דובדבנים,ביכורי השדה צפון 1994 ג.ד. בעמ,,,"י""ח",1,,false,1,14.90,14.90,false,1,
7290002253006,false,שום כתוש טרי 200,קבוצת אוסם סחר-שות.מוגבלת,,,"י""ח",200,ל  גרם,false,1,16.90,8.45,false,1,
7290002253150,false,דורות בזיליקום טרי קצוץ,קבוצת אוסם סחר-שות.מוגבלת,,,"י""ח",70,ל  גרם,false,1,10.90,15.57,false,1,
7290002253167,false,דורות פטרוזיליה טריה קצוצה,קבוצת אוסם סחר-שות.מוגבלת,,,"י""ח",70,ל  גרם,false,1,10.90,15.57,false,1,
7290002253174,false,דורות שמיר טרי קצוץ,קבוצת אוסם סחר-שות.מוגבלת,,,"י""ח",70,ל  גרם,false,1,10.90,15.57,false,1,
7290002253181,false,דורות כוסברה טריה קצוצה,קבוצת אוסם סחר-שות.מוגבלת,,,"י""ח",70,ל  גרם,false,1,10.90,15.57,false,1,
7290002253198,false,דורות ג ינג ר טרי במגש,קבוצת אוסם סחר-שות.מוגבלת,,,"י""ח",90,ל  גרם,false,1,10.50,11.67,false,1,
7290002255055,false,"פלאפל בד""צ 800 גרם.",חטיפי אלקיים בעמ ~~~,,,"י""ח",800,ל  גרם,false,1,14.90,1.86,false,1,
7290002255215,false,"עלים לסיגרים מרובע בד""צ",חטיפי אלקיים בעמ ~~~,,,"י""ח",500,ל  גרם,false,1,11.90,2.38,false,1,
7290002316565,false,סינדרלה גרב מקופלת,אחים וייס ישי ייצור בעמ,,,"י""ח",1,,false,1,5.90,5.90,false,1,
7290002316770,false,תחתון נשים נועה,אחים וייס ישי ייצור בעמ,,,"י""ח",1,,false,1,22.90,22.90,false,1,
7290002319016,false,אבקת אפיה עשיריות מיה,מיה תעשיות מזון מ.ת.מ בעמ,,,"י""ח",100,ל  גרם,false,1,1.90,1.90,false,1,
7290002319023,false,סוכר וניל עשיריות מיה,מיה תעשיות מזון מ.ת.מ בעמ,,,"י""ח",100,ל  גרם,false,1,1.90,1.90,false,1,
7290002319061,false,קוקוס טחון 100 גרם מיה,מיה תעשיות מזון מ.ת.מ בעמ,,,"י""ח",100,ל  גרם,false,1,3.90,3.90,false,1,
7290002319078,false,שומשום 100 גרם מיה,מיה תעשיות מזון מ.ת.מ בעמ,,,"י""ח",100,ל  גרם,false,1,2.90,2.90,false,1,
7290002319092,false,קמח תפוחי אדמה 500,מיה תעשיות מזון מ.ת.מ בעמ,,,"י""ח",500,ל  גרם,false,1,4.90,0.98,false,1,
7290002319115,false,חומוס גדול 500 מיה,מיה תעשיות מזון מ.ת.מ בעמ,,,"י""ח",500,ל  גרם,false,1,6.90,1.38,true,1,
7290002319139,false,שעועית לבנה 500 מיה,מיה תעשיות מזון מ.ת.מ בעמ,,,"י""ח",500,ל  גרם,false,1,6.90,1.38,true,1,
7290002319146,false,שעועית אדומה 500 מיה,מיה תעשיות מזון מ.ת.מ בעמ,,,"י""ח",500,ל  גרם,false,1,7.50,1.50,false,1,
7290002319160,false,אפונה ירוקה יבשה} {500,מיה תעשיות מזון מ.ת.מ בעמ,,,"י""ח",500,ל  גרם,false,1,4.90,0.98,true,1,
7290002319177,false,פופקורן 500,מיה תעשיות מזון מ.ת.מ בעמ,,,"י""ח",500,ל  גרם,false,1,4.90,0.98,true,1,
7290002319184,false,עדשים אדומות  500 מיה,מיה תעשיות מזון מ.ת.מ בעמ,,,"י""ח",500,ל  גרם,false,1,6.90,1.38,true,1,
7290002319191,false,עדשים ירוקים 500 מיה,מיה תעשיות מזון מ.ת.מ בעמ,,,"י""ח",500,ל  גרם,false,1,6.90,1.38,true,1,
7290002319207,false,כוסמת 500,מיה תעשיות מזון מ.ת.מ בעמ,,,"י""ח",500,ל  גרם,false,1,8.90,1.78,true,1,
7290002319221,false,חיטה 500 ג מיה,מיה תעשיות מזון מ.ת.מ בעמ,,,"י""ח",500,ל  גרם,false,1,3.50,0.70,false,1,
7290002319405,false,קינמון בצנצנת 80גר`,מיה תעשיות מזון מ.ת.מ בעמ,,,"י""ח",100,ל  גרם,false,1,6.30,6.30,false,1,
7290002319429,false,פפריקה מתוקה צנצ 80גר`,מיה תעשיות מזון מ.ת.מ בעמ,,,"י""ח",100,ל  גרם,false,1,6.30,6.30,false,1,
7290002319450,false,כרכום בצנצנת 80גר`,מיה תעשיות מזון מ.ת.מ בעמ,,,"י""ח",800,ל  גרם,false,1,6.30,0.79,false,1,
7290002319597,false,כוסברה 80 גרם,מיה תעשיות מזון מ.ת.מ בעמ,,,"י""ח",80,ל  גרם,false,1,6.30,7.88,false,1,
7290002319689,false,סודה לשתיה 150 ג,מיה תעשיות מזון מ.ת.מ בעמ,,,"י""ח",150,ל  גרם,false,1,6.90,4.60,false,1,
7290002319702,false,ציפורן שלם,מיה תעשיות מזון מ.ת.מ בעמ,,,"י""ח",50,ל  גרם,false,1,11.90,23.80,false,1,
7290002319771,false,תמצית אפיה וניל מיה,מיה תעשיות מזון מ.ת.מ בעמ,,,"י""ח",50,"ל  מ""ל",false,1,2.90,5.80,false,1,
7290002319788,false,תמצית אפיה רום,מיה תעשיות מזון מ.ת.מ בעמ,,,"י""ח",60,"ל  מ""ל",false,1,2.90,4.83,false,1,
7290002319795,false,תמצית אפיה שקדים,מיה תעשיות מזון מ.ת.מ בעמ,,,"י""ח",60,"ל  מ""ל",false,1,3.90,6.50,false,1,
7290002319825,false,אבקת סוכר 100 גר מיה,מיה תעשיות מזון מ.ת.מ בעמ,,,"י""ח",100,ל  גרם,false,1,1.90,1.90,false,1,
7290002327028,false,ג חנון 650 ג,נטו מלינדה סחר בעמ,,,"י""ח",650,ל  גרם,false,1,17.90,2.75,true,1,
7290002327042,false,"בורקס תפו""א אופרה.",נטו מלינדה סחר בעמ,,,"י""ח",800,ל  גרם,false,1,20,2.50,true,1,
7290002327059,false,בצק עלים אופרה,נטו מלינדה סחר בעמ,,,"י""ח",1,"ק""ג",false,1,19.90,19.90,true,1,
7290002327103,false,ג חנון בטעם מיוחד,נטו מלינדה סחר בעמ,,,"י""ח",1,"ק""ג",false,1,21.90,21.90,true,1,
7290002327912,false,מיני בורקס 700 ג,נטו מלינדה סחר בעמ,,,"י""ח",700,ל  גרם,false,1,21.90,3.13,true,1,
7290002327929,false,"מיני בורקס תפו""א 700 ג",נטו מלינדה סחר בעמ,,,"י""ח",800,ל  גרם,false,1,22.90,2.86,true,1,
7290002329602,false,עוגת שוקולד 350גר,בני פאוזי שמשום (2009) בעמ,,,"י""ח",350,ל  גרם,false,1,7.90,2.26,true,1,
7290002329626,false,עוגת שיש 350גר,בני פאוזי שמשום (2009) בעמ,,,"י""ח",350,ל  גרם,false,1,7.90,2.26,true,1,
7290002329657,false,עוגה תפוז 350גר,בני פאוזי שמשום (2009) בעמ,,,"י""ח",350,ל  גרם,false,1,7.90,2.26,true,1,
7290002329961,false,עוגת שוקוצ ינו 350 גרם,בני פאוזי שמשום (2009) בעמ,,,"י""ח",350,ל  גרם,false,1,7.90,2.26,true,1,
7290002331025,false,נביעות 500 ספורט,החברה המרכזית להפצת משקאות בעמ,,,"י""ח",500,"ל  מ""ל",false,1,3.30,0.60,false,1,
7290002331094,false,נביעות 755 מייל בודד,החברה המרכזית להפצת משקאות בעמ,,,"י""ח",755,"ל  מ""ל",false,1,4.30,0.53,false,1,
7290002331421,false,"שישיית נביעות 775 מ""ל",החברה המרכזית להפצת משקאות בעמ,,,"י""ח",4.53,ליטר,false,1,16.90,3.33,false,1,
7290002374268,false,שמן חמניות מילומור 1 ליטר.,סוגת תעשיות בעמ,,,"י""ח",1,ליטר,false,1,11.90,11.90,false,1,
7290002374312,false,שמן קנולה מילו 1 ליטר,סוגת תעשיות בעמ,,,"י""ח",1,ליטר,false,1,11.90,11.90,false,1,
7290002551003,false,סטארקיסט בשמן   בודד,דיפלומט מפיצים (1968) בעמ**,,,"י""ח",160,ל  גרם,false,1,6.90,4.31,false,1,
7290002551010,false,טונה סטארקיסט במים}{170,דיפלומט מפיצים (1968) בעמ**,,,"י""ח",160,ל  גרם,false,1,7.60,4.75,false,1,
7290002552345,false,גליגל 6+2 ריאו,ריאו נתניה ביחר לגלידה,,,"י""ח",1,,false,1,16,16,false,1,
7290002581079,false,תן צ אפ 70 ג,מיה תעשיות מזון מ.ת.מ בעמ,,,"י""ח",60,ל  גרם,false,1,3.70,6.17,false,1,
7290002692478,false,"שמן זית כתית עץ הזית  750 מ""ל",סוגת תעשיות בעמ,,,"י""ח",750,"ל  מ""ל",false,1,29.90,3.99,true,1,
7290002715504,false,מרק עוף בכוס,נטו מלינדה סחר בעמ,,,"י""ח",70,ל  גרם,false,1,4.90,7,false,1,
7290002715511,false,מרק בשר מאג יק,נטו מלינדה סחר בעמ,,,"י""ח",70,ל  גרם,false,1,4.90,7,false,1,
7290002715528,false,מרק ירקות בכוס,נטו מלינדה סחר בעמ,,,"י""ח",70,ל  גרם,false,1,4.90,7,false,1,
7290002715580,false,מרק סיני בכוס,נטו מלינדה סחר בעמ,,,"י""ח",70,ל  גרם,false,1,4.90,7,false,1,
7290002730675,false,"##קולגייט אדומה 100 מ""ל",ש.שסטוביץ בעמ,,,"י""ח",100,"ל  מ""ל",false,1,11.90,11.90,false,1,
7290002730811,false,קולגייט ג ל משפחתי,ש.שסטוביץ בעמ,,,"י""ח",138,ל  גרם,false,1,13.10,9.49,true,1,
7290002735014,false,מלווח ארוז 800ג  -יינון,קפוא זן תעשיות מזון בעמ,,,"י""ח",800,ל  גרם,false,1,14.90,1.86,false,1,
7290002735021,false,ג חנון ינון 750ג,קפוא זן תעשיות מזון בעמ,,,"י""ח",750,ל  גרם,false,1,14.90,1.99,false,1,
7290002735113,false,בורקס  גבינה}ינון{,קפוא זן תעשיות מזון בעמ,,,"י""ח",800,ל  גרם,false,1,15.90,1.99,false,1,
7290002750154,false,לחמניה יאמיס שישייה אפיה מקומית,ג נרל מילס ישראל בעמ,,,"י""ח",1,,false,1,11.90,11.90,true,1,
7290002752332,false,מנטוס גלילים פירות,ליימן שליסל,,,"י""ח",37.50,ל  גרם,false,1,3.30,8.80,false,1,
7290002752349,false,מנטוס גלילים מנטה,ליימן שליסל,,,"י""ח",37.50,ל  גרם,false,1,3.30,8.80,false,1,
7290002768036,false,תאדנט מי פה+פלו,החב הדרומית לשיווק,,,"י""ח",1.50,"י""ח",false,1,14.70,9.80,false,1,
7290002768074,false,דרמפון 1 ליטר,החב הדרומית לשיווק,,,"י""ח",1,ליטר,false,1,17.90,17.90,false,1,
7290002782735,false,דאודורנט לגבר פנינה,פנינה רוזנבלום בעמ,,,"י""ח",180,"ל  מ""ל",false,1,16.90,9.39,true,1,
7290002805151,false,סיף נוזל רצפות סחלבים 4לי,יוניליוור ישראל שיווק בעמ,,,"י""ח",4,ליטר,false,1,20.80,5.20,false,1,
7290002814016,false,"מסיר שמנים קר}סנט  מוריץ750 מ""ל",קומפלקס כימיקלסבעמ ~~~,,,"י""ח",750,"ל  מ""ל",false,1,12.90,1.72,false,1,
7290002814528,false,מס  1 לניקוי אסלות 1 ליטר,קומפלקס כימיקלסבעמ ~~~,,,"י""ח",1,ליטר,false,1,6.90,6.90,false,1,
7290002824183,false,גבינה סקי 5% 500 גרם*,"שטראוס גרופ ***בע""מ",,,"י""ח",500,ל  גרם,false,1,9.50,1.90,true,1,
7290002824466,false,דנונה ביו  %0 שומן,"שטראוס גרופ ***בע""מ",,,"י""ח",200,"ל  מ""ל",false,1,3.70,1.85,true,1,
7290002824640,false,גבינה סקי 5% 250  גרם*,"שטראוס גרופ ***בע""מ",,,"י""ח",250,ל  גרם,false,1,4.97,1.99,true,1,
7290002825722,false,סלט כרוב אדום שטראוס 500גרם,"שטראוס גרופ ***בע""מ",,,"י""ח",500,ל  גרם,false,1,15.90,3.18,true,1,
7290002842002,false,פתיתי ש. שועל מורנפלייק 500ג,ליימן שליסל,,,"י""ח",500,ל  גרם,false,1,10.90,2.18,false,1,
7290002859451,false,כנפי אווז תפזורת קפוא,בלדי בעמ,,,"ק""ג",1,"ק""ג",true,1,29.90,29.90,false,1,
7290002868996,false,קוטג  5% מועשר 250 גרם,*החברה המרכזית להפצת משקאותבעמ,,,"י""ח",250,ל  גרם,false,1,5.90,2.36,true,1,
7290002922117,false,עוגיות אקלר פרמיום,הלל בן הלל שיווק ומסחר בעמ,,,"י""ח",250,ל  גרם,false,1,23.90,9.56,false,1,
7290002930808,false,רבע כבש עטרה קפוא,נטו מלינדה סחר בעמ,,,"ק""ג",1,"ק""ג",true,1,79.90,79.90,false,1,
7290002939849,false,גרון הודו עטרה  טרי**,ח.י. מעדני גורמה בעמ,,,"ק""ג",1,,true,1,29.90,29.90,false,1,
7290002987963,false,"חומוס אחלה 1 ק""ג שטראוס","שטראוס גרופ ***בע""מ",,,"י""ח",1,"ק""ג",false,1,13.90,13.90,true,1,
7290003009312,false,בוטן קלוי 200 גרם שקית קליית גת,ליימן שליסל,,,"י""ח",200,ל  גרם,false,1,6.60,3.30,false,1,
7290003009329,false,בוטן אמריקאי 200 גרם,ליימן שליסל,,,"י""ח",200,ל  גרם,false,1,5.90,2.95,true,1,
7290003009336,false,קבוקים 200 ג,ליימן שליסל,,,"י""ח",200,ל  גרם,false,1,5.90,2.95,true,1,
7290003009640,false,פריגת סחוט 100%,*החברה המרכזית להפצת משקאותבעמ,,,"י""ח",1,ליטר,false,1,16.20,16.20,true,1,
7290003015641,false,ריצפז פרש יסמין 2 ליטר,החב הדרומית לשיווק,,,"י""ח",2,ליטר,false,1,19.90,9.95,false,1,
7290003023196,false,מוקה 250  יוטבטה,"שטראוס גרופ ***בע""מ",,,"י""ח",225,"ל  מ""ל",false,1,2.90,1.29,true,1,
7290003026227,false,שמפו ללא דמעות פישר,פישר תעשיות פרמבצטיות בעמ,,,"י""ח",1,ליטר,false,1,32.90,32.90,true,1,
7290003029181,false,שוקו 1 ליטר בקבוק יטבתה,"שטראוס גרופ ***בע""מ",,,"י""ח",1,ליטר,false,1,11.90,11.90,true,1,
7290003029372,false,משקה חלב בננה 1ליטר בקבוק יטבתה,"שטראוס גרופ ***בע""מ",,,"י""ח",1,ליטר,false,1,11.90,11.90,true,1,
7290003029389,false,שוקו בטעם בננה יטבתה פקק 250מל.,"שטראוס גרופ ***בע""מ",,,"י""ח",250,"ל  מ""ל",false,1,5.50,2.20,true,1,
7290003029433,false,"שוקו יטבתה בקבוק 250מ""ל מהדרין","שטראוס גרופ ***בע""מ",,,"י""ח",250,"ל  מ""ל",false,1,5.50,2.20,true,1,
7290003029532,false,מוקה 1 ליטר יטבתה,"שטראוס גרופ ***בע""מ",,,"י""ח",1,ליטר,false,1,11.90,11.90,true,1,
7290003029792,false,מארז שוקו 8 יח  (יוטבתה),"שטראוס גרופ ***בע""מ",,,"י""ח",1.80,ליטר,false,1,19.90,11.06,true,1,
7290003029884,false,מארז 6 שקיות מוקה,"שטראוס גרופ ***בע""מ",,,"י""ח",1.40,ליטר,false,1,15.40,11,true,1,
7290003029907,false,אייס קפה יטבתה 1 ליטר בקבוק,"שטראוס גרופ ***בע""מ",,,"י""ח",1,ליטר,false,1,11.90,11.90,true,1,
7290003031740,false,פסטרמה בדבש 400 גרם,תנובה בשר,,,"י""ח",400,ל  גרם,false,1,31.90,7.98,false,1,
7290003054657,false,חרדל דיג ון אקסטרא פורטה דיפלומט,דיפלומט מפיצים (1968) בעמ**,,,"י""ח",370,ל  גרם,false,1,11.90,3.22,false,1,
7290003102587,false,מברשת לבקבוק,אינטרסן (1996) בעמ,,,"י""ח",1,,false,1,5.90,5.90,false,1,
7290003119509,false,בקבוק ריק 1.20,שונות /שרות,,,"י""ח",1,"י""ח",false,1,1.20,1.20,false,1,
7290003121083,false,מג יק בשר בשקית,נטו מלינדה סחר בעמ,,,"י""ח",85,ל  גרם,false,1,3.90,4.59,false,1,
7290003121090,false,מג יק ירקות בשקית,נטו מלינדה סחר בעמ,,,"י""ח",85,ל  גרם,false,1,2.50,2.94,false,1,
7290003121106,false,מג יק עוף בשקית,נטו מלינדה סחר בעמ,,,"י""ח",85,ל  גרם,false,1,3.90,4.59,false,1,
7290003127597,false,שקית שרות קופה גופיה,שונות /שרות,,,"י""ח",1,,false,1,0.10,0.10,false,1,
7290003145751,false,קשיו קלוי 200גר`,ליימן שליסל,,,"י""ח",200,ל  גרם,false,1,22.90,11.45,true,1,
7290003199273,false,צמר פלדה 200 גרם ינה,ח.כהן סוכנות מזון ומשקאות בע,,,"י""ח",200,ל  גרם,false,1,6.90,3.45,false,1,
7290003319138,false,געפילטע פיש 6 קציצות,נאמן לאורך זמן בעמ,,,"י""ח",600,ל  גרם,false,1,17.90,2.98,false,1,
7290003321155,false,דנונה  בר קראנצי שבבי פקאן,"שטראוס גרופ ***בע""מ",,,"י""ח",175,"ל  מ""ל",false,1,4.60,2.63,true,1,
7290003321292,false,סקי 9% 250 גר*,"שטראוס גרופ ***בע""מ",,,"י""ח",250,ל  גרם,false,1,4.80,1.92,true,1,
7290003364107,false,צעצועים שונים 7,צעצועי דורון ~~~,,,"י""ח",1,,false,1,40,40,false,1,
7290003364428,false,בובה מיוחדת,צעצועי דורון ~~~,,,"י""ח",1,,false,1,50,50,false,1,
7290003397136,false,בדית}בדי  בדיקה{,כ.כיפות שיווק וסחר בעמ,,,"י""ח",1,,false,1,7.90,7.90,false,1,
7290003401420,false,לחות לשער  נטורל}קלאסיק{,החב הדרומית לשיווק,,,"י""ח",400,"ל  מ""ל",false,1,21.90,5.48,false,1,
7290003411276,false,עמבה הודית 500 גרם,הנמל אריזות ושווק בעמ,,,"י""ח",600,ל  גרם,false,1,9.20,1.53,false,1,
7290003411757,false,"צלחות 1 ק""ג הנמל",הנמל אריזות ושווק בעמ,,,"י""ח",1,"ק""ג",false,1,34.90,34.90,false,1,
7290003427154,false,שמן זית זיתא  כתית.מעולה 750,תה ויסוצקי (ישראל)בעמ,,,"י""ח",750,"ל  מ""ל",false,1,37.90,5.05,true,1,
7290003461677,false,"חומוס אסלי 1  ק""ג}שמיר{",סלטי שמיר2006בעמ,,,"י""ח",1,"ק""ג",false,1,15.90,15.90,true,1,
7290003461868,false,"חצילים 1 ק""ג",סלטי שמיר2006בעמ,,,"י""ח",1,"ק""ג",false,1,15.90,15.90,true,1,
7290003521074,false,סרקל מרכך 1 ליטר,פישר תעשיות פרמבצטיות בעמ,,,"י""ח",1,ליטר,false,1,29.90,29.90,false,1,
7290003521081,false,סרקל שמפו  1  ליטר,פישר תעשיות פרמבצטיות בעמ,,,"י""ח",1,ליטר,false,1,29.90,29.90,false,1,
7290003521166,false,סרקל קרם שיער]רוזמרין[,פישר תעשיות פרמבצטיות בעמ,,,"י""ח",325,ל  גרם,false,1,25.90,7.97,false,1,
7290003521197,false,סרקל מתיר קשרים ספריי,פישר תעשיות פרמבצטיות בעמ,,,"י""ח",340,"ל  מ""ל",false,1,25.90,7.62,false,1,
7290003550753,false,טונה פוסידון רביעיות,נטו מלינדה סחר בעמ,,,"י""ח",340,ל  גרם,false,1,21.90,6.44,false,1,
7290003578290,false,מקלוני אורז 300 גרם. ויליפוד,ג.וילי פוד אינטרנשיונל בעמ,,,"י""ח",300,ל  גרם,false,1,6.50,2.17,false,1,
7290003578313,false,דובדבנים  וויליפוד ללא חרצנים,ג.וילי פוד אינטרנשיונל בעמ,,,"י""ח",720,ל  גרם,false,1,8.90,1.24,false,1,
7290003643004,false,"אורז בסמטי קלאסי  סוגת1 ק""ג",סוגת תעשיות בעמ,,,"י""ח",1,"ק""ג",false,1,12.90,12.90,false,1,
7290003643387,false,"סוכר אריזת פלסטיק 1 ק""ג סוגת",סוגת תעשיות בעמ,,,"י""ח",1,"ק""ג",false,1,7.90,7.90,false,1,
7290003643646,false,סוכר חום דמררה סוגת,סוגת תעשיות בעמ,,,"י""ח",1,"ק""ג",false,1,13.90,13.90,false,1,
7290003643684,false,אפונה יבשה 500 גרם,סוגת תעשיות בעמ,,,"י""ח",500,ל  גרם,false,1,6.90,1.38,true,1,
7290003643707,false,גריסים 500 ג,סוגת תעשיות בעמ,,,"י""ח",500,ל  גרם,false,1,4.90,0.98,true,1,
7290003643714,false,חומוס 500 גרם סוגת,סוגת תעשיות בעמ,,,"י""ח",500,ל  גרם,false,1,7.90,1.58,true,1,
7290003643738,false,חיטה 500 גרם סוגת,סוגת תעשיות בעמ,,,"י""ח",500,ל  גרם,false,1,4.90,0.98,true,1,
7290003643745,false,כוסמת 500 גרם סוגת,סוגת תעשיות בעמ,,,"י""ח",500,ל  גרם,false,1,8.90,1.78,true,1,
7290003643752,false,~עדשים ירוקים 500 ג סוגת,סוגת תעשיות בעמ,,,"י""ח",500,ל  גרם,false,1,8.90,1.78,true,1,
7290003643769,false,עדשים אדומים 500 סוגת,סוגת תעשיות בעמ,,,"י""ח",500,ל  גרם,false,1,8.90,1.78,true,1,
7290003643776,false,פופקורן 500 גרם,סוגת תעשיות בעמ,,,"י""ח",500,ל  גרם,false,1,6.90,1.38,true,1,
7290003643806,false,שעועית לבנה 500 גרם סוגת,סוגת תעשיות בעמ,,,"י""ח",500,ל  גרם,false,1,9.90,1.98,true,1,
7290003643813,false,שעועית אדומה 500 גרם,סוגת תעשיות בעמ,,,"י""ח",500,ל  גרם,false,1,11.90,2.38,true,1,
7290003643820,false,חומוס ענק 500 סוגת,סוגת תעשיות בעמ,,,"י""ח",500,ל  גרם,false,1,10,2,true,1,
7290003681242,false,תבלין זעתר,מיה תעשיות מזון מ.ת.מ בעמ,,,"י""ח",50,ל  גרם,false,1,6.30,12.60,false,1,
7290003681303,false,שעועית מעורבת 500 מיה,מיה תעשיות מזון מ.ת.מ בעמ,,,"י""ח",500,ל  גרם,false,1,7.90,1.58,false,1,
7290003681334,false,"קוקוס 400 גרם מיה בד""צ",מיה תעשיות מזון מ.ת.מ בעמ,,,"י""ח",400,ל  גרם,false,1,9.90,2.48,false,1,
7290003681341,false,קונפיטורה  תות שדה,מיה תעשיות מזון מ.ת.מ בעמ,,,"י""ח",340,ל  גרם,false,1,13.90,4.09,false,1,
7290003681365,false,סוכריות לקישוט צבעוני מיה,מיה תעשיות מזון מ.ת.מ בעמ,,,"י""ח",200,ל  גרם,false,1,4.90,2.45,false,1,
7290003681693,false,חומוס לבן ענק  500מיה,מיה תעשיות מזון מ.ת.מ בעמ,,,"י""ח",500,ל  גרם,false,1,8.90,1.78,false,1,
7290003681716,false,גריסי פנינה 500 ג מיה,מיה תעשיות מזון מ.ת.מ בעמ,,,"י""ח",500,ל  גרם,false,1,6.90,1.38,false,1,
7290003681723,false,תבלין לפיצה 100ג,מיה תעשיות מזון מ.ת.מ בעמ,,,"י""ח",100,ל  גרם,false,1,6.30,6.30,false,1,
7290003681754,false,תבלין קרי,מיה תעשיות מזון מ.ת.מ בעמ,,,"י""ח",100,ל  גרם,false,1,6.30,6.30,false,1,
7290003681761,false,גבישי שום 80גר`,מיה תעשיות מזון מ.ת.מ בעמ,,,"י""ח",800,ל  גרם,false,1,11.90,1.49,false,1,
7290003744831,false,אובלטים בצל 300 גרם,שוקוטרייד בעמ,,,"י""ח",300,ל  גרם,false,1,11.90,3.97,false,1,
7290003744862,false,אובלטים זעתר 300 גרם,שוקוטרייד בעמ,,,"י""ח",300,ל  גרם,false,1,11.90,3.97,false,1,
7290003781652,false,צלפים 370גר,ג.וילי פוד אינטרנשיונל בעמ,,,"י""ח",370,ל  גרם,false,1,8.90,2.41,false,1,
7290003804320,false,תיבולית שום ופטרוזיליה  72גר,יוניליוור ישראל שיווק בעמ,,,"י""ח",72,ל  גרם,false,1,8.90,12.36,true,1,
7290003804368,false,תיבולית  בזיליקום 72גרם,יוניליוור ישראל שיווק בעמ,,,"י""ח",72,ל  גרם,false,1,8.90,12.36,true,1,
7290003805501,false,פתית שבדי חסכוני 300 ג`,יוניליוור ישראל שיווק בעמ,,,"י""ח",300,ל  גרם,false,1,16.90,5.63,true,1,
7290003805587,false,"פתית ח.מ בד""צ",יוניליוור ישראל שיווק בעמ,,,"י""ח",250,ל  גרם,false,1,16.90,6.76,true,1,
7290003807178,false,"רוטב סויה 300 מ""ל סיג.סינ",יוניליוור ישראל שיווק בעמ,,,"י""ח",300,"ל  מ""ל",false,1,11.90,3.97,true,1,
7290003807482,false,"רוטב טריאקי 370 מ""ל",יוניליוור ישראל שיווק בעמ,,,"י""ח",370,"ל  מ""ל",false,1,11.90,3.22,true,1,
7290003864478,false,~סרדין בשמן צמחי  ויליפוד,ג.וילי פוד אינטרנשיונל בעמ,,,"י""ח",110,ל  גרם,false,1,4.90,4.45,true,1,
7290003864485,false,סרדין ברוטב עגבנ,ג.וילי פוד אינטרנשיונל בעמ,,,"י""ח",110,ל  גרם,false,1,4.90,4.45,true,1,
7290003882922,false,עלי גפן ממולאים וויליפוד 400,ג.וילי פוד אינטרנשיונל בעמ,,,"י""ח",400,ל  גרם,false,1,7.90,1.98,false,1,
7290003989096,false,סלט חציל  פיקנטי-אחלה,"שטראוס גרופ ***בע""מ",,,"י""ח",500,ל  גרם,false,1,15.90,3.18,true,1,
7290003989539,false,רביולי גבינה שטראוס,"שטראוס גרופ ***בע""מ",,,"י""ח",400,ל  גרם,false,1,20.90,5.23,true,1,
7290003989553,false,טורטלוני פטריות  שטראוס,"שטראוס גרופ ***בע""מ",,,"י""ח",400,ל  גרם,false,1,19.90,4.98,true,1,
7290003996018,false,חסה ערבית חסלט,יעל ירק עלים לשיווק בעמ,,,"י""ח",1,"י""ח",false,1,7.80,7.80,false,1,
7290003996094,false,סלרי חסלט,יעל ירק עלים לשיווק בעמ,,,"י""ח",1,"י""ח",false,1,7.80,7.80,false,1,
7290003996506,false,כרוב לבן 400ג חסלט,יעל ירק עלים לשיווק בעמ,,,"י""ח",400,ל  גרם,false,1,11.80,2.95,false,1,
7290003996513,false,כרוב אדום  400 גרם חסלט,יעל ירק עלים לשיווק בעמ,,,"י""ח",400,ל  גרם,false,1,11.80,2.95,false,1,
7290003996551,false,סלט קולסלו 400ג חסלט,יעל ירק עלים לשיווק בעמ,,,"י""ח",400,ל  גרם,false,1,11.80,2.95,false,1,
7290004048679,false,קובה למרק,נטו מלינדה סחר בעמ,,,"י""ח",1,"ק""ג",false,1,21.90,21.90,false,1,
7290004063115,false,"מלח גביש 1  ק""ג}עבה{",סוגת תעשיות בעמ,,,"י""ח",1,"ק""ג",false,1,1.70,1.70,false,1,
7290004119225,false,יופלה אננס,תנובה בעמ ***,,,"י""ח",150,"ל  מ""ל",false,1,5.40,3.60,false,1,
7290004120061,false,קרלו שוקו וניל,תנובה בעמ ***,,,"י""ח",125,"ל  מ""ל",false,1,3,2.40,false,1,
7290004120566,false,בולגרית פיראוס 24% 250 ג`,תנובה בעמ ***,,,"י""ח",250,ל  גרם,false,1,23.90,9.56,true,1,
7290004120573,false,פריאוס בולגרית 16% 250גר,תנובה בעמ ***,,,"י""ח",250,ל  גרם,false,1,23.90,9.56,false,1,
7290004120634,false,~בולגרית פיראוס 5% 250גר,תנובה בעמ ***,,,"י""ח",250,ל  גרם,false,1,23.90,9.56,true,1,
7290004120832,false,חלב תנובה כד 2 ל  }תנובה{ מהדרין*,תנובה בעמ ***,,,"י""ח",2,ליטר,false,1,12.46,6.23,false,1,
7290004121488,false,דיאט יופלה אפרסק,תנובה בעמ ***,,,"י""ח",150,"ל  מ""ל",false,1,5,3.33,false,1,
7290004121525,false,מאגדת  יופלה שמיניה פירות 3%,תנובה בעמ ***,,,"י""ח",1.20,ליטר,false,1,31.80,26.50,false,1,
7290004122195,false,גוש   חלב פרוס}מהדרין  {200ג`,תנובה בעמ ***,,,"י""ח",200,ל  גרם,false,1,14.90,7.45,false,1,
7290004122270,false,עמק פרוס בקופסא 200גר,תנובה בעמ ***,,,"י""ח",200,ל  גרם,false,1,16.70,8.35,true,1,
7290004122348,false,~עמק לייט 9% בקופסא 200 ג`,תנובה בעמ ***,,,"י""ח",200,ל  גרם,false,1,17.90,8.95,true,1,
7290004122676,false,חמד פיראוס 5% 250גר,תנובה בעמ ***,,,"י""ח",250,ל  גרם,false,1,18.50,7.40,true,1,
7290004122683,false,אצבעות עמק 172גר,תנובה בעמ ***,,,"י""ח",172,ל  גרם,false,1,16.90,9.83,true,1,
7290004124205,false,דיאט יופלה תות טוויגי תות 0%,תנובה בעמ ***,,,"י""ח",150,"ל  מ""ל",false,1,5,3.33,false,1,
7290004124847,false,קצפת צמחית השף הלבן 500 מייל,תנובה בעמ ***,,,"י""ח",500,"ל  מ""ל",false,1,15.90,3.18,true,1,
7290004125370,false,שמנת 9% 200 ג,תנובה בעמ ***,,,"י""ח",200,"ל  מ""ל",false,1,3.90,1.95,false,1,
7290004125400,false,אשל  *4.5%,תנובה בעמ ***,,,"י""ח",200,"ל  מ""ל",false,1,1.69,0.85,false,1,
7290004125417,false,גיל  *3% 200 ג`,תנובה בעמ ***,,,"י""ח",200,ל  גרם,false,1,1.51,0.76,false,1,
7290004125455,false,"שמנת תנובה 15% מהדרין 200  מ""ל*",תנובה בעמ ***,,,"י""ח",200,"ל  מ""ל",false,1,2.40,1.20,false,1,
7290004125462,false,שמנת חמוצה 15% 500 ג*,תנובה בעמ ***,,,"י""ח",500,"ל  מ""ל",false,1,6,1.20,false,1,
7290004125509,false,"שמנת תנובה 15% חצי מנה 100 מ""ל",תנובה בעמ ***,,,"י""ח",100,"ל  מ""ל",false,1,1.80,1.80,false,1,
7290004125578,false,משקה סויה מועשר בסידן 1  ל`תנובה,תנובה בעמ ***,,,"י""ח",1,ליטר,false,1,11.90,11.90,true,1,
7290004125585,false,משקה סויה על הבוקר תנובה,תנובה בעמ ***,,,"י""ח",1,ליטר,false,1,11.90,11.90,true,1,
7290004125721,false,שמנת  לבישול השף תנובה 250 מייל,תנובה בעמ ***,,,"י""ח",250,"ל  מ""ל",false,1,8.90,3.56,false,1,
7290004125738,false,"שמנת לקצפת השף 250 מ""ל  32%( תנובה)",תנובה בעמ ***,,,"י""ח",250,"ל  מ""ל",false,1,6.80,2.72,false,1,
7290004126759,false,דאיט יופלה פירות יער טו יוג פרי 150גר.,תנובה בעמ ***,,,"י""ח",150,"ל  מ""ל",false,1,5,3.33,false,1,
7290004127329,false,קוטג% `5מהדרין תנובה 250,תנובה בעמ ***,,,"י""ח",275,ל  גרם,false,1,5.90,2.15,false,1,
7290004127336,false,קוטג 9%  מהדרין תנובה 250,תנובה בעמ ***,,,"י""ח",250,ל  גרם,false,1,5.90,2.36,false,1,
7290004127800,false,גבינה 5% 500 גרם*תנובה,תנובה בעמ ***,,,"י""ח",500,ל  גרם,false,1,9.96,1.99,false,1,
7290004127817,false,גבינה 9% 500 גרם תנובה,תנובה בעמ ***,,,"י""ח",500,ל  גרם,false,1,9.80,1.96,false,1,
7290004127862,false,"גבינה לבנה תנובה  5% 750  ג""ר*",תנובה בעמ ***,,,"י""ח",750,ל  גרם,false,1,14.94,1.99,true,1,
7290004129101,false,נפוליאון  בטעם טבעי,תנובה בעמ ***,,,"י""ח",225,ל  גרם,false,1,14.10,6.27,false,1,
7290004129156,false,נפוליאון 30% שומ,תנובה בעמ ***,,,"י""ח",225,ל  גרם,false,1,14.10,6.27,false,1,
7290004130794,false,משקה סויה מעושר טבעי 1 ל תנובה,תנובה בעמ ***,,,"י""ח",1,ליטר,false,1,11.90,11.90,true,1,
7290004130916,false,יופלה  פירות יער בשמנת,תנובה בעמ ***,,,"י""ח",150,"ל  מ""ל",false,1,5.40,3.60,false,1,
7290004131074,false,חלב 3% מהדרין תנובה קרטון+פקק   * 1 ל`,תנובה בעמ ***,,,"י""ח",1,ליטר,false,1,6.23,6.23,false,1,
7290004131814,false,צפתית מעודנת פיראוס 200 ג  5%,תנובה בעמ ***,,,"י""ח",200,ל  גרם,false,1,15.40,7.70,false,1,
7290004132552,false,דיאט סויה טבעי 1 ליטר,תנובה בעמ ***,,,"י""ח",1,ליטר,false,1,11.90,11.90,true,1,
7290004132712,false,אצבעות מוצרלה 172גר,תנובה בעמ ***,,,"י""ח",172,ל  גרם,false,1,16.90,9.83,true,1,
7290004133511,false,יופלה לבן מאגדת שמיניה,תנובה בעמ ***,,,"י""ח",1.20,ליטר,false,1,21.10,17.58,false,1,
7290004136857,false,מעדן ג לי בטעם פטל,תנובה בעמ ***,,,"י""ח",125,"ל  מ""ל",false,1,2.60,2.08,false,1,
7290004136871,false,מעדן ג לי בטעם אפרסק,תנובה בעמ ***,,,"י""ח",125,"ל  מ""ל",false,1,2.90,2.32,false,1,
7290004137021,false,שמנת לבישול תנובה 250 מייל,תנובה בעמ ***,,,"י""ח",250,"ל  מ""ל",false,1,8.90,3.56,false,1,
7290004146986,false,שמפו נקה -7 לשיער צבוע,החב הדרומית לשיווק,,,"י""ח",750,"ל  מ""ל",false,1,12.90,1.72,false,1,
7290004199579,false,פלסטר 100 יחידות,אינטרסן (1996) בעמ,,,"י""ח",100,"י""ח",false,1,9.90,0.10,true,1,
7290004199777,false,צימרוני אוזניים פל.בכוס,אינטרסן (1996) בעמ,,,"י""ח",1,,false,1,6.40,6.40,true,1,
7290004263652,false,נקניקיות  עוף(עטרה) 400ג,נטו מלינדה סחר בעמ,,,"י""ח",400,ל  גרם,false,1,8.90,2.23,true,1,
7290004263676,false,טחון   הודו}עטרה{500ג,נטו מלינדה סחר בעמ,,,"י""ח",500,ל  גרם,false,1,12.90,2.58,false,1,
7290004263935,false,בשר מכסה הצלע מס 7 עטרה .מעו,נטו מלינדה סחר בעמ,,,"ק""ג",1,"ק""ג",true,1,39.90,39.90,false,1,
7290004267124,false,עוגיות ממולאות תות 200  ג`ברמן,ח.כהן סוכנות מזון ומשקאות בע,,,"י""ח",200,ל  גרם,false,1,5.90,2.95,false,1,
7290004492274,false,גל גל 400 גרם טבעות,יוניליוור ישראל שיווק בעמ,,,"י""ח",400,ל  גרם,false,1,9.90,2.48,true,1,
7290004492762,false,נשנשים תירס 325 גרם,יוניליוור ישראל שיווק בעמ,,,"י""ח",325,ל  גרם,false,1,12.70,3.91,true,1,
7290004494148,false,דלתון מרלו D.,הכרם משקאות חריפים בעמ,,,"י""ח",750,"ל  מ""ל",false,1,50.90,6.75,false,1,
7290004554293,false,אסקימו  טעם ענבים,גלידות שטראוס בעמ,,,"י""ח",1,,false,1,2.90,2.90,true,1,
7290004575007,false,חמישייה טילונים,ריאו נתניה ביחר לגלידה,,,"י""ח",1,,false,1,18.90,18.90,false,1,
7290004575069,false,מיניס וניל שקדים קפה,ריאו נתניה ביחר לגלידה,,,"י""ח",700,ל  גרם,false,1,39.90,5.70,false,1,
7290004575403,false,גלידה 1.8 ל  פרווה,ריאו נתניה ביחר לגלידה,,,"י""ח",1.80,ליטר,false,1,16.90,9.39,false,1,
7290004575632,false,קרמבו וניל  16  יחידות(ריאו).,ריאו נתניה ביחר לגלידה,,,"י""ח",16,"י""ח",false,1,21.90,1.37,false,1,
7290004584306,false,סופר גמדים,"שטראוס גרופ ***בע""מ",,,"י""ח",400,"ל  מ""ל",false,1,11.70,2.93,true,1,
7290004584528,false,דנונה ביו 1.7% שומן,"שטראוס גרופ ***בע""מ",,,"י""ח",200,"ל  מ""ל",false,1,3.70,1.85,true,1,
7290004585907,false,דני וניל,"שטראוס גרופ ***בע""מ",,,"י""ח",130,"ל  מ""ל",false,1,2.70,2.08,true,1,
7290004658847,false,"יין תירוש 187מ""ל",אגודת הכורמים,,,"י""ח",187,"ל  מ""ל",false,1,6.50,3.32,false,1,
7290004685126,false,לחם 5 דגנים,י.את א. ברמן בעמ,,,"י""ח",750,ל  גרם,false,1,15.90,2.12,false,1,
7290004685157,false,לחם שיפון 100%,י.את א. ברמן בעמ,,,"י""ח",750,ל  גרם,false,1,15.90,2.12,false,1,
7290004685430,false,לחם הארץ כוסמין 100%,י.את א. ברמן בעמ,,,"י""ח",1,,false,1,16.90,16.90,false,1,
7290004731076,false,אל סבון כיף 1 ליטר,החב הדרומית לשיווק,,,"י""ח",1,ליטר,false,1,14.90,14.90,false,1,
7290004731472,false,כיף אלסבון שלישייה,החב הדרומית לשיווק,,,"י""ח",1.50,ליטר,false,1,20.90,13.93,false,1,
7290004737719,false,אספרגוס שלם מקולף בצנצת 330ג,ג.וילי פוד אינטרנשיונל בעמ,,,"י""ח",330,ל  גרם,false,1,11.40,3.45,false,1,
7290004861315,false,לבנה טבעי/ירקות שקיל 5%,מחלבות המושבה בעמ,,,"ק""ג",1,,true,1,39.90,39.90,false,1,
7290004944049,false,טחינה 400 ג אסלי,סלטי שמיר2006בעמ,,,"י""ח",400,ל  גרם,false,1,9.90,2.48,true,1,
7290004944056,false,חציל במיונז אסלי 400ג,סלטי שמיר2006בעמ,,,"י""ח",400,ל  גרם,false,1,9.90,2.48,true,1,
7290004944063,false,סלט טורקי 400 ג,סלטי שמיר2006בעמ,,,"י""ח",400,ל  גרם,false,1,10.90,2.73,true,1,
7290005008191,false,פלמוליב סבון נוזלי,ש.שסטוביץ בעמ,,,"י""ח",500,"ל  מ""ל",false,1,15.90,3.18,true,1,
7290005035067,false,כנפיים,שונות /שרות,,,"י""ח",1,,true,1,15.90,15.90,false,1,
7290005084355,false,סנסודין דואל קר,גורי ע.ע.ע. בעמ,,,"י""ח",75,ל  גרם,false,1,22.90,30.53,true,1,
7290005174513,false,סלט חציל במיונז אחלה 500גרם,"שטראוס גרופ ***בע""מ",,,"י""ח",500,ל  גרם,false,1,15.90,3.18,true,1,
7290005174551,false,חומוס יום יום אחלה,"שטראוס גרופ ***בע""מ",,,"י""ח",125,ל  גרם,false,1,4.90,3.92,true,1,
7290005174568,false,חצילים יום יום,"שטראוס גרופ ***בע""מ",,,"י""ח",125,ל  גרם,false,1,4.90,3.92,true,1,
7290005174575,false,טחינה יום יום,"שטראוס גרופ ***בע""מ",,,"י""ח",125,ל  גרם,false,1,4.90,3.92,true,1,
7290005175428,false,קמח תירס אינסטנד,ג.וילי פוד אינטרנשיונל בעמ,,,"י""ח",500,ל  גרם,false,1,5.90,1.18,false,1,
7290005199578,false,פלאטינום נטול 200,"שטראוס גרופ בע""מ",,,"י""ח",200,ל  גרם,false,1,31.90,15.95,true,1,
7290005199738,false,מסטיק מאסט ריח,"שטראוס גרופ בע""מ",,,"י""ח",28,ל  גרם,false,1,4.30,15.36,true,1,
7290005200786,false,תפוצ יפס שמנת ובצל,"שטראוס פריטו ליי בע""מ",,,"י""ח",50,ל  גרם,false,1,4.50,9,true,1,
7290005287015,false,"טונה סטארקיסט בד""ץ 160 ג`",דיפלומט מפיצים (1968) בעמ**,,,"י""ח",160,ל  גרם,false,1,6.90,4.31,false,1,
7290005287213,false,"טונה סטארקיסט בשמן 160ג רבעיות בד""ץ",דיפלומט מפיצים (1968) בעמ**,,,"י""ח",640,ל  גרם,false,1,27.90,4.36,true,1,
7290005287251,false,~טונה סטארקיסט  במים רביעייה,דיפלומט מפיצים (1968) בעמ**,,,"י""ח",640,ל  גרם,false,1,27.90,4.36,true,1,
7290005287657,false,ממרח טונה סטארקיסט 160ג,דיפלומט מפיצים (1968) בעמ**,,,"י""ח",160,ל  גרם,false,1,6.50,4.06,true,1,
7290005423253,false,תרסיס מקסימה כחול אולטרה למייבש כביסה,החב הדרומית לשיווק,,,"י""ח",750,"ל  מ""ל",false,1,17.90,2.39,true,1,
7290005423567,false,מטליות בגליל סושי,החב הדרומית לשיווק,,,"י""ח",1,,false,1,19.90,19.90,false,1,
7290005423871,false,אורביטול שלישיה סודה,החב הדרומית לשיווק,,,"י""ח",435,ל  גרם,false,1,19.90,4.57,false,1,
7290005423918,false,מרכך כביסה מקסימה  ירוק 4 ליטר,החב הדרומית לשיווק,,,"י""ח",4,ליטר,false,1,21.90,5.48,false,1,
7290005424403,false,אל סבון כיף 1 ליטר,החב הדרומית לשיווק,,,"י""ח",1,ליטר,false,1,14.90,14.90,false,1,
7290005424700,false,מסיר שומנים קר סנו פורטה 1ל,החב הדרומית לשיווק,,,"י""ח",1,ליטר,false,1,17.90,17.90,false,1,
7290005424762,false,ריצפז ווקס דוחה חרקים 2 ליטר,החב הדרומית לשיווק,,,"י""ח",2,ליטר,false,1,25.90,12.95,false,1,
7290005424847,false,סנו סופט 150 מפיות לבן.,החב הדרומית לשיווק,,,"י""ח",150,"י""ח",false,1,7.90,0.05,false,1,
7290005425646,false,סנו קליר אקדח 1ליטר,החב הדרומית לשיווק,,,"י""ח",1,ליטר,false,1,11.90,11.90,false,1,
7290005426230,false,סנו סושי מטלית הפלא לרצפה,החב הדרומית לשיווק,,,"י""ח",1,,false,1,12.90,12.90,false,1,
7290005426803,false,סנו מקסימה מרכך 4 ליטר,החב הדרומית לשיווק,,,"י""ח",4,ליטר,false,1,21.90,5.48,false,1,
7290005426964,false,סנובון שלישייה כחול אפרסק,החב הדרומית לשיווק,,,"י""ח",165,ל  גרם,false,1,17.90,10.85,true,1,
7290005426971,false,סנובון שלישייה כחול תפוח,החב הדרומית לשיווק,,,"י""ח",165,ל  גרם,false,1,17.90,10.85,true,1,
7290005427107,false,מגבות   הפלא}סנו{שישייה,החב הדרומית לשיווק,,,"י""ח",570,ל  גרם,false,1,13.90,2.44,true,1,
7290005427633,false,"כיף ג ל לשיער חזק 1 ק""ג",החב הדרומית לשיווק,,,"י""ח",1,"ק""ג",false,1,20.90,20.90,false,1,
7290005427947,false,"קרמה ק.גוף פסיפלורה 500 מ""ל",החב הדרומית לשיווק,,,"י""ח",500,"ל  מ""ל",false,1,24.90,4.98,false,1,
7290005429279,false,"סנו מקסימה אפקט זאוול  6 ק""ג.",החב הדרומית לשיווק,,,"י""ח",6,"ק""ג",false,1,49.90,8.32,false,1,
7290005429286,false,סנו מקסימה קומפקט ביו 6,החב הדרומית לשיווק,,,"י""ח",6,"ק""ג",false,1,49.90,8.32,false,1,
7290005430602,false,סנו אוקסיגאן מסיר בתרסיס מרסס,החב הדרומית לשיווק,,,"י""ח",750,"ל  מ""ל",false,1,18.90,2.52,false,1,
7290005430671,false,פוליוקס קרמיקה 2 ליטר,החב הדרומית לשיווק,,,"י""ח",2,ליטר,false,1,20.90,10.45,true,1,
7290005437915,false,מיץ ענבים 1 ל  טעמן,טעמן שווק מזון בעמ,,,"י""ח",1,ליטר,false,1,17.20,17.20,false,1,
7290005500688,false,"מסיכה לשיער 1 ק""ג",פנינה רוזנבלום בעמ,,,"י""ח",1,"ק""ג",false,1,29.90,29.90,false,1,
7290005509445,false,מיני קוקיס בטעם חמאה 600 ג`,כרמית תעשיות ממתקים בעמ,,,"י""ח",600,"ס""מ",false,1,16.90,2.82,false,1,
7290005559709,false,בורקס  פיצה}מעדנות{,תנובה בשר,,,"י""ח",700,ל  גרם,false,1,28.90,4.13,false,1,
7290005591761,false,דבש טהור מפרחי בר לחיץ 400גר יד מרדכי,"שטראוס גרופ בע""מ",,,"י""ח",400,ל  גרם,false,1,24.90,6.23,true,1,
7290005593352,false,שמן סויה 1ליטר מזוכך.,שלי בר שיווק והפצה 2020 בעמ,,,"י""ח",1,ליטר,false,1,9.90,9.90,false,1,
7290005733116,false,צעצועים מבצע,צעצועי דורון ~~~,,,"י""ח",1,,false,1,12.90,12.90,false,1,
7290005734663,false,כלים למשחק בחול,צעצועי דורון ~~~,,,"י""ח",1,,false,1,20,20,false,1,
7290005838613,false,סקי וניל 3%,"שטראוס גרופ ***בע""מ",,,"י""ח",125,ל  גרם,false,1,3.90,3.12,true,1,
7290005839078,false,מארז שמיניה  ביו 3% 150גר,"שטראוס גרופ ***בע""מ",,,"י""ח",1.20,ליטר,false,1,16.90,14.08,true,1,
7290005854613,false,תותי פרוטי,גלידות שטראוס בעמ,,,"י""ח",1,,false,1,2.90,2.90,true,1,
7290005896415,false,בירה איגל פחית 500מייל,טמפו משקאות בעמ,,,"י""ח",500,"ל  מ""ל",false,1,6.20,1.18,false,1,
7290005896460,false,"בירה איגל פחית חזקה 7.8% 500מ""ל",טמפו משקאות בעמ,,,"י""ח",330,"ל  מ""ל",false,1,6.70,1.94,false,1,
7290005992018,false,יוגורט עיזים 500 בבקבוק.,מחלבות גד,,,"י""ח",500,"ל  מ""ל",false,1,13.90,2.78,false,1,
7290005992247,false,חלומי מוסדי,מחלבות גד,,,"ק""ג",1,,true,1,93.80,93.80,false,1,
7290005992964,false,פטה כבשים,מחלבות גד,,,"ק""ג",1,,true,1,102.90,102.90,false,1,
7290006241153,false,פקאן סיני 150 גרם,ליימן שליסל,,,"י""ח",150,ל  גרם,false,1,20.90,13.93,false,1,
7290006241191,false,אגוז מלך שקית 150 גרם,ליימן שליסל,,,"י""ח",150,ל  גרם,false,1,17.90,11.93,false,1,
7290006241214,false,שקד טבעי שקית,ליימן שליסל,,,"י""ח",200,ל  גרם,false,1,20.90,10.45,false,1,
7290006251275,false,תה ירוק סיני 25 יח,תה ויסוצקי (ישראל)בעמ,,,"י""ח",37.50,ל  גרם,false,1,24.90,66.40,true,1,
7290006251282,false,תה הקורנברי,תה ויסוצקי (ישראל)בעמ,,,"י""ח",75,ל  גרם,false,1,17.90,23.87,true,1,
7290006251343,false,חליטת מנגו-פסיפלורה גן קסום,תה ויסוצקי (ישראל)בעמ,,,"י""ח",62.50,ל  גרם,false,1,17.90,28.64,true,1,
7290006251374,false,תה ירוק לימונית וג נג ר,תה ויסוצקי (ישראל)בעמ,,,"י""ח",25,ל  גרם,false,1,24.90,99.60,true,1,
7290006251589,false,תה ירוק נענע 50 יח,תה ויסוצקי (ישראל)בעמ,,,"י""ח",75,ל  גרם,false,1,45.90,61.20,true,1,
7290006256089,false,גאטו נגרו קברנה סובניון,היכל היין שקד גולן בעמ,,,"י""ח",750,"ל  מ""ל",false,1,39.90,5.28,true,1,
7290006256775,false,גאטו נגרו מלבק,היכל היין שקד גולן בעמ,,,"י""ח",750,"ל  מ""ל",false,1,39.90,5.28,true,1,
7290006374738,false,קונפיטורה תות יד מרדכי בטעם תות,"שטראוס גרופ בע""מ",,,"י""ח",340,ל  גרם,false,1,13.60,4,true,1,
7290006492432,false,מוצרלה בייבי 150 ג,מחלבות גד,,,"י""ח",1,,false,1,16.50,16.50,false,1,
7290006492685,false,לבנה 250 גרם גד,מחלבות גד,,,"י""ח",250,ל  גרם,false,1,16.90,6.76,false,1,
7290006492852,false,גבינה לבנה 5% עזים,מחלבות גד,,,"י""ח",1,,false,1,19.70,19.70,false,1,
7290006494917,false,מרמולייט וופל שוקו,דנשר (1963) בעמ,,,"י""ח",180,ל  גרם,false,1,7.80,4.33,false,1,
7290006494924,false,מרמולייט וופל לימון 180,דנשר (1963) בעמ,,,"י""ח",180,ל  גרם,false,1,7.80,4.33,false,1,
7290006498052,false,יוגורט טבעי מהדרין,"שטראוס גרופ ***בע""מ",,,"י""ח",150,"ל  מ""ל",false,1,2.60,1.73,true,1,
7290006511157,false,"פטריות שלם 400 ג  בד""ץ",ג.וילי פוד אינטרנשיונל בעמ,,,"י""ח",400,ל  גרם,false,1,8.90,2.23,true,1,
7290006511751,false,פטריות חתוך 290 גרם *שלישיה,ג.וילי פוד אינטרנשיונל בעמ,,,"י""ח",870,ל  גרם,false,1,11.90,1.37,false,1,
7290006546319,false,"סטייק צ יפס 1.5 ק""ג",ויטה- פרי גליל (החדשה) בעמ,,,"י""ח",700,ל  גרם,false,1,19.90,2.84,true,1,
7290006618078,false,אסטוניש מרסס לניקוי 750 יעקבי,יעקב יעקבי ובניו בעמ,,,"י""ח",750,"ל  מ""ל",false,1,16.90,2.25,true,1,
7290006640789,false,צעצועים,צבע ומכחול (2014) בעמ,,,"י""ח",1,,false,1,9.90,9.90,false,1,
7290006653819,false,קוסקוס דק 350 ג אוסם,קבוצת אוסם סחר-שות.מוגבלת,,,"י""ח",350,ל  גרם,false,1,9.20,2.63,false,1,
7290006664037,false,גמדים ארוחת בוקר,"שטראוס גרופ ***בע""מ",,,"י""ח",400,"ל  מ""ל",false,1,11.70,2.93,true,1,
7290006664051,false,אקטימל מארז משפ 14 יח טבעי,"שטראוס גרופ ***בע""מ",,,"י""ח",1.40,ליטר,false,1,29.90,21.36,true,1,
7290006664402,false,גבינת סקי 5% 750  ג*,"שטראוס גרופ ***בע""מ",,,"י""ח",750,ל  גרם,false,1,14.25,1.90,true,1,
7290006664532,false,דנונה תות 3%,"שטראוס גרופ ***בע""מ",,,"י""ח",150,"ל  מ""ל",false,1,3.90,2.60,true,1,
7290006664655,false,אקטימל שמיניה טבעי,"שטראוס גרופ ***בע""מ",,,"י""ח",800,"ל  מ""ל",false,1,20.90,2.61,true,1,
7290006664693,false,דנונה אפרסק 3%,"שטראוס גרופ ***בע""מ",,,"י""ח",150,"ל  מ""ל",false,1,3.90,2.60,true,1,
7290006664990,false,~מארז שמינייה ביו 1.5% 150גר,"שטראוס גרופ ***בע""מ",,,"י""ח",1.20,ליטר,false,1,16.90,14.08,true,1,
7290006681553,false,קרמבו וניל ]8 שטראוס[,גלידות שטראוס בעמ,,,"י""ח",8,"י""ח",false,1,15.90,1.99,false,1,
7290006681560,false,קרמבו מוקה ]8 שטראוס[,גלידות שטראוס בעמ,,,"י""ח",8,"י""ח",false,1,15.90,1.99,false,1,
7290006712981,false,"משחת שיניים  ילדים ספיידרמן 50מ""ל",ש.שסטוביץ בעמ,,,"י""ח",50,ל  גרם,false,1,11.90,23.80,false,1,
7290006741363,false,"בורקס תפו""א בד""צ 800 ג`",זוגלובק שיווק בעמ,,,"י""ח",800,ל  גרם,false,1,18.90,2.36,true,1,
7290006741387,false,מלאווח תימני 700 גרם זוגלובק,זוגלובק שיווק בעמ,,,"י""ח",700,ל  גרם,false,1,16.90,2.41,true,1,
7290006764096,false,איגל בקבוק חוזר 500 מייל,טמפו משקאות בעמ,,,"י""ח",500,"ל  מ""ל",false,1,5.10,0.78,true,1,
7290006775016,false,עוגת תפוז ]450אחוה[,אחדות בעמ,,,"י""ח",450,ל  גרם,false,1,10.90,2.42,false,1,
7290006775023,false,עוגת אנגלית-אחווה,אחדות בעמ,,,"י""ח",450,ל  גרם,false,1,10.90,2.42,false,1,
7290006775030,false,עוגת אחוה שוקולד,אחדות בעמ,,,"י""ח",450,ל  גרם,false,1,10.90,2.42,false,1,
7290006775047,false,עוגת שוקולד]אחוה[,אחדות בעמ,,,"י""ח",450,ל  גרם,false,1,10.90,2.42,false,1,
7290006775085,false,עוגת שמרים (400 אחוה).,אחדות בעמ,,,"י""ח",400,ל  גרם,false,1,11,2.75,false,1,
7290006775191,false,מאפין ממולא שוקולד 50 ג,אחדות בעמ,,,"י""ח",400,ל  גרם,false,1,1.50,0.38,true,1,
7290006775405,false,מאפין אחווה 45 גרם,אחדות בעמ,,,"י""ח",40,ל  גרם,false,1,1.50,3.75,true,1,
7290006775764,false,עוגה שוקוציפס ללא סוכר,אחדות בעמ,,,"י""ח",400,ל  גרם,false,1,11.90,2.98,false,1,
7290006788429,false,רולאון נושם כתום פ. דיל,החב הדרומית לשיווק,,,"י""ח",75,ל  גרם,false,1,13.90,18.53,false,1,
7290006804907,false,פיתות מארז 5 יח אסלי פילסברי,ג נרל מילס ישראל בעמ,,,"י""ח",1,,false,1,7.90,7.90,true,1,
7290006866363,false,מיץ אשכוליות אדומות 1 ליטר,"שטראוס גרופ ***בע""מ",,,"י""ח",1,ליטר,false,1,15.90,15.90,true,1,
7290006983527,false,עוגת הבית תפוח עץ עם פרור,קבוצת אוסם סחר-שות.מוגבלת,,,"י""ח",400,ל  גרם,false,1,18.90,4.73,false,1,
7290006983763,false,עוגת הבית שוקולד,קבוצת אוסם סחר-שות.מוגבלת,,,"י""ח",400,ל  גרם,false,1,13.40,3.35,false,1,
7290006983770,false,עוגת הבית שיש,קבוצת אוסם סחר-שות.מוגבלת,,,"י""ח",400,ל  גרם,false,1,13.40,3.35,false,1,
7290006983787,false,עוגת בית שוקו צ יפס,קבוצת אוסם סחר-שות.מוגבלת,,,"י""ח",400,ל  גרם,false,1,13.40,3.35,false,1,
7290006983794,false,עוגת בית תפוז.,קבוצת אוסם סחר-שות.מוגבלת,,,"י""ח",400,ל  גרם,false,1,13.40,3.35,false,1,
7290006992161,false,דייסלה קרונפלור מטרנה,קבוצת אוסם סחר-שות.מוגבלת,,,"י""ח",200,ל  גרם,false,1,13.90,6.95,false,1,
7290006992185,false,דייסלה אורז מטרנה,קבוצת אוסם סחר-שות.מוגבלת,,,"י""ח",200,ל  גרם,false,1,13.90,6.95,false,1,
7290006992192,false,דייסה סולת מטרנה,קבוצת אוסם סחר-שות.מוגבלת,,,"י""ח",200,ל  גרם,false,1,13.90,6.95,false,1,
7290006992208,false,דייסלה דגנים מעורבים מטרנה,קבוצת אוסם סחר-שות.מוגבלת,,,"י""ח",200,ל  גרם,false,1,13.90,6.95,false,1,
7290006992390,false,דייסת וניל מטרנה  200 גרם,קבוצת אוסם סחר-שות.מוגבלת,,,"י""ח",200,ל  גרם,false,1,13.90,6.95,false,1,
7290008116541,false,ליסטרין קול מינט 500,שקד תבל בעמ,,,"י""ח",500,"ל  מ""ל",false,1,17.90,3.58,true,1,
7290008116862,false,"בלנאום הרמל 500 מ""ל",שקד תבל בעמ,,,"י""ח",200,"ל  מ""ל",false,1,69.90,34.95,false,1,
7290008116886,false,"בלנאום הרמל אף 500 מ""ל",שקד תבל בעמ,,,"י""ח",500,"ל  מ""ל",false,1,69.90,13.98,false,1,
7290008154222,false,שניצלונים]עוף  טוב[,קבוצת אוסם סחר-שות.מוגבלת,,,"י""ח",700,ל  גרם,false,1,15.90,2.27,true,1,
7290008190633,false,לקקן תות 110 יחידות,כרמית תעשיות ממתקים בעמ,,,"י""ח",110,ל  גרם,false,1,34.90,31.73,false,1,
7290008190909,false,מיני קוקיס-שוקו   צ יפס 600גר,כרמית תעשיות ממתקים בעמ,,,"י""ח",600,ל  גרם,false,1,16.90,2.82,false,1,
7290008330107,false,בדין 4 ליטר בריח אביב.,יוניליוור ישראל שיווק בעמ,,,"י""ח",4,ליטר,false,1,20.90,5.23,false,1,
7290008343466,false,בצק פילו 500 גרם,נטו מלינדה סחר בעמ,,,"י""ח",500,ל  גרם,false,1,21.90,4.38,true,1,
7290008343503,false,ג חנון אפוי 650 ג,נטו מלינדה סחר בעמ,,,"י""ח",650,ל  גרם,false,1,21.90,3.37,true,1,
7290008343510,false,מיני ג חנון אפוי 650 ג,נטו מלינדה סחר בעמ,,,"י""ח",650,ל  גרם,false,1,21.90,3.37,false,1,
7290008343558,false,"סיגרים בשר 1 ק""ג",נטו מלינדה סחר בעמ,,,"י""ח",1,"ק""ג",false,1,21.90,21.90,false,1,
7290008343565,false,"סיגרים תפו""א 1 ק""ג",נטו מלינדה סחר בעמ,,,"י""ח",1,"ק""ג",false,1,21.90,21.90,false,1,
7290008343602,false,קובה בשר מטוגן 1 קג,נטו מלינדה סחר בעמ,,,"י""ח",1,"ק""ג",false,1,21.90,21.90,false,1,
7290008343619,false,"פסטלים תפו""א 1 ק""ג",נטו מלינדה סחר בעמ,,,"י""ח",1,"ק""ג",false,1,21.90,21.90,false,1,
7290008343626,false,"פלאפל 1 ק""ג",נטו מלינדה סחר בעמ,,,"י""ח",1,"ק""ג",false,1,21.90,21.90,false,1,
7290008345583,false,איקרא ביתית ורוד 300גר,נטו מלינדה סחר בעמ,,,"י""ח",300,ל  גרם,false,1,21.90,7.30,false,1,
7290008347211,false,אצבעות דג 700 גרם,נטו מלינדה סחר בעמ,,,"י""ח",700,ל  גרם,false,1,22.90,3.27,false,1,
7290008409124,false,שניצל ג ונגל 700 גרם,תנובה בשר,,,"י""ח",700,ל  גרם,false,1,39.40,5.63,false,1,
7290008415071,false,חומוס עם טחינה 150.,קבוצת אוסם סחר-שות.מוגבלת,,,"י""ח",150,ל  גרם,false,1,5.80,3.87,false,1,
7290008415514,false,חומוס עם חריף,קבוצת אוסם סחר-שות.מוגבלת,,,"י""ח",150,ל  גרם,false,1,5.80,3.87,false,1,
7290008443630,false,שמפו נקה -7 לשיער מתולתל סגול,החב הדרומית לשיווק,,,"י""ח",750,"ל  מ""ל",false,1,12.90,1.72,false,1,
7290008443647,false,מרכך נקה 7 מייצב מתולתל סגול,החב הדרומית לשיווק,,,"י""ח",750,"ל  מ""ל",false,1,12.90,1.72,false,1,
7290008464345,false,גולדסטאר בקבוק 330,טמפו משקאות בעמ,,,"י""ח",330,"ל  מ""ל",false,1,7.20,2.09,false,1,
7290008464369,false,פפסי קולה }330 פחית{,טמפו משקאות בעמ,,,"י""ח",330,"ל  מ""ל",false,1,3.90,1.09,true,1,
7290008464468,false,"גולדסטאר פחית 500 מ""ל.",טמפו משקאות בעמ,,,"י""ח",500,"ל  מ""ל",false,1,8.10,1.56,false,1,
7290008464505,false,מים 0.5 ליטר סן בנדטו,טמפו משקאות בעמ,,,"י""ח",500,"ל  מ""ל",false,1,3.20,0.58,false,1,
7290008464604,false,היינקן בירה  500 פחית,טמפו משקאות בעמ,,,"י""ח",500,"ל  מ""ל",false,1,9.90,1.92,false,1,
7290008464734,false,גולדסטאר SLOW BREW בקבוק 330 שישייה.,טמפו משקאות בעמ,,,"י""ח",1.98,ליטר,false,1,41.90,20.25,true,1,
7290008466660,false,מארז רוגעלך 500ג מחנה יהודה,הלל בן הלל שיווק ומסחר בעמ,,,"י""ח",500,ל  גרם,false,1,17.90,3.58,true,1,
7290008466813,false,מארז עוגיות  קינמון 500ג מחנה יהודה,הלל בן הלל שיווק ומסחר בעמ,,,"י""ח",500,ל  גרם,false,1,17.90,3.58,true,1,
7290008470766,false,אורביט סטיקס פפרמינט שמינייה,מרס ריגלי ישראל בעמ,,,"י""ח",8,"י""ח",false,1,15,1.88,false,1,
7290008634045,false,פלסטר 30 צבעוני,אינטרסן (1996) בעמ,,,"י""ח",30,"י""ח",false,1,5.90,0.20,true,1,
7290008636018,false,כפתורי שוקולד,מיה תעשיות מזון מ.ת.מ בעמ,,,,100,ל  גרם,false,1,13.90,13.90,false,1,
7290008636209,false,כרכום 300 גרם,מיה תעשיות מזון מ.ת.מ בעמ,,,"י""ח",300,ל  גרם,false,1,19.60,6.53,false,1,
7290008636216,false,אבקת שום 300 גרם,מיה תעשיות מזון מ.ת.מ בעמ,,,"י""ח",300,ל  גרם,false,1,19.90,6.63,false,1,
7290008636339,false,שביבי תפוח אדמה 500 גרם,מיה תעשיות מזון מ.ת.מ בעמ,,,"י""ח",500,ל  גרם,false,1,12.50,2.50,false,1,
7290008636650,false,קמח מצה 500גר.,מיה תעשיות מזון מ.ת.מ בעמ,,,"י""ח",500,ל  גרם,false,1,5.90,1.18,false,1,
7290008636704,false,"קונפיטורה משמש כשל""פ",מיה תעשיות מזון מ.ת.מ בעמ,,,"י""ח",450,ל  גרם,false,1,13.90,3.09,false,1,
7290008636926,false,קקאו הולנדי 500 ג מיה,מיה תעשיות מזון מ.ת.מ בעמ,,,"י""ח",500,ל  גרם,false,1,13.90,2.78,false,1,
7290008636957,false,שקדים מולבנים גרוס 100 ג,מיה תעשיות מזון מ.ת.מ בעמ,,,"י""ח",100,ל  גרם,false,1,10.90,10.90,false,1,
7290008644112,false,מטבוחה יום יום,"שטראוס גרופ ***בע""מ",,,"י""ח",125,ל  גרם,false,1,4.90,3.92,true,1,
7290008713900,false,לחם רוסי שיפון עגול 750גר`,שלמה א.אנג ל בעמ,,,"י""ח",750,ל  גרם,false,1,12.90,1.72,false,1,
7290008713917,false,לחם בסגנון רוסי שיפון כהה 750גר`,שלמה א.אנג ל בעמ,,,"י""ח",750,ל  גרם,false,1,12.90,1.72,false,1,
7290008745239,false,תפוצ יפס אקסטרא 55 גרם,"שטראוס פריטו ליי בע""מ",,,"י""ח",55,ל  גרם,false,1,4.50,8.18,true,1,
7290008754415,false,"מאסט ספירמינט ללא סוכר 28גר כשל""פ","שטראוס גרופ בע""מ",,,"י""ח",28,ל  גרם,false,1,4.30,15.36,true,1,
7290008757034,false,"שוופס סודה 250 מ""ל",יפאורה שותפות מוגבלת לשיווק,,,"י""ח",250,"ל  מ""ל",false,1,3.50,1.28,true,1,
7290008757980,false,ספרינג רימונים קרטונית,יפאורה שותפות מוגבלת לשיווק,,,"י""ח",1,ליטר,false,1,6.90,6.90,true,1,
7290008775816,false,ערגליות שוקו 300 גרם,קבוצת אוסם סחר-שות.מוגבלת,,,"י""ח",300,ל  גרם,false,1,10.90,3.63,true,1,
7290008775823,false,ערגליות תות שדה 300 גרם,קבוצת אוסם סחר-שות.מוגבלת,,,"י""ח",300,ל  גרם,false,1,10.90,3.63,true,1,
7290008801010,false,PC  קברנה/מרלו 0.75 ל,אגודת הכורמים,,,"י""ח",750,"ל  מ""ל",false,1,39.90,5.28,true,1,
7290008801157,false,סלקטד מרלו  0.75 ל,אגודת הכורמים,,,"י""ח",750,"ל  מ""ל",false,1,29.90,3.95,true,1,
7290008806961,false,קרמיסמו פרה שטראוס,גלידות שטראוס בעמ,,,"י""ח",1.33,ליטר,false,1,18.90,14.21,false,1,
7290008806985,false,נשנושים שטראוס.,גלידות שטראוס בעמ,,,"י""ח",630,ל  גרם,false,1,49.90,7.92,false,1,
7290008835084,false,כתף  מס 4 מוכשר ארגנטינה קפוא,בלדי בעמ,,,"ק""ג",1,,true,1,38.90,38.90,false,1,
7290008846219,false,"שמן זית כתית חלוצה 750 מ""ל",נטו מלינדה סחר בעמ,,,"י""ח",750,"ל  מ""ל",false,1,39.90,5.32,false,1,
7290008909778,false,"קרלסברג שישייה 330מ""ל",החברה המרכזית להפצת משקאות בעמ,,,"י""ח",1.98,ליטר,false,1,42.70,20.66,true,1,
7290008909853,false,קוקה קולה ZIRO 0.5 ל,החברה המרכזית להפצת משקאות בעמ,,,"י""ח",500,"ל  מ""ל",false,1,6.30,1.20,true,1,
7290008975551,false,מטרנה מהדרין חיסכון}{3,קבוצת אוסם סחר-שות.מוגבלת,,,"י""ח",700,ל  גרם,false,1,49.90,7.13,false,1,
7290008989022,false,דייסת D B 400 גרם,בטר אנד דיפרנט בעמ,,,"י""ח",400,ל  גרם,false,1,20.90,5.23,false,1,
7290008989053,false,דייסת דגנים מעורבים,בטר אנד דיפרנט בעמ,,,"י""ח",400,ל  גרם,false,1,20.90,5.23,false,1,
7290008989572,false,ממרח חלבה טעם וניל 350גר.,בטר אנד דיפרנט בעמ,,,"י""ח",350,ל  גרם,false,1,11.90,3.40,false,1,
7290008989909,false,סירופ תפוחים 1.2ליטר,בטר אנד דיפרנט בעמ,,,"י""ח",1.20,ליטר,false,1,34.90,29.08,false,1,
7290009076509,false,5 פיתות אסלי קפוא,שלמה א.אנג ל בעמ,,,"י""ח",1,,false,1,7.90,7.90,true,1,
7290010002023,false,כורכום הודי טחון 100 גרם צנצנת,א.ל.יצור ושיווקתבלינים בעמ,,,"י""ח",100,ל  גרם,false,1,12.90,12.90,false,1,
7290010002030,false,כמון 100 גרם צנצנת,א.ל.יצור ושיווקתבלינים בעמ,,,"י""ח",100,ל  גרם,false,1,12.90,12.90,false,1,
7290010002078,false,פלפל שחור טחון 100 גרם בצנצנת מימון.,א.ל.יצור ושיווקתבלינים בעמ,,,"י""ח",100,ל  גרם,false,1,15.50,15.50,false,1,
7290010002108,false,פלפל שחור גרוס גס 90גר,א.ל.יצור ושיווקתבלינים בעמ,,,"י""ח",90,ל  גרם,false,1,14.90,16.56,false,1,
7290010002146,false,פפריקה מרוקאית מתוקה 100,א.ל.יצור ושיווקתבלינים בעמ,,,"י""ח",100,ל  גרם,false,1,12.90,12.90,false,1,
7290010002191,false,מקלות קינמון 50 גרם,א.ל.יצור ושיווקתבלינים בעמ,,,"י""ח",500,ל  גרם,false,1,12.90,2.58,false,1,
7290010002207,false,קינמון טחון 100גר.,א.ל.יצור ושיווקתבלינים בעמ,,,"י""ח",100,ל  גרם,false,1,9.90,9.90,false,1,
7290010002290,false,תערובת לשוואמה טורקית 110,א.ל.יצור ושיווקתבלינים בעמ,,,"י""ח",100,ל  גרם,false,1,12.90,12.90,false,1,
7290010002306,false,תערובת לקציצות 100גר,א.ל.יצור ושיווקתבלינים בעמ,,,"י""ח",100,ל  גרם,false,1,12.90,12.90,false,1,
7290010002320,false,תבלין גריל עוף 100גר,א.ל.יצור ושיווקתבלינים בעמ,,,"י""ח",100,ל  גרם,false,1,12.90,12.90,false,1,
7290010002344,false,תבלין לדג 100גר.,א.ל.יצור ושיווקתבלינים בעמ,,,"י""ח",100,ל  גרם,false,1,12.90,12.90,false,1,
7290010002351,false,זעטר ושומשום בלדי 100,א.ל.יצור ושיווקתבלינים בעמ,,,"י""ח",110,ל  גרם,false,1,12.90,11.73,false,1,
7290010002368,false,תערובת חווג  למרק 100גר,א.ל.יצור ושיווקתבלינים בעמ,,,"י""ח",100,ל  גרם,false,1,12.90,12.90,false,1,
7290010002429,false,עלי דפנה 20 גרם,א.ל.יצור ושיווקתבלינים בעמ,,,"י""ח",20,ל  גרם,false,1,9.90,49.50,false,1,
7290010002436,false,פטרוזיליה 25גר.,א.ל.יצור ושיווקתבלינים בעמ,,,"י""ח",25,ל  גרם,false,1,9.90,39.60,false,1,
7290010002443,false,רוזמרין 40גר.,א.ל.יצור ושיווקתבלינים בעמ,,,"י""ח",40,ל  גרם,false,1,9.90,24.75,false,1,
7290010002481,false,שום טחון 100 גרם,א.ל.יצור ושיווקתבלינים בעמ,,,"י""ח",100,ל  גרם,false,1,14.90,14.90,false,1,
7290010002498,false,שום גבישי 120 גרם,א.ל.יצור ושיווקתבלינים בעמ,,,"י""ח",120,ל  גרם,false,1,14.90,12.42,false,1,
7290010002658,false,פלפל יבש מתוק 150 גרם,א.ל.יצור ושיווקתבלינים בעמ,,,"י""ח",150,ל  גרם,false,1,15.90,10.60,false,1,
7290010003075,false,פפריקה מרוקאית מתוקה 400 מימון,א.ל.יצור ושיווקתבלינים בעמ,,,"י""ח",400,ל  גרם,false,1,24.90,6.23,false,1,
7290010003693,false,פפריקה מתוקה  80ג שקית,א.ל.יצור ושיווקתבלינים בעמ,,,"י""ח",80,ל  גרם,false,1,6.40,8,false,1,
7290010003709,false,פלפל שחור טחון  50ג שקית,א.ל.יצור ושיווקתבלינים בעמ,,,"י""ח",50,ל  גרם,false,1,8.90,17.80,false,1,
7290010003754,false,כמון טחו 50ג שקית,א.ל.יצור ושיווקתבלינים בעמ,,,"י""ח",50,ל  גרם,false,1,6.90,13.80,false,1,
7290010003761,false,כורכום טחון שקית 80ג,א.ל.יצור ושיווקתבלינים בעמ,,,"י""ח",80,ל  גרם,false,1,6.90,8.63,false,1,
7290010003778,false,תיבול לגריל שקית 80ג,א.ל.יצור ושיווקתבלינים בעמ,,,"י""ח",80,ל  גרם,false,1,6.90,8.63,false,1,
7290010003808,false,זעתר ושומשום שקית 80ג,א.ל.יצור ושיווקתבלינים בעמ,,,"י""ח",80,ל  גרם,false,1,6.90,8.63,false,1,
7290010003839,false,קינמון טחון  שקית 80ג,א.ל.יצור ושיווקתבלינים בעמ,,,"י""ח",80,ל  גרם,false,1,6.90,8.63,false,1,
7290010003846,false,אורגנו שקית 20ג,א.ל.יצור ושיווקתבלינים בעמ,,,"י""ח",20,ל  גרם,false,1,6.90,34.50,false,1,
7290010003914,false,פטרוזיליה,א.ל.יצור ושיווקתבלינים בעמ,,,"י""ח",20,ל  גרם,false,1,6.40,32,false,1,
7290010003990,false,פטרוזיליה שקית 20ג,א.ל.יצור ושיווקתבלינים בעמ,,,"י""ח",20,ל  גרם,false,1,6.90,34.50,false,1,
7290010004348,false,פפריקה מתוקה 250ג.,א.ל.יצור ושיווקתבלינים בעמ,,,"י""ח",250,ל  גרם,false,1,20.90,8.36,false,1,
7290010023141,false,חליטת  לימונענע גן קסום,תה ויסוצקי (ישראל)בעמ,,,"י""ח",50,ל  גרם,false,1,17.90,35.80,true,1,
7290010060597,false,"סרקל שמפו 1.250 מ""ל",פישר תעשיות פרמבצטיות בעמ,,,"י""ח",1.25,ליטר,false,1,29.90,23.92,true,1,
7290010060603,false,סרקל מעצב 1250 גרם,פישר תעשיות פרמבצטיות בעמ,,,"י""ח",1.25,ליטר,false,1,29.90,23.92,true,1,
7290010060863,false,דאודורנט רולאון אלו-ורה,פישר תעשיות פרמבצטיות בעמ,,,"י""ח",1,,false,1,11,11,false,1,
7290010065059,false,מחית פירות מעורבים 190 ג,גורי מוצרי צריכה בעמ,,,"י""ח",190,ל  גרם,false,1,5.90,3.11,true,1,
7290010065295,false,פרינוק מחית 130 גרם,גורי מוצרי צריכה בעמ,,,"י""ח",130,ל  גרם,false,1,5.90,4.54,false,1,
7290010065301,false,פרינוק מחית 130 גרם,גורי מוצרי צריכה בעמ,,,"י""ח",130,ל  גרם,false,1,5.90,4.54,false,1,
7290010065318,false,פרינוק 190 גרם,גורי מוצרי צריכה בעמ,,,"י""ח",190,ל  גרם,false,1,5.90,3.11,true,1,
7290010065349,false,פרינוק 190 גרם סלט פירות,גורי מוצרי צריכה בעמ,,,"י""ח",190,ל  גרם,false,1,5.90,3.11,true,1,
7290010066513,false,טונה 4  יח`בשמן צמחי פילטונה 160 ג`,תעשיות פילטונה בעמ,,,"י""ח",640,ל  גרם,false,1,23.90,3.73,false,1,
7290010066575,false,טונה 4 יחי מים פילטונה 160 ג`,תעשיות פילטונה בעמ,,,"י""ח",640,ל  גרם,false,1,23.90,3.73,false,1,
7290010066582,false,טונה 4 יחי קנולה פילטונה 160 ג`,תעשיות פילטונה בעמ,,,"י""ח",640,ל  גרם,false,1,23.90,3.73,false,1,
7290010066599,false,טונה 4  יח`בשמן זית פילטונה 160 ג`,תעשיות פילטונה בעמ,,,"י""ח",640,ל  גרם,false,1,27.90,4.36,false,1,
7290010116980,false,שוקולית 850 ג  (שקית),"שטראוס גרופ בע""מ",,,"י""ח",850,ל  גרם,false,1,18.90,2.22,true,1,
7290010117864,false,דוריטוס חריף אש 70 גרם,"שטראוס פריטו ליי בע""מ",,,"י""ח",70,ל  גרם,false,1,3.90,5.57,true,1,
7290010118328,false,מארז תפוציפס   {40X6(+אקס טבעי 3,"שטראוס פריטו ליי בע""מ",,,"י""ח",240,ל  גרם,false,1,13.90,5.79,true,1,
7290010119240,false,מארז תפוצ יפס 12*18 גר,"שטראוס פריטו ליי בע""מ",,,"י""ח",216,ל  גרם,false,1,16.90,7.82,true,1,
7290010124084,false,"מינוט סטייק 300 גרם בד""ץ עדה חרדית",בלדי בעמ,,,"י""ח",300,ל  גרם,false,1,49.90,16.63,false,1,
7290010124497,false,"שעועית ירוקה חתוכה    2.5ק""ג",בלדי בעמ,,,"ק""ג",2.50,"ק""ג",true,1,10.90,4.36,false,1,
7290010129003,false,עוגיות אוזניות 600 ג,שיבולים ייצור ושיווק מאפה בעמ,,,"י""ח",600,ל  גרם,false,1,19.90,3.32,false,1,
7290010129010,false,.עוגיות כתר ריבה 600 גרם,שיבולים ייצור ושיווק מאפה בעמ,,,"י""ח",600,ל  גרם,false,1,19.90,3.32,false,1,
7290010129027,false,עוגיות מרוקאיות 600 ג,שיבולים ייצור ושיווק מאפה בעמ,,,"י""ח",600,ל  גרם,false,1,19.90,3.32,false,1,
7290010129300,false,עוגיות רייף 350ג מאפים של אדל,שיבולים ייצור ושיווק מאפה בעמ,,,"י""ח",350,ל  גרם,false,1,16.90,4.83,false,1,
7290010129324,false,עוגיות מעמול 600 ג,שיבולים ייצור ושיווק מאפה בעמ,,,"י""ח",600,ל  גרם,false,1,19.90,3.32,false,1,
7290010129652,false,עוגיות לקפה  350ג מאפים של אדל,שיבולים ייצור ושיווק מאפה בעמ,,,"י""ח",350,ל  גרם,false,1,16.90,4.83,false,1,
7290010153503,false,שעועית אקסטרא  מיה,מיה תעשיות מזון מ.ת.מ בעמ,,,"י""ח",400,ל  גרם,false,1,7.90,1.98,false,1,
7290010153510,false,בורגול 500 גרם,מיה תעשיות מזון מ.ת.מ בעמ,,,"י""ח",500,ל  גרם,false,1,3.90,0.78,false,1,
7290010153534,false,קמח תירס 400 גרם,מיה תעשיות מזון מ.ת.מ בעמ,,,"י""ח",400,ל  גרם,false,1,6,1.50,false,1,
7290010153688,false,חומץ טבעי 1  ליטר(מיה),מיה תעשיות מזון מ.ת.מ בעמ,,,"י""ח",1,ליטר,false,1,5.90,5.90,false,1,
7290010153770,false,ציפוי לשניצל פיקנטי 500 ג`,מיה תעשיות מזון מ.ת.מ בעמ,,,"י""ח",500,ל  גרם,false,1,12.90,2.58,false,1,
7290010153794,false,ציפוי לשניצל עשבי תיבול 500 ג`,מיה תעשיות מזון מ.ת.מ בעמ,,,"י""ח",500,ל  גרם,false,1,12.90,2.58,false,1,
7290010153800,false,ציפוי לשניצל תיבול עדין 500 ג`,מיה תעשיות מזון מ.ת.מ בעמ,,,"י""ח",500,ל  גרם,false,1,12.90,2.58,false,1,
7290010153817,false,ריבת חלב 300 גרם מיה,מיה תעשיות מזון מ.ת.מ בעמ,,,"י""ח",300,ל  גרם,false,1,13.90,4.63,false,1,
7290010153848,false,פפריקה מרוקאית בשמן 80גר`,מיה תעשיות מזון מ.ת.מ בעמ,,,"י""ח",8000,ל  גרם,false,1,6.30,0.08,false,1,
7290010153855,false,פפריקה מרוקאית בשמן 300גר,מיה תעשיות מזון מ.ת.מ בעמ,,,"י""ח",300,ל  גרם,false,1,17.90,5.97,false,1,
7290010153879,false,ריבת חלב טעם שמנת מיה,מיה תעשיות מזון מ.ת.מ בעמ,,,"י""ח",300,ל  גרם,false,1,12.90,4.30,false,1,
7290010154012,false,לימון כבוש יוחאי ביטון 250 גרם,נטו מלינדה סחר בעמ,,,"י""ח",250,ל  גרם,false,1,15.90,6.36,false,1,
7290010154029,false,אריסה מתוקה ביטון 250ג,נטו מלינדה סחר בעמ,,,"י""ח",250,ל  גרם,false,1,15.90,6.36,false,1,
7290010154036,false,עמבה ביטו 250 ג,נטו מלינדה סחר בעמ,,,"י""ח",250,ל  גרם,false,1,15.90,6.36,false,1,
7290010154241,false,חזרת ביתית 250 ג,נטו מלינדה סחר בעמ,,,"י""ח",250,ל  גרם,false,1,15.90,6.36,false,1,
7290010154265,false,פלפל צ ומה 250 גרם,נטו מלינדה סחר בעמ,,,"י""ח",250,ל  גרם,false,1,15.90,6.36,false,1,
7290010154425,false,סחוג ירוק 130ג,נטו מלינדה סחר בעמ,,,"י""ח",130,ל  גרם,false,1,10.90,8.38,false,1,
7290010154678,false,אריסה ביתית 250 גר,נטו מלינדה סחר בעמ,,,"י""ח",250,ל  גרם,false,1,15.90,6.36,false,1,
7290010154685,false,שום כתוש 250ג,נטו מלינדה סחר בעמ,,,"י""ח",250,ל  גרם,false,1,15.90,6.36,false,1,
7290010154692,false,סחוג אדום 250 גרם.,נטו מלינדה סחר בעמ,,,"י""ח",250,ל  גרם,false,1,15.90,6.36,false,1,
7290010173044,false,יין גליל מרלו,היכל היין שקד גולן בעמ,,,"י""ח",750,"ל  מ""ל",false,1,38.90,5.15,true,1,
7290010175819,false,חמאת בוטנים 510 גרם,טעמן שווק מזון בעמ,,,"י""ח",510,ל  גרם,false,1,10.90,2.14,true,1,
7290010175857,false,פרוסות לבבות דקל 400 גרם טעמן,טעמן שווק מזון בעמ,,,"י""ח",400,ל  גרם,false,1,11.90,2.98,true,1,
7290010237890,false,"הייניקן 500  מ""ל(חוזר{",טמפו משקאות בעמ,,,"י""ח",500,"ל  מ""ל",false,1,8.90,1.54,false,1,
7290010259823,false,מנת  השף-מרק עם נודלס בטעם עוף,ג.וילי פוד אינטרנשיונל בעמ,,,"י""ח",70,ל  גרם,false,1,5.90,8.43,true,1,
7290010259861,false,מנת השף מרק עם נודלס בטעם ירקות,ג.וילי פוד אינטרנשיונל בעמ,,,"י""ח",70,ל  גרם,false,1,5.90,8.43,true,1,
7290010259991,false,צנימים 250 גרם,ג.וילי פוד אינטרנשיונל בעמ,,,"י""ח",250,ל  גרם,false,1,8.50,3.40,true,1,
7290010278916,false,שקית 10 מודפס,שמחה זה אנחנו,,,"י""ח",1,,false,1,8.90,8.90,false,1,
7290010300747,false,קיסמי דנטליים 200יח,נאמן לאורך זמן בעמ,,,"י""ח",1,,false,1,10.90,10.90,false,1,
7290010328093,false,ממרח חלווה 400 גרם,אחדות בעמ,,,"י""ח",400,ל  גרם,false,1,10.70,2.68,false,1,
7290010328178,false,חלווה מסולסלת 250 גרם,אחדות בעמ,,,"י""ח",250,ל  גרם,false,1,9.90,3.96,false,1,
7290010328246,false,טחינה  אחווה שומשום מלא 500 ג`,אחדות בעמ,,,"י""ח",500,ל  גרם,false,1,10.90,2.18,false,1,
7290010328253,false,טחינה גולמית אחווה 500גר,אחדות בעמ,,,"י""ח",500,ל  גרם,false,1,10.90,2.18,false,1,
7290010328451,false,חלוה אחוה 400גר.,אחדות בעמ,,,"י""ח",400,ל  גרם,false,1,12.90,3.23,false,1,
7290010328710,false,"קצפיות במגש 180גר אחווה כשל""פ",אחדות בעמ,,,"י""ח",180,ל  גרם,false,1,9.90,5.50,false,1,
7290010328727,false,ממרח טחינה עם שוקולד 400ג,אחדות בעמ,,,"י""ח",400,ל  גרם,false,1,11.90,2.98,false,1,
7290010328734,false,ממרח טחינה עם סילאן 400ג,אחדות בעמ,,,"י""ח",400,ל  גרם,false,1,11.90,2.98,false,1,
7290010328765,false,חטיף חלווה שוקו וניל 50ג,אחדות בעמ,,,"י""ח",50,ל  גרם,false,1,1.50,3,false,1,
7290010328901,false,מאפין אחווה 45 גרם,אחדות בעמ,,,"י""ח",40,ל  גרם,false,1,1.50,3.75,true,1,
7290010429684,false,"מארז 2 דבשים 350 ג כשל""פ.","שטראוס גרופ בע""מ",,,"י""ח",700,ל  גרם,false,1,35.90,5.13,true,1,
7290010471669,false,דנונה קראנצי יוגורט תות עם קורנפלקס,"שטראוס גרופ ***בע""מ",,,"י""ח",175,"ל  מ""ל",false,1,4.60,2.63,true,1,
7290010472390,false,"מארז שמינייה דני שוקולד רובין כשל""פ","שטראוס גרופ ***בע""מ",,,"י""ח",1,ליטר,false,1,15.90,15.90,true,1,
7290010609000,false,טרופי קש בודד,דודו הדיל בעמ,,,"י""ח",1,,false,1,1.20,1.20,false,1,
7290010609550,false,טרופי קש  20 יח בקופסא,דודו הדיל בעמ,,,"י""ח",20,"י""ח",false,1,25.90,1.30,false,1,
7290010609734,false,אייס לי שלוקים שמינייה..,דודו הדיל בעמ,,,"י""ח",8,"י""ח",false,1,6.90,0.86,true,1,
7290010613083,false,רצפות מרוכז בניחוח מ.כביסה צהוב 2ל טאצ,סאסאטק אגשח בעמ,,,"י""ח",2,ליטר,false,1,17.90,8.95,true,1,
7290010627004,false,טחינה ירושלים 500 גר,תה ויסוצקי (ישראל)בעמ,,,"י""ח",500,ל  גרם,false,1,16.90,3.38,true,1,
7290010627844,false,טחינה ירושלים 500 מלא,תה ויסוצקי (ישראל)בעמ,,,"י""ח",500,ל  גרם,false,1,16.90,3.38,true,1,
7290010632640,false,מוצץ גומי בליסטר 3יחי,אינטרסן (1996) בעמ,,,"י""ח",1,,false,1,14.90,14.90,false,1,
7290010632787,false,צמרוני אוזניים מעץ 300,אינטרסן (1996) בעמ,,,"י""ח",300,"י""ח",false,1,4.50,0.02,false,1,
7290010655281,false,שקיות 10 יום הולדת גדולות,שמחה זה אנחנו,,,"י""ח",1,,false,1,3.90,3.90,false,1,
7290010656592,false,תירוש אדום 100% טהור,יקבי טפרברג 1870 בעמ,,,"י""ח",1,ליטר,false,1,19.90,19.90,true,1,
7290010656615,false,תירוש לבן 100% טהור,יקבי טפרברג 1870 בעמ,,,"י""ח",1,ליטר,false,1,19.90,19.90,true,1,
7290010718634,false,סבון נוזלי לבן פנינה 1 ליטר,פנינה רוזנבלום בעמ,,,"י""ח",1,ליטר,false,1,10.90,10.90,true,1,
7290010748860,false,אפקטיב קרם ידיים פישר,פישר תעשיות פרמבצטיות בעמ,,,"י""ח",150,"ל  מ""ל",false,1,16.90,11.27,true,1,
7290010748877,false,אפקטיב קרם גוף סנסטיב,פישר תעשיות פרמבצטיות בעמ,,,"י""ח",700,"ל  מ""ל",false,1,29.90,4.27,true,1,
7290010748891,false,אפקטיב קרם גוף עור יבש,פישר תעשיות פרמבצטיות בעמ,,,"י""ח",700,"ל  מ""ל",false,1,29.90,4.27,true,1,
7290010777242,false,פיתות 10יח  מארז תימניות.,גיא מאפים שיווק טוב בעמ,,,"י""ח",1,,false,1,15.90,15.90,false,1,
7290010777297,false,פיתות 10יח  מארז(עבודת  יד),גיא מאפים שיווק טוב בעמ,,,"י""ח",1,,false,1,13.90,13.90,false,1,
7290010777358,false,מארז פיתה כוסמין ללא סוכר (8 יח),גיא מאפים שיווק טוב בעמ,,,"י""ח",1,,false,1,15.90,15.90,false,1,
7290010777488,false,מארז פיתה קמח מלא (8 יח).,גיא מאפים שיווק טוב בעמ,,,"י""ח",1,,false,1,15.90,15.90,false,1,
7290010777525,false,מארז פיתות כוסמין מלא,גיא מאפים שיווק טוב בעמ,,,"י""ח",1,,false,1,16.90,16.90,false,1,
7290010791538,false,מעדן עוף גורמה,דיפלומט מפיצים (1968) בעמ**,,,"י""ח",85,ל  גרם,false,1,6.90,8.12,false,1,
7290010814244,false,שוקולד שלישיות מריר 3*85גר,כרמית תעשיות ממתקים בעמ,,,"י""ח",255,ל  גרם,false,1,11.90,4.67,true,1,
7290010814251,false,שוקולד שלישיות חלב 85*3 גרם,כרמית תעשיות ממתקים בעמ,,,"י""ח",300,ל  גרם,false,1,11.90,3.97,true,1,
7290010814268,false,שוקולד שלישיות לבן כרמית,כרמית תעשיות ממתקים בעמ,,,"י""ח",300,ל  גרם,false,1,11.90,3.97,true,1,
7290010838219,false,מרמולייט  סטיביה 100שקיות,דנשר (1963) בעמ,,,"י""ח",100,"י""ח",false,1,25.90,0.26,false,1,
7290010883356,false,כפפות אלוורה L,החב הדרומית לשיווק,,,"י""ח",1,,false,1,10.90,10.90,false,1,
7290010883370,false,כפפות אלוורה M,החב הדרומית לשיווק,,,"י""ח",1,,false,1,10.90,10.90,false,1,
7290010922871,false,"טחון בקר  1ק""ג אשפר",בלדי בעמ,,,"י""ח",1,"ק""ג",false,1,36.90,36.90,true,1,
7290010922895,false,המבורגר  בקר בלדי 400ג אשפר,בלדי בעמ,,,"י""ח",400,ל  גרם,false,1,14.90,3.73,false,1,
7290010922901,false,קבב מזרחי בלדי 400ג אשפר,בלדי בעמ,,,"י""ח",400,ל  גרם,false,1,14.90,3.73,false,1,
7290010922918,false,מינוט סטייק 250גר ארוז אשפר,בלדי בעמ,,,"י""ח",250,ל  גרם,false,1,36.90,14.76,false,1,
7290010922956,false,סלמון מעושן 500ג  הרב אפרתי,בלדי בעמ,,,"י""ח",500,ל  גרם,false,1,76.90,15.38,false,1,
7290010931330,false,סלט מטבוחה 500 גרם אחלה,"שטראוס גרופ ***בע""מ",,,"י""ח",500,ל  גרם,false,1,14.90,2.98,true,1,
7290010945146,false,קוטג  3% מועשר טרה,*החברה המרכזית להפצת משקאותבעמ,,,"י""ח",250,ל  גרם,false,1,6,2.40,true,1,
7290010945450,false,גבינה לבנה 3% 250  ג*,*החברה המרכזית להפצת משקאותבעמ,,,"י""ח",250,ל  גרם,false,1,4.98,1.99,false,1,
7290010945481,false,גבינה לבנה 5% מהדרין 500  *,*החברה המרכזית להפצת משקאותבעמ,,,"י""ח",500,ל  גרם,false,1,9.96,1.99,true,1,
7290011017866,false,פחית קוקה קולה סליק,החברה המרכזית להפצת משקאות בעמ,,,"י""ח",330,"ל  מ""ל",false,1,4.60,1.30,true,1,
7290011017873,false,פחית קוקה קולה זירו  סליק,החברה המרכזית להפצת משקאות בעמ,,,"י""ח",330,"ל  מ""ל",false,1,4.60,1.30,true,1,
7290011017880,false,פחית קוקה קולה דיאט  סליק,החברה המרכזית להפצת משקאות בעמ,,,"י""ח",330,"ל  מ""ל",false,1,4.60,1.30,true,1,
7290011051525,false,ספרינג -Tאפרסק   0.5 ל,יפאורה שותפות מוגבלת לשיווק,,,"י""ח",500,"ל  מ""ל",false,1,5.90,1.12,true,1,
7290011064020,false,בולגרית בעיר 200גר,גבינות עמיר ניצן בעמ,,,"י""ח",200,ל  גרם,false,1,13.90,6.95,false,1,
7290011081492,false,קרמיסימו שלושה שוקולדים שטראוס,גלידות שטראוס בעמ,,,"י""ח",1.33,ליטר,false,1,18.90,14.21,false,1,
7290011081690,false,קרמיסימו פרווה מייפל,גלידות שטראוס בעמ,,,"י""ח",1.33,ליטר,false,1,18.90,14.21,false,1,
7290011126452,false,חליטת קמומיל ונענע גן קסום,תה ויסוצקי (ישראל)בעמ,,,"י""ח",37.50,ל  גרם,false,1,17.90,47.73,true,1,
7290011126469,false,חליטת קמומיל ודבש גן קסום,תה ויסוצקי (ישראל)בעמ,,,"י""ח",37.50,ל  גרם,false,1,17.90,47.73,true,1,
7290011133375,false,"שנדי(מכבי)שישיות טעם אפרסק 330מ""ל",טמפו משקאות בעמ,,,"י""ח",330,"ל  מ""ל",false,1,35.90,10.33,true,1,
7290011154080,false,.תרכיז תפוחים מבית טעמי הגליל צלול,ליימן שליסל,,,"י""ח",500,"ל  מ""ל",false,1,22.90,4.58,false,1,
7290011174323,false,"צ יפס אמריקאי 1.5 ק""ג",ויטה- פרי גליל (החדשה) בעמ,,,"י""ח",1.50,"ק""ג",false,1,19.90,13.27,true,1,
7290011194246,false,קוטג  5% עם סידן שטראוס,"שטראוס גרופ ***בע""מ",,,"י""ח",250,ל  גרם,false,1,6,2.40,true,1,
7290011223243,false,טואלט גק גל לאסלה,דנשר (1963) בעמ,,,"י""ח",55,"ל  מ""ל",false,1,9.90,18,false,1,
7290011239213,false,חטיפים מתוקים 100גר,סוכניות עמוס ממתקים בעמ,,,"י""ח",1,,false,1,6.90,6.90,false,1,
7290011239237,false,חטיף אגוזים ישראלי 250גר,סוכניות עמוס ממתקים בעמ,,,"י""ח",250,ל  גרם,false,1,21.90,8.76,false,1,
7290011239336,false,חלבה ארוז ללא תוספת סוכר 400גר,סוכניות עמוס ממתקים בעמ,,,"י""ח",400,ל  גרם,false,1,24.90,6.23,false,1,
7290011239343,false,חלבה ארוז  400גר,סוכניות עמוס ממתקים בעמ,,,"י""ח",400,ל  גרם,false,1,24.90,6.23,false,1,
7290011239404,false,חטיפים מתוקים טעמים שונים 330גר,סוכניות עמוס ממתקים בעמ,,,"י""ח",330,ל  גרם,false,1,19.90,6.03,false,1,
7290011239596,false,בקלאווה  600גר,סוכניות עמוס ממתקים בעמ,,,"י""ח",600,ל  גרם,false,1,44.90,7.48,false,1,
7290011239657,false,רחת לוקום 500גר,סוכניות עמוס ממתקים בעמ,,,"י""ח",500,ל  גרם,false,1,19.90,3.98,false,1,
7290011254070,false,פלפל שחור בשקית,מיה תעשיות מזון מ.ת.מ בעמ,,,"י""ח",80,ל  גרם,false,1,9.40,11.75,false,1,
7290011254087,false,קינמון טחון 80גרם,מיה תעשיות מזון מ.ת.מ בעמ,,,"י""ח",80,ל  גרם,false,1,4.30,5.38,false,1,
7290011254094,false,כמון 80גר,מיה תעשיות מזון מ.ת.מ בעמ,,,"י""ח",80,ל  גרם,false,1,4.30,5.38,false,1,
7290011254100,false,כורכום 80גרם בשקית,מיה תעשיות מזון מ.ת.מ בעמ,,,"י""ח",80,ל  גרם,false,1,5,6.25,false,1,
7290011254117,false,פפריקה מתוקה 80גרם,מיה תעשיות מזון מ.ת.מ בעמ,,,"י""ח",80,ל  גרם,false,1,5,6.25,false,1,
7290011254124,false,פפריקה חריפה 80גרם,מיה תעשיות מזון מ.ת.מ בעמ,,,"י""ח",80,ל  גרם,false,1,4.30,5.38,false,1,
7290011254131,false,אורגנו 20גרם,מיה תעשיות מזון מ.ת.מ בעמ,,,"י""ח",20,ל  גרם,false,1,4.20,21,false,1,
7290011254148,false,אבקת שום 80גרם,מיה תעשיות מזון מ.ת.מ בעמ,,,"י""ח",80,ל  גרם,false,1,7.90,9.88,false,1,
7290011254155,false,מלח לימון 80גר.,מיה תעשיות מזון מ.ת.מ בעמ,,,"י""ח",100,ל  גרם,false,1,4,4,false,1,
7290011254209,false,גבישי שום 80גרם,מיה תעשיות מזון מ.ת.מ בעמ,,,"י""ח",80,ל  גרם,false,1,7.90,9.88,false,1,
7290011254230,false,תן צ אפ טבעות עשיריות,מיה תעשיות מזון מ.ת.מ בעמ,,,"י""ח",60,ל  גרם,false,1,9.90,16.50,false,1,
7290011254247,false,תן צ אפ גלגלים עשיריות,מיה תעשיות מזון מ.ת.מ בעמ,,,"י""ח",250,ל  גרם,false,1,9.90,3.96,false,1,
7290011254254,false,"שוקולד צ יפס 300 ג  בד""צ מיה",מיה תעשיות מזון מ.ת.מ בעמ,,,"י""ח",300,ל  גרם,false,1,9.90,3.30,false,1,
7290011254773,false,שעועית ארגנטינאית 500גר`,מיה תעשיות מזון מ.ת.מ בעמ,,,"י""ח",500,ל  גרם,false,1,7.90,1.58,false,1,
7290011254810,false,סוכריות ג`לי דובונים טעם פירות קיץ 125,מיה תעשיות מזון מ.ת.מ בעמ,,,"י""ח",125,ל  גרם,false,1,7,5.60,false,1,
7290011378233,false,מאגדת חטיפי חלבה וניל ללא סוכר,קבוצת אוסם סחר-שות.מוגבלת,,,"י""ח",6,"י""ח",false,1,11.90,1.98,false,1,
7290011417284,false,שום  ארוז,ביכורי השדה צפון 1994 ג.ד. בעמ,,,"י""ח",1,,false,1,9.90,9.90,false,1,
7290011438142,false,"משקה חלב טעם קפה 350 מ""ל","שטראוס גרופ ***בע""מ",,,"י""ח",350,"ל  מ""ל",false,1,6.50,1.86,true,1,
7290011447359,false,מטרנה מהדרין חסכונית 1,קבוצת אוסם סחר-שות.מוגבלת,,,"י""ח",700,ל  גרם,false,1,49.90,7.13,false,1,
7290011447373,false,מטרנה מהדרין חיסכון} {2,קבוצת אוסם סחר-שות.מוגבלת,,,"י""ח",700,ל  גרם,false,1,49.90,7.13,false,1,
7290011461058,false,גומא ריחני במבוק,מוסקו בעמ,,,"י""ח",1,,false,1,19.90,19.90,false,1,
7290011499358,false,פטה עיזים  200גר}גד{,מחלבות גד,,,"י""ח",200,ל  גרם,false,1,29.90,14.95,false,1,
7290011499365,false,חלומי גד 200גר.,מחלבות גד,,,"י""ח",200,ל  גרם,false,1,23.90,11.95,false,1,
7290011499686,false,צפתית מיני   }גד{ מהדרין,מחלבות גד,,,"י""ח",350,ל  גרם,false,1,21.90,6.26,false,1,
7290011499730,false,בולגרית   5% גביע 250 ג מהדרין,מחלבות גד,,,"י""ח",250,ל  גרם,false,1,22.90,9.16,false,1,
7290011499822,false,בולגרית מעודנת 250ג 5%,מחלבות גד,,,"י""ח",250,ל  גרם,false,1,22.90,9.16,false,1,
7290011499853,false,גבינת שמנת 30% זיתים 200ג,מחלבות גד,,,"י""ח",200,ל  גרם,false,1,12.90,6.45,false,1,
7290011518561,false,אקטימל מארז משפ  14יח   תות,"שטראוס גרופ ***בע""מ",,,"י""ח",1.40,ליטר,false,1,30.90,22.07,true,1,
7290011525712,false,קמיל בלו סנסטיב אל סבון,פישר תעשיות פרמבצטיות בעמ,,,"י""ח",1,ליטר,false,1,32.90,32.90,true,1,
7290011530464,false,"פול סויה אדממה 1ק""ג",בלדי בעמ,,,"י""ח",1,"ק""ג",false,1,16.90,16.90,false,1,
7290011575250,false,הפי מבריק נעליים,יעקב יעקבי ובניו בעמ,,,"י""ח",1,,false,1,11,11,false,1,
7290011575526,false,הפי מטליות מיקרופייבר,יעקב יעקבי ובניו בעמ,,,"י""ח",1,,false,1,11.90,11.90,false,1,
7290011593087,false,"שמן זית סבא חביב  750מ""ל",בני פאוזי שמשום (2009) בעמ,,,"י""ח",750,"ל  מ""ל",false,1,29.90,3.99,true,1,
7290011593117,false,זית סורי ירוק מבוקע 800גרם,בני פאוזי שמשום (2009) בעמ,,,"י""ח",800,ל  גרם,false,1,24.90,3.11,false,1,
7290011598211,false,אנטי קאלק כללי 4ב1,החב הדרומית לשיווק,,,"י""ח",700,"ל  מ""ל",false,1,19.90,2.84,false,1,
7290011607197,false,"קולון 101- 5 ק""ג",רקיט בנקיזר (ניר איסט) בעמ,,,"י""ח",5,"ק""ג",false,1,39.90,7.98,false,1,
7290011615260,false,טורטיות 540 גרם וויליפוד,ג.וילי פוד אינטרנשיונל בעמ,,,"י""ח",540,ל  גרם,false,1,10.90,2.02,true,1,
7290011615277,false,טורטיות 840 גרם..,ג.וילי פוד אינטרנשיונל בעמ,,,"י""ח",840,ל  גרם,false,1,14.90,1.77,true,1,
7290011618025,false,נגיסי אורז לתינוק,דנשר (1963) בעמ,,,"י""ח",50,ל  גרם,false,1,13.90,27.80,false,1,
7290011695286,false,קיסם הפלא אריזה ורודה 250,נאמן לאורך זמן בעמ,,,"י""ח",1,,false,1,10.90,10.90,false,1,
7290011695422,false,"רוטב חמוץ מתוק 300מ""ל",נאמן לאורך זמן בעמ,,,"י""ח",300,"ל  מ""ל",false,1,9.90,3.30,false,1,
7290011732189,false,סוכריות צמיד 48יח  שקית,טעמן שווק מזון בעמ,,,"י""ח",1,,false,1,18.90,18.90,false,1,
7290011732271,false,פירות פלסטיק 36יח,טעמן שווק מזון בעמ,,,"י""ח",432,ל  גרם,false,1,18.90,4.38,false,1,
7290011800840,false,טחינה לבנה 400גר`,קבוצת אוסם סחר-שות.מוגבלת,,,"י""ח",400,ל  גרם,false,1,15.90,3.98,true,1,
7290011860271,false,תפוגן ביסבול טבעי 700 ג,קבוצת אוסם סחר-שות.מוגבלת,,,"י""ח",700,ל  גרם,false,1,16.90,2.41,false,1,
7290011870249,false,סוללות  *AAA12 פוגיקום,פוגיקום בעמ,,,"י""ח",1,,false,1,19.90,19.90,true,1,
7290011870270,false,סוללות   *AA12 פוגיקום,פוגיקום בעמ,,,"י""ח",1,,false,1,19.90,19.90,true,1,
7290011877446,false,"בייבי כיף קרם נגד גירוד 100 מ""ל",החב הדרומית לשיווק,,,"י""ח",100,ל  גרם,false,1,14.90,14.90,false,1,
7290011877866,false,"סנו מקסימה מאסק 6 ק""ג",החב הדרומית לשיווק,,,"י""ח",6,"ק""ג",false,1,49.90,8.32,false,1,
7290011947521,false,שמן זית  זיתא כתית מעולה טעם מודגש 750,תה ויסוצקי (ישראל)בעמ,,,"י""ח",750,"ל  מ""ל",false,1,37.90,5.05,true,1,
7290011977627,false,סרדינים בשמן 125 גרם,טעמן שווק מזון בעמ,,,"י""ח",125,ל  גרם,false,1,4.90,3.92,true,1,
7290011977634,false,סרדינים פלפל חריף 125 גרם,טעמן שווק מזון בעמ,,,"י""ח",125,ל  גרם,false,1,4.90,3.92,true,1,
7290011977665,false,סרדינים ברוטב עגבניות,טעמן שווק מזון בעמ,,,"י""ח",125,ל  גרם,false,1,4.90,3.92,true,1,
7290012001994,false,חרדל דיג`ון גרעינים 370  גר`דיפלומט,דיפלומט מפיצים (1968) בעמ**,,,"י""ח",370,ל  גרם,false,1,11.90,3.22,false,1,
7290012025495,false,"טחינה אסלי 1 ק""ג",סלטי שמיר2006בעמ,,,"י""ח",1,"ק""ג",false,1,15.90,15.90,true,1,
7290012025822,false,סלק  400 ג אסלי,סלטי שמיר2006בעמ,,,"י""ח",400,ל  גרם,false,1,9.90,2.48,true,1,
7290012025839,false,מטבוחה 400 ג אסלי,סלטי שמיר2006בעמ,,,"י""ח",400,ל  גרם,false,1,10.90,2.73,true,1,
7290012052170,false,גרנולה אגוזים זרעים ללא סוכר אגוזים 35,כרמית תעשיות ממתקים בעמ,,,"י""ח",350,ל  גרם,false,1,16.90,4.83,false,1,
7290012052187,false,גרנולה אגוזים זרעים חלבה תמרים  350גר,כרמית תעשיות ממתקים בעמ,,,"י""ח",350,ל  גרם,false,1,16.90,4.83,false,1,
7290012052354,false,גרנולה אגוזים זרעים שוקולד ואגוזי לוז,כרמית תעשיות ממתקים בעמ,,,"י""ח",350,ל  גרם,false,1,16.90,4.83,false,1,
7290012052361,false,גרנולה אגוזים זרעים מוזלי 350גר,כרמית תעשיות ממתקים בעמ,,,"י""ח",350,ל  גרם,false,1,16.90,4.83,false,1,
7290012116612,false,אורביטול מברשות שיניים רביעיות,החב הדרומית לשיווק,,,"י""ח",1,,false,1,11.90,11.90,false,1,
7290012117039,false,סנו 00 לאמבטיה 1 ל`.,החב הדרומית לשיווק,,,"י""ח",1,ליטר,false,1,9.90,9.90,false,1,
7290012117091,false,"סנו מקסימה סנסיטיב 6 ק""ג",החב הדרומית לשיווק,,,"י""ח",6,קוב,false,1,49.90,8.32,false,1,
7290012117411,false,"גיל רחצה קרמה מן במבוק 700 מ""ל",החב הדרומית לשיווק,,,"י""ח",700,"ל  מ""ל",false,1,19.90,2.84,false,1,
7290012117435,false,"גיל רחצה אלוורה 700 מ""ל",החב הדרומית לשיווק,,,"י""ח",700,"ל  מ""ל",false,1,19.90,2.84,false,1,
7290012117534,false,.מרכך מקסימה סופר מרוכז COOL 1 ליטר,החב הדרומית לשיווק,,,"י""ח",1,ליטר,false,1,17.90,17.90,false,1,
7290012117541,false,מרכך מקסימה סופר מרוכז ZEN 1ליטר,החב הדרומית לשיווק,,,"י""ח",1,ליטר,false,1,17.90,17.90,false,1,
7290012117732,false,מקסימה מרכך 4 ליטר שחור,החב הדרומית לשיווק,,,"י""ח",4,ליטר,false,1,21.90,5.48,false,1,
7290012193125,false,מרמולייט סוכרלוז 150יח,דנשר (1963) בעמ,,,"י""ח",150,ל  גרם,false,1,34.90,23.27,false,1,
7290012227592,false,זוג חברון כפרית ותה 2*350גר מחפוד,זוגלובק שיווק בעמ,,,"י""ח",700,ל  גרם,false,1,33.90,4.84,true,1,
7290012227608,false,זוג חרמון כפרית וכפרית ברביקיו 2*300 מחפ,זוגלובק שיווק בעמ,,,"י""ח",600,ל  גרם,false,1,36.90,6.15,true,1,
7290012227615,false,נקניקיות עוף 800גר זוגלובק,זוגלובק שיווק בעמ,,,"י""ח",800,ל  גרם,false,1,24.90,3.11,true,1,
7290012227622,false,חרמון כפרית דבש 400גר מחפוד,זוגלובק שיווק בעמ,,,"י""ח",400,ל  גרם,false,1,21.90,5.48,true,1,
7290012227738,false,סלמי תה מעושן 400גר מחפוד,זוגלובק שיווק בעמ,,,"י""ח",400,ל  גרם,false,1,20.90,5.23,true,1,
7290012227769,false,פסטרמה ברביקיו 400גר מחפוד,זוגלובק שיווק בעמ,,,"י""ח",400,ל  גרם,false,1,20.90,5.23,true,1,
7290012227776,false,פסטרמה הודו 400גר מחפוד,זוגלובק שיווק בעמ,,,"י""ח",400,ל  גרם,false,1,20.90,5.23,true,1,
7290012227783,false,תה מעושן 400גר מחפוד,זוגלובק שיווק בעמ,,,"י""ח",400,ל  גרם,false,1,20.90,5.23,true,1,
7290012228407,false,נקניקיות ג`מבו מחפוד 1.5 ק``ג,זוגלובק שיווק בעמ,,,"י""ח",1.50,"ק""ג",false,1,34.90,23.27,true,1,
7290012228766,false,קבנוס מחפוד 120 גר,זוגלובק שיווק בעמ,,,"י""ח",120,ל  גרם,false,1,10.90,9.08,false,1,
7290012245312,false,"גולד ציפס אמריקאי 1.5ק""ג",קפוא זן תעשיות מזון בעמ,,,"י""ח",1.50,"ק""ג",false,1,21.90,14.60,true,1,
7290012245329,false,"גולד ציפס קלאסי 1.5ק""ג",קפוא זן תעשיות מזון בעמ,,,"י""ח",1.50,"ק""ג",false,1,21.90,14.60,true,1,
7290012245336,false,"גולד סטייק ציפס  1.5ק""ג",קפוא זן תעשיות מזון בעמ,,,"י""ח",1.50,"ק""ג",false,1,21.90,14.60,true,1,
7290012275401,false,"בירה מולר  500מ""ל",בני פאוזי שמשום (2009) בעמ,,,"י""ח",210,"ל  מ""ל",false,1,4.50,2,true,1,
7290012295034,false,בזיליקום גלאט,ביכורי השדה צפון 1994 ג.ד. בעמ,,,"י""ח",1,,false,1,8.90,8.90,false,1,
7290012309939,false,חלבה מסולסלת 500 גר`ששון הקולה,דין שיווק וקליה 2021 בעמ,,,"י""ח",1,,false,1,17.90,17.90,false,1,
7290012313141,false,פרוסות מלפפונים במלח  יבנה,קבוצת יבנה מוצרי מזון בעמ,,,"י""ח",540,ל  גרם,false,1,6.90,1.28,false,1,
7290012313394,false,קוביות מלפפון  A2 קבוצת יבנה,קבוצת יבנה מוצרי מזון בעמ,,,"י""ח",100,ל  גרם,false,1,6.20,6.20,false,1,
7290012313554,false,עלי גפן ממולאים 400ג,קבוצת יבנה מוצרי מזון בעמ,,,"י""ח",400,ל  גרם,false,1,9.90,2.48,false,1,
7290012317255,false,"קובה ירושלמי 1ק""ג",לפ עת-רן (1996 ) בעמ,,,"י""ח",1,"ק""ג",false,1,44.90,44.90,false,1,
7290012317644,false,"קובה למרק 1ק""ג.",עת -רן (1996) בעמ,,,"י""ח",1,"ק""ג",false,1,52.90,52.90,false,1,
7290012335020,false,סוכריות סודה שעון משפחתי 30יח`,טעמן שווק מזון בעמ,,,"י""ח",1,,false,1,18.90,18.90,false,1,
7290012367717,false,"קרם ידיים ד""ר פישר אפקטיב קר 150מ""ל",פישר תעשיות פרמבצטיות בעמ,,,"י""ח",12,ליטר,false,1,16.90,1.41,true,1,
7290012404993,false,ספרינג נקטר דיאט חמוציות 1.25,יפאורה שותפות מוגבלת לשיווק,,,"י""ח",1.25,ליטר,false,1,13.50,10.56,true,1,
7290012454257,false,שזיפים ללא גרעין 200ג,מיה תעשיות מזון מ.ת.מ בעמ,,,"י""ח",200,ל  גרם,false,1,12.90,6.45,false,1,
7290012454578,false,סוכריות לקישוט לבן,מיה תעשיות מזון מ.ת.מ בעמ,,,"י""ח",200,ל  גרם,false,1,5.40,2.70,false,1,
7290012454943,false,חמוציות שלמות במגש 150ג,מיה תעשיות מזון מ.ת.מ בעמ,,,"י""ח",200,ל  גרם,false,1,8.90,4.45,false,1,
7290012561405,false,בצל חצי מטוגן,קבוצת אוסם סחר-שות.מוגבלת,,,"י""ח",180,ל  גרם,false,1,11.90,6.61,false,1,
7290012576607,false,יין פרימייר אדום קברנה סוביניון/מלבק,טמפו משקאות בעמ,,,"י""ח",750,"ל  מ""ל",false,1,27.90,3.68,false,1,
7290012588907,false,"איילנד גויאבה 300מ""ל",טמפו משקאות בעמ,,,"י""ח",350,"ל  מ""ל",false,1,5.40,1.46,false,1,
7290012588914,false,"איילנד מנגו 300מ""ל",טמפו משקאות בעמ,,,"י""ח",350,"ל  מ""ל",false,1,5.40,1.46,false,1,
7290012645020,false,"יוגורט  עיזים טבעי  500מ""ל","שטראוס גרופ ***בע""מ",,,"י""ח",500,"ל  מ""ל",false,1,12.80,2.56,true,1,
7290012645112,false,"יוגורט  עיזים 750מ""ל בדלי","שטראוס גרופ ***בע""מ",,,"י""ח",750,"ל  מ""ל",false,1,19.90,2.65,true,1,
7290012645129,false,"יוגורט  כבשים 750מ""ל בדלי","שטראוס גרופ ***בע""מ",,,"י""ח",750,"ל  מ""ל",false,1,20.50,2.73,true,1,
7290012645297,false,"יוגורט  עיזים טבעי  150מ""ל","שטראוס גרופ ***בע""מ",,,"י""ח",150,"ל  מ""ל",false,1,5.90,3.93,true,1,
7290012645389,false,יוגורט עיזים  טבעי 1ל בקבוק,"שטראוס גרופ ***בע""מ",,,"י""ח",1,ליטר,false,1,23,23,true,1,
7290012803055,false,סוכרלוז 100 שקיות אישיות,דנשר (1963) בעמ,,,"י""ח",100,ל  גרם,false,1,19.80,19.80,false,1,
7290012823398,false,מטליות לחות לריצפה ריצפז 10 יחידות,החב הדרומית לשיווק,,,"י""ח",1,,false,1,12.90,12.90,false,1,
7290012823558,false,מטליות לחות לרצפה ס.סושי 10 יחידות,החב הדרומית לשיווק,,,"י""ח",1,,false,1,12.90,12.90,false,1,
7290012823589,false,ריצפז פרש לימון 2 ליטר,החב הדרומית לשיווק,,,"י""ח",2,ליטר,false,1,19.90,9.95,false,1,
7290012838026,false,עוגיות מלוחות עבודת יד 350גר,הלל בן הלל שיווק ומסחר בעמ,,,"י""ח",350,ל  גרם,false,1,15.90,4.54,false,1,
7290012850011,false,מחית תפוח עץ  190ג,שקד תבל בעמ,,,"י""ח",190,"ל  מ""ל",false,1,5.90,3.11,true,1,
7290012884986,false,"צ יפס לתנור עד 4% שומן 1.5 ק""ג",קבוצת אוסם סחר-שות.מוגבלת,,,"י""ח",1.50,"ק""ג",false,1,25.90,17.27,false,1,
7290012936913,false,סומק 45גר.,א.ל.יצור ושיווקתבלינים בעמ,,,"י""ח",45,ל  גרם,false,1,12.90,28.67,false,1,
7290012936937,false,בהרט 40 גרם.,א.ל.יצור ושיווקתבלינים בעמ,,,"י""ח",40,ל  גרם,false,1,12.90,32.25,false,1,
7290012936944,false,אגוז מוסקט טחון 40גר. צנצנת,א.ל.יצור ושיווקתבלינים בעמ,,,"י""ח",50,ל  גרם,false,1,14.90,29.80,false,1,
7290012938405,false,דיימונד עבה במיוחד,גורי ע.ע.ע. בעמ,,,"י""ח",100,ל  גרם,false,1,16.90,16.90,false,1,
7290012938740,false,"סנסודין מנטה 75מ""ל",גורי ע.ע.ע. בעמ,,,"י""ח",1,,false,1,22.90,22.90,true,1,
7290012962714,false,נובי כוס אולטרא מצויירת עם מנגנון קליק,אינטרסן (1996) בעמ,,,"י""ח",1,,false,1,33.90,33.90,false,1,
7290012962851,false,נובי מוצץ סיליקון סימטרי בינוני זוג,אינטרסן (1996) בעמ,,,"י""ח",1,,false,1,24.90,24.90,false,1,
7290012975875,false,כוסות יהלום בנדע שווה  75יח,ח.כהן סוכנות מזון ומשקאות בע,,,"י""ח",1,,false,1,10.90,10.90,true,1,
7290012996702,false,הפי ג`ל דוחה עש ומבשם,יעקב יעקבי ובניו בעמ,,,"י""ח",500,"ל  מ""ל",false,1,14,2.80,false,1,
7290013010018,false,"רוטב פסטה  240ג בד""ץ",זנלכל בעמ,,,"י""ח",240,ל  גרם,false,1,5.50,2.29,false,1,
7290013010032,false,"רוטב שקשוקה  240ג בד""ץ",זנלכל בעמ,,,"י""ח",240,ל  גרם,false,1,5.50,2.29,false,1,
7290013010094,false,"רוטב לפסטה בולונז   240ג בד""ץ",זנלכל בעמ,,,"י""ח",240,ל  גרם,false,1,5.50,2.29,false,1,
7290013010322,false,עגבניות שלמות A2.5,זנלכל בעמ,,,"י""ח",800,ל  גרם,false,1,9.90,1.24,false,1,
7290013010339,false,עגבניות מרוסקות בצל A2.5,זנלכל בעמ,,,"י""ח",800,ל  גרם,false,1,9.90,1.24,false,1,
7290013010353,false,עגבניות מרוסקות בזיליקום A2.5,זנלכל בעמ,,,"י""ח",800,ל  גרם,false,1,9.90,1.24,false,1,
7290013027368,false,זוג לחמניות  באריזה,שלמה א.אנג ל בעמ,,,"י""ח",750,ל  גרם,false,1,3.20,0.43,false,1,
7290013027399,false,#לחם אנג ל 100 קל,שלמה א.אנג ל בעמ,,,"י""ח",750,ל  גרם,false,1,14.90,1.99,false,1,
7290013117427,false,בצק עלים פריך   מלוח}מעדנות{900גר,תנובה בשר,,,"י""ח",900,ל  גרם,false,1,22.90,2.54,false,1,
7290013117526,false,בצק שמרים למאפים מתוקים 900גרם,תנובה בשר,,,"י""ח",900,ל  גרם,false,1,22.90,2.54,false,1,
7290013121103,false,שליש באגט 4 400 גר`Green lite,גורי ע.ע.ע. בעמ,,,"י""ח",400,ל  גרם,false,1,17.90,4.48,false,1,
7290013121158,false,רביעיית לחמניות סנדביץ 460גר. Green li,גורי ע.ע.ע. בעמ,,,"י""ח",460,ל  גרם,false,1,17.90,3.89,false,1,
7290013121165,false,שישיית לחמניות נקניקיה 460גר Green lit,גורי ע.ע.ע. בעמ,,,"י""ח",460,ל  גרם,false,1,17.90,3.89,false,1,
7290013144157,false,סחלב 130ג,א.ל.יצור ושיווקתבלינים בעמ,,,"י""ח",130,ל  גרם,false,1,10.90,8.38,true,1,
7290013144201,false,תערובת פנקייק 400גר`,א.ל.יצור ושיווקתבלינים בעמ,,,"י""ח",400,ל  גרם,false,1,15.90,3.98,true,1,
7290013144218,false,תערובת עוגת וניל 560גר`,א.ל.יצור ושיווקתבלינים בעמ,,,"י""ח",560,ל  גרם,false,1,16.90,3.02,true,1,
7290013144232,false,פודינג וניל,א.ל.יצור ושיווקתבלינים בעמ,,,"י""ח",8500,ל  גרם,false,1,4.90,0.06,true,1,
7290013144317,false,ג`וני גלילית וופל למילוי,א.ל.יצור ושיווקתבלינים בעמ,,,"י""ח",1,,false,1,22.90,22.90,false,1,
7290013144393,false,תמצית וניל,א.ל.יצור ושיווקתבלינים בעמ,,,"י""ח",1,,false,1,5.30,5.30,false,1,
7290013144515,false,צבע מאכל צהוב,א.ל.יצור ושיווקתבלינים בעמ,,,"י""ח",1,,false,1,4.60,4.60,false,1,
7290013144539,false,צבע מאכל אדום,א.ל.יצור ושיווקתבלינים בעמ,,,"י""ח",1,,false,1,4.60,4.60,false,1,
7290013144560,false,"צבע מאכל כחול 50מ""ל",א.ל.יצור ושיווקתבלינים בעמ,,,"י""ח",1,,false,1,4.30,4.30,false,1,
7290013144768,false,"סירופ בטעם שוקולד 500מ""ל מימונס",א.ל.יצור ושיווקתבלינים בעמ,,,"י""ח",500,"ל  מ""ל",false,1,13.90,2.78,true,1,
7290013144911,false,מיקסשוקולד צ`יפס מריר וחלב 250גר`,א.ל.יצור ושיווקתבלינים בעמ,,,"י""ח",250,"ל  מ""ל",false,1,14.90,5.96,true,1,
7290013144980,false,תרסיס שמן קנולה 170גר מימונס,א.ל.יצור ושיווקתבלינים בעמ,,,"י""ח",170,"ל  מ""ל",false,1,15.90,9.35,false,1,
7290013145017,false,אגוז מלך קלוף 100גר`,א.ל.יצור ושיווקתבלינים בעמ,,,"י""ח",100,ל  גרם,false,1,12.90,12.90,false,1,
7290013145024,false,אגוז מלך טחון 100 גר`מימונס,א.ל.יצור ושיווקתבלינים בעמ,,,"י""ח",100,ל  גרם,false,1,13.90,13.90,false,1,
7290013145031,false,אגוזי לוז מסוכרים 100גר`.,א.ל.יצור ושיווקתבלינים בעמ,,,"י""ח",100,ל  גרם,false,1,13.90,13.90,false,1,
7290013145048,false,צנוברים 100 גר`מימונס,א.ל.יצור ושיווקתבלינים בעמ,,,"י""ח",100,ל  גרם,false,1,26.90,26.90,false,1,
7290013145062,false,"סירופ מייפל אמיתי 100% 187מ""ל מימונס",א.ל.יצור ושיווקתבלינים בעמ,,,"י""ח",187,"ל  מ""ל",false,1,19.90,10.64,false,1,
7290013145093,false,שקד מולבן גרוס 100גר`,א.ל.יצור ושיווקתבלינים בעמ,,,"י""ח",100,ל  גרם,false,1,12.90,12.90,true,1,
7290013145109,false,שקד מולבן טחון 100 גר`מימונס,א.ל.יצור ושיווקתבלינים בעמ,,,"י""ח",100,ל  גרם,false,1,12.90,12.90,true,1,
7290013145116,false,שקד מולבן מקלות 100גר`,א.ל.יצור ושיווקתבלינים בעמ,,,"י""ח",100,ל  גרם,false,1,13.90,13.90,true,1,
7290013145192,false,שומשום 100 גר`מימונס,א.ל.יצור ושיווקתבלינים בעמ,,,"י""ח",100,ל  גרם,false,1,4.90,4.90,false,1,
7290013145215,false,שומשום 400גר` מימונס,א.ל.יצור ושיווקתבלינים בעמ,,,"י""ח",400,ל  גרם,false,1,15.90,3.98,false,1,
7290013145246,false,גרעין חמניה מקולף 100ג,א.ל.יצור ושיווקתבלינים בעמ,,,"י""ח",50,ל  גרם,false,1,5.90,11.80,false,1,
7290013145390,false,שוקולד צ`יפס 250 גר`מימונס,א.ל.יצור ושיווקתבלינים בעמ,,,"י""ח",250,ל  גרם,false,1,9.90,3.96,false,1,
7290013145406,false,שוקולד צ`יפס לבן 250 גר`מימונס,א.ל.יצור ושיווקתבלינים בעמ,,,"י""ח",250,"ל  מ""ל",false,1,10.90,4.36,false,1,
7290013145437,false,שוקולד ציפס  אמיתי 48% 250ג מימונס,א.ל.יצור ושיווקתבלינים בעמ,,,"י""ח",250,ל  גרם,false,1,13.90,5.56,false,1,
7290013145444,false,שוקולד צ`יפס 66% מימונס 250 ג,א.ל.יצור ושיווקתבלינים בעמ,,,"י""ח",250,"ל  מ""ל",false,1,16.90,6.76,false,1,
7290013145536,false,סוכריות בטעם שוקולד לקישוט 90גר`.,א.ל.יצור ושיווקתבלינים בעמ,,,"י""ח",1,,false,1,5.90,5.90,false,1,
7290013145628,false,סוכריות צבעוניות 200גר,א.ל.יצור ושיווקתבלינים בעמ,,,"י""ח",400,ל  גרם,false,1,8.90,2.23,false,1,
7290013145710,false,דובדבנים מסוכרים 100גר`,א.ל.יצור ושיווקתבלינים בעמ,,,"י""ח",100,ל  גרם,false,1,9.60,9.60,false,1,
7290013145840,false,סוכר וניל מימונס 10יח בצלופן,א.ל.יצור ושיווקתבלינים בעמ,,,"י""ח",10,"י""ח",false,1,2.90,0.29,false,1,
7290013145857,false,אבקת אפיה  מימונס 10יח בצלופן,א.ל.יצור ושיווקתבלינים בעמ,,,"י""ח",10,"י""ח",false,1,2.90,0.29,false,1,
7290013146014,false,מלית אוכמניות 70% פרי 400גר`,א.ל.יצור ושיווקתבלינים בעמ,,,"י""ח",400,ל  גרם,false,1,15.90,3.98,false,1,
7290013146038,false,מלית דובדבנים 70% פרי 400גר`,א.ל.יצור ושיווקתבלינים בעמ,,,"י""ח",400,ל  גרם,false,1,15.90,3.98,false,1,
7290013146045,false,מלית תות שדה  400גר`,א.ל.יצור ושיווקתבלינים בעמ,,,"י""ח",400,ל  גרם,false,1,15.90,3.98,true,1,
7290013146199,false,קרם נוגט למילוי ואפיה 350ג,א.ל.יצור ושיווקתבלינים בעמ,,,"י""ח",350,ל  גרם,false,1,15.90,4.54,true,1,
7290013146243,false,פודינג בטעם וניל מימונס 320גר,א.ל.יצור ושיווקתבלינים בעמ,,,"י""ח",255,ל  גרם,false,1,11.90,4.67,false,1,
7290013146410,false,נשיקות לקישוט צבע כחול,א.ל.יצור ושיווקתבלינים בעמ,,,"י""ח",1,,false,1,15.90,15.90,true,1,
7290013146670,false,סוכריות לב סגול ורוד לבן לקישוט 60גר,א.ל.יצור ושיווקתבלינים בעמ,,,"י""ח",60,ל  גרם,false,1,11.90,19.83,true,1,
7290013146724,false,אייס קפה 350גר מימונס.,א.ל.יצור ושיווקתבלינים בעמ,,,"י""ח",350,ל  גרם,false,1,17.90,5.11,true,1,
7290013146755,false,"קצפת מעולה 24% שומן 500מ""ל",קפוא זן תעשיות מזון בעמ,,,"י""ח",500,"ל  מ""ל",false,1,13.90,2.78,true,1,
7290013146762,false,"קצפת לזילוף 24% שומן 200מ""ל מימונס",קפוא זן תעשיות מזון בעמ,,,"י""ח",200,"ל  מ""ל",false,1,6.90,3.45,false,1,
7290013146816,false,אבקת סוכר שקית 500ג.,א.ל.יצור ושיווקתבלינים בעמ,,,"י""ח",200,ל  גרם,false,1,7.70,3.85,false,1,
7290013153593,false,תפוזים מתקתק 100% 1ל,*החברה המרכזית להפצת משקאותבעמ,,,"י""ח",1,ליטר,false,1,11.90,11.90,false,1,
7290013156006,false,אצבעות מתוקות 350ג גאקובס,הלל בן הלל שיווק ומסחר בעמ,,,"י""ח",300,ל  גרם,false,1,16.90,5.63,false,1,
7290013156228,false,עוגיות מרנג 100 גרם.,הלל בן הלל שיווק ומסחר בעמ,,,"י""ח",1,,false,1,19.90,19.90,false,1,
7290013156822,false,עוגיות רייף 350ג גאקובס,הלל בן הלל שיווק ומסחר בעמ,,,"י""ח",350,ל  גרם,false,1,16.90,4.83,false,1,
7290013156846,false,מלוח קצח  350ג גאקובס,הלל בן הלל שיווק ומסחר בעמ,,,"י""ח",350,ל  גרם,false,1,16.90,4.83,false,1,
7290013156914,false,כעך טוניסאי  350ג גאקובס,הלל בן הלל שיווק ומסחר בעמ,,,"י""ח",350,ל  גרם,false,1,16.90,4.83,false,1,
7290013156921,false,אצבעות מתוקות   350ג גאקובס,הלל בן הלל שיווק ומסחר בעמ,,,"י""ח",350,ל  גרם,false,1,16.90,4.83,false,1,
7290013220127,false,דומדמניות שחורות קפוא 500גר,"א.מ.שרון שיווק (2014) בע""מ",,,"י""ח",500,ל  גרם,false,1,24.90,4.98,true,1,
7290013220134,false,מיקס פירות שדה קפוא 500גר,"א.מ.שרון שיווק (2014) בע""מ",,,"י""ח",500,ל  גרם,false,1,24.90,4.98,true,1,
7290013220899,false,תות שדה  קפוא 500גר,"א.מ.שרון שיווק (2014) בע""מ",,,"י""ח",500,ל  גרם,false,1,24.90,4.98,true,1,
7290013221001,false,אננס קפוא,"א.מ.שרון שיווק (2014) בע""מ",,,"י""ח",500,ל  גרם,false,1,24.90,4.98,true,1,
7290013221018,false,מנגו קפוא,"א.מ.שרון שיווק (2014) בע""מ",,,"י""ח",500,ל  גרם,false,1,24.90,4.98,true,1,
7290013221056,false,אפרסק קפוא 500גר,"א.מ.שרון שיווק (2014) בע""מ",,,"י""ח",500,ל  גרם,false,1,24.90,4.98,true,1,
7290013221070,false,קיווי קפוא 500גר,"א.מ.שרון שיווק (2014) בע""מ",,,"י""ח",500,ל  גרם,false,1,24.90,4.98,true,1,
7290013221100,false,מיקס שייק מנגו אננס פיטאיה  50גר קפו,"א.מ.שרון שיווק (2014) בע""מ",,,"י""ח",500,ל  גרם,false,1,24.90,4.98,true,1,
7290013268020,false,מרכך כביסה מקסימה 1 ליטר א.פרש,החב הדרומית לשיווק,,,"י""ח",1,ליטר,false,1,17.90,17.90,false,1,
7290013268037,false,מרכך כביסה מקסימה 1 ליטר מרוכז,החב הדרומית לשיווק,,,"י""ח",1,ליטר,false,1,17.90,17.90,false,1,
7290013268242,false,ריצפז פרש הום  2ל לרצפה מלון מפנק,החב הדרומית לשיווק,,,"י""ח",1.45,ליטר,false,1,21.90,15.10,false,1,
7290013268464,false,"קרמה קרם גוף מאסק 500מ""ל",החב הדרומית לשיווק,,,"י""ח",500,"ל  מ""ל",false,1,24.90,4.98,false,1,
7290013268884,false,ריצפז פרש מאסק 2 ליטר,החב הדרומית לשיווק,,,"י""ח",2,ליטר,false,1,19.90,9.95,false,1,
7290013268891,false,"סנו אוקסיגן  ג""ל 3ליטר",החב הדרומית לשיווק,,,"י""ח",3,ליטר,false,1,29.90,9.97,false,1,
7290013268990,false,מרכך כביסה ביו מקסימה 1 ליטר מרוכז,החב הדרומית לשיווק,,,"י""ח",1,ליטר,false,1,17.90,17.90,false,1,
7290013269263,false,סנו ג ל כביסה 3ליטר קריסטל,החב הדרומית לשיווק,,,"י""ח",3,ליטר,false,1,29.60,9.87,false,1,
7290013269287,false,סנו ג ל כביסה 3ליטר ביו,החב הדרומית לשיווק,,,"י""ח",3,ליטר,false,1,29.60,9.87,false,1,
7290013269669,false,ריצפז פנטזיה  3 ליטר,החב הדרומית לשיווק,,,"י""ח",3,ליטר,false,1,12.90,4.30,false,1,
7290013269706,false,סנובון ג ל אסלה,החב הדרומית לשיווק,,,"י""ח",65,"ל  מ""ל",false,1,5.90,9.08,false,1,
7290013269751,false,מטליות לחות לרצפה מלון בוטיק  10 יחידו,החב הדרומית לשיווק,,,"י""ח",1,,false,1,12.90,12.90,false,1,
7290013310408,false,כפפות ניטריל 80יח XL EASY TOUCH,אינטרסן (1996) בעמ,,,"י""ח",80,"י""ח",false,1,24.90,0.31,true,1,
7290013310934,false,נובי צלחת האכלה מחולקת,אינטרסן (1996) בעמ,,,"י""ח",1,,false,1,19.90,19.90,false,1,
7290013358356,false,פירורי לחם מוזהבים 320גרם מאסטרשף,ש.שסטוביץ בעמ,,,"י""ח",320,ל  גרם,false,1,7.80,2.44,false,1,
7290013358431,false,קרוטונים לסלט בתיבול עגבניות ובזיליקום,ש.שסטוביץ בעמ,,,"י""ח",200,ל  גרם,false,1,11.90,5.95,true,1,
7290013358530,false,"רוטב צ`ילי מתוק  700מ""ל מאסטר שף",ש.שסטוביץ בעמ,,,"י""ח",700,"ל  מ""ל",false,1,12.90,1.84,false,1,
7290013358547,false,"רוטב צ`ילי חריף  700מ""ל",ש.שסטוביץ בעמ,,,"י""ח",700,"ל  מ""ל",false,1,12.90,1.84,false,1,
7290013381088,false,עמבה  הודית אורגינלית 500,נאמן לאורך זמן בעמ,,,"י""ח",500,ל  גרם,false,1,8.90,1.78,false,1,
7290013381576,false,תרכיז שקדים רוזטה,נאמן לאורך זמן בעמ,,,"י""ח",1,"י""ח",false,1,20.90,20.90,false,1,
7290013412409,false,נועם ספוגית 15 פרי,שקד תבל בעמ,,,"י""ח",15,"י""ח",false,1,9.90,0.66,true,1,
7290013430250,false,"בירה אלכסנדר חיטה ישראלית 330מ""ל",אגודת הכורמים,,,"י""ח",330,"ל  מ""ל",false,1,12.90,3.82,true,1,
7290013472199,false,ערמונים 100גרם ויליפוד,ג.וילי פוד אינטרנשיונל בעמ,,,"י""ח",100,ל  גרם,false,1,5.90,5.90,true,1,
7290013525253,false,טחינה מיוחדת 160גרם,סלטי שמיר2006בעמ,,,"י""ח",160,ל  גרם,false,1,5.90,3.69,false,1,
7290013525727,false,חומוס אבו גוש 160גרם,סלטי שמיר2006בעמ,,,"י""ח",160,ל  גרם,false,1,5.90,3.69,false,1,
7290013525741,false,חומוס  מסבחה   160גרם,סלטי שמיר2006בעמ,,,"י""ח",160,ל  גרם,false,1,5.90,3.69,false,1,
7290013525789,false,אריסה מרוקאית 150גר,סלטי שמיר2006בעמ,,,"י""ח",150,ל  גרם,false,1,10.90,7.27,false,1,
7290013525796,false,סחוג תימני 150גר,סלטי שמיר2006בעמ,,,"י""ח",150,ל  גרם,false,1,10.90,7.27,false,1,
7290013525802,false,סחוג אדום 150גר,סלטי שמיר2006בעמ,,,"י""ח",150,ל  גרם,false,1,10.90,7.27,false,1,
7290013525819,false,שום כתוש 150גר,סלטי שמיר2006בעמ,,,"י""ח",150,ל  גרם,false,1,10.90,7.27,false,1,
7290013534057,false,"צ`יפס בטטה טבעי 100גרם כשל""פ",מיה תעשיות מזון מ.ת.מ בעמ,,,"י""ח",100,ל  גרם,false,1,9.90,9.90,false,1,
7290013585387,false,קוקה קולה 1ליטר ZERO,החברה המרכזית להפצת משקאות בעמ,,,"י""ח",1,ליטר,false,1,7.50,7.50,false,1,
7290013585394,false,קוקה קולה 1ליטר,החברה המרכזית להפצת משקאות בעמ,,,"י""ח",1,ליטר,false,1,7.50,7.50,false,1,
7290013608260,false,פרימור מיץ רימון  100% 1ליטר,"שטראוס גרופ ***בע""מ",,,"י""ח",1,ליטר,false,1,23.50,23.50,true,1,
7290013608864,false,פרימור פירות הדר בתוספת ויטמין C  1 ליטר,"שטראוס גרופ ***בע""מ",,,"י""ח",1,ליטר,false,1,15.90,15.90,true,1,
7290013652157,false,מגבונים להסרת איפור 30יח,פישר תעשיות פרמבצטיות בעמ,,,"י""ח",1,,false,1,24.90,24.90,false,1,
7290013677006,false,חומוס} {500,מיה תעשיות מזון מ.ת.מ בעמ,,,"י""ח",500,ל  גרם,false,1,13.50,2.70,true,1,
7290013677013,false,גריסים} {500,מיה תעשיות מזון מ.ת.מ בעמ,,,"י""ח",500,ל  גרם,false,1,9.90,1.98,true,1,
7290013677020,false,שעועית לבנה} {500,מיה תעשיות מזון מ.ת.מ בעמ,,,"י""ח",500,ל  גרם,false,1,11.90,2.38,true,1,
7290013677037,false,עדשים ירוקים} {500,מיה תעשיות מזון מ.ת.מ בעמ,,,"י""ח",500,ל  גרם,false,1,10.10,2.02,true,1,
7290013677044,false,עדשים אדומים} {500,מיה תעשיות מזון מ.ת.מ בעמ,,,"י""ח",500,ל  גרם,false,1,13.30,2.66,true,1,
7290013677068,false,כוסמת} {500,מיה תעשיות מזון מ.ת.מ בעמ,,,"י""ח",500,ל  גרם,false,1,12.20,2.44,true,1,
7290013677082,false,שעועית אדומה} {500,מיה תעשיות מזון מ.ת.מ בעמ,,,"י""ח",500,ל  גרם,false,1,12.40,2.48,true,1,
7290013677099,false,גריסי פנינה  {500},מיה תעשיות מזון מ.ת.מ בעמ,,,"י""ח",500,ל  גרם,false,1,10.80,2.16,true,1,
7290013677105,false,אפונה  {500},מיה תעשיות מזון מ.ת.מ בעמ,,,"י""ח",500,ל  גרם,false,1,7.90,1.58,true,1,
7290013677112,false,בורגול  {500},מיה תעשיות מזון מ.ת.מ בעמ,,,"י""ח",500,ל  גרם,false,1,10.40,2.08,true,1,
7290013677129,false,שעועית מעורבת} {500,מיה תעשיות מזון מ.ת.מ בעמ,,,"י""ח",500,ל  גרם,false,1,12.40,2.48,true,1,
7290013677136,false,חומוס לבן ענק} {500,מיה תעשיות מזון מ.ת.מ בעמ,,,"י""ח",500,ל  גרם,false,1,12.90,2.58,true,1,
7290013677143,false,שעועית בובס} {500,מיה תעשיות מזון מ.ת.מ בעמ,,,"י""ח",500,ל  גרם,false,1,15.50,3.10,true,1,
7290013677259,false,זעתר 50 גר`שקית,מיה תעשיות מזון מ.ת.מ בעמ,,,"י""ח",50,ל  גרם,false,1,5.50,11,false,1,
7290013677266,false,תבלין לפיצה  80 גר`שקית,מיה תעשיות מזון מ.ת.מ בעמ,,,"י""ח",80,ל  גרם,false,1,5.50,6.88,false,1,
7290013677273,false,דגיל דג   80 גר`שקית,מיה תעשיות מזון מ.ת.מ בעמ,,,"י""ח",80,ל  גרם,false,1,5.50,6.88,false,1,
7290013677297,false,אבקת בצל 80 גר`שקית,מיה תעשיות מזון מ.ת.מ בעמ,,,"י""ח",80,ל  גרם,false,1,5.50,6.88,false,1,
7290013677303,false,חוויג תימני 50 גר`שקית,מיה תעשיות מזון מ.ת.מ בעמ,,,"י""ח",50,ל  גרם,false,1,5.50,11,false,1,
7290013677310,false,גריל בשר 80 גר`שקית,מיה תעשיות מזון מ.ת.מ בעמ,,,"י""ח",80,ל  גרם,false,1,5.50,6.88,false,1,
7290013677419,false,תן צ אפ 60 ג,מיה תעשיות מזון מ.ת.מ בעמ,,,"י""ח",60,ל  גרם,false,1,3.70,6.17,false,1,
7290013677426,false,תן צ אפ 60 ג קטשופ,מיה תעשיות מזון מ.ת.מ בעמ,,,"י""ח",60,ל  גרם,false,1,3.70,6.17,false,1,
7290013677648,false,שמן זית למאור1   ליטר מיה,מיה תעשיות מזון מ.ת.מ בעמ,,,"י""ח",100,"ל  מ""ל",false,1,18.90,18.90,false,1,
7290013677679,false,סודה לשתיה 80גרם שקית,מיה תעשיות מזון מ.ת.מ בעמ,,,"י""ח",80,ל  גרם,false,1,4.70,5.88,false,1,
7290013677686,false,פפריקה מרוקאית בשקית 80 ג`,מיה תעשיות מזון מ.ת.מ בעמ,,,"י""ח",1,,false,1,5.30,5.30,false,1,
7290013677693,false,פלפל שחור גרוס בשקית,מיה תעשיות מזון מ.ת.מ בעמ,,,"י""ח",1,,false,1,9.40,9.40,false,1,
7290013677747,false,שוקו בשקית,מיה תעשיות מזון מ.ת.מ בעמ,,,"י""ח",1,,false,1,6.90,6.90,false,1,
7290013702883,false,שוופס לימונייד 0.5ל פינק,יפאורה שותפות מוגבלת לשיווק,,,"י""ח",500,"ל  מ""ל",false,1,6.50,1.24,true,1,
7290013725691,false,"רוטב סויה 300מ""ל",דין שיווק וקליה 2021 בעמ,,,"י""ח",300,"ל  מ""ל",false,1,7.90,2.63,false,1,
7290013847867,false,טונה סטארקיסט בשמן סויה 140גר(זוג),דיפלומט מפיצים (1968) בעמ**,,,"י""ח",280,ל  גרם,false,1,12.90,4.61,true,1,
7290013848017,false,"סנו נירוסטה מתז500 מ""ל",החב הדרומית לשיווק,,,"י""ח",500,"ל  מ""ל",false,1,19.90,3.98,false,1,
7290013848581,false,מגבת נייר סנו גליל ענק,החב הדרומית לשיווק,,,"י""ח",1,"י""ח",false,1,12.90,12.90,false,1,
7290013883407,false,דזיטול מרסס,יעקב יעקבי ובניו בעמ,,,"י""ח",1,ליטר,false,1,10.90,10.90,false,1,
7290013906298,false,נקניקיות מהדרין 400ג,תנובה בשר,,,"י""ח",400,ל  גרם,false,1,15,3.75,false,1,
7290013906304,false,פסטרמה גחלים 400ג,תנובה בשר,,,"י""ח",400,ל  גרם,false,1,29.90,7.48,false,1,
7290013906311,false,פסטרמה מעושנת 400ג,תנובה בשר,,,"י""ח",400,ל  גרם,false,1,29.90,7.48,false,1,
7290013906601,false,צמד מהדרין 600ג ברביקיו ודבש,תנובה בשר,,,"י""ח",600,ל  גרם,false,1,30.90,5.15,false,1,
7290013906922,false,"נקניקיות  הודו  חריפות 1ק""ג מחפוד.",תנובה בשר,,,"י""ח",1,"ק""ג",false,1,24.90,24.90,false,1,
7290013906984,false,סלמי תה מחפוד 300גר`,תנובה בשר,,,"י""ח",300,ל  גרם,false,1,24.90,8.30,false,1,
7290013927002,false,דקליות שוקו 400 גרם אחווה,אחדות בעמ,,,"י""ח",400,ל  גרם,false,1,10.90,2.73,false,1,
7290013927033,false,מעמול 600 גרם מגש אחווה,אחדות בעמ,,,"י""ח",600,ל  גרם,false,1,11.90,1.98,false,1,
7290013927057,false,עוגיות שוקולד צ`יפס 400 גרם אחוה,אחדות בעמ,,,"י""ח",400,ל  גרם,false,1,10.90,2.73,false,1,
7290013927064,false,עוגיות שיבולת שועל אחווה 400גרם,אחדות בעמ,,,"י""ח",400,ל  גרם,false,1,10.90,2.73,false,1,
7290013927156,false,עוגת פירות יער ללא סוכר 450גרם,אחדות בעמ,,,"י""ח",450,ל  גרם,false,1,11.90,2.64,false,1,
7290013927200,false,עוגיות שוקולד צ`יפס עשירה 400גרם אחוה,אחדות בעמ,,,"י""ח",450,ל  גרם,false,1,10.90,2.42,false,1,
7290013927323,false,עוגת בראוניס 400גרם אחוה,אחדות בעמ,,,"י""ח",450,ל  גרם,false,1,10.90,2.42,false,1,
7290013927385,false,מאפין  דבש אחווה 45 גרם,אחדות בעמ,,,"י""ח",40,ל  גרם,false,1,1.50,3.75,true,1,
7290013927644,false,עוגיות כתר טעם תות 400ג,אחדות בעמ,,,"י""ח",400,ל  גרם,false,1,10.90,2.73,false,1,
7290013927996,false,עוגת שמרים קראנץ טעם שוקולד  (400 אחוה),אחדות בעמ,,,"י""ח",400,ל  גרם,false,1,11,2.75,false,1,
7290014002197,false,חליטת  קמומיל ולימונית גן קסום,תה ויסוצקי (ישראל)בעמ,,,"י""ח",37.50,ל  גרם,false,1,17.90,47.73,true,1,
7290014002203,false,חליטת  לימונית ולואיזה גן קסום 25 יח,תה ויסוצקי (ישראל)בעמ,,,"י""ח",37.50,ל  גרם,false,1,17.90,47.73,true,1,
7290014002944,false,גן הקסום חליטת  חמדת שקד 25שק,תה ויסוצקי (ישראל)בעמ,,,"י""ח",1,,false,1,17.90,17.90,true,1,
7290014002982,false,תה ירוק לימונית לואיזה בתוספת עלי סטיב,תה ויסוצקי (ישראל)בעמ,,,"י""ח",1,,false,1,24.90,24.90,true,1,
7290014083165,false,ניוקי 500 גר`וויליפוד,ג.וילי פוד אינטרנשיונל בעמ,,,"י""ח",500,ל  גרם,false,1,8.40,1.68,false,1,
7290014090040,false,"אפונה קפואה 1.5ק""ג",עת -רן (1996) בעמ,,,"י""ח",1.50,"ק""ג",false,1,21.90,14.60,false,1,
7290014090057,false,"שעועית שלמה קפואה 1.5ק""ג",עת -רן (1996) בעמ,,,"י""ח",1.50,"ק""ג",false,1,21.90,14.60,false,1,
7290014090064,false,"שעועית חתוכה קפואה 1.5ק""ג",עת -רן (1996) בעמ,,,"י""ח",1.50,"ק""ג",false,1,21.90,14.60,false,1,
7290014090460,false,שעועית שלמה עדינה 600 גרם,עת -רן (1996) בעמ,,,"י""ח",600,ל  גרם,false,1,13.90,2.32,false,1,
7290014090514,false,אפונה עדינה מאוד 600 גרם,עת -רן (1996) בעמ,,,"י""ח",600,ל  גרם,false,1,13.90,2.32,false,1,
7290014094895,false,אגוזי מלך קלופים  150ג (דין שיווק),דין שיווק וקליה 2021 בעמ,,,"י""ח",150,ל  גרם,false,1,13.90,9.27,false,1,
7290014126428,false,סטיביה 150טבליות,דנשר (1963) בעמ,,,"י""ח",150,ל  גרם,false,1,25.90,17.27,false,1,
7290014205000,false,"צלחות גדולות *50 ""שווה""",ח.כהן סוכנות מזון ומשקאות בע,,,"י""ח",50,"י""ח",false,1,14.90,0.30,false,1,
7290014205024,false,קערה אובלית 25  יח`לבן,ח.כהן סוכנות מזון ומשקאות בע,,,"י""ח",30,"י""ח",false,1,5.90,0.20,true,1,
7290014205048,false,"מרקיה""שווה""לבן 25",ח.כהן סוכנות מזון ומשקאות בע,,,"י""ח",2500,ל  גרם,false,1,7.90,0.32,false,1,
7290014205055,false,"צלחת   עמוקה""שווה""30יח לבן",ח.כהן סוכנות מזון ומשקאות בע,,,"י""ח",30,"י""ח",false,1,14.90,0.50,false,1,
7290014205062,false,"כוסות ח""פ פלסטיק ""100שווה"".",ח.כהן סוכנות מזון ומשקאות בע,,,"י""ח",100,"י""ח",false,1,8.90,0.09,false,1,
7290014205093,false,דבש  350ג שווה,ח.כהן סוכנות מזון ומשקאות בע,,,"י""ח",350,ל  גרם,false,1,18.90,5.40,false,1,
7290014205116,false,כוסות שקוף שמש 140יח שווה,ח.כהן סוכנות מזון ומשקאות בע,,,"י""ח",140,"י""ח",false,1,16.90,0.12,false,1,
7290014205130,false,"צלחת גדולה  ""שווה"" צבעוני 25",ח.כהן סוכנות מזון ומשקאות בע,,,"י""ח",2500,ל  גרם,false,1,11.90,0.48,false,1,
7290014205147,false,"צלחת   קטן""שווה""צבעוני 25",ח.כהן סוכנות מזון ומשקאות בע,,,"י""ח",25,"י""ח",false,1,6.90,0.28,false,1,
7290014205154,false,"קערה אובלית    צבעונית""שווה""25",ח.כהן סוכנות מזון ומשקאות בע,,,"י""ח",2500,ל  גרם,false,1,5.90,0.24,false,1,
7290014205161,false,"לפתניה  ""שווה"" צבעוני 25",ח.כהן סוכנות מזון ומשקאות בע,,,"י""ח",2500,ל  גרם,false,1,4.90,0.20,false,1,
7290014205178,false,"מרקיה  ""שווה"" צבעוני 25",ח.כהן סוכנות מזון ומשקאות בע,,,"י""ח",2500,ל  גרם,false,1,8.90,0.36,false,1,
7290014205185,false,"צלחת   ענק""שווה""צבעוני 25",ח.כהן סוכנות מזון ומשקאות בע,,,"י""ח",25,"י""ח",false,1,18.90,0.76,false,1,
7290014205741,false,"מפה גליל  25 מטר ""שווה""",ח.כהן סוכנות מזון ומשקאות בע,,,"י""ח",25,מטר,false,1,24.90,1,true,1,
7290014205758,false,מפת שולחן 1/6 עבה שווה,ח.כהן סוכנות מזון ומשקאות בע,,,"י""ח",6,"י""ח",false,1,11.90,1.98,false,1,
7290014205765,false,מפות שולחן 8* עבה במיוחד 1.35/2.4 מ`שו,ח.כהן סוכנות מזון ומשקאות בע,,,"י""ח",25,"י""ח",false,1,11.90,0.48,false,1,
7290014205772,false,"מפות שולחן 8* עבה  שקוף""שווה""",ח.כהן סוכנות מזון ומשקאות בע,,,"י""ח",1,,false,1,7.90,7.90,false,1,
7290014205796,false,שקיות אוכל זוג 150יח שווה,ח.כהן סוכנות מזון ומשקאות בע,,,"י""ח",750,"ל  מ""ל",false,1,10.90,1.45,false,1,
7290014205826,false,שקיות אשפה ירוק 52/65 שרוך שווה 50יח,ח.כהן סוכנות מזון ומשקאות בע,,,"י""ח",50,"י""ח",false,1,18.90,0.38,false,1,
7290014205840,false,"שקיות אשפה 52/65 עם  שרון""שווה""",ח.כהן סוכנות מזון ומשקאות בע,,,"י""ח",20,"י""ח",false,1,6.90,0.35,false,1,
7290014205857,false,"שקיות אפור ""75/90  שווה""20 יח`ממוחזר.",ח.כהן סוכנות מזון ומשקאות בע,,,"י""ח",20,"י""ח",false,1,11.90,0.60,true,1,
7290014205864,false,"שקיות כתום  75/90  ""שווה"" 50יח",ח.כהן סוכנות מזון ומשקאות בע,,,"י""ח",50,"י""ח",false,1,11.90,0.24,false,1,
7290014206038,false,מאפינס נייר גדולים 20יח שווה,ח.כהן סוכנות מזון ומשקאות בע,,,"י""ח",12,"י""ח",false,1,7.90,0.66,false,1,
7290014206045,false,מאפינס נייר אלומיניום קטנים 12יח,ח.כהן סוכנות מזון ומשקאות בע,,,"י""ח",12,"י""ח",false,1,7.90,0.66,false,1,
7290014206267,false,מפיות מוטבעות תלת שכבתי שווה,ח.כהן סוכנות מזון ומשקאות בע,,,"י""ח",1,"י""ח",false,1,7.90,7.90,true,1,
7290014206274,false,גפרור אקסטרה לארג שווה,ח.כהן סוכנות מזון ומשקאות בע,,,"י""ח",1,,false,1,6.90,6.90,true,1,
7290014206410,false,נוזל חלונות זוג 1ל שווה,ח.כהן סוכנות מזון ומשקאות בע,,,"י""ח",2,ליטר,false,1,8.90,4.45,false,1,
7290014206502,false,שקיות אוכל בשקית 200יח שווה,ח.כהן סוכנות מזון ומשקאות בע,,,"י""ח",200,"י""ח",false,1,3.90,0.02,false,1,
7290014206519,false,שקיות הקפאה בשקית 200יח שווה,ח.כהן סוכנות מזון ומשקאות בע,,,"י""ח",2,"י""ח",false,1,7.90,3.95,false,1,
7290014206571,false,קינוחיות משולש ענק+מכסה   שווה,ח.כהן סוכנות מזון ומשקאות בע,,,"י""ח",12,"י""ח",false,1,9.90,0.83,false,1,
7290014206847,false,סרדינים שמן סויה 125גר שווה מרוקו,ח.כהן סוכנות מזון ומשקאות בע,,,"י""ח",125,ל  גרם,false,1,4.90,3.92,false,1,
7290014206854,false,סרדינים פלפל צ`ילי 125גר שווה מרוקו,ח.כהן סוכנות מזון ומשקאות בע,,,"י""ח",125,ל  גרם,false,1,4.90,3.92,false,1,
7290014206861,false,סרדינים בשמן זית 125גר שווה,ח.כהן סוכנות מזון ומשקאות בע,,,"י""ח",125,ל  גרם,false,1,5.90,4.72,false,1,
7290014206878,false,סרדינים ברוטב עגבניות  125גר שווה מרוק,ח.כהן סוכנות מזון ומשקאות בע,,,"י""ח",125,ל  גרם,false,1,5.90,4.72,false,1,
7290014206885,false,אנשובי ארוך בפח בשמן חמניות 77ג שווה,ח.כהן סוכנות מזון ומשקאות בע,,,"י""ח",77,ל  גרם,false,1,6.90,8.96,false,1,
7290014206892,false,אנשובי צנצנת שמן חמניות  100ג שווה,ח.כהן סוכנות מזון ומשקאות בע,,,"י""ח",100,ל  גרם,false,1,12.90,12.90,false,1,
7290014206908,false,אננס שלם A2  שווה,ח.כהן סוכנות מזון ומשקאות בע,,,"י""ח",227,ל  גרם,false,1,7.90,3.48,false,1,
7290014206915,false,"לפתניה קשוף  ""שווה"" 20יח",ח.כהן סוכנות מזון ומשקאות בע,,,"י""ח",2000,ל  גרם,false,1,5.90,0.30,false,1,
7290014206953,false,"צלחת גדולה קשופה  ""שווה"" 20יח",ח.כהן סוכנות מזון ומשקאות בע,,,"י""ח",2000,ל  גרם,false,1,16.90,0.85,true,1,
7290014206960,false,"צלחת ענקית קשופה  ""שווה"" 20יח",ח.כהן סוכנות מזון ומשקאות בע,,,"י""ח",2000,ל  גרם,false,1,24.90,1.25,true,1,
7290014218505,false,שלישיית פיצות בחבק *360ג תנובה,תנובה בשר,,,"י""ח",1.08,"ק""ג",false,1,34.90,32.31,false,1,
7290014256620,false,יין אדום יאנג סלקטד BUZZ,אגודת הכורמים,,,"י""ח",750,"ל  מ""ל",false,1,27.90,3.68,true,1,
7290014256637,false,סלקטד לבן יאנג  BUZZ מוסקטו,אגודת הכורמים,,,"י""ח",750,"ל  מ""ל",false,1,27.90,3.68,true,1,
7290014258716,false,"מטרנה צמחית שלב3 בד""צ",קבוצת אוסם סחר-שות.מוגבלת,,,"י""ח",700,ל  גרם,false,1,62.90,8.99,true,1,
7290014258723,false,"מטרנה צמחית שלב1 בד""צ",קבוצת אוסם סחר-שות.מוגבלת,,,"י""ח",700,ל  גרם,false,1,62.90,8.99,true,1,
7290014258730,false,"מטרנה צמחית שלב2 בד""צ",קבוצת אוסם סחר-שות.מוגבלת,,,"י""ח",700,ל  גרם,false,1,62.90,8.99,true,1,
7290014258877,false,מטרנה מהדרין ספיישל 700ג.,קבוצת אוסם סחר-שות.מוגבלת,,,"י""ח",700,ל  גרם,false,1,69.90,9.99,false,1,
7290014288058,false,"להבונים 50 שקית  ""שווה""",ח.כהן סוכנות מזון ומשקאות בע,,,"י""ח",1,,false,1,10.90,10.90,true,1,
7290014288072,false,כריות יפניות רביעייה   שווה,ח.כהן סוכנות מזון ומשקאות בע,,,"י""ח",1,"י""ח",false,1,6.90,6.90,false,1,
7290014288089,false,סרטי קירצוף זוגות שווה איכותי,ח.כהן סוכנות מזון ומשקאות בע,,,"י""ח",10,"י""ח",false,1,5.90,0.59,false,1,
7290014288096,false,מטליות מיקרופייבר 5* ניקוי כלל   שווה,ח.כהן סוכנות מזון ומשקאות בע,,,"י""ח",3,"י""ח",false,1,9.90,3.30,false,1,
7290014288119,false,ממרקות מתכת  4יח שווה,ח.כהן סוכנות מזון ומשקאות בע,,,"י""ח",1,,false,1,5.90,5.90,false,1,
7290014288195,false,מפת שולחן אל בד 1.8/1.1,ח.כהן סוכנות מזון ומשקאות בע,,,"י""ח",1.80,מטר,false,1,6.90,3.83,false,1,
7290014288317,false,טורטיה 6יח 420ג שווה,ח.כהן סוכנות מזון ומשקאות בע,,,"י""ח",320,ל  גרם,false,1,10.90,3.41,true,1,
7290014288324,false,טורטיה קמח מלא 8יח 320ג שווה,ח.כהן סוכנות מזון ומשקאות בע,,,"י""ח",320,ל  גרם,false,1,10.90,3.41,true,1,
7290014288355,false,נודלס טעם בקר 60ג שווה,ח.כהן סוכנות מזון ומשקאות בע,,,"י""ח",60,ל  גרם,false,1,4.90,8.17,true,1,
7290014288379,false,ערמונים 100ג שווה,ח.כהן סוכנות מזון ומשקאות בע,,,"י""ח",100,ל  גרם,false,1,5.90,5.90,true,1,
7290014288393,false,"רוטב סויה 500מ""ל     שווה",ח.כהן סוכנות מזון ומשקאות בע,,,"י""ח",700,"ל  מ""ל",false,1,9.90,1.41,false,1,
7290014288461,false,"נר נשמה פחית ""שווה""",ח.כהן סוכנות מזון ומשקאות בע,,,"י""ח",1,,false,1,2.90,2.90,true,1,
7290014288584,false,נייר אפיה 50יח איכותי  שווה,ח.כהן סוכנות מזון ומשקאות בע,,,"י""ח",50,"י""ח",false,1,9.90,0.20,true,1,
7290014288614,false,רדיד אלומיניום קצר כוכבים  גבוה/עבה 16M,ח.כהן סוכנות מזון ומשקאות בע,,,,10,"י""ח",false,1,21.90,2.19,false,1,
7290014288621,false,רדיד אלומיניום ארוך כוכבים שווה 16M,ח.כהן סוכנות מזון ומשקאות בע,,,,10,"י""ח",false,1,26.90,2.69,false,1,
7290014288645,false,מגבונים מגבופיל 72יח  שווה,ח.כהן סוכנות מזון ומשקאות בע,,,"י""ח",72,"י""ח",false,1,18.90,0.26,false,1,
7290014288683,false,מגש אובלי ענק 20יח שווה,ח.כהן סוכנות מזון ומשקאות בע,,,"י""ח",20,"י""ח",false,1,18.90,0.95,false,1,
7290014288720,false,כוסות וודקה 350CC שווה,ח.כהן סוכנות מזון ומשקאות בע,,,,10,"י""ח",false,1,9.90,0.99,false,1,
7290014288843,false,נרות שבת מספרים שווה,ח.כהן סוכנות מזון ומשקאות בע,,,"י""ח",1,,false,1,3.90,3.90,false,1,
7290014288980,false,.נייר טישו 1/5 דו שכבתי שווה,ח.כהן סוכנות מזון ומשקאות בע,,,"י""ח",5,"י""ח",false,1,12.90,2.58,false,1,
7290014298217,false,"בקבוק שתיה קטן  350 מ""ל",מוסקו בעמ,,,"י""ח",1,,false,1,24.90,24.90,false,1,
7290014298996,false,"בקבוק תרמי לשתיה קרה/חמה  500 מ""ל",מוסקו בעמ,,,"י""ח",1,,false,1,59.90,59.90,false,1,
7290014325036,false,סוכריות ג`לי שמחה,מיה תעשיות מזון מ.ת.מ בעמ,,,"י""ח",750,ל  גרם,false,1,19.90,2.65,false,1,
7290014325043,false,"פודינג וניל 1ק""ג",מיה תעשיות מזון מ.ת.מ בעמ,,,"י""ח",1,"ק""ג",false,1,13.90,13.90,false,1,
7290014325050,false,קורנפלור 500ג,מיה תעשיות מזון מ.ת.מ בעמ,,,"י""ח",300,ל  גרם,false,1,3.90,1.30,false,1,
7290014325531,false,"חמאת בוטנים 500ג מיה כשל""פ בד""צ",מיה תעשיות מזון מ.ת.מ בעמ,,,"י""ח",500,ל  גרם,false,1,13.90,2.78,false,1,
7290014356078,false,פסטה פנה  500גר שדות,אחים אגא (א.מ.) שיווק,,,"י""ח",500,ל  גרם,false,1,3.90,0.78,true,1,
7290014356085,false,פסטה מסולסלת  500גר שדות,אחים אגא (א.מ.) שיווק,,,"י""ח",500,ל  גרם,false,1,3.90,0.78,true,1,
7290014356108,false,פסטה קרניים  500גר שדות,אחים אגא (א.מ.) שיווק,,,"י""ח",500,ל  גרם,false,1,3.90,0.78,true,1,
7290014356412,false,חתיכות אננס ב %100מיץ טבעי 850גר שדות,אחים אגא (א.מ.) שיווק,,,"י""ח",850,ל  גרם,false,1,9.90,1.16,false,1,
7290014356450,false,פסטה צדפים  500גר שדות,אחים אגא (א.מ.) שיווק,,,"י""ח",500,ל  גרם,false,1,3.90,0.78,true,1,
7290014356535,false,פסטה פרפרים  500גר שדות,אחים אגא (א.מ.) שיווק,,,"י""ח",500,ל  גרם,false,1,3.90,0.78,true,1,
7290014356917,false,חצאי אפרסק בסירופ קל 820גר שדות,אחים אגא (א.מ.) שיווק,,,"י""ח",820,ל  גרם,false,1,8.90,1.09,false,1,
7290014356948,false,קוסקוס בינוני 350גר אגא,אחים אגא (א.מ.) שיווק,,,"י""ח",500,ל  גרם,false,1,4.50,0.90,true,1,
7290014356962,false,פתיתים בצורת קוסקוס 500ג אגא,אחים אגא (א.מ.) שיווק,,,"י""ח",500,ל  גרם,false,1,4.50,0.90,true,1,
7290014356979,false,פתיתים בצורת אורז 500ג אגא,אחים אגא (א.מ.) שיווק,,,"י""ח",500,ל  גרם,false,1,4.50,0.90,true,1,
7290014397156,false,"קרם גוף קרמה פרח וניל 500 מ""ל",החב הדרומית לשיווק,,,"י""ח",500,"ל  מ""ל",false,1,24.90,4.98,false,1,
7290014397286,false,מרכך כביסה מקסימה 1 ליטר מרוכז,החב הדרומית לשיווק,,,"י""ח",1,ליטר,false,1,17.90,17.90,false,1,
7290014397453,false,סנו אוקסיגן 3ליטר כביסה לבנה,החב הדרומית לשיווק,,,"י""ח",3,ליטר,false,1,29.90,9.97,false,1,
7290014397507,false,"סנופרש הום בניחוח פריחת היסמין 350מ""ל",החב הדרומית לשיווק,,,"י""ח",350,"ל  מ""ל",false,1,11.90,3.40,false,1,
7290014397514,false,"סנופרש הום בניחוח כותנה מלטפת 350מ""ל",החב הדרומית לשיווק,,,"י""ח",350,"ל  מ""ל",false,1,11.90,3.40,false,1,
7290014397675,false,מרכך כביסה חלב ודבש 4 ליטר,החב הדרומית לשיווק,,,"י""ח",4,ליטר,false,1,21.90,5.48,false,1,
7290014397873,false,מרכך כביסה  מקסימה GENTLE BREEZE י4ל`,החב הדרומית לשיווק,,,"י""ח",4,ליטר,false,1,21.90,5.48,false,1,
7290014435360,false,חומוס עם רוטב חריף 400ג,סלטי שמיר2006בעמ,,,"י""ח",400,ל  גרם,false,1,11.90,2.98,true,1,
7290014435377,false,חומוס עם רוטב מסבחה 400ג,סלטי שמיר2006בעמ,,,"י""ח",400,ל  גרם,false,1,11.90,2.98,true,1,
7290014435384,false,חומוס עם טחינה מיוחדת  400ג,סלטי שמיר2006בעמ,,,"י""ח",400,ל  גרם,false,1,11.90,2.98,true,1,
7290014435391,false,חומוס אורגינל עם גרגרים   400ג,סלטי שמיר2006בעמ,,,"י""ח",400,ל  גרם,false,1,11.90,2.98,true,1,
7290014435704,false,סלמון מעושן פרוס  100ג(שמיר),סלטי שמיר2006בעמ,,,"י""ח",100,ל  גרם,false,1,24.90,24.90,false,1,
7290014435803,false,מטיאס הולנדי עם בצל בשמן 180ג,סלטי שמיר2006בעמ,,,"י""ח",180,ל  גרם,false,1,19.90,11.06,false,1,
7290014435810,false,הרינג כבוש עם בצל  חמוץ מתוק 180ג,סלטי שמיר2006בעמ,,,"י""ח",180,ל  גרם,false,1,19.90,11.06,false,1,
7290014435841,false,פילה מטיאס הולנדי  בשמן 180ג,סלטי שמיר2006בעמ,,,"י""ח",180,ל  גרם,false,1,19.90,11.06,false,1,
7290014435872,false,סלט הרינג  עם מיונז  200ג,סלטי שמיר2006בעמ,,,"י""ח",200,ל  גרם,false,1,19.90,9.95,false,1,
7290014455252,false,גרנה פדנו מגורד 100ג,מחלבות גד,,,"י""ח",100,ל  גרם,false,1,12.90,12.90,false,1,
7290014459472,false,"תפוגן צ יפס קלאסי 2ק""ג  (תפוגן)",קבוצת אוסם סחר-שות.מוגבלת,,,"י""ח",2.50,"ק""ג",false,1,29.90,11.96,false,1,
7290014459632,false,"תפוגן צ יפס טוגן 1.5 ק""ג",קבוצת אוסם סחר-שות.מוגבלת,,,"י""ח",1.50,"ק""ג",false,1,17.90,11.93,false,1,
7290014471412,false,"מוזלי בוטנים אגוזים ושקדים 1ק""ג",דין שיווק וקליה 2021 בעמ,,,"י""ח",0,"ק""ג",false,1,19.90,19.90,true,1,
7290014501829,false,"יין גליל קברנה סוביניון 750מ""ל",היכל היין שקד גולן בעמ,,,"י""ח",750,ל  גרם,false,1,64.90,8.61,true,1,
7290014555082,false,מים מזוקקים 4ל מקסול,סאסאטק אגשח בעמ,,,"י""ח",1,,false,1,11.90,11.90,false,1,
7290014562387,false,גרגירים נמסם להכנת תה טעם קמומיל,בטר אנד דיפרנט בעמ,,,"י""ח",1.20,ליטר,false,1,19,15.83,false,1,
7290014562783,false,"תרכיז רימונים 250מ""ל ללא סוכר",בטר אנד דיפרנט בעמ,,,"י""ח",250,"ל  מ""ל",false,1,30.90,12.36,false,1,
7290014673038,false,תערובת תיבול טוסקנה 120ג,א.ל.יצור ושיווקתבלינים בעמ,,,"י""ח",120,ל  גרם,false,1,11.50,9.58,true,1,
7290014673106,false,פפריקה אדומה גרוסה בשמן 400ג,א.ל.יצור ושיווקתבלינים בעמ,,,"י""ח",400,ל  גרם,false,1,23.90,5.98,false,1,
7290014673137,false,תערובת תיבול לפיצה 100ג,א.ל.יצור ושיווקתבלינים בעמ,,,"י""ח",100,ל  גרם,false,1,11.50,11.50,true,1,
7290014673373,false,פפריקה חריפה 250 גר בצנצנת,א.ל.יצור ושיווקתבלינים בעמ,,,"י""ח",250,ל  גרם,false,1,21.90,8.76,false,1,
7290014673403,false,פלפל שחור טחון 250 גר בצנצנת,א.ל.יצור ושיווקתבלינים בעמ,,,"י""ח",250,ל  גרם,false,1,27.90,11.16,false,1,
7290014673434,false,פלפל שחור גרוס דק  שקית 80ג,א.ל.יצור ושיווקתבלינים בעמ,,,"י""ח",80,ל  גרם,false,1,9.90,12.38,false,1,
7290014692541,false,צהובה מגורדת 500ג Golden,ג.וילי פוד אינטרנשיונל בעמ,,,"י""ח",500,ל  גרם,false,1,19.90,3.98,false,1,
7290014692565,false,גרעיני תירס מתוק 285/320ג,ג.וילי פוד אינטרנשיונל בעמ,,,"י""ח",320,ל  גרם,false,1,5.90,1.84,true,1,
7290014746145,false,שניצל מקצועי שומשום,בלדי בעמ,,,"י""ח",1,,false,1,29.90,29.90,false,1,
7290014749764,false,שניצל עוף ביתי עדין ן עוף טוב 700גר,קבוצת אוסם סחר-שות.מוגבלת,,,"י""ח",700,ל  גרם,false,1,33.90,4.84,true,1,
7290014749887,false,שניצל דק ענק קריספי קלאסי עוף טוב.,קבוצת אוסם סחר-שות.מוגבלת,,,"י""ח",720,ל  גרם,false,1,44.90,6.24,true,1,
7290014758100,false,מאגדת *8יוגורט BIO 3% 150ג,תנובה בעמ ***,,,"י""ח",1.20,ליטר,false,1,17.40,14.50,true,1,
7290014758117,false,מאגדת *8יוגורט BIO 1.5% 150ג,תנובה בעמ ***,,,"י""ח",1.20,ליטר,false,1,17.40,14.50,true,1,
7290014759084,false,נפוליאון 16% סקיני 225גר,תנובה בעמ ***,,,"י""ח",225,ל  גרם,false,1,14.10,6.27,false,1,
7290014760134,false,מעדן סויה טעם וניל,תנובה בעמ ***,,,"י""ח",125,"ל  מ""ל",false,1,4.20,3.36,false,1,
7290014760141,false,משקה שקדים טרי 1ל,תנובה בעמ ***,,,"י""ח",1,ליטר,false,1,13.90,13.90,true,1,
7290014761018,false,ג לי בטעם וניל 125גר,תנובה בעמ ***,,,"י""ח",125,"ל  מ""ל",false,1,1.50,1.20,false,1,
7290014761056,false,YOLO מעדן שוקולד חלב מעולה,תנובה בעמ ***,,,"י""ח",123,"ל  מ""ל",false,1,4.70,3.82,false,1,
7290014761063,false,YOLO מעדן שוקולד מריר  מעולה,תנובה בעמ ***,,,"י""ח",123,"ל  מ""ל",false,1,4.70,3.82,false,1,
7290014761070,false,YOLO מעדן שוקולד לבן מעולה,תנובה בעמ ***,,,"י""ח",123,"ל  מ""ל",false,1,4.70,3.82,false,1,
7290014761254,false,מאגדת *8יוגורט BIO 3% 150ג,תנובה בעמ ***,,,"י""ח",1.20,ליטר,false,1,16.90,14.08,true,1,
7290014761414,false,YOLO מעדן שכבות שוקולד חלב ולבן,תנובה בעמ ***,,,"י""ח",123,"ל  מ""ל",false,1,4.70,3.82,false,1,
7290014761438,false,בולגרית 24% פיראוס סמי מעדניה  400ג,תנובה בעמ ***,,,"י""ח",400,ל  גרם,false,1,27.20,6.80,false,1,
7290014761612,false,YOLO מעדן שוקולד מריר ולבן,תנובה בעמ ***,,,"י""ח",123,"ל  מ""ל",false,1,4.50,3.66,false,1,
7290014761698,false,"עמק סמי מעדנייה 600ג בד""ץ",תנובה בעמ ***,,,"י""ח",600,ל  גרם,false,1,30.90,5.15,false,1,
7290014762800,false,מעדן סויה בטעם שוקולד  בגביע 125ג,תנובה בעמ ***,,,"י""ח",125,"ל  מ""ל",false,1,4.20,3.36,false,1,
7290014762831,false,נפוליאון עם חלפיניו 225 ג`,תנובה בעמ ***,,,"י""ח",225,ל  גרם,false,1,14.10,6.27,false,1,
7290014762909,false,מוצרלה פתיתים 20% שומן 200ג,תנובה בעמ ***,,,"י""ח",200,ל  גרם,false,1,16.90,8.45,false,1,
7290014763418,false,יוגורט כד 1.5ל 4% מהדרין.,תנובה בעמ ***,,,"י""ח",1,ליטר,false,1,16.90,16.90,false,1,
7290014789913,false,אוראו  מארז שלישייה,דיפלומט מפיצים (1968) בעמ**,,,"י""ח",352,ל  גרם,false,1,23.90,6.79,true,1,
7290014791336,false,מי מינרלים בודד ליטר,יפאורה שותפות מוגבלת לשיווק,,,"י""ח",500,"ל  מ""ל",false,1,4.20,0.78,false,1,
7290014855434,false,מגבונים בייבי סיטר פרפורמנס רבעייה מבו,שקד תבל בעמ,,,"י""ח",1,,false,1,16.90,16.90,true,1,
7290014940901,false,לחם פשוט מלא.אנגל,שלמה א.אנג ל בעמ,,,"י""ח",750,ל  גרם,false,1,14.90,1.99,false,1,
7290015027021,false,עוגות שמרים פרימיום 500גר,הלל בן הלל שיווק ומסחר בעמ,,,"י""ח",500,ל  גרם,false,1,21.90,4.38,false,1,
7290015037273,false,פטרוזיליה  אוצר הארץ חסלט,יעל ירק עלים לשיווק בעמ,,,"י""ח",1,,false,1,6.90,6.90,false,1,
7290015037662,false,פרחי ברוקולי חסלט קפוא 600גר,יעל ירק עלים לשיווק בעמ,,,"י""ח",600,ל  גרם,false,1,29.90,4.98,false,1,
7290015039246,false,טונה וילפוד 4 יחידות בשמן צימחי,ג.וילי פוד אינטרנשיונל בעמ,,,"י""ח",640,ל  גרם,false,1,19.90,3.11,false,1,
7290015039253,false,עלי גפן במי מלח 620גר,ג.וילי פוד אינטרנשיונל בעמ,,,"י""ח",620,ל  גרם,false,1,9.90,1.60,false,1,
7290015039338,false,נתחי טונה במים רביעייה 160ג,ג.וילי פוד אינטרנשיונל בעמ,,,"י""ח",640,ל  גרם,false,1,19.90,3.11,false,1,
7290015039499,false,"עוגיות איטלקיות מובחרות 1ק""ג",ג.וילי פוד אינטרנשיונל בעמ,,,"י""ח",1,"ק""ג",false,1,12.90,12.90,true,1,
7290015139519,false,מיקסים קוביות וופל  55גר,כרמית תעשיות ממתקים בעמ,,,"י""ח",55,ל  גרם,false,1,3.90,7.09,true,1,
7290015139533,false,חופשי וופל לימון 200גר ללא גלוטן,כרמית תעשיות ממתקים בעמ,,,"י""ח",200,ל  גרם,false,1,10.90,5.45,false,1,
7290015139557,false,חופשי וופל שוקו 200גר ללא גלוטן,כרמית תעשיות ממתקים בעמ,,,"י""ח",200,ל  גרם,false,1,10.90,5.45,false,1,
7290015139571,false,חופשי וופל בארים 25גר ללא גלוטן,כרמית תעשיות ממתקים בעמ,,,"י""ח",25,ל  גרם,false,1,10.90,43.60,false,1,
7290015150088,false,מחית עגבניות בלה איטליה 700גר,תה ויסוצקי (ישראל)בעמ,,,"י""ח",700,ל  גרם,false,1,12.50,1.79,true,1,
7290015150118,false,עגבניות חתוכות בלה איטליה   400ג3X,תה ויסוצקי (ישראל)בעמ,,,"י""ח",400,ל  גרם,false,1,17.90,4.48,false,1,
7290015150361,false,תה ירוק נענע סטיביה,תה ויסוצקי (ישראל)בעמ,,,"י""ח",1,,false,1,24.90,24.90,true,1,
7290015155830,false,פרינוק מחית תפוח ובננה 120ג,גורי מוצרי צריכה בעמ,,,"י""ח",120,ל  גרם,false,1,6.60,5.50,true,1,
7290015156776,false,פרינוק מחית פירות טרופיים 120ג,גורי מוצרי צריכה בעמ,,,"י""ח",120,ל  גרם,false,1,6.60,5.50,true,1,
7290015156790,false,פרינוק מחית לפתן פירות 120ג,גורי מוצרי צריכה בעמ,,,"י""ח",120,ל  גרם,false,1,6.60,5.50,true,1,
7290015282000,false,איקרא אדומה 200גר SEVEN SEAS,סלטי שמיר2006בעמ,,,"י""ח",200,ל  גרם,false,1,14.90,7.45,false,1,
7290015282390,false,תורכי  200ג,סלטי שמיר2006בעמ,,,"י""ח",200,ל  גרם,false,1,12.90,6.45,true,1,
7290015282581,false,חומוס אבו גוש עם חריף 200ג,סלטי שמיר2006בעמ,,,"י""ח",200,ל  גרם,false,1,11.90,5.95,true,1,
7290015282598,false,חומוס מסעדות  200ג,סלטי שמיר2006בעמ,,,"י""ח",200,ל  גרם,false,1,11.90,5.95,true,1,
7290015282604,false,טחינה מיוחדת  200ג,סלטי שמיר2006בעמ,,,"י""ח",200,ל  גרם,false,1,11.90,5.95,true,1,
7290015282628,false,חציל בטעם כבד  200ג,סלטי שמיר2006בעמ,,,"י""ח",200,ל  גרם,false,1,12.90,6.45,true,1,
7290015282635,false,חומוס מסבחה  200ג,סלטי שמיר2006בעמ,,,"י""ח",200,ל  גרם,false,1,11.90,5.95,true,1,
7290015282642,false,חומוס אבו גוש  200ג,סלטי שמיר2006בעמ,,,"י""ח",200,ל  גרם,false,1,11.90,5.95,true,1,
7290015282673,false,חציל במיונז ביתי   200ג,סלטי שמיר2006בעמ,,,"י""ח",200,ל  גרם,false,1,11.90,5.95,true,1,
7290015282680,false,קישוא בטעם כבד  200ג,סלטי שמיר2006בעמ,,,"י""ח",200,ל  גרם,false,1,12.90,6.45,true,1,
7290015282697,false,כרוב אדום  200ג,סלטי שמיר2006בעמ,,,"י""ח",200,ל  גרם,false,1,12.90,6.45,true,1,
7290015282710,false,קוביות סלק  200ג,סלטי שמיר2006בעמ,,,"י""ח",200,ל  גרם,false,1,11.90,5.95,true,1,
7290015282727,false,גזר מרוקאי ברוטב פיקנטי  200ג,סלטי שמיר2006בעמ,,,"י""ח",200,ל  גרם,false,1,12.90,6.45,true,1,
7290015282734,false,מטבוחה ביתית  200ג,סלטי שמיר2006בעמ,,,"י""ח",200,ל  גרם,false,1,12.90,6.45,true,1,
7290015282741,false,חציל תאילנדי  200ג,סלטי שמיר2006בעמ,,,"י""ח",200,ל  גרם,false,1,12.90,6.45,true,1,
7290015282796,false,תפוח אדמה  200ג,סלטי שמיר2006בעמ,,,"י""ח",200,ל  גרם,false,1,12.90,6.45,true,1,
7290015339414,false,דבש  350ג טעמן,טעמן שווק מזון בעמ,,,"י""ח",350,ל  גרם,false,1,16.90,4.83,true,1,
7290015339643,false,"שוקולד מריר בד""ץ 100גר`",טעמן שווק מזון בעמ,,,"י""ח",100,ל  גרם,false,1,6.90,6.90,false,1,
7290015339650,false,"שוקולד חלבי בד""ץ 100גר`",טעמן שווק מזון בעמ,,,"י""ח",100,ל  גרם,false,1,6.90,6.90,false,1,
7290015339933,false,ריבת חלב 340ג,טעמן שווק מזון בעמ,,,"י""ח",340,ל  גרם,false,1,14.90,4.38,false,1,
7290015347150,false,שומשום סלקטד 400 גרם מיה,מיה תעשיות מזון מ.ת.מ בעמ,,,"י""ח",400,ל  גרם,false,1,14.90,3.73,false,1,
7290015347198,false,קווקר סלקטד 700גר מיה,מיה תעשיות מזון מ.ת.מ בעמ,,,"י""ח",700,ל  גרם,false,1,12.90,1.84,false,1,
7290015347259,false,פירורי לחם מוזהבים 400גר.,מיה תעשיות מזון מ.ת.מ בעמ,,,"י""ח",400,ל  גרם,false,1,7.90,1.98,false,1,
7290015347273,false,נטיפי שוקולד 250ג מיה,מיה תעשיות מזון מ.ת.מ בעמ,,,"י""ח",250,ל  גרם,false,1,10.90,4.36,false,1,
7290015347358,false,סודה לשתיה 50 גר בקרטון,מיה תעשיות מזון מ.ת.מ בעמ,,,"י""ח",150,ל  גרם,false,1,1.90,1.27,false,1,
7290015347525,false,ציפס  בטטה עם שום ורוזמרין  80ג,מיה תעשיות מזון מ.ת.מ בעמ,,,"י""ח",80,ל  גרם,false,1,7.90,9.88,false,1,
7290015347532,false,ציפס  בטטה עם שמן זית ועשבי טיבול 80ג,מיה תעשיות מזון מ.ת.מ בעמ,,,"י""ח",80,ל  גרם,false,1,9.90,12.38,false,1,
7290015347686,false,"צ`ילי 50גר שקית כשל""פ",מיה תעשיות מזון מ.ת.מ בעמ,,,"י""ח",50,ל  גרם,false,1,8.90,17.80,false,1,
7290015347709,false,"אגוז מוסקט 70גר צנצנת כשל""פ",מיה תעשיות מזון מ.ת.מ בעמ,,,"י""ח",70,ל  גרם,false,1,13.90,19.86,false,1,
7290015347761,false,סוכריות ג`לי כוכבים 125ג,מיה תעשיות מזון מ.ת.מ בעמ,,,"י""ח",125,ל  גרם,false,1,7,5.60,false,1,
7290015347990,false,עדשי שוקולד 1/8 160ג,מיה תעשיות מזון מ.ת.מ בעמ,,,"י""ח",160,ל  גרם,false,1,10.90,6.81,false,1,
7290015348423,false,תירוש משפחה  1ליטר,טמפו משקאות בעמ,,,"י""ח",7.50,"י""ח",false,1,15.90,2.08,true,1,
7290015366663,false,אקווה פרש מנטה משחה 100,גורי ע.ע.ע. בעמ,,,"י""ח",100,ל  גרם,false,1,8.90,8.90,true,1,
7290015366670,false,אקווה פרש משחת שיניים 100,גורי ע.ע.ע. בעמ,,,"י""ח",100,ל  גרם,false,1,8.90,8.90,true,1,
7290015374279,false,"סיגר במילוי בשר בד""צ 400גר",חטיפי אלקיים בעמ ~~~,,,"י""ח",400,ל  גרם,false,1,11.90,2.98,false,1,
7290015374286,false,"סיגר במילוי תפו""א בד""צ 400גר",חטיפי אלקיים בעמ ~~~,,,"י""ח",400,ל  גרם,false,1,11.90,2.98,false,1,
7290015374309,false,"פסטל במילוי תפו""א בד""צ 400גר",חטיפי אלקיים בעמ ~~~,,,"י""ח",400,ל  גרם,false,1,11.90,2.98,false,1,
7290015374347,false,"קובה חמוסטה בד""צ 400גר",חטיפי אלקיים בעמ ~~~,,,"י""ח",400,ל  גרם,false,1,11.90,2.98,false,1,
7290015374354,false,"קרפלך במילוי תפו""א בד""צ 400גר",חטיפי אלקיים בעמ ~~~,,,"י""ח",400,ל  גרם,false,1,11.90,2.98,false,1,
7290015603546,false,"שימורי קרם קוקוס 19% 400מ""ל כשל""פ",מזרח ומערב יבוא ושיווק,,,"י""ח",400,ל  גרם,false,1,10.90,2.73,false,1,
7290015603584,false,ג`יג`ר לבן כבוש 160ג,מזרח ומערב יבוא ושיווק,,,"י""ח",160,ל  גרם,false,1,9.50,5.94,false,1,
7290015644297,false,לחמניות פשוט מלא 1/6,שלמה א.אנג ל בעמ,,,"י""ח",6,"י""ח",false,1,11.90,1.98,false,1,
7290015652254,false,גרעיני חמניה קלויים 400גרם ששון הקולה,דין שיווק וקליה 2021 בעמ,,,"י""ח",400,ל  גרם,false,1,9.90,2.48,false,1,
7290015652278,false,תערובת פיצוחים 250גר ששון הקולה,דין שיווק וקליה 2021 בעמ,,,"י""ח",250,ל  גרם,false,1,20,8,false,1,
7290015652285,false,אגוזים קלופים 250גר מדבקה,דין שיווק וקליה 2021 בעמ,,,"י""ח",250,ל  גרם,false,1,20,8,false,1,
7290015652292,false,קבוקים עם שומשום 400 גרם,דין שיווק וקליה 2021 בעמ,,,"י""ח",400,ל  גרם,false,1,10,2.50,false,1,
7290015652308,false,מנצ`ס 300גרם,דין שיווק וקליה 2021 בעמ,,,"י""ח",300,ל  גרם,false,1,10,3.33,false,1,
7290015652322,false,בוטנים אמריקאים מצופים 400 גרם,דין שיווק וקליה 2021 בעמ,,,"י""ח",400,ל  גרם,false,1,10,2.50,false,1,
7290015652407,false,פיסטוק קלוי 250גר,דין שיווק וקליה 2021 בעמ,,,"י""ח",250,ל  גרם,false,1,20,8,false,1,
7290015699730,false,סבון לרצפות דה מרסיי,יעקב יעקבי ובניו בעמ,,,"י""ח",1.50,ליטר,false,1,10.90,7.27,false,1,
7290015733120,false,מטרנה גולד שלב 1 700גר,קבוצת אוסם סחר-שות.מוגבלת,,,"י""ח",700,ל  גרם,false,1,75.90,10.84,true,1,
7290015733205,false,מטרנה אקסטרה קר שלב 1 מהדרין 700גר`,קבוצת אוסם סחר-שות.מוגבלת,,,"י""ח",700,ל  גרם,false,1,59.90,8.56,false,1,
7290015733229,false,מטרנה אקסטרה קר שלב 2 מהדרין 700גר`,קבוצת אוסם סחר-שות.מוגבלת,,,"י""ח",700,ל  גרם,false,1,59.90,8.56,false,1,
7290015733243,false,מטרנה אקסטרה קר שלב 3 מהדרין 700גר`,קבוצת אוסם סחר-שות.מוגבלת,,,"י""ח",700,ל  גרם,false,1,59.90,8.56,false,1,
7290015781008,false,"יין מרלו VISION 750מ""ל",יקבי טפרברג 1870 בעמ,,,"י""ח",750,"ל  מ""ל",false,1,39.90,5.28,true,1,
7290015781046,false,"יין לבן חצי יבש VISION 750מ""ל",יקבי טפרברג 1870 בעמ,,,"י""ח",750,"ל  מ""ל",false,1,39.90,5.28,true,1,
7290015781299,false,"יין שיראז VISION 750מ""ל",יקבי טפרברג 1870 בעמ,,,"י""ח",750,"ל  מ""ל",false,1,39.90,5.28,true,1,
7290015856874,false,ביסקוויט קסטה רגיל 250גר הדר.,ח.כהן סוכנות מזון ומשקאות בע,,,"י""ח",250,ל  גרם,false,1,18.90,7.56,false,1,
7290015858106,false,פסטו ביתי  על הלחם 180גר*,"שטראוס גרופ ***בע""מ",,,"י""ח",180,ל  גרם,false,1,16.90,9.39,true,1,
7290015858229,false,טפנד זיתי קלמטה  180גר,"שטראוס גרופ ***בע""מ",,,"י""ח",180,ל  גרם,false,1,16.90,9.39,true,1,
7290015858328,false,איולי פסטו עללחם 295גר*,"שטראוס גרופ ***בע""מ",,,"י""ח",295,ל  גרם,false,1,14.90,5.05,true,1,
7290015858441,false,איולי פלפלים עללחם 295גר*,"שטראוס גרופ ***בע""מ",,,"י""ח",295,ל  גרם,false,1,14.90,5.05,true,1,
7290015872096,false,חומוס אסלי 700ג{שמיר{,סלטי שמיר2006בעמ,,,"י""ח",700,ל  גרם,false,1,10.90,1.56,true,1,
7290016006292,false,ספרינג נקטר מנגו בננה מלון 1ל,יפאורה שותפות מוגבלת לשיווק,,,"י""ח",1,ליטר,false,1,6.90,6.90,true,1,
7290016006346,false,סודה שוופס 0.5ל שישייה,יפאורה שותפות מוגבלת לשיווק,,,"י""ח",300,"ל  מ""ל",false,1,14.90,4.37,true,1,
7290016035025,false,לחם פשתן 450ג,נאמן לאורך זמן בעמ,,,"י""ח",450,ל  גרם,false,1,25.90,5.76,false,1,
7290016076035,false,פרנה  מאמא אובלי מארז 4יח,גיא מאפים שיווק טוב בעמ,,,"י""ח",1,,false,1,14.90,14.90,false,1,
7290016087499,false,עגבניות חתוכות דק 400ג שלישיה,ח.כהן סוכנות מזון ומשקאות בע,,,"י""ח",400,ל  גרם,false,1,13.90,3.48,false,1,
7290016096491,false,טונה  בשמן צמחי 80גרם*מארז שלישיה,תעשיות פילטונה בעמ,,,"י""ח",240,ל  גרם,false,1,11.90,4.96,true,1,
7290016096507,false,טונה  בשמן קנולה  80גרם*מארז שלישיה,תעשיות פילטונה בעמ,,,"י""ח",240,ל  גרם,false,1,11.90,4.96,true,1,
7290016096934,false,זוגות סלט טונה 160גר פילטונה,תעשיות פילטונה בעמ,,,"י""ח",320,ל  גרם,false,1,11.90,3.72,true,1,
7290016106671,false,טונה בשמן 140ג בודד,טעמן שווק מזון בעמ,,,"י""ח",140,ל  גרם,false,1,4.50,3.21,false,1,
7290016106688,false,טונה במים  140ג בודד,טעמן שווק מזון בעמ,,,"י""ח",140,ל  גרם,false,1,4.50,3.21,false,1,
7290016106855,false,תירס גמדי 410ג טעמן,טעמן שווק מזון בעמ,,,"י""ח",340,ל  גרם,false,1,7.90,2.32,false,1,
7290016114300,false,לילי גליל כפול 16 גלילים,קימברלי קלארק ישראל שיווק בעמ,,,"י""ח",1953,ל  גרם,false,1,42.90,2.20,true,1,
7290016144017,false,"קמח מלא נפלאות 100% 1ק""ג",תה ויסוצקי (ישראל)בעמ,,,"י""ח",1,"ק""ג",false,1,10.90,10.90,true,1,
7290016144055,false,"קמח כוסמין 80%   1ק""ג",תה ויסוצקי (ישראל)בעמ,,,"י""ח",1,"ק""ג",false,1,16.90,16.90,false,1,
7290016144086,false,"קמח חלה 1ק""ג",תה ויסוצקי (ישראל)בעמ,,,"י""ח",1,"ק""ג",false,1,9.90,9.90,false,1,
7290016144116,false,"קמח תופח   1ק""ג",תה ויסוצקי (ישראל)בעמ,,,"י""ח",1,"ק""ג",false,1,11.90,11.90,true,1,
7290016162233,false,עוגיות דיזרט פרמיום סוגים שונים פרווה,קפולסקי אדל בעמ,,,"י""ח",280,ל  גרם,false,1,19.90,7.11,false,1,
7290016188585,false,"יין למברוסקו רוזה חצי יבש 750מ""ל",אגודת הכורמים,,,"י""ח",750,"ל  מ""ל",false,1,24.90,3.28,true,1,
7290016197488,false,מטלית קסם לשיש שלשות.,קימברלי קלארק ישראל שיווק בעמ,,,"י""ח",3,"י""ח",false,1,16.90,5.63,false,1,
7290016197495,false,מטלית קסם לרצפה זוג ניקול.,קימברלי קלארק ישראל שיווק בעמ,,,"י""ח",2,"י""ח",false,1,21.90,10.95,false,1,
7290016197600,false,דיפנד  תחבושות נורמל,קימברלי קלארק ישראל שיווק בעמ,,,"י""ח",1,,false,1,19.90,19.90,true,1,
7290016197617,false,דיפנד תחבושות אקסטרה,קימברלי קלארק ישראל שיווק בעמ,,,"י""ח",1,,false,1,19.90,19.90,true,1,
7290016197624,false,דיפנד  תחבושות  סופר,קימברלי קלארק ישראל שיווק בעמ,,,"י""ח",1,,false,1,19.90,19.90,true,1,
7290016217643,false,חמוצים סיני אסלי 400ג,סלטי שמיר2006בעמ,,,"י""ח",400,ל  גרם,false,1,10.90,2.73,true,1,
7290016217735,false,חציל על האש 200ג,סלטי שמיר2006בעמ,,,"י""ח",200,ל  גרם,false,1,11.90,5.95,true,1,
7290016217742,false,חיצל בטחינה  200ג,סלטי שמיר2006בעמ,,,"י""ח",200,ל  גרם,false,1,11.90,5.95,true,1,
7290016217759,false,חיצל מרוקאי  200ג,סלטי שמיר2006בעמ,,,"י""ח",200,ל  גרם,false,1,12.90,6.45,true,1,
7290016245929,false,לחם טחינה עשיר חלבון 450ג,נאמן לאורך זמן בעמ,,,"י""ח",450,ל  גרם,false,1,26.90,5.98,false,1,
7290016246209,false,חטיף חלבה וניל 100ג כשלפ,קבוצת אוסם סחר-שות.מוגבלת,,,"י""ח",100,ל  גרם,false,1,3.90,3.90,false,1,
7290016246308,false,מאגדת חטיפי חלבה וניל קוקוס  126גר,קבוצת אוסם סחר-שות.מוגבלת,,,"י""ח",126,ל  גרם,false,1,11.90,9.44,false,1,
7290016276763,false,מעדן שזיף 100% רכיבים פרי 284גר ללא,דין שיווק וקליה 2021 בעמ,,,"י""ח",284,ל  גרם,false,1,13.90,4.89,true,1,
7290016276831,false,תבשיל איטריות בטעם בקר 70גר.,דין שיווק וקליה 2021 בעמ,,,"י""ח",70,ל  גרם,false,1,4.90,7,false,1,
7290016276848,false,תבשיל איטריות בטעם עוף 70גר.,דין שיווק וקליה 2021 בעמ,,,"י""ח",70,ל  גרם,false,1,4.90,7,false,1,
7290016276855,false,תבשיל איטריות בטעם ירקות 70גר.,דין שיווק וקליה 2021 בעמ,,,"י""ח",70,ל  גרם,false,1,4.90,7,false,1,
7290016277470,false,שיבולת שועל דקה 350ג,דין שיווק וקליה 2021 בעמ,,,"י""ח",350,ל  גרם,false,1,3.90,1.11,true,1,
7290016321890,false,נ.טואלט לח למובגרים שלישייה פרשוואנס,דנשר (1963) בעמ,,,"י""ח",1,,false,1,13.90,13.90,false,1,
7290016329674,false,"קרם פנים לתינוק קמיל בלו 75מ""ל",פישר תעשיות פרמבצטיות בעמ,,,"י""ח",400,"ל  מ""ל",false,1,24.90,6.23,true,1,
7290016370096,false,זית מרוקאי יבש  A2 יבנה.,קבוצת יבנה מוצרי מזון בעמ,,,"י""ח",1,,false,1,12.90,12.90,false,1,
7290016370225,false,תחתיות ארטישוק 220ג,קבוצת יבנה מוצרי מזון בעמ,,,"י""ח",220,ל  גרם,false,1,7.90,3.59,false,1,
7290016370263,false,מארז חרוזית  200ג *3,קבוצת יבנה מוצרי מזון בעמ,,,"י""ח",600,ל  גרם,false,1,13.90,2.32,false,1,
7290016370270,false,זית קלמטה ללא גלעין A2,קבוצת יבנה מוצרי מזון בעמ,,,"י""ח",560,ל  גרם,false,1,11.90,2.13,false,1,
7290016370959,false,חציל קלוי על האש 580 גרם,קבוצת יבנה מוצרי מזון בעמ,,,"י""ח",58,ל  גרם,false,1,9.90,17.07,false,1,
7290016370973,false,פלפל קלויה גמביה בצנצנת 580 גרם,קבוצת יבנה מוצרי מזון בעמ,,,"י""ח",58,ל  גרם,false,1,9.90,17.07,false,1,
7290016372373,false,רוטב עגבניות 140גר*2יח,תה ויסוצקי (ישראל)בעמ,,,"י""ח",280,ל  גרם,false,1,7.90,2.82,false,1,
7290016372458,false,תה לימונית ולואיזה 50 הגן הקסום,תה ויסוצקי (ישראל)בעמ,,,"י""ח",75,ל  גרם,false,1,33.70,44.93,false,1,
7290016373639,false,פסים חמוצים טעם תפוח 275ג,טעמן שווק מזון בעמ,,,"י""ח",275,ל  גרם,false,1,9.90,3.60,false,1,
7290016373691,false,מקלות חמוצים 20ג תפוח,טעמן שווק מזון בעמ,,,"י""ח",20,ל  גרם,false,1,1.90,9.50,false,1,
7290016373707,false,מקלות חמוצים 20ג אפרסק,טעמן שווק מזון בעמ,,,"י""ח",20,ל  גרם,false,1,1.90,9.50,false,1,
7290016373752,false,טופי3 שכבות תות  500ג טריבלה,טעמן שווק מזון בעמ,,,"י""ח",500,ל  גרם,false,1,22.90,4.58,false,1,
7290016373806,false,"לקקנים צובע פה 504ג בד""צ",טעמן שווק מזון בעמ,,,"י""ח",500,ל  גרם,false,1,19.90,3.98,false,1,
7290016400168,false,שקיות צליה 10יח שווה,ח.כהן סוכנות מזון ומשקאות בע,,,"י""ח",10,"י""ח",false,1,4.90,0.49,true,1,
7290016400175,false,שקיות צליה ענק 5יח שווה,ח.כהן סוכנות מזון ומשקאות בע,,,"י""ח",10,"י""ח",false,1,4.90,0.49,true,1,
7290016400243,false,מפיות נייר תלת שכבתי מעוטרות 20יח שווה,ח.כהן סוכנות מזון ומשקאות בע,,,"י""ח",10,"י""ח",false,1,6.90,0.69,true,1,
7290016400267,false,שיפודי יקיטורי 50יח שווה,ח.כהן סוכנות מזון ומשקאות בע,,,"י""ח",1,"י""ח",false,1,6.90,6.90,false,1,
7290016400311,false,קיסמי שיניים מלחיה 300יח שווה,ח.כהן סוכנות מזון ומשקאות בע,,,"י""ח",1,,false,1,3.90,3.90,false,1,
7290016400328,false,קיסמי שיניים חבת 500יח שווה,ח.כהן סוכנות מזון ומשקאות בע,,,"י""ח",1,,false,1,3.90,3.90,false,1,
7290016400380,false,גפרורים ארוך שווה,ח.כהן סוכנות מזון ומשקאות בע,,,"י""ח",10,"י""ח",false,1,6.90,0.69,true,1,
7290016400403,false,שקיות שחור 75/90 גליל 50יח  שווה,ח.כהן סוכנות מזון ומשקאות בע,,,"י""ח",50,"י""ח",false,1,14.90,0.30,false,1,
7290016400434,false,אשפתון גופיה 75/90 חזק אפור 25יח שווה,ח.כהן סוכנות מזון ומשקאות בע,,,"י""ח",25,"י""ח",false,1,17.90,0.72,true,1,
7290016400502,false,גפרורים 10 חדש שווה,ח.כהן סוכנות מזון ומשקאות בע,,,"י""ח",10,"י""ח",false,1,4,0.40,false,1,
7290016400632,false,רשת צלייה קטנה  שווה,ח.כהן סוכנות מזון ומשקאות בע,,,"י""ח",1,"י""ח",false,1,19.90,19.90,false,1,
7290016400793,false,מפיות נייר 100יח שווה,ח.כהן סוכנות מזון ומשקאות בע,,,"י""ח",100,"י""ח",false,1,5.90,0.06,true,1,
7290016401141,false,טורטיה תירס 1/8 320ג שווה,ח.כהן סוכנות מזון ומשקאות בע,,,"י""ח",320,ל  גרם,false,1,10.90,3.41,true,1,
7290016401158,false,נודלס דקות 200ג שווה,ח.כהן סוכנות מזון ומשקאות בע,,,"י""ח",200,ל  גרם,false,1,5.90,2.95,false,1,
7290016401165,false,נודלס רחבות 200ג שווה,ח.כהן סוכנות מזון ומשקאות בע,,,"י""ח",200,ל  גרם,false,1,5.90,2.95,false,1,
7290016401257,false,"קרם קוקוס 400מ""ל 21-22% שווה",ח.כהן סוכנות מזון ומשקאות בע,,,"י""ח",400,"ל  מ""ל",false,1,9.90,2.48,false,1,
7290016401295,false,"רוטב צילי מתוק 700מ""ל שווה",ח.כהן סוכנות מזון ומשקאות בע,,,"י""ח",700,"ל  מ""ל",false,1,11.90,1.70,false,1,
7290016401400,false,פטריות  שלמות  400ג  שווה,ח.כהן סוכנות מזון ומשקאות בע,,,"י""ח",400,ל  גרם,false,1,8.90,2.23,false,1,
7290016401509,false,חומץ 1ליטר 5% שווה,ח.כהן סוכנות מזון ומשקאות בע,,,"י""ח",1,ליטר,false,1,5.90,5.90,false,1,
7290016401578,false,זוג רדיד אלומיניום ארוך  שווה,ח.כהן סוכנות מזון ומשקאות בע,,,"י""ח",1,"י""ח",false,1,14.90,14.90,false,1,
7290016401585,false,זוג רדיד אלומיניות קצר   שווה,ח.כהן סוכנות מזון ומשקאות בע,,,"י""ח",1,"י""ח",false,1,10.90,10.90,false,1,
7290016401592,false,זוג ניילון נצמד ביתי  שווה,ח.כהן סוכנות מזון ומשקאות בע,,,"י""ח",1,"י""ח",false,1,11.90,11.90,true,1,
7290016401677,false,נרונים 6שעות 72יח,ח.כהן סוכנות מזון ומשקאות בע,,,"י""ח",72,"י""ח",false,1,27.90,0.39,false,1,
7290016401714,false,קש שחור עבה 125יח שווה,ח.כהן סוכנות מזון ומשקאות בע,,,"י""ח",125,"י""ח",false,1,8.90,0.07,false,1,
7290016401806,false,תבניות לחלה עבות במיוחד 4* שווה,ח.כהן סוכנות מזון ומשקאות בע,,,"י""ח",4,"י""ח",false,1,9.90,2.48,true,1,
7290016401844,false,תבניות רוסטר גדול עבות במיוחד 2* שוו,ח.כהן סוכנות מזון ומשקאות בע,,,"י""ח",2,"י""ח",false,1,9.90,4.95,true,1,
7290016401899,false,מטליות מיקרופייבר 1/10 ניקוי כללי,ח.כהן סוכנות מזון ומשקאות בע,,,"י""ח",10,"י""ח",false,1,18.90,1.89,false,1,
7290016401905,false,שקיות לפח קטן 40/45 שווה,ח.כהן סוכנות מזון ומשקאות בע,,,"י""ח",10,"י""ח",false,1,9.90,0.99,false,1,
7290016401929,false,שקיות אוכל עם ידיות 200יח שווה,ח.כהן סוכנות מזון ומשקאות בע,,,"י""ח",200,"י""ח",false,1,7.90,0.04,false,1,
7290016408980,false,מטבעות שוקולד חלב 36 גרם,כרמית תעשיות ממתקים בעמ,,,"י""ח",36,ל  גרם,false,1,3.90,10.83,true,1,
7290016416961,false,מוס גבינה תות שדה  400ג,קפולסקי אדל בעמ,,,"י""ח",400,ל  גרם,false,1,44.90,11.23,false,1,
7290016416992,false,עוגת דובוש בסקוויטים 400ג,קפולסקי אדל בעמ,,,"י""ח",400,ל  גרם,false,1,44.90,11.23,false,1,
7290016437645,false,האגיס פנס מידה  -325יח,קימברלי קלארק ישראל שיווק בעמ,,,"י""ח",1,"י""ח",false,1,49.90,49.90,true,1,
7290016509786,false,פרסיל ג ל ירוק  2.5ליטר,גורי שיווק בעמ,,,"י""ח",2.50,ליטר,false,1,34.90,13.96,false,1,
7290016509809,false,פרסיל ג ל קולור 2.5ליטר,גורי שיווק בעמ,,,"י""ח",2.50,ליטר,false,1,34.90,13.96,false,1,
7290016517286,false,ספגטי חיטה מלאה 500ג שדות,אחים אגא (א.מ.) שיווק,,,"י""ח",500,ל  גרם,false,1,4.30,0.86,false,1,
7290016517293,false,פסטה מסולוסלת חיטה מלאה 500ג שדות,אחים אגא (א.מ.) שיווק,,,"י""ח",500,ל  גרם,false,1,4.30,0.86,false,1,
7290016517415,false,"קמח חיטה 100% 1ק""ג",אחים אגא (א.מ.) שיווק,,,"י""ח",1,"ק""ג",false,1,6.90,6.90,false,1,
7290016517446,false,"קמח כוסמין לבן 1ק""ג",אחים אגא (א.מ.) שיווק,,,"י""ח",1,"ק""ג",false,1,12.90,12.90,false,1,
7290016517453,false,"קמח לבן מנופה שדות 1ק""ג",אחים אגא (א.מ.) שיווק,,,"י""ח",1,"ק""ג",false,1,7.90,7.90,true,1,
7290016517538,false,תירס גמדי 410ג שדות,אחים אגא (א.מ.) שיווק,,,"י""ח",410,ל  גרם,false,1,7.20,1.76,false,1,
7290016524871,false,במיה קפוא  אקסטרא מינימחפוד 500 גרם,עת -רן (1996) בעמ,,,"י""ח",500,ל  גרם,false,1,14.90,2.98,false,1,
7290016564006,false,מבריקל הפלא ספוג שלישייה לכלים,ח.כהן סוכנות מזון ומשקאות בע,,,"י""ח",1,,false,1,11.90,11.90,false,1,
7290016667325,false,אטבי כביסה דלמטי 9יח,נאמן לאורך זמן בעמ,,,"י""ח",1,,false,1,6.90,6.90,false,1,
7290016667479,false,פריכיות כוסמת 130ג,נאמן לאורך זמן בעמ,,,"י""ח",130,ל  גרם,false,1,8.90,6.85,false,1,
7290016682243,false,מיץ אשכולית אדומה סחוט 100% 1ל,תנובה בעמ ***,,,"י""ח",1,ליטר,false,1,14.50,14.50,true,1,
7290016682328,false,פריניב מיץ תפוזים 2ליטר 100%.,תנובה בעמ ***,,,"י""ח",2,ליטר,false,1,21.90,10.80,false,1,
7290016682342,false,תפוז וולניה סחוט 100% 2ל.,תנובה בעמ ***,,,"י""ח",2,ליטר,false,1,28.60,14.15,true,1,
7290016682359,false,תפוז שמוטי סחוט 100% 2ל.,תנובה בעמ ***,,,"י""ח",2,ליטר,false,1,28.50,14.10,true,1,
7290016682366,false,פריניב מיץ תפוחים צלול 2 ליטר.,תנובה בעמ ***,,,"י""ח",2,ליטר,false,1,23.20,11.45,false,1,
7290016682380,false,מיץ לימונדה לואיזה ולימון גראס 2 ליטר.,תנובה בעמ ***,,,"י""ח",2,ליטר,false,1,20.90,10.30,false,1,
7290016682441,false,מיץ תפוזים סחוט עשוי מרכז 1ל,תנובה בעמ ***,,,"י""ח",1,ליטר,false,1,13.90,13.90,false,1,
7290016717044,false,סלקטד לבן יאנג  BUZZ מנגו,אגודת הכורמים,,,"י""ח",750,"ל  מ""ל",false,1,27.90,3.68,true,1,
7290016717051,false,סלקטד יאנג  BUZZ מוסקטו רימון,אגודת הכורמים,,,"י""ח",750,"ל  מ""ל",false,1,27.90,3.68,true,1,
7290016717099,false,סלקטד אדום חצי יבש   0.75 ל,אגודת הכורמים,,,"י""ח",750,"ל  מ""ל",false,1,29.90,3.95,true,1,
7290016717754,false,"יין ישן נושן  750מ""ל",אגודת הכורמים,,,"י""ח",750,"ל  מ""ל",false,1,20.90,2.75,true,1,
7290016866445,false,תערובת קמח תופח 500גר ללא גלוטן,גורי מוצרי צריכה בעמ,,,"י""ח",500,ל  גרם,false,1,16.90,3.38,false,1,
7290016912494,false,"אפקטיב קר תרחיץ פנים 180מ""ל",פישר תעשיות פרמבצטיות בעמ,,,"י""ח",180,"ל  מ""ל",false,1,16.90,9.39,false,1,
7290016967074,false,לחם אנגיל חיטה מלאה 750גר,שלמה א.אנג ל בעמ,,,"י""ח",750,ל  גרם,false,1,16.90,2.25,false,1,
7290017004433,false,פתי בר 500גר פינטולה,2121 ייבוא וסחר,,,"י""ח",5,"ק""ג",false,1,8.90,1.78,true,1,
7290017004785,false,פסטה קרניים 500גר פנטולה,מ.ר. ניאוברנד בעמ,,,"י""ח",500,ל  גרם,false,1,4.90,0.98,true,1,
7290017004792,false,פסטה פנה 500גר פנטולה,מ.ר. ניאוברנד בעמ,,,"י""ח",500,ל  גרם,false,1,4.90,0.98,true,1,
7290017004808,false,פסטה פוזילי 500גר פנטולה,מ.ר. ניאוברנד בעמ,,,"י""ח",500,ל  גרם,false,1,4.90,0.98,true,1,
7290017004815,false,ספגטי 500גר פנטולה,מ.ר. ניאוברנד בעמ,,,"י""ח",500,ל  גרם,false,1,4.90,0.98,true,1,
7290017004877,false,טחינה  גולמית 500ג מחנה יהודה,אחדות בעמ,,,"י""ח",500,ל  גרם,false,1,14.90,2.98,true,1,
7290017023199,false,"שוופס מוגז תות ליים   330מ""ל",יפאורה שותפות מוגבלת לשיווק,,,"י""ח",330,"ל  מ""ל",false,1,5.50,1.58,false,1,
7290017023205,false,"שוופס מוגז ענב   330מ""ל",יפאורה שותפות מוגבלת לשיווק,,,"י""ח",330,"ל  מ""ל",false,1,5.50,1.58,false,1,
7290017023229,false,"שוופס מוגז תות ליים  330מ""ל 1/4",יפאורה שותפות מוגבלת לשיווק,,,"י""ח",1.32,ליטר,false,1,14.70,10.23,true,1,
7290017023236,false,"שוופס מוגז ענב  330מ""ל 1/4",יפאורה שותפות מוגבלת לשיווק,,,"י""ח",1.32,ליטר,false,1,14.70,10.23,true,1,
7290017023854,false,"סודה שוופס 250מ""ל 1/4",יפאורה שותפות מוגבלת לשיווק,,,"י""ח",1,ליטר,false,1,13.10,13.10,true,1,
7290017023878,false,"סודה שוופס נענע ליים  250מ""ל 1/4",יפאורה שותפות מוגבלת לשיווק,,,"י""ח",1,ליטר,false,1,13.10,13.10,true,1,
7290017062662,false,מרכך כביסה מרוכז כתום 1 ל`טאצ`,סאסאטק אגשח בעמ,,,"י""ח",1,ליטר,false,1,14.90,14.90,true,1,
7290017062686,false,מרכך כביסה מרוכז בייבי  1 ל`טאצ`.,סאסאטק אגשח בעמ,,,"י""ח",1,ליטר,false,1,14.90,14.90,true,1,
7290017062723,false,מרכך כביסה מרוכז ירוק 1 ל`טאצ`,סאסאטק אגשח בעמ,,,"י""ח",1,ליטר,false,1,14.90,14.90,true,1,
7290017062747,false,"נוזל כלים תפוח 36% 750מ""ל טאץ",סאסאטק אגשח בעמ,,,"י""ח",750,"ל  מ""ל",false,1,10.90,1.45,true,1,
7290017062754,false,"נוזל כלים לימון 36% 750מ""ל טאץ",סאסאטק אגשח בעמ,,,"י""ח",750,"ל  מ""ל",false,1,10.90,1.45,true,1,
7290017062976,false,טאצ מטליות רצפה חד פעמי גרניט פורצלן,סאסאטק אגשח בעמ,,,"י""ח",10,"י""ח",false,1,11.90,1.19,true,1,
7290017065137,false,ריקוטה למריחה 5% טבעית,מחלבות גד,,,"י""ח",200,ל  גרם,false,1,10.90,5.45,false,1,
7290017065304,false,שמנת ניו יורק 30% טבעית 200ג,מחלבות גד,,,"י""ח",200,ל  גרם,false,1,12.90,6.45,false,1,
7290017065700,false,לאבנה 9% 500גר,מחלבות גד,,,"י""ח",500,ל  גרם,false,1,20.90,4.18,false,1,
7290017065786,false,גבינה צ`דר 210גר,מחלבות גד,,,"י""ח",210,ל  גרם,false,1,19.90,9.48,false,1,
7290017068367,false,שמרים יבשים  125  גרם,מיה תעשיות מזון מ.ת.מ בעמ,,,"י""ח",125,ל  גרם,false,1,3.90,3.12,false,1,
7290017068374,false,שמרים יבשים  500 גרם,מיה תעשיות מזון מ.ת.מ בעמ,,,"י""ח",500,ל  גרם,false,1,11.90,2.38,false,1,
7290017068879,false,חמאת בוטנים טבעית  510ג,מיה תעשיות מזון מ.ת.מ בעמ,,,"י""ח",510,ל  גרם,false,1,9.90,1.94,false,1,
7290017068893,false,סוכריות ג`לי דגיגים בציפוי סוכר 350גר,מיה תעשיות מזון מ.ת.מ בעמ,,,"י""ח",350,ל  גרם,false,1,14.90,4.26,false,1,
7290017068985,false,שיבולת שועל מלאה עבה  500 ג,מיה תעשיות מזון מ.ת.מ בעמ,,,"י""ח",500,ל  גרם,false,1,10,2,true,1,
7290017068992,false,ערמונים 100ג,מיה תעשיות מזון מ.ת.מ בעמ,,,"י""ח",100,ל  גרם,false,1,6.90,6.90,false,1,
7290017079677,false,שוקולד חלב 270ג,טעמן שווק מזון בעמ,,,"י""ח",270,ל  גרם,false,1,11.90,4.41,false,1,
7290017079714,false,שוקולד חלב עם בוטנים  270ג,טעמן שווק מזון בעמ,,,"י""ח",270,ל  גרם,false,1,11.90,4.41,false,1,
7290017079806,false,שוקולד חלב 100ג,טעמן שווק מזון בעמ,,,"י""ח",100,ל  גרם,false,1,4.90,4.90,false,1,
7290017079967,false,"סרדינים בד""ץ בשמן קנולה 125ג",טעמן שווק מזון בעמ,,,"י""ח",125,ל  גרם,false,1,5.90,4.72,false,1,
7290017088068,false,חיתולי בייביסיטר  מידה 4 42יח,שקד תבל בעמ,,,"י""ח",1,,false,1,34.90,34.90,true,1,
7290017088075,false,חיתולי בייביסיטר  מידה 4+ 40יח,שקד תבל בעמ,,,"י""ח",1,,false,1,34.90,34.90,true,1,
7290017088082,false,חיתולי בייביסיטר  מידה 5 36יח,שקד תבל בעמ,,,"י""ח",1,,false,1,34.90,34.90,true,1,
7290017088969,false,חיתולי בייביסיטר ניו בורן מידה1,שקד תבל בעמ,,,"י""ח",42,"י""ח",false,1,29.90,0.71,true,1,
7290017088983,false,חיתולי בייביסיטר ניו בורן מידה 2,שקד תבל בעמ,,,"י""ח",38,"י""ח",false,1,29.90,0.79,true,1,
7290017094830,false,סלט גזר ברוטב פיקנטי אסלי 400ג,סלטי שמיר2006בעמ,,,"י""ח",400,ל  גרם,false,1,10.90,2.73,true,1,
7290017094847,false,סלט תפוחי אדמה אסלי 400ג,סלטי שמיר2006בעמ,,,"י""ח",400,ל  גרם,false,1,10.90,2.73,true,1,
7290017094861,false,חומוס עם רוטב מסבחה אסלי 400ג,סלטי שמיר2006בעמ,,,"י""ח",400,ל  גרם,false,1,9.90,2.48,true,1,
7290017100425,false,כפפות לטקס XL עם אבקה Perfect,ח.כהן סוכנות מזון ומשקאות בע,,,"י""ח",100,"י""ח",false,1,19.90,0.20,true,1,
7290017121093,false,אריסה חריפה 250גר,"שטראוס גרופ ***בע""מ",,,"י""ח",250,ל  גרם,false,1,14.90,5.96,true,1,
7290017129495,false,אגו מיקס כדורי תירס מצופים ש. חלב 55ג,כרמית תעשיות ממתקים בעמ,,,"י""ח",55,ל  גרם,false,1,3.90,7.09,true,1,
7290017129501,false,אגו מיקס כדורי תירס מצופים ש. לבן 55ג,כרמית תעשיות ממתקים בעמ,,,"י""ח",55,ל  גרם,false,1,3.90,7.09,true,1,
7290017129761,false,שוקולד אגו פרמיום תפוז  100ג 70%,כרמית תעשיות ממתקים בעמ,,,"י""ח",100,ל  גרם,false,1,7.90,7.90,true,1,
7290017129778,false,שוקולד אגו פרמיום קפה  100ג 70%,כרמית תעשיות ממתקים בעמ,,,"י""ח",100,ל  גרם,false,1,7.90,7.90,true,1,
7290017129822,false,מטבעות שוקולד מריר 36 גרם,כרמית תעשיות ממתקים בעמ,,,"י""ח",36,ל  גרם,false,1,3.90,10.83,true,1,
7290017129839,false,שוקולד אגו פרמיום פטל  100ג 70%,כרמית תעשיות ממתקים בעמ,,,"י""ח",100,ל  גרם,false,1,7.90,7.90,true,1,
7290017129846,false,מיני קוקיס טעם קרמל  600ג,כרמית תעשיות ממתקים בעמ,,,"י""ח",600,"ס""מ",false,1,16.90,2.82,false,1,
7290017142128,false,"שמן זית כתית עץ הזית  750 מ""ל",סוגת תעשיות בעמ,,,"י""ח",750,"ל  מ""ל",false,1,29.90,3.99,true,1,
7290017142166,false,פילה טונה פרוס עם בשמן זית 120ג עץ הזי,סוגת תעשיות בעמ,,,"י""ח",120,ל  גרם,false,1,14.90,12.42,false,1,
7290017142487,false,בורגול עם גרגירי חומוס עם טונה 160ג,סוגת תעשיות בעמ,,,"י""ח",160,ל  גרם,false,1,13.90,8.69,false,1,
7290017266046,false,וופל קראנץ 30יח גילרו,ח.כהן סוכנות מזון ומשקאות בע,,,"י""ח",30,"י""ח",false,1,18.90,0.63,false,1,
7290017275345,false,טחינה  אחוה גולמית 350ג לחיץ,אחדות בעמ,,,"י""ח",350,ל  גרם,false,1,7.90,2.26,true,1,
7290017289168,false,"יין אדום יבש סדרת ישראלי 750מ""ל",יקבי טפרברג 1870 בעמ,,,"י""ח",750,"ל  מ""ל",false,1,21.90,2.88,false,1,
7290017289175,false,"יין פטיט סירה סדרת ישראלי 750מ""ל.",יקבי טפרברג 1870 בעמ,,,"י""ח",750,"ל  מ""ל",false,1,21.90,2.88,false,1,
7290017297330,false,רוטב עגבניות BX22 260 ג טל וטרי,ויטה- פרי גליל (החדשה) בעמ,,,"י""ח",600,ל  גרם,false,1,3.90,0.65,true,1,
7290017297392,false,תירס  קפוא פרי אדמה 800ג,ויטה פרי גליל (החדשה) בעמ,,,"י""ח",800,ל  גרם,false,1,12.90,1.61,true,1,
7290017297408,false,אפונה עדינה  קפואה פרי אדמה 600ג,ויטה פרי גליל (החדשה) בעמ,,,"י""ח",600,ל  גרם,false,1,14.90,2.48,true,1,
7290017297415,false,אפונה  קפואה פרי אדמה 800ג.,ויטה פרי גליל (החדשה) בעמ,,,"י""ח",800,ל  גרם,false,1,12.90,1.61,true,1,
7290017297422,false,אפונה וגזר  קפוא פרי אדמה 800ג,ויטה פרי גליל (החדשה) בעמ,,,"י""ח",800,ל  גרם,false,1,12.90,1.61,true,1,
7290017297453,false,שעועית שלמה  קפואה פרי אדמה 800ג,ויטה פרי גליל (החדשה) בעמ,,,"י""ח",800,ל  גרם,false,1,12.90,1.61,true,1,
7290017297477,false,פול  קפוא פרי אדמה 800ג,ויטה פרי גליל (החדשה) בעמ,,,"י""ח",800,ל  גרם,false,1,14.90,1.86,true,1,
7290017297491,false,חומוס פרי אדמה 800ג,ויטה פרי גליל (החדשה) בעמ,,,"י""ח",800,ל  גרם,false,1,14.90,1.86,true,1,
7290017297507,false,גזר גמדי פרי אדמה 800ג,ויטה פרי גליל (החדשה) בעמ,,,"י""ח",800,ל  גרם,false,1,12.90,1.61,true,1,
7290017297514,false,לקט ירק מעורב פרי אדמה 700ג,ויטה פרי גליל (החדשה) בעמ,,,"י""ח",700,ל  גרם,false,1,12.90,1.84,true,1,
7290017297552,false,במיה פרי אדמה 600ג,ויטה פרי גליל (החדשה) בעמ,,,"י""ח",600,ל  גרם,false,1,12.90,2.15,true,1,
7290017304885,false,לחם שיפון וחיטה מלאה 750ג,שלמה א.אנג ל בעמ,,,"י""ח",750,ל  גרם,false,1,16.90,2.25,false,1,
7290017477169,false,קשיו 250ג ששון הקולה,דין שיווק וקליה 2021 בעמ,,,"י""ח",250,ל  גרם,false,1,19.90,7.96,false,1,
7290017586007,false,גזר ארוז,ביכורי השדה צפון 1994 ג.ד. בעמ,,,"ק""ג",1,"ק""ג",true,1,3.90,3.90,false,1,
7290017599229,false,םטנט 200 טבליות סוכרלוז,"שטראוס גרופ בע""מ",,,"י""ח",200,"י""ח",false,1,20.90,0.10,true,1,
7290017599236,false,םטנט 200 טבליות סטיוויה,"שטראוס גרופ בע""מ",,,"י""ח",200,"י""ח",false,1,24.90,0.12,true,1,
7290017599274,false,סוכרזית סטיוויה 120שקיות 100גרם,"שטראוס גרופ בע""מ",,,"י""ח",100,ל  גרם,false,1,34.90,34.90,true,1,
7290017617046,false,סטארקיסט רביעייה בשמן זית 140ג,דיפלומט מפיצים (1968) בעמ**,,,"י""ח",560,"ל  מ""ל",false,1,27.90,4.98,false,1,
7290017617084,false,סטארקיסט מיקס טוגו עם שעועית 185ג,דיפלומט מפיצים (1968) בעמ**,,,"י""ח",185,ל  גרם,false,1,13.90,7.51,false,1,
7290017617411,false,סטארקיסט מיקס סלמון עם אורז 160ג,דיפלומט מפיצים (1968) בעמ**,,,"י""ח",80,ל  גרם,false,1,14.90,18.63,false,1,
7290017641720,false,שוקולד מריר %70שברי שקד  100ג,כרמית תעשיות ממתקים בעמ,,,"י""ח",85,ל  גרם,false,1,7.90,9.29,true,1,
7290017641737,false,שוקולד מריר %70שברי אגוז  100ג,כרמית תעשיות ממתקים בעמ,,,"י""ח",85,ל  גרם,false,1,7.90,9.29,true,1,
7290017647425,false,יין גמלא קברנה סוביניון,היכל היין שקד גולן בעמ,,,"י""ח",750,"ל  מ""ל",false,1,69.90,9.28,true,1,
7290017647852,false,"יין ירדן מרלו 2018 750מ""ל",היכל היין שקד גולן בעמ,,,"י""ח",750,"ל  מ""ל",false,1,99.90,13.28,false,1,
7290017677804,false,"רוטב סויה קיקומן 444מ""ל",דיפלומט מפיצים (1968) בעמ**,,,"י""ח",444,"ל  מ""ל",false,1,19.90,4.48,false,1,
7290017682617,false,מגב עם תפסן,*** מ.א.ייצור ויבוא מטליות,,,"י""ח",1,"י""ח",false,1,14.90,14.90,false,1,
7290017724027,false,עוגיות אלפא חורס 300ג,הלל בן הלל שיווק ומסחר בעמ,,,"י""ח",300,ל  גרם,false,1,23.90,7.97,false,1,
7290017724034,false,עוגיות סנדוויץ ריבה 250ג,הלל בן הלל שיווק ומסחר בעמ,,,"י""ח",250,ל  גרם,false,1,23.90,9.56,false,1,
7290017724058,false,מעדן תמר אגוז 250ג,הלל בן הלל שיווק ומסחר בעמ,,,"י""ח",250,ל  גרם,false,1,23.90,9.56,false,1,
7290017724157,false,"מעדן תפו""ע  ללא סוכר 200ג",הלל בן הלל שיווק ומסחר בעמ,,,"י""ח",250,ל  גרם,false,1,23.90,9.56,false,1,
7290017724164,false,אוזניים ללא סוכר 250ג,הלל בן הלל שיווק ומסחר בעמ,,,"י""ח",250,ל  גרם,false,1,23.90,9.56,false,1,
7290017724201,false,ואן גוך   ללא סוכר 250ג,הלל בן הלל שיווק ומסחר בעמ,,,"י""ח",250,ל  גרם,false,1,23.90,9.56,false,1,
7290017724232,false,סומסומיט  200ג,הלל בן הלל שיווק ומסחר בעמ,,,"י""ח",200,ל  גרם,false,1,23.90,11.95,false,1,
7290017724263,false,בטהובן  ללא סוכר 300ג,הלל בן הלל שיווק ומסחר בעמ,,,"י""ח",300,ל  גרם,false,1,23.90,7.97,false,1,
7290017724270,false,אשכול בריאות  ללא סוכר 200ג,הלל בן הלל שיווק ומסחר בעמ,,,"י""ח",200,ל  גרם,false,1,23.90,11.95,false,1,
7290017812052,false,"יין אקסלנס שיראז-קברנה  סוביניון 750מ""",אגודת הכורמים,,,"י""ח",750,"ל  מ""ל",false,1,24.90,3.28,false,1,
7290017812069,false,"יין אקסלנס ריזלינג שרדונה 750מ""",אגודת הכורמים,,,"י""ח",750,"ל  מ""ל",false,1,24.90,3.28,false,1,
7290017812571,false,תירוש אדום 1 ליטר כרמל.,אגודת הכורמים,,,"י""ח",1,ליטר,false,1,19.90,19.90,false,1,
7290017812588,false,תירוש לבן ליטר חדש,אגודת הכורמים,,,"י""ח",1,ליטר,false,1,19.90,19.90,false,1,
7290017812595,false,"ישן נושן-3.5% 750מ""ל",אגודת הכורמים,,,"י""ח",750,"ל  מ""ל",false,1,19,2.49,true,1,
7290017812847,false,סלקטד פרנץ גוורצטרמינר 0.75,אגודת הכורמים,,,"י""ח",750,"ל  מ""ל",false,1,29.90,3.95,true,1,
7290017812977,false,יין אדום יאנג סלקטד BUZZ,אגודת הכורמים,,,"י""ח",750,"ל  מ""ל",false,1,27.90,3.68,true,1,
7290017841502,false,נרות שבת ארוך 72  שווה,ח.כהן סוכנות מזון ומשקאות בע,,,"י""ח",1,"י""ח",false,1,26.90,26.90,false,1,
7290017841632,false,מטליות מיקרופייבר כליי 10יח נשלפות,ח.כהן סוכנות מזון ומשקאות בע,,,"י""ח",10,"י""ח",false,1,16.90,1.69,true,1,
7290017841670,false,ספוג הפלא 6יח איכות שווה,ח.כהן סוכנות מזון ומשקאות בע,,,"י""ח",6,"י""ח",false,1,7.90,1.32,true,1,
7290017841731,false,מטליות מיקרופייבר גדולות במיוחד,ח.כהן סוכנות מזון ומשקאות בע,,,"י""ח",2,"י""ח",false,1,14.90,7.45,false,1,
7290017841755,false,"חומץ יין אדום  500מ""ל בד``ץ שווה",ח.כהן סוכנות מזון ומשקאות בע,,,"י""ח",500,"ל  מ""ל",false,1,15.90,3.18,false,1,
7290017841762,false,"חומץ תפוחי עץ  500מ""ל 5% שווה",ח.כהן סוכנות מזון ומשקאות בע,,,"י""ח",500,"ל  מ""ל",false,1,11.90,2.38,false,1,
7290017842158,false,נייר אפייה  איכותי 40יח שווה,ח.כהן סוכנות מזון ומשקאות בע,,,"י""ח",1,"י""ח",false,1,9.90,9.90,true,1,
7290017842202,false,נייר טישו כיס מארז 10 יח` שווה,ח.כהן סוכנות מזון ומשקאות בע,,,"י""ח",1,,false,1,6.90,6.90,true,1,
7290017842233,false,מקרל בשמן צמחי 125 גרם שווה,ח.כהן סוכנות מזון ומשקאות בע,,,"י""ח",125,"ל  מ""ל",false,1,5.90,4.72,true,1,
7290017842257,false,אנשובי ארוך בפח פלפל צילי שווה,ח.כהן סוכנות מזון ומשקאות בע,,,"י""ח",1,,false,1,5.90,5.90,false,1,
7290017842448,false,אננס שלם 227ג  שווה,ח.כהן סוכנות מזון ומשקאות בע,,,"י""ח",227,ל  גרם,false,1,4.90,2.16,false,1,
7290017842493,false,תירס גמדי 425גר שווה,ח.כהן סוכנות מזון ומשקאות בע,,,"י""ח",425,"ל  מ""ל",false,1,7.90,1.86,false,1,
7290017842561,false,חמאת בוטנים קראנץ 510גר קראנץ שווה,ח.כהן סוכנות מזון ומשקאות בע,,,"י""ח",510,ל  גרם,false,1,11.90,2.33,true,1,
7290017842776,false,מרקיה  חושן מתכלה 20יח שווה,ח.כהן סוכנות מזון ומשקאות בע,,,"י""ח",20,"י""ח",false,1,12.90,0.65,false,1,
7290017842783,false,קערית אובלית חושן 20יח שווה,ח.כהן סוכנות מזון ומשקאות בע,,,"י""ח",20,"י""ח",false,1,8.90,0.45,false,1,
7290017872056,false,פמלי  סבון סדרה לבנה שלישיה.3*500מ,דנשר (1963) בעמ,,,"י""ח",1.50,ליטר,false,1,17.90,11.93,false,1,
7290017873367,false,קרם ידיים פנג`ל ויטליטי לכל סוגי עור 1,דנשר (1963) בעמ,,,"י""ח",10000,"ל  מ""ל",false,1,12.90,0.13,true,1,
7290017873398,false,תחליב גוף פנג`ל ויטליטי לכל סוגי העור4,דנשר (1963) בעמ,,,"י""ח",400,"ל  מ""ל",false,1,26.90,6.73,true,1,
7290017873411,false,קרם גוף פנג`ל ויטליטי לכל סוגי העור 20,דנשר (1963) בעמ,,,"י""ח",200,"ל  מ""ל",false,1,29.90,14.95,true,1,
7290017888026,false,"פרוט ווג אננס תפוח גזר  350מ""ל..",יפאורה שותפות מוגבלת לשיווק,,,"י""ח",350,"ל  מ""ל",false,1,7.50,2.06,true,1,
7290017888095,false,"שוופס מוגז פירות  330מ""ל 1/4.",יפאורה שותפות מוגבלת לשיווק,,,"י""ח",1.32,ליטר,false,1,13.20,9.09,true,1,
7290017888354,false,"מי עדן  750 מ""ל בודד",יפאורה שותפות מוגבלת לשיווק,,,"י""ח",750,"ל  מ""ל",false,1,4.20,0.52,true,1,
7290017888644,false,"פרוט ווג אננס בננה כורכום 350מ""ל",יפאורה שותפות מוגבלת לשיווק,,,"י""ח",350,"ל  מ""ל",false,1,7.50,2.06,true,1,
7290017888729,false,סודה שוופס 1ל,יפאורה שותפות מוגבלת לשיווק,,,"י""ח",1,ליטר,false,1,4.50,4.50,true,1,
7290017888972,false,מי עדן 1ל פקק ספורט בודד,יפאורה שותפות מוגבלת לשיווק,,,"י""ח",1,ליטר,false,1,3.90,3.90,false,1,
7290017917382,false,אל סבון נוזלי להרגעת העור קמיל 1ליטר,פישר תעשיות פרמבצטיות בעמ,,,"י""ח",1,ליטר,false,1,15.90,15.90,true,1,
7290017917405,false,מגבוני פוליאסטר לשימוש בשבת 40יח,פישר תעשיות פרמבצטיות בעמ,,,"י""ח",1,,false,1,9.90,9.90,false,1,
7290017917467,false,קמיל בלו אל סבון שיבולת שועל 1ליטר,פישר תעשיות פרמבצטיות בעמ,,,"י""ח",1,ליטר,false,1,32.90,32.90,true,1,
7290017928036,false,מאיר בייגל מקלות גריסיני שומשום 175גר,דנשר (1963) בעמ,,,"י""ח",175,ל  גרם,false,1,12.90,7.37,true,1,
7290017928043,false,מאיר בייגל מקלות גריסיני קראנץ מלח 175,דנשר (1963) בעמ,,,"י""ח",175,ל  גרם,false,1,12.90,7.37,true,1,
7290017928098,false,מאיר בייגל שטוחלה מלח  300גר,דנשר (1963) בעמ,,,"י""ח",300,ל  גרם,false,1,11.90,3.97,true,1,
7290017928807,false,מאיר בייגל אצבעות שומשום 300גר,דנשר (1963) בעמ,,,"י""ח",300,ל  גרם,false,1,12.90,4.30,true,1,
7290017938264,false,חומוס עם חריף 200 גרם,סלטי שמיר2006בעמ,,,"י""ח",200,ל  גרם,false,1,7.90,3.95,true,1,
7290017947105,false,לחם אנגיל בסגנון אמריקה 500גר,שלמה א.אנג ל בעמ,,,"י""ח",500,ל  גרם,false,1,14.90,2.98,false,1,
7290017947341,false,חלה בגט אנגל.,שלמה א.אנג ל בעמ,,,"י""ח",500,ל  גרם,false,1,13.90,2.78,false,1,
7290017947457,false,חלה קלועה כוסמין]אנגל[ה 500גר,שלמה א.אנג ל בעמ,,,"י""ח",500,ל  גרם,false,1,16.90,3.38,false,1,
7290017947464,false,פיתות כוסמין מארז 8 יח אנגל,שלמה א.אנג ל בעמ,,,"י""ח",8,"י""ח",false,1,14.90,1.86,true,1,
7290017947495,false,לחמניות כוסמין שישייה,שלמה א.אנג ל בעמ,,,"י""ח",450,ל  גרם,false,1,15.90,3.53,false,1,
7290017947891,false,לחם אנגיל כוסמין וחיטה מלאה 750גר,שלמה א.אנג ל בעמ,,,"י""ח",750,ל  גרם,false,1,15.90,2.12,false,1,
7290017947921,false,לחמניות  להמבורגר 450גר.,שלמה א.אנג ל בעמ,,,"י""ח",450,ל  גרם,false,1,12.90,2.87,false,1,
7290017947938,false,מארז 8 מיני לחמניות המבורגר אמריקה,שלמה א.אנג ל בעמ,,,"י""ח",400,ל  גרם,false,1,14.90,3.73,false,1,
7290017969350,false,פתיל צף,צבע ומכחול (2014) בעמ,,,"י""ח",1,,false,1,6.90,6.90,false,1,
7290017978215,false,קרמבו מוקה  16  יחידות(ריאו).,ריאו נתניה ביחר לגלידה,,,"י""ח",16,"י""ח",false,1,21.90,1.37,false,1,
7290018029206,false,עוגיות כתר ריבה מיקס 600 גרם,שיבולים ייצור ושיווק מאפה בעמ,,,"י""ח",600,ל  גרם,false,1,19.90,3.32,false,1,
7290018045503,false,דגנ בוקר הלו קיטי לבבות 311גר,ר.ב. מוצרי דגנים בעמ,,,"י""ח",311,ל  גרם,false,1,23.90,7.68,false,1,
7290018091029,false,"מקלות פילו תפו""א  450ג קפוא",תנובה בשר,,,"י""ח",450,ל  גרם,false,1,17.30,3.84,false,1,
7290018132388,false,"מטרנה גולד שלב 2 700גר בד""ץ",קבוצת אוסם סחר-שות.מוגבלת,,,"י""ח",700,ל  גרם,false,1,75.90,10.84,true,1,
7290018132425,false,"מטרנה גולד שלב 3 700גר בד""ץ",קבוצת אוסם סחר-שות.מוגבלת,,,"י""ח",700,ל  גרם,false,1,75.90,10.84,true,1,
7290018132487,false,"מטרנה גולד טו גו שלב 2 135גר בד""ץ",קבוצת אוסם סחר-שות.מוגבלת,,,"י""ח",135,ל  גרם,false,1,15.80,11.70,false,1,
7290018194225,false,"סודה ספארק 250מ""ל בודד",בני פאוזי שמשום (2009) בעמ,,,"י""ח",250,"ל  מ""ל",false,1,2.90,1.04,true,1,
7290018195499,false,אבקת אפיה 100ג,טעמן שווק מזון בעמ,,,"י""ח",100,ל  גרם,false,1,2.90,2.90,true,1,
7290018195505,false,סוכר וניל 100ג,טעמן שווק מזון בעמ,,,"י""ח",100,ל  גרם,false,1,2.90,2.90,true,1,
7290018237489,false,עוף טוב דק דק פסטרמה ברביקיו 220גר.,קבוצת אוסם סחר-שות.מוגבלת,,,"י""ח",220,ל  גרם,false,1,21.90,9.95,false,1,
7290018237922,false,שניצלונים ציפוי צ`יפס ]עוף  טוב[,קבוצת אוסם סחר-שות.מוגבלת,,,"י""ח",700,ל  גרם,false,1,14.90,2.13,true,1,
7290018237939,false,שניצלונים]עוף  טוב[.,קבוצת אוסם סחר-שות.מוגבלת,,,"י""ח",700,ל  גרם,false,1,14.90,2.13,true,1,
7290018294000,false,K.D  רוזה,אגודת הכורמים,,,"י""ח",750,"ל  מ""ל",false,1,21.90,2.88,true,1,
7290018294192,false,PC בלנד היינן 0.75 ל,אגודת הכורמים,,,"י""ח",750,"ל  מ""ל",false,1,39.90,5.28,true,1,
7290018294208,false,סלקטד אדום ישראלי 0.75,אגודת הכורמים,,,"י""ח",750,"ל  מ""ל",false,1,29.90,3.95,true,1,
7290018294901,false,"מונלייט אדום יבש 750מ""ל",אגודת הכורמים,,,"י""ח",750,"ל  מ""ל",false,1,45.90,6.08,true,1,
7290018333112,false,אריזת טופי אצבעות מיקס 402ג,כרמית תעשיות ממתקים בעמ,,,"י""ח",402,ל  גרם,false,1,11.90,2.96,false,1,
7290018333181,false,אגו רוקס שוק.חלב אגוזים וקורנפלקס 100ג,כרמית תעשיות ממתקים בעמ,,,"י""ח",100,ל  גרם,false,1,10.90,10.90,false,1,
7290018333945,false,חטיף אגוזים רפאלס שקד ווניל 150ג,כרמית תעשיות ממתקים בעמ,,,"י""ח",150,ל  גרם,false,1,15.90,10.60,false,1,
7290018333952,false,חטיף אגוזים רפאלס וחמוציות  150ג,כרמית תעשיות ממתקים בעמ,,,"י""ח",150,ל  גרם,false,1,15.90,10.60,false,1,
7290018333976,false,חטיף אגוזים רפאלס קשיו וקוקוס  150ג,כרמית תעשיות ממתקים בעמ,,,"י""ח",150,ל  גרם,false,1,15.90,10.60,false,1,
7290018359129,false,עגבניה פולפה חתוכות מקולפות דק יכין690.,זנלכל בעמ,,,"י""ח",690,ל  גרם,false,1,9.90,1.43,false,1,
7290018359495,false,תירס מהשדה ללא תוספת סוכר 550ג יכין,זנלכל בעמ,,,"י""ח",550,ל  גרם,false,1,9.90,1.80,false,1,
7290018359686,false,~חומוס ענק יכין 550ג,זנלכל בעמ,,,"י""ח",520,ל  גרם,false,1,10.90,2.10,false,1,
7290018359884,false,פולפה ליקופן טבעית 2*400גר יכין A1.,זנלכל בעמ,,,"י""ח",800,ל  גרם,false,1,16.90,2.11,true,1,
7290018440438,false,טונה בשמן זית שלישיה *65גרם,תה ויסוצקי (ישראל)בעמ,,,"י""ח",195,ל  גרם,false,1,26.90,13.79,true,1,
7290018440513,false,סלט קליפורניה עם טונה  150ג,תה ויסוצקי (ישראל)בעמ,,,"י""ח",150,ל  גרם,false,1,13.90,9.27,true,1,
7290018440896,false,חליטת גינגר כורכום גן קסום,תה ויסוצקי (ישראל)בעמ,,,"י""ח",67.50,ל  גרם,false,1,17.90,26.52,true,1,
7290018443323,false,כוסברה מהדרין שמיטה,ביכורי השדה צפון 1994 ג.ד. בעמ,,,"י""ח",1,,false,1,6.90,6.90,true,1,
7290018443330,false,פטרוזיליה מהדרין שמיטה,ביכורי השדה צפון 1994 ג.ד. בעמ,,,"י""ח",1,,false,1,6.90,6.90,true,1,
7290018443347,false,שמיר מהדרין שמיטה,ביכורי השדה צפון 1994 ג.ד. בעמ,,,"י""ח",1,,false,1,6.90,6.90,true,1,
7290018443354,false,נענע מהדרין שמיטה,ביכורי השדה צפון 1994 ג.ד. בעמ,,,"י""ח",1,,false,1,6.90,6.90,true,1,
7290018443361,false,סלרי עלים מהדרין שמיטה,ביכורי השדה צפון 1994 ג.ד. בעמ,,,"י""ח",1,,false,1,6.90,6.90,true,1,
7290018443385,false,חסה מהדרין שמיטה,ביכורי השדה צפון 1994 ג.ד. בעמ,,,"י""ח",1,,false,1,6.90,6.90,true,1,
7290018443408,false,כרוב לבן בשקית מהדרין שמיטה,ביכורי השדה צפון 1994 ג.ד. בעמ,,,"ק""ג",1,,true,1,16.90,16.90,false,1,
7290018443446,false,נבטים סיניים ברכת קטיף,ביכורי השדה צפון 1994 ג.ד. בעמ,,,"י""ח",1,,false,1,8.90,8.90,false,1,
7290018443453,false,פלפל מיני  קראנץ.,ביכורי השדה צפון 1994 ג.ד. בעמ,,,"י""ח",1,,false,1,9.90,9.90,false,1,
7290018443460,false,נבטים אלפלפא שמיטה,ביכורי השדה צפון 1994 ג.ד. בעמ,,,"י""ח",1,,false,1,8.90,8.90,false,1,
7290018443705,false,לבבות קיסר,ביכורי השדה צפון 1994 ג.ד. בעמ,,,"י""ח",1,"ק""ג",false,1,11.90,11.90,true,1,
7290018443866,false,חסה לליק,ביכורי השדה צפון 1994 ג.ד. בעמ,,,"י""ח",100,ל  גרם,false,1,11.90,11.90,true,1,
7290018471029,false,סודה  טעם לימון שוופס 0.5ל שישייה,יפאורה שותפות מוגבלת לשיווק,,,"י""ח",300,"ל  מ""ל",false,1,13.90,4.03,false,1,
7290018471180,false,פרוט  ווג`אננס תפוח גזר 1ליטר,יפאורה שותפות מוגבלת לשיווק,,,"י""ח",1,ליטר,false,1,12.90,12.90,false,1,
7290018471197,false,פרוט  ווג`תפוח בננה מלון נענע 1ליטר,יפאורה שותפות מוגבלת לשיווק,,,"י""ח",1,ליטר,false,1,12.90,12.90,false,1,
7290018471210,false,ספרינג נקטר אגס סברס תפוח 1ליטר קרטוני,יפאורה שותפות מוגבלת לשיווק,,,"י""ח",1,ליטר,false,1,6.90,6.90,true,1,
7290018471395,false,פרוט  ווג` סלק רימון גזר,יפאורה שותפות מוגבלת לשיווק,,,"י""ח",1,ליטר,false,1,12.90,12.90,false,1,
7290018471401,false,פרוט  ווג`אננס בננה כורכום 1ליטר,יפאורה שותפות מוגבלת לשיווק,,,"י""ח",1,ליטר,false,1,12.90,12.90,false,1,
7290018471449,false,ספרינג שייק בננה תמר תפוז קרטונית 1,יפאורה שותפות מוגבלת לשיווק,,,"י""ח",1,ליטר,false,1,11.60,11.60,true,1,
7290018471463,false,תפוזינה נקטר תפוז מנגו 1ל קרטון,יפאורה שותפות מוגבלת לשיווק,,,"י""ח",1,ליטר,false,1,8.10,8.10,false,1,
7290018471470,false,תפוזינה נקטר תפוז פסיפלורה 1ל קרטון,יפאורה שותפות מוגבלת לשיווק,,,"י""ח",1,ליטר,false,1,8.10,8.10,false,1,
7290018471487,false,תפוזינה נקטר תפוז אננס 1ל קרטון,יפאורה שותפות מוגבלת לשיווק,,,"י""ח",1,ליטר,false,1,8.10,8.10,false,1,
7290018471739,false,משקה אלוורה קינג פטל 1ליטר,יפאורה שותפות מוגבלת לשיווק,,,"י""ח",1,ליטר,false,1,11,11,false,1,
7290018471906,false,שוופס מוגז פירות לימונדה ורודה   1.5ל,יפאורה שותפות מוגבלת לשיווק,,,"י""ח",1.50,ליטר,false,1,8.80,5.67,true,1,
7290018471913,false,שוופס מוגז פירות תפוחים 1.5ל,יפאורה שותפות מוגבלת לשיווק,,,"י""ח",1.50,ליטר,false,1,8.80,5.67,true,1,
7290018471920,false,שוופס מוגז פירות ענבים 1.5ל,יפאורה שותפות מוגבלת לשיווק,,,"י""ח",1.50,ליטר,false,1,8.80,5.67,true,1,
7290018471937,false,שוופס מוגז פירות תות ליים 1.5ל,יפאורה שותפות מוגבלת לשיווק,,,"י""ח",1.50,ליטר,false,1,8.80,5.67,true,1,
7290018471944,false,שוופס מוגז פירות לימונייד 1.5ל,יפאורה שותפות מוגבלת לשיווק,,,"י""ח",1.50,ליטר,false,1,8.80,5.67,true,1,
7290018471951,false,שוופס מוגז פירות אשכולית אדומה 1.5ל,יפאורה שותפות מוגבלת לשיווק,,,"י""ח",1.50,ליטר,false,1,8.80,5.67,true,1,
7290018500361,false,לחם אחיד פרוס אנג ל 900גרם  *,שלמה א.אנג ל בעמ,,,"י""ח",900,ל  גרם,false,1,8.53,0.95,false,1,
7290018500460,false,לחם חצי מלא אנג`ל 700גר.,שלמה א.אנג ל בעמ,,,"י""ח",750,ל  גרם,false,1,11.90,1.59,false,1,
7290018516324,false,פרינוק מחית תפוח וש.שועל 120ג,גורי מוצרי צריכה בעמ,,,"י""ח",120,ל  גרם,false,1,6.60,5.50,true,1,
7290018516355,false,פרינוק 190 גרם תפוח עץ ש.שועל,גורי מוצרי צריכה בעמ,,,"י""ח",190,ל  גרם,false,1,5.90,3.11,true,1,
7290018517086,false,מעדן פרי דובדבן ללא סוכר 280גר,נאמן לאורך זמן בעמ,,,"י""ח",280,ל  גרם,false,1,11.90,4.25,false,1,
7290018517543,false,עוגיות וניל ממולאות קרם טעם שוקולד 160גר,נאמן לאורך זמן בעמ,,,"י""ח",160,ל  גרם,false,1,5.90,3.69,false,1,
7290018517550,false,עוגיות שוקו ממולאות קרם טעם שוקולד 160,נאמן לאורך זמן בעמ,,,"י""ח",160,ל  גרם,false,1,5.90,3.69,false,1,
7290018540329,false,פיתה אנגל בלדי 8יח.,שלמה א.אנג ל בעמ,,,"י""ח",8,"י""ח",false,1,12.90,1.61,false,1,
7290018540817,false,לחם מחמצת כוסמין 500גרם ארטיזנל,שלמה א.אנג ל בעמ,,,"י""ח",500,ל  גרם,false,1,17.90,3.58,true,1,
7290018540831,false,לחם מחמצת חיטה מלאה 500גרם ארטיזנל,שלמה א.אנג ל בעמ,,,"י""ח",500,ל  גרם,false,1,17.90,3.58,true,1,
7290018556924,false,משקה אלכהלי מחנה יהודה לימון 700 מייל,פיירוואטר בעמ,,,"י""ח",750,"ל  מ""ל",false,1,40.20,5.32,true,1,
7290018564622,false,שום כתוש שף הטבע.,קפוא זן תעשיות מזון בעמ,,,"י""ח",1,"י""ח",false,1,12.90,12.90,false,1,
7290018571064,false,מקלוני טופי 450ג,מיה תעשיות מזון מ.ת.מ בעמ,,,"י""ח",450,ל  גרם,false,1,15.90,3.53,false,1,
7290018571071,false,טופי פספסים 450ג,מיה תעשיות מזון מ.ת.מ בעמ,,,"י""ח",450,ל  גרם,false,1,15.90,3.53,false,1,
7290018571224,false,סילאן  טבעי לחיץ 470 גרם מיה,מיה תעשיות מזון מ.ת.מ בעמ,,,"י""ח",470,ל  גרם,false,1,17.90,3.81,false,1,
7290018571231,false,עדשי שוקולד לאפיה 400גר,מיה תעשיות מזון מ.ת.מ בעמ,,,"י""ח",400,ל  גרם,false,1,18.90,4.73,false,1,
7290018571422,false,לקקנים מולטיקולור מיקס 65יח,מיה תעשיות מזון מ.ת.מ בעמ,,,"י""ח",65,"י""ח",false,1,18.90,0.29,false,1,
7290018571491,false,ריבת חלב אמיתית 340 גרם מיה.,מיה תעשיות מזון מ.ת.מ בעמ,,,"י""ח",340,ל  גרם,false,1,14.90,4.38,false,1,
7290018571606,false,תערובת ראס אל חנות,מיה תעשיות מזון מ.ת.מ בעמ,,,"י""ח",100,ל  גרם,false,1,7.90,7.90,false,1,
7290018571613,false,סוכריות אומגה 3 מבוגרים אצבעות רחבות,מיה תעשיות מזון מ.ת.מ בעמ,,,"י""ח",210,ל  גרם,false,1,39.90,19,false,1,
7290018571699,false,קמח שקדים 250גר,מיה תעשיות מזון מ.ת.מ בעמ,,,"י""ח",250,ל  גרם,false,1,25.90,10.36,false,1,
7290018571705,false,"אורז יסמין 1 ק""ג",מיה תעשיות מזון מ.ת.מ בעמ,,,"י""ח",1,"ק""ג",false,1,10.90,10.90,true,1,
7290018571712,false,"אורז בסגנון פרסי 1 ק""ג",מיה תעשיות מזון מ.ת.מ בעמ,,,"י""ח",1,"ק""ג",false,1,9.90,9.90,true,1,
7290018571736,false,"אורז בסמטי 1 ק""ג",מיה תעשיות מזון מ.ת.מ בעמ,,,"י""ח",1,"ק""ג",false,1,10.90,10.90,true,1,
7290018571743,false,"אורז מלא 1 ק""ג",מיה תעשיות מזון מ.ת.מ בעמ,,,"י""ח",1,"ק""ג",false,1,8.90,8.90,false,1,
7290018571750,false,"סילאן טבעי  900גרם בד""ץ העדה חרדית",מיה תעשיות מזון מ.ת.מ בעמ,,,"י""ח",900,ל  גרם,false,1,21.90,2.43,false,1,
7290018571804,false,ג`לי מטבעות 255גר,מיה תעשיות מזון מ.ת.מ בעמ,,,"י""ח",255,ל  גרם,false,1,9.90,3.88,false,1,
7290018571811,false,סירופ מייפל טהור 250גר.,מיה תעשיות מזון מ.ת.מ בעמ,,,"י""ח",250,"ל  מ""ל",false,1,32.90,13.16,false,1,
7290018626306,false,פיצה מרגריטה 400 גרם,***אדום גרופ למזון שיווק***,,,"י""ח",400,ל  גרם,false,1,10.90,2.73,false,1,
7290018652671,false,לה קרמריה שוקו וניל,נגה גלידות,,,"י""ח",1.40,ליטר,false,1,19.90,14.21,false,1,
7290018708118,false,בארכה חלבה וניל פיסטוק ללא סוכר 350גר,קבוצת אוסם סחר-שות.מוגבלת,,,"י""ח",350,ל  גרם,false,1,15.90,4.54,false,1,
7290018792841,false,גאנה אבקת קקאו טבעי 150ג,תה ויסוצקי (ישראל)בעמ,,,"י""ח",150,ל  גרם,false,1,10.90,7.27,true,1,
7290018818275,false,פיצה קונו מרגריטה,***אדום גרופ למזון שיווק***,,,"י""ח",350,ל  גרם,false,1,10.90,3.11,false,1,
7290018818305,false,פיצה אובליינה מרגריטה 400ג,***אדום גרופ למזון שיווק***,,,"י""ח",400,ל  גרם,false,1,10.90,2.73,false,1,
7290018835005,false,אקסטרה צ`יפס אורז חום מלא מלח פלפל 60ג,א.ל.יצור ושיווקתבלינים בעמ,,,"י""ח",60,ל  גרם,false,1,7.90,13.17,true,1,
7290018835029,false,מרק טעם עוף 400גר,א.ל.יצור ושיווקתבלינים בעמ,,,"י""ח",400,ל  גרם,false,1,12.90,3.23,true,1,
7290018878002,false,אגו מיקס קרקר מצופה שוקולג חלב 55ג,כרמית תעשיות ממתקים בעמ,,,"י""ח",55,ל  גרם,false,1,3.90,7.09,true,1,
7290018878088,false,שוקולד מריר ללא סוכר שלשות *85ג,כרמית תעשיות ממתקים בעמ,,,"י""ח",255,ל  גרם,false,1,15.90,6.24,false,1,
7290018878095,false,שוקולד חלב ללא סוכר שלשות *85ג,כרמית תעשיות ממתקים בעמ,,,"י""ח",255,ל  גרם,false,1,15.90,6.24,false,1,
7290018879979,false,מרשמלו לבן טעם וניל 150ג,כרמית תעשיות ממתקים בעמ,,,"י""ח",1,,false,1,5.90,5.90,true,1,
7290018893265,false,צוקטה עוגות אישיות 1/8 מריר,ש.שסטוביץ בעמ,,,"י""ח",240,ל  גרם,false,1,11.90,4.96,true,1,
7290018893616,false,"צוקטה שוקולד מריר 48% 1/6 כשל""פ",ש.שסטוביץ בעמ,,,"י""ח",600,ל  גרם,false,1,19.90,3.32,false,1,
7290018893661,false,צוקטה עוגות אישיות שמינייה מריר,ש.שסטוביץ בעמ,,,"י""ח",240,ל  גרם,false,1,11.90,4.96,true,1,
7290018893876,false,צוקטה עוגות אישיות 1/8 וניל,ש.שסטוביץ בעמ,,,"י""ח",240,ל  גרם,false,1,11.90,4.96,true,1,
7290018921029,false,מגבוני קמיל בלו רביעייה סנסיטיב.,פישר תעשיות פרמבצטיות בעמ,,,"י""ח",4,"י""ח",false,1,21.90,5.48,true,1,
7290018921609,false,משחת החתלה לתינוק קלנדולה 120ג,פישר תעשיות פרמבצטיות בעמ,,,"י""ח",120,ל  גרם,false,1,21.90,18.25,true,1,
7290018921616,false,מגבוני קמיל בלו רביעייה שיבולת שועל,פישר תעשיות פרמבצטיות בעמ,,,"י""ח",4,"י""ח",false,1,22.90,5.73,false,1,
7290018921753,false,קמיל בלו אל סבון היגייני לניקוי יסודי,פישר תעשיות פרמבצטיות בעמ,,,"י""ח",1,ליטר,false,1,15.90,15.90,true,1,
7290018925065,false,פרימור מיץ תפוזים סחוט 2ל`,"שטראוס גרופ ***בע""מ",,,"י""ח",2,ליטר,false,1,26.90,13.30,true,1,
7290018925409,false,"מיץ לימון ואננס 400 מ""ל","שטראוס גרופ ***בע""מ",,,"י""ח",400,"ל  מ""ל",false,1,7.90,1.90,true,1,
7290018925416,false,"מיץ לימון ופסיפלורה 400 מ""ל","שטראוס גרופ ***בע""מ",,,"י""ח",400,"ל  מ""ל",false,1,7.90,1.90,true,1,
7290018989005,false,פולפה טבעית 3*400גר יכין A1.,זנלכל בעמ,,,"י""ח",800,ל  גרם,false,1,16.90,2.11,true,1,
7290019056027,false,שוופס מוגז פירות תפוחים ללא סוכר 1.5ל,יפאורה שותפות מוגבלת לשיווק,,,"י""ח",1.50,ליטר,false,1,7.90,5.07,true,1,
7290019056034,false,שוופס מוגז פירות אננס ללא סוכר 1.5ל,יפאורה שותפות מוגבלת לשיווק,,,"י""ח",1.50,ליטר,false,1,7.90,5.07,true,1,
7290019056058,false,שוופס מוגז עדין תפוח ליים 1.5ליטר,יפאורה שותפות מוגבלת לשיווק,,,"י""ח",1.50,ליטר,false,1,8.60,5.53,true,1,
7290019056065,false,שוופס מוגז עדין פירות יער 1.5ליטר,יפאורה שותפות מוגבלת לשיווק,,,"י""ח",1.50,ליטר,false,1,7.80,5,true,1,
7290019056072,false,שוופס מוגז עדין אננס 1.5ליטר,יפאורה שותפות מוגבלת לשיווק,,,"י""ח",1.50,ליטר,false,1,7.80,5,true,1,
7290019056089,false,שוופס מוגז עדין ענבי ריזלינג 1.5ליטר,יפאורה שותפות מוגבלת לשיווק,,,"י""ח",1.50,ליטר,false,1,7.80,5,true,1,
7290019056096,false,שוופס מוגז עדין אפרסק 1.5ליטר,יפאורה שותפות מוגבלת לשיווק,,,"י""ח",1.50,ליטר,false,1,7.80,5,true,1,
7290019056119,false,סודה 1.5 ליטר,יפאורה שותפות מוגבלת לשיווק,,,"י""ח",1.50,ליטר,false,1,4.80,3,true,1,
7290019056133,false,סודה 1.5 ליטר נענע ליים,יפאורה שותפות מוגבלת לשיווק,,,"י""ח",1.50,ליטר,false,1,4.30,2.67,true,1,
7290019056164,false,שוופס סודה רביעיה 1.5 ל,יפאורה שותפות מוגבלת לשיווק,,,"י""ח",6,ליטר,false,1,11.90,1.78,true,1,
7290019056171,false,שוופס סודה רביעיה 1.5 ל לימון,יפאורה שותפות מוגבלת לשיווק,,,"י""ח",6,ליטר,false,1,11.90,1.78,true,1,
7290019056188,false,שוופס סודה רביעיה 1.5 ל נענע ליים,יפאורה שותפות מוגבלת לשיווק,,,"י""ח",6,ליטר,false,1,11.90,1.78,true,1,
7290019056201,false,שוופס סודה רביעיה 1.5 ל פירות יער,יפאורה שותפות מוגבלת לשיווק,,,"י""ח",6,ליטר,false,1,11.90,1.78,true,1,
7290019056249,false,שוופס מים בטעמים ענבים 1.5 ליטר,יפאורה שותפות מוגבלת לשיווק,,,"י""ח",1.50,ליטר,false,1,8.50,5.47,true,1,
7290019056256,false,שוופס מים בטעמים תפוחים 1.5 ליטר,יפאורה שותפות מוגבלת לשיווק,,,"י""ח",1.50,ליטר,false,1,8.50,5.47,true,1,
7290019056263,false,שוופס מים בטעמים אפרסק 1.5 ליטר,יפאורה שותפות מוגבלת לשיווק,,,"י""ח",1.50,ליטר,false,1,8.50,5.47,true,1,
7290019056270,false,שוופס מים בטעמים פירות יער 1.5 ליטר,יפאורה שותפות מוגבלת לשיווק,,,"י""ח",1.50,ליטר,false,1,8.50,5.47,true,1,
7290019056300,false,שוופס ביטר למון 1.5ליטר,יפאורה שותפות מוגבלת לשיווק,,,"י""ח",1.50,ליטר,false,1,12.50,8.13,false,1,
7290019056317,false,שוופס ראשן 1.5ליטר,יפאורה שותפות מוגבלת לשיווק,,,"י""ח",1.50,ליטר,false,1,12.50,8.13,false,1,
7290019056324,false,שוופס טוניק 1.5ליטר,יפאורה שותפות מוגבלת לשיווק,,,"י""ח",1.50,ליטר,false,1,12.50,8.13,false,1,
7290019056355,false,תפוזינה  לימונענע 1.5 ליטר,יפאורה שותפות מוגבלת לשיווק,,,"י""ח",1.50,ליטר,false,1,9.20,5.93,true,1,
7290019056362,false,תפוזינה  ענבים 1.5 ליטר,יפאורה שותפות מוגבלת לשיווק,,,"י""ח",1.50,ליטר,false,1,9.20,5.93,true,1,
7290019056379,false,תפוזינה  תפוחים 1.5 ליטר,יפאורה שותפות מוגבלת לשיווק,,,"י""ח",1.50,ליטר,false,1,9.20,5.93,true,1,
7290019056386,false,תפוזינה  אשכוליות 1.5 ליטר,יפאורה שותפות מוגבלת לשיווק,,,"י""ח",1.50,ליטר,false,1,9.20,5.93,true,1,
7290019056393,false,תפוזינה  תות בננה 1.5 ליטר,יפאורה שותפות מוגבלת לשיווק,,,"י""ח",1.50,ליטר,false,1,9.20,5.93,true,1,
7290019056409,false,תפוזינה  מנגו 1.5 ליטר,יפאורה שותפות מוגבלת לשיווק,,,"י""ח",1.50,ליטר,false,1,9.20,5.93,true,1,
7290019056416,false,תפוזינה  לימונדה ורודה 1.5 ליטר,יפאורה שותפות מוגבלת לשיווק,,,"י""ח",1.50,ליטר,false,1,9.20,5.93,true,1,
7290019056423,false,תפוזינה  תפוחים 1.5 ליטר,יפאורה שותפות מוגבלת לשיווק,,,"י""ח",1.50,ליטר,false,1,9.20,5.93,true,1,
7290019056430,false,תפוזינה  תפוזים לייט 1.5 ליטר,יפאורה שותפות מוגבלת לשיווק,,,"י""ח",1.50,ליטר,false,1,9.20,5.93,true,1,
7290019056447,false,תפוזינה  אשכוליות לייט 1.5 ליטר,יפאורה שותפות מוגבלת לשיווק,,,"י""ח",1.50,ליטר,false,1,9.20,5.93,true,1,
7290019056454,false,קולה RC 1.5 ליטר בודד,יפאורה שותפות מוגבלת לשיווק,,,"י""ח",1.50,ליטר,false,1,7.50,4.80,false,1,
7290019056461,false,R.C שישיה 1.5ל,יפאורה שותפות מוגבלת לשיווק,,,"י""ח",9,ליטר,false,1,41.90,4.46,true,1,
7290019056478,false,ספרינג -Tאפרסק  1.5 ל,יפאורה שותפות מוגבלת לשיווק,,,"י""ח",1.50,ליטר,false,1,7.50,4.80,true,1,
7290019056485,false,ספרינג -Tתה ירוק לימון לואיזה 1.5ליטר,יפאורה שותפות מוגבלת לשיווק,,,"י""ח",1.50,ליטר,false,1,7.50,4.80,true,1,
7290019056492,false,ספרינג -Tמנגו אפרסק 1.5ליטר,יפאורה שותפות מוגבלת לשיווק,,,"י""ח",1.50,ליטר,false,1,7.50,4.80,true,1,
7290019056508,false,פרוט ווטר ענבים 1.5 ליטר,יפאורה שותפות מוגבלת לשיווק,,,"י""ח",1.50,ליטר,false,1,8.50,5.47,true,1,
7290019056515,false,פרוט ווטר אננס 1.5 ליטר,יפאורה שותפות מוגבלת לשיווק,,,"י""ח",1.50,ליטר,false,1,8.50,5.47,true,1,
7290019056522,false,פרוט ווטר תות 1.5 ליטר,יפאורה שותפות מוגבלת לשיווק,,,"י""ח",1.50,ליטר,false,1,8.50,5.47,true,1,
7290019056539,false,פרוט ווטר אפרסק 1.5 ליטר,יפאורה שותפות מוגבלת לשיווק,,,"י""ח",1.50,ליטר,false,1,8.50,5.47,true,1,
7290019056546,false,פרוט ווטר אבטיח 1.5 ליטר,יפאורה שותפות מוגבלת לשיווק,,,"י""ח",1.50,ליטר,false,1,8.50,5.47,true,1,
7290019056553,false,עין גדי 2 ליטר שישיה,יפאורה שותפות מוגבלת לשיווק,,,"י""ח",12,ליטר,false,1,13.70,0.99,false,1,
7290019056560,false,מים עין גדי 2 ליטר.,יפאורה שותפות מוגבלת לשיווק,,,"י""ח",2,ליטר,false,1,3.30,1.50,false,1,
7290019056577,false,ספרינג מנגו 1.5 ליטר,יפאורה שותפות מוגבלת לשיווק,,,"י""ח",1.50,ליטר,false,1,9.10,5.87,true,1,
7290019056584,false,ספרינג תפוזים 1.5 ליטר,יפאורה שותפות מוגבלת לשיווק,,,"י""ח",1.50,ליטר,false,1,9.10,5.87,true,1,
7290019056591,false,ספרינג ענבים 1.5 ליטר,יפאורה שותפות מוגבלת לשיווק,,,"י""ח",1.50,ליטר,false,1,9.10,5.87,true,1,
7290019056607,false,ספרינג תפוחים 1.5 ליטר,יפאורה שותפות מוגבלת לשיווק,,,"י""ח",1.50,ליטר,false,1,9.10,5.87,true,1,
7290019056614,false,ספרינג אפרסק 1.5 ליטר,יפאורה שותפות מוגבלת לשיווק,,,"י""ח",1.50,ליטר,false,1,9.10,5.87,true,1,
7290019056621,false,ספרינג פירות טרופיים 1.5 ליטר,יפאורה שותפות מוגבלת לשיווק,,,"י""ח",1.50,ליטר,false,1,9.10,5.87,true,1,
7290019056638,false,ספרינג תות בננה 1.5 ליטר,יפאורה שותפות מוגבלת לשיווק,,,"י""ח",1.50,ליטר,false,1,9.10,5.87,true,1,
7290019056645,false,ספרינג אגס תפוח סברס 1.5 ליטר,יפאורה שותפות מוגבלת לשיווק,,,"י""ח",1.50,ליטר,false,1,9.10,5.87,true,1,
7290019056652,false,ספרינג אננס בננה 1.5 ליטר,יפאורה שותפות מוגבלת לשיווק,,,"י""ח",1.50,ליטר,false,1,9.10,5.87,true,1,
7290019056669,false,ספרינג תפוחים דיאט 1.5 ליטר,יפאורה שותפות מוגבלת לשיווק,,,"י""ח",1.50,ליטר,false,1,9.20,5.93,true,1,
7290019056720,false,קריסטל 2 ליטר מיץ ענבים,יפאורה שותפות מוגבלת לשיווק,,,"י""ח",2,ליטר,false,1,7.80,3.75,true,1,
7290019056737,false,קריסטל 2 ליטר מיץ אשכוליות,יפאורה שותפות מוגבלת לשיווק,,,"י""ח",2,ליטר,false,1,7.80,3.75,true,1,
7290019056744,false,קריסטל 2 ליטר מיץ תפוזים,יפאורה שותפות מוגבלת לשיווק,,,"י""ח",2,ליטר,false,1,7.80,3.75,true,1,
7290019056768,false,קריסטל 2 ליטר מיץ מנגו,יפאורה שותפות מוגבלת לשיווק,,,"י""ח",2,ליטר,false,1,7.80,3.75,true,1,
7290019056775,false,קריסטל 2 ליטר מוגז ענבים,יפאורה שותפות מוגבלת לשיווק,,,"י""ח",2,ליטר,false,1,7.80,3.75,true,1,
7290019056782,false,קריסטל 2 ליטר מוגז למון,יפאורה שותפות מוגבלת לשיווק,,,"י""ח",2,ליטר,false,1,7.80,3.75,true,1,
7290019056799,false,קריסטל 2 ליטר מוגז אקזוטי,יפאורה שותפות מוגבלת לשיווק,,,"י""ח",2,ליטר,false,1,7.80,3.75,true,1,
7290019056805,false,קריסטל 2 ליטר מוגז תפוחים,יפאורה שותפות מוגבלת לשיווק,,,"י""ח",2,ליטר,false,1,7.80,3.75,true,1,
7290019056812,false,קריסטל 2 ליטר מוגז מנטה,יפאורה שותפות מוגבלת לשיווק,,,"י""ח",2,ליטר,false,1,7.80,3.75,true,1,
7290019056829,false,קריסטל 2 ליטר מוגז תפוזים,יפאורה שותפות מוגבלת לשיווק,,,"י""ח",2,ליטר,false,1,7.80,3.75,true,1,
7290019056836,false,קריסטל 2 ליטר מוגז תות,יפאורה שותפות מוגבלת לשיווק,,,"י""ח",2,ליטר,false,1,7.80,3.75,true,1,
7290019056850,false,ספרינג -Tאפרסק דיאט 1.5ליטר,יפאורה שותפות מוגבלת לשיווק,,,"י""ח",1.50,ליטר,false,1,7.50,4.80,true,1,
7290019056959,false,מים מינרלים מי עדן  1.5ליטר,יפאורה שותפות מוגבלת לשיווק,,,"י""ח",1.50,ליטר,false,1,3.60,2.20,false,1,
7290019056973,false,מי עדן 1.5 ליטר שישיה,יפאורה שותפות מוגבלת לשיווק,,,"י""ח",9,ליטר,false,1,14.90,1.46,false,1,
7290019074298,false,קמיל בלו אקסטרה סופט שמפו לתינוק 500,פישר תעשיות פרמבצטיות בעמ,,,"י""ח",500,ל  גרם,false,1,22.90,4.58,false,1,
7290019075479,false,קמיל בלו קלאסיק  שמפו לתינוק  1 ל,פישר תעשיות פרמבצטיות בעמ,,,"י""ח",1,ליטר,false,1,32.90,32.90,true,1,
7290019105022,false,אל סבון נוזלי בניחוח מאסק 1ליטר,טרופיקל דגיל תעשיות קוסמטיקה,,,"י""ח",1,ליטר,false,1,10.90,10.90,true,1,
7290019105220,false,אל סבון נוזלי בניחוח פרש 1ליטר,טרופיקל דגיל תעשיות קוסמטיקה,,,"י""ח",1,ליטר,false,1,10.90,10.90,true,1,
7290019105428,false,אל סבון נוזלי בניחוח פרחים 1ליטר,טרופיקל דגיל תעשיות קוסמטיקה,,,"י""ח",1,ליטר,false,1,10.90,10.90,true,1,
7290019105817,false,אל סבון נוזלי בניחוח וניל ודבש 1ליטר,טרופיקל דגיל תעשיות קוסמטיקה,,,"י""ח",1,ליטר,false,1,10.90,10.90,true,1,
7290019145868,false,משקה כהלי מחנה יהודה לימון 250 מייל,פיירוואטר בעמ,,,"י""ח",250,"ל  מ""ל",false,1,9.90,3.84,true,1,
7290019153023,false,R.C רביעייה ללא סוכר 1.5ל,יפאורה שותפות מוגבלת לשיווק,,,"י""ח",6,ליטר,false,1,27.30,4.35,true,1,
7290019153085,false,שוופס ללא סוכר מוחיטו 1.5ל.,יפאורה שותפות מוגבלת לשיווק,,,"י""ח",1.50,ליטר,false,1,8.80,5.67,true,1,
7290019153214,false,"שוופס פחית מנטה 330מ""ל",יפאורה שותפות מוגבלת לשיווק,,,"י""ח",330,"ל  מ""ל",false,1,4.90,1.39,true,1,
7290019153252,false,שוופס סודה רביעיה 1.5 ל תפוח,יפאורה שותפות מוגבלת לשיווק,,,"י""ח",6,ליטר,false,1,11.90,1.78,true,1,
7290019153269,false,שוופס סודה רביעיה 1.5 ל אננס,יפאורה שותפות מוגבלת לשיווק,,,"י""ח",6,ליטר,false,1,11.90,1.78,true,1,
7290019153313,false,"פרוט ווג תפוח חמוציות אוכמניות 350מ""ל",יפאורה שותפות מוגבלת לשיווק,,,"י""ח",350,"ל  מ""ל",false,1,7.50,2.06,true,1,
7290019153344,false,תפוזינה  סנגרייה 1.5 ליטר,יפאורה שותפות מוגבלת לשיווק,,,"י""ח",1.50,ליטר,false,1,9.20,5.93,true,1,
7290019153351,false,תפוזינה  פינק אוזו 1.5 ליטר,יפאורה שותפות מוגבלת לשיווק,,,"י""ח",1.50,ליטר,false,1,9.20,5.93,true,1,
7290019153375,false,תפוזינה  מוחיטו 1.5 ליטר,יפאורה שותפות מוגבלת לשיווק,,,"י""ח",1.50,ליטר,false,1,9.20,5.93,true,1,
7290019162100,false,גרב עקב *3 לגבר,ליאור יבוא ושיווק מוצרי הלבשה,,,"י""ח",1,,false,1,21,21,false,1,
7290019162209,false,חולצה שרוול אוך/גטקס  לבן,ליאור יבוא ושיווק מוצרי הלבשה,,,"י""ח",1,,false,1,29.90,29.90,false,1,
7290019162216,false,בוקסר כותנה,ליאור יבוא ושיווק מוצרי הלבשה,,,"י""ח",1,,false,1,14.90,14.90,false,1,
7290019162315,false,בוקסר לייקרה,ליאור יבוא ושיווק מוצרי הלבשה,,,"י""ח",1,,false,1,15,15,true,1,
7290019162391,false,חגורה,ליאור יבוא ושיווק מוצרי הלבשה,,,"י""ח",1,,false,1,24.90,24.90,false,1,
7290019167020,false,עוגת גבינה עם פירות יער לייט 82ג,תנובה בעמ ***,,,"י""ח",82,"ל  מ""ל",false,1,6.90,8.41,false,1,
7290019167044,false,קצפת עם קרם בייגלה מתוק מלוח 82ג,תנובה בעמ ***,,,"י""ח",82,"ל  מ""ל",false,1,6.90,8.41,false,1,
7290019204008,false,עוף טוב פסטרמה ארבעה פלפלים 350 גרם,קבוצת אוסם סחר-שות.מוגבלת,,,"י""ח",350,ל  גרם,false,1,29.90,8.54,true,1,
7290019204107,false,עוף טוב פסטרמה בטעם אווז 320 גרם,קבוצת אוסם סחר-שות.מוגבלת,,,"י""ח",320,ל  גרם,false,1,29.90,9.34,true,1,
7290019204206,false,עוף טוב פסטרמה בסגנון רומני 320 גרם,קבוצת אוסם סחר-שות.מוגבלת,,,"י""ח",320,ל  גרם,false,1,29.90,9.34,true,1,
7290019232155,false,ויסוצקי פלוס לילה טוב קמומיל לבנדר,תה ויסוצקי (ישראל)בעמ,,,"י""ח",25,"י""ח",false,1,24.90,1,true,1,
7290019232179,false,ויסוצקי פלוס סטאי וול נענע 25שק,תה ויסוצקי (ישראל)בעמ,,,"י""ח",25,"י""ח",false,1,24.90,1,true,1,
7290019232193,false,ויסוצקי פלוס  לימונית גינגר  25שק,תה ויסוצקי (ישראל)בעמ,,,"י""ח",25,"י""ח",false,1,24.90,1,true,1,
7290019232353,false,תה ירוק סיני 50 יח,תה ויסוצקי (ישראל)בעמ,,,"י""ח",75,ל  גרם,false,1,45.90,61.20,true,1,
7290019297383,false,מעדן משמש שקדיה 100% רכיבי פרי 284גר ל,דין שיווק וקליה 2021 בעמ,,,"י""ח",284,ל  גרם,false,1,13.90,4.89,true,1,
7290019297406,false,מעדן דובדבן 100% רכיבי פרי 284גר ל.ס,דין שיווק וקליה 2021 בעמ,,,"י""ח",284,ל  גרם,false,1,13.90,4.89,true,1,
7290019297413,false,מעדן אפרס שקדיה 100% רכיבי פרי 284גר ל,דין שיווק וקליה 2021 בעמ,,,"י""ח",284,ל  גרם,false,1,13.90,4.89,true,1,
7290019297437,false,מעדן אוכמניות 100% רכיבי פרי 284גר ל.ס,דין שיווק וקליה 2021 בעמ,,,"י""ח",284,ל  גרם,false,1,13.90,4.89,true,1,
7290019297505,false,"רוטב רימונים שקדיה 700מ""ל בד""ץ",דין שיווק וקליה 2021 בעמ,,,"י""ח",700,"ל  מ""ל",false,1,21.90,3.13,false,1,
7290022005074,false,רוטב עגבניות שרי קלאסי 400גר,א.ל.יצור ושיווקתבלינים בעמ,,,"י""ח",400,"ל  מ""ל",false,1,14.90,3.73,true,1,
7290022005081,false,רוטב עגבניות שרי ארביאטה 400גר,א.ל.יצור ושיווקתבלינים בעמ,,,"י""ח",400,"ל  מ""ל",false,1,14.90,3.73,true,1,
7290022005098,false,רוטב עגבניות שרי לשקשוקה 400גר,א.ל.יצור ושיווקתבלינים בעמ,,,"י""ח",400,"ל  מ""ל",false,1,14.90,3.73,true,1,
7290022005104,false,רוטב עגבניות שרי בזיליקום 400גר,א.ל.יצור ושיווקתבלינים בעמ,,,"י""ח",400,"ל  מ""ל",false,1,14.90,3.73,true,1,
7290022005111,false,רוטב עגבניות שרי לפיצה 400גר,א.ל.יצור ושיווקתבלינים בעמ,,,"י""ח",400,"ל  מ""ל",false,1,14.90,3.73,true,1,
7290022005555,false,תבלין פילדלפיה 120גר,א.ל.יצור ושיווקתבלינים בעמ,,,"י""ח",120,ל  גרם,false,1,12.90,10.75,false,1,
7290042051921,false,כוסות יהלום שווה 40יח,ח.כהן סוכנות מזון ומשקאות בע,,,"י""ח",40,"י""ח",false,1,11.90,0.30,false,1,
7290067642005,false,"גולדסטאר SLOW BREW בקבוק 330 מ""ל",טמפו משקאות בעמ,,,"י""ח",300,"ל  מ""ל",false,1,6.90,2.20,false,1,
7290100235324,false,בונג`ור עוגת בריוש גבינה 550גר,**קבוצת אוסם סחר-שות.מוגבלת,,,"י""ח",550,ל  גרם,false,1,25.90,4.71,true,1,
7290100235553,false,בונז`ור עוגת בריוש תפוחים עם אגוזים 55,**קבוצת אוסם סחר-שות.מוגבלת,,,"י""ח",550,ל  גרם,false,1,25.90,4.71,true,1,
7290100240137,false,"בדין תרסיס מייבש כחול 500מ""ל",יוניליוור ישראל שיווק בעמ,,,"י""ח",500,"ל  מ""ל",false,1,17.90,3.58,false,1,
7290100240144,false,בדין תרסיס מייבש ורוד,יוניליוור ישראל שיווק בעמ,,,"י""ח",500,"ל  מ""ל",false,1,17.90,3.58,false,1,
7290100240632,false,"פתית 6דגנים 250גר  בד""ץ",יוניליוור ישראל שיווק בעמ,,,"י""ח",250,ל  גרם,false,1,16.90,6.76,true,1,
7290100243671,false,"בדין אקסטרא כחול 960 מ""ל",יוניליוור ישראל שיווק בעמ,,,"י""ח",960,"ל  מ""ל",false,1,16.90,1.76,true,1,
7290100412459,false,מגבונים לניקוי שירוקלחת לבנדר קוויק,שקד תבל בעמ,,,"י""ח",50,"י""ח",false,1,8.90,0.18,true,1,
7290100412756,false,"דר עור קרם ידיים עור יבש  100מ""ל",שקד תבל בעמ,,,"י""ח",100,ל  גרם,false,1,13.90,13.90,true,1,
7290100412831,false,"דר עור ת.רחצה וניל טרופי   700מ""ל",שקד תבל בעמ,,,"י""ח",700,ל  גרם,false,1,14.90,2.13,true,1,
7290100653586,false,ליידי ספיד סטיק ג ל ורוד,ש.שסטוביץ בעמ,,,"י""ח",1,"י""ח",false,1,19.90,19.90,true,1,
7290100658338,false,פלמוליב לכלים אוקסי פלוס,ש.שסטוביץ בעמ,,,"י""ח",750,"ל  מ""ל",false,1,12.90,1.72,true,1,
7290100680650,false,מנה חמה נודלס תאילנדי,קבוצת אוסם סחר-שות.מוגבלת,,,"י""ח",76,ל  גרם,false,1,6.90,9.08,true,1,
7290100680711,false,פירורית זהב 350 גרם אוסם,קבוצת אוסם סחר-שות.מוגבלת,,,"י""ח",350,ל  גרם,false,1,9.60,2.74,false,1,
7290100680728,false,פירורית]אוסם[,קבוצת אוסם סחר-שות.מוגבלת,,,"י""ח",350,ל  גרם,false,1,8.50,2.43,false,1,
7290100685136,false,"מרק טעם עוף 1  ק""ג}אסם{",קבוצת אוסם סחר-שות.מוגבלת,,,"י""ח",1,"ק""ג",false,1,14.90,14.90,false,1,
7290100685334,false,אבקת מרק עוף רכיבים טבעיי,קבוצת אוסם סחר-שות.מוגבלת,,,"י""ח",400,ל  גרם,false,1,25.60,6.40,false,1,
7290100685341,false,מרק תיבול טעם רך 400 ג,קבוצת אוסם סחר-שות.מוגבלת,,,"י""ח",400,ל  גרם,false,1,16.90,4.23,false,1,
7290100685563,false,מארז פירורית זהב 200*2.,קבוצת אוסם סחר-שות.מוגבלת,,,"י""ח",400,ל  גרם,false,1,9.70,2.43,false,1,
7290100687109,false,במבה במילוי נוגט,קבוצת אוסם סחר-שות.מוגבלת,,,"י""ח",60,ל  גרם,false,1,4.30,7.17,true,1,
7290100689301,false,מרק טעם עוף זך עדיף 400גר.,קבוצת אוסם סחר-שות.מוגבלת,,,"י""ח",400,ל  גרם,false,1,16.90,4.23,false,1,
7290100700020,false,גריסי פנינה סוגת,סוגת תעשיות בעמ,,,"י""ח",200,ל  גרם,false,1,4.90,2.45,true,1,
7290100700157,false,"אורז סושי 1ק""ג סוגת",סוגת תעשיות בעמ,,,"י""ח",1,"ק""ג",false,1,14,14,false,1,
7290100700242,false,אורז מלא עגול,סוגת תעשיות בעמ,,,"י""ח",1,"ק""ג",false,1,9.90,9.90,false,1,
7290100700273,false,קינואה 500 גרם סוגת,סוגת תעשיות בעמ,,,"י""ח",500,ל  גרם,false,1,12.90,2.58,true,1,
7290100700587,false,בורגול 500 גר`סוגת,סוגת תעשיות בעמ,,,"י""ח",500,ל  גרם,false,1,4.90,0.98,true,1,
7290100701454,false,גרישה 500גר`,סוגת תעשיות בעמ,,,"י""ח",500,ל  גרם,false,1,4.90,0.98,true,1,
7290100701966,false,אפונה צהובה 500ג,סוגת תעשיות בעמ,,,"י""ח",500,ל  גרם,false,1,5.90,1.18,true,1,
7290100702611,false,פתיתים אפויים אורז 500ג סוגת,סוגת תעשיות בעמ,,,"י""ח",500,ל  גרם,false,1,5.90,1.18,true,1,
7290100702628,false,פתיתים אפויים קוסקוס  500ג סוגת,סוגת תעשיות בעמ,,,"י""ח",500,ל  גרם,false,1,5.90,1.18,true,1,
7290100702994,false,סוכר חום דמררה שקית 500ג,סוגת תעשיות בעמ,,,"י""ח",500,ל  גרם,false,1,4.90,0.98,false,1,
7290100704516,false,חומוס מיני 500 גרם.,סוגת תעשיות בעמ,,,"י""ח",500,ל  גרם,false,1,6.90,1.38,true,1,
7290100704691,false,אורז אדום 500גר סוגת,סוגת תעשיות בעמ,,,"י""ח",500,ל  גרם,false,1,10.90,2.18,false,1,
7290100704707,false,אורז מיקס 500גר סוגת,סוגת תעשיות בעמ,,,"י""ח",500,ל  גרם,false,1,10.90,2.18,false,1,
7290100850909,false,דוריטוס נאצו 70 גרם,"שטראוס פריטו ליי בע""מ",,,"י""ח",70,ל  גרם,false,1,3.90,5.57,true,1,
7290100850916,false,דוריטוס חמוץ חריף 70 גרם,"שטראוס פריטו ליי בע""מ",,,"י""ח",70,ל  גרם,false,1,3.90,5.57,true,1,
7290100850923,false,דוריטוס גריל 70 גרם,"שטראוס פריטו ליי בע""מ",,,"י""ח",70,ל  גרם,false,1,3.90,5.57,true,1,
7290100850930,false,דוריטוס טבעי 70 גרם,"שטראוס פריטו ליי בע""מ",,,"י""ח",70,ל  גרם,false,1,3.90,5.57,true,1,
7290100851968,false,מארז קפה נמס עלית זוגות,"שטראוס גרופ בע""מ",,,"י""ח",400,ל  גרם,false,1,37.90,9.48,true,1,
7290100858592,false,שקית קקאו 150 גרם עלית,"שטראוס גרופ בע""מ",,,"י""ח",150,ל  גרם,false,1,9.90,6.60,true,1,
7290100858608,false,שקית קקאו 500 גרם עלית,"שטראוס גרופ בע""מ",,,"י""ח",500,ל  גרם,false,1,23.90,4.78,true,1,
7290100922637,false,"הוואי אל סבון נוזלי מי קוקוס 3*500מ""ל",הנקל סוד בעמ,,,"י""ח",1.50,ליטר,false,1,17.90,11.93,true,1,
7290100922651,false,סבון מוצק הוואי  רבעייה מי קוקוס 100,הנקל סוד בעמ,,,"י""ח",400,ל  גרם,false,1,11.90,2.98,true,1,
7290100925751,false,"נוזל כלים סוד תפוח  650מ""ל",גורי שיווק בעמ,,,"י""ח",650,"ל  מ""ל",false,1,6.90,1.06,false,1,
7290100925775,false,"נוזל כלים סוד רימון ותאנים 650מ""ל",גורי שיווק בעמ,,,"י""ח",650,"ל  מ""ל",false,1,6.90,1.06,false,1,
7290101110453,false,שרבט תות ל.נ.א,פלקו בעמ,,,"י""ח",1,,false,1,19.90,19.90,false,1,
7290101110477,false,בקלוואה 1.8 ליטר חגיגה,פלקו בעמ,,,"י""ח",1.80,ליטר,false,1,24.90,13.83,false,1,
7290101113157,false,מאגדת שישייה גלידל וניל עוגיות,פלקו בעמ,,,"י""ח",1,,false,1,24.90,24.90,false,1,
7290101113430,false,מאגדת גלידל שוקולד עם סירופ 6יח,פלקו בעמ,,,"י""ח",1,,false,1,24.90,24.90,false,1,
7290101113584,false,מאגדת טילונים שוקולד לבן עם ליבת שוקול,פלקו בעמ,,,"י""ח",1,,false,1,19.90,19.90,false,1,
7290101113751,false,מאגדת שלגונים יולו ס.קרמל ש.בלונדי 4יח,פלקו בעמ,,,"י""ח",1,,false,1,17.90,17.90,false,1,
7290101113768,false,מאגדת שלגונים יולו עוגיות ש.חלב 4יח,פלקו בעמ,,,"י""ח",1,,false,1,17.90,17.90,false,1,
7290101113911,false,קרמבו מנבו מוקה 12 יח`,פלקו בעמ,,,"י""ח",12,"י""ח",false,1,25.90,2.16,false,1,
7290101451105,false,נרות מטה כוכבים תותים,שמחה זה אנחנו,,,"י""ח",1,,false,1,6,6,false,1,
7290101455929,false,"בקבוק נירוסטה מעוצב 500מ""ל מיקי",שמחה זה אנחנו,,,"י""ח",1,,false,1,29.90,29.90,false,1,
7290101551027,false,"קפסולות אספרסו חזק עלית 14יח כשל""פ","שטראוס גרופ בע""מ",,,"י""ח",50,ל  גרם,false,1,19.90,39.80,true,1,
7290101551263,false,סילאן  טבעי 700ג יד מרדכי,"שטראוס גרופ בע""מ",,,"י""ח",700,ל  גרם,false,1,21.90,3.13,true,1,
7290101551539,false,דנונה פרו 20גר אפרסק,"שטראוס גרופ ***בע""מ",,,"י""ח",20,"ל  מ""ל",false,1,5.90,29.50,true,1,
7290101551584,false,מארז תפוצ`יפס קידס  *10 20 גרם,"שטראוס פריטו ליי בע""מ",,,"י""ח",10,"י""ח",false,1,13.90,1.39,true,1,
7290101551638,false,מארז צ יטוס כאפה 1/10,"שטראוס פריטו ליי בע""מ",,,"י""ח",10,"י""ח",false,1,12.90,1.29,true,1,
7290101863410,false,סיליט ספריי אקונומיקה,רקיט בנקיזר (ניר איסט) בעמ,,,"י""ח",1,,false,1,12.90,12.90,false,1,
7290101864127,false,"קליה אוקסי ספריי 750מ""ל",רקיט בנקיזר (ניר איסט) בעמ,,,"י""ח",750,"ל  מ""ל",false,1,17.90,2.39,true,1,
7290101865261,false,"פיניש הברקה 800מ""ל",רקיט בנקיזר (ניר איסט) בעמ,,,"י""ח",800,"ל  מ""ל",false,1,19.90,2.49,false,1,
7290101866633,false,קליה ג`ל 3ל,רקיט בנקיזר (ניר איסט) בעמ,,,"י""ח",1.70,ליטר,false,1,29.90,17.59,false,1,
7290101866787,false,קליה ג`ל 3ל לבן,רקיט בנקיזר (ניר איסט) בעמ,,,"י""ח",3,ליטר,false,1,29.90,9.97,false,1,
7290101869719,false,"פיניש ג ל לימון 600מ""ל AIO",רקיט בנקיזר (ניר איסט) בעמ,,,"י""ח",600,"ל  מ""ל",false,1,31.90,5.32,false,1,
7290101869788,false,מילוי מבשם אוטומטי אואזיס,רקיט בנקיזר (ניר איסט) בעמ,,,"י""ח",1,,false,1,15.90,15.90,true,1,
7290101869795,false,מילוי מבשם אוטומטי ליל קיץ,רקיט בנקיזר (ניר איסט) בעמ,,,"י""ח",1,,false,1,15.90,15.90,true,1,
7290101869818,false,מבשם אויר חשמלי מכשיר חלום ליל קיץ,רקיט בנקיזר (ניר איסט) בעמ,,,"י""ח",1,"י""ח",false,1,29.90,29.90,true,1,
7290101869962,false,מקלות ריחניים חלום ליל קיץ,רקיט בנקיזר (ניר איסט) בעמ,,,"י""ח",1,,false,1,15.90,15.90,true,1,
7290102006403,false,זר לראש עם פרחים-סגול,שמחה זה אנחנו,,,"י""ח",1,,false,1,11,11,false,1,
7290102006526,false,נייר אכיל ספיידרמן עיצוב 3,שמחה זה אנחנו,,,"י""ח",1,,false,1,19.90,19.90,false,1,
7290102031276,false,אקטימל שמיניה תות בננה,"שטראוס גרופ ***בע""מ",,,"י""ח",800,"ל  מ""ל",false,1,20.90,2.61,true,1,
7290102032334,false,קפה נמס וניל 200 גרם,"שטראוס גרופ בע""מ",,,"י""ח",200,ל  גרם,false,1,21.90,10.95,true,1,
7290102062195,false,משחת שיניים אלמקס ג`וניור,ש.שסטוביץ בעמ,,,"י""ח",1,,false,1,12.90,12.90,true,1,
7290102302833,false,גאודה הנרי ויליך פרוס 150ג,א. סיימן סחר בעמ,,,"י""ח",150,ל  גרם,false,1,19.90,13.27,false,1,
7290102302840,false,גבינת עיזים הנרי ויליך פרוסה 150ג,א. סיימן סחר בעמ,,,"י""ח",150,ל  גרם,false,1,26.90,17.93,false,1,
7290102390427,false,מולר תות FROOP MULLER,*החברה המרכזית להפצת משקאותבעמ,,,"י""ח",150,"ל  מ""ל",false,1,5.30,3.53,true,1,
7290102390489,false,"מולר150 מ""ל לימון",*החברה המרכזית להפצת משקאותבעמ,,,"י""ח",150,"ל  מ""ל",false,1,5.30,3.53,true,1,
7290102391844,false,מולר פירות יער FROOP MULLER,*החברה המרכזית להפצת משקאותבעמ,,,"י""ח",150,"ל  מ""ל",false,1,5.30,3.53,true,1,
7290102392094,false,חלב עיזים בקרטון 1ליטר,*החברה המרכזית להפצת משקאותבעמ,,,"י""ח",1,ליטר,false,1,15.90,15.90,false,1,
7290102392254,false,חלב 2ליטר  *1%*,*החברה המרכזית להפצת משקאותבעמ,,,"י""ח",2,ליטר,false,1,11.72,5.86,false,1,
7290102393039,false,מולר מיקס יוגורט קרמי עם פצפוצי שוקלד,*החברה המרכזית להפצת משקאותבעמ,,,"י""ח",500,ל  גרם,false,1,6,1.20,false,1,
7290102393060,false,מולר מיקס יוגורט קרמי עם גלילי וופל,*החברה המרכזית להפצת משקאותבעמ,,,"י""ח",500,ל  גרם,false,1,6,1.20,false,1,
7290102393169,false,סימפלי פרויט תות שדה,*החברה המרכזית להפצת משקאותבעמ,,,"י""ח",150,"ל  מ""ל",false,1,5.30,3.53,true,1,
7290102393176,false,סימפלי פרויט אפרסק,*החברה המרכזית להפצת משקאותבעמ,,,"י""ח",150,"ל  מ""ל",false,1,5.30,3.53,true,1,
7290102393190,false,סימפלי פרויט פירות יער,*החברה המרכזית להפצת משקאותבעמ,,,"י""ח",150,"ל  מ""ל",false,1,5.30,3.53,true,1,
7290102393268,false,גבינה לבנה 5% 750 גר`*,*החברה המרכזית להפצת משקאותבעמ,,,"י""ח",750,ל  גרם,false,1,14.94,1.99,false,1,
7290102393855,false,"יוגורט עזים 3% אפרסק בגביע 150מ""ל",*החברה המרכזית להפצת משקאותבעמ,,,"י""ח",140,"ל  מ""ל",false,1,6.30,4.50,true,1,
7290102393947,false,סימפלי פרויט  קיווי,*החברה המרכזית להפצת משקאותבעמ,,,"י""ח",150,"ל  מ""ל",false,1,5.30,3.53,true,1,
7290102394081,false,מולר מיקס יוגורט קרמי עם קורנפלקס מצופה,*החברה המרכזית להפצת משקאותבעמ,,,"י""ח",500,ל  גרם,false,1,6,1.20,false,1,
7290102394258,false,מה  עז 180גרם 9% שומן  צוריאל,*החברה המרכזית להפצת משקאותבעמ,,,"י""ח",180,ל  גרם,false,1,23.30,12.94,false,1,
7290102394463,false,גבינה צהובה נעם 500 גרם פרוס 28%,*החברה המרכזית להפצת משקאותבעמ,,,"י""ח",500,ל  גרם,false,1,26.90,5.38,false,1,
7290102394821,false,גבינה צהובה 28% דק דק לפתיחה חוזרת 200,*החברה המרכזית להפצת משקאותבעמ,,,"י""ח",200,ל  גרם,false,1,15.60,7.80,true,1,
7290102394845,false,גבינה צהובה  9% 200גר דק דק לפתיחה חוז,*החברה המרכזית להפצת משקאותבעמ,,,"י""ח",200,ל  גרם,false,1,16.90,8.45,true,1,
7290102395101,false,ממרח גבינה ושוקולד{שוקי},*החברה המרכזית להפצת משקאותבעמ,,,"י""ח",227,ל  גרם,false,1,11.90,5.24,false,1,
7290102395217,false,מאגדת שמינייה מתיקות מעודנת 2%,*החברה המרכזית להפצת משקאותבעמ,,,"י""ח",900,ל  גרם,false,1,19,2.11,false,1,
7290102395224,false,מאגדת שמינייה מולר ביאנקו נטורל 1.7%,*החברה המרכזית להפצת משקאותבעמ,,,"י""ח",900,ל  גרם,false,1,16.90,1.88,false,1,
7290102395231,false,מאגדת שמינייה מולר ביאנקו נטורל 2.8%,*החברה המרכזית להפצת משקאותבעמ,,,"י""ח",900,ל  גרם,false,1,17.90,1.99,false,1,
7290102395262,false,מאגדת שמינייה מולר 3% פירות,*החברה המרכזית להפצת משקאותבעמ,,,"י""ח",150,"ל  מ""ל",false,1,30.90,20.60,false,1,
7290102395378,false,גבינה צהובה נעםמ 28% ואקום 360גר פרוס,*החברה המרכזית להפצת משקאותבעמ,,,"י""ח",360,ל  גרם,false,1,20.90,5.81,false,1,
7290102395446,false,מעדן מוו וניל,*החברה המרכזית להפצת משקאותבעמ,,,"י""ח",250,ל  גרם,false,1,2.90,1.16,false,1,
7290102395477,false,מעדן מוו שוקולד,*החברה המרכזית להפצת משקאותבעמ,,,"י""ח",250,ל  גרם,false,1,2.90,1.16,false,1,
7290102396047,false,סימפלי פרויט  אננס 1.5% 150גר,*החברה המרכזית להפצת משקאותבעמ,,,"י""ח",150,"ל  מ""ל",false,1,5.30,3.53,true,1,
7290102396399,false,מאגדת מוו שמינייה מעדן שוקולד 100גר,*החברה המרכזית להפצת משקאותבעמ,,,"י""ח",800,ל  גרם,false,1,14.20,1.78,false,1,
7290102396405,false,מאגדת מוו שמינייה מעדן וניל 100גר,*החברה המרכזית להפצת משקאותבעמ,,,"י""ח",800,ל  גרם,false,1,14.20,1.78,false,1,
7290102396436,false,מעדן מוו שוקולד,*החברה המרכזית להפצת משקאותבעמ,,,"י""ח",250,ל  גרם,false,1,2.90,1.16,true,1,
7290102396443,false,מעדן מוו וניל,*החברה המרכזית להפצת משקאותבעמ,,,"י""ח",250,ל  גרם,false,1,2.90,1.16,true,1,
7290102396580,false,מעדן מוו שוקולד ומוס שוקולד 123גר,*החברה המרכזית להפצת משקאותבעמ,,,"י""ח",123,ל  גרם,false,1,2.90,2.36,false,1,
7290102396597,false,מעדן מוו וניל ומוס שוקולד 123גר,*החברה המרכזית להפצת משקאותבעמ,,,"י""ח",123,ל  גרם,false,1,2.90,2.36,false,1,
7290102396665,false,גבינה צהובה  15% 200גר נעם דק דק סגור,*החברה המרכזית להפצת משקאותבעמ,,,"י""ח",200,ל  גרם,false,1,15.90,7.95,true,1,
7290102396719,false,סימפלי פרויט תות שדה%0,*החברה המרכזית להפצת משקאותבעמ,,,"י""ח",150,"ל  מ""ל",false,1,5.30,3.53,true,1,
7290102396726,false,סימפלי פרויט אפרסק 0%,*החברה המרכזית להפצת משקאותבעמ,,,"י""ח",150,"ל  מ""ל",false,1,5.30,3.53,true,1,
7290102396733,false,סימפלי פרויט פירות יער 0%,*החברה המרכזית להפצת משקאותבעמ,,,"י""ח",150,"ל  מ""ל",false,1,5.30,3.53,true,1,
7290102396740,false,מאגדת סימפלי פרויט תות ואפרסק 8יח 0%,*החברה המרכזית להפצת משקאותבעמ,,,"י""ח",8,"י""ח",false,1,30.90,3.86,false,1,
7290102396795,false,"מאגדת שישייה שוקו 200מ""ל טרה",*החברה המרכזית להפצת משקאותבעמ,,,"י""ח",120,"ל  מ""ל",false,1,14.90,12.42,false,1,
7290102396979,false,סימפלי פרויט אננס 0%,*החברה המרכזית להפצת משקאותבעמ,,,"י""ח",150,"ל  מ""ל",false,1,5.30,3.53,true,1,
7290102397075,false,יוגורט 4% 1.5 ל בקרטון,*החברה המרכזית להפצת משקאותבעמ,,,"י""ח",1.50,ליטר,false,1,14.50,9.67,false,1,
7290102397204,false,גבינה צהובה  22% 200גר נעם דק דק סגור,*החברה המרכזית להפצת משקאותבעמ,,,"י""ח",200,ל  גרם,false,1,15.90,7.95,true,1,
7290102397310,false,מאגדת שמינייה מיני מוו שוקולד קצפת,*החברה המרכזית להפצת משקאותבעמ,,,"י""ח",250,ל  גרם,false,1,11.90,4.76,false,1,
7290102397464,false,מולר ביאנקו  לבן עם חמניה/אגוזי פקאן ג,*החברה המרכזית להפצת משקאותבעמ,,,"י""ח",170,ל  גרם,false,1,6,3.53,false,1,
7290102397600,false,מולר מיקס ביו שקדים ובוטנים בקרמל170ג,*החברה המרכזית להפצת משקאותבעמ,,,"י""ח",170,ל  גרם,false,1,6,3.53,false,1,
7290102397617,false,מולר מיקס קליק,*החברה המרכזית להפצת משקאותבעמ,,,"י""ח",500,ל  גרם,false,1,6,1.20,false,1,
7290102397679,false,קוטג 5% 375ג,*החברה המרכזית להפצת משקאותבעמ,,,"י""ח",350,ל  גרם,false,1,7.90,2.26,false,1,
7290102397730,false,אמנטל נעם 200ג,*החברה המרכזית להפצת משקאותבעמ,,,"י""ח",200,ל  גרם,false,1,17.90,8.95,true,1,
7290102397747,false,מוצרלה נעם 200ג,*החברה המרכזית להפצת משקאותבעמ,,,"י""ח",200,ל  גרם,false,1,18.90,9.45,true,1,
7290102397891,false,גבינת מותכת 100ג צוריאל,*החברה המרכזית להפצת משקאותבעמ,,,"י""ח",100,"ל  מ""ל",false,1,7.30,7.30,false,1,
7290102398065,false,חלב טרה קרטון 2 ליטר   מהדרין*%*3,*החברה המרכזית להפצת משקאותבעמ,,,"י""ח",2,ליטר,false,1,12.46,6.23,false,1,
7290102398331,false,חלב מועשר דל לקטוז1ליטר קרטון,*החברה המרכזית להפצת משקאותבעמ,,,"י""ח",1,ליטר,false,1,7.70,7.70,false,1,
7290102398348,false,מולר מיקס בתוספת כריות FROOP MULLER,*החברה המרכזית להפצת משקאותבעמ,,,"י""ח",150,"ל  מ""ל",false,1,6,4,false,1,
7290102398362,false,מולר מיקס עוגת גבינה FROOP MULLER,*החברה המרכזית להפצת משקאותבעמ,,,"י""ח",150,"ל  מ""ל",false,1,6,4,false,1,
7290102398416,false,גבינת  קרם שמנת בצלים קלויים 5%,*החברה המרכזית להפצת משקאותבעמ,,,"י""ח",200,ל  גרם,false,1,11.90,5.95,false,1,
7290102398553,false,שוקו טרה בבקבוק 1.5ליטר,*החברה המרכזית להפצת משקאותבעמ,,,"י""ח",1.50,ליטר,false,1,17.40,11.60,false,1,
7290102398560,false,שוקו מעושר 1ל בקבוק טרה,*החברה המרכזית להפצת משקאותבעמ,,,"י""ח",1,ליטר,false,1,12.10,12.10,true,1,
7290102398577,false,"שוקו מעושר 250מ""ל בקבוק פקק ספורט",*החברה המרכזית להפצת משקאותבעמ,,,"י""ח",250,"ל  מ""ל",false,1,5.70,2.28,false,1,
7290102398614,false,משקה חלב טעם בננה  1ל בקבוק,*החברה המרכזית להפצת משקאותבעמ,,,"י""ח",1,ליטר,false,1,12.10,12.10,true,1,
7290102398638,false,משקה חלב טעם מוקה  1ל בקבוק,*החברה המרכזית להפצת משקאותבעמ,,,"י""ח",1,ליטר,false,1,12.10,12.10,true,1,
7290102398669,false,משקה קפוצינו 1 ליטר. טרה,*החברה המרכזית להפצת משקאותבעמ,,,"י""ח",1,ליטר,false,1,12.10,12.10,true,1,
7290102398782,false,משקה סויה קלאסי 1ל בקבוק משק צוריא,*החברה המרכזית להפצת משקאותבעמ,,,"י""ח",1,ליטר,false,1,11.90,11.90,false,1,
7290102398805,false,משקה סויה בטעם וניל 1ל בקבוק משק צוריא,*החברה המרכזית להפצת משקאותבעמ,,,"י""ח",1,ליטר,false,1,11.90,11.90,false,1,
7290102398836,false,משקה שקדים קלאסי 1ליטר משק צוריא,*החברה המרכזית להפצת משקאותבעמ,,,"י""ח",1,ליטר,false,1,12.90,12.90,false,1,
7290102399642,false,מולר פרופ 3% 150 ג`,*החברה המרכזית להפצת משקאותבעמ,,,"י""ח",150,ל  גרם,false,1,5.30,3.53,true,1,
7290102399703,false,מאגדת שמינייה סימפלי 1.5% מנגו ואננס,*החברה המרכזית להפצת משקאותבעמ,,,"י""ח",1.20,ליטר,false,1,30.90,25.75,false,1,
7290102399772,false,ממרח חמאת מולר במליחות עדינה 250ג,*החברה המרכזית להפצת משקאותבעמ,,,"י""ח",250,ל  גרם,false,1,16.90,6.76,false,1,
7290102399789,false,ממרח חמאת מולר ללא מלח  250ג,*החברה המרכזית להפצת משקאותבעמ,,,"י""ח",250,ל  גרם,false,1,16.90,6.76,false,1,
7290102399796,false,מולר אקטיב יוגורט לבן 200ג,*החברה המרכזית להפצת משקאותבעמ,,,"י""ח",200,"ל  מ""ל",false,1,6,3,true,1,
7290102399802,false,מולר אקטיב יוגורט עם תות  200ג,*החברה המרכזית להפצת משקאותבעמ,,,"י""ח",200,"ל  מ""ל",false,1,6,3,true,1,
7290102399819,false,מולר אקטיב יוגורט עם פ.יער 200ג,*החברה המרכזית להפצת משקאותבעמ,,,"י""ח",200,"ל  מ""ל",false,1,6,3,true,1,
7290102399857,false,מולר אקטיב לייט יוגורט עם תות 0%  200ג,*החברה המרכזית להפצת משקאותבעמ,,,"י""ח",200,"ל  מ""ל",false,1,6,3,true,1,
7290102399864,false,מולר אקטיב לייט יוגורט עם אפרסק 0%  200ג,*החברה המרכזית להפצת משקאותבעמ,,,"י""ח",200,"ל  מ""ל",false,1,6,3,true,1,
7290102840175,false,פודינג וניל 85גר`,מיה תעשיות מזון מ.ת.מ בעמ,,,"י""ח",85,ל  גרם,false,1,3.90,4.59,false,1,
7290102840182,false,"פודינג שוקולד 85 גר`חת""ס",מיה תעשיות מזון מ.ת.מ בעמ,,,"י""ח",85,ל  גרם,false,1,3.90,4.59,false,1,
7290102840199,false,ג`לי  בטעם משמש 85גר`,מיה תעשיות מזון מ.ת.מ בעמ,,,"י""ח",85,ל  גרם,false,1,5.40,6.35,false,1,
7290102840205,false,ג`לי  בטעם תות 85 גר`,מיה תעשיות מזון מ.ת.מ בעמ,,,"י""ח",85,ל  גרם,false,1,2.90,3.41,false,1,
7290103401429,false,קפה נמס ברזילאי  200גר,"שטראוס גרופ בע""מ",,,"י""ח",200,ל  גרם,false,1,24.90,12.45,true,1,
7290103404758,false,כרוב 120גר`,"שטראוס גרופ ***בע""מ",,,"י""ח",120,ל  גרם,false,1,4.80,4,true,1,
7290103681388,false,"שרדונה  750מ""ל תבור אדמה",*החברה המרכזית להפצת משקאותבעמ,,,"י""ח",750,"ל  מ""ל",false,1,53.20,7.05,false,1,
7290103700379,false,טאצ`כריות ענקיות שלישיה,שניב תעשיות נייר בעמ,,,"י""ח",1,,false,1,9.90,9.90,true,1,
7290103700386,false,טאצ`כריות קרצוף שישיה,שניב תעשיות נייר בעמ,,,"י""ח",1,,false,1,10.90,10.90,true,1,
7290103700393,false,טאצ`כריות קרצוף רביעייה,שניב תעשיות נייר בעמ,,,"י""ח",1,,false,1,9.90,9.90,true,1,
7290103700652,false,טאצ`ספוג הפלא מארז שישיה.,שניב תעשיות נייר בעמ,,,"י""ח",1,,false,1,10.90,10.90,true,1,
7290103702328,false,טאצ`אשפתון עבה וחזק במיוחד 25יח בגליל,שניב תעשיות נייר בעמ,,,"י""ח",50,"י""ח",false,1,16.90,0.34,true,1,
7290103702540,false,נייר טואלט מהדורה כדור פורח 30יח,שניב תעשיות נייר בעמ,,,"י""ח",30,"י""ח",false,1,26.90,0.90,true,1,
7290103703226,false,מטליות לחות לניקוי כללי טאץ,שניב תעשיות נייר בעמ,,,"י""ח",1,"י""ח",false,1,8.90,8.90,false,1,
7290103703240,false,מטליות לחות לרצפה,שניב תעשיות נייר בעמ,,,"י""ח",7,"י""ח",false,1,9.90,1.41,false,1,
7290103703455,false,טאצ`ספוג לניקוי כתמים קשים.,שניב תעשיות נייר בעמ,,,"י""ח",1,,false,1,9.90,9.90,false,1,
7290103703998,false,מגבונים אנטי בקטריאליים 50יח 99.9%,שניב תעשיות נייר בעמ,,,"י""ח",50,"י""ח",false,1,10.90,0.22,false,1,
7290103704186,false,מגבות מטבח 6 יח כפול  טאצ` מהדורת2021,שניב תעשיות נייר בעמ,,,"י""ח",6,"י""ח",false,1,20.90,3.48,true,1,
7290103704575,false,נייר טואלט טאצ 48גליל,שניב תעשיות נייר בעמ,,,"י""ח",48,"י""ח",false,1,42.90,0.89,false,1,
7290103704650,false,מגבות מטבח  כדור פורח שישייה,שניב תעשיות נייר בעמ,,,"י""ח",1,,false,1,11.90,11.90,false,1,
7290103704674,false,טאצ`רדיד אלומיניום 50מטר,שניב תעשיות נייר בעמ,,,"י""ח",1,,false,1,34.90,34.90,false,1,
7290103746001,false,ממחטות אף  חמישייה טאצ`,שניב תעשיות נייר בעמ,,,"י""ח",1,,false,1,13.90,13.90,true,1,
7290104061417,false,חומוס טחינה 400 גר`אחלה,"שטראוס גרופ ***בע""מ",,,"י""ח",400,ל  גרם,false,1,10.90,2.73,true,1,
7290104061424,false,חומוס זעתר 400גר`,"שטראוס גרופ ***בע""מ",,,"י""ח",400,ל  גרם,false,1,10.90,2.73,true,1,
7290104061431,false,חומוס אחלה צנובר 400גר`,"שטראוס גרופ ***בע""מ",,,"י""ח",400,ל  גרם,false,1,10.90,2.73,true,1,
7290104061448,false,חומוס אחלה חריף 400 גר`שטראוס,"שטראוס גרופ ***בע""מ",,,"י""ח",400,ל  גרם,false,1,10.90,2.73,true,1,
7290104062599,false,מארז סופר גמדים תות בננה שמינייה,"שטראוס גרופ ***בע""מ",,,"י""ח",800,ל  גרם,false,1,18.70,2.34,true,1,
7290104065187,false,קפה נמס בטעם מוקה 200 ג`,"שטראוס גרופ בע""מ",,,"י""ח",200,ל  גרם,false,1,21.90,10.95,true,1,
7290104066566,false,סלט טחינה שומשום מלא 500גר אחלה,"שטראוס גרופ ***בע""מ",,,"י""ח",500,ל  גרם,false,1,14.90,2.98,true,1,
7290104067693,false,חומוס חריף 150גר,"שטראוס גרופ ***בע""מ",,,"י""ח",150,ל  גרם,false,1,5.50,3.67,true,1,
7290104509247,false,בונג`ור עוגת קראנץ ט.שוקולד עדיר 650גר,**קבוצת אוסם סחר-שות.מוגבלת,,,"י""ח",650,ל  גרם,false,1,25.90,3.98,false,1,
7290104720499,false,"מארז 8 דני וניל  1ק""ג כשל""פ רובין","שטראוס גרופ ***בע""מ",,,"י""ח",1,"ק""ג",false,1,15.90,15.90,true,1,
7290104721762,false,קפה שלשות 85גר` עלית,"שטראוס גרופ בע""מ",,,"י""ח",1,"י""ח",false,1,23.90,23.90,true,1,
7290104722530,false,תפוצי פס 200 ג,"שטראוס פריטו ליי בע""מ",,,"י""ח",200,ל  גרם,false,1,11.50,5.75,true,1,
7290104726262,false,מארז 4 דני   500גר,"שטראוס גרופ ***בע""מ",,,"י""ח",500,ל  גרם,false,1,10.90,2.18,true,1,
7290104726712,false,"מארז מילקי שמינייה רובין כשל""פ 1064גר","שטראוס גרופ ***בע""מ",,,"י""ח",868,"ל  מ""ל",false,1,20.90,2.41,true,1,
7290104728310,false,שמנת להקצפה 38%  שומן מהדרין*פ (יטבתה),"שטראוס גרופ ***בע""מ",,,"י""ח",250,"ל  מ""ל",false,1,6.47,2.59,true,1,
7290104729003,false,"שמן זית יד מרדכי כ.מעולה 750 מ""ל  מד.","שטראוס גרופ בע""מ",,,"י""ח",750,"ל  מ""ל",false,1,34.90,4.65,true,1,
7290104729010,false,לבן טעם תות 100גרם,"שטראוס גרופ ***בע""מ",,,"י""ח",100,"ל  מ""ל",false,1,1.40,1.40,true,1,
7290104961250,false,"תחליב רחצה  וניל מאסק 750  מ""ל",החב הדרומית לשיווק,,,"י""ח",750,"ל  מ""ל",false,1,9.90,1.32,false,1,
7290104961885,false,מרכך קרטין אינטנס,החב הדרומית לשיווק,,,"י""ח",700,"ל  מ""ל",false,1,29.90,4.27,false,1,
7290105360250,false,קפסולות מקיאטו עלית 50גר,"שטראוס גרופ בע""מ",,,"י""ח",50,ל  גרם,false,1,19.90,39.80,true,1,
7290105360328,false,קפסולות אספרסו חזק עלית 50גר,"שטראוס גרופ בע""מ",,,"י""ח",50,ל  גרם,false,1,19.90,39.80,true,1,
7290105362339,false,שמנת לבישול 15% שומן מהדרין(יטבתה,"שטראוס גרופ ***בע""מ",,,"י""ח",250,"ל  מ""ל",false,1,8.40,3.36,true,1,
7290105364678,false,משקה אקטיביה בודד אפרסק,"שטראוס גרופ ***בע""מ",,,"י""ח",250,"ל  מ""ל",false,1,5,2,true,1,
7290105366023,false,סלט אחלה חצילים טעם כבד 400 גרם,"שטראוס גרופ ***בע""מ",,,"י""ח",400,ל  גרם,false,1,14.90,3.73,true,1,
7290105366047,false,טחינה לבנה אחלה 400גרם,"שטראוס גרופ ***בע""מ",,,"י""ח",400,ל  גרם,false,1,14.90,3.73,true,1,
7290105368331,false,מילקי  תות}שטראוס{,"שטראוס גרופ ***בע""מ",,,"י""ח",130,"ל  מ""ל",false,1,2.90,2.23,true,1,
7290105368904,false,שמנת מתוקה להקצפה 32% שומן מהדרין,"שטראוס גרופ ***בע""מ",,,"י""ח",250,"ל  מ""ל",false,1,7.60,3.04,true,1,
7290105431868,false,סבון נוזלי פלמוליב ספא,ש.שסטוביץ בעמ,,,"י""ח",500,"ל  מ""ל",false,1,15.90,3.18,true,1,
7290105439499,false,מיונז 481ג מאסטר שף,ש.שסטוביץ בעמ,,,"י""ח",481,ל  גרם,false,1,11.90,2.47,false,1,
7290105500151,false,וודקה פינלנדיה רגיל 700,מ.אקרמן בעמ,,,"י""ח",750,"ל  מ""ל",false,1,68.90,9.15,true,1,
7290105691224,false,חטיפי פריכונים טורטיה שום בצל 60 גר,קבוצת אוסם סחר-שות.מוגבלת,,,"י""ח",60,ל  גרם,false,1,8.10,13.50,false,1,
7290105691248,false,חטיפי פריכונים טורטיה תירס 60 גר,קבוצת אוסם סחר-שות.מוגבלת,,,"י""ח",60,ל  גרם,false,1,8.10,13.50,false,1,
7290105691712,false,עוגיות הפסקת קפה 230גר,קבוצת אוסם סחר-שות.מוגבלת,,,"י""ח",230,ל  גרם,false,1,10.90,4.74,true,1,
7290105691934,false,"קמח שמרים 1ק""ג",קבוצת אוסם סחר-שות.מוגבלת,,,"י""ח",1,"ק""ג",false,1,10.90,10.90,false,1,
7290105693341,false,במבה  מארז 10 יחידות 25גרם.,קבוצת אוסם סחר-שות.מוגבלת,,,"י""ח",250,ל  גרם,false,1,17.90,7.16,true,1,
7290105693457,false,עוגת הבית דמקה טעם שוקו וניל,קבוצת אוסם סחר-שות.מוגבלת,,,"י""ח",400,ל  גרם,false,1,12.90,3.23,false,1,
7290105695321,false,עוגת בראוניז  פאדג`380גר`,קבוצת אוסם סחר-שות.מוגבלת,,,"י""ח",380,ל  גרם,false,1,18.90,4.97,false,1,
7290105962331,false,סחוג אדום זהבי  220גרם,"שטראוס גרופ ***בע""מ",,,"י""ח",220,ל  גרם,false,1,11.50,5.23,true,1,
7290105964564,false,חומוס אחלה  400 גרם. שטראוס,"שטראוס גרופ ***בע""מ",,,"י""ח",400,ל  גרם,false,1,8.50,2.13,true,1,
7290105965738,false,"משקה בוקר לשתיה תות בננה 267מ""ל","שטראוס גרופ ***בע""מ",,,"י""ח",267,ל  גרם,false,1,5,1.87,true,1,
7290105966469,false,"חומץ בלסמי יד מרדכי 250מ""ל","שטראוס גרופ בע""מ",,,"י""ח",250,"ל  מ""ל",false,1,14.70,5.88,true,1,
7290105968098,false,סלט קולסלאו 500גר,"שטראוס גרופ ***בע""מ",,,"י""ח",500,ל  גרם,false,1,14.90,2.98,true,1,
7290105968654,false,טורטליני בטטה שטראוס פרווה,"שטראוס גרופ ***בע""מ",,,"י""ח",400,ל  גרם,false,1,19.90,4.98,true,1,
7290106520066,false,אצבעות רבע לשבע 160גר`,"שטראוס גרופ בע""מ",,,"י""ח",160,ל  גרם,false,1,12.90,8.06,true,1,
7290106520288,false,דנונה WOW תות 2.4%  150גר,"שטראוס גרופ ***בע""מ",,,"י""ח",150,"ל  מ""ל",false,1,4.90,3.27,true,1,
7290106520905,false,סלט טורקי 400גר,"שטראוס גרופ ***בע""מ",,,"י""ח",400,ל  גרם,false,1,14.90,3.73,true,1,
7290106520912,false,שמנת לבישול 9% שומן 258גר  מהדרין יטבתה,"שטראוס גרופ ***בע""מ",,,"י""ח",258,"ל  מ""ל",false,1,8.40,3.26,true,1,
7290106521049,false,סלט סלק  400גר,"שטראוס גרופ ***בע""מ",,,"י""ח",500,ל  גרם,false,1,14.90,2.98,true,1,
7290106521926,false,קפה טורקי שקית 150 עלית 10%.,"שטראוס גרופ בע""מ",,,"י""ח",150,ל  גרם,false,1,13.50,9,true,1,
7290106524439,false,תפוצ יפס פופס 60ג,"שטראוס פריטו ליי בע""מ",,,"י""ח",60,ל  גרם,false,1,4.50,7.50,true,1,
7290106526822,false,פריכיות אנרג`י תחתית  חלב 80גר,"שטראוס גרופ בע""מ",,,"י""ח",80,ל  גרם,false,1,8.90,11.13,true,1,
7290106528567,false,דוריטוס גריל 185ג,"שטראוס פריטו ליי בע""מ",,,"י""ח",185,ל  גרם,false,1,6.90,3.73,true,1,
7290106528628,false,דוריטוס טבעי  185ג,"שטראוס פריטו ליי בע""מ",,,"י""ח",185,ל  גרם,false,1,6.90,3.73,true,1,
7290106571921,false,עוגיות חמוציות 180גר,קבוצת אוסם סחר-שות.מוגבלת,,,"י""ח",180,ל  גרם,false,1,11.90,6.61,true,1,
7290106572027,false,לחמית חמישה דגנים 190גר,קבוצת אוסם סחר-שות.מוגבלת,,,"י""ח",230,ל  גרם,false,1,9.90,4.30,true,1,
7290106572065,false,חטיפי פריכונים טורטיה חמוץ מתוק 60 גר,קבוצת אוסם סחר-שות.מוגבלת,,,"י""ח",60,ל  גרם,false,1,7.90,13.17,false,1,
7290106572997,false,"קמח שמרים לפיצה 1ק""ג",קבוצת אוסם סחר-שות.מוגבלת,,,"י""ח",1,"ק""ג",false,1,10.90,10.90,false,1,
7290106573598,false,חומוס לבנוני 400 גרם,קבוצת אוסם סחר-שות.מוגבלת,,,"י""ח",400,ל  גרם,false,1,13.70,3.43,true,1,
7290106573628,false,חומוס עם טחינה 400 גרם צבר,קבוצת אוסם סחר-שות.מוגבלת,,,"י""ח",400,ל  גרם,false,1,13.70,3.43,true,1,
7290106574793,false,עוגת בראוניס ביס שוקולד 216גר,קבוצת אוסם סחר-שות.מוגבלת,,,"י""ח",216,ל  גרם,false,1,13.40,6.20,false,1,
7290106574953,false,שטוחים  בייגלה שומשום 300גר,קבוצת אוסם סחר-שות.מוגבלת,,,"י""ח",300,ל  גרם,false,1,11.80,3.93,false,1,
7290106574977,false,שטוחים בייגלה  עם מלח  300גר,קבוצת אוסם סחר-שות.מוגבלת,,,"י""ח",300,ל  גרם,false,1,11.80,3.93,false,1,
7290106575257,false,עוגת סופלה טעם שוקולד 340גר,קבוצת אוסם סחר-שות.מוגבלת,,,"י""ח",340,ל  גרם,false,1,13.40,3.94,false,1,
7290106575431,false,עוגת סופלה טעם שוקו וניל 340גר,קבוצת אוסם סחר-שות.מוגבלת,,,"י""ח",340,ל  גרם,false,1,12.90,3.79,false,1,
7290106576513,false,חומוס צבר 400גר,קבוצת אוסם סחר-שות.מוגבלת,,,"י""ח",400,ל  גרם,false,1,11.90,2.98,false,1,
7290106576537,false,חומוס מסעדה 700גר צבר,קבוצת אוסם סחר-שות.מוגבלת,,,"י""ח",700,ל  גרם,false,1,12.70,1.81,false,1,
7290106576834,false,לה קרמריה פונש בננה  1.4ליטר,נגה גלידות,,,"י""ח",1.40,ליטר,false,1,19.90,14.21,false,1,
7290106576919,false,לה קרמריה סורבה תות לימון1.4ליטר,נגה גלידות,,,"י""ח",1.40,ליטר,false,1,19.90,14.21,false,1,
7290106576957,false,לה קרמריה שוקו וניל פליק פרווה 1.4ליטר,נגה גלידות,,,"י""ח",1.40,ליטר,false,1,19.90,14.21,false,1,
7290106576995,false,לה קרמריה סורבה תות מנג לייט  1.4 ליטר,נגה גלידות,,,"י""ח",1.40,ליטר,false,1,19.90,14.21,false,1,
7290106577039,false,לה קרמריה וניל שוקו פליק  1.4ליטר,נגה גלידות,,,"י""ח",1.40,ליטר,false,1,19.90,14.21,false,1,
7290106577282,false,טחינה מרובע 400גר,קבוצת אוסם סחר-שות.מוגבלת,,,"י""ח",400,ל  גרם,false,1,13.70,3.43,true,1,
7290106578692,false,ביסלי במבה מיקס מהדורת אליפות 80גר,קבוצת אוסם סחר-שות.מוגבלת,,,"י""ח",60,ל  גרם,false,1,5.20,8.67,true,1,
7290106578821,false,עוגת שמרים שוקולד קלאסית 350גר,קבוצת אוסם סחר-שות.מוגבלת,,,"י""ח",350,ל  גרם,false,1,18.50,5.29,false,1,
7290106663558,false,"רוטב טריאקי רימון 280מ""ל","שטראוס גרופ בע""מ",,,"י""ח",280,"ל  מ""ל",false,1,12.90,4.61,true,1,
7290106664562,false,רוטב שמנת עם פטריות  9%,"שטראוס גרופ ***בע""מ",,,"י""ח",200,ל  גרם,false,1,10.90,5.45,true,1,
7290106667266,false,דוריטוס חמוץ חריף 185ג,"שטראוס פריטו ליי בע""מ",,,"י""ח",185,ל  גרם,false,1,7.90,4.27,true,1,
7290106668577,false,"מיץ לימון טבעי 250מ""ל יד מרדכי","שטראוס גרופ בע""מ",,,"י""ח",250,"ל  מ""ל",false,1,7.80,3.12,true,1,
7290106721920,false,מסטיק מאסט ספירמינט צ`יקלט 66גר,"שטראוס גרופ בע""מ",,,"י""ח",66,ל  גרם,false,1,9.90,15,true,1,
7290106726178,false,דנונה WOW פירות יער  2.4%  150גר,"שטראוס גרופ ***בע""מ",,,"י""ח",150,"ל  מ""ל",false,1,4.90,3.27,true,1,
7290106729650,false,מארז דנונה שמינייה תות  3% 150גר,"שטראוס גרופ ***בע""מ",,,"י""ח",1.20,ליטר,false,1,25,20.83,true,1,
7290107280020,false,מטליות לחות לניקוי כללי 50 * 3 מארז סנ,החב הדרומית לשיווק,,,"י""ח",1,,false,1,18.90,18.90,false,1,
7290107280099,false,מגבוני ט. סנו סופט  לחים שלישייה,החב הדרומית לשיווק,,,"י""ח",3,"י""ח",false,1,15.90,5.30,false,1,
7290107280341,false,מטליות לחות לרצפה מלון מפנק  10 יחידו,החב הדרומית לשיווק,,,"י""ח",1,,false,1,12.90,12.90,false,1,
7290107280389,false,"סנו גט מרסס לאמבטיה 750מ""ל",החב הדרומית לשיווק,,,"י""ח",750,"ל  מ""ל",false,1,16.90,2.25,false,1,
7290107280396,false,"סנו גט מרסס למטבח 750מ""ל",החב הדרומית לשיווק,,,"י""ח",750,"ל  מ""ל",false,1,16.90,2.25,false,1,
7290107280761,false,נוזל כלים סנו ספארק 1ל לימון,החב הדרומית לשיווק,,,"י""ח",1,ליטר,false,1,12.90,12.90,false,1,
7290107645591,false,מרק טעם עוף  400 ג קנור ר.טבעים,יוניליוור ישראל שיווק בעמ,,,"י""ח",400,ל  גרם,false,1,14.90,3.73,false,1,
7290107646062,false,מרק בצל 400 ג קנור ר.טבעיים,יוניליוור ישראל שיווק בעמ,,,"י""ח",400,ל  גרם,false,1,22.90,5.73,true,1,
7290107646147,false,חטיפי שוגי קורנפלקס שישייה 156גר.,יוניליוור ישראל שיווק בעמ,,,"י""ח",156,ל  גרם,false,1,13.90,8.91,true,1,
7290107646826,false,חטיפי דגנים פתיתי תירס בשוקולד,יוניליוור ישראל שיווק בעמ,,,"י""ח",156,ל  גרם,false,1,13.90,8.91,true,1,
7290107646833,false,חטיפי דגנים עם פיצפוצי שוק. לבן,יוניליוור ישראל שיווק בעמ,,,"י""ח",138,ל  גרם,false,1,13.90,10.07,true,1,
7290107646963,false,ממרח ספייסי מיונז 250 גרם,יוניליוור ישראל שיווק בעמ,,,"י""ח",250,ל  גרם,false,1,9.90,3.96,false,1,
7290107647731,false,קוקומן חום לבן 20% פחות סוכר 375 גרם ב,יוניליוור ישראל שיווק בעמ,,,"י""ח",375,ל  גרם,false,1,19.90,5.31,true,1,
7290107647816,false,~ברנפלקס ללא תוספות 500גרם,יוניליוור ישראל שיווק בעמ,,,"י""ח",500,ל  גרם,false,1,20.90,4.18,true,1,
7290107647823,false,ברנפלקס פתיתים 500גרם,יוניליוור ישראל שיווק בעמ,,,"י""ח",500,ל  גרם,false,1,20.90,4.18,true,1,
7290107648943,false,ברנפלקס קראנצים מייפל 375ג,יוניליוור ישראל שיווק בעמ,,,"י""ח",400,ל  גרם,false,1,20.90,5.23,true,1,
7290107649858,false,מגנום לבן,גלידות שטראוס בעמ,,,"י""ח",85,ל  גרם,false,1,10,11.76,true,1,
7290107871297,false,פריכונים מיני עשבי תיבול 25ג,קבוצת אוסם סחר-שות.מוגבלת,,,"י""ח",25,ל  גרם,false,1,5.30,21.20,false,1,
7290107871990,false,פסטה אסם צינורות,קבוצת אוסם סחר-שות.מוגבלת,,,"י""ח",500,ל  גרם,false,1,6.90,1.38,true,1,
7290107874427,false,פריכונים מיני צתר 25ג,קבוצת אוסם סחר-שות.מוגבלת,,,"י""ח",25,ל  גרם,false,1,5.30,21.20,false,1,
7290107874502,false,ביסלי גריל מארז אחיד 4*55גר,קבוצת אוסם סחר-שות.מוגבלת,,,"י""ח",210,ל  גרם,false,1,12.90,6.14,true,1,
7290107875158,false,מארז במבה קלאסי  60*4גרם,קבוצת אוסם סחר-שות.מוגבלת,,,"י""ח",240,ל  גרם,false,1,14.70,6.13,true,1,
7290107875271,false,ביסלי ברביקיו מארז אחיד 4*55גר,קבוצת אוסם סחר-שות.מוגבלת,,,"י""ח",210,ל  גרם,false,1,12.90,6.14,true,1,
7290107877619,false,במבה  נוגט מארז 30גרם *5יח,קבוצת אוסם סחר-שות.מוגבלת,,,"י""ח",150,ל  גרם,false,1,14.90,9.93,true,1,
7290107932080,false,חלב יטבתה מועשר 3% בקבוק 1ליטר,"שטראוס גרופ ***בע""מ",,,"י""ח",1,ליטר,false,1,7.70,7.70,true,1,
7290107932134,false,חלב מועשר 1% בקבוק 1ליטר,"שטראוס גרופ ***בע""מ",,,"י""ח",1,ליטר,false,1,7.70,7.70,true,1,
7290107937542,false,משקה אקטיביה תות 1.2%,"שטראוס גרופ ***בע""מ",,,"י""ח",250,"ל  מ""ל",false,1,5,2,true,1,
7290107937627,false,מסטיק מאסט קוביות ספירמינט  58ג,"שטראוס גרופ בע""מ",,,"י""ח",66,ל  גרם,false,1,9.90,15,true,1,
7290107937856,false,קפסולות אספרסו מס11 ל. נספרסו 50ג עלית,"שטראוס גרופ בע""מ",,,"י""ח",50,ל  גרם,false,1,19.90,39.80,true,1,
7290107938396,false,אקטימל שמיניה תות בנים,"שטראוס גרופ ***בע""מ",,,"י""ח",800,"ל  מ""ל",false,1,20.90,2.61,true,1,
7290107940030,false,חומוס אחלה 650גר שטראוס,"שטראוס גרופ ***בע""מ",,,"י""ח",500,ל  גרם,false,1,9.90,1.98,true,1,
7290107943192,false,"שמנת חמוצה מהערבה יוטבתה 200מ""ל 27%","שטראוס גרופ ***בע""מ",,,"י""ח",200,"ל  מ""ל",false,1,3.90,1.95,true,1,
7290107943369,false,קוואקר 511ג פח ללא גלוטן,"שטראוס פריטו ליי בע""מ",,,"י""ח",511,ל  גרם,false,1,18.90,3.70,true,1,
7290107945165,false,קונפיטורה משמש 340גר,"שטראוס גרופ בע""מ",,,"י""ח",340,ל  גרם,false,1,13.60,4,true,1,
7290107950190,false,מעדן דיאט שוקולד מריר 130גר,"שטראוס גרופ ***בע""מ",,,"י""ח",130,ל  גרם,false,1,3.30,2.54,true,1,
7290107950206,false,מעדן דיאט שוקולד 130גר,"שטראוס גרופ ***בע""מ",,,"י""ח",130,ל  גרם,false,1,3.30,2.54,true,1,
7290107951104,false,בפלות שוקולד 200גר,"שטראוס גרופ בע""מ",,,"י""ח",200,ל  גרם,false,1,4.90,2.45,true,1,
7290107951111,false,בפלות לימון 200גר,"שטראוס גרופ בע""מ",,,"י""ח",200,ל  גרם,false,1,4.90,2.45,true,1,
7290107951715,false,מסטיק מאסט קוביות ענבים 58גר.,"שטראוס גרופ בע""מ",,,"י""ח",66,ל  גרם,false,1,9.90,15,true,1,
7290107953559,false,מארז קפה טורקי לדרך 168גר`,"שטראוס גרופ בע""מ",,,"י""ח",168,ל  גרם,false,1,18.90,11.25,true,1,
7290107956710,false,מארז מיני מילקי  1/16,"שטראוס גרופ ***בע""מ",,,"י""ח",1.52,ליטר,false,1,21.90,14.41,true,1,
7290107956963,false,דנונה תות 12יח,"שטראוס גרופ ***בע""מ",,,"י""ח",1.20,ליטר,false,1,19.90,16.58,true,1,
7290107957069,false,מסטיק  עלמה טעם אוכמניות 66ג צנצנת,"שטראוס גרופ בע""מ",,,"י""ח",66,ל  גרם,false,1,9.90,15,true,1,
7290107957076,false,מסטיק  עלמה טעם ספירמינט 66ג צנצנת,"שטראוס גרופ בע""מ",,,"י""ח",66,ל  גרם,false,1,10.90,16.52,true,1,
7290107957229,false,נטיפי שוקולד ציפס מריר 250גר עלית,"שטראוס גרופ בע""מ",,,"י""ח",180,ל  גרם,false,1,12.90,7.17,true,1,
7290107958035,false,"מארז 8 דנונה מתיקות מעודנת לל""ס וממתיק","שטראוס גרופ ***בע""מ",,,"י""ח",1.20,ליטר,false,1,18.50,15.42,true,1,
7290107973861,false,עגבניות קצוצות דק מנה  400גר*3,ש.שסטוביץ בעמ,,,"י""ח",1.20,"ק""ג",false,1,16.90,14.08,false,1,
7290107974066,false,עלי טורטיה  קמח מלא  320ג מאסטר שף,ש.שסטוביץ בעמ,,,"י""ח",320,ל  גרם,false,1,10.90,3.41,false,1,
7290107974073,false,טורטיה קמח לבן 320ג מאסטר שף,ש.שסטוביץ בעמ,,,"י""ח",320,ל  גרם,false,1,10.90,3.41,false,1,
7290107975360,false,ליידי ספיד סטיק פיור גל,ש.שסטוביץ בעמ,,,"י""ח",1,"י""ח",false,1,19.90,19.90,true,1,
7290107976916,false,"פלמוליב סבון ידיים חלב וזיתים  300מ""ל",ש.שסטוביץ בעמ,,,"י""ח",300,"ל  מ""ל",false,1,9.90,3.30,false,1,
7290107978330,false,איטריות דקות 400ג מאסטר שף,ש.שסטוביץ בעמ,,,"י""ח",400,ל  גרם,false,1,5.90,1.48,true,1,
7290107978347,false,איטריות בינוניות 400ג מאסטר שף,ש.שסטוביץ בעמ,,,"י""ח",400,ל  גרם,false,1,5.90,1.48,true,1,
7290107978453,false,קראנצ וס גריל 55ג חדש,ש.שסטוביץ בעמ,,,"י""ח",55,ל  גרם,false,1,3.50,6.36,true,1,
7290108070316,false,שקית בלונים פסטל מעורב צבעים 50יח,שמחה זה אנחנו,,,"י""ח",1,,false,1,12,12,false,1,
7290108079357,false,מארז בלונים על מקל כסף,שמחה זה אנחנו,,,"י""ח",1,,false,1,29.90,29.90,false,1,
7290108090338,false,עגבניה תמר,ביכורי השדה צפון 1994 ג.ד. בעמ,,,"ק""ג",1,,true,1,5.90,5.90,false,1,
7290108201284,false,"אירוויק מקלות לבנדר  30מ""ל",רקיט בנקיזר (ניר איסט) בעמ,,,"י""ח",30,"ל  מ""ל",false,1,15.90,53,true,1,
7290108201437,false,"קולון 101 2.5ק""ג",רקיט בנקיזר (ניר איסט) בעמ,,,"י""ח",2.50,"ק""ג",false,1,24.90,9.96,false,1,
7290108350142,false,"שקיות רב""ש",החב הדרומית לשיווק,,,"י""ח",1,,false,1,14.90,14.90,false,1,
7290108350203,false,כריות קרצוף עם ספוג מקציף 1/6,החב הדרומית לשיווק,,,"י""ח",1,,false,1,9.90,9.90,false,1,
7290108350210,false,שקיות אשפה אקסטרא חוזק30 יח,החב הדרומית לשיווק,,,"י""ח",1,,false,1,24.90,24.90,false,1,
7290108350531,false,נוזל כלים סנו ספארק 1ל קלאסי,החב הדרומית לשיווק,,,"י""ח",1,ליטר,false,1,12.90,12.90,false,1,
7290108350555,false,נוזל כלים סנו ספארק 1ל שקד,החב הדרומית לשיווק,,,"י""ח",1,ליטר,false,1,12.90,12.90,false,1,
7290108350616,false,מרכך מקסימה  כביסה 1 ליטר בלו,החב הדרומית לשיווק,,,"י""ח",1,ליטר,false,1,17.90,17.90,false,1,
7290108350623,false,מרכך מקסימהכביסה 1 ליטר סופט סילק,החב הדרומית לשיווק,,,"י""ח",1,ליטר,false,1,17.90,17.90,false,1,
7290108351156,false,סנו גט לניקוי כללי ורצפות+חומץ 1.5ל.,החב הדרומית לשיווק,,,"י""ח",1.50,ליטר,false,1,15.90,10.60,false,1,
7290108351514,false,מקסימה מרכך 4 ל BLUE BLOSSOM,החב הדרומית לשיווק,,,"י""ח",4,ליטר,false,1,21.90,5.48,false,1,
7290108351590,false,"סנופרש הום בניחוח מרכך כביסה 350מ""ל",החב הדרומית לשיווק,,,"י""ח",350,"ל  מ""ל",false,1,11.90,3.40,false,1,
7290108351781,false,"סנו גט לניקוי+ניקוי  אסלות 750מ""ל.",החב הדרומית לשיווק,,,"י""ח",750,"ל  מ""ל",false,1,9.90,1.32,true,1,
7290108351804,false,מרכך מקסימה סופר מרוכז Gentle breeze 1לי,החב הדרומית לשיווק,,,"י""ח",1,ליטר,false,1,17.90,17.90,false,1,
7290108352207,false,קפסולות לכביסה מקסימה  פלורל 40יח,החב הדרומית לשיווק,,,"י""ח",40,"י""ח",false,1,39.90,1,false,1,
7290108352320,false,"סנופרש הום נטול גז 350מ""ל",החב הדרומית לשיווק,,,"י""ח",350,"ל  מ""ל",false,1,11.90,3.40,false,1,
7290108352399,false,ריצפז פרש הום  2ל לרצפה מרכך כביסה,החב הדרומית לשיווק,,,"י""ח",1.45,ליטר,false,1,21.90,15.10,false,1,
7290108352450,false,ריצפז פרש הום  2ל לרצפה  Blue Blossom,החב הדרומית לשיווק,,,"י""ח",1.45,ליטר,false,1,21.90,15.10,false,1,
7290108352689,false,כריות קרצוף ללכלוך קשה 1/9,החב הדרומית לשיווק,,,"י""ח",1,,false,1,9.90,9.90,false,1,
7290108352825,false,ספוג הפלא נירוסטה,החב הדרומית לשיווק,,,"י""ח",1,,false,1,11.90,11.90,false,1,
7290108352870,false,סנו סושי 10 שקיות צליה XL,החב הדרומית לשיווק,,,"י""ח",10,"י""ח",false,1,7.90,0.79,false,1,
7290108353075,false,50 מפיות אירוח איכותיות 3שכבות,החב הדרומית לשיווק,,,"י""ח",50,"י""ח",false,1,11.90,0.24,false,1,
7290108353099,false,סנו סופט ממחטות מארז 5*100יח,החב הדרומית לשיווק,,,"י""ח",500,"י""ח",false,1,11.90,0.02,false,1,
7290108353372,false,מברשות שיניים 12000 סיבי פחם NANO,החב הדרומית לשיווק,,,"י""ח",1,,false,1,29.90,29.90,false,1,
7290108353532,false,שקיות אשפה 100שקיות בגליל סנו סושי,החב הדרומית לשיווק,,,"י""ח",100,"י""ח",false,1,34.90,0.35,false,1,
7290108353655,false,50 מפיות אירוח איכותיות 3שכבות,החב הדרומית לשיווק,,,"י""ח",50,"י""ח",false,1,11.90,0.24,false,1,
7290108353754,false,"קרם גוף קרמה אשכולית ולמון גראס 500 מ""ל",החב הדרומית לשיווק,,,"י""ח",500,"ל  מ""ל",false,1,24.90,4.98,false,1,
7290108353983,false,"קרם גוף קרמה קלאסי 500 מ""ל.",החב הדרומית לשיווק,,,"י""ח",500,"ל  מ""ל",false,1,24.90,4.98,false,1,
7290108353990,false,"קרם גוף קרמה מאסק 500 מ""ל.",החב הדרומית לשיווק,,,"י""ח",500,"ל  מ""ל",false,1,24.90,4.98,false,1,
7290108354430,false,"כיף שמפו שיער לשיקום והזנה 700מ""ל",החב הדרומית לשיווק,,,"י""ח",700,"ל  מ""ל",false,1,13.90,1.99,false,1,
7290108354461,false,"קרליין שמפו 10  חימר 700מ""ל",החב הדרומית לשיווק,,,"י""ח",700,"ל  מ""ל",false,1,13.90,1.99,false,1,
7290108354478,false,"קרליין מרכך 10  חימר 700מ""ל",החב הדרומית לשיווק,,,"י""ח",700,"ל  מ""ל",false,1,13.90,1.99,false,1,
7290108354720,false,סנו פרש הום מקלות FRESH lady COCO,החב הדרומית לשיווק,,,"י""ח",750,"ל  מ""ל",false,1,21.90,2.92,false,1,
7290108354751,false,סנו גט תרסיס פלוס לניקוי כללי+סודה,החב הדרומית לשיווק,,,"י""ח",750,"ל  מ""ל",false,1,16.90,2.25,false,1,
7290108354768,false,"קרם גוף קרמה דבש 500 מ""",החב הדרומית לשיווק,,,"י""ח",500,"ל  מ""ל",false,1,24.90,4.98,false,1,
7290108354782,false,"קרם גוף קרמה ג`ינג`ר ולמון גראס 500 מ""",החב הדרומית לשיווק,,,"י""ח",500,"ל  מ""ל",false,1,24.90,4.98,false,1,
7290108355178,false,"קרם ידיים קרמה חמאת שיאה וקוקוי 100מ""ל",החב הדרומית לשיווק,,,"י""ח",100,"ל  מ""ל",false,1,9.90,9.90,true,1,
7290108356106,false,"כיף תחליב רחצה שקד 700מ""ל",החב הדרומית לשיווק,,,"י""ח",750,"ל  מ""ל",false,1,13.90,1.85,false,1,
7290108356533,false,קרליין שמפו 10  שיער מתולתל 700.,החב הדרומית לשיווק,,,"י""ח",700,"ל  מ""ל",false,1,14.90,2.13,false,1,
7290108356564,false,קרליין מרכך 10 לשיער רגיל 700,החב הדרומית לשיווק,,,"י""ח",700,"ל  מ""ל",false,1,14.90,2.13,false,1,
7290108356571,false,קרליין מרכך 10 לשיער יבש 700,החב הדרומית לשיווק,,,"י""ח",700,"ל  מ""ל",false,1,14.90,2.13,false,1,
7290108356717,false,"כיף לגבר ULTRA POWER שמפו גל רחצה 700מ""",החב הדרומית לשיווק,,,"י""ח",700,"ל  מ""ל",false,1,12.90,1.84,false,1,
7290108356724,false,"כיף לגבר COOL SPORT שמפו גל רחצה 700מ""ל",החב הדרומית לשיווק,,,"י""ח",700,"ל  מ""ל",false,1,12.90,1.84,false,1,
7290108356816,false,כיף סבון ידיים בוטני גרניום 1ל,החב הדרומית לשיווק,,,"י""ח",1,ליטר,false,1,15.90,15.90,false,1,
7290108356854,false,בייבי כיף מגבונים 1/5 בניחוח עדין,החב הדרומית לשיווק,,,"י""ח",1,,false,1,19.90,19.90,false,1,
7290108357004,false,"כיף שמפו ורד ושמן קוקוי 700מ""ל",החב הדרומית לשיווק,,,"י""ח",700,"ל  מ""ל",false,1,13.90,1.99,false,1,
7290108357226,false,"סנו אוקסיג ן POWER אבקה 1.4ק""ג לכביסה לב",החב הדרומית לשיווק,,,"י""ח",1.40,"ק""ג",false,1,31.90,22.79,false,1,
7290108357264,false,"פרש אוטומטיק בניחוח אולטרה פרש 250מ""ל",החב הדרומית לשיווק,,,"י""ח",165,ל  גרם,false,1,13.90,8.42,false,1,
7290108357295,false,סנו אוקסיגאן מסיר בתרסיס מרסס,החב הדרומית לשיווק,,,"י""ח",750,"ל  מ""ל",false,1,17.70,2.36,false,1,
7290108357318,false,אוקסיגן 540ג אבקה להסרת כתמים,החב הדרומית לשיווק,,,"י""ח",540,ל  גרם,false,1,16.90,3.13,false,1,
7290108357325,false,אוקסיגן 540ג אבקה להסרת כתמים,החב הדרומית לשיווק,,,"י""ח",540,ל  גרם,false,1,16.90,3.13,false,1,
7290108357417,false,"קרם גוף קרמה ורד ווניל 500 מ""",החב הדרומית לשיווק,,,"י""ח",500,"ל  מ""ל",false,1,24.90,4.98,false,1,
7290108357424,false,"קרם גוף קרמה נרולי ומגנוליה 500 מ""",החב הדרומית לשיווק,,,"י""ח",500,"ל  מ""ל",false,1,24.90,4.98,false,1,
7290108357431,false,"קרם גוף קרמה בריזת ים 500 מ""ל",החב הדרומית לשיווק,,,"י""ח",500,"ל  מ""ל",false,1,24.90,4.98,false,1,
7290108357448,false,"קרם גוף קרמה לבנדר ואקליפטוס 500 מ""",החב הדרומית לשיווק,,,"י""ח",500,"ל  מ""ל",false,1,24.90,4.98,false,1,
7290108357509,false,"קרם גוף קרמה וניל ופלפל ורוד 500 מ""ל",החב הדרומית לשיווק,,,"י""ח",500,"ל  מ""ל",false,1,24.90,4.98,false,1,
7290108357707,false,"כיף שמפו שיער רגיל תפוח ציה 700מ""ל",החב הדרומית לשיווק,,,"י""ח",700,"ל  מ""ל",false,1,13.90,1.99,false,1,
7290108357714,false,"כיף שמפו ש. יבש רימון שמן ארגן 700מ""ל",החב הדרומית לשיווק,,,"י""ח",700,"ל  מ""ל",false,1,13.90,1.99,false,1,
7290108357882,false,"כיף מרכך לחות מוגברת עם אפרסק 700מ""ל",החב הדרומית לשיווק,,,"י""ח",700,"ל  מ""ל",false,1,13.90,1.99,false,1,
7290108359015,false,סנו סושי שקיות זיפר 20יח M,החב הדרומית לשיווק,,,"י""ח",1,,false,1,14.90,14.90,false,1,
7290108359060,false,כריות הפלא סנו סושי 4 יחידות,החב הדרומית לשיווק,,,"י""ח",1,,false,1,9.90,9.90,false,1,
7290108359190,false,סנו סושי מגבות נייר גליל כפול 4=12,החב הדרומית לשיווק,,,"י""ח",126.96,מטר,false,1,24.90,0.20,false,1,
7290108359893,false,"בייבי כיף תחליב רחצה 750מ""ל",החב הדרומית לשיווק,,,"י""ח",750,"ל  מ""ל",false,1,17.90,2.39,false,1,
7290108501346,false,גבינת גאודה מגורדת 500ג 28% ויליפוד,ג.וילי פוד אינטרנשיונל בעמ,,,"י""ח",500,ל  גרם,false,1,24.90,4.98,false,1,
7290108502329,false,נתחי טונה  בשמן זית 160גר *4,ג.וילי פוד אינטרנשיונל בעמ,,,"י""ח",640,ל  גרם,false,1,26.90,4.20,false,1,
7290108503043,false,מארז תפוחונים 1/4,ג.וילי פוד אינטרנשיונל בעמ,,,"י""ח",4,"י""ח",false,1,14.90,3.73,false,1,
7290108503647,false,"אורז  בסמטי 1ק""ג מהדרין DAAWAT",ג.וילי פוד אינטרנשיונל בעמ,,,"י""ח",1,"ק""ג",false,1,12.90,12.90,true,1,
7290108505962,false,שזיפים מיובשים  400גר,ג.וילי פוד אינטרנשיונל בעמ,,,"י""ח",400,ל  גרם,false,1,21.90,5.48,false,1,
7290108506532,false,גליליות וופל במילוי אגוזי לוז   400ג,ג.וילי פוד אינטרנשיונל בעמ,,,"י""ח",400,ל  גרם,false,1,13.90,3.48,true,1,
7290108508130,false,עגבניות מרוסקות 390ג,ג.וילי פוד אינטרנשיונל בעמ,,,"י""ח",390,ל  גרם,false,1,10.90,2.79,true,1,
7290108509403,false,חלבה טורקית קלאסית 350 גרם ג.ויליפוד,ג.וילי פוד אינטרנשיונל בעמ,,,"י""ח",350,ל  גרם,false,1,11.90,3.40,false,1,
7290108509410,false,חלבה טורקית קקאו 350 גרם ויליפוד,ג.וילי פוד אינטרנשיונל בעמ,,,"י""ח",350,ל  גרם,false,1,11.90,3.40,false,1,
7290108509700,false,"אורז בסגנון פרסי 1ק""ג DAAWAT",ג.וילי פוד אינטרנשיונל בעמ,,,"י""ח",1,"ק""ג",false,1,9.90,9.90,false,1,
7290108509908,false,מנת השף אטריות טעם ירקות 85ג,ג.וילי פוד אינטרנשיונל בעמ,,,"י""ח",85,ל  גרם,false,1,3.90,4.59,true,1,
7290108509915,false,מנת השף אטריות טעם סיני פיקנטי 85ג,ג.וילי פוד אינטרנשיונל בעמ,,,"י""ח",85,ל  גרם,false,1,3.90,4.59,true,1,
7290108509922,false,מנת השף אטריות טעם עוף 85ג,ג.וילי פוד אינטרנשיונל בעמ,,,"י""ח",85,ל  גרם,false,1,3.90,4.59,true,1,
7290108509939,false,פרוסות פילה טונה 120גר,ג.וילי פוד אינטרנשיונל בעמ,,,"י""ח",120,ל  גרם,false,1,12.90,10.75,true,1,
7290108509991,false,"רוטב טריאקי 300מ""ל",ג.וילי פוד אינטרנשיונל בעמ,,,"י""ח",300,ל  גרם,false,1,8.90,2.97,false,1,
7290109351025,false,חומוס טחינה 400ג צבר,קבוצת אוסם סחר-שות.מוגבלת,,,"י""ח",400,ל  גרם,false,1,15.80,3.95,true,1,
7290109354972,false,פתי בר קלאסי ללא גלוטן 200גר,קבוצת אוסם סחר-שות.מוגבלת,,,"י""ח",200,ל  גרם,false,1,12.90,6.45,true,1,
7290109354996,false,פתי בר שוקו  ללא גלוטן 200גר,קבוצת אוסם סחר-שות.מוגבלת,,,"י""ח",200,ל  גרם,false,1,12.90,6.45,true,1,
7290109355504,false,קראנץ וניל ריבת נוגט כשל``פ,נגה גלידות,,,"י""ח",100,ל  גרם,false,1,7,7,true,1,
7290109358284,false,שניצל תירס עם חלבון  664 גרם,קבוצת אוסם סחר-שות.מוגבלת,,,"י""ח",664,ל  גרם,false,1,38.90,5.86,true,1,
7290109358482,false,קרמוגית במילוי חלווה 200גר,קבוצת אוסם סחר-שות.מוגבלת,,,"י""ח",200,ל  גרם,false,1,11.90,5.95,true,1,
7290109358765,false,קראנץ רולס נוגט 500גר`,קבוצת אוסם סחר-שות.מוגבלת,,,"י""ח",500,ל  גרם,false,1,24.90,4.98,true,1,
7290109580043,false,"שניצל תירס 1.75ק""ג בד""ץ",זוגלובק שיווק בעמ,,,"י""ח",1.75,"ק""ג",false,1,49.90,28.51,false,1,
7290109580142,false,"נקניקיות מן הצומח 1.75 ק""ג בד""ץ",זוגלובק שיווק בעמ,,,"י""ח",1.75,"ק""ג",false,1,49.90,28.51,false,1,
7290109580272,false,סרוולד איטלקי פרמיום 150ג,זוגלובק שיווק בעמ,,,"י""ח",150,ל  גרם,false,1,22.90,15.27,false,1,
7290109580302,false,מארז תה מעושן 350גר+ח.עוף 350גר בית יו.,זוגלובק שיווק בעמ,,,"י""ח",700,ל  גרם,false,1,31.90,4.56,false,1,
7290109580463,false,נאגטס פיקנטי 500ג,זוגלובק שיווק בעמ,,,"י""ח",0.50,"ק""ג",false,1,22.90,45.80,false,1,
7290109580470,false,"נאגטס מן הצומח 1ק""ג",זוגלובק שיווק בעמ,,,"י""ח",1,"ק""ג",false,1,37.90,37.90,false,1,
7290109580487,false,"חטיפי תירס 1ק""ג",זוגלובק שיווק בעמ,,,"י""ח",1,"ק""ג",false,1,37.90,37.90,false,1,
7290109840956,false,צ`יפסר 3.5ליטר,אליהו שיווק חשמל בעמ,,,"י""ח",1,,false,1,99,99,false,1,
7290109920146,false,"דורגול קומקום 750מ""ל",יעקב יעקבי ובניו בעמ,,,"י""ח",750,"ל  מ""ל",false,1,19.90,2.65,false,1,
7290109921488,false,"דורגול למכונת כביסה 500מ""ל",יעקב יעקבי ובניו בעמ,,,"י""ח",500,"ל  מ""ל",false,1,29.90,5.98,false,1,
7290109923093,false,"אסטוניש לחיץ כירים זכוכית קרמית 500מ""",יעקב יעקבי ובניו בעמ,,,"י""ח",500,"ל  מ""ל",false,1,14.90,2.98,true,1,
7290110110574,false,פחית קוקה קולה זירו לימון סליק,החברה המרכזית להפצת משקאות בעמ,,,"י""ח",330,"ל  מ""ל",false,1,4.60,1.30,true,1,
7290110113377,false,קוקה קולה 1ליטר רביעייה,החברה המרכזית להפצת משקאות בעמ,,,"י""ח",4,ליטר,false,1,29.90,7.18,false,1,
7290110113384,false,קוקה קולה זירו  1ליטר רביעייה,החברה המרכזית להפצת משקאות בעמ,,,"י""ח",4,ליטר,false,1,29.90,7.18,false,1,
7290110114787,false,נביעות בטעם תפוח עדין 1.5ליטר,החברה המרכזית להפצת משקאות בעמ,,,"י""ח",1.50,ליטר,false,1,9,5.80,false,1,
7290110114794,false,נביעות בטעם אפרסק עדין 1.5ליטר,החברה המרכזית להפצת משקאות בעמ,,,"י""ח",1.50,ליטר,false,1,9,5.80,false,1,
7290110114800,false,נביעות בטעם ענבים עדין 1.5ליטר,החברה המרכזית להפצת משקאות בעמ,,,"י""ח",1.50,ליטר,false,1,9,5.80,false,1,
7290110114855,false,~נביעות 1.5 ליטר שישיה,החברה המרכזית להפצת משקאות בעמ,,,"י""ח",9,ליטר,false,1,14,1.36,false,1,
7290110114886,false,פריגת מיץ סחוט קלמנטינה 2 ליטר,*החברה המרכזית להפצת משקאותבעמ,,,"י""ח",2,ליטר,false,1,28.90,14.30,false,1,
7290110114954,false,מיץ תפוזים מתקתק 100% 2ל.,*החברה המרכזית להפצת משקאותבעמ,,,"י""ח",2,ליטר,false,1,20.90,10.30,false,1,
7290110114961,false,פריגת תפוזים 1.5 ליטר,החברה המרכזית להפצת משקאות בעמ,,,"י""ח",1.50,ליטר,false,1,9,5.80,false,1,
7290110114985,false,פריגת אשכולית 1.5 ליטר,החברה המרכזית להפצת משקאות בעמ,,,"י""ח",1.50,ליטר,false,1,9,5.80,false,1,
7290110114992,false,פריגת אשכולית לייט 1.5 ליטר,החברה המרכזית להפצת משקאות בעמ,,,"י""ח",1.50,ליטר,false,1,8.50,5.47,false,1,
7290110115005,false,פריגת ענבים 1.5 ליטר,החברה המרכזית להפצת משקאות בעמ,,,"י""ח",1.50,ליטר,false,1,9,5.80,false,1,
7290110115036,false,פריגת מנגו 1.5 ליטר,החברה המרכזית להפצת משקאות בעמ,,,"י""ח",1.50,ליטר,false,1,9,5.80,false,1,
7290110115043,false,פריגת לימונענע 1.5 ליטר,החברה המרכזית להפצת משקאות בעמ,,,"י""ח",1.50,ליטר,false,1,9,5.80,false,1,
7290110115050,false,פריגת מיקס תות בננה 1.5 ליטר,החברה המרכזית להפצת משקאות בעמ,,,"י""ח",1.50,ליטר,false,1,9,5.80,false,1,
7290110115081,false,פריגת צלול ענבים 1.5 ל,החברה המרכזית להפצת משקאות בעמ,,,"י""ח",1.50,ליטר,false,1,8.60,5.53,false,1,
7290110115104,false,פריגת צלול אפרסק 1.5 ל,החברה המרכזית להפצת משקאות בעמ,,,"י""ח",1.50,ליטר,false,1,8.60,5.53,false,1,
7290110115111,false,פריגת צלול אננס 1.5 ל,החברה המרכזית להפצת משקאות בעמ,,,"י""ח",1.50,ליטר,false,1,8.60,5.53,false,1,
7290110115128,false,פריגת צלול בטעם לימונענע 1.5 ל,החברה המרכזית להפצת משקאות בעמ,,,"י""ח",1.50,ליטר,false,1,8.60,5.53,false,1,
7290110115180,false,נביעות 1.5 ליטר,החברה המרכזית להפצת משקאות בעמ,,,"י""ח",1.50,ליטר,false,1,3.10,1.87,false,1,
7290110115203,false,קוקה קולה 1.5 ליטר,החברה המרכזית להפצת משקאות בעמ,,,"י""ח",150,"ל  מ""ל",false,1,9,5.80,false,1,
7290110115210,false,דיאט קוקה קולה 1.5 ליטר,החברה המרכזית להפצת משקאות בעמ,,,"י""ח",1.50,ליטר,false,1,8.30,5.33,false,1,
7290110115227,false,קוקה קולה ZERO 1.5 ל,החברה המרכזית להפצת משקאות בעמ,,,"י""ח",1.50,ליטר,false,1,8.90,5.73,false,1,
7290110115241,false,קוקה קולה ZERO 1.5 ל לימון,החברה המרכזית להפצת משקאות בעמ,,,"י""ח",1.50,ליטר,false,1,8.60,5.53,false,1,
7290110115265,false,ספרייט 1.5ליטר,החברה המרכזית להפצת משקאות בעמ,,,"י""ח",1.50,ליטר,false,1,9,5.80,true,1,
7290110115272,false,ספרייט ZERO בק 1.5ליטר,החברה המרכזית להפצת משקאות בעמ,,,"י""ח",1.50,ליטר,false,1,9,5.80,true,1,
7290110115289,false,ספרייט לימון נענע  1.5ל.,החברה המרכזית להפצת משקאות בעמ,,,"י""ח",1.50,ליטר,false,1,9,5.80,true,1,
7290110115296,false,פאנטה 1.5 ליטר(אורנג  ),החברה המרכזית להפצת משקאות בעמ,,,"י""ח",1.50,ליטר,false,1,8.80,5.67,true,1,
7290110115340,false,פאנטה ענבים 1.5ל,החברה המרכזית להפצת משקאות בעמ,,,"י""ח",1.50,ליטר,false,1,8.80,5.67,true,1,
7290110115357,false,סודה קינלי 1.5 ליטר,החברה המרכזית להפצת משקאות בעמ,,,"י""ח",1.50,ליטר,false,1,4.60,2.87,false,1,
7290110115364,false,קוקה קולה שישיות 1.5 ליטר.,החברה המרכזית להפצת משקאות בעמ,,,"י""ח",9,ליטר,false,1,49.90,5.34,false,1,
7290110115395,false,ספרייט ZERO שישיות 1.5 ליטר,החברה המרכזית להפצת משקאות בעמ,,,"י""ח",9,ליטר,false,1,49.90,5.34,false,1,
7290110115401,false,קינלי סודה שישיה 1.5ל,החברה המרכזית להפצת משקאות בעמ,,,"י""ח",9,ליטר,false,1,16.90,1.68,false,1,
7290110115418,false,קוקה קולה ZIRO 1.5 ל שישייה,החברה המרכזית להפצת משקאות בעמ,,,"י""ח",9,ליטר,false,1,48.90,5.23,false,1,
7290110115425,false,תה לימון נענע  1.5 FUZE-T,החברה המרכזית להפצת משקאות בעמ,,,"י""ח",1.50,ליטר,false,1,9.50,6.13,true,1,
7290110115449,false,תה מנגו אננס  1.5 FUZE-T,החברה המרכזית להפצת משקאות בעמ,,,"י""ח",1.50,ליטר,false,1,9.50,6.13,true,1,
7290110115463,false,תה אפרסק  1.5 FUZE-T,החברה המרכזית להפצת משקאות בעמ,,,"י""ח",1.50,ליטר,false,1,9.50,6.13,true,1,
7290110115494,false,תה דיאט ענבים 1.5 FUZE-T,החברה המרכזית להפצת משקאות בעמ,,,"י""ח",1.50,ליטר,false,1,9.50,6.13,true,1,
7290110115593,false,פריגת אשכולית 40% פחות סוכר 1.5 ליטר,החברה המרכזית להפצת משקאות בעמ,,,"י""ח",1.50,ליטר,false,1,9,5.80,false,1,
7290110115623,false,תה אפרסק  1.5 FUZE-T zero,החברה המרכזית להפצת משקאות בעמ,,,"י""ח",1.50,ליטר,false,1,8.90,5.73,true,1,
7290110116064,false,פאנטה ZERO פירות ירוק 1.5 ליטר,החברה המרכזית להפצת משקאות בעמ,,,"י""ח",1.50,ליטר,false,1,8.80,5.67,true,1,
7290110116132,false,"סירופ טעם לימון 750מ""ל",החברה המרכזית להפצת משקאות בעמ,,,"י""ח",750,"ל  מ""ל",false,1,23.60,3.15,true,1,
7290110116149,false,"סירופ טעם ענבים 750מ""ל",החברה המרכזית להפצת משקאות בעמ,,,"י""ח",750,"ל  מ""ל",false,1,23.60,3.15,true,1,
7290110116194,false,נביעות רכיבי פרי לימון ליים 0% 1.5ליטר,החברה המרכזית להפצת משקאות בעמ,,,"י""ח",1.50,ליטר,false,1,9.50,6.13,false,1,
7290110116217,false,נביעות רכיבי פרי אשכולית 0% 1.5ליטר,החברה המרכזית להפצת משקאות בעמ,,,"י""ח",1.50,ליטר,false,1,9.50,6.13,false,1,
7290110116385,false,פחית סטפאני מרשמלו זירו אבטיח תות  סליק,החברה המרכזית להפצת משקאות בעמ,,,"י""ח",330,"ל  מ""ל",false,1,4.60,1.30,true,1,
7290110116552,false,ספרייט 1.5ליטר Lemon hit,החברה המרכזית להפצת משקאות בעמ,,,"י""ח",1.50,ליטר,false,1,9,5.80,true,1,
7290110116569,false,ספרייט ZERO בק 1.5ליטר Lemon hit,החברה המרכזית להפצת משקאות בעמ,,,"י""ח",1.50,ליטר,false,1,9,5.80,true,1,
7290110320850,false,פתיתי עמק 28% שומן 200ג,תנובה בעמ ***,,,"י""ח",200,ל  גרם,false,1,15.80,7.90,false,1,
7290110320867,false,פתיתי עמק למאפים 28% שומן 500ג,תנובה בעמ ***,,,"י""ח",500,ל  גרם,false,1,37.90,7.58,true,1,
7290110321277,false,קוטג  5% תנובה 100 גרם מהדרין,תנובה בעמ ***,,,"י""ח",100,ל  גרם,false,1,2.90,2.90,false,1,
7290110321284,false,קוטג  9% תנובה 100 גרם מהדרין,תנובה בעמ ***,,,"י""ח",100,ל  גרם,false,1,2.90,2.90,false,1,
7290110322014,false,טופו טבעי 300ג,תנובה בעמ ***,,,"י""ח",300,ל  גרם,false,1,12.70,4.23,true,1,
7290110323097,false,תאומים 80ג בודד,תנובה בעמ ***,,,"י""ח",80,ל  גרם,false,1,1.90,2.38,false,1,
7290110323714,false,משקה קוקוס שקדים 1ל,תנובה בעמ ***,,,"י""ח",1,ליטר,false,1,13.90,13.90,true,1,
7290110324872,false,גלבוע  5% שומן 200ג,תנובה בעמ ***,,,"י""ח",200,ל  גרם,false,1,18.70,9.35,false,1,
7290110324926,false,"משקה סויה לל""ס 1  ל` תנובה",תנובה בעמ ***,,,"י""ח",1,ליטר,false,1,11.90,11.90,true,1,
7290110325084,false,מאגדת שמינייה מיני קרלו שונל,תנובה בעמ ***,,,"י""ח",800,"ל  מ""ל",false,1,14.30,1.79,false,1,
7290110325510,false,יופלה טיוב יוגורט  וניל 348ג,תנובה בעמ ***,,,"י""ח",348,"ל  מ""ל",false,1,12.90,3.71,false,1,
7290110325619,false,משקה ש.שועל  טרי 1ל תנובה,תנובה בעמ ***,,,"י""ח",1,ליטר,false,1,13.90,13.90,true,1,
7290110325893,false,"משקה גו  אייס  קפה 340מ""ל",תנובה בעמ ***,,,"י""ח",340,"ל  מ""ל",false,1,8.40,2.47,false,1,
7290110326210,false,און טופ יופלה פצפוצים 157ג,תנובה בעמ ***,,,"י""ח",150,"ל  מ""ל",false,1,5.40,3.60,true,1,
7290110326876,false,לאבנה עיזים 250ג,תנובה בעמ ***,,,"י""ח",250,ל  גרם,false,1,15.90,6.36,false,1,
7290110327064,false,משקה קפה ש.שועל טעם קרמל 1ל,תנובה בעמ ***,,,"י""ח",1,ליטר,false,1,13.90,13.90,true,1,
7290110327514,false,משקה ש.שועל אגוזי לוז  טרי 1ל תנובה,תנובה בעמ ***,,,"י""ח",1,ליטר,false,1,13.90,13.90,true,1,
7290110328016,false,משקה סויה מ. בחלבון אגוזי לוז 250ג,תנובה בעמ ***,,,"י""ח",0.25,ליטר,false,1,6.90,27.60,false,1,
7290110328504,false,טריו מיקס גבינות 300ג,תנובה בעמ ***,,,"י""ח",300,ל  גרם,false,1,26.90,8.97,false,1,
7290110328627,false,יוגורט גו סמיך 0% בננה קרמל,תנובה בעמ ***,,,"י""ח",200,"ל  מ""ל",false,1,5.70,2.85,true,1,
7290110328641,false,טופו טבעי 500ג 2*250ג,תנובה בעמ ***,,,"י""ח",500,ל  גרם,false,1,21.40,4.28,false,1,
7290110328764,false,יוגורט גו סמיך 0% תות,תנובה בעמ ***,,,"י""ח",200,"ל  מ""ל",false,1,5.90,2.95,true,1,
7290110328771,false,יוגורט גו סמיך 0% פ.יער,תנובה בעמ ***,,,"י""ח",200,"ל  מ""ל",false,1,5.90,2.95,true,1,
7290110328788,false,יוגורט גו סמיך 0% אפרסק,תנובה בעמ ***,,,"י""ח",200,"ל  מ""ל",false,1,5.90,2.95,true,1,
7290110329136,false,מעדן חלב גו טעם שוקולד 120ג  12ג חלבון,תנובה בעמ ***,,,"י""ח",120,"ל  מ""ל",false,1,4.90,4.08,false,1,
7290110329143,false,מעדן חלב גו טעם וניל 120ג עם 12ג חלבון,תנובה בעמ ***,,,"י""ח",120,"ל  מ""ל",false,1,4.90,4.08,false,1,
7290110329686,false,"משקה גו  טעם עוגיות  340מ""ל",תנובה בעמ ***,,,"י""ח",340,"ל  מ""ל",false,1,7.50,2.21,false,1,
7290110329792,false,יוגורט סויה ביו אפרסק  150ג,תנובה בעמ ***,,,"י""ח",150,"ל  מ""ל",false,1,4.80,3.20,false,1,
7290110329808,false,יוגורט סויה ביו תות  150ג,תנובה בעמ ***,,,"י""ח",150,"ל  מ""ל",false,1,4.80,3.20,false,1,
7290110329822,false,יוגורט סויה ביו פירות יער 150ג,תנובה בעמ ***,,,"י""ח",150,"ל  מ""ל",false,1,4.80,3.20,false,1,
7290110550370,false,פריכיות משולשות קינואה ופלפל שחור 65גר,"שטראוס גרופ בע""מ",,,"י""ח",65,ל  גרם,false,1,9.50,14.62,true,1,
7290110552121,false,היוגורט הראשון שלי  100גר,"שטראוס גרופ ***בע""מ",,,"י""ח",100,"ל  מ""ל",false,1,2.30,2.30,true,1,
7290110552220,false,דנונה פרו 20גר ללא סוכר טעם תות,"שטראוס גרופ ***בע""מ",,,"י""ח",20,"ל  מ""ל",false,1,5.90,29.50,true,1,
7290110552237,false,דנונה פרו 20גר ללא סוכר טעם אפרסק מנגו,"שטראוס גרופ ***בע""מ",,,"י""ח",20,"ל  מ""ל",false,1,5.90,29.50,true,1,
7290110553173,false,פריכיות אנרג`י בטעם קרמל 40גר,"שטראוס גרופ בע""מ",,,"י""ח",40,ל  גרם,false,1,6.90,17.25,true,1,
7290110553425,false,111,"שטראוס גרופ בע""מ",,,"י""ח",200,"ל  מ""ל",false,1,19.90,9.95,true,1,
7290110554422,false,רוטב עגבניות ופלפלים לשקשוקה  350גר,"שטראוס גרופ בע""מ",,,"י""ח",350,ל  גרם,false,1,11.90,3.40,true,1,
7290110554583,false,מארז ציטוס פאפ גבינה 10*20,"שטראוס פריטו ליי בע""מ",,,"י""ח",200,ל  גרם,false,1,12.90,6.45,true,1,
7290110554699,false,קפסולות קפה יוניקו למכונת NESPRESSO.,"שטראוס גרופ בע""מ",,,"י""ח",50,ל  גרם,false,1,19.90,39.80,true,1,
7290110554705,false,קפסולות קפה יוניקו למכונת NESPRESSO.,"שטראוס גרופ בע""מ",,,"י""ח",50,ל  גרם,false,1,19.90,39.80,true,1,
7290110555603,false,שוקולוטה ספלנדיד 220 גרם עלית,"שטראוס גרופ בע""מ",,,"י""ח",220,ל  גרם,false,1,24.90,11.32,true,1,
7290110555665,false,קקאו דל שומן קופסא 220 גרם עלית,"שטראוס גרופ בע""מ",,,"י""ח",220,ל  גרם,false,1,19.90,9.05,true,1,
7290110556242,false,"שוקולד מריר פרווה בד""ץ 100 ג עלית","שטראוס גרופ בע""מ",,,"י""ח",100,ל  גרם,false,1,5.90,5.90,true,1,
7290110557027,false,חומוס הסדרה 50% טחינה 400ג,"שטראוס גרופ ***בע""מ",,,"י""ח",400,ל  גרם,false,1,14.20,3.55,true,1,
7290110557102,false,מעדן חלב עם שוקולד מועשר בחלבון 150גר,"שטראוס גרופ ***בע""מ",,,"י""ח",130,ל  גרם,false,1,5,3.85,true,1,
7290110557133,false,מעדן הגולן וניל בודד 125גר,"שטראוס גרופ ***בע""מ",,,"י""ח",125,ל  גרם,false,1,3.20,2.56,true,1,
7290110557317,false,"היוגורט הראשון שלי ש""ש 100גר","שטראוס גרופ ***בע""מ",,,"י""ח",100,"ל  מ""ל",false,1,2.30,2.30,true,1,
7290110557478,false,חומוס גלילי 600גר שטראוס,"שטראוס גרופ ***בע""מ",,,"י""ח",600,ל  גרם,false,1,11.90,1.98,true,1,
7290110558130,false,דנונה אקטיביה שיבולת שועל ודבש,"שטראוס גרופ ***בע""מ",,,"י""ח",150,"ל  מ""ל",false,1,4.50,3,true,1,
7290110558154,false,דנונה לייט אנד פריי טעם עוגת תפוחים,"שטראוס גרופ ***בע""מ",,,"י""ח",150,"ל  מ""ל",false,1,4.50,3,true,1,
7290110558222,false,דנונה WOW בנופי 2.4%  150גר,"שטראוס גרופ ***בע""מ",,,"י""ח",150,"ל  מ""ל",false,1,4.90,3.27,true,1,
7290110558239,false,דנונה WOW קראק פאי 2.4%  150גר,"שטראוס גרופ ***בע""מ",,,"י""ח",150,"ל  מ""ל",false,1,4.90,3.27,true,1,
7290110558253,false,משקה דנונה ריפרש בננה אננס 250גר,"שטראוס גרופ ***בע""מ",,,"י""ח",250,"ל  מ""ל",false,1,5.50,2.20,true,1,
7290110558284,false,דנונה ביו מולטי 200גר,"שטראוס גרופ ***בע""מ",,,"י""ח",200,"ל  מ""ל",false,1,4.20,2.10,true,1,
7290110558314,false,דנונה פרו 20גר ללא סוכר פיסטוק,"שטראוס גרופ ***בע""מ",,,"י""ח",20,"ל  מ""ל",false,1,5.90,29.50,true,1,
7290110558338,false,דנונה פרו 200גר חלבון,"שטראוס גרופ ***בע""מ",,,"י""ח",200,"ל  מ""ל",false,1,6.40,3.20,true,1,
7290110559762,false,ריל מאגדת אגוזים תמרים קוקוס,"שטראוס גרופ בע""מ",,,"י""ח",105,ל  גרם,false,1,15.90,15.14,true,1,
7290110560317,false,פריכיות המשולשות מלח ים 30גר,"שטראוס גרופ בע""מ",,,"י""ח",30,ל  גרם,false,1,5,16.67,true,1,
7290110560324,false,פריכיות המשולשות אפונה ירוקה 30גר,"שטראוס גרופ בע""מ",,,"י""ח",30,ל  גרם,false,1,5,16.67,true,1,
7290110561352,false,דנונה דל לקטוז 200גר,"שטראוס גרופ ***בע""מ",,,"י""ח",200,"ל  מ""ל",false,1,3.70,1.85,true,1,
7290110561604,false,מארז גמדים תות בננה שמינייה,"שטראוס גרופ ***בע""מ",,,"י""ח",800,ל  גרם,false,1,18.70,2.34,true,1,
7290110563462,false,חלב נטול לקטוז 2% בקבוק 1ליטר,"שטראוס גרופ ***בע""מ",,,"י""ח",1,ליטר,false,1,7.90,7.90,true,1,
7290110564360,false,חומוס עשיר ב% -40טחינה 400גר`,"שטראוס גרופ ***בע""מ",,,"י""ח",400,ל  גרם,false,1,14.20,3.55,true,1,
7290110564414,false,חומוס עשיר ב- 30% טחינה גולמית 600גר`,"שטראוס גרופ ***בע""מ",,,"י""ח",600,ל  גרם,false,1,12.90,2.15,true,1,
7290110564919,false,"דנונה מתיקות מעודנת לל""ס וממתיק 150גר","שטראוס גרופ ***בע""מ",,,"י""ח",150,ל  גרם,false,1,3.90,2.60,true,1,
7290110565435,false,לימבו פטל 125גרם,"שטראוס גרופ ***בע""מ",,,"י""ח",125,ל  גרם,false,1,2.10,1.68,true,1,
7290110565572,false,מארז קפה טורקי לדרך עם הל 168גר`,"שטראוס גרופ בע""מ",,,"י""ח",168,ל  גרם,false,1,18.90,11.25,true,1,
7290110566975,false,דנונה פרו 20גר  תות,"שטראוס גרופ ***בע""מ",,,"י""ח",20,"ל  מ""ל",false,1,5.90,29.50,true,1,
7290110568238,false,"קצפת צמחית 21% שומן 250מ""ל","שטראוס גרופ ***בע""מ",,,"י""ח",250,"ל  מ""ל",false,1,7.90,3.16,true,1,
7290110570576,false,פולי אספרסו  עשירים וארומטיים 500גר}10,"שטראוס גרופ בע""מ",,,"י""ח",500,ל  גרם,false,1,40.90,8.18,true,1,
7290110570880,false,פולי אספרסו  עשירים וארומטיים 250גר}קפ,"שטראוס גרופ בע""מ",,,"י""ח",250,ל  גרם,false,1,21.90,8.76,true,1,
7290110571382,false,מעדן חלב טעם וניל מועשר בחלבון 150גר,"שטראוס גרופ ***בע""מ",,,"י""ח",130,ל  גרם,false,1,5,3.85,true,1,
7290110571405,false,מיני פינוקיות בגביע פסק זמן 180גר,"שטראוס גרופ בע""מ",,,"י""ח",200,ל  גרם,false,1,10.90,5.45,true,1,
7290110571412,false,מיני פינוקיות  בגביעפטדג`180גר,"שטראוס גרופ בע""מ",,,"י""ח",200,ל  גרם,false,1,10.90,5.45,true,1,
7290110572884,false,"קפסולות אספרסו חזק עלית 14יח כשל""פ","שטראוס גרופ בע""מ",,,"י""ח",50,ל  גרם,false,1,19.90,39.80,true,1,
7290110576752,false,שוקולד ספלנדיד מריר 70%,"שטראוס גרופ בע""מ",,,"י""ח",100,ל  גרם,false,1,11.90,11.90,true,1,
7290110576776,false,שוקולד ספלנדיד מריר 85%,"שטראוס גרופ בע""מ",,,"י""ח",100,ל  גרם,false,1,11.90,11.90,true,1,
7290110576868,false,גמדים רביעיית טעם סלט פירות,"שטראוס גרופ ***בע""מ",,,"י""ח",400,"ל  מ""ל",false,1,11.70,2.93,true,1,
7290111092985,false,מגבונים בייבי סיטר מעוצבת  רבעייה ללא,שקד תבל בעמ,,,"י""ח",1,,false,1,15.90,15.90,true,1,
7290111093005,false,מגבונים  להסרת איפור 25יח,שקד תבל בעמ,,,"י""ח",25,"י""ח",false,1,7.90,0.32,true,1,
7290111094248,false,שקיות אשפה  קוויק XL עם שרוך 20יח בגליל,שקד תבל בעמ,,,"י""ח",1,"י""ח",false,1,21.90,21.90,true,1,
7290111097041,false,מגבונים בייביסיטר מבושם שמינייה,שקד תבל בעמ,,,"י""ח",66,"י""ח",false,1,24.90,0.38,true,1,
7290111170911,false,מייבש שייער מקצועי 2400W,פוגיקום בעמ,,,"י""ח",1,,false,1,199.90,199.90,true,1,
7290111341366,false,מפיות חד שכבתיות חלקות 150יח,קימברלי קלארק ישראל שיווק בעמ,,,"י""ח",1,"י""ח",false,1,8.90,8.90,false,1,
7290111341373,false,נייר טואלט לילי פסטל 30ג,קימברלי קלארק ישראל שיווק בעמ,,,"י""ח",30,"י""ח",false,1,34.90,1.16,false,1,
7290111341984,false,נייר טואלט לילי לחים מארז רביעיה,קימברלי קלארק ישראל שיווק בעמ,,,"י""ח",117,ל  גרם,false,1,24.90,21.28,true,1,
7290111342059,false,"מטליות לחות  אנטיבקטריאלי כשל""פ",קימברלי קלארק ישראל שיווק בעמ,,,"י""ח",100,ל  גרם,false,1,13.90,13.90,true,1,
7290111342073,false,"מטליות מיקרופייבר אנטיבקטריאלי כשל""פ",קימברלי קלארק ישראל שיווק בעמ,,,"י""ח",100,ל  גרם,false,1,16.90,16.90,false,1,
7290111344206,false,מגבוני האגיס קמומיל 4 יח,קימברלי קלארק ישראל שיווק בעמ,,,"י""ח",4,"י""ח",false,1,19.90,4.98,true,1,
7290111344459,false,קוטקס לילה אקסטרא לונג,קימברלי קלארק ישראל שיווק בעמ,,,"י""ח",20,"י""ח",false,1,18.90,0.95,true,1,
7290111344565,false,שקיות זיפר מארז משולב ניקול,קימברלי קלארק ישראל שיווק בעמ,,,"י""ח",1,"י""ח",false,1,13.90,13.90,true,1,
7290111344572,false,שקיות אשפה  ניקול גדולות 25יח,קימברלי קלארק ישראל שיווק בעמ,,,"י""ח",25,"י""ח",false,1,21.90,0.88,false,1,
7290111344701,false,שקיות אוכל סנדוויצון מהדורה מיניונים 2,קימברלי קלארק ישראל שיווק בעמ,,,"י""ח",250,"י""ח",false,1,12.90,0.05,false,1,
7290111344916,false,כריות יפניות אנטי 6יח,קימברלי קלארק ישראל שיווק בעמ,,,"י""ח",1,"י""ח",false,1,13.90,13.90,false,1,
7290111345814,false,נייר טואלט לילי נטורל קר 30 גליל,קימברלי קלארק ישראל שיווק בעמ,,,"י""ח",552,מטר,false,1,33.90,0.06,false,1,
7290111345982,false,ניקול דפי ספוגית הקסם 10יח,קימברלי קלארק ישראל שיווק בעמ,,,"י""ח",10,"י""ח",false,1,11.90,1.19,false,1,
7290111346293,false,מגבות ניקול לבנה 1/6 מהדורת חג,קימברלי קלארק ישראל שיווק בעמ,,,"י""ח",66.20,מטר,false,1,13.90,0.21,false,1,
7290111350030,false,רסק תפוחי עץ טבעי צנצנת 670ג,ליימן שליסל,,,"י""ח",5.60,,false,1,10.90,1.95,false,1,
7290111350672,false,דבש צנצנת 700ג קליית גת,ליימן שליסל,,,"י""ח",700,"ל  מ""ל",false,1,32.90,4.70,false,1,
7290111352140,false,חמוציות מיובשות ברכז תפוחים 150ג,ליימן שליסל,,,"י""ח",150,ל  גרם,false,1,12.90,8.60,false,1,
7290111352508,false,סילאן טבעי לחיץ 840ג,ליימן שליסל,,,"י""ח",840,ל  גרם,false,1,22.90,2.73,true,1,
7290111352959,false,יוגטה מקלות חמוצים 80גר,ליימן שליסל,,,"י""ח",80,ל  גרם,false,1,4.90,6.13,false,1,
7290111353055,false,חיספוסים גומי דובונים  200ג.,ליימן שליסל,,,"י""ח",200,ל  גרם,false,1,9.90,4.95,false,1,
7290111353062,false,יוגטה סוכריות גומי דובונים 800ג,ליימן שליסל,,,"י""ח",800,ל  גרם,false,1,19.90,2.49,false,1,
7290111353109,false,חיספוסים גומי נחשים מבריק 200ג.,ליימן שליסל,,,"י""ח",200,ל  גרם,false,1,9.90,4.95,false,1,
7290111353123,false,חיספוסים גומי נחשים חמוצות  200ג.,ליימן שליסל,,,"י""ח",200,ל  גרם,false,1,9.90,4.95,false,1,
7290111353383,false,מיני מנטוס שקית  טעם תות,ליימן שליסל,,,"י""ח",178,ל  גרם,false,1,14,7.87,false,1,
7290111353475,false,ממתק חמוץ בטעם פירות 200ג,ליימן שליסל,,,"י""ח",200,ל  גרם,false,1,7.90,3.95,false,1,
7290111353482,false,סוכריות חמוצות ממולאות טעם פירות 200ג,ליימן שליסל,,,"י""ח",200,ל  גרם,false,1,7.90,3.95,false,1,
7290111354120,false,ממרח חלווה 300ג,ליימן שליסל,,,"י""ח",300,ל  גרם,false,1,15.90,5.30,true,1,
7290111354236,false,"טורטיה גודל 25ס""מ מקמח חיטה",ליימן שליסל,,,"י""ח",1,,false,1,9.90,9.90,false,1,
7290111354243,false,"טורטיה גודל 30ס""מ מקמח חיטה",ליימן שליסל,,,"י""ח",1,,false,1,11.90,11.90,false,1,
7290111531323,false,עוגיות רוגלך טעם וניל 400גרם.,שיבולים ייצור ושיווק מאפה בעמ,,,"י""ח",400,ל  גרם,false,1,13.90,3.48,true,1,
7290111534010,false,פס גבינה שמנת ופרורים 450ג,קפולסקי אדל בעמ,,,"י""ח",450,ל  גרם,false,1,44.90,9.98,false,1,
7290111565038,false,.לה קרמריה וניל קוקילידה  1.4 ליטר,נגה גלידות,,,"י""ח",1.40,ליטר,false,1,19.90,14.21,false,1,
7290111566240,false,טבעול שניצל דק בטעם צ ילי חריף 564גר,קבוצת אוסם סחר-שות.מוגבלת,,,"י""ח",564,ל  גרם,false,1,38.90,6.90,true,1,
7290111566271,false,טבעול חטיפי תירס 657גר,קבוצת אוסם סחר-שות.מוגבלת,,,"י""ח",657,ל  גרם,false,1,38.90,5.92,true,1,
7290111566318,false,טבעול שניצל דק מן הצומח 564גר,קבוצת אוסם סחר-שות.מוגבלת,,,"י""ח",564,ל  גרם,false,1,38.90,6.90,true,1,
7290111566547,false,טבעול חזה בגריל צמחי 560גר,קבוצת אוסם סחר-שות.מוגבלת,,,"י""ח",560,ל  גרם,false,1,38.90,6.95,true,1,
7290111566691,false,טבעול שניצל תרד 99 קלוריות 560גר,קבוצת אוסם סחר-שות.מוגבלת,,,"י""ח",560,ל  גרם,false,1,38.90,6.95,true,1,
7290111566714,false,טבעול המבורגר צמחוני 99קלוריות 600 גרם,קבוצת אוסם סחר-שות.מוגבלת,,,"י""ח",600,ל  גרם,false,1,38.90,6.48,true,1,
7290111566776,false,טבעול נקניקיות קוקטייל צמחוניות 680גר,קבוצת אוסם סחר-שות.מוגבלת,,,"י""ח",680,ל  גרם,false,1,38.90,5.72,true,1,
7290111568466,false,"רוטב אסיאתי למוקפץ 360מ""ל",קבוצת אוסם סחר-שות.מוגבלת,,,"י""ח",360,ל  גרם,false,1,14.90,4.14,false,1,
7290111568961,false,בייגלה טבעות מלוחים 400גרם,קבוצת אוסם סחר-שות.מוגבלת,,,"י""ח",400,ל  גרם,false,1,11.70,2.93,false,1,
7290111930799,false,קראנצ וס בצל  55ג חדש,ש.שסטוביץ בעמ,,,"י""ח",55,ל  גרם,false,1,3.50,6.36,true,1,
7290111930850,false,קראנצ וס פיצה  55ג חדש,ש.שסטוביץ בעמ,,,"י""ח",55,ל  גרם,false,1,3.50,6.36,true,1,
7290111930898,false,פוף כוכבים גריל  40ג,ש.שסטוביץ בעמ,,,"י""ח",40,ל  גרם,false,1,3.90,9.75,true,1,
7290111930904,false,פוף כוכבים בצל  40ג,ש.שסטוביץ בעמ,,,"י""ח",40,ל  גרם,false,1,3.90,9.75,true,1,
7290111930911,false,פוף לבבות קלאסי 40ג,ש.שסטוביץ בעמ,,,"י""ח",40,ל  גרם,false,1,3.90,9.75,true,1,
7290111930928,false,פוף לבבות גריל  40ג,ש.שסטוביץ בעמ,,,"י""ח",40,ל  גרם,false,1,3.90,9.75,true,1,
7290111930935,false,פוף טבעות קלאסי  40ג,ש.שסטוביץ בעמ,,,"י""ח",40,ל  גרם,false,1,3.90,9.75,true,1,
7290111932380,false,"מרידול משחת שיניים זוג  75מ""ל.",ש.שסטוביץ בעמ,,,"י""ח",1.50,ליטר,false,1,29.90,19.93,false,1,
7290111933462,false,"מאסטר שף רוטב צילי מתוק 300מ""ל",ש.שסטוביץ בעמ,,,"י""ח",300,ל  גרם,false,1,7.90,2.63,false,1,
7290111933554,false,עגבניות קוביות מאסטר שף  400גר*3,ש.שסטוביץ בעמ,,,"י""ח",1.20,"ק""ג",false,1,16.90,14.08,false,1,
7290112001030,false,מילוי מבשם אוטומטי פיור פריחת דובדבן,רקיט בנקיזר (ניר איסט) בעמ,,,"י""ח",1,,false,1,15.90,15.90,true,1,
7290112002129,false,קולון גל 2.5 ל`בניחוח מרענן ירוק,רקיט בנקיזר (ניר איסט) בעמ,,,"י""ח",2.50,ליטר,false,1,25.90,10.36,true,1,
7290112002136,false,קולון גל 4  ל`רגיל כחול,רקיט בנקיזר (ניר איסט) בעמ,,,"י""ח",4,ליטר,false,1,35.90,8.98,false,1,
7290112002143,false,קולון גל 4  ל`לילך סגול,רקיט בנקיזר (ניר איסט) בעמ,,,"י""ח",4,ליטר,false,1,35.90,8.98,false,1,
7290112002150,false,קולון גל 4  ל`בניחוח ורדים,רקיט בנקיזר (ניר איסט) בעמ,,,"י""ח",4,ליטר,false,1,35.90,8.98,false,1,
7290112002167,false,קולון גל 4  ל`בניחוח פריחה מרענן,רקיט בנקיזר (ניר איסט) בעמ,,,"י""ח",4,ליטר,false,1,35.90,8.98,false,1,
7290112002457,false,מארז שלישייה מגבונים דטול,רקיט בנקיזר (ניר איסט) בעמ,,,"י""ח",1,,false,1,21.90,21.90,false,1,
7290112003072,false,קולון מבשם כחול,רקיט בנקיזר (ניר איסט) בעמ,,,"י""ח",1,"י""ח",false,1,24.90,24.90,false,1,
7290112004109,false,דטול מגבונים חיטוי וניקוי שלישיה,רקיט בנקיזר (ניר איסט) בעמ,,,"י""ח",3,"י""ח",false,1,21.90,7.30,false,1,
7290112004413,false,"וניש לבן ספריי 750מ""ל",רקיט בנקיזר (ניר איסט) בעמ,,,"י""ח",750,"ל  מ""ל",false,1,17.90,2.39,true,1,
7290112004604,false,מארז שלישייה מגבונים דטול,רקיט בנקיזר (ניר איסט) בעמ,,,"י""ח",1,,false,1,21.90,21.90,false,1,
7290112005076,false,וניש  אבקה לכביסה צבעונית   480ג,רקיט בנקיזר (ניר איסט) בעמ,,,"י""ח",480,ל  גרם,false,1,16.90,3.52,true,1,
7290112005083,false,"וניש  אבקה לכביסה 1.5ק""ג צבעונית",רקיט בנקיזר (ניר איסט) בעמ,,,"י""ח",150,ל  גרם,false,1,39.90,26.60,true,1,
7290112195647,false,"שמן זית  כתית מעולה  750מ""ל הזית",א.ג בחירה חכמה בעמ,,,"י""ח",750,"ל  מ""ל",false,1,29.90,3.99,true,1,
7290112330352,false,דנונה פרו 20גר וניל 0% שומן,"שטראוס גרופ ***בע""מ",,,"י""ח",20,"ל  מ""ל",false,1,5.90,29.50,true,1,
7290112330390,false,דנונה פרו 20גר פירות יער 0% שומן,"שטראוס גרופ ***בע""מ",,,"י""ח",200,"ל  מ""ל",false,1,5.90,2.95,true,1,
7290112332585,false,"פריכיות תפו""א,אורז,בתיבול סלק ומלח  30גר","שטראוס גרופ בע""מ",,,"י""ח",30,ל  גרם,false,1,5,16.67,true,1,
7290112332691,false,פינוקיות פסק זמן אגוזים 200גר,"שטראוס גרופ בע""מ",,,"י""ח",200,ל  גרם,false,1,11.90,5.95,true,1,
7290112332875,false,מאסט לארג באבלמינט 80גר,"שטראוס גרופ בע""מ",,,"י""ח",80,ל  גרם,false,1,13.90,17.38,true,1,
7290112332899,false,מסטיק בזוקה פופים קלאסי 58גר,"שטראוס גרופ בע""מ",,,"י""ח",58,ל  גרם,false,1,9.90,17.07,true,1,
7290112334596,false,שוקולית 850 ג  (שקית) +,"שטראוס גרופ בע""מ",,,"י""ח",850,ל  גרם,false,1,17.90,2.11,true,1,
7290112334749,false,קפה טורקי שקית 200 עלית +10% תוספת.,"שטראוס גרופ בע""מ",,,"י""ח",200,ל  גרם,false,1,17.90,8.95,true,1,
7290112335050,false,מרשמלו וניל 150גר עלית,"שטראוס גרופ בע""מ",,,"י""ח",150,ל  גרם,false,1,5.90,3.93,true,1,
7290112335111,false,מאסט לארג באבלמינט 80גר,"שטראוס גרופ בע""מ",,,"י""ח",80,ל  גרם,false,1,13.90,17.38,true,1,
7290112335487,false,פריכיות הטעימות קצח ודגנים 135גר,"שטראוס גרופ בע""מ",,,"י""ח",135,ל  גרם,false,1,12.90,9.56,true,1,
7290112335500,false,פריכיות הטעימות חלבון 135גר,"שטראוס גרופ בע""מ",,,"י""ח",135,ל  גרם,false,1,12.90,9.56,true,1,
7290112336637,false,"סוכריות MUST טעם לל""ס יוגורט תות אוכמנ","שטראוס גרופ בע""מ",,,"י""ח",80,ל  גרם,false,1,8.90,11.13,true,1,
7290112336644,false,"סוכריות MUST טעם לל""ס לימון","שטראוס גרופ בע""מ",,,"י""ח",80,ל  גרם,false,1,8.90,11.13,true,1,
7290112336712,false,דנונה פרו 21גר 0% 200גר,"שטראוס גרופ ***בע""מ",,,"י""ח",20,"ל  מ""ל",false,1,5.90,29.50,true,1,
7290112337481,false,"סוכריות MUST טעם לל""ס קפוצ`ינו","שטראוס גרופ בע""מ",,,"י""ח",80,ל  גרם,false,1,8.90,11.13,true,1,
7290112339867,false,גמדים סקוויז  תות בודד 100ג,"שטראוס גרופ ***בע""מ",,,"י""ח",100,ל  גרם,false,1,5.90,5.90,true,1,
7290112339874,false,גמדים סקוויז  תות בננה  בודד 100ג,"שטראוס גרופ ***בע""מ",,,"י""ח",100,ל  גרם,false,1,5.90,5.90,true,1,
7290112340122,false,פריכיות הטעימות 3דגנים 135גר,"שטראוס גרופ בע""מ",,,"י""ח",135,ל  גרם,false,1,12.90,9.56,true,1,
7290112340900,false,קפה האג 200 גר,"שטראוס גרופ בע""מ",,,"י""ח",200,ל  גרם,false,1,24.90,12.45,true,1,
7290112341556,false,אקטיביה צ`יה ותות בודד 150גר,"שטראוס גרופ ***בע""מ",,,"י""ח",150,ל  גרם,false,1,4.60,3.07,true,1,
7290112341686,false,מארז אקטיביה שמינייה 3% 150גר,"שטראוס גרופ ***בע""מ",,,"י""ח",1.20,ליטר,false,1,19.90,16.58,true,1,
7290112342270,false,קפה אינטנס 10% פלטינווס 125גר,"שטראוס גרופ בע""מ",,,"י""ח",125,ל  גרם,false,1,18.20,14.56,true,1,
7290112343499,false,צ יטוס פאפס 55ג,"שטראוס פריטו ליי בע""מ",,,"י""ח",60,ל  גרם,false,1,3.50,5.83,true,1,
7290112343512,false,ציטוס פאפס 160ג,"שטראוס פריטו ליי בע""מ",,,"י""ח",180,ל  גרם,false,1,7.50,4.17,true,1,
7290112344564,false,רביולי גבינה שטראוס,"שטראוס גרופ ***בע""מ",,,"י""ח",400,ל  גרם,false,1,19.90,4.98,true,1,
7290112344724,false,מילקי טעם שוקולד בלונדי 133גר,"שטראוס גרופ ***בע""מ",,,"י""ח",133,ל  גרם,false,1,3.60,2.71,true,1,
7290112344755,false,מילקי עם 26% פחות סוכר 135 גר}שטראוס{,"שטראוס גרופ ***בע""מ",,,"י""ח",130,"ל  מ""ל",false,1,2.90,2.23,true,1,
7290112344786,false,קפה נמס פלטינום קלאסיק  200גר,"שטראוס גרופ בע""מ",,,"י""ח",200,ל  גרם,false,1,24.90,12.45,true,1,
7290112346360,false,בפלות אחד אחד בציפוי שוקולד חלב 180גר,"שטראוס גרופ בע""מ",,,"י""ח",180,ל  גרם,false,1,13.90,7.72,true,1,
7290112346537,false,פינוקיות טעם טורטית  200גר,"שטראוס גרופ בע""מ",,,"י""ח",200,ל  גרם,false,1,11.90,5.95,true,1,
7290112346629,false,דנונה קראנצי קורנפלקס מצופה שוקולד,"שטראוס גרופ ***בע""מ",,,"י""ח",175,"ל  מ""ל",false,1,4.60,2.63,true,1,
7290112346773,false,דנונה לייט אנד פריי טעם וניל עם חלבון,"שטראוס גרופ ***בע""מ",,,"י""ח",150,"ל  מ""ל",false,1,4.50,3,true,1,
7290112346797,false,אקטיביה שיבולת שועל ושזיף  150גר,"שטראוס גרופ ***בע""מ",,,"י""ח",150,ל  גרם,false,1,4.60,3.07,true,1,
7290112347008,false,גמדים סקוויז תות בננה  בודד 100ג,"שטראוס גרופ ***בע""מ",,,"י""ח",100,ל  גרם,false,1,5.90,5.90,true,1,
7290112348142,false,שעועית לבנה 380גרם טעם הטבע קופסה,"שטראוס גרופ בע""מ",,,"י""ח",380,ל  גרם,false,1,6.90,1.82,true,1,
7290112348999,false,פריכיות הטעימות תירס דקות 135גר,"שטראוס גרופ בע""מ",,,"י""ח",135,ל  גרם,false,1,12.90,9.56,true,1,
7290112349316,false,בזוקה ביג פופים טעם תות 85גר,"שטראוס גרופ בע""מ",,,"י""ח",80,ל  גרם,false,1,13.90,17.38,true,1,
7290112349750,false,.רוטב עגבניות לפסטה לפיצה 350גר,"שטראוס גרופ בע""מ",,,"י""ח",350,ל  גרם,false,1,11.90,3.40,true,1,
7290112350312,false,"קפסולות אספרסו חזק עלית 15יח כשל""פ","שטראוס גרופ בע""מ",,,"י""ח",50,ל  גרם,false,1,19.90,39.80,true,1,
7290112350589,false,צי קו 65 ג  נס 2020,"שטראוס גרופ בע""מ",,,"י""ח",65,ל  גרם,false,1,11.50,17.69,true,1,
7290112351258,false,פינוקיות שחור לבן 200גר,"שטראוס גרופ בע""מ",,,"י""ח",200,ל  גרם,false,1,11.90,5.95,true,1,
7290112351470,false,שלישיית סוכריות Fresh רימון תות,"שטראוס גרופ בע""מ",,,"י""ח",45,ל  גרם,false,1,8.90,19.78,true,1,
7290112354211,false,פיצה מרגריטה דלישס,קפוא זן תעשיות מזון בעמ,,,"י""ח",300,ל  גרם,false,1,25.90,8.63,true,1,
7290112355102,false,גמדים פאוץ סלט פירות בודד 100ג,"שטראוס גרופ ***בע""מ",,,"י""ח",100,ל  גרם,false,1,5.90,5.90,true,1,
7290112355393,false,רוטב שמנת עם בטטה,"שטראוס גרופ ***בע""מ",,,"י""ח",257,ל  גרם,false,1,10.90,4.24,true,1,
7290112356536,false,שקית קקאו 150 גרם+10%,"שטראוס גרופ בע""מ",,,"י""ח",150,ל  גרם,false,1,9.90,6.60,true,1,
7290112357045,false,עגבניות מרוסקות טעם הטבע קופסה 390גר,"שטראוס גרופ בע""מ",,,"י""ח",390,ל  גרם,false,1,6.60,1.69,true,1,
7290112357069,false,מחית עגבניות איטלקיות טעם הטבע קופסה50,"שטראוס גרופ בע""מ",,,"י""ח",500,ל  גרם,false,1,6.90,1.38,true,1,
7290112357083,false,אפונה גינה 380גרם טעם הטבע קופסה,"שטראוס גרופ בע""מ",,,"י""ח",380,ל  גרם,false,1,6.90,1.82,true,1,
7290112357106,false,שעועית אדומה 380גרם טעם הטבע קופסה,"שטראוס גרופ בע""מ",,,"י""ח",380,ל  גרם,false,1,6.90,1.82,true,1,
7290112357113,false,גרגרי חומוס 380גרם טעם הטבע קופסה,"שטראוס גרופ בע""מ",,,"י""ח",380,ל  גרם,false,1,6.90,1.82,true,1,
7290112358127,false,דנונה פרו 200גר עם מגנזיום,"שטראוס גרופ ***בע""מ",,,"י""ח",200,"ל  מ""ל",false,1,6.40,3.20,true,1,
7290112358219,false,"רוטב צ`ילי מתוק 280מ""ל יד מרדכי","שטראוס גרופ בע""מ",,,"י""ח",280,"ל  מ""ל",false,1,12.90,4.61,true,1,
7290112358240,false,"רוטב גריל 300מ""ל יד מרדכי","שטראוס גרופ בע""מ",,,"י""ח",300,"ל  מ""ל",false,1,12.90,4.30,true,1,
7290112359384,false,אייס קפה נמס אלפחורס ריבת חלב 100גר.,"שטראוס גרופ בע""מ",,,"י""ח",200,ל  גרם,false,1,19.90,9.95,true,1,
7290112490032,false,נמס בכוס תירס,יוניליוור ישראל שיווק בעמ,,,"י""ח",64,ל  גרם,false,1,7.50,11.72,true,1,
7290112490209,false,נמס בכוס עגבניות 56ג,יוניליוור ישראל שיווק בעמ,,,"י""ח",56,ל  גרם,false,1,7.50,13.39,true,1,
7290112490216,false,נמס בכוס טעם עוף  48ג,יוניליוור ישראל שיווק בעמ,,,"י""ח",48,ל  גרם,false,1,7.50,15.63,true,1,
7290112490230,false,נמס בכוס אפונה  50ג,יוניליוור ישראל שיווק בעמ,,,"י""ח",50,ל  גרם,false,1,7.50,15,true,1,
7290112490650,false,קונפיטורה תות שדה 340ג,יוניליוור ישראל שיווק בעמ,,,"י""ח",340,ל  גרם,false,1,12.90,3.79,false,1,
7290112490742,false,מרק עשיר פטריות גריסים ר.טבע י 104ג,יוניליוור ישראל שיווק בעמ,,,"י""ח",104,ל  גרם,false,1,11.90,11.44,false,1,
7290112490896,false,"רוטב צ ילי חריף  370 מ""ל קנור",יוניליוור ישראל שיווק בעמ,,,"י""ח",300,"ל  מ""ל",false,1,11.90,3.97,true,1,
7290112491701,false,"ברנפלקס חלבון בד""ץ 375ג",יוניליוור ישראל שיווק בעמ,,,"י""ח",375,ל  גרם,false,1,20.90,5.57,true,1,
7290112492449,false,פינוק  שמפו(כחול)לשיער רגיל,יוניליוור ישראל שיווק בעמ,,,"י""ח",700,"ל  מ""ל",false,1,12.90,1.84,true,1,
7290112492456,false,פינוק  שמפו(כחול)לשיער יבש,יוניליוור ישראל שיווק בעמ,,,"י""ח",700,"ל  מ""ל",false,1,12.90,1.84,true,1,
7290112492463,false,פינוק שמפו+קונדישינר רגיל,יוניליוור ישראל שיווק בעמ,,,"י""ח",700,"ל  מ""ל",false,1,12.90,1.84,true,1,
7290112492470,false,פינוק שמפו+קונדישינר יבש,יוניליוור ישראל שיווק בעמ,,,"י""ח",700,"ל  מ""ל",false,1,12.90,1.84,true,1,
7290112492500,false,"פינוק שמפו שמן קוקוס 700מ""ל",יוניליוור ישראל שיווק בעמ,,,"י""ח",700,"ל  מ""ל",false,1,12.90,1.84,true,1,
7290112492531,false,"פינוק קונדישנר לשיער רגיל 700מ""ל",יוניליוור ישראל שיווק בעמ,,,"י""ח",700,"ל  מ""ל",false,1,12.90,1.84,true,1,
7290112492548,false,קונדשנר פינוק לשיער יבש,יוניליוור ישראל שיווק בעמ,,,"י""ח",700,"ל  מ""ל",false,1,12.90,1.84,true,1,
7290112492579,false,"פינוק מרכך  שמן קוקוס 700מ""ל",יוניליוור ישראל שיווק בעמ,,,"י""ח",700,"ל  מ""ל",false,1,12.90,1.84,true,1,
7290112492593,false,פינוק סבון נוזלי בניחוח קלאסי,יוניליוור ישראל שיווק בעמ,,,"י""ח",750,"ל  מ""ל",false,1,11.90,1.59,false,1,
7290112492609,false,"פינוק סבון נוזלי לבנדר ווניל 700 מ""ל",יוניליוור ישראל שיווק בעמ,,,"י""ח",700,"ל  מ""ל",false,1,11.90,1.70,false,1,
7290112492630,false,"פינוק לגבר 3ב1 700מ""ל.",יוניליוור ישראל שיווק בעמ,,,"י""ח",700,"ל  מ""ל",false,1,12.90,1.84,true,1,
7290112492647,false,"פינוק לגבר 3ב1 700מ""ל.",יוניליוור ישראל שיווק בעמ,,,"י""ח",700,"ל  מ""ל",false,1,12.90,1.84,true,1,
7290112492722,false,פינוק שמפו ומרכך לסירוק קל לילדים700מ,יוניליוור ישראל שיווק בעמ,,,"י""ח",700,"ל  מ""ל",false,1,13.90,1.99,true,1,
7290112492746,false,פינוק מרכך לסירוק קל לילדים700מ,יוניליוור ישראל שיווק בעמ,,,"י""ח",700,"ל  מ""ל",false,1,14.90,2.13,true,1,
7290112492753,false,"פינוק אל סבון לרחצה לילדים 700מ""ל",יוניליוור ישראל שיווק בעמ,,,"י""ח",700,"ל  מ""ל",false,1,11.90,1.70,false,1,
7290112492968,false,"מרק בצל 400 גר כשל""פ",יוניליוור ישראל שיווק בעמ,,,"י""ח",400,ל  גרם,false,1,22.90,5.73,false,1,
7290112492982,false,מרק פטריות רכיבים טבעיים 400ג קנור,יוניליוור ישראל שיווק בעמ,,,"י""ח",400,ל  גרם,false,1,25,6.25,true,1,
7290112492999,false,"מרק טעם עוף  400 גר`בד""צ",יוניליוור ישראל שיווק בעמ,,,"י""ח",400,ל  גרם,false,1,14.90,3.73,true,1,
7290112493088,false,נמס בכוס עדשים חריף,יוניליוור ישראל שיווק בעמ,,,"י""ח",48,ל  גרם,false,1,7.50,15.63,true,1,
7290112493095,false,נמס בכוס עגבניות חריף,יוניליוור ישראל שיווק בעמ,,,"י""ח",48,ל  גרם,false,1,7.50,15.63,true,1,
7290112493293,false,נמס בכוס ירקות 100% רכיבים טבעיים,יוניליוור ישראל שיווק בעמ,,,"י""ח",48,ל  גרם,false,1,7.50,15.63,true,1,
7290112493316,false,מרק היום אפונה 100% ר.טבעיים,יוניליוור ישראל שיווק בעמ,,,"י""ח",117,ל  גרם,false,1,11.90,10.17,false,1,
7290112493927,false,קרמיסימו מעדן קפוא טעם ריבת חלב,גלידות שטראוס בעמ,,,"י""ח",776,"ל  מ""ל",false,1,18.90,2.44,false,1,
7290112493934,false,קרמיסימו מעדן קפוא טעם וניל צרפתי,גלידות שטראוס בעמ,,,"י""ח",776,"ל  מ""ל",false,1,18.90,2.44,false,1,
7290112494016,false,מיונז מופחת שומן 500 תלמה,יוניליוור ישראל שיווק בעמ,,,"י""ח",500,ל  גרם,false,1,9.90,1.98,false,1,
7290112494221,false,קליק ביסקוויט    65ג,יוניליוור ישראל שיווק בעמ,,,"י""ח",65,ל  גרם,false,1,6.50,10,true,1,
7290112494238,false,קליק כדורים חלב 65ג,יוניליוור ישראל שיווק בעמ,,,"י""ח",65,ל  גרם,false,1,6.50,10,true,1,
7290112494276,false,קליק כריות  65ג,יוניליוור ישראל שיווק בעמ,,,"י""ח",65,ל  גרם,false,1,6.50,10,true,1,
7290112494283,false,קליק מעורב חום לבן 65ג,יוניליוור ישראל שיווק בעמ,,,"י""ח",65,ל  גרם,false,1,6.50,10,true,1,
7290112494351,false,קורנפלקס אלופים 850ג בדץ,יוניליוור ישראל שיווק בעמ,,,"י""ח",850,ל  גרם,false,1,17.90,2.11,false,1,
7290112494382,false,פירה טעם ביתי  260גרם,יוניליוור ישראל שיווק בעמ,,,"י""ח",260,ל  גרם,false,1,11.90,4.58,false,1,
7290112494825,false,"דאב תרחיץ פנים רגיש 180מ""ל",יוניליוור ישראל שיווק בעמ,,,"י""ח",180,"ל  מ""ל",false,1,11.90,6.61,false,1,
7290112494993,false,כריות תלמה וניל 686ג בדץ,יוניליוור ישראל שיווק בעמ,,,"י""ח",750,ל  גרם,false,1,24.90,3.32,true,1,
7290112495006,false,כריות נוגט  686ג  בדץ,יוניליוור ישראל שיווק בעמ,,,"י""ח",750,ל  גרם,false,1,25.90,3.45,false,1,
7290112495020,false,".כריות צ וקולדה 686 ג בד""ץ",יוניליוור ישראל שיווק בעמ,,,"י""ח",750,ל  גרם,false,1,24.90,3.32,true,1,
7290112495037,false,"קוקומן בד""ץ 375ג  כדורים",יוניליוור ישראל שיווק בעמ,,,"י""ח",375,ל  גרם,false,1,19.90,5.31,true,1,
7290112495044,false,"קוקומן כדורים בד""ץ 375ב",יוניליוור ישראל שיווק בעמ,,,"י""ח",375,ל  גרם,false,1,19.90,5.31,true,1,
7290112495105,false,נשנשים שמנת בצל 260 גרם,יוניליוור ישראל שיווק בעמ,,,"י""ח",260,ל  גרם,false,1,12.70,4.88,true,1,
7290112495150,false,נשנשים עגול מלוח 350 גר.,יוניליוור ישראל שיווק בעמ,,,"י""ח",300,ל  גרם,false,1,12.90,4.30,true,1,
7290112495174,false,נשנשים קרקר קוקטייל שומשום 300ג,יוניליוור ישראל שיווק בעמ,,,"י""ח",300,ל  גרם,false,1,12.90,4.30,true,1,
7290112495280,false,"ברנפלקס ריבועי קינמון 400מ""ל",יוניליוור ישראל שיווק בעמ,,,"י""ח",400,"ל  מ""ל",false,1,20.90,5.23,true,1,
7290112495433,false,דליפקאן 400ג אגוזי פקאן ושקדים,יוניליוור ישראל שיווק בעמ,,,"י""ח",400,ל  גרם,false,1,21.90,5.48,false,1,
7290112495556,false,מארז קליק  נוגט שלישייה,יוניליוור ישראל שיווק בעמ,,,"י""ח",106,ל  גרם,false,1,12.90,12.17,true,1,
7290112495747,false,"רוטב צילי מתוק 70% פחות סוכר  340מ""ל",יוניליוור ישראל שיווק בעמ,,,"י""ח",340,"ל  מ""ל",false,1,11.90,3.50,true,1,
7290112495754,false,הלמנס לסלט אלף האיים 305גרם,יוניליוור ישראל שיווק בעמ,,,"י""ח",305,ל  גרם,false,1,10.90,3.57,true,1,
7290112495761,false,"הלמנס לסלט אלף האיים לייט 305גרם בד""צ",יוניליוור ישראל שיווק בעמ,,,"י""ח",305,ל  גרם,false,1,10.90,3.57,true,1,
7290112495785,false,הלמנס רוטב שום 300גרם,יוניליוור ישראל שיווק בעמ,,,"י""ח",300,ל  גרם,false,1,10.90,3.63,true,1,
7290112495822,false,כריות תלמה בלאק 686ג בדץ,יוניליוור ישראל שיווק בעמ,,,"י""ח",750,ל  גרם,false,1,24.90,3.32,true,1,
7290112496027,false,"סירופ שוקולד לחיץ 580 מ""ל כשל""פ אפיכל",יוניליוור ישראל שיווק בעמ,,,"י""ח",580,"ל  מ""ל",false,1,12.90,2.22,false,1,
7290112496034,false,"סירופ מייפל לחיץ 580 מ""ל כשל""פ אפיכל",יוניליוור ישראל שיווק בעמ,,,"י""ח",580,"ל  מ""ל",false,1,12.90,2.22,false,1,
7290112496218,false,קנור רוטב טריאקי 340ג,יוניליוור ישראל שיווק בעמ,,,"י""ח",340,ל  גרם,false,1,11.90,3.50,true,1,
7290112497123,false,סחלב 56 גרם,יוניליוור ישראל שיווק בעמ,,,"י""ח",112,ל  גרם,false,1,11.90,10.63,false,1,
7290112497499,false,טבלת קליק לבן עוגיות 85ג,יוניליוור ישראל שיווק בעמ,,,"י""ח",100,ל  גרם,false,1,5.90,5.90,true,1,
7290112497505,false,"תחליב גוף וזלין ירוק עם אלוורה 600מ""ל",יוניליוור ישראל שיווק בעמ,,,"י""ח",600,"ל  מ""ל",false,1,19.90,3.32,false,1,
7290112497710,false,פינוק שמפו אל דמע בייבי 700מ,יוניליוור ישראל שיווק בעמ,,,"י""ח",700,"ל  מ""ל",false,1,14.90,2.13,false,1,
7290112497727,false,פינוק אל סבון בייבי 700מ,יוניליוור ישראל שיווק בעמ,,,"י""ח",700,"ל  מ""ל",false,1,14.90,2.13,false,1,
7290112497864,false,מרק עוף רכיבים טבעיים 33% פחות נת 400ג,יוניליוור ישראל שיווק בעמ,,,"י""ח",400,ל  גרם,false,1,24.90,6.23,true,1,
7290112497932,false,נשנושים ביס טעם שמנת בצל 60גר`,יוניליוור ישראל שיווק בעמ,,,"י""ח",60,ל  גרם,false,1,4.90,8.17,false,1,
7290112498175,false,"הלמנס גלון חרדל דבש 5ק""ג",יוניליוור ישראל שיווק בעמ,,,"י""ח",180,ל  גרם,false,1,139.90,77.72,false,1,
7290112498281,false,"פינוק סבון  ידיים נוזלי קוקוס 950מ""ל",יוניליוור ישראל שיווק בעמ,,,"י""ח",950,"ל  מ""ל",false,1,11.90,1.25,false,1,
7290112498441,false,"רוטב אסייתי למוקפץ 270 מ""ל",יוניליוור ישראל שיווק בעמ,,,"י""ח",370,"ל  מ""ל",false,1,11.90,3.22,true,1,
7290112498885,false,גודיז מאגדת 5יח בטעם תותים ושוקולד,גלידות שטראוס בעמ,,,"י""ח",297,ל  גרם,false,1,24.90,8.38,false,1,
7290112498915,false,מאגדת  מגנום שקדים  מיני שטראוס,גלידות שטראוס בעמ,,,"י""ח",280,ל  גרם,false,1,27.90,9.96,false,1,
7290112498922,false,מאגדת  מגנום לבן מיני שטראוס,גלידות שטראוס בעמ,,,"י""ח",280,ל  גרם,false,1,27.90,9.96,false,1,
7290112499127,false,מגנום שוקולד לבן תות אימפאלס,גלידות שטראוס בעמ,,,"י""ח",90,ל  גרם,false,1,10,11.11,true,1,
7290112499462,false,"פינוק סבון נוזלי שמן קוקוס 700מ""ל",יוניליוור ישראל שיווק בעמ,,,"י""ח",750,"ל  מ""ל",false,1,11.90,1.59,false,1,
7290112499493,false,"רקסונה ספריי בניחוח במבוק ואלוורה 150מ""ל",יוניליוור ישראל שיווק בעמ,,,"י""ח",150,"ל  מ""ל",false,1,14.90,9.93,true,1,
7290112499509,false,"רקסונה ספריי בניחוח  אפרסק ולמון 150מ""ל",יוניליוור ישראל שיווק בעמ,,,"י""ח",150,"ל  מ""ל",false,1,14.90,9.93,true,1,
7290112499639,false,טילון סופר מגנום וניל שוקולד,גלידות שטראוס בעמ,,,"י""ח",110,ל  גרם,false,1,10,9.09,true,1,
7290112499677,false,מגנום שוקולד 85ג  לבן,גלידות שטראוס בעמ,,,"י""ח",85,ל  גרם,false,1,11,12.94,true,1,
7290112499813,false,אסקימו אבטיח,גלידות שטראוס בעמ,,,"י""ח",1,,false,1,3,3,true,1,
7290112499837,false,מגנום דואט שוקולד עם נוגט,גלידות שטראוס בעמ,,,"י""ח",90,ל  גרם,false,1,11,12.22,true,1,
7290112499929,false,מגנום שוקולד,גלידות שטראוס בעמ,,,"י""ח",90,ל  גרם,false,1,11,12.22,true,1,
7290112499936,false,מגנום שקדים אימפאלס,גלידות שטראוס בעמ,,,"י""ח",90,ל  גרם,false,1,11,12.22,true,1,
7290112499943,false,מאגדת  מגנום קלאסיק שוקולד  מיני,גלידות שטראוס בעמ,,,"י""ח",280,ל  גרם,false,1,27.90,9.96,false,1,
7290112706362,false,שלישיית ביצי שוקולד מפרץ ההרפתקאות,שמחה זה אנחנו,,,"י""ח",1,,false,1,15,15,false,1,
7290112961327,false,בייגלה כפיות פיזור כפרי 300ג.,קבוצת אוסם סחר-שות.מוגבלת,,,"י""ח",300,ל  גרם,false,1,11.30,3.77,false,1,
7290112961372,false,פיטנס חטיפי פריכיות דקות 60גר,קבוצת אוסם סחר-שות.מוגבלת,,,"י""ח",60,ל  גרם,false,1,10.70,17.83,true,1,
7290112962003,false,קראנץ וניל עוגיות  90ג,נגה גלידות,,,"י""ח",90,ל  גרם,false,1,11.90,13.22,true,1,
7290112962287,false,טבעול שווארמה טבעונית  450גר,קבוצת אוסם סחר-שות.מוגבלת,,,"י""ח",500,ל  גרם,false,1,38.90,7.78,true,1,
7290112963529,false,מאגדת אקסטרים שוקו וניל,נגה גלידות,,,"י""ח",1,,false,1,35.90,35.90,false,1,
7290112963918,false,פיטנס חטיפי קרקר דק רוזמרין 140גר,קבוצת אוסם סחר-שות.מוגבלת,,,"י""ח",140,ל  גרם,false,1,13.90,9.93,true,1,
7290112964052,false,פרפקטו פסטה וזוביוטו 500גר.,קבוצת אוסם סחר-שות.מוגבלת,,,"י""ח",500,ל  גרם,false,1,12,2.40,false,1,
7290112964410,false,רוטב אלף האיים אסם 290 מייל.,קבוצת אוסם סחר-שות.מוגבלת,,,"י""ח",290,"ל  מ""ל",false,1,11.90,4.10,true,1,
7290112964434,false,"רוטב לסלט קיסר 290מ""ל",קבוצת אוסם סחר-שות.מוגבלת,,,"י""ח",290,"ל  מ""ל",false,1,11.90,4.10,true,1,
7290112964472,false,רוטב שום לסלט 290 מייל,קבוצת אוסם סחר-שות.מוגבלת,,,"י""ח",290,"ל  מ""ל",false,1,11.90,4.10,true,1,
7290112964564,false,רוטב שום  לייט 290 מייל,קבוצת אוסם סחר-שות.מוגבלת,,,"י""ח",290,"ל  מ""ל",false,1,11.90,4.10,true,1,
7290112964601,false,"רוטב בנוסח סצואן  360מ""ל",קבוצת אוסם סחר-שות.מוגבלת,,,"י""ח",360,ל  גרם,false,1,14.90,4.14,false,1,
7290112964625,false,רוטב שום  לייט 290 מייל,קבוצת אוסם סחר-שות.מוגבלת,,,"י""ח",290,"ל  מ""ל",false,1,11.90,4.10,true,1,
7290112965264,false,זוג מרק נמס סוף אפונה 30 גרם,קבוצת אוסם סחר-שות.מוגבלת,,,"י""ח",30,ל  גרם,false,1,6.40,21.33,false,1,
7290112965288,false,זוג מרק נמס סוף ירקות 30גרם,קבוצת אוסם סחר-שות.מוגבלת,,,"י""ח",30,ל  גרם,false,1,6.40,21.33,false,1,
7290112965301,false,זוג מרק נמס טעם עוף  52ג,קבוצת אוסם סחר-שות.מוגבלת,,,"י""ח",52,ל  גרם,false,1,6.40,12.31,false,1,
7290112965660,false,פיטנס מולטיגרין מלח פלפל 25 גרם,קבוצת אוסם סחר-שות.מוגבלת,,,"י""ח",25,ל  גרם,false,1,5,20,true,1,
7290112965707,false,פיטנס מולטיגרין צ`ילי מעודן 25 גרם,קבוצת אוסם סחר-שות.מוגבלת,,,"י""ח",25,ל  גרם,false,1,5,20,true,1,
7290112965868,false,קרם קרקר במליחות מעודנת 250גר,קבוצת אוסם סחר-שות.מוגבלת,,,"י""ח",250,ל  גרם,false,1,10.60,4.24,true,1,
7290112966025,false,בייגלה כפיות כפרי טוגו 60גר,קבוצת אוסם סחר-שות.מוגבלת,,,"י""ח",400,ל  גרם,false,1,3.40,0.85,false,1,
7290112966094,false,עוגת הבית תפוז מופחת סוכר 400גר,קבוצת אוסם סחר-שות.מוגבלת,,,"י""ח",400,ל  גרם,false,1,13.40,3.35,false,1,
7290112966803,false,פודינג  שוקולד 88 ג אסם,קבוצת אוסם סחר-שות.מוגבלת,,,"י""ח",88,ל  גרם,false,1,5.90,6.70,true,1,
7290112967138,false,בייגל שמיניה  ללא גלוטן 250גרם,קבוצת אוסם סחר-שות.מוגבלת,,,"י""ח",250,ל  גרם,false,1,12.90,5.16,false,1,
7290112968708,false,"שניצל תירס טבעול  1.3ק""ג",קבוצת אוסם סחר-שות.מוגבלת,,,"י""ח",1.30,"ק""ג",false,1,46.10,35.46,true,1,
7290112968722,false,"נקניקיות מן הצומח טבעול  1.2ק""ג",קבוצת אוסם סחר-שות.מוגבלת,,,"י""ח",1.30,"ק""ג",false,1,46.90,36.08,true,1,
7290112968807,false,פיטנס חטיפי קרקר דק סלק 150גר,קבוצת אוסם סחר-שות.מוגבלת,,,"י""ח",150,ל  גרם,false,1,13.90,9.27,true,1,
7290112968821,false,פיטנס חטיפי קרקר דק בטטה 150גר,קבוצת אוסם סחר-שות.מוגבלת,,,"י""ח",150,ל  גרם,false,1,13.90,9.27,true,1,
7290113190450,false,ממרח תמרים ירדן (בדץ).,דין שיווק וקליה 2021 בעמ,,,"י""ח",450,ל  גרם,false,1,5.90,1.31,false,1,
7290113190863,false,סילאן שקדיה 100% טבעי 385גר,דין שיווק וקליה 2021 בעמ,,,"י""ח",385,ל  גרם,false,1,14.90,3.87,false,1,
7290113192331,false,בית השיטה זיתים ירוקים A2..,קבוצת אוסם סחר-שות.מוגבלת,,,"י""ח",340,ל  גרם,false,1,11.30,3.32,false,1,
7290113192355,false,חרוזית ירוק]בית השיטה[,קבוצת אוסם סחר-שות.מוגבלת,,,"י""ח",275,ל  גרם,false,1,11.10,4.04,true,1,
7290113192362,false,טבעות זיתים ירוקים A2.,קבוצת אוסם סחר-שות.מוגבלת,,,"י""ח",280,ל  גרם,false,1,11.20,4,false,1,
7290113192379,false,זיתים ירוקים מבוקעים]בית שיטה[,קבוצת אוסם סחר-שות.מוגבלת,,,"י""ח",340,ל  גרם,false,1,11.60,3.41,false,1,
7290113192386,false,זית סורי מבוקע]בית שיטה[,קבוצת אוסם סחר-שות.מוגבלת,,,"י""ח",340,ל  גרם,false,1,12.50,3.68,false,1,
7290113192478,false,מלפפון במלח .10-12בית  שיטה,קבוצת אוסם סחר-שות.מוגבלת,,,"י""ח",320,ל  גרם,false,1,9.40,2.94,false,1,
7290113192485,false,מלפפון בחומץ -10-12 בית השיטה,קבוצת אוסם סחר-שות.מוגבלת,,,"י""ח",290,ל  גרם,false,1,9.30,3.21,false,1,
7290113192492,false,מלפפון בחומץ 13-17 בית השיטה,קבוצת אוסם סחר-שות.מוגבלת,,,"י""ח",290,ל  גרם,false,1,10.90,3.76,false,1,
7290113192508,false,מלפפון-במלח ]13-17בית שיטה[,קבוצת אוסם סחר-שות.מוגבלת,,,"י""ח",320,ל  גרם,false,1,10.90,3.41,false,1,
7290113192515,false,מלפפון במלח .18-25בית שיטה[,קבוצת אוסם סחר-שות.מוגבלת,,,"י""ח",320,ל  גרם,false,1,13.30,4.16,false,1,
7290113192522,false,מלפפון בחומץ 18-25,קבוצת אוסם סחר-שות.מוגבלת,,,"י""ח",290,ל  גרם,false,1,13.30,4.59,false,1,
7290113192539,false,מלפפון  במלח ]7-9בית  שיטה[,קבוצת אוסם סחר-שות.מוגבלת,,,"י""ח",320,ל  גרם,false,1,7.90,2.47,false,1,
7290113192546,false,מלפפון בחומץ 7-9 בית השיטה,קבוצת אוסם סחר-שות.מוגבלת,,,"י""ח",290,ל  גרם,false,1,7.90,2.72,false,1,
7290113192560,false,שיפקה A2,קבוצת אוסם סחר-שות.מוגבלת,,,"י""ח",230,ל  גרם,false,1,7.90,3.43,true,1,
7290113192577,false,כרוב כבוש]בית   השיטה[,קבוצת אוסם סחר-שות.מוגבלת,,,"י""ח",430,ל  גרם,false,1,7.90,1.84,false,1,
7290113192881,false,טורטיה חיטה מופחתת קלוריות,לפ דין שיווק וקליהבעמ,,,"י""ח",420,ל  גרם,false,1,8.90,2.12,false,1,
7290113193000,false,פלפל שיפקונית 230גר בית השיטה.,קבוצת אוסם סחר-שות.מוגבלת,,,"י""ח",230,ל  גרם,false,1,10.90,4.74,false,1,
7290113193321,false,שמן זית כתית מעולה בית השיטה 750 מייל,קבוצת אוסם סחר-שות.מוגבלת,,,"י""ח",750,ל  גרם,false,1,29.90,3.99,false,1,
7290113193406,false,בית השיטה טבעות קוקטייל זיתים 280גר,קבוצת אוסם סחר-שות.מוגבלת,,,"י""ח",275,ל  גרם,false,1,12.90,4.69,false,1,
7290113194090,false,טבעות קלמטה 280גר בית השיטה.,קבוצת אוסם סחר-שות.מוגבלת,,,"י""ח",280,ל  גרם,false,1,10.90,3.89,false,1,
7290113195356,false,שמן קנולה מזוכך 1ל בית השיטה,קבוצת אוסם סחר-שות.מוגבלת,,,"י""ח",1,ליטר,false,1,13.90,13.90,false,1,
7290113196353,false,"איטריות אורז 400גר כשל""פ",דין שיווק וקליה 2021 בעמ,,,"י""ח",400,ל  גרם,false,1,9.90,2.48,false,1,
7290113196414,false,"אורז בסמטי שקדיה 1ק""ג",דין שיווק וקליה 2021 בעמ,,,"י""ח",1,"ק""ג",false,1,9.80,9.80,false,1,
7290113196919,false,מנה חמה אטריות אורז בטעם עוף,דין שיווק וקליה 2021 בעמ,,,"י""ח",70,ל  גרם,false,1,7.90,11.29,false,1,
7290113197824,false,בית השיטה לבבות דקל 220גר,קבוצת אוסם סחר-שות.מוגבלת,,,"י""ח",220,ל  גרם,false,1,12.90,5.86,true,1,
7290113198395,false,קשיו ענק 250גר מחנה יהודה,דין שיווק וקליה 2021 בעמ****,,,"י""ח",250,ל  גרם,false,1,24.90,9.96,true,1,
7290113198401,false,בוטנים קלויים ג`מבו 300גר מחנה יהודה,דין שיווק וקליה 2021 בעמ****,,,"י""ח",300,ל  גרם,false,1,19.90,6.63,true,1,
7290113198418,false,שקד קלוי ענק  250גר מחנה יהודה,דין שיווק וקליה 2021 בעמ****,,,"י""ח",250,ל  גרם,false,1,24.90,9.96,true,1,
7290113198425,false,פקאן טבעי 200גר מחנה יהודה,דין שיווק וקליה 2021 בעמ****,,,"י""ח",200,ל  גרם,false,1,24.90,12.45,true,1,
7290113198432,false,תערובת פיצוחים מובחרת 250גר מחנה יהודה,דין שיווק וקליה 2021 בעמ****,,,"י""ח",250,ל  גרם,false,1,24.90,9.96,true,1,
7290113198449,false,שקד טבעי 300גר מחנה יהודה,דין שיווק וקליה 2021 בעמ****,,,"י""ח",300,ל  גרם,false,1,24.90,8.30,true,1,
7290113198463,false,פקאו סיני 160גר מחנה יהודה,דין שיווק וקליה 2021 בעמ****,,,"י""ח",160,ל  גרם,false,1,19.90,12.44,true,1,
7290113198470,false,אגוז מלך 200גר מחנה יהודה,דין שיווק וקליה 2021 בעמ****,,,"י""ח",200,ל  גרם,false,1,14.90,7.45,true,1,
7290113198494,false,פיסטוק קלוי גדול 200גר מחנה יהודה,דין שיווק וקליה 2021 בעמ****,,,"י""ח",200,ל  גרם,false,1,24.90,12.45,true,1,
7290113198500,false,תמר מג`הול 800גר מחנה יהודה,דין שיווק וקליה 2021 בעמ****,,,"י""ח",800,ל  גרם,false,1,39.90,4.99,true,1,
7290113198517,false,שזיף ללא גרעין 330גר מחנה יהודה,דין שיווק וקליה 2021 בעמ****,,,"י""ח",330,ל  גרם,false,1,19.90,6.03,true,1,
7290113199392,false,פריכיות כוסמין בתוספת שקדים 150גר שקדיה,דין שיווק וקליה 2021 בעמ,,,"י""ח",150,ל  גרם,false,1,9.90,6.60,false,1,
7290113285095,false,"כפפות  לטקס ללא אבקה  S פרפקט כשל""פ",ח.כהן סוכנות מזון ומשקאות בע,,,"י""ח",80,"י""ח",false,1,22.90,0.29,true,1,
7290113285101,false,"כפפות  לטקס ללא אבקה  M פרפקט כשל""פ",ח.כהן סוכנות מזון ומשקאות בע,,,"י""ח",80,"י""ח",false,1,22.90,0.29,true,1,
7290113285118,false,"כפפות  לטקס ללא אבקה  L פרפקט כשל""פ",ח.כהן סוכנות מזון ומשקאות בע,,,"י""ח",80,"י""ח",false,1,22.90,0.29,true,1,
7290113285125,false,"כפפות  לטקס ללא אבקה  XL פרפקט כשל""פ",ח.כהן סוכנות מזון ומשקאות בע,,,"י""ח",80,"י""ח",false,1,22.90,0.29,true,1,
7290113860247,false,עוגות אישיות שכבות עשריה פנטולה,ש.שסטוביץ בעמ,,,"י""ח",400,ל  גרם,false,1,13.90,3.48,true,1,
7290113860476,false,מלפפון 7-9 מחנה יהודה,קבוצת יבנה מוצרי מזון בעמ,,,"י""ח",600,ל  גרם,false,1,6.90,1.15,true,1,
7290113860483,false,מלפפון 18-25 מחנה יהודה,קבוצת יבנה מוצרי מזון בעמ,,,"י""ח",600,ל  גרם,false,1,10.90,1.82,true,1,
7290113860667,false,"קמח חיטה לבן 1ק""ג מחנה יהודה",טחנות ישראליות בעמ,,,"י""ח",1,"ק""ג",false,1,7.90,7.90,true,1,
7290113860674,false,"קמח חיטה לבן 405 1ק""ג מחנה יהודה",טחנות ישראליות בעמ,,,"י""ח",1,"ק""ג",false,1,8.90,8.90,true,1,
7290113860681,false,"קמח חלות 1ק""ג מחנה יהודה",טחנות ישראליות בעמ,,,"י""ח",1,"ק""ג",false,1,8.90,8.90,true,1,
7290113860742,false,"קמח כוסמין מלא 100% 1ק""ג ישראליות",טחנות ישראליות בעמ,,,"י""ח",1,"ק""ג",false,1,15.90,15.90,true,1,
7290114310215,false,"שמנת מתוקה עמידה 38% 250  מ""ל*בד""צ",*החברה המרכזית להפצת משקאותבעמ,,,"י""ח",250,"ל  מ""ל",false,1,6.47,2.59,false,1,
7290114310222,false,חלב מועשר בסידן בויטמין D 1.5ליטר,*החברה המרכזית להפצת משקאותבעמ,,,"י""ח",1.50,ליטר,false,1,12.50,8.33,false,1,
7290114310239,false,חלב נטול לקטוז מועשר בויטמין D 1.5ליטר,*החברה המרכזית להפצת משקאותבעמ,,,"י""ח",1.50,ליטר,false,1,12.50,8.33,false,1,
7290114310338,false,גבינה צפתית 5% צוריאל,*החברה המרכזית להפצת משקאותבעמ,,,"י""ח",250,ל  גרם,false,1,16.90,6.76,false,1,
7290114310345,false,מעדן מוו תות 1.5% 125גר.,*החברה המרכזית להפצת משקאותבעמ,,,"י""ח",250,ל  גרם,false,1,2.90,1.16,true,1,
7290114310383,false,קציפת יוגורט בטעם וניל צרפת FROOP MULLER,*החברה המרכזית להפצת משקאותבעמ,,,"י""ח",150,"ל  מ""ל",false,1,5.30,3.53,true,1,
7290114310390,false,קציפת יוגורט בטעם בננה לוטי FROOP MULL,*החברה המרכזית להפצת משקאותבעמ,,,"י""ח",150,"ל  מ""ל",false,1,5.30,3.53,true,1,
7290114310406,false,קציפת יוגורט תות FROOP MULL,*החברה המרכזית להפצת משקאותבעמ,,,"י""ח",150,"ל  מ""ל",false,1,5.30,3.53,true,1,
7290114310505,false,מולר מיקס יוגורט תות בתוספת קורנפלקס,*החברה המרכזית להפצת משקאותבעמ,,,"י""ח",500,ל  גרם,false,1,6,1.20,false,1,
7290114310512,false,מולר מיקס יוגורט קרמי עם טבעות מצופות,*החברה המרכזית להפצת משקאותבעמ,,,"י""ח",500,ל  גרם,false,1,6,1.20,false,1,
7290114310529,false,מולר מיקס יוגורט קרמי עם טבעות מצופות,*החברה המרכזית להפצת משקאותבעמ,,,"י""ח",500,ל  גרם,false,1,6,1.20,false,1,
7290114310536,false,מולר אקטיב לייט 0% שומן טעם וניל,*החברה המרכזית להפצת משקאותבעמ,,,"י""ח",200,"ל  מ""ל",false,1,6,3,true,1,
7290114310611,false,"משקה חלב בננה  250מ""ל בקבוק פקק ספורט",*החברה המרכזית להפצת משקאותבעמ,,,"י""ח",250,"ל  מ""ל",false,1,5.70,2.28,false,1,
7290114310628,false,משקה חלב וניל עוגיות 1ל בקבוק,*החברה המרכזית להפצת משקאותבעמ,,,"י""ח",1,ליטר,false,1,12.10,12.10,true,1,
7290114310895,false,מאגדת שמינייה סימפלי 1.5% מנגו ותות.,*החברה המרכזית להפצת משקאותבעמ,,,"י""ח",150,"ל  מ""ל",false,1,30.90,20.60,false,1,
7290114311014,false,"שוקו חלב אייס קפוצינו 250מ""ל",*החברה המרכזית להפצת משקאותבעמ,,,"י""ח",250,"ל  מ""ל",false,1,5.70,2.28,false,1,
7290114311021,false,"שוקו חלב וניל עוגיות  250מ""ל",*החברה המרכזית להפצת משקאותבעמ,,,"י""ח",250,"ל  מ""ל",false,1,5.70,2.28,false,1,
7290114311038,false,"שמנת מתוקה 32% שומן 250מ""ל.",*החברה המרכזית להפצת משקאותבעמ,,,"י""ח",250,"ל  מ""ל",false,1,6.90,2.76,false,1,
7290114311069,false,מולר אקטיב 0% יוגורט לבן 200ג,*החברה המרכזית להפצת משקאותבעמ,,,"י""ח",200,"ל  מ""ל",false,1,6,3,true,1,
7290114311076,false,חמאת מולר צהובה עם שום 200ג.,*החברה המרכזית להפצת משקאותבעמ,,,"י""ח",200,ל  גרם,false,1,11.90,5.95,false,1,
7290114311083,false,חמאת מולר צהובה עם מלח 200ג.,*החברה המרכזית להפצת משקאותבעמ,,,"י""ח",200,ל  גרם,false,1,11.90,5.95,false,1,
7290114311298,false,מולר תות בננה מלון FROOP MULLER,*החברה המרכזית להפצת משקאותבעמ,,,"י""ח",150,"ל  מ""ל",false,1,5.30,3.53,true,1,
7290114311304,false,מולר מנגו פסיפלורה בננה FROOP MULLER,*החברה המרכזית להפצת משקאותבעמ,,,"י""ח",150,"ל  מ""ל",false,1,5.30,3.53,true,1,
7290114311328,false,חלב נטול לקטוז  1ליטר,*החברה המרכזית להפצת משקאותבעמ,,,"י""ח",1,ליטר,false,1,7.90,7.90,false,1,
7290114311358,false,מולר מנגו 3% שומן FROOP MULLER,*החברה המרכזית להפצת משקאותבעמ,,,"י""ח",150,"ל  מ""ל",false,1,5.30,3.53,true,1,
7290114311359,false,קציפת יוגורט בטעם מנגו FROOP MULL,*החברה המרכזית להפצת משקאותבעמ,,,"י""ח",150,"ל  מ""ל",false,1,5.30,3.53,true,1,
7290114311434,false,מולר אקטיב טעם קרמל מלוח 0% שומן,*החברה המרכזית להפצת משקאותבעמ,,,"י""ח",200,"ל  מ""ל",false,1,6,3,true,1,
7290114311441,false,מולר אקטיב טעם עוגיות חמאה 0% שומן,*החברה המרכזית להפצת משקאותבעמ,,,"י""ח",200,"ל  מ""ל",false,1,6,3,true,1,
7290114311458,false,חלב מועשר 3% שומן 1ליטר קרטון,*החברה המרכזית להפצת משקאותבעמ,,,"י""ח",1,ליטר,false,1,7.70,7.70,false,1,
7290114311502,false,משקה חלב 1ל בקבוק טעם סחלב,*החברה המרכזית להפצת משקאותבעמ,,,"י""ח",1,ליטר,false,1,12.10,12.10,true,1,
7290114311526,false,מולר קצפת תפוז ג`ינג`ר FROOP MULLER,*החברה המרכזית להפצת משקאותבעמ,,,"י""ח",150,"ל  מ""ל",false,1,5.30,3.53,true,1,
7290114311533,false,מולר קצפת פרי טעם סנגריה FROOP MULLER,*החברה המרכזית להפצת משקאותבעמ,,,"י""ח",150,"ל  מ""ל",false,1,5.30,3.53,true,1,
7290114600927,false,עלי טורטיה חיטה מלאה 320ג מאסטר שף,ש.שסטוביץ בעמ,,,"י""ח",320,ל  גרם,false,1,10.90,3.41,false,1,
7290114600989,false,"רוטב אלף האיים 250מ""ל מאסטר שף",ש.שסטוביץ בעמ,,,"י""ח",250,ל  גרם,false,1,10.90,4.36,false,1,
7290114604857,false,"דפי אורז קוטר 22 כשל""פ מאסטר שף",ש.שסטוביץ בעמ,,,"י""ח",400,ל  גרם,false,1,14.90,3.73,false,1,
7290114605359,false,רפידות הנקה פירסט סמייל L50יח,ש.שסטוביץ בעמ,,,"י""ח",50,"י""ח",false,1,24.90,0.50,true,1,
7290114606530,false,רוטב בטעם מיונז וקטשופ 515ג מאסטר שף,ש.שסטוביץ בעמ,,,"י""ח",515,ל  גרם,false,1,13.90,2.70,false,1,
7290114606578,false,שקדי מרק 400 גר`מאסטר שף,ש.שסטוביץ בעמ,,,"י""ח",400,ל  גרם,false,1,9.90,2.48,true,1,
7290114720885,false,נורות זוגות  אור צהוב,פוגיקום בעמ,,,"י""ח",1,,false,1,19.90,19.90,true,1,
7290114721257,false,קומקום חשמלי שחור,פוגיקום בעמ,,,"י""ח",1,,false,1,99.90,99.90,true,1,
7290114750820,false,דאודורנט קליר ג ל מארז זוג,דיפלומט מפיצים 1968 בעמ,,,"י""ח",100,ל  גרם,false,1,32.90,32.90,true,1,
7290115075601,false,"בקבוק אלומיניום 400מ""ל הלו קיטי",שמחה זה אנחנו,,,"י""ח",1,,false,1,14.90,14.90,false,1,
7290115079555,false,"בקבוק בועות סבון 175מ""ל מיני",שמחה זה אנחנו,,,"י""ח",1,,false,1,5.90,5.90,false,1,
7290115190007,false,מרלבורו רד X 10יח,פיליפ מוריס בעמ,,,"י""ח",1,,false,1,349,349,false,1,
7290115190014,false,מרלבורו רד קצר בודד.,פיליפ מוריס בעמ,,,"י""ח",1,,false,1,34.90,34.90,false,1,
7290115190090,false,מרלבורו גולד קצר בודד,פיליפ מוריס בעמ,,,"י""ח",1,,false,1,34.90,34.90,false,1,
7290115190151,false,מלבורו טאצ`7.1,פיליפ מוריס בעמ,,,"י""ח",1,,false,1,30.90,30.90,false,1,
7290115190250,false,פרלמנט קצר בודד,פיליפ מוריס בעמ,,,"י""ח",1,,false,1,39.50,39.50,false,1,
7290115190328,false,אל אם ארוך בלו 10יח פקאט,פיליפ מוריס בעמ,,,"י""ח",1,,false,1,299.90,299.90,false,1,
7290115190359,false,אל אם  קצר,פיליפ מוריס בעמ,,,"י""ח",1,,false,1,30.50,30.50,false,1,
7290115190441,false,נקסט אדג` פקאט 10 יחידות,פיליפ מוריס בעמ,,,"י""ח",1,,false,1,259.90,259.90,false,1,
7290115190458,false,נקסט אדג` בודד,פיליפ מוריס בעמ,,,"י""ח",1,,false,1,26.50,26.50,true,1,
7290115190472,false,נקסט פיין אדג` בודד,פיליפ מוריס בעמ,,,"י""ח",1,,false,1,26.50,26.50,true,1,
7290115190496,false,נקסט 100 בודד,פיליפ מוריס בעמ,,,"י""ח",1,,false,1,29.90,29.90,false,1,
7290115190502,false,נקסט פיין פקאט 10 יחידות,פיליפ מוריס בעמ,,,"י""ח",1,,false,1,289.90,289.90,true,1,
7290115190519,false,נקסט לייט בודד,פיליפ מוריס בעמ,,,"י""ח",1,,false,1,29.90,29.90,false,1,
7290115190571,false,נקסט לילך בודד,פיליפ מוריס בעמ,,,"י""ח",1,,false,1,29.90,29.90,false,1,
7290115190595,false,נקסט בודד,פיליפ מוריס בעמ,,,"י""ח",1,,false,1,29.90,29.90,false,1,
7290115200676,false,קרמוגיתקרמל מלוח 200גר אוסם,קבוצת אוסם סחר-שות.מוגבלת,,,"י""ח",200,ל  גרם,false,1,11.90,5.95,true,1,
7290115201680,false,ביסלי  ברביקיו}קטן{,קבוצת אוסם סחר-שות.מוגבלת,,,"י""ח",70,ל  גרם,false,1,4.40,6.29,true,1,
7290115201727,false,ביסלי  גדול בצל 200גר,קבוצת אוסם סחר-שות.מוגבלת,,,"י""ח",200,ל  גרם,false,1,8.90,4.45,true,1,
7290115202434,false,חומוס עם זעתר 375גר,קבוצת אוסם סחר-שות.מוגבלת,,,"י""ח",375,ל  גרם,false,1,13.70,3.65,true,1,
7290115202816,false,מנה חמה נודלס אטריות טעם עוף 70גר.,קבוצת אוסם סחר-שות.מוגבלת,,,"י""ח",70,ל  גרם,false,1,4.90,7,false,1,
7290115202847,false,מנה חמה נודלס ספייסי 70גר.,קבוצת אוסם סחר-שות.מוגבלת,,,"י""ח",70,ל  גרם,false,1,4.90,7,false,1,
7290115202939,false,מנה חמה רייס נודלס עוף פטריות 50גר.,קבוצת אוסם סחר-שות.מוגבלת,,,"י""ח",50,ל  גרם,false,1,8.90,17.80,true,1,
7290115202953,false,מנה חמה רייס נודלס קארי צהוב  55גר.,קבוצת אוסם סחר-שות.מוגבלת,,,"י""ח",55,ל  גרם,false,1,8.90,16.18,true,1,
7290115202977,false,מנה חמה רייס נודלס רוטב סויה סיני 55גר.,קבוצת אוסם סחר-שות.מוגבלת,,,"י""ח",55,ל  גרם,false,1,8.90,16.18,true,1,
7290115203486,false,פירורית  200גר,קבוצת אוסם סחר-שות.מוגבלת,,,"י""ח",200,ל  גרם,false,1,7.40,3.70,false,1,
7290115203806,false,"רוטב בסיס לבישול אסם 290מ""ל",קבוצת אוסם סחר-שות.מוגבלת,,,"י""ח",290,ל  גרם,false,1,13,4.48,false,1,
7290115204957,false,לחמית איטלקית  160 ג`,קבוצת אוסם סחר-שות.מוגבלת,,,"י""ח",190,ל  גרם,false,1,9.90,5.21,true,1,
7290115205176,false,פיטנס חטיפי קרקר כפרי 140גר.,קבוצת אוסם סחר-שות.מוגבלת,,,"י""ח",140,ל  גרם,false,1,13.90,9.93,true,1,
7290115205312,false,פיטנס חטיפי קרקר זיתים 140גר.,קבוצת אוסם סחר-שות.מוגבלת,,,"י""ח",140,ל  גרם,false,1,12.90,9.21,true,1,
7290115205527,false,פיטנס מולטיגרין עם עדשים 25 גרם,קבוצת אוסם סחר-שות.מוגבלת,,,"י""ח",25,ל  גרם,false,1,4.90,19.60,true,1,
7290115205541,false,פיטנס מולטיגרין עם חומוס 25 גרם,קבוצת אוסם סחר-שות.מוגבלת,,,"י""ח",25,ל  גרם,false,1,4.90,19.60,true,1,
7290115207118,false,"טבעול שניצל ברוקולי 7ק""ג",קבוצת אוסם סחר-שות.מוגבלת,,,"י""ח",900,ל  גרם,false,1,350,38.89,false,1,
7290115207507,false,צבר סלט טורקי 360גר`,קבוצת אוסם סחר-שות.מוגבלת,,,"י""ח",360,ל  גרם,false,1,15.90,4.42,true,1,
7290115207798,false,טבעול בורגר חריף  טבעוני 420גר,קבוצת אוסם סחר-שות.מוגבלת,,,"י""ח",580,ל  גרם,false,1,38.90,6.71,true,1,
7290115207941,false,סירופ אננס 1 ליטר,קבוצת אוסם סחר-שות.מוגבלת,,,"י""ח",1,ליטר,false,1,21.90,21.90,false,1,
7290115207989,false,סירופ לימון 1 ליטר,קבוצת אוסם סחר-שות.מוגבלת,,,"י""ח",1,ליטר,false,1,21.90,21.90,false,1,
7290115208009,false,סירופ ענבים 1 ליטר,קבוצת אוסם סחר-שות.מוגבלת,,,"י""ח",1,ליטר,false,1,21.90,21.90,false,1,
7290115208047,false,סירופ פטל 1 ליטר,קבוצת אוסם סחר-שות.מוגבלת,,,"י""ח",1,ליטר,false,1,21.90,21.90,false,1,
7290115208061,false,סירופ תפוח 1 ליטר,קבוצת אוסם סחר-שות.מוגבלת,,,"י""ח",1,ליטר,false,1,21.90,21.90,false,1,
7290115208566,false,קרמוגית מיניס קרם בייגלה 200גר,קבוצת אוסם סחר-שות.מוגבלת,,,"י""ח",200,ל  גרם,false,1,11.90,5.95,true,1,
7290115208597,false,קרמוגית מיניס קרמל מלוח 200גר,קבוצת אוסם סחר-שות.מוגבלת,,,"י""ח",200,ל  גרם,false,1,11.90,5.95,true,1,
7290115208801,false,לחמית כפרית עם דגנים מלאים 190 ג`,קבוצת אוסם סחר-שות.מוגבלת,,,"י""ח",190,ל  גרם,false,1,9.90,5.21,true,1,
7290115209198,false,במבה אורירית 80גר אסם{,קבוצת אוסם סחר-שות.מוגבלת,,,"י""ח",80,ל  גרם,false,1,3.90,4.88,true,1,
7290115209235,false,פתיבר קפה 500 אוסם,קבוצת אוסם סחר-שות.מוגבלת,,,"י""ח",500,ל  גרם,false,1,13.90,2.78,true,1,
7290115209358,false,במבה במילוי בראוניז 60גר אסם{,קבוצת אוסם סחר-שות.מוגבלת,,,"י""ח",600,ל  גרם,false,1,4.30,0.72,true,1,
7290115400328,false,עוגיות מלוחות זעתר ותבלינים 200ג,שיבולים ייצור ושיווק מאפה בעמ,,,"י""ח",200,ל  גרם,false,1,16.90,8.45,false,1,
7290115403312,false,עוגיות מלוחות קריספי עגול  450ג דל,שיבולים ייצור ושיווק מאפה בעמ,,,"י""ח",450,ל  גרם,false,1,15.90,3.53,false,1,
7290115403381,false,עוגיות אנג`ל 500ג דלי,שיבולים ייצור ושיווק מאפה בעמ,,,"י""ח",500,ל  גרם,false,1,15.90,3.18,false,1,
7290115403435,false,עוגיות מעמול תמר  500ג דל,שיבולים ייצור ושיווק מאפה בעמ,,,"י""ח",500,ל  גרם,false,1,15.90,3.18,false,1,
7290115403442,false,עוגיות ממולאות טעם שוקולד  500ג דל,שיבולים ייצור ושיווק מאפה בעמ,,,"י""ח",500,ל  גרם,false,1,15.90,3.18,false,1,
7290115403459,false,עוגיות נסיכה טעם תות  500ג דל,שיבולים ייצור ושיווק מאפה בעמ,,,"י""ח",500,ל  גרם,false,1,15.90,3.18,false,1,
7290115403466,false,עוגיות נסיכה מיקס  500ג דל,שיבולים ייצור ושיווק מאפה בעמ,,,"י""ח",500,ל  גרם,false,1,15.90,3.18,false,1,
7290115403473,false,עוגיות עינוגי שוקולד  500ג דל,שיבולים ייצור ושיווק מאפה בעמ,,,"י""ח",500,ל  גרם,false,1,15.90,3.18,false,1,
7290115403480,false,עוגיות בסגנון מרוקאי מיני  500ג דל,שיבולים ייצור ושיווק מאפה בעמ,,,"י""ח",500,ל  גרם,false,1,15.90,3.18,false,1,
7290115405057,false,פס מוס גבינה אוכמניות 300 גרם קפולסקי,קפולסקי אדל בעמ,,,"י""ח",300,ל  גרם,false,1,27.90,9.30,false,1,
7290115405088,false,קינוח אישי קדאיף 200גרם,קפולסקי אדל בעמ,,,"י""ח",200,ל  גרם,false,1,16.90,8.45,false,1,
7290115405118,false,קינוח אישי תענוג תות 200גרם,קפולסקי אדל בעמ,,,"י""ח",200,ל  גרם,false,1,16.90,8.45,false,1,
7290115405651,false,כדורי שוקולד סוכריות 300גר,קפולסקי אדל בעמ,,,"י""ח",280,ל  גרם,false,1,29.90,10.68,false,1,
7290115405781,false,פחזניות ממולאות טעם שוקולד 180ג.,קפולסקי אדל בעמ,,,"י""ח",180,ל  גרם,false,1,13.90,7.72,false,1,
7290115405798,false,פחזניות ממולאות טעם ריבת חלב 180ג.,קפולסקי אדל בעמ,,,"י""ח",180,ל  גרם,false,1,13.90,7.72,false,1,
7290115405804,false,פחזניות ממולאות טעם תות 180ג.,קפולסקי אדל בעמ,,,"י""ח",180,ל  גרם,false,1,13.90,7.72,false,1,
7290115405828,false,קינוח אישי גבינה אוכמניות 200גרם,קפולסקי אדל בעמ,,,"י""ח",200,ל  גרם,false,1,16.90,8.45,false,1,
7290115671346,false,מיני פינוקיות טופי קרמל מלוח 180גר,"שטראוס גרופ בע""מ",,,"י""ח",200,ל  גרם,false,1,10.90,5.45,true,1,
7290115671421,false,פולי אספרסו  עשירים וארומטיים 250גר}קפ,"שטראוס גרופ בע""מ",,,"י""ח",250,ל  גרם,false,1,21.90,8.76,true,1,
7290115675986,false,דנונה קראנצי עם אגוזים מקורמלים,"שטראוס גרופ ***בע""מ",,,"י""ח",173,"ל  מ""ל",false,1,4.60,2.66,true,1,
7290115676273,false,שקית קקאו 500 גרם+10%  עלית,"שטראוס גרופ בע""מ",,,"י""ח",500,ל  גרם,false,1,23.90,4.78,true,1,
7290115678222,false,מארז שמינייה יווני,"שטראוס גרופ ***בע""מ",,,"י""ח",1.04,ליטר,false,1,24.90,23.94,true,1,
7290115678376,false,מעדן הגולן בודד 125גר,"שטראוס גרופ ***בע""מ",,,"י""ח",125,ל  גרם,false,1,3.20,2.56,true,1,
7290115678383,false,מעדן הגולן שוקולד מריר בודד 125גר,"שטראוס גרופ ***בע""מ",,,"י""ח",125,ל  גרם,false,1,3.20,2.56,true,1,
7290115678642,false,נשנושי גבינה 16% עם חטיף אפוי עם זיתים,"שטראוס גרופ ***בע""מ",,,"י""ח",67,ל  גרם,false,1,10.90,16.27,true,1,
7290116514475,false,חולצה שרוול קצר כותנה לבן,ליאור יבוא ושיווק מוצרי הלבשה,,,"י""ח",1,,false,1,22.90,22.90,false,1,
7290116530000,false,"דאב תרחיץ פנים מלפפון ותה ירוק 180מ""ל",יוניליוור ישראל שיווק בעמ,,,"י""ח",180,"ל  מ""ל",false,1,11.90,6.61,false,1,
7290116530161,false,"פינוק סבון נוזלי אננס 700מ""ל",יוניליוור ישראל שיווק בעמ,,,"י""ח",750,"ל  מ""ל",false,1,11.90,1.59,false,1,
7290116530185,false,דלישקד 400ג קרמל מלוח.,יוניליוור ישראל שיווק בעמ,,,"י""ח",400,ל  גרם,false,1,21.90,5.48,false,1,
7290116530871,false,נשנשים מיקס 240 גרם,יוניליוור ישראל שיווק בעמ,,,"י""ח",240,ל  גרם,false,1,12.90,5.38,true,1,
7290116531021,false,שוקולד חלב  ורד הגליל 100ג,יוניליוור ישראל שיווק בעמ,,,"י""ח",100,ל  גרם,false,1,4.90,4.90,false,1,
7290116531083,false,ברנפלקס שקדים ודבש  400גרם,יוניליוור ישראל שיווק בעמ,,,"י""ח",500,ל  גרם,false,1,20.90,4.18,true,1,
7290116531090,false,דגדג במליחות מעודנת 250גר,יוניליוור ישראל שיווק בעמ,,,"י""ח",250,ל  גרם,false,1,9.90,3.96,true,1,
7290116531793,false,הלמנס רוטב לסלט קיסר 295ג,יוניליוור ישראל שיווק בעמ,,,"י""ח",295,ל  גרם,false,1,10.90,3.69,true,1,
7290116532219,false,קורנפלקס  448ג תות,יוניליוור ישראל שיווק בעמ,,,"י""ח",448,ל  גרם,false,1,17.90,4,true,1,
7290116532387,false,"אל סבון ידיים חמאת שיאה  950מ""ל",יוניליוור ישראל שיווק בעמ,,,"י""ח",950,ל  גרם,false,1,9.90,1.04,false,1,
7290116532479,false,"פיינט קליק שוקולד לבן קרם עוגיות 520מ""",גלידות שטראוס בעמ,,,"י""ח",260,ל  גרם,false,1,21.90,8.42,false,1,
7290116532738,false,הלמנס רוטב איטלקי 295ג,יוניליוור ישראל שיווק בעמ,,,"י""ח",295,ל  גרם,false,1,9.90,3.36,true,1,
7290116532882,false,נשנושים איירביס 150ג טעם בצל,יוניליוור ישראל שיווק בעמ,,,"י""ח",150,ל  גרם,false,1,11.90,7.93,false,1,
7290116532905,false,נשנושים איירביס 150ג טעם ברביקיו,יוניליוור ישראל שיווק בעמ,,,"י""ח",150,ל  גרם,false,1,11.90,7.93,false,1,
7290116533216,false,מרק ירקות קנור  235ג,יוניליוור ישראל שיווק בעמ,,,"י""ח",235,ל  גרם,false,1,14.90,6.34,false,1,
7290116533230,false,דליאגוז 400ג אגוזי לוז שלמים,יוניליוור ישראל שיווק בעמ,,,"י""ח",400,ל  גרם,false,1,21.90,5.48,false,1,
7290116930282,false,ארוחה בקטנה לאבנה עם קרקרים 150ג,תנובה בעמ ***,,,"י""ח",150,ל  גרם,false,1,7.90,5.27,false,1,
7290116930435,false,יוגורט גו סמיך 0% דובדבן,תנובה בעמ ***,,,"י""ח",200,"ל  מ""ל",false,1,5.90,2.95,true,1,
7290116930459,false,"יופלה שייק פירות 230מ""ל",תנובה בעמ ***,,,"י""ח",230,"ל  מ""ל",false,1,7.90,3.43,false,1,
7290116930701,false,מעדן חלב גו טעם קרמל מלוח 120ג,תנובה בעמ ***,,,"י""ח",120,"ל  מ""ל",false,1,5.20,4.33,false,1,
7290116931074,false,טל עמק פרוס 32% 300ג,תנובה בעמ ***,,,"י""ח",300,ל  גרם,false,1,25.90,8.63,false,1,
7290116931081,false,מעדן סויה בטעם טופי קרמל 125ג,תנובה בעמ ***,,,"י""ח",125,"ל  מ""ל",false,1,3.70,2.96,false,1,
7290116931104,false,יופלה גו אננס 0% 200ג,תנובה בעמ ***,,,"י""ח",200,"ל  מ""ל",false,1,5.90,2.95,true,1,
7290116931289,false,יוגורט גו סמיך 0% אלפחורס,תנובה בעמ ***,,,"י""ח",200,"ל  מ""ל",false,1,5.90,2.95,true,1,
7290116931463,false,מאגדת צפתית 200ג*2,תנובה בעמ ***,,,"י""ח",400,ל  גרם,false,1,25.90,6.48,false,1,
7290117030196,false,צלחת גדול 9 האומן שחור/זהב,ח.כהן סוכנות מזון ומשקאות בע,,,"י""ח",1,"י""ח",false,1,23.90,23.90,false,1,
7290117030219,false,צלחת ענק  10.25 האומן לבן/זהב,ח.כהן סוכנות מזון ומשקאות בע,,,"י""ח",1,"י""ח",false,1,24.90,24.90,false,1,
7290117030363,false,כוסות מעוטרות אומן 40יח שווה,ח.כהן סוכנות מזון ומשקאות בע,,,,40,"י""ח",false,1,8.90,0.22,true,1,
7290117030530,false,אשפתון גופיה נשלף אחד אחד XL שווה,ח.כהן סוכנות מזון ומשקאות בע,,,"י""ח",25,"י""ח",false,1,18.90,0.76,false,1,
7290117030745,false,נייר אפייה מתאים לתבנית אינגליש שווה,ח.כהן סוכנות מזון ומשקאות בע,,,"י""ח",20,"י""ח",false,1,9.90,0.50,true,1,
7290117030752,false,תבניות ארוז *7 שווה,ח.כהן סוכנות מזון ומשקאות בע,,,"י""ח",7,"י""ח",false,1,7.90,1.13,true,1,
7290117030769,false,תבניות ארוז *7 שווה,ח.כהן סוכנות מזון ומשקאות בע,,,"י""ח",7,"י""ח",false,1,7.90,1.13,true,1,
7290117030776,false,תבניות ארוז מלבן עמוק *7 שווה,ח.כהן סוכנות מזון ומשקאות בע,,,"י""ח",7,"י""ח",false,1,7.90,1.13,true,1,
7290117030783,false,תבניות ארוז *4 שווה,ח.כהן סוכנות מזון ומשקאות בע,,,"י""ח",4,"י""ח",false,1,7.90,1.98,true,1,
7290117030790,false,תבניות ארוז *10 אינגליש  שווה,ח.כהן סוכנות מזון ומשקאות בע,,,"י""ח",10,"י""ח",false,1,7.90,0.79,true,1,
7290117030806,false,תבניות ארוז *10 טוסטר  שווה,ח.כהן סוכנות מזון ומשקאות בע,,,"י""ח",10,"י""ח",false,1,7.90,0.79,true,1,
7290117030813,false,תבניות ארוז *4 עגול עמוק שווה,ח.כהן סוכנות מזון ומשקאות בע,,,"י""ח",4,"י""ח",false,1,7.90,1.98,true,1,
7290117030820,false,תבניות ארוז *4 עגול גדול שווה,ח.כהן סוכנות מזון ומשקאות בע,,,"י""ח",4,"י""ח",false,1,7.90,1.98,true,1,
7290117030837,false,תבניות ארוז *10יח אינגליש קצר שווה,ח.כהן סוכנות מזון ומשקאות בע,,,"י""ח",4,"י""ח",false,1,8.90,2.23,false,1,
7290117031056,false,צלחות דקל מרובעות גדולות 10יח שווה,ח.כהן סוכנות מזון ומשקאות בע,,,,10,"י""ח",false,1,14.90,1.49,true,1,
7290117031063,false,צלחות דקל מרובעות קטנות 10יח שווה,ח.כהן סוכנות מזון ומשקאות בע,,,,10,"י""ח",false,1,10.90,1.09,true,1,
7290117031520,false,"כוסות נייר גודל 12 שווה"" 40יח.",ח.כהן סוכנות מזון ומשקאות בע,,,"י""ח",40,"י""ח",false,1,14.90,0.37,true,1,
7290117031537,false,"כוסות נייר גודל 16 שווה"" 40יח.",ח.כהן סוכנות מזון ומשקאות בע,,,"י""ח",40,"י""ח",false,1,18.90,0.47,true,1,
7290117031568,false,כוסות  נייר גודל 9 שווה *40יח,ח.כהן סוכנות מזון ומשקאות בע,,,,40,"י""ח",false,1,12.90,0.32,false,1,
7290117032015,false,מזלגונים איכותי  40יח שקוף שווה,ח.כהן סוכנות מזון ומשקאות בע,,,"י""ח",40,"י""ח",false,1,6.90,0.17,true,1,
7290117032039,false,סכינים איכותי  40יח קרם שווה,ח.כהן סוכנות מזון ומשקאות בע,,,"י""ח",40,"י""ח",false,1,6.90,0.17,true,1,
7290117032046,false,סכינים איכותי  40יח שקוף שווה,ח.כהן סוכנות מזון ומשקאות בע,,,"י""ח",40,"י""ח",false,1,6.90,0.17,true,1,
7290117032060,false,כפות איכותי  40יח קרם שווה.,ח.כהן סוכנות מזון ומשקאות בע,,,"י""ח",40,"י""ח",false,1,6.90,0.17,true,1,
7290117032077,false,כפות איכותי  40יח שקוף שווה,ח.כהן סוכנות מזון ומשקאות בע,,,"י""ח",40,"י""ח",false,1,6.90,0.17,true,1,
7290117032091,false,כפיות איכותי 40יח קרם שווה,ח.כהן סוכנות מזון ומשקאות בע,,,"י""ח",40,"י""ח",false,1,6.90,0.17,true,1,
7290117032107,false,כפיות איכותי  40יח שקוף שווה,ח.כהן סוכנות מזון ומשקאות בע,,,"י""ח",40,"י""ח",false,1,6.90,0.17,true,1,
7290117032541,false,צלחת קטנה אריזה משפחתית 75יח שווה,ח.כהן סוכנות מזון ומשקאות בע,,,,75,"י""ח",false,1,25.90,0.35,true,1,
7290117032558,false,צלחת קטנה  אריזה משפחתית 75יח שווה,ח.כהן סוכנות מזון ומשקאות בע,,,,75,"י""ח",false,1,25.90,0.35,true,1,
7290117032589,false,צלחת גדולה  אריזה משפחתית 60יח שווה,ח.כהן סוכנות מזון ומשקאות בע,,,,60,"י""ח",false,1,25.90,0.43,true,1,
7290117032596,false,צלחת גדולה  אריזה משפחתית 60יח שווה,ח.כהן סוכנות מזון ומשקאות בע,,,,60,"י""ח",false,1,25.90,0.43,true,1,
7290117033005,false,פופקורן מלח מארז למיקרו 5יח שווה,ח.כהן סוכנות מזון ומשקאות בע,,,"י""ח",500,ל  גרם,false,1,10.90,2.18,true,1,
7290117260562,false,חמאה בגביע 225ג,ג.וילי פוד אינטרנשיונל בעמ,,,"י""ח",225,ל  גרם,false,1,16.90,7.51,false,1,
7290117261712,false,מלבין קינוח על בסיס חלב 154ג,ג.וילי פוד אינטרנשיונל בעמ,,,"י""ח",154,ל  גרם,false,1,5.90,3.83,false,1,
7290117262764,false,בצק להכנת עוגיות רד וולווט 300ג קפוא,ג.וילי פוד אינטרנשיונל בעמ,,,"י""ח",300,ל  גרם,false,1,16.90,5.63,false,1,
7290117262771,false,בצק להכנת עוגיות קרמל מלוח 300ג קפוא,ג.וילי פוד אינטרנשיונל בעמ,,,"י""ח",300,ל  גרם,false,1,16.90,5.63,false,1,
7290117262788,false,בצק להכנת עוגיות פטל שוק. ל.  300ג קפוא,ג.וילי פוד אינטרנשיונל בעמ,,,"י""ח",300,ל  גרם,false,1,16.90,5.63,false,1,
7290117262795,false,בצק להכנת עוגיות טעם שוקולד 300ג קפו,ג.וילי פוד אינטרנשיונל בעמ,,,"י""ח",300,ל  גרם,false,1,16.90,5.63,false,1,
7290117262801,false,בצק להכנת עוגיות שוק. ציפס 300ג קפוא,ג.וילי פוד אינטרנשיונל בעמ,,,"י""ח",300,ל  גרם,false,1,16.90,5.63,false,1,
7290117262931,false,קינוח בטעם מנגו 85ג,ג.וילי פוד אינטרנשיונל בעמ,,,"י""ח",85,ל  גרם,false,1,8.40,9.88,false,1,
7290117262948,false,קינוח בטעם טירמיסו 85ג,ג.וילי פוד אינטרנשיונל בעמ,,,"י""ח",85,ל  גרם,false,1,8.40,9.88,false,1,
7290117262955,false,קינוח בטעם שוקולד בלגי 85ג,ג.וילי פוד אינטרנשיונל בעמ,,,"י""ח",85,ל  גרם,false,1,8.40,9.88,false,1,
7290117262962,false,קינוח בטעם שוקולד קרמל 85ג,ג.וילי פוד אינטרנשיונל בעמ,,,"י""ח",85,ל  גרם,false,1,8.40,9.88,false,1,
7290117262979,false,קינוח בטעם שוקולד ופירות יער 85ג,ג.וילי פוד אינטרנשיונל בעמ,,,"י""ח",85,ל  גרם,false,1,8.40,9.88,false,1,
7290117263020,false,"משקה יוגורט פרוביוטי  200מ""ל 2.3%",ג.וילי פוד אינטרנשיונל בעמ,,,"י""ח",200,ל  גרם,false,1,4.90,2.45,true,1,
7290117382578,false,"מארז קולגייט טוטאל 75מ""ל+מברשת",ש.שסטוביץ בעמ,,,"י""ח",100,"ל  מ""ל",false,1,21.90,21.90,false,1,
7290117383711,false,"זוג פלמוליב חלב ודבש 750מ""ל",ש.שסטוביץ בעמ,,,"י""ח",1.50,ליטר,false,1,31.90,21.27,true,1,
7290117383728,false,"זוג פלמוליב לומינוס אבוקדו 750מ""ל",ש.שסטוביץ בעמ,,,"י""ח",1.50,ליטר,false,1,31.90,21.27,true,1,
7290117383735,false,"זוג פלמוליב חימר ורדים 750מ""ל",ש.שסטוביץ בעמ,,,"י""ח",1.50,ליטר,false,1,31.90,21.27,true,1,
7290117383742,false,"זוג פלמוליב גבר מרענן 750מ""ל",ש.שסטוביץ בעמ,,,"י""ח",1.50,ליטר,false,1,31.90,21.27,true,1,
7290117383780,false,"זוג פלמוליב  750מ""ל.",ש.שסטוביץ בעמ,,,"י""ח",1.50,ליטר,false,1,31.90,21.27,true,1,
7290117860045,false,"הוואי שמפו לשיער רגיל 700מ""ל",הנקל סוד בעמ,,,"י""ח",700,"ל  מ""ל",false,1,14.90,2.13,true,1,
7290117860090,false,"הוואי מרכך לשיער רגיל 700מ""ל",הנקל סוד בעמ,,,"י""ח",700,"ל  מ""ל",false,1,14.90,2.13,true,1,
7290117860144,false,"הוואי שמפו למניעת קשקשים 700מ""ל",הנקל סוד בעמ,,,"י""ח",700,"ל  מ""ל",false,1,14.90,2.13,true,1,
7290117860298,false,"הוואי שמפו קרטין מחזק 700מ""ל",הנקל סוד בעמ,,,"י""ח",700,"ל  מ""ל",false,1,14.90,2.13,true,1,
7290117860342,false,"הוואי מרכך קרטין מחזק 700מ""ל",הנקל סוד בעמ,,,"י""ח",700,"ל  מ""ל",false,1,14.90,2.13,true,1,
7290117860397,false,"הוואי שמפו פריחת דובדבן 700מ""ל",הנקל סוד בעמ,,,"י""ח",700,"ל  מ""ל",false,1,14.90,2.13,true,1,
7290117860441,false,"הוואי מרכך פריחת דובדבן 700מ""ל",הנקל סוד בעמ,,,"י""ח",700,"ל  מ""ל",false,1,14.90,2.13,true,1,
7290117860496,false,"הוואי  שמפו+מרכך 2ב1 לגבר 700מ""ל",הנקל סוד בעמ,,,"י""ח",700,"ל  מ""ל",false,1,14.90,2.13,true,1,
7290117860748,false,"הוואי שמפו מעניק נפח 700מ""ל",הנקל סוד בעמ,,,"י""ח",700,"ל  מ""ל",false,1,14.90,2.13,true,1,
7290117860793,false,"הוואי מרכך מעניק נפח 700מ""ל",הנקל סוד בעמ,,,"י""ח",700,"ל  מ""ל",false,1,14.90,2.13,true,1,
7290117860892,false,"הוואי תחליב רחצה יוגורט  700 מ""ל דבש",הנקל סוד בעמ,,,"י""ח",700,"ל  מ""ל",false,1,14.90,2.13,true,1,
7290117901175,false,שקדים קלופים 200ג ששון הקולה,דין שיווק וקליה 2021 בעמ,,,"י""ח",200,ל  גרם,false,1,20,10,false,1,
7290117901762,false,בוטן רביולי 200גר מחנה יהודה,דין שיווק וקליה 2021 בעמ****,,,"י""ח",200,ל  גרם,false,1,24.90,12.45,true,1,
7290117901823,false,שקד מולבן פרוס 250גר מחנה יהודה,דין שיווק וקליה 2021 בעמ****,,,"י""ח",250,ל  גרם,false,1,29.90,11.96,true,1,
7291044053159,false,קומקום חשמלי פנינה 2ליטר יונדאי,סמיקום לקסיס בעמ,,,"י""ח",1,,false,1,69.90,69.90,false,1,
7291044061505,false,קומקום חשמלי שחור 2ליטר יונדאי,סמיקום לקסיס בעמ,,,"י""ח",1,,false,1,69.90,69.90,false,1,
7291044091328,false,בלנדר  חשמלי(מוט) 400W יונדאי.,סמיקום לקסיס בעמ,,,"י""ח",1,,false,1,69.90,69.90,false,1,
7291044101706,false,מפזר חום 2000W יונדאי,סמיקום לקסיס בעמ,,,"י""ח",1,,false,1,59.90,59.90,false,1,
7297070000334,false,גרבי ירך לייקרה,אחים וייס ישי ייצור בעמ,,,"י""ח",1,,false,1,15.90,15.90,false,1,
7297070000358,false,קרנה-ברך 40לייקרה,אחים וייס ישי ייצור בעמ,,,"י""ח",1,,false,1,11.90,11.90,false,1,
7297070000402,false,גרבי גברים כותנה,אחים וייס ישי ייצור בעמ,,,"י""ח",1,,false,1,14.90,14.90,false,1,
7297070001010,false,גרבי ברך לנשים,אחים וייס ישי ייצור בעמ,,,"י""ח",1,,false,1,8.90,8.90,false,1,
7297070001027,false,"גרבי ברך לנשים 20דנ""",אחים וייס ישי ייצור בעמ,,,"י""ח",1,,false,1,10.90,10.90,false,1,
7297070001065,false,גרבי מכנס,אחים וייס ישי ייצור בעמ,,,"י""ח",1,,false,1,12.90,12.90,false,1,
7297070001133,false,"גרביון נשים 100דנ""",אחים וייס ישי ייצור בעמ,,,"י""ח",1,,false,1,39.90,39.90,false,1,
7297070001140,false,גרביון ילדות 70 דינר,אחים וייס ישי ייצור בעמ,,,"י""ח",1,,false,1,15.90,15.90,false,1,
7297070001225,false,"גרביון נשים 15דנ""",אחים וייס ישי ייצור בעמ,,,"י""ח",1,,false,1,12.90,12.90,false,1,
7297070001232,false,גרבי מכנס לנשים,אחים וייס ישי ייצור בעמ,,,"י""ח",1,,false,1,13.90,13.90,false,1,
7297070001249,false,גרבי מכנס לנשים,אחים וייס ישי ייצור בעמ,,,"י""ח",1,,false,1,17.90,17.90,false,1,
7297070001294,false,קרסוליות נשים כותנה,אחים וייס ישי ייצור בעמ,,,"י""ח",1,,false,1,12.90,12.90,false,1,
7297070001546,false,גרביון נשים מיקרופייבר 80דינר,אחים וייס ישי ייצור בעמ,,,"י""ח",1,,false,1,15.90,15.90,false,1,
7297070001553,false,גרביון נשים מיקרופייבר 120דינר לגינג,אחים וייס ישי ייצור בעמ,,,"י""ח",1,,false,1,22.90,22.90,false,1,
7297070001669,false,לורה תחתון בנות *5,אחים וייס ישי ייצור בעמ,,,"י""ח",1,,false,1,26.90,26.90,false,1,
7297070001676,false,גריי תחתון בנים *4,אחים וייס ישי ייצור בעמ,,,"י""ח",1,,false,1,25.90,25.90,false,1,
7297070001744,false,תחתוני בנות *5 ג`ין,אחים וייס ישי ייצור בעמ,,,"י""ח",1,,false,1,25.90,25.90,false,1,
7297070001799,false,טינס גובאני 3,אחים וייס ישי ייצור בעמ,,,"י""ח",1,,false,1,14.90,14.90,false,1,
7297070001829,false,תחתון נשים *5 לייקרה,אחים וייס ישי ייצור בעמ,,,"י""ח",1,,false,1,35.90,35.90,false,1,
7297070001867,false,תחתון  לגבר רוקי זוג,אחים וייס ישי ייצור בעמ,,,"י""ח",1,,false,1,26.90,26.90,false,1,
7297070002130,false,אליזי נשים 120 דינר,אחים וייס ישי ייצור בעמ,,,"י""ח",2,"י""ח",false,1,22.90,11.45,false,1,
7297070002321,false,עקביות נשים כותנה,אחים וייס ישי ייצור בעמ,,,"י""ח",1,,false,1,14.90,14.90,false,1,
7297070003137,false,כותניון חורף,אחים וייס ישי ייצור בעמ,,,"י""ח",1,,false,1,12.90,12.90,false,1,
7297070003724,false,לונג 6*40 ירך ילדות,אחים וייס ישי ייצור בעמ,,,"י""ח",1,,false,1,32.90,32.90,false,1,
7297174000056,false,קרסוליות במבוק נשים *3,אחים וייס ישי ייצור בעמ,,,"י""ח",1,,false,1,29.90,29.90,false,1,
7297174000063,false,גרבי תינוקות *3,אחים וייס ישי ייצור בעמ,,,"י""ח",1,,false,1,13.90,13.90,false,1,
7297174000377,false,חולצת T לבן,אחים וייס ישי ייצור בעמ,,,"י""ח",1,,false,1,18.90,18.90,false,1,
7297174000643,false,4 זוגות גרבי מכנס לילדות,אחים וייס ישי ייצור בעמ,,,"י""ח",1,,false,1,32.90,32.90,false,1,
7297174000735,false,3 זוגות גרבי מכנס,אחים וייס ישי ייצור בעמ,,,"י""ח",1,,false,1,32.90,32.90,false,1,
7297174000827,false,"גרביון נשים 20 דנ""מידות גדולות",אחים וייס ישי ייצור בעמ,,,"י""ח",1,,false,1,13.90,13.90,false,1,
7297174000896,false,גרביון אנבל נשים 10דנר,אחים וייס ישי ייצור בעמ,,,"י""ח",1,,false,1,12.90,12.90,false,1,
7297174000995,false,גרבי ילדים *3,אחים וייס ישי ייצור בעמ,,,"י""ח",1,,false,1,13.90,13.90,false,1,
7297174001015,false,"אליזי 2*60 גרביון ילדות 50דנ""",אחים וייס ישי ייצור בעמ,,,"י""ח",2,"י""ח",false,1,22.90,11.45,false,1,
7297174001053,false,טייץ מיקרופייבר נשים 80דינר,אחים וייס ישי ייצור בעמ,,,"י""ח",1,,false,1,15.90,15.90,false,1,
7297292000051,false,"קטיפה ע""י",כ.כיפות שיווק וסחר בעמ,,,"י""ח",1,,false,1,23.90,23.90,false,1,
7297292000310,false,סריגית 18 יח`80*80,כ.כיפות שיווק וסחר בעמ,,,"י""ח",1,,false,1,9.90,9.90,false,1,
7297292000341,false,פלוש אמריקאי קטן +5-1עור,כ.כיפות שיווק וסחר בעמ,,,"י""ח",1,,false,1,16.90,16.90,false,1,
7297292000372,false,פלוש אמריקאי גדול 6-9,כ.כיפות שיווק וסחר בעמ,,,"י""ח",1,,false,1,17.90,17.90,false,1,
7297292000389,false,בדית שלישיות,כ.כיפות שיווק וסחר בעמ,,,"י""ח",1,,false,1,16.90,16.90,false,1,
7297292000426,false,"בדית}בדי   בדיקה{80*80בד""ץ",כ.כיפות שיווק וסחר בעמ,,,"י""ח",1,,false,1,9.50,9.50,false,1,
7297488098152,false,קמח חומוס 500גר,נטורפוד בעמ,,,"י""ח",500,ל  גרם,false,1,16.90,3.38,false,1,
7297488098176,false,קמח סויה 500גר,נטורפוד בעמ,,,"י""ח",500,ל  גרם,false,1,9.90,1.98,false,1,
7297488098183,false,קמח אורז דגש 500 גרם,נטורפוד בעמ,,,"י""ח",500,"ל  מ""ל",false,1,10.90,2.18,false,1,
7297579006851,false,מגן מזרן איכותי יחיד,דהן פרוספר בעמ,,,"י""ח",1,,false,1,29.90,29.90,false,1,
7297579006868,false,מגן מזרן איכותי מיטה וחצי,דהן פרוספר בעמ,,,"י""ח",1,,false,1,34.90,34.90,false,1,
7297579006875,false,מגן מזרן איכותי זוגי,דהן פרוספר בעמ,,,"י""ח",1,,false,1,44.90,44.90,false,1,
7297579006882,false,מגן מזרן איכותי 1.8,דהן פרוספר בעמ,,,"י""ח",1,,false,1,49.90,49.90,false,1,
7297579006899,false,זוג מגיני כרית איכותי,דהן פרוספר בעמ,,,"י""ח",1,,false,1,24.90,24.90,false,1,
7297579011121,false,כרית ויסקו ג`ל,דהן פרוספר בעמ,,,"י""ח",1,,false,1,109.90,109.90,false,1,
7297579011329,false,מגבת מדאם גוף,דהן פרוספר בעמ,,,"י""ח",1,,false,1,29.90,29.90,true,1,
7297579011503,false,שטיח אמבטיה 50*80 דגם תחרה,דניאלה ע.י בעמ,,,"י""ח",1,,false,1,39.90,39.90,false,1,
7297579011510,false,שטיח אמבטיה 50*80 דגם שרונה,דניאלה ע.י בעמ,,,"י""ח",1,,false,1,39.90,39.90,false,1,
7297579011565,false,שלישיית מגבות מטבח גינגר,דניאלה ע.י בעמ,,,"י""ח",1,,false,1,11.90,11.90,false,1,
7297579011572,false,שלישיית מגבות מטבח זיג זג,דניאלה ע.י בעמ,,,"י""ח",1,,false,1,11.90,11.90,false,1,
7297579011596,false,מפת שולחן דגם דיאנה 150/300,דהן פרוספר בעמ,,,"י""ח",1,,false,1,59.90,59.90,false,1,
7297579011602,false,מפת שולחן דגם דיאנה 150/350,דהן פרוספר בעמ,,,"י""ח",1,,false,1,64.90,64.90,false,1,
7297579011619,false,מפת שולחן דגם דיאנה 150/400,דהן פרוספר בעמ,,,"י""ח",1,,false,1,75.90,75.90,false,1,
7297579011640,false,מפת שולחן דגם דובאי 150/350,דהן פרוספר בעמ,,,"י""ח",1,,false,1,69.90,69.90,false,1,
7297579011657,false,מפת שולחן דגם דובאי 150/400,דהן פרוספר בעמ,,,"י""ח",1,,false,1,79.90,79.90,false,1,
7297579011688,false,מפת שולחן דגם ויקטוריה 150/350,דהן פרוספר בעמ,,,"י""ח",1,,false,1,69.90,69.90,false,1,
7297579011695,false,מפת שולחן דגם ויקטוריה 150/400,דהן פרוספר בעמ,,,"י""ח",1,,false,1,79.90,79.90,false,1,
7297579011725,false,מפת שולחן דגם נאיה 150/350,דהן פרוספר בעמ,,,"י""ח",1,,false,1,69.90,69.90,false,1,
7297579011732,false,מפת שולחן דגם נאיה 150/400,דהן פרוספר בעמ,,,"י""ח",1,,false,1,79.90,79.90,false,1,
7297579011756,false,מפת שולחן דגם סהרה 150/300,דהן פרוספר בעמ,,,"י""ח",1,,false,1,59.90,59.90,false,1,
7297579011770,false,מפת שולחן דגם סהרה 150/400,דהן פרוספר בעמ,,,"י""ח",1,,false,1,79.90,79.90,false,1,
7297579011862,false,שטיח אמבטיה דגם פופי 50*80,דהן פרוספר בעמ,,,"י""ח",1,,false,1,25.90,25.90,false,1,
7297579011879,false,שטיח אמבטיה דגם פופי 90*60,דהן פרוספר בעמ,,,"י""ח",1,,false,1,34.90,34.90,false,1,
7297579011886,false,שטיח אמבטיה דגם פופי 120*60,דהן פרוספר בעמ,,,"י""ח",1,,false,1,44.90,44.90,false,1,
7297579012036,false,כיסוי סלון אליזבט,דהן פרוספר בעמ,,,"י""ח",1,,false,1,139.90,139.90,false,1,
7312040017683,false,מארז אבסולוט רגיל(וודקה {}{700 עם כוס,טמפו משקאות בעמ,,,"י""ח",750,"ל  מ""ל",false,1,69.90,9.28,true,1,
7450014901320,false,נעלי בית חורף נשים דגם SY001 שחור,ביג מול בעמ,,,"י""ח",1,,false,1,39.90,39.90,false,1,
7501013122190,false,נקטר תפוח 1ליטר JUMEX קרטונית,טמפו משקאות בעמ,,,"י""ח",1,ליטר,false,1,9.30,9.30,false,1,
7501049936945,false,"בירה סול 330מ""ל שישייה",טמפו משקאות בעמ,,,"י""ח",1.98,ליטר,false,1,39.90,19.24,true,1,
7501064191398,false,"בירה קורונה שישייה *355מ""ל.",תימקו בירה בעמ,,,"י""ח",6,"י""ח",false,1,39.90,6.35,true,1,
7509546063515,false,"ליידי ספיד סטיק פרו 5 ספריי 150מ""ל",ש.שסטוביץ בעמ,,,"י""ח",1,,false,1,18.90,18.90,true,1,
7509546678702,false,קולגייט משחת שיניים טוטל אנטי טרטר 100,ש.שסטוביץ בעמ,,,"י""ח",100,"ל  מ""ל",false,1,16.90,16.90,true,1,
7610100034084,false,מיונז טומי 265ג,ליימן שליסל,,,"י""ח",265,ל  גרם,false,1,11.90,4.49,false,1,
7610113011652,false,"בקרדי בריזר תפוח 275מ""ל",טמפו משקאות בעמ,,,"י""ח",275,"ל  מ""ל",false,1,14.20,5.05,true,1,
7610243004463,false,"דורגול מרסס קצף 500מ""ל",יעקב יעקבי ובניו בעמ,,,"י""ח",500,"ל  מ""ל",false,1,23.90,4.78,true,1,
7610700010778,false,ריקולה 50ג ללא ת.סוכר פטל חמוציות 50ג,שוקוטרייד בעמ,,,"י""ח",50,ל  גרם,false,1,13.90,27.80,false,1,
7610700012642,false,ריקולה שקית 70ג לימון,שוקוטרייד בעמ,,,"י""ח",70,ל  גרם,false,1,11.90,17,false,1,
7613030979647,false,טריקס פירות  480גר,קבוצת אוסם סחר-שות.מוגבלת,,,"י""ח",4.80,"י""ח",false,1,28.90,6.02,true,1,
7613035548374,false,גולדן מיניס 570גר,קבוצת אוסם סחר-שות.מוגבלת,,,"י""ח",500,ל  גרם,false,1,24.90,4.98,true,1,
7613035809109,false,פרפקטו רוטב עגבניות ובזיליקום 400ג,קבוצת אוסם סחר-שות.מוגבלת,,,"י""ח",400,ל  גרם,false,1,10.70,2.68,true,1,
7613036520492,false,פרפקטו רוטב עגבניות לפיצה  400ג,קבוצת אוסם סחר-שות.מוגבלת,,,"י""ח",400,ל  גרם,false,1,10.70,2.68,true,1,
7613036880534,false,גרבר מחית מרק ירקות מעורבים 190גר,קבוצת אוסם סחר-שות.מוגבלת,,,"י""ח",190,ל  גרם,false,1,7.30,3.84,false,1,
7613038268262,false,האני נאט צ`יריוס מופחת סוכר 410גר,קבוצת אוסם סחר-שות.מוגבלת,,,"י""ח",410,ל  גרם,false,1,24.90,6.07,true,1,
7613039880807,false,גרבר מחית תפוח וגזר 190גר,קבוצת אוסם סחר-שות.מוגבלת,,,"י""ח",190,ל  גרם,false,1,7.30,3.84,false,1,
7613039881965,false,גרבר מחית תפוח מנגו 190גר,קבוצת אוסם סחר-שות.מוגבלת,,,"י""ח",190,ל  גרם,false,1,7.30,3.84,false,1,
7613287476678,false,סינימיניס צ`ורוס 360גר,קבוצת אוסם סחר-שות.מוגבלת,,,"י""ח",360,ל  גרם,false,1,27.70,7.69,true,1,
7622010001858,false,אוראו 176 גרם ממולא קרם  בטעם וניל,דיפלומט מפיצים (1968) בעמ**,,,"י""ח",176,ל  גרם,false,1,8.90,5.06,true,1,
7622201808631,false,אוראו מיני כוסות  בטעם וניל 67 גר,דיפלומט מפיצים (1968) בעמ**,,,"י""ח",67,"ס""מ",false,1,6.90,10.30,true,1,
7622300315283,false,אוראו  בטעם וניל בד``צ 154גרם.,דיפלומט מפיצים (1968) בעמ**,,,"י""ח",154,"ס""מ",false,1,6.90,4.48,true,1,
7638900426663,false,אנרג`ייזר סוללות V9,דנשר (1963) בעמ,,,"י""ח",1,,false,1,28.50,28.50,false,1,
7638900426809,false,סוללת  *C*FORMULA,דנשר (1963) בעמ,,,"י""ח",1,,false,1,25,25,false,1,
7702174068833,false,לקקן יוגטה טעמי גלידה,ליימן שליסל,,,"י""ח",216,ל  גרם,false,1,9.90,4.58,false,1,
7702174073783,false,לקקן פין פופ 10יח טעם קולה,ליימן שליסל,,,"י""ח",216,ל  גרם,false,1,8.90,4.12,false,1,
7804414001614,false,יין דון חוליו שיראז.,הכרם משקאות חריפים בעמ,,,"י""ח",750,"ל  מ""ל",false,1,26.20,3.45,false,1,
7891024027998,false,"קולגייט מי פה טוטאל אנטי טרטר 500מ""ל",ש.שסטוביץ בעמ,,,"י""ח",500,"ל  מ""ל",false,1,29.90,5.98,false,1,
7891024124826,false,"קולגייט  אופטיק וייט 75מ""ל",ש.שסטוביץ בעמ,,,"י""ח",75,"ל  מ""ל",false,1,19.90,26.53,true,1,
8000380192243,false,לואקר מקסי 200ג טעם אגוזים,ליימן שליסל,,,"י""ח",200,ל  גרם,false,1,13.90,6.95,false,1,
8000380192250,false,לואקר מקסי 200ג טעם שוקולד,ליימן שליסל,,,"י""ח",200,ל  גרם,false,1,13.90,6.95,false,1,
8000380198221,false,לואקר מקסי 200ג טעם שוקולד מריר,ליימן שליסל,,,"י""ח",200,ל  גרם,false,1,13.90,6.95,false,1,
8001003100218,false,יוגטה סוכריות גלי   800ג,ליימן שליסל,,,"י""ח",800,ל  גרם,false,1,21.90,2.74,false,1,
8001090111685,false,אולוויז דיסקרט תחתונים L1/9,דיפלומט מפיצים 1968 בעמ,,,"י""ח",9,"י""ח",false,1,34.90,3.88,false,1,
8001090222879,false,הרבל אסנסס מרכך שיקום שמן ארגן 400מ``ל,דיפלומט מפיצים 1968 בעמ,,,"י""ח",400,"ל  מ""ל",false,1,19.90,4.98,true,1,
8001090336354,false,פמפרס ניו בייבי מידה 2 46יח,דיפלומט מפיצים 1968 בעמ,,,"י""ח",1,,false,1,39.90,39.90,true,1,
8001090336408,false,פמפרס אקטיב בייבי מידה 3 38יח,דיפלומט מפיצים 1968 בעמ,,,"י""ח",1,,false,1,39.90,39.90,true,1,
8001090336446,false,פמפרס אקטיב בייבי מידה 4 34יח,דיפלומט מפיצים 1968 בעמ,,,"י""ח",1,,false,1,39.90,39.90,true,1,
8001090336491,false,פמפרס אקטיב בייבי מידה 4+ 31יח,דיפלומט מפיצים 1968 בעמ,,,"י""ח",1,,false,1,39.90,39.90,true,1,
8001090336521,false,פמפרס אקטיב בייבי של5 30יח.,דיפלומט מפיצים 1968 בעמ,,,"י""ח",1,,false,1,39.90,39.90,true,1,
8001090336606,false,פמפרס אקטיב בייבי של6 26יח,דיפלומט מפיצים 1968 בעמ,,,"י""ח",1,,false,1,39.90,39.90,true,1,
8001090364104,false,אורל בי משחת שיניים לניקוי יסודי,דיפלומט מפיצים 1968 בעמ,,,"י""ח",124,ל  גרם,false,1,19.90,16.05,true,1,
8001090375186,false,"פנטן מרכך מרוכז 200מ""ל צבע מלא חיים",דיפלומט מפיצים 1968 בעמ,,,"י""ח",200,"ל  מ""ל",false,1,21.90,10.95,false,1,
8001090375285,false,"פנטן מרכך מרוכז 200מ""ל למגע רך",דיפלומט מפיצים 1968 בעמ,,,"י""ח",200,"ל  מ""ל",false,1,21.90,10.95,false,1,
8001090379337,false,פמפרס פרמיום VP מידה 3  1/40,דיפלומט מפיצים 1968 בעמ,,,"י""ח",40,"י""ח",false,1,34.90,0.87,true,1,
8001090379399,false,פמפרס פרמיום VP מידה 5 1/30,דיפלומט מפיצים 1968 בעמ,,,"י""ח",30,"י""ח",false,1,34.90,1.16,true,1,
8001090493637,false,"הד שולדרס שמפו אולטרא 450מ""ל",דיפלומט מפיצים 1968 בעמ,,,"י""ח",450,"ל  מ""ל",false,1,21.90,4.87,false,1,
8001090721099,false,אריאל קפסולות לכביסה 27יח,דיפלומט מפיצים 1968 בעמ,,,"י""ח",28,"י""ח",false,1,32.90,1.18,true,1,
8001090721129,false,אריאל קפסולות לכביסה קולור 27 יח,דיפלומט מפיצים 1968 בעמ,,,"י""ח",28,"י""ח",false,1,32.90,1.18,true,1,
8001090734044,false,אולדייז מגה פק נורמל פרש 78 יח`,דיפלומט מפיצים 1968 בעמ,,,"י""ח",78,"י""ח",false,1,19.90,0.26,true,1,
8001090740717,false,אולדייז מגה פק נורמל פרש 76 יח`,דיפלומט מפיצים 1968 בעמ,,,"י""ח",76,"י""ח",false,1,19.90,0.26,true,1,
8001090832450,false,"פנטן שמפו נוסחה קלאסית 660מ""ל",דיפלומט מפיצים 1968 בעמ,,,"י""ח",660,"ל  מ""ל",false,1,22.90,3.47,false,1,
8001090832535,false,"פנטן שמפו שמן מרוקאי משקם 660מ""ל",דיפלומט מפיצים 1968 בעמ,,,"י""ח",660,"ל  מ""ל",false,1,22.90,3.47,false,1,
8001090832573,false,"פנטן שמפו לחות מוגברת  660מ""ל",דיפלומט מפיצים 1968 בעמ,,,"י""ח",660,"ל  מ""ל",false,1,22.90,3.47,false,1,
8001090832610,false,"פנטן שמפו למגע רך כמשי 660מ""ל",דיפלומט מפיצים 1968 בעמ,,,"י""ח",660,"ל  מ""ל",false,1,22.90,3.47,false,1,
8001090832696,false,"פנטן שמפו לתלתלים מושלמים  660מ""ל",דיפלומט מפיצים 1968 בעמ,,,"י""ח",660,"ל  מ""ל",false,1,22.90,3.47,false,1,
8001090832771,false,"פנטן שמפו הזנת קרטין  660מ""ל",דיפלומט מפיצים 1968 בעמ,,,"י""ח",660,"ל  מ""ל",false,1,22.90,3.47,false,1,
8001090832818,false,"פנטן קונדישנר נוסחה קלאסית  660מ""ל",דיפלומט מפיצים 1968 בעמ,,,"י""ח",660,"ל  מ""ל",false,1,22.90,3.47,false,1,
8001090832856,false,"פנטן קונדישנר מרוקאי משקם  660מ""ל",דיפלומט מפיצים 1968 בעמ,,,"י""ח",660,"ל  מ""ל",false,1,22.90,3.47,false,1,
8001090832894,false,"פנטן קונדישנר לחות מוגברת  660מ""ל",דיפלומט מפיצים 1968 בעמ,,,"י""ח",660,"ל  מ""ל",false,1,22.90,3.47,false,1,
8001090833051,false,"פנטן קונדישנר הזנת קרטין  660מ""ל",דיפלומט מפיצים 1968 בעמ,,,"י""ח",660,"ל  מ""ל",false,1,22.90,3.47,false,1,
8001090833198,false,אריאל גל ניחוח מרענן  2.36ל.,דיפלומט מפיצים 1968 בעמ,,,"י""ח",2.36,ליטר,false,1,31.90,13.52,false,1,
8001090833228,false,אריאל גל קולור 2.36ל,דיפלומט מפיצים 1968 בעמ,,,"י""ח",2.36,ליטר,false,1,31.90,13.52,false,1,
8001090886385,false,לנור כדוריות הריח רענן  140ג,דיפלומט מפיצים 1968 בעמ,,,"י""ח",180,"ל  מ""ל",false,1,19.90,11.06,false,1,
8001090899194,false,תחבושות אולוויז פלטינום נורמל,דיפלומט מפיצים 1968 בעמ,,,"י""ח",1,,false,1,19.90,19.90,true,1,
8001090943095,false,פיירי אנטי בקטריאלי 1.015ל,דיפלומט מפיצים 1968 בעמ,,,"י""ח",1.01,ליטר,false,1,15.90,15.74,true,1,
8001620015629,false,"סן בנדטו תפוז ותפוז אדום 400מ""ל",טמפו משקאות בעמ,,,"י""ח",40,"ל  מ""ל",false,1,6.90,16.50,true,1,
8001620015636,false,"משקה פירות פרוטה בטעם מיקס פירות 400מ""",טמפו משקאות בעמ,,,"י""ח",40,"ל  מ""ל",false,1,6.90,16.50,true,1,
8001620017449,false,סאן בנדטו פקק ספורט  0.5 ל,טמפו משקאות בעמ,,,"י""ח",500,"ל  מ""ל",false,1,2.80,0.50,false,1,
8001620019160,false,"מים סן בנדטו טעם אפרסק 400מ""ל",טמפו משקאות בעמ,,,"י""ח",40,"ל  מ""ל",false,1,5.90,14,false,1,
8001620019177,false,"מים סן בנדטו טעם ענבים 400מ""ל",טמפו משקאות בעמ,,,"י""ח",40,"ל  מ""ל",false,1,5.90,14,false,1,
8001841104751,false,פמפרס פרמיום VP מידה 1 1/52,דיפלומט מפיצים 1968 בעמ,,,"י""ח",41,"י""ח",false,1,34.90,0.85,true,1,
8001841410524,false,"הד שולדרס שמפו קוקוס  600מ""ל",דיפלומט מפיצים 1968 בעמ,,,"י""ח",600,"ל  מ""ל",false,1,24.90,4.15,false,1,
8001841625287,false,פיירי פלטינום לימון 1.015ל,דיפלומט מפיצים 1968 בעמ,,,"י""ח",1.01,ליטר,false,1,15.90,15.74,true,1,
8001841669519,false,אריאל קפסולות לכביסה 55 יח,דיפלומט מפיצים 1968 בעמ,,,"י""ח",55,"י""ח",false,1,59.90,1.09,true,1,
8001841680989,false,אולדייז מגה פק פרו פרש לארג  64יח,דיפלומט מפיצים 1968 בעמ,,,"י""ח",80,"י""ח",false,1,23.90,0.30,true,1,
8001841941929,false,אולוויז וליו פק  לילה אקסטרא 16יח,דיפלומט מפיצים 1968 בעמ,,,"י""ח",1,,false,1,25.90,25.90,true,1,
8001841958460,false,פיירי טבלאות למדיח 48יח,דיפלומט מפיצים 1968 בעמ,,,"י""ח",48,"י""ח",false,1,39.90,0.83,false,1,
8001931120944,false,קן לציפור דק 500גר,נאמן לאורך זמן בעמ,,,"י""ח",500,ל  גרם,false,1,7.50,1.50,false,1,
8001931120982,false,קן לציפור עבה 500גר,נאמן לאורך זמן בעמ,,,"י""ח",500,ל  גרם,false,1,7.50,1.50,false,1,
8001931121002,false,קן לציפור דק 500גר,נאמן לאורך זמן בעמ,,,"י""ח",500,ל  גרם,false,1,7.50,1.50,false,1,
8005110001413,false,מארז זוג רוטב עגבניות 140ג MUTTI,רסטרטו יבוא ושיווק בעמ,,,"י""ח",140,ל  גרם,false,1,9.90,7.07,false,1,
8005200256587,false,נסטי בטעם אפרסק 1.5ל,טמפו משקאות בעמ,,,"י""ח",1.50,ליטר,false,1,8.50,5.47,true,1,
8005200316588,false,נסטי בטעם אפרסק 1.5ל,טמפו משקאות בעמ,,,"י""ח",1.50,ליטר,false,1,8.50,5.47,true,1,
8006540110317,false,"פנטן שמפו 400מ""ל  מיראקלס במבוק",דיפלומט מפיצים 1968 בעמ,,,"י""ח",400,"ל  מ""ל",false,1,17.90,4.48,false,1,
8006540112793,false,"לנור מרכך מרוכז יסמין 900מ""ל",דיפלומט מפיצים 1968 בעמ,,,"י""ח",900,"ל  מ""ל",false,1,15.90,1.77,true,1,
8006540112823,false,"לנור מרכך מרוכז אוריינוס 900מ""ל",דיפלומט מפיצים 1968 בעמ,,,"י""ח",900,"ל  מ""ל",false,1,15.90,1.77,true,1,
8006540112854,false,"לנור מרכך מרוכז בייבי לבן 900מ""ל.",דיפלומט מפיצים 1968 בעמ,,,"י""ח",900,"ל  מ""ל",false,1,15.90,1.77,true,1,
8006540425930,false,אריאל קפסולות 24יח לכתמים קשים.,דיפלומט מפיצים 1968 בעמ,,,"י""ח",24,"י""ח",false,1,32.90,1.37,false,1,
8006540495186,false,"לנור מרכך מרוכז בייבי לבן 900מ""ל.",דיפלומט מפיצים 1968 בעמ,,,"י""ח",900,"ל  מ""ל",false,1,15.90,1.77,true,1,
8008660210045,false,מעדן פירות יער   300ג,תה ויסוצקי (ישראל)בעמ,,,"י""ח",300,ל  גרם,false,1,15.90,5.30,true,1,
8008743002536,false,מטבעות שוקולד 50ג,שוקוטרייד בעמ,,,"י""ח",500,ל  גרם,false,1,4.90,0.98,false,1,
8008743015611,false,מכוניות פרצופים ברשת 85ג,שוקוטרייד בעמ,,,"י""ח",85,ל  גרם,false,1,8.90,10.47,false,1,
8008743026389,false,פרלי דובדבן בליקר 450ג,שוקוטרייד בעמ,,,"י""ח",400,ל  גרם,false,1,29.90,7.48,false,1,
8008743038993,false,פרלינים מעורב 450ג,שוקוטרייד בעמ,,,"י""ח",450,ל  גרם,false,1,25.90,5.76,false,1,
8008743048824,false,דובדבן בליקר שקית 90ג,שוקוטרייד בעמ,,,"י""ח",90,ל  גרם,false,1,9.90,11,false,1,
8008743055266,false,פרלי%72 קקאו שקית 90ג,שוקוטרייד בעמ,,,"י""ח",90,ל  גרם,false,1,9.90,11,false,1,
8008743055334,false,פרלי קקאו שקית 90ג,שוקוטרייד בעמ,,,"י""ח",90,ל  גרם,false,1,9.90,11,false,1,
8008743055341,false,פרלי אגוז שקית 90ג,שוקוטרייד בעמ,,,"י""ח",90,ל  גרם,false,1,9.90,11,false,1,
8011033011279,false,"קוסקוס 1ק""ג דין",דין שיווק וקליה 2021 בעמ,,,"י""ח",1,"ק""ג",false,1,12.90,12.90,false,1,
8076800195033,false,ברילה ספגטי מס3.,ש.שסטוביץ בעמ,,,"י""ח",500,ל  גרם,false,1,6.90,1.38,false,1,
8076800195057,false,ברילה ספגטיני מס  5,ש.שסטוביץ בעמ,,,"י""ח",500,ל  גרם,false,1,6.90,1.38,false,1,
8076802085738,false,ברילה פנה רגטה 73,ש.שסטוביץ בעמ,,,"י""ח",500,ל  גרם,false,1,6.90,1.38,false,1,
8076802085981,false,ברילה פסטה פוזילי 98,ש.שסטוביץ בעמ,,,"י""ח",500,ל  גרם,false,1,6.90,1.38,false,1,
8076808050440,false,ברילה מקרוני-44,ש.שסטוביץ בעמ,,,"י""ח",500,ל  גרם,false,1,6.90,1.38,false,1,
8076808060654,false,ברילה פרפלה-65,ש.שסטוביץ בעמ,,,"י""ח",500,ל  גרם,false,1,6.90,1.38,false,1,
8076808150072,false,ברילה ספגטי-7,ש.שסטוביץ בעמ,,,"י""ח",500,ל  גרם,false,1,6.90,1.38,false,1,
8076809513654,false,רוטב ברילה בסיס בלונז,ש.שסטוביץ בעמ,,,"י""ח",400,ל  גרם,false,1,15.90,3.98,true,1,
8076809513692,false,רוטב ברילה  נפוליטנה,ש.שסטוביץ בעמ,,,"י""ח",400,ל  גרם,false,1,15.90,3.98,true,1,
8076809523561,false,רוטב ברילה טעם פיצה,ש.שסטוביץ בעמ,,,"י""ח",1,,false,1,15.90,15.90,true,1,
8076809523738,false,לזניה ברילה 500 גרם,ש.שסטוביץ בעמ,,,"י""ח",500,ל  גרם,false,1,24.90,4.98,false,1,
8410104437268,false,פיניש דאוסטופ לריח המראה,רקיט בנקיזר (ניר איסט) בעמ,,,"י""ח",27,ל  גרם,false,1,16.90,62.59,true,1,
8412168002543,false,"מחייה 13% רוזטה שקדים 700מ""ל.",אגודת הכורמים,,,"י""ח",700,"ל  מ""ל",false,1,59.90,8.51,true,1,
8412168003106,false,"מחייה 13% פסיפלורה 700מ""ל.",אגודת הכורמים,,,"י""ח",700,"ל  מ""ל",false,1,59.90,8.51,true,1,
8420822130600,false,"סופר מסיר שומנים 750מ""ל.",יעקב יעקבי ובניו בעמ,,,"י""ח",750,ל  גרם,false,1,15.90,2.12,true,1,
8422443005213,false,יין המרכבה גראנד סלקשיין ק.סוביניון,היכל היין שקד גולן בעמ,,,"י""ח",750,"ל  מ""ל",false,1,34.90,4.61,true,1,
8435495805106,false,"ביומט 5 ק""ג",ליימן שליסל,,,"י""ח",5,"ק""ג",false,1,33.90,6.78,false,1,
8435495805168,false,"תינוקלין 1.250 ק""ג",ליימן שליסל,,,"י""ח",1.25,"ק""ג",false,1,24.90,19.92,false,1,
8435495807605,false,מרכך תינוקלין מרוכז 1ל לבן,ליימן שליסל,,,"י""ח",1,ליטר,false,1,19.90,19.90,true,1,
8437004395634,false,ערכה לבדיקת ביוץ,חן המעיין בעמ,,,"י""ח",1,,false,1,52.90,52.90,false,1,
8485818700014,false,משקפי ראיה איכותיים,ביג מול בעמ,,,"י""ח",1,,false,1,19.90,19.90,false,1,
8683130025574,false,"בדין אקסטרא לבנדר 960 מ""ל",יוניליוור ישראל שיווק בעמ,,,"י""ח",960,"ל  מ""ל",false,1,15.90,1.66,true,1,
8683130025581,false,"בדין אקסטרא ענבר 960 מ""ל",יוניליוור ישראל שיווק בעמ,,,"י""ח",960,"ל  מ""ל",false,1,16.90,1.76,true,1,
8686868600068,false,אביזרי שיער,אל האופק שיווק וסחר,,,"י""ח",1,,false,1,8.90,8.90,false,1,
8686868600075,false,אביזרי שיער,אל האופק שיווק וסחר,,,"י""ח",1,,false,1,9.90,9.90,false,1,
8686868600112,false,אביזרי שיער,אל האופק שיווק וסחר,,,"י""ח",1,,false,1,13.90,13.90,false,1,
8686868600129,false,אביזרי שיער,אל האופק שיווק וסחר,,,"י""ח",1,,false,1,12.90,12.90,false,1,
8686868600174,false,אביזרי שיער,אל האופק שיווק וסחר,,,"י""ח",1,,false,1,19.90,19.90,false,1,
8690531033374,false,פלפל חלפניו חריף חתוך 380גר,נאמן לאורך זמן בעמ,,,"י""ח",380,ל  גרם,false,1,7.90,2.08,false,1,
8690637503856,false,ממרח הלמנס לחיץ 40% אחוז פחות שומן,יוניליוור ישראל שיווק בעמ,,,"י""ח",789,ל  גרם,false,1,13.90,1.76,false,1,
8690637504426,false,"סיף קרם  לימון 500מ""ל",יוניליוור ישראל שיווק בעמ,,,"י""ח",500,"ל  מ""ל",false,1,10.90,2.18,false,1,
8690637506956,false,"דאב שמפו למניעת קשקשים 600מ""ל",יוניליוור ישראל שיווק בעמ,,,"י""ח",700,"ל  מ""ל",false,1,16.90,2.41,true,1,
8690637555084,false,"בדין אקסטרא לבן 960מ""ל",יוניליוור ישראל שיווק בעמ,,,"י""ח",960,"ל  מ""ל",false,1,16.90,1.76,true,1,
8690637704376,false,"דאב  600מ""ל שמפו  רגיל",יוניליוור ישראל שיווק בעמ,,,"י""ח",600,"ל  מ""ל",false,1,16.90,2.82,true,1,
8690637858734,false,"סיף ג ל אקונומיקה 750 מ""ל לימון",יוניליוור ישראל שיווק בעמ,,,"י""ח",750,"ל  מ""ל",false,1,10.90,1.45,false,1,
8690637871047,false,"דאב שמפו קוקוס כורכום  600מ""ל",יוניליוור ישראל שיווק בעמ,,,"י""ח",600,"ל  מ""ל",false,1,16.90,2.82,true,1,
8690637871245,false,ממרח אמיתי הלמנס 395 גר`לחיץ,יוניליוור ישראל שיווק בעמ,,,"י""ח",789,ל  גרם,false,1,14.90,1.89,false,1,
8690637946301,false,"בדין אקסטרא בייבי  960 מ""ל",יוניליוור ישראל שיווק בעמ,,,"י""ח",960,"ל  מ""ל",false,1,15.90,1.66,false,1,
8690637946318,false,"בדין אקסטרא בייבי  טלק  960 מ""ל",יוניליוור ישראל שיווק בעמ,,,"י""ח",960,"ל  מ""ל",false,1,15.90,1.66,false,1,
8690637971310,false,"בדין אקסטרא יערת הדבש  960 מ""ל",יוניליוור ישראל שיווק בעמ,,,"י""ח",960,"ל  מ""ל",false,1,16.90,1.76,true,1,
8690637976995,false,"בדין אקסטרא ורוד סחלב 960 מ""ל",יוניליוור ישראל שיווק בעמ,,,"י""ח",960,"ל  מ""ל",false,1,16.90,1.76,true,1,
8690757002406,false,"משחת נעליים שחור 50מ""ל",אינטרסן (1996) בעמ,,,"י""ח",75,"ל  מ""ל",false,1,4.90,6.53,false,1,
8690784516440,false,דאק סבון ניקוי לאסלה,דנשר (1963) בעמ,,,"י""ח",750,"ל  מ""ל",false,1,8.90,1.19,false,1,
8693323085100,false,יוגטה גומי טעם פירות 100גר,ליימן שליסל,,,"י""ח",100,ל  גרם,false,1,4.90,4.90,false,1,
8693323099107,false,מרשמלו לבבות יוגטה 150ג,ליימן שליסל,,,"י""ח",150,ל  גרם,false,1,8.90,5.93,false,1,
8697530910743,false,פאל מאל לייט קצר בודד,גלוברנדס בעמ,,,"י""ח",1,,false,1,29.50,29.50,false,1,
8697530910781,false,פאל מאל אדום,גלוברנדס בעמ,,,"י""ח",0,"י""ח",false,1,29.50,29.50,false,1,
8710502194825,false,עוגיות מרבה שוקולד ציפס 150ג,ש.שסטוביץ בעמ,,,"י""ח",150,ל  גרם,false,1,6.90,4.60,true,1,
8710800027573,false,מיני מנטוס שקית,ליימן שליסל,,,"י""ח",178,ל  גרם,false,1,14,7.87,false,1,
8710847942679,false,"שמפו 400מ""ל טרזמה",יוניליוור ישראל שיווק בעמ,,,"י""ח",400,"ל  מ""ל",false,1,15.90,3.98,true,1,
8712000051099,false,"היינקן בקבוק  330מ""ל שישייה 0%.",טמפו משקאות בעמ,,,"י""ח",1.98,ליטר,false,1,31.90,15.20,true,1,
8712400802512,false,נוטרילון שלב 2 800 גרם,דיפלומט מפיצים (1968) בעמ**,,,"י""ח",800,ל  גרם,false,1,64.90,8.11,false,1,
8712561594608,false,"דאב סבון נוזלי להזנה עמוקה 750 מ""ל",יוניליוור ישראל שיווק בעמ,,,"י""ח",750,"ל  מ""ל",false,1,19.90,2.65,true,1,
8712561611411,false,"דאב סבון נוזלי תה ירוק ומלפפון 750 מ""ל",יוניליוור ישראל שיווק בעמ,,,"י""ח",750,"ל  מ""ל",false,1,19.90,2.65,true,1,
8714599410806,false,גייקובס קרוננג 160ג שקית,דיפלומט מפיצים (1968) בעמ**,,,"י""ח",160,ל  גרם,false,1,19.90,12.44,true,1,
8714599513781,false,.ג`ייקובס גולד 200 ג,דיפלומט מפיצים (1968) בעמ**,,,"י""ח",200,ל  גרם,false,1,25.90,12.95,false,1,
8714599513835,false,ג`ייקובס נטול קופאין 200גר,דיפלומט מפיצים (1968) בעמ**,,,"י""ח",200,ל  גרם,false,1,36.90,18.45,false,1,
8714599513866,false,"ג""קובס קרוננג קפה נמס מיובש 200 גרם",דיפלומט מפיצים (1968) בעמ**,,,"י""ח",200,ל  גרם,false,1,25.90,12.95,true,1,
8714789218465,false,קולגייט 360 זוגות,ש.שסטוביץ בעמ,,,"י""ח",1,,false,1,29.90,29.90,true,1,
8714789450315,false,פלמוליב כלים שקוף לימון 1.5 ל`,ש.שסטוביץ בעמ,,,"י""ח",1.50,ליטר,false,1,15.90,10.60,true,1,
8714789797786,false,"פלמוליב כלים GLEASE BLASTER 750מ""ל",ש.שסטוביץ בעמ,,,"י""ח",750,"ל  מ""ל",false,1,12.90,1.72,true,1,
8714789930848,false,"קולגייט  אופטיק וייט אינסטנט 75מ""ל",ש.שסטוביץ בעמ,,,"י""ח",750,"ל  מ""ל",false,1,19.90,2.65,true,1,
8715035520301,false,רוטב יפני פונזו על בסיס סויה ולימון,דיפלומט מפיצים (1968) בעמ**,,,"י""ח",296,"ל  מ""ל",false,1,18.90,6.39,false,1,
8715700115344,false,מתבל עגבניות 460גר היינץ,דיפלומט מפיצים (1968) בעמ**,,,"י""ח",460,ל  גרם,false,1,7.90,1.72,false,1,
8715700419732,false,מתבל עגבניות היינץ 700ג,דיפלומט מפיצים (1968) בעמ**,,,"י""ח",700,ל  גרם,false,1,12.90,1.84,false,1,
8717163607305,false,דאב סבון מוצק גרגרים 4,יוניליוור ישראל שיווק בעמ,,,"י""ח",400,ל  גרם,false,1,15.90,3.98,false,1,
8717163647264,false,"אקס בודי ספריי אייס צ`יל 150מ""ל.",יוניליוור ישראל שיווק בעמ,,,"י""ח",150,"ל  מ""ל",false,1,14.90,9.93,true,1,
8717163655825,false,"רקסונה ספריי נשים  כותנה 150מ""ל",יוניליוור ישראל שיווק בעמ,,,"י""ח",150,"ל  מ""ל",false,1,14.90,9.93,true,1,
8717163714850,false,"דאב דאו  ספריי 150מ""ל",יוניליוור ישראל שיווק בעמ,,,"י""ח",90,"ל  מ""ל",false,1,14.90,16.56,true,1,
8717644390566,false,רביעיית סבון מוצק דאבירוק.,יוניליוור ישראל שיווק בעמ,,,"י""ח",400,ל  גרם,false,1,15.90,3.98,false,1,
8718951236790,false,"קולגייט טוטל קלין מינט  100מ""ל",ש.שסטוביץ בעמ,,,"י""ח",100,"ל  מ""ל",false,1,17.90,17.90,true,1,
8718951236806,false,"קולגייט טוטל הלבנה  100מ""ל",ש.שסטוביץ בעמ,,,"י""ח",100,"ל  מ""ל",false,1,17.90,17.90,true,1,
8718951313927,false,"פלמוליב סבון ידיים חימר טונוס 300מ""ל",ש.שסטוביץ בעמ,,,"י""ח",300,"ל  מ""ל",false,1,9.90,3.30,false,1,
8718951354807,false,אג קס פיור הום הפרחים יסמין 1.5ליטר,ש.שסטוביץ בעמ,,,"י""ח",1.50,ליטר,false,1,19.90,13.27,true,1,
8718951443396,false,פלמוליב סבון ידיים שלישייה,ש.שסטוביץ בעמ,,,"י""ח",900,"ל  מ""ל",false,1,23.10,2.57,false,1,
8718951509627,false,קולגייט  אופטיק וייט לאוהבי קפה 75מייל.,ש.שסטוביץ בעמ,,,"י""ח",256,ל  גרם,false,1,26.90,10.51,true,1,
8719200998001,false,בלבנד בלי מלח 200 גרם,דיפלומט מפיצים (1968) בעמ**,,,"י""ח",200,ל  גרם,false,1,4.90,2.45,false,1,
8719200998018,false,מחמאה מרגרינה בטעם חמאה 200 גרם..,דיפלומט מפיצים (1968) בעמ**,,,"י""ח",200,ל  גרם,false,1,5.60,2.80,false,1,
8719200998094,false,מזולה אפייה ללא מלח 200 גרם,דיפלומט מפיצים (1968) בעמ**,,,"י""ח",200,ל  גרם,false,1,7.50,3.75,false,1,
8720181045912,false,"אקס בודי ספריי גוף אפריקה 150מ""ל.",יוניליוור ישראל שיווק בעמ,,,"י""ח",150,"ל  מ""ל",false,1,14.90,9.93,true,1,
8720181046605,false,דאב דאו  ספריי 90ג,יוניליוור ישראל שיווק בעמ,,,"י""ח",90,"ל  מ""ל",false,1,15.90,17.67,true,1,
8720181090219,false,"דאב סבון נוזלי רימונים 750 מ""ל",יוניליוור ישראל שיווק בעמ,,,"י""ח",750,"ל  מ""ל",false,1,19.90,2.65,true,1,
8720181114458,false,אקס  דאו`ספריי לנשים  150 מ``ל.,בית הצעצוע בעמ,,,"י""ח",150,"ל  מ""ל",false,1,14.90,9.93,true,1,
8720181114472,false,אקס  דאו`ספריי לנשים  150 מ``ל אפולו,בית הצעצוע בעמ,,,"י""ח",150,"ל  מ""ל",false,1,14.90,9.93,true,1,
8720181114489,false,אקס  דאו`ספריי  150 מ``ל בלאק,בית הצעצוע בעמ,,,"י""ח",150,"ל  מ""ל",false,1,14.90,9.93,true,1,
8801055707966,false,~קפה נמס בריסטה טסטר צוייס 180 ג`,קבוצת אוסם סחר-שות.מוגבלת,,,"י""ח",180,ל  גרם,false,1,32.90,18.28,false,1,
8801055709434,false,קפה נמס טסטר צוייס קולומביה 100 ג`,קבוצת אוסם סחר-שות.מוגבלת,,,"י""ח",100,ל  גרם,false,1,25.90,25.90,true,1,
8809168840471,false,חטיף אצות מיובשות 9יח 4.5גרם.,מזרח ומערב יבוא ושיווק,,,"י""ח",9,"י""ח",false,1,19.90,2.21,false,1,
8850006932964,false,קולגייט מברשת שיניים טוויסטר חמישייה.,ש.שסטוביץ בעמ,,,"י""ח",1,,false,1,19.90,19.90,false,1,
8850180040028,false,טמפורה 500גר,מזרח ומערב יבוא ושיווק,,,"י""ח",500,"ל  מ""ל",false,1,10.90,2.18,false,1,
8850367994779,false,מחית קארי ירוקה  50ג,מזרח ומערב יבוא ושיווק,,,"י""ח",50,ל  גרם,false,1,6.90,13.80,true,1,
8850389103159,false,משקה מוגו מוגו ליצ`י עם חתיכות ג`לי קו,טמפו משקאות בעמ,,,"י""ח",320,"ל  מ""ל",false,1,6.90,2.06,true,1,
8850389104637,false,משקה אלוורה אפרסק 300,טמפו משקאות בעמ,,,"י""ח",300,"ל  מ""ל",false,1,7.20,2.30,true,1,
8850389105825,false,סאפה ענבים 1 ליטר,טמפו משקאות בעמ,,,"י""ח",1,ליטר,false,1,14,14,false,1,
8850389105849,false,סאפה אפרסק 1 ליטר,טמפו משקאות בעמ,,,"י""ח",1,ליטר,false,1,14,14,false,1,
8850389111352,false,משקה מוגו מוגו מלון עם חתיכות ג`לי קו,טמפו משקאות בעמ,,,"י""ח",320,"ל  מ""ל",false,1,6.90,2.06,true,1,
8850389115312,false,"סאפה מלון בקבוק 300מ""ל",טמפו משקאות בעמ,,,"י""ח",300,"ל  מ""ל",false,1,7.20,2.30,true,1,
8850632604259,false,חיספוסים מקלות תות שדה,ליימן שליסל,,,"י""ח",50,ל  גרם,false,1,3.50,7,true,1,
8850632604266,false,חיספוסים מקלות קולה,ליימן שליסל,,,"י""ח",50,ל  גרם,false,1,3.50,7,true,1,
8850632604402,false,חיספוסים שטיח מעורב,ליימן שליסל,,,"י""ח",50,ל  גרם,false,1,3.50,7,true,1,
8888021200720,false,סוללות אנרגייזר שמינייה AAA,דנשר (1963) בעמ,,,"י""ח",1,,false,1,19.90,19.90,false,1,
8934878081811,false,"דפי אורז 22ס""מ 400גר מזרח ומערב",מזרח ומערב יבוא ושיווק,,,"י""ח",400,ל  גרם,false,1,14.90,3.73,true,1,
9000101418163,false,ברף סבון אסלה בניחוח תפוח ירוק-נופר,גורי שיווק בעמ,,,"י""ח",50,"ל  מ""ל",false,1,17.90,35.80,false,1,
9001616669903,false,"בקבוק 160מ""ל",אלפא קוסמטיקה,,,"י""ח",1,,false,1,38.90,38.90,false,1,
9001616680991,false,"בקבוק 260מ""ל",אלפא קוסמטיקה,,,"י""ח",260,"ל  מ""ל",false,1,38.90,14.96,false,1,
9120097310545,false,חטיף מיני מיניונים מצונן 102.5ג,ג.וילי פוד אינטרנשיונל בעמ,,,"י""ח",102,ל  גרם,false,1,14.90,14.61,false,1,
9310088007015,false,פיוז אולטימייט,קימברלי קלארק ישראל שיווק בעמ,,,"י""ח",1,,false,1,19.90,19.90,true,1,
9720188050109,false,ממרח גבינה טופוט,*החברה המרכזית להפצת משקאותבעמ,,,"י""ח",227,ל  גרם,false,1,21.10,9.30,false,1,
9842019072910,false,פתילות מיוחדות 100יח,צבע ומכחול (2014) בעמ,,,"י""ח",1,,false,1,7.90,7.90,false,1,
72901008010259,true,אפרסמון,ביכורי השדה צפון 1994 ג.ד. בעמ,,,"ק""ג",1,"ק""ג",true,1,11.90,11.90,false,1,
