code,internal_code,name,manufacturer_name,manufacture_country,manufacturer_item_description,unit_qty,quantity,unit_of_measure,weighted,qty_in_package,price,unit_of_measure_price,allow_discount,status,item_id
30079847,false,מייבלין - מסקרה קולוסאל 100% שחור,,IL,מסקרה ווליום,יחידה,1.00,יחידה,false,1,39.90,39.90,true,1,
30108387,false,מייבלין - מסקרה קולוסאל גו אקס שחור,מייבלין Maybelline,FR,מסקרה שחור,יחידה,1.00,יחידה,false,1,40.00,40.00,true,1,
30138568,false,אססי ג'ל קוטור לק גוון 3,,ES,אססי ג'ל קוטור ל,יחידה,1.00,יחידה,false,0,49.90,49.90,true,1,
30138582,false,אססי. ג'ל קוטור370 יח',לוריאל איפור,DE,אססי. ג'ל קוטור,יחידה,1.00,יחידה,false,1,49.90,49.90,true,1,
30145221,false,אססי - לק גוון 859,לוריאל,ES,לק אססי 859,יחידה,1.00,יחידה,false,1,41.90,41.90,true,1,
30145382,false,לוריאל - קולוריש סלים מאט 602,,FR,קולוריש סלים מאט,יחידה,1.00,יחידה,false,1,55.00,55.00,true,1,
30145436,false,מייבלין - מסקרה קולוסל באונס,,IT,מסקרה קולוסאל בא,יחידה,1.00,יחידה,false,1,45.00,45.00,true,1,
30148208,false,קרם יום אבסולו 15,לנקום,FR,קרם יום אבסולו,מיליליטרים,15.00,"100 מ""ל",false,1,29.90,199.33,true,1,
30152830,false,מייבלין - מסקרה סקיי היי שחור,סייפו,IT,סקיי היי מסקרה ק,יחידה,1.00,יחידה,false,1,45.00,45.00,true,1,
30153219,false,מייבלין - שפתון ס.ס אינק וויניל 35,סופרוג'ם,FR,שפתון אינק וויני,יחידה,1.00,יחידה,false,1,45.00,45.00,true,1,
30162174,false,לוריאל - מסקרה אייר עמידה במים,,IT,VOLUME AIR מסקרה,יחידה,1.00,יחידה,false,1,50.00,50.00,true,1,
30166967,false,מייבלין - מסקרה סקיי היי,סייפו,IT,מסקרה HIGH SKY,יחידה,1.00,יחידה,false,1,45.00,45.00,true,1,
30173408,false,לק ג'ל קוטור יח' 514,לוריאל,ES,לק ג'ל קוטור514,יחידה,1.00,יחידה,false,1,49.90,49.90,true,1,
30173477,false,קונסילר אינפליבל 337,לוריאל,FR,קונסילר אינפליבל,יחידה,1.00,יחידה,false,1,67.90,67.90,true,1,
30173606,false,לוריאל - קונסילר אינפליבל 325,לוריאל,FR,קונסילר אינפליבל,יחידה,1.00,יחידה,false,1,67.90,67.90,true,1,
30175242,false,לוריאל - ליינר מאט סיגנטור חום,,IT,מאט סינגנצר חום,יחידה,1.00,יחידה,false,1,60.00,60.00,true,1,
30175792,false,מסקרה במבי שחור יח',,IL,מסקרה במבי שחור,יחידה,1.00,יחידה,false,1,75.00,75.00,true,1,
30178243,false,אססי. לק גוון 49 (רמיקס),,IL,לק סדרת רמיקס 49,יחידה,1.00,יחידה,false,1,41.90,41.90,true,1,
30179493,false,מסקרה שחורה Air Volume Mega,לוריאל פריז L'OREAL PARIS,IT,מסקרה מגה ווליום,יחידה,1.00,יחידה,false,1,50.00,50.00,true,1,
40052403,false,קיט קט 4 אצבעות שוקולד חלב,נסטלה Nestle,DE,חטיף קיט קאט,גרמים,41.00,100 גרם,false,1,4.90,11.95,true,1,
40144061,false,קנופרס חטיף וופל 25 גרם 24 יח,ליימן שליסל,DE,חטיף וופל,גרמים,25.00,100 גרם,false,1,3.60,14.40,true,1,
42182115,false,אורביט פייב ספירמינט 12 סטיקס 29 גר,ריגלי צרפת,FR,5 מנטה עדינה,גרמים,40.00,100 גרם,false,0,6.90,17.25,true,1,
42188889,false,אורביט פייב אבטיח 12 סטיקס 29 גר,ריגלי צרפת,FR,מסטיק 5 אבטיח,גרמים,40.00,100 גרם,false,0,6.90,17.25,true,1,
42207443,false,"קרם ניוואה סופט, 50 מ""ל",ביירסדורץ,IL,קרם ניוואה סופט,מיליליטרים,50.00,"100 מ""ל",false,0,9.90,19.80,true,1,
50398904,false,"קרם חמצן 6% אינדולה 60 מ""ל",גדעון קוסמטיקס,IL,קרם חמצן 6%,מיליליטרים,60.00,"100 מ""ל",false,0,4.90,8.17,true,1,
50398911,false,"קרם חמצן 9% בקבוק 60 מ""ל",אינדולה Indola,IL,קרם חמצן 9%,מיליליטרים,60.00,"100 מ""ל",false,0,4.90,8.17,true,1,
59013662,false,דאב דאו רולאון קקאו והיביסקוס 50 מל,"יוניליוור אנגליה, דרך קו",GB,דאודורנט דאב,מיליליטרים,50.00,"100 מ""ל",false,1,13.90,27.80,true,1,
59079378,false,"אקס - דאודורנט רול און לגבר אייס צ'יל 50 מ""ל","יוניליוור אנגליה, דרך קו",GB,דאודורנט אקס,מיליליטרים,50.00,"100 מ""ל",false,1,21.90,43.80,true,1,
59079798,false,"רקסונה - דאודורנט רול און לאישה אנטי פרספירנט שאוור 50 מ""ל","יוניליוור אנגליה, דרך קו",GB,דאו.רקסונה,מיליליטרים,50.00,"100 מ""ל",false,1,17.90,35.80,true,1,
59082637,false,"רקסונה - דאודורנט רולאון לגבר אקסטרא קול 50 מ""ל",יוניליוור פיליפינים,GB,רקסונה רול און,מיליליטרים,50.00,"100 מ""ל",false,1,17.90,35.80,true,1,
72917367,false,טעמי חטיף במילוי קרם נוגט וקרמל,"שטראוס גרופ בע""מ",IL,חטיף טעמי,גרמים,40.00,100 גרם,false,0,4.90,12.25,true,1,
72991008,false,חטיף פסק זמן במילוי ופל מגולגל 45 גרם,"שטראוס גרופ בע""מ",IL,פסק זמן חלב,גרמים,45.00,100 גרם,false,0,5.00,11.11,true,1,
72994061,false,חטיף פסק זמן GOOD גלילית לבן 40 גרם,שולן צ'\יקולטה גידה סאן.,TR,פסק זמן 2 גוד,גרמים,36.00,100 גרם,false,0,5.00,13.89,true,1,
80001287,false,וופל חטיף לואקר אגוז 38 גר',ליימן מותגים,AT,חטיף גרדנה,גרמים,38.00,100 גרם,false,0,4.90,12.89,true,1,
80001461,false,חטיף גרנדה שוקולד 38 גרם,"א. לואקר קונפקט בע""מ",AT,חטיף גרנדה שוקול,גרמים,38.00,100 גרם,false,0,4.90,12.89,true,1,
80762362,false,מסטיק מנטוס וויט בטעם מנטה אקליפטוס,פרפטי ואן מלה,TR,מנטוס וויט,גרמים,60.00,100 גרם,false,1,8.90,14.83,true,1,
80773429,false,מנטוס בקבוק מעוגל - מסטיק ללא סוכר בטעם תות 60 גרם,"פרפטי ואן מלה ג'\ידה,סאן",TR,מנטוס בקבוק,גרמים,60.00,100 גרם,false,1,8.90,14.83,true,1,
80773443,false,מנטוס בקבוק מעוגל - מסטיק ללא סוכר בטעם מנטה 60 גרם,"פרפטי ואן מלה ג'\ידה,סאן",TR,מסטיק מנטוס,גרמים,60.00,100 גרם,false,1,8.90,14.83,true,1,
80790990,false,מסטיק מנטוס בבקבוק מעוגל בטעם פירות -מנטה 60 ג',"פרפטי ואן מלה ג'\ידה,סאן",TR,מסטיק מנטוס,גרמים,60.00,100 גרם,false,1,8.90,14.83,true,1,
80831402,false,סוכרית מנטוס מנטה עדינה ללא סוכר 21 גרם Clean Breath,פרפטי ואן מלה,NL,סוכריות מנטה,גרמים,21.00,100 גרם,false,1,6.90,32.86,true,1,
80843184,false,מנטוס מסטיק פיור פרש בטעם ענבים 60גר,פרפטי ואן מלה הולנד,TR,מסטיק מנטוס,גרמים,60.00,100 גרם,false,1,8.90,14.83,true,1,
80854753,false,סוכרית מנטוס מנטה ללא סוכר 21 גרם Clean Breath,פרפטי ואן מלה,NL,סוכריות מנטוס,גרמים,21.00,100 גרם,false,1,6.90,32.86,true,1,
80874652,false,קינדר קלפים בודד 25.6 גר',פררו,IT,קינדר קארדס,גרמים,26.00,100 גרם,false,1,4.90,18.85,true,1,
80896081,false,מנטוס בקבוק מעוגל - מסטיק ללא סוכר בטעם אבטיח 60 גרם,"פרפטי ואן מלה ג'\ידה,סאן",TR,מנטוס בקבוק,גרמים,60.00,100 גרם,false,1,8.90,14.83,true,1,
80913467,false,מנטוס בקבוק מעוגל - מסטיק ללא סוכר בטעם מנטה,פרפטי ואן מלה הולנד,TR,מסטיק מנטוס,גרמים,60.00,100 גרם,false,1,8.90,14.83,true,1,
80986348,false,סוכריות פיור וויט טעם מנטה 60 ג' מנטוס,"פרפטי ואן מלה ג'ידה,סאן",TR,מנטוס פיור וויט,גרמים,60.00,100 גרם,false,1,8.90,14.83,true,1,
87108538,false,סוכריות בטעם תות מנטוס 37.5 גרם,הדקלאים אגודת שיתופי,NL,מנטוס תות,גרמים,37.00,100 גרם,false,0,3.90,10.54,true,1,
87108651,false,סוכריות בטעם מנטה מנטוס 4*37.5 גרם,הדקלאים אגודת שיתופי,NL,מנטוס מנטה 4 יח',גרמים,150.00,100 גרם,false,0,11.90,7.93,true,1,
87108712,false,סוכריות בטעם פירות מנטוס 4*37.5 גרם,פרפטי ואן מלה ברדה,NL,מנטוס פירות 4,גרמים,150.00,100 גרם,false,0,11.90,7.93,true,1,
87311396,false,מנטוס ריינבאוו סוכריות לעיסה בטעמי פירות,פרפטי ואן מלה ברדה,NL,מנטוס ריינבאו,גרמים,37.00,100 גרם,false,0,3.90,10.54,true,1,
96130339,true,דאו.דאב 0% אלומיניום 50מ,"יוניליוור אנגליה, דרך קו",IT,דאודורנט דאב,מיליליטרים,50.00,"100 מ""ל",false,1,13.90,27.80,true,1,
16000423534,false,חטיפי גרנולה קראנצ'י עם שיבולת שועל ושוקולד מריר נייצ'ר ואלי 5*42 גרם,ג'נרל מילס סאן אדריאן,ES,חטיף נייצ'ר ואלי,גרמים,210.00,100 גרם,false,0,15.90,7.57,true,1,
16000548404,false,חטיפי גרנולה קראנצ'י עם שיבולת שועל ודבש נייצ'ר ואלי 5*42 גרם,ג'נרל מילס סאן אדריאן,ES,חטיף נייטשר ואלי,גרמים,210.00,100 גרם,false,0,15.90,7.57,true,1,
16000548503,false,חטיפי גרנולה קראנצ'י עם מייפל וסוכר חום נייצ'ר ואלי 5*42 גרם,ג'נרל מילס סאן אדריאן,ES,חטיף נייטשר ואלי,גרמים,210.00,100 גרם,false,0,15.90,7.57,true,1,
20714001940,false,ארומטיקס קליניק אדפ 45מ,קליניק בישום,US,ארומטיקס קליני,מיליליטרים,45.00,"100 מ""ל",false,0,169.00,375.56,true,1,
20714007058,false,דאודורנט רול און,קליניק,GB,דאודורנט רול און,מיליליטרים,75.00,"100 מ""ל",false,0,79.00,105.33,true,1,
20714066116,false,פודרה Stay-Matte 02,קליניק,US,פודרה סטיי מט 02,יחידה,1.00,יחידה,false,0,180.00,180.00,true,1,
20714146559,false,מסיר איפור עיניים שפתיים,קליניק,GB,טייק אוף דה דיי,מיליליטרים,125.00,"100 מ""ל",false,0,119.00,95.20,true,1,
20714215552,false,קליניק טייק דה דיי אופ מסיר איפור בקרם,קליניק,JP,מסיר איפור באלם,מיליליטרים,125.00,"100 מ""ל",false,0,119.00,95.20,true,1,
20714227685,false,קליניק סבון נוזלי לפנים לעור שמן,קליניק,GB,Facial Liquid,מיליליטרים,200.00,"100 מ""ל",false,0,115.00,57.50,true,1,
20714236922,false,עפרון עיניים שייפר 01,קליניק,DE,עפרון עיניים שיי,יחידה,1.00,יחידה,false,0,110.00,110.00,true,1,
20714281113,false,קליניק אנטי בלמיש קליריפיינג לושן,קליניק,GB,אנטי בלמיש200,מיליליטרים,200.00,"100 מ""ל",false,0,129.00,64.50,true,1,
20714291822,false,קליניק אנטי בלמיש קלינסינג פום,קליניק,GB,קצף ניקוי לטיפול,מיליליטרים,125.00,"100 מ""ל",false,0,129.00,103.20,true,1,
20714291839,false,קליניק אנטי בלמיש קלירינג מויסצורייזר,קליניק,BE,אנטי בלמיש קלירי,מיליליטרים,50.00,"100 מ""ל",false,0,139.00,278.00,true,1,
20714353353,false,קליניק טינט פייס ברוזנינג גל,קליניק,BE,ג'ל שיזוף עצמי ל,מיליליטרים,50.00,"100 מ""ל",false,0,115.00,230.00,true,1,
20714395230,false,קליניק איבן בטר מוסטוריזר SPF20,קליניק,GB,20SPF איבן בטר ק,מיליליטרים,30.00,"100 מ""ל",false,0,290.00,966.67,true,1,
20714462765,false,קליניק קליריפיינג לושן 02 200 מל,קליניק,GB,מי הסרה שלב 2,מיליליטרים,200.00,"100 מ""ל",false,0,115.00,57.50,true,1,
20714463724,false,שפתון צ'אבי סטיק טינטד08,קליניק,CA,שפתון צ'אבי סטיק,יחידה,1.00,יחידה,false,0,109.00,109.00,true,1,
20714602093,false,שפתון צ'אבי אינסטנס 07,קליניק,CA,שפתון צ'אבי אינס,יחידה,1.00,יחידה,false,0,109.00,109.00,true,1,
20714711894,false,מייק אפ ביונד פרפקט06,קליניק,BE,מייק אפ ביונד פר,מיליליטרים,30.00,"100 מ""ל",false,0,210.00,700.00,true,1,
20714739386,false,קל.שפ.פופ קולור13,קליניק,BE,קל.שפ.פופ קולור1,יחידה,1.00,יחידה,false,0,119.00,119.00,true,1,
20714755898,false,מברשת גבות03,קליניק,IL,מברשת גבות03,יחידה,1.00,יחידה,false,0,119.00,119.00,true,1,
20714801014,false,מייק אפ ביונד פרפקט,קליניק,BE,מייק אפ ביונד פר,מיליליטרים,30.00,"100 מ""ל",false,0,210.00,700.00,true,1,
20714859459,false,קליניק מי הסרה גמבו סוג עור 2 487 מל,קליניק,GB,מי הסרה עור יבש,מיליליטרים,487.00,"100 מ""ל",false,0,215.00,44.15,true,1,
20714869502,false,מסקרה אימפקט עמידה,קליניק,CA,מסקרה אימפקט עמי,יחידה,1.00,יחידה,false,0,115.00,115.00,true,1,
20714968892,false,קונסילר טיפולי Ivory יח,,CA,קונסילר טיפולי,יחידה,1.00,יחידה,false,1,145.00,145.00,true,1,
22200956932,false,דאודורנט ספיד סטיק גל 24/7 כחול 85 גר,הנסיך- מפעל לייצור ט,US,דאודורנט ג'ל,גרמים,85.00,100 גרם,false,0,17.90,21.06,true,1,
22200956949,false,דאודורנט ג'ל כתום לגבר ספיד סטיק 85 גרם,קולגייט-פלמוליב,US,דאודורנט,גרמים,85.00,100 גרם,false,0,17.90,21.06,true,1,
25700005698,false,זיפלוק שקיות אחסון בינוניות 24 יחידות,אס.סי.גונסון ובניו,US,שקיות אחסון,יחידה,1.00,יחידה,false,1,10.00,10.00,true,1,
27131187035,false,WEAR DOUBLE מייק אפ 2c3,אסתי לאודר,BE,WEAR DOUBLE מייק,מיליליטרים,30.00,"100 מ""ל",false,0,235.00,783.33,true,1,
27131187066,false,מייקאפ אסתי לאודר גוון 3C2,אסתי לאודר,BE,WEAR DOUBLE מייק,מיליליטרים,30.00,"100 מ""ל",false,0,235.00,783.33,true,1,
27131187073,false,WEAR DOUBLE מייק אפ 4N1,אסתי לאודר,BE,WEAR DOUBLE מייק,מיליליטרים,30.00,"100 מ""ל",false,0,235.00,783.33,true,1,
27131228387,false,WEAR DOUBLE מייק אפ 3N1,אסתי לאודר,BE,מייק אפ 3N1,מיליליטרים,30.00,"100 מ""ל",false,0,235.00,783.33,true,1,
27131392385,false,WEAR DOUBLE מייק אפ 3W1,אסתי לאודר,BE,מייק אפ 3W1,מיליליטרים,30.00,"100 מ""ל",false,0,235.00,783.33,true,1,
27131392392,false,WEAR DOUBLE מייק אפ 3N2,אסתי לאודר,BE,מייק אפ 3N2,מיליליטרים,30.00,"100 מ""ל",false,0,235.00,783.33,true,1,
27131987840,false,אסתי מסכת ניקוי מקציפה 150 מל-פואם קלינס,אסתי לאודר,BE,מסכת ניקוי,מיליליטרים,150.00,"100 מ""ל",false,0,155.00,103.33,true,1,
27131988137,false,אסתי מי הסרה פעילים 200 מל-אקספוליאטינג,אסתי לאודר,GB,מי הסרה,מיליליטרים,200.00,"100 מ""ל",false,0,140.00,70.00,true,1,
35000689535,false,קולגייט מברשת שיניים מקס וייט סופט זוג,קולגייט-פלמוליב,CN,מברשות שיניים2X,יחידה,1.00,יחידה,false,0,19.90,19.90,true,1,
36000516890,false,ממחטות אף עם אלוורה + ויטמין E תלת שכבתי,חוגלה קימברלי,US,קלינקס לושן,יחידה,1.00,יחידה,false,1,21.90,21.90,true,1,
37977003444,false,מאם מברשות שיניים לילדים זוג תכלת,General,AT,מאמ מברשת שיני,יחידה,1.00,יחידה,false,0,42.90,42.90,true,1,
37977005424,false,מאמ-נשכן רב תכליתי יחידה,General,HU,נשכן מאמ,יחידה,1.00,יחידה,false,0,33.90,33.90,true,1,
37977050059,false,מוצץ לתינוק ללא ביספנול 0-2 מאם 2 יחידות,General,HU,זוג מוצצים,יחידה,1.00,יחידה,false,0,38.90,38.90,true,1,
38000232176,false,פרינגלס ביג שמנת בצל 158 גרם,פרינגלס מנופקצ'ורינג קונ,US,פרינגלס שמנת בצל,גרמים,158.00,100 גרם,false,1,11.90,7.53,true,1,
38000232183,false,פרינגלס ביג אורגינל 149 גרם,פרינגלס מנופקצ'ורינג קונ,US,פרינגלס אורגינל,גרמים,149.00,100 גרם,false,1,11.90,7.99,true,1,
40000513568,false,סוכריות אם אנד אמס M&M שוקולד חלב,M&M אם אנד אם,US,עדשים מ&מ'ס,גרמים,156.00,100 גרם,false,1,12.50,8.01,true,1,
40000513582,false,M&M's בוטנים אריזה גדול 156 גרם,מארס,US,עדשים מ&מ'ס,גרמים,156.00,100 גרם,false,1,12.50,8.01,true,1,
40000514510,false,M&M אריזה קטנה's בוטנים אריזה קטנה 49 גרם,M&M אם אנד אם,US,עדשי מ&מ'ס,גרמים,49.00,100 גרם,false,1,5.00,10.20,true,1,
46214731552,false,עוגיות שוקולד צ'יפס 37% גודיס 225 גרם,קריניציה ויטמינה אס,NL,עוגיות ש.צ'יפס,גרמים,225.00,100 גרם,false,0,11.90,5.29,true,1,
46688100250,false,ז`ולן קרם מבהיר רגיל 28 גרם,General,US,קרם מבהיר שיער,גרמים,28.00,100 גרם,false,0,76.90,274.64,true,1,
46688100502,false,ז`ולן קרם מבהיר אלוורה 28 גרם,General,US,קרם מבהיר שיער,גרמים,28.00,100 גרם,false,0,76.90,274.64,true,1,
58000142169,false,"קולגייט משחת שיניים טוטאל קלין מינט 170 מ""ל",קולגייט,MX,קולגייט קלין,מיליליטרים,170.00,"100 מ""ל",false,1,19.90,11.71,true,1,
58000142176,false,"קולגייט משחת שיניים טוטאל הלבנה 170 מ""ל",cp,MX,קולגייט טוטאל,מיליליטרים,170.00,"100 מ""ל",false,1,19.90,11.71,true,1,
58000142343,false,"קולגייט משחת שיניים מקס פסים מרעננים 150 מ""ל",קולגייט,MX,קולגייט מקס פסים,מיליליטרים,150.00,"100 מ""ל",false,1,15.90,10.60,true,1,
58000313200,false,"קולגייט משחת שיניים פרש כחול 150 מ""ל",קולגייט,MX,מקס פרש כחול,מיליליטרים,150.00,"100 מ""ל",false,1,15.90,10.60,true,1,
71249290415,false,שפתון אינפליבל עמיד209יח,לוריאל,US,שפתון אינפליבל ע,יחידה,1.00,יחידה,false,1,63.90,63.90,true,1,
73930680109,false,דבק ריסים 7 ג' שקוף DUO,,IL,דבק ריסים 7 ג' ש,יחידה,1.00,יחידה,false,1,50.00,50.00,true,1,
74764302106,false,חבילת ריסים בודדים מדיום,,US,חבילת ריסים בודד,יחידה,1.00,יחידה,false,1,44.90,44.90,true,1,
74764305503,false,ערכת סטארט ריסים בודדים,מג'יק,US,ערכת סטארט ריסים,יחידה,1.00,יחידה,false,0,75.00,75.00,true,1,
74764609106,false,ארדל ריסים מלאכותיים 109,מג'יק,US,ריסים מלאכותיים,יחידה,1.00,יחידה,false,0,41.90,41.90,true,1,
74764650573,false,דבק לרצועות ריסים כהה ARDELL,מג'יק,US,דבק ריסים כהה,יחידה,1.00,יחידה,false,1,45.90,45.90,true,1,
74764657350,false,רצועות ריסים Mink Faux 8,,US,רצועות ריסים Fau,יחידה,1.00,יחידה,false,1,49.90,49.90,true,1,
74764750174,false,מאיץ צמיחה לגבות וריסים ARDELL,מג'יק,US,מאיץ צמיחה לגבות,יחידה,1.00,יחידה,false,0,59.90,59.90,true,1,
74764751386,false,קיט לעיצוב גבות יח',,IL,קיט לעיצוב גבות,יחידה,1.00,יחידה,false,1,99.90,99.90,true,1,
77975094761,false,סניידרס חטיפים על בסיס קמח חיטה בטעם גבינת צ'דר,סניידרס אוף האנובר,US,חטיף סניידרס,גרמים,340.00,100 גרם,false,1,13.90,4.09,true,1,
77975094778,false,שברי בייגלה סניידרס בטעם דבש חרדל 340 גר,סניידרס אוף האנובר,US,סניידרס דבש חרדל,גרמים,340.00,100 גרם,false,1,13.90,4.09,true,1,
78300081111,false,פלייטקס ספורט עם מוליך סופר 18 יח,פלייטקס מניפאקטורינג בעמ,US,טמפוני פלייטקס,יחידה,1.00,יחידה,false,1,27.90,27.90,true,1,
79625014013,false,מברשת פודרה יח',,FR,מברשת פודרה,יחידה,1.00,יחידה,false,1,60.00,60.00,true,1,
79625014075,false,מברשת סומק יח',,IL,מברשת סומק,יחידה,1.00,יחידה,false,1,50.00,50.00,true,1,
79625014112,false,מברשת אקספרט להנחת מייק,,IL,מברשת אקספרט להנ,יחידה,1.00,יחידה,false,1,45.00,45.00,true,1,
79625014136,false,מברשת פודרה קיבוע מייקאפ,,IL,מברשת פודרה לקיב,יחידה,1.00,יחידה,false,1,45.00,45.00,true,1,
79625019568,false,ספוגית איפור משולבת יח',,IL,ספוגית איפור משו,יחידה,1.00,יחידה,false,1,40.00,40.00,true,1,
79625915426,false,מברשת להנחת קונסילר יח',,IL,מברשת להנחת קונס,יחידה,1.00,יחידה,false,1,40.00,40.00,true,1,
85715169624,false,אותנטיק מומנט אשה 100מל,אינטר פרמיום,US,אברקומבי אשה אדפ,מיליליטרים,100.00,"100 מ""ל",false,1,209.00,209.00,true,1,
85715323002,false,גאס בלה ויטה אישה אדפ 100 מל,,US,גאס בלה ויטה אדפ,מיליליטרים,100.00,"100 מ""ל",false,1,219.00,219.00,true,1,
85715326607,false,גאס אומו אדט לגבר 100 מ''ל,,US,גאס אומו אדט לגב,מיליליטרים,100.00,"100 מ""ל",false,1,209.00,209.00,true,1,
85715327246,false,גאס גרומינג דאו סטיק 75,אינטרפרפיום,US,גאס דאו סטיק,גרמים,75.00,100 גרם,false,1,49.90,66.53,true,1,
192333015599,false,ג'ל לחות בעל גוון מבחנה,,US,ג'ל לחות בעל גוו,מיליליטרים,125.00,"100 מ""ל",false,1,249.00,199.20,true,1,
192333027226,false,קליניק איבן בטר סרום עוצמתי 50 מל,אלקליל,US,סרום עוצמתי להבה,מיליליטרים,50.00,"100 מ""ל",false,1,455.00,910.00,true,1,
192333042793,false,קליניק ג'ל לחות עשיר לעור יבש מאוד 30 מל,אלקליל,GB,מויסטר סרג' 72 ש,מיליליטרים,30.00,"100 מ""ל",false,1,95.00,316.67,true,1,
192333042809,false,קליניק ג'ל לחות עשיר לעור יבש מאוד 50 מל,אלקליל,GB,מויסטר סרג אינטנ,מיליליטרים,50.00,"100 מ""ל",false,1,155.00,310.00,true,1,
192333051658,false,קליניק מארז קרם עיניים+מסיר איפור+מסקרה,General,US,מארז עיניים,יחידה,1.00,יחידה,false,1,199.00,199.00,true,1,
192333060124,false,קליניק מארז לטיפול יעיל באנטי-אייגינג,קליניק,US,מארז לטיפול באנט,יחידה,1.00,יחידה,false,1,399.00,399.00,true,1,
192333066928,false,קליניק מויסטר סרג קרם לחות 100 שעות 30 מ,General,GB,מויסטר סרג' 100,מיליליטרים,30.00,"100 מ""ל",false,1,95.00,316.67,true,1,
192333081020,false,קליניק תכשיר ניקוי ופילינג במוצר אחד במר,General,BE,תכשיר ניקוי ופיל,מיליליטרים,150.00,"100 מ""ל",false,1,129.00,86.00,true,1,
192333102749,false,קליניק סמארט קרם עיניים אנטי אייגינג,אסתי לאודר,GB,קרם עיניים סמארט,מיליליטרים,15.00,"100 מ""ל",false,0,279.00,1860.00,true,1,
192333111024,false,סט למראה עיניים עוצמתי י,,PL,סט למראה עיניים,יחידה,1.00,יחידה,false,1,115.00,115.00,true,1,
192333119921,false,מתנת תיק עם 4 פר,,,מתנת תיק עם 4 פר,יחידה,1.00,יחידה,false,0,49.00,49.00,true,1,
192333121450,false,סט למראה עיניים עוצמתי י,,DE,סט למראה עיניים,יחידה,1.00,יחידה,false,1,125.00,125.00,true,1,
192333125113,false,קליניק סמארט קרם לחות לעור יבש עד יבש מא,אסתי לאודר,BE,סמארט קרם לחות,מיליליטרים,50.00,"100 מ""ל",false,1,405.00,810.00,true,1,
192333125298,false,סט למראה עיניים רענן,אסתי לאודר,US,סט למראה עיניים,יחידה,1.00,יחידה,false,1,125.00,125.00,true,1,
192333127865,false,קליניק מויסטר סרג סט לטיפוח והענקת לחות,אסתי לאודר,US,סט לטיפוח והלחות,יחידה,1.00,יחידה,false,1,155.00,155.00,true,1,
192333132852,false,TTDO מסיר איפור בקרם 30,אסתי לאודר,BG,מסיר איפור,מיליליטרים,30.00,"100 מ""ל",false,1,29.90,99.67,true,1,
192333142004,false,קליניק מארז אנטי אייגינג למראה עור צעיר,אסתי לאודר,US,סט אנטי אייג'ינג,יחידה,1.00,יחידה,false,1,385.00,385.00,true,1,
305210043596,false,"וזלין - תחליב לחות עם תמצית לוונדר 600 מ""ל","יוניליוור, ג'פרסון סיטי,",US,וזלין תחליב לחות,מיליליטרים,600.00,"100 מ""ל",false,1,25.90,4.32,true,1,
305213079004,false,"תחליב גוף להזנה עמוקה צהוב וזלין 600 מ""ל","יוניליוור, ג'פרסון סיטי,",US,קרם גוף ואלין,מיליליטרים,600.00,"100 מ""ל",false,1,25.90,4.32,true,1,
309970007010,false,קנדיד מייק אפ 310 יח',רבלון,US,קנדיד מייק אפ310,יחידה,1.00,יחידה,false,1,65.00,65.00,true,1,
309970064488,false,שמן שפתיים קיס גלואו 8 ב,,FR,שמן שפתיים קיס ג,יחידה,1.00,יחידה,false,1,58.00,58.00,true,1,
309970076016,false,קנדיד פודרה 001 יח',רבלון,FR,קנדיד פודרה 001,יחידה,1.00,יחידה,false,1,65.00,65.00,true,1,
309970086756,false,עפרון ע. קריסטלייז212 יח,רבלון,US,עפרון ע. קריסטלי,יחידה,1.00,יחידה,false,1,49.90,49.90,true,1,
309970093297,false,סקין לייט הייליטר 201 יח,,US,סקין לייט הייליט,יחידה,1.00,יחידה,false,1,69.90,69.90,true,1,
309970131159,false,שפתון קולורסטיי אינק 18,,US,שפתון קולורסטיי,יחידה,1.00,יחידה,false,1,69.90,69.90,true,1,
309970131180,false,שפתון קולורסטיי אינק 19,,US,שפתון קולורסטיי,יחידה,1.00,יחידה,false,1,69.90,69.90,true,1,
309970166076,false,קונסילר קולורסטיי 5ב1,רבלון,US,קונסילר קולורסטי,יחידה,1.00,יחידה,false,1,55.00,55.00,true,1,
309971879104,false,שפתון קיס באלם10 יח',רבלון,US,שפתון קיס באלם10,יחידה,1.00,יחידה,false,0,20.90,20.90,true,1,
309971879258,false,שפתון קיס באלם30 יח',רבלון,US,שפתון קיס באלם30,יחידה,1.00,יחידה,false,0,20.90,20.90,true,1,
309973025011,false,שפתון סופר לסטרוס מאט 47,,US,שפתון סופר לסטרו,יחידה,1.00,יחידה,false,1,49.90,49.90,true,1,
309973174306,false,ק.סטיי שפתון אולטימט 30,רבלון,US,שפתון אולטימט,יחידה,1.00,יחידה,false,0,74.90,74.90,true,1,
309973174351,false,ק.סטיי שפתון אולטימט 35,רבלון,US,שפתון אולטימט,יחידה,1.00,יחידה,false,0,74.90,74.90,true,1,
309973174405,false,ק.סטיי שפתון אולטימט 40,רבלון,US,שפתון אולטימט,יחידה,1.00,יחידה,false,0,74.90,74.90,true,1,
309974104029,false,פוטורדי פרפקט פריימר27מל,רבלון,US,פוטורדי פרפקט פר,מיליליטרים,27.00,"100 מ""ל",false,0,120.90,447.78,true,1,
309974296038,false,עט תיקון טשטוש לכתמים יח,,US,עט תיקון טשטוש ל,יחידה,1.00,יחידה,false,1,79.90,79.90,true,1,
309975316711,false,שפתון ק.סטיי אוברטיים480,רבלון,US,שפתון ק.סטיי אוב,יחידה,1.00,יחידה,false,0,72.90,72.90,true,1,
309975316742,false,שפתון ק.סטיי אוברטיים510,רבלון,FR,שפתון ק.סטיי אוב,יחידה,1.00,יחידה,false,1,72.90,72.90,true,1,
309975410020,false,מייק אפ קולורסטיי 150,רבלון,US,מייק אפ קולורסטי,מיליליטרים,30.00,"100 מ""ל",false,0,104.90,349.67,true,1,
309975410037,false,מייק אפ קולורסטיי 180,רבלון,US,מייק אפ קולורסטי,מיליליטרים,30.00,"100 מ""ל",false,0,104.90,349.67,true,1,
309975410068,false,מייק אפ קולורסטיי 240,רבלון,US,מייק אפ קולורסטי,מיליליטרים,30.00,"100 מ""ל",false,0,104.90,349.67,true,1,
309975410075,false,מייק אפ קולורסטיי 250,רבלון,US,מייק אפ קולורסטי,מיליליטרים,30.00,"100 מ""ל",false,0,104.90,349.67,true,1,
309975410129,false,מייק אפ קולורסטיי 340,רבלון,US,מייק אפ קולורסטי,מיליליטרים,30.00,"100 מ""ל",false,0,104.90,349.67,true,1,
309975969030,false,אייליינר סקיני חום יח',רבלון,US,אייליינר סקיני ח,יחידה,1.00,יחידה,false,0,75.90,75.90,true,1,
309976047027,false,קולורסטיי פודרה דחוסה820,רבלון,US,פודרה דחוסה,יחידה,1.00,יחידה,false,0,106.90,106.90,true,1,
309976131023,false,קונסילר קולורסטיי620 יח',רבלון,US,קונסילר קולורסטי,יחידה,1.00,יחידה,false,0,64.90,64.90,true,1,
309976131047,false,קונסילר קולורסטיי640 יח',רבלון,US,קונסילר קולורסטי,יחידה,1.00,יחידה,false,0,64.90,64.90,true,1,
309976790015,false,קולרסטיי עפרון עיניים יח,רבלון,US,קולרסטיי עפרון,יחידה,1.00,יחידה,false,1,55.90,55.90,true,1,
309976954035,false,שפתון סופר לסטרוס 420 יח,רבלון,US,שפתון סופר לסטרו,יחידה,1.00,יחידה,false,0,51.90,51.90,true,1,
309977563014,false,מסקרה סופיירס שחורה יח',,US,מסקרה סופיירס שח,יחידה,1.00,יחידה,false,1,69.90,69.90,true,1,
309977641095,false,צללית קולורסטיי קרם735,רבלון,MX,צללית,יחידה,1.00,יחידה,false,0,72.90,72.90,true,1,
309977948040,false,עפרון גבות קולורסטיי220,רבלון,US,עפרון גבות קולור,יחידה,1.00,יחידה,false,0,82.90,82.90,true,1,
309978161080,false,שפתון HD מאט 620 יח',רבלון,US,שפתון HD מאט 620,יחידה,1.00,יחידה,false,0,76.90,76.90,true,1,
309978992097,false,קנדיד מייק אפ 240 יח',רבלון,US,קנדיד מייק אפ240,יחידה,1.00,יחידה,false,1,65.00,65.00,true,1,
309979380343,false,שפתון ק.סטיי אוברטיים340,רבלון,US,שפתון ק.סטיי אוב,יחידה,1.00,יחידה,false,0,72.90,72.90,true,1,
309979380381,false,שפתון ק.סטיי אוברטיים038,רבלון,US,שפתון ק.סטיי אוב,יחידה,1.00,יחידה,false,0,72.90,72.90,true,1,
371687320744,false,סאן אין למון פרש-בניחוח לימון,מדיטרנד כללי,US,סאן אין למון פרש,מיליליטרים,138.00,"100 מ""ל",false,1,59.90,43.41,true,1,
608940543313,false,"ריהאנה רייבל פלור א.ד.פ 100 מ""ל",אלפא בישום,US,Fleur Reb'l לאשה,מיליליטרים,100.00,"100 מ""ל",false,0,99.00,99.00,true,1,
608940553930,false,וינטג' בלאק אדט גבר100מל,,US,וינטג' בלאק אדט,מיליליטרים,100.00,"100 מ""ל",false,0,129.00,129.00,true,1,
608940566886,false,Hero Mankind א.ד.ט לגבר,,US,Hero Mankind א.,מיליליטרים,100.00,"100 מ""ל",false,0,129.00,129.00,true,1,
608940577752,false,רוז ראש פרגרנס מיסט236מל,,US,רוז ראש,מיליליטרים,236.00,"100 מ""ל",false,0,39.00,16.52,true,1,
608940578643,false,פנסי פוראבר אדפ אשה100מל,,US,פנסי פוראבר אדפ,מיליליטרים,100.00,"100 מ""ל",false,0,109.00,109.00,true,1,
608940579572,false,פלטינום פרגרנס מיסט236מל,,US,פלטינום פרגרנס,מיליליטרים,236.00,"100 מ""ל",false,0,49.90,21.14,true,1,
608940580561,false,פינק ראש אדפ אשה100מל,,US,פינק ראש אדפ,מיליליטרים,100.00,"100 מ""ל",false,0,129.00,129.00,true,1,
608940583845,false,בילי אייליש אדפ100מל,,US,Eilish Billieאדפ,מיליליטרים,100.00,"100 מ""ל",false,1,219.00,219.00,true,1,
619098000856,false,טרבלו בקבוק מילוי חום יח,,IL,טרבלו בקבוק מילו,יחידה,1.00,יחידה,false,1,59.90,59.90,true,1,
619098000900,false,טרבלו בקבוק מילוי סגול י,,IL,טרבלו בקבוק מילו,יחידה,1.00,יחידה,false,1,59.90,59.90,true,1,
638102203090,false,חטיף על בסיס חלבון סויה פאדג' גרהם,"אבוט נוטרישן, מעבדות",US,חטיף זון פאדג,גרמים,50.00,100 גרם,false,0,10.00,20.00,true,1,
651080153515,false,פלקרס חוט דנטלי לילדים 30 יח,דנטלון,CN,קיסם עם חוט,יחידה,1.00,יחידה,false,1,13.50,13.50,true,1,
651080161510,false,פלקרס פולסר לשיניים צפופות-מנטה 35 יחידו,מיוצר עי קונדיטוריית,CN,קיסם עם חוט,יחידה,1.00,יחידה,false,1,13.50,13.50,true,1,
651080366519,false,פלקרס פלוסר כפול טווין ליין,דנטלון,CN,פלאקרס טווין ליי,יחידה,1.00,יחידה,false,0,14.90,14.90,true,1,
651080647519,false,קיסמים עם חוט דנטלי פלאקרס מנטה 35 יחידות,"פלקרס רנור ארה""ב",US,קיסם עם חוט,יחידה,1.00,יחידה,false,1,13.50,13.50,true,1,
667538086236,false,"ויקטוריה סיקרט - בודי מיסט טמפטיישן 250 מ""ל",ויקטוריה סיקרט,US,טמפטיישן פרגרנס,מיליליטרים,250.00,"100 מ""ל",false,1,59.00,23.60,true,1,
667538582028,false,"ויקטוריה סיקרט - בודי מיסט אקווה קיס 250 מ""ל",ויקטוריה סיקרט,US,אקווה קיס,מיליליטרים,250.00,"100 מ""ל",false,1,59.00,23.60,true,1,
667547946927,false,"ו.סיקריט א.חדשה בודי ספרי לט סטיי אין 250 מ""ל",ויקטוריה סיקרט,FR,לטס סטיי אין,מיליליטרים,250.00,"100 מ""ל",false,1,59.00,23.60,true,1,
667548083645,false,"ויקטוריה סיקרט - בודי ספריי ספארקל לייק אנג'ל 250 מ""ל",ויקטוריה סיקרט,FR,ספארק לייק אן אנ,מיליליטרים,250.00,"100 מ""ל",false,1,59.00,23.60,true,1,
667548099172,false,"ו.סיקרט בודי ספריי באר ונילה 250מ""ל",ויקטוריה סיקרט,IL,באר ונילה,מיליליטרים,250.00,"100 מ""ל",false,1,59.00,23.60,true,1,
667548099219,false,"ויקטוריה סיקרט - בודי ספריי אמבר רומאנס 250 מ""ל",ויקטוריה סיקרט,IL,אמבר רומנס,מיליליטרים,250.00,"100 מ""ל",false,1,59.00,23.60,true,1,
667548800501,false,"ו.סיקרט בודי ספריי רומנטיק 250מ""ל",ויקטוריה סיקרט,US,רומנטיק פרגרנס,מיליליטרים,250.00,"100 מ""ל",false,1,59.00,23.60,true,1,
667549011562,false,"מיי גוף ספריי ראש ויקטוריה סיקרט - 250 מ""ל",ויקטוריה סיקרט,IL,ראש פרגרנס,מיליליטרים,250.00,"100 מ""ל",false,1,59.00,23.60,true,1,
690251081073,false,אורנג' בלוסום יוניס100מל,,GB,אורנג' בלוסום,מיליליטרים,100.00,"100 מ""ל",false,0,599.00,599.00,true,1,
693102041295,false,פריימר אבסולוט קאוור30מל,OFRA,US,פריימר אבסולוט ק,מיליליטרים,30.00,"100 מ""ל",false,0,109.90,366.33,true,1,
693102093249,false,פאלטת יהלומים יח',OFRA,US,פאלטת יהלומים,יחידה,1.00,יחידה,false,0,141.90,141.90,true,1,
693102093331,false,פלטת סמקים חמישייה יח',,IL,פלטת סמקים חמישי,יחידה,1.00,יחידה,false,1,135.00,135.00,true,1,
693102093355,false,פאלטת גבות יח',OFRA,US,פאלטת גבות,יחידה,1.00,יחידה,false,0,135.00,135.00,true,1,
693102130326,false,צללית נוזלית יח',,IL,צללית נוזלית,יחידה,1.00,יחידה,false,1,59.00,59.00,true,1,
693102160705,false,פאלטת צלליות והיילייטרים,,IL,פאלטת צלליות והי,יחידה,1.00,יחידה,false,1,280.00,280.00,true,1,
693102210141,false,ג'ל גבות Brown Dark יח',,IL,ג'ל גבות B Dark,יחידה,1.00,יחידה,false,1,128.00,128.00,true,1,
693102220997,false,-RCKסאן קיד -מדיום 150 מ,OFRA,US,-RCKסאן-קיסד,מיליליטרים,150.00,"100 מ""ל",false,0,230.90,153.93,true,1,
693102259317,false,מסקרת מוס בגוון שחור,,US,Ma Volumazing HD,יחידה,1.00,יחידה,false,1,118.00,118.00,true,1,
693102317048,false,היילטר לפנים ולגוף Pink,,IL,היילטר לפנים ולג,יחידה,1.00,יחידה,false,1,162.00,162.00,true,1,
693102350021,false,היילייטר-גלואו גולס,OFRA,US,היילייטר-גלואו ג,יחידה,1.00,יחידה,false,0,162.90,162.90,true,1,
693102350038,false,היילייטר-בין דה הייטרז,OFRA,US,היילייטר-הייטרז,יחידה,1.00,יחידה,false,0,162.90,162.90,true,1,
693102350052,false,היילייטר-פילו טוק יח',OFRA,US,היילייטר-פילוטוק,יחידה,1.00,יחידה,false,0,162.90,162.90,true,1,
693102350090,false,היילטר-קלאוד9 10 גר',OFRA,US,היילטר-קלאוד9,יחידה,1.00,יחידה,false,1,162.90,162.90,true,1,
693102350205,false,LIT CHICK,,IL,LIT CHICK,יחידה,1.00,יחידה,false,1,155.00,155.00,true,1,
693102350212,false,RIVER DUO BRONZER יח',,IL,RIVE DUO BRONZER,יחידה,1.00,יחידה,false,1,162.90,162.90,true,1,
693102400078,false,"פריימר ג'ל לפנים 30 מ""ל",OFRA,IL,פריימר ג'ל לפנים,מיליליטרים,30.00,"100 מ""ל",false,1,95.00,316.67,true,1,
693102400085,false,"פריימר קיוקאמבר 30 מ""ל",OFRA,IL,פריימר קיוקאמבר,מיליליטרים,30.00,"100 מ""ל",false,1,95.00,316.67,true,1,
693102400092,false,פריימר אבסולוט קאוור 30,OFRA,IL,פריימר אבסולוט ק,מיליליטרים,30.00,"100 מ""ל",false,1,119.00,396.67,true,1,
693102401013,false,"שמן לחידוש תאים 30 מ""ל",,IL,שמן לחידוש תאים,מיליליטרים,30.00,"100 מ""ל",false,1,160.00,533.33,true,1,
693102500525,false,שפתון נוזלי-סאן טרופה,OFRA,US,שפתון-סאן טרופה,יחידה,1.00,יחידה,false,0,89.00,89.00,true,1,
693102500594,false,שפתון נוזלי-סנטה אנה,OFRA,US,שפתון-סנטה אנה,יחידה,1.00,יחידה,false,0,89.00,89.00,true,1,
693102500624,false,שפתון נוזלי-אולטימט רד,OFRA,US,שפתון-אולטימט רד,יחידה,1.00,יחידה,false,0,89.00,89.00,true,1,
693102500747,false,שפתון נוזלי-דובאי יח',OFRA,US,שפתון-דובאי,יחידה,1.00,יחידה,false,0,89.00,89.00,true,1,
693102500792,false,שפתון נוזלי-היפנו יח',OFRA,US,שפתון-היפנו,יחידה,1.00,יחידה,false,0,89.00,89.00,true,1,
693102500921,false,שפתון נוזלי-קייפטאון,OFRA,US,שפתון-קייפטאון,יחידה,1.00,יחידה,false,0,89.00,89.00,true,1,
693102530454,false,פאלטה מקצועית-גודס יח',OFRA,US,פאלטה-גודס,יחידה,1.00,יחידה,false,0,261.90,261.90,true,1,
693102530485,false,HOLIDAY ON מיני קיט יח',,IL,HOLIDAY ON מיני,יחידה,1.00,יחידה,false,1,114.00,114.00,true,1,
693102594708,false,פודרה שקופה באבן יח',,IL,פודרה שקופה באבן,יחידה,1.00,יחידה,false,1,184.00,184.00,true,1,
693102603011,false,ברונזר -3Dפירמידה,OFRA,US,ברונזר -3Dפירמיד,יחידה,1.00,יחידה,false,0,188.90,188.90,true,1,
693102657120,false,שפתון נוזלי-בל הרבור,OFRA,US,שפתון-בל הרבור,יחידה,1.00,יחידה,false,0,89.00,89.00,true,1,
693102800113,false,Palette Soul פלטה יח',,IL,Palette Soul פלט,יחידה,1.00,יחידה,false,1,280.00,280.00,true,1,
693102800229,false,פלטה צלליות והיילטרים יח,,IL,פלטה צלליות והיי,יחידה,1.00,יחידה,false,1,135.00,135.00,true,1,
693102800410,false,פאלטת צלליות פגמ,,,פאלטת צלליות פגמ,יחידה,1.00,יחידה,false,0,180.00,180.00,true,1,
693493017602,false,אודם עמיד בגוון LUS VERY,,IL,אודם LUS VERY,יחידה,1.00,יחידה,false,1,90.00,90.00,true,1,
693493053983,false,"נרסיסו אדפ 90 מ""ל",נרסיסו רדריגז,IL,נרסיסו אדפ,מיליליטרים,90.00,"100 מ""ל",false,1,580.00,644.44,true,1,
697045161546,false,"ג'ל רחצה 200 מ""ל",,IL,"ג'ל רחצה 200 מ""ל",מיליליטרים,200.00,"100 מ""ל",false,1,39.90,19.95,true,1,
719346065405,false,"פנטזי אדפ לאישה 100 מ""ל - בריטני ספירס",בריטני ספירס BRITNEY SPEARS,US,fantasy א.ד.פ,מיליליטרים,100.00,"100 מ""ל",false,0,99.00,99.00,true,1,
719346094665,false,"מידנייט פנטזי אדפ לאישה 100 מ""ל - בריטני ספירס",אלפא בישום,US,מידנייט פנטזי,מיליליטרים,100.00,"100 מ""ל",false,0,99.00,99.00,true,1,
729238164994,false,שיסיידו פיוצר סולושיין קרם אולטימטיבי ל,לילית,JP,פיוצ'ר סולושן,מיליליטרים,50.00,"100 מ""ל",false,1,2280.00,4560.00,true,1,
730852157316,false,סינקרו סקין קונסילר 202,,JP,סינקרו סקין קונס,יחידה,1.00,יחידה,false,1,170.00,170.00,true,1,
730852164116,false,ג'ל גלוס מבריק 09 יח',,JP,ג'ל גלוס מבריק 0,יחידה,1.00,יחידה,false,1,145.00,145.00,true,1,
763511100019,false,"דונה קארן אדפ 100 מ""ל",אינטר פרמיום,IT,דונה קארן אדפ,מיליליטרים,100.00,"100 מ""ל",false,0,239.00,239.00,true,1,
788434104821,false,חטיף חלבון וואן בטעם חמאת בוטנים 60 גרם,בלמונט קונפקשנס,US,חטיף וואן חמאת ב,גרמים,60.00,100 גרם,false,1,18.90,31.50,true,1,
788434108379,false,חטיף חלבון וואן קרם עוגיות 60 גרם,בלמונט קונפקשנס,US,חטיף וואן קרם עו,גרמים,60.00,100 גרם,false,0,18.90,31.50,true,1,
788434108782,false,וואן חטיף חמאת בוטנים 60 גרם,בלמונט קונפקשנס,US,חטיף וואן חמאת ב,גרמים,60.00,100 גרם,false,0,18.90,31.50,true,1,
810905030893,false,ראש מסלסל 19 ממ + קליפס,,IL,ראש מסלסל 19 ממ,יחידה,1.00,יחידה,false,1,149.00,149.00,true,1,
810905034662,false,"קרם תלתלים 400 מ""ל",,IL,קרם תלתלים,מיליליטרים,400.00,"100 מ""ל",false,1,89.00,22.25,true,1,
810905039018,false,מסלסל גלים יח',,IL,מסלסל גלים,יחידה,1.00,יחידה,false,1,449.00,449.00,true,1,
812256021711,false,"אריאנה גראנדה סוויט לייק קנדי א.ד.פ 100 מ""ל",,IL,סוויט לייק קנדי,מיליליטרים,100.00,"100 מ""ל",false,1,209.00,209.00,true,1,
812256022480,false,אריאנה גראנדה מונליט100מ,,IL,אריאנה גראנדה מו,מיליליטרים,100.00,"100 מ""ל",false,1,209.00,209.00,true,1,
812256024194,false,קלאוד פרגרנס מיסט236מל,,US,קלאוד פרגרנס מיס,מיליליטרים,236.00,"100 מ""ל",false,1,49.90,21.14,true,1,
812256025269,false,"אריאנה גרנדה THANK U NEXT(א) בודי ספריי 236מ""ל",,US,NEXT U THANK,מיליליטרים,236.00,"100 מ""ל",false,1,49.90,21.14,true,1,
812256028475,false,גאד איז אה וומן אדפ100מל,,US,גאד איז אה וומן,מיליליטרים,100.00,"100 מ""ל",false,1,399.00,399.00,true,1,
815151020711,false,מסלסל אמיקה 25 ממ יח',,IL,מסלסל אמיקה 25 מ,יחידה,1.00,יחידה,false,1,449.00,449.00,true,1,
815151024849,false,"סרום מגן חום 100 מ""ל",,IL,סרום מגן חום,מיליליטרים,100.00,"100 מ""ל",false,1,179.00,179.00,true,1,
815151025693,false,Signature Normcore שמפו,,IL,Signatu Normcore,מיליליטרים,60.00,"100 מ""ל",false,1,45.00,75.00,true,1,
815151025723,false,Signature Normcore קונדי,,IL,Signatu Normcore,מיליליטרים,60.00,"100 מ""ל",false,1,45.00,75.00,true,1,
815151025945,false,color-lock VAULT שמפו 30,,IL,color-lock VAULT,מיליליטרים,300.00,"100 מ""ל",false,1,99.00,33.00,true,1,
815151026003,false,"דריי קונדישנר 233 מ""ל",,IL,דריי קונדישנר 23,מיליליטרים,233.00,"100 מ""ל",false,1,89.90,38.58,true,1,
815151026034,false,"ספריי מגן מלחות 42 מ""ל",,IL,ספריי מגן מלחות,מיליליטרים,42.00,"100 מ""ל",false,1,45.00,107.14,true,1,
815151026041,false,"שמפו אנטי פריז 300מ""ל",,IL,שמפו אנטי פריז,מיליליטרים,300.00,"100 מ""ל",false,1,99.00,33.00,true,1,
815151026072,false,"מרכך אנטי פריז 300מ""ל",,IL,מרכך אנטי פריז,מיליליטרים,300.00,"100 מ""ל",false,1,79.00,26.33,true,1,
815151029646,false,"Reset - שמן מנקה 200 מ""ל",,IL,Reset - שמן מנקה,מיליליטרים,200.00,"100 מ""ל",false,1,119.00,59.50,true,1,
840117802506,false,"קרם שיער לשיקום 50 מ""ל",HMS,US,קרם שיער לשיקום,מיליליטרים,50.00,"100 מ""ל",false,1,119.00,238.00,true,1,
840117803695,false,BRASS YOUR BUST - מסכה 2,,IL,BRASS YOUR BUST,מיליליטרים,250.00,"100 מ""ל",false,1,159.00,63.60,true,1,
840117804197,false,מסכה לשיקום אינטנסיבי 58,,IL,מסכה לשיקום אינט,גרמים,580.00,100 גרם,false,1,179.00,30.86,true,1,
840117804609,false,"פריימר הקוסם 118 מ""ל",,,פריימר הקוסם,מיליליטרים,118.00,"100 מ""ל",false,1,129.00,109.32,true,1,
840117805699,false,"שמפו לנפח 275 מ""ל",HMS,US,שמפו לנפח,מיליליטרים,275.00,"100 מ""ל",false,1,99.00,36.00,true,1,
840117805736,false,שמפו לשיקום השיער 275 מל,HMS,US,שמפו לשיקום השיע,מיליליטרים,275.00,"100 מ""ל",false,1,109.00,39.64,true,1,
840117805743,false,מרכך לשיקום השיער 275 מל,HMS,US,מרכך לשיקום השיע,מיליליטרים,275.00,"100 מ""ל",false,1,99.00,36.00,true,1,
841058006633,false,"אדג' ג'יל גילוח מועשר בשיבולת שועל 198 מ""ל",קריות זול,US,ג'ל גילוח,מיליליטרים,200.00,"100 מ""ל",false,1,18.90,9.45,true,1,
861940000006,false,"ג'סיקה מקלינטוק א.ד.פ 100 מ""ל",,US,ג'סיקה מקלינטוק,מיליליטרים,100.00,"100 מ""ל",false,1,109.00,109.00,true,1,
874034010447,false,וורם קוטון אדפ לאשה60מל,,US,וורם קוטון אדפ ל,מיליליטרים,60.00,"100 מ""ל",false,1,199.00,331.67,true,1,
887167056428,false,עפרון שפתיים דאבל סטיי16,אסתי לאודר,DE,עפרון שפתיים דאב,יחידה,1.00,יחידה,false,0,120.00,120.00,true,1,
887167147751,false,איילינר ליטל בלאר ליינר,אסתי לאודר,JP,איילינר ליטל בלא,יחידה,1.00,יחידה,false,0,155.00,155.00,true,1,
887167178694,false,WEAR DOUBLEמייק אפ 3w1.5,אסתי לאודר,BE,WEAR DOUBLEמייק,מיליליטרים,30.00,"100 מ""ל",false,1,235.00,783.33,true,1,
887167251007,false,עפרון גבות רב תכליתי 03,אסתי לאודר,JP,עפרון גבות רב תכ,יחידה,1.00,יחידה,false,0,130.00,130.00,true,1,
887167332249,false,WEAR DOUBLE מייק אפ 2C1,אסתי לאודר,IL,מייק אפ 2C1,מיליליטרים,30.00,"100 מ""ל",false,0,235.00,783.33,true,1,
887167368651,false,אסתי לאודר רזיליאנס  קרם פנים וצוואר לע,קליניק,US,רזיליאנס קרם פני,מיליליטרים,50.00,"100 מ""ל",false,1,545.00,1090.00,true,1,
887167487598,false,אסתי לאודר רויטאליזינג סופרים+ 15 מל,אלקליל,US,קרם אנטי אייגינג,מיליליטרים,15.00,"100 מ""ל",false,1,155.00,1033.33,true,1,
887167533202,false,"מייק-אפ בגימור מאט 30מ""ל",אסתי לאודר,BE,מייק אפ מאט,מיליליטרים,30.00,"100 מ""ל",false,0,235.00,783.33,true,1,
887167565692,false,Goddess Bronze מדיום יח',,US,Goddess Bronze מ,יחידה,1.00,יחידה,false,1,250.00,250.00,true,1,
887167565715,false,Goddess Bronze דיפ 04 יח,,US,Goddess Bronze ד,יחידה,1.00,יחידה,false,1,250.00,250.00,true,1,
887167617513,false,תיק מתנה 4 פריטים .,אסתי לאודר,CN,תיק מתנה 4 פריטי,יחידה,1.00,יחידה,false,1,49.00,49.00,true,1,
887167620018,false,בלוק באסטר 2022 מארז,אסתי לאודר,CN,בלוק באסטר,יחידה,1.00,יחידה,false,1,569.00,569.00,true,1,
888066000062,false,ORCHID BLACK אדפ 50מל,,US,ORCHID BLACK,מיליליטרים,50.00,"100 מ""ל",false,1,425.00,850.00,true,1,
889809000110,false,מארז PORE-PARAZZI יח',,PL,מארז PORE-PARAZZ,יחידה,1.00,יחידה,false,1,219.00,219.00,true,1,
889809009007,false,גלאם גלואו מסכת בוץ לטיפול אנטי אייגינג,גלאם גלואו,US,מסיכת בוץ אנטי א,גרמים,50.00,100 גרם,false,1,209.00,418.00,true,1,
889809009045,false,גלאם גלואו מסכת בוץ לטיפול אנטי אייגינג,גלאם גלואו,US,מסיכת בוץ אנטי א,גרמים,15.00,100 גרם,false,1,85.00,566.67,true,1,
889809011130,false,גלאם גלואו סרום פפטידים לחידוש ושיקום הע,אלקליל,US,סרום לחידוש ושיק,מיליליטרים,30.00,"100 מ""ל",false,1,259.00,863.33,true,1,
3014260007836,false,מברשת שיניים אורל בי פרו פלקס,פרוקטר אנד גמבל,ES,מברשת שינים בי,יחידה,1.00,יחידה,false,1,29.90,29.90,true,1,
3014260007867,false,מ. שיניים סופט FLEX PRO,פרוקטר & גמבל,IL,מ. שיניים סופט P,יחידה,1.00,יחידה,false,1,34.90,34.90,true,1,
3014260100667,false,אורל בי מברשת שיניים ילדים 3-5 שנים,פרוקטר אנד גמבל,IE,מברשת השיניים,יחידה,1.00,יחידה,false,1,15.90,15.90,true,1,
3014260100698,false,אורל בי מברשת שיניים ילדים 6-12 שנים,פרוקטר אנד גמבל,IE,אורל בי לילדים,יחידה,1.00,יחידה,false,1,15.90,15.90,true,1,
3014260228842,false,"קצף גילוח ג'ילט לעור רגיל 200 מ""ל",מולינו ניקולי s.p.a,GB,קצף גילוח ג'ילט,מיליליטרים,200.00,"100 מ""ל",false,0,14.90,7.45,true,1,
3014260243531,false,גילט מאך 3 סכיני גילוח 4 יחידות חדש,פרוקטר אנד גמבל,PL,סכיני גילוח מא,יחידה,1.00,יחידה,false,0,49.90,49.90,true,1,
3014260246693,false,סכיני גילוח חד פעמי ונוס סימפלי רביעייה,פרוקטר אנד גמבל,IL,סכיני ונוס סימפל,יחידה,1.00,יחידה,false,0,9.90,9.90,true,1,
3014260262709,false,סכין גילוח ונוס לנשים 4 יחידות,ג'ילט ונוס Gillette Venus,DE,סכיני גילוח ונ,יחידה,1.00,יחידה,false,0,49.90,49.90,true,1,
3014260283254,false,סכיני גילוח חד פעמי בלו 2 פלוס *5,פרוקטר & גמבל,IL,"סכיני גילוח ח""פ",יחידה,1.00,יחידה,false,0,19.90,19.90,true,1,
3014260289287,false,סכין גילוח גילט בלו 2 לנשים-חמישייה,פרוקטר אנד גמבל,RU,סכיני גילוח,יחידה,1.00,יחידה,false,0,16.90,16.90,true,1,
3014260293253,false,סכין בלו 2 פלוס עשיריה נשים GILLETTE,ג'\ילט,US,ג'ילט סכין בלו 2,יחידה,1.00,יחידה,false,1,29.90,29.90,true,1,
3014260836665,false,אורל בי פרו אקספרט להגנה מקיפה 35 רך זוג,פרוקטר אנד גמבל,IE,מברשת אורל בי,יחידה,1.00,יחידה,false,1,41.90,41.90,true,1,
3030050145601,false,מחליק בייביליס ST460 יחי,,CN,מחליק בייביליס S,יחידה,1.00,יחידה,false,1,330.00,330.00,true,1,
3059944021197,false,"ויט קרם להסרת שיער לעור רגיש (אריזת חיסכון) 400 מ""ל",רקיט בנקיזר צרפת,FR,מסיר שיער ויט,מיליליטרים,400.00,"100 מ""ל",false,0,59.90,14.98,true,1,
3145891235609,false,אלור ספורט ג.אדט100,שאנל בישום,IL,אלור ספורט ג.אדט,מיליליטרים,100.00,"100 מ""ל",false,0,565.00,565.00,true,1,
3145891262605,false,"צ'אנס או טנדרה אדפ לאישה 100 מ""ל - שאנל",,FR,TENDR EAU CHANCE,מיליליטרים,100.00,"100 מ""ל",false,1,689.00,689.00,true,1,
3147755836274,false,עפרון עיניים קוהל27 נואר,לנקום,IL,עפרון עיניים קוה,יחידה,1.00,יחידה,false,0,119.00,119.00,true,1,
3147755836281,false,עפרון עינייםקוהל28 בראון,לנקום,IL,עפרון עינייםקוהל,יחידה,1.00,יחידה,false,0,119.00,119.00,true,1,
3147758034929,false,Tresor א.ד.פ לאשה 100מל,לנקום בישום,FR,E.D.P Tresor,מיליליטרים,100.00,"100 מ""ל",false,1,339.00,339.00,true,1,
3147758155112,false,Poeme אדפ ספריי אשה100מל,לנקום,FR,Poeme אדפ ספריי,מיליליטרים,100.00,"100 מ""ל",false,0,349.00,349.00,true,1,
3274870162565,false,"rougs xerus אדט 100 מ""ל",אלפא בישום,FR,rougs xerus אדט,מיליליטרים,100.00,"100 מ""ל",false,1,279.00,279.00,true,1,
3274872396197,false,אנג או דמון א.ד.פ 100מל,ג'יבנשי בישום,FR,אנג או דמון אדפ,מיליליטרים,100.00,"100 מ""ל",false,1,499.00,499.00,true,1,
3274872423008,false,גנטלמן גיבנשי אינטנס100מ,,FR,ג'נטלמן ג'יבנשי,מיליליטרים,100.00,"100 מ""ל",false,1,435.00,435.00,true,1,
3274872439078,false,ג'נטלמן פריווה,,,ג'נטלמן פריווה,יחידה,1.00,יחידה,false,0,459.00,459.00,true,1,
3331436300035,false,דאלי בלאק סאן גבר אדט100,קונפילוקס,FR,דאלי בלאק אדט,מיליליטרים,100.00,"100 מ""ל",false,0,98.90,98.90,true,1,
3346470303652,false,הום אידאל ספורט גבר100מל,גרלן בישום,IL,הום אידאל ספורט,מיליליטרים,100.00,"100 מ""ל",false,0,513.00,513.00,true,1,
3348901237116,false,"דיור ג'אדור א.ד.פ 150 מ""ל Christian Dior Jadore",,IL,זאדור אדפ,מיליליטרים,150.00,"100 מ""ל",false,1,749.00,499.33,true,1,
3348901368247,false,"דיור סוואג' א.ד.פ 100 מ""ל",,FR,סובאג' אדפ,מיליליטרים,100.00,"100 מ""ל",false,1,485.00,485.00,true,1,
3348901428545,false,"סוואג' דיור - א.ד.פ 200 מ""ל",,IL,סובאזי אדפ 200 מ,מיליליטרים,200.00,"100 מ""ל",false,1,699.00,349.50,true,1,
3349666007921,false,וואן מיליון One Million א.ד.ט לגבר,פאקו רבאן Paco Rabanne,IL,MILLION 1 א.ד.ט,מיליליטרים,100.00,"100 מ""ל",false,0,219.00,219.00,true,1,
3349668515660,false,"אינוויקטוס Invictus א.ד.ט לגבר 100 מ""ל",פאקו רבאן Paco Rabanne,FR,INVICTUS א.ד.ט,מיליליטרים,100.00,"100 מ""ל",false,0,279.00,279.00,true,1,
3349668566372,false,"ONE מיליון 200 מ""ל",לילית בישום,FR,ONE מיליון,מיליליטרים,200.00,"100 מ""ל",false,1,344.00,172.00,true,1,
3349668599110,false,אינויקטוס פלטינו.אדפ100מ,,FR,אינויקטוס פלטינו,מיליליטרים,100.00,"100 מ""ל",false,1,279.00,279.00,true,1,
3349668603671,false,million lady א.ד.פ. אישה,PUIG בישום,FR,million lady א.ד,יחידה,1.00,יחידה,false,1,390.00,390.00,true,1,
3349668607907,false,1 מליון א.ד.ט לגבר מארז,PUIG בישום,FR,1 מליון א.ד.ט לג,יחידה,1.00,יחידה,false,1,300.00,300.00,true,1,
3355991004672,false,INTENSE SCENT SILVER גבר,בוגרט בישום,IL,SCENT SILVER,מיליליטרים,200.00,"100 מ""ל",false,0,199.00,99.50,true,1,
3360372058878,false,אקווה דה ג'יו ג.אדט100,לנקום בישום,IL,Gio Di Acqua גבר,מיליליטרים,100.00,"100 מ""ל",false,1,299.00,299.00,true,1,
3360373016334,false,נואה אדט 30 מל,לנקום בישום,FR,נואה אדט,מיליליטרים,30.00,"100 מ""ל",false,0,99.00,330.00,true,1,
3360373016358,false,"נועה אדט לאישה 100 מ""ל - קאשרל",קשארל,FR,NOA א.ד.ט ספריי,מיליליטרים,100.00,"100 מ""ל",false,0,219.00,219.00,true,1,
3360373063680,false,קשארל אמור אמור א.ד.ט 100 מ''ל,קשארל,FR,AMOR AMOR א.ד.ט,מיליליטרים,100.00,"100 מ""ל",false,0,219.00,219.00,true,1,
3360375006432,false,"ארמני קוד אדט לגבר 125 מ""ל - ג'ורג'יו ארמני",לנקום בישום,FR,Code Armani אדט,מיליליטרים,125.00,"100 מ""ל",false,1,399.00,319.20,true,1,
3386460036528,false,"HOME JAIPUR אדפ 100 מ""ל",רבלון בישום,FR,HOME JAIPUR אדפ,מיליליטרים,100.00,"100 מ""ל",false,1,399.00,399.00,true,1,
3386460101066,false,אפטר שייב מונבלאן150מל,,IL,א.שייב מונבלאן,מיליליטרים,150.00,"100 מ""ל",false,1,79.00,52.67,true,1,
3386460123662,false,אקלה דארפג לאשה אדפ סט,אינטר פרמיום,FR,אקלה דארפג לאשה,יחידה,1.00,יחידה,false,1,255.00,255.00,true,1,
3386460125482,false,מארז רושס לגבר 100+50מל,אינטר פרמיום,FR,מארז רושס לגבר,יחידה,1.00,יחידה,false,1,199.00,199.00,true,1,
3386460130646,false,סיגנצ'ר סט לאשה מונבלאן,אינטר פרמיום,FR,סיגנציר סט לאשה,יחידה,1.00,יחידה,false,1,299.00,299.00,true,1,
3386460130653,false,מונבלאן סיגנצ'ר אדפ מארז,אינטר פרמיום,FR,מובבלאן סט,יחידה,1.00,יחידה,false,1,309.00,309.00,true,1,
3386460131643,false,מארז ג'ימי צ'ו איי וונט,אינטר פרמיום,FR,מארז ג'ימי צ'ו א,יחידה,1.00,יחידה,false,1,379.00,379.00,true,1,
3386460132275,false,אקספלורר אולטרה בלו אדפ,אינטר פרמיום,FR,מונבלאן סט לגבר,יחידה,1.00,יחידה,false,1,309.00,309.00,true,1,
3386461515671,false,"אקלט ד'ארפז' אדפ לאישה 100 מ""ל - לנוין",רבלון בישום,FR,D'ARPEGE ECLAT,מיליליטרים,100.00,"100 מ""ל",false,1,219.00,219.00,true,1,
3414204200949,false,"ניקוס סקלפצ'ר פיור הום - א.ד.ט 100 מ""ל",סקלפצ'ר SCULPTURE,IL,SCULPTURE א.ד.ט,מיליליטרים,100.00,"100 מ""ל",false,0,79.00,79.00,true,1,
3414206000608,false,"ג'ופ (יופ!) הום (ג) א.ד.ט 125 מ""ל",לילית בישום,FR,יופ א.ד.ט לגבר,מיליליטרים,125.00,"100 מ""ל",false,0,89.00,71.20,true,1,
3423222010690,false,מיאקי לאו דיסי סט לגבר,,FR,מיאקי לאו דיסי ס,יחידה,1.00,יחידה,false,1,330.00,330.00,true,1,
3423222010751,false,מיאקי לאו דיסי סט מארז,,FR,מיאקי לאו דיסי ס,יחידה,1.00,יחידה,false,1,299.00,299.00,true,1,
3423222015565,false,"דולצ'ה גאבנה לימפרטריס א.ד.ט 100 מ""ל",,FR,לימפטריס מס' 3 א,מיליליטרים,100.00,"100 מ""ל",false,1,139.00,139.00,true,1,
3423222015763,false,"דה וואן גולד אדפ לאישה 75 מ""ל",,FR,GOLD ONE THE א.,מיליליטרים,75.00,"100 מ""ל",false,1,419.00,558.66,true,1,
3423222047962,false,מיאקי דרופ דיסי אדפ מארז,פרסטיג' שיסיידו,FR,מיאקי דרופ דיסי,יחידה,1.00,יחידה,false,1,289.00,289.00,true,1,
3423222048204,false,מיאקי דרופ דיסי אדפ א90מ,פרסטיג' שיסיידו,FR,מיאקי דרופ דיסי,מיליליטרים,90.00,"100 מ""ל",false,1,259.00,287.78,true,1,
3423222051754,false,BLUE LIGHT DG מארז יח',,FR,BLUE LIGHT DG מא,יחידה,1.00,יחידה,false,1,289.00,289.00,true,1,
3423222052799,false,לייט בלו איטליין גבר100מ,,FR,לייט בלו איטליין,מיליליטרים,100.00,"100 מ""ל",false,1,249.00,249.00,true,1,
3423222055882,false,נרסיסו פור הר אדט מארז,פרסטיג' שיסיידו,FR,מארז נרסיסו פור,יחידה,1.00,יחידה,false,1,479.00,479.00,true,1,
3423222055912,false,נרסיסו פור הר אדפ מארז,פרסטיג' שיסיידו,FR,מארז נרסיסו פור,יחידה,1.00,יחידה,false,1,499.00,499.00,true,1,
3423222055950,false,נרסיסו מאסק נואר מארז,פרסטיג' שיסיידו,FR,נרסיסו מאסק נואר,יחידה,1.00,יחידה,false,1,499.00,499.00,true,1,
3423222066000,false,דה וואן אדפ אשה מארז,פרסטיג' שיסיידו,FR,דה וואן אדפ מארז,יחידה,1.00,יחידה,false,1,569.00,569.00,true,1,
3423470300161,false,"לאו דאיסי אדט לאישה 100 מ""ל - איסי מיאקי",איסימיאקי.,FR,D'ISSEY L'EAU,מיליליטרים,100.00,"100 מ""ל",false,1,279.00,279.00,true,1,
3423473021209,false,"דה וואן אדט לגבר 100 מ""ל - דולצ'ה וגבאנה",דולצ'ה&גב.שסטוב,IL,one the א.ד.ט לג,מיליליטרים,100.00,"100 מ""ל",false,1,329.00,329.00,true,1,
3423473032816,false,לייט בלו אינטנס אדפ,דולצ'ה&גב.שסטוב,FR,לייט בלו אינטנס,מיליליטרים,100.00,"100 מ""ל",false,1,319.00,319.00,true,1,
3423473049357,false,K אפטר שייב באלם 100מל,,FR,K אפטר שייב באלם,מיליליטרים,100.00,"100 מ""ל",false,1,159.00,159.00,true,1,
3423473050056,false,זדיג דיס איז רוק א.ד.ט,זדיג&וולטייר,IL,זדיג דיס איז רוק,מיליליטרים,100.00,"100 מ""ל",false,0,269.00,269.00,true,1,
3423473053958,false,"אמברה אדפ לאישה 90 מ""ל - נרסיסו רודריגז",,FR,נרסיסו אמברה אדפ,מיליליטרים,90.00,"100 מ""ל",false,1,399.00,443.33,true,1,
3423474886258,false,איסימיאקי נואי לגבר,איסימיאקי.,IL,איסימיאקי נואי ל,יחידה,1.00,יחידה,false,0,299.00,299.00,true,1,
3423474892051,false,זאדיק תחליב גוף לאישה,,FR,זדיג דיס איז הר,מיליליטרים,200.00,"100 מ""ל",false,1,89.00,44.50,true,1,
3423478452558,false,"ONE ONLY THE 50 מ""ל",דולצ'ה גבאנה,FR,ONE ONLY THE,מיליליטרים,50.00,"100 מ""ל",false,1,379.00,758.00,true,1,
3423478515956,false,"פיור מאסק אדפ לאישה 100 מ""ל - נרסיסו רודריגז",נרסיסו רדריגז,FR,פיור מאסק נרסיסו,מיליליטרים,100.00,"100 מ""ל",false,1,399.00,399.00,true,1,
3423478580053,false,ONE ONLY THE אדפ 50מל,דולצ'ה גבאנה,FR,ONE2 ONLY THE,מיליליטרים,50.00,"100 מ""ל",false,1,379.00,758.00,true,1,
3423478580152,false,"ONE ONLY THE 100 מ""ל",דולצ'ה גבאנה,FR,ONE ONLY THE,מיליליטרים,100.00,"100 מ""ל",false,1,560.00,560.00,true,1,
3423478828858,false,"נרסיסו רוז' אדט 50 מ""ל",,FR,נרסיסו רוז' אדט,מיליליטרים,50.00,"100 מ""ל",false,1,359.00,718.00,true,1,
3423478921955,false,נרסיסו פור הר אריזה ורודה א.ד.ט לאישה 150מל,נרסיסו רדריגז,IL,נרסיסו פור הר א.,מיליליטרים,150.00,"100 מ""ל",false,0,429.00,286.00,true,1,
3423478975958,false,מארז איסימיאקי לאו דסי,,FR,מארז איסימיאקי ל,יחידה,1.00,יחידה,false,1,331.00,331.00,true,1,
3439600056242,false,אליין קרם גוף 200 מל,,IL,ALIEN קרם גוף,מיליליטרים,200.00,"100 מ""ל",false,1,209.00,104.50,true,1,
3439600056259,false,"ALIEN קרם גוף 200 מ""ל",,IL,ALIEN קרם גוף,מיליליטרים,200.00,"100 מ""ל",false,1,299.00,149.50,true,1,
3439600056655,false,"אנג'ל כוכב אדפ 100מ""ל",טרי מוגלר בישום,FR,אנג'ל כוכב,מיליליטרים,100.00,"100 מ""ל",false,1,429.00,429.00,true,1,
3439600056815,false,"אנג'ל תחליב גוף 200 מ""ל",,FR,אנג'ל תחליב גוף,מיליליטרים,200.00,"100 מ""ל",false,1,219.00,109.50,true,1,
3439600056921,false,אליין אדפ ניתן למילוי 60 מל,,FR,אליאן א.ד.פ,מיליליטרים,60.00,"100 מ""ל",false,1,329.00,548.33,true,1,
3439600056969,false,"ALIEN א.ד.פ לאשה 90 מ""ל",,FR,ALIEN א.ד.פ לאשה,מיליליטרים,90.00,"100 מ""ל",false,1,429.00,476.67,true,1,
3494800220039,false,מרינה דינסטי מדמואזל100מ,רבלון בישום,FR,מרינה דינסטי מדמ,מיליליטרים,100.00,"100 מ""ל",false,0,148.00,148.00,true,1,
3574660089547,false,טמפונים נורמל קלאסי אובה 32 יחידות,ג'\ונסון אנד ג'\ונסון,GR,טמפוני או בה,יחידה,1.00,יחידה,false,0,30.90,30.90,true,1,
3574660115154,false,או-בה טמפונים קלאסי סופר 32יח',ג'\ונסון אנד ג'\ונסון,GR,טמפוני או בה,יחידה,1.00,יחידה,false,0,30.90,30.90,true,1,
3574660239829,false,קרם ידיים קל סדרה נורבגית נוטרוגינה 50 מ,ניוטרוג'ינה Neutrogena,FR,קרם ידיים קליל,מיליליטרים,75.00,"100 מ""ל",false,0,24.90,33.20,true,1,
3574660239881,false,או בה טמפונים סופר 16 יח',ג'ונסון,GR,או-בה סופר,יחידה,1.00,יחידה,false,1,14.90,14.90,true,1,
3574660240009,false,טמפונים או בה נורמל,ג'ונסון,GR,או-בה נורמל,יחידה,1.00,יחידה,false,1,14.90,14.90,true,1,
3574660269635,false,נטרוגינה דיפ קלין תרחיץ גרגירים 150 מל,שסטוביץ,FR,ג'ל לפנים c deep,מיליליטרים,150.00,"100 מ""ל",false,1,59.90,39.93,true,1,
3574660362794,false,או-בה מיני פרו קומפורט16,ג'ונסון,GR,או-בה מיני פרו ק,יחידה,1.00,יחידה,false,1,14.90,14.90,true,1,
3574660422580,false,"ניוטרוג'ינה - ויזיבלי קליר תרחיץ גרגירים יומי לעור הסובל ממצבי מתח ולחץ 150מ""ל",שסטוביץ,FR,ויזבלי קליר,מיליליטרים,150.00,"100 מ""ל",false,0,59.90,39.93,true,1,
3574660514643,false,קרם לחות רב שימושי עשיר נוטרוגינה 300 מל,ניוטרוג'ינה Neutrogena,IT,"קרם רב""ש",מיליליטרים,300.00,"100 מ""ל",false,0,24.90,8.30,true,1,
3574660569759,false,"ניוטרוג'ינה - תרחיץ פנים במשאבה אשכולית ורודה 200מ""ל",CILAG GMBH INTERNATI,GR,VISIBLYCLR תרחיץ,מיליליטרים,200.00,"100 מ""ל",false,1,59.90,29.95,true,1,
3574660649987,false,ליסטרין שטיפת פה קול מינט טעם מעודן 500,ג'ונסון,IT,מי פה ליסטרין,מיליליטרים,500.00,"100 מ""ל",false,1,34.90,6.98,true,1,
3574661098531,false,ניוטרוגינה תחליב גוף מועשר לעור יבש/רגיש,ניוטרוג'ינה Neutrogena,GR,תחליב גוף,מיליליטרים,400.00,"100 מ""ל",false,1,24.90,6.23,true,1,
3574661098937,false,נטרוגינה תחליב גוף-יבש סדרה נורווגית,ניוטרוג'ינה Neutrogena,FR,תחליב גוף,מיליליטרים,400.00,"100 מ""ל",false,1,24.90,6.23,true,1,
3574661114620,false,"ליסטרין שטיפת פה זירו ללא אלכוהול 250 מ""",ג'\ונסון אנד ג'\ונסון,IT,מי פה ליסטרין,מיליליטרים,250.00,"100 מ""ל",false,0,10.00,4.00,true,1,
3574661200019,false,נוטרוגינה ת.גוף ויזבלי ריניו משאבה 400 מל,ניוטרוג'ינה Neutrogena,GR,תחליב גוף,מיליליטרים,400.00,"100 מ""ל",false,1,24.90,6.23,true,1,
3574661293509,false,נטרוגינה היידרו תרחיץ גל לפנים 150 מל,שסטוביץ,PL,תרחיץ ג'ל פנים,מיליליטרים,150.00,"100 מ""ל",false,0,59.00,39.33,true,1,
3574661317021,false,נטרוגינה היידרובוסט מגבוני ניקוי 25 יח,שסטוביץ,PL,מגבונים לפנים,יחידה,1.00,יחידה,false,1,31.90,31.90,true,1,
3574661332581,false,נטרוגינה קליר& דיפנד קרם לחות 50 מל,שסטוביץ,FR,תחליב לחות,מיליליטרים,50.00,"100 מ""ל",false,1,68.90,137.80,true,1,
3574661333564,false,נטרוגינה קליר& דיפנד תרחיץ יומי 200 מל,שסטוביץ,FR,תרחיץ יומי,מיליליטרים,200.00,"100 מ""ל",false,1,58.90,29.45,true,1,
3574661352275,false,ליסטירין מי פה פירות יער 250 מל,ג'\ונסון אנד ג'\ונסון,IT,מי פה ליסטרין,מיליליטרים,250.00,"100 מ""ל",false,1,18.90,7.56,true,1,
3574661363998,false,"מי פה ליסטרין תה ירוק 500 מ""ל",ג'\ונסון אנד ג'\ונסון,IT,מי פה ליסטרין,מיליליטרים,500.00,"100 מ""ל",false,1,38.90,7.78,true,1,
3574661419435,false,תחבושות הגייניות וניה מקסי 12 יחידות,Johnson Vania - BL,BE,תחבושות וניה,יחידה,1.00,יחידה,false,1,25.90,25.90,true,1,
3574661425696,false,גונסונס בייבי תחליב לתינוק 500 מל,ג'ונסונס Johnson's,IT,ג'ונסון תחליב,מיליליטרים,500.00,"100 מ""ל",false,1,31.90,6.38,true,1,
3574661428055,false,גונסונס בייבי תחליב לחות מגע כותנה 500 מ,INTERNATIONAL GMBH CILAG,IT,ג'ונסון תחליב,מיליליטרים,500.00,"100 מ""ל",false,1,33.90,6.78,true,1,
3574661428079,false,ג'ונסון תחליב גוף 500מל,ג'ונסון,IT,ג'ונסון תחליב גו,מיליליטרים,500.00,"100 מ""ל",false,1,31.90,6.38,true,1,
3574661430720,false,נטרוגינה סקין דיטוקס תרחיץ גרגירים 150 מ,שסטוביץ,FR,דיטוקס תרחיץ,מיליליטרים,150.00,"100 מ""ל",false,1,59.90,39.93,true,1,
3574661430768,false,דיטוקס2ב1תרחיץ+מסיכה150מ,,FR,דיטוקס 2 ב 1,מיליליטרים,150.00,"100 מ""ל",false,1,69.90,46.60,true,1,
3574661450551,false,דיטוקס מים מיסלריים400מל,,FR,דיטוקס מים מיסלר,מיליליטרים,400.00,"100 מ""ל",false,1,49.90,12.48,true,1,
3574661458748,false,טלק גונסון 200 ג' חדש,ג'ונסון,IT,טלק לתינוקות,גרמים,200.00,100 גרם,false,1,19.90,9.95,true,1,
3574661464053,false,"דיטוקס קרם לחות 50 מ""ל",,ES,דיטוקס קרם לחות,מיליליטרים,50.00,"100 מ""ל",false,1,81.90,163.80,true,1,
3574661471181,false,נטרוגינה היידרובוסט מים מיסלריים 400 מל,שסטוביץ,GR,הידרה בוסט מים מ,מיליליטרים,400.00,"100 מ""ל",false,1,49.90,12.48,true,1,
3574661476254,false,נטרוגינה סלולר בוסט קרם לילה אנטי אייגינ,שסטוביץ,FR,קרם לילה סלולרבו,מיליליטרים,50.00,"100 מ""ל",false,1,125.00,250.00,true,1,
3574661487328,false,קרפרי מגני תחתון אורגינל פלוס 56 יח',הדקלאים אגודת שיתופי,IT,מגני תחתון קרפרי,יחידה,1.00,יחידה,false,1,14.90,14.90,true,1,
3574661487618,false,קרפרי מגן תחתון מקסי לארג'' מבושם 48 יח'',הדקלאים אגודת שיתופי,IT,קרפרי מגני תחתון,יחידה,1.00,יחידה,false,1,14.90,14.90,true,1,
3574661487625,false,מגני תחתון פלוס לארג' בניחוח עדין L,הדקלאים אגודת שיתופי,IT,מגן תחתון קרפרי,יחידה,1.00,יחידה,false,1,14.90,14.90,true,1,
3574661491806,false,מי פה אדבנס וויט מנטה מסירה כתמים קשים,ג'\ונסון אנד ג'\ונסון,IT,מי פה ליסטרין,מיליליטרים,500.00,"100 מ""ל",false,1,38.90,7.78,true,1,
3574661498430,false,"ניוטרוג'ינה - תרחיץ גרגירים אשכולית ורודה 150מ""ל",שסטוביץ,FR,אשכולית ורודה תר,מיליליטרים,150.00,"100 מ""ל",false,1,57.90,38.60,true,1,
3574661498478,false,נטרוגינה בלאקהד תרחיץ גרגירים 150 מל,שסטוביץ,FR,תרחיץ גרגירים לה,מיליליטרים,150.00,"100 מ""ל",false,1,79.00,52.67,true,1,
3574661498492,false,"ניוטרוג'ינה - תרחיץ גרגירים הדרים ואלוורה 150מ""ל",שסטוביץ,FR,ויזבלי קליר,מיליליטרים,150.00,"100 מ""ל",false,1,65.00,43.33,true,1,
3574661499666,false,"ניוטרוג'ינה - קליר אנג דיפנד תרחיץ ומסכה 150מ""ל",שסטוביץ,FR,ספוט קונטרול תרח,מיליליטרים,150.00,"100 מ""ל",false,1,69.90,46.60,true,1,
3574661500355,false,קרפרי מגן תחתון מקסי לונג רגיל 40 יח',ג'ויה מעבדות לקוסמטי,IT,מגני תחתון קרפרי,יחידה,1.00,יחידה,false,1,14.90,14.90,true,1,
3574661501901,false,שטיפה אינטימית יומיומית מכיל תה ירוק ואלוורה,קולגייט פלמוליב,IT,שטיפה אינטימית,מיליליטרים,200.00,"100 מ""ל",false,1,19.90,9.95,true,1,
3574661504162,false,מוס לשטיפה אינטימית יומיומית מכיל תה ירוק ואלוורה,קולגייט פלמוליב,IT,שטיפה אינטימית,מיליליטרים,150.00,"100 מ""ל",false,1,20.90,13.93,true,1,
3574661506272,false,קרפרי מגבונים אינטימיים אלוורה 20 יח,ג'\ונסון אנד ג'\ונסון,DE,מגבונים אינטימי,יחידה,1.00,יחידה,false,1,19.90,19.90,true,1,
3574661533568,false,נטרוגינה היידרובוסט רסקיו באלם 50 מל,שסטוביץ,GR,הידרבוסט רסקיו ב,מיליליטרים,50.00,"100 מ""ל",false,1,81.90,163.80,true,1,
3574661552576,false,קרפרי מגן תחתון רגיל טנגה לבן 56 יח חדש,הדקלאים אגודת שיתופי,GR,מגני תחתון קרפרי,יחידה,1.00,יחידה,false,1,14.90,14.90,true,1,
3574661552804,false,מגן תחתון קרפרי אלוורה 56 יחידות,הדקלאים אגודת שיתופי,IT,מגני תחתון קרפרי,יחידה,1.00,יחידה,false,1,14.90,14.90,true,1,
3574661552811,false,מגן תחתון קרפרי כותון אוורירי 56 יחידות,הדקלאים אגודת שיתופי,GR,מגן תחתון קרפרי,יחידה,1.00,יחידה,false,1,14.90,14.90,true,1,
3574661554877,false,מגן תחתון קרפרי כותון מבושם 56 יחידות,הנסיך- מפעל לייצור ט,GR,מגני תחתון קרפרי,יחידה,1.00,יחידה,false,1,14.90,14.90,true,1,
3574661560489,false,נטרוגינה דיפ קלין מגבונים להסרת איפור 25,שסטוביץ,FR,CLEAN DEEP מגבונ,יחידה,1.00,יחידה,false,1,28.90,28.90,true,1,
3574661561219,false,ליסטרין שטיפת פה אדוונס ווייט 250 מל,ג'\ונסון אנד ג'\ונסון,IT,ליסטרין מי פה א,מיליליטרים,250.00,"100 מ""ל",false,1,10.00,4.00,true,1,
3574661585857,false,קרפרי תחבושת מקסי נורמל 18 יח,,DE,קרפרי תחבושות מק,יחידה,1.00,יחידה,false,1,19.90,19.90,true,1,
3574661591568,false,נטרוגינה בוסט ברייט גל קרם 50 מל,שסטוביץ,FR,Bright Boost ג'ל,מיליליטרים,50.00,"100 מ""ל",false,1,99.00,198.00,true,1,
3574661610344,false,נטרוגינה קרם לחות עשיר ומרוכז לעור יבש ע,גונסון אנד גונסון סנטה ב,IT,ניוטרוג'ינה קרם,מיליליטרים,300.00,"100 מ""ל",false,1,24.90,8.30,true,1,
3574661640525,false,נטרוגינה ברייט בוסט קרם לילה 50 מל,שסטוביץ,FR,ברייט בוסט קרם,מיליליטרים,50.00,"100 מ""ל",false,1,99.00,198.00,true,1,
3574661650029,false,ליסטרין שטיפת פה להגנה על החניכיים בטעם מעודן,ג'\ונסון אנד ג'\ונסון,IT,מי פה ליסטרין,מיליליטרים,500.00,"100 מ""ל",false,1,38.90,7.78,true,1,
3574661650760,false,נטרוגינה קליר דפנד+ ניקוי אקנה 200 מל,שסטוביץ,GR,קליר דפנד+ניקוי,מיליליטרים,200.00,"100 מ""ל",false,1,59.90,29.95,true,1,
3574669907880,false,שמפו גונסון צהוב 300 מל,ג'ונסון,IT,שמפו בייבי,מיליליטרים,300.00,"100 מ""ל",false,1,12.90,4.30,true,1,
3574669907972,false,"גונסונס שמפו טיפות של ברק 750 מ""ל חדש",ג'ונסונס Johnson's,IT,ג'ונסון שמפו,מיליליטרים,750.00,"100 מ""ל",false,1,28.90,3.85,true,1,
3574669908948,false,"גונסונס בייבי אל סבון לרחצה עדינה 750 מ""ל",גונסון אנד גונסון,IT,ג'ונסון אל סבון,מיליליטרים,750.00,"100 מ""ל",false,1,24.90,3.32,true,1,
3595471111012,false,"מרצדס מן SIGN אדפ100 מ""ל",,FR,מרצדס מן SIGN,מיליליטרים,100.00,"100 מ""ל",false,1,275.00,275.00,true,1,
3600520772011,false,לוריאל - פודרה טרומאצ W1,סייפו,IT,פודרה דחוסה,יחידה,1.00,יחידה,false,0,80.90,80.90,true,1,
3600520772035,false,לוריאל - פודרה טרומאצ W3,סייפו,IT,פודרה דחוסה,יחידה,1.00,יחידה,false,0,80.90,80.90,true,1,
3600520881799,false,לוריאל - מסקרה טלסקופיק שחור,לוריאל פריז L'OREAL PARIS,IT,TELESCOPIC מסקרה,יחידה,1.00,יחידה,false,0,49.90,49.90,true,1,
3600520932897,false,לוריאל - פודרה טרומאצ N4,סייפו,IT,פודרה טארו מאץ,יחידה,1.00,יחידה,false,0,80.90,80.90,true,1,
3600521094389,false,קסטינג קרם גלוס מס400',לוריאל פריז,BE,צבע שיער קסטינג,יחידה,1.00,יחידה,false,0,34.90,34.90,true,1,
3600521094396,false,קסטינג קרם גלוס מס 415,לוריאל פריז,BE,צבעי שיער קסטינג,יחידה,1.00,יחידה,false,0,34.90,34.90,true,1,
3600521094419,false,קסטינג קרם גלוס מס500',לוריאל פריז,BE,צבע שיער קסטינג,יחידה,1.00,יחידה,false,0,34.90,34.90,true,1,
3600521341988,false,לוריאל - שפתון קולוריש 255 סאטן,לוריאל,IT,שפתון קולור ריש,יחידה,1.00,יחידה,false,0,58.90,58.90,true,1,
3600521627402,false,סומק 145 טרו מאץ,לוריאל,IT,סומק טרו מאץ,יחידה,1.00,יחידה,false,1,56.90,56.90,true,1,
3600521627419,false,סומק 150 טרו מאץ,לוריאל,IT,סומק טרו מאץ,יחידה,1.00,יחידה,false,0,56.90,56.90,true,1,
3600521720219,false,קרם פנים לילה עם פעולה משולשת לכל סוגי העור,"קרלסרו, גרמניה",DE,קרם לילה,מיליליטרים,50.00,"100 מ""ל",false,0,46.90,93.80,true,1,
3600521831083,false,קסטינג קרם גלוס מס1010,לוריאל פריז,BE,קסטינג קרם גלוס,יחידה,1.00,יחידה,false,1,34.90,34.90,true,1,
3600521832059,false,קאסטינג קרם גלוס 1021,לוריאל פריז,BE,צבע שיער קסטינג,יחידה,1.00,יחידה,false,0,34.90,34.90,true,1,
3600522022893,false,לוריאל - אקסלנס קרם 9.3 בלונד מאוד בהיר זהוב,ליברמו,BE,אקסלנס,יחידה,1.00,יחידה,false,0,36.90,36.90,true,1,
3600522029946,false,לוריאל נוטרישן קרם יום 50 מל,לוריאל פרודקשן דויטשלנד,DE,אייג' פרפקט קרם,מיליליטרים,50.00,"100 מ""ל",false,1,125.00,250.00,true,1,
3600522150497,false,קסטינג קרם גלוס מס100',לוריאל פריז,BE,קסטינג קרם גלוס,יחידה,1.00,יחידה,false,0,34.90,34.90,true,1,
3600522344032,false,לוריאל - אלביב מסכה טוטאל ריפר 300,kozmetik canan,DE,מסכת אלביב,מיליליטרים,300.00,"100 מ""ל",false,0,29.90,9.96,true,1,
3600522344070,false,לוריאל - אלביב מסכה קולור פרוטקט 300,"לוריאל ישראל בע""מ",DE,מסכת אלביב,מיליליטרים,300.00,"100 מ""ל",false,0,29.90,9.96,true,1,
3600522825432,false,לוריאל - אקסלנס אינטנס 6.13 חום בהיר קר,ליברמו,BE,צבע לשיער אקסלנס,יחידה,1.00,יחידה,false,1,36.90,36.90,true,1,
3600522825463,false,לוריאל - אקסלנס אינטנס 6.66 אדום אינטנסבי לו,ליברמו,BE,צבע לשיער אקסלנס,יחידה,1.00,יחידה,false,1,36.90,36.90,true,1,
3600522832089,false,לוריאל - אקסלנס קרם 7.77 חום דבש,לוריאל פריז,BE,אקסלנס 7.77 חום,יחידה,1.00,יחידה,false,1,36.90,36.90,true,1,
3600522838586,false,לוריאל רויטליפט לייזר X3 קרם-מסכה לילה,KARLSRUHE GERMANY,DE,קרם מסכה לילה,מיליליטרים,50.00,"100 מ""ל",false,0,84.90,169.80,true,1,
3600522862482,false,לוריאל - מייקאפ טרומאצ C2,לוריאל פריז L'OREAL PARIS,FR,מייק אפ C2,מיליליטרים,30.00,"100 מ""ל",false,1,92.90,309.67,true,1,
3600522862499,false,לוריאל - מייקאפ טרומאצ C3,לוריאל,FR,C3 MATCH TRUE,מיליליטרים,30.00,"100 מ""ל",false,1,92.90,309.67,true,1,
3600523192724,false,לוריאל - מג'יק ריטאצ' גוון 5 בלונד,לוריאל ליברמו,BE,לוריאל מגיק,מיליליטרים,75.00,"100 מ""ל",false,1,39.90,53.20,true,1,
3600523193141,false,תרסיס לכיסוי שורשי השיער Magic Retouch שחור,לוריאל ליברמו,BE,ספריי צבע שיער,מיליליטרים,75.00,"100 מ""ל",false,1,39.90,53.20,true,1,
3600523193158,false,תרסיס לכיסוי שורשי השיער Magic Retouch חום,לוריאל ליברמו,BE,ספריי לצביעה שיע,מיליליטרים,75.00,"100 מ""ל",false,1,39.90,53.20,true,1,
3600523193165,false,תרסיס לכיסוי שורשי השיער Magic Retouch חום בהיר,לוריאל ליברמו,BE,ספריי צבע לשיער,מיליליטרים,75.00,"100 מ""ל",false,1,39.90,53.20,true,1,
3600523201303,false,לוריאל - דרמו רויטליפט פילר לילה,"קרלסרו, גרמניה",DE,קרם לילה,מיליליטרים,50.00,"100 מ""ל",false,1,109.00,218.00,true,1,
3600523201310,false,לוריאל - דרמו רויטליפט פילר עיניים,לוריאל,FR,קרם עיניים,מיליליטרים,15.00,"100 מ""ל",false,1,109.00,726.67,true,1,
3600523206834,false,רויטליפט פילר קרם יום אנטי אייג'ינג להשבת נפח,"קרלסרו, גרמניה",IT,קרם יום,מיליליטרים,50.00,"100 מ""ל",false,1,109.00,218.00,true,1,
3600523206841,false,לוריאל - דרמו רויטליפט פילר סרום,קוסמינט,IT,REVITALIFT סרום,מיליליטרים,16.00,"100 מ""ל",false,1,109.00,681.25,true,1,
3600523216086,false,לוריאל - דרמו אייג' פרפקט גולדן אייג' יום,"קרלסרו, גרמניה",DE,קרם יום,מיליליטרים,50.00,"100 מ""ל",false,1,124.00,248.00,true,1,
3600523337712,false,לוריאל - מג'יק ריטאצ' 6 חום מהגוני,לוריאל,BE,מג'יק ריטאצ' חום,מיליליטרים,75.00,"100 מ""ל",false,1,39.90,53.20,true,1,
3600523351497,false,לוריאל - ע.עיניים אינפל.ג.קריון01שחור,,DE,עפרון עיניים עמי,יחידה,1.00,יחידה,false,1,30.00,30.00,true,1,
3600523428663,false,לוריאל - דרמו רויטליפט לייזר יום,"קרלסרו, גרמניה",DE,REVITALIFT קרם,מיליליטרים,50.00,"100 מ""ל",false,1,84.90,169.80,true,1,
3600523439928,false,לוריאל סדרת פרחים מי פנים 400 מל,"קרלסרו, גרמניה",DE,מי פנים,מיליליטרים,400.00,"100 מ""ל",false,1,41.90,10.48,true,1,
3600523448760,false,לוריאל סדרת פרחים חלב פנים לעור רגיש 400,"קרלסרו, גרמניה",DE,חלב פנים,מיליליטרים,400.00,"100 מ""ל",false,1,41.90,10.48,true,1,
3600523464548,false,לוריאל הידרה גינייס גל לחות לעור עדין,"לוריאל פרודקשן דויטשלנד,",DE,HG ג'ל לחות,מיליליטרים,70.00,"100 מ""ל",false,1,60.00,85.71,true,1,
3600523476619,false,לוריאל - דרמו פרחים ג'ל ניקוי כחול (החלפת ברקוד),סופרוריאל אולניי,FR,ג'ל ניקוי כחול,מיליליטרים,150.00,"100 מ""ל",false,1,35.90,23.93,true,1,
3600523500154,false,קוניסלר טרו מאץ 1N יח',לוריאל,IL,קוניסלר טרו מאץ,יחידה,1.00,יחידה,false,1,64.90,64.90,true,1,
3600523500185,false,קונסילר טרו מאץ 1N יח',לוריאל,IL,קונסילר טרו מאץ,יחידה,1.00,יחידה,false,1,64.90,64.90,true,1,
3600523503285,false,לוריאל - מסקרה פרדייז שחור,לוריאל איפור,IT,פרדייז מסקרה,יחידה,1.00,יחידה,false,1,78.90,78.90,true,1,
3600523526062,false,מן אקספרט ברבר קלאב שמן לזקן ולפנים,לוריאל,DE,שמן לעור ולזקן,מיליליטרים,30.00,"100 מ""ל",false,1,54.90,183.00,true,1,
3600523526130,false,לוריאל - מן אקספרט ברבר ג'ל ניקוי 3ב1,SP.Z.O.O KOSMEPOL,DE,ברבר ג'\ל ניקוי,מיליליטרים,200.00,"100 מ""ל",false,1,34.90,17.45,true,1,
3600523526208,false,לוריאל - מן אקספרט ברבר ג'ל לחות לזקן הקצר,לוריאל,DE,מן אקספרט ברבר ג,מיליליטרים,50.00,"100 מ""ל",false,1,54.90,109.80,true,1,
3600523528691,false,מן אקספרט ברבר קלאב קרם לעיצוב הזקן והשי,לוריאל פרודקשן דויטשלנד,DE,קרם לעיצוב הזקן,מיליליטרים,75.00,"100 מ""ל",false,1,34.90,46.53,true,1,
3600523584710,false,קולוריש מאט 652 יח',לוריאל איפור,FR,קולוריש מאט,יחידה,1.00,יחידה,false,1,58.90,58.90,true,1,
3600523591831,false,לוריאל - מסקרה פרדייז עמידה במים,לוריאל איפור,IT,מסקרה פרדייז עמי,יחידה,1.00,יחידה,false,1,78.90,78.90,true,1,
3600523605972,false,מסכת הזנה רב שימושית מכילה שמן קוקוס,לוריאל - אלביב Elvive,DE,מסכה אלביב,מיליליטרים,300.00,"100 מ""ל",false,1,29.90,9.96,true,1,
3600523635672,false,לוריאל - מייקאפ טרו מאץ' 2W,לוריאל,FR,מייק אפ טרו מאץ,מיליליטרים,30.00,"100 מ""ל",false,1,92.90,309.67,true,1,
3600523651870,false,שמפו לחיזוק סיב השערה לכל סוגי השיער,לוריאל - אלביב Elvive,TR,אלביב שמפו,מיליליטרים,550.00,"100 מ""ל",false,1,17.90,3.25,true,1,
3600523651887,false,"לוריאל - אלביב שמפו טוטאל ריפר 550 מ""ל",לוריאל - אלביב Elvive,TR,שמפו אלביב,מיליליטרים,550.00,"100 מ""ל",false,1,17.90,3.25,true,1,
3600523651900,false,מרכך לחיזוק סיב השערה לכל סוגי השיער,לוריאל - אלביב Elvive,TR,אלביב מרכך,מיליליטרים,550.00,"100 מ""ל",false,1,17.90,3.25,true,1,
3600523652228,false,"לוריאל - אלביב מרכך טוטאל ריפר 550 מ""ל",לוריאל - אלביב Elvive,TR,אלביב שמפו,מיליליטרים,550.00,"100 מ""ל",false,1,17.90,3.25,true,1,
3600523652242,false,"לוריאל - אלביב שמפו קולור פרוטקט 550 מ""ל",לוריאל - אלביב Elvive,TR,אלביב שמפו,מיליליטרים,550.00,"100 מ""ל",false,1,17.90,3.25,true,1,
3600523652280,false,"לוריאל אלביב שמפו מועשר ב 6 שמנים, 550 מ""ל",לוריאל - אלביב Elvive,TR,אלביב שמפו,מיליליטרים,550.00,"100 מ""ל",false,1,17.90,3.25,true,1,
3600523652297,false,"מרכך לשיער אלביב זהב 6 שמנים , 550 מ""ל",לוריאל - אלביב Elvive,TR,אלביב מרכך,מיליליטרים,550.00,"100 מ""ל",false,1,17.90,3.25,true,1,
3600523674602,false,לוריאל - גבות עמיד 103 בלונד,לוריאל,CA,ג'ל גבות עמיד103,יחידה,1.00,יחידה,false,1,62.90,62.90,true,1,
3600523674619,false,מסקרה ג'ל צבע לעיצוב גבות עמיד במים וזיעה 105,לוריאל פריז L'OREAL PARIS,CA,ג'ל גבות עמיד 10,יחידה,1.00,יחידה,false,1,62.90,62.90,true,1,
3600523707997,false,לוריאל - מן אקספרט פיור פאוור ג'ל ניקוי פחם,LTD. FILLCARE,GB,מן אקספרט פיור פ,מיליליטרים,100.00,"100 מ""ל",false,1,29.90,29.90,true,1,
3600523708000,false,לוריאל - מן אקספרט פיור פאוור פילינג,AULNAYS SOPROREAL-,DE,פיור פאוור פילינ,מיליליטרים,100.00,"100 מ""ל",false,1,29.90,29.90,true,1,
3600523716524,false,לוריאל - דרמו רויטליפט קלאסי קרם אדום עברית,"קרלסרו, גרמניה",DE,קרם יום אדום,מיליליטרים,50.00,"100 מ""ל",false,1,59.90,119.80,true,1,
3600523718214,false,לוריאל - מן אקספרט היידרה ג'ל ניקוי מעורר,AULNAYS SOPROREAL-,GB,מן אקספרט היידרה,מיליליטרים,100.00,"100 מ""ל",false,1,29.90,29.90,true,1,
3600523755264,false,לוריאל - מסקרה לגבות 000 שקוף,,IT,מסקרה לגבות שקוף,מיליליטרים,4.00,"100 מ""ל",false,1,45.00,1125.00,true,1,
3600523755660,false,לוריאל - אקסלנס קרם 2 חום שחור,לוריאל פריז,BE,קרם צבע לשיער ח,מיליליטרים,192.00,"100 מ""ל",false,1,36.90,19.22,true,1,
3600523755806,false,"לוריאל - אלביב שמפו קוקוס 550 מ""ל",קוסמטיקס,TR,שמפו אלביב,מיליליטרים,550.00,"100 מ""ל",false,1,17.90,3.25,true,1,
3600523782574,false,לוריאל - אלביב מסכה דרים לונג 300,לוריאל - אלביב Elvive,DE,מסכה לשיער אלביב,מיליליטרים,300.00,"100 מ""ל",false,1,29.90,9.96,true,1,
3600523784394,false,לוריאל - מייקאפ מאט קאבר 25,,IL,מייק אפ מאט קאבר,מיליליטרים,30.00,"100 מ""ל",false,1,103.90,346.33,true,1,
3600523784424,false,לוריאל - מייקאפ מאט קאבר 145,,IL,מייק אפ מאט קאבר,מיליליטרים,30.00,"100 מ""ל",false,1,103.90,346.33,true,1,
3600523784448,false,לוריאל - מייקאפ מאט קאבר 175,,IL,מייק אפ מאט קאבר,מיליליטרים,30.00,"100 מ""ל",false,1,103.90,346.33,true,1,
3600523784462,false,לוריאל - מייקאפ מאט קאבר 290,,IL,מייק אפ מאט קאבר,מיליליטרים,30.00,"100 מ""ל",false,1,103.90,346.33,true,1,
3600523784493,false,לוריאל - מייקאפ מאט קאבר 300,,IL,מייק אפ מאט קאבר,מיליליטרים,30.00,"100 מ""ל",false,1,103.90,346.33,true,1,
3600523796830,false,לוריאל - גבות סקיני 103,,IL,גבות סקיני 103,יחידה,1.00,יחידה,false,1,50.00,50.00,true,1,
3600523796854,false,לוריאל - גבות סקיני 105,,IL,גבות סקיני 105,יחידה,1.00,יחידה,false,1,50.00,50.00,true,1,
3600523873920,false,לוריאל - דרמו רויטליפט פילר טפטפת סרום עברית,לוריאל,DE,רויטליפט פילר סר,מיליליטרים,30.00,"100 מ""ל",false,1,109.00,363.33,true,1,
3600523936786,false,"לוריאל - אלביב שמן לשיער רגיל 100 מ""ל",לוריאל,IL,שמן לטיפוח השיער,מיליליטרים,100.00,"100 מ""ל",false,1,39.90,39.90,true,1,
3600523936823,false,אלביב שמן לטיפוח השיער לשיער צבוע ויבש,"אינטרביוטי קוסמטיקס, ישר",IL,שמן לשיער צבוע,מיליליטרים,100.00,"100 מ""ל",false,1,39.90,39.90,true,1,
3600523936946,false,"לוריאל - אלביב מסכת פול רזיסט 300 מ""ל","לוריאל ישראל בע""מ",DE,אלביב מסכה לשיער,מיליליטרים,300.00,"100 מ""ל",false,1,29.90,9.96,true,1,
3600523944156,false,צבע לשיער אקסלנס קול קרם 5.11 קרם חום אפרפר קר,לוריאל פריז,BE,אקסלנס5.11חום קר,יחידה,1.00,יחידה,false,1,36.90,36.90,true,1,
3600523944194,false,לוריאל - אקסלנס קול קרם 6.11 חום בהיר קר,לוריאל פריז,BE,אקסלנס6.11חום קר,יחידה,1.00,יחידה,false,1,36.90,36.90,true,1,
3600523953677,false,לוריאל - דרמו רויטליפט קלאסי יום SPF30 עברית,"קרלסרו, גרמניה",DE,דרמו רויטליפט לח,מיליליטרים,50.00,"100 מ""ל",false,1,59.90,119.80,true,1,
3600523985326,false,לוריאל - דרמו רויטליפט לייזר יום SPF 20 עברי,לוריאל פריס,DE,קרם אנטי אייגינג,מיליליטרים,50.00,"100 מ""ל",false,1,84.90,169.80,true,1,
3600523985838,false,לוריאל - דרמו רויטליפט פילר ג'ל ניקוי לפנים,"לוריאל פרודקשן דויטשלנד,",DE,דרמו רויטליפט פ,מיליליטרים,150.00,"100 מ""ל",false,1,29.90,19.93,true,1,
3600523989911,false,לוריאל - סרום טרו מאץ' 3-4,,FR,לוריאל סרום טרו,מיליליטרים,30.00,"100 מ""ל",false,1,79.90,266.33,true,1,
3600524031091,false,לוריאל מסקרה פרו אדום יח,סייפו,IT,לוריאל מסקרה פרו,יחידה,1.00,יחידה,false,1,65.00,65.00,true,1,
3600524031107,false,לוריאל מסקרה פרו סגול יח,סייפו,IT,לוריאל מסקרה פרו,יחידה,1.00,יחידה,false,1,65.00,65.00,true,1,
3600524031138,false,לוריאל מסקרה פרו כסוף יח,סייפו,IT,לוריאל מסקרה פרו,יחידה,1.00,יחידה,false,1,65.00,65.00,true,1,
3600524051006,false,"לוריאל - רויטליפט ג'ל ניקוי חומצה גליקולית 150 מ""ל",קרלסרו,DE,רויטליפט ג'ל ניק,מיליליטרים,150.00,"100 מ""ל",false,1,40.00,26.67,true,1,
3600524051211,false,"לוריאל - רויטליפט פילר קרם יום 50 מ""ל",לוריאל,DE,רויטפילט פילר קר,מיליליטרים,50.00,"100 מ""ל",false,1,109.00,218.00,true,1,
3600524051334,false,"לוריאל - אלביב מרכך היאלורונית 400 מ""ל",לוריאל,FR,אלביב מרכך,מיליליטרים,400.00,"100 מ""ל",false,1,17.90,4.48,true,1,
3600524051570,false,לוריאל - אלביב מסכה היאלורונית 300 מ''ל,DEUT PRODUKTION L\'OREAL,FR,אלביב מסכה,מיליליטרים,300.00,"100 מ""ל",false,1,29.90,9.96,true,1,
3600524055400,false,לוריאל - אלביב שמפו היאלורונית 500 מ''ל,לוריאל,FR,אלביב שמפו,מיליליטרים,500.00,"100 מ""ל",false,1,17.90,3.58,true,1,
3600530695850,false,מייבלין - שפתון סופרסטיי 340,מייבלין Maybelline,FR,STAY340 SUPER,יחידה,1.00,יחידה,false,1,43.90,43.90,true,1,
3600530695966,false,מייבלין - שפתון סופרסטיי 615,סופרוג'ם,FR,STAY SUPER 553,יחידה,1.00,יחידה,false,1,43.90,43.90,true,1,
3600530733842,false,מייבלין - קונסילר ספוגית 01IAR,מייבלין Maybelline,IL,קונסילר אנטי איג,יחידה,1.00,יחידה,false,1,45.90,45.90,true,1,
3600530733866,false,מייבלין - קונסילר ספוגית 03IAR,מייבלין Maybelline,IL,קונסילר אנטי איג,יחידה,1.00,יחידה,false,1,45.90,45.90,true,1,
3600531293178,false,מייבלין - צללית פלטה בלאש,מייבלין Maybelline,IT,פלטה צלליות,יחידה,1.00,יחידה,false,0,44.90,44.90,true,1,
3600531324506,false,מייבלין - מייקאפ פיט מי מאט 110,מייבלין Maybelline,IL,מייק אפ פיט מי מ,יחידה,1.00,יחידה,false,0,51.90,51.90,true,1,
3600531324520,false,מייבלין - מייקאפ פיט מי מאט 120,מייבלין,FR,פיטמי מייק אפ 20,יחידה,1.00,יחידה,false,1,51.90,51.90,true,1,
3600531324544,false,מייבלין - מייקאפ פיט מי מאט 130,מייבלין Maybelline,FR,מייק אפ,יחידה,1.00,יחידה,false,0,51.90,51.90,true,1,
3600531324568,false,מייבלין - מייקאפ פיט מי מאט 230,מייבלין,IL,מייק אפ פיט מי 2,יחידה,1.00,יחידה,false,0,51.90,51.90,true,1,
3600531365837,false,מייבלין - שפתון סופרסטיי 553,מייבלין Maybelline,FR,STAY SUPER 553,יחידה,1.00,יחידה,false,1,43.90,43.90,true,1,
3600531384029,false,מייבלין - פודרה פיט מי 220,לוריאל,IL,פודרה פיט מי,יחידה,1.00,יחידה,false,1,36.90,36.90,true,1,
3600531396831,false,מייבלין - קונסילר ספוגית 05IAR,מייבלין Maybelline,IL,קונסילר אנטי איג,יחידה,1.00,יחידה,false,1,45.90,45.90,true,1,
3600531396848,false,מייבלין - קונסילר ספוגית 04IAR,מייבלין Maybelline,IL,קונסילר אנטי איג,יחידה,1.00,יחידה,false,1,45.90,45.90,true,1,
3600531417758,false,מייב ג'ל לגבות בראו טאטו 02,,IL,ג'ל גבות ברואו ט,יחידה,1.00,יחידה,false,1,41.90,41.90,true,1,
3600531429911,false,מייבלין - פלטת צלליות ברגונדי,מייבלין Maybelline,IT,פלטת צלליות בורג,יחידה,1.00,יחידה,false,1,39.00,39.00,true,1,
3600531469467,false,מייבלין - שפתון ס.סטיי אינק 60,מייבלין,IL,שפתון מאט אינק 6,יחידה,1.00,יחידה,false,1,43.90,43.90,true,1,
3600531469481,false,מייבלין - שפתון ס.סטיי אינק 80,מייבלין,IL,שפתון מאט אינק 8,יחידה,1.00,יחידה,false,1,43.90,43.90,true,1,
3600531469498,false,מייבלין - שפתון ס.סטיי אינק 65,מייבלין,IL,שפתון מאט אינק 6,יחידה,1.00,יחידה,false,1,43.90,43.90,true,1,
3600531511647,false,אססי - טיפול טפ לציפ,לוריאל,IL,טופ נגד קילוף,יחידה,1.00,יחידה,false,1,62.90,62.90,true,1,
3600531513429,false,מייבלין - שפתון ס.סטיי אינק 125,לוריאל,FR,שפתון מאט אינק 1,יחידה,1.00,יחידה,false,1,43.90,43.90,true,1,
3600531513443,false,שפתון סופר סטיי מאט אינק 135,לוריאל,IL,שפתון מאט אינק 1,יחידה,1.00,יחידה,false,1,43.90,43.90,true,1,
3600531516512,false,מייבלין - מסקרה ווליום אקספרס,מייבלין,IT,מסקרה ווליום אקס,יחידה,1.00,יחידה,false,1,35.00,35.00,true,1,
3600531579067,false,מייבלין - שפתון ס.סטיי אינק 155,מייבלין,IL,שפתון מאט אינק,יחידה,1.00,יחידה,false,1,43.90,43.90,true,1,
3600531629106,false,מייבלין - מסקרה לאש ליפט אקסטרה בלק,,IT,מסקרה לאש ל,יחידה,1.00,יחידה,false,1,40.00,40.00,true,1,
3600531630317,false,מייבלין - עיפרון גבות בראו טאטו 36 05,,DE,עפרון גבות טאטו,יחידה,1.00,יחידה,false,1,35.00,35.00,true,1,
3600531632380,false,מייבלין - מייקאפ סופרסטיי 30שעות 10,מייבלין,FR,מייק אפ סופרסטיי,מיליליטרים,30.00,"100 מ""ל",false,1,55.00,183.33,true,1,
3600531639501,false,מייבלין - מייק אפ 4 ב1 לייט,,IT,מייק אפ 4 ב1 ליי,מיליליטרים,30.00,"100 מ""ל",false,1,45.00,150.00,true,1,
3600541023291,false,גרניה 7 ימים קרם גוף אלוורה 400 מל,קוסמופול,PL,קרם גוף גרנייה,מיליליטרים,400.00,"100 מ""ל",false,1,14.90,3.73,true,1,
3600541029323,false,גרנייה אסנשיאל מסיר איפור 2 ב- 1,SOPROCOS סופרוקוס,FR,ESSENTIALS מסיר,מיליליטרים,200.00,"100 מ""ל",false,0,19.90,9.95,true,1,
3600541351493,false,גרניה אנטי אייגינג אססנטיאל 45+ קרם יום,לוריאל,DE,אנטי אייג',מיליליטרים,50.00,"100 מ""ל",false,1,44.90,89.80,true,1,
3600541382930,false,גרנייה - מים מיסלרים לכל סוגי העור,"קוסמופול, פולין",PL,מים מיסלריים,מיליליטרים,400.00,"100 מ""ל",false,0,35.00,8.75,true,1,
3600541402270,false,"גרנייה - דאודורנט ספריי לאישה אינביזיבל BWC (ירוק) 150 מ""ל","לוריאל ישראל בע""מ",FR,דאו.גרנייה,מיליליטרים,150.00,"100 מ""ל",false,0,11.90,7.94,true,1,
3600541448476,false,גרנייה דאו רול-און אינבזיבל קונטרול,"לוריאל ישראל בע""מ",FR,דאודורנט גרנייה,מיליליטרים,50.00,"100 מ""ל",false,1,11.90,23.80,true,1,
3600541740006,false,"גרנייה - דאודורנט ספריי לאישה אקשן קונטרול 72 שעות 150 מ""ל","לוריאל ישראל בע""מ",FR,דאו.גרנייה,מיליליטרים,150.00,"100 מ""ל",false,1,11.90,7.94,true,1,
3600541928275,false,מי פנים מיסלריים דו-פאזיים מסיר איפור עמיד במים,"קוסמופול, פולין",PL,מים מיסלריים דו,מיליליטרים,400.00,"100 מ""ל",false,1,35.00,8.75,true,1,
3600541937475,false,גרניה פיור גרגרים מסיכה לעור מעורב עד שמן,לוריאל,FR,גרנייה פיור ניקו,מיליליטרים,150.00,"100 מ""ל",false,1,29.90,19.93,true,1,
3600541956223,false,"גרנייה פיור לניקוי וטיפול בסימנים ופגעי עם מברשת 150 מ""ל","קרלסרו, גרמניה",DE,ג'ל ניקוי עמוק,מיליליטרים,150.00,"100 מ""ל",false,1,29.90,19.93,true,1,
3600542050579,false,גרניה בוטניקל מי פנים ורדים 200 מל,קוסמופול,DE,בוטניקל מי פנים,מיליליטרים,200.00,"100 מ""ל",false,1,25.00,12.50,true,1,
3600542051057,false,בוטניקל מי פנים ורדים200,"קוסמופול, פולין",PL,מי פנים ורדים,מיליליטרים,200.00,"100 מ""ל",false,1,24.90,12.45,true,1,
3600542052788,false,גרנייה בוטניקל חלב פנים ורדים 200 מל,קוסמופול,DE,חלב פנים ורדים,מיליליטרים,200.00,"100 מ""ל",false,1,25.00,12.50,true,1,
3600542097253,false,גרנייה - מסכת טישו פחם אצות שחורות,ביוטיקוס אינטרנשיונאל,CN,מסכת טישו פחם,יחידה,1.00,יחידה,false,1,14.90,14.90,true,1,
3600542154789,false,גרנייה מסכת טישו עיניים סקין אקטיב תפוז,לוריאל,CN,מסכת טישו לעיניי,יחידה,1.00,יחידה,false,1,12.90,12.90,true,1,
3600542216623,false,"גרנייה - דאודורנט רול און לאישה אקשן קונטרול רול 96 שעות 50 מ""ל",סופרוקוס,PL,דאודורנט גרנייה,מיליליטרים,50.00,"100 מ""ל",false,1,11.90,23.80,true,1,
3600542216647,false,"גרנייה - דאודורנט ספריי לאישה 96 שעות אקשן קונטר 150 מ""ל",לוריאל,FR,דאו.ספריי גרנייה,מיליליטרים,150.00,"100 מ""ל",false,1,11.90,7.94,true,1,
3600542232036,false,גרניה סקין נט אלו גל אלוורה ללחות 50 מל,לוריאל,DE,סקין נט אלו ג'ל,מיליליטרים,50.00,"100 מ""ל",false,1,47.90,95.80,true,1,
3600542244879,false,גרנייה - אוליה מיני קיט8.31 בלונד זהוב אפרפר,לוריאל,PL,אוליה 8.31 בלונד,יחידה,1.00,יחידה,false,1,24.90,24.90,true,1,
3600542245449,false,גרנייה - אוליה מיני קיט 5 חום טבעי,לוריאל,PL,צבע לשיער אוליה,יחידה,1.00,יחידה,false,1,24.90,24.90,true,1,
3600542245456,false,גרנייה - אוליה מיני קיט 5.3 חום זהוב,לוריאל,PL,אוליה 5.3 חום זה,יחידה,1.00,יחידה,false,1,24.90,24.90,true,1,
3600542245487,false,גרנייה - אוליה מיני קיט 6 חום בהיר,לוריאל,PL,צבע לשיער אוליה6,יחידה,1.00,יחידה,false,1,24.90,24.90,true,1,
3600542245500,false,גרנייה - אוליה מיני קיט 6.3 חום זהוב בהיר,לוריאל,PL,אוליהמיני 6.3חום,יחידה,1.00,יחידה,false,1,24.90,24.90,true,1,
3600542245548,false,גרנייה - אוליה מיני קיט 7 בלונד כהה,לוריאל,PL,צבע לשיער אוליה,יחידה,1.00,יחידה,false,1,24.90,24.90,true,1,
3600542245609,false,גרנייה - אוליה מיני קיט 8.13 בלונד זהוב,לוריאל,PL,צבעי שיער אוליה,יחידה,1.00,יחידה,false,1,24.90,24.90,true,1,
3600542267953,false,גרנייה - פיור אקטיב מים מיסלריים 400,גרנייה-קוסמטיקה,PL,פיור מי מיסלר,מיליליטרים,400.00,"100 מ""ל",false,1,35.00,8.75,true,1,
3600542309974,false,"גרנייה - דאודורנט רול און לאישה מגנזיום 50 מ""ל",סופרוקוס,PL,דאו גרנייה,מיליליטרים,50.00,"100 מ""ל",false,1,11.90,23.80,true,1,
3600542310444,false,"גרנייה - דאודורנט ספריי לאישה מגנזיום 150 מ""ל",סופרוקוס,PL,גרניה דאו ספרי,מיליליטרים,150.00,"100 מ""ל",false,1,11.90,7.94,true,1,
3600542328647,false,גרניה סקין נט קרם גל אלוורה 50 מל,לוריאל,PL,קרם ג'ל אלוורה,יחידה,1.00,יחידה,false,0,47.90,47.90,true,1,
3600542365710,false,גרנייה - פיור ג'ל ניקוי,לוריאל,PL,PURE ג'ל ניקוי,מיליליטרים,200.00,"100 מ""ל",false,1,29.90,14.95,true,1,
3600542365758,false,גרניה בוטניקל מי פנים ענבים 200 מל,"קוסמופול, פולין",DE,מי פנים ענבים,מיליליטרים,200.00,"100 מ""ל",false,1,24.90,12.45,true,1,
3600542365796,false,גרניה בוטניקל גל ניקוי ענבים 200 מל,לוריאל,PL,בוטניקל ג'ל ניקו,מיליליטרים,200.00,"100 מ""ל",false,1,24.90,12.45,true,1,
3600542366113,false,גרניה בוטניקל קרם לחות ענבים 50 מל,לוריאל,DE,סקין נטורל קרם ע,מיליליטרים,50.00,"100 מ""ל",false,1,39.90,79.80,true,1,
3600542368896,false,גרניה טישו מסק פיור אקטיב מסכת טישו לעור,לוריאל,CN,פיור אקטיב טישו,יחידה,1.00,יחידה,false,1,14.90,14.90,true,1,
3600542375801,false,גרניה פיור אקטיב 3ב1 פחם 150 מל,לוריאל,FR,פיור אקטיב 3 ב 1,מיליליטרים,150.00,"100 מ""ל",false,1,29.90,19.93,true,1,
3600542380492,false,גרנייה - מסכת טישו ויטמין סי,לוריאל,CN,מסיכת טישו ויטמי,יחידה,1.00,יחידה,false,1,14.90,14.90,true,1,
3600542385091,false,"גרנייה - דאודורנט רול און לאישה אקשן קונטרול 72 שעות 50 מ""ל",קוסמופול,PL,רול און גרנייה,מיליליטרים,50.00,"100 מ""ל",false,1,11.90,23.80,true,1,
3600542385107,false,"גרנייה - דאודורנט רול און לאישה אינביזיבל BWC (ירוק) 50 מ""ל",לוריאל ישראל קוסמטיקס בע,PL,דא.רול גרנייה,מיליליטרים,50.00,"100 מ""ל",false,1,11.90,23.80,true,1,
3600542385220,false,"גרנייה - דאודורנט רול און לאישה פרוטקשן 6 פלורל (סגול) 50 מ""ל",גרנייה Garnier,FR,רול און גרנייה,מיליליטרים,50.00,"100 מ""ל",false,1,11.90,23.80,true,1,
3600542385251,false,"גרנייה - דאודורנט רול און לאישה פרוטקשן 6 כותנה (ורוד) 50 מ""ל",גרנייה Garnier,FR,רול און גרנייה,מיליליטרים,50.00,"100 מ""ל",false,1,11.90,23.80,true,1,
3600542385268,false,גרניה דאו רול און אינביזיבל,לוריאל ישראל קוסמטיקס בע,PL,גרנייה רול און,מיליליטרים,50.00,"100 מ""ל",false,1,11.90,23.80,true,1,
3600542385275,false,"גרנייה - דאודורנט רול און לאישה פיור אקטיב 50 מ""ל",גרנייה Garnier,FR,רול און גרנייה,מיליליטרים,50.00,"100 מ""ל",false,1,11.90,23.80,true,1,
3600542385329,false,גרניה טישו מסק מסכת תה ירוק לעור רגיל,לוריאל,CN,טישו מסק תה ירוק,יחידה,1.00,יחידה,false,1,14.90,14.90,true,1,
3600542385626,false,גרנייה - מסכת טישו עם אלוורה וחומצה הילאורונית,לוריאל,CN,גרנייה טישו ואלו,גרמים,32.00,100 גרם,false,1,14.90,46.56,true,1,
3600542397926,false,גרניה דאו ספריי 6 פרוטקשן כותנה,"קוסמופול, פולין",FR,ספריי גרניה,מיליליטרים,150.00,"100 מ""ל",false,1,11.90,7.94,true,1,
3600542398206,false,גרניה סקין נט תרחיץ אלוורה 200 מל,"קוסמופול, פולין",DE,תרחיץ אלוורה,יחידה,1.00,יחידה,false,0,25.00,25.00,true,1,
3600542413626,false,גרנייה - מסכת טישו דובדבן שפתיים,לוריאל,CN,מסכת טישו דובדבן,יחידה,1.00,יחידה,false,1,12.90,12.90,true,1,
3600542415071,false,גרניה סקין נטורלס קרם לחות BB גוון ללא ש,לוריאל,FR,BB קרם לחות ללא,מיליליטרים,50.00,"100 מ""ל",false,1,61.90,123.80,true,1,
3600542415194,false,גרניה סקין נטורלס קרם לחות BB גוון ללא ש,לוריאל,FR,קרם לחות,מיליליטרים,50.00,"100 מ""ל",false,1,61.90,123.80,true,1,
3600542421621,false,גרניה פרוקטיס מסכה לשיער בננה 390 מל,"אינטרביוטי קוסמטיק בע""\מ",IL,פרוקטיס היירפוד,מיליליטרים,390.00,"100 מ""ל",false,1,34.90,8.95,true,1,
3600542421669,false,"גרנייה - פרוקטיס היירפוד מרכך פפאיה 350 מ""ל","אינטרביוטי קוסמטיק בע""\מ",IL,פרוקטיס היירפוד,מיליליטרים,350.00,"100 מ""ל",false,1,14.90,4.26,true,1,
3600542421706,false,"גרנייה - פרוקטיס היירפוד שמפו פפאיה 350 מ""ל","אינטרביוטי קוסמטיק בע""\מ",IL,פרוקטיס היירפוד,מיליליטרים,350.00,"100 מ""ל",false,1,14.90,4.26,true,1,
3600542421720,false,גרנייה פרוקטיס היפורד מסכה פפאיה 390 גר,"אינטרביוטי קוסמטיק בע""\מ",IL,פרוקטיס היירפוד,מיליליטרים,390.00,"100 מ""ל",false,1,34.90,8.95,true,1,
3600542431842,false,גרנייה - קולור נטורלס 4 חום כהה טבעי חדש,לוריאל ישראל קוסמטיקס בע,PL,קולור נטורלס 4,יחידה,1.00,יחידה,false,1,22.90,22.90,true,1,
3600542431866,false,גרנייה קולור נטורלס צבע לשיער חום בהיר 6,גרנייה Garnier,PL,קולור נטורלס 6,יחידה,1.00,יחידה,false,1,22.90,22.90,true,1,
3600542431880,false,גרנייה - קולור נטורלס 8 בלונד בהיר חדש,לוריאל ישראל קוסמטיקס בע,PL,קולור נטורלס 8,יחידה,1.00,יחידה,false,1,22.90,22.90,true,1,
3600542431927,false,גרנייה - קולור נטורלס 8.1 בלונד אפרפר בהיר חדש,לוריאל ישראל קוסמטיקס בע,PL,קולור נטורלס 8.1,יחידה,1.00,יחידה,false,1,22.90,22.90,true,1,
3600542431941,false,גרנייה - קולור נטורלס 5.3 חום זהוב חדש,לוריאל ישראל קוסמטיקס בע,PL,קולור נטורלס 5.3,יחידה,1.00,יחידה,false,1,22.90,22.90,true,1,
3600542431958,false,גרנייה - קולור נטורלס 7.3 בלונד זהוב חדש,לוריאל ישראל קוסמטיקס בע,PL,קולור נטורלס 7.3,יחידה,1.00,יחידה,false,1,22.90,22.90,true,1,
3600542431972,false,צבע לשיער קולור נטורלס - 111 בלונד אולטרה בהיר אפור,לוריאל ישראל קוסמטיקס בע,PL,קולור נטורלס 111,יחידה,1.00,יחידה,false,1,22.90,22.90,true,1,
3600542431996,false,גרנייה - קולור נטורלס 5.15 חום שוקולד עשיר חדש,יבואן ומשווק: n\לוריאל י,PL,צבע שיער קולור,יחידה,1.00,יחידה,false,1,22.90,22.90,true,1,
3600542432009,false,גרנייה - קולור נטורלס 4.5 חום שוקולד כהה חדש,לוריאל ישראל קוסמטיקס בע,PL,קולור נטורלס 4.5,יחידה,1.00,יחידה,false,1,22.90,22.90,true,1,
3600542432030,false,גרנייה - קולור נטורלס 7.40+ נחושת עוצמתית חדש,לוריאל ישראל קוסמטיקס בע,PL,קולור נטורלס7.40,יחידה,1.00,יחידה,false,1,22.90,22.90,true,1,
3600542432054,false,גרנייה - קולור נטורלס 9.1 בלונד בהיר מאוד א חדש,קוסמופול,PL,קולור נטורלס9.1,יחידה,1.00,יחידה,false,1,22.90,22.90,true,1,
3600542432078,false,גרנייה - קולור נטורלס 3.12 חום קפוא חדש,קוסמופול,PL,צבע לשיער קולור,יחידה,1.00,יחידה,false,1,22.90,22.90,true,1,
3600542432085,false,גרנייה - קולור נטורלס 4.12 חום קרח חדש,לוריאל ישראל קוסמטיקס בע,PL,קולור נטורלס4.12,יחידה,1.00,יחידה,false,1,22.90,22.90,true,1,
3600542432962,false,"גרנייה - סרום לפנים אלוורה 30 מ""ל",לוריאל,DE,גרנייה סרום אלוו,מיליליטרים,30.00,"100 מ""ל",false,1,49.90,166.33,true,1,
3600542433266,false,גרנייה - סרום לפנים ויטמין C סקין אקטיב,לוריאל,DE,גרנייה סרום ויטמ,מיליליטרים,30.00,"100 מ""ל",false,1,49.90,166.33,true,1,
3600542449915,false,גרנייה - אוליה מיני קיט 5.12 חום קרח נוצץ,לוריאל,PL,צבע לשיער אוליה,יחידה,1.00,יחידה,false,1,24.90,24.90,true,1,
3600542456579,false,גרניה מיסלר ויטמין סי 400 מל,לוריאל,DE,מיסלר ויטמין סי,מיליליטרים,400.00,"100 מ""ל",false,1,35.00,8.75,true,1,
3600542456593,false,גרנייה פיור אקטיב מי פנים 200 מל,General,FR,PURE מי פנים,מיליליטרים,200.00,"100 מ""ל",false,1,29.90,14.95,true,1,
3605522041486,false,ארמני סטרונגר א.אדפ 100,אינטרביוטי-בישו,IL,you emporio לאשה,מיליליטרים,100.00,"100 מ""ל",false,0,299.00,299.00,true,1,
3605530931663,false,לנקום בוקאז רול און 50 מל,לוריאל,IL,BOCAGE דאודורנט,מיליליטרים,50.00,"100 מ""ל",false,0,100.00,200.00,true,1,
3605531812213,false,DRAMA HYPNOSE מסקרה 01,לנקום,IL,מסקרה היפנוז,יחידה,1.00,יחידה,false,0,129.00,129.00,true,1,
3605532026046,false,לנקום הידרה זן נרוקאלם קרם ליום SPF15,לוריאל,IL,קרם ליום,מיליליטרים,50.00,"100 מ""ל",false,0,279.00,558.00,true,1,
3605532085982,false,לנקום גניפיק ריפר קרם לילה אקטיבי,לוריאל,IL,קרם לילה,מיליליטרים,50.00,"100 מ""ל",false,0,359.00,718.00,true,1,
3605532202945,false,מסקרה היפנוז דרמה,לנקום,IL,מסקרה היפנוז דרמ,יחידה,1.00,יחידה,false,0,129.00,129.00,true,1,
3605532418704,false,לנקום הידרזן קרם גל 50 מל,לוריאל,FR,קרם יום במרקם ג',מיליליטרים,50.00,"100 מ""ל",false,1,248.00,496.00,true,1,
3605532612690,false,לה ויה בל אדפ 30מל,לנקום בישום,IL,לה ויה בל אדפ,מיליליטרים,30.00,"100 מ""ל",false,0,148.00,493.33,true,1,
3605532612768,false,belle est vie La אדפ50מל,לנקום בישום,FR,belle est vie La,מיליליטרים,50.00,"100 מ""ל",false,1,259.00,518.00,true,1,
3605532612836,false,"לנקום לה וי אה בל 75 מ""ל א.ד.פ",לנקום בישום,FR,belle est vie La,מיליליטרים,75.00,"100 מ""ל",false,1,309.00,412.00,true,1,
3605532973623,false,לנקום אבסולו BX קרם לילה 75 מל,לוריאל,IL,BX ABSOLUE קרם,מיליליטרים,75.00,"100 מ""ל",false,0,829.00,1105.33,true,1,
3605533286555,false,"לה ויה בל אדפ לאישה 100 מ""ל - לנקום",לנקום בישום,IL,belle est vie La,מיליליטרים,100.00,"100 מ""ל",false,1,359.00,359.00,true,1,
3605971512575,false,ראלף לורן קלאב אדפ 100 מל לגבר,,FR,Club Ralph's אדפ,מיליליטרים,100.00,"100 מ""ל",false,1,299.00,299.00,true,1,
3607345264912,false,"אדידס בודי ספריי לגבר אייס דייב, ללא אלומיניום, 150 מל",אגריפק אס איי לגרדה,ES,ספריי גוף אדידס,מיליליטרים,150.00,"100 מ""ל",false,0,16.90,11.26,true,1,
3607345265117,false,"אדידס - דאודורנט ספריי לגבר טים פורס 150 מ""ל",מיוצר עי קונדיטוריית,ES,ספריי גוף אדידס,מיליליטרים,150.00,"100 מ""ל",false,0,16.90,11.26,true,1,
3607347733508,false,"רוברטו קוואלי פרדיסו קלאסי – א.ד.פ 75 מ""ל",לילית בישום,GR,paradiso לאשה,מיליליטרים,75.00,"100 מ""ל",false,0,279.00,372.00,true,1,
3607349687458,false,"דאו' ספריי לגבר קול דריי פרש 150מ""ל",קוטי HFC,PT,דאו.אדידס,מיליליטרים,150.00,"100 מ""ל",false,1,16.90,11.27,true,1,
3614223736485,false,אדידס דאודורנט ספריי לגבר אדיפיור- ללא מלחי אלומניום 200 מל,אדידס Adidas,PT,דאו.אדידס,מיליליטרים,200.00,"100 מ""ל",false,1,16.90,8.45,true,1,
3614224056537,false,"דאו ספריי לנשים אדידס אדיפוואר 150 מ""ל",COLEPCCL,PT,דאו.אדידס,מיליליטרים,150.00,"100 מ""ל",false,1,16.90,11.27,true,1,
3614225356933,false,"קלווין קליין אדפ 50מ""ל",קלווין קליין,FR,קלווין קליין אדפ,מיליליטרים,50.00,"100 מ""ל",false,1,209.00,418.00,true,1,
3614226761583,false,קולסטון ספריי בלונד בנונ,דיפלומט,DE,קולסטון ספריי,מיליליטרים,75.00,"100 מ""ל",false,1,39.90,53.20,true,1,
3614226761651,false,תרסיס קולסטון רוט טאצ' אפ בלונד בהיר - כהה,וולה Wella,FR,קולסטון ספריי,מיליליטרים,75.00,"100 מ""ל",false,1,39.90,53.20,true,1,
3614228865814,false,סופט קולור 60 בלונד כהה,"HFC פרסטיג,'\ שטיינברג,",DE,וולה סופט קולור,יחידה,1.00,יחידה,false,1,34.90,34.90,true,1,
3614228865852,false,סופט קולור 40 חום בינוני,"HFC פרסטיג,'\ שטיינברג,",DE,וולה סופט קולור,יחידה,1.00,יחידה,false,1,34.90,34.90,true,1,
3614228865869,false,סופט קולור 30 חום כהה,"HFC פרסטיג,'\ שטיינברג,",DE,וולה סופט קולור,יחידה,1.00,יחידה,false,1,34.90,34.90,true,1,
3614229392210,false,"אופוריה בלאש אדפ 100 מ""ל",,IL,אופוריה בלאש אדפ,מיליליטרים,100.00,"100 מ""ל",false,1,299.00,299.00,true,1,
3614229717082,false,וולה מוס לשיער וולה דלוקס למגע חלק כמשי 200 מ,אינטרספריי,FR,וולה מוס מגע משי,מיליליטרים,200.00,"100 מ""ל",false,1,34.90,17.45,true,1,
3614229717099,false,וולה ספריי לשיער וולה דלוקס למגע חלק כמשי 250,אינטרספריי,FR,וולה ספריי לשיער,מיליליטרים,250.00,"100 מ""ל",false,1,34.90,13.96,true,1,
3614229717105,false,וולה ספריי לחות וולה דלוקס לטיפוח וריכוך 150,דיפלומט,FR,ספריי לחות וולה,מיליליטרים,150.00,"100 מ""ל",false,1,25.90,17.27,true,1,
3614229823806,false,הוגו בוס הוגו מן גבר אדט,,FR,הוגו בוס הוגו מן,מיליליטרים,125.00,"100 מ""ל",false,1,229.00,183.20,true,1,
3614270457500,false,מסקרה היפנוז ווליום,לנקום,IL,מסקרה היפנוז וול,יחידה,1.00,יחידה,false,0,159.00,159.00,true,1,
3614270971235,false,קונסילר אפסרנס2,לנקום,IL,קונסילר אפסרנס2,יחידה,1.00,יחידה,false,0,199.00,199.00,true,1,
3614270971310,false,קונסילר אפסרנס4,לנקום,IL,קונסילר אפסרנס4,יחידה,1.00,יחידה,false,0,199.00,199.00,true,1,
3614271430229,false,טיינט איידול אולטרה 2 30,לנקום,FR,טיינט איידול 05,מיליליטרים,30.00,"100 מ""ל",false,1,129.00,430.00,true,1,
3614271430250,false,טיינט איידול אולטרה 10 3,לנקום,FR,טיינט איידול 10,מיליליטרים,30.00,"100 מ""ל",false,1,129.00,430.00,true,1,
3614271430281,false,ULTRA IDOLE TEINT 03,לנקום,FR,מייק אפ 03,מיליליטרים,30.00,"100 מ""ל",false,1,129.00,430.00,true,1,
3614271430342,false,טיינט איידול אולטרה 048,לנקום,FR,טיינט איידול 045,מיליליטרים,30.00,"100 מ""ל",false,1,129.00,430.00,true,1,
3614271579423,false,קרם גוף לה ויה בל 200 מל,,IL,קרם גוף לה ויה ב,מיליליטרים,200.00,"100 מ""ל",false,1,149.00,74.50,true,1,
3614271682369,false,BIG MONSIEUR מסקרה 01,לנקום,IL,BIG MONSIEUR 01,מיליליטרים,10.00,"100 מ""ל",false,0,159.00,1590.00,true,1,
3614271697783,false,עפרון שפתיים עמיד 06,לנקום,IL,עפרון שפתיים עמי,יחידה,1.00,יחידה,false,0,119.00,119.00,true,1,
3614271697882,false,עפרון שפתיים עמיד 132,לנקום,IL,עפרון שפתיים עמי,יחידה,1.00,יחידה,false,0,119.00,119.00,true,1,
3614271716026,false,"איב סאן לורן Y אדפ 100 מ""ל (ג)",א.ס.ל-בישום,IL,Y א.ד.ט לגבר,מיליליטרים,100.00,"100 מ""ל",false,0,399.00,399.00,true,1,
3614271717092,false,איב סאן לורן Y דאודורנט סטיק לגבר 75 גרם,,FR,דאודורנט Y,מיליליטרים,75.00,"100 מ""ל",false,1,99.00,132.00,true,1,
3614271876188,false,עפרון גבות 04 יח',לנקום,FR,עפרון גבות 04,יחידה,1.00,יחידה,false,1,129.00,129.00,true,1,
3614272050358,false,"וואי Y אדפ לגבר 100 מ""ל - איב סאן לורן",איב סן לורן,FR,Y א.ד.פ לגבר,מיליליטרים,100.00,"100 מ""ל",false,1,429.00,429.00,true,1,
3614272207646,false,לנקום הידרה זן מסיכת גל 100 מל,לוריאל,FR,הידרה זאן מסיכת,מיליליטרים,100.00,"100 מ""ל",false,1,150.00,150.00,true,1,
3614272227026,false,לנקום הידרה זן פילינג סוכר עדין 100 מל,לוריאל,FR,הידרה זן שוגר סק,מיליליטרים,100.00,"100 מ""ל",false,1,150.00,150.00,true,1,
3614272250468,false,ג'ניפיק קרם עיניים 15 מ,,IL,ג'ניפיק קרם עיני,מיליליטרים,15.00,"100 מ""ל",false,1,279.00,1860.00,true,1,
3614272454187,false,לנקום רנרגי מולטי ליפט אולטרה קרם עיניים,לוריאל,FR,קרם עיניים רנרגי,מיליליטרים,15.00,"100 מ""ל",false,1,319.00,2126.67,true,1,
3614272623538,false,לנקום גניפיק אדוונס 50 מל,לוריאל,FR,ג'ניפיק סרום,מיליליטרים,50.00,"100 מ""ל",false,1,479.00,958.00,true,1,
3614272648418,false,"ליברה אדפ 50 מ""ל",,FR,בושם לאשה LIBRE,מיליליטרים,50.00,"100 מ""ל",false,1,299.00,598.00,true,1,
3614272648425,false,"ליברה אדפ לאישה 90 מ""ל - איב סאן לורן",,FR,בושם לאשה Libre,מיליליטרים,90.00,"100 מ""ל",false,1,419.00,465.56,true,1,
3614272653047,false,אבסולו רוג 131 יח',,FR,אבסולו רוג 131,יחידה,1.00,יחידה,false,1,159.00,159.00,true,1,
3614272664616,false,לנקום רנרגי מולטי ליפט אולטרה קרם יום 50,לוריאל,FR,RENERGIE קרם יום,מיליליטרים,50.00,"100 מ""ל",false,1,399.00,798.00,true,1,
3614272827929,false,טיינט מייק .אפ סטיק025,,FR,טיינט מייק אפ סט,יחידה,1.00,יחידה,false,1,179.00,179.00,true,1,
3614272860377,false,לנקום רנרגי H.C.F. טריפל סרום 50 מל,לוריאל,FR,רנרג'י טריפל סרו,מיליליטרים,50.00,"100 מ""ל",false,1,399.00,798.00,true,1,
3614272907690,false,"בושם WAY MY לאשה 90 מ""ל",לנקום בישום,IL,בושם WAY MY,מיליליטרים,90.00,"100 מ""ל",false,1,359.00,398.89,true,1,
3614273066365,false,לאש אידול מסקרה יח',,FR,לאש אידול מסקרה,יחידה,1.00,יחידה,false,1,159.00,159.00,true,1,
3614273069557,false,"ליברה אינטנס אדפ לאישה 90 מ""ל - איב סאן לורן",,IL,ליברה אינטנס אדפ,מיליליטרים,90.00,"100 מ""ל",false,1,429.00,476.67,true,1,
3614273073882,false,"Viva Voce א.ד.פ אשה50מ""ל",,FR,Viva Voce א.ד.פ,מיליליטרים,50.00,"100 מ""ל",false,1,299.00,598.00,true,1,
3614273073981,false,"viva voce אדפ 15 מ""ל",,FR,viva voce אדפ,מיליליטרים,15.00,"100 מ""ל",false,1,39.90,266.00,true,1,
3614273095808,false,לנקום תחליב גוף בניחוח הבושם אידול 200מל,,FR,איידול לה פאוור,מיליליטרים,200.00,"100 מ""ל",false,1,139.00,69.50,true,1,
3614273128971,false,"MAD Y א.ד.פ לגבר 200 מ""ל",,FR,MAD Y א.ד.פ,מיליליטרים,200.00,"100 מ""ל",false,1,599.00,299.50,true,1,
3614273258180,false,בלק אופיום אקסטרים אדפ 90 מל לאשה,,FR,בלאק אופיום א.ד.,מיליליטרים,90.00,"100 מ""ל",false,1,409.00,454.44,true,1,
3614273307734,false,שפתון אבסולו רוג' קרם525,לנקום,FR,אבסולו רוג' קרם,יחידה,1.00,יחידה,false,0,159.00,159.00,true,1,
3614273307796,false,שפתון אבסולו רוג' קרם259,לנקום,FR,אבסולו רוג' קרם,יחידה,1.00,יחידה,false,0,159.00,159.00,true,1,
3614273308472,false,שפתון אבסולו רוג' מאט 99,לנקום,FR,אבסולו רוג' מאט,יחידה,1.00,יחידה,false,0,159.00,159.00,true,1,
3614273321891,false,איב סאן לורן ליברה אדט 90 מל לאשה,,FR,ליברה א.ד.ט,מיליליטרים,90.00,"100 מ""ל",false,1,379.00,421.11,true,1,
3614273346719,false,"BLEU NUIT LA אדט 100 מ""ל",,FR,BLEU NUIT LA אדט,מיליליטרים,100.00,"100 מ""ל",false,1,339.00,339.00,true,1,
3614273347839,false,מיי וואיי אינטנס אדפ90מל,,FR,מיי וואיי אינטנס,מיליליטרים,90.00,"100 מ""ל",false,1,379.00,421.11,true,1,
3614273436366,false,לה סטילו אייליינר 02 יח',,FR,לה סטילו אייליינ,יחידה,1.00,יחידה,false,1,149.00,149.00,true,1,
3614273436403,false,לה סטילו אייליינר 06יח',,FR,לה סטילו אייליינ,יחידה,1.00,יחידה,false,1,149.00,149.00,true,1,
3614273459082,false,בושם ווצה ויוה אינטנס30מ,"LASSIGNY,FRANCE",FR,ווצה ויוה אינטנס,מיליליטרים,30.00,"100 מ""ל",false,1,149.00,496.67,true,1,
3614273556620,false,"פראדה לונה רוסה אושן אדט 100 מ""ל",,FR,Ocean LunaRossa,מיליליטרים,100.00,"100 מ""ל",false,1,349.00,349.00,true,1,
3614273628983,false,YOU STORNGER אדט100מל,,FR,yo with stornger,מיליליטרים,100.00,"100 מ""ל",false,1,299.00,299.00,true,1,
3614273662420,false,אקווה דה ג'יו א.ד.פ125מל,,FR,אקווה דה ג'יו א.,מיליליטרים,125.00,"100 מ""ל",false,1,399.00,319.20,true,1,
3614273693509,false,דיזל D5 א.ד.ט גבר100מל,דיזל,FR,דיזל די 5 א.ד.ט,מיליליטרים,100.00,"100 מ""ל",false,1,229.00,229.00,true,1,
3614273760164,false,"פרדוקס א.ד.פ אישה 90מ""ל",לנקום בישום,FR,פרדוקס א.ד.פ איש,מיליליטרים,90.00,"100 מ""ל",false,1,499.00,554.44,true,1,
3614273776134,false,ליברה לה פארפם,,,ליברה לה פארפם,יחידה,1.00,יחידה,false,0,149.00,149.00,true,1,
3616300892442,false,ברברי הר לונדון דרים100מ,,ES,ברברי הר לונדון,מיליליטרים,100.00,"100 מ""ל",false,1,499.00,499.00,true,1,
3616301296669,false,"RG M DEFY CK אדפ 100 מ""ל",,ES,RG M DEFY CK אדפ,מיליליטרים,100.00,"100 מ""ל",false,1,209.00,209.00,true,1,
3616301794639,false,"GUILTY GUCCI א.ד.פ 90 מ""",,DE,GUILTY GUCCI א.ד,מיליליטרים,90.00,"100 מ""ל",false,1,579.00,643.33,true,1,
3616302015580,false,"Ckfree א.ד.ט לגבר 100מ""ל",,GR,Ckfree אדט לגבר,מיליליטרים,100.00,"100 מ""ל",false,1,99.00,99.00,true,1,
3616302022472,false,פלורה גורגס גרדנייה אדפ,קוטי HFC,ES,פלורה גורגס גרדנ,מיליליטרים,100.00,"100 מ""ל",false,1,579.00,579.00,true,1,
3616302076819,false,סופט קולור 535 חום קפה ערביקה,דיפלומט,DE,סופט קולור 5/35,גרמים,180.00,100 גרם,false,1,34.90,19.39,true,1,
3616303455170,false,מארז אופוריה אדט לגבר,קוטי HFC,ES,מארז אופוריה אדט,יחידה,1.00,יחידה,false,1,225.00,225.00,true,1,
3661163904016,false,"נאוטיקה קלאסיק (ג)אדט 100 מ""ל",סופטאץ בישום,IL,נאוטיקה קלאסיק,מיליליטרים,100.00,"100 מ""ל",false,0,79.00,79.00,true,1,
3661163970448,false,"אדידס דאודורנט ספריי מקס פרש לגברים 200 מ""ל",מיוצר עי קונדיטוריית,PT,דאודורנט אדידס,מיליליטרים,200.00,"100 מ""ל",false,0,16.90,8.45,true,1,
3661163990545,false,"אדידס דאודורנט ספריי לגברים אקשיין 200 מ""ל",מיוצר עי קונדיטוריית,PT,דאודורנט אדידס,מיליליטרים,200.00,"100 מ""ל",false,0,16.90,8.45,true,1,
3700066713636,false,"ג'נטל ELSATYS(ג) אדפ 100מ""ל",,FR,ג'נטל אדפ,מיליליטרים,100.00,"100 מ""ל",false,1,79.00,79.00,true,1,
3760004322276,false,פסקל מורביטו פיור אס100מ,פסקל מורביטו,IL,פסקל מורביטו פיו,מיליליטרים,100.00,"100 מ""ל",false,0,99.00,99.00,true,1,
3760022731432,false,Juliette has a gun NOT A PERFUME SUPERDOSE EDP 100ML,GUN A HAS JULIETTE,FR,Perfume A Not,מיליליטרים,100.00,"100 מ""ל",false,0,369.00,369.00,true,1,
3760096761410,false,קירינס ק.לחות עור יבש30מ,,CH,קירינס קרם לחות,מיליליטרים,30.00,"100 מ""ל",false,1,249.00,830.00,true,1,
3760260450003,false,"רוזס מאסק Roses Musk א.ד.פ לאישה 100 מ""ל",מונטאל Montale,FR,רוזס מאסק אדפ,מיליליטרים,100.00,"100 מ""ל",false,1,349.00,349.00,true,1,
3760260454308,false,"מונטל THE NEW ROSEאדפ 100מ""ל",,FR,Rose New The אדפ,מיליליטרים,100.00,"100 מ""ל",false,1,349.00,349.00,true,1,
3800023402150,false,מסיכה טיפולית לשיער300מ,,IL,מסיכה טיפולית לש,מיליליטרים,300.00,"100 מ""ל",false,1,20.00,6.67,true,1,
3800023402181,false,מסיכה סילבר לשיער300מ,,IL,מסיכה סילבר לשיע,מיליליטרים,300.00,"100 מ""ל",false,1,20.00,6.67,true,1,
3800038712237,false,"VICTORIA BEAUTY שמפו צבע לשיער V40 בורדו 40 מ""ל",,BG,שמפו צבע,יחידה,1.00,יחידה,false,1,14.90,14.90,true,1,
3838824127149,false,צבע לשיער פלטה - 1-1 שחור כחול,שוורצקופף והנקל,SI,צבע לשיער פלטה,יחידה,1.00,יחידה,false,0,29.90,29.90,true,1,
3838824127163,false,צבע לשיער פאלטה בלונד כסוף 1-10,שוורצקופף והנקל,SI,צבעי שיער פלטה,יחידה,1.00,יחידה,false,0,29.90,29.90,true,1,
3838824127200,false,פלטה סמי קיט 5-68 ערמונים בינוני,שוורצקופף והנקל,SI,צבע לשיער פלטה,יחידה,1.00,יחידה,false,0,29.90,29.90,true,1,
3838824127224,false,פלטה סמי קיט חום בינוני 4-0 צבע שיער,שוורצקופף והנקל,SI,צבעי שיער פלטה,יחידה,1.00,יחידה,false,0,29.90,29.90,true,1,
3838824127262,false,פלטה סמי קיט בלונד כהה 6-0 צבע שיער,שוורצקופף והנקל,SI,צבע לשיער פלטה,יחידה,1.00,יחידה,false,0,29.90,29.90,true,1,
3838824127286,false,צבע לשיער פלטה - 7-0 בלונד בינוני,שוורצקופף והנקל,SI,צבעי שיער פלטה,יחידה,1.00,יחידה,false,0,29.90,29.90,true,1,
3838824127309,false,פלטה סמי קיט בלונד בהיר 8-0 צבע שיער,שוורצקופף והנקל,SI,צבע לשיער פלטה,יחידה,1.00,יחידה,false,0,29.90,29.90,true,1,
3838824127583,false,צבע לשיער פלטה - 6-88 אדום בוער,שוורצקופף והנקל,SI,צבע לשיער פלטה,יחידה,1.00,יחידה,false,0,29.90,29.90,true,1,
3838824127644,false,צבע לשיער פלטה - 4-89 חציל זוהר,שוורצקופף והנקל,SI,צבע לשיער פלטה,יחידה,1.00,יחידה,false,0,29.90,29.90,true,1,
3838824128887,false,פאלטה - דלוקס שמני הזנה שוקולטה 3-65,הנקל סוד,DE,צבע לשיער פלטה,יחידה,1.00,יחידה,false,0,38.90,38.90,true,1,
3838824129020,false,פאלטה - דלוקס שמני הזנה שחור 1-0,שוורצקוף Schwarzkopf,DE,צבע לשיער פלטה,יחידה,1.00,יחידה,false,0,38.90,38.90,true,1,
3838824167145,false,פאלטה - דלוקס שמני הזנה קינמון 7-65,שוורצקוף Schwarzkopf,DE,צבע לשיער פלטה,יחידה,1.00,יחידה,false,0,38.90,38.90,true,1,
3838824193915,false,צבע לשיער פאלטה סמי קיט שחור 0-1,שוורצקופף והנקל,SI,צבע סמי קיט פלטה,יחידה,1.00,יחידה,false,0,29.90,29.90,true,1,
3838824240275,false,פלטה סמי קיט 8-0 בלונד בהיר,שוורצקופף והנקל,SI,צבע לשיער פלטה,יחידה,1.00,יחידה,false,0,29.90,29.90,true,1,
3838824276007,false,פלטה סמי קיט 9-0 בלונד בהיר מאוד,שוורצקופף והנקל,SI,צבע לשיער פלטה,יחידה,1.00,יחידה,false,0,29.90,29.90,true,1,
3838824332130,false,צבע שיער פאלטה סמי קיט 3-68 מהגוני כהה,שוורצקופף והנקל,DE,צבע סמי קיט פלטה,יחידה,1.00,יחידה,false,1,29.90,29.90,true,1,
3838824332178,false,פאלטה ברוז' חום אדום יין 6-80 סמי קיט,שוורצקופף והנקל,DE,צבע סמי קיט פלטה,יחידה,1.00,יחידה,false,1,29.90,29.90,true,1,
3838824380902,false,צבעי שיער בלונד סופר בהיר 10-0 סמי קיט פאלטה,שוורצקופף והנקל,DE,צבע לשיער פלטה,יחידה,1.00,יחידה,false,1,29.90,29.90,true,1,
3838824380940,false,צבעי שיער בלונד בהיר אפרפר 8-1 סמי קיט פאלט,שוורצקופף והנקל,DE,צבע לשיער פלטה,יחידה,1.00,יחידה,false,1,29.90,29.90,true,1,
3838824381022,false,צבעי שיער חום שוקולד כהה 3-65 סמי קיט פאלטה,שוורצקופף והנקל,DE,צבע לשיער פלטה,יחידה,1.00,יחידה,false,1,29.90,29.90,true,1,
4000417019004,false,שוקולד חלב אגוזי לוז שלמים ריטר ספורט 100 גרם,ריטר ספורט Ritter sport,DE,שוקולד ריטר,גרמים,100.00,100 גרם,false,0,10.90,10.90,true,1,
4005808128631,false,ניוואה 500 גל רחצה לגבר תמציות ליים,ניוואה Nivea,DE,ניוואה גל רחצה,מיליליטרים,500.00,"100 מ""ל",false,0,17.90,3.58,true,1,
4005808148837,false,ניוואה יאנג גל גרגירים לשימוש יום יומי,ביירסדורץ,DE,ג'ל ניקוי פנים,מיליליטרים,150.00,"100 מ""ל",false,0,29.90,19.93,true,1,
4005808222698,false,ניוואה קצף גילוח לעור רגיש,ביירסדורץ,DE,קצף גילוח ניוואה,מיליליטרים,200.00,"100 מ""ל",false,0,23.90,11.95,true,1,
4005808293469,false,"ניוואה - דאודורנט ספריי לגבר יבש 150 מ""ל",BEIERSDORF MANUFACTU,DE,ניוואה דאודורנט,מיליליטרים,150.00,"100 מ""ל",false,1,14.90,9.94,true,1,
4005808366392,false,שפתון ליובש כחול קלאסי לבלו 48 גרם,טרופיקל דגיל תעשיות,IL,שפתון לבלו כחול,יחידה,1.00,יחידה,false,1,14.90,14.90,true,1,
4005808368280,false,שפתון ליובש דובדבן לבלו 48 גרם,טרופיקל דגיל תעשיות,DE,שפתון לבלו,יחידה,1.00,יחידה,false,1,14.90,14.90,true,1,
4005808406029,false,"ניוואה - תחליב רחצה סופט 750 מ""ל",ביירסדורף,DE,קרם רחצה ניוואה,מיליליטרים,750.00,"100 מ""ל",false,1,15.90,2.12,true,1,
4005808502004,false,לבלו שפתון סופט ורוד בליסטר 5.5מל,ביירסדורף,DE,לבלו שפתון,יחידה,1.00,יחידה,false,0,14.90,14.90,true,1,
4005808571246,false,ניוואה מסיר איפור לעיניים דאבל אפקט,HELLAS BEIERSDORF,DE,מסיר איפור,מיליליטרים,125.00,"100 מ""ל",false,1,38.90,31.12,true,1,
4005808650002,false,שפתון לבלו כחול,ביירסדורץ,IL,שפתון לבלו,יחידה,1.00,יחידה,false,0,14.90,14.90,true,1,
4005808650712,false,לבלו שפתון לחות דובדבן,HELLAS BEIERSDORF,DE,לבלו דובדבן,יחידה,1.00,יחידה,false,0,14.90,14.90,true,1,
4005808650729,false,לבלו שפתון תות שדה,ביירסדורף,,לבלו תות שדה,יחידה,1.00,יחידה,false,0,14.90,14.90,true,1,
4005808650903,false,לבלו הידרו קר,ביירסדורף,DE,לבלו אפרסק,יחידה,1.00,יחידה,false,0,14.90,14.90,true,1,
4005808668847,false,"ניוואה תרחיץ פנים עדין לעור יבש 150 מ""ל",HELLAS BEIERSDORF,DE,קרם ניקוי לפנים,מיליליטרים,150.00,"100 מ""ל",false,1,38.90,25.93,true,1,
4005808670314,false,"קרם לחות לפנים לעור רגיל - מעורב ניוואה 50 מ""ל",ניוואה Nivea,PL,קרם לחות,מיליליטרים,50.00,"100 מ""ל",false,0,69.00,138.00,true,1,
4005808692552,false,ניוואה ESLS תכשיר ניקוי נורמל דיספנסר150,HELLAS BEIERSDORF,DE,מוס ניקוי פנים,מיליליטרים,150.00,"100 מ""ל",false,1,38.90,25.93,true,1,
4005808702107,false,ניוואה תחליב גוף לעור יבש מאד 500 מל,בטר אנד דיפרנט,DE,ניוואה תחליב גוף,מיליליטרים,500.00,"100 מ""ל",false,1,22.90,4.58,true,1,
4005808801046,false,"קרם רב שימושי 150 מ""ל",HELLAS BEIERSDORF,DE,קרם רב שימושי,מיליליטרים,150.00,"100 מ""ל",false,1,15.00,10.00,true,1,
4005808811106,false,"ניוואה מסיר איפור עדין לעיניים 125 מ""ל",HELLAS BEIERSDORF,DE,מסיר איפור,מיליליטרים,125.00,"100 מ""ל",false,0,38.90,31.12,true,1,
4005808813063,false,תחליב לחות לעור רגיש לאחר גילוח,בטר אנד דיפרנט,DE,ניוואה אפטר שייב,מיליליטרים,100.00,"100 מ""ל",false,0,49.90,49.90,true,1,
4005808817405,false,"ג'ל גילוח לעור רגיש ניוואה 200 מ""ל",פרוטרופיק סיה.,PL,ג'ל גילוח ניוואה,מיליליטרים,200.00,"100 מ""ל",false,0,16.90,8.45,true,1,
4005808817603,false,ג'ל גילוח עם אלוורה Protect & Care,ניוואה Nivea,DE,ג'ל גילוח ניוואה,מיליליטרים,200.00,"100 מ""ל",false,0,16.90,8.45,true,1,
4005808827220,false,"ניוואה סרום סלולר 40 מ""ל",ניוואה ויסאז',PL,סלולר סרום,מיליליטרים,40.00,"100 מ""ל",false,0,125.00,312.50,true,1,
4005808827770,false,ניוואה סלולר קרם יום 50 מל,ניוואה ויסאז',PL,CELLULAR קרם יום,מיליליטרים,50.00,"100 מ""ל",false,0,125.00,250.00,true,1,
4005808837359,false,"ניוואה - דאודורנט רול און לאישה פרל אנד ביוטי 50 מ""ל",ביירסדורף AG,DE,דאודורנט ניוואה,מיליליטרים,50.00,"100 מ""ל",false,0,14.90,29.80,true,1,
4005808850723,false,לבלו שפתון תות בליסטר,טרופיקל דגיל תעשיות,DE,שפתון לבלו,יחידה,1.00,יחידה,false,0,14.90,14.90,true,1,
4005808851515,false,שפתון לבלו גבר בליסט,אלפא,DE,לבלו גבר בליסטר,יחידה,1.00,יחידה,false,0,14.90,14.90,true,1,
4005808890507,false,קרם ניוואה סופט צנצנת 200 מל,ניוואה Nivea,ES,קרם ניוואה סופט,מיליליטרים,200.00,"100 מ""ל",false,0,20.00,10.00,true,1,
4005808908585,false,"ניוואה - דאודורנט ספריי לאישה פאודר טאץ 150 מ""ל",ביירסדורץ,DE,דאודורנט ניוואה,מיליליטרים,150.00,"100 מ""ל",false,0,14.90,9.94,true,1,
4005900036445,false,"ניוואה - דאודורנט רול און לאישה בלק&וויט פיור 50 מ""ל",ביירסדורץ,DE,דאודורנט ניוואה,מיליליטרים,50.00,"100 מ""ל",false,0,14.90,29.80,true,1,
4005900036476,false,"ניוואה - דאודורנט רול און לאישה בלק אנד וויט קליר 50 מ""ל",טרופיקל דגיל תעשיות,DE,דאודורנט ניוואה,מיליליטרים,50.00,"100 מ""ל",false,0,14.90,29.80,true,1,
4005900036483,false,"ניוואה - דאודורנט ספריי לגבר שקוף בלק וווי 150 מ""ל",בטר אנד דיפרנט,DE,דאודורנט ניוואה,מיליליטרים,150.00,"100 מ""ל",false,0,14.90,9.94,true,1,
4005900036506,false,"ניוואה - דאודורנט רול און לגבר שקוף בלק 50 מ""ל",טרופיקל דגיל תעשיות,DE,דאודורנט ניוואה,מיליליטרים,50.00,"100 מ""ל",false,0,14.90,29.80,true,1,
4005900037909,false,"ניוואה - דאודורנט ספריי לאישה אינויזיבל פיור 150 מ""ל",ביירסדורץ,DE,דאודורנט ניוואה,מיליליטרים,150.00,"100 מ""ל",false,0,14.90,9.94,true,1,
4005900111449,false,"ניוואה קרם רב שימושי לגבר 150 מ""ל",HELLAS BEIERSDORF,DE,"קרם רב""ש לגבר",מיליליטרים,150.00,"100 מ""ל",false,1,45.90,30.60,true,1,
4005900273482,false,שפתון ליובש אוכמניות לבלו 48 גרם,HELLAS BEIERSDORF,DE,שפתון לבלו,יחידה,1.00,יחידה,false,1,14.90,14.90,true,1,
4005900420220,false,"גל רחצה ניוואה פיור אימפקט לגבר 500 מ""ל",ניואה,DE,ניוואה ג'ל רחצה,מיליליטרים,500.00,"100 מ""ל",false,1,17.90,3.58,true,1,
4005900431776,false,לבלו שפתון וניל בליסטר,ביירסדורף,DE,לבלו ונ,יחידה,1.00,יחידה,false,0,14.90,14.90,true,1,
4005900475220,false,ניוואה קרם הגנה לפנים 50 מל SPF50,ביירסדורץ,DE,ניוואה סאן 50,מיליליטרים,50.00,"100 מ""ל",false,1,49.00,98.00,true,1,
4005900485243,false,"ניוואה - דאודורנט רול און לגבר דריי פרש 50 מ""ל",ביירסדורף,DE,דאודורנט ניוואה,מיליליטרים,50.00,"100 מ""ל",false,1,14.90,29.80,true,1,
4005900494900,false,"ניוואה - דאודורנט ספריי לגבר דריי פרש 150 מ""ל",ניואה,DE,ניוואה דאו ספריי,מיליליטרים,150.00,"100 מ""ל",false,1,14.90,9.94,true,1,
4005900494924,false,"ניוואה - דאודורנט ספריי לאישה דריי פרש אישה 150 מ""ל",ביירסדורף,DE,דאודורנט ניוואה,מיליליטרים,150.00,"100 מ""ל",false,1,14.90,9.94,true,1,
4005900496331,false,מים מיסלריים אקספרט מים מיסלריים אקספרט,אלפא קוסמטיקה,DE,מים מיסלריים אקס,מיליליטרים,400.00,"100 מ""ל",false,1,29.90,7.48,true,1,
4005900513045,false,"ניוואה - דאודורנט ספריי לגבר דיפ 150 מ""ל",ביירסדורף,DE,ניוואה דאו ספריי,מיליליטרים,150.00,"100 מ""ל",false,1,14.90,9.94,true,1,
4005900513069,false,"ניוואה - דאודורנט רול און לגבר דיפ 50 מ""ל",ביירסדורף,DE,ניוואה רול און ל,מיליליטרים,50.00,"100 מ""ל",false,1,14.90,29.80,true,1,
4005900525352,false,קרם יום למניעת קמטים 55 +,,PL,קרם יום אנטי איי,מיליליטרים,50.00,"100 מ""ל",false,1,99.00,198.00,true,1,
4005900545688,false,ניוואה Q10 קרם יום המסייע למניעת מראה סי,אלפא,DE,קרם יום,מיליליטרים,50.00,"100 מ""ל",false,1,79.00,158.00,true,1,
4005900547316,false,"ניוואה - דאודורנט ספריי לאישה שקוף בלק וווי 150 מ""ל",בטר אנד דיפרנט,DE,דאודורנט ניוואה,מיליליטרים,150.00,"100 מ""ל",false,1,14.90,9.94,true,1,
4005900562029,false,ניוואה מים מיסלריים בתוספת מי ורדים,אלפא,TR,מים מיסלריים ורד,מיליליטרים,400.00,"100 מ""ל",false,1,29.90,7.48,true,1,
4005900583116,false,לבלו KISS שפתון צבעוני אדום פרג,ביירסדורץ,DE,לבלו קיס אדום,יחידה,1.00,יחידה,false,1,24.90,24.90,true,1,
4005900639554,false,"ניוואה - דאודורנט רול און לאישה פרש נטורל לאישה ללא אלומיניום 50 מ""ל",ביירסדורף AG,DE,דאודורנט ניוואה,מיליליטרים,50.00,"100 מ""ל",false,1,14.90,29.80,true,1,
4005900648181,false,"ניוואה - תחליב רחצה אלוורה 750 מ""ל",ביירסדורף AG,DE,ניוואה תח.רחצ.אל,מיליליטרים,750.00,"100 מ""ל",false,1,15.90,2.12,true,1,
4005900730275,false,"ניוואה דאו ספריי לאשה בלק אנד וויט אימפקט 150 מ""ל",ביירסדורף AG,DE,ניוואה דאודורנט,מיליליטרים,150.00,"100 מ""ל",false,1,14.90,9.94,true,1,
4005900730299,false,"ניוואה דאו רול און לאשה בלק אנד וויט אימפקט 50 מ""ל",ביירסדורף,DE,דאודורנט ניוואה,מיליליטרים,50.00,"100 מ""ל",false,1,14.90,29.80,true,1,
4005900730336,false,"ניוואה דאו רול און לגבר בלק אנד וויט אימפקט 50 מ""ל",ביירסדורף,DE,ניוואה דאודורנט,מיליליטרים,50.00,"100 מ""ל",false,1,14.90,29.80,true,1,
4005900756152,false,ניוואה קרם רב שימושי 250 מל מהדורת גאווה,HELLAS BEIERSDORF,DE,ניוואה קרם לחות,מיליליטרים,250.00,"100 מ""ל",false,1,20.00,8.00,true,1,
4005900803283,false,ניוואה רוז קר קרם לחות במרקם גל בתוספת,ביירסדורף,PL,קרם לחות במרקם ג,מיליליטרים,50.00,"100 מ""ל",false,1,49.90,99.80,true,1,
4005900816016,false,"ניוואה - דאודורנט ספריי לאישה פרש טבעי לאישה 150 מ""ל",טרופיקל דגיל תעשיות,DE,דאודורנט ניוואה,מיליליטרים,150.00,"100 מ""ל",false,0,14.90,9.94,true,1,
4005900816108,false,"ניוואה - דאודורנט רול און לגבר יבש 50 מ""ל",טרופיקל דגיל תעשיות,DE,דאודורנט ניוואה,מיליליטרים,50.00,"100 מ""ל",false,0,14.90,29.80,true,1,
4005900826749,false,ניוואה היידרה סקין אפקט קרם לחות במרקם ג'ל ליום,ניואה,PL,היידרה סקין אפקט,מיליליטרים,50.00,"100 מ""ל",false,1,49.90,99.80,true,1,
4005900833723,false,"ניוואה - פאוור פרש ג'ל רחצה לגבר 500 מ""ל",HELLAS BEIERSDORF,DE,ניוואה ג'ל רחצה,מיליליטרים,500.00,"100 מ""ל",false,1,17.90,3.58,true,1,
4005900841148,false,"ניוואה מן ג'ל גילוח קול קיק פרש 200 מ""ל",ביירסדורף,DE,ג'ק גילוח ניוואה,מיליליטרים,200.00,"100 מ""ל",false,1,16.90,8.45,true,1,
4005900845702,false,"ניוואה - דאודורנט רול און לגבר קול קיק פרש 50 מ""ל",ביירסדורף,DE,דאודורנט ניוואה,מיליליטרים,50.00,"100 מ""ל",false,1,14.90,29.80,true,1,
4005900864000,false,"ניוואה היידרה סקין אפקט מים מיסלריים להסרת איפור וניקוי הפנים עם חומצה היאלורונית 400 מ""ל",ניואה,DE,היידרה סקין אפקט,מיליליטרים,400.00,"100 מ""ל",false,1,35.90,8.98,true,1,
4005900874931,false,"דאודורנט ספריי דיפ ביט לגבר 150 מ""ל ניוויה",ביירסדורף,DE,דאודורנט ניוואה,גרמים,150.00,100 גרם,false,1,14.90,9.94,true,1,
4005900874962,false,"ניוואה - דאודורנט רול און לגבר דיפ בלק 50 מ""ל",ביירסדורף AG,DE,דאודורנט ניוואה,מיליליטרים,50.00,"100 מ""ל",false,1,14.90,29.80,true,1,
4005900978950,false,לבלו - דובדבן שפתון לחות מטפח מהדורת נסיכות דיסני,ביירסדורף,DE,לבלו אריאל,יחידה,1.00,יחידה,false,1,14.90,14.90,true,1,
4005900978967,false,לבלו - וניל שפתון לחות מטפח מהדורת נסיכות דיסני,ביירסדורף,DE,לבלו אלזה,יחידה,1.00,יחידה,false,1,14.90,14.90,true,1,
4005900978974,false,לבלו - סופט רוז שפתון לחות מטפח מהדורת נסיכות דיסני,ביירסדורף,DE,לבלו סופט יסמין,יחידה,1.00,יחידה,false,1,14.90,14.90,true,1,
4006000002569,false,ניוואה מארז טיפוח 4 פריטים לאישה FEELING SOFT,ביירסדורץ,DE,טיפוח לאשה feeli,יחידה,1.00,יחידה,false,1,69.90,69.90,true,1,
4006000002576,false,ניוואה מארז טיפוח 4 פריטים לגבר COOL FRESH,ביירסדורץ,DE,טיפוח לגבר cool,יחידה,1.00,יחידה,false,1,79.90,79.90,true,1,
4008400170428,false,בונבוניירה פררו רושר לב 100 גרם,גוד פוד פרודקטס S.p,PL,בונבוניירה רושה,גרמים,100.00,100 גרם,false,1,18.90,18.90,true,1,
4008600284871,false,נוק זוג מוצצי סיליקון מיקי 6-18 שחור,פרומדיקו,DE,מוצצי מיקי מאוס,יחידה,1.00,יחידה,false,1,39.90,39.90,true,1,
4008600284918,false,נוק זוג מוצץ סיליקון דיסני מיקי 0-6 שחור,פרומדיקו,DE,מוצצי דיסני בנים,יחידה,1.00,יחידה,false,0,39.90,39.90,true,1,
4008600284963,false,נוק זוג מוצצי סיליקון אדור 0-6 כחול,פרומדיקו,DE,מוצצים אדור 0-6,יחידה,1.00,יחידה,false,1,39.90,39.90,true,1,
4008600314141,false,NUK - זוג מוצצים זוהרים בחושך 6-18 חודש ורוד,פרומדיקו,DE,מוצצים זוהרים ור,יחידה,1.00,יחידה,false,1,39.90,39.90,true,1,
4008600314264,false,נוק זוג מוצצי סיליקון פו הדב 6-18 ירוק-כ,פרומדיקו,DE,מוצצי פו הדוב כת,יחידה,1.00,יחידה,false,1,39.90,39.90,true,1,
4008600314509,false,נוק זוג מוצץ סיליקון דיסני מיקי 0-6 אדום,פרומדיקו,DE,מוצצי דיסני מיקי,יחידה,1.00,יחידה,false,1,39.90,39.90,true,1,
4008600362074,false,אקשן קאפ כחול .,,DE,אקשן קאפ כחול,יחידה,1.00,יחידה,false,1,49.90,49.90,true,1,
4008600372363,false,נוק אקטיב קאפ כוס מעבר פו הדב בלונים 300,ניאופארם,DE,אקטיב קאפ פו הדב,יחידה,1.00,יחידה,false,1,54.90,54.90,true,1,
4008600378754,false,נוק אקטיב קאפ כוס מעבר ורוד 300 מל,ניאופארם,DE,NUK אקטיב קאפ,יחידה,1.00,יחידה,false,1,54.90,54.90,true,1,
4009900379564,false,מסטיק הובה בובה Hubba Bubba טייפ בטעם פירות,הובה בובה Hubba Bubba,GB,מסטיק הובה בובה,גרמים,56.00,100 גרם,false,0,7.20,12.86,true,1,
4009900385824,false,מארז חמישיית מסטיק אורביט Orbit בטעם מנטה,ריגלי צרפת,FR,מסטיק סטיקס,גרמים,65.00,100 גרם,false,0,9.90,15.23,true,1,
4009900402965,false,אורביט וויט בטעם פירות בקבוקון 46מלבניות,ריגלי פולין,PL,אורביט בקבוקון,גרמים,64.00,100 גרם,false,0,8.90,13.90,true,1,
4009900403023,false,אורביט וויט בטעם מנטה בקבוקון 46 מלבניות,"ב.א מזון בע""מ",PL,אורביט בקבוקון,גרמים,64.00,100 גרם,false,0,8.90,13.90,true,1,
4009900406918,false,מסטיק הובה בובה טייפ טריפל מיקס 56ג',הובה בובה Hubba Bubba,GB,מסטיק הובה בובה,גרמים,56.00,100 גרם,false,0,7.20,12.86,true,1,
4009900420129,false,מסטיק אורביט פרופשנל פפרמינט בקבוקון 64 גר',מרס נדרלנד,PL,אורביט פפרמינט,גרמים,64.00,100 גרם,false,1,8.90,13.90,true,1,
4009900426039,false,מסטיק מנטה אקליפטוס בקבוקון איירווייבס 64 גרם,איירוויבס Airwaves,PL,מסטיק איירוויבז,גרמים,64.00,100 גרם,false,1,8.90,13.90,true,1,
4009900455299,false,"סוכרית ג'לי אדומה 174 גרם ""סקיטלס""",ריגלי ממתקים,CZ,סוכריות סקיטלס,גרמים,174.00,100 גרם,false,0,8.90,5.11,true,1,
4009900465304,false,סוכריות סקיטלס בטעם פירות חמוצים,ריגלי ממתקים,CZ,סוכריות סקיטלס,גרמים,174.00,100 גרם,false,0,8.90,5.11,true,1,
4009900479998,false,אורביט וויט אוכמניות בקבוקון 46 מלבניות,ריגלי פולין,PL,אורביט בקבוקון,גרמים,64.00,100 גרם,false,0,8.90,13.90,true,1,
4009900482417,false,מסטיק אורביט פירות מנטה בקבוקון באבל מינט 45יח,ריגלי פולין,PL,אורביט באבל מינט,גרמים,64.00,100 גרם,false,0,8.90,13.90,true,1,
4009900487283,false,אורביט ילדים קלאסי סט' משפחתי-חמישיות,ריגלי צרפת,FR,מסטיק סטיקס,גרמים,65.00,100 גרם,false,0,9.90,15.23,true,1,
4009900491044,false,מסטיק איירובס אוכמניות בקבוקון 60יח',איירוויבס Airwaves,PL,מסטיק איירוויבז,גרמים,84.00,100 גרם,false,1,14.90,17.74,true,1,
4009900496247,false,מסטיק אורביט בטעם פירות ומנטה ללא סוכר,אורביט Orbit,PL,אורביט בקבוק,גרמים,84.00,100 גרם,false,1,12.90,15.36,true,1,
4009900509770,false,אורביט באריזת בקבוק בטעם תות 60 יח',אורביט Orbit,GB,אורביט בקבוק,גרמים,84.00,100 גרם,false,1,12.90,15.36,true,1,
4009900531122,false,"מסטיק בטעם מנטה ספירמינט, 64 ג' פרופשיונל אורביט",מרס נדרלנד,PL,אורביט ספירמינט,גרמים,64.00,100 גרם,false,1,8.90,13.90,true,1,
4009900534611,false,איירוויבס בקבוקון מלון ומנטה 46 מלבני,ריגלי,IL,מסטיק אייוויבז,גרמים,64.00,100 גרם,false,1,8.90,13.90,true,1,
4009900534918,false,סקיטלס גאיינט פירות 141 גרם,ריגלי,CZ,סוכריות סקיטלס,יחידה,1.00,יחידה,false,0,8.90,8.90,true,1,
4009900535519,false,מסטיק אורביט רפרשרס ספירמינט ללא סוכר 15.6גר',אורביט,PL,אורביט רפרשרס,גרמים,15.00,100 גרם,false,1,4.30,28.67,true,1,
4009900535540,false,מסטיק אורביט רפרשרס פפרמינט ללא סוכר 15.6גר',אורביט,PL,מסטיק אורביט,גרמים,15.00,100 גרם,false,1,4.30,28.67,true,1,
4009900535823,false,מסטיק אורביט רפרשרס באבלמינט ללא סוכר 15.6גר',אורביט,PL,מסטיק אורביט,גרמים,15.00,100 גרם,false,1,4.30,28.67,true,1,
4009900536288,false,מסטיק אורביט רפרשרס פפרמינט בקבוקון ללא סוכר 67 גר',מרס ריגלי קונפקשונרי,PL,אורביט רפרשרס,גרמים,67.00,100 גרם,false,1,10.00,14.92,true,1,
4009900539685,false,"מסטיק פייב באונס בטעם מנטה בקבוקון, 61.8 גרם",ריגלי בעמ רוסיה,PL,מסטיק פייב,גרמים,61.00,100 גרם,false,1,10.00,16.40,true,1,
4009900539746,false,"מסטיק פייב באונס בטעם אבטיח בקבוקון, 61.8 גרם",ריגלי בעמ רוסיה,PL,מסטיק פייב,גרמים,61.00,100 גרם,false,1,10.00,16.40,true,1,
4009900540551,false,מסטיק אורביט רפרשרס טרופיקל בקבוקון ללא סוכר,מרס פולין,PL,אורביט רפרשרס,גרמים,67.00,100 גרם,false,1,10.00,14.92,true,1,
4011700425501,false,TABAC EAU DE COLOGNE 300 ML,טאבק,IL,טבק אדט,מיליליטרים,300.00,"100 מ""ל",false,0,89.00,29.67,true,1,
4011700431502,false,אפטר שייב טבק לגבר 300מל,לילית בישום,,אפטר שייב טבק,מיליליטרים,300.00,"100 מ""ל",false,0,79.00,26.34,true,1,
4011800628512,false,חטיף קורני שוקולד חלב 6 יח 150 גר,מיוצר עי קונדיטוריית,DE,קורני חטיף דגנים,גרמים,150.00,100 גרם,false,0,15.90,10.60,true,1,
4011800630515,false,חטיף קורני שוקולד חלב ובננה 6 יח 150 גר,מיוצר עי קונדיטוריית,DE,קורני חטיף דגנים,גרמים,150.00,100 גרם,false,0,15.90,10.60,true,1,
4011800632519,false,"מארז חטיפי שוקולד חלב וקוקוס ""קורני""",מיוצר עי קונדיטוריית,DE,קורני חטיף דגנים,גרמים,150.00,100 גרם,false,0,15.90,10.60,true,1,
4012273123009,false,נטרוגינה קרם ידיים 50 מל הסדרה הנורבגית,גונסון אנד גונסון,FR,קרם ידיים,מיליליטרים,50.00,"100 מ""ל",false,0,24.90,49.80,true,1,
4014400901191,false,בונבונריית מרסי מבחר ממתקי שוקולד 250 גרם,ליימן מותגים,DE,בונבוניירת מרסי,גרמים,250.00,100 גרם,false,0,24.90,9.96,true,1,
4014400914696,false,וורטרס אורגינל סוכריות ללא סוכר 80 גרם,ליימן מותגים,DE,סוכריות וורטר,גרמים,80.00,100 גרם,false,0,11.90,14.88,true,1,
4014400923711,false,בונבוניירה שוקולד אגוזים טופיפי 125 גרם,ליימן מותגים,DE,טופיפי,גרמים,125.00,100 גרם,false,1,15.90,12.72,true,1,
4015000280372,false,"דאודורנט רול און בניחוח לימון פה 50 מ""ל",שוורצקופף והנקל,DE,דאודורנט FA,מיליליטרים,50.00,"100 מ""ל",false,0,14.90,29.80,true,1,
4015000519915,false,"פה - דאודורנט ספריי לאישה פינק פרדייס 200 מ""ל",שוורצקופף והנקל,TR,דאודורנט FA,מיליליטרים,200.00,"100 מ""ל",false,0,14.90,7.45,true,1,
4015000615884,false,"פה - דאודורנט ספריי לאישה קריביין לימון 200 מ""ל",שוורצקופף והנקל,DE,דאודורנט FA,מיליליטרים,200.00,"100 מ""ל",false,0,14.90,7.45,true,1,
4015000615891,false,"פה - דאודורנט ספריי לאישה אקווה 200 מ""ל",שוורצקופף והנקל,DE,דאודורנט FA,מיליליטרים,200.00,"100 מ""ל",false,0,14.90,7.45,true,1,
4015000615921,false,"פה - דאודורנט ספריי לגבר ספורט 200 מ""ל",שוורצקופף והנקל,TR,דאודורנט FA,מיליליטרים,200.00,"100 מ""ל",false,0,14.90,7.45,true,1,
4015000940955,false,שמפו גליס Gliss שיקום נזק קיצוני אולטימט ריפייר,שוורצקופף והנקל,DE,שמפו גליס,מיליליטרים,400.00,"100 מ""ל",false,0,14.90,3.73,true,1,
4015000976268,false,שמפו גליס Gliss למראה שיער מבריק Million Gloss,"הובי קוסמטיק, חברת ייצור",TR,שמפו גליס,מיליליטרים,400.00,"100 מ""ל",false,0,14.90,3.73,true,1,
4015000995122,false,"דאודורנט פה ספריי כח המשיכה 200 מ""ל",שוורצקופף והנקל,DE,דאודורנט פה,מיליליטרים,200.00,"100 מ""ל",false,0,14.90,7.45,true,1,
4015000996204,false,"גליס שמפו אולטימט שמן אלקסייר 400 מ""ל",שוורצקופף והנקל,DE,שמפו גליס,מיליליטרים,400.00,"100 מ""ל",false,0,14.90,3.73,true,1,
4015000997430,false,פה דאודורנט ספריי אינויזיבל פאוור 200 מל,שוורצקופף והנקל,TR,דאודורנט פה,מיליליטרים,200.00,"100 מ""ל",false,0,14.90,7.45,true,1,
4015100325355,false,פלטה דלוקס קיט 4-0 חום בינוני עדין,שוורצקופף & הנקל דיסלדור,DE,צבע קבוע לשיער,יחידה,1.00,יחידה,false,1,38.90,38.90,true,1,
4015400219507,false,טמפקס קומפאק נורמל 16 יח',פרוקטר & גמבל,HU,טמפקס קומפק נורמ,יחידה,1.00,יחידה,false,1,22.90,22.90,true,1,
4015400219712,false,טמפקס קומפאק סופר 16 יח',P&G,HU,טמפקס קומפק סופר,יחידה,1.00,יחידה,false,1,22.90,22.90,true,1,
4015400362920,false,טמפקס רגולר 20 יח',פרוקטר אנד גמבל,HU,טמפקס רגולר 20 י,יחידה,1.00,יחידה,false,0,23.90,23.90,true,1,
4015400690313,false,טמפונים פרל רגולר טמפקס קומפאק 18 יח,פרוקטר אנד גמבל,HU,טמפקס,יחידה,1.00,יחידה,false,1,23.90,23.90,true,1,
4015400690405,false,טמפונים פרל סופר טמפקס קומפאק 18 יח,פרוקטר אנד גמבל,HU,טמפקס,יחידה,1.00,יחידה,false,1,23.90,23.90,true,1,
4015400824725,false,טמפונים סופר עם מוליך טמפקס 30 יחידות,פרוקטר אנד גמבל,HU,טמפקס פלאש סופר,יחידה,1.00,יחידה,false,0,29.90,29.90,true,1,
4015400990482,false,"אבקת כביסה אריאל קולור 3 ק""ג",פרוקטר אנד גמבל,TR,אבקת אריאל קולור,קילוגרמים,3.00,"ק""ג",false,1,37.90,12.63,true,1,
4015600763251,false,שמפו הד&שולדרס קלאסי600מ,פרוקטר אנד גמבל,RO,שמפו הד&שולדרס,מיליליטרים,600.00,"100 מ""ל",false,0,21.90,3.65,true,1,
4015600763299,false,הד&שולדרס 600 שמפו 2ב1 קלאסי,פרוקטר אנד גמבל,RO,שמפו הד&שולדרס,מיליליטרים,600.00,"100 מ""ל",false,0,21.90,3.65,true,1,
4015600763411,false,שמפו הד&שולדרס מנטול 600,פרוקטר אנד גמבל,RO,שמפו הד&שולדרס,מיליליטרים,600.00,"100 מ""ל",false,0,21.90,3.65,true,1,
4015600763459,false,שמפו הד&שולדרס תפוח600מל,פרוקטר אנד גמבל,RO,שמפו הד&שולדרס,מיליליטרים,600.00,"100 מ""ל",false,0,21.90,3.65,true,1,
4015600763534,false,הד&שולדרס 600 שמפו מגע משי,פרוקטר אנד גמבל,RO,שמפו הד&שולדרס,מיליליטרים,600.00,"100 מ""ל",false,0,21.90,3.65,true,1,
4015600766658,false,"הד אנד שולדרס שמפו2 ב 1 מנטול 600 מ""ל",פרוקטר אנד גמבל,RO,שמפו הד&שולדרס,מיליליטרים,600.00,"100 מ""ל",false,0,21.90,3.65,true,1,
4015600802769,false,חוט דנטלי מנטה 35 מטר,פרוקטר & גמבל,IE,חוט דנטלי מנטה,מטרים,35.00,מטר,false,1,19.90,0.57,true,1,
4015600807573,false,"ג'ילט - דאודורנט ג'ל לגבר כדוריות פאוור ראש 75 מ""ל",פרוקטר אנד גמבל,GB,דאודורנט ג'ל,מיליליטרים,75.00,"100 מ""ל",false,0,32.90,43.87,true,1,
4017100198151,false,בלזן היט ביסקוויט עם מלית קרם בטעם וניל (41%) 220 גרם,הדקלאים אגודת שיתופי,PL,עוגיות סנדוויץ,גרמים,220.00,100 גרם,false,1,8.90,4.05,true,1,
4017100219900,false,בלזן וופלטן וופל מגולגל מצופה שוקולד חלב 100 גרם,הדקלאים אגודת שיתופי,DE,בלזן וופלטן,גרמים,100.00,100 גרם,false,0,8.90,8.90,true,1,
4045787068221,false,"צבע לשיער אינדולה פרוטאין 1 שחור 60 מ""ל",שוורצקופף והנקל,DE,פרוטאין קולור,יחידה,1.00,יחידה,false,0,23.90,23.90,true,1,
4045787068238,false,צבע לשיער פרוטאין קולור- 10 בלונד בהיר מאוד,שוורצקופף והנקל,DE,פרוטאין קולור,יחידה,1.00,יחידה,false,0,23.90,23.90,true,1,
4045787068344,false,"אינדולה - פרוטאין צבע 5-4 ערמונים 60 מ""ל",אינדולה Indola,DE,פרוטאין קולור,יחידה,1.00,יחידה,false,0,23.90,23.90,true,1,
4045787068375,false,"אינדולה - פרוטאין צבע 6 בלונד כהה 60 מ""ל",שוורצקופף והנקל,DE,פרוטאין קולור,יחידה,1.00,יחידה,false,0,23.90,23.90,true,1,
4045787068382,false,צבע לשיער פרוטאין קולור- 6.03 חום זהבהב,שוורצקופף והנקל,DE,פרוטאין קולור,יחידה,1.00,יחידה,false,0,23.90,23.90,true,1,
4045787068429,false,"אינדולה - פרוטאין צבע 6-4 אגוז 60 מ""ל",הנקל סוד,DE,פרוטאין קולור,יחידה,1.00,יחידה,false,0,23.90,23.90,true,1,
4045787068467,false,"אינדולה - פרוטאין צבע 7 בלונד בינוני 60 מ""ל",שוורצקופף והנקל,DE,פרוטאין קולור,יחידה,1.00,יחידה,false,0,23.90,23.90,true,1,
4045787068498,false,"צבע לשיער אינדולה פרוטאין 7-3 דבש 60 מ""ל",שוורצקופף והנקל,DE,פרוטאין קולור,יחידה,1.00,יחידה,false,0,23.90,23.90,true,1,
4045787068542,false,"צבע לשיער אינדולה פרוטאין 8 בלונד בהיר 60 מ""ל",שוורצקופף והנקל,DE,פרוטאין קולור,יחידה,1.00,יחידה,false,0,23.90,23.90,true,1,
4045787068566,false,"אינדולה - פרוטאין צבע 8-3 בלונד שמש 60 מ""ל",אינדולה Indola,DE,פרוטאין קולור,יחידה,1.00,יחידה,false,0,23.90,23.90,true,1,
4045787068610,false,"אינדולה - פרוטאין צבע 9 בלונד טבעי 60 מ""ל",שוורצקופף והנקל,DE,פרוטאין קולור,יחידה,1.00,יחידה,false,0,23.90,23.90,true,1,
4045787068634,false,"אינדולה - פרוטאין צבע 9-3 בלונד חיטה 60 מ""ל",הנקל סוד,DE,פרוטאין קולור,מיליליטרים,60.00,"100 מ""ל",false,0,23.90,39.83,true,1,
4053700288205,false,"וייט קרם להסרת שיער לעור רגיש 100 מ""ל",רקיט בנקיזר צרפת,FR,קרם להסרת שיער,מיליליטרים,100.00,"100 מ""ל",false,0,39.90,39.90,true,1,
4056800693061,false,וולהפלקס ג'ל חזק במיוחד 150 מל,פרוקטר אנד גמבל,FR,וולהפלקס ג'ל,מיליליטרים,150.00,"100 מ""ל",false,0,14.90,9.93,true,1,
4056800733088,false,שוקוויבס ספריי לשיער 250,HFC פרסטיג',DE,שוקוויבס ספריי,מיליליטרים,250.00,"100 מ""ל",false,1,30.90,12.36,true,1,
4056800762699,false,צבע לשיער קולסטון מיני קיט בלונד בינוני 7/0,HFC פרסטיג',DE,קולסטון מיני קיט,יחידה,1.00,יחידה,false,1,25.90,25.90,true,1,
4056800762903,false,צבע לשיער קולסטון מיני קיט חום כהה 3/0,HFC פרסטיג',DE,קולסטון מיני קיט,יחידה,1.00,יחידה,false,1,25.90,25.90,true,1,
4056800778171,false,צבע לשיער קולסטון קיט 5/5 מהגוני,HFC פרסטיג',DE,קולסטון קיט,יחידה,1.00,יחידה,false,0,38.90,38.90,true,1,
4056800943739,false,קרם חמצן וולוקסון Welloxon 6%,פרוקטר אנד גמבל,FR,חמצן וולה,מיליליטרים,60.00,"100 מ""ל",false,0,5.90,9.83,true,1,
4056800980444,false,צבע לשיער קולסטון מיני קיט סגול 3/66,HFC פרסטיג',DE,קולסטון מיני קיט,יחידה,1.00,יחידה,false,1,25.90,25.90,true,1,
4059729028693,false,Cat. Blush Box 040,CATRICE,DE,סומק 40,יחידה,1.00,יחידה,false,0,16.00,16.00,true,1,
4059729028709,false,Cat. Blush Box 050,CATRICE,DE,סומק 50,יחידה,1.00,יחידה,false,0,15.00,15.00,true,1,
4059729030191,false,לק במרקם ג'ל 60 יח',CATRICE,DE,לק במרקם ג'ל 60,יחידה,1.00,יחידה,false,0,10.00,10.00,true,1,
4059729030542,false,Cat. Eye Brow Stylist 025,CATRICE,DE,עיפרון גבות 25,יחידה,1.00,יחידה,false,0,11.00,11.00,true,1,
4059729030559,false,Cat. Eye Brow Stylist 035,CATRICE,DE,עיפרון גבות 35,יחידה,1.00,יחידה,false,0,11.00,11.00,true,1,
4059729031181,false,צללית הארה 40,CATRICE,DE,צללית הארה 40,יחידה,1.00,יחידה,false,0,14.00,14.00,true,1,
4059729032164,false,עיפרון אינק לשפתיים 090,,IL,עיפרון אינק לשפת,יחידה,1.00,יחידה,false,1,14.00,14.00,true,1,
4059729032539,false,באלם לשפתיים עם פילינגי,,FR,באלם לשפתיים עם,יחידה,1.00,יחידה,false,1,17.00,17.00,true,1,
4059729034410,false,Cat. HD Liquid Coverage Foundation 036,,IL,מייק אפ HD 036,מיליליטרים,30.00,"100 מ""ל",false,1,29.00,96.67,true,1,
4059729034465,false,Catrice HD Liquid Coverage Foundation 046,,IL,מייק אפ HD 46,מיליליטרים,30.00,"100 מ""ל",false,1,29.00,96.67,true,1,
4059729036742,false,Cat. Slim'Matic Ultra Precise Brow Pencil Waterproof 040,CATRICE,DE,עיפרון גבות סלים,יחידה,1.00,יחידה,false,0,14.00,14.00,true,1,
4059729048974,false,ברונזר 010,,DE,ברונזר 010,יחידה,1.00,יחידה,false,1,17.00,17.00,true,1,
4059729191748,false,עפרון קז'אל 270 יח',,DE,עפרון קז'אל 270,יחידה,1.00,יחידה,false,1,9.00,9.00,true,1,
4059729191762,false,Cat. Slim'Matic Ultra Precise Brow Pencil Waterproof 050,,IL,עפרון גבות סלים,יחידה,1.00,יחידה,false,1,14.00,14.00,true,1,
4059729203250,false,Cat. Liquid Camouflage High Coverage Concealer 036,,IL,קונסילר נוזלי 0,יחידה,1.00,יחידה,false,1,15.00,15.00,true,1,
4059729203274,false,Cat. Liquid Camouflage High Coverage Concealer 048,,FR,קונסילר נוזלי,יחידה,1.00,יחידה,false,1,15.00,15.00,true,1,
4059729215758,false,לק גולד אפקט 01 יח',,IL,לק גולד אפקט 01,יחידה,1.00,יחידה,false,1,10.00,10.00,true,1,
4059729215789,false,לק גולד אפקט 04 יח',,IL,לק גולד אפקט 04,יחידה,1.00,יחידה,false,1,10.00,10.00,true,1,
4059729220158,false,שפתון משנה צבע,,IL,שפתון משנה צבע,יחידה,1.00,יחידה,false,1,21.00,21.00,true,1,
4059729222916,false,Cat. Blush Box Glowing + Multicolour 010,,IL,פלטת סומק 010,יחידה,1.00,יחידה,false,1,17.00,17.00,true,1,
4059729222923,false,Cat. Blush Box Glowing + Multicolour 020,,IL,פלטת סומק 020,יחידה,1.00,יחידה,false,1,17.00,17.00,true,1,
4059729222978,false,Cat. Ten!sational 10 in 1 Dream Primer,,IL,פריימר 10 ב 1,מיליליטרים,30.00,"100 מ""ל",false,1,25.00,83.33,true,1,
4059729224880,false,שפתון דמי מאט 060,,IL,שפתון דמי מאט60,יחידה,1.00,יחידה,false,1,17.00,17.00,true,1,
4059729237989,false,לק במרקם ג'ל 91 יח',,IL,לק במרקם ג'ל 91,יחידה,1.00,יחידה,false,1,10.00,10.00,true,1,
4059729244444,false,קטריס סומק 025 יח',,IL,קטריס סומק 025,יחידה,1.00,יחידה,false,1,15.00,15.00,true,1,
4059729244475,false,"סרום למראה גלואו 30 מ""ל",CATRICE,FR,סרום למראה גלואו,מיליליטרים,30.00,"100 מ""ל",false,1,25.00,83.33,true,1,
4059729244512,false,קונסילר אינסטנט אוויק 00,,IL,קונסילר אינסטנט,יחידה,1.00,יחידה,false,1,21.00,21.00,true,1,
4059729244536,false,קונסילר אינסטנט אוויק 02,,IL,קונסילר אינסטנט,יחידה,1.00,יחידה,false,1,21.00,21.00,true,1,
4059729246219,false,צללית לאיפור העיניים 280,,IL,צללית לאיפור העי,יחידה,1.00,יחידה,false,1,13.00,13.00,true,1,
4059729248336,false,Cat. Hemp & Mint Glow Lip Balm,,IL,באלם לשפתיים,יחידה,1.00,יחידה,false,1,21.00,21.00,true,1,
4059729248343,false,Cat. Matt Pro Ink Liquid Lipstick 010,,FR,שפתון מט פרו נוז,יחידה,1.00,יחידה,false,1,21.00,21.00,true,1,
4059729248459,false,Catrice Power Plumping Gel Lipstick 110,,IL,שפתון ג'ל 110,יחידה,1.00,יחידה,false,1,17.00,17.00,true,1,
4059729250322,false,בוסטר אקסטרים לשפתיים יח,,IL,בוסטר אקסטרים לש,יחידה,1.00,יחידה,false,1,17.00,17.00,true,1,
4059729275189,false,Catrice Brow Definer Brush Pen Longla. 040,,IL,עט לגבות עמיד 40,יחידה,1.00,יחידה,false,1,15.00,15.00,true,1,
4059729276681,false,עיפרון תוחם שפתיים 030,,FR,עיפרון תוחם שפת,יחידה,1.00,יחידה,false,1,11.00,11.00,true,1,
4059729276704,false,עיפרון תוחם שפתיים 050,,FR,עיפרון תוחם שפת,יחידה,1.00,יחידה,false,1,11.00,11.00,true,1,
4059729276711,false,עיפרון תוחם שפתיים 060,,FR,עיפרון תוחם שפת,יחידה,1.00,יחידה,false,1,11.00,11.00,true,1,
4059729276735,false,עיפרון תוחם שפתיים 080,,FR,עיפרון תוחם שפת,יחידה,1.00,יחידה,false,1,11.00,11.00,true,1,
4059729276759,false,עיפרון תוחם שפתיים 100,,FR,עיפרון תוחם שפת,יחידה,1.00,יחידה,false,1,11.00,11.00,true,1,
4059729277084,false,Catrice True Skin High Cover Concealer 010,,IT,קונסילר ל18-שעות,יחידה,1.00,יחידה,false,0,17.00,17.00,true,1,
4059729277374,false,פודרה דחוסה לטשטוש נקבו,,FR,פודרה דחוסה לטש,יחידה,1.00,יחידה,false,1,21.00,21.00,true,1,
4059729277404,false,Cat. More Than Nude Nail Polish 10,,FR,לק ניוד 10 יח',יחידה,1.00,יחידה,false,1,10.00,10.00,true,1,
4059729281005,false,Cat. Go Big. Go Bold. 24h Waterproof Extreme Volume Mascara,,FR,גו ביג גו בולד מ,יחידה,1.00,יחידה,false,1,20.00,20.00,true,1,
4059729282026,false,Cat. True Skin Hydrating Foundation 015,,FR,מייקאפ טרו סקין,מיליליטרים,30.00,"100 מ""ל",false,1,29.00,96.67,true,1,
4059729312228,false,Catrice 48h Power Stay Brow Gel 010,,CA,ג'ל לגבות,יחידה,1.00,יחידה,false,0,21.00,21.00,true,1,
4059729312259,false,Catrice Brow Fix Soap Stylist 010,,CN,סבון לגבות,יחידה,1.00,יחידה,false,0,17.00,17.00,true,1,
4059729312532,false,Catrice One Step Skin Perfector,,IT,פריימר,מיליליטרים,30.00,"100 מ""ל",false,0,25.00,83.33,true,1,
4059729312655,false,שפתון +חומצה היאלרונית,,IT,שפתון עם חומצה,יחידה,1.00,יחידה,false,0,15.00,15.00,true,1,
4059729313270,false,Catrice Ult. Waterfr. Lip Tint 010,,PL,ליפגלוס לשפתיים,יחידה,1.00,יחידה,false,0,17.00,17.00,true,1,
4059729313331,false,Catrice Volume & Lift Brow Masc. WP 030,,PL,מסקרה לגבות,יחידה,1.00,יחידה,false,0,15.00,15.00,true,1,
4059729313348,false,Catrice Volume & Lift Brow Masc. WP 040,,PL,מסקרה לגבות,יחידה,1.00,יחידה,false,0,15.00,15.00,true,1,
4059729313768,false,Catrice Volumizing Extreme Lip Booster 020,,PL,גלוס מנצנץ,יחידה,1.00,יחידה,false,0,17.00,17.00,true,1,
4059729330314,false,צללית עמידה לאורך זמן,,IT,צללית לעיניים,יחידה,1.00,יחידה,false,0,13.00,13.00,true,1,
4059729331649,false,"מייקאפ למראה מאט 30 מ""ל",,IT,מייקאפ למראה מאט,מיליליטרים,30.00,"100 מ""ל",false,0,27.00,90.00,true,1,
4059729332912,false,Catrice All Matt Shine Powd. 200,,IT,פודרה,יחידה,1.00,יחידה,false,0,15.00,15.00,true,1,
4059729333438,false,Catrice Ult. Waterfr. Lip Tint 050,,PL,ליפגלוס לשפתיים,יחידה,1.00,יחידה,false,0,17.00,17.00,true,1,
4059729333629,false,Catrice Vegan Coll. Matt Lipst. 040,,IT,אודם למראה מאט,יחידה,1.00,יחידה,false,0,17.00,17.00,true,1,
4059729333667,false,Catrice Vegan Coll. Matt Lipst. 050,,IT,אודם למראה מאט,יחידה,1.00,יחידה,false,0,17.00,17.00,true,1,
4059729333865,false,Catrice Vegan Coll. Matt Lipst. 100,,IT,אודם למראה מאט,יחידה,1.00,יחידה,false,0,17.00,17.00,true,1,
4059729334756,false,ליפגלוס לשפתיים 130 יח',CATRICE,DE,ליפגלוס לשפתיים,יחידה,1.00,יחידה,false,1,11.00,11.00,true,1,
4059729334862,false,Catrice Vegan Coll. Matt Lipst. 120,,IT,אודם למראה מאט,יחידה,1.00,יחידה,false,0,17.00,17.00,true,1,
4059729335456,false,Catrice More Than Nude Nail Polish 15,,FR,לק זוהר,יחידה,1.00,יחידה,false,0,10.00,10.00,true,1,
4059729343154,false,קטריס מברשת סרום לפנים,,CN,קטריס מברשת סרום,יחידה,1.00,יחידה,false,1,21.00,21.00,true,1,
4059729343352,false,מדבקות לשפתיים הידרוג'ל,,KR,מדבקות לשפתיים ה,יחידה,1.00,יחידה,false,1,15.00,15.00,true,1,
4059729347466,false,קטריס - מסקרה המעניקה נפח לריסים כמו של בובה עמיד במים,CATRICE,PL,מסקרה גלאם& דול,יחידה,1.00,יחידה,false,1,17.00,17.00,true,1,
4059729355904,false,הייליטר למראה זוהר יח',CATRICE,PL,הייליטר למראה זו,יחידה,1.00,יחידה,false,1,21.00,21.00,true,1,
4059729356017,false,Catrice - Hydro Supercharged Serum,CATRICE,FR,סרום לפנים,מיליליטרים,30.00,"100 מ""ל",false,1,25.00,83.33,true,1,
4059729357823,false,Catrice - Super Glue Brow Styling Gel 010,CATRICE,CN,ג'ל לגבות 010,יחידה,1.00,יחידה,false,1,18.00,18.00,true,1,
4059729357939,false,Catrice - Matt. Oil-Control Primer,CATRICE,IT,פריימר לפנים,מיליליטרים,30.00,"100 מ""ל",false,1,21.00,70.00,true,1,
4059729358073,false,"ספריי לקיבוע האיפור50מ""ל",CATRICE,PL,ספריי לקיבוע האי,מיליליטרים,50.00,"100 מ""ל",false,1,21.00,42.00,true,1,
4059729358653,false,לק לציפורניים 119 יח',CATRICE,LU,לק לציפורניים119,יחידה,1.00,יחידה,false,1,13.00,13.00,true,1,
4059729358936,false,ליפסטיק לשפתיים 130 יח',CATRICE,IT,ליפסטיק לשפתיים,יחידה,1.00,יחידה,false,1,21.00,21.00,true,1,
4059729358974,false,ליפסטיק לשפתיים 140 יח',CATRICE,IT,ליפסטיק לשפתיים,יחידה,1.00,יחידה,false,1,21.00,21.00,true,1,
4059729359506,false,Catrice - Volumizing Extreme Lip Booster 040,CATRICE,PL,ליפגלוס שקוף 040,יחידה,1.00,יחידה,false,1,17.00,17.00,true,1,
4059729367822,false,קטריס - קליפס לאיסוף השיער,CATRICE,DE,קטריס קליפס לאיס,יחידה,1.00,יחידה,false,1,17.00,17.00,true,1,
4059729367860,false,קטריס - שפתון עם לחות לשפתיים יבשות,CATRICE,DE,קטריס שפתון ליוב,יחידה,1.00,יחידה,false,1,17.00,17.00,true,1,
4059729367907,false,קטריס - לק בגימר ג'ל כתום,CATRICE,DE,קטריס לק בגימר ג,יחידה,1.00,יחידה,false,1,14.00,14.00,true,1,
4059729367945,false,קטריס - לק בגימר ג'ל בגוון בהיר,CATRICE,DE,קטריס לק בגימר ג,יחידה,1.00,יחידה,false,1,14.00,14.00,true,1,
4064666232379,false,וולהפלקס ספריי לעיצוב אקסטרה גמיש 250 מל,THEORAT INTERSPRAY,FR,וולהפלקס ספריי א,מיליליטרים,250.00,"100 מ""ל",false,1,38.90,15.56,true,1,
4064666232409,false,"וולה - פלקס מוס לעיצוב אקסטרה גמיש 200 מ""ל",THEORAT INTERSPRAY,DE,וולהפלקס מוס אקס,מיליליטרים,200.00,"100 מ""ל",false,1,31.90,15.95,true,1,
4084500065536,false,פנטן קרם לחות מוגברת לעיצוב שיער 300 מל,פרוקטר אנד גמבל,FR,קרם לשיער פנטן,מיליליטרים,300.00,"100 מ""ל",false,0,23.90,7.97,true,1,
4084500065598,false,"קרם לחות פנטן לתלתלים מושלמים 300 מ""ל",פרוקטר אנד גמבל,FR,קרם לשיער פנטן,מיליליטרים,300.00,"100 מ""ל",false,0,23.90,7.97,true,1,
4084500081314,false,משחת שיניים פרו אקספרט לניקוי עמוק בטעם מנטה,פרוקטר אנד גמבל,DE,משחת אורל בי,מיליליטרים,75.00,"100 מ""ל",false,1,14.90,19.87,true,1,
4084500471832,false,"ג'ילט - דאודורנט ג'ל לגבר קליר קול ווייב 70 מ""ל",פרוקטר אנד גמבל,PL,ג'ילט ג'ל קול,מיליליטרים,70.00,"100 מ""ל",false,1,16.90,24.14,true,1,
4084500471900,false,ג'ילט דאו קליר ג'ל ספורט,ג'\ילט פרוקטר אנד גמבל,PL,ג'ילט דאו קליר ג,מיליליטרים,70.00,"100 מ""ל",false,1,16.90,24.14,true,1,
4084500739253,false,"אוראל בי משחת שיניים- להלבנה לובן מהודר 75 מ""ל",פרוקטר אנד גמבל,DE,משחת אורל בי,מיליליטרים,75.00,"100 מ""ל",false,1,21.90,29.20,true,1,
4103330017369,false,חוט דנטלי לניקוי גשרים,פרוקטר & גמבל,IE,חוט דנטלי לניקוי,יחידה,1.00,יחידה,false,1,19.90,19.90,true,1,
4210201176688,false,אורל בי ראש חשמלי סנסיטיב 4 יחידות,פרוקטר אנד גמבל,DE,ראש חשמלי 4 יח,יחידה,1.00,יחידה,false,1,114.90,114.90,true,1,
4210201262183,false,מברשת שיניים חשמלית ויטליטי Vitality נטענת,פרוקטר אנד גמבל,DE,מברשת נטענת,יחידה,1.00,יחידה,false,1,114.90,114.90,true,1,
4210201360742,false,אורל בי ראש חשמלי פלקסי סופט 4 יחידות,פרוקטר אנד גמבל,DE,אורל בי 4 ראשים,יחידה,1.00,יחידה,false,1,114.90,114.90,true,1,
4210201365334,false,אורל בי ראש חשמלי סיבי פחם ארבע יחידות,פרוקטר אנד גמבל,DE,אורל בי ראש 4 יח,יחידה,1.00,יחידה,false,1,114.90,114.90,true,1,
4210201385233,false,אורל בי ראש חשמלי לילדים פרוזן 4 יחידות,דיפלומט,DE,ראש חשמלי 4 יח,יחידה,1.00,יחידה,false,1,114.90,114.90,true,1,
4210201403319,false,אורל בי מברשת חשמלית נטענת ויטליטי פחם,פרוקטר אנד גמבל,DE,מברשת נטענת,יחידה,1.00,יחידה,false,1,114.90,114.90,true,1,
4210201822448,false,אורל בי מברשת שיניים עם סוללות פרואקספרט,פרוקטר & גמבל,DE,מברשת אורל בי,יחידה,1.00,יחידה,false,1,77.90,77.90,true,1,
4250035228290,false,מסקרה אולרואנד עמידה,CATRICE,DE,מסקרה עמידה במי,יחידה,1.00,יחידה,false,0,15.00,15.00,true,1,
4250035261877,false,פלטת קונסילרים יח',CATRICE,DE,פלטת קונסילרים,יחידה,1.00,יחידה,false,0,16.00,16.00,true,1,
4250035288157,false,עפרון קז'אל 10,CATRICE,DE,עפרון קז'אל 10,יחידה,1.00,יחידה,false,0,9.00,9.00,true,1,
4250338446513,false,Cat. Sharpener,CATRICE,DE,מחדד,יחידה,1.00,יחידה,false,0,9.00,9.00,true,1,
4250338474363,false,איילנר נוזלי,CATRICE,DE,איילנר נוזלי,יחידה,1.00,יחידה,false,0,15.00,15.00,true,1,
4250338474400,false,איילנר נוזלי עמיד במים,CATRICE,DE,איילנר נוזלי עמי,יחידה,1.00,יחידה,false,0,16.00,16.00,true,1,
4250338474431,false,עפרון קז'אל 70,CATRICE,DE,עפרון קז'אל 70,יחידה,1.00,יחידה,false,0,9.00,9.00,true,1,
4250338487752,false,Cat. Eye Brow Stylist 020,CATRICE,DE,עיפרון גבות 20,יחידה,1.00,יחידה,false,0,11.00,11.00,true,1,
4250338487769,false,Cat. Eye Brow Stylist 030,CATRICE,DE,עיפרון גבות 30,יחידה,1.00,יחידה,false,0,11.00,11.00,true,1,
4250587723588,false,מסקרה לנפח ריסים,CATRICE,DE,מסקרה לנפח ריסים,יחידה,1.00,יחידה,false,0,17.00,17.00,true,1,
4250587723779,false,CATRICE ג'ל לעיצוב הגבות,CATRICE,DE,ג'ל לעיצוב הגבות,יחידה,1.00,יחידה,false,0,14.00,14.00,true,1,
4250587768367,false,Cat. Eye Brow Stylist 040,CATRICE,DE,עיפרון גבות 40,יחידה,1.00,יחידה,false,0,11.00,11.00,true,1,
4250947531518,false,פודרה בתפזורת יח',CATRICE,DE,פודרה בתפזורת,יחידה,1.00,יחידה,false,0,23.00,23.00,true,1,
4250947543726,false,מעגל ריסים יח',CATRICE,IT,מעגל ריסים,יחידה,1.00,יחידה,false,1,17.00,17.00,true,1,
4250947544662,false,Cat. Liquid Camouflage High Coverage Concealer 010,CATRICE,DE,קונסילר נוזלי 1,יחידה,1.00,יחידה,false,0,15.00,15.00,true,1,
4250947544686,false,Cat. Liquid Camouflage High Coverage Concealer 020,CATRICE,DE,קונסילר נוזלי 2,יחידה,1.00,יחידה,false,0,15.00,15.00,true,1,
4250947562277,false,מסקרה גלאם&דול מלאכותיים,CATRICE,DE,מסקרה גלאם&דול,יחידה,1.00,יחידה,false,0,17.00,17.00,true,1,
4250947562345,false,Catrice Duo Eyebrow Defining Brush,,CN,מברשת לגבות,יחידה,1.00,יחידה,false,0,13.00,13.00,true,1,
4250947563618,false,Cat. Liquid Camouflage High Coverage Concealer 005,CATRICE,DE,קונסילר נוזלי 0,יחידה,1.00,יחידה,false,0,15.00,15.00,true,1,
4250947598283,false,Cat. HD Liquid Coverage Foundation 010,CATRICE,DE,מייק אפ 10-HD,מיליליטרים,30.00,"100 מ""ל",false,0,29.00,96.67,true,1,
4250947598290,false,Catrice - HD Liquid Coverage Foundation 020,CATRICE,IT,מייק אפ 20-HD,מיליליטרים,30.00,"100 מ""ל",false,0,31.00,103.33,true,1,
4250947598306,false,Cat. HD Liquid Coverage Foundation 030,CATRICE,DE,מייק אפ 30-HD,מיליליטרים,30.00,"100 מ""ל",false,0,29.00,96.67,true,1,
4250947598313,false,Cat. HD Liquid Coverage Foundation 040,CATRICE,DE,מייק אפ 40-HD,מיליליטרים,30.00,"100 מ""ל",false,0,29.00,96.67,true,1,
4251232217520,false,Catrice 18h Colour & Contour Eye Pencil 020,CATRICE,DE,עיפרון עיניים 20,יחידה,1.00,יחידה,false,0,10.00,10.00,true,1,
4251232241853,false,Cat. ICONails Gel Lacquer 02,CATRICE,DE,לק במרקם ג'ל 02,יחידה,1.00,יחידה,false,0,10.00,10.00,true,1,
4251232241860,false,Cat. ICONails Gel Lacquer 03,CATRICE,DE,לק במרקם ג'ל 03,יחידה,1.00,יחידה,false,0,10.00,10.00,true,1,
4251232282788,false,עפרון קז'אל 260,CATRICE,DE,עפרון קז'אל 260,יחידה,1.00,יחידה,false,0,9.00,9.00,true,1,
4251232283587,false,Cat. Mattlover Lipstick Pen 020,,IL,שפתון מאט 020,יחידה,1.00,יחידה,false,1,21.00,21.00,true,1,
4251232283594,false,Cat. Mattlover Lipstick Pen 030,,IL,שפתון מאט 030,יחידה,1.00,יחידה,false,1,21.00,21.00,true,1,
4251232283631,false,Cat. Mattlover Lipstick Pen 070,,IL,שפתון מאט 070,יחידה,1.00,יחידה,false,1,21.00,21.00,true,1,
4251232284324,false,Cat. Liquid Camouflage High Coverage Concealer 015,CATRICE,DE,קונסילר נוזלי 15,יחידה,1.00,יחידה,false,0,15.00,15.00,true,1,
4251232284485,false,Cat. Power Gel 2in1 Base & Top Coat,CATRICE,DE,בסיס וטופ 2ב1,יחידה,1.00,יחידה,false,0,10.00,10.00,true,1,
4710068001692,false,"מאסטר קפה לאטה פחית 240 מ""ל",תאיט מרקטינג אנד דיסטריב,TW,מאסטר קפה,מיליליטרים,240.00,"100 מ""ל",false,0,7.90,3.29,true,1,
4800888209368,false,רקסונה - דאודורנט סטיק לגבר אקסטרא קול 50 גרם,יוניליוור,PH,דאודורנט רקסונה,גרמים,50.00,100 גרם,false,1,20.90,41.80,true,1,
4800888209429,false,רקסונה - דאודורנט סטיק לאישה כותנה נשים 50 גרם,יוניליוור,PH,דאודורנט רקסונה,גרמים,50.00,100 גרם,false,1,20.90,41.80,true,1,
4800888219541,false,רקסונה - דאודורנט סטיק לאישה פאוודר דרי 50 גרם,יוניליוור,PH,דאודורנט רקסונה,מיליליטרים,50.00,"100 מ""ל",false,1,20.90,41.80,true,1,
4891228304478,false,שיק היידרו 5 סנס רביעיית סכינים,ארץ ייצור סכינים: ארהבn\,CN,שיק הידרו סכינים,יחידה,1.00,יחידה,false,1,49.90,49.90,true,1,
4891228308025,false,סכין גילוח היידרו סילק אישה מארז ידית+4,ארץ ייצור סכינים: ארהבn\,US,היידרו סילק מארז,יחידה,1.00,יחידה,false,1,81.90,81.90,true,1,
4891228308049,false,שיק היידרו 5 סנס מארז מכשיר+7 סכינים,ארץ ייצור סכינים: ארהבn\,US,הידרו מארז גילוח,יחידה,1.00,יחידה,false,1,79.90,79.90,true,1,
4891228309268,false,"טאצ' אפ מעצב גבות מקצועי, 3 יחידות",שסטוביץ,CN,שיק סכיני סילק ט,יחידה,1.00,יחידה,false,1,21.90,21.90,true,1,
4891228430061,false,סכיני גילוח שיק אקזקטה 2 לנשים ורוד 10 יח',הנסיך- מפעל לייצור ט,CN,סכיני גילוח 10יח,יחידה,1.00,יחידה,false,0,24.90,24.90,true,1,
4891228430085,false,סכיני גילוח שיק אקסטרים קומפורט לגבר 3 להבים 4 יחידות,אנרג'יזר Energizer,CN,סכיני גילוח,יחידה,1.00,יחידה,false,0,17.90,17.90,true,1,
4891228430092,false,סכיני גילוח שיק אקסטרים קומפורט לנשים 3 להבים 4 יחידות,אנרג'יזר Energizer,CN,סכיני גילוח,יחידה,1.00,יחידה,false,0,17.90,17.90,true,1,
4902430534635,false,מב.שיניים אורל קליניקל3י,אורל בי,IL,מ.שיניים אורל בי,יחידה,1.00,יחידה,false,1,34.90,34.90,true,1,
4902430742597,false,ORAL B ProHealth Criss Cross Bacterial Blast BUY 2 GET 1 (SOFT),פרוקטר & גמבל,IN,מברשות שיניים3*,יחידה,1.00,יחידה,false,1,29.90,29.90,true,1,
4987176078711,false,מכשיר מאך 3 5+ סכינים מא,פארמה דיל,CN,מאך 3 5+ סכינים,יחידה,1.00,יחידה,false,1,59.90,59.90,true,1,
4987176090850,false,גילט פיוזן ידית וסכין 5 להבים,ג'\ילט פרוקטר אנד גמבל,PL,מכשיר ג'ילט פיוז,יחידה,1.00,יחידה,false,1,39.90,39.90,true,1,
4987176128188,false,מברשות שיניים אורל בי שישייה,פרוקטר & גמבל,IN,6מברשות שיניים,יחידה,1.00,יחידה,false,1,15.90,15.90,true,1,
4987176130037,false,אורל בי סנסטיב שחור שלישייה (EXTRA SOFT),פרוקטר & גמבל,IN,מברשות שיניים או,יחידה,1.00,יחידה,false,1,29.90,29.90,true,1,
5000159376655,false,סוכריות SKITTLES פירות קטן 38 גרם אדום,ריגלי ממתקים,CZ,סוכריות סקיטלס,גרמים,38.00,100 גרם,false,0,2.90,7.63,true,1,
5000159409179,false,מארז חטיפי מיני סניקרס Snickers,מרס הולנד בי.וי.,NL,מיני סניקרס,גרמים,403.00,100 גרם,false,0,22.90,5.68,true,1,
5000159538626,false,טוויקס מארז חטיף 50 גרם חמישייה,טוויקס Twix,NL,חטיפי טוויקס,גרמים,200.00,100 גרם,false,1,11.90,5.95,true,1,
5000204114898,false,גלייד ארוסול מבשם אוויר ניחוח מרכך כביסה,"אס.סי ג'\ונסון,מידרכט, ה",NL,גלייד ארוסול,מיליליטרים,300.00,"100 מ""ל",false,1,11.90,3.97,true,1,
5000394019089,false,סוללה פלוס פאוור 2 יחידות C דורסל,פרוקטר אנד גמבל,US,סוללות דורסל,יחידה,1.00,יחידה,false,1,29.90,29.90,true,1,
5000394019171,false,סוללה פלוס פאוור 2 יחידות D דורסל,פרוקטר אנד גמבל,US,סוללות דורסל 2יח,יחידה,1.00,יחידה,false,1,29.90,29.90,true,1,
5000394137486,false,רביעיות סוללות אופטימום AA דורסל,פרוקטר אנד גמבל,BE,דורסל אופטימום,יחידה,1.00,יחידה,false,1,24.90,24.90,true,1,
5000394203921,false,זוג סוללות ליתיום 2032 דורסל,דורסל Duracell,CN,דורסל זוג סוללות,יחידה,1.00,יחידה,false,1,19.90,19.90,true,1,
5010123703547,false,ליסטרין שטיפת פה פרש ברסט ירוק 500,גונסון אנד גונסון,IT,מי פה ליסטרין,מיליליטרים,500.00,"100 מ""ל",false,1,34.90,6.98,true,1,
5010182998847,false,דאק נוזל לניקוי אסלות בניחוח ים 750 מל,מיוצר עי קונדיטוריית,NL,טואלט דאק,מיליליטרים,750.00,"100 מ""ל",false,0,11.90,1.59,true,1,
5010415211200,false,זוג פטמות שלב 1טומי טיפי,הכי טבעי-הנסיך,IL,טומי טיפי זוג פט,יחידה,1.00,יחידה,false,0,44.90,44.90,true,1,
5010415221407,false,טומי טיפי פטמות לזרימה משתנה,הכי טבעי-הנסיך,CN,פטמות זרימה משתנ,יחידה,1.00,יחידה,false,0,49.90,49.90,true,1,
5010415221421,false,טומי טיפי פטמות למזון סמיך,הכי טבעי-הנסיך,CN,פטמות למזון סמיך,יחידה,1.00,יחידה,false,0,49.90,49.90,true,1,
5010415224002,false,טומי טיפי בקבוק 150 מל,הכי טבעי-הנסיך,CN,"בקבוק 150 מ""ל",יחידה,1.00,יחידה,false,0,45.90,45.90,true,1,
5010415226204,false,"זוג בקבוקים 340 מ""ל",הכי טבעי-הנסיך,IL,זוג בקבוק 340 מל,יחידה,1.00,יחידה,false,0,99.90,99.90,true,1,
5010415226303,false,טומי טיפי זוג בקבוקים 340 מל מאויר,הכי טבעי-הנסיך,CN,זוג בקבוקים340מל,יחידה,1.00,יחידה,false,1,99.90,99.90,true,1,
5010415230225,false,שקיות להקפאת חלב36יח,הכי טבעי-הנסיך,IL,שקיות להקפאת חלב,יחידה,1.00,יחידה,false,1,89.90,89.90,true,1,
5010415323088,false,מברשת לבקבוקים טומי טיפי,טומי טיפי,IL,טומי טיפי מברשת,יחידה,1.00,יחידה,false,0,37.90,37.90,true,1,
5010415330086,false,ט.טיפי הכי טבעי זוג מוצצים סיליקון 0-6,הכי טבעי-הנסיך,CN,זוג מוצצים,יחידה,1.00,יחידה,false,0,39.90,39.90,true,1,
5010415330109,false,ט.טיפי הכי טבעי זוג מוצצים סיליקון 6-18,הכי טבעי-הנסיך,CN,מוצצים לשימוש יו,יחידה,1.00,יחידה,false,1,39.90,39.90,true,1,
5010415330444,false,מספריים לציפורנים,טומי טיפי,IL,מספריים לציפורני,יחידה,1.00,יחידה,false,0,31.90,31.90,true,1,
5010415330987,false,מסרק+מברשת רכה,,IL,מסרק+מברשת רכה,יחידה,1.00,יחידה,false,0,31.90,31.90,true,1,
5010415332363,false,טומי טיפי זוג מוצצי לטקס בלון 0M,טומי טיפי,CN,טומי טיפי מוצצי,יחידה,1.00,יחידה,false,0,33.90,33.90,true,1,
5010415333575,false,טומי טיפי זוג מוצצים איורי חיות 0-6,הכי טבעי-הנסיך,CN,זוג מוצצים,יחידה,1.00,יחידה,false,0,39.90,39.90,true,1,
5010415333582,false,מוצצים איורי חיות6-18זוג,הכי טבעי-הנסיך,IL,טבעי מוצצים מעוצ,יחידה,1.00,יחידה,false,0,39.90,39.90,true,1,
5010724526798,false,שמפו יבש בניחוח דובדבן בטיסט 200 גר,צ'\רצ'\ אנד דיוויט,GB,בטיסט שמפו,מיליליטרים,200.00,"100 מ""ל",false,1,29.90,14.95,true,1,
5010724527375,false,בטיסט שמפו יבש בניחוח פריחה אביבית 200 מ'ל,צ'\רצ'\ אנד דיוויט,GB,בטיסט שמפו,מיליליטרים,200.00,"100 מ""ל",false,1,29.90,14.95,true,1,
5010724527481,false,שמפו יבש בניחוח קלאסי בטיסט 200 גר,צ'\רצ'\ אנד דיוויט,GB,בטיסט שמפו,מיליליטרים,200.00,"100 מ""ל",false,1,29.90,14.95,true,1,
5010724527511,false,שמפו יבש בניחוח טרופי בטיסט 200 גר,צ'\רצ'\ אנד דיוויט,GB,בטיסט שמפו,מיליליטרים,200.00,"100 מ""ל",false,1,29.90,14.95,true,1,
5010934002174,false,צבע שיער לגבר שחור,מדיטרנד,US,צבע שיער לגבר,יחידה,1.00,יחידה,false,0,59.90,59.90,true,1,
5011408027990,false,ספרי עיצוב חזק מאוד לשיער Elnett,לוריאל Loreal,FR,אלנט ספריי לשיער,מיליליטרים,400.00,"100 מ""ל",false,0,54.90,13.73,true,1,
5011408040791,false,לוריאל - דרמו רויטליפט קלאסי לילה,"קרלסרו, גרמניה",DE,REVITALIFT קרם,מיליליטרים,50.00,"100 מ""ל",false,0,59.90,119.80,true,1,
5012251008631,false,BEAUTY FORMULAS מגבוני ניקוי לעור הפנים מועושרים בתמציות מלפפונים ולחות 30 יחידות,,GB,מגבונים ניקוי לע,יחידה,1.00,יחידה,false,1,14.90,14.90,true,1,
5012251009423,false,BEAUTY FORMULAS מגבונים לניקוי עדין של עור הפנים בתוספת תמציות משמש 30 יחידות,,GB,מגבוני פנים לניק,יחידה,1.00,יחידה,false,1,14.90,14.90,true,1,
5012251011860,false,TEA TREE BEAUTY FORMULAS מגבונים לניקוי וטיהור הפנים 30 יחידות,,IL,מגבונים לניקוי ו,יחידה,1.00,יחידה,false,1,9.90,9.90,true,1,
5012251012249,false,ביוטי פורמולה תרחיץ פנים פחם,,GB,תרחיץ פילינג לפנ,מיליליטרים,150.00,"100 מ""ל",false,1,14.90,9.93,true,1,
5012251012256,false,"BEAUTY FORMULASתרחיץ דטוקס לפנים בתוספת פחם פעיל 150מ""ל",,GB,תרחיץ דטוקס לפני,מיליליטרים,150.00,"100 מ""ל",false,1,14.90,9.93,true,1,
5012251012645,false,רצועות לאף להסרת ראשים שחורים,,GB,מדבקות להוצאת שח,יחידה,1.00,יחידה,false,1,15.90,15.90,true,1,
5012251013314,false,BEAUTY FORMULAS מגבוני פנים להסרה עדינה ויעילה של איפור על בסיס תמציות אבוקדו 25 יחידות,,GB,מגבוני פנים להסר,יחידה,1.00,יחידה,false,1,14.90,14.90,true,1,
5012251013536,false,BEAUTY FORMULAS - ויטמין סי רטיות לעיניים 6 יחידות,,IL,רטיות לעיניים עם,יחידה,1.00,יחידה,false,1,29.90,29.90,true,1,
5013931015789,false,דישמאטיק ידית הפלא עם כרית פלדה,דישמטיק Dish matic,GB,ידית הפלא +כרית,יחידה,1.00,יחידה,false,1,19.90,19.90,true,1,
5016221991930,false,דנטל סורס ראשים למברשת חשמלית*4,דנטלון,DE,ראשים למברשת,יחידה,1.00,יחידה,false,1,87.90,87.90,true,1,
5016221991978,false,ראשים למברשת שיניים חשמלית סנסיטיב זוג,דנטלון,CN,ראשים למברשת חשמ,יחידה,1.00,יחידה,false,1,47.90,47.90,true,1,
5017371155197,false,"בלונס - שמן קקאו לפנים ולגוף 50 מ""ל",,GB,בלונס - שמן גוף,מיליליטרים,50.00,"100 מ""ל",false,1,29.90,59.80,true,1,
5019090124485,false,צלחות מחולקות 2 צבעים זו,מנצ'קין,IL,צלחות מחולקות 2,יחידה,1.00,יחידה,false,1,59.90,59.90,true,1,
5025970023342,false,קרם לחות לגבר שפופרת75מ,HELLAS BEIERSDORF,DE,תחליב לחות לגבר,מיליליטרים,75.00,"100 מ""ל",false,1,57.00,76.00,true,1,
5029053039725,false,ממחטות נייר קלינקס נטורל פרש קופסה 72 דף,קימברלי קלארק,IL,קלינקס נטורל פרש,יחידה,1.00,יחידה,false,1,13.90,13.90,true,1,
5029053510811,false,קוטקס - תחבושות אולטרה נורמל + כנפיים 30 יח',קימברלי קלארק,CZ,תחבושות קוטקס,יחידה,1.00,יחידה,false,0,21.90,21.90,true,1,
5029053510828,false,קוטקס - תחבושות אולטרה סופר + כנפיים 22 יח',קימברלי קלארק,CZ,תחבושות קוטקס,יחידה,1.00,יחידה,false,0,21.90,21.90,true,1,
5029053523446,false,קוטקס - תחבושות אולטרה נייט + כנפיים 20 יח',קימברלי קלארק,CZ,תחבושות נייט קוט,יחידה,1.00,יחידה,false,0,21.90,21.90,true,1,
5029053527574,false,האגיס תחתון ספיגה 4-7 בנים דריי נייטס 10 יחידות,חוגלה קימברלי,CZ,10 תחתוני ספיגה,יחידה,1.00,יחידה,false,0,39.90,39.90,true,1,
5029053527581,false,האגיס תחתון ספיגה 4-7 בנות דריי נייטס 10 יחידות,חוגלה קימברלי,CZ,10 תחתוני ספיגה,יחידה,1.00,יחידה,false,0,39.90,39.90,true,1,
5029053527598,false,תחתוני ספיגה בנים לתופעת הרטבת לילה 8-15 האגיס,חוגלה קימברלי,CZ,תחתוני ספיגה האג,יחידה,1.00,יחידה,false,0,39.90,39.90,true,1,
5029053534589,false,קוטקס טמפוני מיני B נורמל 32 יחידות,קימברלי קלארק,CZ,טמפוני קוטקס,יחידה,1.00,יחידה,false,0,29.90,29.90,true,1,
5029053534596,false,טמפונים נורמל קוטקס 32 יחידות,קימברלי קלארק,CZ,טמפוני קוטקס,יחידה,1.00,יחידה,false,0,29.90,29.90,true,1,
5029053534602,false,טמפונים סופר קוטקס 32 יחידות,קימברלי קלארק,CZ,טמפוני קוטקס,יחידה,1.00,יחידה,false,0,29.90,29.90,true,1,
5029053535210,false,קוטקס טמפון עם מוליך מיני 16יח',קימברלי קלארק,CZ,טמפוני קוטקס,יחידה,1.00,יחידה,false,0,21.90,21.90,true,1,
5029053535227,false,קוטקס טמפון עם מוליך נורמל 16 יחידות,קימברלי קלארק,CZ,טמפוני קוטקס,יחידה,1.00,יחידה,false,0,21.90,21.90,true,1,
5029053535234,false,קוטקס טמפונים עם מוליך סופר,חוגלה קימברלי,CZ,טמפוני קוטקס,יחידה,1.00,יחידה,false,0,21.90,21.90,true,1,
5029053574103,false,האגיס פול אפס תח.גמילה יום בנות 20 יחידו,KC צ'כיה,IL,האגיס גמילה בנות,יחידה,1.00,יחידה,false,1,53.90,53.90,true,1,
5029053574158,false,האגיס פול אפס תח.גמילה לילה בנים 18 יחיד,KC צ'כיה,IL,האגיס גמילה בנים,יחידה,1.00,יחידה,false,1,53.90,53.90,true,1,
5029053576114,false,קלינקס גל ידיים היגייני 220 מל,חוגלה קימברלי,IT,ג'ל אלכוהול,מיליליטרים,220.00,"100 מ""ל",false,1,18.90,8.59,true,1,
5029053578309,false,קופסת ממחטות אולטרה סופט 48 דף קלינקס,קימברלי קלארק,IL,קלינקס אולטרה,יחידה,1.00,יחידה,false,1,8.90,8.90,true,1,
5029054220085,false,האגיס - מגבוני האגיס אקסטרה קר לא מבושם 56 יח' * 4,קימברלי קלארק,IL,מגבונים לרך נולד,יחידה,1.00,יחידה,false,1,34.90,34.90,true,1,
5056357900925,false,סניקרס חטיף חלבון חמאת בוטנים 57 גרם,פארם אקספרס,US,חטיף חלבון סניקר,גרמים,57.00,100 גרם,false,1,17.90,31.40,true,1,
5060022302280,false,מיסט שיזוף עצמי פנים80מל,ST.TROPEZ,GB,מיסט שיזוף עצמי,מיליליטרים,80.00,"100 מ""ל",false,1,115.00,143.75,true,1,
5060022302969,false,"סן טרופה - ספריי לשיזוף וטיפוח עור הגוף מועשר בויטמינים 200 מ""ל",ST.TROPEZ,GB,ספריי פיוריטי לש,מיליליטרים,200.00,"100 מ""ל",false,1,175.00,87.50,true,1,
5060022303058,false,ערכת התנסות לשיזוף עצמי,ST.TROPEZ,GB,ערכת התנסות לשיז,יחידה,1.00,יחידה,false,1,84.00,84.00,true,1,
5060062992557,false,לנסינו רפידות הנקה 66 יח,מדי-קיור,,רפידות הנקה,יחידה,1.00,יחידה,false,0,54.90,54.90,true,1,
5060062992588,false,לנסינו 25 שקיות סטריליות לאחסון חלב אם,מדי-קיור,IL,שק.לאחסון חלב אם,יחידה,1.00,יחידה,false,0,54.90,54.90,true,1,
5060062992618,false,לנסינו 50 שקיות סטריליות לאחסון חלב אם,מדי-קיור,IL,לנסינו שק.לאחסון,יחידה,1.00,יחידה,false,1,82.90,82.90,true,1,
5060103310012,false,"מולקולה 01 אסנטריק פסים א.ד.ט 100 מ""ל",רבלון בישום,GB,Escentric 01 אדט,מיליליטרים,100.00,"100 מ""ל",false,1,349.00,349.00,true,1,
5060103310029,false,"מולקולה 01 אדט יוניסקס 100 מ""ל - אסנטריק מולקולה",טרי מוגלר בישום,GB,molecule 01 לאשה,מיליליטרים,100.00,"100 מ""ל",false,1,349.00,349.00,true,1,
5060221201391,false,גרנייד בטעם קרמל 60 גרם,LTD (UK) GRENADE,NL,גרנייד בטעם קרמל,גרמים,60.00,100 גרם,false,1,17.90,29.83,true,1,
5060221201575,false,חטיף חלבון גרנייד בטעם קרם עוגיות,LTD (UK) GRENADE,GB,חטיף חלבון גרניי,גרמים,60.00,100 גרם,false,1,17.90,29.83,true,1,
5060221201810,false,גרנייד בטעם שוקולד לבן עוגיות,LTD (UK) GRENADE,NL,גרנייד בטעם שוקו,גרמים,60.00,100 גרם,false,1,17.90,29.83,true,1,
5060221203753,false,חטיף חלבון גרנייד בטעם חמאת בוטנים,LTD (UK) GRENADE,GB,חטיף חלבון גרניי,גרמים,60.00,100 גרם,false,1,17.90,29.83,true,1,
5060221203937,false,גרנייד בטעם שוקוצ'יפס בצק עוגיות,LTD (UK) GRENADE,NL,גרנייד בטעם שוקו,גרמים,60.00,100 גרם,false,1,17.90,29.83,true,1,
5060221206860,false,חטיף חלבון בטעם קרמל מלוח ושוקולד 60 ג' Grenade,LTD (UK) GRENADE,GB,חטיף חלבון גרניי,גרמים,60.00,100 גרם,false,1,17.90,29.83,true,1,
5060402908248,false,סניקרס חטיף חלבון 55 גרם,פארם אקספרס,US,חטיף חלבון סניקר,גרמים,55.00,100 גרם,false,1,17.90,32.55,true,1,
5060402908286,false,מארס חטיף חלבון 59 גרם,פארם אקספרס,US,חטיף חלבון מארס,גרמים,59.00,100 גרם,false,1,17.90,30.34,true,1,
5060402909542,false,מארס חטיף חלבון קרמל מלוח 59 גרם,פארם אקספרס,US,חטיף חלבון מארס,גרמים,59.00,100 גרם,false,1,17.90,30.34,true,1,
5060412110440,false,TK - NO.10 DESIRE DU COEUR (U) EDP 100ML,,US,דיזייר דו קור מס,מיליליטרים,100.00,"100 מ""ל",false,1,499.00,499.00,true,1,
5060420338256,false,סן טרופה - כפפת מריחה מיוחדת למוצרי סן טרופה,ST.TROPEZ,GB,כפפות מריחה מקטי,יחידה,1.00,יחידה,false,1,22.00,22.00,true,1,
5060424705511,false,WARRIOR - חטיף חלבון קראנץ' בטעם שוקולד וקוקוס,תעשיות מזון בלאבאן,US,חטיף חלבון קראנץ,גרמים,64.00,100 גרם,false,1,14.90,23.28,true,1,
5060424705535,false,WARRIOR -חטיף חלבון בטעם שוקולד מריר ובוטנים,"KBF תעשיות בע""מ UK",GB,חטיף חלבון קראנץ,גרמים,64.00,100 גרם,false,1,14.90,23.28,true,1,
5060524511296,false,מארז on Game CR7 לגבר,עדן פרפיום,GB,on Game CR7 מארז,יחידה,1.00,יחידה,false,1,229.00,229.00,true,1,
5060756342781,false,WARRIOR-חטיף חלבון בטעם קרם עוגיות,"KBF תעשיות בע""מ UK",GB,חטיף חלבון קראנץ,גרמים,64.00,100 גרם,false,1,14.90,23.28,true,1,
5201178801047,false,"ניוואה קרם רב שימושי 150מ""ל",ביירסדורץ,DE,קרם לחות ניוואה,מיליליטרים,150.00,"100 מ""ל",false,0,24.90,16.60,true,1,
5201263006340,false,תחבושת EVERY DAY נורמל 18 יח',,GR,תחבושות נורמל,יחידה,1.00,יחידה,false,1,12.90,12.90,true,1,
5201263006364,false,תחבושת EVERY DAY מקסי נייט 18 יח',,GR,תחבושות מקסי,יחידה,1.00,יחידה,false,1,12.90,12.90,true,1,
5201263890109,false,תחתוני גמילה מידה 4 28 י,,CN,תחתוני גמילה,יחידה,1.00,יחידה,false,1,34.90,34.90,true,1,
5201263890192,false,תחתוני גמילה מידה 7 21 י,,CN,תחתוני גמילה,יחידה,1.00,יחידה,false,1,34.90,34.90,true,1,
5201583750411,false,זירו-סוכריות ללא סוכר בטעם לימון עם סטיב,איתן,GR,סוכריות זירו,גרמים,32.00,100 גרם,false,1,7.50,23.44,true,1,
5201583751111,false,זירו סוכריות ללא סוכר טעם אספרסו קרמי,איתן,GR,סוכריות זירו,גרמים,32.00,100 גרם,false,1,7.50,23.44,true,1,
5201583751418,false,סוכריות זירו אייס בלו סטיביה ללא סוכר 32 ג',איתן,GR,סוכריות זירו,גרמים,32.00,100 גרם,false,1,7.50,23.44,true,1,
5202300043014,false,צבע לשיער קולסטון - 6/7 חום שוקולד,פרוקטר אנד גמבל,DE,קולסטון שפופרת,יחידה,1.00,יחידה,false,0,25.90,25.90,true,1,
5202300043038,false,צבע לשיער קולסטון- 8/73 בלונד דבש טבעי,פרוקטר אנד גמבל,DE,קולסטון שפופרת,יחידה,1.00,יחידה,false,0,25.90,25.90,true,1,
5202300043069,false,צבע לשיער קולסטון - 2/8 שחור כחול,פרוקטר אנד גמבל,DE,קולסטון שפופרת,יחידה,1.00,יחידה,false,0,25.90,25.90,true,1,
5202300043144,false,צבע לשיער קולסטון - 9/0 בלונד בהיר מאוד,פרוקטר אנד גמבל,DE,קולסטון שפופרת,יחידה,1.00,יחידה,false,0,25.90,25.90,true,1,
5202300043151,false,צבע לשיער קולסטון - 8/0 בלונד בהיר,פרוקטר אנד גמבל,DE,קולסטון שפופרת,יחידה,1.00,יחידה,false,0,25.90,25.90,true,1,
5202300043175,false,צבע לשיער קולסטון - 6/0 בלונד כהה,פרוקטר אנד גמבל,DE,קולסטון שפופרת,יחידה,1.00,יחידה,false,0,25.90,25.90,true,1,
5202300043182,false,צבע לשיער קולסטון - 5/0 חום בהיר,פרוקטר אנד גמבל,DE,קולסטון שפופרת,יחידה,1.00,יחידה,false,0,25.90,25.90,true,1,
5202300043199,false,צבע לשיער קולסטון - 4/0 חום בינוני,פרוקטר אנד גמבל,DE,קולסטון שפופרת,יחידה,1.00,יחידה,false,0,25.90,25.90,true,1,
5202300043212,false,צבע לשיער קולסטון - 2/0 שחור,פרוקטר אנד גמבל,DE,קולסטון שפופרת,יחידה,1.00,יחידה,false,0,25.90,25.90,true,1,
5202300043267,false,צבע לשיער קולסטון - 9/1 בלונד אפרפר בהיר מאוד,פרוקטר אנד גמבל,DE,קולסטון שפופרת,יחידה,1.00,יחידה,false,0,25.90,25.90,true,1,
5202300043274,false,צבע לשיער קולסטון- 8/1 בלונד אפרפר בהיר,פרוקטר אנד גמבל,DE,קולסטון שפופרת,יחידה,1.00,יחידה,false,0,25.90,25.90,true,1,
5202300043281,false,צבע לשיער קולסטון - 7/1 בלונד אפרפר בינוני,פרוקטר אנד גמבל,DE,קולסטון שפורפרת,יחידה,1.00,יחידה,false,0,25.90,25.90,true,1,
5202300043298,false,צבע לשיער קולסטון- 6/1 בלונד אפרפר כהה,פרוקטר אנד גמבל,DE,קולסטון שפורפרת,יחידה,1.00,יחידה,false,0,25.90,25.90,true,1,
5202300043335,false,צבע לשיער קולסטון - 9/3 בלונד זהוב,פרוקטר אנד גמבל,DE,קולסטון שפורפרת,יחידה,1.00,יחידה,false,0,25.90,25.90,true,1,
5202300043380,false,צבע לשיער קולסטון - 7/4 בלונד ג'ינג'י,פרוקטר אנד גמבל,DE,קולסטון שפורפרת,יחידה,1.00,יחידה,false,0,25.90,25.90,true,1,
5202300043397,false,צבע לשיער קולסטון - 6/4 בלונד נחושת כהה,פרוקטר אנד גמבל,DE,קולסטון שפופרת,יחידה,1.00,יחידה,false,0,25.90,25.90,true,1,
5202300043434,false,צבע לשיער קולסטון - 7/73 בלונד אביב,פרוקטר אנד גמבל,DE,קולסטון שפופרת,יחידה,1.00,יחידה,false,0,25.90,25.90,true,1,
5202300043601,false,צבע לשיער קולסטון - 7/45 אדום לוהט,פרוקטר אנד גמבל,DE,קולסטון שפורפרת,יחידה,1.00,יחידה,false,0,25.90,25.90,true,1,
5202300043724,false,צבע לשיער קולסטון - 6/75 חום אגוז בינוני,פרוקטר אנד גמבל,DE,קולסטון שפורפרת,יחידה,1.00,יחידה,false,0,25.90,25.90,true,1,
5202300045834,false,צבע לשיער קולסטון - 10/0 בלונד פסטל,פרוקטר אנד גמבל,DE,קולסטון שפורפרת,יחידה,1.00,יחידה,false,0,25.90,25.90,true,1,
5391523057929,false,סימילאק גולד שלב 1 תרכובת מזון על בסיס חלב,אבוט מעבדות רפואיות,IE,סימילאק גולד,גרמים,700.00,100 גרם,false,1,69.90,9.99,true,1,
5391523057936,false,סימילאק גולד שלב 2 תרכובת מזון על בסיס חלב,אבוט מעבדות רפואיות,IE,סימילאק גולד,גרמים,700.00,100 גרם,false,1,69.90,9.99,true,1,
5391523057943,false,סימילאק גולד שלב 3 תרכובת מזון על בסיס חלב,אבוט מעבדות רפואיות,IE,סימילאק גולד,גרמים,700.00,100 גרם,false,1,69.90,9.99,true,1,
5391523058070,false,סימילאק אדבנס פלוס 3 תרכובת מזון על בסיס חלב,טרופיקל דגיל תעשיות,IE,סימילאק אדבנס,גרמים,700.00,100 גרם,false,1,64.90,9.27,true,1,
5391523058087,false,סימילאק אדבנס פלוס 2 תרכובת מזון על בסיס חלב,טרופיקל דגיל תעשיות,IE,סימילאק אדבנס,גרמים,700.00,100 גרם,false,1,64.90,9.27,true,1,
5410076854462,false,חוט דנטלי אורל בי 40 מטר 3D,פרוקטר & גמבל,IE,חוט דנטלי מנטה,מטרים,40.00,מטר,false,1,19.90,0.50,true,1,
5410091648176,false,"פה - דאודורנט רול און לאישה פינק פרדייס 50 מ""ל",שוורצקופף והנקל,DE,דאודורנט FA,מיליליטרים,50.00,"100 מ""ל",false,0,14.90,29.80,true,1,
5410091677992,false,"סאיוס - ספריי לשיער לייצוב מקסימלי 400 מ""ל",שוורצקופף והנקל,DE,ספרי עיצוב סאיוס,מיליליטרים,400.00,"100 מ""ל",false,0,34.90,8.73,true,1,
5410091678005,false,"סאיוס - ספריי לשיער ליצירת נפח 400 מ""ל",שוורצקוף,DE,ספרי עיצוב סאיוס,מיליליטרים,400.00,"100 מ""ל",false,0,34.90,8.73,true,1,
5410091678012,false,"ספריי לשיער סאיוס לברק ועיצוב 400 מ""ל",הנקל סוד,DE,ספרי עיצוב סאיוס,מיליליטרים,400.00,"100 מ""ל",false,0,34.90,8.73,true,1,
5410091678043,false,"סאיוס - מוס לשיער מתולתל 250 מ""ל",שוורצקוף,DE,מוס לעיצוב סאיוס,מיליליטרים,250.00,"100 מ""ל",false,0,27.90,11.16,true,1,
5410091708955,false,"סאיוס - ספריי לשיער קרטין 400 מ""ל",שוורצקופף והנקל,DE,ספרי עיצוב סאיוס,מיליליטרים,400.00,"100 מ""ל",false,0,34.90,8.73,true,1,
5410103161518,false,קרם יום עם פעולה משולשת לעור רגיל ומעורב,"לוריאל ישראל בע""מ",DE,קרם לחות,מיליליטרים,50.00,"100 מ""ל",false,0,46.90,93.80,true,1,
5410103161617,false,קרם יום עם פעולה משולשת Triple active לעור יבש ועדין,"לוריאל ישראל בע""מ",DE,קרם לחות עור יבש,מיליליטרים,50.00,"100 מ""ל",false,0,46.90,93.80,true,1,
5601036205534,false,צבע לשיער אקסלנס קרם - 1 שחור,לוריאל Loreal,BE,צבע לשיער אקסלנס,יחידה,1.00,יחידה,false,0,36.90,36.90,true,1,
5601036205558,false,צבע לשיער אקסלנס קרם - 4 חום כהה,לוריאל Loreal,BE,צבע שיער אקסלנס,יחידה,1.00,יחידה,false,0,36.90,36.90,true,1,
5601036205572,false,לוריאל - אקסלנס קרם 4.54 חום מהגוני נחושתי,ליברמו,BE,אקסלנס,יחידה,1.00,יחידה,false,0,36.90,36.90,true,1,
5601036205589,false,צבע לשיער אקסלנס קרם - 5 חום טבעי,לוריאל Loreal,BE,צבע לשיער אקסלנס,יחידה,1.00,יחידה,false,0,36.90,36.90,true,1,
5601036205602,false,צבע לשיער אקסלנס קרם - 5.5 חום מהגוני,לוריאל ישראל קוסמטיקס בע,BE,צבע לשיער אקסלנס,יחידה,1.00,יחידה,false,0,36.90,36.90,true,1,
5601036205626,false,צבע לשיער אקסלנס קרם - 6 בלונד כהה,לוריאל Loreal,BE,צבע שיער אקסלנס,יחידה,1.00,יחידה,false,0,36.90,36.90,true,1,
5601036205657,false,צבע לשיער אקסלנס קרם - 7 בלונד,לוריאל Loreal,BE,צבע לשיער אקסלנס,יחידה,1.00,יחידה,false,0,36.90,36.90,true,1,
5601036205688,false,לוריאל - אקסלנס קרם 8 בלונד בהיר,ליברמו,BE,צבע לשיער אקסלנס,יחידה,1.00,יחידה,false,0,36.90,36.90,true,1,
5601036205725,false,לוריאל - אקסלנס קרם 10 בלונד מאוד מאוד בהיר,לוריאל ישראל קוסמטיקס בע,BE,צבע שיער אקסלנס,יחידה,1.00,יחידה,false,0,36.90,36.90,true,1,
5900020015174,false,פיטנס חטיפי אנרגיה דגנים בטעם שוקולד נסטלה 6*23.5 גרם,מיוצר עי קונדיטוריית,PL,חטיפי פיטנס 6 יח,גרמים,141.00,100 גרם,false,0,10.00,7.09,true,1,
5900020018908,false,פיטנס חטיפי אנרגיה דגנים בטעם קרם עוגיות נסטלה 6*23.5 גרם,מיוצר עי קונדיטוריית,PL,חטיפי פיטנס 6 יח,גרמים,141.00,100 גרם,false,0,10.00,7.09,true,1,
5900617035882,false,חטיף חלבון נוטרישיין בטעם שוקולד,סיטי תוספי מזון,PL,חטיף חלבון פרוטא,גרמים,60.00,100 גרם,false,1,11.90,19.83,true,1,
5900617035905,false,גו און חטיף חלבון עם קרמל ובוטנים ללא סוכר 50 ג',סיטי תוספי מזון,PL,חטיף חלבון פרוטא,גרמים,60.00,100 גרם,false,1,11.90,19.83,true,1,
5900617035929,false,חטיף חלבון נוטרישיין בטעם וניל תות יער,סיטי תוספי מזון,PL,חטיף חלבון פרוטא,גרמים,60.00,100 גרם,false,1,11.90,19.83,true,1,
5901414200411,false,בלזן היט מיני ביסקוויט סנדוויץ' עם מילוי קרם בטעם שוקולד 130 גרם,ליימן שליסל,PL,היט מיניס שוקו,גרמים,130.00,100 גרם,false,0,6.90,5.31,true,1,
5901887001737,false,"ziaja - קרם יום עשיר בלחות מחלב עיזים 50 מ""ל",,PL,קרם פנים ליום,מיליליטרים,50.00,"100 מ""ל",false,1,19.90,39.80,true,1,
5901887001744,false,"ziaja - קרם עיניים מחלב עיזים 15 מ""ל",,PL,קרם עיניים,מיליליטרים,15.00,"100 מ""ל",false,1,14.90,99.33,true,1,
5901887001751,false,"ziaja - תחליב ניקוי ומי פנים מחלב עיזים 200 מ""ל",,PL,טונר ניקוי לפנים,מיליליטרים,200.00,"100 מ""ל",false,1,17.90,8.95,true,1,
5901887010326,false,"ziaja - קרם לילה מזין לפנים מחלב עיזים 50 מ""ל",,PL,קרם פנים לילה,מיליליטרים,50.00,"100 מ""ל",false,1,19.90,39.80,true,1,
5901887018223,false,"ziaja - קרם גוף משקם מחלב עיזים 400 מ""ל",,PL,קרם גוף חלב עיזי,מיליליטרים,400.00,"100 מ""ל",false,1,21.90,5.48,true,1,
5901887018230,false,"ziaja - חמאת גוף משקמת מחלב עיזים 75 מ""ל",,PL,חמאת גוף חלב עיז,מיליליטרים,200.00,"100 מ""ל",false,1,24.90,12.45,true,1,
5901887026778,false,"jasmine - קרם יום אנטי אייג'ינג לעור בוגר 50+ 30 מ""ל",,PL,יסמין קרם יום,מיליליטרים,30.00,"100 מ""ל",false,1,24.90,83.00,true,1,
5901887026785,false,"jasmine - קרם לילה אנטי אייג'ינג לעור בוגר 50+ 50 מ""ל",,PL,יסמין ק.לילה,מיליליטרים,50.00,"100 מ""ל",false,1,24.90,49.80,true,1,
5901887026792,false,"jasmine - סרום אנטי אייג'ינג לעור בוגר 50+ 30 מ""ל",,PL,יסמין סרום לגיל,מיליליטרים,30.00,"100 מ""ל",false,1,24.90,83.00,true,1,
5901887026808,false,"jasmine - קרם עיניים לעור בוגר 50+ 15 מ""ל",,PL,יסמין ק.עיניים,מיליליטרים,15.00,"100 מ""ל",false,1,21.90,146.00,true,1,
5901887026815,false,"jasmine - מים מיסלריים 50+ 200 מ""ל",,PL,יסמין מים מיסלרי,מיליליטרים,200.00,"100 מ""ל",false,1,18.90,9.45,true,1,
5901887029649,false,"manuka - מי פנים מטהרים 200 מ""ל",,PL,מנוקה מי פנים,מיליליטרים,200.00,"100 מ""ל",false,1,15.90,7.95,true,1,
5901887029656,false,"manuka - ג'ל לניקוי פנים 200 מ""ל",,PL,מנוקה ג'ל לניקוי,מיליליטרים,200.00,"100 מ""ל",false,1,18.90,9.45,true,1,
5901887029663,false,"manuka - קרם יום 50 מ""ל",,PL,manuka קרם יום,מיליליטרים,50.00,"100 מ""ל",false,1,19.90,39.80,true,1,
5901887029670,false,"מנוקה קרם לילה 50 מ""ל",,PL,מנוקה קרם לילה,יחידה,1.00,יחידה,false,1,19.90,19.90,true,1,
5901887029687,false,מנוקה משחת פילינג לניקוי,,PL,מנוקה משחת פילינ,מיליליטרים,75.00,"100 מ""ל",false,1,19.90,26.53,true,1,
5901887043751,false,"ziaja - סרום לפנים מחלב עיזים 50 מ""ל",,PL,סרום ממריץ ומחלי,מיליליטרים,50.00,"100 מ""ל",false,1,24.90,49.80,true,1,
5901887043768,false,"ziaja - סבון לניקוי פנים מחלב עיזים 200 מ""ל",,PL,תרחיץ ג'ל לפנים,מיליליטרים,200.00,"100 מ""ל",false,1,14.90,7.45,true,1,
5901887043775,false,פיליניג פנים וצוואר,,PL,פיליניג פנים וצו,מיליליטרים,75.00,"100 מ""ל",false,1,19.90,26.53,true,1,
5901887043782,false,"ziaja - סקראב לפנים מחלב עיזים 75 מ""ל",,PL,מיקרו פילינג לפנ,מיליליטרים,75.00,"100 מ""ל",false,1,14.90,19.87,true,1,
5902198160403,false,XL משקה אנרגיה מוגז ללא סוכר עד 10 קלוריות לפחית 250 מל,"טמפו משקאות בע""\מ",IL,משקה אנרגיה,מיליליטרים,250.00,"100 מ""ל",false,1,5.90,2.36,true,1,
5902503586393,false,לנקום מארז ביוטי טו גו - רנרגי,לוריאל,FR,ערכת התנסות לנקו,יחידה,1.00,יחידה,false,1,89.00,89.00,true,1,
5902503840136,false,תיק מתנה אבסולו מרץ 22 י,,FR,תיק מתנה אבסולו,יחידה,1.00,יחידה,false,1,49.00,49.00,true,1,
5906485301012,false,"משקה אנרגיה XL פחית 250 מ""ל","טמפו משקאות בע""מ",IL,משקה אנרגיה XL,מיליליטרים,250.00,"100 מ""ל",false,0,5.90,2.36,true,1,
5907245715438,false,תיק מתנה לנקום אבסולו יו,,FR,תיק מתנה לנקום א,יחידה,1.00,יחידה,false,1,49.90,49.90,true,1,
5997321770307,false,ויט רצועות שעווה מוכנות לעור רגיש 12 יחידות,רקיט בנקיזר צרפת,FR,ויט רצעות,יחידה,1.00,יחידה,false,1,29.90,29.90,true,1,
6001067017523,false,מברשת שיניים קולגייט לילדים מגיל חמש 1 יחידה,יבואן ומשווק: ש. שסט,CN,מברשת שיניים,יחידה,1.00,יחידה,false,0,14.90,14.90,true,1,
6001067018049,false,קולגייט ילדים 2-5מברשת שיניים,קולגייט-פלמוליב,VN,מברשת קולגייט,יחידה,1.00,יחידה,false,0,13.90,13.90,true,1,
6001159125648,false,ביו אויל שמן לטיפוח העור טבעי 125 מל,דנשר,ZA,שמן לטיפוח העור,מיליליטרים,125.00,"100 מ""ל",false,1,129.90,103.92,true,1,
6085010044712,false,"קלאב דה נויט אינטנס ארמאף - א.ד.ט 105 מ""ל",פרפיום קוסמטיקס,FR,NUIT DE CLUB,מיליליטרים,105.00,"100 מ""ל",false,1,119.00,113.33,true,1,
6085010094151,false,"קלאב דה נואיט Club De Nuit א.ד.פ לאישה 105 מ""ל",ארמף Armaf,FR,nuit de club א.ד,מיליליטרים,105.00,"100 מ""ל",false,1,99.00,94.28,true,1,
6291100130122,false,"אמבר אוד גולד אדישן אדפ אל חרמין 100 מ""ל",,AE,אמבר אוד גולד אד,מיליליטרים,100.00,"100 מ""ל",false,1,199.00,199.00,true,1,
6291100130153,false,"אמבר אוד בלו אדישן אדפ לגבר 60 מ""ל אל חרמיין",,AE,אמבר אוד בלו אדי,מיליליטרים,60.00,"100 מ""ל",false,1,199.00,331.67,true,1,
6291100130450,false,לאבנטור פאם אדפ אשה200מל,HARAMAIN AL,AE,לאבנטור פאם אדפ,מיליליטרים,200.00,"100 מ""ל",false,1,229.00,114.50,true,1,
6291100131587,false,אמבר אוד גולד אדישן אדפ,,AE,אמבר אוד גולד אד,מיליליטרים,200.00,"100 מ""ל",false,1,279.00,139.50,true,1,
6291106813067,false,"אמבר אוד גולד אדישן אקסטרים פיור פרפיום יוניסקס 100 מ""ל + בקבוק מילוי 10 מ""ל",HARAMAIN AL,AE,גולד אדישן אקסטר,מיליליטרים,100.00,"100 מ""ל",false,1,229.00,229.00,true,1,
6294015129069,false,פלביה בורנינג אדפ 100מל,סטרלינג,AE,פלביה בורנינג או,מיליליטרים,100.00,"100 מ""ל",false,1,209.00,209.00,true,1,
6295124030253,false,"סאפיל באונד אדט 100 מ""ל",,SA,סאפיל באונד אדט,מיליליטרים,100.00,"100 מ""ל",false,1,59.00,59.00,true,1,
6295124030314,false,"ספיל אינטנס לאישה - א.ד.פ 100 מ""ל",,FR,סאפיל אינטנס אדפ,מיליליטרים,100.00,"100 מ""ל",false,1,59.00,59.00,true,1,
6295124030376,false,rave Sapil אדפ אשה100מל,,AE,rave Sapil אדפ,מיליליטרים,100.00,"100 מ""ל",false,1,49.00,49.00,true,1,
6920354822193,false,משחת שיניים נטורל הדרים אקליפטוס קולגייט 90 ג',קולגייט פלמוליב,PL,משחת שיניים נטור,גרמים,90.00,100 גרם,false,1,9.90,11.00,true,1,
6920354822223,false,משחת שיניים נטורל גינגר קוקוס קולגייט 90 ג',קולגייט פלמוליב,PL,משחת שיניים,מיליליטרים,68.00,"100 מ""ל",false,1,9.90,14.56,true,1,
6920354824395,false,"קולגייט נטורל משחת שיניים חמוציות פחם 71 מ""ל",קולגייט פלמוליב,PL,משחת שיניים,גרמים,90.00,100 גרם,false,1,9.90,11.00,true,1,
6939456721983,false,מסכות צבעוניות לנוער50יח,,IL,מסכות צבעוניות,יחידה,1.00,יחידה,false,1,14.90,14.90,true,1,
6971024921692,false,מראת לד (נטענת מכבל USB),טאצ' ביוטי,IL,מראת לד נטענת,יחידה,1.00,יחידה,false,1,197.90,197.90,true,1,
6973078470003,false,מסכה KN95 יחידה,פארמה דיל,IL,מסכה KN95,יחידה,1.00,יחידה,false,1,8.90,8.90,true,1,
6973350163388,false,מסכות צבעוני לפנים 50 יח',,IL,מסכת פנים חד פעמ,יחידה,1.00,יחידה,false,1,12.90,12.90,true,1,
7038513908400,false,גורדן קיסם מבריש רגיל 20 יח,דנטלון,,קיסם ג'ורדן,יחידה,1.00,יחידה,false,0,26.90,26.90,true,1,
7038513909117,false,גורדן קסמי שיניים פלואוריד/מינט אקסטרה ט,ג'ורדן,MY,קיסמי שיניים,יחידה,1.00,יחידה,false,0,22.90,22.90,true,1,
7046110030608,false,גורדן זוג מברשות שיניים טרגט סנסיטיב,דנטלון,MY,מארז זוג מברשות,יחידה,1.00,יחידה,false,1,20.00,20.00,true,1,
7046110052594,false,גורדן חוט דנטלי מחליק בקלות 25 מטר,דנטלון,MY,ג'ורדן סרט דנטלי,יחידה,1.00,יחידה,false,1,21.90,21.90,true,1,
7046110055564,false,גורדן מברשת חשמלית קלין סמייל - ורוד,דנטלון,NO,מברשת חשמלית קלי,יחידה,1.00,יחידה,false,1,89.90,89.90,true,1,
7046110060636,false,גורדן מברשת CHANGE למבוגרים צבע כחול,דנטלון,MY,מברשת שיניים ch,יחידה,1.00,יחידה,false,1,21.90,21.90,true,1,
7046110064016,false,ג'ורדן מארז זוג מברשת שיניים לילדים מגיל 3-5,דנטלון,MY,מברשות שיניים,יחידה,1.00,יחידה,false,0,15.00,15.00,true,1,
7046110064047,false,מארז זוג מברשת שיניים ג'ורדן ילדים 6-9,דנטלון,MY,מברשות שיניים,יחידה,1.00,יחידה,false,0,15.00,15.00,true,1,
7046110064139,false,ג'ורדן מ.שיניים אינדיבידואל ריץ מארז זוג,דנטלון,MY,מברשות שיניים,יחידה,1.00,יחידה,false,0,20.00,20.00,true,1,
7046110064535,false,מארז זוג מברשת שיניים ג'ורדן ילדים 0-2,ג'ורדן Jordan,MY,מברשות שיניים,יחידה,1.00,יחידה,false,0,15.00,15.00,true,1,
7046110065945,false,גורדן מברשת אינטרדנטל פלקטרום CONE 10 יח,ג'ורדן,IL,XS מברשת אינטרדנ,יחידה,1.00,יחידה,false,0,39.90,39.90,true,1,
7046110066034,false,גורדן מברשת אינטרדנטל פלקטרום MICRO 10יח,ג'ורדן,IL,Mמ.שיניים ג'ורדן,יחידה,1.00,יחידה,false,0,39.90,39.90,true,1,
7046110066096,false,גורדן מברשת אינטרדנטל פלקטרום MINI 10 יח,ג'ורדן,IL,Sמ.שיניים ג'ורדן,יחידה,1.00,יחידה,false,0,39.90,39.90,true,1,
7046110069868,false,גורדן מברשת שיניים לילדים 9+ SMILE,ג'ורדן,IL,ג'ורדן מברשות שנ,יחידה,1.00,יחידה,false,0,14.90,14.90,true,1,
7046110070192,false,גורדן שלישייה מברשות שיניים קלין סמייל,דנטלון,MY,3 מברשות שיניים,יחידה,1.00,יחידה,false,0,13.90,13.90,true,1,
7046110075562,false,גורדן משחת שיניים לשיניים קבועות 50 מל,דנטלון,SE,משחת שיניים,מיליליטרים,50.00,"100 מ""ל",false,1,11.90,23.80,true,1,
7280109394412,false,מארז גיפט קארד מהודר,,CN,מארז גיפטקארד,יחידה,1.00,יחידה,false,1,6.00,6.00,true,1,
7290000066141,false,ביסלי חטיף בטעם גריל אסם 70 גרם,"אסם השקעות בע""\מ",IL,ביסלי גריל,גרמים,70.00,100 גרם,false,0,5.90,8.43,true,1,
7290000066318,false,במבה חטיף בוטנים אסם 80 גרם,"אסם השקעות בע""\מ",IL,במבה,גרמים,80.00,100 גרם,false,0,6.90,8.63,true,1,
7290000066431,false,פופקו חטיף פופקורן בטעם חמאה ודבש אסם 80 גרם,מיוצר עי קונדיטוריית,IL,חטיף פופקו,גרמים,80.00,100 גרם,false,0,7.90,9.88,true,1,
7290000068770,false,במבה יום הולדת חטיף בוטנים אסם 80 גרם,"אסם השקעות בע""\מ",IL,במבה יום הולדת,גרמים,80.00,100 גרם,false,0,6.90,8.63,true,1,
7290000068787,false,במבה יום הולדת חטיף בוטנים אסם 25 גרם,מיוצר עי קונדיטוריית,IL,במבה יום הולדת,גרמים,25.00,100 גרם,false,0,2.50,10.00,true,1,
7290000073750,false,מנה חמה נודלס אטר+ירקות טעם עוף 70 גרם,PUB FOODS PRESIDENT THAI,TH,מנה חמה נודלס,גרמים,70.00,100 גרם,false,0,7.90,11.29,true,1,
7290000073767,false,מנה חמה נודלס אטר.+ירקות טעם בקר 70 גרם,PUB FOODS PRESIDENT THAI,TH,מנה חמה נודלס,גרמים,70.00,100 גרם,false,0,7.90,11.29,true,1,
7290000074184,false,ביסקויט פתיבר קלאסי 500 גרם,"אסם השקעות בע""\מ",IL,ביסקוויט פתי בר,גרמים,500.00,100 גרם,false,0,12.90,2.58,true,1,
7290000074245,false,אוסם - קרם קרקר אסם 250 גרם,"אסם השקעות בע""\מ",IL,קרם קרקר אסם,גרמים,250.00,100 גרם,false,0,11.90,4.76,true,1,
7290000075204,false,אוסם - לחמית חיטה מלאה 250 גרם,"אסם השקעות בע""\מ",IL,לחמית חיטה מלאה,גרמים,250.00,100 גרם,false,0,11.90,4.76,true,1,
7290000076126,false,אוסם - בייגלה שמיניות קטנות 80 גרם,"אסם השקעות בע""\מ",IL,בייגלה שמיניות,גרמים,80.00,100 גרם,false,0,3.90,4.88,true,1,
7290000078762,false,אוסם - חטיפי פריכונים מאורז מלא בטעם דבש 80גר,סנורייס בלגיום אן. ו,GB,חטיפי פריכונים,גרמים,80.00,100 גרם,false,0,9.90,12.38,true,1,
7290000135045,false,"XL TEN משקה אנרגיה פתוח ללא סוכר 250 מ""ל","טמפו משקאות בע""\מ",IL,TEN XL בטעם תפוח,מיליליטרים,250.00,"100 מ""ל",false,1,5.90,2.36,true,1,
7290000135052,false,"XL TEN משקה אנרגיה מנגו ללא סוכר 250 מ""ל","טמפו משקאות בע""\מ",IL,TEN XL בטעם מנגו,מיליליטרים,250.00,"100 מ""ל",false,1,5.90,2.36,true,1,
7290000135113,false,משקה אנרגיה XL TEN ללא סוכר בטעם נענע ליים,"טמפו משקאות בע""\מ",IL,TEN XL נענע ליים,מיליליטרים,250.00,"100 מ""ל",false,1,5.90,2.36,true,1,
7290000135151,false,"טמפו סודה למון ליים בקבוק 250 מ""ל",טמפו משקאות בעמ,IL,סודה בנגיעות למו,מיליליטרים,275.00,"100 מ""ל",false,1,3.90,1.42,true,1,
7290000146645,false,הוואי - סבון מוצק שחור מסתורי 100 גרם רביעייה,טרופיקל דגיל קוסמטיק,IL,סבון הוואי 4 יח,גרמים,400.00,100 גרם,false,0,13.90,3.48,true,1,
7290000146669,false,הוואי - סבון מוצק שמיים כחולים 100 גרם רביעייה,טרופיקל דגיל קוסמטיק,IL,סבון הוואי 4 יח,גרמים,400.00,100 גרם,false,0,13.90,3.48,true,1,
7290000146997,false,משחת שיניים לילדים מסטיק טום וג'רי 50 מל,טרופיקל דגיל קוסמטיק,IL,משחת טום וג'רי,מיליליטרים,50.00,"100 מ""ל",false,0,9.90,19.80,true,1,
7290000149615,false,רביעיית סבון מוצק קלאסי לתינוק נקה 7 4*100 גרם,גליל כימיקלים בעממשו,IL,נקה 7 סבון 4 יח,גרמים,400.00,100 גרם,false,0,15.90,3.98,true,1,
7290000170053,false,"שוקולד פרה חלב 100 גרם בד""צ לל""ג","שטראוס גרופ בע""\מ.",IL,שוקולד פרה חלב,גרמים,100.00,100 גרם,false,0,6.90,6.90,true,1,
7290000178707,false,תפוצ'יפס בטעם טבעי 50 גרם,"שטראוס פריטו ליי בע""\מ )",IL,חטיף תפוצ'יפס,גרמים,50.00,100 גרם,false,0,4.90,9.80,true,1,
7290000186030,false,מארז רביעייה מגבוני בתחליב וויטמין E האגיס,קימברלי קלארק,IL,מגבונים עם תחליב,יחידה,1.00,יחידה,false,0,34.90,34.90,true,1,
7290000187860,false,מגבוני טואלט לחים לילי דיספנסר 40יח',עלבד משואות יצחק בעמ,IL,נייר טואלט לח,יחידה,1.00,יחידה,false,0,8.90,8.90,true,1,
7290000187938,false,לילי - נייר טואולט נייר טואלט פסטל 32 יח',לילי נייר טואלט חוגלה,IL,נייר טואלט פסטל,מטרים,588.00,100 מטר,false,0,48.90,8.32,true,1,
7290000188553,false,קוטקס מגן תחתון יאנג ביג 60 יחידות,קימברלי קלארק,CN,מגן תחתון קוטקס,יחידה,1.00,יחידה,false,0,21.90,21.90,true,1,
7290000188591,false,קוטקס מגן תחתון יאנג ביג 60 יחידות,קימברלי קלארק,CN,מגן תחתון קוטקס,יחידה,1.00,יחידה,false,0,21.90,21.90,true,1,
7290000189598,false,מטליות לחות חד פעמיות לניקוי כללי 50 יח' ניקול,עלבד משואות יצחק בעמ,IL,מטליות ניקול,יחידה,1.00,יחידה,false,0,13.90,13.90,true,1,
7290000190853,false,לילי פיור נייר טואלט דו שכבתי לבן 30 גלילים,לילי נייר טואלט חוגלה,IL,נייר טואלט לילי,מטרים,537.00,100 מטר,false,0,44.90,8.36,true,1,
7290000191225,false,חיתולים ליטל בייביז מידה 2 האגיס 46 יחידות,קימברלי קלארק שיווק,IL,האגיס ליטל בייבי,יחידה,1.00,יחידה,false,1,36.90,36.90,true,1,
7290000191539,false,חמישיית ממחטות טישו צבועני לילי 100 יחידות,חוגלה קימברלי,IL,מגבוני לילי 90*5,יחידה,1.00,יחידה,false,0,19.90,19.90,true,1,
7290000191546,false,ממחטות טישו צבעוני 2 שכבות לילי מארז 100X3יח',חוגלה קימברלי,IL,לילי צבעוני90*3,יחידה,1.00,יחידה,false,0,11.90,11.90,true,1,
7290000191645,false,"חיתולים האגיס ליטל בייביס ניו בורן שלב 1 עד 4 ק""ג",קימברלי קלארק ארהב,US,חיתולי האגיס,יחידה,1.00,יחידה,false,0,36.90,36.90,true,1,
7290000191652,false,שלישיית ממחטות אולטרה סופט קלינקס 90 יחידות,חוגלה קימברלי,IL,קלינקס מעוצב 3יח,יחידה,1.00,יחידה,false,0,13.90,13.90,true,1,
7290000192581,false,מגבת נייר גליל כפול ניקול 12=6 גליל,קימברלי-קלארק,IL,מגבות נייר,מטרים,129.00,מטר,false,1,27.90,0.22,true,1,
7290000193083,false,נובה-לי תחבושות היגייניות לילי 28 יחידות,חוגלה קימברלי,CZ,תחבושות נובה לי,יחידה,1.00,יחידה,false,0,9.90,9.90,true,1,
7290000193205,false,תחבושות עם כנפיים ללילה נטורל לילי 20 יחידות,חוגלה קימברלי,BE,תחבושות לילי,יחידה,1.00,יחידה,false,0,14.90,14.90,true,1,
7290000193472,false,מגן תחתון נטורל נורמל לילי 60 יחידות,חוגלה קימברלי,ES,פדיות לילי,יחידה,1.00,יחידה,false,0,14.90,14.90,true,1,
7290000193540,false,מגן תחתון לונג נטורל לילי 52 יחידות,חוגלה קימברלי,ES,פדיות לילי,יחידה,1.00,יחידה,false,0,14.90,14.90,true,1,
7290000193618,false,לילי אינטימייט מגן תחתון נורמל 24 יח',חוגלה קימברלי,ES,פדיות לילי נטורל,יחידה,1.00,יחידה,false,0,14.90,14.90,true,1,
7290000193649,false,תחבושות עם כנפיים נורמל פלוס לילי 24 יחידות,חוגלה קימברלי,ES,תחבושות לילי,יחידה,1.00,יחידה,false,0,14.90,14.90,true,1,
7290000193656,false,תחבושות עם כנפיים סופר פלוס לילי 24 יחידות,חוגלה קימברלי,ES,תחבושות לילי,יחידה,1.00,יחידה,false,0,14.90,14.90,true,1,
7290000194288,false,משטח החתלה האגיס 10 יחידות,חוגלה קימברלי,BE,משטח החתלה האגיס,יחידה,1.00,יחידה,false,0,19.90,19.90,true,1,
7290000194905,false,שקמה מכנסון גזרתי סופר נייט M,חוגלה קימברלי,IL,מכנסוני שקמה,יחידה,1.00,יחידה,false,1,69.90,69.90,true,1,
7290000195032,false,שקמה מכנסון גזרתי סופר נייט L,חוגלה קימברלי,IL,מכנסוני שקמה,יחידה,1.00,יחידה,false,0,69.90,69.90,true,1,
7290000195537,false,האגיס - מגבוני האגיס דיילי קר לא מבושם 64 יח' * 4,חוגלה קימברלי,IL,מגבונים האגיס 4י,יחידה,1.00,יחידה,false,0,26.90,26.90,true,1,
7290000195773,false,רביעיית מגבון אלוורה ושקד האגיס 64 יחידות,חוגלה קימברלי,IL,מגבונים האגיס 4י,יחידה,1.00,יחידה,false,0,26.90,26.90,true,1,
7290000197425,false,חיתולים פרידום דריי שלב 3 האגיס 52 יחידות,קימברלי קלארק ישראל,IL,חיתולי האגיס,יחידה,1.00,יחידה,false,0,49.90,49.90,true,1,
7290000197456,false,חיתולים פרידום דריי שלב 4 האגיס 44 יחידות,קימברלי קלארק ישראל,IL,חיתולי האגיס,יחידה,1.00,יחידה,false,0,49.90,49.90,true,1,
7290000197463,false,חיתולים פרידום דריי שלב +4 האגיס 40 יחידות,קימברלי קלארק ישראל,IL,חיתולי האגיס,יחידה,1.00,יחידה,false,0,49.90,49.90,true,1,
7290000197548,false,חיתולים פרידום דריי שלב 5 האגיס 36 יחידות,קימברלי קלארק ישראל,IL,חיתולי האגיס,יחידה,1.00,יחידה,false,0,49.90,49.90,true,1,
7290000197678,false,חיתולי האגיס פרידום דריי שלב 6 30 יחידות,קימברלי קלארק ישראל,IL,חיתולי האגיס,יחידה,1.00,יחידה,false,0,49.90,49.90,true,1,
7290000199313,false,קוטקס יאנג תחבושות עם כנפיים נורמל חדש30,חוגלה קימברלי,CZ,קוטקס תחבושות,יחידה,1.00,יחידה,false,0,21.90,21.90,true,1,
7290000201832,false,טיטולים פרימיום שלב 3 50 יחידות,חוגלה קימברלי,IL,טיטולים פרימיום,יחידה,1.00,יחידה,false,1,33.90,33.90,true,1,
7290000201849,false,טיטולים פרימיום שלב 4 42 יח' (8-14),חוגלה קימברלי,IL,טיטולים פרימיום,יחידה,1.00,יחידה,false,1,33.90,33.90,true,1,
7290000201856,false,טיטולים פרימיום שלב4+ 38 יחידות .,חוגלה קימברלי,IL,טיטולים פרימיום,יחידה,1.00,יחידה,false,1,33.90,33.90,true,1,
7290000201863,false,טיטולים פרימיום שלב 5 34 יחידות,חוגלה קימברלי,IL,טיטולים פרימיום,יחידה,1.00,יחידה,false,1,33.90,33.90,true,1,
7290000201870,false,טיטולים פרימיום שלב 6 30 יחידות,חוגלה קימברלי,IL,טיטולים פרימיום,יחידה,1.00,יחידה,false,1,33.90,33.90,true,1,
7290000203560,false,סדיניה שקמה 15 יחידות,חוגלה קימברלי,IL,סדיניה שקמה,יחידה,1.00,יחידה,false,0,51.90,51.90,true,1,
7290000205762,false,חיתולי האגיס אקסטרה קר מידה 3 48 יחידות,חוגלה קימברלי,IL,חיתולי האגיס,יחידה,1.00,יחידה,false,1,59.90,59.90,true,1,
7290000205915,false,חיתולי האגיס אקסטרה קייר מידה 4 40 יחידות,חוגלה קימברלי,IL,חיתולי האגיס,יחידה,1.00,יחידה,false,1,59.90,59.90,true,1,
7290000244143,false,"הוואי - קרם לאחר גילוח 120 מ""ל",טרופיקל דגיל קוסמטיק,IL,קרם לאחר גילוח,גרמים,120.00,100 גרם,false,0,15.00,12.50,true,1,
7290000244761,false,"קרם ידיים ולווטה 100 מ""ל",טרופיקל דגיל קוסמטיק,IL,קרם ידיים ולווטה,מיליליטרים,100.00,"100 מ""ל",false,0,9.90,9.90,true,1,
7290000262413,false,חיתולי האגיס אקסטרה קייר מידה 5 34 יחידות,חוגלה קימברלי,IL,חיתולי האגיס,יחידה,1.00,יחידה,false,1,59.90,59.90,true,1,
7290000263359,false,חיתולים ליטל בייביז מידה 1 האגיס 40 יחידות,קימברלי קלארק שיווק,IL,חיתולי האגיס,יחידה,1.00,יחידה,false,0,36.90,36.90,true,1,
7290000286228,false,ספוגיות לניקוי כללי סנו סושי 6 יחידות,סנו מפעלי ברונו בעמ,IL,ספוגיות לכלים6יח,יחידה,1.00,יחידה,false,0,14.90,14.90,true,1,
7290000288079,false,סנו - ז'אוול אקונומיקה לימון 2 ליטר,"סנו מפעלי ברונוס בע""מ",IL,סנו JAVEL מלבין,ליטרים,2.00,ליטר,false,0,13.90,6.95,true,1,
7290000288727,false,סנו מקסימה אבקת כביסה מאסק מילוי 1.25,קריות זול,IL,אבקת כביסה,קילוגרמים,1.25,"ק""ג",false,0,12.90,10.32,true,1,
7290000289069,false,סנו - ז'אוול מרסס קצף ניקוי בתוספת אקונומיקה בריח לימון 1 ליטר,"סנו מפעלי ברונוס בע""מ",IL,סנו ג'אוול מרסס,ליטרים,1.00,ליטר,false,0,19.90,19.90,true,1,
7290000289595,false,"אורביטול משחת שיניים לילדים בטעם תות שדה 145 מ""ל",טרופיקל דגיל תעשיות קוסמ,IL,משחת שיניים,גרמים,145.00,100 גרם,false,0,11.90,8.21,true,1,
7290000292687,false,סנובון מוצק לניקוי אסלה קלאסיק כחול סנו 3 יחידות,מיוצר עי קונדיטוריית,IL,סנובון כחול 3 יח,גרמים,165.00,100 גרם,false,0,18.90,11.45,true,1,
7290000293943,false,"מרסס לבן מסיר אבנית 1 ליטר אנטי קאלק ""סנו""",מיוצר עי קונדיטוריית,IL,סנו אנטי קאלק,ליטרים,1.00,ליטר,false,0,17.90,17.90,true,1,
7290000295336,false,סנו מקסימה אבקת כביסה סנסטיב מילוי1.25,סנו מפעלי ברונוס בעמ,IL,אבקת כביסה,קילוגרמים,1.25,"ק""ג",false,0,12.90,10.32,true,1,
7290000345277,false,תה ויסוצקי קלאסי אריזה ירוקה מרובעת (50שקיקים),מולינו ניקולי s.p.a,IL,תה ויסוצקי 50 שק,גרמים,75.00,100 גרם,false,0,13.90,18.53,true,1,
7290000347738,false,תה ירוק נענע ויסוצקי 25 יחידות,תה ויסוצקי,IL,תה ירוק נענע,גרמים,37.00,100 גרם,false,0,21.90,59.19,true,1,
7290000412481,false,נוזל לניקוי אסלות 00 סנו 1 ליטר,מיוצר עי קונדיטוריית,IL,"מנקה אסלות 00""",ליטרים,1.00,ליטר,false,0,9.90,9.90,true,1,
7290000416809,false,ממרח חצי חצי נוגט אגוזים וקרם חלב השחר 350ג',השחר העולה תעשייות מ,IL,ממרח חצי חצי,גרמים,350.00,100 גרם,false,1,13.90,3.97,true,1,
7290000420325,false,"פופסטאר פופקורן למקירוגל בטעם טבעי 5 שקיות,500 גרם",פרסטון פארמס,US,פופקורן למיקרו,גרמים,500.00,100 גרם,false,0,17.90,3.58,true,1,
7290000442044,false,פמינה תחליב רחצה אינטימי חמוציות 220 מל,פמינה,IL,פמינה חמוציות,מיליליטרים,220.00,"100 מ""ל",false,0,29.90,13.59,true,1,
7290000518336,false,ממתק צמר גפן מתוק מסיבים תזונתיים,מתוק וקל בעמ,IL,צמר גפן מתוק,גרמים,10.00,100 גרם,false,1,5.90,59.00,true,1,
7290000560021,false,אדג' ג'ל ורוד נגד חתכים 198ג',המאפיה של הרמן,US,ג'ל גילוח אדג',גרמים,198.00,100 גרם,false,0,18.90,9.55,true,1,
7290000560533,false,אדג' ג'ל גילוח ירוק לעור רגיל 198גרם,אס.סי ג'ונסון ובניו,US,אדג' ג'ל לגילוח,גרמים,198.00,100 גרם,false,0,18.90,9.55,true,1,
7290000560540,false,אדג' ג'ל גילוח כתום לעור רגיש 198גרם,המאפיה של הרמן,US,אדג' ג'ל לגילוח,גרמים,198.00,100 גרם,false,0,18.90,9.55,true,1,
7290000679631,false,"ד""ר פישר - קמיל בלו קלאסיק 500 מ""ל",פישר מעבדות פרמצבטיות בע,IL,קמיל בלו אלסבון,מיליליטרים,500.00,"100 מ""ל",false,0,16.90,3.38,true,1,
7290000689180,false,בליסטקס שפתון-סטיק מנטה,מדיליין פריגו,IL,בליסטיק סטיק,יחידה,1.00,יחידה,false,0,15.90,15.90,true,1,
7290000803067,false,"משחת שיניים לילדים גילאים 6-2 אלמקס 75 מ""ל",הנסיך- מפעל לייצור ט,PL,משחת שיניים,מיליליטרים,75.00,"100 מ""ל",false,0,17.90,23.87,true,1,
7290000803180,false,"מרידול - מי פה שטיפה דנטלית 400 מ""ל",קולגייט פלמוליב,CH,שטיפה מרידול,מיליליטרים,400.00,"100 מ""ל",false,0,29.90,7.48,true,1,
7290000804484,false,אלמקס שטיפת פה דנטלית למניעת עששת 400מל,קולגייט פלמוליב,CH,מי פה אלמקס,מיליליטרים,400.00,"100 מ""ל",false,0,28.90,7.23,true,1,
7290000849478,false,"סרקל מרכך שיער לילדים 500 מ""ל",פישר מעבדות פרמצבטיות בע,IL,מרכך שיער סרקל,מיליליטרים,500.00,"100 מ""ל",false,0,16.90,3.38,true,1,
7290000849492,false,"סרקל שמפו לילדים 500 מ""ל",פישר מעבדות פרמצבטיות בע,IL,שמפו לילדים,מיליליטרים,500.00,"100 מ""ל",false,0,16.90,3.38,true,1,
7290001136287,false,"שמפו לשיער רגיל בבושם פרחים נקה 7 750 מ""ל","אמיליה קוסמטיקס בע""מ",IL,שמפו נקה 7,מיליליטרים,750.00,"100 מ""ל",false,0,10.00,1.33,true,1,
7290001136294,false,"שמפו לשיער יבש בבישום פרחים נקה 7 750 מ""ל","אמיליה קוסמטיקס בע""מ",IL,שמפו נקה 7,מיליליטרים,750.00,"100 מ""ל",false,0,10.00,1.33,true,1,
7290001136362,false,נקה 7 תחליב רחצה אלוורה ארומה ירוק 1 ל',מיוצר בסין.יבוא ושיו,IL,תחליב רחצה נקה 7,ליטרים,1.00,ליטר,false,0,14.90,14.90,true,1,
7290001136683,false,"מרכך לשיער רגיל בבושם פרחים נקה 7 750 מ""ל","אמיליה קוסמטיקס בע""מ",IL,קונדישינר נקה 7,מיליליטרים,750.00,"100 מ""ל",false,0,10.00,1.33,true,1,
7290001136973,false,נקה 7 תחליב רחצה ארומה קמומיל לבן 1 ל',טרופיקל דגיל תעשיות,IL,תחליב רחצה נקה 7,ליטרים,1.00,ליטר,false,0,14.90,14.90,true,1,
7290001229231,false,לק43.,גייד,FR,לק43.,יחידה,1.00,יחידה,false,0,19.00,19.00,true,1,
7290001229903,false,לק קריסטל 80 יח',גייד,FR,לק קריסטל 80,יחידה,1.00,יחידה,false,0,19.00,19.00,true,1,
7290001305058,false,"פלמוליב - נטורלס תחליב רחצה חלב ודבש 500 מ""ל",הנסיך- מפעל לייצור ט,TR,סב.נוזלי פלמוליב,מיליליטרים,500.00,"100 מ""ל",false,0,18.90,3.78,true,1,
7290001676530,false,מחזק ציפורניים,קרליין,IL,מחזק ציפורניים,יחידה,1.00,יחידה,false,0,14.90,14.90,true,1,
7290001713150,false,סנט מוריץ מתז אקונומיקה Bleach קצף לימון 1 ליטר,קומפלקס כימיקלים בעמ,IL,קצף ניקוי,ליטרים,1.00,ליטר,false,1,9.90,9.90,true,1,
7290001713242,false,עלמה שקיות אשפה 25 יחידות 75*90 עם ידית,אסיר פלסט,TR,שקיות אשפה עם יד,יחידה,1.00,יחידה,false,1,11.90,11.90,true,1,
7290001713662,false,מרכך כביסה pure בניחוח מלון רויאל 1 ל' סנט מוריץ,"קומפלקס כימיקלים בע""",TR,מרכך כביסה בניחו,ליטרים,1.00,ליטר,false,1,11.90,11.90,true,1,
7290001817728,false,צ'יטוס אפוי כאפה בטעם קטשופ 55 גרם,"שטראוס פריטו ליי בע""\מ )",IL,צ'יטוס כפאה,גרמים,55.00,100 גרם,false,0,3.90,7.09,true,1,
7290001865439,false,פמילי אל סבון נוזלי בניחוח וניל 1 ליטר,אף.סי תבליני בגליל ב,IL,סבון נוזלי פמלי,ליטרים,1.00,ליטר,false,0,12.90,12.90,true,1,
7290001865453,false,פמילי לקשרי 1 ליטר לבנדר ארומטי+משאבה,מיוצר עי קונדיטוריית,TR,סבון נוזלי פמלי,ליטרים,1.00,ליטר,false,0,12.90,12.90,true,1,
7290001973233,false,"קמיל בלו מגבונים לחים סנסיטיב ד""ר פישר 120 יחידות",פישר מעבדות פרמצבטיות,IL,מגבונים +דיספנסר,יחידה,1.00,יחידה,false,0,13.90,13.90,true,1,
7290002000136,false,שעווה לחימום במיקרוגל - דבש ופרופוליס,"ש. שוורץ )באר שבע( בע""\מ",IL,שעוות מגע משי,גרמים,500.00,100 גרם,false,0,27.90,5.58,true,1,
7290002000143,false,"חדש -פנג'ל ק.ידיים קלאסיק 80מ""ל",מיוצר עי קונדיטוריית,IL,קרם ידיים פנג'ל,מיליליטרים,80.00,"100 מ""ל",false,0,8.50,10.63,true,1,
7290002001782,false,קרם לכף הרגל פנגאל פלוס,אינטרקוסמא,IL,קרם לכף הרגל,מיליליטרים,100.00,"100 מ""ל",false,0,21.90,21.90,true,1,
7290002002857,false,ניירות להסרת שיער בשעווה+ מקלון מריחה,"איטיליאן פוד, אס.פי.",IL,נייר שעווה,יחידה,1.00,יחידה,false,0,29.90,29.90,true,1,
7290002003168,false,"שלישיית קרם ידיים קלאסי פנג'ל 80 מ""ל",אינטרקוסמא 1985 במ,IL,קרם יד.פנג'ל 3יח,מיליליטרים,240.00,"100 מ""ל",false,0,20.90,8.71,true,1,
7290002041009,false,"חלאבילין אורגינל 10 מ""ל",תעשיות שיק,IL,דאו.חלאבילין,מיליליטרים,10.00,"100 מ""ל",false,0,39.90,399.00,true,1,
7290002041023,false,רעננה קרם דאו.לכף הרגל,תעשיות שיק,IL,קרם דאו לכף הרגל,מיליליטרים,10.00,"100 מ""ל",false,0,39.90,399.00,true,1,
7290002041368,false,"מידנייט דאודורנט ספריי 150 מ""ל",חלאבין,IL,דאודורנט ספריי,מיליליטרים,187.00,"100 מ""ל",false,0,22.90,12.25,true,1,
7290002041818,false,"דאו.רול און מידנייט80מ""ל",תעשיות שיק,IL,דאודורנט מידנייט,מיליליטרים,80.00,"100 מ""ל",false,0,22.90,28.63,true,1,
7290002269953,false,קרליין - מסיר איפור דו פאזי כחול,קרליין,IL,בלוז מסיר איפור,מיליליטרים,260.00,"100 מ""ל",false,0,44.90,17.27,true,1,
7290002515333,false,"ד""ר פישר - קמיל בלו סנסיטיב אל סבון עדין לתינוק 500 מ""ל",פישר מעבדות פרמצבטיות בע,IL,אלסבון קמיל בלו,מיליליטרים,500.00,"100 מ""ל",false,0,19.90,3.98,true,1,
7290002515371,false,"קמיל בלו אל סבון לתינוקות ד""ר פישר 1 ליטר",פישר מעבדות פרמצבטיות בע,IL,קמיל בלו לתינוק,ליטרים,1.00,ליטר,false,0,27.90,27.90,true,1,
7290002730538,false,פדיות להסרת איפור בלונס 80 יחידות,הנסיך- מפעל לייצור ט,GR,פדים להסרת איפור,יחידה,1.00,יחידה,false,0,9.90,9.90,true,1,
7290002730675,false,"קולגייט משחת שיניים אדומה משפחתי 100 מ""ל",קולגייט-פלמוליב,PL,משחת שיניים,מיליליטרים,100.00,"100 מ""ל",false,0,9.90,9.90,true,1,
7290002730811,false,"משחת שיניים ג'ל פסים מרעננים קולגייט 100 מ""ל",הנסיך- מפעל לייצור ט,PL,משחת קולגייט ג'ל,מיליליטרים,100.00,"100 מ""ל",false,0,13.90,13.90,true,1,
7290002752332,false,"סוכריות מנטוס פירות בגליל, 37.5 גרם",הדקלאים אגודת שיתופי,NL,סוכריות מנטוס,גרמים,37.00,100 גרם,false,0,3.90,10.54,true,1,
7290002752349,false,סוכריות מנטוס מנטה 40יח' בגליל 38ג',פרפטי ואן מלה,NL,סוכריות מנטוס,גרמים,37.00,100 גרם,false,0,3.90,10.54,true,1,
7290002768043,false,"תיאדנט מי-פה ענק פלאוריד 150 מ""ל",אמיליה קוסמטיקס בע'\'\מ,IL,מי פה תיאדנט,מיליליטרים,150.00,"100 מ""ל",false,0,15.90,10.60,true,1,
7290002768074,false,אל סבון נוזלי רגיל דרמפון 1 ליטר,"אמיליה קוסמטיקס בע""מ",IL,דרמפון אל סבון,ליטרים,1.00,ליטר,false,0,19.90,19.90,true,1,
7290002768159,false,"קצף אמבט בת אורן קרליין 500 מ""ל",פארק תעשיות עמק חפרמ,IL,סבון אמבט בת אור,מיליליטרים,500.00,"100 מ""ל",false,0,26.90,5.38,true,1,
7290002782131,false,"פנינה רוזנבלום - דאודורנט ספריי לאישה מס' 1 150 מ""ל",פנינה רוזנבלום,IL,דאודורנט פנינה,מיליליטרים,150.00,"100 מ""ל",false,0,36.90,24.60,true,1,
7290002782759,false,"פנינה קרם גוף רוזנבלום 400 מ""ל",פנינה רוזנבלום,IL,קרם גוף פנינה,מיליליטרים,340.00,"100 מ""ל",false,0,34.90,10.26,true,1,
7290002814016,false,"מסיר שומנים מתז 750 מ""ל סנט מוריץ כשל""פ עד""ח","קומפלקס כימיקלים בע""",IL,מסיר שומנים קר,מיליליטרים,750.00,"100 מ""ל",false,0,12.90,1.72,true,1,
7290002814078,false,סנט מוריץ נוזל לניקוי אמבט אנטרטיק 1ל',"קומפלקס כימיקלים בע""",IL,אנטרטיק לאמבט,ליטרים,1.00,ליטר,false,0,6.90,6.90,true,1,
7290002814498,false,"סנט מוריץ - מרסס חומץ לניקוי כללי 750 מ""ל",קומפלקס כימיקלים,TR,נוזל ניקוי כללי,מיליליטרים,750.00,"100 מ""ל",false,1,8.90,1.19,true,1,
7290002814825,false,סבון אסלה כדוריות שלישייה אוקיינוס כחול,"קומפלקס כימיקלים בע""",TR,כדוריות לאסלה3*,גרמים,150.00,100 גרם,false,1,10.00,6.67,true,1,
7290002814887,false,מטליות רצפה לניקוי ובישום סנטמוריץ,קומפלקס כימיקלים,CN,מטליות רצפה 10יח,יחידה,1.00,יחידה,false,1,10.00,10.00,true,1,
7290002904694,false,"טיטניום דאודורנט ספריי לגברים 150 מ""ל","אמיליה קוסמטיקס בע""מ",IL,דאודורנט טיטניום,מיליליטרים,180.00,"100 מ""ל",false,0,16.90,9.39,true,1,
7290003026029,false,"ד""ר פישר - קמיל בלו סנסיטיב שמפו אלדמע 500 מ""ל",פישר מעבדות פרמצבטיות בע,IL,שמפו קמיל בלו,מיליליטרים,500.00,"100 מ""ל",false,0,19.90,3.98,true,1,
7290003026036,false,"ד""ר פישר - קמיל בלו סנסיטיב אל סבון עדין לתינוק 1 ליטר",פישר מעבדות פרמצבטיות בע,IL,אל סבון קמיל בלו,ליטרים,1.00,ליטר,false,0,31.90,31.90,true,1,
7290003026227,false,"קמיל בלו שמפו לתינוק סנסיטיב אל דמע ד""ר פישר 1 ליטר",פישר מעבדות פרמצבטיות בע,IL,שמפו קמיל בלו,ליטרים,1.00,ליטר,false,0,31.90,31.90,true,1,
7290003026234,false,"ד""ר פישר - קמיל בלו תחליב לתינוק 500 מ""ל",פישר מעבדות פרמצבטיות בע,IL,קרם גוף לתינוק,גרמים,500.00,100 גרם,false,0,32.90,6.58,true,1,
7290003026319,false,"קמיל בלו משחת החתלה לתינוק ד""ר פישר 120 גרם",פישר מעבדות פרמצבטיות בע,IL,משחת החתלה סנסטי,גרמים,120.00,100 גרם,false,0,21.90,18.25,true,1,
7290003047642,false,תה שחור יילו לייבל 100*1.5 ג' שקיק ליפטון,"יונילוור רוסייה בע""מ",RU,תה ילו לייבל,גרמים,150.00,100 גרם,false,0,18.40,12.27,true,1,
7290003145768,false,בוטן אמריקאי קלית גת 50 גר,ששון ושות;#039& )ש.ת. תע,IL,בוטן מצופה 50גרם,גרמים,50.00,100 גרם,false,0,3.90,7.80,true,1,
7290003227402,false,מידנייט תחליב גוף 275 מל,חלאבין,IL,קרם גוף מידנייט,מיליליטרים,275.00,"100 מ""ל",false,0,36.90,13.42,true,1,
7290003227822,false,חלאבלין SPORTS דאודורנט קרם לבית השחי,תעשיות שיק,IL,קרם דאו.חלאבילין,מיליליטרים,10.00,"100 מ""ל",false,1,39.90,399.00,true,1,
7290003227990,false,"חלאבילין קרם דאודורנט לאישה, 10 ג'",תעשיות שיק,IL,דאו.קרם חלאבילין,מיליליטרים,10.00,"100 מ""ל",false,1,39.90,399.00,true,1,
7290003401369,false,"קרם לחות לשיער חוחובה נטורל פורמולה 400 מ""ל",מיוצר עי אמיליה קוסמ,IL,קרם לחות לשיער,מיליליטרים,400.00,"100 מ""ל",false,0,18.90,4.73,true,1,
7290003401376,false,"קרם לחות ועיצוב לשיער אלוורה נטורל 400 מ""ל",מיוצר עי אמיליה קוסמ,IL,קרם לחות לשיער,מיליליטרים,400.00,"100 מ""ל",false,0,18.90,4.73,true,1,
7290003401420,false,"קרם לחות לשיער סיליקון כתום נטורל 400 מ""ל",מיוצר עי אמיליה קוסמ,IL,קרם לחות לשיער,מיליליטרים,400.00,"100 מ""ל",false,0,18.90,4.73,true,1,
7290003401635,false,נטורל פורמולה לחות מעצבת לפתיחת תלתלים,מיוצר עי אמיליה קוסמ,IL,קרם לחות לשיער,מיליליטרים,400.00,"100 מ""ל",false,0,26.90,6.73,true,1,
7290003401642,false,"קרם לחות לתלתלים טבעיים נטורל פורמולה 400 מ""ל",מיוצר עי אמיליה קוסמ,IL,קרם לחות לשיער,מיליליטרים,400.00,"100 מ""ל",false,0,26.90,6.73,true,1,
7290003444009,false,הרשי ריזס חטיף במילוי בוטנים 42 גרם,ליימן מותגים,US,חטיף שוקולד חלב,גרמים,42.00,100 גרם,false,0,4.90,11.67,true,1,
7290003521166,false,"ד""ר פישר - סרקל קרם רוזמרין לילדים 325 מ""ל",פישר מעבדות פרמצבטיות בע,IL,סרקל קרם רוזמרין,מיליליטרים,325.00,"100 מ""ל",false,0,25.90,7.97,true,1,
7290003521197,false,"ד""ר פישר - סרקל תרסיס מתיר קשרים 340 מ""ל",פישר מעבדות פרמצבטיות בע,IL,סרקל מתיר קשרים,מיליליטרים,340.00,"100 מ""ל",false,0,25.90,7.62,true,1,
7290003521760,false,"פישר אפטרסול ג'ל אלוורה להרגעת העור, 200 מ""ל",פישר מעבדות פרמצבטיות בע,IL,ג'ל אלוורה,מיליליטרים,200.00,"100 מ""ל",false,0,29.90,14.95,true,1,
7290003917082,false,תיק רחצה כסף/זהב,ניקנור,IL,תיק רחצה כסף/זהב,יחידה,1.00,יחידה,false,0,44.90,44.90,true,1,
7290004014407,false,עדשי מ&מ'ס חמאת בוטנים46,מרס נדרלנד,US,עדשי מ&מ'ס,גרמים,46.00,100 גרם,false,1,5.00,10.87,true,1,
7290004043108,false,עדשי מ&מ'ס שוקולד 89 גרם,מרס,US,עדשי מ&מ'ס,גרמים,89.00,100 גרם,false,1,6.80,7.64,true,1,
7290004078942,false,ליידי ספיד סטיק - דאודורנט ג'ל לאישה 65 גרם,קולגייט-פלמוליב,US,דאודורנט,גרמים,65.00,100 גרם,false,0,17.90,27.54,true,1,
7290004464264,false,טל קרם רב שימושי אומגה 3,תעשיות שיק,IL,טל קרם רב שימושי,מיליליטרים,250.00,"100 מ""ל",false,1,27.90,11.16,true,1,
7290004464851,false,מידנייט U קרם גוף 400 משאבה,חלאבין,IL,קרם גוף מידנייט,מיליליטרים,400.00,"100 מ""ל",false,0,36.90,9.23,true,1,
7290005008481,false,ספיד סטיק - דאודורנט ג'ל לגבר ספורט 85 גרם,הנסיך- מפעל לייצור ט,US,ספיד סטיק ג'ל,גרמים,85.00,100 גרם,false,0,17.90,21.06,true,1,
7290005084355,false,סנסודין משחת שיניים דואל קר פלואוריד 75,גלקסו סמית קליין,GB,משחת שיניים,מיליליטרים,75.00,"100 מ""ל",false,0,18.90,25.20,true,1,
7290005084737,false,טפטפים - בייביסקין קרם החתלה ללא בושם 100 גרם,כ.צ.ט,IL,בייבי סקין משחה,גרמים,100.00,100 גרם,false,0,14.90,14.90,true,1,
7290005124686,false,בליסטקס שפתון-תות,מדיליין פריגו,IL,בליסטיק סטיק,יחידה,1.00,יחידה,false,0,15.90,15.90,true,1,
7290005200786,false,תפוצ'יפס בטעם שמנת בצל עלית 50 גרם,"שטראוס פריטו ליי בע""\מ )",IL,תפוצ'יפס שמנת,גרמים,50.00,100 גרם,false,0,4.90,9.80,true,1,
7290005418709,false,"נטורל קרם לחות לקיבוע תלתלים גלי 400 מ""ל",מיוצר עי אמיליה קוסמ,IL,קרם לחות לתלתלים,מיליליטרים,400.00,"100 מ""ל",false,0,26.90,6.73,true,1,
7290005418716,false,"קרם לחות לבניית תלתלים עגולים נטורל פורמולה 400 מ""ל",מיוצר עי אמיליה קוסמ,IL,קרם לחות לשיער,מיליליטרים,400.00,"100 מ""ל",false,0,26.90,6.73,true,1,
7290005423505,false,"אורביטול מי פה להלבנת השיניים 500 מ""ל",קוסמופארם,IL,מי פה אורביטול,מיליליטרים,500.00,"100 מ""ל",false,0,19.90,3.98,true,1,
7290005423567,false,מטליות ניקוי רב שימושיות בגליל סנו סושי 40 יחידות,אסותא תעשיות אלבד בע,IL,מטליות לניקוי,יחידה,1.00,יחידה,false,0,19.90,19.90,true,1,
7290005423635,false,ריצפז נוזל רצפות דוחה תיקנים סנו 2 ליטר,מיוצר עי קונדיטוריית,IL,ריצפז דוחה חרקים,ליטרים,2.00,ליטר,false,0,23.90,11.95,true,1,
7290005424403,false,"אל סבון כיף אצות ים קטיפתי 1ליטר,",טרופיקל דגיל תעשיות,IL,אל סבון כיף,ליטרים,1.00,ליטר,false,0,12.90,12.90,true,1,
7290005425127,false,"חיטוי משטחים 99.9% מתז לשומנים ואבנית 750 מ""ל","סנו מפעלי ברונוס בע""\מ",IL,מחטא/מנקה שומנים,מיליליטרים,750.00,"100 מ""ל",false,1,16.90,2.25,true,1,
7290005425646,false,קליר נוזל לניקוי חלונות רב תכליתי סנו 1 ליטר,"סנו מפעלי ברונוס בע""\מ",IL,סנוקליר 1 ליטר,ליטרים,1.00,ליטר,false,0,14.90,14.90,true,1,
7290005426568,false,"קרמה - קרם לחות לשיער רגיל 400 מ""ל",טרופיקל דגיל תעשיות,IL,קרם לחות קרמה,מיליליטרים,400.00,"100 מ""ל",false,0,24.90,6.23,true,1,
7290005426575,false,"קרמה לחות לשיער יבש ללא שטיפה 400 מ""ל",טרופיקל דגיל תעשיות,IL,קרם לחות קרמה,מיליליטרים,400.00,"100 מ""ל",false,0,24.90,6.23,true,1,
7290005427619,false,"כיף גל לשיער לשיער קוצים 1ק""ג",גוד פוד פרודקטס S.p,IL,ג'ל כיף לשיער,קילוגרמים,1.00,"ק""ג",false,0,23.90,23.90,true,1,
7290005427626,false,"ג'ל לעיצוב השיער למראה רטוב כיף 1 ק""ג",קוסמופארם בעמ,IL,ג'ל כיף לשיער,קילוגרמים,1.00,"ק""ג",false,0,23.90,23.90,true,1,
7290005427633,false,"כיף גל לשיער לשיער חזק במיוחד 1 ק""ג",קוסמופארם,IL,ג'ל כיף לשיער,קילוגרמים,1.00,"ק""ג",false,0,23.90,23.90,true,1,
7290005427770,false,"קרמה - קרם לחות לשיער לגבר 400 מ""ל",טרופיקל דגיל תעשיות,IL,קרמה לחות לשיער,מיליליטרים,400.00,"100 מ""ל",false,0,24.90,6.23,true,1,
7290005427787,false,"קרמה - קרם לחות לשיער מתולתל 400 מ""ל",טרופיקל דגיל תעשיות,IL,קרם לשיער קרמה,מיליליטרים,400.00,"100 מ""ל",false,0,24.90,6.23,true,1,
7290005427978,false,"תחליב רחצה לפנים פילינג קרמה 180 מ""ל",גוד פוד פרודקטס S.p,IL,תחליב רחצה לפנים,מיליליטרים,180.00,"100 מ""ל",false,0,15.90,8.83,true,1,
7290005430602,false,"סנו אוקסיג'ן ספריי להסרת כתמים עם חמצן פעיל 750 מ""ל","סנו מפעלי ברונוס בע""",IL,אוקסיג'ן מ.כתמים,מיליליטרים,750.00,"100 מ""ל",false,0,16.90,2.25,true,1,
7290005587825,false,לוריאל - דרמו מסיר איפור דו פאזי 125 עברית,"קרלסרו, גרמניה",DE,מסיר איפור,מיליליטרים,150.00,"100 מ""ל",false,0,31.90,21.27,true,1,
7290005680052,false,טמפונים סופר פלוס אובה 32 יחידות,גונסון אנד גונסון,GR,טמפוני או-בה,יחידה,1.00,יחידה,false,0,30.90,30.90,true,1,
7290005930850,false,סט בניחוח לבנדר,,IL,סט בניחוח לבנדר,יחידה,1.00,יחידה,false,0,43.90,43.90,true,1,
7290006185501,false,"פנינה רוזנבלום -אל סבון נוזלי ורוד,1 ליטר",פנינה רוזנבלום,IL,סבון נוזלי ורוד,ליטרים,1.00,ליטר,false,0,8.90,8.90,true,1,
7290006229427,false,סן בנדטו - מים מינרלים - מארז שישיית 500 מל,קריות זול,IT,סאן בנדטו 6 יח',ליטרים,3.00,ליטר,false,0,12.90,4.30,true,1,
7290006401366,false,"סבון לשטיפה אינטימית ליגיניה פרוטקטיב 200 מ""ל",)פייזר (קונסיומר הלט קר,IT,ליגיניה סבון,מיליליטרים,200.00,"100 מ""ל",false,0,31.90,15.95,true,1,
7290006651570,false,"קמיל בלו צמחי מרפא שמפו ואל סבון ד""ר פישר 750 מ""ל",פישר מעבדות פרמצבטיות בע,IL,שמפו/אל סבון,מיליליטרים,750.00,"100 מ""ל",false,0,18.90,2.52,true,1,
7290006712981,false,"משחת שיניים קולגייט ספיידרמן מגיל שש 50 מ""ל",הנסיך- מפעל לייצור ט,PL,משחת שיניים,מיליליטרים,50.00,"100 מ""ל",false,0,12.90,25.80,true,1,
7290006784360,false,חלונית סנט מוריץ לניקוי חלונות 1 ליטר,"קומפלקס כימיקלים בע""",IL,מרסס חלונית,ליטרים,1.00,ליטר,false,0,6.90,6.90,true,1,
7290006788269,false,קרליין פרפקט קר סרום למיצוק העור,קרליין,IL,סרום למיצוק,מיליליטרים,30.00,"100 מ""ל",false,0,99.00,330.00,true,1,
7290006788290,false,"קרליין - חלב פנים לעור רגיל / מעורב 260 מ""ל",קרליין,IL,חלב פנים,מיליליטרים,260.00,"100 מ""ל",false,0,39.90,15.35,true,1,
7290006788320,false,קרליין - מי פנים לעור יבש ללא אלכוהול,קרליין,IL,מי פנים לעור יבש,מיליליטרים,260.00,"100 מ""ל",false,0,39.90,15.35,true,1,
7290006788375,false,קרליין דאודורנט סטיק נושם ורוד,מיוצר עי : אמיליה קוסמטי,IL,דאודורנט קרליין,מיליליטרים,50.00,"100 מ""ל",false,0,18.90,37.80,true,1,
7290006788399,false,"דאו רול און נושם סנסיטיב ירוק קרליין 75 מ""ל",אמיליה קוסמטיקס בעמ,IL,דאודורנט קרליין,מיליליטרים,75.00,"100 מ""ל",false,0,13.90,18.53,true,1,
7290006788412,false,"קרליין - נושם אקווה דאודורנט רול און לאישה כחול 75 מ""ל",אמיליה קוסמטיקס בעמ,IL,דאודורנט קרליין,מיליליטרים,75.00,"100 מ""ל",false,0,13.90,18.53,true,1,
7290006788429,false,"קרליין - נושם סאן רייס דאודורנט רול און לאישה כתום 75 מ""ל","אמיליה קוסמטיקס בע""מ",IL,דאודורנט קרליין,מיליליטרים,75.00,"100 מ""ל",false,0,13.90,18.53,true,1,
7290006788443,false,"קרליין - נושם אוקסיג'ן דאודורנט רול און לאישה סגול 75 מ""ל","אמיליה קוסמטיקס בע""מ",IL,דאודורנט קרליין,מיליליטרים,75.00,"100 מ""ל",false,0,13.90,18.53,true,1,
7290006788467,false,"קרליין - נושם אקטיב דאודורנט ספריי לאישה בורדו 200 מ""ל",מיוצר עי : אמיליה קוסמטי,IL,דאודורנט קרליין,מיליליטרים,200.00,"100 מ""ל",false,0,13.90,6.95,true,1,
7290006788481,false,"קרליין - נושם סאן רייס דאודורנט ספריי לאישה כתום 200 מ""ל",מיוצר עי : אמיליה קוסמטי,IL,דאודורנט קרליין,מיליליטרים,200.00,"100 מ""ל",false,0,13.90,6.95,true,1,
7290006788498,false,"קרליין - נושם פיור דאודורנט ספריי לאישה ורוד 200 מ""ל",מיוצר עי : אמיליה קוסמטי,IL,דאודורנט קרליין,מיליליטרים,200.00,"100 מ""ל",false,0,13.90,6.95,true,1,
7290006788504,false,"קרליין - נושם אוקסיג'ן דאודורנט ספריי לאישה סגול 200 מ""ל",מיוצר עי : אמיליה קוסמטי,IL,דאודורנט קרליין,מיליליטרים,200.00,"100 מ""ל",false,0,13.90,6.95,true,1,
7290006788559,false,"טיטניום ICE דאודורנט תרסיס ספריי 180 מ""ל",אמיליה קוסמטיקס בעמ,IL,דאודורנט טיטניום,מיליליטרים,180.00,"100 מ""ל",false,0,16.90,9.39,true,1,
7290006789631,false,קרליין קרם לחות לשיער רגיל 400 גרם,מיוצר עי : אמיליה קוסמטי,IL,קרם לחות לשיער,מיליליטרים,400.00,"100 מ""ל",false,0,20.90,5.23,true,1,
7290006789655,false,"קרם לחות לסירוק קל לשיער מתולתל ומקורזל 10 קרליין 400 מ""ל",מיוצר עי : אמיליה קוסמטי,IL,קרם לחות לשיער,מיליליטרים,400.00,"100 מ""ל",false,0,20.90,5.23,true,1,
7290006789914,false,"קרליין - מי פנים אויל פרי 260 מ""ל",קרליין,IL,FREE OIL מי פנים,מיליליטרים,260.00,"100 מ""ל",false,0,39.90,15.35,true,1,
7290006992208,false,מטרנה דייסת 8 דגנים מעורבים 200 גרם,מטרנה תעשיות ש.מ,IL,דייסת מטרנה,גרמים,200.00,100 גרם,false,0,14.50,7.25,true,1,
7290006992390,false,"מטרנה - דייסת וניל פרוביוטי כשל""פ 200 גרם",מולינו ניקולי s.p.a,IL,דייסת וניל מטרנה,גרמים,200.00,100 גרם,false,0,14.50,7.25,true,1,
7290008000246,false,"פמינה - שטיפה אינטימית מועשר באלוורה 220 מ""ל",פמינה,IL,שטיפה + אלוורה,מיליליטרים,220.00,"100 מ""ל",false,0,29.90,13.59,true,1,
7290008000796,false,"סופרמן משחת שיניים לילדים בטעם פירות כצט 50 מ""ל",כצט נוביס,IL,משחת שיניים,מיליליטרים,50.00,"100 מ""ל",false,0,11.90,23.80,true,1,
7290008000826,false,"משחת שיניים לילדים בטעם פירות לגילאים 2-6 כצט 50 מ""ל",כצט נוביס,IL,משחת שיניים ברבי,מיליליטרים,50.00,"100 מ""ל",false,0,10.90,21.80,true,1,
7290008104050,false,"שטיפת אינטימית לקטופיל פמינה 220 מ""ל",כצט נוביס סעמ,IL,תחליב פמינה,מיליליטרים,220.00,"100 מ""ל",false,0,24.90,11.32,true,1,
7290008116534,false,ליסטרין שטיפת פה קול מינט 250 מל,ג'\ונסון אנד ג'\ונסון,IT,מי פה ליסטרין,מיליליטרים,250.00,"100 מ""ל",false,0,10.00,4.00,true,1,
7290008116541,false,"שטיפת פה ליסטרין קול מינט 500 מ""ל",ג'\ונסון אנד ג'\ונסון,IT,מי פה ליסטרין,מיליליטרים,500.00,"100 מ""ל",false,0,34.90,6.98,true,1,
7290008116558,false,ליסטירין מי פה בטעם מנטה מרענן 250 מל,ג'\ונסון אנד ג'\ונסון,IT,מי פה ליסטרין,מיליליטרים,250.00,"100 מ""ל",false,0,10.00,4.00,true,1,
7290008116565,false,ליסטרין שטיפת פה פרש 500 מל,ג'\ונסון אנד ג'\ונסון,IT,מי פה ליסטרין,מיליליטרים,500.00,"100 מ""ל",false,0,34.90,6.98,true,1,
7290008116862,false,בלנאום שמן רחצה יומיומי לתינוקות וילדים,ניאופארם,IL,בלנאום בייבי,מיליליטרים,500.00,"100 מ""ל",false,0,98.90,19.78,true,1,
7290008264037,false,פינצטה אלכסון,סולינגן,IL,פינצטה אלכסון,יחידה,1.00,יחידה,false,0,39.90,39.90,true,1,
7290008264051,false,פינצטה ישרה שחור,סולינגן,IL,פינצטה ישרה שחור,יחידה,1.00,יחידה,false,0,39.90,39.90,true,1,
7290008264075,false,פינצטה מכופפת,סולינגן,IL,פינצטה מכופפת,יחידה,1.00,יחידה,false,0,39.90,39.90,true,1,
7290008264259,false,מספריים להב ארוך,סולינגן,IL,מספריים להב ארוך,יחידה,1.00,יחידה,false,0,110.90,110.90,true,1,
7290008264280,false,מספריים קומבי,סולינגן,IL,מספריים קומבי,יחידה,1.00,יחידה,false,0,110.90,110.90,true,1,
7290008264334,false,סולינגן-צבתית 12 ס'מ,סולינגן,IL,סולינגן-צבתית 12,יחידה,1.00,יחידה,false,0,174.00,174.00,true,1,
7290008264372,false,קוצץ גדול+פלסטיק,סולינגן,IL,קוצץ גדול+פלסטיק,יחידה,1.00,יחידה,false,0,45.90,45.90,true,1,
7290008264389,false,קוצץ קטן+שרשרת,סולינגן,IL,קוצץ קטן+שרשרת,יחידה,1.00,יחידה,false,0,27.00,27.00,true,1,
7290008264457,false,אבן לרגל,סולינגן,IL,אבן לרגל,יחידה,1.00,יחידה,false,0,17.00,17.00,true,1,
7290008264464,false,מעגל ריסים יח',סולינגן,IL,מעגל ריסים,יחידה,1.00,יחידה,false,1,48.00,48.00,true,1,
7290008264471,false,משייף +ידית לבנה,סולינגן,KP,משייף +ידית לבנה,יחידה,1.00,יחידה,false,0,16.90,16.90,true,1,
7290008264488,false,"פצירת אקריל 18 ס""מ",סולינגן,IL,פצירת אקריל 18 ס,יחידה,1.00,יחידה,false,0,18.00,18.00,true,1,
7290008264792,false,מחדד איפור כפול,סולינגן,IL,מחדד איפור כפול,יחידה,1.00,יחידה,false,0,19.00,19.00,true,1,
7290008318518,false,"דאו.לאבליין ספריי 187מ""ל",חלאבין,IL,דאודורנט לאבליין,מיליליטרים,187.00,"100 מ""ל",false,0,22.90,12.25,true,1,
7290008318990,false,"מידנייט קרם ידיים 100 מ""ל",חלאבין,IL,קרם ידיים,מיליליטרים,100.00,"100 מ""ל",false,0,12.90,12.90,true,1,
7290008443616,false,"מרכך לשיער יבש אדום נקה 7 750 מ""ל","אמיליה קוסמטיקס בע""מ",IL,קונדישנר נקה 7,מיליליטרים,750.00,"100 מ""ל",false,0,10.00,1.33,true,1,
7290008464505,false,סן בנדטו - מים מנרליים 500 מל,אקווה מינרלה סאן בנדטו ב,IT,סאן בנדטו רגיל 0,מיליליטרים,500.00,"100 מ""ל",false,0,5.00,1.00,true,1,
7290008745239,false,תפוצ'יפס קראנצ' בטעם טבעי עלית 50 גרם,"שטראוס פריטו ליי בע""\מ )",IL,תפוצ'יפס קראנצ',גרמים,50.00,100 גרם,false,0,4.90,9.80,true,1,
7290008753111,false,תפוצ'יפס קראנץ' בטעם מקסיקני עלית 50 גרם,"שטראוס פריטו ליי בע""\מ )",IL,תפוצ'יפס קראנצ',גרמים,50.00,100 גרם,false,0,4.90,9.80,true,1,
7290008893305,false,GOLD עפרון עיניים,גייד,IT,GOLD עפרון עיניי,יחידה,1.00,יחידה,false,0,39.00,39.00,true,1,
7290008893329,false,עפרון עינים הי פרסיז'ן02,גייד,IT,עפרון עינים הי פ,יחידה,1.00,יחידה,false,0,39.00,39.00,true,1,
7290008893367,false,עפרון עינים פרסיז'ן04,גייד,IT,עפרון עינים פרסי,יחידה,1.00,יחידה,false,0,39.00,39.00,true,1,
7290008894050,false,מייק אפ קומפקט 02,גייד,IT,מייק אפ קומפקט02,יחידה,1.00,יחידה,false,0,103.90,103.90,true,1,
7290008894074,false,מייק אפ קומפקט 03,גייד,IT,מייק אפ קומפקט03,יחידה,1.00,יחידה,false,0,103.90,103.90,true,1,
7290010065295,false,פרינוק - מחית תפוחי עץ ובננה 130 גרם,פרינוק,CZ,פרינוק מחית,גרמים,130.00,100 גרם,false,0,4.70,3.62,true,1,
7290010065332,false,מחית תפוח עץ בננה ג'וניור פרינוק 190 גרם,פרוטה פודווין איי.אס,CZ,פריניוק ג'וניור,גרמים,190.00,100 גרם,false,0,5.90,3.11,true,1,
7290010065745,false,מחית לפתן פירות ג'וניור פרינוק 190 גרם,פרוטה פודווין איי.אס,CZ,פרינוק ג'וניור,גרמים,190.00,100 גרם,false,0,5.90,3.11,true,1,
7290010117864,false,דוריטוס חטיף תירס בטעם חריף אש עלית 70 גרם,"שטראוס פריטו ליי בע""\מ )",IL,דוריטוס חריף,גרמים,70.00,100 גרם,false,0,4.90,7.00,true,1,
7290010182985,false,חלאבלין דאודורנט סטיק 72 שעות כחול,חלאבין,IL,דאו.סטיק 50 מל,מיליליטרים,50.00,"100 מ""ל",false,0,21.90,43.80,true,1,
7290010182992,false,חלאבלין דאודורנט סטיק 72 שעות אדום,חלאבין,IL,דאו.סטיק 50 מל,מיליליטרים,50.00,"100 מ""ל",false,0,21.90,43.80,true,1,
7290010237531,false,"פפסי קולה פלסטיק 500 מ""ל","טמפו משקאות בע""ם.",IL,פפסי בקבוק,מיליליטרים,500.00,"100 מ""ל",false,0,5.90,1.18,true,1,
7290010237562,false,משקה פפסי מרינדה קוו,"טמפו משקאות בע""מ",IL,מירינדה,מיליליטרים,500.00,"100 מ""ל",false,0,5.90,1.18,true,1,
7290010237579,false,משקה סבן אפ קוול 500,"טמפו משקאות בע""מ",IL,סבנ אפ,מיליליטרים,500.00,"100 מ""ל",false,0,5.90,1.18,true,1,
7290010237586,false,"סבן אפ דיאט בקבוק 500 מ""ל",טמפו 7.5%,IL,סבנ אפ דיאט,מיליליטרים,500.00,"100 מ""ל",false,0,5.90,1.18,true,1,
7290010379934,false,לק גוון 359,קרליין,IL,לק גוון 359,יחידה,1.00,יחידה,false,0,14.90,14.90,true,1,
7290010380466,false,"קרליין - קרם ג'ל לפנים יאנג 50 מ""ל 15SPF",קרליין,IL,YOUNG קרם ג'ל SP,מיליליטרים,50.00,"100 מ""ל",false,0,59.90,119.80,true,1,
7290010380756,false,"קרליין - מייק אפ קאר & גלואו 114 30 מ""ל",קרליין,IL,Care&Glow 114,מיליליטרים,30.00,"100 מ""ל",false,0,89.90,299.67,true,1,
7290010381272,false,קרליין - דיפ ליינר שחור 80,קרליין,DE,דיפ ליינר 80,יחידה,1.00,יחידה,false,0,54.90,54.90,true,1,
7290010381388,false,עפרון עיניים עם חידוד108,קרליין,DE,עפרון עיניים,יחידה,1.00,יחידה,false,0,29.90,29.90,true,1,
7290010381449,false,קרליין - עפרון שפתיים עם חידוד 154,קרליין,DE,עפרון שפתיים,יחידה,1.00,יחידה,false,0,29.90,29.90,true,1,
7290010381487,false,קרליין - עפרון שפתיים עם חידוד 158,קרליין,DE,עפרון שפתיים,יחידה,1.00,יחידה,false,0,29.90,29.90,true,1,
7290010381593,false,קרליין - עפרון עיניים ללא חידוד 209,קרליין,DE,עפרון עיניים,יחידה,1.00,יחידה,false,0,29.90,29.90,true,1,
7290010429554,false,"שמן זית כתית מעולה יד מרדכי 2 קלאסי, 750 מ""ל",מכוורת יד מרדכי שטראוס ב,IL,שמן זית 2 קלאסי,מיליליטרים,750.00,"100 מ""ל",false,0,39.90,5.32,true,1,
7290010748853,false,"ד""ר פישר - אפקטיב קר קרם ידיים סנסיטיב 150 מ""ל",פישר מעבדות פרמצבטיות בע,IL,קרם ידיים,מיליליטרים,150.00,"100 מ""ל",false,0,17.90,11.93,true,1,
7290010748877,false,"אפקטיב קר קרם גוף סנסטיב לעור רגיש ח 700 מ""ל",פישר מעבדות פרמצבטיות בע,IL,"ד""ר פישר קרם גוף",מיליליטרים,700.00,"100 מ""ל",false,0,29.90,4.27,true,1,
7290010748891,false,אפקטיב קר קרם גוף מולטי ויטמין לעור רגיל יבש ח 7,פישר מעבדות פרמצבטיות בע,IL,קרם גוף,מיליליטרים,700.00,"100 מ""ל",false,0,29.90,4.27,true,1,
7290010822010,false,"ג'אמפ תפוז 500 מ""ל","טמפו משקאות בע""מ",IL,ג'אמפ תפוז 500,מיליליטרים,500.00,"100 מ""ל",false,0,5.90,1.18,true,1,
7290010822034,false,"ג'אמפ ענבים 500 מ""ל","טמפו משקאות בע""מ",IL,ג'אמפ ענבים 500,מיליליטרים,500.00,"100 מ""ל",false,0,5.90,1.18,true,1,
7290010883059,false,מברשת שיניים חשמלית בוב ספוג אורביטול,ELECTRIC S.S.,CN,מברשת שיניים,יחידה,1.00,יחידה,false,0,38.90,38.90,true,1,
7290011026066,false,"ד""ר פישר - סרקל שמפו + מרכך לילדים 1 ליטר",פישר מעבדות פרמצבטיות בע,IL,סרקל 2 ב1-,ליטרים,1.00,ליטר,false,0,23.90,23.90,true,1,
7290011026301,false,"ד""ר פישר - שמפו לשיער כסוף 400 מ""ל",פישר מעבדות פרמצבטיות,IL,שמפו לשיער כסוף,מיליליטרים,400.00,"100 מ""ל",false,1,28.90,7.23,true,1,
7290011026523,false,שמפו לתינוק לפני השינה Senstive עם לבנדר וקמומיל,פישר מעבדות פרמצבטיות בע,IL,אל דמע קמיל,מיליליטרים,500.00,"100 מ""ל",false,0,19.90,3.98,true,1,
7290011026530,false,ק.ב סנסטיב אל סבון לבנדר קמומיל לפני השינה 500 מ,פישר מעבדות פרמצבטיות בע,IL,אל סבון קמיל,מיליליטרים,500.00,"100 מ""ל",false,0,19.90,3.98,true,1,
7290011113889,false,קרליין - איילינר שחור עמיד EVERLATS,קרליין,IT,איליינר שחור,יחידה,1.00,יחידה,false,0,54.90,54.90,true,1,
7290011113926,false,דאודורנט ספריי טיטניום בלאק Titanium Black,משווק: וסמופארם בעממ,IL,דאודורנט טיטניום,מיליליטרים,200.00,"100 מ""ל",false,0,16.90,8.45,true,1,
7290011114718,false,קרליין - סומק 09,קרליין,,סומק עמיד,יחידה,1.00,יחידה,false,0,50.90,50.90,true,1,
7290011115166,false,נקה 7 ארומה סבון נוזלי לבנדר 1 ל',טרופיקל דגיל תעשיות,IL,תחליב רחצה נקה 7,ליטרים,1.00,ליטר,false,0,14.90,14.90,true,1,
7290011116231,false,קרליין - שפתון ליפ קולור 710,קרליין,IL,שפתון דו צדדי,יחידה,1.00,יחידה,false,0,64.90,64.90,true,1,
7290011116392,false,קרליין - פודרה פיקס אנד גו 01,קרליין,IT,פודרה למראה אחיד,יחידה,1.00,יחידה,false,0,59.90,59.90,true,1,
7290011116422,false,קרליין - פודרה פיקס אנד גו 04,קרליין,IT,פודרה למראה אחיד,יחידה,1.00,יחידה,false,0,59.90,59.90,true,1,
7290011132507,false,סן בנדטו- מים מנרליים - מוגז עדין 500 מל,אקווה מינרלה סאן בנדטו ב,IT,סאן בנדטו מוגז 0,מיליליטרים,500.00,"100 מ""ל",false,0,5.00,1.00,true,1,
7290011332983,false,מגבונים לניקוי אף מגבונאף קמיל בלו- מארז שלישייה,פישר מעבדות פרמצבטיות בע,IL,מגבונאף קמיל בלו,יחידה,1.00,יחידה,false,0,23.90,23.90,true,1,
7290011505714,false,נשכן נובי רך במיוחד,N.L.PRODUCT,CN,נשכן נובי,יחידה,1.00,יחידה,false,0,34.90,34.90,true,1,
7290011517564,false,רוז לאב ליין דאו.רול און 48 ללא אלומיניו,חלאבין Halvin,IL,דאו.רולאון,מיליליטרים,80.00,"100 מ""ל",false,0,22.90,28.63,true,1,
7290011517588,false,LL-R נצנצים קרם גוף 275 מל',חלאבין,IL,קרם גוף חלאבין,מיליליטרים,275.00,"100 מ""ל",false,0,36.90,13.42,true,1,
7290011525316,false,"ד""ר פישר - קמיל בלו סנסיטיב תחליב לתינוק שיבולת 500 מ""ל",פישר מעבדות פרמצבטיות בע,IL,קמיל בלו,מיליליטרים,500.00,"100 מ""ל",false,0,28.90,5.78,true,1,
7290011525323,false,אל סבון טיפולי לתינוק קמיל בלו סנסטיב שיבולת שועל,פישר מעבדות פרמצבטיות בע,IL,אל סבון קמיל בלו,מיליליטרים,500.00,"100 מ""ל",false,0,21.90,4.38,true,1,
7290011525712,false,"קמיל בלו אל סבון סנסיטיב לפני השינה ד""ר פישר 1 ליטר",פישר מעבדות פרמצבטיות בע,IL,אלסבון קמיל,ליטרים,1.00,ליטר,false,0,31.90,31.90,true,1,
7290011525729,false,שמפו לתינוק קמיל בלו סנסטיב לפני השינה עם לבנדר וקמומיל,פישר מעבדות פרמצבטיות בע,IL,שמפו קמיל בלו,ליטרים,1.00,ליטר,false,0,31.90,31.90,true,1,
7290011598211,false,"סנו - אנטי קאלק מרסס ניקוי כללי 4 ב-1 700 מ""ל",מיוצר עי קונדיטוריית,IL,סנו אנטי קאלק,מיליליטרים,700.00,"100 מ""ל",false,0,16.90,2.41,true,1,
7290011607180,false,"אבקת כביסה קולון 101 1.25 ק""ג",ריקט בנקיזר ( ניר אי,IL,אבקת כביסה קולון,קילוגרמים,1.25,"ק""ג",false,0,15.90,12.72,true,1,
7290011618025,false,בייבי ביס הוט קידס נגיסי אורז לתינוק,גואנז'ו יונג וואנט פ,CN,בייבי ביס,גרמים,50.00,100 גרם,false,0,14.90,29.80,true,1,
7290011618216,false,נגיסי אורז בייבי ביס בננה 50 גרם,גואנז'ו יונג וואנט פ,CN,בייבי ביס,גרמים,50.00,100 גרם,false,0,14.90,29.80,true,1,
7290011622305,false,כתמטמינים חטיף לתינוקות אצבעות בוטנים ותירס - רביעיה,הארט Heart,IL,רביעיית כתמתמים,גרמים,80.00,100 גרם,false,0,11.90,14.88,true,1,
7290011622428,false,כתמטמינים-חטיף בריאות לתינוקות וילדים 45 ג',מיוצר עבור גולדן האר,IL,חטיף בריאות,גרמים,45.00,100 גרם,false,0,7.50,16.67,true,1,
7290011622664,false,כתמטמינים - חטיף אצבעות טחינה אורז ותירס 45 גרם,אלס נוטרישן,IL,כתמטמינים טחינה,גרמים,45.00,100 גרם,false,1,7.90,17.56,true,1,
7290011622756,false,ביסקוויטמינים פלוס בטעם שוקולד 150 גרם,מצות אביב בעמ,IL,ביסקויטמינים,גרמים,150.00,100 גרם,false,1,16.90,11.27,true,1,
7290011622763,false,ביסקוויטמינים פלוס בטעם וניל 150 גרם,מולינו ניקולי s.p.a,IL,ביסקויטמינים,גרמים,150.00,100 גרם,false,1,16.90,11.27,true,1,
7290011622770,false,אצבעונים - פלוס בטעם וניל 130 גרם,מצות אביב בעמ,IL,אצבעונים בטעם ונ,גרמים,130.00,100 גרם,false,1,23.90,18.38,true,1,
7290011668143,false,מסיכה משקמת ומטפחת לשיער צבוע ופגום,פנינה רוזנבלום PR,IL,מסיכה לשיער,קילוגרמים,1.00,"ק""ג",false,0,39.90,39.90,true,1,
7290011714871,false,בליסטקס סטיק פטל לימון,מדיליין פריגו,IL,בליסטיק רפיל תות,יחידה,1.00,יחידה,false,0,15.90,15.90,true,1,
7290011743833,false,"סנסודיין משחת שיניים פרונאמל 75 מ""ל",גלקסו סמית קליין,GB,משחת שיניים,מיליליטרים,75.00,"100 מ""ל",false,0,20.00,26.67,true,1,
7290011744892,false,"אקווה פרש - משחת שיניים ילדים ג'וניור 6+ 50 מ""ל",גלקסו סמית קליין,SK,משחת שיניים א.פ,מיליליטרים,50.00,"100 מ""ל",false,0,14.90,29.80,true,1,
7290011745707,false,משחת שיניים פרונמל Pro namel לילדים לגילאי 6-12,גלקסו סמית קליין,SK,משחת שיניים,מיליליטרים,50.00,"100 מ""ל",false,0,16.90,33.80,true,1,
7290011765088,false,ג'ל גילוח לעור רגיל מנטול Cool,טרופיקל דגיל תעשיות,TR,ג'ל גילוח קרמה,מיליליטרים,200.00,"100 מ""ל",false,0,16.90,8.45,true,1,
7290011765095,false,קרמה מן גל גילוח אלוורה ירוק 200 מל,טרופיקל דגיל תעשיות,TR,ג'ל גילוח קרמה,מיליליטרים,200.00,"100 מ""ל",false,0,16.90,8.45,true,1,
7290011765316,false,מברשת שיניים לילדים עם שעון 4-8 אורביטול,החברה הדרומית,CN,מברשת שיניים,יחידה,1.00,יחידה,false,0,10.90,10.90,true,1,
7290011765392,false,"בוב ספוג שמפו לשיער לסירוק קל כיף 750 מ""ל",טרופיקל דגיל תעשיות,IL,שמפו כיף ילדים,מיליליטרים,750.00,"100 מ""ל",false,0,12.90,1.72,true,1,
7290011765422,false,אל סבון מועשר בלחות ותמצית קמומיל - בוב ספוג,קוסמופארם בע'\'\מ,IL,אלסבון כיף,מיליליטרים,750.00,"100 מ""ל",false,0,12.90,1.72,true,1,
7290011765446,false,משחת שיניים לילדים בוב ספוג בטעם מיץ ענבים עם פלואוריד למניעת עששת,טרופיקל דגיל תעשיות קוסמ,IL,משחת שיניים,גרמים,70.00,100 גרם,false,0,11.90,17.00,true,1,
7290011870232,false,שלט מארז 8 סוללה פוג,פוג'יקום,CN,סוללות פוג'יקום,יחידה,1.00,יחידה,false,0,16.90,16.90,true,1,
7290011870263,false,סוללה אצבע מארז 8 פו,פוג'יקום,CN,סוללות פוג'יקום,יחידה,1.00,יחידה,false,0,16.90,16.90,true,1,
7290011870737,false,סוללה פוגיקום בינוני,פוג'יקום,CN,סוללת פוג'י,יחידה,1.00,יחידה,false,0,19.90,19.90,true,1,
7290011870744,false,סוללה מרובע פוגיקום,פוג'יקום,CN,סוללת פוג'י,יחידה,1.00,יחידה,false,0,19.90,19.90,true,1,
7290011877927,false,אורביטול טריפלאקשיין בטעם סמוז מינט,קוסמופארם בע'\'\מ,IL,מי פה אורביטול,מיליליטרים,500.00,"100 מ""ל",false,0,20.90,4.18,true,1,
7290011912642,false,ליסטרין שטיפת פה הגנה על השיניים והחניכי,ג'\ונסון אנד ג'\ונסון,IT,מי פה ליסטרין,מיליליטרים,500.00,"100 מ""ל",false,0,34.90,6.98,true,1,
7290012117398,false,קרמה מן גל לאחר גילוח לעור עדין 150 מל,החברה הדרומית,IL,קרמה ג'ל גילוח,מיליליטרים,150.00,"100 מ""ל",false,0,29.90,19.93,true,1,
7290012117411,false,"שמפו וג'ל רחצה רויבוס 700 מ""ל ""קרמה""",קוסמופארם בע'\'\מ,IL,קרמה ג'ל רחצה,מיליליטרים,700.00,"100 מ""ל",false,0,22.90,3.27,true,1,
7290012117428,false,"ג'ל רחצה ושמפו מעיינות מנטה קרמה מן 700 מ""ל",טרופיקל דגיל תעשיות,IL,קרמה ג'ל רחצה,מיליליטרים,700.00,"100 מ""ל",false,0,22.90,3.27,true,1,
7290012117435,false,"קרמה - שמפו וג'ל רחצה 2 ב-1 אלוורה 700 מ""ל",טרופיקל דגיל תעשיות,IL,קרמה ג'ל רחצה,מיליליטרים,700.00,"100 מ""ל",false,0,22.90,3.27,true,1,
7290012117534,false,מרכך כביסה מרוכז תכלת קול סנו מקסימה 1 ליטר,"סנו מפעלי ברונוס בע""\מ",IL,מקסימה ס.מרוכז,ליטרים,1.00,ליטר,false,0,17.90,17.90,true,1,
7290012117558,false,מקסימה מרכך כביסה מרוכז ורוד בניחוח מאסק סנו 1 ליטר,"סנו מפעלי ברונוס בע""\מ",IL,מקסימה ס.מרוכז,ליטרים,1.00,ליטר,false,0,17.90,17.90,true,1,
7290012117626,false,שטיפת פה דנטלית לילדים בטעם ענבים בוב ספוג,קוסמופארם בע'\'\מ,IL,אורביטול מי פה,מיליליטרים,250.00,"100 מ""ל",false,0,16.90,6.76,true,1,
7290012192104,false,חלאבלין רול און 72 שעות כחול,חלאבין Halvin,IL,חלאבלין רול און,מיליליטרים,60.00,"100 מ""ל",false,0,21.90,36.50,true,1,
7290012193071,false,גורדן קסמי שיניים דקים מארז זוג,ג'ורדן,IL,ג'ורדן מארז זוג,יחידה,1.00,יחידה,false,0,28.90,28.90,true,1,
7290012350245,false,"קרליין - קרם יום משקם רויואל 50 מ""ל",קרליין,IL,רויול קרם יום,מיליליטרים,50.00,"100 מ""ל",false,0,140.00,280.00,true,1,
7290012350252,false,"קרליין - קרם יום לילה רויואל 50 מ""ל",קרליין,IL,רויול קרם לילה,מיליליטרים,50.00,"100 מ""ל",false,0,140.00,280.00,true,1,
7290012350276,false,"קרליין - סרום רויואל 30 מ""ל",קרליין,IL,REVIVAL סרום,מיליליטרים,30.00,"100 מ""ל",false,0,140.00,466.67,true,1,
7290012350634,false,קרליין - עפרון שפתיים עם חידוד 160,קרליין,DE,עפרון שפתיים,יחידה,1.00,יחידה,false,0,29.90,29.90,true,1,
7290012350665,false,קרליין - עפרון שפתיים עם חידוד 163,קרליין,,עפרון שפתיים,יחידה,1.00,יחידה,false,0,29.90,29.90,true,1,
7290012350771,false,קרליין - עפרון עיניים עם חידוד 111,קרליין,DE,עפרון עיניים,יחידה,1.00,יחידה,false,0,29.90,29.90,true,1,
7290012350955,false,קרליין - עפרון עיניים ללא חידוד 213,קרליין,DE,עפרון עיניים,יחידה,1.00,יחידה,false,0,29.90,29.90,true,1,
7290012352034,false,"נטורל - קרם לחות עם שמן אגוז מקדמיה לשיער מתולתל 400 מ""ל",נטורל פורמולה Natural Formula,IL,קרם לחות נטורל,מיליליטרים,400.00,"100 מ""ל",false,0,26.90,6.73,true,1,
7290012367700,false,קרם גוף אינטנסיב רליף Intensive relief לעור יבש ומגורה,פישר מעבדות פרמצבטיות בע,IL,קרם גוף,מיליליטרים,700.00,"100 מ""ל",false,0,29.90,4.27,true,1,
7290012367717,false,קרם ידיים וציפורניים Intensive relief לעור יבש ומגורה,פישר מעבדות פרמצבטיות בע,IL,קרם ידיים,מיליליטרים,150.00,"100 מ""ל",false,0,17.90,11.93,true,1,
7290012491047,false,"שמפו קלנדולה אורגני אל דמע 400 מ""ל MOMMY CARE",מאמי קר Mommy Care,IL,שמפו קלנדולה,מיליליטרים,400.00,"100 מ""ל",false,0,35.90,8.98,true,1,
7290012491405,false,"סבון טבעי לניקוי בקבוקים, מוצצים ומשאבות חלב",מאמי קר Mommy Care,IL,סבון ניקוי בקבוק,מיליליטרים,230.00,"100 מ""ל",false,0,26.90,11.70,true,1,
7290012491467,false,מאמי קייר סבון לילדים 400 מל,לה קרים,IL,סבון לילדים,מיליליטרים,400.00,"100 מ""ל",false,0,35.90,8.98,true,1,
7290012499692,false,תפוח - מחזק ציפורניים,TPOAH,IL,מחזק ציפורניים,יחידה,1.00,יחידה,false,1,46.90,46.90,true,1,
7290012771095,false,L.L רולאון 48 שעות ללא ריח 80 מל,חלאבין,IL,חלאבלין רול און,מיליליטרים,80.00,"100 מ""ל",false,0,22.90,28.63,true,1,
7290012823251,false,כיף אל סבון יסמין לבנדר 1 ליטר משאבה,קוסמופארם בע'\'\מ,IL,אל סבון כיף,ליטרים,1.00,ליטר,false,0,12.90,12.90,true,1,
7290012823398,false,מטליות חד פעמיות לניקוי הרצפה בניחוח מרכך כביסה 10יח' סנו,סנו מפעלי ברונו בעמ,IL,מטליות ריצפז,יחידה,1.00,יחידה,false,1,14.90,14.90,true,1,
7290012854392,false,בליסטקס תות-בליסטר חדש,מדיליין פריגו,US,בליסטקס תות בליס,יחידה,1.00,יחידה,false,0,15.90,15.90,true,1,
7290012854408,false,בליסטקס מנטה -בליסטר חדש,מדיליין פריגו,US,בליסטקס בטעם מנט,יחידה,1.00,יחידה,false,0,15.90,15.90,true,1,
7290012854675,false,בליסטקס משחה טיפולית לשפתיים נוסחה חדשה,מדיליין פריגו,US,בליסטיקס משחה,יחידה,1.00,יחידה,false,1,29.90,29.90,true,1,
7290012854835,false,בליסטקס לחות לטיפוח יומי תפזורת,מדיליין פריגו,US,בליסטיקס משחה,יחידה,1.00,יחידה,false,1,29.90,29.90,true,1,
7290012928321,false,גלייז לשיער מתולתל 500מ,סרינה קיי,IL,גלייז לשיער מתול,מיליליטרים,500.00,"100 מ""ל",false,0,110.00,22.00,true,1,
7290012938580,false,"סנסודיין משחת שיניים להלבנה עדינה 75 מ""ל",גלקסוסמית'\קליין קונסיומ,GB,משחת סנסודיין,מיליליטרים,75.00,"100 מ""ל",false,0,18.90,25.20,true,1,
7290012938597,false,"סנסודיין משחת שיניים רפיד רליף 75 מ""ל","סמיתקליין ביצ'ם בע""מ",GB,משחת סנסודיין,מיליליטרים,75.00,"100 מ""ל",false,0,20.00,26.67,true,1,
7290012938740,false,"משחת שיניים פרש מינט מנטה 75מ""ל סנסודיין",גלקסו סמית קליין,GB,משחת סנסודיין,מיליליטרים,75.00,"100 מ""ל",false,0,18.90,25.20,true,1,
7290013083661,false,"מטרנה אקסטרה קר שלב 1 חסכון 700 גרם תמ""ל",מטרנה תעשיות ש.מ,IL,מטרנה אקסטרה קר,גרמים,700.00,100 גרם,false,0,59.90,8.56,true,1,
7290013083685,false,תחליף חלב מטרנה אקסטרה קר שלב 3 חסכון 700 גרם,מטרנה תעשיות ש.מ,IL,מטרנה אקסטרה קר,גרמים,700.00,100 גרם,false,0,59.90,8.56,true,1,
7290013133816,false,לובלו לגבר בודד,לבלו,IL,לבלו לגבר,יחידה,1.00,יחידה,false,0,14.90,14.90,true,1,
7290013237699,false,לאב ליין רוז סט גולד,תעשיות שיק,IL,סט גולד,יחידה,1.00,יחידה,false,1,64.90,64.90,true,1,
7290013268020,false,מקסימה מרכך כביסה מרוכז בניחוח אולטרא פרש סנו 1 ליטר,"סנו מפעלי ברונוס בע""\מ",IL,מרכך כביסה,ליטרים,1.00,ליטר,false,0,17.90,17.90,true,1,
7290013268440,false,אורביטול צמד מברשות שיניים בובספוג+פיגור,החברה הדרומית,CN,מברשת שיניים,יחידה,1.00,יחידה,false,1,19.90,19.90,true,1,
7290013268891,false,אוקסיג'ן ג'ל ללא אקונומיקה עם חמצן פעיל סנו 3 ליטר,"סנו מפעלי ברונוס בע""\מ",IL,אוקסיג'ן ג'ל,ליטרים,3.00,ליטר,false,0,25.90,8.63,true,1,
7290013269287,false,סנו - מקסימה ג'ל כביסה מרוכז מאסק 3 ליטר,"סנו מפעלי ברונוס בע""\מ",IL,ג'ל כביסה מרוכז,ליטרים,3.00,ליטר,false,0,29.90,9.97,true,1,
7290013269621,false,ריצפז פרש לניקוי רצפות בניחוח מלון בוטיק,מיוצר עי קונדיטוריית,IL,ריצפז פרש הום,ליטרים,2.00,ליטר,false,1,17.90,8.95,true,1,
7290013269645,false,ריצפז פרש מטליות לחות לריצפה בניחוח מאסק 10 יחידות,סנו מפעלי ברונוס בעמ,IL,מטליות ריצפז,יחידה,1.00,יחידה,false,0,14.90,14.90,true,1,
7290013269751,false,מטליות לחותריצפז פרש לניקוי ריצפה בניחות מלון בוטיק 10 יח' סנו,טרופיקל דגיל תעשיות,IL,מטליות ריצפז,יחידה,1.00,יחידה,false,1,14.90,14.90,true,1,
7290013310637,false,נובי5523-מברשת ניצמדת לניקוי פטמות ובקבוקים,נובי Nuby,CN,מברשת לבקבוק,יחידה,1.00,יחידה,false,0,48.90,48.90,true,1,
7290013310859,false,ערכה לניקוי האף ואוזניים,LTD E.L.CO,CN,ערכת ניקוי לאף,יחידה,1.00,יחידה,false,0,29.90,29.90,true,1,
7290013412300,false,חִתוּלִים נועם סופת אל נאית L,"DPLבע""מ",IL,מכנסונים נועם,יחידה,1.00,יחידה,false,0,65.90,65.90,true,1,
7290013412317,false,חִתוּלִים נועם סופת אל נאית XL,"DPLבע""מ",IL,מכנסונים נועם,יחידה,1.00,יחידה,false,0,65.90,65.90,true,1,
7290013412324,false,טפטפים 30 מגבונים לאף,כצט,,טפטפים מגבונים,יחידה,1.00,יחידה,false,0,12.90,12.90,true,1,
7290013412409,false,טופ פד סופגנית מקסי,DPL,IL,נועם סופגנית 15,יחידה,1.00,יחידה,false,1,15.90,15.90,true,1,
7290013473097,false,"ג'ל ברזל 500 מ""ל",מיסטר בונד,IL,ג'ל ברזל,מיליליטרים,500.00,"100 מ""ל",false,1,23.90,4.78,true,1,
7290013652157,false,"ד""ר פישר - נטורל קר מגבונים להסרת איפור לעור רגיל יבש 30 יח' * 3",פישר מעבדות פרמצבטיות בע,IL,מגבונים 3 יח,יחידה,1.00,יחידה,false,0,19.90,19.90,true,1,
7290013652171,false,"ד""ר פישר - נטורל קר מגבונים להסרת איפור לעור שמן מעורב 30 יח' * 3",פישר מעבדות פרמצבטיות בע,IL,שלישיית מגובונים,יחידה,1.00,יחידה,false,0,19.90,19.90,true,1,
7290013652645,false,אוליביול Oliveyol קרם לטיפול ומניעת תפרחת חיתולים,פישר מעבדות פרמצבטיות בע,IL,משחה טיפולית,גרמים,100.00,100 גרם,false,0,35.90,35.90,true,1,
7290013652812,false,"נטורל קר קרם ידיים רגיל/יבש 150 מ""ל",פישר מעבדות פרמצבטיות בע,IL,קרם ידיים נטורל,מיליליטרים,150.00,"100 מ""ל",false,0,14.90,9.93,true,1,
7290013652829,false,קרם ידיים לעור יבש במיוחד Natural care,פישר מעבדות פרמצבטיות בע,IL,קרם ידיים נטורל,מיליליטרים,150.00,"100 מ""ל",false,0,14.90,9.93,true,1,
7290013756343,false,לנסינו משחה לאמהות מניקות 40 גרם,מדי-קיור,,משחת לנסינו,גרמים,40.00,100 גרם,false,0,63.90,159.75,true,1,
7290013848055,false,קרמה מן קרם גוף בניחוח גברי 400 מ' ל,קוסמופארם בע'\'\מ,IL,קרם גוף קרמה מן,מיליליטרים,400.00,"100 מ""ל",false,1,24.90,6.23,true,1,
7290013848345,false,מארז מטליות לחיטוי וניקוי יסודי אנטיבקטריאלי 99.9%,סנו מפעלי ברונוס בעמ,IL,מטליות ניקוי 3יח,יחידה,1.00,יחידה,false,1,19.90,19.90,true,1,
7290013848420,false,דאודורנט גל קרמה מן אנטיפרספירנט 70 מל,גוד פוד פרודקטס S.p,IL,דאו.ג'ל ספורט,מיליליטרים,70.00,"100 מ""ל",false,0,19.90,28.43,true,1,
7290013848437,false,"קרמה - דאודורנט ספריי לגבר אקטיב בלוק 200 מ""ל",מיוצר עי אמיליה קוסמ,IL,דאו.קרמה מן,מיליליטרים,200.00,"100 מ""ל",false,0,23.90,11.95,true,1,
7290013848758,false,מקסימה גל כביסה מרוכז בייבי 3ליטר סנסטיב,"סנו מפעלי ברונוס בע""\מ",IL,ג'ל לכביסה בייבי,ליטרים,3.00,ליטר,false,0,34.90,11.63,true,1,
7290013863591,false,חלאבילין סטיק דאודורנט 60 מל,חלאבין,IL,דאו' סטיק חלאבין,מיליליטרים,60.00,"100 מ""ל",false,1,19.90,33.17,true,1,
7290013971555,false,סוללות פוג'יקום 4AAA+8AA,פוג'יקום,CN,סוללות פוג'יקום,יחידה,1.00,יחידה,false,0,23.90,23.90,true,1,
7290014002647,false,תה ירוק לימונ.לואיזה15שק,ויסוצקי,IL,תה ירוק 15 שקיק.,גרמים,22.00,100 גרם,false,0,13.90,63.18,true,1,
7290014059436,false,"משחת שיניים סנסודיין 75 מ""ל פרימיום לשיקום והגנה מלבינה 75 מ""ל","סמית קליין ביצ'ם בע""",GB,משחת סנסודיין,מיליליטרים,75.00,"100 מ""ל",false,0,20.00,26.67,true,1,
7290014204478,false,קרם גוף 4 פנינה רוזנבלום,פנינה רוזנבלום,IL,קרם גוף פנינה,מיליליטרים,340.00,"100 מ""ל",false,0,34.90,10.26,true,1,
7290014204560,false,"פנינהרוזנבלום- סבון נוזלי לידיים שלישיה,3*500 מ""ל",פ.רוזנבלום כללי,IL,פנינה-סבון 500,ליטרים,1.50,ליטר,false,0,12.90,8.60,true,1,
7290014258730,false,תרכובת מזון צמחי לתינוקות מגיל 12 חודשים ואילך,מטרנה תעשיות ש.מ,IL,מטרנה צמחית,גרמים,700.00,100 גרם,false,0,64.90,9.27,true,1,
7290014397514,false,"מבשם אויר סנו פרש הום בניחוח כותנה מלטפת 350 מ""ל","סנו מפעלי ברונוס בע""",IL,סנופרש כותנה,מיליליטרים,350.00,"100 מ""ל",false,0,12.90,3.69,true,1,
7290014424012,false,פראנס ביוטי שעוות שרף טהור מתקלפת לבנה,נורוליס,IT,השעווה למיקרוגל,גרמים,70.00,100 גרם,false,1,24.90,35.57,true,1,
7290014424029,false,פראנס ביוטי שעווה למיקרוגל פנים ורוד70גר,נורוליס,IT,השעווה למיקרוגל,גרמים,70.00,100 גרם,false,1,24.90,35.57,true,1,
7290014426061,false,משחת שיניים הלו קיטי בטעם ענבים לגיל 2-6,כצט נוביס,IL,משחת שיניים,מיליליטרים,50.00,"100 מ""ל",false,0,11.90,23.80,true,1,
7290014525313,false,חטיפי סלים דליס קריספי שוקולד מרבה 125 גרם,סלים דליס Slim Delis,NL,סלים דליס חטיפים,גרמים,125.00,100 גרם,false,1,15.90,12.72,true,1,
7290014547322,false,סנסודין זוג מברשות שיניים שיקום כחול+תכל,סנסודיין,CN,מברשות שיניים2יח,יחידה,1.00,יחידה,false,0,29.90,29.90,true,1,
7290014547353,false,סנסודין זוג מברשות שיניים דואלקר ירוק+יר,"L Co., Industrial Shummi",CN,2 מברשו סנסודיין,יחידה,1.00,יחידה,false,1,20.00,20.00,true,1,
7290014648586,false,מקלוני צמר גפן la belle פלסטיק 200 יח,,CN,מקלוני פלסטיק,יחידה,1.00,יחידה,false,1,5.90,5.90,true,1,
7290014648937,false,PHARMA DENTקיסמי שיניים משולבים בחוט דנטלי בטעם מנטה עדין 36יח',,IL,קיסמי שיניים משו,יחידה,1.00,יחידה,false,1,10.90,10.90,true,1,
7290014648944,false,PHARMA DENTקיסמי מברשת דו צדדיים 300יח,,IL,קיסמי מברשות דו,יחידה,1.00,יחידה,false,1,10.90,10.90,true,1,
7290014648951,false,PHARMA DENTקיסמי מברשת דו צדדיים בטעם מנטה 100יח,,IL,קיסמי מברשות דו,יחידה,1.00,יחידה,false,1,10.90,10.90,true,1,
7290014649033,false,שלישיית ספוגי רחצה ע,,IL,ספוג רחצה מפנק,יחידה,1.00,יחידה,false,1,11.90,11.90,true,1,
7290014855434,false,מגבונים בייביסיטר פרפורמנס מבושם רביעיה,בייביסיטר Babysitter,IL,מגבונים לחים 4יח,יחידה,1.00,יחידה,false,1,18.90,18.90,true,1,
7290014855458,false,מגבוני בייביסיטר פרפורמנס ללא בישום מארז 72X4יח',בייביסיטר Babysitter,IL,מגבונים לחים 4יח,יחידה,1.00,יחידה,false,1,18.90,18.90,true,1,
7290014855731,false,נועם מגבוני מבוגרים 72 יח' (9 יח' בקרטון),DPL פרומדיקו,IL,מגבונים למבוגרים,יחידה,1.00,יחידה,false,0,18.90,18.90,true,1,
7290014901247,false,"שמפו קרטין לאחר החלקה ועיצוב בחום סטייל 750 מ""ל",א.ל. ארמן ייצור תמרו,IL,שמפו קרטין,מיליליטרים,750.00,"100 מ""ל",false,0,29.90,3.99,true,1,
7290014901254,false,"מרכך קרטין לאחר החלקה ועיצוב בחום סטייל 750 מ""ל",א.ל ארמן ייצור תמרוק,IL,מרכך קרטין,מיליליטרים,750.00,"100 מ""ל",false,0,29.90,3.99,true,1,
7290014901261,false,"מסכה קרטין לאחר החלקה ועיצוב בחום סטייל 500 מ""ל",א.ל ארמן ייצור תמרוק,IL,מסכת קרטין,מיליליטרים,500.00,"100 מ""ל",false,0,34.90,6.98,true,1,
7290014901315,false,סנסודיין משחה הגנה מלאה אקסטרה פרש 75 מל,"סמית קליין ביצ'ם בע""",GB,משחת סנסודיין,מיליליטרים,75.00,"100 מ""ל",false,0,20.00,26.67,true,1,
7290014901896,false,"מי פה סנסודיין מנטה מרענן 500 מ""ל",גלקסוסמיתקליין,GB,סנסודיין מי פה,מיליליטרים,500.00,"100 מ""ל",false,1,27.90,5.58,true,1,
7290014952935,false,מאמי קייר מגבוני אף ופנים אקולוגים ומתכל,מאמי קר,IL,מאמי קר מגבונים,יחידה,1.00,יחידה,false,1,13.90,13.90,true,1,
7290014962521,false,"טפטפים משחת שיניים לילדים מגיל 2-6 50 מ""ל",כצט CTS,IL,משחת שיניים,מיליליטרים,50.00,"100 מ""ל",false,0,11.90,23.80,true,1,
7290014989689,false,בליסטקס ליפ בריליאנס,מדיליין פריגו,US,בליסטקס ליפ בריל,יחידה,1.00,יחידה,false,0,15.90,15.90,true,1,
7290015025942,false,"קרם ידיים קלאסי עם שמן שקדים פנג'ל 80 מ""ל",מיוצר עי קונדיטוריית,IL,קרם ידיים פנג'ל,מיליליטרים,80.00,"100 מ""ל",false,1,8.50,10.63,true,1,
7290015155823,false,מחית תפוחי עץ חטיפטף ללא תוספת סוכר,פרוטה פודיווין איי.א,CZ,חטיפטף פרינוק,גרמים,120.00,100 גרם,false,1,5.00,4.17,true,1,
7290015155830,false,מחית תפוחי עץ ובננה חטיפטף ללא תוספת סוכר,פרוטה פודווין איי.אס,CZ,חטיפטף פרינוק,גרמים,120.00,100 גרם,false,1,5.00,4.17,true,1,
7290015155847,false,מחית סלט פירות חטיפטף ללא תוספת סוכר,פרוטה פודיווין איי.א,CZ,חטיפטף פרינוק,גרמים,120.00,100 גרם,false,1,5.00,4.17,true,1,
7290015156776,false,מחית פירות טרופיים חטיפטף ללא תוספת סוכר,פרוטה פודווין איי.אס,CZ,חטיפטף פרינוק,גרמים,120.00,100 גרם,false,1,5.00,4.17,true,1,
7290015176361,false,מברשת שיניים חשמלית למבוגרים-FJ-TBFJ-ABLUE,פוג'יקום,CN,מברשת שיניים,יחידה,1.00,יחידה,false,1,43.90,43.90,true,1,
7290015176378,false,מברשת שיניים חשמלית למבוגרים-FJ-TBFJ-APURPLE,פוג'יקום,CN,מברשת שיניים,יחידה,1.00,יחידה,false,1,43.90,43.90,true,1,
7290015176385,false,מברשת שיניים חשמלית לילדים בצבע כחול,פוג'יקום,CN,מברשת שיניים,יחידה,1.00,יחידה,false,1,43.90,43.90,true,1,
7290015176446,false,אוזניות סטריאו עם מיקרופ,פוג'יקום,CN,אוזניות עם מקרופ,יחידה,1.00,יחידה,false,1,32.90,32.90,true,1,
7290015293624,false,קמיל בלו NATURE אל סבון ושמפו לתינוק 400,פישר מעבדות פרמצבטיות בע,IL,אל סבון ושמפו,מיליליטרים,400.00,"100 מ""ל",false,1,34.90,8.73,true,1,
7290015366250,false,"סטייל - ספריי קרטין לשיער 120 מ""ל",א.ל. ארמן,IL,ספריי קרטין,מיליליטרים,120.00,"100 מ""ל",false,1,34.90,29.08,true,1,
7290015366663,false,"משחת שיניים מנטה עדין אקווה פרש 100 מ""ל",גלקסוסמיתקליין,SK,משחה אקווה פרש,מיליליטרים,100.00,"100 מ""ל",false,1,5.90,5.90,true,1,
7290015366670,false,משחת שיניים הגנה משולשת מנטה מרענן,גלקסוסמיתקליין,SK,משחה אקווה פרש,מיליליטרים,100.00,"100 מ""ל",false,1,5.90,5.90,true,1,
7290015366731,false,סטייל שמן ארגן קוקוס 120 מל,א.ל ארמן,IL,שמן לשיער סטייל,מיליליטרים,120.00,"100 מ""ל",false,1,46.90,39.08,true,1,
7290015381888,false,כביסכל בייבי 2 ליטר,פרפיום קלין,IL,כביסכל בייבי,ליטרים,2.00,ליטר,false,1,41.00,20.50,true,1,
7290015424882,false,פמינה מגבונים אינטימיים 20 יח TO GO,פמינה,IL,מגבונים פמינה,יחידה,1.00,יחידה,false,1,14.90,14.90,true,1,
7290015470391,false,קרם ידיים מועשר בשמן זית לעור רגיל עד יבש,אינטרקוסמא,IL,קרם ידיים פנג'ל,מיליליטרים,100.00,"100 מ""ל",false,1,11.90,11.90,true,1,
7290015550727,false,קפיץ להסרת שיער רייס ורוד,מג'יק,CN,קפיץ וי להסרת שי,יחידה,1.00,יחידה,false,0,79.30,79.30,true,1,
7290015683180,false,מטען לרכב לגלקסי 2.1A יח,פוג'יקום,CN,מטען לרכב לגלקסי,יחידה,1.00,יחידה,false,1,39.90,39.90,true,1,
7290015733205,false,תרכובת מזון לתינוקות חלבי שלב 1 אקסטרה קר מהדרין,נסטלה,IL,מטרנה אקסטרה,גרמים,700.00,100 גרם,false,1,59.90,8.56,true,1,
7290015733229,false,תרכובת מזון לתינוקות חלבי שלב 2 אקסטרה קר מהדרין,מטרנה,IL,מטרנה אקסטרה,גרמים,700.00,100 גרם,false,1,59.90,8.56,true,1,
7290015733427,false,דייסת מטרנה גם וגם וניל פרו 300 גר',מולינו ניקולי s.p.a,IL,דייסת מטרנה,גרמים,300.00,100 גרם,false,1,19.90,6.63,true,1,
7290015733977,false,תרכובת מזון קומפורט על בסיס חלבי דל לקטוז,מטרנה תעשיות ש.מ.,IL,מטרנה קומפורט עם,גרמים,700.00,100 גרם,false,1,69.90,9.99,false,1,
7290015793469,false,"קרם להקלה בגירוי, צריבה ותפרחת חיתולים לעור רגיש",אורה קרם,IL,אורה קרם שפורפרת,גרמים,90.00,100 גרם,false,1,19.90,22.11,true,1,
7290015793476,false,אורה קרם - משחה לתפרחת חיתולים,אורה קרם,IL,אורה קרם שפורפרת,גרמים,200.00,100 גרם,false,1,31.90,15.95,true,1,
7290016197600,false,דיפנד - תחבושת לנשים נורמל 12 יח',קימברלי קלארק,VN,תחבושות דיפנד,יחידה,1.00,יחידה,false,1,21.90,21.90,true,1,
7290016197617,false,תחבושת לנשים אקסטרה דיפנד 10 יחידות,קימברלי קלארק,VN,תחבושות דיפנד,יחידה,1.00,יחידה,false,1,21.90,21.90,true,1,
7290016197624,false,תחבושות לנשים סופר דיפנד 8 יחידות,קימברלי קלארק,VN,תחבושות דיפנד,יחידה,1.00,יחידה,false,1,21.90,21.90,true,1,
7290016230888,false,סוללות V3 5) יחידות( 5 י,פוג'יקום,IL,סוללות V3,יחידה,1.00,יחידה,false,1,21.90,21.90,true,1,
7290016299021,false,"ARGANIA מרכך טיפולי חומצה היאלרונית וקרטין ללא SLS ללא פארבן ללא מלחים ללא רכיבים מן החי 450 מ""ל",ארגניה יצור ושיווק,IL,מרכך טיפולי חומצ,מיליליטרים,450.00,"100 מ""ל",false,1,38.90,8.64,true,1,
7290016299076,false,"ARGANIA שמפו טיפולי חומצה היאלרונית וקרטין ללא SLS ללא פארבן ללא מלחים ללא רכיבים מן החי 450 מ""ל",ארגניה יצור ושיווק,IL,שמפו טיפולי חומצ,מיליליטרים,450.00,"100 מ""ל",false,1,38.90,8.64,true,1,
7290016299168,false,"ARGANIA סרום קיק לחיזוק שורש השערה 100 מ""ל",ארגניה,IL,סרום קיק לחיזוק,מיליליטרים,100.00,"100 מ""ל",false,1,48.90,48.90,true,1,
7290016299182,false,ארגניה סרום חומצה היאלורונית וחמאת שיאה,ארגניה יצור ושיווק,IL,סרום חומצה היאלר,מיליליטרים,100.00,"100 מ""ל",false,1,48.90,48.90,true,1,
7290016299199,false,ארגניה סרום חומצה היאלורונית וקרטין 100,ארגניה,IL,סרום חומצה היאלר,מיליליטרים,100.00,"100 מ""ל",false,1,48.90,48.90,true,1,
7290016299410,false,ארגניה שמפו חומצה היאלורונית וחמאת שיאה,ארגניה יצור ושיווק,IL,שמפו לשיער מתולת,מיליליטרים,450.00,"100 מ""ל",false,1,38.90,8.64,true,1,
7290016299540,false,מרכך לשיער עץ התה450מל,ארגניה יצור ושיווק,IL,מרכך לשיער סרפד,מיליליטרים,450.00,"100 מ""ל",false,1,38.90,8.64,true,1,
7290016299557,false,שמן ארגן טהור 30 מל ארגניה,ארגניה יצור ושיווק,IL,שמן 100% ארגן טה,מיליליטרים,30.00,"100 מ""ל",false,1,58.90,196.33,true,1,
7290016299618,false,"ARGANIA שמפו קיק ללא מלחים ,ללא SLS ,ללא פארבן 450 מ""ל",ארגניה יצור ושיווק,IL,שמפו קיק,מיליליטרים,450.00,"100 מ""ל",false,1,38.90,8.64,true,1,
7290016299625,false,ארגניה מסכת קיק ללא שטיפה 250 מל,ארגניה,IL,מסיכת קיק,מיליליטרים,250.00,"100 מ""ל",false,1,46.50,18.60,true,1,
7290016299663,false,"שמן קיק בכבישה קרה ארגניה 100 מ""ל",,IL,שמן קיק,מיליליטרים,100.00,"100 מ""ל",false,1,20.00,20.00,true,1,
7290016299687,false,ארגניה מרכך חומצה היאלורונית וחמאת שיאה,ארגניה יצור ושיווק,IL,מרכך לשיער מתולת,מיליליטרים,450.00,"100 מ""ל",false,1,38.90,8.64,true,1,
7290016299755,false,"ARGANIA מרכך קיק ללא מלחים ,ללא SLS ,ללא פארבן 400 מ""ל",ארגניה יצור ושיווק,IL,מרכך קיק,מיליליטרים,450.00,"100 מ""ל",false,1,38.90,8.64,true,1,
7290016299878,false,"ARGANIA מסיכה טיפולית לשיער מעושר בחומצה האילרונית וקרטין ללא SLS 500 מ""ל",ארגניה יצור ושיווק,IL,מסיכה טיפולית לש,מיליליטרים,500.00,"100 מ""ל",false,1,44.90,8.98,true,1,
7290016299885,false,"ARGANIA מסיכה קיק לחיזוק השורש והשיערה 500 מ""ל",שיווק TEVACOM,IL,מסיכת קיק,מיליליטרים,500.00,"100 מ""ל",false,1,44.90,8.98,true,1,
7290016299984,false,"ARGANIA שמפו סרפד ועץ התה לטיפול נגד קשקשים 450 מ""ל",ארגניה יצור ושיווק,IL,שמפו לשיער סרפד,מיליליטרים,450.00,"100 מ""ל",false,1,38.90,8.64,true,1,
7290016319118,false,מגע הדבש שעווה מתקלפת לפנים 100 גרם,המאפיה של הרמן,IL,שעווה לאזור פנים,מיליליטרים,100.00,"100 מ""ל",false,1,29.90,29.90,true,1,
7290016321531,false,רצועות שעווה לגוף מגע הדבש אלוורה 12+3יח,שוורצקוף& הנקל דיסלד,IL,12רצועות שעווה,יחידה,1.00,יחידה,false,1,28.90,28.90,true,1,
7290016321661,false,פרש וואנס SENSITIVE מגבונים ללא בישום רביעייה 72 יחידות,עלבד משואות יצחק,IL,פרש וואנס 4יח,יחידה,1.00,יחידה,false,1,15.90,15.90,true,1,
7290016321678,false,מגבונים לחים בניחוח מרענן עם תמציות קמומיל ואלוורה,עלבד משואות יצחק,IL,פרש וואנס 4 יח,יחידה,1.00,יחידה,false,1,15.90,15.90,true,1,
7290016321777,false,מגע הדבש רצועות שעווה לפנים אלוורה 20 יח,שוורצקוף& הנקל דיסלד,IL,רצועות שעווה לפנ,יחידה,1.00,יחידה,false,1,28.90,28.90,true,1,
7290016329261,false,סרקל מתיר קשרים ספריי רציףף 300 מ'ל,פישר מעבדות פרמצבטיות בע,IL,סרקל מתיר קשרים,מיליליטרים,300.00,"100 מ""ל",false,1,33.90,11.30,true,1,
7290016329308,false,"ד""ר פישר - סרקל קרם רוזמרין לשיער מתולתל 325 מ""ל",פישר מעבדות פרמצבטיות בע,IL,סרקל מתיר קשרים,מיליליטרים,325.00,"100 מ""ל",false,1,25.90,7.97,true,1,
7290016329674,false,קמיל בלו קרם פנים לתינוק לעור יבש במיוחד,פישר מעבדות פרמצבטיות בע,IL,קרם פנים קמיל,מיליליטרים,75.00,"100 מ""ל",false,1,29.90,39.87,true,1,
7290016350005,false,דאו סטיק גבר בלו וויב80מ,א.משי תעשיות,IL,דאו סטיק לגבר,מיליליטרים,80.00,"100 מ""ל",false,1,9.90,12.38,true,1,
7290016350029,false,דאו סטיק לגבר גרין נטור,א.משי תעשיות,IL,דאו סטיק לגבר,יחידה,1.00,יחידה,false,1,9.90,9.90,true,1,
7290016437423,false,דיפנד תחתון סופג L נשים 16 יח גזרה גבוהה,KC Vietnam,IL,תחתון דיפנד,יחידה,1.00,יחידה,false,1,67.90,67.90,true,1,
7290016437591,false,קוטקס - תחתונים סופגים לנשים לאחר לידה מדיום 8 יח',חוגלה קימברלי,KR,תחתונים סופגים,יחידה,1.00,יחידה,false,0,36.90,36.90,true,1,
7290016437607,false,קוטקס - תחתונים סופגים לנשים לאחר לידה לארג' 8 יח',חוגלה קימברלי,KR,תחתונים סופגים,יחידה,1.00,יחידה,false,0,36.90,36.90,true,1,
7290016437621,false,חיתולי האגיס פרידום דריי pants מידה 4 36 יחידות,קימברלי קלארק צ'כיה,CZ,חיתולי האגיס,יחידה,1.00,יחידה,false,1,48.90,48.90,true,1,
7290016437645,false,חיתולי האגיס פרידום דריי pants מידה 5 34 יחידות,קימברלי קלארק צ'כיה,CZ,חיתולי האגיס,יחידה,1.00,יחידה,false,1,48.90,48.90,true,1,
7290016437652,false,חיתולי האגיס פרידום דריי pants מידה 6 30 יחידות,קימברלי קלארק צ'כיה,CZ,חיתולי האגיס,יחידה,1.00,יחידה,false,1,48.90,48.90,true,1,
7290016509342,false,סוד מארז טריו כדוריות לאסלה כחול אקטיבי אקונומיקה,הנקל סוד,HU,סבון אסלה 3 יח,גרמים,150.00,100 גרם,false,1,18.90,12.60,true,1,
7290016509786,false,פרסיל גל לכביסה לבנה וצבעונית-ירוק 2.5 ל,"הנקל סוד בע""\מ",IL,ג'ל כביסה פרסיל,ליטרים,2.50,ליטר,false,1,34.90,13.96,true,1,
7290016509830,false,ג'ל כביסה לבגדי תינוקות ובעלי עור רגיש Sensitive,"הנקל סוד בע""\מ",IL,ג'ל כביסה בייבי,ליטרים,2.50,ליטר,false,1,34.90,13.96,true,1,
7290016621013,false,"ד""ר פישר - קרם גוף קמיל בלו 500 מ""ל",פישר מעבדות פרמצבטיות בע,IL,קרם גוף קמיל בלו,מיליליטרים,500.00,"100 מ""ל",false,1,28.90,5.78,true,1,
7290016621358,false,"ד""ר פישר - קמיל אל סבון ניקיון והזנה ורוד 1 ליטר",פישר מעבדות פרמצבטיות בע,IL,אל סבון קמיל,ליטרים,1.00,ליטר,false,1,15.90,15.90,true,1,
7290016621365,false,אל סבון היגייני לניקוי יסודי קמיל Clean & Moisture,פישר מעבדות פרמצבטיות בע,IL,אל סבון קמיל,ליטרים,1.00,ליטר,false,1,15.90,15.90,true,1,
7290016692150,false,"סבון טבעי לניקוי בקבוקים, מוצצים ומשאבות חלב",מאמי קר Mommy Care,IL,סבון לניקוי,מיליליטרים,500.00,"100 מ""ל",false,0,46.90,9.38,true,1,
7290016692198,false,מאמי קייר משחת החתלה קלנדולה קלאסיק,מאמי קר Mommy Care,IL,קלאסיק משחת החתל,מיליליטרים,120.00,"100 מ""ל",false,1,24.50,20.42,true,1,
7290016732672,false,מברשת שיניים סנסודיין הגנה מלאה,גלקסוס סמית קליין,CN,מברשת סנסודיין,יחידה,1.00,יחידה,false,1,24.90,24.90,true,1,
7290016866643,false,פרודונטקס מ.שיניים אקסטרה פרש 75 מל,פרודונטקס Parodontax,SK,משחה פרודונטקס,מיליליטרים,75.00,"100 מ""ל",false,1,31.90,42.53,true,1,
7290016866650,false,"פרודונטקס - משחת שיניים אוריג'ינל 75 מ""ל",פרודונטקס Parodontax,SK,משחה פרודונטקס,מיליליטרים,75.00,"100 מ""ל",false,1,31.90,42.53,true,1,
7290016866667,false,"פרודונטקס - משחת שיניים ללא פלאוריד 75 מ""ל",פרודונטקס Parodontax,SK,משחה פרודונטקס,מיליליטרים,75.00,"100 מ""ל",false,1,31.90,42.53,true,1,
7290016866674,false,"פרודונטקס - משחת שיניים מלבינה 75 מ""ל",פרודונטקס Parodontax,SK,משחה פרודונטקס,מיליליטרים,75.00,"100 מ""ל",false,1,31.90,42.53,true,1,
7290016866704,false,"סטייל שמפו לאחר החלקה מועשר בויטמין אי, 750 מ""ל",סטייל Style,IL,שמפו קרטין,מיליליטרים,750.00,"100 מ""ל",false,1,29.90,3.99,true,1,
7290016866711,false,"סטייל מרכך לשיער קרטין פלוס לאחר החלקה, 750 מ""ל",סטייל Style,IL,מרכך קרטין,מיליליטרים,750.00,"100 מ""ל",false,1,29.90,3.99,true,1,
7290016866728,false,סטייל מסכה קרטין E 500 מל לשיקום שיער יב,סטייל Style,IL,מסכה קרטין,מיליליטרים,500.00,"100 מ""ל",false,1,34.90,6.98,true,1,
7290016912609,false,"סרקל מסיכת הזנה לשיער ילדים 200 מ""ל",פישר מעבדות פרמצבטיות בע,IL,מסכת סרקל,מיליליטרים,200.00,"100 מ""ל",false,1,25.90,12.95,true,1,
7290017031569,false,סטייל שמפו קרטין פלוס 100 מל לשיקום שיער,גורי,IL,שמפו קרטין סטייל,יחידה,1.00,יחידה,false,1,9.90,9.90,true,1,
7290017031583,false,סטייל מרכך קרטין פלוס 100 מל לשיקום שיער,א.ל ארמן,IL,מרכך קרטין מוקטן,מיליליטרים,100.00,"100 מ""ל",false,1,9.90,9.90,true,1,
7290017031705,false,"סנסודיין משחת שיניים קלין & פרש 75 מ""ל",גלקסוס סמית קליין,SK,משחת סנסודיין,מיליליטרים,75.00,"100 מ""ל",false,1,18.90,25.20,true,1,
7290017031811,false,פרודונטקס מברשת שיניים אקסטרא סופט א.זוג,גלקסוסמיתקליין,CN,מברשות פרודונטקס,יחידה,1.00,יחידה,false,1,28.90,28.90,true,1,
7290017031859,false,"פרודונטקס - משחת שיניים אולטרא קלין 75 מ""ל","מאסטרפוד אוסטריה בע""מ",SK,משחת פרודונטקס,מיליליטרים,75.00,"100 מ""ל",false,1,31.90,42.53,true,1,
7290017031927,false,שמפו סטיייל האמפ 750 מל,א.ל.ארמן ייצור תמרוקים ב,IL,סטייל שמפו 750 מ,מיליליטרים,750.00,"100 מ""ל",false,1,26.90,3.59,true,1,
7290017088051,false,בייביסיטר - חיתולי סטנדרט מידה 3 - 52 יח',די.פי.אל תעשיות מוצרים ח,IL,חיתולי בייביסיטר,יחידה,1.00,יחידה,false,1,32.90,32.90,true,1,
7290017088068,false,בייביסיטר - חיתולי סטנדרט מידה 4 - 42 יח',די.פי.אל תעשיות מוצרים ח,IL,חיתולי בייביסיטר,יחידה,1.00,יחידה,false,1,32.90,32.90,true,1,
7290017088075,false,בייביסיטר - חיתולי סטנדרט מידה 4+ - 40 יח',די.פי.אל תעשיות מוצרים ח,IL,חיתולי בייביסיטר,יחידה,1.00,יחידה,false,1,32.90,32.90,true,1,
7290017088082,false,בייביסיטר - חיתולי סטנדרט מידה 5 - 36 יח',די.פי.אל תעשיות מוצרים ח,IL,חיתולי בייביסיטר,יחידה,1.00,יחידה,false,1,32.90,32.90,true,1,
7290017088099,false,בייביסיטר - חיתולי סטנדרט מידה 6 - 30 יח',די.פי.אל תעשיות מוצרים ח,IL,חיתולי בייביסיטר,יחידה,1.00,יחידה,false,1,32.90,32.90,true,1,
7290017088464,false,תחבושות סופגנית מקסי לונג טופ פד 20 יח',D.P.L,IT,טופ פד,יחידה,1.00,יחידה,false,1,19.90,19.90,true,1,
7290017088501,false,תחבושות טופ פד אקסטרה לונג 20 יח',D.P.L,IT,טופ פד,יחידה,1.00,יחידה,false,1,9.90,9.90,true,1,
7290017088822,false,BREEZE תחבושות לבריחת שתן אקסטרה (10 יח'),ניאופארם,IT,בריז תחבושות שתן,יחידה,1.00,יחידה,false,1,15.90,15.90,true,1,
7290017088846,false,BREEZE תחבושות לבריחת שתן מקסי (8 יח'),ניאופארם,IT,בריז תחבושות שתן,יחידה,1.00,יחידה,false,1,15.90,15.90,true,1,
7290017088853,false,BREEZE תחתונים לבריחת שתן מידה M יח' 14,ניאופארם,IT,בריז תחתונים,יחידה,1.00,יחידה,false,1,74.90,74.90,true,1,
7290017088860,false,BREEZE תחתונים לבריחת שתן מידה L יח' 14,ניאופארם,IT,בריז תחתונים,יחידה,1.00,יחידה,false,1,74.90,74.90,true,1,
7290017197364,false,אל סבון לבנדר סגול 1 לי,,IL,אל סבון לבנדר,ליטרים,1.00,ליטר,false,0,9.90,9.90,true,1,
7290017407142,false,שפתון נוזלי MAMA WONDER,,IL,שפתון נוזלי WON,יחידה,1.00,יחידה,false,1,29.90,29.90,true,1,
7290017407265,false,שפתון מט GG יח',,IL,שפתון מט GG,יחידה,1.00,יחידה,false,1,29.90,29.90,true,1,
7290017407302,false,CAVALLO מארז בושם לשיער,,IL,מארז בושם לשיער,יחידה,1.00,יחידה,false,1,29.90,29.90,true,1,
7290017407319,false,BIANCA מארז בושם לשיער,,IL,מארז בושם לשיער,יחידה,1.00,יחידה,false,1,29.90,29.90,true,1,
7290017407357,false,A3 מייק אפ עמיד MOSCOW,,IL,A3 מייק אפ עמיד,יחידה,1.00,יחידה,false,1,29.90,29.90,true,1,
7290017407388,false,D4 מייק אפ עמיד RIO,,IL,D4 מייק אפ עמיד,יחידה,1.00,יחידה,false,1,29.90,29.90,true,1,
7290017407418,false,היילטייר שימר ANGEL,,IL,היילטיירANGEL,יחידה,1.00,יחידה,false,1,29.90,29.90,true,1,
7290017407425,false,היילטייר שימר ROSA,,IL,היילטייר שימר RO,יחידה,1.00,יחידה,false,1,29.90,29.90,true,1,
7290017407449,false,היילטייר SM29 יח',,IL,היילטייר SM29,יחידה,1.00,יחידה,false,1,29.90,29.90,true,1,
7290017407494,false,פודרה דחוסה VANILLAPD1,,IL,פודרה דחוסה VAN,יחידה,1.00,יחידה,false,1,29.90,29.90,true,1,
7290017407500,false,פודרה דחוסה PD5 KOKO,,IL,פודרה דחוסה KOK,יחידה,1.00,יחידה,false,1,29.90,29.90,true,1,
7290017407517,false,פודרה דחוסה PD7 KAKAO,,IL,פודרה דחוסה KAKA,יחידה,1.00,יחידה,false,1,29.90,29.90,true,1,
7290017407524,false,פודרה דחוסה PD10 BANANA,,IL,פודרה דחוסה BAN,יחידה,1.00,יחידה,false,1,29.90,29.90,true,1,
7290017407555,false,שפתון CREATIVE BE יח',,IL,שפתון CREATIV BE,יחידה,1.00,יחידה,false,1,29.90,29.90,true,1,
7290017407579,false,שפתון YOURSELF BE יח',,IL,שפתון YOURSEL BE,יחידה,1.00,יחידה,false,1,29.90,29.90,true,1,
7290017407586,false,שפתון UNIQUE BE יח',,IL,שפתון UNIQUE BE,יחידה,1.00,יחידה,false,1,29.90,29.90,true,1,
7290017407647,false,פודרה אבקתית יח',,IL,פודרה אבקתית coc,יחידה,1.00,יחידה,false,1,29.90,29.90,true,1,
7290017407661,false,שימר נוזלי KISSE SUN יח',,IL,שימר נוזלי K SUN,יחידה,1.00,יחידה,false,1,29.90,29.90,true,1,
7290017407678,false,שימר נוזלי SHINING I'M י,,IL,שימר נוזלי S I'M,יחידה,1.00,יחידה,false,1,29.90,29.90,true,1,
7290017407685,false,שימר נוזלי ME PINKY יח',,IL,שימר נוזלי PINKY,יחידה,1.00,יחידה,false,1,29.90,29.90,true,1,
7290017407692,false,פיגמנט לגבות brown dark,,IL,פיגמנט לגבות dar,יחידה,1.00,יחידה,false,1,29.90,29.90,true,1,
7290017407708,false,פיגמנט לגבות army יח',,IL,פיגמנט לגבות arm,יחידה,1.00,יחידה,false,1,29.90,29.90,true,1,
7290017407715,false,פיגמנט לגבות brown honey,,IL,פיגמנט לגבות hon,יחידה,1.00,יחידה,false,1,29.90,29.90,true,1,
7290017407739,false,מסקרה ג'ל לגבות ARMY יח',,IL,מסקרה ג'ל לגבות,יחידה,1.00,יחידה,false,1,29.90,29.90,true,1,
7290017407746,false,מסקרה ג'ל לגבות BR HONEY,,IL,מסקרה ג'ל לגבות,יחידה,1.00,יחידה,false,1,29.90,29.90,true,1,
7290017407838,false,מסקרה ג'ל שקופה INVISIBL,,IL,מסקרה ג'ל שקופה,יחידה,1.00,יחידה,false,1,29.90,29.90,true,1,
7290017407876,false,MAMAMIA שפתון סטיקMARYMA,,IL,MAMAMIA שפתון סט,יחידה,1.00,יחידה,false,1,29.90,29.90,true,1,
7290017407890,false,MAMAMIA שפתון סטיק 50 יח,,IL,MAMAMIA שפתון סט,יחידה,1.00,יחידה,false,1,29.90,29.90,true,1,
7290017407906,false,MAMAMIA שפתון סטיקMAMGER,,IL,MAMAMIA שפתון סט,יחידה,1.00,יחידה,false,1,29.90,29.90,true,1,
7290017407913,false,MAMAMIA שפתון סטיקTORI י,,IL,MAMAMIA שפתון סט,יחידה,1.00,יחידה,false,1,29.90,29.90,true,1,
7290017407975,false,BELLACIAO איילנר יח',,IL,BELLACIAO איילנר,יחידה,1.00,יחידה,false,1,29.90,29.90,true,1,
7290017440279,false,"ד""ר פישר - קידס אל סבון ויטמינים 750 מ""ל",פישר תעשיות,IL,אל סבון ויטמינים,מיליליטרים,750.00,"100 מ""ל",false,1,16.90,2.25,true,1,
7290017440309,false,"ד""ר פישר - קידס שמפו ויטמינים 750 מ""ל","ד""ר פישר Dr fischer",IL,שמפו קידס,מיליליטרים,750.00,"100 מ""ל",false,1,16.90,2.25,true,1,
7290017440682,false,ד.פישר בלונד שמפו לשיער בהיר,"ד""ר פישר Dr fischer",IL,שמפו,מיליליטרים,400.00,"100 מ""ל",false,1,29.90,7.48,true,1,
7290017440699,false,ד.פישר בלונד מרכך לשיער בהיר 400 מל,CHEMIPAL FISHER (BIO,IL,מרכך לשיער,מיליליטרים,400.00,"100 מ""ל",false,1,29.90,7.48,true,1,
7290017440798,false,ד.פישר סילבר מרכך לשיער כסוף 400 מל,קולגייט פלמוליב,IL,מרכך לשיער כסוף,מיליליטרים,400.00,"100 מ""ל",false,1,28.90,7.23,true,1,
7290017440804,false,ד.פישר סילבר מסכת הזנה לשיער כסוף 300 מ,מדי פישר,IL,מסכה לשיער,מיליליטרים,300.00,"100 מ""ל",false,1,39.90,13.30,true,1,
7290017440934,false,קמיל בלו קלאסיק אל סבון 1 ליטר מגזרי,CHEMIPAL FISHER (BIO,IL,אל סבון 1 ליטר,ליטרים,1.00,ליטר,false,1,25.90,25.90,true,1,
7290017457925,false,סוד מרכך כביסה מרוכז פרש קונטרול ורוד,הנקל סוד,IL,סוד מרכך ורוד,מיליליטרים,900.00,"100 מ""ל",false,1,11.90,1.32,true,1,
7290017457932,false,סוד מרכך כביסה מרוכז פרש קונטרול כחול,הנקל סוד,IL,סוד מרכך כחול,מיליליטרים,900.00,"100 מ""ל",false,1,11.90,1.32,true,1,
7290017637433,false,MB תחליב רחצה ארומטי 600 מל יוזו,סאסא קוסמטיקס,IL,MBתחליב רחצה,מיליליטרים,600.00,"100 מ""ל",false,1,16.90,2.82,true,1,
7290017637440,false,MB תחליב רחצה ארומטי 600 מל סחלבים,סאסא קוסמטיקס,IL,MBת.רחצה סחלבים,מיליליטרים,600.00,"100 מ""ל",false,1,16.90,2.82,true,1,
7290017637464,false,MB תחליב רחצה ארומטי 600 מל זרעי רימונים,סאסא קוסמטיקס,IL,MBתחליב רחצה,מיליליטרים,600.00,"100 מ""ל",false,1,16.90,2.82,true,1,
7290017637495,false,MB תחליב רחצה ארומטי 600 מל זרעי ענבים,סאסא קוסמטיקס,IL,MBתחליב רחצה,מיליליטרים,600.00,"100 מ""ל",false,1,16.90,2.82,true,1,
7290017637525,false,MB תחליב רחצה ארומטי 600 מל סיטרוס,סאסא קוסמטיקס,IL,MBתחליב רחצה,מיליליטרים,600.00,"100 מ""ל",false,1,16.90,2.82,true,1,
7290017637556,false,שמפו לקרקפת שומנית מיקי בוגנים 500 מל,סאסא קוסמטיקס,IL,MBשמפו לשיער שמן,מיליליטרים,500.00,"100 מ""ל",false,1,24.90,4.98,true,1,
7290017637594,false,שמפו יומיומי זיכרונות מתוקים 500 מל,סאסא קוסמטיקס,IL,MB שמפו לשיער,מיליליטרים,500.00,"100 מ""ל",false,1,24.90,4.98,true,1,
7290017637600,false,מרכך יומיומי זיכרונות מתוקים 500 מל,סאסא קוסמטיקס,IL,MB מרכך לשיער,מיליליטרים,500.00,"100 מ""ל",false,1,24.90,4.98,true,1,
7290017637617,false,מסיכת הזנה לשיער מיקי בוגנים 250 מל,סאסא קוסמטיקס,IL,MB מסכה לשיער,מיליליטרים,250.00,"100 מ""ל",false,1,27.90,11.16,true,1,
7290017637631,false,מרכך לשיער יסמין מיקי בוגנים 500מל,סאסא קוסמטיקס,IL,MB מרכך יסמין,מיליליטרים,500.00,"100 מ""ל",false,1,24.90,4.98,true,1,
7290017637655,false,שמפו קרטין ללא מלח מיקי בוגנים 500 מל,סאסא קוסמטיקס,IL,MB שמפו קרטין,מיליליטרים,500.00,"100 מ""ל",false,1,28.90,5.78,true,1,
7290017637761,false,מרכך לשיער ללא מלחים 500מל מיקי בוגנים,"סאסא קוסמטיקס אגש""\ח בע\",IL,מרכך ללא מלחים,מיליליטרים,500.00,"100 מ""ל",false,1,24.90,4.98,true,1,
7290017683041,false,"קרם צוואר ומחשוף 50 מ""ל",,IL,קרם צוואר ומחשוף,מיליליטרים,50.00,"100 מ""ל",false,1,269.00,538.00,true,1,
7290017695044,false,"קיט החלקה ושמפו 200 מ""ל",מיסטר בונד,IL,קיט החלקה ושמפו,יחידה,1.00,יחידה,false,1,119.00,119.00,true,1,
7290017695242,false,שמפו ויטמינס אחר החלקה1ל,מיסטר בונד,IL,שמפו ויטמינס לאח,ליטרים,1.00,ליטר,false,1,39.90,39.90,true,1,
7290017695259,false,מסכה לשיער ויטמינס 500מל,מיסטר בונד,IL,מסכה לשיער ויטמי,מיליליטרים,500.00,"100 מ""ל",false,1,39.90,7.98,true,1,
7290017695266,false,קרם לחות ויטמינס 500מל,מיסטר בונד,IL,קרם לחות ויטמינס,מיליליטרים,500.00,"100 מ""ל",false,1,34.90,6.98,true,1,
7290017695679,false,"מסכת סילבר 500 מ""ל",מיסטר בונד,IL,מסכת סילבר 500 מ,מיליליטרים,500.00,"100 מ""ל",false,1,49.90,9.98,true,1,
7290017695693,false,שמפו סילבר 500 מל,מיסטר בונד,IL,שמפו סילבר 500 מ,מיליליטרים,500.00,"100 מ""ל",false,1,49.90,9.98,true,1,
7290017872001,false,"קרם החתלה פרשוואנס שמן זית ופרופוליס 100 סמ""ק",פרש-וואנס,IL,פרש וואנס קרם הח,מיליליטרים,100.00,"100 מ""ל",false,1,12.90,12.90,true,1,
7290017872018,false,"פרש וואנס קרם החתלה קמומיל וקלנדולה 100 סמ""ק",גונסון,IL,פרש וואנס קרם הח,מיליליטרים,100.00,"100 מ""ל",false,1,12.90,12.90,true,1,
7290017872070,false,מארז מגבונים לחים בניחוח מרענן פרש וואנס שלישייה,"ווטנפס בע""\מn\",IL,פרש וואנס מגבון,יחידה,1.00,יחידה,false,1,12.90,12.90,false,1,
7290017872230,false,פרש וונס מגבונים נטורל 100 יח דיספנסר,פרש וואנס Fresh Ones,IL,פרש וואנס מגבון,יחידה,1.00,יחידה,false,1,10.90,10.90,false,1,
7290017872872,false,בייביביס חטיפי דגנים אפויים לתינוקות בטעם גזר וסלק,טאטא גלובל בוורג'ס,IL,כוכבים דגנים,גרמים,35.00,100 גרם,false,1,13.90,39.71,true,1,
7290017872964,false,אדג' - מכשיר גילוח רב פעמי ידית + 3 סכינים לחות מוגברת,General,US,מכשיר+סכין גילוח,יחידה,1.00,יחידה,false,1,59.90,59.90,true,1,
7290017873169,false,"פמילי סבון ידיים מועשר בשמן זית 500 מ""ל",טאהא,TR,תחליב רחצה פמלי,מיליליטרים,500.00,"100 מ""ל",false,1,11.90,2.38,true,1,
7290017873350,false,קרם יד.פנג'ל אינטנסיב100,"דנלוג אינטרקוסמא בע""\מ",IL,קרם ידיים פנג'ל,מיליליטרים,100.00,"100 מ""ל",false,1,13.90,13.90,true,1,
7290017873381,false,תח.גוף פנג'ל אינטנסיב400,אינטרקוסמא,IL,תחליב גוף פנג'ל,מיליליטרים,400.00,"100 מ""ל",false,1,28.90,7.23,true,1,
7290017873411,false,"קרם גוף ויטליטי לכל סוגי העור 200 מ""ל פנג'ל","דנלוג אינטרקוסמא בע""\מ",IL,קרם גוף פנג'ל,מיליליטרים,300.00,"100 מ""ל",false,1,29.90,9.97,true,1,
7290017917382,false,אל סבון היגייני לניקוי יסודי ולהרגע העור clean & calm,"ד""ר פישר Dr fischer",IL,קמיל סבון ידיים,ליטרים,1.00,ליטר,false,1,15.90,15.90,true,1,
7290017917450,false,קמיל בלו סנסיטיב אל סבון ושמפו צמחי מרפא 1 ליטר,פישר מעבדות פרמצבטיות בע,IL,אל סבון ושמפו,ליטרים,1.00,ליטר,false,1,31.90,31.90,true,1,
7290017917467,false,אל סבון טיפולי לתינוק קמיל בלו שיבולת שועל,"ד""ר פישר Dr fischer",IL,אל סבון ש.שועל,ליטרים,1.00,ליטר,false,1,31.90,31.90,true,1,
7290017917542,false,"ד""ר פישר שמפו בלונד ללא תוספת מלחים 400 מ""ל",מדי פישר,IL,שמפו ללא מלחים,מיליליטרים,400.00,"100 מ""ל",false,1,39.90,9.98,true,1,
7290017917757,false,"ד""ר פישר EFFECTIVE CARE קרם גוף בשמן כותנה 450 מ""ל",פישר מעבדות פרמצבטיות בע,IL,קרם גוף אפקטיב,מיליליטרים,450.00,"100 מ""ל",false,1,22.90,5.09,true,1,
7290017917764,false,"ד""ר פישר - אפקטיב קר קרם גוף מועשר בשמן ארגן 450 מ""ל",פישר מעבדות פרמצבטיות בע,IL,קרם גוף,מיליליטרים,450.00,"100 מ""ל",false,1,22.90,5.09,true,1,
7290017928098,false,שטוחלה מלח מאיר בייגל 330 גרם,מאיר את בייגל,IL,בייגלה שטוחל'ה,גרמים,330.00,100 גרם,false,1,8.90,2.70,true,1,
7290017928494,false,מאיר בייגל -סמאש-שבורים בטעם צ'דר 300 גרם,מאיר בייגל,BG,סמאש שברי בייגלה,גרמים,300.00,100 גרם,false,1,10.00,3.33,true,1,
7290017928616,false,שטוחלה שומשום מאיר בייגל 300 גרם,מאיר את בייגל,IL,בייגלה שטוחלה,גרמים,300.00,100 גרם,false,1,8.90,2.97,true,1,
7290017928722,false,בייגלה שטוח ניגובים שומשום 300 ג' מאיר בייגל,מאיר את בייגל,IL,שטוחל'ה ניגובים,גרמים,300.00,100 גרם,false,1,8.90,2.97,true,1,
7290017928821,false,מקלות גריסיני קלאסי מאיר בייגל 200 גרם,מאיר את בייגל,IL,גריסיני קלאסי,גרמים,200.00,100 גרם,false,1,8.90,4.45,true,1,
7290018043189,false,פראוד - חטיף חלבון בטעם קשיו קרמל 60 גרם,מרס נדרלנד,NL,פראוד חטיף קשיו,גרמים,60.00,100 גרם,false,1,14.90,24.83,true,1,
7290018043295,false,חטיף חלבון בטעם ונילה קראנץ',הרת'סייד פוד סולושיי,NL,פראוד חטיף וניל,גרמים,60.00,100 גרם,false,1,14.90,24.83,true,1,
7290018043639,false,חטיף חלבון שוק.קריספ29גר,,NL,חטיף חלבון פראוד,גרמים,29.00,100 גרם,false,1,11.90,41.03,true,1,
7290018043844,false,חטיף חלבון בוטנים קרמל קראנץ 60 ג' פראוד,פראוד PROUD,NL,חטיף חלבון,גרמים,60.00,100 גרם,false,1,13.90,23.17,true,1,
7290018080528,false,מאמי קייר סבון קמומיל לתינוק 400 מל,General,IL,סבון קמומיל עדין,מיליליטרים,400.00,"100 מ""ל",false,1,35.90,8.98,true,1,
7290018132388,false,מטרנה גולד שלב 2 תרכובת מזון על בסיס חלבי,מטרנה תעשיות ש.מ.,IL,מטרנה גולד שלב 2,גרמים,700.00,100 גרם,false,1,73.90,10.56,true,1,
7290018132425,false,מטרנה גולד שלב 3 תרכובת מזון על בסיס חלבי,מטרנה תעשיות ש.מ.,IL,מטרנה גולד שלב 3,גרמים,700.00,100 גרם,false,1,73.90,10.56,true,1,
7290018156063,false,אולטרסול קידס סטיק הגנה לפנים +50 לילדים,פישר מעבדות פרמצבטיות בע,IL,אולטרסול,מיליליטרים,13.00,"100 מ""ל",false,1,49.90,383.85,true,1,
7290018182277,false,LA BELLE מקלוני נייר שחור עם צמר גפן צבעוני-כחול 200 יח,,CN,מקלוני נייר שחור,יחידה,1.00,יחידה,false,1,9.90,9.90,true,1,
7290018182307,false,מקלוני נייר לבן עם צמר גפן צבעוני 200 יח,,CN,מקלוני נייר לבן,יחידה,1.00,יחידה,false,1,9.90,9.90,true,1,
7290018182390,false,מארז נעל לבבות,,,מארז נעל לבבות,יחידה,1.00,יחידה,false,0,39.90,39.90,true,1,
7290018182406,false,גרדן אואזיס מארז בקבוקי נסיעות פרחים פרא,General,IL,מארז חמישה בקבוק,יחידה,1.00,יחידה,false,1,39.90,39.90,true,1,
7290018182741,false,תוספות שיער לקוקו לורן,פארמה דיל,CN,ת.שיער לקוקו,יחידה,1.00,יחידה,false,1,59.90,59.90,true,1,
7290018182765,false,תוספות שיער לקוקו לורן,פארמה דיל,CN,ת.שיער לקוקו,יחידה,1.00,יחידה,false,1,59.90,59.90,true,1,
7290018182819,false,תוספות שיער לקוקו יסמין,פארמה דיל,CN,ת.שיער לקוקו,יחידה,1.00,יחידה,false,1,49.90,49.90,true,1,
7290018183823,false,ספוג רחצה מפנק .,,IL,ספוג רחצה מפנק .,יחידה,1.00,יחידה,false,1,11.90,11.90,true,1,
7290018292549,false,"ARGANIA - מסיכה ללא שטיפה חומצה היאלרונית וקרטין 250 מ""ל",ארגניה יצור ושיווק,IL,מסיכה לשיער ללא,מיליליטרים,250.00,"100 מ""ל",false,1,44.90,17.96,true,1,
7290018292839,false,מארז ארגניה קטן לטיפוח שיער - סדרת קיק,ארגניה יצור ושיווק,IL,מארז קיק קטן,יחידה,1.00,יחידה,false,1,179.90,179.90,true,1,
7290018343357,false,"ד""ר פישר SMOOTH & REPAIR מרכך משקם לאחר החלקה או עיצוב בחום",פישר מעבדות פרמצבטיות,IL,מרכך משקם,מיליליטרים,400.00,"100 מ""ל",false,1,39.90,9.98,true,1,
7290018343487,false,אלכו ג'ל בשפורפרת H 75מ,CHEMIPAL FISHER (BIO,IL,"אלכו ג'ל H 75מ""ל",מיליליטרים,75.00,"100 מ""ל",false,1,9.90,13.20,true,1,
7290018343630,false,ד.פישר אפקטיב קר קרם גוף מועשר חמאת קקאו,פישר מעבדות פרמצבטיות בע,IL,קרם גוף אפקטיב,מיליליטרים,450.00,"100 מ""ל",false,1,22.90,5.09,true,1,
7290018493052,false,"ד""ר פישר - אפקטיב קר קרם ידיים מועשר בשמן אבוקדו 100 מ""ל",פישר מעבדות פרמצבטיות,IL,קרם ידיים,מיליליטרים,100.00,"100 מ""ל",false,1,15.90,15.90,true,1,
7290018493069,false,"אפקטיב קר קרם ידייםמועשר בשמן כותנה ד""ר פישר 100 מ""ל",פישר מעבדות פרמצבטיות,IL,קרם ידיים,מיליליטרים,100.00,"100 מ""ל",false,1,15.90,15.90,true,1,
7290018493076,false,"אפקטיב קר קרם ידייםמועשר בשמן ארגן ד""ר פישר 100 מ""ל",פישר מעבדות פרמצבטיות,IL,קרם ידיים,מיליליטרים,100.00,"100 מ""ל",false,1,15.90,15.90,true,1,
7290018493403,false,"ד""ר פישר - קידס קצף אמבט ויטמינים 750 מ""ל","ד""ר פישר",IL,קצף אמבט ויטמיני,מיליליטרים,750.00,"100 מ""ל",false,1,16.90,2.25,true,1,
7290018493915,false,"ד""ר פישר - שמן גוף לתינוק מעושר בשמן שקדים 200 מ""ל",פישר מעבדות פרמצבטיות בע,IL,שמן גוף לתינוק,מיליליטרים,200.00,"100 מ""ל",false,1,17.90,8.95,true,1,
7290018516355,false,מחיט תפוח עץ ושבולות שועל 190 ג' פרינוק גוניור,פרוטה פודווין איי.אס,CZ,פרינוק ארוחה,גרמים,190.00,100 גרם,false,1,5.90,3.11,true,1,
7290018516362,false,מחיט תפוח עץ בננה ושבולות שועל 190 ג' פרינוק גוניור,פרוטה פודווין איי.אס,CZ,פרינוק ארוחה,גרמים,190.00,100 גרם,false,1,5.90,3.11,true,1,
7290018516379,false,מחיט סלט פירות ושבולות שועל 190 ג' פרינוק גוניור,פרוטה פודווין איי.אס,CZ,פרינוק ארוחת סלט,גרמים,190.00,100 גרם,false,1,5.90,3.11,true,1,
7290018703083,false,פראוד חטיף חלבון דאבל שוקולד 60 גרם קראנץ,פראוד PROUD,NL,חטיף חלבון,גרמים,60.00,100 גרם,false,1,13.90,23.17,true,1,
7290018703182,false,חט.חלבון שוק.בוטן+קרמל29,,NL,חטיף חלבון פראוד,גרמים,29.00,100 גרם,false,1,11.90,41.03,true,1,
7290018703311,false,פראוד - חטיף חלבון קרם עוגיות קראנצ' 60ג,v.s.i,NL,חטיף חלבון,גרמים,60.00,100 גרם,false,1,13.90,23.17,true,1,
7290018703496,false,פראוד - חטיף חלבון בטעם בננה טופי 60 גרם,פראוד PROUD,NL,חטיף חלבון,גרמים,60.00,100 גרם,false,1,13.90,23.17,true,1,
7290018733158,false,קרם גלייז לתלתלים משאבה,מיסטר בונד,IL,קרם גלייז לתלתלי,גרמים,500.00,100 גרם,false,1,49.90,9.98,true,1,
7290018733172,false,קרם מוריד נפח ביוטין 500,מיסטר בונד,IL,קרם מוריד נפח,גרמים,500.00,100 גרם,false,1,49.90,9.98,true,1,
7290018733288,false,שמפו ויטמינס לתלתלים 10,מיסטר בונד,IL,שמפו ויטמינס,מיליליטרים,10.00,"100 מ""ל",false,1,9.90,99.00,true,1,
7290018733301,false,"מסכה לשיער מתולתל 10 מ""ל",מיסטר בונד,IL,מסכה לשיער מתולת,מיליליטרים,100.00,"100 מ""ל",false,1,9.90,9.90,true,1,
7290018921029,false,"ד""ר פישר - קמיל בלו מגבוני סנסיטיב 64 יח' * 4",פישר מעבדות פרמצבטיות בע,IL,מגבוני קמיל בלו,יחידה,1.00,יחידה,false,1,21.90,21.90,true,1,
7290018921067,false,"ד""ר פישר - אפקטיב קר תחליב רחצה שמן שקדים 700 מ""ל",פישר מעבדות פרמצבטיות בע,IL,תחליב רחצה שקדים,מיליליטרים,700.00,"100 מ""ל",false,1,12.90,1.84,true,1,
7290018921203,false,"קמיל בלו קרם החתלה קמומיל 120 ג' ד""ר פישר",פישר מעבדות פרמצבטיות בע,IL,קרם החתלה קמומיל,גרמים,120.00,100 גרם,false,1,20.90,17.42,true,1,
7290018921265,false,"תחליב רחצה מועשר בתמצית אלוורה 700 מ""ל אפקטיב קר",פישר מעבדות פרמצבטיות בע,IL,תחליב רחצ.אלוורה,מיליליטרים,700.00,"100 מ""ל",false,1,12.90,1.84,true,1,
7290018921449,false,קמיל בלו מגבונים תפרחת חיתולים רביעייה,פישר תעשיות,IL,מגבונים קמיל 4יח,יחידה,1.00,יחידה,false,1,24.90,24.90,true,1,
7290018921609,false,"ד""ר פישר - קמיל בלו קרם החתלה קלנדולה 120 גרם",פישר מעבדות פרמצבטיות בע,IL,קמיל בלו ק החתלה,גרמים,120.00,100 גרם,false,1,21.90,18.25,true,1,
7290018921616,false,רביעיית מגבוני קמיל בלו שיבולת שועל 64 יח',פישר תעשיות,IL,מגבוני קמיל 4יח,יחידה,1.00,יחידה,false,1,23.90,23.90,true,1,
7290018921807,false,"קמיל בלו משחת החתלה צמחי מרפא 120 ג' ד""ר פישר",פישר מעבדות פרמצבטיות בע,IL,קמיל בלו משחה,גרמים,120.00,100 גרם,false,1,21.90,18.25,true,1,
7290018921852,false,"תחליב רחצה מועשר בשמן ארגן 700 מ""ל אפקטיב קר",פישר מעבדות פרמצבטיות בע,IL,תחליב רחצה ארגן,מיליליטרים,700.00,"100 מ""ל",false,1,12.90,1.84,true,1,
7290019014676,false,ג'ל לכביסה לבנה 1.35 ל,סאסא טק,IL,ג'ל לכביסה לבנה,ליטרים,1.35,ליטר,false,1,29.90,22.15,true,1,
7290019014683,false,נוזל רצפות פרדייס 1.35 ל,סאסא טק,IL,נוזל לרצפות,ליטרים,1.35,ליטר,false,1,24.90,18.44,true,1,
7290019014706,false,נוזל רצפות פרש וויט1.35ל,סאסא טק,IL,נוזל רצפות פרש,ליטרים,1.35,ליטר,false,1,24.90,18.44,true,1,
7290019014744,false,מרסס חלונות פרש וויט750מ,סאסא טק,IL,מרסס חלונות פרש,מיליליטרים,750.00,"100 מ""ל",false,1,13.90,1.85,true,1,
7290019014775,false,מרסס קצף מסיר שומנים 750,סאסא טק,IL,מרסס מסיר שומנים,מיליליטרים,750.00,"100 מ""ל",false,1,16.90,2.25,true,1,
7290019014799,false,מסיר אבנית לאמבטיה 750 מ,סאסא טק,IL,קצף מסיר אבנית,מיליליטרים,750.00,"100 מ""ל",false,1,14.90,1.99,true,1,
7290019014812,false,"מרסס מנטרל ריחות 500 מ""ל",סאסא טק,IL,מרסס מנטרל ריחות,מיליליטרים,500.00,"100 מ""ל",false,1,19.90,3.98,true,1,
7290019014867,false,"תרסיס מסיר דיו+דבק400מ""ל",סאסא טק,IL,תרסיס מסיר דיו,מיליליטרים,400.00,"100 מ""ל",false,1,26.90,6.73,true,1,
7290019014874,false,נוזל רצפות אוריאנטל1.35ל,סאסא טק,IL,נוזל רצפות,ליטרים,1.35,ליטר,false,1,24.90,18.44,true,1,
7290019047582,false,GARDEN OASIS - ערכת מתנה לאמבטיה פרחים פראיים,,IL,ערכה לאמבט,יחידה,1.00,יחידה,false,1,59.90,59.90,true,1,
7290019047605,false,GARDEN OASIS - מארז מקופלת מפואר ורוד,,IL,מארז לאמבט,יחידה,1.00,יחידה,false,1,29.90,29.90,true,1,
7290019047612,false,GARDEN OASIS - מארז מקופלת פרחים פראיים,,IL,מארז מקופלת,יחידה,1.00,יחידה,false,1,29.90,29.90,true,1,
7290019047629,false,GARDEN OASIS - מארז מקופלת לאמבטיה מהדורת חורף,,IL,מארז לאמבט,יחידה,1.00,יחידה,false,1,29.90,29.90,true,1,
7290019074502,false,"קמיל בלו קרם גוף לתינוק שפופרת 240 מ""ל",פישר מעבדות פרמצבטיות בע,IL,קרם גוף לתינוק,מיליליטרים,240.00,"100 מ""ל",false,1,26.90,11.21,true,1,
7290019074885,false,"ד""ר פישר - קמיל בלו אקסטרה סופט קרם גוף לתינוק 500 מ""ל",פישר מעבדות פרמצבטיות בע,IL,קמיל בלו קרם גוף,מיליליטרים,500.00,"100 מ""ל",false,1,29.90,5.98,true,1,
7290019075400,false,"אפקטיב קר תחליב רחצה מועשר בשיבולת שועל 700 מ""ל",פישר מעבדות פרמצבטיות בע,IL,תחליב רחצ.אפקטיב,מיליליטרים,700.00,"100 מ""ל",false,1,12.90,1.84,true,1,
7290019075547,false,"ד""ר פישר - אפקטיב קר קרם גוף לעור יבש במיוחד מועשר בחומצה היאלורונית 450 גרם",פישר מעבדות פרמצבטיות בע,IL,אפקטיב קר קרם גו,מיליליטרים,450.00,"100 מ""ל",false,1,22.90,5.09,true,1,
7290019075608,false,"אפקטיב קר תחליב רחצה מועשר בתה ירוק ויסמין 700 מ""ל",פישר מעבדות פרמצבטיות בע,IL,תחליב רחצ.אפקטיב,מיליליטרים,700.00,"100 מ""ל",false,1,12.90,1.84,true,1,
7290019075691,false,"ד""ר פישר - אפקטיב קר תחליב רחצה עדין לידיים מועשר בלבנדר 350 מ""ל",פישר מעבדות פרמצבטיות,IL,אפקטיב קר לבנדר,מיליליטרים,350.00,"100 מ""ל",false,1,8.90,2.55,true,1,
7290019075745,false,"ד""ר פישר - אפקטיב קר קרם ידיים היאלרונית 100 מ""ל",פישר מעבדות פרמצבטיות בע,IL,אפקטיב קר קרם יד,מיליליטרים,100.00,"100 מ""ל",false,1,15.90,15.90,true,1,
7290019274056,false,נוזל רצפה בייבי לאב1.35ל,סאסא טק,IL,נוזל רצפה בייבי,ליטרים,1.35,ליטר,false,1,24.90,18.44,true,1,
7290019274063,false,ג'ל כביסה בייבי 1.35 ל',סאסא טק,IL,ג'ל כביסה בייבי,ליטרים,1.35,ליטר,false,1,33.90,25.11,true,1,
7290019274087,false,"ארוסול קצף לאסלות 400מ""ל",סאסא טק,IL,ארוסול קצף ניקוי,מיליליטרים,400.00,"100 מ""ל",false,1,19.90,4.98,true,1,
7290019274315,false,קוקהנומיקה לבנדר 1.25 ל,,IL,קוקנומיקה לבנדר,ליטרים,1.25,ליטר,false,1,14.90,11.92,true,1,
7290100240137,false,"תרסיס ריחני למייבש כחול בדין 500 מ""ל","זוהר דליה, קיבוץ דליה, 1",IL,תרסיס למייבש,מיליליטרים,500.00,"100 מ""ל",false,0,19.90,3.98,true,1,
7290100243671,false,"מרכך כביסה מרוכז אקסטרה כחול בדין 960 מ""ל",יוניליוור סנאיי וי טיקאר,TR,מרכך כביסה בדין,מיליליטרים,960.00,"100 מ""ל",false,0,19.90,2.07,true,1,
7290100249086,false,"קליק נוגט לבן כשל""פ35גרם","יונליוור ישראל מזון בע""\",IL,חטיף קליק,גרמים,35.00,100 גרם,false,1,5.90,16.86,true,1,
7290100271568,false,עפרון עינים הייפרסיז'ן07,גייד,IT,עפרון עינים הייפ,יחידה,1.00,יחידה,false,0,39.00,39.00,true,1,
7290100273500,false,INTENSE איילנר שחור,גייד,IT,INTENSE איילנר,יחידה,1.00,יחידה,false,0,85.00,85.00,true,1,
7290100412435,false,קוויק מטליות לחות 99.9% לניקוי כללי בריח פרחי בר 50 יחידות,די.פי.אל,IL,קוויק מגבונים,יחידה,1.00,יחידה,false,1,9.90,9.90,true,1,
7290100412718,false,"תרחיץ פנים קלאסק מאסק דר עור 150 מ""ל","אמיליה קוסמטיקס בע""מ",IL,ג'ל ניקוי פנים,מיליליטרים,150.00,"100 מ""ל",false,0,19.90,13.26,true,1,
7290100412732,false,"תחליב גוף לעור יבש וילד פלאויר דר עור 400 מ""ל","אמיליה קוסמטיקס בע""מ",IL,תחליב גוף דר עור,מיליליטרים,400.00,"100 מ""ל",false,1,32.90,8.23,true,1,
7290100412756,false,דר עור קרם ידיים לעור יבש פרחי בר 100 מל,"אמיליה קוסמטיקס בע""מ",IL,קרם ידיים,מיליליטרים,100.00,"100 מ""ל",false,1,13.90,13.90,true,1,
7290100412763,false,"דר' עור תחליב רחצה קלאסי -לבנדר 700 מ""ל","אמיליה קוסמטיקס בע""מ",IL,תחליב רחצה,מיליליטרים,700.00,"100 מ""ל",false,1,19.90,2.84,true,1,
7290100412787,false,"ד""ר עור - תחליב רחצה קלאסי בניחוח פריחת הכותנה 700 מ""ל","אמיליה קוסמטיקס בע""מ",IL,תחליב רחצה,מיליליטרים,700.00,"100 מ""ל",false,1,19.90,2.84,true,1,
7290100412800,false,"תחליב רחצה לעור יבש וילד פלאור דר עור 700 מ""ל","אמיליה קוסמטיקס בע""מ",IL,תחליב רחצה,מיליליטרים,700.00,"100 מ""ל",false,1,19.90,2.84,true,1,
7290100412831,false,תחליב רחצה אנטי אייג'ינג בניחוח וניל טרופי,"אמיליה קוסמטיקס בע""מ",IL,תחליב רחצה,מיליליטרים,700.00,"100 מ""ל",false,1,19.90,2.84,true,1,
7290100412848,false,DR OR תחליב גוף אנטי אייגינג וניל מעודן 400 מל,"אמיליה קוסמטיקס בע""מ",IL,תחליב גוף,מיליליטרים,400.00,"100 מ""ל",false,1,32.90,8.23,true,1,
7290100653463,false,"פלמוליב - ארומה ג'ל רחצה מסאז' 500 מ""ל",קולגייט-פלמוליב,TR,סבון פלמוליב,מיליליטרים,500.00,"100 מ""ל",false,0,18.90,3.78,true,1,
7290100680667,false,מנה חמה נודלס בסגנון סצ'ואן אסם 76 גרם,PUB FOODS PRESIDENT THAI,TH,מנה חמה נודלס,גרמים,76.00,100 גרם,false,0,7.90,10.39,true,1,
7290100687109,false,אוסם - במבה במילוי קרם נוגט 60 גרם,"אסם השקעות בע""\מ",IL,במבה נוגט,גרמים,60.00,100 גרם,false,0,5.90,9.83,true,1,
7290100850916,false,דוריטוס חמוץ חריף מעודן 70 גרם כשר לפסח,"שטראוס פריטו ליי בע""\מ )",IL,דוריטוס חמוץ ח,גרמים,70.00,100 גרם,false,0,4.90,7.00,true,1,
7290100850923,false,דוריטוס בטעם גריל 70 גרם,"שטראוס פריטו ליי בע""\מ )",IL,דוריטוס גריל,גרמים,70.00,100 גרם,false,0,4.90,7.00,true,1,
7290100850930,false,דוריטוס בטעם טבעי 70 גרם,"שטראוס פריטו ליי בע""\מ )",IL,חטיף דוריטוס,גרמים,70.00,100 גרם,false,0,4.90,7.00,true,1,
7290100924631,false,מרכך כביסה מרוכז לבגדי תינוקות ובעלי עור רגיש,"הנקל סוד בע""\מ",IL,סוד מרכךבייבי,מיליליטרים,900.00,"100 מ""ל",false,1,11.90,1.32,true,1,
7290101278641,false,OIL MUSK ICON אשה30מל,גייד בישום,IL,PERFUME M-O ICON,מיליליטרים,30.00,"100 מ""ל",false,0,169.00,563.33,true,1,
7290101278955,false,איילנר טוש שחור,גייד,IT,איילנר טוש שחור,יחידה,1.00,יחידה,false,0,59.00,59.00,true,1,
7290101279662,false,OIL MUSK ICON א.ד.פ לאשה,גייד בישום,IL,M-O ICON א.ד.פ,מיליליטרים,50.00,"100 מ""ל",false,0,159.00,318.00,true,1,
7290101486688,false,חטיף דגנים עם שוקולד ללא גלוטן וסוכר פרי 5*20 גרם,טבעית מוצרים מן הטבע בעמ,IL,חטיף FREE 5 יח',גרמים,100.00,100 גרם,false,0,19.90,19.90,true,1,
7290101488286,false,"ליידי ספיד סטיק - דאודורנט ספריי לאישה 24/7 פרש פיוזן ורוד 150 מ""ל",ליידי ספיד סטיק Lady Speed Stick,RU,ליידי ספיד סטיק,מיליליטרים,150.00,"100 מ""ל",false,0,14.90,9.93,true,1,
7290101488316,false,ליידי ספיד סטיק - דאודורנט סטיק לאישה ללא סימן ורוד סטיק 65 גרם,ליידי ספיד סטיק Lady Speed Stick,US,ליידי ספיד סטיק,גרמים,65.00,100 גרם,false,0,17.90,27.54,true,1,
7290101488323,false,ליידי ספיד סטיק - דאודורנט סטיק לאישה ללא סימן ירוק סטיק 65 גרם,ליידי ספיד סטיק Lady Speed Stick,US,ליידי ספיד סטיק,גרמים,65.00,100 גרם,false,0,17.90,27.54,true,1,
7290101825210,false,כפפות לטקס מידה s 100 יחי' בחבילה,,IL,כפפות לטקס עם אב,יחידה,1.00,יחידה,false,1,19.90,19.90,true,1,
7290101825227,false,כפפות לטקס עם אבקה M 100,,IL,כפפות לטקס עם אב,יחידה,1.00,יחידה,false,1,19.90,19.90,true,1,
7290101825234,false,כפפות לטקס מידה L 100 יחידות בחבילה,,IL,כפפות לטקס עם אב,יחידה,1.00,יחידה,false,1,19.90,19.90,true,1,
7290101825241,false,כפפות לטקס עם אבקה XL100,,IL,כפפות לטקס עם אב,יחידה,1.00,יחידה,false,1,19.90,19.90,true,1,
7290101865261,false,"פיניש נוזל הברקה למדיח 800 מ""ל",רקיט בנקיזר,PL,פיניש נוזל הברקה,מיליליטרים,800.00,"100 מ""ל",false,0,24.90,3.11,true,1,
7290101866787,false,וניש קליה נוזל מסיר כתמים לכביסה לבנה 3 ליטר,קליה וניש Kalia Vanish,IL,וניש לכביסה לבנה,ליטרים,3.00,ליטר,false,0,29.90,9.97,true,1,
7290102060764,false,מרידול מברשת שיניים אריזת זוג,יבואן ומשווק: ש. שסט,CH,2 מברשות שיניים,יחידה,1.00,יחידה,false,0,39.90,39.90,true,1,
7290102060979,false,"אלמקס משחת שיניים למניעת עששת 100מ""ל",יבואן ומשווק: ש. שסט,PL,משחת שיניים,מיליליטרים,100.00,"100 מ""ל",false,0,17.90,17.90,true,1,
7290102062195,false,"משחת שיניים לילדים לגילאי 6-12 אלמקס 75 מ""ל",יבואן ומשווק: ש. שסט,PE,משחת אלמקס,מיליליטרים,75.00,"100 מ""ל",false,0,17.90,23.87,true,1,
7290103120658,false,דאודורנט ספיד סטיק גל שחור 85 גרם,הנסיך- מפעל לייצור ט,US,דאודורנט,גרמים,85.00,100 גרם,false,0,17.90,21.06,true,1,
7290103121600,false,"ספיד סטיק - דאודורנט ספריי לגבר 24/7 קול פיוזן 150 מ""ל",קולגייט פלמוליב,RU,דאו.ספיד סטיק,מיליליטרים,165.00,"100 מ""ל",false,0,14.90,9.03,true,1,
7290103124588,false,"סבון נוזלי ארומה בניחוח לבנדר פטצ'ולי פלמוליב 750 מ""ל",הנסיך- מפעל לייצור ט,TR,סבון פלמוליב,מיליליטרים,750.00,"100 מ""ל",false,0,22.90,3.05,true,1,
7290103124601,false,"תחליב רחצה נוזל חלב ודבש משאבה 750מ""ל פלמוליב",הנסיך- מפעל לייצור ט,TR,סבון פלמוליב,מיליליטרים,750.00,"100 מ""ל",false,0,22.90,3.05,true,1,
7290103126797,false,"קולגייט משחת שיניים סנסיטיב פרו ריליף 75 מ""ל",הנסיך- מפעל לייצור ט,BR,משחת קולגייט,מיליליטרים,75.00,"100 מ""ל",false,0,19.90,26.53,true,1,
7290103129378,false,ספיד סטיק - דאודורנט ג'ל לגבר איקס 5 85 גרם,הנסיך- מפעל לייצור ט,US,דאו. ספיד סטיק,גרמים,85.00,100 גרם,false,0,17.90,21.06,true,1,
7290103330033,false,עפרון עיניים עמיד 303 יח,גייד,IT,עפרון עיניים עמי,יחידה,1.00,יחידה,false,0,49.00,49.00,true,1,
7290103330057,false,עפרון עיניים עמיד 305 יח,גייד,IT,עפרון עיניים עמי,יחידה,1.00,יחידה,false,0,49.00,49.00,true,1,
7290103330149,false,עפרון עיניים עמיד 300 יח,גייד,IT,עפרון עיניים 300,יחידה,1.00,יחידה,false,0,49.00,49.00,true,1,
7290103331511,false,ליפגלוס קריסטל לייטס502,גייד,IL,ליפגלוס קריסטל ל,יחידה,1.00,יחידה,false,0,79.00,79.00,true,1,
7290103332266,false,LONGEVITY מייק אפ 501,גייד,IT,LONGEVITY 501,מיליליטרים,30.00,"100 מ""ל",false,0,135.00,450.00,true,1,
7290103334338,false,BLACK VANILLA ICON לאשה,גייד בישום,IL,VANILLA ICON אשה,מיליליטרים,50.00,"100 מ""ל",false,0,159.00,318.00,true,1,
7290103336745,false,עפרון עיניים מטאליק101,גייד,IT,עפרון עיניים מטא,יחידה,1.00,יחידה,false,0,49.00,49.00,true,1,
7290103336769,false,עפרון עיניים מטאליק103,גייד,IT,עפרון עיניים מטא,יחידה,1.00,יחידה,false,0,49.00,49.00,true,1,
7290103337322,false,גייד גל ניקוי פנים לעור רגיל-יבש ורד 200,דניה,IL,ג'ל ניקוי רגיל-,מיליליטרים,200.00,"100 מ""ל",false,0,45.00,22.50,true,1,
7290103704957,false,מגבות נייר 3 שכבות ענק3ג,,IL,מגבות 3גלילי ענק,מטרים,57.00,מטר,false,1,19.90,0.35,true,1,
7290104068539,false,מאסט פליפטופ מלון ואבטיח ללא גרעינים,"שטראוס גרופ בע""מ",IL,מסטיק מאסט,גרמים,28.00,100 גרם,false,0,4.90,17.50,true,1,
7290104366949,false,אוליב ק.לחות לשיער שמן זית 500מ'ל,א.פ.חורי,IL,אוליב קרם לחות ל,מיליליטרים,500.00,"100 מ""ל",false,0,19.90,3.98,true,1,
7290104960116,false,קרליין - שפתון קולור קוד N40,קרליין,IL,שפתון קולור קוד,יחידה,1.00,יחידה,false,0,59.90,59.90,true,1,
7290104960246,false,"נקה 7 - תחליב רחצה ורד ויסמין 750 מ""ל",טרופיקל דגיל תעשיות קוסמ,IL,תחליב רחצה נקה 7,מיליליטרים,750.00,"100 מ""ל",false,0,10.00,1.33,true,1,
7290104960253,false,"תחליב רחצה נקה 7 לבנדר סגול 750מ""ל",טרופיקל דגיל תעשיות קוסמ,IL,תחליב רחצה נקה 7,מיליליטרים,750.00,"100 מ""ל",false,0,10.00,1.33,true,1,
7290104960338,false,"נקה 7 תחליב רחצה ארומה אלוורה ותה ירוק 750מ""ל",טרופיקל דגיל תעשיות קוסמ,IL,תחליב רחצה נקה 7,מיליליטרים,750.00,"100 מ""ל",false,0,10.00,1.33,true,1,
7290104961021,false,קרליין - אליינר אינקליינר חום,קרליין,DE,אייליינר חום,יחידה,1.00,יחידה,false,0,54.90,54.90,true,1,
7290104961526,false,דאודורנט ספריי גוף טיטניום קלאסיק Titanium Classic,"אמיליה קוסמטיקס בע""מ",IL,טיטניום ספריי,מיליליטרים,150.00,"100 מ""ל",false,0,16.90,11.27,true,1,
7290104961540,false,דאודורנט ספריי גוף טיטניום מטאל Titanium Metal,אמיליה קוסמטיקס,IL,טיטניום ספריי,מיליליטרים,150.00,"100 מ""ל",false,0,16.90,11.27,true,1,
7290104961649,false,קרליין - מברשת דו צדדית 06,קרליין,CN,מברשת דו צדדי,יחידה,1.00,יחידה,false,0,24.90,24.90,true,1,
7290104961823,false,עפרון עינים חידוד 115,קרל.איפור/טיפוח,IL,עפרון עינים חידו,יחידה,1.00,יחידה,false,0,29.90,29.90,true,1,
7290104961830,false,קרליין - עפרון עיניים עם חידוד 116,קרל.איפור/טיפוח,IL,עפרון עינים חידו,יחידה,1.00,יחידה,false,0,29.90,29.90,true,1,
7290104961878,false,"שמפו לשיער קרטין אינטנס פורמולה 400 מ""ל נטורל",נטורל פורמולה Natural Formula,IL,שמפו קרטין,מיליליטרים,400.00,"100 מ""ל",false,0,29.90,7.48,true,1,
7290104961885,false,מרכך קרטין טהור לשיער שעבר החלקה או עיצוב בחום,נטורל פורמולה Natural Formula,IL,מרכך קרטין,מיליליטרים,400.00,"100 מ""ל",false,0,29.90,7.48,true,1,
7290104961892,false,מסכת קרטין טהור לשיער שעבר החלקה או עיצוב בחום,נטורל פורמולה Natural Formula,IL,מסכת קרטין,מיליליטרים,350.00,"100 מ""ל",false,0,39.90,11.40,true,1,
7290104961908,false,נ.פורמולה קרטין אינטנס סרום לשיער 145 מל,נטורל פורמולה Natural Formula,IL,סרום קרטין,מיליליטרים,145.00,"100 מ""ל",false,0,49.90,34.41,true,1,
7290104961915,false,קרליין - מסקרה בולד שחור,קרליין,IT,BOLD מסקרה שחורה,יחידה,1.00,יחידה,false,1,69.90,69.90,true,1,
7290104961922,false,"קרליין - פריימר אול אין 1 30 מ""ל",קרליין,IL,פריימר IN ALL 1,מיליליטרים,30.00,"100 מ""ל",false,1,103.90,346.33,true,1,
7290104962073,false,דאודורנט ספריי גוף טיטניום גולד Titanium Gold,"אמיליה קוסמטיקס בע""מ",IL,דאו.טיטניום,מיליליטרים,180.00,"100 מ""ל",false,0,16.90,9.39,true,1,
7290104962080,false,"טיטניום - דאודורנט ספריי לגבר גולד 150 מ""ל",משווק: קוסמופארם בעמ,IL,דאו.טיטניום,מיליליטרים,150.00,"100 מ""ל",false,0,16.90,11.27,true,1,
7290104962134,false,דאודורנט קרליין רול און נושם לנערות ללא אלומיניום,מיוצר עי : אמיליה קוסמטי,IL,רול און נושם,מיליליטרים,75.00,"100 מ""ל",false,0,13.90,18.53,true,1,
7290104962509,false,נ.פורמולה קרם הגנה קרטין אינטנס,נטורל פורמולה Natural Formula,IL,קרם קרטין,מיליליטרים,145.00,"100 מ""ל",false,0,39.90,27.52,true,1,
7290104962592,false,קרליין - מברשת מייק אפ דו פייברית 08,קרליין,CN,מברשת מייק אפ 08,יחידה,1.00,יחידה,false,1,34.90,34.90,true,1,
7290104962646,false,שפתון ליפ קולור 719,קרליין,IL,שפתון,יחידה,1.00,יחידה,false,1,64.90,64.90,true,1,
7290104962707,false,קרליין 25 מגבונים להסרת איפור דיספנסר,קרליין,IL,מגבונים לפנים,יחידה,1.00,יחידה,false,1,10.90,10.90,true,1,
7290104962721,false,"קרליין - קרם יום רב תועלת רויואל 50 מ""ל",קרל.איפור/טיפוח,IL,REVIVAL קרם יום,מיליליטרים,50.00,"100 מ""ל",false,0,150.00,300.00,true,1,
7290104962844,false,"שמפו אמפולה לטיפול אינטנסיבי לשיער יבש, צבוע ופגום",נטורל פורמולה Natural Formula,IL,שמפו אמפולה,מיליליטרים,400.00,"100 מ""ל",false,1,29.90,7.48,true,1,
7290104962851,false,"מרכך אמפולה לטיפול אינטנסיבי לשיער יבש, צבוע ופגום",נטורל פורמולה Natural Formula,IL,מרכך אמפולה,מיליליטרים,400.00,"100 מ""ל",false,1,29.90,7.48,true,1,
7290104962882,false,"קרליין - סבון פנים עם מברשת ניקוי 150 מ""ל","קוסמופארם בע""\מ.",IL,סבון פנים מקציף,מיליליטרים,150.00,"100 מ""ל",false,1,44.90,29.93,true,1,
7290104962967,false,לק ג'ל קולור ניילס יח,קרליין,IL,לק ג'ל,יחידה,1.00,יחידה,false,1,29.90,29.90,true,1,
7290104963001,false,סופטקר מגבונים לחים רביעייה בניחוח עדין,החברה הדרומית,IL,מגבונים סופטקר,יחידה,1.00,יחידה,false,1,19.90,19.90,true,1,
7290104963018,false,סופטקר מגבונים לחים רביעייה ללא בישום,החברה הדרומית,IL,מגבונים סופטקר,יחידה,1.00,יחידה,false,1,19.90,19.90,true,1,
7290104963056,false,קרליין - מסקרה בולד כחול כהה,קרליין,IT,מסקרה כחול,יחידה,1.00,יחידה,false,1,69.90,69.90,true,1,
7290104963155,false,"סופטקר שמן לתינוקות 500 מ""ל",קוסמופארם בע'\'\מ,IL,סופטקר שמן,מיליליטרים,500.00,"100 מ""ל",false,1,25.90,5.18,true,1,
7290104963162,false,"סופטקר - קרם גוף לתינוקות 500 מ""ל",קוסמופארם בע'\'\מ,IL,סופטקר קרם גוף,מיליליטרים,500.00,"100 מ""ל",false,1,23.90,4.78,true,1,
7290104963216,false,סופטקר - אל סבון עדין לתינוק לעור רגיש 1 ליטר,קוסמופארם בע'\'\מ,IL,סופטקר אל סבון,ליטרים,1.00,ליטר,false,1,18.90,18.90,true,1,
7290104963223,false,סופטקר - אל סבון עדין לתינוק לעור רגיש 1 ליטר,קוסמופארם בע'\'\מ,IL,סופטקר אל סבון,ליטרים,1.00,ליטר,false,1,18.90,18.90,true,1,
7290104963322,false,שמן הזנה לציפורניים יח',,IL,שמן הזנה לציפורנ,יחידה,1.00,יחידה,false,1,29.90,29.90,true,1,
7290104963445,false,"קרליין - פריימר שמן 30 מ""ל",,IL,שמן מקבע איפור,מיליליטרים,30.00,"100 מ""ל",false,1,89.90,299.67,true,1,
7290104963452,false,קרליין - עפרון גבות 01 ASH BEIGE,קרל.איפור/טיפוח,CN,עפרון גבות משולש,יחידה,1.00,יחידה,false,0,29.90,29.90,true,1,
7290104963469,false,קרליין - עפרון גבות ASH BROWN 02,קרל.איפור/טיפוח,CN,עפרון גבות משולש,יחידה,1.00,יחידה,false,0,29.90,29.90,true,1,
7290104963476,false,קרליין - עפרון גבות WARM BROWN 03,קרל.איפור/טיפוח,CN,עפרון גבות משולש,יחידה,1.00,יחידה,false,0,29.90,29.90,true,1,
7290104963650,false,נקה 7 שמפו אל דמע סופטקר 1 ליטר,קוסמופארם בע'\'\מ,IL,סופטקר שמפו,ליטרים,1.00,ליטר,false,1,18.90,18.90,true,1,
7290104963667,false,שמפו ותחליב רחצה אל דמע סופט קר 1 ליטר,קוסמופארם בע'\'\מ,IL,סופטקר 2ב1-,ליטרים,1.00,ליטר,false,1,18.90,18.90,true,1,
7290104963933,false,קרליין שמן 360 לטיפול וטיפוח הפנים והגוף,קרליין,IL,שמן 360,מיליליטרים,360.00,"100 מ""ל",false,1,59.90,16.64,true,1,
7290104963940,false,מגבוני פחם שחורים להסרת איפור פנים ועיניים,קרליין Careline,IL,מגבונים מסיר איפ,יחידה,1.00,יחידה,false,1,10.90,10.90,true,1,
7290104963995,false,קרליין אויל פרי-פילינג גרגרים לעור שמן,אגיס,IL,אויל פרי גרגירים,מיליליטרים,150.00,"100 מ""ל",false,1,34.90,23.27,true,1,
7290104964084,false,"קרליין - מולטי אפקט קרם יום 50 מ""ל 25SPF",זוהר קוסמטיקה,IL,EFFECT MULTI קרם,מיליליטרים,50.00,"100 מ""ל",false,1,44.90,89.80,true,1,
7290104964091,false,"קרליין - מולטי אפקט קרם לילה 50 מ""ל",פאר פארם בעמ,IL,קרם לילה,מיליליטרים,50.00,"100 מ""ל",false,1,44.90,89.80,true,1,
7290104964107,false,"קרליין - מולטי אפקט קרם עיניים 30 מ""ל",פאר פארם בעמ,IL,EFFECT MULTI קרם,מיליליטרים,30.00,"100 מ""ל",false,1,44.90,149.67,true,1,
7290104964213,false,"קרליין - פילינג פנים לניקוי עמוק 150 מ""ל",אמיליה קוסמטיקס,IL,פילינג לפנים,מיליליטרים,150.00,"100 מ""ל",false,1,34.90,23.27,true,1,
7290104964220,false,קרליין קליר סקין גל מרענן לניקוי הפנים,אמיליה קוסמטיקס,IL,ג'ל לניקוי פנים,מיליליטרים,300.00,"100 מ""ל",false,1,34.90,11.63,true,1,
7290104964251,false,"תרחיץ פנים פעולה משולשת מסכה, פילינג וניקוי","קוסמופארם בע""\מ",IL,תרחיץ פנים,מיליליטרים,150.00,"100 מ""ל",false,1,34.90,23.27,true,1,
7290104964282,false,BOLD מסקרה אניגמה שחור,,IT,מסקרה אניגמה,יחידה,1.00,יחידה,false,1,69.90,69.90,true,1,
7290104964299,false,קרליין - מסקרה LASH HUNTER שחור,קרליין,IL,מסקרה לאש האנטר,יחידה,1.00,יחידה,false,1,64.90,64.90,true,1,
7290104964442,false,קרליין - קונסילר כיסוי גבוה 03,,IL,קונסילר לכיסוי מ,יחידה,1.00,יחידה,false,1,54.90,54.90,true,1,
7290104964466,false,קרליין - מסקרה בולד מעגלת שחור,,IL,BOLD מסקרה מעגלת,יחידה,1.00,יחידה,false,1,69.90,69.90,true,1,
7290104964473,false,קרליין - מסקרה בולד סטיי לונג שחור,,IL,BOLD מסקרה שחורה,יחידה,1.00,יחידה,false,1,69.90,69.90,true,1,
7290104964565,false,קרליין מסכה מתקלפת לניקוי לכל סוגי העור,פאר פארם בעמ,IL,מסכה מתקלפת שחור,מיליליטרים,150.00,"100 מ""ל",false,1,49.90,33.27,true,1,
7290104964800,false,"קרליין - קרם רב תכליתי המפ 50 מ""ל",אגיס,IL,המפ קרם יום,מיליליטרים,50.00,"100 מ""ל",false,1,79.90,159.80,true,1,
7290104964916,false,קרליין - מגבונים להסרת איפור דו פאזי 25 יח',קוסמופארם,IL,מגבוני דו פזי פח,יחידה,1.00,יחידה,false,1,10.90,10.90,true,1,
7290104964930,false,קרליין - פיגמנט ללחיים ולשפתיים,,IL,ליפ טיינט שפתון,מיליליטרים,10.00,"100 מ""ל",false,1,39.90,399.00,true,1,
7290104964947,false,"קרלין - תרחיץ ניקוי פנים ויטמין סי 300 מ""ל","קוסמופארם בע""\מ",IL,ויטמין Cתרחיץ פנ,מיליליטרים,300.00,"100 מ""ל",false,1,27.90,9.30,true,1,
7290104964954,false,קרליין מסכת בד זהב למיצוק וזוהר לעור,קרליין,IL,מסכת בד טיפוח זה,יחידה,1.00,יחידה,false,1,10.00,10.00,true,1,
7290104964985,false,"ECLIPS - בושם לגבר 100 מ""ל",,IL,ECLIPSE אדפ,מיליליטרים,100.00,"100 מ""ל",false,1,99.00,99.00,true,1,
7290104965029,false,שפתון קולור גלוס 40 יח',,IL,שפתון קולור גלוס,יחידה,1.00,יחידה,false,1,39.90,39.90,true,1,
7290104965050,false,שפתון קולור גלוס 45 יח',,IL,שפתון קולור גלוס,יחידה,1.00,יחידה,false,1,39.90,39.90,true,1,
7290104965067,false,שפתון קולור גלוס 44,,IL,שפתון קולור גלוס,יחידה,1.00,יחידה,false,1,39.90,39.90,true,1,
7290104965074,false,שפתון קולור גלוס 42 יח',,IL,שפתון קולור גלוס,יחידה,1.00,יחידה,false,1,39.90,39.90,true,1,
7290104965647,false,קרליין דאו רול און נושם סוויט קיס לנערות,מיוצר עי : אמיליה קוסמטי,IL,דאורדורנט רול א,מיליליטרים,75.00,"100 מ""ל",false,1,13.90,18.53,true,1,
7290104969874,false,"קרליין - ויטמין סי בוסטר 30 מ""ל",אגיס,IL,BOOSTER ויטמין C,מיליליטרים,30.00,"100 מ""ל",false,1,69.90,233.00,true,1,
7290104969881,false,קרליין בוסטר סרום חומצה היאלורונית 30 מל,אגיס,IL,BOOSTER חומצה הי,מיליליטרים,30.00,"100 מ""ל",false,1,69.90,233.00,true,1,
7290104969928,false,"קרליין - סי פאוור קרם לילה 50 מ""ל",פאר פארם בעמ,IL,פאוור סי קרם ליל,מיליליטרים,50.00,"100 מ""ל",false,1,59.90,119.80,true,1,
7290104969935,false,"קרליין - סי פאוור קרם יום 50 מ""ל",פאר פארם בעמ,IL,פאוור סי קרם יום,מיליליטרים,50.00,"100 מ""ל",false,1,59.90,119.80,true,1,
7290105360250,false,קפסולות 09 עשיר וארומטי למכונת נספרסו עלית 10יח',הנסיך- מפעל לייצור ט,IL,קפסולות קפה,גרמים,50.00,100 גרם,false,0,19.90,39.80,true,1,
7290105363602,false,מקלות כיף כף קלאסי עלית 40 גרם,שולן צ'\יקולטה גידה סאן.,TR,כיף כף מקלות,גרמים,40.00,100 גרם,false,0,6.50,16.25,true,1,
7290105364289,false,מקלות כיף כף פצפוצים עלית 40 גרם,שולן צ'\יקולטה גידה סאן.,TR,כיף כף מקלות,גרמים,40.00,100 גרם,false,0,6.50,16.25,true,1,
7290105430441,false,תחליב רחצה סחלב שחור וקרם לחות Naturals משאבה,הנסיך- מפעל לייצור ט,TR,סבון פלמוליב,מיליליטרים,750.00,"100 מ""ל",false,0,22.90,3.05,true,1,
7290105430458,false,תחליב רחצה מועשר בשקדים וקרם לחות Naturals משאבה,הנסיך- מפעל לייצור ט,TR,סבון פלמוליב,מיליליטרים,750.00,"100 מ""ל",false,0,22.90,3.05,true,1,
7290105431516,false,מארז חטיף פריי תמרים ובוטנים ללא גלוטן ותוספת סוכר 125 גרם,טבעית מוצרים מן הטבע בעמ,IL,חטיפי FREE,גרמים,125.00,100 גרם,false,0,19.90,15.92,true,1,
7290105433961,false,"ליידי ספיד סטיק לסס פרש אסנס ספריי דובדבן, 150 מ""ל",קולגייט-פלמוליב,RU,ליידי ספיד סטיק,מיליליטרים,150.00,"100 מ""ל",false,0,14.90,9.93,true,1,
7290105434029,false,"ספיד סטיק - דאודורנט ספריי לגבר נוטרו פאואר 150 מ""ל",קולגייט-פלמוליב,RU,דאו. ספיד סטיק,מיליליטרים,150.00,"100 מ""ל",false,0,14.90,9.93,true,1,
7290105434050,false,ספיד סטיק - דאודורנט סטיק לגבר XL ירוק רגיולר 85 גרם,קולגייט פלמוליב,US,דאו. ספיד סטיק,יחידה,1.00,יחידה,false,0,17.90,17.90,true,1,
7290105691248,false,אסם חטיפי פריכונים טורטייה תירס 60 גרם,"פרח תעשיות מזון בע""מ.",IL,קריספי טורטיה,גרמים,60.00,100 גרם,false,0,10.90,18.17,true,1,
7290106269699,false,לסרה מי פנים לרגיש מועשר בתה ירוק ומלפפוני,,IL,מי פנים מועשר ב,מיליליטרים,250.00,"100 מ""ל",false,1,17.90,7.16,true,1,
7290106269705,false,לסרה חלב פנים מועשר בתה ירוק ומלפפונים250מ,,IL,חלב פנים מועשר ב,מיליליטרים,250.00,"100 מ""ל",false,1,17.90,7.16,true,1,
7290106269712,false,לסרה מים מיסלריים מועשר בתה ירוק ומלפפונים,,IL,מי מיסלריים,מיליליטרים,250.00,"100 מ""ל",false,1,17.90,7.16,true,1,
7290106290006,false,לק 800,גייד,IL,לק 800,יחידה,1.00,יחידה,false,0,19.00,19.00,true,1,
7290106290358,false,PEARL ICON א.ד.פ לאשה,גייד בישום,IL,PEARL ICON לאשה,מיליליטרים,50.00,"100 מ""ל",false,0,119.00,238.00,true,1,
7290106290686,false,עפרון שפתיים עמיד82 יח',גייד,IT,עפרון שפתיים 82,יחידה,1.00,יחידה,false,0,49.00,49.00,true,1,
7290106290693,false,עפרון שפתיים עמיד83 יח',גייד,IT,עפרון שפתיים 83,יחידה,1.00,יחידה,false,0,49.00,49.00,true,1,
7290106290761,false,עפרון שפתיים עמיד90 יח',גייד,IT,עפרון שפתיים 90,יחידה,1.00,יחידה,false,0,49.00,49.00,true,1,
7290106291799,false,פודרה אידיליק מינרלית100,גייד,IT,פודרה אידיליק מי,יחידה,1.00,יחידה,false,0,109.00,109.00,true,1,
7290106291805,false,פודרה אידיליק מינרלית101,גייד,IT,פודרה אידיליק מי,יחידה,1.00,יחידה,false,0,109.00,109.00,true,1,
7290106292116,false,סומק ללא מראה איידיליק35,גייד,IL,סומק ללא מראה 35,יחידה,1.00,יחידה,false,0,75.00,75.00,true,1,
7290106292406,false,אדמה אינדיאנית אידיליק62,גייד,IT,אדמה אינדיאנית א,יחידה,1.00,יחידה,false,0,99.00,99.00,true,1,
7290106292444,false,פודרה עם מראה אידיליק20,גייד,IT,פודרה עם מראה אי,יחידה,1.00,יחידה,false,0,79.00,79.00,true,1,
7290106292994,false,לק 495,גייד,FR,לק 495,יחידה,1.00,יחידה,false,0,19.00,19.00,true,1,
7290106293151,false,גייד גולד פרימיום קרם יום 50 מל,דניה,CH,PREMIUM GOLD קרם,מיליליטרים,50.00,"100 מ""ל",false,0,219.00,438.00,true,1,
7290106293212,false,גייד מסיר איפור לעיניים 125 מל,דניה,CH,מסיר איפור,מיליליטרים,125.00,"100 מ""ל",false,0,59.00,47.20,true,1,
7290106293762,false,עפרון גבות+מברשת 20,גייד,IT,עפרון גבות+מברשת,יחידה,1.00,יחידה,false,0,59.00,59.00,true,1,
7290106293786,false,עפרון גבות +מברשת 60,גייד,IT,עפרון גבות+מברשת,יחידה,1.00,יחידה,false,0,59.00,59.00,true,1,
7290106294158,false,מייק אפ מאט וולווט 106,גייד,IT,מייק אפ מאט 106,מיליליטרים,30.00,"100 מ""ל",false,0,125.00,416.67,true,1,
7290106294493,false,גייד מי פנים לניקוי ורענון העור 200 מל,דניה,IL,GENTLE לפנים,מיליליטרים,200.00,"100 מ""ל",false,0,45.00,22.50,true,1,
7290106294738,false,שפתון גלוס עמיד27 יח',INTERCOS,IT,שפתון גלוס עמ27,יחידה,1.00,יחידה,false,0,79.00,79.00,true,1,
7290106294769,false,שפתון גלוס עמיד31 יח',גייד,IT,שפתון גלוס עמ31,יחידה,1.00,יחידה,false,0,79.00,79.00,true,1,
7290106295445,false,שפתון טרו קולור142 יח',גייד,IT,שפתון טרו קולור1,יחידה,1.00,יחידה,false,0,69.00,69.00,true,1,
7290106295452,false,שפתון טרו קולור143 יח',גייד,IT,שפתון טרו קולור1,יחידה,1.00,יחידה,false,0,69.00,69.00,true,1,
7290106295742,false,גייד תרחיץ גרגרים עדין 200 מל,דניה,IL,תרחיץ גרגירים,מיליליטרים,200.00,"100 מ""ל",false,0,59.00,29.50,true,1,
7290106295841,false,HD IDYLLIC מסקרה שחורה,גייד,DE,HD IDYLLIC מסקרה,יחידה,1.00,יחידה,false,0,89.00,89.00,true,1,
7290106296152,false,לק קריסטל 518 יח',גייד,IL,לק קריסטל 518,יחידה,1.00,יחידה,false,0,19.00,19.00,true,1,
7290106296169,false,BLACK ICON אדט גבר 100מל,גייד בישום,IL,BLACK ICON לגבר,מיליליטרים,100.00,"100 מ""ל",false,0,175.00,175.00,true,1,
7290106296244,false,VERTIGO אדט לגבר 100 מל,גייד בישום,IL,VERTIGO לגבר,מיליליטרים,100.00,"100 מ""ל",false,0,129.00,129.00,true,1,
7290106296633,false,עפרון גבות איידיליק 200,גייד,IT,עפרון גבות איידי,יחידה,1.00,יחידה,false,0,59.00,59.00,true,1,
7290106297197,false,קונסילר איידילק אקסטר15,גייד,IT,קונסילר איידילק,מיליליטרים,10.00,"100 מ""ל",false,0,85.00,850.00,true,1,
7290106297203,false,קונסילר איידילק אקסטר16,גייד,IT,קונסילר איידילק,מיליליטרים,10.00,"100 מ""ל",false,0,85.00,850.00,true,1,
7290106297494,false,שפתון גלוס עמיד60 יח',גייד,IT,שפתון גלוס עמ60,יחידה,1.00,יחידה,false,0,79.00,79.00,true,1,
7290106297531,false,BLACK VANILLA ICON לאשה,גייד בישום,IL,VANILLA ICON אשה,מיליליטרים,100.00,"100 מ""ל",false,0,159.00,159.00,true,1,
7290106298002,false,אסנשיילס פריימר 30מל,גייד,IT,ESSENTIALS,מיליליטרים,30.00,"100 מ""ל",false,0,149.00,496.67,true,1,
7290106298576,false,שפתון גלוס עמיד62 יח',גייד,IT,שפתון גלוס עמ62,יחידה,1.00,יחידה,false,0,79.00,79.00,true,1,
7290106298651,false,OIL MUSK ICON בושם לאשה,גייד בישום,IL,M-O ICON לאשה,מיליליטרים,100.00,"100 מ""ל",false,0,159.00,159.00,true,1,
7290106299542,false,גייד מגבונים להסרת איפור לעיניים ולפנים,דניה,IL,מגבון מסיר איפור,יחידה,1.00,יחידה,false,0,19.00,19.00,true,1,
7290106520066,false,"רבע לשבע שוקולד חלב במילוי אגוזים עלית 160 גרם בד""צ","הגביע מוצרי וופלים בע""\מ",IL,רבע לשבע 160 גרם,גרמים,160.00,100 גרם,false,0,15.90,9.94,true,1,
7290106526822,false,פריכיות אורז חום מלא תחתית שוקולד חלב 80 גרם,"טחנת האבן תעשיות בע""",IL,פריכיות,גרמים,80.00,100 גרם,false,0,9.90,12.38,true,1,
7290106574977,false,בייגלה שטוחים כעכים שטוחים עם מלח,מיוצר עי קונדיטוריית,IL,בייגלה שטוחים,גרמים,300.00,100 גרם,false,0,12.90,4.30,true,1,
7290106658479,false,וופל טורטית שוקלד מגדים 40ג',"שטראוס גרופ בע""\מ",IL,טורטית מגדים,גרמים,40.00,100 גרם,false,1,4.90,12.25,true,1,
7290106720626,false,צ'יטוס קראנצ' בטעם גבינה - חלבי,"שטראוס פריטו ליי בע""\מ )",IL,ציטוס גבינה,גרמים,80.00,100 גרם,false,1,4.90,6.13,true,1,
7290106721920,false,צנצנת מסטיק מאסט בטעם ספירמינט עדין 66 ג' עלית,"שטראוס גרופ בע""\מ.",IL,מסטיק ספירמינט,גרמים,66.00,100 גרם,false,1,8.90,13.49,true,1,
7290106820296,false,BYNETA ספריי מייקאפ לפנים- גוון לייט,,IT,מייקאפ לפנים גוו,מיליליטרים,75.00,"100 מ""ל",false,1,119.00,158.67,true,1,
7290106820302,false,BYNETA מוס לשיזוף עצמי- גוון אקסטרה דארק,לילית,IT,מוס לשיזוף עצמי,מיליליטרים,150.00,"100 מ""ל",false,1,129.00,86.00,true,1,
7290106820319,false,BYNETA מוס לשיזוף עצמי- גוון דארק,לילית,IT,מוס לשיזוף עצמי,מיליליטרים,150.00,"100 מ""ל",false,1,129.00,86.00,true,1,
7290106820326,false,BYNETA ספריי לשיזוף עצמי לפנים ולגוף 125,לילית,IT,ספריי לשיזוף עצמ,מיליליטרים,125.00,"100 מ""ל",false,1,149.00,119.20,true,1,
7290106820333,false,BYNETA כפפה למריחת מוצרי שיזוף עצמי,לילית,IT,כפפה למריחת שיזו,יחידה,1.00,יחידה,false,1,35.00,35.00,true,1,
7290107280020,false,שלישיית מטליות לחות לניקוי כללי סנו סושי 50 יחידות,טרופיקל דגיל- תעשיות,IL,מטליות לחות מארז,יחידה,1.00,יחידה,false,0,26.90,26.90,true,1,
7290107280761,false,נוזל לניקוי כלים בניחוח לימון רענן סנו ספארק Spark,מיוצר עי קונדיטוריית,IL,נוזל כלים לימון,ליטרים,1.00,ליטר,false,0,12.90,12.90,true,1,
7290107544481,false,אורנה 19קרם להסרת שיער קלאסי 80 מל,אלפא קוסמטיקה,IL,קרם להסרת שיער,גרמים,80.00,100 גרם,false,1,24.90,31.13,true,1,
7290107544511,false,קרם להסרת שיער לנעורת אורנה 19 80 ג',אלפא קוסמטיקה,IL,דפילטור לנערות,גרמים,80.00,100 גרם,false,1,24.90,31.13,true,1,
7290107544528,false,אורנה 19 דפילטור לפנים 2021,אלפא,IL,קרם להסרת שיער,גרמים,20.00,100 גרם,false,1,24.90,124.50,true,1,
7290107545365,false,אורנה 19 קרם גוף ונילה אנד סולט,אלפא קוסמטיקה,IL,אורנה 19 תחליב,גרמים,400.00,100 גרם,false,1,24.90,6.23,true,1,
7290107936958,false,עד חצות ביסקוויט אצבעות שוקולד 125 גרם,ביסקוויטס טור ד'\אלבון,FR,עד חצות אצבעות,גרמים,125.00,100 גרם,false,1,13.90,11.12,true,1,
7290107937627,false,מסטיק מאסט Must קוביות ללא סוכר בטעם מנטה עדינה,אסקום קונפקשיין,DE,קוביות מסטיק,גרמים,58.00,100 גרם,false,1,8.90,15.34,true,1,
7290107937634,false,צנצנית מסטיק מאסט קוביות פפירמינט 58 ג' עלית,אסקום קונפקשיין,DE,קוביות מסטיק,גרמים,58.00,100 גרם,false,1,8.90,15.34,true,1,
7290107937641,false,צנצנת מסטיק בזוקה קוביות ללא סוכר,אסקום קונפקשיין,DE,קוביות מסטיק,גרמים,58.00,100 גרם,false,1,8.90,15.34,true,1,
7290107971744,false,"קולגייט - מי פה טוטל ירוק ספרמינט 500 מ""ל",יבואן ומשווק: ש. שסט,PL,מי פה קולגייט,מיליליטרים,500.00,"100 מ""ל",false,1,33.90,6.78,true,1,
7290107971751,false,מי פה קולגייט טוטל ללא אלכוהול פפרמינט,יבואן ומשווק: ש. שסט,PL,מי פה קולגייט,מיליליטרים,500.00,"100 מ""ל",false,1,33.90,6.78,true,1,
7290107972307,false,"משחה להלבנת שיניים ריסטור אופטיק ווייט קולגייט 75 מ""ל",הנסיך- מפעל לייצור ט,PL,קולגייט אופטיק,מיליליטרים,75.00,"100 מ""ל",false,1,31.90,42.53,true,1,
7290107973014,false,"סבון ידיים משאבה פלמוליב חלב ודבש 300 מ""ל",הנסיך- מפעל לייצור ט,TR,סבון ידיים,מיליליטרים,300.00,"100 מ""ל",false,1,10.90,3.63,true,1,
7290107973038,false,"סבון ידיים משאבה פלמוליב אקווריום 300 מ""ל",הנסיך- מפעל לייצור ט,IT,סבון פלמוליב,מיליליטרים,300.00,"100 מ""ל",false,1,10.90,3.63,true,1,
7290107974301,false,ליידי ספיד סטיק - דאודורנט ג'ל לאישה אלוורה 45 גרם,ליידי ספיד סטיק Lady Speed Stick,US,ליידי ספיד סטיק,גרמים,45.00,100 גרם,false,1,17.90,39.78,true,1,
7290107975278,false,דאודורנט סטיק עם הגנת אלוורה Aloe Protection,ליידי ספיד סטיק Lady Speed Stick,US,ליידי ספיד סטיק,גרמים,45.00,100 גרם,false,1,17.90,39.78,true,1,
7290107975292,false,ליידי ספיד סטיק - דאודורנט סטיק נערות ורוד 65 גרם,ליידי ספיד סטיק Lady Speed Stick,US,ספיד סטיק ורוד,גרמים,65.00,100 גרם,false,1,17.90,27.54,true,1,
7290107975360,false,ליידי ספיד סטיק - דאודורנט ג'ל לאישה 24/7 פיור פרש 65 גרם,ליידי ספיד סטיק Lady Speed Stick,US,ליידי ספיד סטיק,גרמים,45.00,100 גרם,false,1,17.90,39.78,true,1,
7290107975544,false,"קולגייט משחת שיניים סמיילס ברבי לגילאי 6 50מ""ל",קולגייט- פלמוליב,PL,משחת שיניים,מיליליטרים,50.00,"100 מ""ל",false,1,12.90,25.80,true,1,
7290107977456,false,"פלמוליב - ג'ל רחצה ושמפו ספורט לגבר 750 מ""ל",קולגייט פלמוליב,TR,ג'ל רחצה פלמוליב,מיליליטרים,750.00,"100 מ""ל",false,1,22.90,3.05,true,1,
7290107978101,false,מש.שיניים קולגייט א.וויט אקסטרה פאוור 75,קולגייט-פלמוליב,PL,משחת אופטיק וייט,מיליליטרים,75.00,"100 מ""ל",false,1,19.90,26.54,true,1,
7290108350616,false,סנו - מקסימה מרכך כביסה מרוכז פריחה כחולה 1 ליטר,"סנו מפעלי ברונוס בע""\מ",IL,מרכך מקסימה,ליטרים,1.00,ליטר,false,1,17.90,17.90,true,1,
7290108350623,false,מרכך כביסה סופר מרוכז סופט סילק מקסימה 1 ל' סנו,"סנו מפעלי ברונוס בע""\מ",IL,מרכך מקסימה,ליטרים,1.00,ליטר,false,1,17.90,17.90,true,1,
7290108350722,false,אורביטול גוניור משחת שיניים בוב ספוג 70ג,טרופיקל דגיל תעשיות קוסמ,IL,משחת אורביטול +6,מיליליטרים,70.00,"100 מ""ל",false,1,11.90,17.00,true,1,
7290108351156,false,ג'ל ניקוי כללי בתוספת חומץ בריח לבנדר סנו ג'ט 1.5 ליטר,"סנו מפעלי ברונוס בע""\מ",IL,סנו ג'ט פלוס,ליטרים,1.50,ליטר,false,1,10.00,6.67,true,1,
7290108351552,false,"סנו - ג'ט לניקוי כללי בתוספת חומץ בניחוח לבנדר 750 מ""ל","סנו מפעלי ברונוס בע""\מ",IL,סנו ג'ט עם חומץ,מיליליטרים,750.00,"100 מ""ל",false,1,10.00,1.33,true,1,
7290108351613,false,סנו ריצפז פרש הום בניחוח מלון חלומי 2 ל,"סנו מפעלי ברונוס בע""\מ",IL,ריצפז פרש הום,ליטרים,2.00,ליטר,false,1,17.90,8.95,true,1,
7290108351804,false,מרכך כביסה סופר מרוכז Gentl Breeze סנו מקסימה 1 ליטר,מיוצר עי קונדיטוריית,IL,מרכך מקסימה,ליטרים,1.00,ליטר,false,1,17.90,17.90,true,1,
7290108351811,false,מרכך כביסה סופר מרוכז Floral touch סנו מקסימה 1 ליטר,מיוצר עי קונדיטוריית,IL,מרכך מקסימה,ליטרים,1.00,ליטר,false,1,17.90,17.90,true,1,
7290108352047,false,אורביטול - צמד מברשות שיניים 808 + חוט דנטלי במתנה,החברה הדרומית,CN,זוג מברשות+חוט,יחידה,1.00,יחידה,false,1,19.90,19.90,true,1,
7290108352085,false,"מי פה אורביטול רעננות חריפה 500 מ""ל",טרופיקל דגיל תעשיות,IL,אורביטול שטיפה,מיליליטרים,500.00,"100 מ""ל",false,1,19.90,3.98,true,1,
7290108352214,false,סנו - מקסימה קפסולות כביסה בניחוח בריזה מרעננת 40 יח',טרופיקל דגיל תעשיות,IL,קפסולות לכביסה,יחידה,1.00,יחידה,false,1,39.90,39.90,true,1,
7290108352276,false,מגבונים לניקוי וחיטוי יסודי לרצפה 10 יח 99.9%,"סנו מפעלי ברונס בע""\מ",IL,מטליות לרצפה,יחידה,1.00,יחידה,false,1,16.90,16.90,true,1,
7290108352535,false,סנו - מקסימה דפי בישום לחים למייבש הכביסה בניחוח מרכך כביסה,טרופיגל דגיל תעשיות קוסמ,IL,דפי בישום למייבש,יחידה,1.00,יחידה,false,1,14.90,14.90,true,1,
7290108352641,false,סנו סושי מטלית הפלא לניקוי כללי במארז שלישייה,סנו מפעלי ברונוס.,IL,מטליות הפלא 3 יח,יחידה,1.00,יחידה,false,1,13.90,13.90,true,1,
7290108352672,false,צמד מטליות הפלא לרצפה מיקרפייבר סנו סושי,סנו מפעלי ברונוס.,CN,מטליות לרצפה 2יח,יחידה,1.00,יחידה,false,1,18.90,18.90,true,1,
7290108352825,false,ספוג הפלא נירוסטה סנו סושי 3יח',ltdn s.k.a.tסנו מפעלי בר,CN,ספוג הפלא נירוסט,יחידה,1.00,יחידה,false,1,11.90,11.90,true,1,
7290108353082,false,ממחטות אף בקופסה 2 שכבות סנו סופט 120 דף,מיוצר עי קונדיטוריית,IL,ממחטות דו שכבתי,יחידה,1.00,יחידה,false,1,13.90,13.90,true,1,
7290108353099,false,ממחטות אף במארז ניילון סנו סופט 5 יח' * 100 דף,טרופיקל דגיל תעשיות,IL,ממחטות סופט מארז,יחידה,1.00,יחידה,false,1,13.70,13.70,true,1,
7290108353440,false,אורביטול מברשות שיניים נאנו לחניכיים 2יח,החברה הדרומית,CN,מברשות שיניים2יח,יחידה,1.00,יחידה,false,1,29.90,29.90,true,1,
7290108353716,false,"קרמה - תחליב רחצה חימר פיטאיה 500 מ""ל","קוסמופארם בע""\מn\",IL,תחליב רחצה חימר,מיליליטרים,500.00,"100 מ""ל",false,1,11.90,2.38,true,1,
7290108353792,false,"תחליב רחצה יפן נקה 7 בניחוח פריחת הדובדבן 750 מ""ל","אמיליה קוסמטיקס בע""מ",IL,תחליב רחצה בניחו,מיליליטרים,750.00,"100 מ""ל",false,1,10.00,1.33,true,1,
7290108353815,false,"תחליב רחצה מדיטציה, בניחוח פצ'ולי לבנדר 600 מ""ל קרימה","קוסמופארם בע""\מ",IL,קרמה תחליב רחצה,מיליליטרים,600.00,"100 מ""ל",false,1,11.90,1.99,true,1,
7290108353891,false,"קרמה - דאודורנט רול און לאישה קרמה מאסק 75 מ""ל","קוסמופארם בע""\מ",IL,דאודורנט קרמה,מיליליטרים,75.00,"100 מ""ל",false,1,13.90,18.53,true,1,
7290108353907,false,"קרמה - דאודורנט רול און לאישה קרמה קלאסי 75 מ""ל","קוסמופארם בע""\מ",IL,דאודורנט קרמה,מיליליטרים,75.00,"100 מ""ל",false,1,13.90,18.53,true,1,
7290108353952,false,"קרמה - דאודורנט ספריי לאישה קרמה קלאסי 150 מ""ל",מיוצר עי : אמיליה קוסמטי,IL,דאודורנט קרמה,מיליליטרים,150.00,"100 מ""ל",false,1,16.90,11.27,true,1,
7290108353969,false,"קרמה - דאודורנט ספריי לאישה קרמה מאסק 150 מ""ל",מיוצר עי : אמיליה קוסמטי,IL,דאודורנט קרמה,מיליליטרים,150.00,"100 מ""ל",false,1,16.90,11.27,true,1,
7290108353983,false,"קרמה - קרם גוף קרמה קלאסי 500 מ""ל",טרופיקל דגיל תעשיות,IL,קרם גוף קלאסי,מיליליטרים,500.00,"100 מ""ל",false,1,24.90,4.98,true,1,
7290108353990,false,"קרמה - קרם גוף קרמה מאסק 500 מ""ל",טרופיקל דגיל תעשיות,IL,קרם גוף מאסק,מיליליטרים,500.00,"100 מ""ל",false,1,24.90,4.98,true,1,
7290108354140,false,קרליין - נושם מגבוני דיאורדורנט פיור ורוד,החברה הדרומית,IL,מגבוני דאודורנט,יחידה,1.00,יחידה,false,1,9.90,9.90,true,1,
7290108354263,false,אורביטול גוניור משחת שיניים חד קרן 70גרם,טרופיקל דגיל תעשיות קוסמ,IL,משחה אורביטול +6,מיליליטרים,70.00,"100 מ""ל",false,1,11.90,17.00,true,1,
7290108354416,false,"תחליב רחצה יוגה, בניחוח ברגמוט 600מ""ל קרימה","קוסמופארם בע""\מ",IL,קרמה תחליב רחצה,מיליליטרים,600.00,"100 מ""ל",false,1,11.90,1.99,true,1,
7290108354430,false,"שמפו כיף לשיקום והזנה שמן קוקוס וקרטין 700 מ""ל",קוסמופארם בעמ,IL,שמפו כיף,מיליליטרים,700.00,"100 מ""ל",false,1,10.00,1.43,false,1,
7290108354447,false,"מרכך כיף לשיקום והזנה שמן קוקוס וקרטין 700 מ""ל",גוד פוד פרודקטס S.p,IL,מרכך שיער כיף,מיליליטרים,700.00,"100 מ""ל",false,1,10.00,1.43,false,1,
7290108354478,false,קרליין 10 מרכך חימר לכל סוגי השיער 700 מ,"קוסמופארם בע""\מ",IL,קרליין מרכך חימר,מיליליטרים,700.00,"100 מ""ל",false,1,11.90,1.70,true,1,
7290108354577,false,"דאו. קרמה רולאון וניל ופלפל ורוד 75 מ""ל","קוסמופארם בע""\מ.",IL,דאודורנט קרמה,מיליליטרים,75.00,"100 מ""ל",false,1,13.90,18.53,true,1,
7290108354591,false,"תחליב רחצה בניחוח מי קקטוס ושמן באבאסו 750 מ""ל נקה 7","אמיליה קוסמטיקס בע""מ",IL,תחליב רחצה נקה 7,מיליליטרים,750.00,"100 מ""ל",false,1,10.00,1.33,true,1,
7290108354614,false,"מרכך בניחוח מי קקטוס ושמן באבאסו 750 מ""ל נקה 7","אמיליה קוסמטיקס בע""מ",IL,מרכך נקה 7 קקטוס,מיליליטרים,750.00,"100 מ""ל",false,1,10.00,1.33,true,1,
7290108354706,false,"קרמה - תחליב רחצה מאסק 500 מ""ל","קוסמופארם בע""\מ",IL,תחליב רחצה קרמה,מיליליטרים,500.00,"100 מ""ל",false,1,11.90,2.38,true,1,
7290108354713,false,"קרמה - תחליב רחצה קלאסי 500 מ""ל","קוסמופארם בע""\מn\",IL,תחליב רחצה קרמה,מיליליטרים,500.00,"100 מ""ל",false,1,11.90,2.38,true,1,
7290108354911,false,"שמפו, ג'ל רחצה וגילוח מועשר בתמצית אלוורה",טרופיקל דגיל תעשיות,IL,קרמה 3ב1,מיליליטרים,700.00,"100 מ""ל",false,1,22.90,3.27,true,1,
7290108354980,false,קרם ידיים מרוכז לידיים יבשות מאוד ללא בישום,קוסמופארם,IL,קרם ידיים מרוכז,מיליליטרים,50.00,"100 מ""ל",false,1,14.90,29.80,true,1,
7290108355000,false,"שמפו מיניונים לילדים נקה 7 750 מ""ל",אמיליה קוסמטיקס,IL,שמפו נקה7,מיליליטרים,750.00,"100 מ""ל",false,1,13.90,1.85,true,1,
7290108355024,false,"נקה 7 שמפו ומרכך לילדים מיניונים 750 מ""ל",קוסמופארם בע'\'\מ,IL,שמפו +מרכך נקה7,מיליליטרים,750.00,"100 מ""ל",false,1,13.90,1.85,true,1,
7290108355031,false,"נקה 7 אל סבון לילדים מיניונים 750 מ""ל",קוסמופארם בע'\'\מ,IL,אל סבון נקה7,מיליליטרים,750.00,"100 מ""ל",false,1,13.90,1.85,true,1,
7290108355055,false,לחו.לשיער מקצועי גלייז נטורל פורמולה 400,נטורל פורמולה Natural Formula,IL,לחות נט.פורמולה,מיליליטרים,400.00,"100 מ""ל",false,1,29.90,7.48,true,1,
7290108355062,false,לחו.לשיער מקצועי קרטין נטורל פורמולה 400,אמיליה קוסמטיקס,IL,לחות נט.פורמולה,מיליליטרים,400.00,"100 מ""ל",false,1,29.90,7.48,true,1,
7290108355079,false,לחו.לשיער מקצועי קוקוס נטורל פורמולה 400,נטורל פורמולה,IL,לחות נט.פורמולה,מיליליטרים,400.00,"100 מ""ל",false,1,29.90,7.48,true,1,
7290108355086,false,גלייז מקצועי לפיסול והגדרת תלתלים,נטורל פורמולה Natural Formula,IL,גלייז נט.פורמולה,מיליליטרים,350.00,"100 מ""ל",false,1,39.90,11.40,true,1,
7290108355185,false,"נטורל מסיכת קרטין אינטנס למניעת קשקשים 350 מ""ל",נטורל פורמולה Natural Formula,IL,מסכה נטורל פורמו,מיליליטרים,350.00,"100 מ""ל",false,1,39.90,11.40,true,1,
7290108355192,false,"נטורל מרכך קרטין אינטנס למניעת קשקשים 400 מ""ל",נטורל פורמולה Natural Formula,IL,מרכך נטורל פורמו,מיליליטרים,400.00,"100 מ""ל",false,1,29.90,7.48,true,1,
7290108355208,false,"שמפו קרטין אינטנס למניעת קשקשים נטורל 400 מ""ל",נטורל פורמולה Natural Formula,IL,שמפו נטורל פורמו,מיליליטרים,400.00,"100 מ""ל",false,1,29.90,7.48,true,1,
7290108355260,false,"נקה 7-שמפו 3ב1 שמפו ג'ל רחצה וסבון פנים לגבר 750 מ""ל","אמיליה קוסמטיקס בע""מ",IL,נקה7 שמפו/לרחצה,מיליליטרים,750.00,"100 מ""ל",false,1,14.90,1.99,true,1,
7290108355451,false,"קרמה - דאודורנט רול און לאישה קרמה ורד ווניל 75 מ""ל","קוסמופארם בע""\מ",IL,דאודורנט קרמה,מיליליטרים,75.00,"100 מ""ל",false,1,13.90,18.53,true,1,
7290108355468,false,"דאורדורנט רול און קרמה נרולי ומגנוליה 75 מ""ל","קוסמופארם בע""\מ",IL,דאודורנט קרמה,מיליליטרים,75.00,"100 מ""ל",false,1,13.90,18.53,true,1,
7290108355482,false,"קרמה - דאודורנט רול און לאישה קרמה לבנדר ואקליפטוס 75 מ""ל","קוסמופארם בע""\מ",IL,דאודורנט קרמה,מיליליטרים,75.00,"100 מ""ל",false,1,13.90,18.53,true,1,
7290108355536,false,"קרמה - דאודורנט ספריי לאישה קרמה ורד וניל 150 מ""ל",מיוצר עי : אמיליה קוסמטי,IL,דאודורנט קרמה,מיליליטרים,150.00,"100 מ""ל",false,1,16.90,11.27,true,1,
7290108355765,false,דאודורנט ספריי קרמה בניחוח לבנדר ואקליפטוס,מיוצר עי : אמיליה קוסמטי,IL,דאודורנט קרמה,מיליליטרים,150.00,"100 מ""ל",false,1,16.90,11.27,true,1,
7290108355802,false,"תחליב רחצה קרמה ורד ווניל 700 מ""ל",גוד פוד פרודקטס S.p,IL,תחליב רחצה קרמה,מיליליטרים,700.00,"100 מ""ל",false,1,18.90,2.70,true,1,
7290108356021,false,כיף תחליב רחצה בניחוח גלידת קרם עוגיות,גוד פוד פרודקטס S.p,IL,כיף תחליב רחצה,מיליליטרים,700.00,"100 מ""ל",false,1,10.00,1.43,true,1,
7290108356090,false,קרמה תרחיץ גל לשטיפה אינטימית 220 מל,קוסמופארם בעמ,IL,תרחיץ שטיפה קרמה,מיליליטרים,220.00,"100 מ""ל",false,1,23.90,10.86,true,1,
7290108356106,false,כיף תחליב רחצה חלב שקדים 700 מל,החברה הדרומית,IL,כיף תחליב רחצה,מיליליטרים,700.00,"100 מ""ל",false,1,10.00,1.43,true,1,
7290108356113,false,כיף תחליב רחצה חלב ודבש 700 מל,קוסמופארם בעמ,IL,כיף תחליב רחצה,מיליליטרים,700.00,"100 מ""ל",false,1,10.00,1.43,true,1,
7290108356120,false,"תחליב רחצה כיף קוקוס וניל 700 מ""ל",קוסמופארם,IL,כיף תחליב רחצה,מיליליטרים,700.00,"100 מ""ל",false,1,10.00,1.43,true,1,
7290108356151,false,"תחליב רחצה כיף מאסק יסמין 700 מ""ל",גוד פוד פרודקטס S.p,IL,כיף תחליב רחצה,מיליליטרים,700.00,"100 מ""ל",false,1,10.00,1.43,true,1,
7290108356168,false,"כיף - תחליב רחצה אוקיינוס 700 מ""ל",גוד פוד פרודקטס S.p,IL,כיף תחליב רחצה,מיליליטרים,700.00,"100 מ""ל",false,1,10.00,1.43,true,1,
7290108356175,false,כיף אל סבון אבטיח ומנטה 1 ליטר משאבה,טרופיקל דגיל תעשיות,IL,אל סבון כיף,ליטרים,1.00,ליטר,false,1,12.90,12.90,true,1,
7290108356182,false,כיף אל סבון תאנה ותה ירוק 1 ליטר משאבה,קוסמופארם בע'\'\מ,IL,אל סבון כיף,ליטרים,1.00,ליטר,false,1,12.90,12.90,true,1,
7290108356229,false,ג'ל גילוח לכל סוגי העור מועשר בפחם פעיל,טרופיקל דגיל תעשיות,TR,ג'ל גילוח מטהר,מיליליטרים,200.00,"100 מ""ל",false,1,16.90,8.45,true,1,
7290108356274,false,"כיף - מוס רחצה בניחוח תותים ושמנת 150 מ""ל",החברה הדרומית,IL,כיף מוס רחצה,מיליליטרים,150.00,"100 מ""ל",false,1,10.00,6.66,true,1,
7290108356298,false,"כיף - מוס רחצה בניחוח קרם עוגיות 150 מ""ל",קוסטר אירוסול,IL,כיף מוס רחצה,מיליליטרים,150.00,"100 מ""ל",false,1,10.00,6.66,true,1,
7290108356489,false,"כיף - תחליב רחצה אפרסק וחמאת מורומורו 700 מ""ל",קוסמופארם בעמ,IL,תחליב רחצה אפרסק,מיליליטרים,700.00,"100 מ""ל",false,1,10.00,1.43,true,1,
7290108356519,false,קרליין שמפו 10למניעת קשקשים 700מל,"קוסמופארם בע""\מ",IL,שמפו 10 קרליין,מיליליטרים,700.00,"100 מ""ל",false,1,11.90,1.70,true,1,
7290108356533,false,קרוליין 10 שמפו לשיער מתולתל 700 מל,"קוסמופארם בע""\מ",IL,שמפו 10 קרליין,מיליליטרים,700.00,"100 מ""ל",false,1,11.90,1.70,true,1,
7290108356564,false,"קרליין - מרכך 10 לשיער רגיל 700 מ""ל","קוסמופארם בע""\מn\",IL,מרכך 10 קרליין,מיליליטרים,700.00,"100 מ""ל",false,1,11.90,1.70,true,1,
7290108356717,false,לגבר 3 ב-1 שמפו גל רחצה וסבון - קפאין,קוסמופארם בעמ,IL,3 ב1- לגבר מועשר,מיליליטרים,700.00,"100 מ""ל",false,1,10.00,1.43,true,1,
7290108356724,false,לגבר 3 ב-1 שמפו גל רחצה וסבון - אלוורה,קוסמופארם בעמ,IL,כיף לגבר 3ב1,מיליליטרים,700.00,"100 מ""ל",false,1,10.00,1.43,true,1,
7290108357004,false,כיף שמפו ורד ושמן קוקוי לרכות וברק,טרופיקל דגיל תעשיות,IL,שמפו כיף,מיליליטרים,700.00,"100 מ""ל",false,1,10.00,1.43,true,1,
7290108357011,false,כיף קונדישינר לשיער שמן קוקוי 700 מל,טרופיקל דגיל תעשיות,IL,מרכך שיער כיף,מיליליטרים,700.00,"100 מ""ל",false,1,10.00,1.43,true,1,
7290108357042,false,"קרליין - נושם ביו דאודורנט רול און 75 מ""ל Citrus Blossoms לאישה","קוסמופארם בע""\מ",IL,דאו.רולאון ביו,מיליליטרים,75.00,"100 מ""ל",false,1,16.90,22.53,true,1,
7290108357059,false,"קרליין - נושם ביו דאודורנט רול און 75 מ""ל Secret Garden לאישה","קוסמופארם בע""\מ",IL,דאו.רול און ביו,מיליליטרים,75.00,"100 מ""ל",false,1,16.90,22.53,true,1,
7290108357073,false,"קרליין - נושם ביו דאודורנט ספריי 150 מ""ל Blossoms Citrus לאישה",קוסטר אירוסול,IL,דאו.ספריי ביו,מיליליטרים,150.00,"100 מ""ל",false,1,15.90,10.60,true,1,
7290108357080,false,"קרליין - נושם ביו דאודורנט ספריי 150 מ""ל Secret Garden לאישה",קוסטר אירוסול,IL,דאו.ספריי ביו,מיליליטרים,150.00,"100 מ""ל",false,1,15.90,10.60,true,1,
7290108357097,false,"קרליין - נושם ביו דאודורנט ספריי 150 מ""ל Velvet Rose לאישה",קוסטר אירוסול,IL,דאו.ספריי ביו,מיליליטרים,150.00,"100 מ""ל",false,1,15.90,10.60,true,1,
7290108357110,false,"קרליין - נושם ביו דאודורנט רול און 75 מ""ל Valvet Rose לאישה","קוסמופארם בע""\מ",IL,דאו.רולאון ביו,מיליליטרים,75.00,"100 מ""ל",false,1,16.90,22.53,true,1,
7290108357196,false,"ג'ט פלוס לניקוי כללי בתוספת תמצית עץ התה 750 מ""ל סנו",מיוצר עי קונדיטוריית,IL,סנו ג'ט עץ התה,מיליליטרים,750.00,"100 מ""ל",false,1,10.00,1.33,true,1,
7290108357240,false,סנו אוקסיג'ן אבקה לכביסה להסרת כתמים קשים,החברה הדרומית,IL,אוקסיג'ן פאואר,קילוגרמים,1.40,"ק""ג",false,1,38.90,27.79,true,1,
7290108357301,false,"סנו - K300 קוטל חרקים תיקנים ונמלים 300 מ""ל","סנו מפעלי ברונוס בע""\מ",IL,K300 סנו,מיליליטרים,300.00,"100 מ""ל",false,1,18.90,6.30,true,1,
7290108357400,false,"תחליב רחצה קרמה לבנדר ואקליפטוס 700 מ""ל",קוסמופארם בעמ,IL,תחליב רחצה קרמה,מיליליטרים,700.00,"100 מ""ל",false,1,18.90,2.70,true,1,
7290108357417,false,"קרמה - קרם גוף קרמה ורד ווניל 500 מ""ל",טרופיקל דגיל תעשיות,IL,קרם גוף ורד ווני,מיליליטרים,500.00,"100 מ""ל",false,1,24.90,4.98,true,1,
7290108357509,false,"קרמה קרם גוף וניל ופלפל ורוד 500 מ""ל",טרופיקל דגיל תעשיות,IL,קרם גוף קרמה,מיליליטרים,500.00,"100 מ""ל",false,1,24.90,4.98,true,1,
7290108357578,false,קרם יד.וניל+פלפל קרמה100,"קוסמופארם בע""\מ.",IL,קרם ידיים קרמה,מיליליטרים,100.00,"100 מ""ל",false,1,9.90,9.90,true,1,
7290108357707,false,"כיף שמפו לשיער רגיל- תפוח זרעי צ'יה 700 מ""ל",גוד פוד פרודקטס S.p,IL,כיף שמפו,מיליליטרים,700.00,"100 מ""ל",false,1,10.00,1.43,true,1,
7290108357714,false,"כיף שמפו לשיער יבש -רימונים ושמן ארגן 700 מ""ל",גוד פוד פרודקטס S.p,IL,כיף שמפו,מיליליטרים,700.00,"100 מ""ל",false,1,10.00,1.43,true,1,
7290108357745,false,שמפו ומרכך 2 ב-1 תאנה ומנטה לכל סוגי השיער,גוד פוד פרודקטס S.p,IL,כיף 2in1 שמפו,מיליליטרים,700.00,"100 מ""ל",false,1,10.00,1.43,true,1,
7290108357769,false,"מרכך לשיער רגיל תפוח וזרעי צ'יה 700 מ""ל כיף",גוד פוד פרודקטס S.p,IL,כיף מרכך שיער,מיליליטרים,700.00,"100 מ""ל",false,1,10.00,1.43,true,1,
7290108357837,false,כיף אל סבון 1 ליטר ג'נסינג שקית מילוי + פקק,"קוסמופארם בע""\מ",IL,כיף שקית מילוי,ליטרים,1.00,ליטר,false,1,10.00,10.00,true,1,
7290108357844,false,שקית מילוי אל סבון בניחוח גינסנג 1 ל' כיף,"קוסמופארם בע""\מ",IL,כיף שקית מילוי,ליטרים,1.00,ליטר,false,1,10.00,10.00,true,1,
7290108357851,false,"כיף - ג'ל רחצה אליקסיר אוילס מועשר בשמן קוקוס 700 מ""ל","קוסמופארם בע""\מ",IL,כיף ג'ל רחצה,מיליליטרים,700.00,"100 מ""ל",false,1,10.00,1.43,true,1,
7290108357868,false,"כיף - ג'ל רחצה אליקסיר אויל מועשר בשמן מקדמיה 700 מ""ל","קוסמופארם בע""\מ",IL,כיף ג'ל רחצה,מיליליטרים,700.00,"100 מ""ל",false,1,10.00,1.43,true,1,
7290108357875,false,"כיף - שמפו לחות מוגברת עם אפרסק וחמאת מורומורו 700 מ""ל",קוסמופארם בעמ,IL,כיף שמפו אפרסק,מיליליטרים,700.00,"100 מ""ל",false,1,10.00,1.43,true,1,
7290108357882,false,"כיף - מרכך לחות מוגברת עם אפרסק וחמאת מורומורו 700 מ""ל",קוסמופארם בעמ,IL,כיף מרכך לשיער,מיליליטרים,700.00,"100 מ""ל",false,1,10.00,1.43,true,1,
7290108358070,false,"תחליב רחצה קרמה קלאסי 700 מ""ל",גוד פוד פרודקטס S.p,IL,קרמה תחליב רחצה,מיליליטרים,700.00,"100 מ""ל",false,1,18.90,2.70,true,1,
7290108358087,false,"תחליב רחצה קרמה מאסק 700 מ""ל",גוד פוד פרודקטס S.p,IL,תחליב רחצה קרמה,מיליליטרים,700.00,"100 מ""ל",false,1,18.90,2.70,true,1,
7290108358094,false,"קרמה - תחליב רחצה חמאת שיאה וקוקוי 500 מ""ל","קוסמופארם בע""\מn\",IL,תחליב רחצה קרמה,מיליליטרים,500.00,"100 מ""ל",false,1,11.90,2.38,true,1,
7290108359077,false,סנו - סופט לושן ממחטות אף בקופסא 3 שכבות 120 יח',"סנו מפעלו ברונוס בע""\מ",EG,סופט לושן ממחטות,יחידה,1.00,יחידה,false,1,14.90,14.90,true,1,
7290108359145,false,סנו סושי דפי ספוג הפלא12,קריות זול,CN,דפי ספוג הפלא,יחידה,1.00,יחידה,false,1,11.90,11.90,true,1,
7290108359176,false,סנו סופט ממחטות אף תלת שכבתיות עשירות בלחות,החברה הדרומית,IL,סופט לושן צמד,יחידה,1.00,יחידה,false,1,13.90,13.90,true,1,
7290108359879,false,"אלסבון בייבי כיף+משאבה 750 מ""ל",קוסמופארם בעמ,IL,בייבי כיף אלסבון,מיליליטרים,750.00,"100 מ""ל",false,1,17.90,2.39,true,1,
7290110327798,false,חטיף חלבון GO בטעם שוקולד 20 גרם חלבון,"בלמונט קונפקציות בע""\מ.",US,חטיף חלבון,גרמים,60.00,100 גרם,false,1,13.90,23.17,true,1,
7290110327804,false,חטיף חלבון GO בטעם בצק עוגיות 20 גרם חלבון,"בלמונט קונפקציות בע""\מ.",US,חטיף חלבון,גרמים,60.00,100 גרם,false,1,13.90,23.17,true,1,
7290110327811,false,חטיף חלבון GO בטעם קוקוס 20 גרם חלבון,"בלמונט קונפקציות בע""\מ.",US,חטיף חלבון,גרמים,60.00,100 גרם,false,1,13.90,23.17,true,1,
7290110327828,false,חטיף חלבון GO בטעם חמאת בוטנים 20 גרם חלבון,"בלמונט קונפקציות בע""\מ.",US,חטיף חלבון,גרמים,60.00,100 גרם,false,1,13.90,23.17,true,1,
7290110450250,false,לק 559,גייד,FR,לק 559,יחידה,1.00,יחידה,false,0,19.00,19.00,true,1,
7290110450823,false,שפתון גלוס עמיד 76 יח',,IL,שפתון גלוס עמיד,יחידה,1.00,יחידה,false,1,79.00,79.00,true,1,
7290110451561,false,גייד אקווה גולט קרם לחות גל עור שמן-מעור,דניה,CH,אקווה ג'ולט קרם,מיליליטרים,50.00,"100 מ""ל",false,1,109.00,218.00,true,1,
7290110451660,false,עפרון שפתיים עמיד98 יח',,IT,עפרון שפתיים 98,יחידה,1.00,יחידה,false,1,49.00,49.00,true,1,
7290110451721,false,שפתון טרו קולור 259 יח',דניה קוסמטיקס,IT,שפתון טרו קולור,יחידה,1.00,יחידה,false,1,69.00,69.00,true,1,
7290110451745,false,שפתון טרו קולור 261 יח',דניה קוסמטיקס,IT,שפתון טרו קולור,יחידה,1.00,יחידה,false,1,69.00,69.00,true,1,
7290110451837,false,שפתון גלוס עמיד 81 יח',דניה קוסמטיקס,IT,שפתון גלוס עמיד,יחידה,1.00,יחידה,false,1,79.00,79.00,true,1,
7290110451905,false,לונגיויטי פודרה 506 יח',,IL,לונגיויטי פודרה,יחידה,1.00,יחידה,false,1,95.00,95.00,true,1,
7290110453343,false,שפתון גלוס עמיד 86 יח',,IT,שפתון עמיד גלוס,יחידה,1.00,יחידה,false,1,79.00,79.00,true,1,
7290110453350,false,לונגיוויטי קונסילר 27,גייד,IT,לונגיוויטי קונסי,יחידה,1.00,יחידה,false,1,89.00,89.00,true,1,
7290110453398,false,סומק ללא מראה 43,,IL,סומק ללא מראה 43,יחידה,1.00,יחידה,false,1,75.00,75.00,true,1,
7290110453404,false,סומק ללא מראה 44,,IL,סומק ללא מראה 44,יחידה,1.00,יחידה,false,1,75.00,75.00,true,1,
7290110453411,false,סומק עם מראה איידליק 43,,IL,סומק עם מראה איי,יחידה,1.00,יחידה,false,1,89.00,89.00,true,1,
7290110453619,false,אייקון פרל תחליב גוף200מ,,IL,אייקון פרל תחליב,מיליליטרים,200.00,"100 מ""ל",false,1,49.00,24.50,true,1,
7290110453664,false,אייקון ונילה תחליב 200מל,,IL,אייקון ונילה בלא,מיליליטרים,200.00,"100 מ""ל",false,1,69.00,34.50,true,1,
7290110453732,false,גייד אניגמה FX קרם גל לאזור העיניים 20 מ,דניה,CH,אניגמה FX קרם ג',מיליליטרים,20.00,"100 מ""ל",false,1,149.00,745.00,true,1,
7290110453916,false,BROWITY מסקרה ג'ל גבות12,,IT,BROWITY מסקרה ג',יחידה,1.00,יחידה,false,1,69.00,69.00,true,1,
7290110453923,false,BROWITY 14 ג'ל לגבות יח',,IT,BROWITY 14,יחידה,1.00,יחידה,false,1,69.00,69.00,true,1,
7290110453930,false,גייד הידרה סובלים תמצית רימונים קרם יום,דניה,IL,קרם יום רימונים,מיליליטרים,50.00,"100 מ""ל",false,1,179.00,358.00,true,1,
7290110454265,false,EXTREMITY מסקרה לנפח 12,,DE,EXTREMITY מסקרה,יחידה,1.00,יחידה,false,1,89.00,89.00,true,1,
7290110454357,false,גייד סנס 5 קרם הזנה אינטנסיבי לפנים ולצו,דניה,CH,סנס 5 אינטנסיבי,מיליליטרים,50.00,"100 מ""ל",false,1,149.00,298.00,true,1,
7290110454371,false,שפתון סלפי 850 יח',,IT,שפתון סלפי 850,יחידה,1.00,יחידה,false,1,79.00,79.00,true,1,
7290110454388,false,שפתון סלפי 851 יח',,IT,שפתון סלפי 851,יחידה,1.00,יחידה,false,1,79.00,79.00,true,1,
7290110454395,false,שפתון סלפי 852 יח',,IT,שפתון סלפי 852,יחידה,1.00,יחידה,false,1,79.00,79.00,true,1,
7290110454975,false,שפתון גלוס עמיד 88 יח',,IT,שפתון גלוס עמיד,יחידה,1.00,יחידה,false,1,79.00,79.00,true,1,
7290110455002,false,לונגיוטי מייק אפ 552 30,,IT,לונגיוטי מייק אפ,מיליליטרים,30.00,"100 מ""ל",false,1,135.00,450.00,true,1,
7290110455071,false,גייד סיבי2 בוטניק קרם לחות מרגיע עם שמן,דניה,IL,בוטניק קרם לחות,מיליליטרים,50.00,"100 מ""ל",false,1,159.00,318.00,true,1,
7290110455330,false,קריסטל לייטס 817 יח',,IL,קריסטל לייטס 817,יחידה,1.00,יחידה,false,1,79.00,79.00,true,1,
7290110455453,false,לונגיויטי איילנר שחור יח,,IL,לונגיויטי איילנר,יחידה,1.00,יחידה,false,1,79.00,79.00,true,1,
7290110455460,false,היילש מסקרה המאריכה מפרי,,IL,היילש מסקרה המאר,יחידה,1.00,יחידה,false,1,89.00,89.00,true,1,
7290110455644,false,קריסטל לייטס ליפ 820 יח',,IL,קריסטל לייטס ליפ,יחידה,1.00,יחידה,false,1,79.00,79.00,true,1,
7290110455668,false,גייד סנס 6 קרם להצערת העור ולטיפול בקמטי,דניה,CH,סנס 6 קרם להצערת,מיליליטרים,50.00,"100 מ""ל",false,1,229.00,458.00,true,1,
7290110455767,false,"תחליב גוף אייקון 200מ""ל",,IL,תחליב גוף אייקון,מיליליטרים,200.00,"100 מ""ל",false,1,69.00,34.50,true,1,
7290110455774,false,היילש מסקרה המאריכה יח,,IL,היילש מסקרה המאר,יחידה,1.00,יחידה,false,1,99.00,99.00,true,1,
7290110456276,false,לק קריסטל גלו666 יח',,FR,לק קריסטל גלו666,יחידה,1.00,יחידה,false,1,19.00,19.00,true,1,
7290110456405,false,גייד אקווה גולט קרם לילה מזין 50 מל,דניה,IL,אקווה ג'ולט קרם,מיליליטרים,50.00,"100 מ""ל",false,1,119.00,238.00,true,1,
7290110456610,false,שפתון סלפי 868 יח',,IL,שפתון סלפי 868,יחידה,1.00,יחידה,false,1,79.00,79.00,true,1,
7290110456672,false,מחזק ציפורניים מתקדם יח',,FR,מחזק ציפורניים מ,יחידה,1.00,יחידה,false,1,39.00,39.00,true,1,
7290110457136,false,לק קריסטל גלו671 יח',,FR,לק קריסטל 671,יחידה,1.00,יחידה,false,1,19.00,19.00,true,1,
7290110457303,false,גלו FX שלושה גוונים 139,,IL,גלו FX שלושה גוו,יחידה,1.00,יחידה,false,1,99.00,99.00,true,1,
7290110457464,false,גלו FX קרם למראה זוהר 10,גייד,IL,גלו FX קרם למראה,מיליליטרים,10.00,"100 מ""ל",false,1,19.90,199.00,true,1,
7290110457709,false,סלפי שפתון המעניק 871 יח,,IT,שפתון גלוס עמיד,יחידה,1.00,יחידה,false,1,79.00,79.00,true,1,
7290110457891,false,סלפי עיפרון שפתיים 866,INTERCOS,IT,סלפי עיפרון שפתי,יחידה,1.00,יחידה,false,1,59.00,59.00,true,1,
7290110458096,false,סט אייקון מאסק אויל בושם,,IL,אייקון מאסק אויל,יחידה,1.00,יחידה,false,1,199.00,199.00,true,1,
7290110458447,false,אייקון רוזס בושם,,,אייקון רוזס בושם,יחידה,1.00,יחידה,false,0,199.00,199.00,true,1,
7290110458492,false,שפתון גלוס עמיד 93 יח',INTERCOS,IT,שפתון גלוס עמיד,יחידה,1.00,יחידה,false,1,79.00,79.00,true,1,
7290110554095,false,דבש לחיץ 440 גרם,מכוורת יד מרדכי שטראוס ב,IL,דבש לחיץ,גרמים,440.00,100 גרם,false,1,29.90,6.80,true,1,
7290110556242,false,עלית - שוקולד מריר פרווה בדץ 100 גרם,"שטראוס גרופ בע""מ.",FR,שוקולד פרה מריר,גרמים,100.00,100 גרם,false,1,6.90,6.90,true,1,
7290110559748,false,ריל מאגדת שקדים קוקוס ושוקולד מריר שטראוס 105 גרם,"ואמואליס פודס אס.איי,",GR,חטיפי ריל אנרגי,גרמים,105.00,100 גרם,false,1,17.90,17.05,true,1,
7290110559755,false,ריל מאגדת בוטנים פיסטוק וחמוציות שטראוס 105 גרם,"ואמואליס פודס אס.איי,",GR,חטיפי ריל אנרגי,גרמים,105.00,100 גרם,false,1,17.90,17.05,true,1,
7290110560324,false,"הפריכיות הטעימות תפו""א, אורז, אפונה ומלח ים","פרח תעשיו מזון בע""מ",IL,פריכיות אנרג'י,גרמים,30.00,100 גרם,false,1,5.90,19.67,true,1,
7290110572129,false,כיף כף מקלות שוקולד לבן 40 ג' עלית,סולן בעבור שטראוס,TR,כיף כף מקלות,גרמים,40.00,100 גרם,false,1,6.50,16.25,true,1,
7290110735227,false,סודוקרם משחת החתלה 125 גרם,טבע,DE,סודוקרם משחה,גרמים,125.00,100 גרם,false,0,26.90,21.52,true,1,
7290111093432,false,דר עור חמאת גוף אנטי אייגינג בניחוח סחלב,ניאופארם,IL,חמאת גוף 250,מיליליטרים,250.00,"100 מ""ל",false,1,32.90,13.16,true,1,
7290111094248,false,"קוויק שקית אשפה חזקה וגדולה במיוחד (90*78), 20 יח'",,TR,שקיות אשפה חזקות,יחידה,1.00,יחידה,false,1,18.90,18.90,true,1,
7290111095818,false,קוויק שקיות אשפה L חזקות במיוחד עם שרוך 40 יח',,TR,שקיות אשפה בגליל,יחידה,1.00,יחידה,false,1,18.90,18.90,true,1,
7290111096921,false,קוויק מגבונים לניקוי כללי בתוספת חומץ ומלח לימון 50 יח',די.פי.אל,IL,קוויק מגבונים,יחידה,1.00,יחידה,false,1,9.90,9.90,true,1,
7290111097041,false,מגבוני בייביסיטר מבושמים 66*8,קיבוץ עמיר dpl,IL,מגבוני בייביסיטר,יחידה,1.00,יחידה,false,1,22.90,22.90,true,1,
7290111097355,false,נוק בקבוק אימון דיסני סגול 150 מל 6-18 ח,ניאופארם,DE,נוק בקבוק אימון,יחידה,1.00,יחידה,false,1,44.90,44.90,true,1,
7290111097546,false,קוויק מגבונים 99.9% לניקוי כללי למשטחים בניחוח מרכך כביסה 50 יחידות,די.פי.אל,IL,קוויק ניקוי משטח,יחידה,1.00,יחידה,false,1,9.90,9.90,true,1,
7290111340109,false,דיפנד - מגן תחתון לנשים אקטיב 22 יח',קימברלי קלארק,IL,מגן תחתון דיפנד,יחידה,1.00,יחידה,false,1,21.90,21.90,true,1,
7290111340956,false,ניקול מטליות לחות לרצפה בניחוח פריחה לבנה,חוגלה קימברלי,IL,מטליות רצפה לחות,יחידה,1.00,יחידה,false,1,11.90,11.90,true,1,
7290111341434,false,תחבושות דיפנד נורמל אקטיב לנשים 12 יח,קימברלי קלארק,IL,תחבושות דיפנד,יחידה,1.00,יחידה,false,1,21.90,21.90,true,1,
7290111341496,false,תחבושות דיפנד מיני אקטיב לנשים 14 יח,קימברלי קלארק,IL,תחבושות דיפנד,יחידה,1.00,יחידה,false,1,21.90,21.90,true,1,
7290111341984,false,לילי - מגבוני נייר טואלט לח פיור רביעייה,קימברלי,IL,נייר טואלט לח4יח,יחידה,1.00,יחידה,false,1,25.90,25.90,true,1,
7290111342059,false,50 מטליות מיקרופייבר לשטחים אנטיבקטריאלי ניקול,ניקול,IL,מטליות לחות50יח,יחידה,1.00,יחידה,false,1,16.90,16.90,true,1,
7290111342073,false,מטליות מקרופייבר למשטחים אנטיבקטריאלי ניקול,ניקול,IL,מטליות מקרופייבר,יחידה,1.00,יחידה,false,1,14.90,14.90,true,1,
7290111343483,false,קוטקס יאנג נייט תחבושות עם כנפיים 20 יח,חוגלה,CZ,תחבושות קוטקס,יחידה,1.00,יחידה,false,1,21.90,21.90,true,1,
7290111343773,false,דיפנד תחתונים סופגים L גברים 9 יח,חוגלה,IL,דיפנד תחתון סופג,יחידה,1.00,יחידה,false,1,46.90,46.90,true,1,
7290111344206,false,האגיס נטורל קר מגבונים לחים בבישום עדין רביעייה,חוגלה קימברלי,IL,מגבונים האגיס 4*,יחידה,1.00,יחידה,false,1,26.90,26.90,true,1,
7290111344459,false,קוטוקס תחבושות נייט אקסטרא לונג 20 יח',חוגלה קימברלי,CN,תחבושות נייט,יחידה,1.00,יחידה,false,1,21.90,21.90,true,1,
7290111344503,false,חיתולי האגיס אקסטרה קייר מידה +4 36 יח',חוגלה קימברלי,IL,האגיס אקסטרה קר,יחידה,1.00,יחידה,false,1,59.90,59.90,true,1,
7290111344824,false,מגן תחתון קוטקס אקסטרא אנטיבקטריאלי לארג',חוגלה,CN,מגן תחתון קוטקס,יחידה,1.00,יחידה,false,1,21.90,21.90,true,1,
7290111344831,false,קוטקס - מגיני יום אקסטרא פרוטקט נורמל ביג 60 יח',חוגלה קימברלי,CN,מגן תחתון קוטקס,יחידה,1.00,יחידה,false,1,21.90,21.90,true,1,
7290111344855,false,קוטקס - מגיני יום אקסטרא פרוטקט לארג' ביג 52 יח',חוגלה קימברלי,CN,מגן תחתון קוטקס,יחידה,1.00,יחידה,false,1,21.90,21.90,true,1,
7290111344879,false,קוטקס מגיני תחתון 2IN1 מחזור+שתן 44 יחיד,חוגלה,CN,מגן תחתון קוטקס,יחידה,1.00,יחידה,false,1,21.90,21.90,true,1,
7290111345753,false,תחבושות נטורל דואו נורמל 24 יח' קוטקס,קריות זול,CZ,תחבושות כותנה נו,יחידה,1.00,יחידה,false,1,21.90,21.90,true,1,
7290111345760,false,תחבושות נטורל דואו סופר 18 יח' קוטקס,קריות זול,CZ,תחבושות קוטקס,יחידה,1.00,יחידה,false,1,21.90,21.90,true,1,
7290111345777,false,תחבושת קוטקס כותנה לילה 16 יח' קוטקס,קריות זול,CZ,תחבושות קוטקס,יחידה,1.00,יחידה,false,1,21.90,21.90,true,1,
7290111425424,false,שמפו למון גראס ותפוח,ארמן,IL,ש.למון גראס תפוח,מיליליטרים,300.00,"100 מ""ל",false,0,20.90,6.97,true,1,
7290111564277,false,פריכיות דקות ונימוחות 3 דגנים פיטנס Fitness,פרח תעשיות בעמ,IL,פריכיות פיטנס,גרמים,120.00,100 גרם,false,1,12.90,10.75,true,1,
7290111564291,false,פריכיות דקות ונימוחות 3 דגנים וקינואה פיטנס Fitness,פרח תעשיות בעמ,IL,פריכיות פיטנס,גרמים,120.00,100 גרם,false,1,12.90,10.75,true,1,
7290111870897,false,מרשמלו מסולסל ארוך בשקית 18 גר'-LOL,,CN,מרשמלו מסולסל אר,גרמים,432.00,100 גרם,false,1,24.90,5.76,true,1,
7290111870941,false,פסי טופי 10 גר(25 יח בשקית) - מיניונים,אס.אם אנטרפרייסז קורפ,CN,פסי טופי בשקית,גרמים,250.00,100 גרם,false,1,14.90,5.96,true,1,
7290111870972,false,פסי טופי 10 גר(25 יח בשקית) - ליגת הצדק,אס.אם אנטרפרייסז קורפ,CN,פסי טופי בשקית,גרמים,250.00,100 גרם,false,1,14.90,5.96,true,1,
7290111870989,false,פסי טופי ברבי 10*25 גרם,אס.אם אנטרפרייסז קורפ,CN,פסי טופי ברבי,גרמים,250.00,100 גרם,false,1,14.90,5.96,true,1,
7290111871078,false,מרשמלו מסולסל ארוך 18 גר' -ליגת הצדק,,CN,מרשמלו מסולסל אר,גרמים,432.00,100 גרם,false,1,24.90,5.76,true,1,
7290111931321,false,"קולגייט משחת שיניים ילדים 6+ מיניונים 50 מ""ל",קולגייט- פלמוליב,PL,קולגייט מיניונים,מיליליטרים,50.00,"100 מ""ל",false,1,12.90,25.80,true,1,
7290111931338,false,"סבון נוזלי פלמוליב לומינוס תאנה 500 מ""ל",קולגייט פלמוליב,TR,סבון פלמוליב,מיליליטרים,500.00,"100 מ""ל",false,1,18.90,3.78,true,1,
7290111932380,false,"מרידול משחת שיניים מארז 75X2מ""ל כשל""פ",GABA LOER GER,PL,משחת מרידול 2 יח,מיליליטרים,150.00,"100 מ""ל",false,1,32.90,21.93,true,1,
7290111932502,false,"משחת שיניים קולגייט אופטיק וייט אקספרט וויט 75 מ""ל",קולגייט Colgate,MX,משחת שיניים,מיליליטרים,75.00,"100 מ""ל",false,1,29.90,39.87,true,1,
7290111935800,false,דאו ליידי ספיד סטיק דרמה ויטמין אי 45 גר,ליידי ספיד סטיק Lady Speed Stick,US,ליידי ספיד סטיק,גרמים,45.00,100 גרם,false,1,17.90,39.78,true,1,
7290111935817,false,דאודורנט סטיק דרמה מכיל תמצית אם הפנינה,ליידי ספיד סטיק Lady Speed Stick,US,ליידי ספיד סטיק,גרמים,45.00,100 גרם,false,1,17.90,39.78,true,1,
7290111936203,false,"ליידי ספיד סטיק דרמה ספריי ויטמין אי 150 מ""ל",ליידי ספיד סטיק Lady Speed Stick,RU,ליידי ספיד סטיק,מיליליטרים,150.00,"100 מ""ל",false,1,14.90,9.93,true,1,
7290111936296,false,"פלמוליב סבון נוזלי בניחוח סנסיישן מסאז' ,750 מ""ל",קולגייט פלמוליב,TR,סבון פלמוליב,מיליליטרים,750.00,"100 מ""ל",false,1,22.90,3.05,true,1,
7290112000729,false,ויט קרם להסרת שיער לגבר 200 מל,רקיט בנקיזר צרפת,FR,ויט קרם לגבר,מיליליטרים,200.00,"100 מ""ל",false,1,69.90,34.95,true,1,
7290112000736,false,פיניש טבליות aio 80 יח אריזת חסכון,רקיט בנקיזר,PL,פיניש 80 טבליות,יחידה,1.00,יחידה,false,1,59.90,59.90,true,1,
7290112000798,false,"דיטול תרסיסי חיטוי וניקוי אנטי בקטריאלי 750 מ""ל",רקיט בנקיזר,GB,דטול מחטא משטחים,מיליליטרים,750.00,"100 מ""ל",false,1,11.90,1.59,true,1,
7290112001436,false,"פיניש מנקה מדיח כלים בניחוח לימון 250 מ""ל",רקיט בנקיזר,PL,פיניש מנקה מדיח,מיליליטרים,250.00,"100 מ""ל",false,1,14.90,5.96,true,1,
7290112001733,false,ויט רצועות שעווה לעור רגיל 40 יחידות,רקיט בנקיזר,FR,רצועות שעווה,יחידה,1.00,יחידה,false,1,49.90,49.90,true,1,
7290112001740,false,ויט רצועות שעווה לפנים 40 יחידות,רקיט בנקיזר,FR,רצועות שעווה ויט,יחידה,1.00,יחידה,false,1,49.90,49.90,true,1,
7290112002099,false,קולון גל כביסה מרוכז 2.5 ליטר קלאסי,רקיט בנקיזר,IL,ג'ל כביסה קולון,ליטרים,2.50,ליטר,false,1,28.90,11.56,true,1,
7290112003959,false,וניש מסיר כתמים אבקה לכביסה צבעונית 470 גרם,רקיט בנקיזר,IT,וניש גולד אבקה,גרמים,470.00,100 גרם,false,1,19.90,4.23,true,1,
7290112004413,false,"ספריי וניש קליה להסרת כתמים לבגדים לבנים 750 מ""ל",רקיט בנקיזר,PL,מסיר כתמים ספריי,מיליליטרים,750.00,"100 מ""ל",false,1,14.90,1.98,true,1,
7290112004970,false,פיניש אולטימייט קוואנטום 50 טבליות למדיח,רקיט בנקיזר,IL,פיניש אולטימייט,יחידה,1.00,יחידה,false,1,44.90,44.90,true,1,
7290112005052,false,וניש תוסף כביסה רב תכליתי לבגדים לבנים,קליה וניש Kalia Vanish,IT,וניש אבקה לכביסה,קילוגרמים,1.50,"ק""ג",false,1,29.90,19.93,true,1,
7290112005076,false,וניש תוסף כביסה רב תכליתי לכביסה צבעונית,קליה וניש Kalia Vanish,IT,וניש אבקה לכביסה,גרמים,480.00,100 גרם,false,1,14.90,3.11,true,1,
7290112005083,false,וניש תוסף כביסה רב תכליתי לכביסה צבעונית,קליה וניש Kalia Vanish,IT,וניש אבקה לכביסה,קילוגרמים,1.50,"ק""ג",false,1,29.90,19.93,true,1,
7290112192561,false,"משחת שיניים פרודונטקס הגנה מלאה מרעננת הלבנה 75 מ""ל",ג'י.אס.קיי קונסיומר,IE,משחה פרודונטקס,מיליליטרים,75.00,"100 מ""ל",false,1,34.90,46.53,true,1,
7290112192578,false,משחת שיניים פרודונטקס אקסטרה פרש הגנה מלאה,ג'י.אס.קיי קונסיומר,IE,משחת פרודונטקס,מיליליטרים,75.00,"100 מ""ל",false,1,34.90,46.53,true,1,
7290112192875,false,"סנסודיין - משחת שיניים רגישות וחניכיים 75 מ""ל",סנסודיין Sensodyne,GB,משחת סנסודיין,מיליליטרים,75.00,"100 מ""ל",false,1,34.90,46.53,true,1,
7290112192882,false,"סנסודיין - משחת שיניים רגישות וחניכיים מלבינה 75 מ""ל",ג'י.אס.קיי קונסיומר,GB,משחת סנסודיין,מיליליטרים,75.00,"100 מ""ל",false,1,34.90,46.53,true,1,
7290112192981,false,סטייל מתולתלות קרם לחות לשיער גלי 400,גורי,IL,סטייל קרם לחות,מיליליטרים,400.00,"100 מ""ל",false,1,38.90,9.73,true,1,
7290112192998,false,סטייל מתולתלות קרם לחות לשיער מקורזל 400,גורי,IL,קרם לחות לשיער,מיליליטרים,400.00,"100 מ""ל",false,1,38.90,9.73,true,1,
7290112193278,false,"סטייל - שמפו מתולתלות לניקוי יסודי 600 מ""ל",א.ל.ארמן ייצור תמרוקים ב,IL,שמפו מתולתלות,מיליליטרים,600.00,"100 מ""ל",false,1,28.90,4.82,true,1,
7290112193292,false,"סטייל - מתולתלות מסכה לטיפול עמוק 500 מ""ל",א.ל.ארמן ייצור תמרוקים ב,IL,מסכה מתולתלות,מיליליטרים,500.00,"100 מ""ל",false,1,38.90,7.78,true,1,
7290112193315,false,"סטייל - מתולתלות קרם לחות להורדת פריז 400 מ""ל",א.ל.ארמן ייצור תמרוקים ב,IL,קרם לחות מתולתלו,מיליליטרים,400.00,"100 מ""ל",false,1,38.90,9.73,true,1,
7290112193339,false,"סטייל - ספריי מתותלות 150 מ""ל",א.ל.ארמן ייצור תמרוקים ב,IL,ספריי סטייל שיער,מיליליטרים,150.00,"100 מ""ל",false,1,34.90,23.27,true,1,
7290112197122,false,"סטייל - סבון ידיים ירוק 500 מ""ל חדש",רנקסאן פלסטיק יאנגר,TR,סטייל סבון ידיים,מיליליטרים,500.00,"100 מ""ל",false,1,8.90,1.78,true,1,
7290112332585,false,פריכיות משולש תפוא אורז בתיבול סלק ומלח ים אנרג'י 30 גרם,"פרח תעשיו מזון בע""מ",IL,"פריכיות תפו""א",גרמים,30.00,100 גרם,false,1,5.90,19.67,true,1,
7290112332691,false,פינוקיות עוגיות קרם פסק זמן אגוזים 200 גרם,"הגביע מוצרי וופלים בע""\מ",IL,פינוקיות פסק זמן,גרמים,200.00,100 גרם,false,1,12.90,6.45,true,1,
7290112335487,false,הפריכיות הטעימות קצח ודגנים אנרג'י 135 גרם,"פרח תעשיות מזון בע""\מ",IL,הפריכיות הטעימות,גרמים,135.00,100 גרם,false,1,11.90,8.82,true,1,
7290112336644,false,סוכריות מאסט ללא סוכר לימון 80 ג' עלית,שטראוס גרופ,PL,סוכריות מאסט,גרמים,80.00,100 גרם,false,1,8.90,11.13,true,1,
7290112337474,false,סוכריות מאסט ללא סוכר פטל לימון 80 ג' עלית,שטראוס גרופ,PL,סוכריות מאסט,גרמים,80.00,100 גרם,false,1,8.90,11.13,true,1,
7290112340245,false,צנצנת מסטיק מאסט בטעם דובדבן 66 ג' עלית,"שטראוס גרופ בע""\מ",IL,מסטיק דובדבן,גרמים,66.00,100 גרם,false,1,8.90,13.49,true,1,
7290112340252,false,צנצנת מסטיק מאסט בטעם אבטיח מלון 66 ג' עלית,"שטראוס גרופ בע""\מ",IL,מסטיק אבטיח מלון,גרמים,66.00,100 גרם,false,1,8.90,13.49,true,1,
7290112343499,false,חטיף צ'יטוס פאפס אפוי בטעם גבינה,"שטראוס פריטו ליי בע""\מ )",IL,חטיף צ'יטוס puff,גרמים,55.00,100 גרם,false,1,3.90,7.09,true,1,
7290112349538,false,קפה עלית טורקי 160 גרם,שטראוס קפה בי.וי.,IL,קפה טורקי עלית,גרמים,160.00,100 גרם,false,1,11.90,7.44,true,1,
7290112350312,false,קפסולות 15 קפה יותר למכונות נספרסו עלית 10יח',הנסיך- מפעל לייצור ט,IL,קפסולות קפה,גרמים,50.00,100 גרם,false,1,19.90,39.80,true,1,
7290112351463,false,שלישיית סוכריות מאסט FRESH פטל לימון 45 ג' עלית,"הליקון גידה בע""\מ",TR,"סוכריות לל""ס",גרמים,45.00,100 גרם,false,1,9.90,22.00,true,1,
7290112351470,false,סוכריות ללא סוכר בטעם תות רימון מאסט פרש,"הליקון גידה בע""\מ",TR,"סוכריות לל""ס",גרמים,45.00,100 גרם,false,1,9.90,22.00,true,1,
7290112354945,false,תפוצ'יפס WAVY בטעם טבעי 50 גרם,שטראוס פריטו ליי בע”,IL,תפוצ'יפס,גרמים,50.00,100 גרם,false,1,4.90,9.80,true,1,
7290112358004,false,פסק זמן קראנצ' עלית 32 גרם,שולן צ'\יקולטה גידה סאן.,TR,חטיף פסק זמן,גרמים,32.00,100 גרם,false,1,5.00,15.63,true,1,
7290112492685,false,פינוק מרכך לשיער רגיל אריזת נסיעות 100 מ,יוניליוור ישראל טיפוח אי,IL,מרכך פינוק,מיליליטרים,100.00,"100 מ""ל",false,1,6.50,6.50,true,1,
7290112492722,false,"2ב-1 שמפו ומרכך פינוק אל דמע לסירוק קל לילדים 700 מ""ל",יוניליוור ישראל טיפוח אי,IL,פינוק שמפו ומרכך,מיליליטרים,700.00,"100 מ""ל",false,1,14.90,2.13,true,1,
7290112492746,false,"מרכך פינוק אל דמע לסירוק קל לילדים 700 מ""ל",יוניליוור ישראל טיפוח אי,IL,מרכך פינוק ילדים,מיליליטרים,700.00,"100 מ""ל",false,1,14.90,2.13,true,1,
7290112494795,false,בדין-ג'ל לכביסה לבנה וצבעונית בניחוח עדין כחול 2.5 ליטר,"זוהר דליה, קיבוץ דליה, 1",IL,בדין ג'ל כביסה,ליטרים,2.50,ליטר,false,1,35.90,14.36,true,1,
7290112494825,false,תרחיץ פנים לעור רגיש מכיל 25% קרם לחות,יוניליוור ישראל טיפוח אי,IL,דאב תרחיץ פנים,מיליליטרים,180.00,"100 מ""ל",false,1,15.90,8.83,true,1,
7290112494832,false,"דאב - תרחיץ פנים לעור רגיל 180 מ""ל",יוניליוור ישראל טיפוח אי,IL,דאב תרחיץ פנים,מיליליטרים,180.00,"100 מ""ל",false,1,15.90,8.83,true,1,
7290112496201,false,"אקס - בושם גוף טיקט לגבר שוקולד 17 מ""ל","קוסטר אירוסול, גבזה,",TR,אקס בושם כיס,מיליליטרים,17.00,"100 מ""ל",false,1,19.90,117.06,true,1,
7290112497369,false,דאב דאו רול און טלק סופט לנשים,"יוניליוור אנגליה, דרך קו",GB,דאו דאב רול און,מיליליטרים,50.00,"100 מ""ל",false,1,13.90,27.80,false,1,
7290112497505,false,וזלין תחליב גוף בתוספת אלוורה 600 מל,"יוניליוור, ג'פרסון סיטי,",US,קרם גוף ואזלין,מיליליטרים,600.00,"100 מ""ל",false,1,25.90,4.32,true,1,
7290112498274,false,פינוק אלסבון לידיים לבנדר וניל 1ליטר+משא,יוניליוור ישראל טיפוח אי,TR,אל סבון פינוק,מיליליטרים,950.00,"100 מ""ל",false,1,14.90,1.57,true,1,
7290112499493,false,"רקסונה - דאודורנט ספריי לאישה אלוורה 150 מ""ל","ארנסט, רחוב קומבינצקיה 6",RU,דאו רקסונה,מיליליטרים,150.00,"100 מ""ל",false,1,17.90,11.93,true,1,
7290112499509,false,"רקסונה - דאודורנט ספריי לאישה בניחוח אפרסק ולמון גראס 150 מ""ל","ארנסט, רחוב קומבינצקיה 6",RU,דאו ספריי רקסונה,מיליליטרים,150.00,"100 מ""ל",false,1,17.90,11.93,true,1,
7290112963918,false,פיטנס חטיפי קרקר דק רוזמרין 140 גרם,נסטלה Nestle,IL,קרקר דק פיטנס,גרמים,140.00,100 גרם,false,1,14.90,10.64,true,1,
7290112965660,false,פיטנס - חטיף מולטיגריין מלח פלפל 25 גרם,מיוצר עי קונדיטוריית,IL,חטיף פיטנס מלח,גרמים,25.00,100 גרם,false,1,5.90,23.60,true,1,
7290112965684,false,פיטנס - חטיף מולטיגריין עשבי תיבול 25 גרם,מיוצר עי קונדיטוריית,IL,חטיף פיטנס,גרמים,25.00,100 גרם,false,1,5.90,23.60,true,1,
7290113317109,false,מארז שלישיית ביצי שוקולד הלו קיטי,שמחה זה אנחנו,IT,ביצת שוקולד,גרמים,60.00,100 גרם,false,1,14.90,24.83,true,1,
7290113560055,false,פרודונטקס מי פה טיפול יומי לחניכיים 500,"מאסטרפוד אוסטריה בע""מ",GB,פרודונטקס מי פה,מיליליטרים,500.00,"100 מ""ל",false,1,31.90,6.38,true,1,
7290113560109,false,פרודונטקס מ.שיניים בטעם צמחי 75 מל,פרודונטקס Parodontax,SK,משחה פרודונטקס,מיליליטרים,75.00,"100 מ""ל",false,1,31.90,42.53,true,1,
7290113560277,false,זוג מברשות שיניים רפיד רליף סנסודיין,גלקסוס סמית קליין,GB,מברשות רפיד 2 יח,יחידה,1.00,יחידה,false,1,29.90,29.90,true,1,
7290114145848,false,אוליב - מרכך לשיער יבש ופגום מועשר בשמן זית,אוליב Olive,IL,אוליב מרכך,מיליליטרים,800.00,"100 מ""ל",false,1,19.90,2.49,true,1,
7290114605342,false,פירסט סמייל רפידות הנקה גודל מדיום 110,צאנזו שאנג קאר פרודק,CN,רפידות הנקה,יחידה,1.00,יחידה,false,1,21.90,21.90,true,1,
7290114659949,false,מסכה לפנים חד-פעמי 50 יחי,נ'יאנג יונג,CN,מסכת פנים חד פעמ,יחידה,1.00,יחידה,false,1,12.90,12.90,true,1,
7290114720014,false,קיט לשפתיים יח',,IL,קיט לשפתיים,יחידה,1.00,יחידה,false,1,199.00,199.00,true,1,
7290114720724,false,מארז זוגי של ראשי מברשת אוניברסליים פוג'יקום,פוג'יקום,CN,ראשי מברשת לאורל,יחידה,1.00,יחידה,false,1,24.90,24.90,true,1,
7290114721301,false,זוג ראשי מברשות תואם אורל בי Sensitive,פוג'יקום,CN,ראש למברשת חשמלי,יחידה,1.00,יחידה,false,1,24.90,24.90,true,1,
7290114721400,false,זוג ראשי פחם Soft תואם אורל בי,פוג'יקום,CN,ראש למברשת חשמלי,יחידה,1.00,יחידה,false,1,24.90,24.90,true,1,
7290114721561,false,ערכת ציחצוח לילדים דינוזאור פוג'יקום,פוג'יקום,CN,ערכת צחצוח לילדי,יחידה,1.00,יחידה,false,1,69.90,69.90,true,1,
7290114721592,false,מברשת שיניים חשמלית פוג'יקום דינוזאור,פוג'יקום,CN,מברשת שיניים,יחידה,1.00,יחידה,false,1,43.90,43.90,true,1,
7290114721608,false,מברשת שיניים חשמלית פוג'יקום חד קרן,פוג'יקום,CN,מברשת שיניים,יחידה,1.00,יחידה,false,1,43.90,43.90,true,1,
7290115071481,false,6 מטבעות שוקולד באריזת רשת 31 גר LOL,שמחה זה אנחנו,NL,מטבעות שוקולד,יחידה,1.00,יחידה,false,0,5.90,5.90,true,1,
7290115071498,false,מטבעות שוקולד ברשת פי גיי 31 גר,Unknown,NL,מטבעות שוקולד,יחידה,1.00,יחידה,false,0,5.90,5.90,true,1,
7290115071504,false,6 מטבעות שוקולד באריזת רשת 31 גר סמי הכב,שמחה זה אנחנו,NL,מטבעות שוקולד,יחידה,1.00,יחידה,false,0,5.90,5.90,true,1,
7290115071511,false,מטבעות שוקולד ברשת טרולים 31 גר,,NL,מטבעות שוקולד,יחידה,1.00,יחידה,false,0,5.90,5.90,true,1,
7290115071528,false,מטבעות שוקולד ברשת מ,,,מטבעות שוקולד,יחידה,1.00,יחידה,false,0,5.90,5.90,true,1,
7290115073676,false,מסכה לפנים חד פעמי 50 יח צבעוניות,שמחה זה אנחנו,CN,מסכת פנים חד פעמ,יחידה,1.00,יחידה,false,1,12.90,12.90,true,1,
7290115073683,false,מסכה לפנים חד פעמי מארז 10 יח צבעוניות,,IL,מסכת פנים חד פעמ,יחידה,1.00,יחידה,false,1,6.90,6.90,true,1,
7290115075182,false,6 מטבעות שוקולד באריזת רשת 31 גר חד קרן,שמחה זה אנחנו,NL,מטבעות שוקולד,יחידה,1.00,יחידה,false,0,5.90,5.90,true,1,
7290115077131,false,מסכות ילדים צבעוני מעורב 40 יח',מ.פאנג,CN,מסכת פנים חד פעמ,יחידה,1.00,יחידה,false,1,14.90,14.90,true,1,
7290115205176,false,פיטנס - קרקר דק כפרי פיטנס 140 גרם,נסטלה Nestle,IL,קרקר דק פיטנס,גרמים,140.00,100 גרם,false,1,14.90,10.64,true,1,
7290115205312,false,קרקר פיטנס דק עם זיתי קלמטה ועשבי תיבול,"אסם השקעות בע""\מ",IL,קרקר דק פיטנס,גרמים,140.00,100 גרם,false,1,14.90,10.64,true,1,
7290115209198,false,במבה אוורירית אסם 80 גרם,"אסם תעשיות בע""מ",IL,במבה אוורירית,גרמים,80.00,100 גרם,false,1,6.90,8.63,true,1,
7290115671223,false,מסטיק מאסט פאן אבטיח מנגו צנצנת 58 גרם,אסקום קונפקשיין,DE,מסטיק מאסט,גרמים,58.00,100 גרם,false,1,8.90,15.34,true,1,
7290115671308,false,מסטיק מאסט פאן תות דובדבן צנצנת 58 גרם,אסקום קונפשטיין,DE,מסטיק מאסט,גרמים,58.00,100 גרם,false,1,8.90,15.34,true,1,
7290116244037,false,חד קרן אצבעות שוקולד חלב 84 גרם,סטילנד שוקולד,NL,אצבעות שוקולד,גרמים,84.00,100 גרם,false,1,10.90,12.98,true,1,
7290116244051,false,אצבעות שוקולד חלב 84 גרם LOL,סטילנד שוקולד,NL,אצבעות שוקולד,גרמים,84.00,100 גרם,false,1,10.90,12.98,true,1,
7290116244068,false,אצבעות שוקולד חלב 84 גר'-כוח פי גיי,סטילנד שוקולד,NL,אצבעות שוקולד,גרמים,84.00,100 גרם,false,1,10.90,12.98,true,1,
7290116244075,false,סמי הכבאי אצבעות שוקולד חלב 84 גרם,סטילנד שוקולד,NL,אצבעות שוקולד,גרמים,84.00,100 גרם,false,1,10.90,12.98,true,1,
7290116244082,false,מפרץ הרפתקאות אצבעות שוקולד חלב 84 גרם,סטילנד שוקולד,NL,אצבעות שוקולד חל,גרמים,84.00,100 גרם,false,1,10.90,12.98,true,1,
7290116530222,false,דאודרנט סטיק לגבר אנרכי 76 ג' אקס,יוניליוור פארם,US,דאו.סטיק אקס,גרמים,77.00,100 גרם,false,1,21.90,28.44,true,1,
7290116531762,false,דפים ריחניים למייבש כביסה בדין ורוד 40 יחידות,"קלינטסט - 3p ארה""ב",US,דפים למייבש,יחידה,1.00,יחידה,false,1,18.90,18.90,true,1,
7290116532523,false,"דאו.רול און דאב 50*2 מ""ל",יוניליוור ישראלn\טיפוח א,IL,דאב רול און 2 יח,מיליליטרים,100.00,"100 מ""ל",false,1,24.90,24.90,true,1,
7290117382318,false,סלים דליס - חטיף חלבון מצופה שוקולד מריר 60 גרם,"י. מרבה ישראל בע""\מ",IT,חטיף חלבון מצופה,גרמים,60.00,100 גרם,false,1,12.90,21.50,true,1,
7290117382325,false,סלים דליס - פרו 33 חטיף חלבון מצופה שוקולד חלב 60 גרם,"י. מרבה ישראל בע""\מ",IT,חטיף חלבון מצופה,גרמים,60.00,100 גרם,false,1,12.90,21.50,true,1,
7290117382332,false,סלים דליס - חטיף חלבון מצופה שוקולד בטעם עוגיות 60 גרם,"י. מרבה ישראל בע""\מ",IT,סלים דליס חטיף,גרמים,60.00,100 גרם,false,1,12.90,21.50,true,1,
7290117822401,false,מסכה לפנים לילד באגס באנ,,IL,מסכה לפנים לילד,יחידה,1.00,יחידה,false,1,7.90,7.90,true,1,
7290117823798,false,בדיקה עצמית מהירה לזיהוי אנטיגן 5 יח,,CN,בדיקת אנטיגן עצמ,יחידה,1.00,יחידה,false,1,39.90,39.90,true,1,
7290117825785,false,מסכה KN95 לבן 5 יחידות,,CN,מסכה לפנים KN95,יחידה,1.00,יחידה,false,1,10.00,10.00,true,1,
7290117825907,false,ליקריץ מקלות תות 35 גרם,,TR,ליקריץ מקלות תות,גרמים,35.00,100 גרם,false,1,2.90,8.29,true,1,
7290117825914,false,ממתק מקלות קולה 35 גרם,,TR,ממתק מקלות קולה,גרמים,35.00,100 גרם,false,1,2.90,8.29,true,1,
7290117826058,false,ממתק ליקריץ חתוכים ממולאים 250גרם-צבעוני,שמחה זה אנחנו,TR,ממתק ליקריץ,גרמים,250.00,100 גרם,false,1,9.90,3.96,true,1,
7290117826065,false,ממתק ליקריץ שטיחים 250גרם-צבעוני בטעמי פ,שמחה זה אנחנו,TR,ממתק ליקריץ,גרמים,250.00,100 גרם,false,1,9.90,3.96,true,1,
7290117860038,false,"הוואי - תחליב רחצה יוגורט בניחוח אוכמניות 700 מ""ל","טרופיקל דגיל בע""\מ",IL,תחליב רחצה הוואי,מיליליטרים,700.00,"100 מ""ל",false,1,14.90,2.13,true,1,
7290117860045,false,שמפו תמציות אלוורה ותה ירוק לשיער רגיל,"טרופיקל דגיל בע""\מ",IL,שמפו הוואי,מיליליטרים,700.00,"100 מ""ל",false,1,14.90,2.13,true,1,
7290117860144,false,הוואי שמפו פירות אקזוטיים וקלנדולה 700,"טרופיקל דגיל בע""\מ",IL,שמפו הוואי,מיליליטרים,700.00,"100 מ""ל",false,1,14.90,2.13,true,1,
7290117860182,false,"הוואי - תחליב רחצה בניחוח מגנוליה ושמן שקדים 700 מ""ל","טרופיקל דגיל בע""\מ",IL,תחליב רחצה הוואי,מיליליטרים,700.00,"100 מ""ל",false,1,14.90,2.13,true,1,
7290117860199,false,שמפו שמן ורד הבר ושמן מקדמיה לשיער יבש,"טרופיקל דגיל בע""\מ",IL,שמפו הוואי,מיליליטרים,700.00,"100 מ""ל",false,1,14.90,2.13,true,1,
7290117860236,false,"הוואי - קרם רחצה בניחוח ויולה ורודה 700 מ""ל","טרופיקל דגיל בע""\מ",IL,קרם רחצה הוואי,מיליליטרים,700.00,"100 מ""ל",false,1,14.90,2.13,true,1,
7290117860243,false,"הוואי - מרכך מעניק לחות לשיער יבש 700 מ""ל","טרופיקל דגיל בע""\מ",IL,מרכך הוואי,מיליליטרים,700.00,"100 מ""ל",false,1,14.90,2.13,true,1,
7290117860281,false,"הוואי - ג'ל רחצה לגבר בניחוח עוצמתי 700 מ""ל","טרופיקל דגיל בע""\מ",IL,ג'ל רחצה לגבר,מיליליטרים,700.00,"100 מ""ל",false,1,14.90,2.13,true,1,
7290117860298,false,שמפו קומפלקס קרטין לשיער עדין או חלש,"טרופיקל דגיל בע""\מ",IL,שמפו הוואי,מיליליטרים,700.00,"100 מ""ל",false,1,14.90,2.13,true,1,
7290117860380,false,"תחליב רחצה יוגורט בניחוח אלוורה 700 מ""ל הוואי","טרופיקל דגיל בע""\מ",IL,תחליב רחצה הוואי,מיליליטרים,700.00,"100 מ""ל",false,1,14.90,2.13,true,1,
7290117860649,false,הוואי שמפו קרטין קיק ללא סולפטים 700 מל,"טרופיקל דגיל בע""\מ",IL,שמפו הוואי,מיליליטרים,700.00,"100 מ""ל",false,1,14.90,2.13,true,1,
7290117860694,false,הוואי מרכך קרטין קיק ללא סולפטים 700 מל,"טרופיקל דגיל בע""\מ",IL,מרכך הוואי,מיליליטרים,700.00,"100 מ""ל",false,1,14.90,2.13,true,1,
7290117860748,false,הוואי שמפו תמצית יסמין מעניק נפח 700 מל,"טרופיקל דגיל בע""\מ",IL,שמפו הוואי,מיליליטרים,700.00,"100 מ""ל",false,1,14.90,2.13,true,1,
7290117860793,false,הוואי מרכך תמצית יסמין מעניק נפח 700 מל,"טרופיקל דגיל בע""\מ",IL,מרכך הוואי,מיליליטרים,700.00,"100 מ""ל",false,1,14.90,2.13,true,1,
7290117860946,false,"תחליב רחצה יוגורט בניחוח קוקוס 700 מ""ל הוואי","טרופיקל דגיל בע""\מ",IL,תחליב רחצה הוואי,מיליליטרים,700.00,"100 מ""ל",false,1,14.90,2.13,true,1,
7290117860991,false,"תחליב רחצה יוגורט בניחוח שקדים 700 מ""ל הוואי","טרופיקל דגיל בע""\מ",IL,תחליב רחצה הוואי,מיליליטרים,700.00,"100 מ""ל",false,1,14.90,2.13,true,1,
7290118873082,false,אנטיגן משולב שפעת מארז חמישייה,,IL,בדיקות אנטיגן מש,יחידה,1.00,יחידה,false,1,49.90,49.90,true,1,
7296073078838,false,6 כריות יפניות שופרסל,פלסטו פוליש,IL,כריות יפניות,יחידה,1.00,יחידה,false,0,9.30,9.30,true,1,
7296073079040,false,פריכיות זעתר שופרסל 50גר,"פרח תעשיות מזון בע""\מ",IL,פריכיות אורז,גרמים,50.00,100 גרם,false,0,7.90,15.80,true,1,
7296073095583,false,"אצטון שופרסל 100 מ""ל","ש. שוורץ )באר שבע( בע""\מ",IL,אצטון BE,מיליליטרים,100.00,"100 מ""ל",false,0,3.90,3.90,true,1,
7296073169550,false,3 מטליות מיקרופייבר שופר,שופרסל,CN,מטליות מיקרופיבר,יחידה,1.00,יחידה,false,0,15.90,15.90,true,1,
7296073179863,false,דבש טבעי לחיץ שופרסל250ג,שופרסל,IL,דבש טבעי לחיץ,גרמים,250.00,100 גרם,false,0,13.90,5.56,true,1,
7296073198314,false,דייסת דגנים מעורבים 200ג,שופרסל,IL,דייסת דגנים,גרמים,200.00,100 גרם,false,0,9.90,4.95,true,1,
7296073218807,false,בישקוטים,,IT,בישקוטים,גרמים,200.00,100 גרם,false,0,7.90,3.95,true,1,
7296073223009,false,שמן זית,,IT,שמן זית,מיליליטרים,750.00,"100 מ""ל",false,0,29.90,3.99,true,1,
7296073230656,false,מגבות נייר שופרסל 6 גל.,"שניב תעשיות נייר בע""\מ",IL,מגבות נייר,מטרים,63.00,מטר,false,0,12.90,0.20,true,1,
7296073237655,false,שוק.מריר 72% קקאו 100 גר,"שוקולד פריי בע""מ",CH,שוקולד מריר 72%,גרמים,100.00,100 גרם,false,1,11.00,11.00,true,1,
7296073239017,false,מכשיר טרימר להסרת שיער,TECHONGGIES TAIKONE,CN,מכשיר טרימר,יחידה,1.00,יחידה,false,1,49.90,49.90,true,1,
7296073241522,false,ממחטות אף 100*5 יח,שניב תעשיות נייר,IL,ממחטות אף 5 יח,יחידה,1.00,יחידה,false,1,14.90,14.90,true,1,
7296073243120,false,קופסה לסבון יחידות,שופרסל,CN,קופסה לסבון,יחידה,1.00,יחידה,false,1,7.90,7.90,true,1,
7296073254256,false,ערמונים אורגניים גרין100,CO FOODS LIYUAN HEBEI,CN,ערמונים אורגניים,גרמים,100.00,100 גרם,false,1,8.90,8.90,true,1,
7296073254287,false,"אל סבון כחול 3 500* מ""ל",טאהא קימיה,TR,אל סבון נוזלי3יח,ליטרים,1.50,ליטר,false,1,12.90,8.60,true,1,
7296073261384,false,"אל סבון מעורב 500*3 מ""ל",טאהא קימיה,TR,אל סבון נוזלי3יח,ליטרים,1.50,ליטר,false,1,12.90,8.60,true,1,
7296073266990,false,מחית תפוחי עץ שופרסל190ג,שופרסל,CZ,מחית תפוחי עץ,גרמים,190.00,100 גרם,false,1,4.90,2.58,true,1,
7296073272496,false,נייר טואלט דו שכבתי32גל,שניב תעשיות נייר,IL,נייר טואלט 32גל,מטרים,573.00,100 מטר,false,1,31.90,5.57,true,1,
7296073273448,false,"ג'ל אלוורה 100מ""ל",ש.שוורץ,IL,ג'ל אלוורה,מיליליטרים,100.00,"100 מ""ל",false,1,9.90,9.90,true,1,
7296073277248,false,מגבונים ללא בישום 64*5יח,דינמיק,IL,מגבונים לחים 5יח,יחידה,1.00,יחידה,false,1,19.90,19.90,true,1,
7296073277255,false,מארז מגבונים לחים 6 יח,דינמיק,IL,מארז מגבוניםלחים,יחידה,1.00,יחידה,false,1,19.90,19.90,true,1,
7296073281696,false,מגבוני טואלט לילד 40*3יח,שופרסל,IL,"מגבוני נ""ט לילד",יחידה,1.00,יחידה,false,1,9.90,9.90,true,1,
7296073281702,false,מגבוני נ.טואלט למבוגרים,דינמיק תעשיות מגבונים,IL,מגבוני נייר לחים,יחידה,1.00,יחידה,false,1,9.90,9.90,true,1,
7296073286073,false,"אורז בסמטי בצנצנת 1 ק""ג",SETIA LAL CHAMAN,IN,אורז בסמטי,קילוגרמים,1.00,"ק""ג",false,1,14.90,14.90,true,1,
7296073286417,false,שק.אשפה חזקות גדולות60יח,אשפלסט,IL,שקיות אשפה 60 יח,יחידה,1.00,יחידה,false,1,19.90,19.90,true,1,
7296073289715,false,מגבוני אף עדינים תינוק30,שופרסל,IL,מגבוני אף לתינוק,יחידה,1.00,יחידה,false,1,9.90,9.90,true,1,
7296073291077,false,משטחי החתלה שופרסל 10יח,PAKTEN,TR,משטחי החתלה,יחידה,1.00,יחידה,false,1,13.90,13.90,true,1,
7296073320289,false,אלסבון סילקי ארט 500*3מל,אקסן קוסמטיק,TR,אלסבון שופרסל3יח,ליטרים,1.50,ליטר,false,1,12.90,8.60,true,1,
7296073330394,false,מברשת סומק זוויתית,BE NOW,CN,מברשת סומק זווית,יחידה,1.00,יחידה,false,0,39.90,39.90,true,1,
7296073330400,false,מברשת איפור נשלפת לתיק,BE NOW,CN,מברשת איפור נשלפ,יחידה,1.00,יחידה,false,0,49.90,49.90,true,1,
7296073330417,false,מברשת מחודדת למייקאפ,BE NOW,CN,מברשת למייקאפ,יחידה,1.00,יחידה,false,0,39.90,39.90,true,1,
7296073330431,false,מברשת לאייליינר ומסרק,BE NOW,CN,מברשת לאייליינר,יחידה,1.00,יחידה,false,0,32.90,32.90,true,1,
7296073330493,false,מברשת לסומק משיער טבעי,BE NOW,CN,מברשת לסומק טבעי,יחידה,1.00,יחידה,false,0,49.90,49.90,true,1,
7296073330639,false,ספוג לניקוי פנים 3 יח,BE NOW,CN,3ספוג ניקוי פנים,יחידה,1.00,יחידה,false,0,11.90,11.90,true,1,
7296073330677,false,ספוגית לבן לטקס עם לבבות,BE NOW,CN,ספוגית למייקאפ,יחידה,1.00,יחידה,false,0,12.90,12.90,true,1,
7296073330684,false,4 ספוגיות למייקאפ משולש,BE NOW,CN,4 ספוגיות משולש,יחידה,1.00,יחידה,false,0,9.90,9.90,true,1,
7296073330707,false,מארז 12 ספוגיות משולשות,BE NOW,CN,12 ספוגיות משולש,יחידה,1.00,יחידה,false,0,19.90,19.90,true,1,
7296073330745,false,מפדרי משי שחורים לפודרה,BE NOW,CN,2 מפדרי משי שחור,יחידה,1.00,יחידה,false,0,9.90,9.90,true,1,
7296073330769,false,ספוג ביוטי למייקאפ טיפה,BE NOW,CN,ספוג מייקאפ טיפה,יחידה,1.00,יחידה,false,0,29.90,29.90,true,1,
7296073330790,false,ספוג ביוטי יהלום גלי,BE NOW,CN,ספוג יהלום גלי,יחידה,1.00,יחידה,false,0,34.90,34.90,true,1,
7296073330851,false,מראה נצמדת מגדילה פי 10,BE NOW,CN,מראה נצמדת פי 10,יחידה,1.00,יחידה,false,0,19.90,19.90,true,1,
7296073330936,false,פינצטה אפורה קצה ישר,BE NOW,CN,פינצטה ישרה אפור,יחידה,1.00,יחידה,false,0,19.90,19.90,true,1,
7296073330943,false,פינצטה אפורה קצה מכופף,BE NOW,CN,פינצטה מ. אפור,יחידה,1.00,יחידה,false,0,19.90,19.90,true,1,
7296073330950,false,פינצטה לבנה קצה אלכסון,BE NOW,CN,פינצטה א. לבן,יחידה,1.00,יחידה,false,0,14.90,14.90,true,1,
7296073330974,false,פינצטה לאב יו איכותית,BE NOW,CN,פינצטה לאב יו,יחידה,1.00,יחידה,false,0,19.90,19.90,true,1,
7296073330998,false,פינצטה הדפס עיגולים,BE NOW,CN,פינצטה צבעוני,יחידה,1.00,יחידה,false,0,24.90,24.90,true,1,
7296073331001,false,פינצטה כסופה מנומר,BE NOW,CN,פינצטה א.כסף,יחידה,1.00,יחידה,false,0,39.90,39.90,true,1,
7296073331025,false,פינצטה ידית מחוררת,BE NOW,CN,פינצטה חורים,יחידה,1.00,יחידה,false,0,39.90,39.90,true,1,
7296073331032,false,פינצטה עם תאורה,BE NOW,CN,פינצטה עם תאורה,יחידה,1.00,יחידה,false,0,39.90,39.90,true,1,
7296073331056,false,קוצץ קטן,BE NOW,CN,קוצץ קטן,יחידה,1.00,יחידה,false,0,8.90,8.90,true,1,
7296073331087,false,קוצץ אל חלד גדול,BE NOW,CN,קוצץ גדול,יחידה,1.00,יחידה,false,0,19.90,19.90,true,1,
7296073331100,false,צבת אל חלד לציפורניים,BE NOW,CN,צבת לציפורניים,יחידה,1.00,יחידה,false,0,49.90,49.90,true,1,
7296073331131,false,מספריים לעור - מבריק,BE NOW,CN,מספריים לעור,יחידה,1.00,יחידה,false,0,29.90,29.90,true,1,
7296073331148,false,מספריים לציפורניים מבריק,BE NOW,CN,מספריים לציפורן,יחידה,1.00,יחידה,false,0,29.90,29.90,true,1,
7296073331216,false,מספריים אל חלד לשיער,BE NOW,CN,מספריים לשיער,יחידה,1.00,יחידה,false,0,39.90,39.90,true,1,
7296073331223,false,מספריים אל חלד לגבות,BE NOW,CN,מספריים לגבות,יחידה,1.00,יחידה,false,0,39.90,39.90,true,1,
7296073331254,false,פצירה צבעונית,BE NOW,CN,פצירה צבעונית,יחידה,1.00,יחידה,false,0,8.90,8.90,true,1,
7296073331278,false,"פצירת מתכת ""7 ידית שחורה",BE NOW,CN,"פצירת מתכת ""7",יחידה,1.00,יחידה,false,0,14.90,14.90,true,1,
7296073331308,false,"פצירת קרטון ""14 8 יח'",BE NOW,CN,8 פצירות קרטון,יחידה,1.00,יחידה,false,0,14.90,14.90,true,1,
7296073331414,false,מגרדת סגולה לכף הרגל,BE NOW,CN,מגרדת סגולה כ.ר,יחידה,1.00,יחידה,false,0,24.90,24.90,true,1,
7296073331490,false,אבן להסרת עור בכף הרגל,BE NOW,CN,אבן להסרת עור,יחידה,1.00,יחידה,false,0,19.90,19.90,true,1,
7296073331537,false,מברשת שיער סגול ורוד,BE NOW,CN,מברשת שיער סגול,יחידה,1.00,יחידה,false,0,19.90,19.90,true,1,
7296073331575,false,מברשת שיער מטקה ורודה L,BE NOW,CN,מברשת מטקה Lורוד,יחידה,1.00,יחידה,false,0,24.90,24.90,true,1,
7296073331599,false,מברשת שיער מאורכת ורוד L,BE NOW,CN,מברשת מ. Lורוד,יחידה,1.00,יחידה,false,0,24.90,24.90,true,1,
7296073331612,false,מברשת שיער מטקה שחורה,BE NOW,CN,מברשת מטקה שחורה,יחידה,1.00,יחידה,false,0,29.90,29.90,true,1,
7296073331629,false,מברשת שיער אובלית שחורה,BE NOW,CN,מברשת אובל שחורה,יחידה,1.00,יחידה,false,0,28.90,28.90,true,1,
7296073331643,false,מברשת שיער לתיק שחורה,BE NOW,CN,מברשת לתיק שחורה,יחידה,1.00,יחידה,false,0,22.90,22.90,true,1,
7296073331650,false,מברשת שיער לפן שחורה,BE NOW,CN,מברשת לפן שחורה,יחידה,1.00,יחידה,false,0,29.90,29.90,true,1,
7296073331667,false,מברשת שיער לילדות,BE NOW,CN,מברשת שיער ילדות,יחידה,1.00,יחידה,false,0,24.90,24.90,true,1,
7296073331704,false,מברשת עץ לפן גדולה,BE NOW,CN,מברשת עץ לפן L,יחידה,1.00,יחידה,false,0,29.90,29.90,true,1,
7296073331766,false,מברשת ש.התרת קשרים ורודה,BE NOW,CN,מברשת קשרים,יחידה,1.00,יחידה,false,0,34.90,34.90,true,1,
7296073331810,false,מברשת שיער ספרים מקצועית,BE NOW,CN,מברשת שיער ספרים,יחידה,1.00,יחידה,false,0,29.90,29.90,true,1,
7296073331858,false,מסרק לתלתלים עם ידית,BE NOW,CN,מסרק לתלתלים,יחידה,1.00,יחידה,false,0,9.90,9.90,true,1,
7296073331865,false,מסרק כיס שחור,BE NOW,CN,מסרק כיס שחור,יחידה,1.00,יחידה,false,0,8.90,8.90,true,1,
7296073331896,false,מסרק חום עם ידית,BE NOW,CN,מסרק חום ידית,יחידה,1.00,יחידה,false,0,9.90,9.90,true,1,
7296073331919,false,מסרק ומברשת לצבע שיער,BE NOW,CN,מסרק ומברשת לצבע,יחידה,1.00,יחידה,false,0,6.90,6.90,true,1,
7296073331940,false,גומיות שחורות 12 יח,BE NOW,CN,12 גומיות שחורות,יחידה,1.00,יחידה,false,0,9.90,9.90,true,1,
7296073332091,false,מארז גומיות שחורות 32 יח,BE NOW,CN,מארז גומיות לשיע,יחידה,1.00,יחידה,false,0,19.90,19.90,true,1,
7296073332114,false,גומיות מגבת שחורות 8 יח,BE NOW,CN,8ג.מגבת שחור,יחידה,1.00,יחידה,false,0,9.90,9.90,true,1,
7296073332152,false,16 גומיות מגבת קטן שחור,BE NOW,CN,16ג.מגבת S שחור,יחידה,1.00,יחידה,false,0,9.90,9.90,true,1,
7296073332169,false,16גומיות מגבת קטן צבעוני,BE NOW,CN,16ג.מגבת S צבע,יחידה,1.00,יחידה,false,0,9.90,9.90,true,1,
7296073332176,false,6 גומיות שחור פתוחות,BE NOW,CN,6גומיות ש. פתוח,יחידה,1.00,יחידה,false,0,9.90,9.90,true,1,
7296073332206,false,3 גומיות סקונצים דק שחור,BE NOW,CN,3גומיות סקונצ'ים,יחידה,1.00,יחידה,false,0,9.90,9.90,true,1,
7296073332251,false,3 גומיות מסולסלות שחורות,BE NOW,CN,3גומיות מסולסלות,יחידה,1.00,יחידה,false,0,9.90,9.90,true,1,
7296073332435,false,14 סיכות תיקתק מיני נוצץ,BE NOW,CN,14תיקתק מיני,יחידה,1.00,יחידה,false,0,17.90,17.90,true,1,
7296073332442,false,12 סיכות תיקתק מיני כוכב,BE NOW,CN,12תיקתק S כוכבים,יחידה,1.00,יחידה,false,0,19.90,19.90,true,1,
7296073332459,false,סיכות תיקתק חתול 4 יח,BE NOW,CN,סיכות חתול 4 יח,יחידה,1.00,יחידה,false,0,10.90,10.90,true,1,
7296073332480,false,סיכות תיקתק שחור 6 יח,BE NOW,CN,6תיקתק שחור,יחידה,1.00,יחידה,false,0,13.50,13.50,true,1,
7296073332497,false,סיכות סבתא שחור 40 יח,BE NOW,CN,40סיכות שחורות,יחידה,1.00,יחידה,false,0,14.90,14.90,true,1,
7296073332503,false,40 סיכות סבתא בלונדיניות,BE NOW,CN,40סיכות בלונדיני,יחידה,1.00,יחידה,false,0,14.90,14.90,true,1,
7296073332541,false,קליפסים קטנים 8 יח חום,BE NOW,CN,8קליפסים S חום,יחידה,1.00,יחידה,false,0,14.90,14.90,true,1,
7296073332558,false,קליפס בינוני 4 יח שחור,BE NOW,CN,4קליפס M שחור,יחידה,1.00,יחידה,false,0,14.90,14.90,true,1,
7296073332572,false,קליפס בינוני חזק 3 יח,BE NOW,CN,3קליפס M חזק,יחידה,1.00,יחידה,false,0,14.90,14.90,true,1,
7296073332589,false,"קליפס ענק 13 ס""מ",BE NOW,CN,קליפס ענק 13 סמ,יחידה,1.00,יחידה,false,0,14.90,14.90,true,1,
7296073332596,false,קליפס בננה,BE NOW,CN,קליפס בננה,יחידה,1.00,יחידה,false,0,14.90,14.90,true,1,
7296073332619,false,קליפס L גומי מונע החלקה,BE NOW,CN,קליפס ענק גומי,יחידה,1.00,יחידה,false,0,19.90,19.90,true,1,
7296073332640,false,קליפס M שחור בצורת רשת,BE NOW,CN,קליפס M שחור רשת,יחידה,1.00,יחידה,false,0,10.90,10.90,true,1,
7296073332787,false,קשת עם כתר,BE NOW,CN,קשת עם כתר,יחידה,1.00,יחידה,false,0,14.90,14.90,true,1,
7296073332794,false,ספוג רחצה חבלים,BE NOW,CN,ספוג רחצה חבלים,יחידה,1.00,יחידה,false,0,9.90,9.90,true,1,
7296073332817,false,כפפת רחצה,BE NOW,CN,כפפת רחצה,יחידה,1.00,יחידה,false,0,14.90,14.90,true,1,
7296073332824,false,כפפת רחצה עם אצבע,BE NOW,CN,כפפת רחצה אצבע,יחידה,1.00,יחידה,false,0,14.90,14.90,true,1,
7296073332831,false,סרט רחצה,BE NOW,CN,סרט רחצה,יחידה,1.00,יחידה,false,0,17.90,17.90,true,1,
7296073332855,false,ספוג פלא ספוגים טורקיז,BE NOW,CN,ספוג פלא טורקיז,יחידה,1.00,יחידה,false,0,8.90,8.90,true,1,
7296073332862,false,ספוג רשת חיות,BE NOW,CN,ספוג רשת חיות,יחידה,1.00,יחידה,false,0,11.90,11.90,true,1,
7296073332879,false,ספוג רשת חיות כלבלב יח',BE NOW,CN,ספוג רשת חיות,יחידה,1.00,יחידה,false,1,11.90,11.90,true,1,
7296073332893,false,ספוג רשת שלישייה,BE NOW,CN,ספוג רשת שלישיה,יחידה,1.00,יחידה,false,0,9.90,9.90,true,1,
7296073332916,false,מברשת גב עץ,BE NOW,CN,מברשת גב עץ,יחידה,1.00,יחידה,false,0,21.90,21.90,true,1,
7296073332923,false,מברשת גב פלסטיק,BE NOW,CN,מברשת גב פלסטיק,יחידה,1.00,יחידה,false,0,19.90,19.90,true,1,
7296073332961,false,ספוג רחצה טבעי תה ירוק,BE NOW,CN,ספוג רחצה תה,יחידה,1.00,יחידה,false,0,29.90,29.90,true,1,
7296073332992,false,כובע אמבט ניילון,BE NOW,CN,כובע אמבט ניילון,יחידה,1.00,יחידה,false,0,9.90,9.90,true,1,
7296073333005,false,כובע אמבט כפול,BE NOW,CN,כובע אמבטיה כפול,יחידה,1.00,יחידה,false,0,16.90,16.90,true,1,
7296073333555,false,תיק איפור זהב,BE NOW,CN,תיק איפור זהב,יחידה,1.00,יחידה,false,0,29.90,29.90,true,1,
7296073333623,false,זוג קשתות לשיער,BE NOW,CN,זוג קשתות לשיער,יחידה,1.00,יחידה,false,0,13.50,13.50,true,1,
7296073333661,false,מברשת שיער אובל סגולה L,BE NOW,CN,מברשת אובל Lסגול,יחידה,1.00,יחידה,false,0,24.90,24.90,true,1,
7296073333678,false,מברשת שיער מאורכת סגול L,BE NOW,CN,מברשת מ. Lסגול,יחידה,1.00,יחידה,false,0,24.90,24.90,true,1,
7296073333685,false,מברשת שיער לתיק סגולה,BE NOW,CN,מברשת לתיק סגולה,יחידה,1.00,יחידה,false,0,17.90,17.90,true,1,
7296073333784,false,מברשת להנחת סומק קצרה,BE NOW,CN,מברשת לסומק קצרה,יחידה,1.00,יחידה,false,0,37.90,37.90,true,1,
7296073333791,false,מברשת לצלליות מחודדת,BE NOW,CN,מברשת לצלליות,יחידה,1.00,יחידה,false,0,32.90,32.90,true,1,
7296073340096,false,שמפו מפרץ הרפתקאות 1ליטר,,TR,שמפו לילדים,ליטרים,1.00,ליטר,false,1,16.90,16.90,true,1,
7296073343264,false,פדים להסרת איפור-שלישיה,BE NOW,IL,פדים להסרת איפור,יחידה,1.00,יחידה,false,1,19.90,19.90,true,1,
7296073343271,false,פדים להסרת איפור יחידה,BE NOW,IL,פדים להסרת איפור,יחידה,1.00,יחידה,false,1,8.90,8.90,true,1,
7296073343288,false,צמר גפן 100 גר' יחידה,BE NOW,IL,צמר גפן 100 גר',גרמים,100.00,100 גרם,false,1,9.90,9.90,true,1,
7296073343295,false,קסמי אזניים פלסטיק 300 י,BE NOW,IL,קסמי אזניים פלסט,יחידה,1.00,יחידה,false,1,10.90,10.90,true,1,
7296073343301,false,קסמי אזניים פלסטיק 200 י,BE NOW,IL,קסמי אזניים פלסט,יחידה,1.00,יחידה,false,1,6.90,6.90,true,1,
7296073343318,false,קסמי אזניים פלסטיק 100י,BE NOW,IL,קסמי אזניים פלסט,יחידה,1.00,יחידה,false,1,2.90,2.90,true,1,
7296073343325,false,קסמי אזניים מעץ 100 יחיד,BE NOW,CN,קסמי אזניים מעץ,יחידה,1.00,יחידה,false,1,2.90,2.90,true,1,
7296073343479,false,"קרם חמצן 9% 60 מ""ל",,IL,קרם חמצן 9%,מיליליטרים,60.00,"100 מ""ל",false,1,4.90,8.17,true,1,
7296073343486,false,אבקת הבהרה לשיער 10 גרם,,IL,אבקת הבהרה לשיער,גרמים,10.00,100 גרם,false,1,7.90,79.00,true,1,
7296073343592,false,Be אל סבון לידיים מארז,BE NOW,IL,אל סבון לידיים פ,מיליליטרים,1500.00,"100 מ""ל",false,1,12.90,0.86,true,1,
7296073343653,false,"מסיר לק קלאסי 175 מ""ל BE",,TR,מסיר לק קלאסי,מיליליטרים,175.00,"100 מ""ל",false,1,10.90,6.23,true,1,
7296073343660,false,Be מסיר לק לא אציטון175מ,,TR,מסיר לק ללא אציט,מיליליטרים,175.00,"100 מ""ל",false,1,7.90,4.52,true,1,
7296073343684,false,Be מסיר לק משאבה 150מל,,TR,מסיר לק משאבה,מיליליטרים,150.00,"100 מ""ל",false,1,10.90,7.27,true,1,
7296073345299,false,משחת שיניים מלבינה 100מל,,BG,משחת שיניים,מיליליטרים,100.00,"100 מ""ל",false,1,10.90,10.90,true,1,
7296073345305,false,משחת שיניים פרופ+הרבל100,,BG,משחת שיניים הרבל,מיליליטרים,100.00,"100 מ""ל",false,1,8.90,8.90,true,1,
7296073345336,false,משחת שיניים לילדים 2-6,שופרסל,BG,משחת שיניים KIDS,מיליליטרים,50.00,"100 מ""ל",false,1,9.90,19.80,true,1,
7296073345411,false,זוג ראשים מתחלפים,,CN,"זוג ראשים מבר""ש",יחידה,1.00,יחידה,false,1,21.90,21.90,true,1,
7296073345459,false,קיסמים עם חוט בשקית50יח,,CN,קיסמים עם חוט,יחידה,1.00,יחידה,false,1,13.90,13.90,true,1,
7296073345466,false,32 קיסמי פלסטיק מברשת,,CN,קיסמי פלסטיק,יחידה,1.00,יחידה,false,1,13.90,13.90,true,1,
7296073345480,false,חוט דנטלי שעווה מנטה 50מ,,CN,חוט דנטלי מנטה,מטרים,50.00,מטר,false,1,10.90,0.22,true,1,
7296073346333,false,עוגות אישיות קרם חלב350ג,קסליני,IT,עוגות אישיות,גרמים,350.00,100 גרם,false,1,14.90,4.26,true,1,
7296073346340,false,עוגות אישיות קרם שוקו350,קסליני,IT,עוגות אישיות,גרמים,350.00,100 גרם,false,1,14.90,4.26,true,1,
7296073362821,false,סב.ידיים בצבעי פסטל500*3,טאהא קימיה,TR,סבון ידיים 3 יח,ליטרים,1.50,ליטר,false,1,14.90,9.93,true,1,
7296073363194,false,Be מסכה לשיער יבש500מל,א.משי תעשיות,IL,מסכה לשיער יבשBE,מיליליטרים,500.00,"100 מ""ל",false,1,34.90,6.98,true,1,
7296073363200,false,Be מסכה לשיער מוחלק 500מ,א.משי תעשיות,IL,מסכה לשיער יבשBE,מיליליטרים,500.00,"100 מ""ל",false,1,34.90,6.98,true,1,
7296073363217,false,Beשמפו לשיער מוחלק 500מל,,IL,שמפו לשיער יבשBE,מיליליטרים,500.00,"100 מ""ל",false,1,23.90,4.78,true,1,
7296073363224,false,שמפו לשיער יבש BE 500,א.משי תעשיות,IL,שמפו לשיער יבשBE,מיליליטרים,500.00,"100 מ""ל",false,1,23.90,4.78,true,1,
7296073363231,false,שמפו לשיער רגילBE 500,א.משי תעשיות,IL,שמפו לשיער רגיBE,מיליליטרים,500.00,"100 מ""ל",false,1,23.90,4.78,true,1,
7296073363262,false,"מרכך לשיער מוחלק 500 מ""ל",א.משי תעשיות,IL,מרכך לשיער יבש,מיליליטרים,500.00,"100 מ""ל",false,1,23.90,4.78,true,1,
7296073363316,false,פרל קרם לשיער מתולתל BE,א.משי תעשיות,IL,קרם לשיער מתולתל,מיליליטרים,400.00,"100 מ""ל",false,1,24.90,6.23,true,1,
7296073363323,false,"פרל פרו' מסיכה250 מ""ל BE",א.משי תעשיות,IL,פרל פרו' מסיכה,מיליליטרים,250.00,"100 מ""ל",false,1,29.90,11.96,true,1,
7296073363453,false,מברשת צלליות אלכסון יח',,CN,מברשת צלליות אלכ,יחידה,1.00,יחידה,false,1,17.90,17.90,true,1,
7296073363804,false,Be רצועות להסרת שיער50יח,BE NOW,IL,Be רצועות להסרת,יחידה,1.00,יחידה,false,1,16.90,16.90,true,1,
7296073363859,false,מגבונים להסרת איפור 25יח,טרופיקל דגיל,IL,מגבונים להסרת אי,יחידה,1.00,יחידה,false,1,8.90,8.90,true,1,
7296073363866,false,מגבונים להסרת איפור פחם,טרופיקל דגיל,IL,מגבונים להסרת אי,יחידה,1.00,יחידה,false,1,10.90,10.90,true,1,
7296073363934,false,צימרוני אוזניים עץ 200,BE NOW,IL,צימרוני אוזניים,יחידה,1.00,יחידה,false,1,4.90,4.90,true,1,
7296073363989,false,"סכיני גילוח חד""פ לאשה5יח",,US,"סכיני גילוח חד""פ",יחידה,1.00,יחידה,false,1,9.90,9.90,true,1,
7296073364719,false,משחת שיניים לילדים גיל 6,MENUFACLURER,BG,משחת שיניים לילד,מיליליטרים,50.00,"100 מ""ל",false,1,8.90,17.80,true,1,
7296073374640,false,Beשעווה למיקרוגל 500גר,ש.שוורץ,IL,שעווה למיקרוגל,גרמים,500.00,100 גרם,false,1,19.90,3.98,true,1,
7296073375722,false,זוג כפיות סיליקון 2 יח,LUV.N`CARE,CN,זוג כפית סיליקון,יחידה,1.00,יחידה,false,1,29.90,29.90,true,1,
7296073380344,false,גומיות מנומרות שחורות יח,BE NOW,CN,גומיות מנומרות,יחידה,1.00,יחידה,false,1,14.90,14.90,true,1,
7296073380825,false,Be ג'ל רחצה מקדמיה 700מ,קוסמטיקס,TR,Be ג'ל רחצה,מיליליטרים,700.00,"100 מ""ל",false,1,13.90,1.99,true,1,
7296073380832,false,Be ג'ל רחצה אורכידאה 700,קוסמטיקס,TR,Be ג'ל רחצה,מיליליטרים,700.00,"100 מ""ל",false,1,13.90,1.99,true,1,
7296073380870,false,דאו גברCookie Night 150,סאסא קוסמטיקס,IL,דאו לגבר,יחידה,1.00,יחידה,false,0,9.90,9.90,true,1,
7296073380894,false,דאו לגבר Vib Morning 150,סאסא קוסמטיקס,IL,דאו לגבר,יחידה,1.00,יחידה,false,0,9.90,9.90,true,1,
7296073380900,false,רצועות שעווה לע.עדין 16י,VIOCOX,ES,רצועות שעווה,יחידה,1.00,יחידה,false,1,17.90,17.90,true,1,
7296073380917,false,רצועות שעווה לפנים 12 יח,VIOCOX,ES,רצועות שעווה,יחידה,1.00,יחידה,false,1,17.90,17.90,true,1,
7296073381167,false,קליפסים חזקים במיוחד זוג,BE NOW,CN,קליפסים חזקים,יחידה,1.00,יחידה,false,1,13.90,13.90,true,1,
7296073381174,false,מברשת ספרים עם שיער .,BE NOW,CN,מברשת ספרים,יחידה,1.00,יחידה,false,1,34.90,34.90,true,1,
7296073381181,false,קליפסים גודל בינוני זוג,BE NOW,CN,קליפסים גודל בינ,יחידה,1.00,יחידה,false,1,12.90,12.90,true,1,
7296073381228,false,"תחליב רחצה Rose 700 מ""ל",שופרסל,TR,תחליב רחצה,מיליליטרים,700.00,"100 מ""ל",false,1,12.90,1.84,true,1,
7296073381235,false,תחליב רחצה Vanilla 700מ,שופרסל,TR,תחליב רחצה,מיליליטרים,700.00,"100 מ""ל",false,1,12.90,1.84,true,1,
7296073381396,false,פצצה גדולה ורודה 280 גרם,,IL,פצצה גדולה ורודה,גרמים,280.00,100 גרם,false,1,19.90,7.11,true,1,
7296073381426,false,פצצה בינונית 160 גרם,,IL,פצצה בינונית,גרמים,160.00,100 גרם,false,1,16.90,10.56,true,1,
7296073381440,false,פצצה בינונית 160 גרם,,IL,פצצה בינונית,גרמים,160.00,100 גרם,false,1,16.90,10.56,true,1,
7296073381457,false,פצצה קטנה 110 גרם,"מיידלע סבונים בע""מ",IL,פצצה קטנה,גרמים,110.00,100 גרם,false,1,12.90,11.73,true,1,
7296073381495,false,קליפסים גודל בינוני זוג,BE NOW,CN,זוג קליפסים,יחידה,1.00,יחידה,false,1,12.90,12.90,true,1,
7296073381501,false,קליפס בינוני חזק חום 3יח,BE NOW,CN,קליפס בינוני,יחידה,1.00,יחידה,false,1,14.90,14.90,true,1,
7296073386292,false,מספרים רב תכליתיים,,CN,מספרים רב תכליתי,יחידה,1.00,יחידה,false,1,17.90,17.90,true,1,
7296073386414,false,נוזל לניקוי חלונות 1ליטר,,IL,נוזל לחלונות,ליטרים,1.00,ליטר,false,1,8.90,8.90,true,1,
7296073392934,false,נייר טואלט גליל כפול24יח,,IL,נייר טואלט 24 גל,מטרים,860.00,100 מטר,false,1,39.90,4.64,true,1,
7296073408932,false,מגבונים לחיטוי+ניקוי20יח,,IL,מגבונים לחיטוי20,יחידה,1.00,יחידה,false,1,12.90,12.90,true,1,
7296073411239,false,מרכך כביסה מרוכז מאסק1ל,,IL,מרכך כביסה מרוכז,ליטרים,1.00,ליטר,false,1,14.90,14.90,true,1,
7296073411246,false,מרכך מרוכז יסמין/לילך1ל,,IL,מרכך כביסה מרוכז,ליטרים,1.00,ליטר,false,1,14.90,14.90,true,1,
7296073414094,false,אטבי כביסה מסיליקון 24יח,נינגבו ארט,CN,אטבי כביסה 24 יח,יחידה,1.00,יחידה,false,1,20.00,20.00,true,1,
7296073415114,false,מגני תחתון נורמל 60 יח,קוראטקס,DE,מגני תחתון B,יחידה,1.00,יחידה,false,1,10.90,10.90,true,1,
7296073415121,false,מגני תחתון לארג' 52 יחיד,קוראטקס,DE,מגני תחתון B,יחידה,1.00,יחידה,false,1,10.90,10.90,true,1,
7296073415138,false,44 מגני תחתון לונג,קוראטקס,DE,מגני תחתון B,יחידה,1.00,יחידה,false,1,10.90,10.90,true,1,
7296073415145,false,60מגני תחתון נערות נורמל,קוראטקס,DE,מגני תחתון B,יחידה,1.00,יחידה,false,1,10.90,10.90,true,1,
7296073415152,false,60מגני תחתון לנערות פלקס,קוראטקס,DE,מגני תחתון B,יחידה,1.00,יחידה,false,1,10.90,10.90,true,1,
7296073423645,false,פתי בר שופרסל 300 גרם,BV BISCUIT PALLY,NL,פתי בר,גרמים,300.00,100 גרם,false,1,4.90,1.63,true,1,
7296073426875,false,נוזל רצפות ספא ורוד 2 לי,זוהר דליה,IL,נוזל ניקוי רצפות,ליטרים,2.00,ליטר,false,1,16.90,8.45,true,1,
7296073441335,false,פריכיות אורז מלא 110 גרם,"פרח תעשיות מזון בע""\מ",IL,פריכיות אורז מלא,גרמים,110.00,100 גרם,false,1,6.90,6.27,true,1,
7296073441625,false,ג'ל רחצה לגבר 3 ב1- 700מ,טאהא קימיה,TR,ג'ל רחצה לגבר,יחידה,1.00,יחידה,false,0,10.90,10.90,true,1,
7296073444220,false,42 חיתולים שלב 4 שופרסל,די.פי.אל תעשיות מוצרים ח,IL,חיתולים שופרסל,יחידה,1.00,יחידה,false,1,29.90,29.90,true,1,
7296073444237,false,40חיתולים שלב 4+ שופרסל,די.פי.אל תעשיות מוצרים ח,IL,חיתולים שופרסל,יחידה,1.00,יחידה,false,1,29.90,29.90,true,1,
7296073444251,false,30 חיתולים שלב 6 שופרסל,די.פי.אל תעשיות מוצרים ח,IL,חיתולים שופרסל,יחידה,1.00,יחידה,false,1,29.90,29.90,true,1,
7296073445531,false,"מכשיר גילוח ר""פ גבר6+סכי",EDGEWELL,US,מכשיר גילוח6+סכ.,יחידה,1.00,יחידה,false,0,59.90,59.90,true,1,
7296073445548,false,"מכשיר גילוח ר""פ לנשים2+",EDGEWELL,US,מ.גילוח לנשים,יחידה,1.00,יחידה,false,1,36.90,36.90,true,1,
7296073445555,false,סכיני גילוח רב''פ לנשים,EDGEWELL,US,סכיני גילוח נשים,יחידה,1.00,יחידה,false,1,34.90,34.90,true,1,
7296073445692,false,"מחית תפו""ע בננה שופרסל90",DELAFRUIT,ES,"מחית תפו""ע ובננה",גרמים,90.00,100 גרם,false,1,4.90,5.44,true,1,
7296073445708,false,מחית תפוח אפרסק בננה 90ג,DELAFRUIT,ES,מחית מיקס פירות,גרמים,90.00,100 גרם,false,1,4.90,5.44,true,1,
7296073447917,false,מגבונים לחיטוי וניקוי400,סאסאטק,IL,מגבונים לחיטוי,יחידה,1.00,יחידה,false,1,31.90,31.90,true,1,
7296073448129,false,חטיף ש.שועל+מייפל42*5ג,"אפקטבעי בע""\מ",IL,חטיף שבולת שועל,גרמים,210.00,100 גרם,false,1,13.90,6.62,true,1,
7296073449508,false,מגבוני ניו בורן 64*4,דינמיק,IL,מגבוני ניו בורן,יחידה,1.00,יחידה,false,1,22.90,22.90,true,1,
7296073449881,false,מגבות נייר גליל כפול 6יח,שניב תעשיות נייר,IL,מ.נייר גליל כפול,מטרים,130.00,מטר,false,1,19.90,0.15,true,1,
7296073451181,false,מגבת רחצה עם כובע,SUN,CN,מגבת עם כובע,יחידה,1.00,יחידה,false,1,49.90,49.90,true,1,
7296073451266,false,דאו.ספריי פרש פאוו150מל,סאסא קוסמטיקס,IL,דאו.ספריי אישה,מיליליטרים,150.00,"100 מ""ל",false,1,11.90,7.93,true,1,
7296073451280,false,דאו.ספרייאנטי פרספפו150מ,סאסא קוסמטיקס,IL,דאו.ספרייאנטי,מיליליטרים,150.00,"100 מ""ל",false,1,11.90,7.93,true,1,
7296073451310,false,"fresh pure דאו.רול 50מ""ל",,IL,דאו.רול און אישה,מיליליטרים,50.00,"100 מ""ל",false,1,11.90,23.80,true,1,
7296073452577,false,מרשמלו ורוד לבן 180 גרם,"כרמית מזון בע""\מ",IL,מרשמלו ורוד לבן,גרמים,180.00,100 גרם,false,1,6.90,3.83,true,1,
7296073456285,false,מחית תפוח מנגו 90 גרם,DELAFRUIT,ES,מחית תפוח וצ'יה,גרמים,90.00,100 גרם,false,1,4.90,5.44,true,1,
7296073459262,false,"אל סבון לתינוק 750מ""ל",BFF,TR,אל סבון לתינוק,מיליליטרים,750.00,"100 מ""ל",false,1,17.90,2.39,true,1,
7296073460404,false,מראת חיילים  מלבנית יח',,CN,מראת חיילים  מלב,יחידה,1.00,יחידה,false,1,14.90,14.90,true,1,
7296073484240,false,שקיות אוכל 150*2 יחידות,אשפלסט,IL,שקיות אוכל זוג,יחידה,1.00,יחידה,false,1,10.90,10.90,true,1,
7296073495925,false,קרם גוף מבשם passio Deep,א.משי תעשיות,IL,קרם גוף מבשם Dee,מיליליטרים,300.00,"100 מ""ל",false,1,49.90,16.63,true,1,
7296073495949,false,קרם גוף מבשם passio Real,א.משי תעשיות,IL,קרם גוף מבשם Rea,מיליליטרים,300.00,"100 מ""ל",false,1,49.90,16.63,true,1,
7296073496533,false,קרם ידיים passion Deep 1,א.משי תעשיות,IL,קרם ידיים p Deep,מיליליטרים,100.00,"100 מ""ל",false,1,19.90,19.90,true,1,
7296073496540,false,קרם ידיים passion Real 1,א.משי תעשיות,IL,קרם ידיים p Real,מיליליטרים,100.00,"100 מ""ל",false,1,19.90,19.90,true,1,
7296073496557,false,קרם ידיים passion Pure,א.משי תעשיות,IL,קרם ידיים Pure,מיליליטרים,100.00,"100 מ""ל",false,1,19.90,19.90,true,1,
7296073514930,false,אגוז מלך טבעי בצנצנת140ג,דין שיווק,US,אגוז מלך טבעי,גרמים,140.00,100 גרם,false,1,14.90,10.64,true,1,
7296073514961,false,פקאן טבעי בצנצנת 200גרם,דין שיווק,US,פקאן טבעי 200גרם,גרמים,200.00,100 גרם,false,1,26.90,13.45,true,1,
7296073515043,false,משחת שיניים פחם ומאצ'ה75,MENUFACLURER,BG,משחת שיניים,מיליליטרים,75.00,"100 מ""ל",false,1,19.90,26.53,true,1,
7296073515050,false,"משחת שיניים קוקוס 75 מ""ל",MENUFACLURER,BG,משחת שיניים,מיליליטרים,75.00,"100 מ""ל",false,1,19.90,26.53,true,1,
7296073516286,false,מגבונים לחים לילדים 72*4,"DPL בע""מ",IL,מגבונים לחים,יחידה,1.00,יחידה,false,1,14.90,14.90,true,1,
7296073526919,false,פרל שמפו לשיער מוחלק500מ,א.משי תעשיות,IL,שמפו פרל לשיער,מיליליטרים,500.00,"100 מ""ל",false,1,23.90,4.78,true,1,
7296073526926,false,פרל שמפו לשיער צבוע500מל,א.משי תעשיות,IL,שמפו פרל לשיער,מיליליטרים,500.00,"100 מ""ל",false,1,23.90,4.78,true,1,
7296073528531,false,פרל מסכות לשיער צבוע 500,א.משי תעשיות,IL,פרל מסכות לשיער,מיליליטרים,500.00,"100 מ""ל",false,1,34.90,6.98,true,1,
7296073528777,false,קיסמי אוזניים עץ שק300יח,אל ואי טי,CN,קיסמי אוזניים,יחידה,1.00,יחידה,false,1,6.90,6.90,true,1,
7296073530145,false,ערכת לידה,,IL,ערכת לידה,יחידה,1.00,יחידה,false,1,100.00,100.00,true,1,
7296073531289,false,פדים להסרת איפור אובלי40,LTD CO S.T.O,TR,פדים להסרת איפור,יחידה,1.00,יחידה,false,1,7.90,7.90,true,1,
7296073564683,false,BE אל סבון מאסק 1ליטר,טאהא קימיה,TR,BE אל סבון,ליטרים,1.00,ליטר,false,1,10.00,10.00,true,1,
7296073565161,false,קוצץ ציפורניים גדול מקצו,BE NOW,CN,קוצץ ציפורניים ג,יחידה,1.00,יחידה,false,1,19.90,19.90,true,1,
7296073596608,false,פצצת אמבטיה בצלופן שלישי,,IL,פצצת אמבטיה3*,יחידה,1.00,יחידה,false,1,29.90,29.90,true,1,
7296089001691,false,בדיקת טיל Covid19 home test מארז בודד,פארמה דיל,CN,בדיקה קורונה טיל,יחידה,1.00,יחידה,false,1,10.00,10.00,true,1,
7296168070518,false,קיסם מברשת לשיניים 100יח,איתן כללי,IL,קיסם מברשת לשיני,יחידה,1.00,יחידה,false,0,12.90,12.90,true,1,
7296168120558,false,רצועת מסאג' איכותית,איתן כללי,JP,רצועת מסאג' איכו,יחידה,1.00,יחידה,false,0,32.90,32.90,true,1,
7296168705113,false,וולטרס קיסמי שיניים דנטליים,ארוינג טישו,CN,קיסמי שיניים,יחידה,1.00,יחידה,false,0,24.90,24.90,true,1,
7296179006292,false,שיק לק עמיד 282 יח,שיק לקים,IL,שיק לק עמיד,יחידה,1.00,יחידה,false,0,13.90,13.90,true,1,
7296179006315,false,שיק לק עמיד 469 יח,שיק לקים,IL,שיק לק עמיד,יחידה,1.00,יחידה,false,0,13.90,13.90,true,1,
7296179007411,false,שיק.מסיר לק לא אצטון250מ,שיק לקים,IL,שיק.מסיר לק ללא,מיליליטרים,250.00,"100 מ""ל",false,0,16.90,6.76,true,1,
7296179008005,false,שיק לק עמיד 505,שיק לקים,IL,שיק לק עמיד,יחידה,1.00,יחידה,false,0,13.90,13.90,true,1,
7296179008036,false,שיק לק עמיד 456,שיק לקים,IL,שיק לק עמיד,יחידה,1.00,יחידה,false,0,13.90,13.90,true,1,
7296179008241,false,לכה טופ למראה ג'ל,שיק לקים,IL,לכה טופ למראה גל,יחידה,1.00,יחידה,false,0,32.90,32.90,true,1,
7296179010046,false,שיק לק עמיד 005,שיק לקים,IL,שיק לק עמיד,יחידה,1.00,יחידה,false,0,13.90,13.90,true,1,
7296179010077,false,שיק לק עמיד 008,שיק לקים,IL,שיק לק עמיד,יחידה,1.00,יחידה,false,0,13.90,13.90,true,1,
7296179010213,false,שיק לק עמיד 022,שיק לקים,IL,שיק לק עמיד,יחידה,1.00,יחידה,false,0,13.90,13.90,true,1,
7296179010282,false,שיק לק עמיד 29,שיק לקים,IL,שיק לק עמיד,יחידה,1.00,יחידה,false,0,13.90,13.90,true,1,
7296179010312,false,שיק לק עמיד 032,שיק לקים,IL,שיק לק עמיד,יחידה,1.00,יחידה,false,0,13.90,13.90,true,1,
7296179010398,false,שיק לק עמיד 040,שיק לקים,IL,שיק לק עמיד,יחידה,1.00,יחידה,false,0,13.90,13.90,true,1,
7296179010596,false,שיק לק עמיד 060,שיק לקים,IL,שיק לק עמיד,יחידה,1.00,יחידה,false,0,13.90,13.90,true,1,
7296179010701,false,שיק לק עמיד 071,שיק לקים,IL,שיק לק עמיד,יחידה,1.00,יחידה,false,0,13.90,13.90,true,1,
7296179011029,false,שיק לק עמיד 314,שיק לקים,IL,שיק לק עמיד,יחידה,1.00,יחידה,false,0,13.90,13.90,true,1,
7296179011258,false,שיק לק עמיד 286,שיק לקים,IL,שיק לק עמיד,יחידה,1.00,יחידה,false,0,13.90,13.90,true,1,
7296179011517,false,שיק לק עמיד 120,שיק לקים,IL,שיק לק עמיד,יחידה,1.00,יחידה,false,0,13.90,13.90,true,1,
7296179011524,false,שיק לק עמיד 201,שיק לקים,IL,שיק לק עמיד,יחידה,1.00,יחידה,false,0,13.90,13.90,true,1,
7296179011579,false,שיק לק עמיד 226,שיק לקים,IL,שיק לק עמיד,יחידה,1.00,יחידה,false,0,13.90,13.90,true,1,
7296179011746,false,שיק לק עמיד 227,שיק לקים,IL,שיק לק עמיד,יחידה,1.00,יחידה,false,0,13.90,13.90,true,1,
7296179011777,false,שיק לק עמיד 268,שיק לקים,IL,שיק לק עמיד,יחידה,1.00,יחידה,false,0,13.90,13.90,true,1,
7296179011784,false,לכה טופ מאט,שיק לקים,IL,לכה טופ מאט,יחידה,1.00,יחידה,false,0,21.90,21.90,true,1,
7296179011999,false,מחזק ציפורניים אורנג 17,,IL,מחזק ציפורניים א,מיליליטרים,17.00,"100 מ""ל",false,1,32.90,193.53,true,1,
7296179012002,false,שיק לק עמיד 309,שיק לקים,IL,שיק לק עמיד,יחידה,1.00,יחידה,false,0,13.90,13.90,true,1,
7296179012064,false,שיק לק עמיד 251,שיק לקים,IL,שיק לק עמיד,יחידה,1.00,יחידה,false,0,13.90,13.90,true,1,
7296179012101,false,שיק לק עמיד 276,שיק לקים,IL,שיק לק עמיד,יחידה,1.00,יחידה,false,0,13.90,13.90,true,1,
7296179012187,false,שיק לק עמיד 048,שיק לקים,IL,שיק לק עמיד,יחידה,1.00,יחידה,false,0,13.90,13.90,true,1,
7296179012248,false,שיק לק עמיד 435,שיק לקים,IL,שיק לק עמיד,יחידה,1.00,יחידה,false,0,13.90,13.90,true,1,
7296179012606,false,"מייבש לק וטופ קוט 17 מ""ל",,IL,מייבש לק וטופ קו,מיליליטרים,17.00,"100 מ""ל",false,1,32.90,193.53,true,1,
7296179012699,false,שיק לק עמיד 420,שיק לקים,IL,שיק לק עמיד,יחידה,1.00,יחידה,false,0,13.90,13.90,true,1,
7296179012705,false,שיק לק עמיד 488,שיק לקים,IL,שיק לק עמיד,יחידה,1.00,יחידה,false,0,13.90,13.90,true,1,
7296179014181,false,לק עמיד 250,שיק לקים,IL,לק 250,יחידה,1.00,יחידה,false,0,13.90,13.90,true,1,
7296179014495,false,"מסיר לק עם ספוג ורוד ללא אצטון 70 מ""ל",,IL,מסיר לק עם ספוג,מיליליטרים,70.00,"100 מ""ל",false,1,11.90,17.00,true,1,
7296179014952,false,לק עמיד 410,שיק לקים,IL,שיק.לק 410,יחידה,1.00,יחידה,false,0,13.90,13.90,true,1,
7296179021004,false,לק עמיד שיק 413,שיק לקים,IL,לק 413,יחידה,1.00,יחידה,false,0,13.90,13.90,true,1,
7296179021035,false,לק עמיד 449,שיק לקים,IL,לק 449,יחידה,1.00,יחידה,false,0,13.90,13.90,true,1,
7296179021240,false,לק 800,שיק לקים,IL,לק 800,יחידה,1.00,יחידה,false,0,13.90,13.90,true,1,
7296179021714,false,מידנייט סט בראשית נייט N.M,חלאבין,IL,סט בראשית,יחידה,1.00,יחידה,false,1,69.90,69.90,true,1,
7296179021776,false,לאב לין וויט סט בראשית W.L.L,חלאבין,IL,סט בראשית,יחידה,1.00,יחידה,false,1,69.90,69.90,true,1,
7296179024562,false,מסיר לק בניחוח תות100 מל,,IL,מסיר לק בניחוח,מיליליטרים,100.00,"100 מ""ל",false,1,7.90,7.90,true,1,
7296179024579,false,"מסיר לק לימון 100 מ""ל",,IL,מסיר לק לימון,מיליליטרים,100.00,"100 מ""ל",false,1,7.90,7.90,true,1,
7296179024586,false,"מסיר לק לילך י100 מ""ל",,IL,מסיר לק לילך,מיליליטרים,100.00,"100 מ""ל",false,1,7.90,7.90,true,1,
7296179028614,false,סבון נשית חמוציות 250מל,חלאבין,IL,סבון נשית חמוציו,מיליליטרים,250.00,"100 מ""ל",false,1,27.90,11.16,true,1,
7296179029567,false,M.N WILD סט בראשית MN WILD מנומר,תעשיות שיק,IL,סט בראשית WIL MN,יחידה,1.00,יחידה,false,1,79.90,79.90,true,1,
7296179029642,false,מידנייט WILD דאודורנט רול און 80 מל,חלאבין,IL,רול און 80 מ'ל,מיליליטרים,80.00,"100 מ""ל",false,1,22.90,28.63,true,1,
7296179029659,false,מידנייט WILD קרם גוף 275 מל,חלאבין,IL,"קרם גוף 275 מ""ל",מיליליטרים,275.00,"100 מ""ל",false,1,36.90,13.42,true,1,
7296179029666,false,מידנייט WILD קרם ידיים 100 מל,חלאבין,IL,קרם ידיים M.N.WI,מיליליטרים,100.00,"100 מ""ל",false,0,12.90,12.90,true,1,
7296179029673,false,מידנייט WILD דאודורנט ספריי 187 מל,חלאבין,IL,דאו ספריי 187 מל,מיליליטרים,187.00,"100 מ""ל",false,1,22.90,12.25,true,1,
7298074501018,false,בליסטקס קלאסיק שפתון לשפתיים יבשות וסדוק,מדיליין פריגו,US,בליסטקס קלאסיק,יחידה,1.00,יחידה,false,1,15.90,15.90,true,1,
7298074501933,false,בליסטקס משחה טיפולית לשפתיים בטעם דובדבן,מדיליין פריגו,US,משחה לשפתיים דוב,יחידה,1.00,יחידה,false,1,29.90,29.90,true,1,
7298074501995,false,בליסטקס סטיק אולטרא SPF50,מדיליין פריגו,US,בליסטקס אולטרא S,יחידה,1.00,יחידה,false,1,15.90,15.90,true,1,
7298074502015,false,בליסטקס ליפ סרום - בליסטר,מדיליין פריגו,US,בליסטקס ליפ סרום,יחידה,1.00,יחידה,false,1,29.90,29.90,true,1,
7298074502220,false,בליסטקס ליפ אינפיוזן סגול NOURISH,מדיליין פריגו,US,בליסטקס אינפיוזן,יחידה,1.00,יחידה,false,1,19.90,19.90,true,1,
7298074502268,false,בליסטקס ליפ אינפיוזן כחול HYDRATION,מדיליין פריגו,US,בליסטקס אינפיוזן,יחידה,1.00,יחידה,false,1,19.90,19.90,true,1,
7298074502374,false,בליסטקס ליפ אינפיוזן כתום,מדיליין פריגו,US,בליסטקס אינפיוזן,יחידה,1.00,יחידה,false,1,19.90,19.90,true,1,
7298074502381,false,בליסטקס ליפ אינפיוזן ירוק,מדיליין פריגו,US,בליסטקס אינפיוזן,יחידה,1.00,יחידה,false,1,19.90,19.90,true,1,
7501013101355,false,"נקטר בטעם אפרסק 500 מ""ל JUMEX",חומקס קומר קומרסאליזדורה,MX,משקה גומקס אפרסק,מיליליטרים,473.00,"100 מ""ל",false,1,8.90,1.88,true,1,
7501013101362,false,"נקטר בטעם קוקוס ואננס 500 מ""ל JUMEX",חומקס קומר קומרסאליזדורה,MX,משקה קוקוס אננס,מיליליטרים,473.00,"100 מ""ל",false,1,8.90,1.88,true,1,
7509546057545,false,ליידי ספיד סטיק פרו 5 סטיק 45 גרם,קולגייט פלמוליב,US,ליידי ספיד סטיק,גרמים,45.00,100 גרם,false,1,17.90,39.78,true,1,
7509546061160,false,קולגייט משחת שיניים לילדים מיניונים 75 מל,קולגייט פלמוליב,PL,קולגייט מינייוני,מיליליטרים,75.00,"100 מ""ל",false,1,16.90,22.53,true,1,
7509546061672,false,דאודורנט סטיק אקסטרים אינטנס,קולגייט פלמוליב,US,דאו.ספיד סטיק,גרמים,50.00,100 גרם,false,1,17.90,35.80,true,1,
7509546063515,false,ליידי ספיד סטיק -סטיק פרו 5 ספריי 150 מל,קולגייט פלמוליב,MX,דאו.ליידי ס.סטיק,מיליליטרים,150.00,"100 מ""ל",false,1,14.90,9.93,true,1,
7509546678702,false,קולגייט משחת שיניים טוטל אנטי טרטר 100 מ,קולגייט-פלמוליב,PL,משחת קולגייט,מיליליטרים,100.00,"100 מ""ל",false,1,15.90,15.90,true,1,
7613036286008,false,"פרייה אנד גוס אננס מנגו 250 מ""ל פחיות",נסטלה ווטרס ספלאי,FR,משקה אננס מנגו מ,מיליליטרים,250.00,"100 מ""ל",false,1,5.90,2.36,true,1,
7613036880534,false,גרבר מחית ירקות מעורבים מטרנה 190 גר',נסטלה פולסקה אס.איי,PL,מחית מרק ירקות,גרמים,190.00,100 גרם,false,1,6.90,3.63,true,1,
7613037012200,false,גרבר מחית תפוח גזר ומנגו 90 גרם פאוץ,"מפעל סברס, נסטלה ספרד ס.",PL,גרבר תפוח פאוץ',גרמים,90.00,100 גרם,false,1,5.90,6.56,true,1,
7613039547632,false,גרבר מחית תפוח בננה ותות 90 גרם פאוץ,שוורצקוף& הנקל דיסלד,ES,פאוץ גרבר תפוח,גרמים,90.00,100 גרם,false,1,5.90,6.56,true,1,
7613039547731,false,גרבר מחית תפוח עץ ומשמש 90 גרם פאוץ,"מפעל סברס, נסטלה ספרד ס.",ES,פאוץ גרבר תפוח מ,גרמים,90.00,100 גרם,false,1,5.90,6.56,true,1,
7613039547922,false,גרבר מחית אגס תפוח ובננה 90 גרם פאוץ,נסטלה ספרד,ES,פאוץ גרבר אגס,גרמים,90.00,100 גרם,false,1,5.90,6.56,true,1,
7613039879382,false,גרבר - מחית תפוחי עץ 190 גרם,נסטלה פולסקה אס.איי,PL,גרבר מחי תפוח עץ,גרמים,190.00,100 גרם,false,1,6.90,3.63,false,1,
7613039881965,false,גרבר מחית גזר תפוח ומנגו 190 גרם,נסטלה פולסקה אס.איי,PL,גרבר גזר תפוח,גרמים,190.00,100 גרם,false,1,6.90,3.63,false,1,
7613287155832,false,גרבר מחית תפוחי עץ 90 גרם פאוץ,"מפעל סברס, נסטלה ספרד ס.",ES,גרבר תפוח,גרמים,90.00,100 גרם,false,1,5.90,6.56,true,1,
7614500035788,false,טובלרון שוקולד חלב 200 גרם,מונדלייז,CH,טובלרון חלב,גרמים,200.00,100 גרם,false,0,19.90,9.95,true,1,
7622201801809,false,מילקה שוקולד חלב עם אגוזים 100 גרם חדש,מנדלז דויצ'\לנד סנקס פרו,DE,שוקולד מילקה,גרמים,100.00,100 גרם,false,1,9.90,9.90,true,1,
7622201802394,false,שוקולד מילקה חלב מסרונים 100 גרם,מנדלז דויצ'\לנד סנקס פרו,DE,שוקולד חלב מילקה,גרמים,100.00,100 גרם,false,1,9.90,9.90,true,1,
7622201808631,false,אוראו מיני עוגיות ממולאות קרם וניל 67גרם,פי.טי. מונדלז אינדונ,ID,עוגיות אוראו מינ,גרמים,67.00,100 גרם,false,1,8.90,13.28,true,1,
7622201813390,false,עוגיות מילקה וואפל במילוי קרם קקאו 150 ג,מונדליז סי.אר. ביסקוויט,CZ,וופל ממולא מילקה,גרמים,150.00,100 גרם,false,1,14.90,9.93,true,1,
7622210392589,false,טובלרון טייני שוקולד חלב 200 גרם,מונדלז סוויצרלנד פרודקשן,CH,טובלרון חלב,גרמים,200.00,100 גרם,false,1,23.90,11.95,true,1,
7622210690883,false,מילקה שוקולד חלב-מהדורת מונדיאל 270 גרם,מונדלייז,AT,שוקולד מונדיאל,גרמים,270.00,100 גרם,false,1,15.90,5.89,true,1,
7622300200237,false,שוקולד מילקה שוקולד חלב 250 גרם,מונדליז אוסטרייך פרו,AT,שוקולד חלב מילקה,גרמים,250.00,100 גרם,false,0,16.90,6.76,true,1,
7622300503079,false,עוגיות ביסקוויט מצופה שוקולד חלב מילקה 200 גרם,מונדלז פולסקה פרודקש,PL,ביסקוויט מצופה,גרמים,200.00,100 גרם,false,0,14.90,7.45,true,1,
7622300617820,false,מילקה שוקולד חלב במילוי קרם חלב ווניל ושבבי עוגיות אוראו 100 גרם,מנדלז דויצ'\לנד סנקס פרו,DE,שוקולד מילקה,גרמים,100.00,100 גרם,false,0,9.90,9.90,true,1,
7630477891592,false,סטארבקס קפסולות קפה האוס בלנד 10 יחידות,נסטלה שוויץ - קפה,CH,קפסולות Starbuck,גרמים,57.00,100 גרם,false,1,22.90,40.18,true,1,
7630477891691,false,סטארבקס קפסולות קפה קולמביה 10 יחידות,נסטלה שוויץ - קפה,CH,קפסולות Starbuck,גרמים,57.00,100 גרם,false,1,22.90,40.18,true,1,
7640111494027,false,Cabotine א.ד.ט לאשה,לילית בישום,,Cabotine א.ד.ט,מיליליטרים,100.00,"100 מ""ל",false,0,79.00,79.00,true,1,
7702018069347,false,סכין גילוח לנשים גילט ונוס,פרוקטר אנד גמבל,PL,סכיני גילח לנשים,יחידה,1.00,יחידה,false,0,32.90,32.90,true,1,
7702018271788,false,"דאודורנט קליר ג'ילט בניחוח ספורט 70 מ""ל",פרוקטר אנד גמבל,PL,דאודורנט קליר,מיליליטרים,70.00,"100 מ""ל",false,0,22.90,32.71,true,1,
7702018321520,false,דאודורנט סטיק לגבר Pro G Arctic ice,תות ממתקי איכות,US,דאודורנט סטיק,מיליליטרים,45.00,"100 מ""ל",false,0,23.90,53.11,true,1,
7702018321582,false,דאודורנט סטיק לגבר Pro G Cool Wave,פרוקטר אנד גמבל,US,דאודורנט סטיק,מיליליטרים,45.00,"100 מ""ל",false,0,23.90,53.11,true,1,
7702018323531,false,ג'ילט - ונוס סמווט' ידית ו2 סכינים,פרוקטר & גמבל,IL,ונוס +SMOOTHסכינ,יחידה,1.00,יחידה,false,1,44.90,44.90,true,1,
7702018347629,false,ונוס אקסטרה סמוט סכיני גילוח רביעייה,ג'ילט ונוס Gillette Venus,PL,גילט רביעית,יחידה,1.00,יחידה,false,1,62.90,62.90,true,1,
7702018441075,false,גילט מארז סכינים פיוזן ידני 12 יחידות,דיפלומט,PL,סכיני גילוח,יחידה,1.00,יחידה,false,1,178.90,178.90,true,1,
7702018459445,false,גילט פיוזן פאואר סכיני גילוח 12 יחידות,פרוקטר & גמבל,DE,סכיני גילוח פיוז,יחידה,1.00,יחידה,false,1,199.00,199.00,true,1,
7702018466917,false,ג'ילט סכין בלו 2 פלוס 10,ג'\ילט,US,ג'ילט סכין בלו 2,יחידה,1.00,יחידה,false,1,29.90,29.90,true,1,
7702018469802,false,ג'ילט - ונוס סווירל ידית ו3 סכינים 5 להבים,פרוקטר אנד גמבל,PL,ונוס סווירל3+ סכ,יחידה,1.00,יחידה,false,1,53.90,53.90,true,1,
7702018469826,false,מכונת גילית פינוס נשים + 3 להבים כחול,ג'\ילט פרוקטר אנד גמבל,DE,ג'ילט מכשיר 3* ס,יחידה,1.00,יחידה,false,1,49.90,49.90,true,1,
7702018470884,false,גילט מארז פיוזן 16 סכיני גילוח,"פרוקטר אנד גמבל, גרמניה",PL,סכיני גילוח,יחידה,1.00,יחידה,false,1,179.00,179.00,true,1,
7702018482740,false,סכיני גילוח ג'ילט ונוס סימפלי 5 יחידות,ג'\ילט,US,ג'ילט ונוס סימפל,יחידה,1.00,יחידה,false,1,11.90,11.90,true,1,
7702018489664,false,סכיני גילוח ג'ילט בלו 3,,DE,סכיני גילוח גילט,יחידה,1.00,יחידה,false,1,19.90,19.90,true,1,
7702018544738,false,קינג סי מכונה לעיצוב הזקן גילט,דיפלומט,CA,מכונה לעיצוב זקן,יחידה,1.00,יחידה,false,1,159.00,159.00,true,1,
7702018581467,false,ונוס סווירל מארז ידית מכשיר+8 סכינים,דיפלומט,US,סווירל מארז,יחידה,1.00,יחידה,false,1,129.00,129.00,true,1,
7702018866946,false,מכשיר גילוח פיוז'ן ידני,פרוקטר & גמבל,PL,מכשיר גילוח,יחידה,1.00,יחידה,false,1,48.90,48.90,true,1,
7702018911981,false,דאודורנט גל פאוור בי,ג'\ילט פרוקטר אנד גמבל,DE,דאו.קליר ג'ל,מיליליטרים,75.00,"100 מ""ל",false,0,32.90,43.87,true,1,
7702018978106,false,"ג'ילט - דאודורנט ג'ל לגבר ארטיק אייס 70 מ""ל",פרוקטר אנד גמבל,PL,דאו.קליר ג'ל,מיליליטרים,70.00,"100 מ""ל",false,0,22.90,32.71,true,1,
7702018978120,false,"ג'ילט - דאודורנט ג'ל לגבר קול וייב 70 מ""ל",פרוקטר אנד גמבל,PL,דאו.קליר ג'ל,מיליליטרים,70.00,"100 מ""ל",false,0,22.90,32.71,true,1,
7702024074625,false,פיטנס - חטיפי קרקר חיטה מלאה 234 גרם,קומסטיבלס לה רוזה אס.איי,CO,חטיפי קרקר פיטנס,גרמים,234.00,100 גרם,false,1,14.90,6.37,true,1,
7792860006218,false,סוכריות לקקנים בייבי דול Baby Doll לריטר,גוד פוד פרודקטס S.p,AR,בייבי דול לקקן,גרמים,24.00,100 גרם,false,0,2.20,9.17,true,1,
7891024124826,false,קולגייט משחת אופטיק ספרקלינג וייט 75מל,הנסיך- מפעל לייצור ט,BR,משחת קולגייט,מיליליטרים,75.00,"100 מ""ל",false,0,18.90,25.20,true,1,
7891024179482,false,"שטיפת פה קולגייט אופטיק וייט 500מ""ל",יבואן ומשווק: ש. שסט,PL,מי פה קולגייט,מיליליטרים,500.00,"100 מ""ל",false,0,33.90,6.78,true,1,
8000380003723,false,וופל אגוזים בציפוי שוקולד לואקר 100 גרם,קריניציה ויטמינה אס,IT,גראנד פטיסרי,גרמים,100.00,100 גרם,false,0,14.20,14.20,true,1,
8000380004676,false,קוביות וופל סנדוויץ Sandwich עם וניל וחלב,"א. לואקר, קונפקט ג'י",AT,ופלים לואקר,גרמים,200.00,100 גרם,false,0,11.90,5.95,true,1,
8000380004911,false,קוביות וופל קואדרטיני Quadratini קרם אגוזים,קריניציה ויטמינה אס,AT,ופל קואדרטיני,גרמים,250.00,100 גרם,false,0,16.90,6.76,true,1,
8000380004966,false,וופל קוארדטיני לואקר קוביות שוקולד 250ג',קריניציה ויטמינה אס,AT,ופל קואדרטיני,גרמים,250.00,100 גרם,false,0,16.90,6.76,true,1,
8000380007219,false,וופלים בטעם אגוזים לואקר 175 גרם,ליימן מותגים,AT,ופלים לואקר,גרמים,175.00,100 גרם,false,0,10.00,5.72,true,1,
8000380106028,false,טורטינה לואקר וופל שוקולד ואגוזים שישיה 125ג',קריניציה ויטמינה אס,IT,וופל טורטינה,גרמים,125.00,100 גרם,false,0,17.30,13.84,true,1,
8000380153442,false,וופל קלאסיק בטעם אגוזים לואקר 90 גרם,ליימן שליסל,IT,לואקר קלאסי,גרמים,90.00,100 גרם,false,0,8.90,9.89,true,1,
8000500037874,false,בונבונרייה פררו רושר 200 גרם,פררו - אלבה,IT,בונבוניירה רושה,גרמים,200.00,100 גרם,false,0,27.90,13.95,true,1,
8000500267103,false,קינדר דליס עוגת ספוג קקאו במילוי חלבי*10,קינדר Kinder,IT,עוגות קינדר דליס,גרמים,390.00,100 גרם,false,1,20.90,5.36,true,1,
8000500269169,false,קינדר קארדס Kinder Cards - חמישייה,קריות זול,IT,קינדר קארדס,גרמים,128.00,100 גרם,false,1,13.90,10.86,true,1,
8000500294345,false,רושר איש שלג שוקולד חלב ואגוזי לוז 90 גר,פררו,PL,רושה סנו-מן,גרמים,90.00,100 גרם,false,1,16.90,18.78,true,1,
8000500310397,false,נוטלה עוגיות נוטלה בגליל 12יח' - NUTELLA BISCUITTS,נוטלה Nutella,IT,ביסקוויט נוטלה,גרמים,166.00,100 גרם,false,1,15.90,9.58,true,1,
8000500366073,false,נוטלה עוגיות נוטלה בשקית 20 יח'- NUTELLA BISCUITTS,נוטלה Nutella,IT,ביסקוויט נוטלה,גרמים,276.00,100 גרם,false,1,23.90,8.66,true,1,
8000700000050,false,דאב סבון מוצק אורגינל רביעייה,יוניליוור גרמניה (מנ,DE,סבון דאב רביעייה,גרמים,400.00,100 גרם,false,0,18.90,4.73,true,1,
8001090015969,false,פיירי טבליות למדיח פלטינום 63 יחידות,פרוקטר אנד גמבל,BE,פיירי טבליות,יחידה,1.00,יחידה,false,1,68.90,68.90,true,1,
8001090222428,false,"הרבל אסנסס - שמפו חלב קוקוס 400 מ""ל",הרבל אסנס Herbal Essences,FR,שמפו הרבל אסנס,מיליליטרים,400.00,"100 מ""ל",false,1,25.90,6.48,true,1,
8001090222541,false,הרבל אסנסס שמפו תות שדה ומנטה 400 גרם,הרבל אסנס Herbal Essences,FR,שמפו הרבל אסנס,מיליליטרים,400.00,"100 מ""ל",false,1,25.90,6.48,true,1,
8001090222725,false,"הרבל אסנסס - שמפו שמן מורינגה 400 מ""ל",הרבל אסנס Herbal Essences,FR,שמפו הרבל אסנס,מיליליטרים,400.00,"100 מ""ל",false,1,25.90,6.48,true,1,
8001090222756,false,"הרבל אסנסס - מרכך שמן מורינגה 400 מ""ל",הרבל אסנס Herbal Essences,FR,מרכך הרבל אסנסס,מיליליטרים,400.00,"100 מ""ל",false,1,25.90,6.48,true,1,
8001090222879,false,"הרבל אסנסס - מרכך שיקום שמן ארגן 400 מ""ל",הרבל אסנס Herbal Essences,FR,מרכך הרבל אסנס,מיליליטרים,400.00,"100 מ""ל",false,1,25.90,6.48,true,1,
8001090290830,false,"אוראל בי משחת שיניים- להלבנה פנינה בוהקת 75 מ""ל",פרוקטר אנד גמבל,DE,משחת אורל בי,מיליליטרים,75.00,"100 מ""ל",false,1,21.90,29.20,true,1,
8001090290939,false,"אוראל בי משחת שיניים- להלבנה לובן בוהק 75 מ""ל",פרוקטר אנד גמבל,DE,משחת אורל בי,מיליליטרים,75.00,"100 מ""ל",false,1,21.90,29.20,true,1,
8001090336446,false,פמפרס בייבי דריי חיתולים מידה 4 34 יח,פרוקטר אנד גמבל,DE,פמפרס בייבי,יחידה,1.00,יחידה,false,1,36.90,36.90,true,1,
8001090336521,false,פמפרס בייבי דריי חיתולים מידה 5 30 יח,פרוקטר אנד גמבל,DE,פמפרס בייבי,יחידה,1.00,יחידה,false,1,36.90,36.90,true,1,
8001090336606,false,פמפרס בייבי דריי חיתולים מידה 6 26 יח,פרוקטר אנד גמבל,DE,פמפרס בייבי,יחידה,1.00,יחידה,false,1,36.90,36.90,true,1,
8001090364159,false,"משחת שיניים אורל בי G&E רעננות מוגברת 75 מ""ל",פרוקטר אנד גמבל,DE,משחת אורל בי,מיליליטרים,75.00,"100 מ""ל",false,1,19.90,26.53,true,1,
8001090364203,false,"משחת שיניים אורל בי G&E להלבנה עדינה 75 מ""ל",פרוקטר אנד גמבל,DE,משחת אורל בי,מיליליטרים,75.00,"100 מ""ל",false,1,19.90,26.53,true,1,
8001090375230,false,"מרכך מרוכז 200 מ""ל לחות מוגברת ""פנטן""",פרוקטר אנד גמבל,FR,מרכך פנטן,מיליליטרים,200.00,"100 מ""ל",false,1,28.90,14.45,true,1,
8001090375285,false,"מרכך מרוכז פנטן למגע רך כמשי 200 מ""ל",פרוקטר אנד גמבל,FR,מרכך פנטן,מיליליטרים,200.00,"100 מ""ל",false,1,28.90,14.45,true,1,
8001090377487,false,מסכה לשיער פנטן לחות מוגברת 300 מל,פרוקטר אנד גמבל,RO,מסיכה פנטן,מיליליטרים,300.00,"100 מ""ל",false,1,37.90,12.63,true,1,
8001090377531,false,"מסכה לשיער פנטן לצבע מלא חיים 300 מ""ל",פרוקטר אנד גמבל,RO,מסיכה פנטן,מיליליטרים,300.00,"100 מ""ל",false,1,37.90,12.63,true,1,
8001090379337,false,פמפרס פרימיום קר חיתולים שלב 3 40 יח VP,פרוקטר אנד גמבל,PL,פמפרס פרימיום,יחידה,1.00,יחידה,false,1,41.90,41.90,true,1,
8001090379368,false,פמפרס פרימיום קר חיתולים שלב 4 34 יח VP,פרוקטר אנד גמבל,PL,פמפרס פרימיום,יחידה,1.00,יחידה,false,1,41.90,41.90,true,1,
8001090379399,false,פמפרס פרימיום קר חיתולים שלב 5 30 יח VP,פרוקטר אנד גמבל,PL,פמפרס פרימיום,יחידה,1.00,יחידה,false,1,41.90,41.90,true,1,
8001090540577,false,"מי פה אורל בי להלבנה 500 מ""ל",פרוקטר אנד גמבל,DE,מי פה WHITE D,מיליליטרים,500.00,"100 מ""ל",false,1,29.90,5.98,true,1,
8001090580122,false,"הד אנד שולדרס שמפו סופרים משקם 400 מ""ל",פרוקטר אנד גמבל,FR,שמפו הד&שולדרס,מיליליטרים,400.00,"100 מ""ל",false,1,21.90,5.48,true,1,
8001090632715,false,מש.שיניים אורל בי לילדים פרוזן וקארס120ג,פרוקטר אנד גמבל,DE,משחת שיניים לילד,מיליליטרים,75.00,"100 מ""ל",false,1,19.90,26.53,true,1,
8001090678195,false,"הד אנד שולדרס מרכך סופרים לחות 275 מ""ל",פרוקטר אנד גמבל,FR,מרכך הד&שולדרס,מיליליטרים,275.00,"100 מ""ל",false,1,18.90,6.87,true,1,
8001090678225,false,"מרכך הד&שולדרס סופרים משקם 275 מ""ל",פרוקטר אנד גמבל,FR,מרכך הד&שולדרס,מיליליטרים,275.00,"100 מ""ל",false,1,18.90,6.87,true,1,
8001090715043,false,אולוויז דיסקרט לבריחת שת,פרוקטר אנד גמבל,DE,אולוויז דיסקרט,יחידה,1.00,יחידה,false,1,38.90,38.90,true,1,
8001090832450,false,"שמפו פנטן הנוסחה הקלאסית 660 מ""ל",פרוקטר אנד גמבל,RO,שמפו פנטן,מיליליטרים,660.00,"100 מ""ל",false,1,23.90,3.62,true,1,
8001090832535,false,"שמפו פנטן שמן מרוקאי משקם 660 מ""ל",פרוקטר אנד גמבל,RO,שמפו פנטן,מיליליטרים,660.00,"100 מ""ל",false,1,23.90,3.62,true,1,
8001090832573,false,"שמפו פנטן לחות מוגברת 660 מ""ל",פרוקטר אנד גמבל,RO,שמפו פנטן,מיליליטרים,660.00,"100 מ""ל",false,1,23.90,3.62,true,1,
8001090832696,false,"פנטן שמפו לתלתלים מושלמים 660 מ""ל",פרוקטר אנד גמבל,RO,שמפו פנטן,מיליליטרים,660.00,"100 מ""ל",false,1,23.90,3.62,true,1,
8001090832818,false,מרכך פנטן הנוסחה הקלאסית לשיער רגיל ומעורב,פרוקטר אנד גמבל,RO,מרכך פנטן,מיליליטרים,660.00,"100 מ""ל",false,1,23.90,3.62,true,1,
8001090832894,false,מרכך לשיער חלש ופגום לחות מוגברת,פרוקטר אנד גמבל,RO,מרכך פנטן,מיליליטרים,660.00,"100 מ""ל",false,1,23.90,3.62,true,1,
8001090832931,false,"פנטן 660 מ""ל קונדישינר למגע רך כמשי",פרוקטר אנד גמבל,RO,מרכך פנטן,מיליליטרים,660.00,"100 מ""ל",false,1,23.90,3.62,true,1,
8001090856005,false,פאנטן 200 מרכך הקסם סופר פוד,פרוקטר אנד גמבל,RO,פנטן מרכך הקסם,מיליליטרים,200.00,"100 מ""ל",false,1,28.90,14.45,true,1,
8001090861276,false,"פנטן קונדישנר סופר פוד 660 מ""ל",פרוקטר אנד גמבל,RO,מרכך פנטן,מיליליטרים,660.00,"100 מ""ל",false,1,23.90,3.62,true,1,
8001090883490,false,הד&שולדרס קולור פרפקט400,פרוקטר אנד גמבל,FR,הד&שולדרס קולור,מיליליטרים,400.00,"100 מ""ל",false,1,21.90,5.48,true,1,
8001090899194,false,תחבושות אולוויז פלטינום נורמל 24 יחידות,פרוקטר אנד גמבל,DE,תחבושות אולוויז,יחידה,1.00,יחידה,false,1,25.90,25.90,true,1,
8001090899224,false,תחבושות אולוויז פלטינום לונג 20 יחידות,פרוקטר אנד גמבל,DE,תחבושות אולוייז,יחידה,1.00,יחידה,false,1,25.90,25.90,true,1,
8001090899255,false,תחבושות אולוויז פלטינום לילה 16 יחידות,פרוקטר אנד גמבל,DE,תחבשות אולוויז,יחידה,1.00,יחידה,false,1,25.90,25.90,true,1,
8001090899286,false,תחבושות אולוויז פלטינום לילה בטוח 14 יח',פרוקטר אנד גמבל,DE,תחבושות אולוויז,יחידה,1.00,יחידה,false,1,25.90,25.90,true,1,
8001090992338,false,פיירי טבליות למדיח פלטינום פלוס 50 יחידו,פרוקטר אנד גמבל,BE,פיירי טב' למדיח,יחידה,1.00,יחידה,false,1,68.90,68.90,true,1,
8001160001786,false,"משקה אנרגיה גטורייד ספורט כחול 500מ""ל",אקווה מינרלה סאן בנדטו,IT,גטורייד כחול,מיליליטרים,500.00,"100 מ""ל",false,0,11.90,2.38,true,1,
8001160001892,false,"משקה אנרגיה גטורייד ספורט תפוז אדום 500מ""ל",אקווה מינרלה סאן בנדטו,IT,גטורייד תפוז,מיליליטרים,500.00,"100 מ""ל",false,0,11.90,2.38,true,1,
8001359006530,false,מסיר לק אנדראה,אנדראה ציפורניי,IL,מסיר לק,מיליליטרים,50.00,"100 מ""ל",false,0,10.90,21.80,true,1,
8001620019160,false,"סן בנדטו מים מינרלים בטעם אפרסק 500 מ""ל",אקווה מינרלה סאן בנדטו ב,IT,סאן בנדטו אפרסק,מיליליטרים,400.00,"100 מ""ל",false,1,6.90,1.73,true,1,
8001620019177,false,"סן בנדטו מים מינרלים בטעם ענבים 500 מ""ל",אקווה מינרלה סאן בנדטו ב,IT,סאן סנדטו ענבים,מיליליטרים,400.00,"100 מ""ל",false,1,6.90,1.73,true,1,
8001841006710,false,לנור כדוריות הריח בניחוח רענן 210 גרם,פרוקטר אנד גמבל,US,לנור מבשם כביסה,גרמים,210.00,100 גרם,false,1,26.90,12.81,true,1,
8001841053684,false,תחבושות אולוויז עבה לונג פלוס 12 יחידות,פרוקטר אנד גמבל )ראה קוד,HU,תחבושות אולוויז,יחידה,1.00,יחידה,false,1,13.90,13.90,true,1,
8001841053806,false,תחבושות היגייניות אולוויז מקסי עבה לילה,פרוקטר אנד גמבל,HU,תחבושות אולוויז,יחידה,1.00,יחידה,false,1,13.90,13.90,true,1,
8001841062624,false,פמפרס מגבונים לחים ללא בישום רביעייה,פרוקטר אנד גמבל.,DE,מגבוני פמפרס 4יח,יחידה,1.00,יחידה,false,1,21.90,21.90,true,1,
8001841077949,false,מארז מגבוני פמפרס בניחוח מרענן - רביעייה,פרוקטר אנד גמבל,DE,מגבוני פמפרס 4יח,יחידה,1.00,יחידה,false,1,21.90,21.90,true,1,
8001841104751,false,פמפרס פרימיום קר חיתולים שלב 1 52 יח VP,פרוקטר אנד גמבל,PL,פמפרס,יחידה,1.00,יחידה,false,1,39.90,39.90,true,1,
8001841105093,false,פמפרס פרימיום קר חיתולים שלב 6 26 יח VP,פרוקטר אנד גמבל,PL,פמפרס,יחידה,1.00,יחידה,false,1,41.90,41.90,true,1,
8001841332307,false,אולוויז תחבושת בוטיק לונג 8 יח,פרוקטר אנד גמבל,DE,דיסקריט תחבושות,יחידה,1.00,יחידה,false,1,23.90,23.90,true,1,
8001841410524,false,שמפו הד&שולדרס קוקוס600מ,פרוקטר אנד גמבל,RO,שמפו הד&שולדרס,מיליליטרים,600.00,"100 מ""ל",false,1,21.90,3.65,true,1,
8001841413334,false,קונד.הד&שולדרס קוקוס275מ,פרוקטר אנד גמבל,RO,קונדיש.הד&שולדרס,מיליליטרים,275.00,"100 מ""ל",false,1,18.90,6.87,true,1,
8001841427164,false,אולוויז פרו פרש מגן תחתון 4ב-1 לארג 40,פרוקטר אנד גמבל,DE,מגן תחתון פרו פר,יחידה,1.00,יחידה,false,1,19.90,19.90,true,1,
8001841449982,false,תחבושות פלטינום נייט16יח,,DE,תחבושות פלטינום,יחידה,1.00,יחידה,false,1,25.90,25.90,true,1,
8001841500799,false,"הרבל אסנסס - שמפו ללא סולפטים אלוורה ומנגו 380 מ""ל",הרבל אסנס Herbal Essences,FR,שמפו ללא סולפטים,מיליליטרים,380.00,"100 מ""ל",false,1,18.90,4.98,true,1,
8001841502298,false,"הרבל אסנסס - מרכך ללא סולפטים אלוורה ומנגו 275 מ""ל",הרבל אסנס Herbal Essences,FR,מרכך ללא סולפטים,מיליליטרים,275.00,"100 מ""ל",false,1,18.90,6.87,true,1,
8001841502601,false,"הרבל אסנסס - מרכך ללא סולפטים אלוורה ובמבוק 275 מ""ל",הרבל אסנס Herbal Essences,FR,מרכך ללא סולפטים,מיליליטרים,275.00,"100 מ""ל",false,1,18.90,6.87,true,1,
8001841625362,false,"נוזל כלים בניחוח לימון פלטינום 780 מ""ל פיירי",פרוקטר אנד גמבל,GB,פיירי נוזל כלים,מיליליטרים,780.00,"100 מ""ל",false,1,12.90,1.65,true,1,
8001841669465,false,קפסולות לכביסה אריאל בניחוח לנור 24 יחידות,פרוקטר אנד גמבל,FR,קפסולות גל כביסה,יחידה,1.00,יחידה,false,1,39.90,39.90,true,1,
8001841837239,false,הרבל אסנס מרכך ללא סולפטים שמן אבוקדו,דיפלומט,FR,מרכך הרבל,מיליליטרים,275.00,"100 מ""ל",false,1,18.90,6.87,true,1,
8001841841373,false,הרבל אסנס שמפו ללא סולפטים שמן אבוקדו,דיפלומט,FR,שמפו הרבל,מיליליטרים,380.00,"100 מ""ל",false,1,18.90,4.98,true,1,
8001841943961,false,לנור כדוריות בושם בניחוח אוקיינוס 210 גר,פרוקטר אנד גמבל,US,לנור מבשם כביסה,גרמים,210.00,100 גרם,false,1,26.90,12.81,true,1,
8002110383709,false,נוטרוגינה ס.נורבגית ק.ידיים לא מבושם 50מל,ניוטרוג'ינה Neutrogena,FR,קרם ידיים,מיליליטרים,50.00,"100 מ""ל",false,0,24.90,49.80,true,1,
8002270216800,false,סאן פלגרינו בטעם לימון 500 מ,סן פלגרינו,IT,אסנזה טעם לימון,מיליליטרים,500.00,"100 מ""ל",false,1,5.90,1.18,true,1,
8002910043476,false,ויט רצועות שעווה מוכנות לקו הביקיני 12 יחידות,רקיט בנקיזר צרפת,FR,רצועות שעווה ויט,יחידה,1.00,יחידה,false,1,29.90,29.90,true,1,
8003440997857,false,מסטיק פיורפרש מנטה אריזת חיסכון 200 גר,פרפטי ואן מלה ברדה,TR,מסטיק מנטוס,גרמים,200.00,100 גרם,false,1,22.00,11.00,true,1,
8004030022010,false,ירקות גינה עם טונה ריו מרה אינסלטיסימי 160 ג',"בולטון אלימנטרי בע""\מ",IT,ירקות עם טונה,גרמים,160.00,100 גרם,false,1,16.90,10.56,true,1,
8005200486526,false,"נסטי, תה קר בטעם אפרסק 500 מל",מפעל סאנפלגרינו S.p.,IT,נסטי בטעם אפרסק,מיליליטרים,500.00,"100 מ""ל",false,0,5.90,1.18,true,1,
8006540051054,false,פנטן מיראקלס שמפו ללא סולפטים 225 מל,דיפלומט,BE,שמפו פנטן,מיליליטרים,225.00,"100 מ""ל",false,1,21.90,9.73,true,1,
8006540110317,false,שמפו מינרלס ביוטין + במבוק לשיער חזק וארוך,פרוקטר אנד גמבל,RO,פנטן מיראקלס,גרמים,400.00,100 גרם,false,1,20.90,5.23,true,1,
8006540157374,false,מרכך מינרלס ביוטין + במבוק לשיער חזק וארוך,פנטן Pantene,FR,פנטן מיראקלס,מיליליטרים,275.00,"100 מ""ל",false,1,20.90,7.60,true,1,
8006540221068,false,מגן תחתון אולוויז וליופק לונג פלוס 40 יח,פרוקטר & גמבל,DE,מגן תחתון אולווי,יחידה,1.00,יחידה,false,1,19.90,19.90,true,1,
8006540221341,false,אולוויז מגן תחתון וליופק לארג' 48 יחידות,,DE,מגן תחתון אולווי,יחידה,1.00,יחידה,false,1,19.90,19.90,true,1,
8006540221426,false,מגן תחתון אולוויז סלים 48 יח,,DE,מגן תחתון דייליס,יחידה,1.00,יחידה,false,1,19.90,19.90,true,1,
8006540221464,false,מגן תחתון אולוויז וליופק נורמל 56 יחידות,,DE,מגן תחתון אולווי,יחידה,1.00,יחידה,false,1,19.90,19.90,true,1,
8006540222089,false,פמפרס מגבונים היגיינים לתינוקות וילדים TO GO 40 יח',פרוקטור אנד גמבל,ES,מגבוני פמפרס,יחידה,1.00,יחידה,false,1,7.90,7.90,true,1,
8006540358498,false,טמפקס פרל סופר-פלוס 18 יחידות חדש,פרוקטר אנד גמבל,HU,טמפקס,יחידה,1.00,יחידה,false,1,23.90,23.90,true,1,
8006540385029,false,הד&שולדרס MEN שמפו ומרכך 2ב-1 אולטרא 540,URLATI GAMBLE & PROCTER,RO,הד&שולדרס מן 2ב1,מיליליטרים,540.00,"100 מ""ל",false,1,21.90,4.05,true,1,
8006540404850,false,דיסקריט תחבושות לבריחת שתן לונג 10 יח,פרוקטר & גמבל,DE,דיסקריט תחבושות,יחידה,1.00,יחידה,false,1,23.90,23.90,true,1,
8006540404935,false,דיסקריט תחבושות לבריחת שתן נורמל 12 יח,פרוקטר & גמבל,DE,דיסקריט תחבושות,יחידה,1.00,יחידה,false,1,23.90,23.90,true,1,
8006540405031,false,דיסקריט תחבושות לבריחת שתן סמול פלוס 16,פרוקטר & גמבל,DE,דיסקריט תחבושות,יחידה,1.00,יחידה,false,1,23.90,23.90,true,1,
8006540406694,false,פמפרס בייבי דריי פנטס מידה 4 42 יח,דיפלומט,PL,פמפרס מכנסונים,יחידה,1.00,יחידה,false,1,54.90,54.90,true,1,
8006540406793,false,פמפרס בייבי דריי פנטס מידה 6 34 יח,דיפלומט,PL,פמפרס מכנסונים,יחידה,1.00,יחידה,false,1,54.90,54.90,true,1,
8006540407684,false,דיסקריט תחבושות לבריחת שתן לילה 8 יח,דיפלומט,DE,תחבושות לילה,יחידה,1.00,יחידה,false,1,23.90,23.90,true,1,
8006540495186,false,לנור מרכך כביסה מרוכז רגיש בייבי 900 מל,פרוקטר אנד גמבל,FR,מרכך כביסה בייבי,מיליליטרים,900.00,"100 מ""ל",false,1,12.90,1.43,true,1,
8006540592434,false,אולוויז תחבושות נורמל 28 יח,פרוקטר & גמבל,HU,תחבושות אולטרא,יחידה,1.00,יחידה,false,1,19.90,19.90,true,1,
8006540592465,false,תחבושות אולוויז אולטרה לונג כפול 24 יח,פרוקטר & גמבל,HU,תחבושות לונג,יחידה,1.00,יחידה,false,1,19.90,19.90,true,1,
8006540592496,false,תחבושות אולוויז אולטרא כפול לילה 20 יח,פרוקטר & גמבל,HU,תחבושות כפול ליל,יחידה,1.00,יחידה,false,1,19.90,19.90,true,1,
8011003818112,false,BRIGHT CRYSTAL ABSOLU EDP 90 ML,לילית בישום,IT,CRYSTAL BRIGHT,מיליליטרים,90.00,"100 מ""ל",false,0,239.00,265.55,true,1,
8011003826711,false,מוסקינו פרש קוטור 100 מל,לילית בישום,IL,מוסקינו פרש קוטו,מיליליטרים,100.00,"100 מ""ל",false,0,159.00,159.00,true,1,
8011003838493,false,"מיסוני פור הום 100 מ""ל",לילית בישום,IT,מיסוני אדפ,מיליליטרים,100.00,"100 מ""ל",false,0,189.00,189.00,true,1,
8011003861224,false,EROS א.ד.פ לגבר וסצ'ה,,IT,EROS א.ד.פ לגבר,מיליליטרים,100.00,"100 מ""ל",false,1,249.00,249.00,true,1,
8011003872077,false,EROS VERSACE א.ד.פ 100,,FR,EROS VERSACE א.,מיליליטרים,100.00,"100 מ""ל",false,1,319.00,319.00,true,1,
8011003873487,false,DYALN BLUE TURQUOISE100+BG 100+BSG 100+EDT 5,,IT,מארז דילן טורקיז,יחידה,1.00,יחידה,false,1,379.00,379.00,true,1,
8011003876761,false,מארז דילן בלו לאישה,EUROITALIA,IT,מארז דילן בלו לא,יחידה,1.00,יחידה,false,1,379.00,379.00,true,1,
8011003993819,false,"ורסצ'ה ברייט קריסטל א.ד.ט 50 מ""ל",לילית בישום,IT,CRYSTAL BRIGHT,מיליליטרים,50.00,"100 מ""ל",false,0,199.00,398.00,true,1,
8011003995967,false,homme pour א.ד.ט לגבר,לילית בישום,IT,homme pour א.ד.ט,מיליליטרים,100.00,"100 מ""ל",false,0,199.00,199.00,true,1,
8011530820022,false,DONNA TRUSSARDIאדפ100מל,לילית בישום,IT,DONNA TRUSSARDI,מיליליטרים,100.00,"100 מ""ל",false,1,339.00,339.00,true,1,
8017331039731,false,בלנקס אינסטנט וויט שוק משחת שיניים להלבנ,זר הייטק,IT,SHOCK WHITE משחה,מיליליטרים,50.00,"100 מ""ל",false,0,39.90,79.80,true,1,
8018080355882,false,אוזניות בלוטוס סטיראו MUSIC SOUND שחור,פוג'יקום,CN,אוזניות בלוטות',יחידה,1.00,יחידה,false,1,99.90,99.90,true,1,
8018080412066,false,אוזניות בלוטוס סטיראו MUSIC SOUND לבן,פוג'יקום,CN,אוזניות בלוטות',יחידה,1.00,יחידה,false,1,99.90,99.90,true,1,
8018080426919,false,אוזניות TWS יוקרתיות - שחור פוג'יקום,פוג'יקום,CN,אוזניות TWS,יחידה,1.00,יחידה,false,1,99.90,99.90,true,1,
8032880800243,false,פיקניק הפתעה - אגוזי לוז ומקלות אפויים,"הוסטה איטליה, ס.ר.ל.",IT,פיקניק הפתעה,גרמים,50.00,100 גרם,false,0,9.90,19.80,true,1,
8053853182548,false,FROZENממחטות נייר מצויירות 6יח',,IL,ממחטות נייר 6 יח,יחידה,1.00,יחידה,false,1,9.90,9.90,true,1,
8053853182562,false,FROZENקובית ממחטות נייר 56יח',,IL,ממחטות נייר 56יח,יחידה,1.00,יחידה,false,1,11.90,11.90,true,1,
8410076600622,false,חטיפי גרנולה קראנצ'י עם שוקולד מריר נייצ'ר ואלי 210 גרם,ג'נרל מילס סאן אדריאן,ES,נייצר וואלי שוקו,גרמים,210.00,100 גרם,false,0,15.90,7.57,true,1,
8410104511340,false,ויט רצועות שעווה מוכנות לעור יבש 12 יחידות,רקיט בנקיזר צרפת,FR,רצועות שעווה ויט,יחידה,1.00,יחידה,false,0,29.90,29.90,true,1,
8410436218092,false,צבע שיער סאיוס אולאו אינטנס 4-18,סאיוס syoss,DE,צבע לשיער אולאו,יחידה,1.00,יחידה,false,0,43.90,43.90,true,1,
8410436218177,false,סאיוס אולאו אינטנס 5-86 חום מתוק,סאיוס syoss,DE,צבע לשיער אולאו,יחידה,1.00,יחידה,false,0,43.90,43.90,true,1,
8410436218290,false,סאיוס אולאו אינטנס 1-10 שחור עז,סאיוס syoss,DE,צבע לשיער סאיוס,יחידה,1.00,יחידה,false,0,43.90,43.90,true,1,
8411061026342,false,GIRL GOOD א.ד.פ לאשה80מל,,FR,GIRL GOOD א.ד.פ,מיליליטרים,80.00,"100 מ""ל",false,1,449.00,561.25,true,1,
8411061777176,false,ROSE VIP 212 א.ד.פ לאשה,PUIG בישום,IL,ROSE VIP 212,מיליליטרים,80.00,"100 מ""ל",false,0,289.00,361.25,true,1,
8411061819838,false,GIRL GOOD א.ד.פ לאשה,PUIG בישום,IL,GIRL GOOD א.ד.פ,מיליליטרים,50.00,"100 מ""ל",false,0,350.00,700.00,true,1,
8411061894026,false,קרולינה הררה 212אשה 60מל,PUIG בישום,IL,קרולינה הררה 212,מיליליטרים,60.00,"100 מ""ל",false,0,199.00,331.67,true,1,
8411061972656,false,"HEROES 212 אדט 90 מ""ל",,ES,HEROES 212 אדט,מיליליטרים,90.00,"100 מ""ל",false,1,299.00,332.22,true,1,
8411114086248,false,ספידרמן 100בושם מל,,ES,"ספיידרמן 100 מ""ל",מיליליטרים,100.00,"100 מ""ל",false,0,52.90,52.90,true,1,
8423207206488,false,סלים דליס חטיף דגנים מצופה שוקולד חלב מרבה 6*20 גרם,אף.סי תבליני בגליל ב,ES,חטיפי דגנים מרבה,גרמים,120.00,100 גרם,false,0,15.90,13.25,true,1,
8423207207362,false,חטיפי סלים דליס שוקולד לבן מרבה 6 יחידות,ביסנצ'ורי אס.אל.יו,ES,סלים דליס,גרמים,120.00,100 גרם,false,0,15.90,13.25,true,1,
8423207208697,false,חטיפי סלים דליס לילדים שוקולד לבן מרבה 6 יחידות,ביסנצ'ורי אס.אל.יו,ES,סלים דליס 6 יח,גרמים,120.00,100 גרם,false,1,15.90,13.25,true,1,
8423207210928,false,חטיף דגנים מצופה שוקולד חלב ואגוזי לוז - 5 במארז,נוטרישן אנד סנטה קוב,ES,חטיפי דגנים מרבה,גרמים,90.00,100 גרם,false,1,15.90,17.67,true,1,
8427030005010,false,תרכובת מזון על בסיס חלב A.R מלידה ואילך,אבוט מעבדות רפואיות,ES,סימילאק AR,גרמים,375.00,100 גרם,false,0,44.90,11.97,true,1,
8427030007274,false,סימילאק גולד קומפורט 1 תרכובת מזון על בסיס חלב,אבוט לבורטוריס ס.א.,ES,סימילאק קומפורט,גרמים,360.00,100 גרם,false,1,50.90,14.14,true,1,
8427030007281,false,סימילאק גולד קומפורט 1 תרכובת מזון על בסיס חלב,סימילאק Similac,ES,סימילאק קומפורט,גרמים,820.00,100 גרם,false,1,106.90,13.04,true,1,
8435137749607,false,"פראדה לה הום אדט לגבר 100 מ""ל - פראדה",,IL,להום אדט לגבר,מיליליטרים,100.00,"100 מ""ל",false,1,399.00,399.00,true,1,
8435137759781,false,LUNA ROSSA CARBON EDT V100ML,,FR,CARBON PLR,מיליליטרים,1.00,"100 מ""ל",false,0,329.00,32900.00,true,1,
8435415012690,false,"לה מאל אדט 200 מ""ל",PUIG בישום,IL,לה מאל אדט,מיליליטרים,200.00,"100 מ""ל",false,0,359.00,179.50,true,1,
8435495807605,false,תינוקלין מרכך כביסה היפואלרגני מרוכז 1 ליטר,מולינו ניקולי s.p.a,TR,תינוקלין מרכך,ליטרים,1.00,ליטר,false,1,14.90,14.90,true,1,
8435495807636,false,"תינוקלין ג'ל כביסה בייבי סנסטיב היפואלרגני, 2 ליטר",פרוקטר אנד גמבל,TR,תינוקלין ג'ל,ליטרים,2.00,ליטר,false,1,34.90,17.45,true,1,
8436037792960,false,"קרם רב""ש בפחית 70 מ""ל",RNB,ES,קרם רב שימושי,מיליליטרים,70.00,"100 מ""ל",false,1,14.90,21.29,true,1,
8683130025574,false,"מרכך כביסה מרוכז אקסטרה לבנדר בדין 960 מ""ל",יבוא ושיווק: יוניליוור י,TR,מרכך בדין לבנדר,מיליליטרים,960.00,"100 מ""ל",false,1,19.90,2.07,true,1,
8690504153740,false,גודייבה שוקולד מריר במילוי קרם גנאש 86 גרם,ביסקוט ביסקווי סילבר,TR,שוקולד מריר קרם,גרמים,86.00,100 גרם,false,1,14.90,17.33,true,1,
8690504153849,false,גודייבה שוקולד חלב במילוי קרם בטעם פרלין אגוזים 83 גרם,"אולקר מקבוצת פלאדיס,",TR,שוקולד חלב,גרמים,83.00,100 גרם,false,1,14.90,17.95,true,1,
8690526009254,false,אי טי אי - מיני עוגה אישית מצופה במילוי קרם קקאו 144 גרם,"GIDA ETI , טורקיה n\",TR,מיני עוגות מצופו,גרמים,144.00,100 גרם,false,1,10.90,7.57,true,1,
8690526009353,false,אי טי אי - מיני חטיף בוטנים נוגט קרמל מצופה שוקולד חלב 140 גרם,"GIDA ETI , טורקיה n\",TR,מיני חטיף בוטנים,גרמים,140.00,100 גרם,false,1,10.90,7.79,true,1,
8690526019154,false,אי טי אי - וופל קקאו במילוי קרם קקאו 142 גרם,מולינו ניקולי s.p.a,TR,וופל קרם קקאו,גרמים,142.00,100 גרם,false,1,8.50,5.99,true,1,
8690526029238,false,אתי מארז וופלים במילוי שוקולד מריר 50גרם,"GIDA ETI , טורקיה n\",TR,וופל מצופה שוקול,גרמים,150.00,100 גרם,false,1,10.90,7.27,true,1,
8690572784303,false,"שוורצקוף גליס שמפו לשיער לאורך מושלם, 400 מ""ל",שוורצקופף והנקל,TR,שמפו גליס,מיליליטרים,400.00,"100 מ""ל",false,1,14.90,3.73,true,1,
8690572788912,false,"גליס - ביו טק מרכך 400 מ""ל",שוורצקופף והנקל,TR,מרכך גליס ביו טק,מיליליטרים,400.00,"100 מ""ל",false,1,14.90,3.73,true,1,
8690572794692,false,"גליס - שמפו לאיזון והזנת הקרקפת 400 מ""ל","הובי קוסמטיק, חברת ייצור",TR,שמפו לאיזון והזנ,מיליליטרים,400.00,"100 מ""ל",false,1,14.90,3.73,true,1,
8690572794715,false,"גליס - מרכך לאיזון והזנת הקרקפת 400 מ""ל","הובי קוסמטיק, חברת ייצור",TR,מרכך לאיזון והזנ,מיליליטרים,400.00,"100 מ""ל",false,1,14.90,3.73,true,1,
8690572799505,false,סאיוס מרכך לחיזוק שורשי סיב השערה 500 מל,"הובי קוסמטיק, אנקרה, תור",TR,מרכך שיער דליל,מיליליטרים,500.00,"100 מ""ל",false,1,12.90,2.58,true,1,
8690637505607,false,בדין אקסטרה מרכך כביסה בניחוח פינוק כחול,יוניליוור סנאיי וי טיקאר,TR,מרכך כביסה בדין,מיליליטרים,960.00,"100 מ""ל",false,1,19.90,2.07,true,1,
8690637506956,false,"דאב - שמפו למניעת קשקשים 600 מ""ל",יוניליוור סנאי ווי טיקאר,TR,דאב שמפו קשקשים,מיליליטרים,600.00,"100 מ""ל",false,1,21.90,3.65,true,1,
8690637704376,false,"שמפו לטיפוח יום יומי דאב 600 מ""ל",יוניליוור סנאיי וי טיקאר,TR,שמפו דאב,מיליליטרים,600.00,"100 מ""ל",false,0,21.90,3.65,true,1,
8690637704390,false,"מרכך שיער לטיפוח יום יומי דאב 600 מ""ל",יוניליוור טורקיה. אזור ת,TR,דאב מרכך שיער,מיליליטרים,600.00,"100 מ""ל",false,0,21.90,3.65,true,1,
8690637704437,false,שמפו עם שמני הזנה לטיפוח לשיער יבש,יוניליוור סנאיי וי טיקאר,TR,שמפו דאב,מיליליטרים,600.00,"100 מ""ל",false,0,21.90,3.65,true,1,
8690637835643,false,"תה ירוק לימונית ולאויזה 30 גרם ""ליפטון""",יונילוור - תורכיה,TR,תה ירוק ליפטון,גרמים,30.00,100 גרם,false,1,17.40,58.00,true,1,
8690637865596,false,דאב תחליב רחצה לידיים 500 הזנה עמוקה,קוסטר אירוסול ולף סנ,TR,דאב סבון ידיים,מיליליטרים,500.00,"100 מ""ל",false,1,16.90,3.38,true,1,
8690637871061,false,"דאב שמפו עם שמן אבוקדו ותמצית קלנדולה 600 מ""ל",יונילוור - תורכיה,TR,שמפו דאב,מיליליטרים,600.00,"100 מ""ל",false,1,21.90,3.65,true,1,
8690637916977,false,מרכך עם שמן קוקוס וכורכום למראה שיער משוקם,יוניליוור סנאיי וי טיקאר,TR,מרכך דאב,מיליליטרים,600.00,"100 מ""ל",false,1,21.90,3.65,true,1,
8690637916991,false,מרכך דאב עם שמן אבוקדו ותמצית קלנדולה600,יונילוור - תורכיה,TR,מרכך שיער דאב,מיליליטרים,600.00,"100 מ""ל",false,1,21.90,3.65,true,1,
8690637946301,false,"בדין - מרכך כביסה אקסטרא בייביי כחול 960 מ""ל",יוניליוור סנאיי וי טיקאר,TR,בדין מרכך בייבי,מיליליטרים,960.00,"100 מ""ל",false,1,19.90,2.07,true,1,
8690637946318,false,"מרכך כביסה בדין מרוכז אקסטרה בייבי טלק 960 מ""ל",יוניליוור סנאיי וי טיקאר,TR,מרכך בדין בייבי,מיליליטרים,960.00,"100 מ""ל",false,1,19.90,2.07,true,1,
8690784516778,false,"דאק נוזל ג'ל לניקוי עם אקונומיקה מקציפה 750 מ""ל",אס.סי.גונסון,NL,ג'ל מקציף דאק,מיליליטרים,750.00,"100 מ""ל",false,1,15.90,2.12,true,1,
8690946250014,false,פסטה ספגטי 500 גרם,מוטלו,TR,פסטה ספגטי,גרמים,500.00,100 גרם,false,1,4.90,0.98,true,1,
8690946250168,false,פסטה פוסילי 500 גרם,מוטלו,TR,פסטה פוסילי,גרמים,500.00,100 גרם,false,1,4.90,0.98,true,1,
8691900172175,false,קוטקס תחב.לילה אולטרה18י,חוגלה קימברלי,CZ,קוטקס תחבושת,יחידה,1.00,יחידה,false,1,16.90,16.90,true,1,
8691900172854,false,קוטקס תחב.אולטרה לונג20י,חוגלה קימברלי,GB,קוטקס תחבושת,יחידה,1.00,יחידה,false,1,16.90,16.90,true,1,
8691900174032,false,קוטקס תחבושות נורמל 24 יח,חוגלה קימברלי,CZ,קוטקס נורמל,יחידה,1.00,יחידה,false,1,16.90,16.90,true,1,
8691900174056,false,קוטקס תחבושות אולטרה לילה 16 י',חוגלה קימברלי,CZ,קוטקס תחבושת,יחידה,1.00,יחידה,false,1,16.90,16.90,true,1,
8693495034364,false,"פלמוליב סבון מוצק בניחוח אורכידאה, רבעייה * 90 גרם",קולגייט פלמוליב,TR,סב.מוצק אורכידאה,יחידה,1.00,יחידה,false,1,14.90,14.90,true,1,
8693495037853,false,זוג מברשות שיניים קולגייט סלים סופט זהב,הנסיך- מפעל לייצור ט,CN,2 מברשות קולגייט,יחידה,1.00,יחידה,false,0,29.90,29.90,true,1,
8693495051255,false,מברשת שיניים סלים סופט זהב קולגייט זוג,קולגייט - פלמוליב,CN,2מברשות קולגייט,יחידה,1.00,יחידה,false,1,38.90,38.90,true,1,
8693495052177,false,פלמוליב נטורלס תחליב רחצה זיתים 750 מל,קולגייט פלמוליב,TR,סבון פלמוליב,מיליליטרים,750.00,"100 מ""ל",false,1,22.90,3.05,true,1,
8693495052931,false,זוג מברשות שיניים אדוונסט 360 לניקוי כל חלל הפה,קולגייט פלמוליב,CN,מברשות קולגייט,יחידה,1.00,יחידה,false,1,41.90,41.90,true,1,
8693495054058,false,פלמוליב ס.נוזלי לומינוס מקדמיה 750 משאבה,קולגייט פלמוליב,TR,פלמוליב ג'ל רחצה,מיליליטרים,750.00,"100 מ""ל",false,1,22.90,3.05,true,1,
8696630143822,false,"LADY BELLA - ספריי צבע חום כהה לכיסוי זמני של שורשי השיער 100 מ""ל",,TR,ספריי צבע לשיער,מיליליטרים,100.00,"100 מ""ל",false,1,24.90,24.90,true,1,
8699568532171,false,וולהפלקס ספריי חזק 75 מל,THEORAT INTERSPRAY,DE,וולהפלקס ספריי,מיליליטרים,75.00,"100 מ""ל",false,1,9.90,13.20,true,1,
8699954702126,false,מסיכת פחם באפקט קירור יח,,IL,מסיכת פחם באפקט,יחידה,1.00,יחידה,false,1,7.90,7.90,true,1,
8699954702140,false,מסיכת פחם פעיל לרענון יח,,IL,מסיכת פחם פעיל ל,יחידה,1.00,יחידה,false,1,7.90,7.90,true,1,
8699954702157,false,מסיכת פחם טיהור רעלים יח,,IL,מסיכת פחם טיהור,יחידה,1.00,יחידה,false,1,7.90,7.90,true,1,
8710103527800,false,אוונט מוצץ חיות טרומן 6-18 ללא ביספינול,פיליפס אוונט,GB,אוונט מוצץ חיות-,יחידה,1.00,יחידה,false,0,44.90,44.90,true,1,
8710103797951,false,פיליפס ONE BLADE 3 מכשיר לעיצוב זיפים 45,פילפס,ID,וואן בלייד מכשיר,יחידה,1.00,יחידה,false,1,149.90,149.90,true,1,
8710103826279,false,אוונט כוס שתיה פיה רכה גיל 9+ 300מל בנים,כמיפל,ID,אוונט כוס לגן,מיליליטרים,300.00,"100 מ""ל",false,1,49.90,16.63,true,1,
8710103845836,false,פיליפס זוג סכינים ONE BLADE,פילפס,ID,סכינים לוואן בלי,יחידה,1.00,יחידה,false,1,119.90,119.90,true,1,
8710103855514,false,אוונט כוס שתיה פיה קשיחה 12+ 300 מל בנים,כמיפל,ID,אוונט כוס לגן,מיליליטרים,300.00,"100 מ""ל",false,1,49.90,16.63,true,1,
8710103860204,false,פיליפס שלישיית סכינים ONE BLADE,פיליפס-גילוח,ID,סכינים לוואן בלי,יחידה,1.00,יחידה,false,1,159.90,159.90,true,1,
8710103868347,false,אוונט בקבוק פוליפרופילן חלבי קלאסי 260 מ,פיליפס אוונט,GB,בקבוק אוונט,יחידה,1.00,יחידה,false,1,44.90,44.90,true,1,
8710103875666,false,אוונט בקבוק נטורל 2 125 מל,פיליפס אוונט,GB,אוונט בקבוק,יחידה,1.00,יחידה,false,1,54.90,54.90,true,1,
8710103901754,false,אוונט מוצץ 0-6 אולטרה אייר לילה בנות,פיליפס אוונט,GB,מוצץ אולטרא אייר,יחידה,1.00,יחידה,false,1,54.90,54.90,true,1,
8710103901792,false,אוונט מוצץ 6-18 אולטרה אייר לילה בנים,פיליפס אוונט,GB,מוצץ אולטרא אייר,יחידה,1.00,יחידה,false,1,54.90,54.90,true,1,
8710103952220,false,סכינים לוואן בלייד 2*,פילפס,ID,סכינים לוואן בלי,יחידה,1.00,יחידה,false,1,119.90,119.90,true,1,
8710428005762,false,תרכובת מזון לתינוקות על בסיס חלבון סויה איזומיל טף שלב 2,"אבוט מעבדות רפואיות בע""מ",NL,סימילאק צמחי,גרמים,400.00,100 גרם,false,0,45.90,11.48,true,1,
8710428016348,false,אבקת משקה להשלמה תזונתית וניל 400 ג' פדיאשור,אבוט מעבדות רפואיות,NL,פדיאשור ונילה,גרמים,400.00,100 גרם,false,1,39.90,9.98,true,1,
8710428016355,false,פדיאשור השלמה תזונתית בטעם שוקולד 400 גר,אבוט מעבדות רפואיות,NL,פדיאשור שוקולד,גרמים,400.00,100 גרם,false,1,39.90,9.98,true,1,
8710428017000,false,פדיאשור השלמה תזונתית בטעם וניל 850 גרם,General,NL,פדיאשור ונילה,גרמים,850.00,100 גרם,false,1,79.90,9.40,true,1,
8710447211052,false,טרזמה בוטניק שמפו להזנה ושיקום 400 מל,יוניליוור פולין,PL,שמפו טרזמה,מיליליטרים,400.00,"100 מ""ל",false,1,18.90,4.73,true,1,
8710447275313,false,דאב קרם ידיים שמן קוקוס וחלב שקדים,"יוניליוור פולין, רחוב קר",PL,קרם ידיים דאב,מיליליטרים,75.00,"100 מ""ל",false,1,13.90,18.53,true,1,
8710502260032,false,עוגיות שוקולד ציפס מרבה 150 גרם,בנקטבקריי מרבה בי.וי,NL,עוגיות שוקולד,גרמים,150.00,100 גרם,false,0,10.90,7.27,true,1,
8710502470035,false,מרבה פטיסרי עוגיות נוגטלי אגוזים 200 גרם,"י. מרבה ישראל בע""\מ",NL,עוגיות מרבה,גרמים,200.00,100 גרם,false,1,11.90,5.95,true,1,
8710522584200,false,דאב תחליב רחצה אלוורה ומי ורדים 500 מל,"יוניליוור גרמניה, Gmbh &",DE,תחליב רחצה דאב,מיליליטרים,500.00,"100 מ""ל",false,1,17.90,3.58,true,1,
8710800961310,false,סוכריות בטעם תות מנטוס 4*375 גרם,פרפטי ואן מלה ברדה,NL,מנטוס תות 4 יח,גרמים,150.00,100 גרם,false,0,11.90,7.93,true,1,
8710847860843,false,"רקסונה - דאודורנט רולאון לאישה אינביזיבל 50 מ""ל",יוניליוור אנגליה,GB,דאודורנט רקסונה,מיליליטרים,50.00,"100 מ""ל",false,1,17.90,35.80,true,1,
8710847942679,false,טרזמה שמפו לשיער יבש בתוספת שמן המפ,יוניליוור,PL,טרזמה שמפו,מיליליטרים,400.00,"100 מ""ל",false,1,18.90,4.73,true,1,
8710847942693,false,טרזמה מרכך לשיער יבש שמן המפ 400 מל,יוניליוור,PL,טרזמה מרכך,מיליליטרים,400.00,"100 מ""ל",false,1,18.90,4.73,true,1,
8710908326691,false,"תחליב רחצה פרח האדמונית דאב 750 מ""ל",יוניליוור גרמניה (בו,DE,תחליב רחצה דאב,מיליליטרים,750.00,"100 מ""ל",false,1,23.90,3.19,true,1,
8712400717984,false,נוטרילון קומפורט תרכובת מזון מגיל לידה,נוטרישה-נוטרילון,NL,נוטרילון 400 גרם,גרמים,400.00,100 גרם,false,0,46.90,11.73,true,1,
8712400718073,false,נוטרילון A.R תרכובת מזון מגיל לידה,נוטרישה-נוטרילון,NL,נוטרילון 400 גרם,גרמים,400.00,100 גרם,false,0,51.90,12.98,true,1,
8712400802499,false,תרכובת מזון המשך לפעוטות על בסיס חלב שלב 1,נוטרישיה קאלק ב. ו.,NL,נוטרילון שלה1-,גרמים,800.00,100 גרם,false,0,68.90,8.61,true,1,
8712400802512,false,תרכובת מזון המשך לפעוטות על בסיס חלב שלב 2,נוטרישיה קאלק ב. ו.,NL,נוטרילון שלב2-,גרמים,800.00,100 גרם,false,0,68.90,8.61,true,1,
8712400802536,false,תרכובת מזון המשך לפעוטות על בסיס חלב שלב 3,נוטרישיה קאלק ב. ו.,NL,נוטרילון שלב3-,גרמים,800.00,100 גרם,false,0,68.90,8.61,true,1,
8712561594240,false,דאב תחליב רחצה להזנה עמוקה 500 מל חדש,"יוניליוור גרמניה, Gmbh &",DE,תחליב רחצה דאב,מיליליטרים,500.00,"100 מ""ל",false,1,17.90,3.58,true,1,
8712561594608,false,"דאב תחליב רחיצה להזנה עמוקה 750 מ""ל","יוניליוור גרמניה, Gmbh &",DE,תחליב רחצה דאב,מיליליטרים,750.00,"100 מ""ל",false,1,23.90,3.19,true,1,
8712561611183,false,דאב סבון נוזלי 500 תמציות מלפפונים ותה,"יוניליוור גרמניה, Gmbh &",DE,תחליב רחצה דאב,מיליליטרים,500.00,"100 מ""ל",false,1,17.90,3.58,true,1,
8712561611411,false,"תחליב רחצה בניחוח מלפפון ותה ירוק דאב 750 מ""ל","יוניליוור גרמניה, Gmbh &",DE,תחליב רחצה דאב,מיליליטרים,750.00,"100 מ""ל",false,1,23.90,3.19,true,1,
8714789177229,false,רבעיית מברשות שיניים קולגייט אקסטרה קלין 1 יחידה,הנסיך- מפעל לייצור ט,CN,4 מברשות שיניים,יחידה,1.00,יחידה,false,0,15.90,15.90,true,1,
8714789183800,false,קולגייט 360 מברשת שיניים+ מנקה לשון,קולגייט-פלמוליב,IL,מברשת שיניים,יחידה,1.00,יחידה,false,0,8.90,8.90,true,1,
8714789831275,false,מברשת שיניים 360 אופטיק ווייט קולגייט 2 יחידות,קולגייט-פלמוליב,CN,מברשות קולגייט,יחידה,1.00,יחידה,false,0,38.90,38.90,true,1,
8714789930848,false,"משחת שיניים אופטיק וייט הלבנה מיידית קולגייט 75 מ""ל",הנסיך- מפעל לייצור ט,PL,משחת קולגייט,מיליליטרים,75.00,"100 מ""ל",false,0,18.90,25.20,true,1,
8714789966403,false,ליידי ספיד סטיק פיור פרשנס ג'ל,קולגייט פלמוליב,US,ליידי ספיד סטיק,גרמים,65.00,100 גרם,false,1,17.90,27.54,true,1,
8717163607305,false,דאב סבון מוצק גרגירים לעיסוי עדין *4,יוניליוור גרמניה (בו,DE,סבון דאב רביעייה,גרמים,400.00,100 גרם,false,0,18.90,4.73,true,1,
8717163628812,false,מסכה טרזמה ללא סולפטים להחלקה ולצביעה300,"יוניליוור פולין, רחוב קר",PL,טרזמה מסכה משקמת,מיליליטרים,300.00,"100 מ""ל",false,1,34.90,11.63,true,1,
8717163655825,false,"רקסונה דאו' ספריי לנשים בניחוח כותנה, 150 מ""ל","קוסטר אירוסול, גבזה 4140",GB,דאודורנט רקסונה,מיליליטרים,150.00,"100 מ""ל",false,1,17.90,11.93,true,1,
8717163658314,false,תחליב רחצה מים מיסלריים היפואלרגני לעור רגיש,יוניליוור גרמניה Gmbh &,DE,תחליב רחצה דאב,מיליליטרים,500.00,"100 מ""ל",false,1,17.90,3.58,true,1,
8717677336616,false,שוקולד מריר עם שקדים ומלח טוניס' שוקולונלי 180 גרם,טוניס/שוקולונלי,NL,שוקולד מריר,גרמים,180.00,100 גרם,false,1,19.90,11.06,true,1,
8717677336630,false,שוקולד חלב עם שקדים ודבש טוניס' שוקולונלי 180 גרם,טוניס/שוקולונלי,NL,שוקולד חלב מעולה,גרמים,180.00,100 גרם,false,1,19.90,11.06,true,1,
8717677336661,false,שוקולד מריר 70% טוניס' שוקולונלי 180 גרם,טוניס/שוקולונלי,NL,שוקולד מריר,גרמים,180.00,100 גרם,false,1,19.90,11.06,true,1,
8718951030169,false,"קולגייט סנסיטיב הלבנה המסייעת בהגנה לשיניים רגישות 75 מ""ל",קולגייט Colgate,PL,משחת קולגייט,מיליליטרים,75.00,"100 מ""ל",false,1,21.90,29.20,true,1,
8718951030206,false,"קולגייט סנסיטיב פרוטקשן משחת שיניים לשיניים רגישות 75 מ""ל",קולגייט-פלמוליב,PL,משחת קולגייט,מיליליטרים,75.00,"100 מ""ל",false,1,21.90,29.20,true,1,
8718951044913,false,מרידול משחת שיניים להלבנה 75 מל,קולגייט פלמוליב,PL,משחת מרידול,מיליליטרים,75.00,"100 מ""ל",false,1,20.90,27.87,true,1,
8718951144064,false,מרידול מברשת שיניים פרודונט אקספרט זוג,"ש. שסטוביץ בע""\מ",CH,זוג מברשות מרידו,יחידה,1.00,יחידה,false,1,39.90,39.90,true,1,
8718951159402,false,"קולגייט משחת שיניים אופטיק וויט - אקסטרה פאוור 75 מ""ל",קולגייט,PL,מ.שיניים קולגייט,מיליליטרים,75.00,"100 מ""ל",false,1,29.90,39.87,true,1,
8718951170445,false,"קולגייט סמיילס משחת שיניים ילדים גילאי 2-5 50 מ""ל",COLGATE ($) -PALMOLI,PL,קולגייט סמיילס,מיליליטרים,50.00,"100 מ""ל",false,1,12.90,25.80,true,1,
8718951175280,false,"קולגייט טוטאל משחת שיניים פרו ויזבל אקשן עם קצף פעיל 75 מ""ל",קולגייט Colgate,PL,קולגייט טוטל,מיליליטרים,75.00,"100 מ""ל",false,1,20.90,27.87,true,1,
8718951187115,false,זוג מברשות שיניים אלמקס לילדים גילאי 3-6,GABA TRISA SWIZ,CN,מברשות אלמקס 2יח,יחידה,1.00,יחידה,false,1,26.90,26.90,true,1,
8718951236790,false,"קולגייט טוטאל משחת שיניים קלין מינט לפה בריא 100 מ""ל",קולגייט פלמוליב,PL,קולגייט טוטל,מיליליטרים,100.00,"100 מ""ל",false,1,15.90,15.90,true,1,
8718951236813,false,"קולגייט טוטאל משחת שיניים ניקוי מתקדם לפה בריא יותר 100 מ""ל",קולגייט פלמוליב,PL,משחת קולגייט,מיליליטרים,100.00,"100 מ""ל",false,1,15.90,15.90,true,1,
8718951240742,false,"קולגייט טוטאל משחת שיניים פסים מרעננים 100 מ""ל",קולגייט פלמוליב,PL,קולגייט טוטל,מיליליטרים,100.00,"100 מ""ל",false,1,15.90,15.90,true,1,
8718951264618,false,"קולגייט אופטיק וייט פחם צ'רקול משחת שיניים, 75 מ""ל",קולגייט-פלמוליב,PL,משחת קולגייט,מיליליטרים,75.00,"100 מ""ל",false,1,19.90,26.54,true,1,
8718951278851,false,מ.שיניים אדוונס וויט פחם,קולגייט,PL,מ.שיניים קולגייט,מיליליטרים,100.00,"100 מ""ל",false,1,16.90,16.90,true,1,
8718951281738,false,אלמקס סנסיטיב משחה לשיניים רגישות,CP-Poland swidnica,PL,משחת אלמקס,מיליליטרים,75.00,"100 מ""ל",false,1,18.90,25.20,true,1,
8718951286733,false,"קולגייט אופטיק וייט לסטינג וייט משחת שיניים 75 מ""ל",קולגייט Colgate,PL,משחת אופטיק וויט,מיליליטרים,75.00,"100 מ""ל",false,1,29.90,39.87,true,1,
8718951315303,false,"קולגייט אדומה משחת שיניים להגנה מפני עששת 2*100 מ""ל",קולגייט-פלמוליב,PL,משחת קולגייט 2יח,מיליליטרים,200.00,"100 מ""ל",false,1,18.90,9.45,true,1,
8718951319806,false,פלמוליב לגבר גל רחצה ושמפו מרענן 750 משא,פלמוליב Palmolive,TR,ג'ל רחצה לגבר,מיליליטרים,750.00,"100 מ""ל",false,1,22.90,3.05,true,1,
8718951338128,false,"ליידי ספיד סטיק רול און שאוור פרש 50 מ""ל",קולגייט פלמוליב,IT,דאודורנט רול און,מיליליטרים,50.00,"100 מ""ל",false,1,14.90,29.80,true,1,
8718951350137,false,"פלמוליב תחליב רחצה מקדמיה וקקאו עם חמאת שיאה 750 מ""ל",קולגייט פלמוליב,IT,תחליב רחצה קקאו,מיליליטרים,750.00,"100 מ""ל",false,1,22.90,3.05,true,1,
8718951370135,false,פלמוליב ס.נוזלי ארומה סנסיישן גלואו 750,קולגייט פלמוליב,TR,סבון פלמוליב,מיליליטרים,750.00,"100 מ""ל",false,1,22.90,3.05,true,1,
8718951377998,false,קולגייט סופט פואם זוג מברשות שיניים לניק,קולגייט פלמוליב,CN,זוג מברשות סופט,יחידה,1.00,יחידה,false,1,39.90,39.90,true,1,
8718951380981,false,קולגייט מי פה פחם פלאקס,קולגייט,PL,קולגייט מי פה,מיליליטרים,500.00,"100 מ""ל",false,1,19.90,3.98,true,1,
8718951381292,false,"משחת שיניים מקס דיטוקס פואם קולגייט 125 מ""ל",קולגייט Colgate,PL,משחת מקס דיטוקס,מיליליטרים,125.00,"100 מ""ל",false,1,22.90,18.32,true,1,
8718951382640,false,"פלמוליב ג'ל רחצה חימר ואלוורה 750 מ""ל",קולגייט פלמוליב,TR,סבון פמוליב,מיליליטרים,750.00,"100 מ""ל",false,1,22.90,3.05,true,1,
8718951382664,false,"פלמוליב ג'ל רחצה חימר ואקליפטוס 750 מ""ל",קולגייט פלמוליב,TR,סבון פמוליב,מיליליטרים,750.00,"100 מ""ל",false,1,22.90,3.05,true,1,
8718951382718,false,"פלמוליב ג'ל רחצה חימר התחדשות 750 מ""ל",קולגייט פלמוליב,TR,סבון פמוליב,מיליליטרים,750.00,"100 מ""ל",false,1,22.90,3.05,true,1,
8718951400597,false,"תחליב רחצה קוקוס וחלב ללא משאבה750 מ""ל פלמוליב",קולגייט פלמוליב,TR,תחליב רחצה קוקוס,מיליליטרים,750.00,"100 מ""ל",false,1,22.90,3.05,true,1,
8718951409798,false,זוג מברשות שיניים מקס וויט פחם קולגייט,הנסיך- מפעל לייצור ט,PL,מברשת שיניים פחם,יחידה,1.00,יחידה,false,1,27.90,27.90,true,1,
8718951410510,false,מרידול מנקה לשון לנשימה רעננה,שסטוביץ,CH,מנקה לשון מרידול,יחידה,1.00,יחידה,false,1,29.90,29.90,true,1,
8718951428492,false,"פלמוליב סבון רחצה לגבר 4ב1 מועשר בפחם 750 מ""ל",שסטוביץ,TR,סבון רחצה לגבר,מיליליטרים,750.00,"100 מ""ל",false,1,22.90,3.05,true,1,
8718951428522,false,"פלמוליב סבון רחצה לגבר 4 ב-1 המפ 750 מ""ל",שסטוביץ,TR,סבון פלמוליב,מיליליטרים,750.00,"100 מ""ל",false,1,22.90,3.05,true,1,
8718951431614,false,"סבון רחצה סו פירם מינרלים 750 מ""ל פלמוליב",קולגייט פלמוליב,TR,פלמוליב סב.רחצה,מיליליטרים,750.00,"100 מ""ל",false,1,22.90,3.05,true,1,
8718951452756,false,סבון גוף עדין קוקוס500מ,קולגייט פלמוליב,TR,סבון גוף פלמוליב,מיליליטרים,500.00,"100 מ""ל",false,1,18.90,3.78,true,1,
8718951452770,false,סבון גוף עדין שקדים500מל,קולגייט פלמוליב,TR,סבון גוף פלמוליב,מיליליטרים,500.00,"100 מ""ל",false,1,18.90,3.78,true,1,
8718951466371,false,"משחת שיניים מרידול 75 מ""ל",קולגייט פלמוליב,PL,מרידול משחה,מיליליטרים,75.00,"100 מ""ל",false,1,21.90,29.20,true,1,
8718951477384,false,"קולגייט משחת שיניים טוטאל ג'ל מתקדם פיור 75 מ""ל",קולגייט פלמוליב,PL,משחת טוטאל ג'ל,מיליליטרים,75.00,"100 מ""ל",false,1,21.90,29.20,true,1,
8718951509627,false,"קולגייט אופטיק וייט לאוהבי קפה ותה משחת שיניים 75 מ""ל",קולגייט פלמוליב,PL,קולגייט משחה,מיליליטרים,75.00,"100 מ""ל",false,1,29.90,39.87,true,1,
8720181046605,false,דאב - דאודורנט ספריי לאישה אורגינל כחול 150מל,"יוניליוור אנגליה, דרך קו",TR,דאודורנט דאב,מיליליטרים,150.00,"100 מ""ל",false,1,13.90,9.27,true,1,
8720181046612,false,"דאב - דאודורנט רול און לאישה אורגינל 50 מ""ל","יוניליוור אנגליה, דרך קו",GB,דאב רול און,מיליליטרים,50.00,"100 מ""ל",false,1,13.90,27.80,true,1,
8720181201332,false,דאב אל סבון מוצק גרגרים 90 גרם רביעייה,יוניליוור ישראל טיפוח אי,DE,דאב סבון מוצק גר,גרמים,360.00,100 גרם,false,1,17.00,4.72,true,1,
8720182253156,false,דאב אל סבון מוצק מלפפונים 90 גרם רביעייה,יוניליוור ישראל טיפוח אי,DE,דאב סבון מוצק מל,גרמים,360.00,100 גרם,false,1,17.00,4.72,true,1,
8720182256850,false,דאב אל סבון מוצק קלאסי 90 גרם רביעייה,יוניליוור ישראל טיפוח אי,DE,דאב סבון מוצק קל,גרמים,360.00,100 גרם,false,1,17.00,4.72,true,1,
8850006331699,false,שלישיית מברשת שיניים קולגייט סלים סופט,קולגייט פלמוליב,CN,3 מברשות קולגייט,יחידה,1.00,יחידה,false,1,33.90,33.90,true,1,
8850389103111,false,סאפי משקה אלוורה בטעם ענבים 300מל,סאפה פובליק קומפני ל,TH,משקה סאפה ענבים,מיליליטרים,300.00,"100 מ""ל",false,0,7.00,2.33,true,1,
8850389103128,false,"משקה קל סאפה בטעם תפוח 300 מ""ל",סאפה פובליק קומפני ל,TH,משקה סאפה תפוח,מיליליטרים,300.00,"100 מ""ל",false,0,7.00,2.33,true,1,
8850389104637,false,"משקה קל סאפה אלוורה אפרסק 300 מ""ל",סאפה פובליק קומפני ל,TH,סאפה אפרסק,מיליליטרים,300.00,"100 מ""ל",false,0,7.00,2.33,true,1,
8850389111352,false,"משקה מלון עם חתיכות גלי קוקוס 320 מ""ל מוגו מוגו",סאפה פובליק קומפני לימיט,TH,מוגו מלון קוקוס,מיליליטרים,320.00,"100 מ""ל",false,1,6.90,2.16,true,1,
8850389115312,false,"סאפה אלוורה מלון בקבוק 300 מ""ל",סאפה פובליק קומפני ל,TH,סאפה אלוורה,מיליליטרים,300.00,"100 מ""ל",false,1,7.00,2.33,true,1,
8888021200256,false,סוללות אנרג'ייזר AA מקס 8 יחידות,יצרן: אנרג'ייזר סינג,SG,שמינית סוללות,יחידה,1.00,יחידה,false,0,32.90,32.90,true,1,
8901138500306,false,משחת שיניים איורודית עם פלואוריד מן הטבע,הימלאיה Himalaya,IN,מש.שיניים הימלאי,מיליליטרים,100.00,"100 מ""ל",false,0,18.90,18.90,true,1,
8901138825591,false,"משחת שיניים הימלאיה מלבינה 75 מ""ל",הימלאיה Himalaya,IN,משחת שיניים,מיליליטרים,75.00,"100 מ""ל",false,1,18.90,25.20,true,1,
8901314116079,false,מברשת ילדים ברבי,קולגייט-פלמוליב,CN,מברשת לילדים,יחידה,1.00,יחידה,false,1,13.90,13.90,true,1,
8901314218377,false,מברשת קולגייט 360 צרקואל,קולגייט-פלמוליב,IN,מברשת קולגייט360,יחידה,1.00,יחידה,false,1,8.90,8.90,true,1,
8901314517463,false,מברשת קולגייט 360 4יח',פרוקטר אנד גמבל,IN,מברשת קולגייט360,יחידה,1.00,יחידה,false,1,29.90,29.90,true,1,
8901314517487,false,קולגייט מברשת 4יח 3,,IN,מברשת קולגייט360,יחידה,1.00,יחידה,false,1,29.90,29.90,true,1,
8901314517999,false,מברשת קולגייט צ'רקואלי4י,,CN,מברשת קולגייט360,יחידה,1.00,יחידה,false,1,29.90,29.90,true,1,
8901571011018,false,סנסודיין שלישייה מב.שיניים סנסטיב סופט,הנקל,DE,מברשת שיניים 3יח,יחידה,1.00,יחידה,false,1,20.00,20.00,true,1,
9000100590693,false,"סאיוס - מוס לשיער לייצוב מקסימלי 250 מ""ל",שוורצקופ,DE,מוס לעיצוב סאיוס,מיליליטרים,250.00,"100 מ""ל",false,0,27.90,11.16,true,1,
9000100590938,false,"סאיוס - מוס לשיער ליצירת נפח 250 מ""ל",שוורצקוף,DE,מוס לעיצוב סאיוס,מיליליטרים,250.00,"100 מ""ל",false,0,27.90,11.16,true,1,
9000100591058,false,"סאיוס - ג'ל לשיער לייצוב מקסימלי 250 מ""ל",הנקל סוד,DE,ג'ל לעיצוב סאיוס,מיליליטרים,250.00,"100 מ""ל",false,0,24.90,9.96,true,1,
9000100806657,false,"פה - דאודורנט רול און לאישה בלתי נראה 50 מ""ל",שוורצקופף והנקל,DE,דאודורנט פה,מיליליטרים,50.00,"100 מ""ל",false,0,14.90,29.80,true,1,
9000100843256,false,"גליס תמציות שמן 6 פעולות משקמות 75 מ""ל",שוורצקוף Schwarzkopf,SK,גליס שמן משקם,מיליליטרים,75.00,"100 מ""ל",false,0,35.90,47.87,true,1,
9000101418163,false,"סבון אסלה בניחוח מתחלף תפוח ירוק נופר, 3 יחידות",ברף Bref,RS,ברף לאסלה 3 יח,גרמים,150.00,100 גרם,false,1,13.90,9.26,true,1,
9000101520965,false,"סבון אסלה בניחוח מתחלף לוטוס עדין במבוק, 3 יחידות",ברף Bref,RS,ברף לאסלה 3 יח,גרמים,150.00,100 גרם,false,1,13.90,9.26,true,1,
9000101548419,false,קולור קאצ`ר דפים למכונת לכביסה מחדש צבע לבן 18 יח',"הנקל סוד בע""\מ",IE,קולר קאצ'ר לבן,יחידה,1.00,יחידה,false,1,14.90,14.90,true,1,
9001616202100,false,מוצץ לתינוק ללא ביספנול 6+ מאם 2 יחידות,General,HU,זוג מוצצים מאמ,יחידה,1.00,יחידה,false,0,38.90,38.90,true,1,
9001616202131,false,זוג מוצצי סיליקון 0-6 חודשים Original,מאם Mam,HU,מאמ מוצץ מיני,יחידה,1.00,יחידה,false,0,38.90,38.90,true,1,
9001616203305,false,זוג פטמות X לבקבוק 6+ חודשים,מאם Mam,HU,פיטמה למזון סמיך,יחידה,1.00,יחידה,false,0,29.90,29.90,true,1,
9001616203350,false,מאם זוג פטמות מס 1 זרימה איטית,General,AT,מאמ פטמות,יחידה,1.00,יחידה,false,0,29.90,29.90,true,1,
9001616203367,false,מאם זוג פטמות מס 2 זרימה בינונית,General,AT,פטמה לבקבוק,יחידה,1.00,יחידה,false,0,28.90,28.90,true,1,
9001616205781,false,מאם מוצצים סיליקון 6+ אנימלס כחול,אלפא,HU,מוצץ מאמ,יחידה,1.00,יחידה,false,0,38.90,38.90,true,1,
9001616661099,false,"בקבוק לתינוק 270 מ""ל 2+ חודשים Easy Active",מאם Mam,AT,מאמ בקבוק,יחידה,1.00,יחידה,false,0,38.90,38.90,true,1,
9001616671579,false,מאם מוצצים סיליקון 0-6 אייר תכלת,מאם Mam,AT,מוצץ מאמ AIR 0-6,יחידה,1.00,יחידה,false,1,38.90,38.90,true,1,
9001616676406,false,מאם בקבוק אנטי קוליק 320 מל תכלת,אלפא,AT,בקבוק אנטי קוליק,יחידה,1.00,יחידה,false,0,38.90,38.90,true,1,
9001616702600,false,זוג מוצצים סיליקון מאמ 0-2 ורוד,General,HU,זוג מוצצים 0-2 ב,יחידה,1.00,יחידה,false,1,38.90,38.90,true,1,
9001616702617,false,"מוצצים סיליקון 0-2 ירוק, זוג",General,HU,זוג מוצצים 0-2 י,יחידה,1.00,יחידה,false,1,38.90,38.90,true,1,
9001616702655,false,מאם מוצצים סיליקון 0-6 לילה זוהרים ורוד,General,HU,זוג מוצצים 0-6 ז,יחידה,1.00,יחידה,false,1,38.90,38.90,true,1,
9001616702679,false,זוג מוצצים סיליקון זמן לאהבה מאמ 0-6 ורוד,General,HU,זוג מוצצים 0-6 ז,יחידה,1.00,יחידה,false,1,38.90,38.90,true,1,
9001616702693,false,זוג מוצצי סיליקון בעלי חיים 0-6 ורוד,אלפא,HU,זוג מוצצים 0-6 ב,יחידה,1.00,יחידה,false,1,38.90,38.90,true,1,
9001616702730,false,זוג מוצצי סיליקון לאב אנד אפקשן 6+ ו רוד,General,HU,זוג מוצצים +6 או,יחידה,1.00,יחידה,false,1,38.90,38.90,true,1,
9001616702808,false,זוג מוצצים סיליקון קלירליין מאמ +6 ורוד,אלפא,HU,זוג מוצצים +6 קל,יחידה,1.00,יחידה,false,1,38.90,38.90,true,1,
9001616702839,false,מאם מוצצים סיליקון 6+ ירוק קרם,General,HU,זוג מוצצים +6 קר,יחידה,1.00,יחידה,false,1,38.90,38.90,true,1,
9001616702846,false,מאם מוצצים סיליקון 0-6 אייר ורוד,General,AT,זוג מוצצים איר 0,יחידה,1.00,יחידה,false,1,38.90,38.90,true,1,
9001616702877,false,זוג מוצצים סיליקון מאמ +16 ורוד,General,HU,זוג מוצצים +16 ב,יחידה,1.00,יחידה,false,1,38.90,38.90,true,1,
9001616702938,false,מאם בקבוק אנטי קוליק 320 מל ורוד,אלפא,AT,בקבוק אנטי קוליק,יחידה,1.00,יחידה,false,1,38.90,38.90,true,1,
9001616702976,false,"בקבוק לתינוק מאם 270 מ""ל",General,HU,בקבוק תינוק,יחידה,1.00,יחידה,false,1,38.90,38.90,true,1,
9001616702983,false,"בקבוק לתינוק מאמ 330 מ""ל",General,HU,בקבוק תינוק סגול,מיליליטרים,330.00,"100 מ""ל",false,1,38.90,11.79,true,1,
9001616703010,false,"בקבוק תינוק 330 מ""ל ורוד",General,AT,בקבוק תינוק ורוד,מיליליטרים,330.00,"100 מ""ל",false,1,38.90,11.79,true,1,
9001616703409,false,"בקבוק לתינוק אנטי קוליק מאמ 160 מ""ל",אלפא,HU,בקבוק אנטי קוליק,מיליליטרים,160.00,"100 מ""ל",false,1,38.90,24.31,true,1,
9001616705335,false,מאם זוג פטמות מס 0 ניו בורן,General,AT,פטמות ניו בורן,יחידה,1.00,יחידה,false,1,29.90,29.90,true,1,
9001616804564,false,מאם זוג ידיות לבקבוק יום ולילה תכלת,אלפא,AT,ידיות לבקבוק תכל,יחידה,1.00,יחידה,false,1,34.90,34.90,true,1,
9005800317007,false,ניוואה סקראב אורז עור רגיל אוכמניות 75מל,אלפא,DE,פילינג אורז לעור,מיליליטרים,75.00,"100 מ""ל",false,1,29.90,39.87,true,1,
9005800345291,false,"ניוואה היידרה סקין אפקט ג'ל מיסלרי לניקוי הפנים עם חומצה היאלורונית 150 מ""ל",ניואה,DE,היידרה סקין אפקט,מיליליטרים,150.00,"100 מ""ל",false,1,29.90,19.93,true,1,
9310088007015,false,דיפנד תחבושות אוברנייט בלילה,קימברלי-קלארק,VN,תחבושות דיפנד,יחידה,1.00,יחידה,false,0,21.90,21.90,true,1,
9310714206119,false,שוורצקופף - ג'ל צביעה לגבר חום בהיר,הנקל סוד,DE,ג'ל צביעה לגבר,יחידה,1.00,יחידה,false,0,64.90,64.90,true,1,
