code,internal_code,name,manufacturer_name,manufacture_country,manufacturer_item_description,unit_qty,quantity,unit_of_measure,weighted,qty_in_package,price,unit_of_measure_price,allow_discount,status,item_id
602,false,קפה טורקי 85גרם!,,,בצל יבש,Unknown,0.00,"ק""ג",true,0,6.90,6.90,true,1,
619,false,פלפל אדום,,,פלפל אדום,Unknown,0.00,"ק""ג",true,0,12.90,12.90,true,1,
671,false,קרמבולה,,,קרמבולה,Unknown,0.00,"ק""ג",true,0,39.90,39.90,true,1,
678,false,נתח קצבים טרי,,,ברוקולי,Unknown,0.00,Unknown,false,1,14.90,14.90,true,1,
716,false,בטטה קוסביה,,,בטטה קוסביה,Unknown,0.00,"ק""ג",true,0,19.90,19.90,true,1,
749,false,ערמונים,,,ערמונים,Unknown,0.00,"ק""ג",true,0,19.90,19.90,true,1,
1807,false,חציל ננסי,,,חציל ננסי,Unknown,0.00,"ק""ג",true,0,7.90,7.90,true,1,
5942,false,"תפו""ע קריספי",,,"תפו""ע קריספי",Unknown,0.00,"ק""ג",true,0,21.90,21.90,true,1,
8080,false,רוסקי שלם מזרע,,,רוסקי שלם מזרע,Unknown,0.00,"ק""ג",true,0,140.00,140.00,true,1,
8875,false,לחם נקניק גבינה,,,אייס קפה,Unknown,0.00,Unknown,false,1,15.00,15.00,true,1,
45429,false,בטטה ירושלמית,,,בטטה ירושלמית,Unknown,0.00,"ק""ג",true,0,19.90,19.90,true,1,
46020,false,גבינה צהובה גלבוע 22% במשקל תנובה,הפריט בפיקוח,,גבינה צהובה גלבוע-במ,Unknown,0.00,"ק""ג",true,0,42.58,42.58,true,1,
46563,false,גבינת קולאז פרמזן במשקל,,,גבינת קולאז פרמזן,קילוגרמים,0.00,"ק""ג",true,0,130.00,130.00,true,1,
47027,false,קולאז' קצ'קבל )גלעד( חריץ תנובה,,,קולאז קצקבל גלעד,קילוגרמים,0.00,"ק""ג",true,0,145.00,145.00,true,1,
47034,false,קולאז' רוקפור גליל חריץ תנובה,,,קולאז רוקפור גליל,קילוגרמים,0.00,"ק""ג",true,0,126.00,126.00,true,1,
47485,false,גבינה בולגרית 24% פיראוס,,,בולגרית פיראוס 24% ב,Unknown,0.00,"ק""ג",true,0,59.00,59.00,true,1,
53219,false,גבינה חריץ טל העמק 32% במשקל,,,גבינה טל העמק 32%,Unknown,0.00,"ק""ג",true,0,58.00,58.00,true,1,
56326,false,גבינה שוויצרית במשקל,,,גבינה שוויצרית במשקל,Unknown,0.00,"ק""ג",true,0,74.00,74.00,true,1,
86958,false,גבינה סלמי במשקל,,,גבינה סלמי במשקל,Unknown,0.00,"ק""ג",true,0,62.00,62.00,true,1,
90010,false,מסכה *10 ללא החזרה KN95,,,ללא החזרה KN95 מסכות,Unknown,0.00,Unknown,false,1,129.90,129.90,true,1,
321646,false,פיסטוק קלוי טבעי,,,פיסטוק קלוי,Unknown,0.00,"ק""ג",true,0,99.00,99.00,true,1,
342776,false,שקית נייר,,,שקית נייר,Unknown,0.00,Unknown,false,1,1.00,1.00,true,1,
363189,false,נקניק סרוולט טירת צבי,,,נקניק סרוולט,Unknown,0.00,"ק""ג",true,0,148.00,148.00,true,1,
363462,false,סלמי מעושן איטלקי טירת צבי במשקל,טירת צבי - מעדניה,,סלמי מעושן איטלקי,Unknown,0.00,"ק""ג",true,0,75.00,75.00,true,1,
363486,false,נקניק תה טירת צבי במשקל,טירת צבי - מעדניה,,נקניק תה טירת צבי,Unknown,0.00,"ק""ג",true,0,55.00,55.00,true,1,
365107,false,כתף בקר מפולפל טירת צבי,טירת צבי - מעדניה,,כתף מפולפל,Unknown,0.00,"ק""ג",true,0,98.00,98.00,true,1,
365954,false,פסטרמה הודו גחלים טירת צבי,טירת צבי - מעדניה,,פסטרמה גחלים,Unknown,0.00,"ק""ג",true,0,85.00,85.00,true,1,
369341,false,לבנה אבו גוש ירוק במשקל,,,לבנה אבו גוש ירוק במ,Unknown,0.00,"ק""ג",true,0,50.00,50.00,true,1,
554655,false,מוצרלה נקניק מעושן במשקל,גבינות מעדניה,,מוצרלה נקניק מעושן,Unknown,0.00,"ק""ג",true,0,86.00,86.00,true,1,
554792,false,בולגרית מעודנת 5% במשקל,גבינות מעדניה,,בולגרית מעודנת 5%,Unknown,0.00,"ק""ג",true,0,60.00,60.00,true,1,
554815,false,"גב.מוצרלה נקניק צמה גד לק""ג",גבינות מעדניה,,מוצרלה טבעית במשקל,Unknown,0.00,"ק""ג",true,0,83.00,83.00,true,1,
554921,false,"גבינה אורדה 4.5% ריקוטה גד ק""ג.",גבינות מעדניה,,גבינת ריקוטה,קילוגרמים,0.00,"ק""ג",true,0,61.00,61.00,true,1,
554969,false,גבינת שמנת 30% במשקל,גבינות מעדניה,,גבינת שמנת 30% טבעי,Unknown,0.00,"ק""ג",true,0,45.00,45.00,true,1,
554976,false,"גבינה שמנת זיתים 30% גד לק""ג",גבינות מעדניה,,גבינת שמנת 30% זיתים,קילוגרמים,0.00,"ק""ג",true,0,45.00,45.00,true,1,
571119,false,גבינת גאודה חריץ 30% המחלבה שקיל,גבינות מדף,,גבינת גאודה טבעי,Unknown,0.00,"ק""ג",true,0,121.00,121.00,true,1,
644783,false,מנות פילה סלמון קפוא דגי תנובה,דגיים קפואים,,פילה סלמון קפוא מנות,Unknown,0.00,"ק""ג",true,0,84.90,84.90,true,1,
658926,false,פילה מרלוזה ארגנטינאי 100% דג תנובה,דגיים קפואים,,פילה מרלוזה קפוא,Unknown,0.00,"ק""ג",true,0,36.90,36.90,true,1,
659312,false,פילה סלומון קפוא בוואקום דגי תנובה,דגיים קפואים,,פילה סלמון קפוא,Unknown,0.00,"ק""ג",true,0,69.90,69.90,true,1,
663036,false,פילה אמנון 5-7 קפוא ללא עור דגי תנובה,דגיים קפואים,,פילה אמנון קפוא ללא,Unknown,0.00,"ק""ג",true,0,39.90,39.90,true,1,
663166,false,פילה הייק דרום אפריקאי,דגיים קפואים,ZA,פילה הייק קפוא,Unknown,0.00,"ק""ג",true,0,44.90,44.90,true,1,
843582,false,אנונה,,,אנונה,Unknown,0.00,"ק""ג",true,0,24.90,24.90,true,1,
907970,false,פסטרמה כפרית טיבטירת צבי,,,פסטרמה כפרית טיב,Unknown,0.00,"ק""ג",true,0,60.00,60.00,true,1,
1101414,false,סינטה לבנה מעושנת-להב,,,סינטה לבנה מעושנת,Unknown,0.00,"ק""ג",true,0,105.00,105.00,true,1,
1101858,false,אודסקיה להב,,,אודסקיה,Unknown,0.00,"ק""ג",true,0,82.00,82.00,true,1,
1101865,false,פולקה איטלקי להב,,,פולקה איטלקי,Unknown,0.00,"ק""ג",true,0,95.00,95.00,true,1,
1191255,false,דניס מעושן,,IL,דניס מעושן,Unknown,0.00,"ק""ג",true,0,204.00,204.00,true,1,
1258118,false,גבינת קממברט-יעקבס,,,גבינת קממבר-יעקבס,Unknown,0.00,"ק""ג",true,0,95.00,95.00,true,1,
1258170,false,גבינת רוקפור צאן במשקל-יעקבס,,,גבינת רוקפור צאן במש,גרמים,0.00,"ק""ג",true,0,145.00,145.00,true,1,
1258217,false,גבינת לבנה עיזים במשקל,,,גבינת לבנה עיזים במש,Unknown,0.00,"ק""ג",true,0,65.00,65.00,true,1,
1258224,false,גבינת לבנה בקר במשקל,,,גבינת לבנה בקר במשקל,קילוגרמים,0.00,"ק""ג",true,0,40.00,40.00,true,1,
1258422,false,קשקבל במשקל משק יעקבס,,,קשקבל במשקל משק יעקב,Unknown,0.00,"ק""ג",true,0,125.00,125.00,true,1,
1258439,false,עז מה במשקל משק יעקבס,,,עז מה במשקל משק יעקב,Unknown,0.00,"ק""ג",true,0,55.00,55.00,true,1,
1258453,false,קממבר בקר עם אגוזים במשקל,,,קממבר בקר עם אגוזים,קילוגרמים,0.00,"ק""ג",true,0,95.00,95.00,true,1,
1258989,false,קממברט בקר בייבי במשקל,,,קממבר בקר בייבי,Unknown,0.00,"ק""ג",true,0,95.00,95.00,true,1,
1356111,false,הרינג כספי במשקל,,,הרינג כספי במשקל,Unknown,0.00,"ק""ג",true,0,32.00,32.00,true,1,
1356227,false,מקרל מעושן L במשקל,,,מקרל מעושן L במשקל,Unknown,0.00,"ק""ג",true,0,94.00,94.00,true,1,
1356234,false,מקרל מעושן בוואקום,,,מקרל מעושן בוואקום,Unknown,0.00,"ק""ג",true,0,95.00,95.00,true,1,
1356241,false,מקרל מעושן חם -פיקלינג,,,מקרל מעושן חם -פיקלי,Unknown,0.00,"ק""ג",true,0,99.00,99.00,true,1,
1356418,false,פילה הרינג במשקל,,,פילה הרינג במשקל,Unknown,0.00,"ק""ג",true,0,59.00,59.00,true,1,
1356425,false,פילה מטיאס במשקל,,,פילה מטיאס במשקל,Unknown,0.00,"ק""ג",true,0,62.00,62.00,true,1,
1356463,false,בטן בייבי סלמון במשקל,,,בטן בייבי סלמון במשק,Unknown,0.00,"ק""ג",true,0,89.00,89.00,true,1,
1356500,false,קילקה בלי ראש במשקל,,,קילקה בלי ראש במשקל,Unknown,0.00,"ק""ג",true,0,74.00,74.00,true,1,
1356586,false,מקרוסקה,,,מקרוסקה,Unknown,0.00,"ק""ג",true,0,139.00,139.00,true,1,
1356630,false,פילה הרינג כבוש במשקל,,,פילה הרינג כבוש במש,Unknown,0.00,"ק""ג",true,0,62.00,62.00,true,1,
1356838,false,פלטוס במשקל,,,פלטוס במשקל,Unknown,0.00,"ק""ג",true,0,159.00,159.00,true,1,
1356951,false,סלמון פלטה פרוס,,,סלמון פלטה פרוס,Unknown,0.00,"ק""ג",true,0,220.00,220.00,true,1,
1356982,false,סלמון בייבי במשקל,,,סלמון בייבי במשקל,Unknown,0.00,"ק""ג",true,0,175.00,175.00,true,1,
1401163,false,פריזר דוקטורסקייה מיני,,,פריזר דוקטורסקייה,Unknown,0.00,"ק""ג",true,0,59.00,59.00,true,1,
1404379,false,נקניק בריאנסקיה,,,נקניק בריאנסקיה,Unknown,0.00,"ק""ג",true,0,82.00,82.00,true,1,
1404447,false,נקניק סופר דומגנייאה,,,נקניק סופר דומגנייאה,Unknown,0.00,"ק""ג",true,0,120.00,120.00,true,1,
1406113,false,פריזר פרלמנט במשקל,,,פריזר פרלמנט במשקל,Unknown,0.00,"ק""ג",true,0,95.00,95.00,true,1,
1406359,false,בוט מלוצניה מעושן במשקל,,,בוט מלוצניה מעושן,Unknown,0.00,"ק""ג",true,0,89.00,89.00,true,1,
1411827,false,שוקיים/כרעיים מעושן,,,שוקיים/כרעיים מעושן,Unknown,0.00,"ק""ג",true,0,49.00,49.00,true,1,
1412121,false,עוף מעושן,,,עוף מעושן,Unknown,0.00,"ק""ג",true,0,49.00,49.00,true,1,
1418093,false,בוזנינה הודו ביתי ולדמן,,,בוזנינה הודו ביתית,Unknown,0.00,"ק""ג",true,0,82.00,82.00,true,1,
1418475,false,פריזר אליטנאיה במשקל,,,פריזר אליטנאיה במשקל,Unknown,0.00,"ק""ג",true,0,89.00,89.00,true,1,
1418789,false,פריזר אליטנאיה קטן במשקל,,,פריזר אליטנאיה קטן,Unknown,0.00,"ק""ג",true,0,89.00,89.00,true,1,
1420805,false,אסאדו חזיר מעושן,,,אסאדו חזיר מעושן,Unknown,0.00,"ק""ג",true,0,125.00,125.00,true,1,
1421109,false,בוזנינה פסטיבל ביתי,,,בוזנינה פסטיבל ביתי,Unknown,0.00,"ק""ג",true,0,125.00,125.00,true,1,
1499115,false,סלמי דוקטורסקיה להב,,,פריזר דוקטורסקיה,Unknown,0.00,"ק""ג",true,0,85.00,85.00,true,1,
1499689,false,פסטרמה צוואר מעושן להב,,,פסטרמה צוואר מעושן,Unknown,0.00,"ק""ג",true,0,120.00,120.00,true,1,
1532010,false,סלמון מעושן חם במשקל,,,סלמון מעושן חם במשקל,Unknown,0.00,"ק""ג",true,0,188.00,188.00,true,1,
1532027,false,סלמון פרוס במשקל,,,סלמון פרוס במשקל,Unknown,0.00,"ק""ג",true,0,177.00,177.00,true,1,
1532034,false,פורל בעישון חם במשקל,,,פורל בעישון חם במשקל,Unknown,0.00,"ק""ג",true,0,175.00,175.00,true,1,
1532065,false,דג טונה מעושן חם במשקל,,,דג טונה מעושן חם במש,Unknown,0.00,"ק""ג",true,0,149.00,149.00,true,1,
1532096,false,שפרוטים חם במשקל,,,שפרוטים חם במשקל,Unknown,0.00,"ק""ג",true,0,85.00,85.00,true,1,
1532133,false,פילה הרינג מעושן במשקל,,,פילה הרינג מעושן במש,Unknown,0.00,"ק""ג",true,0,55.00,55.00,true,1,
1532140,false,דג מלוח גדול במשקל,,,דג מלוח גדול במשקל,Unknown,0.00,"ק""ג",true,0,32.00,32.00,true,1,
1532164,false,הרינג כבוש במשקל,,,הרינג כבוש במשקל,Unknown,0.00,"ק""ג",true,0,52.00,52.00,true,1,
1532188,false,מקרל מעושן גדול במשקל,,,מקרל מעושן גדול במשק,Unknown,0.00,"ק""ג",true,0,95.00,95.00,true,1,
1532225,false,פילה לקרדה במשקל,,,פילה לקרדה במשקל,Unknown,0.00,"ק""ג",true,0,125.00,125.00,true,1,
1532249,false,מקרוסקה במשקל,,,מקרוסקה במשקל,Unknown,0.00,"ק""ג",true,0,129.00,129.00,true,1,
1532263,false,פילה סלמון במשקל,,,פילה סלמון במשקל,Unknown,0.00,"ק""ג",true,0,177.00,177.00,true,1,
1532300,false,דג רוטבש מעושן חם במשקל,,,דג רוטבש מעושן חם במ,Unknown,0.00,"ק""ג",true,0,99.00,99.00,true,1,
1532317,false,מקרל בשמן במשקל,,,מקרל בשמן במשקל,Unknown,0.00,"ק""ג",true,0,99.00,99.00,true,1,
2073390,false,אוסובוקו לבן טרי,,,אוסובוקו לבן טרי,Unknown,0.00,"ק""ג",true,0,28.90,28.90,true,1,
2073536,false,כתר אנטריקוט,,,אנטריקוט עם עצם טרי,Unknown,0.00,"ק""ג",true,0,199.00,199.00,true,1,
2073758,false,המבורגר מסעדות,,,נקניק אוסטנקנסקיה,Unknown,0.00,"ק""ג",true,0,110.00,110.00,true,1,
2073932,false,פסטרמה רוסט ריב עגל,,,פסטרמה רוסט ריב עגל,Unknown,0.00,"ק""ג",true,0,113.00,113.00,true,1,
2073949,false,פילה דג הרינג מומלח בשמן מצונן 1200 גרם,,,פילה דג הרינג מומלח,Unknown,0.00,"ק""ג",true,0,40.00,40.00,true,1,
2220675,false,גרנה פדנו איטלקית במשקל,,,גרנה פדנו איטלקית,Unknown,0.00,"ק""ג",true,0,142.00,142.00,true,1,
2265153,false,פלמידה מעושן בוואקום במשקל 400-600,,,פלמידה מעושן בוואקום,Unknown,0.00,"ק""ג",true,0,83.00,83.00,true,1,
2265269,false,רינגו במשקל,,,רינגו במשקל,Unknown,0.00,"ק""ג",true,0,42.00,42.00,true,1,
2265283,false,וובלה יבש במשקל,,,וובלה יבש במשקל,Unknown,0.00,"ק""ג",true,0,90.00,90.00,true,1,
2265306,false,דג לש מיובש במשקל,,,דג לש מיובש במשקל,Unknown,0.00,"ק""ג",true,0,80.00,80.00,true,1,
2265337,false,מויבה מעושן במשקל,,,מויבה מעושן במשקל,Unknown,0.00,"ק""ג",true,0,83.00,83.00,true,1,
2265344,false,מויבה מעבש במשקל,,,מויבה מיובש במשקל,Unknown,0.00,"ק""ג",true,0,105.00,105.00,true,1,
2265672,false,דג מויבה קפוא במשקל,,,דג מויבה קפוא במשקל,Unknown,0.00,"ק""ג",true,0,45.00,45.00,true,1,
2265702,false,מקרל נורבגי קפוא שקיל,,,מקרל נורבגי קפוא,Unknown,0.00,"ק""ג",true,0,42.00,42.00,true,1,
2265719,false,הרינג נורבגי קפוא שקיל,,,הרינג נורבגי קפוא,Unknown,0.00,"ק""ג",true,0,30.00,30.00,true,1,
2265825,false,סלקה קפוא במשקל,,IL,סלקה קפוא במשקל,Unknown,0.00,"ק""ג",true,0,34.90,34.90,true,1,
2337164,false,מקלות קינמון במשקל,,,מקלות קינמון במשקל,Unknown,0.00,"ק""ג",true,0,38.00,38.00,true,1,
2345435,false,פילה מרלוזה ארגנטינאית,,,פילה מרלוזה קפוא,Unknown,0.00,"ק""ג",true,0,34.00,34.00,true,1,
2345824,false,פרמזנו רגאנו מנות במשקל,,IT,פרמזנו רגאנו מנות במ,Unknown,0.00,"ק""ג",true,0,208.00,208.00,true,1,
2345879,false,פרמזנו רגאנו במשקל,,IT,פרמזנו רגאנו במשקל,Unknown,0.00,"ק""ג",true,0,173.00,173.00,true,1,
2385455,false,בולגרית מעודנת 24% גד במשקל,,,בולגרית מעודנת 24% ג,Unknown,0.00,"ק""ג",true,0,59.00,59.00,true,1,
2400509,false,פילה עגל סקין פריים,,IL,פילה עגל סקין פריים,Unknown,0.00,"ק""ג",true,0,254.90,254.90,true,1,
2400554,false,טיבון טלה סקין פריים,,IL,טיבון טלה סקין פריים,Unknown,0.00,"ק""ג",true,0,144.90,144.90,true,1,
2410010,false,שניצל עגל וינאי קפוא,,,שניצל עגל וינאי קפוא,Unknown,0.00,"ק""ג",true,0,58.90,58.90,true,1,
2410874,false,רבעי פרגיות ממולאות במשקל,,,רבעי פרגיות ממולאות,Unknown,0.00,"ק""ג",true,0,49.80,49.80,true,1,
2478157,false,רבעי פרגיות ממולאות במשקל מתוק,,,רבעי פרגיות ממולאות,Unknown,0.00,"ק""ג",true,0,53.00,53.00,true,1,
2502043,false,לחמניית כריך לבן - מארז 5 יח',בונז'ור,,לחמניה כריך לבן,גרמים,120.00,100 גרם,false,1,3.50,2.92,true,1,
2502050,false,לחמניה כריך חיטה מלא,,,לחמניה כריך חיטה מלא,גרמים,120.00,100 גרם,false,1,3.50,2.92,true,1,
2511137,false,פטה עיזים 20% במשקל,,,פטה עיזים 20% במשקל,Unknown,0.00,"ק""ג",true,0,105.00,105.00,true,1,
2511229,false,בולגרית מעודנת 16% במשקל,,,בולגרית מעודנת 16% ב,Unknown,0.00,"ק""ג",true,0,50.00,50.00,true,1,
2511236,false,גבינה בולגרית מעודנת 5% במשקל,,,גבינה בולגרית מעודנת,גרמים,0.00,"ק""ג",true,0,50.00,50.00,true,1,
2511250,false,גבינת שמנת 30% שום שמיר במשקל,,,גבינת שמנת 30% שום ש,גרמים,0.00,"ק""ג",true,0,45.00,45.00,true,1,
2511281,false,ברינזה צאן במשקל,,,ברינזה צאן במשקל,Unknown,0.00,"ק""ג",true,0,89.00,89.00,true,1,
2511427,false,אצבעות שוקלד וניל במשקל,,,אצבעות שוקלד וניל במ,Unknown,0.00,"ק""ג",true,0,70.00,70.00,true,1,
2511786,false,בולגרית עיזים 22% במשקל,,,בולגרית עיזים 22% במ,Unknown,0.00,"ק""ג",true,0,104.00,104.00,true,1,
2596448,false,חזה בקר כבוש קורנביף קפוא במשקל,,,חזה בקר כבוש קורנביף,Unknown,0.00,"ק""ג",true,0,66.00,66.00,true,1,
2616474,false,סלמון טראוט מעושן,,,סלמון טראוט מעושן,Unknown,0.00,"ק""ג",true,0,188.00,188.00,true,1,
2617471,false,גבינת צדר אנגלית מיושנת במשקל,,,גבינת צדר אנגלית,Unknown,0.00,"ק""ג",true,0,126.00,126.00,true,1,
2617488,false,גבינת צדר אנגלית מיושנת במשקל,,,גבינת צדר אנגלית,Unknown,0.00,"ק""ג",true,0,120.00,120.00,true,1,
2617495,false,גבינת צדר אנגלית עם וויסקי במשקל,,,גבינת צדר אנגלית,Unknown,0.00,"ק""ג",true,0,159.00,159.00,true,1,
2617501,false,גבינת צדר עם חמוציות במשקל,,,גבינת צדר עם חמוציות,Unknown,0.00,"ק""ג",true,0,166.00,166.00,true,1,
2617525,false,צוריסוס טלה קפוא,,,צוריסוס טלה קפוא,Unknown,0.00,"ק""ג",true,0,66.90,66.90,true,1,
2749004,false,נקניק פולטבסקיה חצי יבש מזרע,,,נקניק פולטבסקיה,Unknown,0.00,"ק""ג",true,0,105.00,105.00,true,1,
2749561,false,נקניקיות בוואריה מזרע,,,נקניקיות בוואריה,Unknown,0.00,"ק""ג",true,0,79.00,79.00,true,1,
2749899,false,פילה לבן טרי,,,פילה לבן טרי,Unknown,0.00,"ק""ג",true,0,84.90,84.90,true,1,
2812530,false,גאודה הולנדי עשבי תיבול במשקל,,,גאודה עשבי תיבול,Unknown,0.00,"ק""ג",true,0,102.00,102.00,true,1,
2812531,false,מאסדם עיזים הולנדי במשקל,,,מאסדם עיזים הולנדי,Unknown,0.00,"ק""ג",true,0,189.00,189.00,true,1,
2830245,false,פילה לברק קפוא נטו,,,פילה לברק קפוא,Unknown,0.00,"ק""ג",true,0,59.90,59.90,true,1,
2837046,false,גבינת קרלובסקי במשקל,,,גבינת קרלובסקי במשקל,Unknown,0.00,"ק""ג",true,0,85.00,85.00,true,1,
2837121,false,גבינת פושיחונסקי במשקל,,,גבינת פושיחונסקי במש,Unknown,0.00,"ק""ג",true,0,79.00,79.00,true,1,
2837596,false,גרוייר מילד מרובע במשקל,,CH,גרוייר מילד מרובע במ,Unknown,0.00,"ק""ג",true,0,178.00,178.00,true,1,
2864929,false,פילה סלמון קפוא 0.9-1.4 קג,,,פילה סלמון קפוא,Unknown,0.00,"ק""ג",true,0,89.90,89.90,true,1,
2966050,false,מעדן צמחי בטעם קוויאר שחור,,,מעדן צמחי בטעם קוויא,Unknown,0.00,"ק""ג",true,0,141.60,141.60,true,1,
3006021,false,קוביות מעדן פטה במשקל,,,קוביות מעדן פטה,Unknown,0.00,"ק""ג",true,0,92.00,92.00,true,1,
3006120,false,טאפס שכונתי במשקל,,,טאפס שכונתי במשקל,Unknown,0.00,"ק""ג",true,0,170.00,170.00,true,1,
3018246,false,פיקוליני שישליק אישי במשקל דימוב,,,פיקוליני שישליק אישי,Unknown,0.00,"ק""ג",true,0,165.00,165.00,true,1,
3018598,false,פיקוליני בייקון אישי במשקל דימוב,,,פיקוליני בייקון אישי,Unknown,0.00,"ק""ג",true,0,165.00,165.00,true,1,
3018611,false,פיקוליני גבינה אישי במשקל דימוב,,,פיקוליני גבינה אישי,Unknown,0.00,"ק""ג",true,0,165.00,165.00,true,1,
3018680,false,נקניק קרקובסקיה דימוב,,,נקניק קרקובסקיה,Unknown,0.00,"ק""ג",true,0,109.00,109.00,true,1,
3018703,false,סלמי פינסקיה דימוב,,,סלמי פינסקיה,Unknown,0.00,"ק""ג",true,0,105.00,105.00,true,1,
3018727,false,נקניק וארשבסקיה דימוב,,,נקניק וארשבסקיה,Unknown,0.00,"ק""ג",true,0,112.00,112.00,true,1,
3024766,false,גרעיני דלעת במשקל,,,גרעיני דלעת במשקל,Unknown,0.00,"ק""ג",true,0,43.00,43.00,true,1,
3131105,false,תמר בונבוניירה,,,תמר בונבוניירה,קילוגרמים,0.00,"ק""ג",true,0,69.00,69.00,true,1,
3131150,false,שעועית במשקל,,,שעועית במשקל,Unknown,0.00,"ק""ג",true,0,20.00,20.00,true,1,
3131181,false,מלח לימון במשקל,,,מלח לימון במשקל,Unknown,0.00,"ק""ג",true,0,39.00,39.00,true,1,
3131198,false,כוסברה שלם במשקל,,,כוסברה שלם במשקל,Unknown,0.00,"ק""ג",true,0,39.00,39.00,true,1,
3131204,false,פול ירוק,,,פול ירוק,Unknown,0.00,"ק""ג",true,0,25.00,25.00,true,1,
3131211,false,כוסברה במשקל,,,כוסברה במשקל,Unknown,0.00,"ק""ג",true,0,39.00,39.00,true,1,
3131228,false,פשתן,,,פשתן,Unknown,0.00,"ק""ג",true,0,19.00,19.00,true,1,
3131235,false,עדשים שחורים,,,עדשים שחורים,Unknown,0.00,"ק""ג",true,0,19.00,19.00,true,1,
3131242,false,קוקוס טחון,,,קוקוס טחון,Unknown,0.00,"ק""ג",true,0,39.00,39.00,true,1,
3131266,false,גרעיני חמניה במשקל,,,גרעיני חמניה במשקל,Unknown,0.00,"ק""ג",true,0,40.00,40.00,true,1,
3131297,false,בננה ציפס שטוח,,,בננה ציפס שטוח,Unknown,0.00,"ק""ג",true,0,39.00,39.00,true,1,
3131310,false,בוטן טבעי,,,בוטן טבעי,Unknown,0.00,"ק""ג",true,0,39.00,39.00,true,1,
3131334,false,פפאיה,,,פפאיה,Unknown,0.00,"ק""ג",true,0,45.00,45.00,true,1,
3131341,false,רצועות הדרים מסוכרות,,,רצועות הדרים מסוכרות,Unknown,0.00,"ק""ג",true,0,55.00,55.00,true,1,
3131358,false,שזיף מגולען,,,שזיף מגולען,Unknown,0.00,"ק""ג",true,0,45.00,45.00,true,1,
3131419,false,כוסמת חומה,,,כוסמת חומה,Unknown,0.00,"ק""ג",true,0,15.00,15.00,true,1,
3131464,false,פול בטעם שום,,,פול בטעם שום,Unknown,0.00,"ק""ג",true,0,79.00,79.00,true,1,
3131556,false,קשיו עם קליפה,,,תורמוס,Unknown,0.00,"ק""ג",true,0,15.00,15.00,true,1,
3132058,false,תערובת לסלט בריאות במשקל,,,תערובת לסלט בריאות ב,Unknown,0.00,"ק""ג",true,0,110.00,110.00,true,1,
3132157,false,מקלות קינמון במשקל,,,מקלות קינמון במשקל,Unknown,0.00,"ק""ג",true,0,90.00,90.00,true,1,
3132935,false,כוסברה שלמה,,,כוסברה שלמה,Unknown,0.00,"ק""ג",true,0,40.00,40.00,true,1,
3132997,false,ראס אל חנות במשקל,,,ראס אל חנות במשקל,Unknown,0.00,"ק""ג",true,0,80.00,80.00,true,1,
3133079,false,תבלין לעוף בגריל במשקל,,,תבלין לעוף בגריל במש,Unknown,0.00,"ק""ג",true,0,60.00,60.00,true,1,
3133109,false,תבלין על האש במשקל,,,תבלין על האש במשקל,Unknown,0.00,"ק""ג",true,0,70.00,70.00,true,1,
3189045,false,גבינה צהובה בסגנון הולנדי 26% מעדניה,,,צהובה הולנדית במשקל,קילוגרמים,0.00,"ק""ג",true,0,37.00,37.00,true,1,
3189274,false,צהובה מעושנת במשקל,,,צהובה מעושנת במשקל,קילוגרמים,0.00,"ק""ג",true,0,40.00,40.00,true,1,
3192014,false,פקאן במשקל,,,פקאן במשקל,Unknown,0.00,"ק""ג",true,0,119.00,119.00,true,1,
3192021,false,כוכב אניס במשקל,,,כוכב אניס במשקל,Unknown,0.00,"ק""ג",true,0,139.00,139.00,true,1,
3192106,false,געלה,,,געלה,Unknown,0.00,"ק""ג",true,0,99.00,99.00,true,1,
3192137,false,ציפורן טחון במשקל,,,ציפורן טחון במשקל,Unknown,0.00,"ק""ג",true,0,149.00,149.00,true,1,
3192151,false,פפריקה מתוקה גרוסה במשקל,,,פפריקה מתוקה גרוסה ב,Unknown,0.00,"ק""ג",true,0,54.00,54.00,true,1,
3192168,false,פפריקה חריפה במשקל,,,פפריקה חריפה במשקל,Unknown,0.00,"ק""ג",true,0,54.00,54.00,true,1,
3192175,false,פלפל שחור גרוס עבה,,,פלפל שחור גרוס עבה,Unknown,0.00,"ק""ג",true,0,99.00,99.00,true,1,
3192182,false,קפה אורגני במשקל,,,קפה אורגני במשקל,Unknown,0.00,"ק""ג",true,0,149.00,149.00,true,1,
3192212,false,פלפל שחור גרוס דק במשקל,,,פלפל שחור גרוס דק במ,Unknown,0.00,"ק""ג",true,0,99.00,99.00,true,1,
3192236,false,פלפל שחור שלם במשקל,,,פלפל שחור שלם במשקל,Unknown,0.00,"ק""ג",true,0,99.00,99.00,true,1,
3192304,false,לימון פרסי במשקל,,,לימון פרסי במשקל,Unknown,0.00,"ק""ג",true,0,149.00,149.00,true,1,
3192311,false,עלי דפנה במשקל,,,עלי דפנה במשקל,Unknown,0.00,"ק""ג",true,0,99.00,99.00,true,1,
3192328,false,חליטות תה בטעמים שונים במשקל,,,חליטות תה בטעמים שונ,Unknown,0.00,"ק""ג",true,0,115.00,115.00,true,1,
3192335,false,אגוז מוסקט במשקל,,,אגוז מוסקט במשקל,Unknown,0.00,"ק""ג",true,0,185.00,185.00,true,1,
3192342,false,אגוז מוסקט שלם במשקל,,,אגוז מוסקט שלם במשקל,Unknown,0.00,"ק""ג",true,0,185.00,185.00,true,1,
3192502,false,חמוצים ב-6.90 ₪ ל-100 גר,,,חמוצים בתפזורת,Unknown,0.00,"ק""ג",true,0,69.00,69.00,true,1,
3192519,false,חמוצים ב-4.90 שח ל-100 גר,,,חמוצים ב-4.90 שח ל-1,Unknown,0.00,"ק""ג",true,0,49.00,49.00,true,1,
3192526,false,חמוצים ב-3.90 שח ל100 גר,,,חמוצים ב-3.90 שח ל10,Unknown,0.00,"ק""ג",true,0,39.00,39.00,true,1,
3192533,false,פטריות במשקל,,,פטריות במשקל,Unknown,0.00,"ק""ג",true,0,79.00,79.00,true,1,
3192557,false,אצות ים ב-6.90 ל-100 גר,,,אצות ים ב-6.90 ל-100,Unknown,0.00,"ק""ג",true,0,69.00,69.00,true,1,
3192564,false,תמר מגהול ענק,,,תמר מגהול ענק,Unknown,0.00,"ק""ג",true,0,69.00,69.00,true,1,
3192601,false,תות מיובש במשקל,,,תות מיובש במשקל,Unknown,0.00,"ק""ג",true,0,100.00,100.00,true,1,
3192618,false,צנובר סיני,,,צנובר סיני,Unknown,0.00,"ק""ג",true,0,248.00,248.00,true,1,
3192649,false,קוואקר דק,,,קוואקר דק,Unknown,0.00,"ק""ג",true,0,10.00,10.00,true,1,
3192656,false,חטיפים/מתוקים 7 שח ל100 גר,,,חטיפים/מתוקים 7 שח,Unknown,0.00,"ק""ג",true,0,70.00,70.00,true,1,
3192663,false,חטיפים/מתוקים 8.9 שח ל100 גר,,,חטיפים/מתוקים 8.9 ש,Unknown,0.00,"ק""ג",true,0,89.00,89.00,true,1,
3192748,false,צימוק לבן ענק,,,צימוק לבן ענק,Unknown,0.00,"ק""ג",true,0,49.00,49.00,true,1,
3192854,false,קשיו טבעי במשקל,,,קשיו טבעי במשקל,Unknown,0.00,"ק""ג",true,0,80.00,80.00,true,1,
3192960,false,חמניה מקולף,,,חמניה מקולף,Unknown,0.00,"ק""ג",true,0,29.00,29.00,true,1,
3192977,false,דלעת מקולפת,,,דלעת מקולפת,Unknown,0.00,"ק""ג",true,0,59.00,59.00,true,1,
3211074,false,שומשום לבן במשקל,,,שומשום לבן במשקל,Unknown,0.00,"ק""ג",true,0,29.00,29.00,true,1,
3211098,false,שזיף אמריקאי,,,שזיף אמריקאי,Unknown,0.00,"ק""ג",true,0,45.00,45.00,true,1,
3211104,false,צימוק חום,,,צימוק חום,Unknown,0.00,"ק""ג",true,0,49.00,49.00,true,1,
3211128,false,בוטנים מסוכרים,,,בוטנים מסוכרים,Unknown,0.00,"ק""ג",true,0,45.00,45.00,true,1,
3211159,false,עדשים אדומים,,,עדשים אדומים,Unknown,0.00,"ק""ג",true,0,16.00,16.00,true,1,
3211173,false,בורגול דק,,,בורגול דק,Unknown,0.00,"ק""ג",true,0,9.00,9.00,true,1,
3211203,false,תאנים מיובשות במשקל,,,תאנים מיובשות במשקל,Unknown,0.00,"ק""ג",true,0,59.00,59.00,true,1,
3211227,false,משמש חום טבעי,,,משמש חום טבעי,Unknown,0.00,"ק""ג",true,0,79.00,79.00,true,1,
3211234,false,פפריקה מתוקה במשקל,,,פפריקה מתוקה במשקל,Unknown,0.00,"ק""ג",true,0,49.00,49.00,true,1,
3211241,false,שום גבישי שקיל,,,שום גבישי שקיל,Unknown,0.00,"ק""ג",true,0,99.00,99.00,true,1,
3211258,false,קינמון טחון במשקל,,,קינמון טחון במשקל,Unknown,0.00,"ק""ג",true,0,59.00,59.00,true,1,
3211265,false,תבלין לפיצה במשקל,,,תבלין לפיצה במשקל,Unknown,0.00,"ק""ג",true,0,70.00,70.00,true,1,
3211326,false,חומוס קלוי,,,חומוס קלוי,Unknown,0.00,"ק""ג",true,0,60.00,60.00,true,1,
3211357,false,צימוק לבן קטן,,,צימוק לבן קטן,Unknown,0.00,"ק""ג",true,0,49.00,49.00,true,1,
3211364,false,חלבה במשקל,,,חלבה במשקל,Unknown,0.00,"ק""ג",true,0,60.00,60.00,true,1,
3211371,false,פרג,,,פרג,Unknown,0.00,"ק""ג",true,0,59.00,59.00,true,1,
3211432,false,פיסטוק חלבי מקולף,,,פיסטוק חלבי מקולף,Unknown,0.00,"ק""ג",true,0,189.00,189.00,true,1,
3211449,false,כוסברה ירק במשקל,,,כוסברה ירק במשקל,Unknown,0.00,"ק""ג",true,0,130.00,130.00,true,1,
3211456,false,בצל מטוגן במשקל,,,בצל מטוגן במשקל,Unknown,0.00,"ק""ג",true,0,79.00,79.00,true,1,
3211593,false,זעתר עם שומשום במשקל,,,זעתר עם שומשום במשקל,Unknown,0.00,"ק""ג",true,0,65.00,65.00,true,1,
3211623,false,פלפל אנגלי שלם במשקל,,,פלפל אנגלי שלם במשקל,Unknown,0.00,"ק""ג",true,0,89.00,89.00,true,1,
3211654,false,עלי גפן ממולאים באורז,,,עלי גפן ממולאים באור,Unknown,0.00,"ק""ג",true,0,69.00,69.00,true,1,
3211739,false,אננס צהוב עיגולים,,,אננס צהוב עיגולים,Unknown,0.00,"ק""ג",true,0,49.00,49.00,true,1,
3211760,false,תבלין לשווארמה במשקל,,,תבלין לשווארמה במשקל,Unknown,0.00,"ק""ג",true,0,70.00,70.00,true,1,
3211777,false,תבלין לגריל עוף במשקל,,,תבלין לגריל עוף במשק,Unknown,0.00,"ק""ג",true,0,69.00,69.00,true,1,
3211791,false,שום פלחים במשקל,,,שום פלחים במשקל,Unknown,0.00,"ק""ג",true,0,99.00,99.00,true,1,
3211807,false,תבלין לדג במשקל,,,תבלין לדג במשקל,Unknown,0.00,"ק""ג",true,0,79.00,79.00,true,1,
3211814,false,תבלין לפרגיות במשקל,,,תבלין לפרגיות במשקל,Unknown,0.00,"ק""ג",true,0,69.00,69.00,true,1,
3211890,false,סוכריות גומי במשקל,,,סוכריות גומי במשקל,Unknown,0.00,"ק""ג",true,0,69.00,69.00,true,1,
3211913,false,זנגביל מסוכר,,,זנגביל מסוכר,Unknown,0.00,"ק""ג",true,0,49.00,49.00,true,1,
3211944,false,חוואג לקפה במשקל,,,חוואג לקפה במשקל,Unknown,0.00,"ק""ג",true,0,79.00,79.00,true,1,
3211968,false,סומק במשקל,,,סומק במשקל,Unknown,0.00,"ק""ג",true,0,79.00,79.00,true,1,
3211999,false,פריכיות אורז ריזוטו במשקל,,,פריכיות אורז ריזוטו,Unknown,0.00,"ק""ג",true,0,79.00,79.00,true,1,
3213009,false,חרדל צהוב במשקל,,,חרדל צהוב במשקל,Unknown,0.00,"ק""ג",true,0,49.00,49.00,true,1,
3213054,false,הל שלם במשקל,,,הל שלם במשקל,Unknown,0.00,"ק""ג",true,0,289.00,289.00,true,1,
3213061,false,קצח במשקל,,,קצח במשקל,Unknown,0.00,"ק""ג",true,0,79.00,79.00,true,1,
3213078,false,תבלין טוסקנה,,,תבלין טוסקנה,Unknown,0.00,"ק""ג",true,0,79.00,79.00,true,1,
3213092,false,בונדוק לא קלוי,,,בונדוק לא קלוי,Unknown,0.00,"ק""ג",true,0,89.00,89.00,true,1,
3213108,false,פול יפני במשקל,,,פול יפני במשקל,Unknown,0.00,"ק""ג",true,0,60.00,60.00,true,1,
3213160,false,כורכום במשקל,,,כורכום במשקל,Unknown,0.00,"ק""ג",true,0,89.00,89.00,true,1,
3213177,false,פילדפיה במשקל,,,פילדפיה במשקל,Unknown,0.00,"ק""ג",true,0,90.00,90.00,true,1,
3213191,false,צילי מתוק גרוס במשקל,,,צילי מתוק גרוס במשקל,Unknown,0.00,"ק""ג",true,0,90.00,90.00,true,1,
3213207,false,צילי חריף גרוס במשקל,,,צילי חריף גרוס במשקל,Unknown,0.00,"ק""ג",true,0,90.00,90.00,true,1,
3213238,false,חיטה,,,חיטה,Unknown,0.00,"ק""ג",true,0,8.00,8.00,true,1,
3213306,false,כמון מזרחי במשקל,,,כמון מזרחי במשקל,Unknown,0.00,"ק""ג",true,0,89.00,89.00,true,1,
3213313,false,בהרט במשקל,,,בהרט במשקל,Unknown,0.00,"ק""ג",true,0,89.00,89.00,true,1,
3213320,false,קימל טחון במשקל,,,קימל טחון במשקל,Unknown,0.00,"ק""ג",true,0,89.00,89.00,true,1,
3213337,false,חוואג למרק במשקל,,,חוואג למרק במשקל,Unknown,0.00,"ק""ג",true,0,89.00,89.00,true,1,
3213344,false,חמוציות במשקל,,,חמוציות במשקל,Unknown,0.00,"ק""ג",true,0,80.00,80.00,true,1,
3213351,false,שקדים בדבש,,,שקדים בדבש,Unknown,0.00,"ק""ג",true,0,89.00,89.00,true,1,
3213375,false,שקד טבעי,,,שקד טבעי,Unknown,0.00,"ק""ג",true,0,89.00,89.00,true,1,
3213382,false,אגוז מלך,,,אגוז מלך,Unknown,0.00,"ק""ג",true,0,79.00,79.00,true,1,
3213399,false,אגוז ברזיל,,,אגוז ברזיל,Unknown,0.00,"ק""ג",true,0,99.00,99.00,true,1,
3213405,false,קיווי במשקל,,,קיווי במשקל,Unknown,0.00,"ק""ג",true,0,100.00,100.00,true,1,
3213436,false,זנגביל שלם במשקל,,,זנגביל שלם במשקל,Unknown,0.00,"ק""ג",true,0,79.00,79.00,true,1,
3213443,false,אננס טבעי,,,אננס טבעי,Unknown,0.00,"ק""ג",true,0,109.00,109.00,true,1,
3213498,false,תפוח עץ מיובש טבעות במשקל,,,תפוח עץ מיובש טבעות,Unknown,0.00,"ק""ג",true,0,69.00,69.00,true,1,
3213559,false,בננה מיובשת,,,בננה מיובשת,Unknown,0.00,"ק""ג",true,0,99.00,99.00,true,1,
3213573,false,משמש מיובש אוזבקי במשקל,,,משמש מיובש אוזבקי,Unknown,0.00,"ק""ג",true,0,79.00,79.00,true,1,
3213603,false,מנגו רצועות טבעי,,,מנגו רצועות טבעי,Unknown,0.00,"ק""ג",true,0,119.00,119.00,true,1,
3213634,false,תפוע קוביות בקינמון,,,תפוע קוביות בקינמון,Unknown,0.00,"ק""ג",true,0,99.00,99.00,true,1,
3213641,false,תערובת לסלט במשקל,,,תערובת לסלט במשקל,Unknown,0.00,"ק""ג",true,0,100.00,100.00,true,1,
3213672,false,פלפל אדום מתוק במשקל,,,פלפל אדום מתוק במשקל,Unknown,0.00,"ק""ג",true,0,100.00,100.00,true,1,
3213696,false,משוקלדים במשקל,,,משוקלדים במשקל,Unknown,0.00,"ק""ג",true,0,100.00,100.00,true,1,
3213733,false,תערובת לאורז במשקל,,,תערובת לאורז במשקל,Unknown,0.00,"ק""ג",true,0,110.00,110.00,true,1,
3213757,false,קשיו בדבש,,,קשיו בדבש,Unknown,0.00,"ק""ג",true,0,110.00,110.00,true,1,
3213764,false,פקאן מסוכר,,,פקאן מסוכר,Unknown,0.00,"ק""ג",true,0,120.00,120.00,true,1,
3213771,false,פלפל שחור טחון במשקל,,,פלפל שחור טחון במשקל,Unknown,0.00,"ק""ג",true,0,120.00,120.00,true,1,
3213788,false,פלפל לבן במשקל,,,פלפל לבן במשקל,Unknown,0.00,"ק""ג",true,0,149.00,149.00,true,1,
3213832,false,שקד מולבן פרוס/חצוי/טחון/שלם,,,שקד מולבן פרוס/חצוי/,Unknown,0.00,"ק""ג",true,0,99.00,99.00,true,1,
3213849,false,רצועות קוקוס,,,רצועות קוקוס,Unknown,0.00,"ק""ג",true,0,79.00,79.00,true,1,
3213863,false,מנגו רצועות מסוכר,,,מנגו רצועות מסוכר,Unknown,0.00,"ק""ג",true,0,79.00,79.00,true,1,
3213870,false,גרעיני ציה במשקל,,,גרעיני זרעי ציה,Unknown,0.00,"ק""ג",true,0,29.00,29.00,true,1,
3213887,false,טימין במשקל,,,טימין במשקל,Unknown,0.00,"ק""ג",true,0,130.00,130.00,true,1,
3213900,false,פטרוזיליה במשקל,,,פטרוזיליה במשקל,Unknown,0.00,"ק""ג",true,0,130.00,130.00,true,1,
3213924,false,אורגנו ספרדרי במשקל,,,אורגנו ספרדרי במשקל,Unknown,0.00,"ק""ג",true,0,130.00,130.00,true,1,
3213931,false,בזיליקום במשקל,,,בזיליקום במשקל,Unknown,0.00,"ק""ג",true,0,99.00,99.00,true,1,
3213948,false,רוזמרין,,,רוזמרין,Unknown,0.00,"ק""ג",true,0,99.00,99.00,true,1,
3345397,false,באס טרי 500/600,,,באס טרי 500-600 נטו,Unknown,0.00,"ק""ג",true,0,54.90,54.90,true,1,
3345724,false,שוקיים עוף בלי עור,,,שוקיים עוף בלי עור,Unknown,0.00,"ק""ג",true,0,34.90,34.90,true,1,
3345731,false,כרעיים ללא עור ושומן,,,כרעיים ללא עור ושומן,Unknown,0.00,"ק""ג",true,0,27.90,27.90,true,1,
3362325,false,מיקס פיצוחים,,,מיקס פיצוחים,Unknown,0.00,"ק""ג",true,0,90.00,90.00,true,1,
3464562,false,סטייק סינטה עגל טרי,,,סטייק סינטה עגל,Unknown,0.00,"ק""ג",true,0,104.90,104.90,true,1,
3571550,false,"סטייק טונה אלבקור בד""ץ",,VN,סטייק טונה אלבקור קפ,Unknown,0.00,"ק""ג",true,0,50.90,50.90,true,1,
3648016,false,מקרל בואקום במשקל,,,מקרל בואקום במשקל,Unknown,0.00,"ק""ג",true,0,95.00,95.00,true,1,
3692972,false,גבינה שמנת 30%,,,גבינה שמנת 30%,Unknown,0.00,"ק""ג",true,0,56.00,56.00,true,1,
3800001,false,כנפיים טרי לוקס,,,כנפיים טרי לוקס,Unknown,0.00,"ק""ג",true,0,21.90,21.90,true,1,
3800513,false,פילה עוף טרי,,,פילה עוף טרי,Unknown,0.00,"ק""ג",true,0,39.90,39.90,true,1,
4000257,false,טחון בקר+כבש,,,טחון בקר וכבש,Unknown,0.00,"ק""ג",true,0,69.90,69.90,true,1,
4050030,false,פסטרמה קופצסקיה מזרע,,,פסטרמה קופצסקיה מזרע,Unknown,0.00,"ק""ג",true,0,105.00,105.00,true,1,
4050191,false,נקניק סלמי הונגרי,,,נקניק סלמי הונגרי,Unknown,0.00,"ק""ג",true,0,175.00,175.00,true,1,
4050207,false,פסטרמה רולדה פיטרסקייה מזרע,,,רולדה פיטרסקייה,Unknown,0.00,"ק""ג",true,0,95.00,95.00,true,1,
4050269,false,קוטלט צלע קפוא מעובד,,,קוטלט צלע קפוא,Unknown,0.00,"ק""ג",true,0,59.90,59.90,true,1,
4050283,false,פפרוני עגל במשקל,,,פפרוני עגל במשקל,Unknown,0.00,"ק""ג",true,0,165.00,165.00,true,1,
4050368,false,סלמי קופצסקי סרוולט,,,סלמי קופצסקי סרוולט,Unknown,0.00,"ק""ג",true,0,110.00,110.00,true,1,
4050382,false,סלמי ספרטק,,,סלמי ספרטק,Unknown,0.00,"ק""ג",true,0,150.00,150.00,true,1,
4050429,false,קבנוס אוחוטניצי קולבסי,,,קבנוס אוחוטניצי קולב,Unknown,0.00,"ק""ג",true,0,125.00,125.00,true,1,
4050443,false,בייקון במשקל,,,בייקון במשקל,Unknown,0.00,"ק""ג",true,0,200.00,200.00,true,1,
4050559,false,מורטדלה איטלקית זיתים מזרע,,,מורטדלה איטלקית זיתי,Unknown,0.00,"ק""ג",true,0,66.00,66.00,true,1,
4050597,false,פרושוטו,,,פרושוטו,Unknown,0.00,"ק""ג",true,0,312.00,312.00,true,1,
4050801,false,לשון בקר איטלקי,,,לשון בקר איטלקי,Unknown,0.00,"ק""ג",true,0,135.00,135.00,true,1,
4050894,false,נקניק סלמי כפרי,,,נקניק סלמי כפרי,Unknown,0.00,"ק""ג",true,0,175.00,175.00,true,1,
4051006,false,קישקע ארוז קפוא מזרע,,,קישקע קפוא מזרע,Unknown,0.00,"ק""ג",true,0,44.90,44.90,true,1,
4051013,false,בלוק פטה כבד עוף,,,בלוק פטה כבד עוף,Unknown,0.00,"ק""ג",true,0,85.00,85.00,true,1,
4051037,false,נקניקיות סליווצנה,,,נקניקיות סליווצנה,Unknown,0.00,"ק""ג",true,0,60.00,60.00,true,1,
4051082,false,קורנביף במשקל,,,קורנביף במשקל,Unknown,0.00,"ק""ג",true,0,120.00,120.00,true,1,
4051174,false,סרוולט אוסטרי במשקל,,,סרוולט אוסטרי,Unknown,0.00,"ק""ג",true,0,175.00,175.00,true,1,
4051204,false,פסטרמה הודו עם אווז,,,פסטרמה הודו עם אווז,Unknown,0.00,"ק""ג",true,0,135.00,135.00,true,1,
4051402,false,צוואר מעושן במשקל,,,צוואר מעושן במשקל,Unknown,0.00,"ק""ג",true,0,170.00,170.00,true,1,
4051457,false,שוק מעושן במשקל,,,שוק מעושנת במשקל,Unknown,0.00,"ק""ג",true,0,100.00,100.00,true,1,
4051464,false,נקניק סלמי מילאנו,,,נקניק סלמי מילאנו,Unknown,0.00,"ק""ג",true,0,155.00,155.00,true,1,
4051495,false,בוזנינה כפרית במשקל,,,בוזנינה כפרית במשקל,Unknown,0.00,"ק""ג",true,0,170.00,170.00,true,1,
4051563,false,נקניק סלמי צרפתי,,,נקניק סלמי צרפתי,Unknown,0.00,"ק""ג",true,0,175.00,175.00,true,1,
4051594,false,נקניק סלמי פארמה במשקל,,,נקניק סלמי פארמה,Unknown,0.00,"ק""ג",true,0,105.00,105.00,true,1,
4051600,false,נקניק פיין סלמי,,,נקניק פיין סלמי,Unknown,0.00,"ק""ג",true,0,105.00,105.00,true,1,
4051617,false,נקניק סלמי רוונה במשקל,,,נקניק סלמי רוונה,Unknown,0.00,"ק""ג",true,0,100.00,100.00,true,1,
4051785,false,מורטדלה איטלקית,,,מורטדלה איטלקית,Unknown,0.00,"ק""ג",true,0,70.00,70.00,true,1,
4052034,false,נקניק מוסקובסקיה -מזרע,,,נקניק מוסקובסקיה,Unknown,0.00,"ק""ג",true,0,115.00,115.00,true,1,
4052065,false,גרודינקה בייקון,,,גרודינקה בייקון,Unknown,0.00,"ק""ג",true,0,220.00,220.00,true,1,
4052072,false,סלה דומשניה,,,סלה דומשניה,Unknown,0.00,"ק""ג",true,0,105.00,105.00,true,1,
4052096,false,סלה הונגרי-מזרע,,,סלה הונגרי,Unknown,0.00,"ק""ג",true,0,100.00,100.00,true,1,
4052102,false,עוף מעושן בטעם רוסי במשקל,,,עוף מעושן בטעם רוסי,Unknown,0.00,"ק""ג",true,0,75.00,75.00,true,1,
4052119,false,חטיפי קבנוס רו,,,חטיפי קבנוס רו,Unknown,0.00,"ק""ג",true,0,179.00,179.00,true,1,
4052164,false,קוטלט צוואר קפוא מעובד,,,קוטלט צוואר קפוא,Unknown,0.00,"ק""ג",true,0,59.90,59.90,true,1,
4052188,false,חזה הודו מעושן בגריל במשקל,,,חזה הודו מעושן בגריל,Unknown,0.00,"ק""ג",true,0,80.00,80.00,true,1,
4052348,false,קבנוס מזרע,,,קבנוס מזרע,Unknown,0.00,"ק""ג",true,0,100.00,100.00,true,1,
4052386,false,פסטרמה אסאדו לבן במשקל,,,פסטרמה אסאדו לבן במש,Unknown,0.00,"ק""ג",true,0,140.00,140.00,true,1,
4052423,false,ברזאולה,,,ברזאולה,Unknown,0.00,"ק""ג",true,0,295.00,295.00,true,1,
4052577,false,שווארמה הודו צועני במשקל,,,שווארמה הודו צועני,Unknown,0.00,"ק""ג",true,0,125.00,125.00,true,1,
4052652,false,רו בייקון במשקל,,,רו בייקון במשקל,Unknown,0.00,"ק""ג",true,0,260.00,260.00,true,1,
4052676,false,נקניקיות פרגית במשקל מזרע,,,נקניקיות פרגית במשקל,Unknown,0.00,"ק""ג",true,0,36.00,36.00,true,1,
4052775,false,נקניקיות 100 פרנקפורטר,,,נקניקיות 100 פרנקפור,Unknown,0.00,"ק""ג",true,0,65.00,65.00,true,1,
4052799,false,פסטרמה לבנה,,,פסטרמה לבנה,Unknown,0.00,"ק""ג",true,0,120.00,120.00,true,1,
4052966,false,נקניק תה רחב במשקל,,,נקניק תה במשקל,Unknown,0.00,"ק""ג",true,0,65.00,65.00,true,1,
4052973,false,רוסטביף ללא חומר משמר במשקל,,,רוסטביף,Unknown,0.00,"ק""ג",true,0,195.00,195.00,true,1,
4053000,false,נקניק רו סרוולט,,,נקניק רו סרוולט,Unknown,0.00,"ק""ג",true,0,165.00,165.00,true,1,
4053017,false,נקניק סלמי הרץ מזרע,,,נקניק סלמי הרץ מזרע,Unknown,0.00,"ק""ג",true,0,152.00,152.00,true,1,
4053024,false,נקניק פפרוני,,,נקניק פפרוני,Unknown,0.00,"ק""ג",true,0,165.00,165.00,true,1,
4053161,false,נקניק רוסקי סרוולט,,,נקניק רוסקי סרוולט,Unknown,0.00,"ק""ג",true,0,165.00,165.00,true,1,
4053215,false,פסטרמה על האש,,,פסטרמה על האש,Unknown,0.00,"ק""ג",true,0,139.00,139.00,true,1,
4053246,false,בסטרומה ארמנית דל שומןמזרע,,,"בסטרומה ארמנית ד""ש",Unknown,0.00,"ק""ג",true,0,210.00,210.00,true,1,
4053413,false,קרביינקה,,,קרביינקה,Unknown,0.00,"ק""ג",true,0,80.00,80.00,true,1,
4053710,false,פסטרמה חזה הודו מקסיקני,,,פסטרמה חזה הודו,Unknown,0.00,"ק""ג",true,0,80.00,80.00,true,1,
4054014,false,שינקן מעושן במשקל,,,שינקן מעושן במשקל,Unknown,0.00,"ק""ג",true,0,130.00,130.00,true,1,
4054021,false,שינקן פולני פולני חצי במשקל,,,שינקן פולני במשקל,Unknown,0.00,"ק""ג",true,0,120.00,120.00,true,1,
4054038,false,שינקן צועני במשקל,,,שינקן צועני במשקל,Unknown,0.00,"ק""ג",true,0,120.00,120.00,true,1,
4054366,false,סלמי מוסקובסקי סרוולט,,,מוסקובסקי סרוולד,Unknown,0.00,"ק""ג",true,0,160.00,160.00,true,1,
4054373,false,סלמי פינלנד,,,סלמי פינלנד,Unknown,0.00,"ק""ג",true,0,160.00,160.00,true,1,
4054380,false,סלמי זרניסטיה,,,סלמי זרניסטיה,Unknown,0.00,"ק""ג",true,0,160.00,160.00,true,1,
4054397,false,פרושוטו רוסי,,,פרושוטו רוסי,Unknown,0.00,"ק""ג",true,0,215.00,215.00,true,1,
4054427,false,שוק חזירון בלי עצם,,,פסטרמה שוק חזירון,Unknown,0.00,"ק""ג",true,0,110.00,110.00,true,1,
4054434,false,וצינה מוסקובסקיה,,,וצינה מוסקובסקיה,Unknown,0.00,"ק""ג",true,0,150.00,150.00,true,1,
4054946,false,סלמי קרמליובסקי סרוולט,,,סלמי קרמליובסקי,Unknown,0.00,"ק""ג",true,0,100.00,100.00,true,1,
4054953,false,סרוולט איטלקי,,,סרוולט איטלקי,Unknown,0.00,"ק""ג",true,0,115.00,115.00,true,1,
4054960,false,נקניק סבינייה,,,נקניק סבינייה,Unknown,0.00,"ק""ג",true,0,190.00,190.00,true,1,
4055103,false,נקניקיות עגל במשקל,,,נקניקיות עגל במשקל,Unknown,0.00,"ק""ג",true,0,50.00,50.00,true,1,
4055233,false,נקניק פודקובה,,,נקניק פודקובה,Unknown,0.00,"ק""ג",true,0,75.00,75.00,true,1,
4055479,false,פסטרמה בקר בפלפל,,,פסטרמה בקר בפלפל,Unknown,0.00,"ק""ג",true,0,125.00,125.00,true,1,
4055608,false,פריזר איטלקי,,,פריזר איטלקי,Unknown,0.00,"ק""ג",true,0,62.00,62.00,true,1,
4055615,false,פריזר עגל,,,פריזר עגל,Unknown,0.00,"ק""ג",true,0,45.00,45.00,true,1,
4055769,false,נקניק לוביטליסקיה,,,נקניק לוביטליסקיה,Unknown,0.00,"ק""ג",true,0,105.00,105.00,true,1,
4055813,false,נקניק טורו מבשר בקר,,,נקניק טורו מבשר בקר,Unknown,0.00,"ק""ג",true,0,135.00,135.00,true,1,
4055943,false,לקס עגל,,,לקס עגל,Unknown,0.00,"ק""ג",true,0,220.00,220.00,true,1,
4068400,false,קאשקבל במשקל,,,קאשקבל במשקל,Unknown,0.00,"ק""ג",true,0,129.00,129.00,true,1,
4068585,false,גאודה עזים משולשים במשקל,,,גאודה עזים משולשים ב,Unknown,0.00,"ק""ג",true,0,131.00,131.00,true,1,
4128401,false,פטה פיראוס 20% במשקל,,,פטה פיראוס 20% במשקל,Unknown,0.00,"ק""ג",true,0,111.00,111.00,true,1,
4135324,false,בולגרית פיראוס מעודנת 5% במשקל,,,בולגרית פיראוס מעודנ,Unknown,0.00,"ק""ג",true,0,49.00,49.00,true,1,
4234256,false,ברווז קפוא,,,ברווז קפוא,Unknown,0.00,"ק""ג",true,0,54.90,54.90,true,1,
4244484,false,פילה אמנון עם עור 5-7,,,פילה אמנון עם עור 5-,Unknown,0.00,"ק""ג",true,0,24.90,24.90,true,1,
4281526,false,רצועות להקפצה טרי סקין,,IL,רצועות להקפצה חוות.ב,Unknown,0.00,"ק""ג",true,0,104.90,104.90,true,1,
4281564,false,שניצל וינאי טרי סקין,,IL,שניצל וינאי חוות.ב,Unknown,0.00,"ק""ג",true,0,109.90,109.90,true,1,
4281588,false,אוסובוקו פרימיום טרי,,IL,אוסובוקו פרימיום ח.ב,Unknown,0.00,"ק""ג",true,0,69.90,69.90,true,1,
4281595,false,שריר טרי סקין,,IL,שריר טרי חוות.ב,Unknown,0.00,"ק""ג",true,0,79.90,79.90,true,1,
4364526,false,אומצת צלע בקר טרי,,IL,אומצת צלע בקר חוות.ב,Unknown,0.00,"ק""ג",true,0,169.90,169.90,true,1,
4412005,false,מיני אבטיח,,,מיני אבטיח,Unknown,0.00,"ק""ג",true,0,8.90,8.90,true,1,
4412029,false,גוגיברי,,,פול,Unknown,0.00,"ק""ג",true,0,14.90,14.90,true,1,
4412036,false,פלפל שושקה,,,פלפל שושקה,Unknown,0.00,"ק""ג",true,0,14.90,14.90,true,1,
4412043,false,אגס בוסק,,,אגס בוסק,Unknown,0.00,"ק""ג",true,0,15.90,15.90,true,1,
4412128,false,קובו,,,קובו,Unknown,0.00,"ק""ג",true,0,29.90,29.90,true,1,
4412135,false,לוף,,,לוף,Unknown,0.00,"ק""ג",true,0,19.90,19.90,true,1,
4412142,false,"תפו""ע גאלה",,,תפוע גאלה,Unknown,0.00,"ק""ג",true,0,14.90,14.90,true,1,
4412166,false,אשכולית אדומה,,,אשכולית אדומה,Unknown,0.00,"ק""ג",true,0,8.90,8.90,true,1,
4412173,false,"תפו""ע ענה",,,תפוע ענה,Unknown,0.00,"ק""ג",true,0,19.90,19.90,true,1,
4412210,false,זנגביל,,,זנגביל,Unknown,0.00,"ק""ג",true,0,29.90,29.90,true,1,
4412227,false,"תפו""א אדום",,,תפוא אדום,Unknown,0.00,"ק""ג",true,0,6.90,6.90,true,1,
4412265,false,פיטיה,,,פיטיה,Unknown,0.00,"ק""ג",true,0,34.90,34.90,true,1,
4412272,false,שזיף שגיב מאורך,,,שזיף שגיב מאורך,Unknown,0.00,"ק""ג",true,0,22.90,22.90,true,1,
4412289,false,תפוזינה,,,תפוזינה,Unknown,0.00,"ק""ג",true,0,8.90,8.90,true,1,
4412319,false,בטטה,,,בטטה,Unknown,0.00,"ק""ג",true,0,12.90,12.90,true,1,
4412340,false,קלמנטינה,,,קלמנטינה,Unknown,0.00,"ק""ג",true,0,9.90,9.90,true,1,
4412357,false,רימון,,,רימון,Unknown,0.00,"ק""ג",true,0,11.90,11.90,true,1,
4412364,false,דלעת ערמונים,,,דלעת ערמונים,Unknown,0.00,"ק""ג",true,0,19.90,19.90,true,1,
4412371,false,תמר מגהול,,,תמר מגהול,Unknown,0.00,Unknown,false,0,32.90,32.90,true,1,
4412388,false,שומר,,,שומר,Unknown,0.00,"ק""ג",true,0,7.90,7.90,true,1,
4412395,false,תפוז ברשת,,,תפוז ברשת,Unknown,0.00,"ק""ג",true,0,8.90,8.90,true,1,
4412418,false,קיווי,,,קיווי,Unknown,0.00,"ק""ג",true,0,17.90,17.90,true,1,
4412425,false,גויבות,,,גויבות,Unknown,0.00,"ק""ג",true,0,24.90,24.90,true,1,
4412432,false,תפוזים,,,תפוזים,Unknown,0.00,"ק""ג",true,0,8.90,8.90,true,1,
4412449,false,"תפו""ע יהונתן",,,תפוע יהונתן,Unknown,0.00,"ק""ג",true,0,19.90,19.90,true,1,
4412456,false,"תפו""ע חרמון",,,תפוע חרמון,Unknown,0.00,"ק""ג",true,0,14.90,14.90,true,1,
4412463,false,"תפו""ע מוזהב",,,תפוע מוזהב,Unknown,0.00,"ק""ג",true,0,14.90,14.90,true,1,
4412470,false,"תפו""ע סמיט",,,תפוע סמיט,Unknown,0.00,"ק""ג",true,0,14.90,14.90,true,1,
4412487,false,שזיף אדום,,,שזיף אדום,Unknown,0.00,"ק""ג",true,0,21.90,21.90,true,1,
4412500,false,בצל אדום,,,בצל אדום,Unknown,0.00,"ק""ג",true,0,8.90,8.90,true,1,
4412524,false,פומלית,,,פומלית,Unknown,0.00,"ק""ג",true,0,8.90,8.90,true,1,
4412531,false,ענבים ירוקים,,,ענבים ירוקים,Unknown,0.00,"ק""ג",true,0,29.90,29.90,true,1,
4412548,false,ענבים שחורים,,,ענבים שחורים,Unknown,0.00,"ק""ג",true,0,29.90,29.90,true,1,
4412579,false,מנגו,,,מנגו,Unknown,0.00,"ק""ג",true,0,17.90,17.90,true,1,
4412586,false,לימון,,,לימון,Unknown,0.00,"ק""ג",true,0,9.90,9.90,true,1,
4412616,false,בננות,,,בננות,Unknown,0.00,"ק""ג",true,0,9.90,9.90,true,1,
4412623,false,אגסים,,,אגסים,Unknown,0.00,"ק""ג",true,0,15.90,15.90,true,1,
4412630,false,אשכוליות,,,אשכוליות,Unknown,0.00,"ק""ג",true,0,8.90,8.90,true,1,
4412647,false,אבוקדו,,,אבוקדו,Unknown,0.00,"ק""ג",true,0,17.90,17.90,true,1,
4412654,false,אפרסמון,,,אפרסמון,Unknown,0.00,"ק""ג",true,0,19.90,19.90,true,1,
4412678,false,"תפו""א לבן",,,תפוא לבן,Unknown,0.00,"ק""ג",true,0,6.90,6.90,true,1,
4412685,false,פומלה,,,פומלה,Unknown,0.00,"ק""ג",true,0,12.90,12.90,true,1,
4412708,false,קולרבי,,,קולורבי,Unknown,0.00,"ק""ג",true,0,12.90,12.90,true,1,
4412715,false,קשואים,,,קישואים,Unknown,0.00,"ק""ג",true,0,9.90,9.90,true,1,
4412722,false,פרסה,,,פרסה,Unknown,0.00,"ק""ג",true,0,19.90,19.90,true,1,
4412746,false,פלפל חריף,,,פלפל חריף,Unknown,0.00,"ק""ג",true,0,11.90,11.90,true,1,
4412760,false,פלפל ירוק,,,פלפל ירוק,Unknown,0.00,"ק""ג",true,0,9.90,9.90,true,1,
4412777,false,פלפל צהוב,,,פלפל צהוב,Unknown,0.00,"ק""ג",true,0,12.90,12.90,true,1,
4412784,false,עגבניות,,,עגבניות,Unknown,0.00,"ק""ג",true,0,9.90,9.90,true,1,
4412791,false,סלק,,,סלק,Unknown,0.00,"ק""ג",true,0,7.90,7.90,true,1,
4412807,false,מלון,,,מלון,Unknown,0.00,"ק""ג",true,0,8.90,8.90,true,1,
4412814,false,מלפפונים,,,מלפפונים,Unknown,0.00,"ק""ג",true,0,8.90,8.90,true,1,
4412821,false,לפת,,,לפת,Unknown,0.00,"ק""ג",true,0,9.90,9.90,true,1,
4412838,false,כרובית,,,כרובית,Unknown,0.00,"ק""ג",true,0,14.90,14.90,true,1,
4412845,false,כרוב אדום,,,כרוב אדום,Unknown,0.00,"ק""ג",true,0,8.90,8.90,true,1,
4412852,false,כרוב לבן,,,כרוב לבן,Unknown,0.00,"ק""ג",true,0,6.90,6.90,true,1,
4412869,false,חצילים,,,חצילים,Unknown,0.00,"ק""ג",true,0,8.90,8.90,true,1,
4412876,false,דלעת,,,דלעת,Unknown,0.00,"ק""ג",true,0,13.90,13.90,true,1,
4412883,false,גזר,,,גזר,Unknown,0.00,"ק""ג",true,0,5.90,5.90,true,1,
4412906,false,אבטיח,,,אבטיח,Unknown,0.00,"ק""ג",true,0,8.90,8.90,true,1,
4412913,false,דלורית,,,דלורית,Unknown,0.00,"ק""ג",true,0,6.90,6.90,true,1,
4412920,false,מלפפון ארוז,,,מלפפון בייבי ארוז,Unknown,0.00,Unknown,false,0,12.90,12.90,true,1,
4412999,false,קישוא זוקיני צהוב,,,קישוא זוקיני צהוב,Unknown,0.00,"ק""ג",true,0,9.90,9.90,true,1,
4418021,false,חציל בלאדי,,,חציל בלאדי,Unknown,0.00,"ק""ג",true,0,9.90,9.90,true,1,
4421045,false,קימל שלם במשקל,,,קימל שלם במשקל,Unknown,0.00,"ק""ג",true,0,79.00,79.00,true,1,
4421069,false,תערובת בריאות פירות,,,תערובת בריאות פירות,Unknown,0.00,"ק""ג",true,0,99.00,99.00,true,1,
4421106,false,חמוציות חתוך ברכז תפ,,,חמוציות חתוך ברכז תפ,Unknown,0.00,"ק""ג",true,0,69.00,69.00,true,1,
4421748,false,גולדן ברי,,,גולדן ברי,Unknown,0.00,"ק""ג",true,0,119.00,119.00,true,1,
4421984,false,זנגביל גינגר טחון,,,זנגביל גינגר טחון,Unknown,0.00,"ק""ג",true,0,80.00,80.00,true,1,
4421991,false,חטיף תירס,,,חטיף תירס,Unknown,0.00,"ק""ג",true,0,60.00,60.00,true,1,
4467180,false,שניצל עוף דק דק שירות עצמי,,,שניצל עוף דק דק,Unknown,0.00,"ק""ג",true,0,48.90,48.90,true,1,
4485191,false,עוף שלם טרי במגש משק ארצי,,,עוף שלם טרי,Unknown,0.00,"ק""ג",true,0,28.90,28.90,true,1,
4485207,false,חזה עוף טרי במגש משק ארצי,,,חזה עוף טרי,Unknown,0.00,"ק""ג",true,0,48.90,48.90,true,1,
4485214,false,פילה עוף טרי במגש משק ארצי,,,פילה עוף טרי,Unknown,0.00,"ק""ג",true,0,46.90,46.90,true,1,
4485221,false,שניצל עוף טרי במגש משק ארצי,,,שניצל עוף טרי,Unknown,0.00,"ק""ג",true,0,52.90,52.90,true,1,
4485245,false,כרעיים עוף טרי במגש משק ארצי,,,כרעיים עוף טרי,Unknown,0.00,"ק""ג",true,0,39.90,39.90,true,1,
4485252,false,שוקיים עוף טרי במגש משק ארצי,,,שוקיים עוף טרי,Unknown,0.00,"ק""ג",true,0,49.90,49.90,true,1,
4485269,false,ירכיים עוף טרי במגש משק ארצי,,,ירכיים עוף טרי,Unknown,0.00,"ק""ג",true,0,39.90,39.90,true,1,
4485276,false,כנפיים עוף טרי במגש משק ארצי,,,כנפיים עוף טרי,Unknown,0.00,"ק""ג",true,0,18.90,18.90,true,1,
4485283,false,לב עוף טרי במגש משק ארצי,,,לב עוף טרי,Unknown,0.00,"ק""ג",true,0,39.90,39.90,true,1,
4485290,false,כבד עוף טרי במגש משק ארצי,,,כבד עוף טרי,Unknown,0.00,"ק""ג",true,0,44.90,44.90,true,1,
4511012,false,עלי כרוב,,,עלי כרוב,Unknown,0.00,Unknown,false,1,35.00,35.00,true,1,
4511029,false,מטוגנים,,,מטוגנים,Unknown,0.00,Unknown,false,1,6.00,6.00,true,1,
4511036,false,תבולה,,,תבולה,Unknown,0.00,Unknown,false,1,20.00,20.00,true,1,
4511043,false,מסבחה,,,מסבחה,Unknown,0.00,Unknown,false,1,25.00,25.00,true,1,
4511050,false,לאבנה גדול,,,לאבנה גדול,Unknown,0.00,Unknown,false,1,35.00,35.00,true,1,
4511074,false,כרובית עם טחינה,,,כרובית עם טחינה,Unknown,0.00,Unknown,false,1,35.00,35.00,true,1,
4511081,false,טחינה ירוקה גדול,,,טחינה ירוקה גדול,Unknown,0.00,Unknown,false,1,25.00,25.00,true,1,
4511135,false,זיתים,,,זיתים,Unknown,0.00,Unknown,false,1,25.00,25.00,true,1,
4530044,false,אמנטל צרפתי במשקל,,,אמנטל צרפתי במשקל,Unknown,0.00,"ק""ג",true,0,115.00,115.00,true,1,
4725600,false,גבינה צהובה סקנדינבית 31% במשקל,,,גבינה צהובה סקנדינבי,Unknown,0.00,"ק""ג",true,0,75.00,75.00,true,1,
4861025,false,גבינה בולגרית 5%,,,גבינה בולגרית 5%,Unknown,0.00,"ק""ג",true,0,50.00,50.00,true,1,
4861056,false,גבינה צפתית עגולה 5%,,,גבינה צפתית עגולה 5%,קילוגרמים,0.00,"ק""ג",true,0,49.00,49.00,true,1,
4861063,false,גבינת קאש 9% במשקל,,,גבינת קאש 9% במשקל,קילוגרמים,0.00,"ק""ג",true,0,55.00,55.00,true,1,
4861261,false,טבורוג בטעמים 9%,,,טבורוג בטעמים 9%,Unknown,0.00,"ק""ג",true,0,40.00,40.00,true,1,
4861278,false,גבינת שמנת 30% טבעי,,,גבינת שמנת 30% טבעי,גרמים,0.00,"ק""ג",true,0,45.00,45.00,true,1,
4861285,false,טבורוג טבעי 9%,,,טבורוג טבעי 9%,Unknown,0.00,"ק""ג",true,0,39.00,39.00,true,1,
4861360,false,גבינה צפתית בטעמים 5%,,,גבינה צפתית בטעמים 5,Unknown,0.00,"ק""ג",true,0,58.00,58.00,true,1,
4861445,false,לבנה כדורים בשמן זית,,,לבנה כדורים בשמן זית,Unknown,0.00,"ק""ג",true,0,109.00,109.00,true,1,
4861520,false,גבינה קרם שמנת 5% במשקל,,,גבינה קרם שמנת 5% במ,Unknown,0.00,"ק""ג",true,0,38.00,38.00,true,1,
4982379,false,גבינת פול אפי במשקל,,,גבינת פול אפי במשקל,Unknown,0.00,"ק""ג",true,0,220.00,220.00,true,1,
4982393,false,ברס בלו במשקל,,,ברס בלו במשקל,Unknown,0.00,"ק""ג",true,0,194.00,194.00,true,1,
5555200,false,פיקדון חוזר שישייה 1.2,,,פיקדון חוזר שישייה 1,Unknown,0.00,Unknown,false,1,7.20,7.20,true,1,
5678400,false,ענבים ראד גלוב חרצנים,,,ענבים ראד גלוב חרצני,Unknown,0.00,"ק""ג",true,0,29.90,29.90,true,1,
5697166,false,קממבר עיזים במשקל גלילי,,,קממבר עיזים גלילי,Unknown,0.00,"ק""ג",true,0,170.00,170.00,true,1,
5697203,false,קממבר כמהין במשקל,,,קממבר כמהין במשקל,Unknown,0.00,"ק""ג",true,0,205.00,205.00,true,1,
5697210,false,גבינת סנט מור במשקל גלילי,,,גבינת סנט מור במשקל,Unknown,0.00,"ק""ג",true,0,195.00,195.00,true,1,
5697289,false,תום מורבייה עיזים מנות שקיל,,,תום מורבייה עיזים,Unknown,0.00,"ק""ג",true,0,220.00,220.00,true,1,
5697296,false,תום עיזים בורדו מנות שקיל,,,תום עיזים בורדו מנות,Unknown,0.00,"ק""ג",true,0,248.00,248.00,true,1,
5697340,false,ברי עיזים מנות שקיל,,,ברי עיזים מנות שקיל,Unknown,0.00,"ק""ג",true,0,188.00,188.00,true,1,
5697364,false,פרובנס עיזים מנות שקיל,,,פרובנס עיזים מנות,Unknown,0.00,"ק""ג",true,0,210.00,210.00,true,1,
5697371,false,קממבר כמהין מנות שקיל גלילי,,,קממבר כמהין גלילי,Unknown,0.00,"ק""ג",true,0,210.00,210.00,true,1,
5697388,false,קממבר גלילי מנות שקיל,,,קממבר גלילי מנות שקי,Unknown,0.00,"ק""ג",true,0,154.00,154.00,true,1,
5697395,false,ברי גלילי מנות במשקל,,,ברי גלילי מנות במשקל,Unknown,0.00,"ק""ג",true,0,158.00,158.00,true,1,
5697494,false,"תום כמהין ""גלילי""",,,גבינה תום כמהין גליל,Unknown,0.00,"ק""ג",true,0,231.00,231.00,true,1,
5992667,false,בולגרית 5% במשקל,,,בולגרית 5% במשקל,Unknown,0.00,"ק""ג",true,0,60.00,60.00,true,1,
5992858,false,פטה 5% מעודנת במשקל,,,פטה 5% מעודנת במשקל,Unknown,0.00,"ק""ג",true,0,119.00,119.00,true,1,
5992872,false,צפתית במים 5% במשקל,,,צפתית 5% במשקל,Unknown,0.00,"ק""ג",true,0,64.00,64.00,true,1,
5992889,false,גבינת שמנת 30% שמיר,,,גבינת שמנת 30% שמיר,קילוגרמים,0.00,"ק""ג",true,0,45.00,45.00,true,1,
5992902,false,גבינת שמנת 30% ירקות,,,גבינת שמנת 30% ירקות,קילוגרמים,0.00,"ק""ג",true,0,45.00,45.00,true,1,
6186027,false,בשר לבן טרי טחון,,,בשר לבן טרי טחון,Unknown,0.00,"ק""ג",true,0,64.90,64.90,true,1,
6187253,false,סלמי סוגוק,,,סלמי סוגוק,Unknown,0.00,"ק""ג",true,0,150.00,150.00,true,1,
6187260,false,סינטה לבן טרי מפורק,,,סינטה לבנה מפורקת,Unknown,0.00,"ק""ג",true,0,79.90,79.90,true,1,
6187451,false,סטייק צוואר לבן טרי,,,סטייק צוואר לבן טרי,Unknown,0.00,"ק""ג",true,0,84.90,84.90,true,1,
6187468,false,סטייק צלע לבן טרי,,,סטייק צלע לבן טרי,Unknown,0.00,"ק""ג",true,0,71.90,71.90,true,1,
6188663,false,חזה הודו ברביקיו דל שומן מזרע,,,חזה הודו דל שומן,Unknown,0.00,"ק""ג",true,0,80.00,80.00,true,1,
6188717,false,חזה הודו רומני דל שומן מזרע,,,חזה הודו רומני דל.ש,Unknown,0.00,"ק""ג",true,0,85.00,85.00,true,1,
6189042,false,סרוולט הזהב,,,סרוולט הזהב,Unknown,0.00,"ק""ג",true,0,179.00,179.00,true,1,
6189073,false,קופה איטליאנה נתח בעישון קר,,IL,קופה איטליאנה נתח בע,Unknown,0.00,"ק""ג",true,0,260.00,260.00,true,1,
6190062,false,צוואר לבן מפורק טרי,,,צוואר לבן בלי עצם,Unknown,0.00,"ק""ג",true,0,109.90,109.90,true,1,
6192370,false,פילה אמנון 90-110,,,פילה אמנון טרי,Unknown,0.00,"ק""ג",true,0,79.90,79.90,true,1,
6192387,false,שרימפס וסת,,,פילה נסיכת הנילוס,Unknown,0.00,"ק""ג",true,0,69.90,69.90,true,1,
6194190,false,קצוות נקניק,,,קצוות נקניק,Unknown,0.00,"ק""ג",true,0,33.00,33.00,true,1,
6194589,false,סוכריות מונבלאן רושן במשקל,,,סוכריות רושן קבוצה 7,Unknown,0.00,"ק""ג",true,0,95.00,95.00,true,1,
6195173,false,קראסניי מאק/קארא קום/לצנה רושן במשקל,,,סוכריות רושן קבוצה 6,Unknown,0.00,"ק""ג",true,0,79.00,79.00,true,1,
6195616,false,מישקה קוסולפי/אליונקה/ VISIT במשקל,,,מישקה קוסולפי/אליונק,Unknown,0.00,"ק""ג",true,0,126.00,126.00,true,1,
6217066,false,נקניקיות וינר מניה,,,נקניקיות וינר במשקל,Unknown,0.00,"ק""ג",true,0,69.00,69.00,true,1,
6217189,false,קייזר במשקל מניה,,,קייזר במשקל,Unknown,0.00,"ק""ג",true,0,139.00,139.00,true,1,
6217257,false,בוזנינה רגילה מניה,,,בוזנינה רגילה,Unknown,0.00,"ק""ג",true,0,130.00,130.00,true,1,
6217325,false,בייקון חי במשקל מניה,,,בייקון חי במשקל,Unknown,0.00,"ק""ג",true,0,180.00,180.00,true,1,
6217455,false,פסטרמה פילה לבן במשקל,,,פסטרמה פילה לבן,Unknown,0.00,"ק""ג",true,0,130.00,130.00,true,1,
6217561,false,פסטרמה קרפטי במשקל,,,פסטרמה קרפטי במשקל,Unknown,0.00,"ק""ג",true,0,135.00,135.00,true,1,
6217660,false,קריסטיאנסקייה במשקל מניה,,,קריסטיאנסקייה במשקל,Unknown,0.00,"ק""ג",true,0,109.00,109.00,true,1,
6217783,false,אסאדו על האש במשקל מניה,,,אסאדו על האש במשקל,Unknown,0.00,"ק""ג",true,0,130.00,130.00,true,1,
6217844,false,בליק דרניצקי במשקל,,,בליק דרניצקי במשקל,Unknown,0.00,"ק""ג",true,0,165.00,165.00,true,1,
6217936,false,קוסטיצה שחור במשקל מניה,,,קוסטיצה שחור במשקל,Unknown,0.00,"ק""ג",true,0,139.00,139.00,true,1,
6217943,false,נקניקיות וינר עבה מניה,,,נקניקיות וינר,קילוגרמים,0.00,"ק""ג",true,0,69.00,69.00,true,1,
6217950,false,נקניקיות וינר חדש פרדי מניה,,,נקניקיות וינר פרדי,Unknown,0.00,"ק""ג",true,0,75.00,75.00,true,1,
6218667,false,נקניק לבירה במשקל מניה,,,נקניק לבירה במשקל מנ,Unknown,0.00,"ק""ג",true,0,160.00,160.00,true,1,
6219015,false,נקניק הרץ מניה,,,נקניק הרץ,Unknown,0.00,"ק""ג",true,0,105.00,105.00,true,1,
6219060,false,נקניק רוסקייה,,,נקניק רוסקייה,Unknown,0.00,"ק""ג",true,0,160.00,160.00,true,1,
6219077,false,נקניק סלמי רוחברג מניה,,,נקניק סלמי רוחברג,Unknown,0.00,"ק""ג",true,0,160.00,160.00,true,1,
6219138,false,נקניק זרניסטיה מניה,,,נקניק זרניסטיה,Unknown,0.00,"ק""ג",true,0,160.00,160.00,true,1,
6219251,false,פריזר בייגלה במשקל,,,פריזר בייגלה מניה,Unknown,0.00,"ק""ג",true,0,70.00,70.00,true,1,
6219374,false,פריזר גדול רוסי במשקל מניה,,,פריזר גדול רוסי במשק,Unknown,0.00,"ק""ג",true,0,70.00,70.00,true,1,
6219381,false,נקניק קראקובסקה מניה,,,נקניק קראקובסקה,Unknown,0.00,"ק""ג",true,0,86.00,86.00,true,1,
6219459,false,נקניק גרמני מניה,,,נקניק גרמני,Unknown,0.00,"ק""ג",true,0,115.00,115.00,true,1,
6219619,false,קבנוס במשקל,,,קבנוס במשקל,Unknown,0.00,"ק""ג",true,0,65.00,65.00,true,1,
6219640,false,קוסטיצה לבן במשקל מניה,,,קוסטיצה לבנה במשקל,קילוגרמים,0.00,"ק""ג",true,0,139.00,139.00,true,1,
6219732,false,בייבי סנדביץ מניה,,,בייבי סנדביץ,Unknown,0.00,"ק""ג",true,0,45.00,45.00,true,1,
6219879,false,פריזר טעם של פעם מניה,,,פריזר טעם של פעם,Unknown,0.00,"ק""ג",true,0,70.00,70.00,true,1,
6219893,false,פריזר גדול צהוב מניה,,,פריזר גדול צהוב,Unknown,0.00,"ק""ג",true,0,40.00,40.00,true,1,
6219909,false,פריזר קטן רוסי מניה,,,פריזר קטן רוסי,Unknown,0.00,"ק""ג",true,0,70.00,70.00,true,1,
6219923,false,פרושוטו חי במשקל מניה,,,פרושוטו חי במשקל,Unknown,0.00,"ק""ג",true,0,139.00,139.00,true,1,
6270047,false,צנון,,,צנון,Unknown,0.00,"ק""ג",true,0,9.90,9.90,true,1,
6356000,false,סוכריות מותג MICAELLO במשקל,,,סוכריות מותג MICAELL,Unknown,0.00,"ק""ג",true,0,129.00,129.00,true,1,
6357304,false,סוכריות מותג GIZELL במשקל,,,סוכריות מותג GIZELL,Unknown,0.00,"ק""ג",true,0,62.00,62.00,true,1,
6357311,false,סוכריות SPARTAK/KOMMUNARKA במשקל,,,סוכריות SPARTAK/KOMM,Unknown,0.00,"ק""ג",true,0,84.00,84.00,true,1,
6357335,false,ברבריס /דושס/ציטרוס/ בים בום/ מנטה במשקל,,,סוכריות רושן קבוצה 1,Unknown,0.00,"ק""ג",true,0,26.00,26.00,true,1,
6358295,false,עוף ללא עצמות,,,עוף ללא עצמות,Unknown,0.00,"ק""ג",true,0,49.90,49.90,true,1,
6452061,false,פלפל חריף שלם נווה ת,,,פלפל חריף שלם נווה ת,Unknown,0.00,"ק""ג",true,0,69.00,69.00,true,1,
6452177,false,אפונה צהובה,,,אפונה צהובה,Unknown,0.00,"ק""ג",true,0,12.00,12.00,true,1,
6452221,false,עדשים ירוקים,,,עדשים ירוקים,Unknown,0.00,"ק""ג",true,0,16.00,16.00,true,1,
6452238,false,לוביה פרואנית,,,לוביה פרואנית,Unknown,0.00,"ק""ג",true,0,20.00,20.00,true,1,
6452252,false,בורגול עבה,,,בורגול עבה,Unknown,0.00,"ק""ג",true,0,9.00,9.00,true,1,
6452269,false,חטיף סויה קריספי תפז,,,חטיף סויה קריספי תפז,Unknown,0.00,"ק""ג",true,0,109.00,109.00,true,1,
6452276,false,קוואקר עבה,,,קוואקר עבה,Unknown,0.00,"ק""ג",true,0,8.00,8.00,true,1,
6452306,false,בוטנים עם קליפה -תאו,,,בוטנים עם קליפה -תאו,Unknown,0.00,"ק""ג",true,0,28.00,28.00,true,1,
6452351,false,אגוז מלך בקליפה,,,אגוז מלך בקליפה,Unknown,0.00,"ק""ג",true,0,35.00,35.00,true,1,
6452382,false,זנגויל לא מסוכר,,,זנגויל לא מסוכר,Unknown,0.00,"ק""ג",true,0,59.00,59.00,true,1,
6452405,false,פקאן בקליפה,,,פקאן בקליפה,Unknown,0.00,"ק""ג",true,0,52.00,52.00,true,1,
6452429,false,רחת לוקום,,,רחת לוקום,Unknown,0.00,"ק""ג",true,0,69.00,69.00,true,1,
6452474,false,אניס טחון,,,אניס טחון,Unknown,0.00,"ק""ג",true,0,100.00,100.00,true,1,
6452597,false,צימוקים אוזבקי,,,צימוקים אוזבקי,Unknown,0.00,"ק""ג",true,0,94.00,94.00,true,1,
6452658,false,פרכיות צילי תאילנדי,,,פרכיות צילי תאילנדי,Unknown,0.00,"ק""ג",true,0,99.00,99.00,true,1,
6452740,false,בוטנים גרוסים,,,בוטנים גרוסים,Unknown,0.00,"ק""ג",true,0,59.00,59.00,true,1,
6452757,false,אלמנדוס/ חמניות פיקנ,,,אלמנדוס/ חמניות פיקנ,Unknown,0.00,"ק""ג",true,0,79.00,79.00,true,1,
6453105,false,פקאן מלוח,,,פקאן מלוח במשקל,Unknown,0.00,"ק""ג",true,0,119.00,119.00,true,1,
6517241,false,טחון בקר+לבן,,,טחון בקר+לבן,Unknown,0.00,"ק""ג",true,0,69.90,69.90,true,1,
6519320,false,תחליף גבינה מעושנת במשקל GURMAN,,,גבינה אנלוגי מעושנת,Unknown,0.00,"ק""ג",true,0,70.00,70.00,true,1,
6519511,false,פריזר עוף מזרע,,,פריזר עוף,Unknown,0.00,"ק""ג",true,0,35.00,35.00,true,1,
6519566,false,פריזר אדום גדול,,,פריזר אדום גדול,Unknown,0.00,"ק""ג",true,0,59.00,59.00,true,1,
6519597,false,נקניק מוסקובסקיה חצי יבש מזרע,,,נקניק מוסקובסקיה,Unknown,0.00,"ק""ג",true,0,95.00,95.00,true,1,
6520227,false,טחון הודו טרי,,,טחון הודו טרי,Unknown,0.00,"ק""ג",true,0,34.90,34.90,true,1,
6520333,false,שניצל הודו פרוס טרי,,,שניצל הודו פרוס טרי,Unknown,0.00,"ק""ג",true,0,39.90,39.90,true,1,
6520340,false,שיפודי פרגיות טרי,,,שיפודי פרגיות טרי,Unknown,0.00,"ק""ג",true,0,69.90,69.90,true,1,
6520388,false,שניצל חזה עוף פרוס טרי,,,שניצל חזה עוף פרוס,Unknown,0.00,"ק""ג",true,0,39.90,39.90,true,1,
6520395,false,בשר עוף טרי טחון,,,בשר עוף טרי טחון,Unknown,0.00,"ק""ג",true,0,36.90,36.90,true,1,
6520463,false,עוף מחולק- טרי,,,עוף מחולק טרי,Unknown,0.00,"ק""ג",true,0,19.90,19.90,true,1,
6707352,false,שניצל ללא אנטיביוטיקה עוף טוב במגש,,,שניצל ללא אנטיביוטיק,Unknown,0.00,"ק""ג",true,0,48.90,48.90,true,1,
6707376,false,ירכיים עוף טרי ללא אנטיביוטיקה עוף טוב,,,ירכיים ללא אנטיביוט,Unknown,0.00,"ק""ג",true,0,38.90,38.90,true,1,
6707383,false,שוקיים עוף ללא אנטיביוטיקה עוף טוב מגש,,,שוקיים ללא אנטיביוטי,Unknown,0.00,"ק""ג",true,0,39.90,39.90,true,1,
6707390,false,שווארמה עוף ללא אנטיביוטיקה ע טוב מגש,,,שווארמה ללא אנטיביוט,Unknown,0.00,"ק""ג",true,0,82.90,82.90,true,1,
6707420,false,עוף שלם ללא אנטיביוטיקה עוף טוב ארוז,,,עוף שלם טרי ללא אנטי,Unknown,0.00,"ק""ג",true,0,26.90,26.90,true,1,
6707437,false,כנפיים עוף ללא אנטיביוטיקה ארוז עוף טוב,,,כנפיים עוף טרי,Unknown,0.00,"ק""ג",true,0,14.90,14.90,true,1,
6707444,false,קורקבן עוף טרי ללא אנטיביוטיקה עוף טוב,,,קורקבן עוף טרי,Unknown,0.00,"ק""ג",true,0,12.90,12.90,true,1,
6707451,false,לב עוף טרי ללא אנטיביוטיקה עוף טוב מגש,,,לב עוף ללא אנטיביוטי,Unknown,0.00,"ק""ג",true,0,34.90,34.90,true,1,
6707468,false,כבד עוף טרי ללא אנטיביוטיקה עוף טוב מגש,,,כבד עוף ללא אנטיביוט,Unknown,0.00,"ק""ג",true,0,29.90,29.90,true,1,
6707543,false,פילה עוף ללא אנטיביוטיקה עוף טוב במגש,,,פילה עוף ללא אנטיביו,Unknown,0.00,"ק""ג",true,0,49.90,49.90,true,1,
6708137,false,קוקטייל עוף ללא אנטיביוטיקה עוף טוב ארו,,,קוקטייל עוף ללא אנטי,Unknown,0.00,"ק""ג",true,0,38.90,38.90,true,1,
6708151,false,שניצל דק ללא אנטיביוטיקה עוף טוב במגש,,,שניצל דק ללא אנטיביו,Unknown,0.00,"ק""ג",true,0,49.90,49.90,true,1,
6708502,false,סטייק פרגית ללא אנטיביוטיקה עוף טוב מגש,,,סטייק פרגית ללא אנטי,Unknown,0.00,"ק""ג",true,0,75.90,75.90,true,1,
6708847,false,חזה עוף ללא אנטיביוטיקה עוף טוב במגש,,,חזה עוף ללא אנטיביוט,Unknown,0.00,"ק""ג",true,0,46.90,46.90,true,1,
6833198,false,סטייק עגל ניו יורק טרי,,,סטייק ניו יורק עגלה,Unknown,0.00,"ק""ג",true,0,119.90,119.90,true,1,
6833778,false,דניס טרי 400-500 נטו,,,דניס טרי 400-500 נטו,Unknown,0.00,"ק""ג",true,0,69.90,69.90,true,1,
6833785,false,לברק טרי נטו,,,לברק טרי נטו,Unknown,0.00,"ק""ג",true,0,79.90,79.90,true,1,
6835147,false,פסטרמה לבנה רוסית בשום מזרע,,,פסטרמה לבנה רוסית,Unknown,0.00,"ק""ג",true,0,115.00,115.00,true,1,
6835161,false,פסטרמה לבנה רוסית מעושנת מזרע,,,פסטרמה לבנה רוסית,Unknown,0.00,"ק""ג",true,0,120.00,120.00,true,1,
6836052,false,פורל וורוד 500-600,,,פורל ורוד טרי,Unknown,0.00,"ק""ג",true,0,79.90,79.90,true,1,
6836908,false,פילה דניס 90-110,,,פילה דניס טרי,Unknown,0.00,"ק""ג",true,0,119.90,119.90,true,1,
6836922,false,בייבי סלמון,,,דג סלמון טרי,Unknown,0.00,"ק""ג",true,0,64.90,64.90,true,1,
6836991,false,סטייק סלמון טרי,,,סטייק סלמון טרי,Unknown,0.00,"ק""ג",true,0,82.90,82.90,true,1,
6837004,false,גבינה מעורב במשקל,,,גבינה מעורב במשקל,Unknown,0.00,"ק""ג",true,0,43.00,43.00,true,1,
6837394,false,סלמי העמק מזרע,,,סלמי העמק,Unknown,0.00,"ק""ג",true,0,55.00,55.00,true,1,
6837509,false,גבינת דנאבלו דנמרק במשקל,,,גבינת דנאבלו דנמרק,Unknown,0.00,"ק""ג",true,0,126.00,126.00,true,1,
6837639,false,תחליף גבינה במשקל ROSSIYSKIY,,,ROSSIYSKIY גבינה אנל,Unknown,0.00,"ק""ג",true,0,70.00,70.00,true,1,
6841124,false,פילה בורי 90-110,,,פילה בורי,Unknown,0.00,"ק""ג",true,0,94.90,94.90,true,1,
6841339,false,אמנון טרי 500/600,,,אמנון טרי,Unknown,0.00,"ק""ג",true,0,34.90,34.90,true,1,
6842084,false,פילה באס 90-110,,,פילה באס טרי,Unknown,0.00,"ק""ג",true,0,119.90,119.90,true,1,
6842121,false,ברמונדי טרי 600-800,,,ברמונדי טרי,Unknown,0.00,"ק""ג",true,0,59.90,59.90,true,1,
6842152,false,פילה ברמונדי 90-110,,,פילה ברמונדי טרי,Unknown,0.00,"ק""ג",true,0,109.90,109.90,true,1,
6842336,false,קרפיון טרי 1-2,,,קרפיון ענק טרי,Unknown,0.00,"ק""ג",true,0,34.90,34.90,true,1,
6842527,false,פילה לברק 90-110,,,פילה לברק טרי,Unknown,0.00,"ק""ג",true,0,119.90,119.90,true,1,
6843371,false,ספריבס חזה לבן ללא עור טרי,,,ספריבס חזה לבן ללא ע,Unknown,0.00,"ק""ג",true,0,85.90,85.90,true,1,
6843425,false,סטייק ניו יורק,,,סטייק ניו יורק עגל,Unknown,0.00,"ק""ג",true,0,114.90,114.90,true,1,
6843913,false,ירכיים עוף טרי,,,ירכיים עוף טרי,Unknown,0.00,"ק""ג",true,0,24.90,24.90,true,1,
6843944,false,עוף שלם טרי,,,עוף שלם טרי,Unknown,0.00,"ק""ג",true,0,17.90,17.90,true,1,
6843951,false,גרון/גב/עצמות עוף טרי,,,גרון/גב/עצמות עוף טר,Unknown,0.00,"ק""ג",true,0,5.90,5.90,true,1,
7236301,false,בדיקה,,,גרנה פדנו מנות,Unknown,0.00,"ק""ג",true,0,152.00,152.00,true,1,
8379038,false,שמנת חמוצה 15%,,,שמנת חמוצה 15%,Unknown,0.00,"ק""ג",true,0,22.00,22.00,true,1,
8379113,false,נקניק מוצרלה במשקל,,,נקניק מוצרלה במשקל,Unknown,0.00,"ק""ג",true,0,82.00,82.00,true,1,
8379120,false,גבינת ריקוטה במשקל,,,גבינת ריקוטה במשקל,Unknown,0.00,"ק""ג",true,0,44.00,44.00,true,1,
8379250,false,צמת מוצרלה,,,צמת מוצרלה,Unknown,0.00,"ק""ג",true,0,105.00,105.00,true,1,
8379502,false,חצו-טבורוג יבש במשקל,,,חצו-טבורוג יבש במשקל,Unknown,0.00,"ק""ג",true,0,32.00,32.00,true,1,
8379854,false,גבינה גרוזינסקי במשקל,,,גבינה גרוזינסקי במשק,Unknown,0.00,"ק""ג",true,0,59.00,59.00,true,1,
8379946,false,כדורי מוצרלה במשקל,,,כדורי מוצרלה,Unknown,0.00,"ק""ג",true,0,74.00,74.00,true,1,
8379977,false,גבינת סולוגוני במשקל,,,גבינת סולוגוני במשקל,Unknown,0.00,"ק""ג",true,0,74.00,74.00,true,1,
8403085,false,טום עיזים דה מונטן ב,,,טום עיזים דה מונטן ב,Unknown,0.00,"ק""ג",true,0,260.00,260.00,true,1,
8403641,false,גבינה בימסטר רויאל במשקל,,,גבינה בימסטר רויאל ב,Unknown,0.00,"ק""ג",true,0,180.00,180.00,true,1,
8403788,false,פורמזה דה פינואה במשקל,,IT,פורמזה דה פינואה במש,Unknown,0.00,"ק""ג",true,0,170.00,170.00,true,1,
8433426,false,פילה הייק קפוא,,,פילה הייק קפוא,Unknown,0.00,"ק""ג",true,0,54.90,54.90,true,1,
8433686,false,נקניקיות מרגז קפוא ארוז,,,נקניקיות מרגז קפואות,Unknown,0.00,"ק""ג",true,0,68.90,68.90,true,1,
8433853,false,כתף בקר מעושן מזרע,,,כתף בקר מעושנת מזרע,Unknown,0.00,"ק""ג",true,0,130.00,130.00,true,1,
8434638,false,פרגיות עוף שווארמה טרי,,IL,פרגית קצרה/ שווארמה,Unknown,0.00,"ק""ג",true,0,59.90,59.90,true,1,
8434683,false,צדר אדום גרמני במשקל,,,צדר אדום גרמני במשקל,Unknown,0.00,"ק""ג",true,0,89.00,89.00,true,1,
8434799,false,צדר לבן גרמני במשקל,,,צדר לבן גרמני במשקל,Unknown,0.00,"ק""ג",true,0,95.00,95.00,true,1,
8435208,false,בורי טרי 600-700,,,בורי טרי נקי,Unknown,0.00,"ק""ג",true,0,39.90,39.90,true,1,
8436175,false,פילה סלמון פרוס קפוא,,,פילה סלמון פרוס קפוא,Unknown,0.00,"ק""ג",true,0,104.90,104.90,true,1,
8436892,false,עצמות לבנות טרי,,,עצמות לבנות טרי,Unknown,0.00,"ק""ג",true,0,24.90,24.90,true,1,
8437103,false,גל- בסגנון סנט מור פחם הגבנייה,,,גבינת סנט מור פחם במ,Unknown,0.00,"ק""ג",true,0,157.00,157.00,true,1,
8437288,false,גבינת הדר בסגנון קממבר במשקל,,,גבינת הדר בסגנון קממ,Unknown,0.00,"ק""ג",true,0,157.00,157.00,true,1,
8437462,false,קממבר כמהין הגבנייה,,IL,גבינה קממבר כמהין במ,Unknown,0.00,"ק""ג",true,0,178.00,178.00,true,1,
8438353,false,עצמות בקר,,,עצמות בקר,Unknown,0.00,"ק""ג",true,0,9.90,9.90,true,1,
8438445,false,גבינת סנט מור במשקל,,,גבינת סנט מור במשקל,Unknown,0.00,"ק""ג",true,0,157.00,157.00,true,1,
8438667,false,פסטרמה כתף רומני מזרע,,,פסטרמה כתף רומני,Unknown,0.00,"ק""ג",true,0,120.00,120.00,true,1,
8439213,false,פסטרמה הודו פרפר על האש מזרע,,,פסטרמה הודו פרפר על,Unknown,0.00,"ק""ג",true,0,75.00,75.00,true,1,
8439428,false,פסטרמה לבנה מעודנת רומנית מזרע,,,פסטרמה לבנה מעודנת,Unknown,0.00,"ק""ג",true,0,135.00,135.00,true,1,
8439510,false,פסטרמה הודו בדבש מזרע,,,פסטרמה הודו בדבש,Unknown,0.00,"ק""ג",true,0,70.00,70.00,true,1,
8439527,false,פסטרמה הודו פרפר מעושן מזרע,,,פסטרמה הודו פרפר מעו,Unknown,0.00,"ק""ג",true,0,75.00,75.00,true,1,
8439541,false,פסטרמה הודו על האש,,,פסטרמה הודו על האש,Unknown,0.00,"ק""ג",true,0,70.00,70.00,true,1,
8439572,false,פסטרמה הודו פרפר רומני מזרע,,,פסטרמה הודו פרפר,Unknown,0.00,"ק""ג",true,0,75.00,75.00,true,1,
8439589,false,פסטרמה הודו פרפר בשום,,,פסטרמה הודו פרפר בשו,Unknown,0.00,"ק""ג",true,0,72.00,72.00,true,1,
8439756,false,פסטרמה הודו פלפל מזרע,,,פסטרמה הודו פלפל,Unknown,0.00,"ק""ג",true,0,72.00,72.00,true,1,
8439787,false,פסטרמה לבנה רומנית מזרע,,,פסטרמה לבנה רומנית,Unknown,0.00,"ק""ג",true,0,120.00,120.00,true,1,
8440004,false,ירך לבן (פולקה) טרי,,,ירך לבן טרי,Unknown,0.00,"ק""ג",true,0,64.90,64.90,true,1,
8440059,false,אקסים לבן טרי,,,אקסים לבן טרי,Unknown,0.00,"ק""ג",true,0,39.90,39.90,true,1,
8440851,false,ספריבס לבן טרי,,,ספריבס לבן טרי,Unknown,0.00,"ק""ג",true,0,119.90,119.90,true,1,
8440868,false,כתף לבן מפורק נקי טרי,,,כתף לבן מפורק טרי,Unknown,0.00,"ק""ג",true,0,64.90,64.90,true,1,
8441056,false,זלץ מזרע,,,זלץ,Unknown,0.00,"ק""ג",true,0,80.00,80.00,true,1,
8441551,false,בייגלה פולני,,,סלמי בקר גרנדה,Unknown,0.00,"ק""ג",true,0,80.00,80.00,true,1,
8442060,false,נקניק קבנוס מזרע,,,נקניק קבנוס מזרע,Unknown,0.00,"ק""ג",true,0,90.00,90.00,true,1,
8442114,false,דמשניה ארוכה מזרע,,,דמשניה ארוכה מזרע,Unknown,0.00,"ק""ג",true,0,110.00,110.00,true,1,
8442350,false,גבינה מעושנת SNACKS במשקל,,,SNACKS גבינה אנלוגי,Unknown,0.00,"ק""ג",true,0,125.00,125.00,true,1,
8442374,false,סלמי פיין כפרית מזרע,,,סלמי פיין כפרית,Unknown,0.00,"ק""ג",true,0,95.00,95.00,true,1,
8442459,false,נקניק קבנוס בוקבינה מזרע,,,נקניק קבנוס בוקבינה,Unknown,0.00,"ק""ג",true,0,100.00,100.00,true,1,
8442473,false,נקניק הרץ יבש מזרע,,,נקניק הרץ יבש,Unknown,0.00,"ק""ג",true,0,175.00,175.00,true,1,
8442602,false,נקניק פיקולו יבש,,,נקניק פיקולו יבש,Unknown,0.00,"ק""ג",true,0,152.00,152.00,true,1,
8442640,false,פילה דג בסה קפוא בוואקום,,,פילה דג בסה קפוא,Unknown,0.00,"ק""ג",true,0,31.90,31.90,true,1,
8442671,false,נקניק אגסי יבש מזרע,,,נקניק אגסי יבש,Unknown,0.00,"ק""ג",true,0,175.00,175.00,true,1,
8442688,false,נקניק כפרית יבש מזרע,,,נקניק כפרית יבש,Unknown,0.00,"ק""ג",true,0,162.00,162.00,true,1,
8442831,false,שינקין מעודן מעושן דל שומן מזרע,,,שינקין מעודן מעושן,Unknown,0.00,"ק""ג",true,0,135.00,135.00,true,1,
8461047,false,גבינת ברי לה רוסטיק במשקל,,,גבינת ברי לה רוסטיק,Unknown,0.00,"ק""ג",true,0,172.00,172.00,true,1,
8498203,false,מונצגו,,,מנצגו,Unknown,0.00,"ק""ג",true,0,157.00,157.00,true,1,
8498210,false,גבינת כבשים עם פטריות כמהין במשקל,,,גבינת כבשים עם פטריו,Unknown,0.00,"ק""ג",true,0,314.00,314.00,true,1,
8498241,false,גבינת עיזים קפריציו טבעי במשקל,,,גבינת עיזים קפריציו,Unknown,0.00,"ק""ג",true,0,168.00,168.00,true,1,
8498258,false,גבינת עיזים קפריציו עם תבלינים במשקל,,,גבינת עיזים קפריציו,Unknown,0.00,"ק""ג",true,0,174.00,174.00,true,1,
8498265,false,גבינה תום דה קטלוניה במשקל,,,גבינה תום דה קטלוניה,Unknown,0.00,"ק""ג",true,0,189.00,189.00,true,1,
8498531,false,גבינת עיזים כמהין במשקל,,,גבינת עיזים כמהין במ,Unknown,0.00,"ק""ג",true,0,314.00,314.00,true,1,
8498661,false,אפנזלר מיושן במשקל,,,אפנזלר מיושן במשקל,Unknown,0.00,"ק""ג",true,0,304.00,304.00,true,1,
8498739,false,גבינת דליס דה בורגון צרפתית,,,גבינת דליס דה בורגון,Unknown,0.00,"ק""ג",true,0,259.00,259.00,true,1,
8498746,false,ברי צרפתי במשקל,,,ברי צרפתי במשקל,Unknown,0.00,"ק""ג",true,0,139.00,139.00,true,1,
8498760,false,גבינה תום דה סאוואה במשקל,,,גבינה תום דה סאוואה,Unknown,0.00,"ק""ג",true,0,220.00,220.00,true,1,
8498784,false,בלו כבשים במשקל,,,בלו כבשים במשקל,Unknown,0.00,"ק""ג",true,0,178.00,178.00,true,1,
8498838,false,גאודה עיזים מיושנת במשקל,,,גאודה עיזים מיושנת ב,Unknown,0.00,"ק""ג",true,0,194.00,194.00,true,1,
8498869,false,גבינת גאודה פסטו במשקל,,,גבינת גאודה פסטו במש,Unknown,0.00,"ק""ג",true,0,191.00,191.00,true,1,
8498913,false,גבינת לנדנה עיזים יין שקיל,,,גבינת לנדנה עיזים יי,Unknown,0.00,"ק""ג",true,0,210.00,210.00,true,1,
8498944,false,גבינת גאודה וויסקי ומייפל,,,גבינת קרמלה גאודה בק,Unknown,0.00,"ק""ג",true,0,168.00,168.00,true,1,
8498951,false,גבינת גאודה וויסקי ומייפל,,,גבינת גאודה וויסקי ו,Unknown,0.00,"ק""ג",true,0,173.00,173.00,true,1,
8713438,false,גאודה מיושנת גלגל במשקל D DAIRY,,,גאודה הולנדית מיושנת,Unknown,0.00,"ק""ג",true,0,129.00,129.00,true,1,
8713573,false,גאודה הולנדית חרדל במשקל,,,גאודה הולנדית חרדל,Unknown,0.00,"ק""ג",true,0,122.00,122.00,true,1,
8774604,false,שטרודל רולדה ברלה- מאפית,,,שטרודל רולדה ברלה,Unknown,0.00,"ק""ג",true,0,61.00,61.00,true,1,
8774871,false,סטייק פרגיות צרפתי,,,סטייק פרגיות צרפתי,Unknown,0.00,"ק""ג",true,0,39.90,39.90,true,1,
8776066,false,סטייק סינטה עגל,,,סטייק סינטה עגל,Unknown,0.00,"ק""ג",true,0,114.90,114.90,true,1,
8776097,false,פרוסות עגל טרי לצלי,,,פרוסות עגל טרי לצלי,Unknown,0.00,"ק""ג",true,0,69.90,69.90,true,1,
8776127,false,אוסובוקו עגל טרי,,,אוסובוקו עגל טרי,Unknown,0.00,"ק""ג",true,0,49.90,49.90,true,1,
8776820,false,קוביות שריר לקדירה טרי,,,קוביות שריר לקדירה,Unknown,0.00,"ק""ג",true,0,59.90,59.90,true,1,
8776875,false,סטייק ניו יורק,,,סטייק ניו יורק,Unknown,0.00,"ק""ג",true,0,119.90,119.90,true,1,
8940153,false,קרים ציז פילדפיה במשקל,,,קרים ציז פילדפיה במש,Unknown,0.00,"ק""ג",true,0,68.00,68.00,true,1,
9441017,false,עגבניות שרי,,,עגבניות שרי,Unknown,0.00,"ק""ג",true,0,29.90,29.90,true,1,
9441024,false,עגבניות תמר,,,עגבניות שרי,Unknown,0.00,"ק""ג",true,0,29.90,29.90,true,1,
10271027,false,מפיות 20*20 קולקשן,,,מפיות 20*20 קולקשן,קילוגרמים,0.00,"ק""ג",false,1,15.90,15.90,true,1,
20828066,false,קונטיננטל פריכיות אורז 200 גרם,,NL,קונטיננטל פריכיות או,גרמים,200.00,100 גרם,false,1,11.90,5.95,true,1,
32147230,false,"מיץ לימון משומר 200מ""ל(לימונית אקסטרא)",ג'נרל מילס סאן אדריא,,מיץ לימון משומר 200,מיליליטרים,200.00,"100 מ""ל",false,1,6.90,3.45,true,1,
40084107,false,ביצת שוקולד הפתעה קינדר,פרדי קונדטוריה אס פי,,קינדר ביצת הפתעה,Unknown,0.00,Unknown,false,1,5.50,5.50,true,1,
40122083,false,"חומץ תפוחים 5% 750 מ""ל גרמניה",קוחנה,,חומץ תפוחים 5% 750 מ,מיליליטרים,750.00,"100 מ""ל",false,1,16.90,2.25,true,1,
40144016,false,סוכריות חמאה וורטר אורגינל גליל בודד 50,קריניציה ויטמינה אס,,סוכריות חמאה וורטר א,גרמים,50.00,100 גרם,false,1,5.20,10.40,true,1,
40144061,false,קנופרס חטיף וופל 25 גרם 24 יח,ליימן שליסל,DE,קנופרס חטיף וופל 25,גרמים,25.00,100 גרם,false,1,3.50,14.00,true,1,
40173351,false,"בירה מייסלס חיטה אורגינל 500 מ""ל",מייסלס Maisel's,DE,בירה מייזל חיטה אורג,מיליליטרים,500.00,"100 מ""ל",false,1,11.90,2.38,true,1,
40341002,false,"ליקר אונדרברג 20 מ""ל",,,"ליקר אונדרברג 20 מ""ל",Unknown,0.00,Unknown,false,1,9.90,9.90,true,1,
40345512,false,-XXL סוכריות סמרטיז עדשים צבעוני 130 ג,,AT,-XXL סוכריות סמרטיז,גרמים,130.00,100 גרם,false,1,13.90,10.69,true,1,
40786179,false,בירה לוונבראו פחית 500 מל,Spaten,,בירה לוונבראו פחית 5,מיליליטרים,500.00,"100 מ""ל",false,1,11.90,2.38,true,1,
42101666,false,"מסטיק בטעם מנטה ואקליפטוס איירווייבס 35 גרם לל""ס",ריגלי,,איירוייבז מנטה ואקלי,Unknown,0.00,Unknown,false,1,7.10,7.10,true,1,
42138105,false,סיגריות וינסטון סופר סלימס כחול,גיי טי אינטרנשיונל,,ווינסטון סופר סלימס,Unknown,0.00,Unknown,false,1,33.00,33.00,true,1,
42138129,false,ווינסטון סופר סלימס נטוראל חפיסה,Unknown,,ווינסטון סופר סלימס,Unknown,0.00,Unknown,false,1,33.00,33.00,true,1,
42149996,false,"בירה בקס בקבוק 275 מ""ל","איי, בי, אינבוו",,בירה בקס בקבוק 275 מ,מיליליטרים,275.00,"100 מ""ל",false,1,5.90,2.15,true,1,
42154662,false,אורביט באריזת מעטפה ספירמינט מסטיק,ריגלי צרפת,,אורביט באריזת מעטפה,Unknown,0.00,Unknown,false,1,7.40,7.40,true,1,
42182115,false,אורביט פייב ספירמינט 12 סטיקס 29 גר,ריגלי צרפת,,אורביט פייב ספירמינט,Unknown,0.00,Unknown,false,1,6.90,6.90,true,1,
42212119,false,אורביט פרופשיונל באריזת מעטפה פפרמינט,ריגלי צרפת,,מסטיק אורביט פרופשיו,Unknown,0.00,Unknown,false,1,7.40,7.40,true,1,
42246640,false,"ניוואה - דאודורנט רול און לאישה פאודר טאצ' נשים 50 מ""ל",ביירסדורץ,,דאודורנט רול און ניו,מיליליטרים,50.00,"100 מ""ל",false,1,23.50,47.00,true,1,
42269915,false,קרם לחות ניוואה לפנים/לגוף אינטנסיב 200,HELLAS BEIERSDORF,,קרם לחות ניוואה,מיליליטרים,200.00,"100 מ""ל",false,1,33.90,16.95,true,1,
42270461,false,"בירה ATOR קראפט 7.5% 660 מ""ל",RIEGELE,,בירה ATOR קראפט 7.5%,מיליליטרים,660.00,"100 מ""ל",false,1,40.90,6.20,true,1,
42270478,false,"בירה NOCTUS קראפט 10% 660 מ""ל",RIEGELE,,בירה NOCTUS קראפט 10,מיליליטרים,660.00,"100 מ""ל",false,1,40.90,6.20,true,1,
42299363,false,"ניוואה - דאודורנט רול און לגבר פרש פאוור 50 מ""ל",ביירסדורץ,,דאו רול און לגבר FRE,מיליליטרים,50.00,"100 מ""ל",false,1,23.50,47.00,true,1,
42315926,false,"קרם ידיים ניוואה סמוט 100 מ""ל",אלפא,,קרם ידיים ניוואה סמו,Unknown,0.00,Unknown,false,1,19.90,19.90,true,1,
46024817,false,נקסט אוריגינלPP חפיס,פיליפ מוריס,,נקסט FF חפיסה,Unknown,0.00,Unknown,false,1,29.50,29.50,true,1,
50184453,false,מרמייט אנגלי מקורי 250 גרם,,,מרמייט אנגלי מקורי,גרמים,250.00,100 גרם,false,1,52.50,21.00,true,1,
52070082,false,פאלמאל סופר סלמס ויולט ח,Unknown,,פאל מאל ס.ס.ויולט חפ,Unknown,0.00,Unknown,false,1,30.00,30.00,true,1,
54051140,false,מעדן סויה טעם וניל אלפרו רביעיה * 125 ג',הנסיך- מפעל לייצור ט,,אלפרו מעדן סויה בטעם,מיליליטרים,500.00,"100 מ""ל",false,1,18.90,3.78,true,1,
54051157,false,מעדן סויה טעם שוקו אלפרו רביעיה 125 ג',קריות זול,,אלפרו מעדן סויה בטעם,גרמים,500.00,100 גרם,false,1,18.90,3.78,true,1,
54079014,false,"בירה סן ברנרדוס פריור 8 330 מ""ל בקבוק",,,בירה סן ברנרדוס פריו,מיליליטרים,330.00,"100 מ""ל",false,1,14.90,4.52,true,1,
54079021,false,"בירה סן ברנרדוס אבט 330 מ""ל בקבוק",דובל מורטגט,,בירה סן ברנרדוס אבט,מיליליטרים,330.00,"100 מ""ל",false,1,14.90,4.52,true,1,
54079038,false,"בירה סן ברנרדוס טריפל 330 מ""ל בקבוק",,,בירה סן ברנרדוס טריפ,מיליליטרים,330.00,"100 מ""ל",false,1,14.90,4.52,true,1,
59013662,false,דאב דאו רולאון קקאו והיביסקוס 50 מל,"יוניליוור אנגליה, דרך קו",,דאו דאב רול און קקאו,מיליליטרים,50.00,"100 מ""ל",false,1,26.90,53.80,true,1,
59016441,false,"רקסונה - דאודורנט רול און לאישה פרוט ספין 50 מ""ל","יוניליוור אנגליה, דרך קו",GB,דאו רקסונה רול און פ,מיליליטרים,150.00,"100 מ""ל",false,1,20.90,13.93,true,1,
59039549,false,סיגריות ווג פריזון מנטה בודד,Unknown,,ווג פריזון מנטול חפי,Unknown,0.00,Unknown,false,1,38.00,38.00,true,1,
59068914,false,סיגריות פאל מאל סילבר דמי סלימס,Unknown,,פאל מאל סילבר דמי סל,Unknown,0.00,Unknown,false,1,26.00,26.00,true,1,
59079378,false,"אקס - דאודורנט רול און לגבר אייס צ'יל 50 מ""ל","יוניליוור אנגליה, דרך קו",GB,דאו אקס רול און אייס,מיליליטרים,50.00,"100 מ""ל",false,1,21.90,43.80,true,1,
59079811,false,"רקסונה דאו' רול-און לנשים בניחוח פאודר, 50 מ""ל","יוניליוור אנגליה, דרך קו",GB,דאו רקסונה רול און ט,מיליליטרים,50.00,"100 מ""ל",false,1,20.90,41.80,true,1,
59082637,false,"רקסונה - דאודורנט רולאון לגבר אקסטרא קול 50 מ""ל",יוניליוור פיליפינים,GB,דאו רקסונה מן רול או,מיליליטרים,50.00,"100 מ""ל",false,1,20.90,41.80,true,1,
59455233,false,ווג ליידי כחול קופסה,Unknown,,ווג סופרסלימס כחול,יחידה,1.00,יחידה,false,1,38.00,38.00,true,1,
59455240,false,ווג סופרסלימס לילך חפיסה,Unknown,,ווג סופרסלימס לילך,יחידה,1.00,יחידה,false,1,38.00,38.00,true,1,
61908024,false,נתח פילה סלמון קפוא,,,נתח פילה סלמון קפוא,Unknown,0.00,"ק""ג",true,0,104.90,104.90,true,1,
72940754,false,"מילקי מעדן וניל עם קצפת שטראוס 133 מ""ל","שטראוס גרופ בע""\מ",,מילקי וניל 130 גרם,גרמים,130.00,100 גרם,false,1,2.90,2.23,true,1,
72940761,false,"מילקי מעדן שוקולד עם קצפת שטראוס 133 מ""ל",מיוצר עי קונדיטוריית,,מילקי שוקולד 130 גרם,גרמים,130.00,100 גרם,false,1,2.90,2.23,true,1,
72940952,false,מעדן מילקי בטעם שוקולד עם אקסטרה קצפת,"שטראוס גרופ בע""\מ",,מילקי פי 2 קצפת 104,גרמים,104.00,100 גרם,false,1,3.90,3.75,true,1,
72940976,false,סלט כרוב אדום אחלה 250 גרם,מיוצר עי קונדיטוריית,,כרוב אדום 250 גרם,גרמים,250.00,100 גרם,false,1,10.00,4.00,true,1,
72940983,false,סלט חומוס 250 גר אחל,מיוצר עי קונדיטוריית,,חומוס אחלה 250 גרם,גרמים,250.00,100 גרם,false,1,8.30,3.32,true,1,
72941041,false,מעדן מילקי מיני בטעם שוקולד עם קצפת,"שטראוס גרופ בע""\מ",,מיני מילקי שוקולד 62,גרמים,62.00,100 גרם,false,1,2.30,3.71,true,1,
72945308,false,קוביות שמרים לאפיה שמרית 2*25 ג',"פאקא תעשיות בע""\מ",,שמרית קוביה 50 גרם,גרמים,50.00,100 גרם,false,1,4.00,8.00,true,1,
72961506,false,יוגורט עם תות 1.5% שומן 125 ג' פרילי,מיוצר עי קונדיטוריית,,פרילי תות 1.5% 125 ג,גרמים,125.00,100 גרם,false,1,3.90,3.12,true,1,
72961520,false,"פרילי יוגורט עם אננס 1.5% תנובה 125 מ""ל",מיוצר עי קונדיטוריית,,פרילי אננס 1.5% 125,גרמים,125.00,100 גרם,false,1,3.90,3.12,true,1,
72961544,false,"באדי יוגורט בטעם תות שדה 3% תנובה 125 מ""ל",מחלבת אלון תבור,,"באדי תות 3% 125 מ""ל",גרמים,125.00,100 גרם,false,1,3.00,2.40,true,1,
72964132,false,פרילי טבע יוגורט עם גרנולה 200 גרם,מיוצר עי קונדיטוריית,,פרילי טבע 3% 200 גר,גרמים,200.00,100 גרם,false,1,5.50,2.75,true,1,
72964422,false,יוגורט פרחים 4.5% שומן 200 גרם,מחלבת תנובה,,יוגורט פרחים גביע 4.,גרמים,200.00,100 גרם,false,1,3.10,1.55,true,1,
72983454,false,סיגריות גולף סופר סלימס בודד,דובק,,גולף סופר סלימס-חפיס,Unknown,0.00,Unknown,false,1,29.90,29.90,true,1,
72983997,false,קופסה גולף גולד ארוך בוקס,דובק,,גולף גולד 100 פ.ע חפ,Unknown,0.00,Unknown,false,1,29.90,29.90,true,1,
72984000,false,גולף סילבר 100 פ.ע חפיסה,דובק,,גולף סילבר 100 פ.ע ח,Unknown,0.00,Unknown,false,1,29.90,29.90,true,1,
72986370,false,"גלידת בן & ג'ריס פיינטים וניל 500מ""ל",מוצרי איכות אמריקאיים,,בן אנד גריס גלידת ונ,מיליליטרים,500.00,"100 מ""ל",false,1,24.90,4.98,true,1,
72986424,false,"גלידת בן & ג'ריס פיינטים קרם עוגיות 500מ""ל",מוצרי איכות אמריקאיים בע,,בן אנד גריס גלידת קר,מיליליטרים,500.00,"100 מ""ל",false,1,24.90,4.98,true,1,
72986448,false,"גלידת בן & ג'ריס פיינטים טופי קראנץ 500מ""ל",מוצרי איכות אמריקאיים בע,,בן אנד גריס גלידת טו,מיליליטרים,800.00,"100 מ""ל",false,1,24.90,3.11,true,1,
72986455,false,"גלידה ניו יורק סופר פאדג' צ'אנק בן אנד ג'ריס 500 מ""ל",מוצרי איכות אמריקאיים בע,,בן אנד גריס גלידת ני,מיליליטרים,500.00,"100 מ""ל",false,1,24.90,4.98,true,1,
72986479,false,"גלידה שוקולד אגוז עם בננות בן וג'ירי 500 מ""ל",מוצרי איכות אמריקאיים בע,,בן אנד גריס גלידת צא,מיליליטרים,500.00,"100 מ""ל",false,1,24.90,4.98,true,1,
72989425,false,"גלידת בן & ג'ריס פיינטים שוקולד בראוניז 500מ""ל",מוצרי איכות אמריקאיים בע,,בן אנד גריס שוקולד ב,מיליליטרים,500.00,"100 מ""ל",false,1,24.90,4.98,true,1,
72991374,false,סיגריות טיים רד בודד,דובק,,טיים רד חפיסה,Unknown,0.00,Unknown,false,1,29.50,29.50,true,1,
72991381,false,סיגריות טיים 100 RED בודד,דובק,,טיים 100 רד חפיסה,Unknown,0.00,Unknown,false,1,29.50,29.50,true,1,
72991510,false,סיגריות מונטנה פילטר,"דובק בע""מ",,מונטנה פילטר חפיסה,Unknown,0.00,Unknown,false,1,29.90,29.90,true,1,
72991886,false,"גלידת דולצ'ה בטעם ריבת חלב עם פאדג' בן וג'ירי 500 מ""ל",מוצרי איכות אמריקאיים בע,,בן אנד גריס 500,מיליליטרים,500.00,"100 מ""ל",false,1,24.90,4.98,true,1,
72993637,false,מעדן חלב בטעם שוקולד 125 ג' דני,"שטראוס גרופ בע""\מ",,מעדן דני שוקולד 125,גרמים,125.00,100 גרם,false,1,2.90,2.32,true,1,
72994061,false,חטיף פסק זמן GOOD גלילית לבן 40 גרם,שולן צ'\יקולטה גידה סאן.,,פסק זמן טו גוד 36 גר,גרמים,36.00,100 גרם,false,1,4.90,13.61,true,1,
75032814,false,"בירה קורונה 355 מ""ל בקבוק",קומפניה כברהסרה,,"בירה קורונה 355 מ""ל",מיליליטרים,355.00,"100 מ""ל",false,1,8.20,2.31,true,1,
76106071,false,"סיציליה- מיץ ליים משומר 200מ""ל",Sicilia סיציליה,CH,מיץ ליים משומר 200 מ,מיליליטרים,200.00,"100 מ""ל",false,1,7.90,3.95,true,1,
76136184,false,סיגריות פאל מל סלימס כחול בודד,Unknown,,פאל מאל סופרסלימס כח,Unknown,0.00,Unknown,false,1,30.00,30.00,true,1,
80001027,false,לואקר טורטינה שוקולד חלב,"כד בני דרום בע""מ",,חטיף טורטינה חלב 21,גרמים,21.00,100 גרם,false,1,4.20,20.00,true,1,
80001287,false,וופל חטיף לואקר אגוז 38 גר',ליימן מותגים,,חטיף גרדנה 38 גרם,גרמים,38.00,100 גרם,false,1,4.40,11.58,true,1,
80001485,false,חטיף גרדנה קוקוס 38 גרם,קריניציה ויטמינה אס,,חטיף גרדנה קוקוס,גרמים,38.00,100 גרם,false,1,4.40,11.58,true,1,
80001911,false,וופל גרדנה במילוי קרם אגוזי לוז ובציפוי שוקולד לבן,ליימן מותגים,,גרדנה שוקולד לבן במי,גרמים,38.00,100 גרם,false,1,4.40,11.58,true,1,
80042556,false,POLPA עגבניות חתוכות דק 400 גרם MUTTI,"איי, בי, אינבוו",,POLPA עגבניות חתוכות,גרמים,400.00,100 גרם,false,1,7.90,1.98,true,1,
80042563,false,רסק עגבניות MUTTI{צהוב} 700 גרם,"איי, בי, אינבוו",IT,מחית עגבניות קלה 700,גרמים,700.00,100 גרם,false,1,11.90,1.70,true,1,
80043645,false,קארי טחון אורגני 52 גר קנהמלה,קנמלה Cannamela,,קארי טחון אורגני 52,Unknown,0.00,Unknown,false,1,15.90,15.90,true,1,
80043874,false,פלפל שחור אורגני במטחנה 28 גר קנהמלה,בונומלי,,פלפל שחור אורגני במט,Unknown,0.00,Unknown,false,1,15.90,15.90,true,1,
80050025,false,סוכריות טיק טק תפוז 16 גרם,פררו - אלבה,,סוכריות טיק טק בטעם,גרמים,16.00,100 גרם,false,1,3.50,21.88,true,1,
80050124,false,סוכריות טיק טק מנטה 16 גרם,פררו - אלבה,,סוכריות טיק טק בטעם,גרמים,16.00,100 גרם,false,1,3.50,21.88,true,1,
80050278,false,פררו רושר חטיף כדורים שלישיה 40ג',פררו - אלבה,,חטיף פררו רושר שלישי,גרמים,37.00,100 גרם,false,1,6.20,16.76,true,1,
80052760,false,קינדר בואנו Kinder Bueno עם חלב ואגוזי לוז,פררו - אלבה,,חטיף קינדר בואנו 43,גרמים,43.00,100 גרם,false,1,3.90,9.07,true,1,
80052883,false,סוכריות טיק טק מנטה חזק 16 גרם,צ'וקטה,ZA,טיק טק בודד מנטה חזק,גרמים,16.00,100 גרם,false,1,3.50,21.88,true,1,
80083665,false,גנדולה עוגיות עם שוקולד ציפס אורגני 250,תות תעשיות מזון (201,IT,גנדולה עוגיות עם שוק,גרמים,250.00,100 גרם,false,1,14.90,5.96,true,1,
80083696,false,גנדולה עוגיות דגנים ופירות אורגני 250,,IT,גנדולה עוגיות דגנים,גרמים,250.00,100 גרם,false,1,14.90,5.96,true,1,
80083764,false,גנדולה עוגיות דגנים ש.שועל אורגני 250,תות תעשיות מזון (201,IT,גנדולה עוגיות דגנים,גרמים,250.00,100 גרם,false,1,14.90,5.96,true,1,
80094760,false,סטרילגרדה קינוח זוגי בטעם קרמל 200 גרם,,,פודינג עם קרמל,גרמים,200.00,100 גרם,false,1,8.90,4.45,true,1,
80094883,false,פנקוטה עם קרמל איטלקי 2*100 גרם,,,פנקוטה עם קרמל איטלק,גרמים,200.00,100 גרם,false,1,8.90,4.45,true,1,
80136194,false,חטיפי הפי היפו Happy Hippo במילוי קרם חלבי ואגוזי לוז,קינדר Kinder,,קינדר הפי היפו אגוזי,גרמים,104.00,100 גרם,false,1,12.50,12.02,true,1,
80176732,false,קינדר הפי היפו 28 יחידות,פררו - אלבה,,קינדר הפי הפי בודד 3,גרמים,35.00,100 גרם,false,1,4.00,11.43,true,1,
80176800,false,נוטלה ממרח שוקולד 750 גרם,פררו תעשיות איטליה ס,,ממרח שוקולד נוטלה 75,גרמים,750.00,100 גרם,false,1,25.90,3.45,true,1,
80177173,false,ממרח שוקולד נוטלה 350 גרם,פררו - אלבה,,ממרח נוטלה 350 גרם,גרמים,350.00,100 גרם,false,1,14.90,4.26,true,1,
80177609,false,אצבעות שוקולד קינדר Kinder ארבע יחידות,פררו - אלבה,,קינדר 50 גרם,גרמים,50.00,100 גרם,false,1,4.40,8.80,true,1,
80273561,false,פלפל שחור במטחנה 45 גר ארומה דה טוסקנה,דרוגיה ואלימנטרי אס.אר.א,,פלפל שחור במטחנה 45,גרמים,45.00,100 גרם,false,1,14.20,31.56,true,1,
80273592,false,פלפל ארבע עונות 30 גר ארומה דה טוסקנה,דרוגיה ואלימנטרי אס.אר.א,,פלפל ארבע עונות 30 ג,גרמים,30.00,100 גרם,false,1,14.20,47.33,true,1,
80273639,false,מלח ים במטחנה 90 גר ארומה דה טוסקנה,דרוגיה ואלימנטרי אס.אר.א,,מלח ים במטחנה 90 גר,גרמים,90.00,100 גרם,false,1,14.20,15.78,true,1,
80273660,false,שום במטחנה 50 גר ארומה דה טוסקנה,דרוגיה ואלימנטרי אס.אר.א,,שום במטחנה 50 גר ארו,גרמים,50.00,100 גרם,false,1,14.20,28.40,true,1,
80273677,false,צילי במטחנה 20 גר ארומה דה טוסקנה,דרוגיה ואלימנטרי אס.אר.א,,צילי במטחנה 20 גר אר,גרמים,20.00,100 גרם,false,1,14.20,71.00,true,1,
80310167,false,קינדר מקסי מאגדת שישיה,קינדר,,קינדר מקסי שישייה 12,גרמים,126.00,100 גרם,false,1,9.90,7.86,true,1,
80310334,false,שוקולד קינדר בצורת סנטה קלאוס 55 גרם,,IT,שוקולד קינדר בצורת ס,גרמים,55.00,100 גרם,false,1,11.90,21.64,true,1,
80310549,false,הפי היפו חטיף קינדר שוקולד לבן 20.5ג',קריות זול,,קינדר הפי היפו אגוזי,גרמים,35.00,100 גרם,false,1,3.80,10.86,true,1,
80310891,false,ג'וי ביצת הפתעה קינדר 20 גרם,קריות זול,ZA,ביצת הפתעה קינדר גוי,גרמים,20.00,100 גרם,false,1,5.90,29.50,true,1,
80525264,false,Agnesi רוטב עגבניות ובזיל 400 גר,,IT,רוטב עגבניות,גרמים,400.00,100 גרם,false,0,14.60,3.65,true,1,
80525424,false,Agnesi רוטב עגבניות אראביאטה 400 גר,,IT,Agnesi רוטב עגבניות,גרמים,400.00,100 גרם,false,0,14.60,3.65,true,1,
80525462,false,Agnesi רוטב עגבניות נפוליטנה 400 גר,,IT,Agnesi רוטב עגבניות,גרמים,400.00,100 גרם,false,0,14.60,3.65,true,1,
80533900,false,פילה אנשובי בשמן זית 150 גרם צנצנת,,,פילה אנשובי בשמן זית,גרמים,150.00,100 גרם,false,1,54.90,36.60,true,1,
80533917,false,פילה אנשובי בשמן זית 75 גרם צנצנת,,,פילה אנשובי בשמן זית,Unknown,0.00,Unknown,false,1,31.90,31.90,true,1,
80541776,false,אורגנו אורגני 14 גר קנהמלה,האי נאם סי או אל.טי.,,אורגנו אורגני 14 גר,Unknown,0.00,Unknown,false,1,15.90,15.90,true,1,
80651000,false,שום צילי במטחנה 30 גרם ארומה דה טוסקנה,דרוגיה ואלימנטרי אס.אר.א,,שום צילי במטחנה 30 ג,גרמים,30.00,100 גרם,false,1,14.20,47.33,true,1,
80651017,false,תערובת עשבי טוסקנה במטחנה 15 ארומה דה טו,דרוגריה ואלימנטרי אס,,תערובת עשבי טוסקנה ב,גרמים,15.00,100 גרם,false,1,14.20,94.67,true,1,
80651765,false,גינגר זנגביל במטחנה 35 גר ארומה דה טוסקנ,דרוגריה ואלימנטרי אס,,גינגר זנגביל במטחנה,גרמים,35.00,100 גרם,false,1,14.20,40.57,true,1,
80655404,false,שום גבישי אורגני 70 גר קנהמלה,קנהמלה,,שום גבישי אורגני 70,Unknown,0.00,Unknown,false,1,15.90,15.90,true,1,
80655428,false,בזיליקום אורגני 15 גר קנהמלה,קנהמלה,,בזיליקום אורגני 15 ג,Unknown,0.00,Unknown,false,1,15.90,15.90,true,1,
80704188,false,מחית כמהין 80 גרם,,,מחית כמהין 80 גרם,Unknown,0.00,Unknown,false,1,57.50,57.50,true,1,
80718758,false,טונה בשמן זית 160 גר CALIPO,גיאצינטו קליפו,,טונה בשמן זית 160 ג,גרמים,160.00,100 גרם,false,1,25.90,16.19,true,1,
80718765,false,טונה במים בצנצנת קלי,גיאצינטו קליפו,,טונה במים 160 גר CAL,גרמים,160.00,100 גרם,false,1,25.90,16.19,true,1,
80757009,false,{צנצנת} 200 גרם {12} כשר as do mar פילה בשמן זית,,,פילה טונה 200 גר,גרמים,200.00,100 גרם,false,1,37.90,18.95,true,1,
80759737,false,צלפים במלח 60 גרם TERRE,,,צלפים במלח 60 גרם TE,גרמים,60.00,100 גרם,false,1,8.20,13.67,true,1,
80761761,false,קינדר בואנו לבן בודד 39 גרם,ליימן שליסל,,קינדר בואנו לבן בודד,גרמים,39.00,100 גרם,false,1,3.90,10.00,true,1,
80769545,false,מסטיק מנטוס פיור פרש בבקבוק בינוני בטעם לימון 60 ג',"פרפטי ואן מלה ג'ידה,סאן",TR,מסטיק מנטוס פיור פרש,Unknown,0.00,Unknown,false,1,9.90,9.90,true,1,
80773429,false,מנטוס בקבוק מעוגל - מסטיק ללא סוכר בטעם תות 60 גרם,"פרפטי ואן מלה ג'\ידה,סאן",,מנטוס בבקבוק פיור,Unknown,0.00,Unknown,false,1,9.90,9.90,true,1,
80773443,false,מנטוס בקבוק מעוגל - מסטיק ללא סוכר בטעם מנטה 60 גרם,"פרפטי ואן מלה ג'\ידה,סאן",,מנטוס בבקבוק מעוגל ט,Unknown,0.00,Unknown,false,1,9.90,9.90,true,1,
80790990,false,מסטיק מנטוס בבקבוק מעוגל בטעם פירות -מנטה 60 ג',"פרפטי ואן מלה ג'\ידה,סאן",,מנטוס בבקבוק מעוגל ט,Unknown,0.00,Unknown,false,1,9.90,9.90,true,1,
80794233,false,מסטיק מנטוס ביג בבקבוק מעוגל טעם מנטה 90 ג',פרפטי ואן מלה הולנד,,מנטוס ביג בבקבוק מעו,Unknown,0.00,Unknown,false,1,17.90,17.90,true,1,
80820970,false,שוקולד חלב ממולא קרם קרמל ועלי וופל פריכ,לואקר Loacker,,שוקולד חלב ממולא קרם,גרמים,21.00,100 גרם,false,1,5.90,28.10,true,1,
80831402,false,סוכריות מנטוס מנטה עדינה 30 יח' ללא סוכר CLEAN BREATH,פרפטי ואן מלה,,"מנטוס מנטה עדינה לל""",גרמים,21.00,100 גרם,false,1,7.30,34.76,true,1,
80832560,false,סוכריות מנטוס פירות יער 21 ג' ללא סוכר CLEAN BREATH,פרפטי ואן מלה,,סוכריות מנטוס קלין ב,גרמים,21.00,100 גרם,false,1,7.30,34.76,true,1,
80843184,false,מנטוס מסטיק פיור פרש בטעם ענבים 60גר,פרפטי ואן מלה הולנד,,מנטוס בבקבוק פיור בט,גרמים,60.00,100 גרם,false,1,9.90,16.50,true,1,
80854753,false,סוכריות מנטוס מנטה 30 יח' ללא סוכר CLEAN BREATH,פרפטי ואן מלה,,"מנטוס מנטה לל""ס 21 ג",גרמים,21.00,100 גרם,false,1,7.30,34.76,true,1,
80864295,false,סוכריות פיור וויט טעם מנטה עדינה 60 ג' מנטוס,"פרפטי ואן מלה ג'ידה,סאן",,מסטיק מנטוס וייט מנט,גרמים,60.00,100 גרם,false,1,9.90,16.50,true,1,
80896081,false,מנטוס בקבוק מעוגל - מסטיק ללא סוכר בטעם אבטיח 60 גרם,"פרפטי ואן מלה ג'\ידה,סאן",,מנטוס בבקבוק בינוני,Unknown,0.00,Unknown,false,1,9.90,9.90,true,1,
80913467,false,מנטוס בקבוק מעוגל - מסטיק ללא סוכר בטעם מנטה,פרפטי ואן מלה הולנד,,מנטוס בבקבוק מעוגל ב,Unknown,0.00,Unknown,false,1,9.90,9.90,true,1,
80926481,false,מסטיק מנטוס פיור פרש בבקבוק בינוני בטעם אבטיח 90ג',"פרפטי ואן מלה ג'ידה,סאן",TR,מנטוס ביג בבקבוק מעו,Unknown,0.00,Unknown,false,1,17.90,17.90,true,1,
80936848,false,סוכריות טיק טק בטעם תות שדה,ליימן-שליסל,,סוכריות טיק טק בטעם,גרמים,16.00,100 גרם,false,1,3.50,21.88,true,1,
80945468,false,סוכריות פיור וויט טעם מנטה מתוקה 60 ג' מנטוס,"פרפטי ואן מלה ג'ידה,סאן",,מסטיק מנטוס וייט מנט,גרמים,60.00,100 גרם,false,1,9.90,16.50,true,1,
80957706,false,מסטיק מנטוס פיור וויט מנטה 150 גר,"פרפטי ואן מלה ג'ידה,סאן",TR,מסטיק מנטוס פיור ווי,גרמים,150.00,100 גרם,false,1,18.90,12.60,true,1,
80979128,false,מנטוס מסטיק בקבוק מעוגל בטעם דובדבן,פרפטי ואן מלה הולנד,,מנטוס בבקבוק פיור בט,גרמים,60.00,100 גרם,false,1,9.90,16.50,true,1,
80986348,false,סוכריות פיור וויט טעם מנטה 60 ג' מנטוס,"פרפטי ואן מלה ג'ידה,סאן",,מסטיק מנטוס וייט מנט,גרמים,60.00,100 גרם,false,1,9.90,16.50,true,1,
80995128,false,מנטוס בקבוק עגול בטעם הדרים בתוספת ויטמינים 60 גרם,פרפטי ואן מלה הולנד,TR,מסטיק מנטוס ויטמין ב,גרמים,60.00,100 גרם,false,1,9.90,16.50,true,1,
87108538,false,סוכריות בטעם תות מנטוס 37.5 גרם,הדקלאים אגודת שיתופי,,מנטוס תות שדה,Unknown,0.00,Unknown,false,1,3.60,3.60,true,1,
87108651,false,סוכריות בטעם מנטה מנטוס 4*37.5 גרם,הדקלאים אגודת שיתופי,,מנטוס מנטה 1/4,גרמים,150.00,100 גרם,false,1,13.50,9.00,true,1,
87221503,false,"מיונז הולנדי אמיתי גאודס 650 מ""ל",,NL,מיונז גאודס הולנדי א,גרמים,650.00,100 גרם,false,1,23.90,3.68,true,1,
87354041,false,מנטוס גליל בטעם דובדבן 40גלילים,פרפטי ואן מלה,NL,סוכריות לעיסה בטעם ד,גרמים,38.00,100 גרם,false,1,3.60,9.47,true,1,
90057861,false,"שלומברגר קלימט יבש 750 מ""ל",,,שלומברגר קלימט יבש 7,Unknown,0.00,Unknown,false,1,72.90,72.90,true,1,
90087011,false,מיץ תפוחים 100% קרטונית ראוך,Rauch fruchtsafte gm,,מיץ תפוחים 100% קרט,מיליליטרים,1000.00,"100 מ""ל",false,1,14.60,1.46,true,1,
90087066,false,מיץ תפוזים 100% טבעי 1 ל' RAUCH,ראוך Rauch,,מיץ תפוזים ראוך 100%,מיליליטרים,1000.00,"100 מ""ל",false,1,14.60,1.46,true,1,
90087271,false,נקטר אוכמניות 1 ליטר קרטונית ראוך,Rauch fruchtsafte gm,,נקטר אוכמניות 1 ליטר,מיליליטרים,1000.00,"100 מ""ל",false,1,14.60,1.46,true,1,
90087547,false,מיץ עגבניות 1 ליטר ראוך קרטונית,Rauch fruchtsafte gm,,מיץ עגבניות 1 ליטר ר,מיליליטרים,1000.00,"100 מ""ל",false,1,11.40,1.14,true,1,
90087769,false,מיץ אננס 100% קרטונית ראוך,Rauch fruchtsafte gm,,מיץ אננס 100% קרטוני,ליטרים,0.00,ליטר,false,1,14.60,14.60,true,1,
90087806,false,מיץ אשכוליות 100% 1 ליטר,ראוך Rauch,,מיץ אשכוליות 100% 1,מיליליטרים,1000.00,"100 מ""ל",false,1,14.60,1.46,true,1,
90087998,false,"מיץ לימון טבעי 250 מ""ל",Rauch fruchtsafte gm,,מיץ לימון טבעי 250 מ,מיליליטרים,250.00,"100 מ""ל",false,1,7.70,3.08,true,1,
90162602,false,רד בול משקה אנרגיה פקדון 30 אג,רד בול ג'י.אם.בי. אץ,,משקה רד בול מוגז פחי,מיליליטרים,250.00,"100 מ""ל",false,1,7.20,2.88,true,1,
90162800,false,רד בול משקה אנרגיה ללא סוכר פקדון 30 אג,רד בול ג'י.אם.בי. אץ,,משקה רד בול מוגז,מיליליטרים,250.00,"100 מ""ל",false,1,7.20,2.88,true,1,
90446269,false,"משקה רד בול אבטיח מוגז פחית 250 מ""ל",ראון פרוכטסאפה,,משקה רד בול אבטיח מו,מיליליטרים,250.00,"100 מ""ל",false,1,7.20,2.88,true,1,
90448867,false,"משקה אנרגיה רד בול ללא פחמימות 250 מ""ל",רד בול,,משקה אנרגיה רד בול ל,מיליליטרים,250.00,"100 מ""ל",false,1,7.20,2.88,true,1,
90453427,false,"משקה אנרגיה רד בול פיטאיה 250 מ""ל",רד בול,,משקה אנרגיה רד בול פ,מיליליטרים,250.00,"100 מ""ל",false,1,7.20,2.88,true,1,
96137130,false,"דאודורנט דאב רול און אגס ואלוורה 150 מ""ל",יוניליוור פיליפינים,GB,דאודורנט דאב רול און,מיליליטרים,50.00,"100 מ""ל",false,1,26.90,53.80,true,1,
8112100298,false,"שמן שומשום טהור מזרח ומערב 185 מ""ל",Flavor full foods in,,"שמן שומשום 185 מ""ל",מיליליטרים,185.00,"100 מ""ל",false,1,14.90,8.05,true,1,
9800800056,false,חטיף שוקולד עם מקלות לחם אנד גו,פררו - אלבה,,נוטלה & גו 52 גרם,גרמים,52.00,100 גרם,false,1,5.00,9.62,true,1,
10900678148,false,דיאמונד רדיד אלומיניום נון סטיק,דיימונד,CN,דיאמונד רדיד אלומיני,יחידה,1.00,יחידה,false,1,15.90,15.90,true,1,
11182700923,false,קינג קול שעועית אדומה בהירה 439 גרם,הנובר פודס,,שעועית אדומה בהירה 4,גרמים,454.00,100 גרם,false,1,12.10,2.67,true,1,
11210000032,false,"רוטב טבסקו משפחתי 360מ""ל",מקאילהייני Mc.Ilhenn,,"טבסקו משפחתי 350 מ""ל",מיליליטרים,350.00,"100 מ""ל",false,1,56.90,16.26,true,1,
11210000094,false,"רוטב ""טבסקו"" על בסיס פלפל אדום 60 מ""ל",מקאילהייני אייבורי,,טבסקו פלפל אדום 60 מ,מיליליטרים,90.00,"100 מ""ל",false,1,10.90,12.11,true,1,
11210002500,false,"רוטב טבסקו באפאלו 150 מ""ל","ניצן מותגי מזון בע""מ",,רוטב טבסקו בפאלו 150,מיליליטרים,150.00,"100 מ""ל",false,1,20.90,13.93,true,1,
11210006508,false,רוטב פלפל הבנרו חריף טבסקו 60 מל,מקאילהייני Mc.Ilhenn,,רוטב פלפל הבנרו חריף,מיליליטרים,60.00,"100 מ""ל",false,1,16.70,27.83,true,1,
11210007253,false,"רוטב ""טבסקו"" על בסיס פלפל אדום ושום 60 מ""ל",מקאילהייני אייבורי,,"טבסקו פלפל שום 60 מ""",מיליליטרים,60.00,"100 מ""ל",false,1,10.90,18.17,true,1,
11210009387,false,"רוטב ""טבסקו"" על בסיס פלפל ירוק חריף 60 מ""ל",מקאילהייני אייבורי,,טבסקו פלפל ירוק 60 מ,מיליליטרים,60.00,"100 מ""ל",false,1,10.90,18.17,true,1,
11210607040,false,"רוטב ""טבסקו"" על בסיס פלפל צ'יפוטלי [בטעם מעושן] 60 מ""ל",מקאילהייני Mc.Ilhenn,,רוטב טבסקו ציפוטלי 6,מיליליטרים,60.00,"100 מ""ל",false,1,10.90,18.17,true,1,
11210618503,false,"רוטב טבסקו על בסיס פלפל סקורפיון 60מ""ל",מק. אילהיני קו,,רוטב טבסקו סקורפיון,מיליליטרים,60.00,"100 מ""ל",false,1,16.70,27.83,true,1,
11210698055,false,רוטב טבסקו סרירציה 566 גרם,מק. אילהיני קו,,רוטב טבסקו סרירציה 5,גרמים,566.00,100 גרם,false,1,31.90,5.64,true,1,
11359630121,false,אבקה להכנת רוטב גוואקמולי 25 גרם,,NL,אבקה להכנת רוטב גווא,Unknown,0.00,Unknown,false,1,7.50,7.50,true,1,
11359630138,false,אבקה להכנת רוטב צילי מקסיקני 40 גרם,,NL,אבקה להכנת רוטב צילי,גרמים,40.00,100 גרם,false,1,7.50,18.75,true,1,
11359640205,false,עלי טורטיה בטעם צילי וסלסה 240 גרם,,,עלי טורטיה בטעם צילי,גרמים,240.00,100 גרם,false,1,10.90,4.54,true,1,
11359645286,false,טורטילה ציפס נאצוס גבינה 200 גרם,,,טורטילה ציפס נאצוס ג,גרמים,200.00,100 גרם,false,1,10.40,5.20,true,1,
11359650136,false,דיפ גואקמולו 190 גרם,,,דיפ אבוקדו 190 גרם,גרמים,190.00,100 גרם,false,1,10.90,5.74,true,1,
11359650143,false,דיפ סלסה חריפה 190 גרם,,,דיפ סלסה חריפה 190 ג,גרמים,190.00,100 גרם,false,1,9.90,5.21,true,1,
11359650204,false,רוטב סלסה מקסיקנית 220 גרם,,,רוטב סלסה מקסיקנית 2,גרמים,220.00,100 גרם,false,1,9.90,4.50,true,1,
11359650341,false,דיפ סלסה בחריפות מעודנת 190 גרם,,,דיפ סלסה בחריפות מעו,גרמים,190.00,100 גרם,false,1,9.90,5.21,true,1,
12086322112,false,יין דרוהין שבלי רזרב 750 מל,,,יין דרוהין שבלי רזרב,מיליליטרים,750.00,"100 מ""ל",false,1,136.90,18.25,true,1,
12086322211,false,יין דרוהין שבלי 750 מל צרפתי,,,יין דרוהין שבלי 750,Unknown,0.00,Unknown,false,1,104.90,104.90,true,1,
12086508516,false,"יין דרוהין מורגון 750 מ""ל",,,יין דרוהין מורגון 75,מיליליטרים,750.00,"100 מ""ל",false,1,90.90,12.12,true,1,
12086511318,false,זוזף דרוהין לאפורה פינו נואר 750 מל,,,זוזף דרוהין לאפורה,Unknown,0.00,Unknown,false,1,101.90,101.90,true,1,
12300103138,false,סיגריות כאמל בוקס פק,Unknown,,כאמל בוקס עשירייה,Unknown,0.00,Unknown,false,1,305.00,305.00,true,1,
13300555392,false,פילסברי מיקס בראוניז שוקולד חלב 521 ג',,US,פילסברי מיקס בראוניז,גרמים,521.00,100 גרם,false,1,15.90,3.05,true,1,
13300600283,false,פילסברי מיקס תות 432 ג',,US,פילסברי מיקס תות 432,גרמים,432.00,100 גרם,false,1,15.90,3.68,true,1,
13300604410,false,פילסברי מיקס דוויל'ס 432 ג',,US,פילסברי מיקס דווילס,גרמים,432.00,100 גרם,false,1,15.90,3.68,true,1,
13409918104,false,רוטב ברביקיו אורגינל 510 גר סוויט בייבי,סוויט בייבי רייז שיק,,רוטב ברביקיו אורגינל,גרמים,510.00,100 גרם,false,1,23.90,4.69,true,1,
14100074120,false,פפרידג' פארם עוגיות מילאנו 170 גרם,פפרידג פראם,,עוגיות פפרידג פארם,גרמים,198.00,100 גרם,false,1,24.90,12.58,true,1,
14100077084,false,עוגיות פפרידג פקאן מריר [ירוק],פפרידג פראם,,עוגיות פפרידג פארם,גרמים,206.00,100 גרם,false,1,24.90,12.09,true,1,
14100082033,false,עוגיות פפרידג בראוניז רכות קפטיבה (אדום),פפרידג פראם,,עוגיות פפרידג פארם ק,גרמים,244.00,100 גרם,false,1,24.90,10.20,true,1,
16000185517,false,דגני בוקר פייבר וואן עתירי סובין FIBRE1,בטר אנד דיפרנט,,פייבר וואן 555 גרם,גרמים,555.00,100 גרם,false,1,32.50,5.86,true,1,
16000281684,false,חטיפי גרנולה קראנצ'י עם פקאן נייצ'ר ואלי 5*42 גרם,ליימן מותגים,,קראנצי בטעם פקאן 210,גרמים,210.00,100 גרם,false,1,17.90,8.52,true,1,
16000423534,false,חטיפי גרנולה קראנצ'י עם שיבולת שועל ושוקולד מריר נייצ'ר ואלי 5*42 גרם,ג'נרל מילס סאן אדריאן,,קראנצי שיבולת שועל ו,גרמים,210.00,100 גרם,false,1,17.90,8.52,true,1,
16000548404,false,חטיפי גרנולה קראנצ'י עם שיבולת שועל ודבש נייצ'ר ואלי 5*42 גרם,ג'נרל מילס סאן אדריאן,,קראנצי בטעם שיבולת,גרמים,210.00,100 גרם,false,1,17.90,8.52,true,1,
16000548503,false,חטיפי גרנולה קראנצ'י עם מייפל וסוכר חום נייצ'ר ואלי 5*42 גרם,ג'נרל מילס סאן אדריאן,,קראנצי בטעם מייפל,גרמים,210.00,100 גרם,false,1,17.90,8.52,true,1,
16000548602,false,חטיפי גרנולה קראנצ'י קינמון נייצ'ר ואלי 5*24 גרם,ג'נרל מילס סאן אדריאן,,קראנצי בטעם קנמון,גרמים,210.00,100 גרם,false,1,17.90,8.52,true,1,
16229909819,false,קרם קוקוס 1 ליטר AROY-D,תאי וורלד,,קרם קוקוס 1 ליטר ARO,ליטרים,0.00,ליטר,false,1,23.90,23.90,true,1,
16229918361,false,ארוי די רוטב קארי יר,תאי אגרי פוד,TH,רוטב קארי ירוק 250 מ,מיליליטרים,250.00,"100 מ""ל",false,1,10.90,4.36,true,1,
16229924263,false,"ארוי-די קרם קוקוס 250 מ""ל",תאי אגרי פוד פובליק קו'\,,"קרם קוקוס 250 מ""ל",מיליליטרים,250.00,"100 מ""ל",false,1,10.40,4.16,true,1,
17252500004,false,בוסקו סירופ שוקולד 624 גרם,בוסקו פרודקטס,,בוסקו סירופ שוקולד 6,גרמים,624.00,100 גרם,false,1,20.80,3.33,true,1,
17252502244,false,"בוסקו סירופ פנקייק בטעם מייפל 709 מ""ל",בוסקו פרודקטס,,סירופ פנקייק בוסקו 7,מיליליטרים,709.00,"100 מ""ל",false,1,21.50,3.03,true,1,
17273502551,false,אמריקן גורנן חרדל קטן 227 גרם,,,חרדל לחיץ 225 גר,גרמים,225.00,100 גרם,false,1,9.90,4.40,true,1,
18000701223,false,"פילסברי, עוגה בטעם שוקולד, תערובת להכנת עוגה בטעם שוקולד. 500 גרם",הדקלאים אגודת שיתופי,,תערובת לעוגת שוקולד,גרמים,517.00,100 גרם,false,1,17.90,3.46,true,1,
18000703494,false,"פילסברי, עוגה בטעם וניל, תערובת להכנת עוגה בטעם וניל. 500 גרם.",הדקלאים אגודת שיתופי,,תערובת לעוגת וניל 51,גרמים,524.00,100 גרם,false,1,17.90,3.42,true,1,
18000703517,false,תערובת להכנת עוגת שיש פילסברי 550 גרם,הדקלאים אגודת שיתופי,,תערובת לעוגת שיש 550,גרמים,559.00,100 גרם,false,1,17.90,3.20,true,1,
18000766413,false,"פילסברי, עוגה בטעם שוקולד, תערובת להכנת עוגה בטעם שוקולד. 550 גרם.",הדקלאים אגודת שיתופי,,תערובת לבראוניס 552,גרמים,609.00,100 גרם,false,1,17.90,2.94,true,1,
18787321102,false,ברונרס משחת שיניים מנטה 140 גרם,וגה מוצרים טבעיים,,משחת שיניים מנטה 140,גרמים,140.00,100 גרם,false,1,38.90,27.79,true,1,
18787762165,false,ברונרס סבון נוזלי תינוקות ללא ריח 472 מל,וגה מוצרים טבעיים,,סבון נוזלי לתינוקות,Unknown,0.00,Unknown,false,1,45.90,45.90,true,1,
18787764169,false,ברונרס סבון נוזלי לבנדר 472 מל,וגה מוצרים טבעיים,,סבון נוזלי לבנדר של,Unknown,0.00,Unknown,false,1,45.90,45.90,true,1,
18787765166,false,סבון נוזלי מנטה אורגני,דר ברונר,,סבון נוזלי מנטה מעור,Unknown,0.00,Unknown,false,1,45.90,45.90,true,1,
18787769164,false,ברונרס סבון נוזלי עץ התה 472 מל,וגה מוצרים טבעיים,,סבון נוזלי עץ התה של,Unknown,0.00,Unknown,false,1,45.90,45.90,true,1,
18787779163,false,סב.נוזלי תה ירוק אורגני,דר ברונר,,סבון נוזלי תה ירוק ש,מיליליטרים,472.00,"100 מ""ל",false,1,45.90,9.72,true,1,
18787780169,false,סבון נוזלי יסמין סנדלווד,דר ברונר,,סבון נוזלי יסמין סנד,Unknown,0.00,Unknown,false,1,45.90,45.90,true,1,
18787784051,false,סבון מוצק לבנדר של ד,דר ברונר,,סבון מוצק לבנדר של ד,Unknown,0.00,Unknown,false,1,22.90,22.90,true,1,
18787785058,false,סבון מוצק מנטה מעורר,דר ברונר,,סבון מוצק מנטה מעורר,Unknown,0.00,Unknown,false,1,22.90,22.90,true,1,
18787787052,false,סבון מוצק תפוז דר' ברונר,דר ברונר,,סבון מוצק תפוז לימון,Unknown,0.00,Unknown,false,1,22.90,22.90,true,1,
18787789056,false,סבון מוצק דר ברונר,דר ברונר,,סבון מוצק תה ירוק,גרמים,140.00,100 גרם,false,1,22.90,16.36,true,1,
18787792056,false,סבון מוצק יסמין סנדלווד,דר ברונר,,סבון מוצק יסמין סנדל,Unknown,0.00,Unknown,false,1,22.90,22.90,true,1,
19582000544,false,בולס איי רוטב ברביקיו עם דבש 496 גר,,US,בולס איי רוטב ברביקי,גרמים,496.00,100 גרם,false,1,14.90,3.00,true,1,
19582000568,false,בולס איי רוטב ברביקיו אוריגינל 496 גר,,US,בולס איי רוטב ברביקי,גרמים,496.00,100 גרם,false,1,14.90,3.00,true,1,
21000052288,false,"קראפט רוטב ברביקיו 510 מ""ל",,US,קראפט רוטב ברביקיו 5,מיליליטרים,510.00,"100 מ""ל",false,1,11.90,2.33,true,1,
21200013393,false,"דבק דו צדדי רוחב 2.5 ס""מ",3m,,דבק דו צדדי רוחב 2.5,Unknown,0.00,Unknown,false,1,40.90,40.90,true,1,
21200572357,false,שלישיית ספוגי קרצוף לניקוי חזק (ירוקים),3m,,שלושה ספוגי קירצוף ל,Unknown,0.00,Unknown,false,1,17.10,17.10,true,1,
21723339994,false,"רוטב דגים 300מ""ל (טיפרוס) (כ)",טאנג סאנג ראר קי,,רוטב דגים 300מ`ל,מיליליטרים,300.00,"100 מ""ל",false,1,10.40,3.47,true,1,
21723758887,false,רוטב דגים טיפארוס 700 מל,Tang sang hah co. lt,,רוטב דגים טיפארוס,מיליליטרים,700.00,"100 מ""ל",false,1,14.60,2.09,true,1,
22014004607,false,רסק תפוחי עץ אורגני 4*113 גרם,MANISCHEWITZ,,רסק תפוחי עץ אורגני,גרמים,452.00,100 גרם,false,1,16.70,3.69,true,1,
22014031023,false,רסק תפוחי עץ אורגני בפאוץ' 360 גרם (4*90),MANISCHEWITZ,US,רסק תפוחי עץ אורגני,גרמים,360.00,100 גרם,false,1,16.50,4.58,true,1,
22014240623,false,רסק תפוחי עץ אורגני בצנצנת 680 גרם,MANISCHEWITZ,,רסק תפוחי עץ אורגני,גרמים,680.00,100 גרם,false,1,17.90,2.63,true,1,
22224200820,false,וולבי ליקריץ תות בסגנון אוסטרלי 114 גרם,קניס קנדי,,וולבי ליקריץ תות בסג,גרמים,114.00,100 גרם,false,1,12.90,11.32,true,1,
22224200837,false,וולבי ליקריץ שחור בסגנון אוסטרלי 114 גרם,קניס קנדי,,וולבי ליקריץ שחור בס,גרמים,114.00,100 גרם,false,1,12.90,11.32,true,1,
23243005311,false,סבון ירדן 100 ג קלאסי מארז רביעיה,,,סבון ירדן 100 ג קלאס,גרמים,400.00,100 גרם,false,1,59.90,14.98,true,1,
23535301046,false,"תמצית וניל מדאגסקאר בורבון 60 מ""ל",,,תמצית וניל מדאגסקאר,Unknown,0.00,Unknown,false,1,55.50,55.50,true,1,
24463061071,false,ממרח פלפל צילי חריף 226 גר,,,ממרח פלפל צילי חריף,גרמים,226.00,100 גרם,false,1,23.50,10.40,true,1,
24463061095,false,רוטב פלפל צ'ילי חריף לחיץ 435 ג' סריראצה,הוי פונג פודס,,רוטב פלפל צילי חריף,גרמים,435.00,100 גרם,false,1,34.90,8.02,true,1,
25675120006,false,חמצוצים 4 צבעים טעמים טבעי 100 גרם,פאסין ב.ו,,חמצוצים 4 צבעים טבעי,גרמים,100.00,100 גרם,false,1,9.90,9.90,true,1,
25675120037,false,מקלות חמצוצים תות פשקז 100 גרם,פשקס קנדי,,מקלות חמצוצים תות 10,גרמים,100.00,100 גרם,false,1,9.90,9.90,true,1,
25675120068,false,מקלות חמצוצים בטעם קולה פשקז 100 גרם,פשקז Paskesz,,מקלות חמצוצים קולה 1,גרמים,100.00,100 גרם,false,1,9.90,9.90,true,1,
25675121034,false,חמצוצים רחבים תות 115 גר,חמצוצים,,חמצוצים רחב 115 גר ת,גרמים,115.00,100 גרם,false,1,11.40,9.91,true,1,
25675121041,false,סאוור בלטס Sour Belts בטעם אוכמניות,פשקז Paskesz,,חמצוצים רחב פטל 115,גרמים,115.00,100 גרם,false,1,11.40,9.91,true,1,
25675121058,false,"חמצוצים רחבים תפו""ע 115 גר",חמצוצים,,חמצוצים רחב תפוח 115,גרמים,115.00,100 גרם,false,1,11.40,9.91,true,1,
25675301108,false,מקלות חמוצים חמצוצים תות 50 גרם,פאסין,,מקלות חמצוצים תות 50,גרמים,50.00,100 גרם,false,1,5.90,11.80,true,1,
25700005650,false,שקיות הקפאה גדולות- 14 יח' זיפלוק,אס.סי.גונסון ובניו,,זיפלוק שקיות הקפאה ג,Unknown,0.00,Unknown,false,1,16.70,16.70,true,1,
25700005698,false,זיפלוק שקיות אחסון בינוניות 24 יחידות,אס.סי.גונסון ובניו,,זיפלוק שקיות אחסון ב,Unknown,0.00,Unknown,false,1,16.70,16.70,true,1,
29801025203,false,עוגיות חמאה קריספי - ב. באטרס 200 גר,HAMLET NV,,עוגיות חמאה קריספי -,גרמים,200.00,100 גרם,false,1,20.90,10.45,true,1,
30000315989,false,קוואקר פרוטאין חמוציות ושקדים 372 גרם,קוואקר אוטס קומפני,US,קוואקר פרוטאין חמוצי,גרמים,372.00,100 גרם,false,1,21.30,5.73,true,1,
30100472414,false,סנדוויץ קרקר קלאב צדר 311 גרם,קיבלר,,סנדוויץ קרקר קלאב צד,גרמים,311.00,100 גרם,false,1,28.50,9.16,true,1,
30891052826,false,דפי אורז מזרח ומערב,Oriental food co. lt,,דפי אורז 400 גרם,גרמים,400.00,100 גרם,false,1,12.90,3.23,true,1,
31290140190,false,גודייבה אצבעות שוקולד מריר עם נגיעות מלח ים 90 גרם,"אולקר מקבוצת פלאדיס, ציק",TR,שוקולד נגיעות מלח ים,גרמים,90.00,100 גרם,false,1,14.90,16.56,true,1,
33617000026,false,קרקר ואזה 203-275 גרם מקמח מלא 260,כלורוקס אוקלנד,,ואזה קמח מלא 260 גר,גרמים,260.00,100 גרם,false,1,14.60,5.62,true,1,
33617322616,false,קרקר ואזה 203-275 גרם מקמח שיפון,כלורוקס אוקלנד,,ואזה קלה מקמח שיפון,גרמים,270.00,100 גרם,false,1,14.60,5.41,true,1,
33617340610,false,קרקר ואזה 203-275 גרם מקמח שיפון 275,כלורוקס אוקלנד,,ואזה מקמח שיפון 250,גרמים,275.00,100 גרם,false,1,14.60,5.31,true,1,
33984010383,false,אסטרולה ויטמין C לא חומצי 500 מ”ג (כמוסות),LTD .AMBROZIA,,אסטרולה 500 מג,Unknown,0.00,Unknown,false,1,99.90,99.90,true,1,
33984010574,false,סולגאר שמן נר הלילה1300,LTD .AMBROZIA,,שמן נר הלילה 1300,Unknown,0.00,Unknown,false,1,164.90,164.90,true,1,
33984011007,false,"סולגאר - חומצה פולית 800 מק""ג 100 טבליות",LTD .AMBROZIA,,חומצה פולית 800 מקג,Unknown,0.00,Unknown,false,1,55.90,55.90,true,1,
33984011816,false,מולטי-ויטמין מינרל 75-VM (טבליות),LTD .AMBROZIA,,vm-75 מולטי-ויטמין-מ,Unknown,0.00,Unknown,false,1,119.90,119.90,true,1,
33984012493,false,"סולגאר - ברזל עדין 25 מ""ג 90 כמוסות",LTD .AMBROZIA,,ברזל עדין 25 מג,Unknown,0.00,Unknown,false,1,73.90,73.90,true,1,
33984017108,false,סולגאר - מגנזיום ציטראט 60 טבליות,LTD .AMBROZIA,,מגנזיום ציטראט,Unknown,0.00,Unknown,false,1,64.90,64.90,true,1,
33984017443,false,סולגאר - מולטי ויטמין מינרל לגברים 60 טבליות,LTD .AMBROZIA,,מולטי-ויטמין - מינרל,Unknown,0.00,Unknown,false,1,164.90,164.90,true,1,
33984019515,false,"סולגאר - מתילקובלאמין 1000 B12 מק""ג 60 כמוסות",LTD .AMBROZIA,,ויטמין B12 מתילקובלא,Unknown,0.00,Unknown,false,1,69.90,69.90,true,1,
33984020290,false,סולגאר שמן אורגנו פראי 0,LTD .AMBROZIA,,שמן אורגנו פראי,Unknown,0.00,Unknown,false,1,104.90,104.90,true,1,
33984020580,false,סולגאר - אומגה 3 950 100 כמוסות רכות סולגאר 100 כמוסות,LTD .AMBROZIA,,אומגה 3 950,Unknown,0.00,Unknown,false,1,179.90,179.90,true,1,
33984025400,false,"סלניום 200 מק""ג 50טבליות",LTD .AMBROZIA,,סלניום 200 מקג,Unknown,0.00,Unknown,false,1,89.90,89.90,true,1,
33984027701,false,קומפלקס ויטמיני C+B (סטרס פורמולה),LTD .AMBROZIA,,קומפלקס ויטמיני C+B,Unknown,0.00,Unknown,false,1,105.90,105.90,true,1,
33984028203,false,סולגאר ויטמין A יבש 100,LTD .AMBROZIA,,"ויטמין A יבש 5,000",Unknown,0.00,Unknown,false,1,89.90,89.90,true,1,
33984032293,false,"סולגאר - ויטמין B12 למציצה 1000 מק""ג 100 טבליות",LTD .AMBROZIA,,ויטמין B12 (מינון 10,Unknown,0.00,Unknown,false,1,84.90,84.90,true,1,
33984041110,false,תמצית קוהוש שחור 60כמוסו,LTD .AMBROZIA,,תמצית קוהוש שחור,Unknown,0.00,Unknown,false,1,231.90,231.90,true,1,
33984041615,false,סולגאר - תמצית שורש כורכום 60 כמוסות,LTD .AMBROZIA,,תמצית שורש כורכום,Unknown,0.00,Unknown,false,1,114.90,114.90,true,1,
33984512993,false,סולגאר - קומפורט זון 90 כמוסות,LTD .AMBROZIA,,תערובת אנזימי עיכול,Unknown,0.00,Unknown,false,1,134.90,134.90,true,1,
33984595972,false,סולגאר - כורכומין סולגאר ספקטרום 185X פטנטי 30 כמוסות רכות,LTD .AMBROZIA,,כורכומין ספקטרום פטנ,Unknown,0.00,Unknown,false,1,159.90,159.90,true,1,
34000148301,false,הרשי נטיפי שוקולד מריר לאפייה 340 גר,ליימן מותגים,,הרשי נטיפי שוקולד מר,גרמים,340.00,100 גרם,false,1,18.90,5.56,true,1,
34000196173,false,הרשי טבלה XL בטעם שוקולד לבן עם שברי עוגיות 113 גרם,ליימן מותגים,,טבלת קוקיס אנד קרים,גרמים,120.00,100 גרם,false,1,11.20,9.33,true,1,
34000214679,false,תערובת בייגל פופד סנ,,US,תערובת בייגל פופד סנ,Unknown,1.00,Unknown,false,1,35.90,35.90,true,1,
34000442652,false,ריזס טבלה בטעם שוקולד ממולאת קרם בוטנים 120 גרם,ליימן מותגים,,טבלת ריזס 120 גרם X,גרמים,120.00,100 גרם,false,1,11.20,9.33,true,1,
34000446001,false,ריזס מיניאטורס- חטיף שוקולד במילוי חמאת בוטנים 150 גרם,ליימן מותגים,,חטיפי שוקולד ריזס מי,גרמים,150.00,100 גרם,false,1,10.90,7.27,true,1,
34000470228,false,ריזס מיניס חטיף שוקולד במילוי חמאת בוטנים 70 גרם,הרשי,,חטיף ריזס מיניס 70 ג,גרמים,70.00,100 גרם,false,1,7.50,10.71,true,1,
34000544028,false,סוכריות ארוכות בטעם תות טוויזלרס Twizzlers,ליימן מותגים,,ממתקי טוויזלרס תות ש,גרמים,198.00,100 גרם,false,1,7.90,3.99,true,1,
34000544431,false,ממתקי הרשיז טוויזלרס טעם דובדבן 172 גרם,ליימן מותגים,US,ממתקי הרשיז טוויזלרס,גרמים,172.00,100 גרם,false,1,8.90,5.17,true,1,
34000996643,false,הרשי דרופס באריזה משפחתית 215 גרם,ליימן מותגים,US,הרשי דרופס 215 גר,גרמים,215.00,100 גרם,false,1,22.90,10.65,true,1,
34325055506,false,פיסטוק בטעם שום בצל 85 גרם,,,פיסטוק בטעם שום בצל,גרמים,85.00,100 גרם,false,1,21.90,25.76,true,1,
35000689535,false,מברשת שיניים קולגייט מקס וייט סופט זוג,קולגייט-פלמוליב,,מברשת שיניים קולגייט,Unknown,0.00,Unknown,false,1,24.90,24.90,true,1,
37600297943,false,מטבל סלסה חריף- צ'י צ'י 439 גר,מותגים,US,מטבל סלסה חריף צי צי,גרמים,439.00,100 גרם,false,1,21.90,4.99,true,1,
37600297967,false,מטבל סלסה בחריפות עדינה צי צי 439 גר,מותגים,US,מטבל סלסה בחריפות עד,גרמים,439.00,100 גרם,false,1,21.90,4.99,true,1,
38000138638,false,חטיף צ'יפס פרינגלס פיצה 158 גרם,פרינגלס מנופקצ'ורינג קונ,,פרינגלס פיצה 158 גרם,גרמים,158.00,100 גרם,false,1,8.90,5.63,true,1,
38000138720,false,חטיף צ'יפס פרינגלס ראנץ 158 גרם,פרינגלס מנופקצ'ורינג קונ,,פרינגלס ראנץ 158 גרם,גרמים,158.00,100 גרם,false,1,8.90,5.63,true,1,
38000183690,false,חטיף צ'יפס פרינגלס מידי ברביקיו 71 גרם,פרינגלס מנופקצ'ורינג,,פרינגלס מידי ברביקיו,גרמים,71.00,100 גרם,false,1,5.80,8.17,true,1,
38000183928,false,פרינגלס דבש וחרדל 158 גרם,פרינגלס מניופקצ'ורינ,US,פרינגלס חרדל ודבש 15,גרמים,158.00,100 גרם,false,1,8.90,5.63,true,1,
38000197840,false,פרינגלס גלי בטעם חריף מתוק 137 ג',פרינגלס מניופקצ'ורינ,US,פרינגלס וייב חריף מת,גרמים,137.00,100 גרם,false,1,8.90,6.50,true,1,
38000202278,false,חטיף צ'יפס גלי בטעם אורגינל מלוח,פרינגלס מניופקצ'ורינ,US,פרינגלס וייב אורגינל,גרמים,130.00,100 גרם,false,1,8.90,6.85,true,1,
38000232152,false,פרינגלס חטיפי תפוח אדמה בטעם ברביקיו 158 גרם,פרינגלס מנופקצ'ורינג קומ,,פרינגלס ברביקיו 158,גרמים,158.00,100 גרם,false,1,8.90,5.63,true,1,
38000232169,false,פרינגלס מידי אורגינל 67 גרם.,פרינגלס מנופקצ'ורינג קונ,,פרינגלס מידי אורגינל,גרמים,71.00,100 גרם,false,1,5.80,8.17,true,1,
38000232176,false,פרינגלס ביג שמנת בצל 158 גרם,פרינגלס מנופקצ'ורינג קונ,,פרינגלס שמנת בצל 158,גרמים,158.00,100 גרם,false,1,8.90,5.63,true,1,
38000232183,false,פרינגלס ביג אורגינל 149 גרם,פרינגלס מנופקצ'ורינג קונ,,פרינגלס אוריגינל 149,גרמים,149.00,100 גרם,false,1,8.90,5.97,true,1,
38000845253,false,חטיף צ'יפס פרינגלס מידי שמנת בצל 71 גרם,פרינגלס מנופקצ'ורינג קונ,,פרינגלס מידי שמנת בצ,גרמים,71.00,100 גרם,false,1,5.80,8.17,true,1,
38527591053,false,קואקר דגנים מרובעים שיבולת שועל וקינמון,קוואקר אוטס קומפני,,דגני בוקר מרובעים קי,גרמים,411.00,100 גרם,false,1,17.90,4.36,true,1,
38900779238,false,מיץ אננס דול רביעיות 4*250 מל,דול פיליפינים אינק,,מיץ אננס דול רביעיות,מיליליטרים,1000.00,"100 מ""ל",false,1,17.90,1.79,true,1,
39000008051,false,טורטיה אורטגה ארוחת טאקו קיט,בי אנד ג'י,,אורטגה טאקו ארוחת קי,גרמים,283.00,100 גרם,false,1,36.50,12.90,true,1,
39000008907,false,אורטגו רוטב טאקו מיילד 226 גרם,בי אנד ג'י,,אורטגו רוטב טאקו מיי,גרמים,226.00,100 גרם,false,1,20.90,9.25,true,1,
39000008914,false,אורטגה רוטב טאקו חריף 226 גרם,בי אנד גי,,אורטגו רוטב טאקו חרי,גרמים,226.00,100 גרם,false,1,20.90,9.25,true,1,
39000010351,false,פלפל חלפיניו בצנצנת אורטגה 340 גרם,בי אנד ג'י,,פלפל חלפיניו בצנצנת,גרמים,340.00,100 גרם,false,1,20.90,6.15,true,1,
39000015677,false,C&T סלסה מיילד אורטגה 454 גרם,,,C&T סלסה מיילד אורטג,גרמים,454.00,100 גרם,false,1,24.90,5.48,true,1,
39000018920,false,אורטגו רוטב טאקו מדיום 226 גרם,,,אורטגו רוטב טאקו מדי,גרמים,226.00,100 גרם,false,1,20.90,9.25,true,1,
39047001152,false,ווקרס עוגיות חמאה פינגרס 150 גרם,,,ווקרס עוגיות חמאה פי,גרמים,150.00,100 גרם,false,1,19.80,13.20,true,1,
39047005013,false,ווקרס עוגיות חמאה דגיסטיף 150 גרם,,,ווקרס עוגיות חמאה דג,גרמים,150.00,100 גרם,false,1,19.80,13.20,true,1,
39047005426,false,ווקרס ביסקוויט גינגר 150 גרם,,,ווקרס ביסקוויט עם גי,גרמים,150.00,100 גרם,false,1,19.80,13.20,true,1,
39047005440,false,ווקרס ביסקוויט שוקולד +אגוזי לוז 150 גרם,,,ווקרס ביסקוויט שוקול,גרמים,150.00,100 גרם,false,1,19.80,13.20,true,1,
39047010222,false,"ווקרס ביסקוויט גינגר לימון לל""ג 140 גרם",,,ווקרס ביסקוויט גינגר,Unknown,0.00,Unknown,false,1,22.90,22.90,true,1,
39047050709,false,ווקרס ביסקוויט תות שמנת 150 גרם,,,ווקרס ביסקוויט תות ש,גרמים,150.00,100 גרם,false,1,19.80,13.20,true,1,
39047050747,false,ווקרס עוגיות טופי פקאן 150 גרם,,,ווקרס עוגיות טופי פק,גרמים,150.00,100 גרם,false,1,19.80,13.20,true,1,
41190007097,false,"חומץ תפוחים שופרייט 946 מ""ל",,,חומץ תפוחים שופרייט,מיליליטרים,946.00,"100 מ""ל",false,1,15.90,1.68,true,1,
41190020836,false,שופרייט תחתיות פאי אפויה 170 גר,,,שופרייט תחתית פאי א,גרמים,170.00,100 גרם,false,1,15.60,9.18,true,1,
41190069477,false,שופרייט רוטב שום לפסטה 680 גרם,,US,שופרייט רוטב שום לפס,גרמים,680.00,100 גרם,false,1,17.90,2.63,true,1,
41224700260,false,צלפים מיניאטורים בחומץ 90 ג,סיבס,,צלפים מיניאטורים בחו,Unknown,0.00,Unknown,false,1,19.50,19.50,true,1,
41224700925,false,"פירות צלף בחומץ 466 גרם ""ROLAND""",סיבס,,צלפים מיניאטורים בחו,מיליליטרים,466.00,"100 מ""ל",false,1,26.70,5.73,true,1,
41255015296,false,מחית אוכמניות לעוגה 595 גרם,,,מלית אוכמניות לפאי 5,גרמים,595.00,100 גרם,false,1,26.90,4.52,true,1,
41331124027,false,גויה שעועית קידני אדומה 439 גרם,,,גויה שעועית קידני אד,גרמים,439.00,100 גרם,false,1,11.90,2.71,true,1,
41331124355,false,שעועית אדומה קידני כהה 439 גרם,,,שעועית אדומה קידני,גרמים,439.00,100 גרם,false,1,12.50,2.85,true,1,
41331124430,false,שעועית לבנה חמאה 439 גרם,,,שעועית לבנה חמאה,גרמים,439.00,100 גרם,false,1,13.50,3.08,true,1,
41335000594,false,רוטב סלט קיסר 473 גר קנז,קנס פודס,,רוטב סלט קיסר 473 גר,גרמים,473.00,100 גרם,false,1,27.90,5.90,true,1,
41390001079,false,"רוטב סויה קיקומן מופחת נתרן 444 מ""ל",קיקומן פודז אינק,US,רוטב סויה מופחת נתרן,מיליליטרים,444.00,"100 מ""ל",false,1,19.90,4.48,true,1,
41390010309,false,"רוטב טריאקי קיקומן 444 מ""ל",קיקומן פודז אינק,,רוטב טריאקי קיקומן 4,מיליליטרים,444.00,"100 מ""ל",false,1,23.90,5.38,true,1,
41421177452,false,"רייטס רוטב היקורי מעושן מרוכז 103 מ""ל",בי אנד ג'י,US,רייטס רוטב היקורי מ,מיליליטרים,103.00,"100 מ""ל",false,1,19.90,19.32,true,1,
41500000299,false,פרנצ'ס חרדל דיזיון לחיץ 340 גרם,פרנצ'ס,US,ממרח חרדל דיזון בטעם,גרמים,340.00,100 גרם,false,1,19.90,5.85,true,1,
41500007007,false,חרדל צהוב פרנצס קלאסי לחיץ 226 גרם,פרנצ'ס,US,ממרח על בסיס חרדל 22,גרמים,226.00,100 גרם,false,1,14.90,6.59,true,1,
41500013183,false,רוטב סויה וורצסטר פרנצס גדול,,,"רוטב וורצסטר 443 מ""ל",מיליליטרים,443.00,"100 מ""ל",false,1,23.90,5.40,true,1,
41500805016,false,"רוטב רד הוט פלפל 148 מ""ל",רקיט בנקיזר,,רוטב רד הוט פלפל 148,מיליליטרים,148.00,"100 מ""ל",false,1,16.70,11.28,true,1,
41500805023,false,"רוטב פלפל רד האט 354 מ""ל",רקיט בנקיזר,,"רוטב רד הוט 355 מ""ל",מיליליטרים,355.00,"100 מ""ל",false,1,29.50,8.31,true,1,
41500818436,false,"רד הוט רוטב באפלו לכנפיים 354 מ""ל",,,רד הוט רוטב באפלו לכ,מיליליטרים,354.00,"100 מ""ל",false,1,27.90,7.88,true,1,
41500818467,false,"פרנצ רוטב ווסטר מופחת נתרן 443 מ""ל",,US,רוטב וורצסטר דל נתרן,מיליליטרים,443.00,"100 מ""ל",false,1,23.90,5.40,true,1,
41501537251,false,אורטגה אבקת תיבול חריף 28 גרם,,,אורטגה אבקת תיבול חר,גרמים,28.00,100 גרם,false,1,10.90,38.93,true,1,
41740001155,false,גולד רוטב ברווז קנטונזי חמוץ מתוק 1.13קג,גולד פיור פוד,,גולד רוטב ברווז קנטו,ליטרים,0.00,ליטר,false,1,32.90,32.90,true,1,
42400108153,false,דגני בוקר צבעוניים בטעם פירות טוטי פרוטיס,פוסט ארצות הברית,US,דגני פוסט טוטי פרוטי,גרמים,354.00,100 גרם,false,1,22.60,6.38,true,1,
43000057964,false,פירורי לחם ופרמזן ש,,US,פירורי לחם ופרמזן ש,Unknown,1.00,Unknown,false,1,15.90,15.90,true,1,
43647320018,false,קונפיטורה משמש 340 גר TIPTREE,,,קונפיטורה משמש 340 ג,גרמים,340.00,100 גרם,false,1,29.90,8.79,true,1,
43647680037,false,ריבה למון קרד טיפטרי 312 גרם,,,ריבה למון קרד טיפטרי,גרמים,312.00,100 גרם,false,1,29.90,9.58,true,1,
44600320977,false,"פחמים קינגספורד מטצ'לייט 3.62 ק""ג",כלורוקס אוקלנד,,פחם קינגספורד מצלייט,קילוגרמים,0.00,"ק""ג",false,1,57.50,57.50,true,1,
46214372250,false,"עוגיות שטרודל פריכות תפו""ע וצימוקים",קריות זול,,"עוגיות שטרודל תפו""ע",גרמים,225.00,100 גרם,false,1,8.90,3.96,true,1,
46214382259,false,עוגיות בראוניס שוקולד 225 ג',בנקטבקריי מרבה בי.וי,,עוגיות בראוניס 200 ג,גרמים,200.00,100 גרם,false,1,8.90,4.45,true,1,
46214731552,false,עוגיות שוקולד צ'יפס 37% גודיס 225 גרם,קריניציה ויטמינה אס,,עוגיות מרבה שוקולד צ,גרמים,225.00,100 גרם,false,1,8.90,3.96,true,1,
47800175477,false,"רייטס רוטב מסקיט מעושן מרוכז 103 מ""ל",בי אנד ג'י,US,רייטס רוטב מסקיט מעו,מיליליטרים,103.00,"100 מ""ל",false,1,19.90,19.32,true,1,
47997130006,false,מגיק מלח תיבול 198 גרם,מג'יק,,מגיק מלח תיבול 198 ג,גרמים,198.00,100 גרם,false,1,19.90,10.05,true,1,
47997130204,false,מגיק לתיבול סלמון 198 גרם,מגיק סיזנינג בלנד,,מגיק לתיבול סלמון 19,גרמים,198.00,100 גרם,false,1,27.90,14.09,true,1,
48256214758,false,מסיר כתמים קשים לכביסה לבנה וצבעונית,יעקבי- אסטוניש Astonish,,אסטוניש אבקת הפלא 1,גרמים,1000.00,100 גרם,false,1,35.90,3.59,true,1,
48327203513,false,"שמן זית כתית מעולה 750 מ""ל YBARRA",,ES,שמן זית כתית מעולה 7,מיליליטרים,750.00,"100 מ""ל",false,1,39.90,5.32,true,1,
50000015474,false,"מזון חתולים פריסקיז מעדני הים 1.43 ק""ג",פריסקיז,,פריסקיז מעדני הים 1.,קילוגרמים,0.00,"ק""ג",false,1,35.90,35.90,true,1,
50000084500,false,מזון יבש לחתול בטעם נתחי ברביקיו פריסקיז Friskies,נסטלה פורינה USA מק,,פריסקיז נתחי ברביקיו,קילוגרמים,0.00,"ק""ג",false,1,35.90,35.90,true,1,
50000100347,false,"פריסקיז - מעדני החתול מועשר בחלב 1.40 ק""ג",נסטלה פורינה USA מק,,פריסקיז מעדני החתול,קילוגרמים,0.00,"ק""ג",false,1,35.90,35.90,true,1,
50000168583,false,"מזון חתולים פריסקיז אקסטרא קראנץ 1.43 ק""ג","פורינה ארה""\ב",,פריסקיז אקסטרא קראנץ,Unknown,1.00,Unknown,false,1,35.90,35.90,true,1,
50000170180,false,מזון חתולים פריסקיז עוף ברוטב 156 גרם,נסטלה פורינה USA קר,,פריסקיז פריים פילה ע,גרמים,156.00,100 גרם,false,1,6.90,4.42,true,1,
50000293339,false,פריסקיז גרייבי 156 ג,פורינה,,פריסקיז גרייבי 156 ג,גרמים,156.00,100 גרם,false,1,6.90,4.42,true,1,
50000397587,false,נסטלה אבקת שוקו חלב 121 גרם,נסטלה,US,נסטלה אבקת שוקו חלב,גרמים,121.00,100 גרם,false,1,21.90,18.10,true,1,
50000428946,false,פנסי פיסט דג סול ושרימפס,,,פנסי פיסט דג סול ושר,גרמים,85.00,100 גרם,false,1,5.90,6.94,true,1,
50000429349,false,פנסי פיסט פטה פירות ים,,,פנסי פיסט פטה פירות,גרמים,85.00,100 גרם,false,1,5.90,6.94,true,1,
50000429448,false,פריסקיז פנסי פיסט פטה מוס סלמון 85 גרם,נסטלה פורינה USA סט,,פנסי פיסט מוס סלומון,גרמים,85.00,100 גרם,false,1,5.90,6.94,true,1,
50000429646,false,פריסקיז פנסי פיסט לח דג אוקיאנוס 85 גרם,נסטלה פורינה USA ג',,פנסי פיסט דגי אוקיינ,גרמים,85.00,100 גרם,false,1,5.90,6.94,true,1,
50000429844,false,מזון חתולים בטעם הודו ועוף פנסי פיסט 85 גרם,נסטלה פורינה USA ג',,פינסי פיטס הודוו נתח,גרמים,85.00,100 גרם,false,1,5.90,6.94,true,1,
50000429943,false,פנסי פיסט גורמה עוף 85 גרם,פורינה,,פנסי פיסט גורמה עוף,גרמים,85.00,100 גרם,false,1,5.90,6.94,true,1,
50000445691,false,מזול חתולים פריסקיז עוף וסלמון ברוטב 156 גרם,נסטלה פורינה USA קר,,פריסקיז 156 גרם,גרמים,156.00,100 גרם,false,1,6.90,4.42,true,1,
50000503896,false,פנסי פיסט גרילד סלמון,פורינה,,פנסי פיסט גרילד סלמ,גרמים,85.00,100 גרם,false,1,5.90,6.94,true,1,
50000574988,false,פנסי פיסט חתלתולים,,,פנסי פיסט חתלתולים,גרמים,85.00,100 גרם,false,1,5.90,6.94,true,1,
50000836123,false,פנסי פיסט גריל טונה,,,פנסי פיסט גריל טונה,גרמים,85.00,100 גרם,false,1,5.90,6.94,true,1,
51141234892,false,גליל ניירות דביקים 60 יחיודות סקוטש ברייט,3m,,סקוטש ברייט גליל ניי,Unknown,0.00,Unknown,false,1,25.90,25.90,true,1,
52100002453,false,תערובת תיבול לסטייק 96 גר,מקורמיק,US,תערובת תיבול לסטייק,גרמים,96.00,100 גרם,false,1,19.90,20.73,true,1,
52100002460,false,תערובת תיבול לעוף ודג 77 גר,מקורמיק,US,תערובת תיבול לעוף וד,גרמים,77.00,100 גרם,false,1,19.90,25.84,true,1,
52100002477,false,אבקת תיבול לתבשילים בסגנון הודי 28 גר,מקורמיק,US,אבקת תיבול לתבשילים,גרמים,28.00,100 גרם,false,1,17.90,63.93,true,1,
52100002613,false,כורכום טחון מקורמיק,מקורמיק,US,כורכום טחון 26 גר,גרמים,26.00,100 גרם,false,1,17.90,68.85,true,1,
52100004426,false,מקלות קינמון מקורמיק,,US,מקלות קינמון 21 גר,גרמים,21.00,100 גרם,false,1,29.50,140.48,true,1,
52100004488,false,פפריקה מקורמיק 60 גרם,מקרומיק,US,פפריקה 60 גר,גרמים,60.00,100 גרם,false,1,22.90,38.17,true,1,
52100005966,false,גבישי שום מקורמיק 85 גרם,מקרומיק,US,גבישי שום 85 גר,גרמים,85.00,100 גרם,false,1,29.50,34.71,true,1,
52100006468,false,אבקת בצל מקורמיק 56.,,US,גבישי בצל 56 גר,גרמים,56.00,100 גרם,false,1,17.90,31.96,true,1,
52100006987,false,עלי דפנה מקורמיק 3.4,מקורמיק,US,עלי דפנה 3 גר,גרמים,3.00,100 גרם,false,1,17.90,596.67,true,1,
52100008431,false,תערובת תיבול שום ועשביי תיבול 77 גר,,US,תערובת תיבול שום ועש,גרמים,77.00,100 גרם,false,1,26.50,34.42,true,1,
52100030043,false,פלפל שחור טחון גס 42 גרם,מקורמיק אנ גו,US,פלפל שחור טחון גס 42,גרמים,42.00,100 גרם,false,1,19.90,47.38,true,1,
52100034898,false,"תמצית ליים טהורה 29 מ""ל",מקורמיק,US,תמצית ליים טהורה 29,מיליליטרים,29.00,"100 מ""ל",false,1,17.90,61.72,true,1,
52100040806,false,תערובת שום בצל פלפל שחור ומלח ים 120 גר,מקורמיק,US,תערובת שום בצל פלפל,גרמים,120.00,100 גרם,false,1,26.50,22.08,true,1,
52100041155,false,תערובת מלח הימליה ורוד פלפל ושום 184 גר,מקורמיק,US,תערובת מלח הימליה ור,גרמים,184.00,100 גרם,false,1,26.50,14.40,true,1,
52100070643,false,תמצית בטעם שקדים מקורמיק 29 גרם,מקורמיק,US,תמצית טעם שקדים 29 ג,גרמים,29.00,100 גרם,false,1,9.90,34.14,true,1,
52100070667,false,"תמצית אניס טהורה 29 מ""ל",מקורמיק,US,תמצית אניס טהורה 29,מיליליטרים,29.00,"100 מ""ל",false,1,17.90,61.72,true,1,
52100070865,false,"תמצית וניל טהור מקורמיק 29 מ""ל",מקורמיק האנט ואלי,US,תמצית וניל תהור 29 ג,גרמים,29.00,100 גרם,false,1,29.90,103.10,true,1,
52100071121,false,עלי בזיליקום מיובשים 24 גר,,US,עלי בזיליקום מיובשים,גרמים,24.00,100 גרם,false,1,29.50,122.92,true,1,
52100136387,false,פלפל ושום במטחנה 34 גרם,מקורמיק,FR,תערובת תיבול שום ופל,גרמים,34.00,100 גרם,false,1,19.90,58.53,true,1,
52100142593,false,תערובת תיבול להמבורגר 77 גר,מקרומיק תבלינים,US,תערובת תיבול להמבורג,גרמים,77.00,100 גרם,false,1,19.90,25.84,true,1,
52100746029,false,מלח ים במטחנה 60 גר,מקרומיק תבלינים,FR,מלח ים במטחנה 60 גר,גרמים,60.00,100 גרם,false,1,17.90,29.83,true,1,
52100746043,false,תערובת פלפלים במטחנה 24 גר,מקורמיק האנט ואלי,FR,תערובת תיבול פלפלים,גרמים,24.00,100 גרם,false,1,17.90,74.58,true,1,
52402760009,false,ראנר 150/43 אביב,,,ראנר 150/43 אביב,Unknown,0.00,Unknown,false,1,109.90,109.90,true,1,
52600751219,false,פלאף- ממרח מרשמלו בטעם וניל 213 גרם,,US,פלאף- ממרח מרשמלו בט,גרמים,213.00,100 גרם,false,1,17.90,8.40,true,1,
54100006769,false,"פרוסות חלפיניו חריף ולאסיק 355 מ""ל",,US,פרוסות חלפיניו חריף,מיליליטרים,355.00,"100 מ""ל",false,1,18.90,5.32,true,1,
54100977601,false,אופן פיט רוטב BBQ סמיך אוריגינל 510 גרם,פיניקל פודס גרופ,,אופן פיט רוטב BBQ סמ,גרמים,510.00,100 גרם,false,1,15.10,2.96,true,1,
54881000048,false,תה במבחר פרי הדר 20 שקיקים אחמד,אחמד תה אנגליה,,תה במבחר פרי הדר 20,Unknown,0.00,Unknown,false,1,13.00,13.00,true,1,
54881000055,false,תה שחור מבחר פירות 20 שקיות אחמד,אחמד תה אנגליה,,תה שחור מבחר פירות 2,Unknown,0.00,Unknown,false,1,13.00,13.00,true,1,
54881000062,false,תה שחור לימונית וקמומיל 20 שקיות אחמד,אחמד תה אנגליה,,תה שחור לימונית וקמו,Unknown,0.00,Unknown,false,1,13.00,13.00,true,1,
54881000109,false,תה עם ענבי שועל 20 שקיקים אחמד,תה אחמד Ahmad tea,,תה עם ענבי שועל 20 ש,Unknown,0.00,Unknown,false,1,13.00,13.00,true,1,
54881001052,false,אחמד מארז תה שחור 6 סוגים 120 גרם,,,אחמד מארז תה שחור 6,גרמים,120.00,100 גרם,false,1,31.50,26.25,true,1,
54881001120,false,מארז תה חליטות 6 סוגים *8 יח' AHMAD TEA,תה אחמד Ahmad tea,,אחמד מארז חליטות 6 ס,גרמים,120.00,100 גרם,false,1,31.50,26.25,true,1,
54881001137,false,מארז 6 סוגי חליטות תה ירוק בטעמים שונים,תה אחמד Ahmad tea,,אחמד מארז תה ירוק 6,גרמים,120.00,100 גרם,false,1,31.50,26.25,true,1,
54881001779,false,קופסת תה 12 טעמים 60 שקיות,תה אחמד Ahmad tea,,אחמד תה 12 סוגים 60,גרמים,120.00,100 גרם,false,1,31.50,26.25,true,1,
54881003971,false,תה ירוק מבחר 20 שקיקים,אחמד תה אנגליה,,תה ירוק מבחר 20 שקיק,Unknown,0.00,Unknown,false,1,16.00,16.00,true,1,
54881004787,false,תה ירוק אחמד 100 שקיות,Sunshine tea (pvt) l,,תה ירוק 100 שקיקים,Unknown,0.00,Unknown,false,1,23.90,23.90,true,1,
54881006958,false,תה שחור קינמון 20 שקיקים אחמד,אחמד תה אנגליה,,תה שחור קינמון 20 שק,Unknown,0.00,Unknown,false,1,13.00,13.00,true,1,
54881006972,false,תה שחור לימון וליים 20 שקיקים אחמד,תה אחמד Ahmad tea,,תה שחור לימון וליים,Unknown,0.00,Unknown,false,1,13.00,13.00,true,1,
54881006996,false,תה אפרסק ופסיפלורה 20 שקיקים אחמד,אחמד תה אנגליה,,תה אפרסק ופסיפלורה 2,Unknown,0.00,Unknown,false,1,13.00,13.00,true,1,
54881007108,false,תה שחור דומדמניות 20 שקיקים אחמד,תה אחמד Ahmad tea,,תה שחור דומדמניות 20,Unknown,0.00,Unknown,false,1,13.00,13.00,true,1,
54881007115,false,תה שחור וניל 20 שקיקים אחמד,אחמד תה אנגליה,,תה שחור וניל 20 שקיק,Unknown,0.00,Unknown,false,1,13.00,13.00,true,1,
54881007511,false,תה ירוק בטעם מנטה 20 שקיות AHMAD TEA,אחמד תה אנגליה,,תה ירוק בטעם מנטה 40,Unknown,0.00,Unknown,false,1,16.00,16.00,true,1,
54881007535,false,תה ירוק בטעם לימון 20 שקיקים 40 גרם,אחמד תה אנגליה,,תה ירוק בטעם לימון 2,Unknown,0.00,Unknown,false,1,16.00,16.00,true,1,
54881008167,false,תה אינגליש ברקפסט 100 שקיות AHMAD TEA,תה אחמד Ahmad tea,,תה אחמד אינגליש ברק,גרמים,200.00,100 גרם,false,1,21.50,10.75,true,1,
54881008174,false,תה אחמד ארל גריי 100 שקיקים,תה אחמד Ahmad tea,,תה אחמד ארל גריי 100,גרמים,180.00,100 גרם,false,1,21.50,11.94,true,1,
54881008181,false,תה אחמד אינגליש 100 שקיקים,תה אחמד Ahmad tea,,תה אחמד אינגליש 100,גרמים,200.00,100 גרם,false,1,21.50,10.75,true,1,
54881008945,false,תה ירוק 20 שקיות AHMAD TEA,אחמד תה אנגליה,,תה ירוק 20 שקיקים,Unknown,0.00,Unknown,false,1,16.00,16.00,true,1,
54881009522,false,תה שחור פטל 20 שקיקים אחמד,אחמד תה אנגליה,,תה שחור פטל 20 שקיקי,Unknown,0.00,Unknown,false,1,13.00,13.00,true,1,
54881012423,false,תה ירוק בטעם פטל רימונים 20 שקים 40 גרם,אחמד תה אנגליה,,תה ירוק בטעם קיווי,Unknown,0.00,Unknown,false,1,16.00,16.00,true,1,
54881012720,false,אחמד מארז תה פירות 6 סוגים 120 גרם,,,אחמד מארז תה פירות 6,גרמים,120.00,100 גרם,false,1,31.50,26.25,true,1,
55369900386,false,"אפלסנקס רסק תפו""ע ללא סוכר 113 גרם שישייה",ליהי אורצ'רד,,"רסק תפ""ע ללת""ס 113 ג",גרמים,678.00,100 גרם,false,1,24.90,3.67,true,1,
55369901673,false,אפלסנקס רביעיות רסק תפוחי עץ אפרסק ללא תוספת סוכר,ליייהי אורצ'רדס,,"אפלסנק ללת""ס רסק תפו",גרמים,113.00,100 גרם,false,1,17.40,15.40,true,1,
55369902564,false,אפלסנקס רביעיות רסק תפוחי עץ ללא תוספת סוכר עברית,ליהי אורצ'דאניק,,"רסק תפו""ע ללת""ס רביע",גרמים,113.00,100 גרם,false,1,17.40,15.40,true,1,
55500012046,false,כלורוקס קלין אפ מרסס נוזל לניקוי רב תכלי,כלורוקס אוקלנד,,"קלין אפ מרסס 946 מ""ל",מיליליטרים,946.00,"100 מ""ל",false,1,19.90,2.10,true,1,
58449185048,false,"טבעות דגנים ואורז מלא אורגני לל""ג 284 ג",ניישר פאט',US,טבעות דגנים ואורז מל,גרמים,284.00,100 גרם,false,1,27.90,9.82,true,1,
58449450573,false,"דייסה בטעם ביתי לל""ג אורגני ללת""ס 320 גר",נייטשר פאת',US,"דייסה בטעם ביתי לל""ג",גרמים,320.00,100 גרם,false,1,37.90,11.84,true,1,
58449450634,false,"דייסה בטעמים לל""ג אורגני 320 גר",נייטשר פאת'\,US,"דייסה בטעמים לל""ג או",גרמים,320.00,100 גרם,false,1,37.90,11.84,true,1,
58449602187,false,קורנפלקס דבש אורגני,נייטשר פאת'\,,קורנפלקס בדבש 300 גר,גרמים,300.00,100 גרם,false,1,24.90,8.30,true,1,
58449620013,false,"natures path פצפוצי אורז מלא אורגני לל""ג 170 גרם",נייטשר פאת',US,"פצפוצי אורז מלא ללת""",גרמים,170.00,100 גרם,false,1,19.90,11.71,true,1,
58449620044,false,"פצפוצי חיטת קמו מלא ללת""ס אורגני 170 גרם",נייטשר פאת',US,פצפוצי חיטת קמו מלא,גרמים,170.00,100 גרם,false,1,19.90,11.71,true,1,
58449771982,false,גרנולה שוקולד מריר וקוקוס אורגני 325 גר,,US,גרנולה שוקולד מריר ו,גרמים,325.00,100 גרם,false,1,33.90,10.43,true,1,
58449779032,false,דגני טבעות תירס ואורז מלא 325 גר WHOLE,נאטשר פאת פוד,,דגני טבעות תירס ואור,גרמים,325.00,100 גרם,false,1,24.90,7.66,true,1,
58449860013,false,דגני אמאזון 325גר ללא גלוטן,נאטשר פאת פוד,,אמאזון 400 גר,גרמים,400.00,100 גרם,false,1,24.90,6.23,true,1,
58449860020,false,"דגני גורילה מאנצ'י לל""ג 284 גרם",נאטשר פאת פוד,,גורילה מאנצ 284 גרם,גרמים,284.00,100 גרם,false,1,24.90,8.77,true,1,
58449860037,false,"קואלה קריספי דגני בוקר natures path לל""ג 325 גרם",נאטשר פאת פוד,,דגני בוקר קואלה קריס,גרמים,325.00,100 גרם,false,1,23.90,7.35,true,1,
58449860075,false,כדורי למור בטעם חמאת בוטנים ושוקולד ללא גלוטן,נאטשר פאת פוד,,דגני בוקר לאמור אורג,גרמים,284.00,100 גרם,false,1,26.50,9.33,true,1,
58449870241,false,"כדורוני תירס עם קקאו לל""ג אורגני 284 גרם",נאטשר פאת פוד,US,כדורוני תירס עם קקאו,גרמים,284.00,100 גרם,false,1,28.50,10.04,true,1,
62558202381,false,"ארגני טהור 236 מ""ל {12 כשר} b סירופ מייפל",דיקסר קוויבק,,מייפל אורגני טהור 10,מיליליטרים,236.00,"100 מ""ל",false,1,31.50,13.35,true,1,
63435703274,false,נייר טואלט רויאל אולטרא 3 שכבות 8 גל,מגסטה,CA,נייר טואלט רויאל אול,Unknown,0.00,Unknown,false,1,34.50,34.50,true,1,
63435711033,false,רויאל טישו 3 שכבות 88 אולטרא,מגסטה,CA,טישו רויאל 3 שכבות 8,Unknown,0.00,Unknown,false,1,8.30,8.30,true,1,
63435711514,false,ממחטות אף רויאל טישו,מגסטה,CA,טישו רויאל 2 שכבות 1,Unknown,0.00,Unknown,false,1,8.30,8.30,true,1,
64144090013,false,פאם תרסיס על בסיס שמן קנולה בטעם חמאה,קונאגרה פודס,,ספריי שמן PAM בטעם ח,גרמים,141.00,100 גרם,false,1,20.90,14.82,true,1,
64144090020,false,"ספריי שמן PAM בטעם שמן זית 141 מ""ל",ליימן מותגים,,ספריי שמן PAM בטעם ש,מיליליטרים,141.00,"100 מ""ל",false,1,20.90,14.82,true,1,
64144090051,false,"ספריי שמן PAM קנולה אורגינל 148 מ""ל",קונאגרה פודס,,ספריי שמן PAM קנולה,מיליליטרים,148.00,"100 מ""ל",false,1,20.90,14.12,true,1,
70177077563,false,תה ארל גריי 25 שקיות טוינינגס 50 גר,אר. טווינינגס אנד קומפני,,תה ארל גריי 25 שקיות,גרמים,50.00,100 גרם,false,1,18.90,37.80,true,1,
70177077693,false,תה אנגליש ברקפסט 25 שקיות טוינינגס 50 גר,אר. טווינינגס אנד קומפני,,תה אנגליש ברקפסט 25,גרמים,50.00,100 גרם,false,1,18.90,37.80,true,1,
70177078904,false,תה אנגליש ברקפסט 50 שקיות טוינינגס,אר. טווינינגס אנד קומפני,PL,תה אינגליש ברקפסט 50,גרמים,100.00,100 גרם,false,1,27.90,27.90,true,1,
70177078966,false,תה ארל גריי 50 שקיות טוינינגס,אר. טווינינגס אנד קומפני,PL,תה ארל גריי 50 שקיות,גרמים,100.00,100 גרם,false,1,27.90,27.90,true,1,
70177084738,false,טווינינגס שחור רד פרוט 50 גרם,אר.טווינינג אנד קומפני א,,טווינינגס שחור רד פר,גרמים,50.00,100 גרם,false,1,18.90,37.80,true,1,
70177086664,false,תה ירוק טהור 25 שק TWININGS,אר. טווינינגס אנד קומפני,,תה גרין פיור 50 גרם,Unknown,0.00,Unknown,false,1,21.90,21.90,true,1,
70177120948,false,טווינינגס שחור אפל & סינמון 50 גרם,אר.טווינינג אנד קומפני א,,טווינינגס שחור אפל &,גרמים,50.00,100 גרם,false,1,18.90,37.80,true,1,
70177173159,false,תה ירוק עם לימון 25 שק TWININGS,אר. טווינינגס אנד קו,,תה גרין לימון 40 גרם,Unknown,0.00,Unknown,false,1,21.90,21.90,true,1,
70177173166,false,תה יסמין ירוק 25 שקיקים TWININGS,אר. טווינינגס אנד קומפני,PL,תה גרין יסמין 45 גרם,Unknown,0.00,Unknown,false,1,21.90,21.90,true,1,
70177173203,false,תה ירוק עם מנטה 25 שק. טוינינגס,אר. טווינינגס אנד קומפני,PL,תה גרין מינט 37.5 גר,Unknown,0.00,Unknown,false,1,21.90,21.90,true,1,
70177173746,false,תה ירוק לימון ודבש 25 שק. טוינינגס,טוינינג,PL,תה גרין למון האני 40,Unknown,0.00,Unknown,false,1,21.90,21.90,true,1,
70177175221,false,תה ירוק עם גינגר 25 שק. טוינינגס,טוינינג,PL,גרין גינגר 40 גרם טו,Unknown,0.00,Unknown,false,1,21.90,21.90,true,1,
70177177683,false,חליטה קמומיל האני 30 גרם טווינינג,אר. טווינינגס אנד קומפני,PL,חליטה קמומיל האני 30,Unknown,0.00,Unknown,false,1,18.80,18.80,true,1,
70177177737,false,חליטה פיור קמומיל 20 גרם טווינינג,אר. טווינינגס אנד קומפני,PL,חליטה פיור קמומיל 20,Unknown,0.00,Unknown,false,1,18.80,18.80,true,1,
70177177744,false,חליטה פיור פפרמינט 40 גרם טווינינג,טוינינג,PL,חליטה פיור פפרמינט 4,Unknown,0.00,Unknown,false,1,18.80,18.80,true,1,
70177273330,false,חליטת ורבנה 37.5 גרם טווינינג,טווינינג,PL,חליטת ורבנה 37.5 גרם,גרמים,38.00,100 גרם,false,1,18.80,49.47,true,1,
70221011116,false,טובלרון - שוקולד חלב 100 גרם,טובלרון Toblerone,,טובלרון שוקולד חלב 1,גרמים,100.00,100 גרם,false,1,10.40,10.40,true,1,
70734053283,false,חליטת תה בנגל ספייס 20 שקיקים,גלובל פרודאכט,,חליטת תה בנגל ספייס,Unknown,0.00,Unknown,false,1,15.90,15.90,true,1,
70734529382,false,חליטת תה צאי הודי 20 שקיקים של 3.05 גר,,,חליטת תה צאי הודי 20,Unknown,0.00,Unknown,false,1,16.70,16.70,true,1,
70896042019,false,צנטר על כרטיס תצוגה,,,צנטר על כרטיס תצוגה,Unknown,0.00,Unknown,false,1,12.90,12.90,true,1,
70896042057,false,צנטר על כרטיס תצוגה,,,צנטר על כרטיס תצוגה,Unknown,0.00,Unknown,false,1,12.90,12.90,true,1,
70896042118,false,צנטר על כרטיס תצוגה,,,צנטר על כרטיס תצוגה,Unknown,0.00,Unknown,false,1,12.90,12.90,true,1,
70896042248,false,צנטר גדול- עלה כותרת,,,צנטר גדול- עלה כותרת,Unknown,0.00,Unknown,false,1,16.90,16.90,true,1,
71160009356,false,קערת אורז כחול קורל,,,קערת אורז כחול קורל,קילוגרמים,0.00,"ק""ג",false,1,55.00,55.00,true,1,
71160067042,false,בול למרק מרובעת דגם 410 Splendor Squar,,,בול למרק מרובעת דגם,קילוגרמים,0.00,"ק""ג",false,1,57.00,57.00,true,1,
71160092594,false,בול למרק OCEAN BLUE,,,בול למרק OCEAN BLUE,Unknown,0.00,Unknown,false,1,37.00,37.00,true,1,
71160099555,false,צלחת ראשונה LILAC BLUSH,,,צלחת ראשונה LILAC BL,קילוגרמים,0.00,"ק""ג",false,1,38.00,38.00,true,1,
71505022415,false,קרם ציז במשקל,,,קרם ציז במשקל,Unknown,0.00,"ק""ג",true,0,59.00,59.00,true,1,
71567990516,false,גלי בלי בינבוזל קופסת ספינר 100 גרם,,,גלי בלי בינבוזל קופס,גרמים,100.00,100 גרם,false,1,46.90,46.90,true,1,
71570001667,false,גלי בלי סוכריות 20 טעמים 70 גרם,ג'לי בלי קינדי,,גלי בלי סוכריות 20 ט,גרמים,70.00,100 גרם,false,1,13.90,19.86,true,1,
71570001841,false,גלי בלי סוכריות בטעמים חמוצים 70 גרם,ג'לי בלי קינדי,,גלי בלי סוכריות בטעמ,גרמים,70.00,100 גרם,false,1,13.90,19.86,true,1,
71570001858,false,גלי בלי סוכריות מיקס פירות 70 גרם,ג'לי בלי קינדי,,גלי בלי סוכריות מיקס,גרמים,70.00,100 גרם,false,1,13.90,19.86,true,1,
71570004293,false,גלי בלי סוכריות פניניות 70 גרם,ג'לי בלי קנדי,,גלי בלי סוכריות פנינ,גרמים,70.00,100 גרם,false,1,13.90,19.86,true,1,
72320111766,false,סטאופר חטיפי קרקר צדר 198 גרם,,,סטאופר חטיפי קרקר,גרמים,198.00,100 גרם,false,1,16.90,8.54,true,1,
72600005846,false,הר טורטיה דיפר מתירס לבן 383 גרם,הר פודס,,הר טורטיה דיפר מתירס,גרמים,383.00,100 גרם,false,1,26.50,6.92,true,1,
72600007123,false,הרס חטיף ציפס תפוחי אדמה טבעי 170 גרם,הר פודס,,הר חטיף תפוח אדמה קט,גרמים,170.00,100 גרם,false,1,23.90,14.06,true,1,
72600007130,false,הר חטיף תפוח אדמה חלפניו חריף 170 גרם,הר פודס,,הר חטיף תפוח אדמה,גרמים,170.00,100 גרם,false,1,23.90,14.06,true,1,
72600007291,false,הר חטיף תפוח אדמה מופחת שומן 170 גרם,הר פודס,,הר חטיף תפוח אדמה מו,גרמים,170.00,100 גרם,false,1,23.90,14.06,true,1,
72600009257,false,הר טורטיה צ'יפס מתירס לבן 255 גרם,הר פודס,,הר חטיפי טורטיה תירס,גרמים,255.00,100 גרם,false,1,23.90,9.37,true,1,
72600062290,false,הר חטיף גבינה חלפניו חריף 198 גרם,הר פודס,,הר חטיף בטעם גבינה ח,גרמים,198.00,100 גרם,false,1,24.90,12.58,true,1,
72600062306,false,חטיף הר פודס בטעם גבינה 198 גרם,הר פודס,,הר חטיפים בטעם גבינה,גרמים,198.00,100 גרם,false,1,24.90,12.58,true,1,
72600062313,false,הר חטיף גבינה בפאלו גבינה כחולה 198 גרם,הר פודס,,הר חטיף גבינה בפאלו,גרמים,198.00,100 גרם,false,1,24.90,12.58,true,1,
72600062320,false,הר חטיף גבינה בטעם פיצה 198 גרם,הר פודסn\,,הר חטיף גבינהה בטעם,גרמים,198.00,100 גרם,false,1,24.90,12.58,true,1,
74234531142,false,פלפל חלפניו פרוס כבוש 210 ג' צנצנת (כ),Empacadora San Marco,,פלפל חלפניו פרוס כבו,גרמים,210.00,100 גרם,false,1,13.50,6.43,true,1,
74234815013,false,שימורי מחית שעועית שחורה 430 גר,Empacadora San Marco,,שימורי מחית שעועית ש,גרמים,430.00,100 גרם,false,1,12.90,3.00,true,1,
74234815525,false,שימורי מחית שעועית עם רוטב ציפוטלה 430 ג,Empacadora San Marco,,שימורי מחית שעועית ע,גרמים,430.00,100 גרם,false,1,12.90,3.00,true,1,
74234925231,false,סלסה ציפוטלה מטבל עם פלפל חריף 230 גר,Empacadora San Marco,,סלסה ציפוטלה מטבל עם,גרמים,230.00,100 גרם,false,1,13.50,5.87,true,1,
74261021333,false,רוטב סויה מיושן 1 ליטר,מנדרין סוי סוס,,רוטב סויה מיושן 1 לי,ליטרים,0.00,ליטר,false,1,37.60,37.60,true,1,
74261110334,false,רוטב סויה תמרי 1 ליטר,מנדרין סוי סוס,,רוטב סויה תמרי 1 ל,מיליליטרים,1000.00,"100 מ""ל",false,1,35.90,3.59,true,1,
74410470050,false,אצות קומבו 57 גרם רונגצאנג,Qingdao Sun-growing,,אצות קומבו 57 גרם רו,גרמים,57.00,100 גרם,false,1,12.50,21.93,true,1,
74570274000,false,גלידה בטעם קרם עוגיות 473 ג' האגן דאז,האגן דאז,,גלידה האגן דאז,מיליליטרים,473.00,"100 מ""ל",false,1,26.50,5.60,true,1,
74570610051,false,גלידה בטעם שוקולד בלגי 473 ג' האגן דאז,האגן דאז,,גלידה האגן דאז שוקול,גרמים,417.00,100 גרם,false,1,26.50,6.35,true,1,
74570950010,false,גלידה בטעם גבינה ותות 473 ג' האגן דאז,האגן דאז,,האגן דאז גבינה ותות,מיליליטרים,473.00,"100 מ""ל",false,1,26.50,5.60,true,1,
74880020403,false,טוגראשי נאנאמי 15 גרם,JFC JAPAN INC.,,טוגראשי נאנאמי 15 גר,גרמים,15.00,100 גרם,false,1,19.60,130.67,true,1,
75039007979,false,מריה רוטב פסטה עם בזיליקום 680 גרם,"מאכלי עולם ר.ז. בע""מ",,מריה רוטב פסטה עם בז,גרמים,680.00,100 גרם,false,1,15.90,2.34,true,1,
75039008013,false,רוטב פסטה ספגטי איטלקי מריה 680 גר',ג'יאובני פוד,,מריה רוטב ספגטי איטל,גרמים,680.00,100 גרם,false,1,17.90,2.63,true,1,
75810001257,false,תמרי-רוטב סויה אורגני (ללא גלוטן) 296 גר,,,תמרי-רוטב סויה אורגנ,גרמים,269.00,100 גרם,false,1,34.90,12.97,true,1,
75810001356,false,תמרי -רוטב סויה אורגני גדול 592 גרם,,,תמרי -רוטב סויה אורג,גרמים,592.00,100 גרם,false,1,56.90,9.61,true,1,
76808009330,false,עוגיות סנדוויץ' במילוי קרם אגוזי לוז וקקאו,,,עוגיות סנדוויץ אגוזי,גרמים,200.00,100 גרם,false,1,14.90,7.45,true,1,
76808009347,false,עוגיות בטעם חמאה 180 גרם,,,עוגיות בטעם חמאה 180,גרמים,180.00,100 גרם,false,1,14.90,8.28,true,1,
76808009354,false,עוגיות קקאו שוקולד חלב ומריר 200 גרם,,,עוגיות קקאו שוקולד ח,גרמים,180.00,100 גרם,false,1,14.90,8.28,true,1,
76808009361,false,עוגיות לב ושבבי שוקולד מריר 200 גרם,,,עוגיות לב ושבבי שוקו,גרמים,180.00,100 גרם,false,1,14.90,8.28,true,1,
76840001767,false,גלידת וניל עוגיות חמאת בוטנים בצק לא אפו,מוצרי איכות אמריקאיים בע,,גלידת וניל עוגיות חמ,מיליליטרים,500.00,"100 מ""ל",false,1,24.90,4.98,true,1,
76840001774,false,"גלידה עוגיות חלב עם חתיכות פאדג בן וג'ירי 500 מ""ל",מוצרי איכות אמריקאיים בע,,גלידת עוגיות חלב וחת,מיליליטרים,500.00,"100 מ""ל",false,1,24.90,4.98,true,1,
76840002542,false,"גלידת בן & ג'ריס פיינט נטפליקס וצ'ילד 500מ""ל",מוצרי איכות אמריקאיים בע,US,פיינט נטפליקס & צילד,גרמים,424.00,100 גרם,false,1,24.90,5.87,true,1,
76840002566,false,פיינט נטפליקס& צילד ללא חלב 473 מל,מוצרי איכות אמריקאיי,,פיינט נטפליקס& צילד,מיליליטרים,473.00,"100 מ""ל",false,1,33.50,7.08,true,1,
76840100156,false,"בן אנד גריס גלידת צרי גרסיה 500 מ""ל",מוצרי איכות אמריקאיים בע,US,גלידת צרי גרסיה בן,גרמים,441.00,100 גרם,false,1,24.90,5.65,true,1,
76840100583,false,גלידה וניל +בצק עוגיות ושוקולד צי'פס 473ג,מוצרי איכות אמריקאיים בע,,בן אנד גריס וניל עם,גרמים,500.00,100 גרם,false,1,24.90,4.98,true,1,
76840100811,false,בן&גריס פיינט שמנת בטעם ח.בוטנים עם בוטנ,מוצרי איכות אמריקאיים בע,,בן&גריס פיינט שמנת,מיליליטרים,473.00,"100 מ""ל",false,1,24.90,5.26,true,1,
76840101542,false,בן&גריס פיינטים קרמל סוטרא 500 גרם,מוצרי איכות אמריקאיים בע,,בן&גריס פיינטים קרמל,מיליליטרים,500.00,"100 מ""ל",false,1,24.90,4.98,true,1,
76840400218,false,"גלידה בן&ג'ריס תות שדה ועוגת גבינה 500מ""ל",מוצרי איכות אמריקאיים בע,,בן אנד גריס עוגת גבי,מיליליטרים,473.00,"100 מ""ל",false,1,24.90,5.26,true,1,
76840620036,false,גלידת בן אנד ג'ריס בטעם שוקולד בראויס,מוצרי איכות אמריקאיים בע,,בן אנד גריס חצי אפוי,מיליליטרים,500.00,"100 מ""ל",false,1,24.90,4.98,true,1,
76864100101,false,חרדל דבש 340 גרם,,US,חרדל דבש 340 גרם,גרמים,340.00,100 גרם,false,1,17.90,5.26,true,1,
77245110610,false,סוכריות מאסט ללא סוכר בטעם מנטה 80 ג'עלית,MIESZKO S.A - MS. JO,PL,"סוכריות מאסט לל""ס מנ",Unknown,80.00,Unknown,false,1,10.40,0.13,true,1,
77428105006,false,"ASSORTIS בונבוניירה 200 גרם - ד""ר",,NL,דרוסטה מארז אסורטיז,גרמים,200.00,100 גרם,false,1,34.90,17.45,true,1,
77975036976,false,מטבל עגבניות בחריפות עדינה סניידרס 439 ג',סניידרס אוף האנובר,,סלסה מטבל עגב.חריפות,גרמים,439.00,100 גרם,false,1,18.80,4.28,true,1,
77975091975,false,סניידרס סנדוויץ' בייגלה במילוי קרם בטעם פיצה 226 גר',סניידרס,US,סניידרס סנדוויץ בייג,גרמים,227.00,100 גרם,false,1,16.90,7.44,true,1,
77975093085,false,"בייגלה מצופה כעכים בציפוי שוקולד חלב, 141 ג סניידרס",סניידרס Snyder's,,בייגלה סניידרס בציפו,גרמים,141.00,100 גרם,false,1,17.90,12.70,true,1,
77975093108,false,"בייגלה מצופה כעכים בציפוי בטעם שוקולד לבן, 141 ג סניידרס",סניידרס Snyder's,,בייגלה סניידרס בציפו,גרמים,141.00,100 גרם,false,1,17.90,12.70,true,1,
77975094624,false,"סניידרס סנדוויץ בייגלה במילוי חמאת בוטנים , 226 ג'",סניידרס Snyder's,,סניידרס שברי בייגלה,גרמים,270.00,100 גרם,false,1,16.90,6.26,true,1,
77975094631,false,סניידרס סנדוויץ' בייגלה במילוי קרם בטעם צ'דר 226 גרם,סניידרס Snyder's,,סניידרס סנדוויץ בייג,גרמים,283.00,100 גרם,false,1,16.90,5.97,true,1,
77975094761,false,סניידרס חטיפים על בסיס קמח חיטה בטעם גבינת צ'דר,סניידרס אוף האנובר,,שברי בייגלה סניידרס,גרמים,340.00,100 גרם,false,1,16.90,4.97,true,1,
77975094778,false,סניידרס שברי בייגלה בטעם דבש חרדל ובצל,סניידרס אוף האנובר,,שברי בייגלה סניידרס,גרמים,340.00,100 גרם,false,1,16.90,4.97,true,1,
77975095157,false,סניידרס שברי בייגלה בטעם חלפיניו 318 גרם,ליימן מותגים,US,שברי בייגלה סניידרס,גרמים,318.00,100 גרם,false,1,16.90,5.31,true,1,
78522001959,false,"גל רחצה לגבר הכל באחד גייסון 887 מ""ל",K-CARE,,גל רחצה לגבר הכל באח,מיליליטרים,887.00,"100 מ""ל",false,1,89.90,10.14,true,1,
78522015000,false,ג'ייסון משחת שיניים מנטה,ג'ייסון Jason,,גייסון משחת שיניים מ,Unknown,0.00,Unknown,false,1,39.90,39.90,true,1,
78522015154,false,ג'ייסון משחת שיניים עץ התה,ג'ייסון Jason,,גייסון משחת שיניים ע,Unknown,0.00,Unknown,false,1,39.90,39.90,true,1,
78522021230,false,גייסון גל רחצה מי ורדים 887 מל,ג'ייסון Jason,,גייסון גל רחצה מי ור,Unknown,0.00,Unknown,false,1,89.90,89.90,true,1,
78548293024,false,מקלות אפויים עם שמן זית 250 גר גונץ,GUNZ WARENHANDELS,,מקלות אפויים עם שמן,גרמים,250.00,100 גרם,false,1,16.80,6.72,true,1,
78895120318,false,רוטב למוקפץ עם סויה ושום 50 גרם LKK,לי קום קי פודס,CN,רוטב למוקפץ עם סויה,גרמים,50.00,100 גרם,false,1,6.90,13.80,true,1,
78895121896,false,רוטב למוקפץ עם עגבניות ושום 70 ג' LKK,לי קום קי פודס,CN,רוטב למוקפץ עגבניות,גרמים,70.00,100 גרם,false,1,6.90,9.86,true,1,
78895131178,false,רוטב למוקפץ עם סויה ודבש 70 גרם LKK,לי קום קי פודס,CN,רוטב למוקפץ עם סויה,גרמים,70.00,100 גרם,false,1,6.90,9.86,true,1,
78895138603,false,רוטב למוקפץ חמוץ מתוק 60 גרם LKK,לי קום קי פודס,CN,רוטב למוקפץ חמוץ מתו,גרמים,60.00,100 גרם,false,1,6.90,11.50,true,1,
78895148077,false,רוטב למוקפץ נודלס 50 גרם LKK,לי קום קי פודס,CN,רוטב למוקפץ נודלס 50,גרמים,50.00,100 גרם,false,1,6.90,13.80,true,1,
78895148299,false,רוטב למוקפץ להכנת עוף קונג פאו 60 ג' LKK,לי קום קי פודס,CN,רוטב למוקפץ לעוף קונ,גרמים,60.00,100 גרם,false,1,6.90,11.50,true,1,
79927102111,false,יוניק פרצל בייגלה שלס 284ג' לבן,יוניק פרצל בייקרי אי,,פרצל בייגלה אוריגינל,גרמים,284.00,100 גרם,false,1,19.90,7.01,true,1,
80432402931,false,"וויסקי סקוטי, שיבאס ריגאל 12 שנה, 700 מ''ל",מזקקת האחים שיבאס,,וויסקי שיבאס רגאל 12,מיליליטרים,700.00,"100 מ""ל",false,1,109.90,15.70,true,1,
80432402979,false,וויסקי סינגל מאלט גלן גראנט 10 שנים 700,,,וויסקי סינגל מאלט גל,מיליליטרים,750.00,"100 מ""ל",false,1,135.90,18.12,true,1,
80432402993,false,"וויסקי סינגל מאלט גלן גראנט 700 מ""ל TMR",,,וויסקי סינגל מאלט גל,מיליליטרים,750.00,"100 מ""ל",false,1,104.90,13.99,true,1,
82184090442,false,וויסקי ג'ק דניאלס 1 ליטר,בראון פורמן,,וויסקי גק דניאלס 1 ל,מיליליטרים,1000.00,"100 מ""ל",false,1,140.90,14.09,true,1,
82242280433,false,יין נובל ווינס קברנה סוביניון 337 750 מל,,,יין נובל ווינס קברנה,Unknown,0.00,Unknown,false,1,104.90,104.90,true,1,
82242294935,false,יין לנארלי הד אותנטיק בלאק 750 מל,,,יין לנארלי הד אותנטי,Unknown,0.00,Unknown,false,1,86.90,86.90,true,1,
84213017475,false,מסטמכר מיסלי אורגני עם פירות יבשים 500 גרם,מרום את קונפינו,,מיסלי אורגני עם פירו,גרמים,500.00,100 גרם,false,1,19.90,3.98,true,1,
84213017499,false,מסטמכר מיסלי אורגני עם פירות יער 500 גרם,מרום את קונפינו,,מיסלי אורגני פירות י,גרמים,500.00,100 גרם,false,1,19.90,3.98,true,1,
84279978727,false,יין גוורצטרמינר 750 מל,,,יין גוורצטרמינר 750,Unknown,0.00,Unknown,false,1,57.90,57.90,true,1,
84380957642,false,אנט דלפור אפרסקים 284 גרם,,,אנט דלפור אפרסקים 28,גרמים,284.00,100 גרם,false,1,20.90,7.36,true,1,
84380957741,false,סאנט דלפור פטל אדום 284 גר,,,סאנט דלפור פטל אדום,גרמים,284.00,100 גרם,false,1,20.90,7.36,true,1,
84380957949,false,סאנט דלפור תפוזים 284 גרם,,,סאנט דלפור תפוזים 28,גרמים,284.00,100 גרם,false,1,20.90,7.36,true,1,
84380958342,false,סאנט דלפור מנגו אננס 284 גרם,,,סאנט דלפור מנגו אננס,גרמים,284.00,100 גרם,false,1,20.90,7.36,true,1,
84380984563,false,סאנט דלפור חמוציות ואוכמניות 284 גרם,,,סאנט דלפור חמוציות ו,גרמים,284.00,100 גרם,false,1,20.90,7.36,true,1,
84380985713,false,סאנט דלפור פטל רימונים 284 גרם,,,סאנט דלפור פטל רימונ,גרמים,284.00,100 גרם,false,1,20.90,7.36,true,1,
84380985812,false,אנט דלפור פטל שחור 284 גרם,,,אנט דלפור פטל שחור 2,גרמים,284.00,100 גרם,false,1,20.90,7.36,true,1,
84380987649,false,"וודקה פרבדה 700 מ""ל",,,"וודקה פרבדה 700 מ""ל",מיליליטרים,700.00,"100 מ""ל",false,1,94.90,13.56,true,1,
85156515417,false,וודקה קטל וואן בקבוק,מזקקת נולט,,"וודקה קטל 1 750 מ""ל",מיליליטרים,750.00,"100 מ""ל",false,1,98.90,13.19,true,1,
85696608037,false,טופו רך ללא גלוטן 340ג' (כ) Morinaga,Morinaga NUTRITIONAL,,טופו רך ללא גלוטן 34,מיליליטרים,340.00,"100 מ""ל",false,1,13.50,3.97,true,1,
85696608044,false,טופו ללא גלוטן 349ג' (כ) Morinaga,Morinaga NUTRITIONAL,,טופו ללא גלוטן 349 ג,מיליליטרים,349.00,"100 מ""ל",false,1,10.00,2.87,true,1,
87000006928,false,"רום קפטן מורגן בלאק 750 מ""ל",captain morgan,,רום קפטן מורגן בלאק,מיליליטרים,750.00,"100 מ""ל",false,1,104.90,13.99,true,1,
87666052819,false,"רוטב סריראצ'ה סופר חריף 455 מ""ל",EXOTIC FOOD PCL,,רוטב סריראצ`ה חריף 4,מיליליטרים,455.00,"100 מ""ל",false,1,29.50,6.48,true,1,
88586000720,false,יין קברנה טו ווינס 750 מל,"ארה""ב סיינט מישל ווי",,יין קברנה טו ווינס 7,Unknown,0.00,Unknown,false,1,44.90,44.90,true,1,
88586621840,false,סאנט מישל יוהניסברג ריזלינג 750 מל,"ארה""ב סיינט מישל ווי",,סאנט מישל יוהניסברג,Unknown,0.00,Unknown,false,1,56.90,56.90,true,1,
88586625848,false,שאטו סאנט מישל גוורצטראמינר 750 מל,"ארה""ב סיינט מישל ווי",,שאטו סאנט מישל גוורצ,Unknown,0.00,Unknown,false,1,56.90,56.90,true,1,
89041081056,false,שמן סויה בתיבול צילי,Flavor full foods in,,"שמן צילי 180 מ""ל",מיליליטרים,185.00,"100 מ""ל",false,1,13.10,7.08,true,1,
89397344348,false,דיניקולה רוטב פסטה עם שום קלוי 680 גרם,ג'יאובני פוד אינק,,רוטב פסטה שום צלוי 7,מיליליטרים,614.00,"100 מ""ל",false,1,17.90,2.92,true,1,
89819013173,false,ברינגר פאונדר איסטייט קברנה סובניון 750,ברינגר,,ברינגר פאונדר איסטיי,Unknown,0.00,Unknown,false,1,72.90,72.90,true,1,
89819068227,false,ברינגר מיין אנד ויין קברנה סובניון 750 מ,ברינגר,,ברינגר מיין אנד ויין,Unknown,0.00,Unknown,false,1,57.90,57.90,true,1,
89832910466,false,יין שיין גוורצטרמינר 750 מל,,,יין שיין גוורצטרמינר,Unknown,0.00,Unknown,false,1,46.90,46.90,true,1,
91639101930,false,אבן דאודורנט סטיק 120 גר חדש,,,אבן דאודורנט סטיק 12,Unknown,0.00,Unknown,false,1,54.90,54.90,true,1,
93133112863,false,רוטב מייקי דבש שום 566 גר,,,רוטב מייקי דבש שום,גרמים,566.00,100 גרם,false,1,44.90,7.93,true,1,
93133737301,false,רוטב טריאקי גינגר 566 גר,,,רוטב טריאקי גינגר 56,גרמים,566.00,100 גרם,false,1,44.90,7.93,true,1,
93133737325,false,מייקי רוטב טריאקי שומשום 566 גרם,אקזוטיק סאוס,,רוטב טריאקי שומשום ע,גרמים,566.00,100 גרם,false,1,42.90,7.58,true,1,
96086000003,false,קיטו מיני גריסיני בסיס קמח שקדים 200 גרם,מצות אביב 2014 מאפה בעמ,,קיטו מיני גריסיני בס,גרמים,230.00,100 גרם,false,1,21.90,9.52,true,1,
96086000546,false,עוגיות גרנולה אורגניות מקמח כוסמין מלא 200 גר',מצות אביב,,עוגיות גרנולה אורגני,גרמים,200.00,100 גרם,false,1,12.90,6.45,true,1,
96086000584,false,קרקר שיפון אורגני 200 גרם,מצות אביב,,קרקר שיפון אורגני 20,גרמים,200.00,100 גרם,false,1,12.90,6.45,true,1,
96086000676,false,"עוגיות מקמח כוסמין ציה ללת""ס 200 גרם",מצות אביב 2014 מאפה בעמ,IL,עוגיות מקמח כוסמין צ,גרמים,200.00,100 גרם,false,1,14.90,7.45,true,1,
96086000829,false,קיטו נודלס אטריות מלבבות דקל 255 גר,אינדוסטריה אגריקולה אקספ,,קיטו נודלס אטריות מל,גרמים,255.00,100 גרם,false,1,24.90,9.76,true,1,
96086000898,false,"ממרח קיטו אגוזי לוז, חמאת קקאו 200 גר",,,ממרח קיטו אגוזי לוז,גרמים,200.00,100 גרם,false,1,37.90,18.95,true,1,
96086001048,false,עוגיות קיטו שקדים אגוזי לוז וקקאו 200 גר,,,עוגיות קיטו שקדים אג,גרמים,200.00,100 גרם,false,1,25.90,12.95,true,1,
96086001079,false,עוגיות קיטו מקמח שקדים ואגוזי לוז 200 ג,מצות אביב,,עוגיות קיטו מקמח שקד,גרמים,200.00,100 גרם,false,1,25.90,12.95,true,1,
96086001109,false,"צוקיטו שוקולד קיטוגני ללת""ס 35 גר",,,צוקיטו שוקולד קיטוגנ,גרמים,35.00,100 גרם,false,1,11.90,34.00,true,1,
96086001512,false,"עוגיות קלות ללת""ס בטעם לימון 200 גר",מצות אביב 2014 מאפה בעמ,,"עוגיות קלות ללת""ס בט",גרמים,200.00,100 גרם,false,1,14.90,7.45,true,1,
96086001529,false,"עוגיות קלות ללת""ס בטעם קפוצינו 200 גר",מצות אביב,,"עוגיות קלות ללת""ס בט",גרמים,200.00,100 גרם,false,1,14.90,7.45,true,1,
96086001536,false,"עוגיות קלות ללת""סבטעם וניל 200 גר",מצות אביב 2014 מאפה בעמ,,"עוגיות קלות ללת""סבטע",גרמים,200.00,100 גרם,false,1,14.90,7.45,true,1,
96086001659,false,גרנולה קיטו 300 גר,,IL,גרנולה קיטו 300 גר,גרמים,300.00,100 גרם,false,1,39.90,13.30,true,1,
96086001789,false,קרקר ביס מקמח כוסמין אורגני 150 גרם,מצות אביב 2014 מאפה בעמ,IL,קרקר ביס מקמח כוסמין,גרמים,150.00,100 גרם,false,1,12.90,8.60,true,1,
308910525744,false,אטריות אורז דקות 454 גרם ורמיצ'לי (כ),ליאן תאי רייס,,אטריות אורז דקות 454,גרמים,454.00,100 גרם,false,1,11.40,2.51,true,1,
335824000531,false,שמן אורגנול גדול,,,שמן אורגנול גדול,Unknown,0.00,Unknown,false,1,194.90,194.90,true,1,
350007641646,false,משחת שיניים ומי פה 2 ב-1 לנשימה רעננה,קולגייט Colgate,,מש.שיניים קולגייט 2,גרמים,130.00,100 גרם,false,1,19.90,15.31,true,1,
482307764591,false,נוץ/מישקה/ כוס חלב/דולקי/שוקו במשקל,,,סוכריות רושן קבוצה 3,Unknown,0.00,"ק""ג",true,0,42.00,42.00,true,1,
605453120277,false,מקלות סורימי קפוא 454 גרם,אל.אם פודס,,מקלות סורימי 454 גר,גרמים,454.00,100 גרם,false,1,34.90,7.69,true,1,
605453320202,false,סורימי פלייק נתחים 454 גר,אל.אם פודס,,סורימי פלייק נתחים 4,גרמים,454.00,100 גרם,false,1,34.90,7.69,true,1,
605453520961,false,סורימי דליקטס שרימפס 300 גר,אל.אם פודס,,סורימי דליקטס שרימפס,גרמים,300.00,100 גרם,false,1,34.90,11.63,true,1,
605453620746,false,סורימי קפוא בטעם צדפות 350 גרם,אל.אם פודס,,סורימי בטעם צדפות 34,גרמים,454.00,100 גרם,false,1,34.90,7.69,true,1,
608614253586,false,חטיף חלבון טבעוני בטעם שוקולד,,,חטיף חלבון טבעוני ב,גרמים,60.00,100 גרם,false,1,14.50,24.17,true,1,
608614307135,false,חסה סלנובה 160 גרם,חקלאי,,חסה סלנובה 160 גר,גרמים,160.00,100 גרם,false,1,14.90,9.31,true,1,
608614309016,false,"יין אטא פיוזן - יין אדום יבש 750 מ""ל",,,יין אטא פיוזן - יין,Unknown,0.00,Unknown,false,1,79.60,79.60,true,1,
608614323630,false,חטיף חלבון שקדים דובדבן,,,חטיף חלבון שקדים דוב,Unknown,0.00,Unknown,false,1,15.90,15.90,true,1,
609628012114,false,זיתי קלמטה שלמים במי מלח בפח,,GR,זית קלמטה בפח 430 גר,גרמים,430.00,100 גרם,false,1,19.80,4.60,true,1,
611745298302,false,"תמצית סטיביה 100 מ""ל",,,"תמצית סטיביה 100 מ""ל",קילוגרמים,0.00,"ק""ג",false,1,68.90,68.90,true,1,
613008742348,false,אריזונה ג'נסינג ודבש בקבוק 1 ליטר,"נטורלה גטרנק בע""\מn\",DE,אריזונה גנסנג ודבש ב,מיליליטרים,1000.00,"100 מ""ל",false,1,11.80,1.18,true,1,
613008742409,false,בקבוק אריזונה אפרסק 1 ליטר,נובה טרייד אל טי די,DE,אריזונה אפרסק בקבוק,מיליליטרים,1000.00,"100 מ""ל",false,1,11.80,1.18,true,1,
613008753290,false,"אריזונה אפרסק בקבוק 450 מ""ל",לני אנד לארי,BG,"אריזונה אפרסק 450 מ""",מיליליטרים,450.00,"100 מ""ל",false,1,7.50,1.67,true,1,
613008753351,false,"בקבוק אריזונה רימונים 450 מ""ל",לני אנד לארי,BG,אריזונה רימונים 450,מיליליטרים,450.00,"100 מ""ל",false,1,7.50,1.67,true,1,
613008753382,false,"בקבוק אריזונה אוכמניות 450 מ""ל",לני אנד לארי,BG,אריזונה אוכמניות 450,מיליליטרים,450.00,"100 מ""ל",false,1,7.50,1.67,true,1,
613008755461,false,בקבוק אריזונה אוכמניות 1 ליטר,"נטורלה גטרנק בע""\מn\",DE,אריזונה אוכמניות בקב,מיליליטרים,1000.00,"100 מ""ל",false,1,11.80,1.18,true,1,
618059163302,false,פיטורום שמפו לשיער חסר חיוניות,פרמה גורי,,פיטורום שמפו לשיער ח,Unknown,0.00,Unknown,false,1,69.90,69.90,true,1,
628154383659,false,דגני בוקר פרוטי פבלס פוסט 311 גרם,פוסט ארצות הברית,US,דגנים בטעם פירות 311,גרמים,311.00,100 גרם,false,1,21.90,7.04,true,1,
633824913432,false,"וודקה וואן גוך בטעם אסאי בלוברי, 750 מ''ל",מזקקת קוימאנס טילבורג,,וודקה ואן גוך אסאי 7,מיליליטרים,750.00,"100 מ""ל",false,1,129.90,17.32,true,1,
637793000940,false,מאקייס מרמלדת תפוז לימון וגינגיר 340 גרם,,,מאקייס מרמלדת תפוז ל,גרמים,340.00,100 גרם,false,1,22.90,6.74,true,1,
637793002500,false,מאקייס מרמלדת תפוזים דנדי 340 גר,מקיי'ס,,מאקייס מרמלדת תפוזים,גרמים,340.00,100 גרם,false,1,22.90,6.74,true,1,
638102201010,false,חטיף על בסיס חלבון סויה שוקולד וחמאת בוטנים,"אבוט נוטרישן, מעבדות",,חטיף זון קלסיק שוקול,גרמים,50.00,100 גרם,false,1,13.90,27.80,true,1,
638102532817,false,חטיף על בסיס חלבון סויה עם שוקולד מריר,"אבוט נוטרישן, מעבדות",,חטיף זון דארק דאבל ש,גרמים,45.00,100 גרם,false,1,13.90,30.89,true,1,
638102532848,false,חטיף זון דארק שוקולד שקד 45 גר,סיטי ספורט,,חטיף זון דארק שוקולד,גרמים,45.00,100 גרם,false,1,13.90,30.89,true,1,
639138513238,false,פילה הרינג מעושן צ'צ'יק 190 גרם,רוג'ין פיש,,פילה הרינג מעושן 190,גרמים,200.00,100 גרם,false,1,12.50,6.25,true,1,
639138527617,false,פילה הרינג ברוטב עגבניות 200 גר' (16),רוג'ין פיש,,פילה הרינג ברוטב עגב,גרמים,190.00,100 גרם,false,1,12.50,6.58,true,1,
644209301126,false,תערובת להכנת פנקייק וואפל באטרמילק 907 ג,,,תערובת להכנת פנקייק,גרמים,907.00,100 גרם,false,1,23.90,2.64,true,1,
644209301423,false,באטרוורס תערובת להכנת פנקייק וואפל 907 ג,,,באטרוורס תערובת להכנ,גרמים,907.00,100 גרם,false,1,23.90,2.64,true,1,
644209307579,false,דנקן היינס תערובת עוגת Devil שוקולד 432 גרם,פיניקל פודס גרופ,,תערובת להכנת עוגת שו,גרמים,432.00,100 גרם,false,1,21.90,5.07,true,1,
644209412259,false,תערובת להכנת עוגת RED VELVET 432 גרם,,,תערובת להכנת עוגת RE,גרמים,432.00,100 גרם,false,1,24.90,5.76,true,1,
645173863337,false,שימורי ביצי דג מינטאי פמלי פק 185 גר,,,שימורי ביצי דג מינטא,גרמים,185.00,100 גרם,false,1,13.50,7.30,true,1,
645173863351,false,שימורי ביצי דג מינטאי מעושן פמלי פק 185,,,שימורי ביצי דג מינטא,גרמים,185.00,100 גרם,false,1,13.50,7.30,true,1,
645173863610,false,שום כבוש בחומץ 500 גרם ANTI PASTO,,CN,שום כבוש בחומץ 500,גרמים,500.00,100 גרם,false,1,13.90,2.78,true,1,
645173863658,false,סלט אצות ים 500 גר ANTI PASTO,,CN,סלט אצות ים 500 גר A,גרמים,500.00,100 גרם,false,1,16.90,3.38,true,1,
645173911038,false,קורנישון מלפפוןן מיני 720 גרם - תומר,קלמן אינדיה פי וי סי,,קורנישון מיני בצנצנת,גרמים,720.00,100 גרם,false,1,10.90,1.51,true,1,
645173995618,false,רוטב שזיפי בר טקמלי אדום אימרטי 370 גר,ארומה פרודקטס,,רוטב שזיפי בר טקמלי,גרמים,370.00,100 גרם,false,1,11.90,3.22,true,1,
645173995625,false,רוטב שזיפי בר אימרטי 370 גר,ארומה פרודקטס,,רוטב שזיפי בר אימרטי,גרמים,370.00,100 גרם,false,1,11.90,3.22,true,1,
645173995656,false,רוטב פלפל ירוק אדגיקה אימרטי 370 גר,,,רוטב פלפל ירוק אדגיק,גרמים,370.00,100 גרם,false,1,11.90,3.22,true,1,
645173995663,false,רוטב פלפלים חמלי-סומלי אימרטי 370 גר,ארומה פרודקטס,,רוטב פלפלים חמלי-סומ,גרמים,370.00,100 גרם,false,1,11.90,3.22,true,1,
645173995687,false,רוטב אימרטי דובדבנים קורנילה 420 גר,,,רוטב אימרטי דובדבנים,גרמים,420.00,100 גרם,false,1,22.90,5.45,true,1,
645173995694,false,רוטב עגבניות סאציבלי אימרטי 370 גר,ארומה פרודקטס,,רוטב עגבניות סאציבלי,גרמים,370.00,100 גרם,false,1,11.90,3.22,true,1,
649870160942,false,עצם דחוסה פטסלנד 10.,,,עצם דחוסה פטסלנד 10.,Unknown,0.00,Unknown,false,1,29.90,29.90,true,1,
649870161000,false,סיגר באפלו בטעמים,,,סיגר באפלו בטעמים,Unknown,0.00,Unknown,false,1,29.90,29.90,true,1,
649870161505,false,סיגר בפאלו ברווז(5יח,נאן טונג,,סיגר בפאלו ברווז(5יח,Unknown,0.00,Unknown,false,1,24.90,24.90,true,1,
649870162809,false,דונאט בופלו מצופה,,,דונאט בופלו מצופה,Unknown,0.00,Unknown,false,1,19.90,19.90,true,1,
649870165695,false,חטיף נייטיב לכלב מקל,לנגי,,חטיף נייטיב לכלב מקל,Unknown,1.00,Unknown,false,1,15.90,15.90,true,1,
649870165701,false,חטיף נייטיב לכלב סוש,לנגי,,חטיף נייטיב לכלב סוש,Unknown,1.00,Unknown,false,1,15.90,15.90,true,1,
649870165718,false,חטיף נייטיב לכלב עיג,לנגי,,חטיף נייטיב לכלב עיג,Unknown,1.00,Unknown,false,1,15.90,15.90,true,1,
649870165725,false,חטיף נייטיב לכלב משק,לנגי,,חטיף נייטיב לכלב משק,Unknown,1.00,Unknown,false,1,15.90,15.90,true,1,
649870165732,false,חטיף נייטיב לכלב קוב,לנגי,,חטיף נייטיב לכלב קוב,Unknown,1.00,Unknown,false,1,15.90,15.90,true,1,
651080647519,false,קיסמים עם חוט דנטלי פלאקרס מנטה 35 יחידות,"פלקרס רנור ארה""ב",CN,חוט דנטלי פלאקרס מנט,Unknown,0.00,Unknown,false,1,13.50,13.50,true,1,
653694000117,false,רוטב חזרת לחיץ 453 גרם,GALLO,,A&H רוטב חזרת 454 גר,גרמים,454.00,100 גרם,false,1,23.90,5.26,true,1,
654749351055,false,אבלון אורגניקס שמפו לימון,K&CARE,,אבלון אורגניקס שמפו,Unknown,0.00,Unknown,false,1,49.90,49.90,true,1,
654749351352,false,אבלון אורגניקס שמפו תפוח,K-CARE,,שמפו חומץ תפוחים 325,מיליליטרים,325.00,"100 מ""ל",false,1,49.90,15.35,true,1,
654749361023,false,אבלון אורגניקס שמפו ביוטין -קומפלקס ויטמיני B,אבלון אורגניקס Avalon Organics,,אבלון אורגניקס שמפו,מיליליטרים,400.00,"100 מ""ל",false,1,59.90,14.98,true,1,
654749361221,false,אבלון אורגניקס מרכך שיער ביוטין -קומפלקס,K&CARE,,אבלון אורגניקס מרכך,Unknown,0.00,Unknown,false,1,59.90,59.90,true,1,
661176010066,false,8N צבע לשיער נטורטינט,פארמה גורי,,צבע לשיער N8,Unknown,0.00,Unknown,false,1,59.90,59.90,true,1,
661176011889,false,נטורטינט חום ערמונים 5.7,,,נטורטינט חום ערמונים,Unknown,0.00,Unknown,false,1,59.90,59.90,true,1,
661176012114,false,נטורטינט שחור דובדבן 3.6,פארמה גורי,,צבע לשיער 3.6,Unknown,0.00,Unknown,false,1,59.90,59.90,true,1,
666522900053,false,ציברס ריבת דובדבנים שחורות 340 גרם,היסטון סוויטס ספרדס,,ציברס ריבת דובדבנים,גרמים,340.00,100 גרם,false,1,22.90,6.74,true,1,
666522900138,false,ריבה פודינג לימון 320 גרם,היסטון סוויטס ספרדס,,ריבה פודינג לימון,גרמים,320.00,100 גרם,false,1,22.90,7.16,true,1,
672774106044,false,אלפז תערובת להכנת פלאפל 150 גרם,,GB,אלפז תערובת להכנת פל,גרמים,150.00,100 גרם,false,1,8.90,5.93,true,1,
673879000275,false,קאברד ברידג חטיף בטטה ומלח ים 142 גרם,קאבר ברידג',,קאברד ברידג חטיף בטט,גרמים,142.00,100 גרם,false,1,24.90,17.54,true,1,
673879000626,false,קאברד ברידג' חטיף מלח ים ופלפל גרוס 170 גרם,קאבר ברידג',,קאברד ברידג חטיף תפו,גרמים,170.00,100 גרם,false,1,24.90,14.65,true,1,
691535505018,false,חטיף חלבון נוגו וניל,,,חטיף בריאות וניל,גרמים,50.00,100 גרם,false,1,14.90,29.80,true,1,
691535521018,false,חטיף חלבון נוגו שוקוציפ,,,חטיף חלבון נוגו שוקו,Unknown,0.00,Unknown,false,1,14.90,14.90,true,1,
693493003179,false,פומאז בסגנון גבינת שמנת אוורירית 200 גרם,,IL,פומאז בסגנון גבינת ש,גרמים,200.00,100 גרם,false,1,16.90,8.45,true,1,
693493010818,false,"נאצוס - חטיף טורטיה ע""ב תירס בטע 200 גר",או. קיי סניקס,,נאצוס חטיף טורטיה,גרמים,200.00,100 גרם,false,1,10.90,5.45,true,1,
693493065641,false,טחינה הר כנען טחינה שכם לבנה 100% 500 ג,,,טחינה הר כנען טחינה,גרמים,500.00,100 גרם,false,1,14.90,2.98,true,1,
693493069793,false,אלכו-רונה נוזל חיטוי בתוספת אלכוהול 70%,,,אלכו רונה נוזל חיטוי,מיליליטרים,100.00,"100 מ""ל",false,1,27.90,27.90,true,1,
693493102575,false,עגבניות שרי מארז יחידה,חקלאי,,עגבניות שרי,Unknown,0.00,Unknown,false,1,12.90,12.90,true,1,
693493198004,false,"שמן זית קאסה די אוליביה 500 מ""ל",,TR,שמן זית קאסה די אולי,מיליליטרים,500.00,"100 מ""ל",false,1,24.90,4.98,true,1,
704715449528,false,אבקת תה ירוק מאצה 50 גרם,,JP,אבקת תה ירוק מאצה 50,גרמים,50.00,100 גרם,false,1,44.90,89.80,true,1,
707595100114,false,פלפלים אדומים קלויים 480 ג' NESTOS,NESTOS,GR,פלפלים אדומים קלויים,גרמים,480.00,100 גרם,false,1,13.90,2.90,true,1,
707595100169,false,מחית חצילים קלויים 480 ג' NESTOS,NESTOS,GR,מחית חצילים קלויים 4,גרמים,480.00,100 גרם,false,1,13.90,2.90,true,1,
707595100206,false,מלפפונים חמוצים 355 ג' NESTOS,NESTOS,GR,מלפפונים חמוצים 355,גרמים,355.00,100 גרם,false,1,14.60,4.11,true,1,
710535495539,false,"Avel – אורז בסמטי 96% 1 ק""ג",,IN,"אורז בסמטי 96% 1 ק""ג",גרמים,1000.00,100 גרם,false,1,12.50,1.25,true,1,
711464506686,false,אלפז רוטב עגבניות להכנת קציצות 450 גר,,GB,אלפז רוטב עגבניות לה,גרמים,450.00,100 גרם,false,1,12.90,2.87,true,1,
711464506693,false,אלפז רוטב עגבניות משמש וכוסברה 450 גרם,,GB,אלפז רוטב עגבניות מש,גרמים,450.00,100 גרם,false,1,12.90,2.87,true,1,
719812010847,false,מגב רב תכליתי OXO,,,מגב רב תכליתי OXO,קילוגרמים,0.00,"ק""ג",false,1,59.00,59.00,true,1,
719812018423,false,מרית סיליקון גמישה לחביתות,,,מרית סילקון גמישה לח,Unknown,0.00,Unknown,false,1,89.00,89.00,true,1,
719812018465,false,מרית סיליקון גמישה,,,מרית סיליקון גמישה,Unknown,0.00,Unknown,false,1,65.00,65.00,true,1,
719812024066,false,מטחנת מלח,,,מטחנת מלח,Unknown,0.00,Unknown,false,1,199.00,199.00,true,1,
719812024073,false,מטחנת פלפל,,,מטחנת פלפל,Unknown,0.00,Unknown,false,1,199.00,199.00,true,1,
719812029047,false,הופכן גדול ניילון OXO מחודש,,,הופכן גדול ניילון OX,Unknown,0.00,Unknown,false,1,49.00,49.00,true,1,
719812029061,false,כף ניילון OXO מחודש,,,כף ניילון OXO מחודש,Unknown,0.00,Unknown,false,1,49.00,49.00,true,1,
719812029085,false,מצקת ניילון OXO מחודש,,,מצקת ניילון OXO מחוד,Unknown,0.00,Unknown,false,1,49.00,49.00,true,1,
719812031088,false,משטח יבוש גדול סיליקון OXO,,,משטח יבוש גדול סיליק,Unknown,0.00,Unknown,false,1,159.00,159.00,true,1,
719812032900,false,סט 3 מברשות ניקוי בקבוקים OXO,,,סט 3 מברשות ניקוי בק,Unknown,0.00,Unknown,false,1,85.00,85.00,true,1,
719812033471,false,סט מלח פלפל,,,סט מלח פלפל,Unknown,0.00,Unknown,false,1,99.00,99.00,true,1,
719812033846,false,כוס מידה מיני,,,כוס מידה מיני,Unknown,0.00,Unknown,false,1,29.00,29.00,true,1,
719812034775,false,מפריד ביצה OXO,,,מפריד ביצה OXO,Unknown,0.00,Unknown,false,1,34.90,34.90,true,1,
719812035512,false,מגלען דובדבניםOXO,,,מגלען דובדבניםOXO,Unknown,0.00,Unknown,false,1,89.00,89.00,true,1,
719812037318,false,מנדולינה קומפקטית OXO,,,מנדולינה קומפקטית OX,קילוגרמים,0.00,"ק""ג",false,1,339.00,339.00,true,1,
719812037349,false,מתקן ייבוש כלים מתקפל OXO,,,מתקן יבוש כלים פלסטי,קילוגרמים,0.00,"ק""ג",false,1,349.00,349.00,true,1,
719812037691,false,שייקר לסלט קטן ירוק OXO,,,שייקר לסלט קטן ירוק,קילוגרמים,0.00,"ק""ג",false,1,95.00,95.00,true,1,
719812040752,false,כותש שום OXO,,,כותש שום OXO,Unknown,0.00,Unknown,false,1,119.00,119.00,true,1,
719812041407,false,מ.אחסון קטן POP לקורנפלקס OXO,,,מ.אחסון קטן POP לקור,קילוגרמים,0.00,"ק""ג",false,1,139.00,139.00,true,1,
719812042275,false,קוצץ ירקות,,,קוצץ ירקות,Unknown,0.00,Unknown,false,1,219.00,219.00,true,1,
719812043838,false,שטיחון לכיור סיליקון גדול OXO,,,שטיחון לכיור סיליקון,קילוגרמים,0.00,"ק""ג",false,1,139.00,139.00,true,1,
719812044095,false,הופכן חביתות מיני OXO,,,הופכן חביתות מיני OX,קילוגרמים,0.00,"ק""ג",false,1,65.00,65.00,true,1,
719812044231,false,מזלף לצלי אדום OXO,,,מזלף לצלי אדום OXO,קילוגרמים,0.00,"ק""ג",false,1,85.00,85.00,true,1,
719812047508,false,מיכל סנאפ 2.3 OXO,,,מיכל סנאפ 2.3 OXO,קילוגרמים,0.00,"ק""ג",false,1,89.00,89.00,true,1,
719812049069,false,שטיחון גדול קשיח OXO,,,שטיחון גדול קשיח OXO,קילוגרמים,0.00,"ק""ג",false,1,99.00,99.00,true,1,
719812049854,false,מתקן חמאה,,,מתקן חמאה,Unknown,0.00,Unknown,false,1,89.00,89.00,true,1,
719812681542,false,מעמד לכיור לבן OXO,,,מעמד לכיור לבן OXO,קילוגרמים,0.00,"ק""ג",false,1,129.00,129.00,true,1,
719812683492,false,בקבוק לחיץ גדול OXO,,,בקבוק לחיץ גדול OXO,קילוגרמים,0.00,"ק""ג",false,1,39.00,39.00,true,1,
719812683560,false,כפפת סיליקון אדום,,,כפפת סיליקון אדום,Unknown,0.00,Unknown,false,1,85.00,85.00,true,1,
719812684963,false,מיכל אחסון 2 ריבוע קטן קצרPOP,,,מיכל אחסון 2 ריבוע,קילוגרמים,0.00,"ק""ג",false,1,69.00,69.00,true,1,
719812684987,false,מיכל אחסון רבוע מיני 0.57 ליטר POP,,,מיכל אחסון רבוע מיני,קילוגרמים,0.00,"ק""ג",false,1,49.00,49.00,true,1,
719812685021,false,מיכל אחסון מלבן קצר 1.6 ליטר POP,,,מיכל אחסון מלבן קצר,קילוגרמים,0.00,"ק""ג",false,1,79.00,79.00,true,1,
719812685038,false,מיכל אחסון מלבן מיני 0.9 ליטר POP,,,מיכל אחסון מלבן מיני,קילוגרמים,0.00,"ק""ג",false,1,69.00,69.00,true,1,
719812685052,false,מיכל אחסון מלבן צר 1.37 ליטר POP,,,מיכל אחסון POP מלבן,קילוגרמים,0.00,"ק""ג",false,1,79.00,79.00,true,1,
719812686011,false,קולפן גדול PREP,,,קולפן גדול PREP,Unknown,0.00,Unknown,false,1,59.00,59.00,true,1,
719812686066,false,מעמד נייר מגבת יציב,,,מעמד נייר מגבת יציב,Unknown,0.00,Unknown,false,1,199.00,199.00,true,1,
719812687926,false,מסחטה 2 ב 1 לימון \,,,מסחטה 2 ב 1 לימון \,Unknown,0.00,Unknown,false,1,119.00,119.00,true,1,
719812741918,false,מטרפה 11 OXO,,,מטרפה 11 OXO,קילוגרמים,0.00,"ק""ג",false,1,79.00,79.00,true,1,
720516024450,false,"תחליף ביצים טבעוני לל""ג 250 מ""ל",,AU,תחליף ביצים טבעוני ל,מיליליטרים,250.00,"100 מ""ל",false,1,25.90,10.36,true,1,
721733000715,false,"פטרון אניחו טקילה 700 מ""ל",פטרון,,פטרון אניחו טקילה 70,מיליליטרים,700.00,"100 מ""ל",false,1,224.90,32.13,true,1,
721733000739,false,פטרון סילבר טקילה מארז TIN 2016) ) 700,פטרון דיסטרליס,MX,פטרון סילבר טקילה 70,מיליליטרים,700.00,"100 מ""ל",false,1,179.90,25.70,true,1,
723830770010,false,"לגוניטאס ח""פ 355 מ""ל DAYTIME בירה",מבשלת לגוניטאס,US,"לגוניטאס ח""פ 355 מ""ל",מיליליטרים,355.00,"100 מ""ל",false,1,12.50,3.52,true,1,
728229123590,false,טרה אורגינל חטיף על בסיס ירקות שורש בטעם טבעי 110 גרם,הונדורס צ'יפס יצור א,,חטיף ציפס טרה אורגי,גרמים,110.00,100 גרם,false,1,15.90,14.45,true,1,
728229123613,false,טרה חטיף על בסיס תפוח אדמה כחול בטעם טבעי 110 גרם,היין סלסטיאל גרופ,,ציפס 110 גרם טרה כחו,גרמים,110.00,100 גרם,false,1,15.90,14.45,true,1,
728229123811,false,טרה חטיף על בסיס ירקות שורש בתיבול ים תיכוני 110 גרם,הונדורס צ'יפס יצור א,,ציפס 110 גרם טרה בטט,גרמים,110.00,100 גרם,false,1,15.90,14.45,true,1,
728229124764,false,טרה חטיף על בסיס בטטה עם מלח ים 110 גרם,היין פיוצ'ור נטורל פ,US,חטיף ציפס בטטה עם מל,גרמים,110.00,100 גרם,false,1,15.90,14.45,true,1,
728229124771,false,טרה חטיף על בסיס בטטה בטעם ברביקיו 110 גרם,היין פיוצ'ור נטורל פ,,חטיף ציפס טרה מבטטה,גרמים,110.00,100 גרם,false,1,15.90,14.45,true,1,
728229130154,false,טרה חטיף על בסיס בטטה וסלק בטעם טבעי 110 גרם,הונדורס צ'יפס יצור א,,חטיף ציפס מבטטה וסלק,גרמים,110.00,100 גרם,false,1,15.90,14.45,true,1,
728229130444,false,"חטיף על בסיס ירקות שורש עם בטטה, תפו""א כחול וסלק",היין סלסטיאל גרופ,,חטיף ציפס מירקות כחו,גרמים,110.00,100 גרם,false,1,15.90,14.45,true,1,
732494000524,false,קרטורס פופקורן שיקגו קרמל 213 גרם,איגל פודס ווקיגאן מפ,,קרטורס פופקורן שיקגו,גרמים,213.00,100 גרם,false,1,29.90,14.04,true,1,
732494002320,false,קרטורס פופקורן תערובת גבינות 142 גרם,,US,קרטורס פופקורן תערוב,גרמים,142.00,100 גרם,false,1,29.90,21.06,true,1,
732494003099,false,קרטורס פופקורן נטיפי שוקולד 156 גרם,carlsberg supply com,,קרטורס פופקורן נטיפי,גרמים,156.00,100 גרם,false,1,29.90,19.17,true,1,
734756000068,false,רוטב ברביקיו בטעם מעושן 510 גרם,,US,רוטב ברביקיו בטעם מע,גרמים,510.00,100 גרם,false,1,29.90,5.86,true,1,
734756002024,false,רוטב מרינדה לעוף 340 גרם,,US,רוטב מרינדה לעוף 340,גרמים,340.00,100 גרם,false,1,29.90,8.79,true,1,
736920111310,false,"בירה גוס איילנד 330 מ""ל",,,בירה גוס איילנד 330,מיליליטרים,330.00,"100 מ""ל",false,1,12.90,3.91,true,1,
737547486225,false,קבב מהצומח הקצב הירוק 400 גרם,,IL,קבב טבעוני הקצב הירו,גרמים,400.00,100 גרם,false,1,39.90,9.98,true,1,
737547486249,false,נקניקיות צ'וריסוס מהצומח הקצב הירוק 350 גרם,,IL,נקניקיות צוריסוס טבע,גרמים,350.00,100 גרם,false,1,39.90,11.40,true,1,
753182340302,false,אבקת וואסבי 35 גרם (קינגדאוו) (כ),מזרח ומערב,,אבקת וואסבי 35 גרם ק,גרמים,35.00,100 גרם,false,1,16.70,47.71,true,1,
753656712024,false,סינק חטיף חלבון בטעם לימון 60 גרם,,US,סינק חטיף חלבון בטעם,גרמים,60.00,100 גרם,false,1,15.90,26.50,true,1,
757528008796,false,טאקיס-חטיף תירס צילי חריף וליים 113 גר,,,טאקיס-חטיף תירס צילי,גרמים,113.00,100 גרם,false,1,14.90,13.19,true,1,
760412417505,false,איטלס טבליות מציצה בטעם פירות יער,,,איטלס טבליות מציצה ב,Unknown,0.00,Unknown,false,1,349.90,349.90,true,1,
768404001640,false,"גלידה בן&ג'ריס קפה משפחתית 500מ""ל",מוצרי איכות אמריקאיים בע,,בן אנד גריס בטעם קפה,מיליליטרים,500.00,"100 מ""ל",false,1,24.90,4.98,true,1,
769904000997,false,שקדי מרק ללא גלוטן200גרם,דגש- דוכן גן שמואל,,"שקדי מרק דג""ש 200 ג",גרמים,200.00,100 גרם,false,1,15.90,7.95,true,1,
782126003058,false,תחבושות היגיניות 14 יחידות 300 גרם,אשר שיווק,,תחבושות היגיניות 14,Unknown,0.00,Unknown,false,1,27.90,27.90,true,1,
782126003065,false,מגן תחתון מעוגל 30 יחידות באריזה,אשר שיווק,,מגן תחתון מעוגל 30 י,Unknown,0.00,Unknown,false,1,22.50,22.50,true,1,
782126003089,false,תחבושות היגיניות 12 יחידות 250 גרם,,,תחבושות היגיניות 12,Unknown,0.00,Unknown,false,1,27.90,27.90,true,1,
782126003096,false,מגן תחתון אולטרה דק במיוחד אורגני נטרקר,,,מגן תחתון אולטרה דק,Unknown,0.00,Unknown,false,1,22.50,22.50,true,1,
782126003140,false,מגן תחתון מעוגל ארוז,,,מגן תחתון מעוגל ארוז,Unknown,0.00,Unknown,false,1,19.90,19.90,true,1,
782126003201,false,תחבושת אקסטרה לונג,,,תחבושת אקסטרה לונג,Unknown,0.00,Unknown,false,1,27.90,27.90,true,1,
782126003256,false,תחבושת אקסטרה נורמל,,,תחבושת אקסטרה נורמל,Unknown,0.00,Unknown,false,1,27.90,27.90,true,1,
782126008008,false,טמפון אורגני+מוליך רגולר 16 יח 160 גרם,,,טמפון אורגני+מוליך ר,Unknown,0.00,Unknown,false,1,36.90,36.90,true,1,
787692834617,false,עוגיות חלבון שוקולד ציפ 114 גרם,,,עוגיות חלבון שוקולד,Unknown,0.00,Unknown,false,1,17.90,17.90,true,1,
787692835331,false,עוגיות חלבון שוקולד 114 גרם,,,עוגיות חלבון שוקולד,Unknown,0.00,Unknown,false,1,17.90,17.90,true,1,
810019370151,false,סאנט דלפור תפוח קינמון 284 גרם,,,סאנט דלפור תפוח קינמ,גרמים,284.00,100 גרם,false,1,20.90,7.36,true,1,
810019370205,false,סאנט דלפור מנגו ופסיפלורה 284 גרם,,,סאנט דלפור מנגו ופסי,גרמים,284.00,100 גרם,false,1,20.90,7.36,true,1,
810044130126,false,ספוג ניקוי סקראב ממי,,,ספוג ניקוי סקראב ממי,Unknown,0.00,Unknown,false,1,19.90,19.90,true,1,
810044130133,false,ספוג ניקוי סקראב דדי,,,ספוג ניקוי סקראב דדי,Unknown,0.00,Unknown,false,1,19.90,19.90,true,1,
810165010246,false,סוכריות על מקל מעורב אורגניות 85 גרם,,,סוכריות על מקל מעורב,גרמים,85.00,100 גרם,false,1,21.90,25.76,true,1,
814784027739,false,קלין קטו שוקולד 720 גרם,,US,קלין קטו שוקולד 720,גרמים,720.00,100 גרם,false,1,199.90,27.76,true,1,
814856010287,false,עוגיית חלבון שוקולד ציפ 113 גרם,בייק סיטי,,עוגיית חלבון שוקולד,גרמים,113.00,100 גרם,false,1,16.90,14.96,true,1,
814856010348,false,עוגיית חלבון ש.שועל וצימוקים 113 גרם,בייק סיטי,,עוגיית חלבון ש.שועל,גרמים,113.00,100 גרם,false,1,16.90,14.96,true,1,
814856010355,false,עוגיית חלבון חמאת בוטנים 113 גרם,,,עוגיית חלבון חמאת בו,גרמים,113.00,100 גרם,false,1,16.90,14.96,true,1,
814856010768,false,מאפין חלבון אוכמניות 113 גרם,,,מאפין חלבון אוכמניות,גרמים,113.00,100 גרם,false,1,16.90,14.96,true,1,
814856011024,false,קווסט מאפין בטעם שוקולד ציפ בתוספת חלבון,סיטי ספורט,,מאפין חלבון שוקולד צ,גרמים,113.00,100 גרם,false,1,16.90,14.96,true,1,
815216012507,false,עוגיה קלאסיק קוקיז ה,,US,עוגיה קלאסיק קוקיז ה,Unknown,1.00,Unknown,false,1,6.90,6.90,true,1,
815216016673,false,עוגיה קלאסיק קוקיז ס,,US,עוגיה קלאסיק קוקיז ס,Unknown,1.00,Unknown,false,1,6.90,6.90,true,1,
818570007066,false,"פיור וניל טהור 29 מ""ל ""ווטקינס""","ג'יי אר ווטקינס בע""מ",,וטקינס וניל טהור 29,מיליליטרים,29.00,"100 מ""ל",false,1,31.90,110.00,true,1,
833949000264,false,"סירופ מייפל אמיתי 100% אורגני 250 מ""ל",דיקסר קוויבק,,סירופ מייפל אמיתי,מיליליטרים,250.00,"100 מ""ל",false,1,35.90,14.36,true,1,
835811000167,false,נר נשמה בזכוכית לשבעה ימים,MULDER NATURAL FOODS,CN,נר נשמה בזכוכית לשבע,Unknown,0.00,Unknown,false,1,10.90,10.90,true,1,
835811000396,false,נייר אפיה לתבנית מוארכת - מארז 30 ניירות,יבוא ושיווק: הנמל אריזות,CN,נ.אפייה הנמל תבנית מ,Unknown,0.00,Unknown,false,1,9.90,9.90,true,1,
835811000419,false,כפיות 50 יח` קרם עבה במיוחד,"גרנג יוניברס , הונג",TR,כפיות קרם 50 יח,Unknown,0.00,Unknown,false,1,20.90,20.90,true,1,
835811000426,false,מזלגות 50 יח` קרם עבה במיוחד,"גרנג יוניברס , הונג",TR,מזלגות קרם 50 יח,Unknown,0.00,Unknown,false,1,20.90,20.90,true,1,
835811000433,false,סכינים קרם עבה במיוחד 50 יח',"גרנג יוניברס , הונג",TR,סכינים קרם 50 יח,Unknown,0.00,Unknown,false,1,20.90,20.90,true,1,
835811001652,false,כוס לשתיה קרה 330 סמק` 40 יח` )בירה(,ווינפאק סחר בעמ,,כוס לשתייה קרה הנמל,Unknown,0.00,Unknown,false,1,12.50,12.50,true,1,
835811002079,false,נר נשמה בזכוכית 48 שעות,,,נר נשמה הנמל בזכוכית,Unknown,0.00,Unknown,false,1,4.50,4.50,true,1,
835811002277,false,"שיפודי במבוק גדול במיוחד ""הנמל""",גרנג יוניברס,,שיפודים עבים מבמבוק,Unknown,0.00,Unknown,false,1,5.90,5.90,true,1,
835811003359,false,נר נשמה 24 שעות בפח פלוס (כולל גפרור ומשטח הדלקה),,,נר נשמה פלוס 24 שעות,Unknown,0.00,Unknown,false,1,4.50,4.50,true,1,
835811003427,false,"צלחות גדול מקנה סוכר 1 ק""ג כ-67 יח`",,,צלחות גדולות מקנה סו,Unknown,0.00,Unknown,false,1,39.90,39.90,true,1,
835811003830,false,גביעי איחסון עגול 1 ליטר 6יח',נינגבו יונאן,CN,גביעי אחסון עגול 1 ל,Unknown,0.00,Unknown,false,1,13.90,13.90,true,1,
835811004455,false,קישקשים מנייר הנמל 125 יחידות,הנג טונג,CN,קש מנייר צבעוני 125,Unknown,0.00,Unknown,false,1,9.90,9.90,true,1,
835811004523,false,קשים מיוחדים לשייק הנמל 75 יחידות,,CN,קשים לשייק 75 יח,Unknown,0.00,Unknown,false,1,10.50,10.50,true,1,
835811005025,false,סיר אלומיניום בינוני+מכסה 2יח 3.85 ליטר,קינפויל גאנגזו,,סיר אלומיניום בינוני,Unknown,0.00,Unknown,false,1,17.50,17.50,true,1,
835811005407,false,כוסות קפה לדרך עם מכסה ענק הנמל 12יח',"צח ייבוא ושיווק בע""מ",,קפה לדרך ענק 12 יח+,Unknown,0.00,Unknown,false,1,19.80,19.80,true,1,
835811005728,false,עלים לעוגת קרמשניט 400 גרם,"רונית מאפים בע""מ",,עלים לעוגת קרמשניט 4,גרמים,400.00,100 גרם,false,1,18.70,4.68,true,1,
835811006213,false,קערות מתכלה מקנה סוכר טבעי 25 יח,"איטיליאן פוד, אס.פי.",,קערות מתכלה מקנה סוכ,Unknown,0.00,Unknown,false,1,20.80,20.80,true,1,
835811006220,false,צלחות ענקיות מתכלה מקנה סוכר טבעי 25 יח,הנמל,,צלחות ענקיות מתכלה מ,Unknown,0.00,Unknown,false,1,24.90,24.90,true,1,
835811006237,false,צלחות קטנות מקנה סוכר טבעי 25 יח,הנמל,,צלחות קטנות מקנה סוכ,Unknown,0.00,Unknown,false,1,14.50,14.50,true,1,
835811006244,false,צלחות גדולות מקנה סוכר טבעי 25 יח,הנמל,,צלחות גדולות מקנה סו,Unknown,0.00,Unknown,false,1,20.90,20.90,true,1,
835811006527,false,קשיות שתיה למילקשייק 125 יח' הנמל,שיווק: הנמל אריזות ו,,קשיות שתיה למילקשייק,Unknown,0.00,Unknown,false,1,12.50,12.50,true,1,
835811006770,false,תבניות אלומיניום עגולות,הנמל,,תבנית הנמל מגש הכסף,Unknown,0.00,Unknown,false,1,15.50,15.50,true,1,
835811007494,false,גלטין טהור מדגים 2 יח` 14 X גר`,גואנגדונג מיניאנג,,גלטין דגים טהור 28,Unknown,0.00,Unknown,false,1,12.50,12.50,true,1,
835811007562,false,תבניות קרטון אינגליש קייק 6יח` ארוז 29X9X6,דוקרט תעשיית אריזות,,תבנית קרטון אינגליש,Unknown,0.00,Unknown,false,1,11.90,11.90,true,1,
835811008347,false,גפרור מיוחד ענק הנמל 1 יחידה,הנמל,,גפרור ענק,Unknown,0.00,Unknown,false,1,8.60,8.60,true,1,
835811008941,false,סכינים 50 יח שקוף/קרם עבה במיוחד,"איטיליאן פוד, אס.פי.",TR,סכינים שקוף 50 יח,Unknown,0.00,Unknown,false,1,20.90,20.90,true,1,
835811008989,false,"כוסות משקה חם קרטון 355 מ""ל",הנמל,,כוסות קרטון 50 יח,Unknown,0.00,Unknown,false,1,19.80,19.80,true,1,
835811008996,false,"כוסות חד פעמי קרטון 295 מ""ל",אכוף,CN,כוסות קרטון הנמל 50,Unknown,0.00,Unknown,false,1,19.80,19.80,true,1,
835811009016,false,כוסות מקרטון 4 אונז,הנמל,,כוסות קרטון 50 יח 4,Unknown,0.00,Unknown,false,1,19.80,19.80,true,1,
835811009023,false,"כוסות משקה חם קרטון 235 מ""ל",אכיף,,כוסות קרטון 50 יח,Unknown,0.00,Unknown,false,1,19.80,19.80,true,1,
835811009238,false,שיפודים ענק שטוח מבמבוק 25 יח`,הנמל,,שיפודים ענק מבמבוק 2,Unknown,0.00,Unknown,false,1,7.50,7.50,true,1,
835811009368,false,מרקיות צבע 25 יח` מעורב,הנמל,CN,מרקיות 25 יח,Unknown,0.00,Unknown,false,1,12.90,12.90,true,1,
835811009412,false,צלחות קטנות 25 יח` 7 צבע מעורב,הנמל,CN,צלחות קטנות 25 יח,Unknown,0.00,Unknown,false,1,11.90,11.90,true,1,
837524000038,false,נסטי - סבון טבעי פירות 250 גר,אשר שיווק,,נסטי - סבון טבעי פיר,Unknown,0.00,Unknown,false,1,24.90,24.90,true,1,
837524000045,false,סבון טבעי פירות ענבים ובלוברי נסטי 250 ג,,IT,סבון טבעי פירות ענבי,גרמים,250.00,100 גרם,false,1,24.90,9.96,true,1,
837524000069,false,נסטי - סבון טבעי פירות 250 גר,,,נסטי - סבון טבעי פיר,Unknown,0.00,Unknown,false,1,24.90,24.90,true,1,
837524000809,false,סבון נסטי טבעי מרסיי לבנדר 125 גרם,,,סבון נסטי טבעי מרסיי,גרמים,125.00,100 גרם,false,1,14.90,11.92,true,1,
837524000960,false,נסטי - סבון טבעי פילוסופיה 250 גר,,,נסטי - סבון טבעי פיל,Unknown,0.00,Unknown,false,1,24.90,24.90,true,1,
837524000977,false,נסטי - סבון טבעי פילוסופיה 250 גר,,,נסטי - סבון טבעי פיל,Unknown,0.00,Unknown,false,1,24.90,24.90,true,1,
837524001165,false,סבון נסטי שיק חייתי לבן זברה 250 גרם,,IT,סבון נסטי שיק חייתי,גרמים,250.00,100 גרם,false,1,29.90,11.96,true,1,
837524001257,false,נסטי - סבון טבעי פילוסופיה 250 גר,אשר שיווק,,נסטי - סבון טבעי פיל,Unknown,0.00,Unknown,false,1,24.90,24.90,true,1,
837524001363,false,נסטי - סבון טבעי רומנטיקה 250 גר,,,נסטי - סבון טבעי רומ,Unknown,0.00,Unknown,false,1,24.90,24.90,true,1,
837524001448,false,נסטי - סבון טבעי רומנטיקה 250 גר,,,נסטי - סבון טבעי רומ,Unknown,0.00,Unknown,false,1,24.90,24.90,true,1,
837524001707,false,נסטי - סבון טבעי רומנטיקה 250 גר,,,נסטי - סבון טבעי רומ,Unknown,0.00,Unknown,false,1,24.90,24.90,true,1,
837524001806,false,נסטי - סבון טבעי פילוסופיה 250 גר,אשר שיווק,,נסטי - סבון טבעי פיל,Unknown,0.00,Unknown,false,1,24.90,24.90,true,1,
837524001844,false,נסטי סבון טבעי מארז פילוסופיה 6*150 גרם,,IT,נסטי סבון טבעי מארז,גרמים,900.00,100 גרם,false,1,79.90,8.88,true,1,
837524002407,false,סבון נסטי טרופיקל קוקוס פלומריה 250 גר,אשר שיווק,,סבון נסטי טרופיקל קו,גרמים,250.00,100 גרם,false,1,27.90,11.16,true,1,
837524002520,false,סבון נסטי אורגני ביונטורה פטל סרפד 250 ג,נסטי דנטה,,סבון נסטי אורגני ביו,גרמים,250.00,100 גרם,false,1,27.90,11.16,true,1,
837524002537,false,סבון נסטי א. ביונטורה גנסנג שעורה 250 גר,נסטי דנטה,,סבון נסטי א. ביונטור,גרמים,250.00,100 גרם,false,1,27.90,11.16,true,1,
837524002544,false,סבון נסטי א. ביונטורה ארגן חציר בר 250 ג,אשר שיווק,,סבון נסטי א. ביונטור,גרמים,250.00,100 גרם,false,1,27.90,11.16,true,1,
837524002667,false,סבון נסטי לוקסורי שחור/פחם אורגני 250 גר,,IT,סבון נסטי לוקסורי שח,גרמים,250.00,100 גרם,false,1,27.90,11.16,true,1,
837524003657,false,סבון נסטי תאנה 250 גר,,,סבון נסטי תאנה 250 ג,גרמים,250.00,100 גרם,false,1,27.90,11.16,true,1,
837524003688,false,סבון נסטי מרין 250 גר,,,סבון נסטי מרין 250 ג,גרמים,250.00,100 גרם,false,1,27.90,11.16,true,1,
838810009711,false,מתקן נתלה לכיור גדול סימפלהיומן,,,מתקן נתלה לכיור גדול,קילוגרמים,0.00,"ק""ג",false,1,195.00,195.00,true,1,
839762000641,false,משקה איילנד מנגו נקטר 1 ל',פארייפאבה אגרואינדוס,,משקה איילנד מנגו 1 ל,מיליליטרים,1000.00,"100 מ""ל",false,1,14.90,1.49,true,1,
839762000658,false,איילנד גויאבה המשקה של חופי סיני 1 ליטר,The Egyptian Co. for,,משקה איילנד גויאבה 1,מיליליטרים,1000.00,"100 מ""ל",false,1,14.90,1.49,true,1,
839762002379,false,משקה נקטר מנגו איילנד 350מל,פארייפאבה אגרואינדוס,,"איילנד מנגו 350 מ""ל",מיליליטרים,350.00,"100 מ""ל",false,1,6.30,1.80,true,1,
841058006633,false,"אדג' ג'יל גילוח מועשר בשיבולת שועל 198 מ""ל",אנרג'ייזר,,גל גילוח אדג שחור נג,גרמים,198.00,100 גרם,false,1,19.90,10.05,true,1,
842515006722,false,משמשים מיובשים בשמש אורגני - 250 גרם,קיי.אפ.סי,,משמשים מיובשים בשמש,גרמים,250.00,100 גרם,false,1,31.50,12.60,true,1,
842515010125,false,משמשים מיובשים בשמש אורגני - 250 גרם,קיי.אפ.סי,,תאנים מיובשות בשמש א,גרמים,250.00,100 גרם,false,1,31.50,12.60,true,1,
844510012067,false,"יין יצחק רם קברנה פרנק 750 מ""ל",רמת חברון,,יין יצחק רם קברנה פר,Unknown,0.00,Unknown,false,1,109.00,109.00,true,1,
844510012203,false,"יין יצחק רם קברנה סוביניון 750 מ""ל",רמת חברון,IL,יין יצחק רם קברנה סו,מיליליטרים,750.00,"100 מ""ל",false,1,114.90,15.32,true,1,
844510013088,false,יין ירושלים הילז סוביניון בלאן לב 750 מל,,IL,יין ירושלים הילז סוב,מיליליטרים,750.00,"100 מ""ל",false,1,46.90,6.25,true,1,
850006036028,false,מאפה חיטה מקלונים בטעם סלק בצל 400 ג' עבאדי,עבאדי,,מאפה חיטה עבאדי מקלו,גרמים,400.00,100 גרם,false,1,18.90,4.73,true,1,
850307005617,false,גולד אטריות ביצים ורמישל דק 500 גר,א.ל.ב. גולד,,גולד אטריות ביצים ור,גרמים,500.00,100 גרם,false,1,10.40,2.08,true,1,
850307005662,false,אטריות ביצים חינקל 500 גר,א.ל.ב. גולד,,אטריות ביצים חינקל 5,גרמים,500.00,100 גרם,false,1,10.40,2.08,true,1,
850307005716,false,איטר.ביצים 500 גרם בורג spiral,א.ל.ב. גולד,,אטריות ביצים בורג 50,גרמים,500.00,100 גרם,false,1,10.40,2.08,true,1,
850835000498,false,חליטה מנקה 20שקיות1.8*גר,פוקה,,תה מנקה,Unknown,0.00,Unknown,false,1,31.90,31.90,true,1,
851621000043,false,"בירה בלאנק 1664 בק בודד 330 מ""ל",,,בירה 1664 Blanc בקבו,מיליליטרים,330.00,"100 מ""ל",false,1,9.90,3.00,true,1,
851621000050,false,בירה חיטה בטעם הדרים 1664 בלאנק - שישייה,קרלסברג ספליי קומפאני פו,,שישיית בירה 1664 Bla,מיליליטרים,1980.00,"100 מ""ל",false,1,39.90,2.02,true,1,
852629004774,false,נקניקיות ביונד מיט רביעייה 400 גר,סווג ריבר ביונד מיט ארהב,US,נקניקיות ביונד מיט,גרמים,400.00,100 גרם,false,1,41.90,10.48,true,1,
854023002028,false,קרוסלה לקפסולות קפה,,,קרוסלה לקפסולות קפה,קילוגרמים,0.00,"ק""ג",false,1,149.90,149.90,true,1,
856015003976,false,סוכריות חמוצות קיזנדי ללא סוכר דובדבן35,,US,סוכריות חמוצות קיזנד,גרמים,35.00,100 גרם,false,1,6.90,19.71,true,1,
856015004454,false,סוכריות חמוצות קיזנדי ללא סוכר אבטיח35ג,,US,סוכריות חמוצות קיזנד,גרמים,35.00,100 גרם,false,1,6.90,19.71,true,1,
856015004461,false,סוכריות חמוצות קיזנדי ללא סוכר תות 35 ג,,US,סוכריות חמוצות קיזנד,גרמים,35.00,100 גרם,false,1,6.90,19.71,true,1,
856591000055,false,עוגיות מזרחיות קריספי שרוף במיוחד,מאפיית יוסף ושמחה עבאדי,,עבאדי עוגיות מזרחיות,גרמים,400.00,100 גרם,false,1,18.90,4.73,true,1,
856591000062,false,עוגיות מזרחיות עם מלח עבאדי 400 גרם,מאפיית יוסף ושמחה עבאדי,,עבאדי עוגיות מזרחיות,גרמים,400.00,100 גרם,false,1,18.90,4.73,true,1,
856591000109,false,עבאדי עוגיות מזרחיות פריך במיוחד 400 גרם,מאפיית יוסף ושמחה עבאדי,,עבאדי עוגיות מזרחיות,גרמים,400.00,100 גרם,false,1,18.90,4.73,true,1,
856591000512,false,עוגיות מזרחיות מקלונים עם שומשום עבאדי 400 גרם,מאפיית יוסף ושמחה עבאדי,,עבאדי עוגיות מזרחיות,גרמים,400.00,100 גרם,false,1,18.90,4.73,true,1,
856591000918,false,מארז שמיניית חטיף טבעי עבאדי,עבאדי,IL,מארז חטיף טבעי 8*40,גרמים,320.00,100 גרם,false,1,21.90,6.84,true,1,
856591000949,false,"מאפה חיטה מלוח ""קטנטנים"" עבאדי 350 גרם",עבאדי,,מאפה חיטה עבאדי מלוח,גרמים,35000.00,100 גרם,false,1,21.90,0.06,true,1,
856591000970,false,מאפה חיטה עבאדי מקלונים בטעם חריף 400 גר,עבאדי,,מאפה חיטה עבאדי מקלו,גרמים,400.00,100 גרם,false,1,18.90,4.73,true,1,
859547004084,false,ספוג ניקוי לימון פרש סקראב דדי,סקראב דאבי,,ספוג ניקוי SCRUB DA,יחידה,1.00,יחידה,false,1,19.90,19.90,true,1,
859547004329,false,ספוג ניקוי צבעוני סקראב דדי Scrub Daddy,סקארקיסט,,ספוג ניקוי SCRUB DA,יחידה,1.00,יחידה,false,1,19.90,19.90,true,1,
859547004466,false,קירצוף וספוג ניקוי SCRUB DADDY,סקראב דאבי,,קירצוף וספוג ניקוי,יחידה,1.00,יחידה,false,1,19.90,19.90,true,1,
875213000037,false,בירה פטרוס טריפל בבקבוק 330 מל בבקבו,מבשלת פטרוס,,בירה פטרוס טריפל 330,מיליליטרים,330.00,"100 מ""ל",false,1,14.90,4.52,true,1,
875213000600,false,בירה פטרוס דובדבן 330 מל בבקבוק,מבשלת פטרוס,,"בירה ""פטרוס"" דובדבן",מיליליטרים,330.00,"100 מ""ל",false,1,14.90,4.52,true,1,
884912002372,false,דגני בוקר גרייט גריינס פוסט453 גרם,פוסט ארצות הברית,,דגני סלקט קרנברי 369,גרמים,369.00,100 גרם,false,1,25.90,7.02,true,1,
884912102102,false,דגני בוקר פוסט סלקט אוכמניות 382 גר,הנסיך- מפעל לייצור ט,,דגני סלקט עם אוכמניו,גרמים,382.00,100 גרם,false,1,25.90,6.78,true,1,
884912111715,false,דגני פוסט האני קומב 354 גר,פוסט ארצות הברית,US,דגני פוסט האני קומב,גרמים,354.00,100 גרם,false,1,22.60,6.38,true,1,
884912116505,false,דגני בננה נאט קראנץ' Banana Nut Crunch,פוסט ארצות הברית,,דגני סלקט בננה 369 ג,גרמים,369.00,100 גרם,false,1,25.90,7.02,true,1,
884912117625,false,דגני שלווה מצופים בדבש Golden Crisp,הנסיך- מפעל לייצור ט,US,דגני פוסט גולדן קריס,גרמים,418.00,100 גרם,false,1,22.60,5.41,true,1,
884912126115,false,גרייט גריינס דגני בוקר עם פירות יבשים פוסט 453 גרם,הנסיך- מפעל לייצור ט,,דגני סלקט גרייט גרי,גרמים,454.00,100 גרם,false,1,25.90,5.70,true,1,
884912359162,false,האני באנצ' דגני בוקר עם שקדים פוסט 411 גרם,פוסט ארצות הברית,,האני באנצס עם שקדים,גרמים,340.00,100 גרם,false,1,22.90,6.74,true,1,
884912359414,false,דגני בוקר האני באנצס קינמון 340 ג' POST,פוסט ארצות הברית,US,האני באנצס עם קינמון,גרמים,340.00,100 גרם,false,1,22.90,6.74,true,1,
884912359421,false,דגני בוקר האני באנצ'ס מייפל ופקאן פוסט 340 גרם,פוסט ארצות הברית,US,האני באנצס רוסטד 340,גרמים,340.00,100 גרם,false,1,22.90,6.74,true,1,
884912359483,false,דגני בוקר האני באנצ'ס תות פוסט 311 גרם,פוסט ארצות הברית,US,האני באנצס עם תות 31,גרמים,311.00,100 גרם,false,1,22.90,7.36,true,1,
884912365200,false,דגני בוקר אוראו שחור ולבן 311 גרם,פוסט ארצות הברית,,דגני בוקר אוראו עוגי,גרמים,311.00,100 גרם,false,1,23.90,7.68,true,1,
884912365217,false,דגני בוקר אוראו שחור ולבן 311 גרם,פוסט ארצות הברית,US,דגני בוקר אוראו הדור,גרמים,311.00,100 גרם,false,1,23.90,7.68,true,1,
885860001338,false,יין טו ווינס שיראז 750 מל,,,יין טו ווינס שיראז,Unknown,0.00,Unknown,false,1,44.90,44.90,true,1,
890582000723,false,"יין סנגריה לוליילו לבנה 750 מ""ל",,ES,יין סנגריה לוליילו ל,Unknown,0.00,Unknown,false,1,29.90,29.90,true,1,
893594002051,false,"חטיף פופקורן צ`יפס בטעם גבינת צ`דר, 28ג Medora snacks",PepsiCo inc. Frito lay Division,US,חטיף פופקורנס גבינת,גרמים,28.00,100 גרם,false,1,5.90,21.07,true,1,
893594002068,false,"חטיף פופקורן צ`יפס עם מלח ים,28 ג HANTRONIX",PepsiCo inc. Frito lay Division,US,חטיף פופקורנס מלח ים,גרמים,28.00,100 גרם,false,1,5.90,21.07,true,1,
897581000372,false,מיני מרשמלו טבעוני 283 גרם,,IL,מיני מרשמלו טבעוני 2,גרמים,283.00,100 גרם,false,1,24.90,8.80,true,1,
898093002144,false,וודקה מולין 1 ליטר,מולין,FR,וודקה מולין 1 ליטר,מיליליטרים,1000.00,"100 מ""ל",false,1,129.90,12.99,true,1,
898193001252,false,בונומלי - חליטת קמומיל 28 גרם,הייר ליבינג,,חליטת קמומיל 28 גרם,Unknown,0.00,Unknown,false,1,14.90,14.90,true,1,
1220000070233,false,"יין ברזין 750 מ""ל",,,"יין ברזין 750 מ""ל",Unknown,0.00,Unknown,false,1,93.90,93.90,true,1,
1220000070356,false,"יין דליקאטו פינו נואר 750 מ""ל",,US,יין דליקאטו פינו נוא,Unknown,0.00,Unknown,false,1,54.90,54.90,true,1,
1220000070400,false,"יין דליקאטו קברנה סוביניון 750 מ""ל",,US,יין דליקאטו קברנה סו,Unknown,0.00,Unknown,false,1,54.90,54.90,true,1,
1230000062381,false,בורגר מן הצומח בסגנוון קלאסי 227 גרם,,,בורגר מן הצומח בסגנו,גרמים,227.00,100 גרם,false,1,29.90,13.17,true,1,
1230000062404,false,קציצות מן הצומח בתיבול אסיאתי 227 גרם,,,קציצות מן הצומח בתיב,גרמים,227.00,100 גרם,false,1,29.90,13.17,true,1,
2261746002521,false,גבינת בלו סטילטון אנגלית במשקל,,,גבינת בלו סטילטון,Unknown,0.00,"ק""ג",true,0,184.00,184.00,true,1,
2389366314609,false,דנאבלו שקיל,,,דנאבלו שקיל,Unknown,0.00,"ק""ג",true,0,79.00,79.00,true,1,
3012999150496,false,ליקר ברדינה קרם קסיס,ברדינה,,קסיס דיזון ברדינה,Unknown,0.00,Unknown,false,1,59.90,59.90,true,1,
3012999150779,false,"ליקר טריפל סק ברדינה 750 מ""ל",ברדינה,,ליקר טריפל סק ברדינה,מיליליטרים,750.00,"100 מ""ל",false,1,100.90,13.45,true,1,
3012999250066,false,"סירופ גרנדין-ברדינה 700 מ""ל",ברדינה,,סירופ גרנדין-ברדינה,מיליליטרים,700.00,"100 מ""ל",false,1,24.90,3.56,true,1,
3014260022730,false,מב.שיניים אדוונטג 40 מדיום אורל בי זוג,דיפלומט מפיצים 1968 בעמ,,מב.שיניים אדוונטג 40,Unknown,0.00,Unknown,false,1,28.50,28.50,true,1,
3014260022839,false,אורל בי דליקייט וויט זוג 40 MEDIUM,דיפלומט מפיצים 1968 בעמ,,זוג מברשות שיניים נט,Unknown,0.00,Unknown,false,1,21.50,21.50,true,1,
3014260023089,false,שלישייית מברשת שיניים אורל בי קלאסיק 40 מדיום,פרוקטר אנד גמבל,,מברשת שיניים קלאסיק,Unknown,0.00,Unknown,false,1,14.30,14.30,true,1,
3014260096717,false,מברשות שיניים אורל בי קומפקט זוג,פרוקטר & גמבל,,מברשות שיניים אורל ב,Unknown,0.00,Unknown,false,1,29.90,29.90,true,1,
3014260100636,false,מברשת שיניים אורל בי לילדים 0-2,דיפלומט מפיצים (1968) בעמ,IE,מברשת שיניים אורל בי,Unknown,0.00,Unknown,false,1,16.30,16.30,true,1,
3014260100667,false,אורל בי מברשת שיניים ילדים 3-5 שנים,דיפלומט מפיצים (1968) בעמ,IE,מברשת שיניים אורל בי,Unknown,0.00,Unknown,false,1,16.30,16.30,true,1,
3014260100698,false,אורל בי מברשת שיניים ילדים 6-12 שנים,פרוקטר אנד גמבל,IE,מברשת שיניים אורל בי,Unknown,0.00,Unknown,false,1,16.30,16.30,true,1,
3014260228842,false,"קצף גילוח ג'ילט לעור רגיל 200 מ""ל",דיפלומט מפיצים (1968) בעמ,,קצף גילוח גילט - רגי,מיליליטרים,200.00,"100 מ""ל",false,1,19.30,9.65,true,1,
3014260240226,false,"קצף גילוח ג'ילט לעור רגיש 200 מ""ל",דיפלומט מפיצים (1986) בע`מ,,קצף גילוח גילט רגיש,מיליליטרים,200.00,"100 מ""ל",false,1,19.30,9.65,true,1,
3014260243531,false,סכיני גילוח מאך 3 ג`ילט רביעייה יבוא מקב,פארמה דיל (פ.א.ב.) שיווק והפצה,IN,סכיני גילוח מאך 3 4,Unknown,0.00,Unknown,false,1,29.90,29.90,true,1,
3014260262693,false,ונוס מכשיר גילוח נשים+ 2 סכיני גילוח+מתק,דיפלומט מפיצים 1968 בעמ,,מכשיר גילוח ונוס + 2,Unknown,0.00,Unknown,false,1,38.50,38.50,true,1,
3014260287030,false,ג`ילט סכיני גילוח חדפ לגבר יבוא מקביל,פארמה דיל (פ.א.ב.) שיווק והפצה,,סכיני גילוח חד פעמי,Unknown,0.00,Unknown,false,1,10.50,10.50,true,1,
3014260833848,false,מברשות שיניים אורל בי פרו אקספרט 35 זוג,דיפלומט מפיצים (1968) בעמ,,מברשות שיניים אורל ב,יחידה,1.00,יחידה,false,1,39.90,39.90,true,1,
3024482270109,false,"קוניאק רמי מרטין 700 מ""ל V.S.O.P",רמי קואנטרו,,קוניאק רמי מרטין 700,מיליליטרים,700.00,"100 מ""ל",false,1,229.90,32.84,true,1,
3028130077751,false,"קוניאק VS קמוס 700 מ""ל",,,קוניאק VS קמוס 700 מ,מיליליטרים,700.00,"100 מ""ל",false,1,119.90,17.13,true,1,
3035542004206,false,ליקר תפוזים קואנטרו700מל,רמי קואנטרו,,"ליקר קוואנטרו 700 מ""",מיליליטרים,700.00,"100 מ""ל",false,1,135.90,19.41,true,1,
3045201106004,false,אידיאל מסיר כתמים לפני כביסה כדור מסתובב,יעקב יעקבי ובניו בעמ,,אידיאל מסיר כתמים לפ,Unknown,0.00,Unknown,false,1,25.50,25.50,true,1,
3045201107001,false,אידיאל מסיר כתמים לפני כביסה -כדור מסאג,"יעקב יעקבי ובניו בע""מ",,אידיאל מסיר כתמים לפ,Unknown,0.00,Unknown,false,1,25.50,25.50,true,1,
3045201108008,false,אידיאל מסיר כתמים לפני כביסה -כדור מבריש,יעקב יעקבי ובניו בעמ,,אידיאל מסיר כתמים לפ,Unknown,0.00,Unknown,false,1,25.50,25.50,true,1,
3045206360609,false,"דזיטול נוזל מחטא בגדים בכביסה, 1 ליטר",יעקב יעקבי ובניו בעמ,,דזיטול נוזל מחטא בגד,יחידה,1.00,יחידה,false,1,23.90,23.90,true,1,
3046920010801,false,שוקולד מריר אקסלנס עם אגוזי לוז,לינדט ושפרונגלי קילשברג,,לינדט שוקולד אקסלנס,גרמים,100.00,100 גרם,false,1,14.90,14.90,true,1,
3046920010856,false,לינדט שוקולד אקסלנס לימון גינגיר 100 גר,לינדט ושפרונגלי,CH,לינדט שוקולד אקסלנס,גרמים,100.00,100 גרם,false,1,14.90,14.90,true,1,
3046920016377,false,לינדט שוקולד אקסלנס מריר 100% קקאו 50 גר,לינדט ושפרונגלי,FR,לינדט שוקולד אקסלנס,גרמים,50.00,100 גרם,false,1,14.90,29.80,true,1,
3046920027281,false,שוקולד מריר אקסלנס במילוי קרמל ומלח ים,לינדט ושפרונגלי קילשברג,,לינדט אקס קרמל סולט,גרמים,100.00,100 גרם,false,1,14.90,14.90,true,1,
3046920028004,false,לינדט שוקולד אקסלנס מריר 70% 100 גר,לינדט ושפרונגלי קילשברג,,לינדט שוקולד אקסלנס,גרמים,100.00,100 גרם,false,1,14.90,14.90,true,1,
3046920028363,false,לינדט אקסלנס 85% מוצקי קקאו 100 גרם,לינדט ושפרונגלי קילשברג,,לינדט אקסלנס 85% 100,גרמים,100.00,100 גרם,false,1,14.90,14.90,true,1,
3046920028721,false,לינדט אקסלנס סטרוברי 100גר`,לינדט ושפרונגלי קילשברג,,לינדט אקסלנס 99%,גרמים,50.00,100 גרם,false,1,14.90,29.80,true,1,
3046920028752,false,שוקולד לינדט אקסלנס מינט 100 גרם,לינדט ושפרונגלי קילשברג,,לינדט אקסלנס מינט 10,גרמים,100.00,100 גרם,false,1,14.90,14.90,true,1,
3046920029674,false,אקסלנס עם שבבי מלח לינדט (100 גרם),לינדט ושפרונגלי קילשברג,,לינדט אקס סולט 100 ג,גרמים,100.00,100 גרם,false,1,14.90,14.90,true,1,
3046920029681,false,לינדט שוקולד אקסלנס מילד 85% קקאו 100 גר,משה סידס ובנו בעמ,DE,לינדט שוקולד אקסלנס,גרמים,100.00,100 גרם,false,1,14.90,14.90,true,1,
3046920029759,false,אקסלנס שוקולד מריר 90% לינדט (100 גרם),לינדט ושפרונגלי קילשברג,,"לינדט אקס 90%, 100 ג",גרמים,100.00,100 גרם,false,1,14.90,14.90,true,1,
3049197110076,false,"קוניאק קורבזייה 700 מ""ל V.S",גים בים,FR,קוניאק קורבזייה 700,מיליליטרים,700.00,"100 מ""ל",false,1,151.90,21.70,true,1,
3049197210776,false,"קוניאק VSOP קורבזייה 700 מ""ל",גים בים,,קוניאק VSOP קורבזיי,מיליליטרים,700.00,"100 מ""ל",false,1,203.90,29.13,true,1,
3052910017057,false,מונין וניל 1 ליטר,,,ליקר מונין וניל 1 לי,מיליליטרים,1000.00,"100 מ""ל",false,1,84.90,8.49,true,1,
3052910017583,false,מונין אגוזי קוקוס 1 ליטר,,,מונין אגוזי קוקוס 1,מיליליטרים,1000.00,"100 מ""ל",false,1,84.90,8.49,true,1,
3052910017866,false,מונין תות 1 ליטר,,,מונין תות 1 ליטר,Unknown,0.00,Unknown,false,1,84.90,84.90,true,1,
3052910017897,false,מונין פסיפלורה 1 ליטר,,,מונין פסיפלורה 1 ליט,מיליליטרים,1000.00,"100 מ""ל",false,1,84.90,8.49,true,1,
3059943015128,false,מבשם אוויר נטול גז אקווה מיסט בניחוח לבנדר פראי ואוויר הרים,רקיט בנקיזר (ניר איסט) בעמ,,איירויק נטול גז לבנד,מיליליטרים,345.00,"100 מ""ל",false,1,16.90,4.90,true,1,
3059943016569,false,"מבשם אוויר אירוויק ספריי פרסיה ויסמין 240 מ""ל",רקיט בנקיזר (ניר איסט) בעמ,,איירוויק ספריי טבעי,מיליליטרים,300.00,"100 מ""ל",false,1,10.90,3.63,true,1,
3059944022415,false,רצועות שעווה מוכנות לשימוש מועשרת בתמציות ובניחוח ורדים,רקיט בנקיזר (ניר איסט) בעמ,,VEET קרם ארומטיק רצו,Unknown,0.00,Unknown,false,1,43.10,43.10,true,1,
3059944025003,false,Veet רצועות שעווה לעור רגיל אריזת חיסכון (20 יח'),רקיט בנקיזר (ניר איסט) בעמ,,ויט רצועות לעור רגיל,Unknown,0.00,Unknown,false,1,39.90,39.90,true,1,
3067140243114,false,אבקה להכנת משקה על בסיס עולש בטעם קרמל,LEROUX COFFEE SUB,,קפה ללא קפאין-קרמל,גרמים,100.00,100 גרם,false,1,29.90,29.90,true,1,
3068320014067,false,אוויאן מים מינרליים ספורט 750 מל,קריניציה ויטמינה אס,,מים מינרלים אוויאן 7,מיליליטרים,1000.00,"100 מ""ל",false,1,9.90,0.99,true,1,
3068320017846,false,מים מינרלים אוויאן 1 ליטר,קריניציה ויטמינה אס,,מים מינרלים אוויאן 1,מיליליטרים,1000.00,"100 מ""ל",false,1,10.90,1.09,true,1,
3068320055008,false,מים מינרלים אוויאן 500 מל,קריניציה ויטמינה אס,,מים מינרלים אוויאן 5,מיליליטרים,500.00,"100 מ""ל",false,1,6.90,1.38,true,1,
3068320085005,false,מים מינלים אוויאן 1.5 ליטר,יורוסטנדרט בעמ,,מים מינלים אוויאן 1.,ליטרים,0.00,ליטר,false,1,13.60,13.60,true,1,
3068320103389,false,"מים מינרלים אוויאן 750 מ""ל זכוכית",,,מים מינרלים אוויאן 7,מיליליטרים,750.00,"100 מ""ל",false,1,12.90,1.72,true,1,
3068320103631,false,מים מינרלים אוויאן 330 מל זכוכית,יורוסטנדרט בעמ,,מים מינרלים אוויאן,מיליליטרים,330.00,"100 מ""ל",false,1,6.90,2.09,true,1,
3068320127576,false,מים מינרלים אוויאן מבעבע 750 מל זכוכית,,,מים מינרלים אוויאן מ,מיליליטרים,750.00,"100 מ""ל",false,1,12.90,1.72,true,1,
3073780574310,false,גבינה לה וואש קירי 24 400 גר,,,גבינה לה וואש קירי,גרמים,400.00,100 גרם,false,1,41.90,10.48,true,1,
3073780591591,false,גבינה לה וואש קירי 12 192 גרם,"מפעלי גבינות ""ביל",,גבינה לה וואש קירי,גרמים,192.00,100 גרם,false,1,20.90,10.89,true,1,
3073780593083,false,גבינה לואש קירי 32 יח' 480 ג',"מפעלי גבינות ""ביל",,גבינה לה וואש קירי,גרמים,480.00,100 גרם,false,1,50.50,10.52,true,1,
3073781162790,false,גבינה מותכת בייבי בל 120 גרם,א. סיימן סחר בעמ,,בייבי בל אדם 120 גר,גרמים,120.00,100 גרם,false,1,20.90,17.42,true,1,
3073781190946,false,גבינת לה וואש קירי 6 יח 100 גר,,,גבינת לה וואש קירי,גרמים,100.00,100 גרם,false,1,15.60,15.60,true,1,
3073781190960,false,גבינה קירי 12 יח 200 גר,,,גבינה קירי 12 יח,גרמים,100.00,100 גרם,false,1,30.50,30.50,true,1,
3080216034508,false,"בירה גרינברגן בלונדי בודד 330מ""ל",החברה המרכזית להפצת משקאות בעמ,,בירה רגינברג בלונד 3,מיליליטרים,330.00,"100 מ""ל",false,1,7.90,2.39,true,1,
3080216034645,false,"בירה רגינברג אמברה 330 מ""ל",company supply carlsberg,,בירה רגינברג אמברה 3,מיליליטרים,330.00,"100 מ""ל",false,1,10.50,3.18,true,1,
3090291123035,false,מונטאוור פרוסות 125 גרם,סבנסיה,,מונטאוור פרוסות 125,גרמים,125.00,100 גרם,false,1,22.90,18.32,true,1,
3090291389400,false,פול אפי קלאסי פרוסות 150 גרם,סבנסיה,,פול אפי קלאסי פרוסות,גרמים,150.00,100 גרם,false,1,24.90,16.60,true,1,
3105714950553,false,יין זאבולה פרלל 45 קוט דה רון אדום 750 מ,,,יין זאבולה פרלל 45 ק,Unknown,0.00,Unknown,false,1,73.90,73.90,true,1,
3120581457523,false,"יין שבלי צרלס רנואר לבן יבש 750 מ""ל",,FR,יין שבלי צרלס רנואר,מיליליטרים,750.00,"100 מ""ל",false,1,109.90,14.65,true,1,
3141360054405,false,פיניש מפיץ ריח למדיח בניחוח לימון וליים,רקיט בנקיזר (ניר איסט) בעמ,,מפיץ ריח למדיח בניחו,Unknown,0.00,Unknown,false,1,22.50,22.50,true,1,
3142706305007,false,יין שאטו לה גורדון רוזה וריט טרוא 750 מל,,,יין שאטו לה גורדון ר,Unknown,0.00,Unknown,false,1,89.90,89.90,true,1,
3147690014607,false,יין פורט קאלווארש 750 מל,ברדינה,,יין פורט קאלווארש 75,Unknown,0.00,Unknown,false,1,53.90,53.90,true,1,
3147690083207,false,ברנדי ארמניאק סאן וי,לה מזייר,,ארמניאק סאן ויואן,מיליליטרים,750.00,"100 מ""ל",false,1,169.90,22.65,true,1,
3161420001972,false,"ברנדי סנט רמי 700 מ""ל VSOP",רמי קואנטרו,,"ברנדי סנט רמי 700 מ""",מיליליטרים,700.00,"100 מ""ל",false,1,77.90,11.13,true,1,
3161712996153,false,מיני ברי כחולה 125 גרם,סבנסיה,,מיני ברי כחולה 125 ג,גרמים,125.00,100 גרם,false,1,26.50,21.20,true,1,
3161911229199,false,חמאה צרפתית רכה למריחה אל & ויר 250 גרם,א. סיימן סחר בעמ,,אלוויר חמאה רכה 250,גרמים,250.00,100 גרם,false,1,21.00,8.40,true,1,
3161911366429,false,חמאה צרפתית מלוחה רכה למריחה אלוויר 250 גר',א. סיימן סחר בעמ,,אלוויר חמאה רכה מלוח,גרמים,250.00,100 גרם,false,1,21.00,8.40,true,1,
3161911393210,false,אלוויר חמאה נורמנדי מלוחה 200 גרם,א.סיימן סחר בעמ,FR,אלוויר חמאה נורמנדי,גרמים,200.00,100 גרם,false,1,20.90,10.45,true,1,
3175460000017,false,גבינת בורסאן שום ועשבי תיבול 150 גר,השחר,,גבינת בורסאן שום 150,גרמים,150.00,100 גרם,false,1,23.90,15.93,true,1,
3175460000864,false,גבינת בורסאן טבעי 150 גר,Unknown,,גבינת בורסאן טבעי 15,גרמים,150.00,100 גרם,false,1,23.90,15.93,true,1,
3175460030083,false,גבינת בורסאן בצל ועירית 150 גר,השחר,,גבינת בורסאן בצל ועי,גרמים,150.00,100 גרם,false,1,23.90,15.93,true,1,
3178530402353,false,עוגות מיני מדלן קלאסי סאן מישל 175 גרם,סאן מישל ביסוויט,,מיני מדליינס סאן מיש,גרמים,175.00,100 גרם,false,1,12.50,7.14,true,1,
3178530407938,false,עוגיות מיני מדליין עם שוקוצ'יפס סאן מישל 175 גרם,א. סיימן סחר בעמ,,מיני מדליין 175 גר,גרמים,175.00,100 גרם,false,1,13.90,7.94,true,1,
3178530409673,false,עוגיות פיל סאן מישל קרמל 100 גר`,סאן מישל צ'\אמפאגנאק,,עוגיות פלמיה קרמל 10,גרמים,100.00,100 גרם,false,1,14.90,14.90,true,1,
3178530411478,false,ביסקוויטים גאלט עם חמאה ומלח ים,א. סיימן סחר בעמ,,ביסקוויט סאן מישל גד,גרמים,150.00,100 גרם,false,1,12.90,8.60,true,1,
3178530412703,false,עוגיות חמאה דונאט עם שוקולד 180 גר,א. סיימן סחר בעמ,,דונאט עם שוקולד 180,גרמים,180.00,100 גרם,false,1,14.90,8.28,true,1,
3178530417340,false,בראוניז שוקולד סאן מישל 210 גרם,א. סיימן סחר בעמ,FR,בראוניז שוקולד סאן מ,גרמים,210.00,100 גרם,false,1,17.90,8.52,true,1,
3178530417418,false,עוגיות חמאה דונאט עם שוקולד ציפס 180 גר,א. סיימן סחר בעמ,,דונאט עם שוקולד ציפס,גרמים,180.00,100 גרם,false,1,14.90,8.28,true,1,
3179730011017,false,פרייה מים מינרלים טבעיים מבעבעים,NESTLE WATERS,,מים מינרלים פירייה 7,מיליליטרים,750.00,"100 מ""ל",false,1,11.90,1.59,true,1,
3179732348913,false,פרייה מים מינרליים טבעיים מבעבעים 1 ליטר פלסטיק,נסטלה ווטרס ספלאי,,מים מינרלים פרייה 1,מיליליטרים,1000.00,"100 מ""ל",false,1,8.90,0.89,true,1,
3180611034223,false,"יין ריגל טרואסיאם טראס קאהור 750 מ""ל",,FR,יין ריגל טרואסיאם ט,מיליליטרים,750.00,"100 מ""ל",false,1,109.90,14.65,true,1,
3183280028036,false,"מלח ים גס בשקית 1 ק""ג LA BALEINE",,FR,LA BALEINE מלח ים בש,גרמים,1000.00,100 גרם,false,1,14.90,1.49,true,1,
3187460801136,false,ברנדי דה ולקור VSOP נפוליאון 700 מל מאז,,,ברנדי דה ולקור VSOP,מיליליטרים,700.00,"100 מ""ל",false,1,83.90,11.99,true,1,
3198129905638,false,"שאטו לאפון רושה, לה פלרין, סנט אסטף 750מ",,FR,"שאטו לאפון רושה, לה",מיליליטרים,750.00,"100 מ""ל",false,1,189.90,25.32,true,1,
3211200008049,false,"יין לאודלה רוזה 750 מ""ל",,FR,יין לאודלה רוזה 750,מיליליטרים,750.00,"100 מ""ל",false,1,47.90,6.39,true,1,
3211200108756,false,"יין מיזון קסטל מרלו רוזה 750 מ""ל",,,יין מיזון קסטל מרלו,Unknown,0.00,Unknown,false,1,46.90,46.90,true,1,
3211201046439,false,מיזון קסטל קברנה סוביניון 750 מל,,,מיזון קסטל קברנה סוב,Unknown,0.00,Unknown,false,1,46.90,46.90,true,1,
3211201046460,false,"מיזון קסטל מרלו 750 מ""ל",,,מיזון קסטל מרלו 750,Unknown,0.00,Unknown,false,1,46.90,46.90,true,1,
3211201046521,false,מיזון קסטל סוביניון בלאן 750 מל,,,מיזון קסטל סוביניון,Unknown,0.00,Unknown,false,1,46.90,46.90,true,1,
3211201046613,false,מיזון קסטל בורדו מרלו 750 מל,,,מיזון קסטל בורדו מרל,Unknown,0.00,Unknown,false,1,51.90,51.90,true,1,
3211201046644,false,"קסטל קוט דו רון גראנש סירה 750 מ""ל",,,מיזון קסטל קוט דו רו,Unknown,0.00,Unknown,false,1,51.90,51.90,true,1,
3211203429315,false,ברון דה לסטאק בלאן בורדו 750 מל,,,ברון דה לסטאק בלאן,Unknown,0.00,Unknown,false,1,59.90,59.90,true,1,
3211203433220,false,ברון דה לסטאק בורדו 750 מל,,,ברון דה לסטאק בורדו,Unknown,0.00,Unknown,false,1,59.90,59.90,true,1,
3211203444066,false,מיזון קסטל גרנד רזרב שרדונה 750 מל,,,מיזון קסטל גרנד רזרב,Unknown,0.00,Unknown,false,1,51.90,51.90,true,1,
3211203444103,false,מיזון קסטל גרנד רזרב ק. סוביניון 750 מ,,,מיזון קסטל גרנד רזרב,Unknown,0.00,Unknown,false,1,51.90,51.90,true,1,
3211203444141,false,מיזון קסטל גרנד רזרב סירה 750 מל,,,מיזון קסטל גרנד רזרב,Unknown,0.00,Unknown,false,1,51.90,51.90,true,1,
3211203448347,false,שאטו דו לורט בורדו 750 מל,,,שאטו דו לורט בורדו,Unknown,0.00,Unknown,false,1,62.90,62.90,true,1,
3211209117902,false,"יין מיזון קסטל מוסקט לבן חצי 750 מ""ל",,,יין מיזון קסטל מוסק,Unknown,0.00,Unknown,false,1,46.90,46.90,true,1,
3211209118039,false,יין מיזון קסטל לנגדוק 750 מל,,,יין מיזון קסטל לנגדו,Unknown,0.00,Unknown,false,1,51.90,51.90,true,1,
3211209133452,false,שאטו בארייר קרו בורזואה הו מדוק 750 מל,,,שאטו בארייר קרו,Unknown,0.00,Unknown,false,1,107.90,107.90,true,1,
3211209133544,false,"יין שאטו גואלן 750 מ""ל",,FR,יין שאטו גואלן 750 מ,מיליליטרים,750.00,"100 מ""ל",false,1,72.90,9.72,true,1,
3211209133698,false,שאטו טור פרינאק קרו ברזואה מדוק 750 מל,,,שאטו טור פרינאק,Unknown,0.00,Unknown,false,1,83.90,83.90,true,1,
3211209134510,false,"יין שאטו דה הוט קולון 750 מ""ל",,FR,יין שאטו דה הוט קולו,מיליליטרים,750.00,"100 מ""ל",false,1,135.90,18.12,true,1,
3211209134886,false,שאטו פראנד גראב 750 מל,,,שאטו פראנד גראב,Unknown,0.00,Unknown,false,1,112.90,112.90,true,1,
3211209136347,false,שאטו לאטור קומבלאנה קוט דה בורדו 750 מל,,,שאטו לאטור קומבלאנה,Unknown,0.00,Unknown,false,1,79.90,79.90,true,1,
3211209139232,false,שאטו דארסין קרו בורזואה הו מדוק 750 מל,,,שאטו דארסין קרו,Unknown,0.00,Unknown,false,1,114.90,114.90,true,1,
3211209149897,false,יין ברון דה לסטאק רוזה בורדו 750 מל,,,יין ברון דה לסטאק רו,Unknown,0.00,Unknown,false,1,59.90,59.90,true,1,
3211209158028,false,יין רוזה יבש מאספלורי קוט דה פרובנס 375,,,יין רוזה יבש מאספלו,מיליליטרים,375.00,"100 מ""ל",false,1,29.90,7.97,true,1,
3211209194507,false,מיזון קסטל שרדונה 750 מל,,,מיזון קסטל שרדונה 75,Unknown,0.00,Unknown,false,1,46.90,46.90,true,1,
3211209217602,false,מיזון רוזה דאנזו חצי מתוק 750 מל,,,מיזון רוזה דאנזו חצי,Unknown,0.00,Unknown,false,1,51.90,51.90,true,1,
3211209265900,false,"יין פמלי קסטל ברוט מבעבע 750 מ""ל",,,יין מיזון קסטל ברוט,Unknown,0.00,Unknown,false,1,62.90,62.90,true,1,
3211209267126,false,מיזון קסטל גוורצטרמינר 750 מל,,,מיזון קסטל גוורצטרמי,Unknown,0.00,Unknown,false,1,44.90,44.90,true,1,
3211209282167,false,"מיזון קסטל ברוט רוזה מבעבע 750 מ""ל",,,מיזון קסטל ברוט רוזה,Unknown,0.00,Unknown,false,1,62.90,62.90,true,1,
3211209719342,false,שאטו דו בוסקה קוט דה בורג 750 מל,,,שאטו דו בוסקה קוט דה,Unknown,0.00,Unknown,false,1,83.90,83.90,true,1,
3211209938286,false,"יין קרו לה מקלן בורדו אדום יבש 750 מ""ל",,FR,יין קרו לה מקלן בור,Unknown,0.00,Unknown,false,1,67.90,67.90,true,1,
3211209968832,false,"יין מיזון קסטל ויוניה 750 מ""ל",,,יין מיזון קסטל ויוני,Unknown,0.00,Unknown,false,1,46.90,46.90,true,1,
3211209973348,false,"יין לאודלה מרסלן סירה 750 מ""ל",,FR,יין לאודלה מרסלן סיר,מיליליטרים,750.00,"100 מ""ל",false,1,47.90,6.39,true,1,
3211209973379,false,"יין לאודלה מרסאן רוסיאן 750 מ""ל",,FR,יין לאודלה מרסאן רוס,מיליליטרים,750.00,"100 מ""ל",false,1,47.90,6.39,true,1,
3211209987550,false,שאטו קבלייר רוזה קוט דה פרובאנס 750,,,שאטו קבלייר רוזה קוט,Unknown,0.00,Unknown,false,1,67.90,67.90,true,1,
3211209990826,false,"יין לאודלה שרדונה 750 מ""ל",,FR,יין לאודלה שרדונה 75,מיליליטרים,750.00,"100 מ""ל",false,1,47.90,6.39,true,1,
3211209999553,false,"יין לאודלה קברנה סוביניון 750 מ""ל",,FR,יין לאודלה קברנה סוב,מיליליטרים,750.00,"100 מ""ל",false,1,47.90,6.39,true,1,
3211209999584,false,"יין לאודלה מרלו 750 מ""ל",,FR,יין לאודלה מרלו 750,מיליליטרים,750.00,"100 מ""ל",false,1,47.90,6.39,true,1,
3245990001218,false,"קוניאק הנסי XO מארז מתנה 700 מ""ל",jas hennessy,,קוניאק הנסי XO מארז,מיליליטרים,700.00,"100 מ""ל",false,1,898.90,128.41,true,1,
3245990969419,false,"קוניאק הנסי 700 מ""ל V.S.O.P",jas hennessy,,"קוניאק הנסי 700 מ""ל",מיליליטרים,700.00,"100 מ""ל",false,1,259.90,37.13,true,1,
3245995960015,false,הנסי 700 V.S באריזת מתנה,jas hennessy,,הנסי 700 V.S באריזת,מיליליטרים,700.00,"100 מ""ל",false,1,149.90,21.41,true,1,
3254550033217,false,סנט מור גבינת ברי איסיני 220 גרם,אף.סי תבליני בגליל ב,,ברי מרובע 220 גר,גרמים,220.00,100 גרם,false,1,30.90,14.05,true,1,
3254550033279,false,גבינת קממבר 250 גרם סנט מר,א. סיימן סחר בעמ,,קממבר 250 גר,גרמים,250.00,100 גרם,false,1,30.90,12.36,true,1,
3256760106408,false,פלשארד בסגנון פטה 500 גר,,,פלשארד בסגנון פטה 50,גרמים,500.00,100 גרם,false,1,12.50,2.50,true,1,
3256761201003,false,פלשארד בסגנון פטה מעודנת 500 גר קרטונית,,,פלשארד בסגנון פטה מע,גרמים,500.00,100 גרם,false,1,12.50,2.50,true,1,
3257150100204,false,"קוניאק צרפתי מיוקוב 700 מ""ל V.S",,,קוניאק צרפתי מיוקוב,מיליליטרים,700.00,"100 מ""ל",false,1,156.90,22.41,true,1,
3257150100426,false,"קוניאק מיוקוב 700 מ""ל V.S.O.P אריזה",,,קוניאק מיוקוב 700 מ,מיליליטרים,700.00,"100 מ""ל",false,1,198.90,28.41,true,1,
3257150101119,false,"מארז קוניאק מיוקוב 5 כוכבים 700 מ""ל",,,מארז קוניאק מיוקוב 5,מיליליטרים,700.00,"100 מ""ל",false,1,177.90,25.41,true,1,
3257150101485,false,"קוניאק מיוקוב שחור 45% 700 מ""ל",,,קוניאק מיוקוב שחור 4,מיליליטרים,700.00,"100 מ""ל",false,1,179.90,25.70,true,1,
3258361170017,false,"קוניאק נולין VS מארז 700 מ""ל",מייסון בויינאוד,,קוניאק נולין VS מארז,מיליליטרים,700.00,"100 מ""ל",false,1,169.90,24.27,true,1,
3258364100707,false,"קוניאק VS דה לוז 700 מ""ל",,FR,קוניאק VS דה לוז 70,מיליליטרים,700.00,"100 מ""ל",false,1,182.90,26.13,true,1,
3258368370045,false,"מארז גרנד אמפרר VSOP כשר 700 מ""ל",,,VSOP מארז גרנד אמפרר,מיליליטרים,700.00,"100 מ""ל",false,1,124.90,17.84,true,1,
3261090003549,false,"ברנדי ארמניאק פואסגור 700 מ""ל",,,ברנדי ארמניאק פואסגו,מיליליטרים,700.00,"100 מ""ל",false,1,119.90,17.13,true,1,
3263280106429,false,"קוארפו קוקטייל מוחיטו 750 מ""ל",,,קוארפו קוקטייל מוחיט,מיליליטרים,750.00,"100 מ""ל",false,1,67.90,9.05,true,1,
3263280107709,false,"האנס גרייל סוביניון בלאן 750 מ""ל",,,האנס גרייל סוביניון,Unknown,0.00,Unknown,false,1,85.90,85.90,true,1,
3263286301316,false,יין J.P קולומברד סוביניון לבן 750 מל,,,יין J.P קולומברד סוב,Unknown,0.00,Unknown,false,1,41.90,41.90,true,1,
3263286301385,false,יין J.P רוזה סינסולט גרנאש 750 מל,קב דה לנדירס,,יין J.P רוזה סינסולט,Unknown,0.00,Unknown,false,1,41.90,41.90,true,1,
3263286321284,false,יין צרפתי גיפי לבן חצי מתוק 750 מל,קב דה לנדירס,,יין צרפתי גיפי לבן,Unknown,0.00,Unknown,false,1,41.90,41.90,true,1,
3263286328993,false,יין גיי פי שנה מרלו,,,יין J.P מרלו 750 מל,Unknown,0.00,Unknown,false,1,41.90,41.90,true,1,
3263289990203,false,יין גיי פי שנה שרדונ,,,J.P CHENET שרדונה 75,מיליליטרים,750.00,"100 מ""ל",false,1,41.90,5.59,true,1,
3269863001891,false,"ברנדי דרוסארק נפולאון 70 מ""ל מארז שי",,,ברנדי דרוסארק נפולאו,מיליליטרים,700.00,"100 מ""ל",false,1,83.90,11.99,true,1,
3270620001498,false,קוניאק לואי רוייה 700 מל XO,,,קוניאק לואי רוייה 70,מיליליטרים,700.00,"100 מ""ל",false,1,626.90,89.56,true,1,
3270620001757,false,"קוניאק VS לואי רוייה 700 מ""ל",,,קוניאק VS לואי רוייה,מיליליטרים,700.00,"100 מ""ל",false,1,149.90,21.41,true,1,
3271470759935,false,"סיידר אותנטיק יבש 750 מ""ל",,,סיידר אותנטיק יבש,מיליליטרים,750.00,"100 מ""ל",false,1,22.90,3.05,true,1,
3272770003148,false,"שברוקס גבינת עיזים פרמידה, 150 גרם",מיוצר עי קונדיטוריית,,שברו עיזים טבעי 150,גרמים,150.00,100 גרם,false,1,26.90,17.93,true,1,
3272770092678,false,טרטר שום ועשבי תיבול 150 גר,בונגראן,,טרטר שום ועשבי תיבול,גרמים,150.00,100 גרם,false,1,23.30,15.53,true,1,
3274551585461,false,פיליפ דרסלר אלזס ריזלינג 750 מל,,,פיליפ דרסלר אלזס ריז,Unknown,0.00,Unknown,false,1,69.90,69.90,true,1,
3274551885561,false,פיליפ דרסלר אלזס גוורצטרמינר 750 מל,,,פיליפ גוורצטרמינר,Unknown,0.00,Unknown,false,1,69.90,69.90,true,1,
3274664142452,false,מאגדת גלידה קוטדור וניל רביעייה 260 גרם,,FR,מאגדת גלידה קוטדור ו,גרמים,260.00,100 גרם,false,1,55.90,21.50,true,1,
3275240312115,false,קממבר צרפתי קופסא 250 גרם,,,קממבר צרפתי קופסא 25,גרמים,250.00,100 גרם,false,1,25.90,10.36,true,1,
3275240312319,false,קממבר צרפתי נייר 240 גרם,,,קממבר צרפתי נייר 240,גרמים,240.00,100 גרם,false,1,24.90,10.38,true,1,
3276210001114,false,"יין דומיין לה פרייר סאנסר 750 מ""ל",,FR,יין דומיין לה פרייר,מיליליטרים,750.00,"100 מ""ל",false,1,104.90,13.99,true,1,
3276210810105,false,יין לה פטיט פרייר סוביניון בלאן 750 מל,,,יין לה פטיט פרייר סו,Unknown,0.00,Unknown,false,1,51.90,51.90,true,1,
3276210811102,false,יין אדום יבש פינו נואר 750 מל,,,יין לה פטיט פרייר יב,Unknown,0.00,Unknown,false,1,51.90,51.90,true,1,
3276210812109,false,יין לה פטיט פרייר פינו נואר רוזה 750 מל,,,יין לה פטיט פרייר פי,Unknown,0.00,Unknown,false,1,51.90,51.90,true,1,
3289850064050,false,"יין דומיין לה פרייר פואי פומה 750 מ""ל",,FR,יין דומיין לה פרייר,מיליליטרים,750.00,"100 מ""ל",false,1,99.90,13.32,true,1,
3296184016242,false,"יין מירבל רוזה יבש, 750 מ""ל",,,יין מירבאל רוזה 750,מיליליטרים,750.00,"100 מ""ל",false,1,122.90,16.39,true,1,
3328640121945,false,וויסקי היילנד קווין בלנדד שרי פיניש 1 ל,,,וויסקי היילנד קווין,מיליליטרים,1000.00,"100 מ""ל",false,1,99.90,9.99,true,1,
3328640121976,false,"ויסקי היילנד קווין בלנדד 700 מ""ל",פונט סלאם וולנסיה,,ויסקי היילנד קווין ב,מיליליטרים,700.00,"100 מ""ל",false,1,76.90,10.99,true,1,
3331300090475,false,מסיר איפור טבעי,,,מסיר איפור טבעי,Unknown,0.00,Unknown,false,1,6.90,6.90,true,1,
3335121604934,false,חרדל דיג'ון חלק פלוטקין 370 גרם,קובינור,,חרדל דיגון 370 גרם (,גרמים,370.00,100 גרם,false,1,10.90,2.95,true,1,
3355991005129,false,בוגרט סילבר סנט אינטנס דאודורנט ספריי200,בוגרט בישום,אירופה,בודי ספריי בוגרט סיל,מיליליטרים,200.00,"100 מ""ל",false,1,29.90,14.95,true,1,
3364048001229,false,"קוניאק צרפתי 700 מ""ל TIFFFON VS",,,"קוניאק צרפתי 700 מ""ל",מיליליטרים,700.00,"100 מ""ל",false,1,109.90,15.70,true,1,
3387390320244,false,פיטנס דגני בוקר מחיטה מלאה עם פירות נסטלה 375 גרם,קבוצת אוסם סחר שותפות מוגבלת,,דגני בוקר פיטנס עם פ,גרמים,375.00,100 גרם,false,1,19.90,5.31,true,1,
3387390525960,false,קראנץ' דגני בוקר עם שוקולד חלב נסטלה 500 גרם,קבוצת אוסם סחר שותפות מוגבלת,,דגני בוקר קראנץ 500,גרמים,500.00,100 גרם,false,1,22.90,4.58,true,1,
3387390730852,false,פיטנס דגנים מחיטה מלאה ואורז נסטלה 375 גרם,קבוצת אוסם סחר-שות.מוגבלת,,דגני בוקר פיטנס 375,גרמים,375.00,100 גרם,false,1,19.90,5.31,true,1,
3401560047646,false,"משחת שיניים לילדים אורגנית 50 מ""ל",,,משחת שיניים לילדים א,מיליליטרים,50.00,"100 מ""ל",false,1,19.90,39.80,true,1,
3401595815760,false,"משחת שיניים לחניכיים עדינות אורגני 75 מ""",,,משחת שיניים לחניכיים,מיליליטרים,75.00,"100 מ""ל",false,1,24.90,33.20,true,1,
3412290023640,false,אמנטל צרפתי ארוז 250 גר,,,אמנטל צרפתי ארוז 250,גרמים,250.00,100 גרם,false,1,28.50,11.40,true,1,
3412290055610,false,ברי צרפתי Laita 200 גרם,,FR,ברי צרפתי 200 גרם,גרמים,200.00,100 גרם,false,1,27.90,13.95,true,1,
3415581117110,false,גלידה בטעם קרמל ביסקוויט 473 ג' האגן דאז,האגן-דאז,,גלידה האגן דאז שמנת,מיליליטרים,500.00,"100 מ""ל",false,1,26.50,5.30,true,1,
3415581187113,false,גלידה בטעם וניל בראוניס 473 ג' האגן דאז,האגן דאז,,האגן דאז קרמל בראוני,מיליליטרים,500.00,"100 מ""ל",false,1,26.50,5.30,true,1,
3417320023881,false,בירה חזקה 8.8% סברנה פרמיום 500 מל פחי,קלסברוג ברוארי,,בירה חזקה 8.8% סברנה,מיליליטרים,500.00,"100 מ""ל",false,1,7.20,1.44,true,1,
3431410131003,false,גאבוט עוגיות קרפ דאנטל שוקולד 90 גרם,,,גאבוט עוגיות קרפ דאנ,גרמים,90.00,100 גרם,false,1,26.30,29.22,true,1,
3431501000173,false,סנט אגור במשקל,,,סנט אגור במשקל,Unknown,0.00,"ק""ג",true,0,215.00,215.00,true,1,
3451271002809,false,"יין אלן זופרואה שאבלי 750 מ""ל",,,אלן זופרואה שאבלי,Unknown,0.00,Unknown,false,1,104.90,104.90,true,1,
3451272001535,false,"יין אלן זופרואה פרמייר קרו 750 מ""ל",,FR,יין אלן זופרואה פרמי,Unknown,0.00,Unknown,false,1,166.90,166.90,true,1,
3451276001012,false,"יין גופרואה פטיט שאבלי 750 מ""ל",,FR,יין גופרואה פטיט שאב,מיליליטרים,750.00,"100 מ""ל",false,1,90.90,12.12,true,1,
3455720750495,false,"גרנד רזרב ברוט אלכנסדר בונה 750 מ""ל",צרפת אלכסנדר בונה,,גרנד רזרב ברוט אלכנס,Unknown,0.00,Unknown,false,1,161.90,161.90,true,1,
3460410521729,false,"רום פלנטיישן גרנד ריזרב 40% 700 מ""ל",,,רום פלנטיישן גרנד רי,מיליליטרים,700.00,"100 מ""ל",false,1,124.90,17.84,true,1,
3460410529053,false,רום לבן פלנטיישן 3 סטאר 41.2% 700 מל,,,רום לבן פלנטיישן 3 ס,מיליליטרים,700.00,"100 מ""ל",false,1,104.90,14.99,true,1,
3472710055040,false,בונ טראפלס בלגי בטעם,,NL,טראפלס קקאו 150 גרם,גרמים,150.00,100 גרם,false,1,9.90,6.60,true,1,
3472710058263,false,טראפלס קרמל קקאו 150 גרם,,FR,טראפלס קרמל קקאו 150,גרמים,150.00,100 גרם,false,1,10.90,7.27,true,1,
3480341002685,false,טרטר אפרטיף בסגנון פרובנס 101 גר,א. סיימן סחר בעמ,,טרטר אפרטיף בסגנון פ,גרמים,101.00,100 גרם,false,1,24.90,24.65,true,1,
3480341002692,false,טרטר אפרטיף בסגנון איטלקי 100 גר,א. סיימן סחר בעמ,,טרטר אפרטיף בסגנון א,גרמים,100.00,100 גרם,false,1,24.90,24.90,true,1,
3500610033346,false,יין צרפתי גיפי אדום חצי מתוק 750 מל,קב דה לנדירס,,יין צרפתי גיפי אדום,Unknown,0.00,Unknown,false,1,41.90,41.90,true,1,
3500610084676,false,מבעבע בלאן פוסי אייס לבן חצי יבש 750 מ,GCF,,מבעבע בלאן פוסי אייס,Unknown,0.00,Unknown,false,1,49.90,49.90,true,1,
3500610085338,false,גיי פי שנה לבן מבעבע 750 מל,LANDIRAS JP CHENET,,גיי פי שנה לבן מבעבע,Unknown,0.00,Unknown,false,1,43.90,43.90,true,1,
3500610091353,false,יין פרסטיגום אדום יבש 750 מל,,,יין פרסטיגום אדום יב,Unknown,0.00,Unknown,false,1,28.90,28.90,true,1,
3500610091360,false,יין פרסטיגום לבן יבש 750 מל,,,יין פרסטיגום לבן יבש,Unknown,0.00,Unknown,false,1,28.90,28.90,true,1,
3500610093708,false,גיי פי שנה רוזה מבעבע 750 מל,LANDIRAS JP CHENET,,גיי פי שנה רוזה מבעב,Unknown,0.00,Unknown,false,1,43.90,43.90,true,1,
3500610096174,false,מבעבע בלאן פוסי אייס רוזה חצי יבש 750 מ,GCF,,מבעבע בלאן פוסי אייס,Unknown,0.00,Unknown,false,1,49.90,49.90,true,1,
3500610108754,false,שאטו גרנד פוש בורדו סופריור 375 מל,,,שאטו גרנד פוש בורדו,Unknown,0.00,Unknown,false,1,33.90,33.90,true,1,
3500610122644,false,"יין לבן יבש גיפי שנה גוורצטרמינר 750 מ""ל",,,יין לבן יבש גיפי שנה,מיליליטרים,750.00,"100 מ""ל",false,1,41.90,5.59,true,1,
3504105028602,false,"שמפו קצף לתינוקות מוסטלה 150 מ""ל",ניאופארם,,שמפו קצף לתינוקות מו,Unknown,0.00,Unknown,false,1,49.90,49.90,true,1,
3523230025638,false,"גבינת עיזים בושה טבעי, 125 גרם",א. סיימן סחר בעמ,,גבינה מיני בושה עיזי,גרמים,125.00,100 גרם,false,1,24.90,19.92,true,1,
3523230025652,false,"גבינת מיני בושה עם שום ועשי תיבול ועשבי, 125 גרם",א. סיימן סחר בעמ,,גבינה מיני בושה,גרמים,125.00,100 גרם,false,1,24.90,19.92,true,1,
3523230026826,false,"גבינת עיזים למריחה פירמידה, 140 גרם",א. סיימן סחר בעמ,,גבינה עיזים למריחה פ,גרמים,140.00,100 גרם,false,1,24.90,17.79,true,1,
3523230026888,false,"גבינת עיזים שום ועשבי תיבול למריחה פירמידה, 140 גרם",א. סיימן סחר בעמ,,גב עיזים למריחה שום,גרמים,140.00,100 גרם,false,1,24.90,17.79,true,1,
3523230045827,false,גבינת סנט מור עיזים160גר,א. סיימן סחר בעמ,,סנט מור חלב עיזים 16,גרמים,160.00,100 גרם,false,1,28.90,18.06,true,1,
3523689289902,false,"יין אמירל דה ביישאבל 2008 750 מ""ל",,,יין אמירל דה ביישאבל,Unknown,0.00,Unknown,false,1,312.60,312.60,true,1,
3544760002449,false,"מלח ים אטלנטי 1 ק""ג+ AQUASEL 10%",,,"מלח ים אטלנטי 1 ק""ג+",קילוגרמים,0.00,"ק""ג",false,1,18.90,18.90,true,1,
3547102222000,false,"יין רוזה יבש מינוטי 750 מ""ל",מינוטי,,יין רוזה יבש מינוטי,Unknown,0.00,Unknown,false,1,104.90,104.90,true,1,
3550190400878,false,ליס נערם קערית 14 סמ,ברוך רוזנשטין בעמ,,ליס נערם קערית 14 סמ,Unknown,0.00,Unknown,false,1,9.90,9.90,true,1,
3550190401691,false,אובן שף מלבני 38*23,,,אובן שף - תבנית מלבנ,Unknown,0.00,Unknown,false,1,69.90,69.90,true,1,
3550190401707,false,אובן שף מלבני 41*25,,,אובן שף - תבנית מלבנ,Unknown,0.00,Unknown,false,1,79.90,79.90,true,1,
3550190401721,false,אובן שף אובאלי 39*27,,,אובן שף - תבנית אובל,Unknown,0.00,Unknown,false,1,74.90,74.90,true,1,
3563490014898,false,ריין דיז'ון חרדל דיז'ון 265 גרם,דיפלומט מפיצים (1968) בעמ**,,חרדל לחיץ ריין דיזיו,גרמים,265.00,100 גרם,false,1,14.60,5.51,true,1,
3574660026788,false,גונסונס בייבי טלק 200 גרם חדש,ג'ונסונס Johnson's,IT,טלק גונסונס בייבי 2,Unknown,0.00,Unknown,false,1,19.90,19.90,true,1,
3574660089547,false,טמפונים נורמל קלאסי אובה 32 יחידות,ג'\ונסון אנד ג'\ונסון,,אובה נורמל 32 חדש,Unknown,0.00,Unknown,false,1,21.90,21.90,true,1,
3574660115154,false,או-בה טמפונים קלאסי סופר 32יח',ג'\ונסון אנד ג'\ונסון,,אובה סופר 32 חדש,Unknown,0.00,Unknown,false,1,21.90,21.90,true,1,
3574661114637,false,ליסטרין שטיפת פה קול מינט טעם מעודן 500,ג'\ונסון אנד ג'\ונסון,IT,מי פה ליסטרין מנטה ע,מיליליטרים,500.00,"100 מ""ל",false,1,19.80,3.96,true,1,
3574661141022,false,וניה תחבושות הגייניות מקסי לילה 12 יח,ש.שסטוביץ בעמ,,וניה תחבושות הגייניו,Unknown,0.00,Unknown,false,1,29.30,29.30,true,1,
3574661352275,false,"מי פה ליסטרין קידס 250 מ""ל פירות יער",ג'\ונסון אנד ג'\ונסון,,ליסטירין מי פה פירות,מיליליטרים,250.00,"100 מ""ל",false,1,16.90,6.76,true,1,
3574661363998,false,ליסטרין תה ירוק 500 מל שטיפת פה,ג'\ונסון אנד ג'\ונסון,,מי פה ליסטרין תה ירו,מיליליטרים,500.00,"100 מ""ל",false,1,23.90,4.78,true,1,
3574661391373,false,הידרו בוסט תחליב קרם ג'ל גוף לעור רגיל עד יבש,ניוטרוג'ינה Neutrogena,GR,תחליב גוף ניוטרוגינה,מיליליטרים,400.00,"100 מ""ל",false,1,44.90,11.23,true,1,
3574661485218,false,טמפונים נורמל אובה 32 יח' פרוקומפורט,"ש. שסטוביץ בע""\מ",,אובה נורמל פרוקומפור,Unknown,0.00,Unknown,false,1,21.90,21.90,true,1,
3574661487328,false,קרפרי מגני תחתון אורגינל פלוס 56 יח',הדקלאים אגודת שיתופי,IT,מגן תחתון קרפרי רגיל,Unknown,0.00,Unknown,false,1,24.90,24.90,true,1,
3574661487335,false,מגן תחתון קרפרי מקסי לונג ריחני 40 יחידות,ש. שסטוביץ בע`מ,IT,מגן תחתון קרפרי מקסי,Unknown,0.00,Unknown,false,1,24.90,24.90,true,1,
3574661487618,false,קרפרי מגן תחתון מקסי לארג'' מבושם 48 יח'',ג'ויה מעבדות לקוסמטי,IT,מגן תחתון קרפרי מקסי,Unknown,0.00,Unknown,false,1,24.90,24.90,true,1,
3574661487625,false,מגן תחתון קרפרי מקסי לארג 48 יחידות,הדקלאים אגודת שיתופי,IT,מגן תחתון קרפרי מקסי,Unknown,0.00,Unknown,false,1,24.90,24.90,true,1,
3574661491806,false,מי פה אדבנס וויט מנטה מסירה כתמים קשים,ג'\ונסון אנד ג'\ונסון,IT,מי פה ליסטרין אדוונס,מיליליטרים,500.00,"100 מ""ל",false,1,23.90,4.78,true,1,
3574661501901,false,שטיפה אינטימית יומיומית מכיל תה ירוק ואלוורה,קולגייט פלמוליב,,שטיפה אינטימית קרפרי,מיליליטרים,200.00,"100 מ""ל",false,1,19.90,9.95,true,1,
3574661504162,false,מוס לשטיפה אינטימית יומיומית מכיל תה ירוק ואלוורה,קולגייט פלמוליב,,מוס לשטיפה אינטימית,מיליליטרים,150.00,"100 מ""ל",false,1,19.90,13.27,true,1,
3574661506272,false,קרפרי מגבונים אינטימיים אלוורה 20 יח,ג'\ונסון אנד ג'\ונסון,,מגבונים אינטימיים קר,Unknown,0.00,Unknown,false,1,19.90,19.90,true,1,
3574661552804,false,מגן תחתון קרפרי אלוורה 56 יחידות,הדקלאים אגודת שיתופי,IT,מגן תחתון קרפרי אלוו,Unknown,0.00,Unknown,false,1,24.90,24.90,true,1,
3574661552811,false,מגן תחתון קרפרי כותון אוורירי 56 יחידות,הדקלאים אגודת שיתופי,IT,מגן תחתון קרפרי כותו,Unknown,0.00,Unknown,false,1,24.90,24.90,true,1,
3574661554884,false,קרפרי מגן תחתון רגיל טנגה מבושם 56 יח,הדקלאים אגודת שיתופי,IT,מגן תחתון קרפרי רגיל,Unknown,0.00,Unknown,false,1,24.90,24.90,true,1,
3574661650029,false,ליסטרין שטיפת פה להגנה על החניכיים בטעם מעודן,ג'\ונסון אנד ג'\ונסון,IT,מי פה ליסטרין נטורלס,מיליליטרים,500.00,"100 מ""ל",false,1,23.90,4.78,true,1,
3574669907767,false,גונסונס בייבי שמפו קמומיל 750 מל חדש,ג'ונסונס בייבי,IT,שמפו גונסונס בייבי,Unknown,0.00,Unknown,false,1,26.90,26.90,true,1,
3574669907972,false,"גונסונס שמפו טיפות של ברק 750 מ""ל חדש",ג'ונסונס Johnson's,IT,שמפו גונסונס טיפות ש,Unknown,0.00,Unknown,false,1,26.90,26.90,true,1,
3574669908948,false,"גונסונס בייבי אל סבון לרחצה עדינה 750 מ""ל",גונסון אנד גונסון,IT,אל סבון לרחצה עדינה,Unknown,0.00,Unknown,false,1,22.90,22.90,true,1,
3574669909181,false,גונסונס בייבי שמן אלוורה לתינוק 300 מל,ג'ונסונס Johnson's,IT,שמן אלוורה גונסונס ב,Unknown,0.00,Unknown,false,1,22.90,22.90,true,1,
3574669909204,false,גונסונס בייבי שמן לתינוק 300 מל,ג'ונסונס Johnson's,IT,שמן גונסונס בייבי 30,Unknown,0.00,Unknown,false,1,22.90,22.90,true,1,
3600523651870,false,שמפו לחיזוק סיב השערה לכל סוגי השיער,לוריאל ישראל קוסמטיקס בעמ,,שמפו ארגנין לוריאל,מיליליטרים,550.00,"100 מ""ל",false,1,14.90,2.71,true,1,
3600523651900,false,מרכך לחיזוק סיב השערה לכל סוגי השיער,לוריאל ישראל קוסמטיקס בעמ,,מרכך ארגנין לוריאל,מיליליטרים,550.00,"100 מ""ל",false,1,14.90,2.71,true,1,
3600523652280,false,"לוריאל אלביב שמפו מועשר ב 6 שמנים, 550 מ""ל",לוריאל ישראל קוסמטיקס בעמ,,שמפו לוריאל אלביב,מיליליטרים,550.00,"100 מ""ל",false,1,14.90,2.71,true,1,
3600523782567,false,"לוריאל - אלביב שמפו דרים לונג 500 מ""ל",לוריאל ישראל קוסמטיקס בעמ,FR,שמפו לוראל אלביב דרי,מיליליטרים,500.00,"100 מ""ל",false,1,14.90,2.98,true,1,
3600541253667,false,"גרנייה - דאודורנט ספריי לאישה אינביזיבל BWC (ורוד) 150 מ""ל",לוריאל ישראל קוסמטיקס בעמ,,גרנייה דאו ספריי אינ,מיליליטרים,150.00,"100 מ""ל",false,1,15.90,10.60,true,1,
3600541402270,false,"גרנייה - דאודורנט ספריי לאישה אינביזיבל BWC (ירוק) 150 מ""ל",לוריאל ישראל קוסמטיקס בעמ,,גרנייה דאו ספרי אינב,מיליליטרים,150.00,"100 מ""ל",false,1,15.90,10.60,true,1,
3600541448476,false,גרנייה דאו רול-און אינבזיבל קונטרול,לוריאל ישראל קוסמטיקס בעמ,,גרנייה דאו רול-און א,גרמים,85.00,100 גרם,false,1,15.90,18.71,true,1,
3600541928275,false,מי פנים מיסלריים דו-פאזיים מסיר איפור עמיד במים,לוריאל ישראל קוסמטיקס בעמ,,גרנייה מים מיסרליים,גרמים,437.00,100 גרם,false,1,29.90,6.84,true,1,
3600542431903,false,גרנייה - קולור נטורלס 10 בלונד סופר בהיר חדש,לוריאל ישראל קוסמטיקס בעמ,,גרנייה קולור נטורלס,Unknown,0.00,Unknown,false,1,25.60,25.60,true,1,
3607340717635,false,אדידס גל רחצה לגבר אייס דייב 400 מל,דנשר (1963) בעמ,ES,גל רחצה לגברים אדידס,מיליליטרים,400.00,"100 מ""ל",false,1,14.90,3.73,true,1,
3607345264912,false,"אדידס בודי ספריי לגבר אייס דייב, ללא אלומיניום, 150 מל",אגריפק אס איי לגרדה,ES,דאו ספריי גוף אדידס,מיליליטרים,150.00,"100 מ""ל",false,1,19.90,13.27,true,1,
3607345265117,false,"אדידס - דאודורנט ספריי לגבר טים פורס 150 מ""ל",מיוצר עי קונדיטוריית,PL,דאו ספריי גוף אדידס,מיליליטרים,150.00,"100 מ""ל",false,1,19.90,13.27,true,1,
3607347320449,false,"אדידס - ג'ל רחצה ספורט אנרג'י 400 מ""ל",דנשר (1963) בעמ,ES,גל רחצה לגברים אדידס,מיליליטרים,400.00,"100 מ""ל",false,1,14.90,3.73,true,1,
3608580730248,false,קונפיטורה בטעם דובדבן 370 ג BONNE MAMAN,ר.ב. מוצרי דגנים בעמ,,קונפיטורה בטעם דובדב,גרמים,370.00,100 גרם,false,1,20.90,5.65,true,1,
3608580730255,false,קונפיטורה בטעם משמש 370 גר BONNE MAMAN,ר.ב. מוצרי דגנים בעמ,,קונפיטורה בטעם משמש,גרמים,370.00,100 גרם,false,1,20.90,5.65,true,1,
3608580730279,false,בון מן מרמלדת תפוזים 370 גר,ר.ב. מוצרי דגנים בעמ,,מרמלדת תפוזים 370 גר,גרמים,370.00,100 גרם,false,1,20.90,5.65,true,1,
3608580730286,false,קונפיטורה בון ממאן ארבע עונות 370 גר',אנדרוס,FR,קונפיטורה ארבע פירות,גרמים,370.00,100 גרם,false,1,20.90,5.65,true,1,
3614221653715,false,"אדידס קליימקול ג'ל רחצה, 400 מ""ל","דנשר (1963) בע,מ",ES,גל רחצה אדידס קליימק,מיליליטרים,400.00,"100 מ""ל",false,1,14.90,3.73,true,1,
3614223736485,false,"אדידס דאודורנט ספריי לגבר אדיפיור 200מ""ל",דנשר (1963) בעמ,PT,דאו ספריי לגבר אדידס,מיליליטרים,200.00,"100 מ""ל",false,1,19.90,9.95,true,1,
3614224051235,false,אדידס דאודורנט ספריי גברים אדיפוואר 200מל,דנשר (1963) בעמ,PT,דאו ספריי לגבר אדידס,מיליליטרים,200.00,"100 מ""ל",false,1,19.90,9.95,true,1,
3661163970448,false,"אדידס דאודורנט ספריי מקס פרש לגברים 200 מ""ל",מיוצר עי קונדיטוריית,PT,דאו ספריי לגבר אדידס,מיליליטרים,200.00,"100 מ""ל",false,1,23.50,11.75,true,1,
3661163990545,false,"אדידס דאודורנט ספריי לגברים אקשיין 200 מ""ל",מיוצר עי קונדיטוריית,PT,דאו ספריי לגבר אדידס,מיליליטרים,200.00,"100 מ""ל",false,1,19.90,9.95,true,1,
3661163991344,false,"אדידס דאודורנט ספריי מקס פרו-קליר לאישה 150 מ""ל",מיוצר עי קונדיטוריית,PT,דאו ספריי לנשים אדיד,מיליליטרים,150.00,"100 מ""ל",false,1,19.90,13.27,true,1,
3662444002742,false,לחמניות מזונות עברית8 יחידות 280 גרם,,FR,לחמניות מזונות עברית,גרמים,280.00,100 גרם,false,1,21.90,7.82,true,1,
3662444002766,false,חלה בריוש ראובנס 500 גרם,N.F.D,FR,חלה בריוש ראובנס 500,גרמים,500.00,100 גרם,false,1,24.90,4.98,true,1,
3662444002773,false,חלה בריוש שוקוציפס ראובנס 500 גרם,N.F.D,FR,חלה בריוש שוקוציפס ר,גרמים,500.00,100 גרם,false,1,24.90,4.98,true,1,
3663559000135,false,שזיפים מיובשים אורגניים 250 גרם,היצרן: לה קומפני דה,FR,שזיפים מיובשים אורגנ,גרמים,250.00,100 גרם,false,1,27.90,11.16,true,1,
3666140002532,false,"ויספרינג אנגל רוזה 750 מ""ל",,FR,ויספרינג אנגל רוזה,Unknown,0.00,Unknown,false,1,129.90,129.90,true,1,
3666140005052,false,"יין דה פאייל רוזה 750 מ""ל",,FR,יין דה פאייל רוזה 75,Unknown,0.00,Unknown,false,1,75.90,75.90,true,1,
3700604200222,false,אריסה טוניסאית 350 גרם,,,אריסה טוניסאית 350 ג,גרמים,350.00,100 גרם,false,1,24.90,7.11,true,1,
3760009241114,false,אלן גום קוט דה רון גראן וניור לבן 750 מ,,FR,אלן גום קוט דה רון ג,מיליליטרים,750.00,"100 מ""ל",false,1,64.90,8.65,true,1,
3760046790149,false,"יין סאנסר דומיין פארגט כשר לפסח 750 מ""ל",,FR,יין סאנסר דומיין פאר,Unknown,0.00,Unknown,false,1,109.90,109.90,true,1,
3760291950145,false,"יין שאטו פיגודה רוזה לה שאפל 750 מ""ל",,,יין שאטו פיגודה רוזה,מיליליטרים,750.00,"100 מ""ל",false,1,72.90,9.72,true,1,
3760291950213,false,"יין שאטו פיגודה רוזה לאוראטוואר 750 מ""ל",,,יין שאטו פיגודה רוזה,מיליליטרים,750.00,"100 מ""ל",false,1,99.90,13.32,true,1,
3770000016796,false,"יין שבלי דומיין דה שאטיון כשל""פ 750 מ""ל",דומיין דה לה,FR,יין שבלי דומיין דה ש,Unknown,0.00,Unknown,false,1,84.90,84.90,true,1,
3800016701055,false,"לפתן חצאי אפרסק בסירופ 700 מ""ל",פרוקטו סליבאן GSC,,לפתן חצאי אפרסק בסיר,מיליליטרים,700.00,"100 מ""ל",false,1,10.70,1.53,true,1,
3800016701161,false,"לפתן חצאי שזיף בסירופ 700 מ""ל",פרוקטו סליבאן GSC,,לפתן חצאי שזיף בסירו,מיליליטרים,700.00,"100 מ""ל",false,1,10.70,1.53,true,1,
3800016701178,false,"לפתן חצאי משמש בסירופ 700 מ""ל",פרוקטו סליבאן GSC,,"לפתן משמש 700 מ""ל",מיליליטרים,700.00,"100 מ""ל",false,1,10.70,1.53,true,1,
3800016701239,false,פלפל סבא פפרוני 580 גרם אורזיץ,פרוקטו סליבאן GSC,,פלפל סבא פפרוני 580,גרמים,580.00,100 גרם,false,1,10.70,1.84,true,1,
3800016703554,false,"שימורי עגבניות שרי סבא 580 מ""ל",פרוקטו סליבאן GSC,,שימורי עגבניות שרי ס,מיליליטרים,580.00,"100 מ""ל",false,1,10.70,1.84,true,1,
3800016704018,false,פלפל בולגרי 720 מל,,,"פלפל בולגרי 720 מ""ל",מיליליטרים,720.00,"100 מ""ל",false,1,18.10,2.51,true,1,
3800020418819,false,רביעייה חטיף בוטנים קיט קט צ'אנקי נסטלה 4*42 ג',,,נסטלה קיט קט צאנקי ח,גרמים,160.00,100 גרם,false,1,11.40,7.13,true,1,
3800023801526,false,GUSTO רולדה קקאו וונ,,BG,GUSTO רולדה קקאו וונ,Unknown,0.00,Unknown,false,1,6.90,6.90,true,1,
3800023801564,false,GUSTO רולדה וניל ופי,,BG,GUSTO רולדה וניל ופי,Unknown,0.00,Unknown,false,1,6.90,6.90,true,1,
3800023807047,false,GUSTO רולדה וניל ותו,,BG,GUSTO רולדה וניל ותו,Unknown,0.00,Unknown,false,1,6.90,6.90,true,1,
3800023807054,false,GUSTO רולדה וניל ודו,,BG,GUSTO רולדה וניל ודו,Unknown,0.00,Unknown,false,1,6.90,6.90,true,1,
3800047786786,false,מאפה בצק פילו במילוי גבינה 480 גרם,Mister Oven,BG,מאפה בצק פילו במילוי,גרמים,480.00,100 גרם,false,1,24.90,5.19,true,1,
3800047786793,false,מאפה בצק פילו במילוי גבינה ותרד 480 גרם,Mister Oven,BG,מאפה בצק פילו במילוי,גרמים,480.00,100 גרם,false,1,24.90,5.19,true,1,
3800047786816,false,מאפה בצק פילו אצבעות במילוי גבינה ותרד,Mister Oven,BG,מאפה בצק פילו אצבעות,גרמים,480.00,100 גרם,false,1,24.90,5.19,true,1,
3800061605049,false,עוגיות פרסטיז במילוי בטעם תאנים 155 גר,,,עוגיות פרסטיז במילוי,גרמים,155.00,100 גרם,false,0,8.90,5.74,true,1,
3800061605469,false,עוגיות פרסטיז בציפוי בטעם קקאו קלאסי 16,,,עוגיות פרסטיז בציפו,גרמים,160.00,100 גרם,false,0,8.90,5.56,true,1,
3800061605476,false,עוגיות פרסטיז בציפוי בטעם קקאו 160 גר,,,עוגיות פרסטיז בציפוי,גרמים,160.00,100 גרם,false,0,8.90,5.56,true,1,
3800061607630,false,עוגיות פרסטיז מצופות בטעם אגוזי לוז 160,,,עוגיות פרסטיז מצופות,גרמים,160.00,100 גרם,false,0,8.90,5.56,true,1,
3800061608071,false,עוגיות פרסטיז במילוי בטעם שזיפים 155 גר,,,עוגיות פרסטיז במילוי,גרמים,155.00,100 גרם,false,0,8.90,5.74,true,1,
3800061608088,false,עוגיות פרסטיז במילוי בטעם תפוחים 155 גר,,,עוגיות פרסטיז במילוי,גרמים,155.00,100 גרם,false,0,8.90,5.74,true,1,
3800061608217,false,עוגיות סנדוויץ פרסטיז במילוי בטעם קקאו 1,,,עוגיות סנדוויץ פרסטי,גרמים,153.00,100 גרם,false,0,8.90,5.82,true,1,
3800061608224,false,עוגיות פרסטיז במילוי בטעם תות 134 גר,,,עוגיות פרסטיז במילוי,גרמים,134.00,100 גרם,false,0,8.90,6.64,true,1,
3800061608231,false,עוגיות פרסטיז במילוי בטעם פירות יער 134,,,עוגיות פרסטיז במילוי,גרמים,134.00,100 גרם,false,0,8.90,6.64,true,1,
3800065711289,false,ביסקוויט גאמבי פירות יער 170 גרם,,,ביסקוויטים במ.ריבת פ,גרמים,150.00,100 גרם,false,1,7.90,5.27,true,1,
3800065711319,false,ביסקוויט גאמבי תות שדה 170 גרם,,,ביסקוויטים במ.ריבת ת,גרמים,150.00,100 גרם,false,1,7.90,5.27,true,1,
3800065711531,false,ביסקויט קלאסיק דבש ואגוז 190 גרם,זרחני איזדליה ורנה (,,עוגיות עם דבש 170 גר,גרמים,170.00,100 גרם,false,1,8.90,5.24,true,1,
3800065723015,false,מקלות גריסיני מלוח קלאסי סוויט פלוס 235 גר,,BG,גריסיני קלאסי עם מלח,גרמים,235.00,100 גרם,false,1,8.90,3.79,true,1,
3800065723022,false,מקלות גריסיני עם פרג סוויט פלוס 235 גר,זרחני איזדליה ורנה (,BG,גריסיני עם פרג סטיקס,גרמים,235.00,100 גרם,false,1,8.90,3.79,true,1,
3800065781114,false,עוגת וופל צודו בוטנים 250 גרם,זרחני איזדליה ורנה (,BG,עוגת וופל במ.קרם קקא,גרמים,250.00,100 גרם,false,1,12.50,5.00,true,1,
3800065781206,false,מיני וופל קרם שוקולד סוויט פלוס 260 גר,זרחני איזדליה ורנה (,BG,מיני וופל במילוי קרם,גרמים,260.00,100 גרם,false,1,12.50,4.81,true,1,
3800065781244,false,עוגת וופל צודו שוקולד 200 גרם,זרחני איזדליה ורנה (,,עוגת וופל במ.קרם קקא,גרמים,180.00,100 גרם,false,1,9.90,5.50,true,1,
3800065781268,false,עוגת וופל צודו בוטנים 180 גרם,זרחני איזדליה ורנה (,BG,עוגת וופל במ.קרם קקא,גרמים,180.00,100 גרם,false,1,9.90,5.50,true,1,
3800065781688,false,עוגת וופל צודו אגוזי לוז 125 גר,זרחני איזדליה ורנה (,BG,עוגת וופל במילוי קרם,גרמים,125.00,100 גרם,false,1,9.90,7.92,true,1,
3800093511523,false,טימס מאפה שמרים במילוי קרם ניל 250 גרם,,,טימס מאפה שמרים במיל,גרמים,250.00,100 גרם,false,1,10.90,4.36,true,1,
3800093511530,false,טימס מאפה שמרים במילוי קרם שוקולד 250 גר,,,טימס מאפה שמרים במיל,גרמים,250.00,100 גרם,false,1,10.90,4.36,true,1,
3800093511561,false,טימס לחמניות באנס ריבת דובדבנים 250 גרם,,,טימס לחמניות באנס רי,גרמים,250.00,100 גרם,false,1,10.90,4.36,true,1,
3800093511578,false,"טימס מאפה שמרים עם מרמלדת תפו""ע 250 ג",,,טימס מאפה שמרים עם מ,גרמים,250.00,100 גרם,false,1,10.90,4.36,true,1,
3800202840063,false,OVI&SARI מאפה ממולא,,BG,OVI&SARI מאפה ממולא,Unknown,0.00,Unknown,false,1,7.90,7.90,true,1,
3800205875109,false,צנימים אובן בקד עגבניות וזיתים 70 גר,,,צנימים עגבניות זיתים,גרמים,70.00,100 גרם,false,1,5.90,8.43,true,1,
3800205875208,false,צנימים אובן בקד בטעם קרם פטריות 70 גר,,,צנימים אובן בקד,גרמים,70.00,100 גרם,false,1,5.90,8.43,true,1,
3800205875307,false,צנימים אובן בקד בטעם שום ובצל 70 גר,,,צנימים אובן בקד בטעם,גרמים,70.00,100 גרם,false,1,5.90,8.43,true,1,
3800740010072,false,"אסורטי טודטרקה 1 ק""ג",ס.י.א. אילגיזיום,,"אסורטי טודטרקה 1 ק""ג",גרמים,1000.00,100 גרם,false,1,19.90,1.99,true,1,
3800740017156,false,"עגבניות טודורקה עם שמיר 1 ק""ג",ס.י.א. אילגיזיום,,עגבניות טודורקה עם ש,גרמים,1000.00,100 גרם,false,1,19.90,1.99,true,1,
3800740021870,false,ממרח ירוקות לוטניצה 265 גר,,BG,ממרח ירוקות לוטניצה,גרמים,265.00,100 גרם,false,1,20.90,7.89,true,1,
3800740027155,false,שימורי ירקות ליוטניצה טודורקה 350 גרם,DERONI,,שימורי ירקות ליוטניצ,גרמים,350.00,100 גרם,false,1,14.90,4.26,true,1,
3800740030001,false,ממרח ירוקות איוור 250 גר,,BG,ממרח ירוקות איוור 25,גרמים,250.00,100 גרם,false,1,22.90,9.16,true,1,
3800740031060,false,רוטב עגבניות עם אוכמניות 330 גר,,BG,רוטב עגבניות עם אוכמ,גרמים,330.00,100 גרם,false,1,13.90,4.21,true,1,
3830001308013,false,סוקולנט עציץ אפור 12,,,סוקולנט עציץ אפור 12,Unknown,0.00,Unknown,false,1,34.90,34.90,true,1,
3830006213541,false,100 שקיות זילוף חד פעמי,,,100 שקיות זילוף חד פ,Unknown,0.00,Unknown,false,1,39.90,39.90,true,1,
3830006229009,false,תבנית פנקייק סיליקון,,,תבנית פנקייק סיליקון,קילוגרמים,0.00,"ק""ג",false,1,39.90,39.90,true,1,
3830006238308,false,סט קשיות נירוסטה,,,סט קשיות נירוסטה,Unknown,0.00,Unknown,false,1,24.90,24.90,true,1,
3838824127149,false,צבע לשיער פאלטה שחור כחול 1-1,שוורצקופף והנקל,,פלטה סמי קיט 1-1 שחו,Unknown,0.00,Unknown,false,1,29.90,29.90,true,1,
3838824127224,false,פלטה סמי קיט חום בינוני 4-0 צבע שיער,שוורצקופף והנקל,,פלטה סמי קיט 4-0 חום,Unknown,0.00,Unknown,false,1,29.90,29.90,true,1,
3838824193915,false,צבע לשיער 1-0 שחור סמי קיט פאלטה,שוורצקופף והנקל,,פלטה סמי קיט 1-0 שחו,Unknown,0.00,Unknown,false,1,29.90,29.90,true,1,
3838824332178,false,פאלטה ברוז' חום אדום יין 6-80 סמי קיט,שוורצקופף והנקל,,פלטה סמי קיט 6-80 אד,Unknown,0.00,Unknown,false,1,29.90,29.90,true,1,
3838824380940,false,צבעי שיער בלונד בהיר אפרפר 8-1 סמי קיט פאלט,שוורצקופף והנקל,,צבע לשיער פלטה סמי ק,Unknown,0.00,Unknown,false,1,29.90,29.90,true,1,
3838824381022,false,צבעי שיער חום שוקולד כהה 3-65 סמי קיט פאלטה,שוורצקופף והנקל,,צבע לשיער פלטה סמי ק,Unknown,0.00,Unknown,false,1,29.90,29.90,true,1,
3838945007870,false,מיץ תפוזים 100% עם ויטמין סי 1 ליטר,FRUCTAL,,מיץ תפוזים 100% עם ו,מיליליטרים,1000.00,"100 מ""ל",false,1,14.60,1.46,true,1,
3838945508995,false,נקטר משמש 43% פרי 1 ל FRUCTAL,FRUCTAL,,נקטר משמש 43% פרי 1,מיליליטרים,1000.00,"100 מ""ל",false,1,14.60,1.46,true,1,
3838945509022,false,נקטר נקטר תות שדה 45% 1 ל FRUCTAL,FRUCTAL,,נקטר נקטר תות שדה 45,מיליליטרים,1000.00,"100 מ""ל",false,1,14.60,1.46,true,1,
3838945509077,false,מיץ אננס 100% 1 ליטר FRUCTAL,FRUCTAL,,מיץ אננס 100% 1 ליטר,מיליליטרים,1000.00,"100 מ""ל",false,1,14.60,1.46,true,1,
3850104008054,false,תבלין ירקות ווגטה 75 גר,פודרבקה ד.ד,HR,תבלין ירקות ווגטה 75,גרמים,75.00,100 גרם,false,1,7.50,10.00,true,1,
3850104008443,false,תערובת תבלינים עם ירקות ווגטה 500 גר,פודרבקה ד.ד,HR,תערובת תבלינים עם יר,גרמים,500.00,100 גרם,false,1,38.90,7.78,true,1,
3850104008597,false,תערובת תבלינים עם ירקות ווגטה 250 גר,PODRAVKA POLSKA,HR,תערובת תבלינים עם יר,גרמים,250.00,100 גרם,false,1,20.90,8.36,true,1,
3850104008825,false,תבלין ויגטה ירקות שקית 125 גר,פודרבקה ד.ד,HR,תערובת תבלינים עם יר,גרמים,125.00,100 גרם,false,1,12.50,10.00,true,1,
3850104029189,false,תבלין ויגטה לפלוב 30 גר,,HR,תבלין תיבול לפלוב 20,Unknown,0.00,Unknown,false,1,3.50,3.50,true,1,
3850158301088,false,משקה כוהלי סליבוביצה,מרסקה,,"סליבוביץי 40% 700 מ""",מיליליטרים,700.00,"100 מ""ל",false,1,114.90,16.41,true,1,
3856020235819,false,תערובת תיבול עם גזר,,HR,תערובת תיבול עם גזר,Unknown,1.00,Unknown,false,1,7.90,7.90,true,1,
4000161030300,false,נידרגר מרציפן מצופה שוקולד 125 גר,,,נידרגר מרציפן מצופה,גרמים,125.00,100 גרם,false,1,31.50,25.20,true,1,
4000161050308,false,נידרגר מרציפן מצופה שוקולד 125 גר,,,נידרגר מרציפן מצופה,גרמים,125.00,100 גרם,false,1,31.50,25.20,true,1,
4000161060116,false,נידרגר שוקולד מריר במילוי מרציפן 110 גר,,,נידרגר שוקולד מריר ב,גרמים,110.00,100 גרם,false,1,19.90,18.09,true,1,
4000161060147,false,נידרגר שוקולד חלב במילוי מרציפן 110 גר,,,נידרגר שוקולד חלב במ,גרמים,110.00,100 גרם,false,1,19.90,18.09,true,1,
4000161060161,false,נידרגר שוק.מריר וגינגיר מילוי מרציפן 110,,,נידרגר שוק.מריר וגינ,גרמים,110.00,100 גרם,false,1,19.90,18.09,true,1,
4000161060260,false,נידרגר שוק.מריר במילוי מרציפן תפוז 110 ג,,,נידרגר שוק.מריר במיל,גרמים,110.00,100 גרם,false,1,19.90,18.09,true,1,
4000161060406,false,נידרגר מקלות מרציפן שוקולד מריר 40 גר,,,נידרגר מקלות מרציפן,גרמים,40.00,100 גרם,false,1,10.20,25.50,true,1,
4000161060901,false,נידרגר מרציפן שחור&לבן 110 ג,,,נידרגר מרציפן שחור&ל,גרמים,110.00,100 גרם,false,1,19.90,18.09,true,1,
4000161100072,false,נידריגר אצבעות מרציפן 50 גרם,,,נידריגר אצבעות מרציפ,גרמים,50.00,100 גרם,false,1,14.90,29.80,true,1,
4000161110088,false,נידריגר אצבעות מרציפן אספרסו 50 גרם,,,נידריגר אצבעות מרציפ,גרמים,50.00,100 גרם,false,1,14.90,29.80,true,1,
4000161110095,false,נידריגר אצבעות מרציפן פיסטוק 50 גרם,,,נידריגר אצבעות מרציפ,גרמים,50.00,100 גרם,false,1,14.90,29.80,true,1,
4000161200116,false,נידרגר מרציפן קלאסי בטעמים 100 גרם,,DE,נידרגר מרציפן בטעמים,גרמים,100.00,100 גרם,false,1,32.90,32.90,true,1,
4000269001370,false,"ליקר קסו קסו 700 מ""ל",,,"ליקר קסו קסו 700 מ""ל",מיליליטרים,700.00,"100 מ""ל",false,1,72.90,10.41,true,1,
4000269003756,false,"ליקר קסו קסו תות שמנת 700 מ""ל",,,ליקר קסו קסו תות שמנ,מיליליטרים,700.00,"100 מ""ל",false,1,65.90,9.41,true,1,
4000281604504,false,בונבוניירה ליקר 150 גרם,,DE,פרליני שוקולד מריר ב,גרמים,150.00,100 גרם,false,1,10.90,7.27,true,1,
4000417019004,false,שוקולד חלב אגוזי לוז שלמים ריטר ספורט 100 גרם,ריטר ספורט Ritter sport,,שוקולד RITTER SPORT,גרמים,400.00,100 גרם,false,1,10.90,2.73,true,1,
4000417023001,false,ריטר ספורט שוקולד חלב מעולה עם שקדים שלמים,ריטר ספורט Ritter sport,,שוקולד RITTER SPORT,גרמים,100.00,100 גרם,false,1,10.90,10.90,true,1,
4000417025005,false,שוקולד מריר במילוי מרציפן ריטר ספורט 100 גרם,ריטר ספורט Ritter sport,,שוקולד RITTER SPORT,גרמים,100.00,100 גרם,false,1,8.90,8.90,true,1,
4000417026002,false,שוקולד ריטר ספורט פרלין 100 גרם חלב נוכרי,ריטר ספורט Ritter sport,,שוקולד ריטר ספורט נו,גרמים,100.00,100 גרם,false,1,8.90,8.90,true,1,
4000417212009,false,ריטר ספורט שוקולד מריר מעולה עם שקדים קצוצים וקליפות תפוז מסוכרות,ריטר ספורט Ritter sport,DE,שוקולד ריטר ספורט שק,גרמים,100.00,100 גרם,false,1,8.90,8.90,true,1,
4000417222008,false,שוקולד ריטר ספורט חלב+שברי אגוזים 100 גרם חלב נוכרי,ריטר ספורט Ritter sport,,שוקולד ריטר ספורט חל,גרמים,100.00,100 גרם,false,1,8.90,8.90,true,1,
4000417224002,false,"ריטר ספורט טבלת שוקולד מריר אגוזים, 100 גרם",ריטר ספורט Ritter sport,,שוקולד RITTER SPORT,גרמים,100.00,100 גרם,false,1,10.90,10.90,true,1,
4000417294005,false,שוקולד ריטר מוס קקאו 100 גרם חלב נוכרי,ריטר ספורט Ritter sport,,שוקולד RITTER SPORT,גרמים,100.00,100 גרם,false,1,8.90,8.90,true,1,
4000417298003,false,שוקולד ריטר ספורט קוקוס 100 גרם חלב נוכרי,ריטר ספורט Ritter sport,,שוקולד ריטר ספורט קו,גרמים,100.00,100 גרם,false,1,8.90,8.90,true,1,
4000417626417,false,שוקולד חלב חמוציות ממותקות ושברי אגוזי לוז,ליימן שליסל בע`מ,,שוקולד חלב עם חמוציו,גרמים,100.00,100 גרם,false,1,8.90,8.90,true,1,
4000417707000,false,שוקולד חלב מעולה עם שברי קשיו קלוי ומומלח,ריטר ספורט Ritter sport,,ריטר ספורט חלב קשיו,גרמים,100.00,100 גרם,false,1,10.90,10.90,true,1,
4000417708007,false,"שוקולד ריטר ספורט מריר שקד, 100 גרם",ריטר ספורט Ritter sport,,ריטר ספורט מריר שקד,גרמים,100.00,100 גרם,false,1,10.90,10.90,true,1,
4000504149027,false,גבינת קממבר דה לוקס 125 גרם,,,גבינת קממבר דה לוקס,גרמים,125.00,100 גרם,false,1,21.90,17.52,true,1,
4000504149324,false,גבינת רוגט גרמני 125 גרם,,DE,גבינת רוגט גרמני 125,גרמים,125.00,100 גרם,false,0,22.90,18.32,true,1,
4000504149423,false,גבינת קמבוזולה 125 גרם,,DE,גבינת קמבוזולה 125 ג,גרמים,125.00,100 גרם,false,1,21.90,17.52,true,1,
4000504213028,false,גבינה דורבלו גרמנית במשקל,,,גבינה דורבלו גרמנית,Unknown,0.00,"ק""ג",true,0,184.00,184.00,true,1,
4000512363729,false,טרולי גלוזר ממתק גלי ממולא 75 גרם,,,טרולי גלוזר ממתק גלי,גרמים,75.00,100 גרם,false,1,14.90,19.87,true,1,
4000522009747,false,"מקלות בייגלה תפו""א צ'יו 80 גרם",טרופיקל דגיל תעשיות,,"מקלות תפו""א מלוחים 8",גרמים,80.00,100 גרם,false,1,5.20,6.50,true,1,
4000522061752,false,בייגלה צ'יו מקלות מלוחים 100 גרם,ר.ב. מוצרי דגנים בעמ,,בייגלה ציו מקלות 100,גרמים,100.00,100 גרם,false,1,5.20,5.20,true,1,
4000539280726,false,שוקולד לינדט אקסלנס מילד 70% 100 גר`,משה סידס ובנו בעמ,DE,שוקולד לינדט אקסלנס,גרמים,100.00,100 גרם,false,1,14.90,14.90,true,1,
4000539280740,false,לינדט אקסלנס 78% מוצקי קקאו 100 גרם,לינדט ושפרונגלי קילשברג,DE,שוקולד לינדט אקסלנס,גרמים,100.00,100 גרם,false,1,14.90,14.90,true,1,
4000539363108,false,שוקולד לינדור סטיקס 38 גרם,משה סידס ובנו בעמ,,שוקולד לינדור סטיקס,גרמים,38.00,100 גרם,false,1,7.30,19.21,true,1,
4000576027933,false,צימרונים לאוזניים גאן קרול 200 יח,וו.פלץ,DE,צימרונים לאוזניים גא,יחידה,1.00,יחידה,false,1,7.90,7.90,true,1,
4000576399405,false,פדים רחבים להסרת איפור,ג'ין קרול Jean Carol,,פדים להסרת איפור רחב,Unknown,0.00,Unknown,false,1,10.50,10.50,true,1,
4000576481889,false,צימרוני אוזניים לתינוק 72 יח',ג'ין קרול Jean Carol,,צימרונים לתינוק 72 י,Unknown,0.00,Unknown,false,1,6.90,6.90,true,1,
4000576722654,false,פדים להסרת איפור זוג *70 יח',ג'ין קרול Jean Carol,,פדים להסרת איפור 140,Unknown,0.00,Unknown,false,1,18.80,18.80,true,1,
4000799136894,false,קפה נמס אורגני מ.בהקפה 100 גר מאנט האגן,מאונט האגן,,קפה נמס אורגני מ.בהק,גרמים,100.00,100 גרם,false,1,35.90,35.90,true,1,
4000869032569,false,"הפי מבשם ומטהר אויר ורוד מוצק יעקבי 150 מ""ל","יעקב יעקבי ובניו בע""מ",,מטהר אוויר הפי פרש מ,מיליליטרים,300.00,"100 מ""ל",false,1,7.70,2.57,true,1,
4001242002957,false,"ציו דיפ-רוטב סלסה חריף 200 מ""ל",,DE,ציו דיפ-רוטב סלסה חר,מיליליטרים,200.00,"100 מ""ל",false,1,15.90,7.95,true,1,
4001242003015,false,"ציו דיפ-מטבל סלסה חריפות בינונית 200 מ""ל",,DE,ציו דיפ-מטבל סלסה חר,מיליליטרים,200.00,"100 מ""ל",false,1,15.90,7.95,true,1,
4001499013676,false,"פרוש ספריי לניקוי חלונות 500 מ""ל",ארדל רקס,,פרוש ספריי לניקוי חל,מיליליטרים,500.00,"100 מ""ל",false,1,22.90,4.58,true,1,
4001499112942,false,פרוש נוזל לניקוי ומסיר שומנים הדרים 500,ארדל רקס,,פרוש נוזל לניקוי ומס,מיליליטרים,500.00,"100 מ""ל",false,1,22.90,4.58,true,1,
4001499116193,false,פרוש מרכך כביסה פרח הכותנה 750 מל,ארדל רקס,,פרוש מרכך כביסה פרח,מיליליטרים,750.00,"100 מ""ל",false,1,20.00,2.67,true,1,
4001499139796,false,פרוש קרם ניקוי לימון 500 מ`ל,,,פרוש קרם ניקוי לימון,מיליליטרים,500.00,"100 מ""ל",false,1,14.30,2.86,true,1,
4001499152061,false,פרוש ספריי לניקוי כללי מכיל סודה 500 מל,ארדל רקס,,פרוש ספריי לניקוי כל,מיליליטרים,500.00,"100 מ""ל",false,1,22.90,4.58,true,1,
4001499180057,false,פרוש ספריי לימון לניקוי אמבטיות 500 מל,ארדל רקס,,פרוש ספריי לימון לני,מיליליטרים,500.00,"100 מ""ל",false,1,22.90,4.58,true,1,
4001499185267,false,פרוש נוזל ניקוי אסלות על בסיס לבנדר 750,ארדל רקס,,פרוש נוזל ניקוי אסלו,מיליליטרים,750.00,"100 מ""ל",false,1,19.50,2.60,true,1,
4001499909122,false,"פרוש נוזל מסיר אבנית 300 מ""ל",,,פרוש נוזל מסיר אבנית,מיליליטרים,300.00,"100 מ""ל",false,1,14.30,4.77,true,1,
4001499915215,false,פרוש מרכך כביסה לתינוקות 750 מל,ארדל רקס,AT,מרכך כביסה פרוש לתינ,מיליליטרים,750.00,"100 מ""ל",false,1,19.50,2.60,true,1,
4001499923531,false,פרוש נוזל כביסה לתינוקות 1.5 ל,,DE,נוזל כביסה פרוש לתינ,ליטרים,0.00,ליטר,false,1,44.90,44.90,true,1,
4001499923760,false,פרוש נ.מסיר כתמים אקולוגי לפני כביסה 500,ארדל רקס,,פרוש נ.מסיר כתמים אק,מיליליטרים,500.00,"100 מ""ל",false,1,31.40,6.28,true,1,
4001499944505,false,"נוזל כלים פרוש פטל 500 מ""ל",ארדל רקס,,נוזל כלים פרוש פטל 5,מיליליטרים,500.00,"100 מ""ל",false,1,19.40,3.88,true,1,
4001499957598,false,מטהר אסלות פרוש בניחוח פטל,ארדל רקס,,מטהר אסלות פרוש בניח,Unknown,0.00,Unknown,false,1,18.90,18.90,true,1,
4001499957628,false,מטהר אסלות פרוש בניחוח לימון,ארדל רקס,,מטהר אסלות פרוש בניח,Unknown,0.00,Unknown,false,1,18.90,18.90,true,1,
4001499957659,false,מטהר אסלות פרוש בניחוח תה לבן,ארדל רקס,,מטהר אסלות פרוש בניח,Unknown,0.00,Unknown,false,1,18.90,18.90,true,1,
4001507161948,false,קווקר פתיתי שיבולת שועל דקה 500 גר,פורטין מולנברקה ג'ב,,קווקר פתיתי שיבולת ש,גרמים,500.00,100 גרם,false,1,6.20,1.24,true,1,
4001507161955,false,קווקר פתיתי שיבולת שועל עבה 500 גר,פורטין מולנברקה ג'ב,,קווקר פתיתי שיבולת ש,גרמים,500.00,100 גרם,false,1,6.20,1.24,true,1,
4001518003800,false,טורינוס מקלות פריכים עם פלפל ומלח 125 גרם,ר.ב. מוצרי דגנים בעמ,,מקלות פריכים מלח ופל,גרמים,125.00,100 גרם,false,1,17.70,14.16,true,1,
4001518003817,false,מקלות פריכים עם גבינת גאודה 125 ג' טורינוס,גריסון,DE,חטיף חיטה אפוי בתוספ,גרמים,125.00,100 גרם,false,1,17.70,14.16,true,1,
4001518106112,false,טורינוס מקלות פריכים עם רוזמרין 125 גרם,ר.ב. מוצרי דגנים בעמ,,מקלות פריכים רוזמרין,גרמים,125.00,100 גרם,false,1,17.70,14.16,true,1,
4001518113639,false,פרינזן רולה-עוגיות במילוי קרם נוגט 172ג,,,פרינזן רולה-עוגיות ב,מיליליטרים,172.00,"100 מ""ל",false,1,16.90,9.83,true,1,
4001638081863,false,"וולדה משחת שיניים לילדים, 50 מ""ל",S.L.A (DR.SAMUELOV,,משחת שיניים לילדים 5,מיליליטרים,50.00,"100 מ""ל",false,1,35.90,71.80,true,1,
4001638088138,false,"וולדה קרם קלנדולה לאזור החיתול, 75 מ""ל",S.L.A (DR.SAMUELOV,,קרם קלנדולה לאזור הח,מיליליטרים,75.00,"100 מ""ל",false,1,49.90,66.53,true,1,
4001638088381,false,שפתון להגנת השפתיים ולהפגת היובש,S.L.A (DR.SAMUELOV,,וולדה שפתון Everon,Unknown,0.00,Unknown,false,1,35.90,35.90,true,1,
4001638501491,false,"וולדה סקין פוד לייט, 75 מ""ל",S.L.A (DR.SAMUELOV,,"סקין פוד לייט 75 מ""ל",מיליליטרים,75.00,"100 מ""ל",false,1,62.90,83.87,true,1,
4001686301524,false,הריבו גולדבירס מיני דובוני גומי 250 גרם,,DE,הריבו גולדבירס מיני,גרמים,250.00,100 גרם,false,1,16.70,6.68,true,1,
4001751073677,false,רוטב חזרת עם סלק 200 גר,סקנדיה,,רוטב חזרת עם סלק 200,גרמים,200.00,100 גרם,false,1,10.40,5.20,true,1,
4002103248323,false,"ארדינגר פיקנטוס 7.3% כהה 500 מ""ל",ארדינגר,,ארדינגר פיקנטוס 7.3%,מיליליטרים,500.00,"100 מ""ל",false,1,13.90,2.78,true,1,
4002103250487,false,"בירה ארדינגר בהירה 500 מ""ל בקבוק",מבשלת ארדינגר ארדינג,,בירה ארדינגר בהירה 5,מיליליטרים,500.00,"100 מ""ל",false,1,11.90,2.38,true,1,
4002103289449,false,בירה ארדינגר ללא אלכוהול 330 מל,ארדינגר,,בירה ארדינגר 0% אלכו,מיליליטרים,330.00,"100 מ""ל",false,1,6.50,1.97,true,1,
4002103311515,false,"בירה ארדינגר כהה 500 מ""ל בקבוק",,,בירה ארדינגר כהה 50,מיליליטרים,500.00,"100 מ""ל",false,1,10.90,2.18,true,1,
4002293300306,false,ס.ירקות שח משונן עגול 10,,,ס.ירקות שח משונן עגו,קילוגרמים,0.00,"ק""ג",false,1,35.90,35.90,true,1,
4002293300368,false,סכין משונן לבן 10 עגול,,,סכין משונן לבן 10 עג,קילוגרמים,0.00,"ק""ג",false,1,35.90,35.90,true,1,
4002293303321,false,סכין טורנה ירוקה,,,סכין טורנה ירוקה,קילוגרמים,0.00,"ק""ג",false,1,32.90,32.90,true,1,
4002293304304,false,ס.ירקות 8 שחורה,,,ס.ירקות 8 שחורה,קילוגרמים,0.00,"ק""ג",false,1,32.90,32.90,true,1,
4002309009100,false,ממרח שוקולד 350 גר KIDDY DUO,,LT,ממרח שוקולד 350 גר K,גרמים,350.00,100 גרם,false,1,15.90,4.54,true,1,
4002448017684,false,"סיליט באנג ספריי ניקוי כללי מסיר אבנית 750 מ""ל",רקיט בנקיזר (ניר איסט) בעמ,,סיליט באנג ספריי מסי,מיליליטרים,750.00,"100 מ""ל",false,1,14.50,1.93,true,1,
4002448019480,false,"סיליט באנג מסיר שומנים רב שימושי 750 מ""ל",רקיט בנקיזר (ניר איסט) בעמ,,סיליט באנג מסיר שומנ,מיליליטרים,750.00,"100 מ""ל",false,1,14.50,1.93,true,1,
4002575520651,false,זנטיס-מרציפן נוגט אגוזים מצופה שוקולד 100 גרם,,,זנטיס מרציפן נוגט אג,גרמים,100.00,100 גרם,false,1,9.90,9.90,true,1,
4002603087767,false,אייסקונפקט סילנדר 800ג',,,אייסקונפקט 800 גר,גרמים,800.00,100 גרם,false,1,41.90,5.24,true,1,
4002631025069,false,"בירה קוניגסבכר 4.6% 500 מ""ל פחית",קרלסברג יבוא יצוא,,בירה קוניגסבכר 4.6%,מיליליטרים,500.00,"100 מ""ל",false,1,5.90,1.18,true,1,
4002631025830,false,"בירה קוניגסבאכר חיטה 5.1% 500 מ""ל פחית",קרלסברג יבוא יצוא,,בירה קוניגסבאכר חיטה,מיליליטרים,500.00,"100 מ""ל",false,1,6.90,1.38,true,1,
4002720004371,false,קפה אספרסו קלוי וטחון 250 גרם BELLA CREMA,דנשר (1963) בעמ,,קפה אספרסו 250 גרם B,גרמים,250.00,100 גרם,false,1,27.90,11.16,true,1,
4002899563105,false,'קונטיננטל דובשניות מצופות שוקולד מריר500ג,,NL,קונטיננטל דובשניות מ,גרמים,500.00,100 גרם,false,1,21.90,4.38,true,1,
4002899701118,false,קונטיננטל דובשניות מצופות שוקול חלב 500ג,,NL,קונטיננטל דובשניות מ,גרמים,500.00,100 גרם,false,1,21.90,4.38,true,1,
4003301051364,false,יין ריזלינג מייבאך חצי מתוק 750 מל,,,יין ריזלינג מייבאך ח,Unknown,0.00,Unknown,false,1,56.90,56.90,true,1,
4003301058486,false,"יין מייבאך סוביניון בלא לבן 750 מ""ל",,,יין מייבאך סוביניון,Unknown,0.00,Unknown,false,1,56.90,56.90,true,1,
4003301081835,false,"יין לבן יבש מייבאך שרדונה 750 מ""ל",,,יין לבן יבש מייבאך ש,Unknown,0.00,Unknown,false,1,56.90,56.90,true,1,
4003301085673,false,יין רוזה מתוק מייבאך פורטוגיזר 750 מ,,,יין רוזה מתוק מייבאך,Unknown,0.00,Unknown,false,1,56.90,56.90,true,1,
4003586006660,false,פאני פריש-חטיף בייגלה שמנת חמוצה 120 ג,Intersnack Deutschland SE,DE,פאני פריש-חטיף בייגל,גרמים,120.00,100 גרם,false,1,12.90,10.75,true,1,
4003754021662,false,בונ עיגולי מרציפן עם שזיף ביין מדירה בש,,DE,בונ עיגולי מרציפן עם,גרמים,210.00,100 גרם,false,1,26.90,12.81,true,1,
4003754021679,false,בונ עיגולי מרציפן עם מחית דובדבן בשוקול,Erasmi & Carstens Gm,DE,בונ עיגולי מרציפן עם,גרמים,210.00,100 גרם,false,1,26.90,12.81,true,1,
4003754021693,false,בונ עיגולי מרציפן עם מחית תפוזים בשוקול,Erasmi & Carstens Gm,DE,בונ עיגולי מרציפן עם,גרמים,210.00,100 גרם,false,1,26.90,12.81,true,1,
4003754081000,false,מרציפן חטיף 100 גר CARSTENS ERASMI,Erasmi & Carstens Gm,DE,מרציפן חטיף 100 גר C,גרמים,100.00,100 גרם,false,1,8.50,8.50,true,1,
4004666042004,false,"מלרוד מרסס משמיד עובש יעקבי 500 מ""ל","יעקב יעקבי ובניו בע""מ",,מלרוד מרסס לעובש,Unknown,0.00,Unknown,false,1,31.50,31.50,true,1,
4004666107819,false,"מלרוד - מרסס לניקוי וטיהור המזגן 500 מ""ל",יעקב יעקבי ובניו בעמ,DE,מרסס מלרוד לניקוי וט,מיליליטרים,500.00,"100 מ""ל",false,1,24.90,4.98,true,1,
4004666111656,false,"ג'ל פעיל להשמדת עובש 250 מ""ל מרלוד",יעקב יעקבי ובניו בעמ,,מלרוד גל פעיל להשמדת,יחידה,1.00,יחידה,false,1,31.50,31.50,true,1,
4005563194025,false,"ליקר פידג תאנים 700 מ""ל",,,ליקר פידג תאנים 700,מיליליטרים,700.00,"100 מ""ל",false,1,62.90,8.99,true,1,
4005808166190,false,"קרם רב שימושי ניוואה 150 מ""ל",,DE,קרם רב שימושי ניוואה,מיליליטרים,150.00,"100 מ""ל",false,1,15.30,10.20,true,1,
4005808170005,false,ניוואה קצף גילוח 200 מל,ניוואה Nivea,,ניוואה קצף גילוח 200,מיליליטרים,200.00,"100 מ""ל",false,1,21.50,10.75,true,1,
4005808293469,false,"ניוואה - דאודורנט ספריי לגבר יבש 150 מ""ל",אלפא- ב.ד.ף בעמ,,דאודורנט ספריי לגבר,גרמים,150.00,100 גרם,false,1,23.50,15.67,true,1,
4005808366392,false,שפתון ליובש כחול קלאסי לבלו 48 גרם,טרופיקל דגיל תעשיות,,שפתון לבלו כחול,Unknown,0.00,Unknown,false,1,15.60,15.60,true,1,
4005808368280,false,שפתון ליובש דובדבן לבלו 48 גרם,טרופיקל דגיל תעשיות,,שפתון לבלו דובדבן,Unknown,0.00,Unknown,false,1,15.60,15.60,true,1,
4005808502004,false,לבלו שפתון סופט ורוד בליסטר 5.5מל,אלפא- ב.ד.ף בעמ,,שפתון לבלו ורוד 7.7,Unknown,0.00,Unknown,false,1,15.60,15.60,true,1,
4005808588640,false,"ניוואה קרם גילוח לעור רגיש 100 מ""ל",אלפא ב.ד.ף בעמ,,ניוואה קרם גילוח לעו,מיליליטרים,100.00,"100 מ""ל",false,1,17.90,17.90,true,1,
4005808668847,false,ניוואה קרם ניקוי לפנים לעור יבש/עדין 150,אלפא- ב.ד.ף בעמ,DE,קרם ניקוי עדין לפנים,מיליליטרים,150.00,"100 מ""ל",false,1,16.90,11.27,true,1,
4005808670314,false,"קרם לחות לפנים לעור רגיל - מעורב ניוואה 50 מ""ל",אלפא- ב.ד.ף בעמ,,קרם לחות לעור רגיל נ,מיליליטרים,50.00,"100 מ""ל",false,1,41.90,83.80,true,1,
4005808698103,false,ניוואה תחליב גוף סמוד לעור יבש 500 מל,בטר אנד דיפרנט,DE,קרם גוף ניוואה סמוד,מיליליטרים,500.00,"100 מ""ל",false,1,25.90,5.18,true,1,
4005808813063,false,אפטר שייב לעור רגיש 100 מל ניוואה,בטר אנד דיפרנט,,אפטר שייב קרם לעור ר,מיליליטרים,100.00,"100 מ""ל",false,1,59.60,59.60,true,1,
4005808817405,false,"ג'ל גילוח לעור רגיש ניוואה 200 מ""ל",פרוטרופיק סיה.,,ניוואה גל גילוח לעור,מיליליטרים,200.00,"100 מ""ל",false,1,29.50,14.75,true,1,
4005808817603,false,ג'ל גילוח עם אלוורה Protect & Care,ביירסדורץ,,ניוואה גל גילוח לעדי,מיליליטרים,200.00,"100 מ""ל",false,1,29.50,14.75,true,1,
4005808828838,false,"ניוואה - דאודורנט ספריי לגבר קול קיק 150 מ""ל",אלפא ב.ד.ף בעמ,,אקווה קול דאו ספריי,גרמים,150.00,100 גרם,false,1,23.50,15.67,true,1,
4005808850723,false,שפתון ליובש תות שדה לבלו,טרופיקל דגיל תעשיות,,שפתון לבלו תות 7.7 ג,Unknown,0.00,Unknown,false,1,15.60,15.60,true,1,
4005808850907,false,שפתון ליובש הידרו קייר בליסטר,אלפא- ב.ד.ף בעמ,DE,לבלו הידרוקר,Unknown,0.00,Unknown,false,1,15.60,15.60,true,1,
4005808890507,false,ניוואה קרם סופט רב שימושי 200 מל יבוא,פארמה דיל (פ.א.ב.) שיווק והפצה,,קרם ניוואה סופט צנצנ,גרמים,250.00,100 גרם,false,1,29.90,11.96,true,1,
4005900036445,false,"ניוואה - דאודורנט רול און לאישה בלק&וויט פיור 50 מ""ל",אלפא ב.ד.ף בעמ,,דאודורנט רול און ניו,מיליליטרים,50.00,"100 מ""ל",false,1,23.50,47.00,true,1,
4005900036506,false,"ניוואה - דאודורנט רול און לגבר שקוף בלק 50 מ""ל",טרופיקל דגיל תעשיות,,דאודורנט רול און לגב,גרמים,160.00,100 גרם,false,1,23.50,14.69,true,1,
4005900036568,false,ניוואה דאודורנט רולאון ספריי לאישה בלק אנד וויט 150 מ''ל,אלפא- ב.ד.ף בעמ,,דאודורנט ספריי לאשה,גרמים,130.00,100 גרם,false,1,23.50,18.08,true,1,
4005900037909,false,"ניוואה - דאודורנט ספריי לאישה אינויזיבל פיור 150 מ""ל",אלפא ב.ד.ף בעמ,,דאודורנט ספריי ניווא,מיליליטרים,150.00,"100 מ""ל",false,1,23.50,15.67,true,1,
4005900111449,false,"ניוואה קרם רב שימושי לגבר 150 מ""ל",HELLAS BEIERSDORF,DE,קרם ניוואה רב שימושי,מיליליטרים,150.00,"100 מ""ל",false,1,19.50,13.00,true,1,
4005900274304,false,"ניוואה - דאודורנט ספריי לגבר פרש אושן 150 מ""ל",פרוטרופיק סיה.,,דאו ספריי לגבר OCEN,מיליליטרים,150.00,"100 מ""ל",false,1,23.50,15.67,true,1,
4005900485243,false,"ניוואה - דאודורנט רול און לגבר דריי פרש 50 מ""ל",אלפא- ב.ד.ף בעמ,DE,דאו ניוואה רול און ל,מיליליטרים,50.00,"100 מ""ל",false,1,23.50,47.00,true,1,
4005900513045,false,"ניוואה - דאודורנט ספריי לגבר דיפ 150 מ""ל",אלפא- ב.ד.ף בעמ,DE,דאו ספריי נייוואה מן,מיליליטרים,150.00,"100 מ""ל",false,1,23.50,15.67,true,1,
4005900525017,false,"קרם פנים ליום ניוואה אנטי אייג 50 מ""ל",,DE,קרם פנים ליום ניוואה,מיליליטרים,50.00,"100 מ""ל",false,1,44.90,89.80,true,1,
4005900555915,false,"ניוואה - תחליב רחצה קוקוס וחוחובה 750 מ""ל",אלפא- ב.ד.ף בעמ,DE,תחליב רחצה ניוואה קו,מיליליטרים,750.00,"100 מ""ל",false,1,17.90,2.39,true,1,
4005900633149,false,"ניוואה - דאודורנט ספריי לגבר דיפ אמזונס 150 מ""ל",ביירסדורף,DE,דאו ניוואה ספריי לגב,מיליליטרים,150.00,"100 מ""ל",false,1,23.50,15.67,true,1,
4005900648181,false,"ניוואה - תחליב רחצה אלוורה 750 מ""ל",אלפא- ב.ד.ף בעמ,,תחליב רחצה ניוואה אל,מיליליטרים,750.00,"100 מ""ל",false,1,17.90,2.39,true,1,
4005900683878,false,שפתון ליובש לבלו סקראב אלוה ורה בליסטר,אלפא- ב.ד.ף בעמ,DE,שפתון לבלו סקראב אלו,Unknown,0.00,Unknown,false,1,16.70,16.70,true,1,
4005900683908,false,לבלו סקראב שפתון פילינג רוז היפ בליסטר,אלפא- ב.ד.ף בעמ,DE,שפתון לבלו סקראב רוז,Unknown,0.00,Unknown,false,1,16.70,16.70,true,1,
4005900816016,false,"ניוואה - דאודורנט ספריי לאישה פרש טבעי לאישה 150 מ""ל",טרופיקל דגיל תעשיות,,דאודורנט ספריי לאישה,גרמים,150.00,100 גרם,false,1,23.50,15.67,true,1,
4005900816115,false,"ניוואה - דאודורנט רול און לאישה יבש 50 מ""ל",אלפא- ב.ד.ף בעמ,,דאודורנט רול און,Unknown,0.00,Unknown,false,1,23.50,23.50,true,1,
4005900833723,false,"ג'ל רחצה לגבר פאוור רפרש ניוואה 500 מ""ל",אלפא- ב.ד.ף בעמ,,גל רחצה לגבר Power R,מיליליטרים,500.00,"100 מ""ל",false,1,17.90,3.58,true,1,
4005900841148,false,"ניוואה מן ג'ל גילוח קול קיק פרש 200 מ""ל",אלפא ב.ד.ף בעמ,DE,ניוואה גל גילוח קול,מיליליטרים,200.00,"100 מ""ל",false,1,29.50,14.75,true,1,
4005900864000,false,"ניוואה היידרה סקין אפקט מים מיסלריים להסרת איפור וניקוי הפנים עם חומצה היאלורונית 400 מ""ל",אלפא ב.ד.ף בעמ,DE,ניוואה היידרה סקין א,יחידה,1.00,יחידה,false,1,32.90,32.90,true,1,
4005900874931,false,"דאודורנט ספריי דיפ ביט לגבר 150 מ""ל ניוויה",אלפא ב.ד.ף בעמ,DE,דאו ניוואה ספריי לגב,מיליליטרים,150.00,"100 מ""ל",false,1,23.50,15.67,true,1,
4005900874962,false,"ניוואה - דאודורנט רול און לגבר דיפ בלק 50 מ""ל",אלפא- ב.ד.ף בעמ,,ניוואה דאודורנט רול,Unknown,0.00,Unknown,false,1,23.50,23.50,true,1,
4006298004009,false,"בירה טוכר הלס הפוויצן 500 מ""ל",מבשלת טוכר,,בירה טוכר הלס הפוויצ,מיליליטרים,500.00,"100 מ""ל",false,1,14.90,2.98,true,1,
4006298004108,false,"בירה טוכר דונקל הפוויצן 500 מ""ל",מבשלת טוכר,,בירה טוכר דונקל הפוו,מיליליטרים,500.00,"100 מ""ל",false,1,14.90,2.98,true,1,
4006298014206,false,"בירה טוכר הלס הפוויצן פחית 500 מ""ל",מבשלת טוכר,DE,בירה טוכר הלס הפוויצ,מיליליטרים,500.00,"100 מ""ל",false,1,11.50,2.30,true,1,
4006298207912,false,סבאלדוס הלס הפוויצן,מבשלת טוכר,,"בירה סבאלדוס 500 מ""ל",מיליליטרים,500.00,"100 מ""ל",false,1,13.90,2.78,true,1,
4006387085407,false,שלישיית פילטר מקסטרא סודהסטרים,סודה סטרים ישראל בעמ,,פילטר מקסטרה+ שלישיי,Unknown,0.00,Unknown,false,1,139.00,139.00,true,1,
4006387098667,false,קנקן בריטה סטייל סטרטרפק,סודה קלאב,,קנקן בריטה style סט,Unknown,0.00,Unknown,false,1,236.70,236.70,true,1,
4006501415226,false,מוט טלסקופי אוניברסאלי עד 1.9 מטר,,CN,מוט טלסקופי אוניברסא,Unknown,0.00,Unknown,false,1,89.90,89.90,true,1,
4006501455550,false,סט חלונות ואבק 3 חלקים CLILCK SYSTEM,,,סט חלונות ואבק 3 חלק,Unknown,0.00,Unknown,false,1,145.00,145.00,true,1,
4006501510020,false,סט מנקה חלונות נטען,,CZ,סט מנקה חלונות נטען,Unknown,0.00,Unknown,false,1,419.90,419.90,true,1,
4006501511638,false,אביזר לנקיון חלונות,,CZ,אביזר לנקיון חלונות,Unknown,0.00,Unknown,false,1,45.90,45.90,true,1,
4006501513205,false,מגב חלונות רחב 3 ב 1 בשיטת clik,,CZ,מגב חלונות רחב 3 ב 1,Unknown,0.00,Unknown,false,1,69.90,69.90,true,1,
4006501514257,false,מגב M ידני 28 סמ cli,,CZ,מגב M ידני 28 סמ cli,Unknown,0.00,Unknown,false,1,39.90,39.90,true,1,
4006501515223,false,מגב XL ידני 40 סמ cl,,CZ,מגב XL ידני 40 סמ cl,Unknown,0.00,Unknown,false,1,44.90,44.90,true,1,
4006501520005,false,דלי קומבי אוניברסאלי מתאים גם לדגם 57000,,CZ,דלי קומבי אוניברסאלי,Unknown,0.00,Unknown,false,1,45.90,45.90,true,1,
4006501520012,false,דלי מחולק Combi Box,,CZ,דלי מחולק Combi Box,Unknown,0.00,Unknown,false,1,59.90,59.90,true,1,
4006501521118,false,אירגונית תלית אביזרי,,,אירגונית תלית אביזרי,Unknown,0.00,Unknown,false,1,69.90,69.90,true,1,
4006501564153,false,מטאטא ומגב גומי טלסקופי,,,מטאטא 35 סמ סיליקון,Unknown,0.00,Unknown,false,1,89.90,89.90,true,1,
4006501564221,false,ראש מגב XL קליק סיסט,,,ראש מגב XL קליק סיסט,Unknown,0.00,Unknown,false,1,54.90,54.90,true,1,
4006501566713,false,ראש מטאטא גומי בשיטת CLICK,,CN,ראש מטאטא גומי בשיטת,Unknown,0.00,Unknown,false,1,59.90,59.90,true,1,
4006501567925,false,ערכת נקיון Mop Class,,,ערכת נקיון Mop Class,Unknown,0.00,Unknown,false,1,129.90,129.90,true,1,
4006501816238,false,מתקן לייבוש כביסה 20מטר,,BG,מתקן יבוש כביסה CLAS,Unknown,0.00,Unknown,false,1,199.90,199.90,true,1,
4006591300006,false,עוגת תפוחים 1.25 קילו,,DE,עוגת תפוחים 1.25 קיל,מיליליטרים,1250.00,"100 מ""ל",false,1,83.50,6.68,true,1,
4006591330003,false,עוגת שזיפים 1.25 קילו,,DE,עוגת שזיפים 1.25 קיל,מיליליטרים,1250.00,"100 מ""ל",false,1,83.50,6.68,true,1,
4006591350001,false,עוגת גבינה שמנת מנדרינות 1.050 קילו,,DE,עוגת גבינה שמנת מנדר,גרמים,1050.00,100 גרם,false,1,83.50,7.95,true,1,
4006814011108,false,שוקולד סנטה קלאוס בו,WAWI-EURO,,סנטה בודד 150 גר WAW,גרמים,150.00,100 גרם,false,1,9.90,6.60,true,1,
4007519050713,false,שקיות אשפה עם שרוך חזקות במיוחד 35 ליטר,פאלי Pely,,פלי שקיות אשפה 35 לי,Unknown,0.00,Unknown,false,1,13.50,13.50,true,1,
4007519050720,false,שקיות אשפה עם שרוך חזקות במיוחד 60 ליטר,פאלי Pely,DE,שקיות אשפה פלי עם שר,Unknown,0.00,Unknown,false,1,13.50,13.50,true,1,
4007519050744,false,שקיות אשפה עם שרוך חזקות במיוחד 120 ליטר,פאלי Pely,,פלי שקיות אשפה 120,Unknown,0.00,Unknown,false,1,13.50,13.50,true,1,
4007519086224,false,פלי שקיות אשפה ריחניות 20 ליטר 22 יח,וו.פלץ,DE,פלי שקיות אשפה ריחני,ליטרים,0.02,ליטר,false,1,13.50,675.00,true,1,
4007519086248,false,פלי 20 שקיות אשפה ריחניות 35 ל,וו.פלץ,,פלי 20 שקיות אשפה רי,Unknown,0.00,Unknown,false,1,12.90,12.90,true,1,
4007745058804,false,נטורפוד מיונז אורגני 340 גרם,אף.סי תבליני בגליל ב,,מיונז אורגני 350 גרם,גרמים,350.00,100 גרם,false,1,24.90,7.11,true,1,
4007745058811,false,חרדל צרפתי חלק אורגני 200 גרם,נטורפוד בעמ,,חרדל צרפתי חלק אורגנ,גרמים,200.00,100 גרם,false,1,15.50,7.75,true,1,
4007745058828,false,חרדל צרפתי גרגרים אורגני 200 גרם,נטורפוד בעמ,,חרדל צרפתי גרגרים או,גרמים,200.00,100 גרם,false,1,15.50,7.75,true,1,
4007993031192,false,"גלידה מילקה וניל שוקולד 480 מ""ל",,GB,גלידה מילקה וניל שוק,מיליליטרים,480.00,"100 מ""ל",false,1,35.90,7.48,true,1,
4007993032533,false,מאגדת גלידה טובלרון 4 יח 400 גר,,,מאגדת גלידה טובלרון,גרמים,400.00,100 גרם,false,1,36.50,9.13,true,1,
4008102002867,false,גרגירים להכנת תה לימון מילפורד 400 גרם,ליימן מותגים,,תה לימון 400 גרם,גרמים,400.00,100 גרם,false,1,18.70,4.68,true,1,
4008287051032,false,בירה קרומבאכר פילס 0.50 ליטר פחית,מנדלז סי.אר. פרודקשן,DE,בירה קרומבאכר פילס,מיליליטרים,500.00,"100 מ""ל",false,1,10.50,2.10,true,1,
4008287058161,false,בירה קרומבאכר פילס 4.8% שישיה 6 * 330 מל,אגודת הכורמים -כרמל מזרחי,DE,שישיית בירה קרומבאכ,מיליליטרים,1980.00,"100 מ""ל",false,1,34.90,1.76,true,1,
4008287762020,false,בירה קרומבאכר חיטה 0.50 ליטר בקבוק,אגודת הכורמים -כרמל מזרחי,DE,בירה קרומבאכר חיטה 5,מיליליטרים,500.00,"100 מ""ל",false,1,10.50,2.10,true,1,
4008287905786,false,בירה קרומבאכר חיטה 5.3% פחית 500 מל,אגודת הכורמים -כרמל מזרחי,DE,בירה קרומבאכר חיטה,מיליליטרים,500.00,"100 מ""ל",false,1,10.50,2.10,true,1,
4008400101521,false,פררו-מון שרי פרליני דובדבן ליקר 105 גר,,,פררו-מון שרי פרליני,מיליליטרים,262.00,"100 מ""ל",false,1,24.90,9.50,true,1,
4008400102528,false,פררו-מון שרי פרליני דובדבן ליקר 157 גר,פררו,DE,פררו-מון שרי פרליני,גרמים,157.00,100 גרם,false,1,39.90,25.41,true,1,
4008400103426,false,פררו-מון שרי כוכב קטן 42 גרם,FERERRO GERMNY,,פררו-מון שרי כוכב קט,גרמים,42.00,100 גרם,false,1,22.90,54.52,true,1,
4008400121321,false,פררו גיוטו בשקית 116 גרם,,,פררו גיוטו בשקית 116,גרמים,116.00,100 גרם,false,1,27.90,24.05,true,1,
4008400351926,false,פררו חנותה מיני 200 גרם,פררו,DE,פררו חנותה מיני 200,גרמים,200.00,100 גרם,false,1,25.90,12.95,true,1,
4008400511221,false,קינדר- שוקולד חלב בצורת סנטה קלאוס 75 גר,,IT,קינדר- שוקולד חלב בצ,גרמים,75.00,100 גרם,false,1,20.90,27.87,true,1,
4008400511825,false,שוקולד קינדר בצורת סנטה קלאוס 110 גרם,פררו,IT,שוקולד קינדר בצורת ס,גרמים,110.00,100 גרם,false,1,22.90,20.82,true,1,
4008500006337,false,"אוטן פמילי קייר סטיק 50מ""ל",אס.סי.ג'ונסון מידרכט,,אוטן אקטיב סטיק 50 מ,מיליליטרים,50.00,"100 מ""ל",false,1,19.40,38.80,true,1,
4008501564214,false,ראש מגב 45 סמ XL כולל מוט טלסקופי 80-13,,,ראש מגב רצפה כולל מו,Unknown,0.00,Unknown,false,1,79.90,79.90,true,1,
4009211007378,false,ראקסים -אבקת קקאו פיליפ-טופ 20% שומן 120 גרם,,DE,ראקסים אבקת קקאו פלי,גרמים,125.00,100 גרם,false,1,11.90,9.52,true,1,
4009300522935,false,תה ירוק לימונית ולואיזה פומפדור 20 יחידות,"איטיליאן פוד, אס.פי.",,פומפדור תה ירוק עם ל,Unknown,0.00,Unknown,false,1,22.90,22.90,true,1,
4009300524588,false,חליטת צמחים פומפדור פירות יער 20 יחידות,ש. שסטוביץ בע`מ,,תה חליטת פומפדור פיר,Unknown,0.00,Unknown,false,1,18.80,18.80,true,1,
4009300524625,false,תה צ'אי מסאלה פומפדור 20 יחידות,ש.שסטוביץ בעמ,,תה צאי מסאלה 20 יח,Unknown,0.00,Unknown,false,1,16.70,16.70,true,1,
4009300525011,false,פומפידור תה ירוק עם תפוז וג'ינגר 25 שקיקים,"איטיליאן פוד, אס.פי.",,תה פומפדור ירוק עם ת,Unknown,0.00,Unknown,false,1,22.90,22.90,true,1,
4009300526438,false,תה ירוק פומפדור קלאסי 20 יחידות,"איטיליאן פוד, אס.פי.",,פומפדור תה ירוק קלאס,Unknown,0.00,Unknown,false,1,22.90,22.90,true,1,
4009300528821,false,תה ירוק פומפדור ג'ינגר וקינמון 20 יחידות,ש.שסטוביץ בעמ,,פומפדור תה ירוק גינ,מיליליטרים,30.00,"100 מ""ל",false,1,22.90,76.33,true,1,
4009300528845,false,"פומפדור תה ירוק עם לימונית דבש 30 מ""ל",פומפדור Pompadour,,פומפדור תה ירוק עם,מיליליטרים,30.00,"100 מ""ל",false,1,22.90,76.33,true,1,
4009300529514,false,תה חליטת פומפדור פירות אוכמניות 20 יח,ש.שסטוביץ בעמ,DE,תה חליטת פומפדור פיר,גרמים,50.00,100 גרם,false,1,18.80,37.60,true,1,
4009300529538,false,תה חליטת פומפדור פירות לימון 20 יח,ש.שסטוביץ בעמ,DE,תה חליטת פומפדור פיר,גרמים,45.00,100 גרם,false,1,18.80,41.78,true,1,
4009300529552,false,תה חליטת פומפדור פירות אפרסק 20 יח,ש.שסטוביץ בעמ,DE,תה חליטת פומפדור פיר,גרמים,50.00,100 גרם,false,1,18.80,37.60,true,1,
4009300529576,false,תה חליטת פומפדור פירות רימונים 20 יח,ש.שסטוביץ בעמ,,תה חליטת פומפדור פיר,Unknown,0.00,Unknown,false,1,18.80,18.80,true,1,
4009300530183,false,תה חליטת פומפדור תפוז ספרדי 20 יח,ש.שסטוביץ בעמ,,תה חליטת פומפדור תפו,Unknown,0.00,Unknown,false,1,18.80,18.80,true,1,
4009300530206,false,תה חליטת פומפדור תפוח טורקי 20 יח,ש.שסטוביץ בעמ,,תה חליטת פומפדור תפו,Unknown,0.00,Unknown,false,1,18.80,18.80,true,1,
4009300530275,false,תה חליטת פומפדור מנטה מרוקאית 20 יח,ש.שסטוביץ בעמ,,תה חליטת פומפדור מנט,Unknown,0.00,Unknown,false,1,18.80,18.80,true,1,
4009300595120,false,חליטת צמחים פומפדור ג'ינג'ר מנגו 20 יחידות,ש. שסטוביץ בע`מ,,תה חליטת פומפדור מנג,גרמים,30.00,100 גרם,false,1,18.80,62.67,true,1,
4009309022399,false,כרוב כבוש אורגני 670 גרם,נטורפוד בעמ,,כרוב כבוש אורגני 680,גרמים,680.00,100 גרם,false,1,18.30,2.69,true,1,
4009309114346,false,מלפפונים אורגניים בחומץ ללא סוכר – נטורפוד,נטורפוד,,"מלפפונים ללת""ס אורגנ",גרמים,670.00,100 גרם,false,1,23.90,3.57,true,1,
4009309114407,false,נטורפוד מלפפון כבוש אורגני 670 גרם,נטורפוד בעמ,,מלפפונים אורגניים,גרמים,670.00,100 גרם,false,1,23.90,3.57,true,1,
4009309456453,false,שימורי סלק אדום אורגני נטורפוד 670 גר,נטורפוד בעמ,,שימורי סלק אורגני,גרמים,670.00,100 גרם,false,1,17.50,2.61,true,1,
4009309740422,false,רסק תפוחים אורגני – נטורפוד 700 גרם,נטורפוד בעמ,,רסק תפוחים אורגני –,גרמים,700.00,100 גרם,false,1,17.50,2.50,true,1,
4009309742426,false,רסק תפוח מנגו אורגני 700 גר נטורפוד,נטורפוד בעמ,,רסק תפוח מנגו אורגני,גרמים,700.00,100 גרם,false,1,18.90,2.70,true,1,
4009900379564,false,מסטיק הובה בובה Hubba Bubba טייפ בטעם פירות,מרס ריגלי קונפקשונרי,,הובה בובה טייפ פירות,Unknown,0.00,Unknown,false,1,8.30,8.30,true,1,
4009900402965,false,אורביט וויט בטעם פירות בקבוקון 46מלבניות,"מרס ריגלי ישראל בע""מ",,מסטיק אורביט WHITE ב,Unknown,0.00,Unknown,false,1,10.00,10.00,true,1,
4009900403023,false,אורביט וויט בטעם מנטה בקבוקון 46 מלבניות,"מרס ריגלי ישראל בע""מ",,מסטיק אורביט WHITE ב,Unknown,0.00,Unknown,false,1,10.00,10.00,true,1,
4009900420129,false,מסטיק אורביט פרופשנל פפרמינט בקבוקון 64 גר',"מרס ריגלי ישראל בע""מ",PL,מסטיק אורביט פרופשיו,Unknown,0.00,Unknown,false,1,10.00,10.00,true,1,
4009900426039,false,מסטיק מנטה אקליפטוס בקבוקון איירווייבס 64 גרם,"מרס ריגלי ישראל בע""מ",PL,מסטיק איירוויבז מנטה,גרמים,64.00,100 גרם,false,1,10.90,17.03,true,1,
4009900426121,false,מסטיק אורביט איירוויז בקבוקון אוכמניות 64ג',"מרס ריגלי ישראל בע""מ",,מסטיק איירוויבז אוכמ,גרמים,64.00,100 גרם,false,1,10.90,17.03,true,1,
4009900455299,false,"סוכרית ג'לי אדומה 174 גרם ""סקיטלס""","מרס ריגלי ישראל בע""מ",,סקיטלס פירות 174 גרם,גרמים,174.00,100 גרם,false,1,10.40,5.98,true,1,
4009900465304,false,סוכריות סקיטלס פירות חמוצים 174 גרם,"מרס ריגלי ישראל בע""מ",,סקיטלס פירות חמוצים,גרמים,174.00,100 גרם,false,1,10.40,5.98,true,1,
4009900479998,false,אורביט וויט אוכמניות בקבוקון 46 מלבניות,"מרס ריגלי ישראל בע""מ",,"מסטיק אורביט לל""ס או",Unknown,0.00,Unknown,false,1,10.00,10.00,true,1,
4009900482417,false,מסטיק אורביט פירות מנטה בקבוקון באבל מינט 45יח,"מרס ריגלי ישראל בע""מ",,מסטיק אורביט באבל מי,Unknown,0.00,Unknown,false,1,10.00,10.00,true,1,
4009900500166,false,סוכריות פירות אדום סקיטלס בקבוקון 125ג',"מרס ריגלי ישראל בע""מ",,סוכריות סקיטלס פירות,גרמים,125.00,100 גרם,false,1,9.30,7.44,true,1,
4009900521581,false,סוכריות אורביט מינטס מנטה בבקבוקון 77 גר,מרס ריגלי ישראל בעמ,,סוכריות אורביט מינטס,גרמים,77.00,100 גרם,false,1,10.90,14.16,true,1,
4009900531122,false,"מסטיק בטעם מנטה ספירמינט, 64 ג' פרופשיונל אורפיט","מרס ריגלי ישראל בע""מ",PL,מסטיק אורביט פרופשיו,Unknown,0.00,Unknown,false,1,10.00,10.00,true,1,
4009900535519,false,מסטיק אורביט רפרשרס ספירמינט ללא סוכר 15.6גר',"מרס ריגלי ישראל בע""מ",PL,אורביט רפרשרס ספירמי,גרמים,16.00,100 גרם,false,1,3.90,24.38,true,1,
4009900535540,false,מסטיק אורביט רפרשרס פפרמינט ללא סוכר 15.6גר',"מרס ריגלי ישראל בע""מ",PL,אורביט רפרשרס פפרמינ,גרמים,16.00,100 גרם,false,1,3.90,24.38,true,1,
4009900539685,false,"מסטיק פייב באונס בטעם מנטה בקבוקון, 61.8 גרם","מרס ריגלי ישראל בע""מ",,מסטיק פייב באונס מנט,גרמים,62.00,100 גרם,false,1,12.20,19.68,true,1,
4009900539746,false,"מסטיק פייב באונס בטעם אבטיח בקבוקון, 61.8 גרם",מרס ריגלי ישראל בעמ,,מסטיק פייב באונס אבט,גרמים,62.00,100 גרם,false,1,12.20,19.68,true,1,
4010160055709,false,א.ב טננבלוט - טננבלוט 100 מ`ל,אנטון הובנר,,א.ב טננבלוט - טננבלו,Unknown,0.00,Unknown,false,1,49.90,49.90,true,1,
4010160398189,false,סוכריות בטעם ג'ינג'ר69גר,מורז,,סוכריות ג`נגיר,Unknown,0.00,Unknown,false,1,17.90,17.90,true,1,
4010442408957,false,פארמרס משמשים אורגניים מיובשים 200 גרם,,DE,פארמרס משמשים אורגני,גרמים,200.00,100 גרם,false,1,24.90,12.45,true,1,
4010442411056,false,פארמרס-פרוסות בננה אורגניות מיובשות 150ג,פארמרס סנאק ג'י.אמ.ב,DE,פארמרס-פרוסות בננה א,גרמים,100.00,100 גרם,false,1,24.90,24.90,true,1,
4010492052629,false,אתנה סטיק רך לחתול עם עופות וכבד 10יח,שחורי אריה ואנסטסיה,,אתנה סטיק רך לחתול ע,גרמים,50.00,100 גרם,false,1,18.90,37.80,true,1,
4010492961723,false,אתנה סטיק סלמון ופורל לחתול,שחורי אריה ואנסטסיה,,אתנה סטיק סלמון,Unknown,0.00,Unknown,false,1,18.90,18.90,true,1,
4011800290030,false,חטיף חלבון עם שוקולד חלב ללא תוספת סוכר,משה סידס ובנו בעמ,CZ,חטיף חלבון קורני שוק,גרמים,50.00,100 גרם,false,1,8.50,17.00,true,1,
4011800290054,false,חטיף חלבון עם קוקוס ושוקולד חלב ללא תוספת סוכר,משה סידס ובנו בעמ,CZ,חטיף חלבון קורני קוק,גרמים,50.00,100 גרם,false,1,8.50,17.00,true,1,
4011800290078,false,חטיף חלבון עוגיות ללא תוספת סוכר,מ.סידס ובנו בעמ,CZ,חטיף חלבון קורני עוג,גרמים,50.00,100 גרם,false,1,8.50,17.00,true,1,
4011800290092,false,חטיף חלבון וניל ללא תוספת סוכר,מ.סידס ובנו בעמ,CZ,חטיף חלבון קורני וני,גרמים,50.00,100 גרם,false,1,8.50,17.00,true,1,
4011800528416,false,קורני חטיף דגנים עם בוטנים מתוק-מלוח*6,משה סידס ובנו בעמ,DE,קורני בייס סויט & סו,גרמים,150.00,100 גרם,false,1,11.90,7.93,true,1,
4011800567613,false,מאגדת קורני מילק דרק & ואיט 120 גרם,מיוצר עי קונדיטוריית,DE,קורני מילק דארק וואי,גרמים,120.00,100 גרם,false,1,13.50,11.25,true,1,
4011800577810,false,מארז חטיפי קורני פרי נוגט 120 גרם,משה סידס ובנו בעמ,,קורני פרי (6) נוגט 1,גרמים,120.00,100 גרם,false,1,11.90,9.92,true,1,
4011800617615,false,1X24X50G קורני ביג שוקולד,משה סידס ובנו בעמ,DE,קורני ביג שוקו 50 גר,גרמים,50.00,100 גרם,false,1,4.90,9.80,true,1,
4011800617714,false,"""קורני"" ביג שוקו בננה50 גרם",מיוצר עי קונדיטוריית,DE,קורני ביג שוקו בננה,גרמים,50.00,100 גרם,false,1,4.90,9.80,true,1,
4011800617813,false,"""קורני"" ביג בראוניס 50 גרם",משה סידס ובנו בעמ,DE,קורני ביג בראוני 50,גרמים,50.00,100 גרם,false,1,4.90,9.80,true,1,
4011800617912,false,קורני ביג נאטס אגוזי,משה סידס ובנו בעמ,DE,קורני ביג נאטס 50 גר,גרמים,50.00,100 גרם,false,1,4.90,9.80,true,1,
4011800628512,false,חטיף קורני שוקולד חלב 6 יח 150 גר,מיוצר עי קונדיטוריית,DE,חטיף קורני שוקולד חל,גרמים,150.00,100 גרם,false,1,11.90,7.93,true,1,
4011800629519,false,"מארז חטיפי דגנים אגוזים ""קורני""",משה סידס ובנו בעמ,DE,קורני בייס נאטס 150,גרמים,150.00,100 גרם,false,1,11.90,7.93,true,1,
4011800630515,false,חטיף קורני שוקולד חלב ובננה 6 יח 150 גר,מיוצר עי קונדיטוריית,DE,חטיף קורני שוקולד חל,גרמים,150.00,100 גרם,false,1,11.90,7.93,true,1,
4011800633516,false,קורני בציפוי שוקולד מריר מעולה 6*23,משה סידס ובנו בעמ,DE,קורני בייס דרק שוקו,גרמים,138.00,100 גרם,false,1,11.90,8.62,true,1,
4011800636517,false,קורני פרי שוקולד חלב מעולה ללא סוכר 6*1,מיוצר עי קונדיטוריית,DE,קורני פרי שוקולד חלב,גרמים,120.00,100 גרם,false,1,13.50,11.25,true,1,
4011800637514,false,חטיף קורני Corny Free עם שוקולד לבן ללא תוספת סוכר,מ.סידס ובנו בעמ,DE,קורני פרי ואיט שוקול,גרמים,120.00,100 גרם,false,1,13.50,11.25,true,1,
4012200321058,false,חזרת לבנה ביתית 250 גר,קוחנה,,חזרת לבנה ביתית 250,גרמים,250.00,100 גרם,false,1,14.90,5.96,true,1,
4012824400153,false,יוגי תה קקאו אורגני 34 גר,,,יוגי תה קקאו אורגני,Unknown,0.00,Unknown,false,1,27.90,27.90,true,1,
4012824400344,false,יוגי תה ליקוריץ מנטה אורגני 30.6 גר,,,יוגי תה ליקוריץ מנטה,Unknown,0.00,Unknown,false,1,27.90,27.90,true,1,
4012824400658,false,יוגי תה אורגני צאי ש,,,יוגי תה אורגני צאי ש,Unknown,0.00,Unknown,false,1,27.90,27.90,true,1,
4012824400757,false,יוגי תה אורגני צאי י,,,יוגי תה אורגני צאי י,Unknown,0.00,Unknown,false,1,27.90,27.90,true,1,
4012824401297,false,תה אורגני ליקריץ וקינמון 37.40 גר,,,תה אורגני ליקריץ וקי,Unknown,0.00,Unknown,false,1,27.90,27.90,true,1,
4012824401549,false,יוגי תה אורגני אכיניצאה 30.6 גר,,,יוגי תה אורגני אכיני,Unknown,0.00,Unknown,false,1,27.90,27.90,true,1,
4012824401631,false,יוגי תה בלאנס לאשה,,,יוגי תה בלאנס לאשה,Unknown,0.00,Unknown,false,1,27.90,27.90,true,1,
4012824402003,false,יוגי תה יסמין אורגני 30.6 גר,,,יוגי תה יסמין אורגני,Unknown,0.00,Unknown,false,1,27.90,27.90,true,1,
4012824402263,false,יוגי תה - אורגני בד,,,יוגי תה - אורגני בד,Unknown,0.00,Unknown,false,1,27.90,27.90,true,1,
4012824403277,false,יוגי תה מאטצה לימון אורגני 30.6 גר,,,יוגי תה מאטצה לימון,גרמים,30.00,100 גרם,false,1,27.90,93.00,true,1,
4012824404847,false,יוגי תה בלאנס נטורל אורגני 34 גר,,,יוגי תה בלאנס נטורל,Unknown,0.00,Unknown,false,1,27.90,27.90,true,1,
4012824405387,false,יוגי תה אורגני מאקה 35.70 גרם,,,יוגי תה אורגני מאקה,גרמים,36.00,100 גרם,false,1,27.90,77.50,true,1,
4012839597596,false,כבד דג שיבוט רויגן,רוג'ין פיש,IS,כבד דג 120 גרם,גרמים,120.00,100 גרם,false,1,16.90,14.08,true,1,
4013044100007,false,ליקרס אבקת אפיה אורגנית 48 גרם,נטורפוד בעמ,,ליקרס אבקת אפיה אורג,גרמים,48.00,100 גרם,false,1,7.90,16.46,true,1,
4013044100052,false,ליקרס מייצב לקציפות אורגני 32 גרם,תות תעשיות מזון (201,,ליקרס מייצב לקציפות,קילוגרמים,0.00,"ק""ג",false,1,7.50,7.50,true,1,
4013197062078,false,סקיי סוכריות קשות בטעם מנטה 130 גרם,,,סקיי סוכריות קשות בט,גרמים,130.00,100 גרם,false,1,8.90,6.85,true,1,
4013227013391,false,משקה כהלי קרם אוטום כשר,הכרם - משקאות חריפים בעמ,,"אוטום קרים 750 מ""ל",מיליליטרים,750.00,"100 מ""ל",false,1,39.90,5.32,true,1,
4014086024245,false,בירה גרלסבורג חיטה מעוננת לא מסוננת 500,קוניגסבכר,,בירה גרלסבורג חיטה מ,מיליליטרים,500.00,"100 מ""ל",false,1,6.90,1.38,true,1,
4014303116265,false,הלורן כדורי שוקולד ממולא שרי 125 גרם,,DE,הלורן כדורי שוקולד מ,גרמים,125.00,100 גרם,false,1,10.00,8.00,true,1,
4014303118009,false,הלורן-כדורי שוקולד ממולא קרמל שוק 125 ג,,,הלורן-כדורי שוקולד מ,גרמים,125.00,100 גרם,false,1,10.00,8.00,true,1,
4014303119402,false,הלורן שוקולד חלב ממולא קרם קוקוס 125 גרם,,,הלורן שוקולד חלב ממו,גרמים,125.00,100 גרם,false,1,10.00,8.00,true,1,
4014400900217,false,בונבונריית מרסי מבחר ממתקי שוקולד 400 גרם,קריניציה ויטמינה אס,,בונבוניירה מרסי 400,גרמים,400.00,100 גרם,false,1,49.90,12.48,true,1,
4014400901191,false,בונבונריית מרסי מבחר ממתקי שוקולד 250 גרם,ליימן שליסל בע`מ,,בונבוניירה מרסי 250,גרמים,250.00,100 גרם,false,1,27.30,10.92,true,1,
4014400903409,false,בונבוניירה שוקולד אגוזים טופיפי 250 גרם,קריניציה ויטמינה אס,,בונ. טופיפי 250 גרם,גרמים,250.00,100 גרם,false,1,30.90,12.36,true,1,
4014400904277,false,סוכריות בטעם מנטה אייס פרש סטורק 425 גרם,ליימן שליסל בע`מ,,סוכריות שטרוק אייס פ,גרמים,425.00,100 גרם,false,1,23.90,5.62,true,1,
4014400904376,false,סוכריות טופי בטעם שוקולד סטורק 325 גרם,קריניציה ויטמינה אס,,סוכריות שטרוק שוקולד,גרמים,325.00,100 גרם,false,1,23.90,7.35,true,1,
4014400904390,false,סוכריות טופי ממולא חלב סטורק 325 גרם,קריניציה ויטמינה אס,,סוכריות שטרוק וולמיל,גרמים,325.00,100 גרם,false,1,23.90,7.35,true,1,
4014400907902,false,"וורטרס אורגינל סוכריות חמאה ללא סוכר בקופסה
42 גרם",ליימן שליסל בע`מ,,סוכריות וורטר בוקס ל,Unknown,0.00,Unknown,false,1,8.00,8.00,true,1,
4014400909692,false,וורטרס אורגינל סוכריות חמאה ללא סוכר בטעם קפוצי'ינו בקופסה 42 גרם,קריניציה ויטמינה אס,,סוכריות וורטר קפה לל,גרמים,42.00,100 גרם,false,1,8.60,20.48,true,1,
4014400910063,false,סוכריות חמאה וורטרס אורגינל (135 גרם),ליימן שליסל בע`מ,,סוכריות וורטר אורגינ,גרמים,135.00,100 גרם,false,1,13.20,9.78,true,1,
4014400913910,false,וורטרס אורגינל סוכריות חמאה ממולאות קרם קרמל בשקית,ליימן שליסל בע`מ,,וורטר אוריגינל במילו,גרמים,125.00,100 גרם,false,1,11.20,8.96,true,1,
4014400914245,false,טבלת מרסי שוקולד חלב מעולה 100 גרם,שטורק,,טבלת מרסי שוקולד חלב,גרמים,100.00,100 גרם,false,1,11.90,11.90,true,1,
4014400914252,false,טבלת שוקולד חלב ממולא אגוזים מרסי 100 ג',שטורק,,מרסי שוקולד חלב אגוז,גרמים,100.00,100 גרם,false,1,11.90,11.90,true,1,
4014400914276,false,טבלת מרסי שוקולד מריר מעולה 100 גרם,שטורק,,טבלת מרסי שוקולד מרי,גרמים,100.00,100 גרם,false,1,11.90,11.90,true,1,
4014400914696,false,וורטרס אורגינל סוכריות ללא סוכר 80 גרם,ליימן שליסל בע`מ,,סוכריות חמאה וורטר א,Unknown,0.00,Unknown,false,1,8.00,8.00,true,1,
4014400923711,false,בונבוניירה שוקולד אגוזים טופיפי 125 גרם,ליימן שליסל בע`מ,,טופיפי 125 גרם,גרמים,125.00,100 גרם,false,1,12.50,10.00,true,1,
4014400925265,false,טבלת שוקולד תפוז ושקד מרסי 100 ג',שטורק,,טבלת מרסי תפוז שקד 1,גרמים,100.00,100 גרם,false,1,11.90,11.90,true,1,
4014400925319,false,וורטרס אורגינל פופקורן קרמל 140 גרם,ליימן שליסל בע`מ,DE,וורטר פופקורן קרמל 1,גרמים,140.00,100 גרם,false,1,16.70,11.93,true,1,
4014400925326,false,וורטרס אורגינל פופקורן קרמל ובייגלה 140,,,וורטרס אורגינל פופקו,גרמים,140.00,100 גרם,false,1,20.90,14.93,true,1,
4014400929010,false,וופל מיני קנופרס 200 גר 10 גר*20 יחידות,ליימן שליסל בע`מ,DE,וופל מיני קנופרס 200,גרמים,200.00,100 גרם,false,1,18.90,9.45,true,1,
4014522121903,false,בודטה-סוכריות ללא סוכר קפה 500 גר,,,בודטה-סוכריות ללא סו,גרמים,500.00,100 גרם,false,1,37.90,7.58,true,1,
4014600202593,false,רגולדס סוכריות בפח בטעמי פירות 150 גרם,RAGOLDS GMBH,,רגולדס סוכריות בפח ב,גרמים,150.00,100 גרם,false,1,9.90,6.60,true,1,
4014600203705,false,סוכריות בפח בטעם קרמל 150 ג' רגולדס,,,רגולדס סוכריות בטעם,גרמים,150.00,100 גרם,false,1,9.90,6.60,true,1,
4014600204863,false,רגולדס מיקס סוכריות פירות בצנצנת 950 גרם,Ragoids,,רגולדס מיקס סוכריות,גרמים,950.00,100 גרם,false,1,41.80,4.40,true,1,
4014600397633,false,וולמינט- פוקט סוכריות ללא סוכר מנטה 20 גר,רגולדס ג'י.אמ.בי.איי,,רגולדס וולמינט פוקט,גרמים,20.00,100 גרם,false,1,8.90,44.50,true,1,
4015000031394,false,"ספטיל - משחה להסרת כתמים 200 מ""ל",גורי שיווק בעמ,,ספטיל להסרת כתמים 20,מיליליטרים,200.00,"100 מ""ל",false,1,18.80,9.40,true,1,
4015000280211,false,"פה - דאודורנט רול און לאישה קאריביין לימון 50 מ""ל",שוורצקוף& הנקל דיסלד,,פה- רול און קריבין ל,מיליליטרים,50.00,"100 מ""ל",false,1,15.30,30.60,true,1,
4015000519915,false,"פה - דאודורנט ספריי לאישה פינק פרדייס 200 מ""ל",שוורצקופף והנקל,,דאודורנט פה ספריי 20,מיליליטרים,200.00,"100 מ""ל",false,1,15.30,7.65,true,1,
4015000615884,false,"פה - דאודורנט ספריי לאישה קריביין לימון 200 מ""ל",שוורצקופף והנקל,,פה ספריי קריבין לימו,מיליליטרים,200.00,"100 מ""ל",false,1,15.30,7.65,true,1,
4015000615921,false,"פה - דאודורנט ספריי לגבר ספורט 200 מ""ל",שוורצקופף והנקל,,פה ספריי שחור לגבר,מיליליטרים,200.00,"100 מ""ל",false,1,15.30,7.65,true,1,
4015000940955,false,שמפו גליס Gliss שיקום נזק קיצוני אולטימט ריפייר,שוורצקופף והנקל,,שמפו גליס הייר ריפיי,מיליליטרים,400.00,"100 מ""ל",false,1,18.90,4.73,true,1,
4015000976268,false,שמפו גליס Gliss למראה שיער מבריק Million Gloss,"הובי קוסמטיק, חברת ייצור",,שמפו גליס מיליון גלו,מיליליטרים,400.00,"100 מ""ל",false,1,18.90,4.73,true,1,
4015100190786,false,גליס מסכת סרום לשיקום עמוק עם קרטין,שוורצקופף והנקל,,מסכה סרום שיקום עמוק,מיליליטרים,300.00,"100 מ""ל",false,1,41.00,13.67,true,1,
4015100298000,false,גליס מסכה ביו-טק 2ב-1 300 מל,שוורצקופף והנקל,SK,מסכה גליס ביו טק 300,מיליליטרים,300.00,"100 מ""ל",false,1,41.00,13.67,true,1,
4015400564034,false,מגן תחתון אולוויז מגה פק לונג פלוס 58 יחידות,דיפלומט מפיצים (1986) בע`מ,,אולדייז מגה פק לונג,Unknown,0.00,Unknown,false,1,19.90,19.90,true,1,
4015400564454,false,מגני תחתון אולוויז לארג' עם ניחוח מגה פק,דיפלומט מפיצים (1986) בע`מ,,אולדייז מגה פק לארג,Unknown,0.00,Unknown,false,1,19.90,19.90,true,1,
4015400598329,false,תחבושות אולוויז קוואטרו נורמל פלוס 56 יחידות,דיפלומט מפיצים (1968) בעמ,,אולויז קוואטרו נורמל,Unknown,0.00,Unknown,false,1,36.90,36.90,true,1,
4015400598381,false,תחבושות היגייניות אולטרה לונג - מארז קוואטרו 48 יח',דיפלומט מפיצים (1968) בעמ,,אולויז קוואטרו לונג,Unknown,0.00,Unknown,false,1,36.90,36.90,true,1,
4015400598411,false,תחבושות היגייניות יום ולילה Day & Night - מארז 40 יח',דיפלומט מפיצים (1968) בעמ,,תחבושות אולוויז קווא,Unknown,0.00,Unknown,false,1,36.90,36.90,true,1,
4015400681670,false,תחבושות אולוויז וליו פק לילה בטוח 18 יחידות,דיפלומט מפיצים (1986) בע`מ,,תחבושות אולוויז לילה,Unknown,0.00,Unknown,false,1,19.90,19.90,true,1,
4015400690313,false,טמפונים פרל רגולר טמפקס קומפאק 18 יח,דיפלומט מפיצים (1968) בעמ,,טמפונים פרל רגולר טמ,Unknown,0.00,Unknown,false,1,28.50,28.50,true,1,
4015400690405,false,טמפונים פרל סופר טמפקס קומפאק 18 יח,דיפלומט מפיצים (1968) בעמ,,טמפונים פרל סופר טמפ,Unknown,0.00,Unknown,false,1,28.50,28.50,true,1,
4015400690498,false,טמפונים פרל סופר פלוס טמפקס קומפאק 18 יח,דיפלומט מפיצים (1968) בעמ,,טמפונים פרל סופר פלו,Unknown,0.00,Unknown,false,1,28.50,28.50,true,1,
4015400731719,false,תחבושות היגייניות אולוויז יום ולילה Day & Night,דיפלומט מפיצים (1986) בע`מ,,תחבושות אולוויז כפול,Unknown,0.00,Unknown,false,1,19.90,19.90,true,1,
4015400746812,false,מגני תחתון אולוויז נורמל עם ניחוח מגה פק,דיפלומט מפיצים (1986) בע`מ,,מגן תחתון נורמל,Unknown,0.00,Unknown,false,1,19.90,19.90,true,1,
4015400755241,false,תחבושות היגייניות אולוויז אולטרה נורמל - 28 יח',דיפלומט מפיצים (1986) בע`מ,,תחבושות אולוויז וליו,Unknown,0.00,Unknown,false,1,19.90,19.90,true,1,
4015400755487,false,תחבושות היגייניות אולוויז אולטרה לונג - 24 יח',דיפלומט מפיצים (1986) בע`מ,,תחבושות אולוויז וליו,Unknown,0.00,Unknown,false,1,19.90,19.90,true,1,
4015400990482,false,אבקת כביסה אריאל קולור 3 ק`ג,דיפלומט מפיצים (1986) בע`מ,,אריאל אבקת כביסה קול,קילוגרמים,0.00,"ק""ג",false,1,42.90,42.90,true,1,
4015400990543,false,"אבקת כביסה קולור 8 ק""ג אריאל",דיפלומט מפיצים (1968) בעמ,,אבקת כביסה קולור ארי,קילוגרמים,0.01,"ק""ג",false,1,82.50,8250.00,true,1,
4015576156835,false,"בירה בהירה לא מסוננת ברלינר 500 מ""ל",,DE,בירה בהירה לא מסוננת,מיליליטרים,500.00,"100 מ""ל",false,1,8.90,1.78,true,1,
4015576235493,false,"בירה בהירה ברלינר גשיחטה הל בפחית 500 מ""",,DE,בירה בהירה ברלינר גש,מיליליטרים,500.00,"100 מ""ל",false,1,8.90,1.78,true,1,
4015600762742,false,שמפו יומיומי למניעת קשקשים הנוסחה הקלאסית,דיפלומט מפיצים (1986) בע`מ,,הד&שולדרס שמפו 500 מ,מיליליטרים,500.00,"100 מ""ל",false,1,20.90,4.18,true,1,
4015600762780,false,שמפו וקונדישינר יומיומי למניעת קשקשים הנוסחה הקלאסית 2in1,דיפלומט מפיצים (1986) בע`מ,,הד&שולדרס 2 ב 1 500,מיליליטרים,500.00,"100 מ""ל",false,1,20.90,4.18,true,1,
4015600762902,false,"האד אנד שולדרס שמפו מנטול 500 מ""ל",דיפלומט מפיצים (1986) בע`מ,,הד&שולדרס שמפו 500 מ,מיליליטרים,500.00,"100 מ""ל",false,1,20.90,4.18,true,1,
4015600762940,false,שמפו יומיומי למניעת קשקשים בניחוח תפוח,דיפלומט מפיצים (1986) בע`מ,,הד&שולדרס שמפו 500 מ,מיליליטרים,500.00,"100 מ""ל",false,1,20.90,4.18,true,1,
4015600763022,false,שמפו יומיומי למניעת קשקשים לשיער יבש/פגום לשיער רך כמשי,דיפלומט מפיצים (1986) בע`מ,,הד&שולדרס שמפו 500 מ,מיליליטרים,500.00,"100 מ""ל",false,1,20.90,4.18,true,1,
4015600766900,false,"שמפו ומרכ ך נגד קשקשים 500 מ""ל הד אנד שולדרס",דיפלומט מפיצים (1986) בע`מ,,הד&שולדרס 2 ב-1 מנטו,מיליליטרים,500.00,"100 מ""ל",false,1,20.90,4.18,true,1,
4015600807436,false,"ג'ילט - דאודורנט ג'ל לגבר כדוריות קול וויב 75 מ""ל",פארמה דיל (פ.א.ב.) שיווק והפצה,,דאו גילט גל לגבר 75,מיליליטרים,75.00,"100 מ""ל",false,1,22.90,30.53,true,1,
4015600807573,false,"ג'ילט - דאודורנט ג'ל לגבר כדוריות פאוור ראש 75 מ""ל",פארמה דיל (פ.א.ב.) שיווק והפצה,,דאו גילט גל לגבר פאו,מיליליטרים,75.00,"100 מ""ל",false,1,22.90,30.53,true,1,
4017100210105,false,וופל מגולגל מצופה שוקולד מריר בלזן 100 גרם,הדקלאים אגודת שיתופי,,וופלטן מריר 100 גרם,גרמים,100.00,100 גרם,false,1,15.60,15.60,true,1,
4017100219900,false,בלזן וופלטן וופל מגולגל מצופה שוקולד חלב 100 גרם,הדקלאים אגודת שיתופי,,וופלטן גליליות וופל,גרמים,100.00,100 גרם,false,1,15.60,15.60,true,1,
4017100290008,false,בלזן בסקויט חמאה מצופה שוקולד חלב 125 גרם,הדקלאים אגודת שיתופי,,ביסקוויט ליבניץ שוקו,גרמים,125.00,100 גרם,false,1,15.60,12.48,true,1,
4017100291005,false,בלזן לייבניז בסקויט חמאה מצופה שוקולד מריר 125 גרם,הדקלאים אגודת שיתופי,,בלזן ביסקוויט מצופה,גרמים,125.00,100 גרם,false,1,15.60,12.48,true,1,
4017100364112,false,בלזן היט בסקוויט סנדביץ עם מלית קרם בטעם שוקולד קקאו (41%) 220 גרם,הדקלאים אגודת שיתופי,,ביסקוויט ממולא קרם ש,גרמים,220.00,100 גרם,false,1,10.40,4.73,true,1,
4017100366239,false,עוגיות ביסקוויט סנדוויץ ממולא קרם בטעם שוקולד,ליימן שליסל בעמ,,ביסקוויט בלזן לייבני,גרמים,190.00,100 גרם,false,1,15.60,8.21,true,1,
4018344511195,false,סלמון פראי ברוטב צילי וליים לארסן 200 גר,,,סלמון פראי ברוטב ציל,גרמים,200.00,100 גרם,false,1,12.90,6.45,true,1,
4018344564641,false,פילה הרינג ברוטב חרדל ושמיר לארסן 200 גר,,,פילה הרינג ברוטב חרד,גרמים,200.00,100 גרם,false,1,10.90,5.45,true,1,
4018344564665,false,פילה הרינג ברוטב באלקני לארסן 200 גר,,,פילה הרינג ברוטב באל,גרמים,200.00,100 גרם,false,1,10.90,5.45,true,1,
4018722100133,false,איטריות כוסמין וביצים אורגניות למרק 250ג,נטורפוד בעמ,,אטריות כוסמין וביצים,גרמים,250.00,100 גרם,false,1,14.90,5.96,true,1,
4018722100157,false,פסטה פוזילי מקמח כוסמין מלא אורגני,האחים פלם הגפן,,פוזילי כוסמין מלא או,גרמים,250.00,100 גרם,false,1,12.50,5.00,true,1,
4018722100188,false,אלב גולד-אטריות רחבות כוסמין וביצים 250 גרם,נטורפוד בעמ,,אטריות רחבות כוסמין,גרמים,250.00,100 גרם,false,1,14.90,5.96,true,1,
4018722102632,false,ספגטי כוסמין מלא אורגני 500 גרם,נטורפוד בעמ,,ספגטי כוסמין מלא אור,גרמים,500.00,100 גרם,false,1,16.90,3.38,true,1,
4018722303459,false,אלב גולד - מקרוני כוסמין אורגני,נטורפוד בעמ,,מקרוני כוסמין אורגני,גרמים,250.00,100 גרם,false,1,13.10,5.24,true,1,
4018722344308,false,פפרדלה כוסמין אורגני אלב גולד 500 גרם,אלב גולד,DE,פפרדלה כוסמין אורגני,גרמים,500.00,100 גרם,false,1,20.90,4.18,true,1,
4019400440657,false,הלורן דפדפי שוקולד מנטה 200 גר,,,שוקולד במילוי מנטה 2,גרמים,200.00,100 גרם,false,1,16.90,8.45,true,1,
4019400444129,false,הלורן שוקולד ממולא אייריש קרים 150 גרם,Halloren,,הלורן שוקולד ממולא א,גרמים,150.00,100 גרם,false,1,14.90,9.93,true,1,
4020400890021,false,ויויל סוכריות ללא סוכר מנטה פעיל חריף,ויויל VIVIL,,ויויל סוכריות ללא סו,Unknown,0.00,Unknown,false,1,15.90,15.90,true,1,
4020400890038,false,סוכריות ללא סוכר בטעם מנטה עם תמציות צמחים,ויויל VIVIL,,ויויל-סוכריות ללא סו,Unknown,0.00,Unknown,false,1,15.90,15.90,true,1,
4022025000137,false,יין בלו נאן גוורצטרמינר 750 מל,,,יין בלו נאן גוורצטרמ,Unknown,0.00,Unknown,false,1,46.90,46.90,true,1,
4022025372036,false,"בלו נאן מבעבע יבש מהדורת הזהב 750 מ""ל",,,בלו נאן זהב מבעבע 75,Unknown,0.00,Unknown,false,1,51.90,51.90,true,1,
4022025379035,false,"בלו נאן רוזה מבעבע 750 מ""ל",בלו נאן,,בלו נאן רוזה מבעבע 7,Unknown,0.00,Unknown,false,1,51.90,51.90,true,1,
4022025390030,false,יין בלו נאן ריזלינג 750 מל,לנגוט,,יין בלו נאן ריזלינג,Unknown,0.00,Unknown,false,1,43.90,43.90,true,1,
4022664225748,false,חבילת מפיות נייר פרח,,,חבילת מפיות נייר פרח,Unknown,0.00,Unknown,false,1,16.90,16.90,true,1,
4022664226561,false,חבילת מפיות נייר קפק,,,חבילת מפיות נייר קפק,Unknown,0.00,Unknown,false,1,16.90,16.90,true,1,
4022664226783,false,חבילת מפיות נייר פלמ,,,חבילת מפיות נייר פלמ,Unknown,0.00,Unknown,false,1,16.90,16.90,true,1,
4022664226936,false,חבילת מפיות נייר פרח,,,חבילת מפיות נייר פרח,Unknown,0.00,Unknown,false,1,16.90,16.90,true,1,
4022664227841,false,חבילת מפיות נייר עיט,,,חבילת מפיות נייר עיט,Unknown,0.00,Unknown,false,1,16.90,16.90,true,1,
4022664228107,false,חבילת מפיות נייר כלנ,,,חבילת מפיות נייר כלנ,Unknown,0.00,Unknown,false,1,16.90,16.90,true,1,
4022664228114,false,חבילת מפיות נייר ציפ,,,חבילת מפיות נייר ציפ,Unknown,0.00,Unknown,false,1,16.90,16.90,true,1,
4022664228152,false,חבילת מפיות נייר עלי,,,חבילת מפיות נייר עלי,Unknown,0.00,Unknown,false,1,16.90,16.90,true,1,
4022664228176,false,חבילת מפיות נייר דבו,,,חבילת מפיות נייר דבו,Unknown,0.00,Unknown,false,1,16.90,16.90,true,1,
4022664228268,false,חבילת מפיות נייר- בל,,,חבילת מפיות נייר- בל,Unknown,0.00,Unknown,false,1,16.90,16.90,true,1,
4022664228282,false,חבילת מפיות נייר פרח,,,חבילת מפיות נייר פרח,Unknown,0.00,Unknown,false,1,16.90,16.90,true,1,
4022664228411,false,חבילת מפיות נייר ילד,,,חבילת מפיות נייר ילד,Unknown,0.00,Unknown,false,1,16.90,16.90,true,1,
4022664228442,false,חבילת מפיות נייר פונ,,,חבילת מפיות נייר פונ,Unknown,0.00,Unknown,false,1,16.90,16.90,true,1,
4022664228466,false,חבילת מפיות נייר ענפ,,,חבילת מפיות נייר ענפ,Unknown,0.00,Unknown,false,1,16.90,16.90,true,1,
4022664229173,false,חבילת מפיות נייר עיט,,,חבילת מפיות נייר עיט,Unknown,0.00,Unknown,false,1,16.90,16.90,true,1,
4022664229197,false,חבילת מפיות נייר פרח,,,חבילת מפיות נייר פרח,Unknown,0.00,Unknown,false,1,16.90,16.90,true,1,
4022664229203,false,חבילת מפיות נייר פרח,,,חבילת מפיות נייר פרח,Unknown,0.00,Unknown,false,1,16.90,16.90,true,1,
4022664229227,false,חבילת מפיות נייר פרח,,,חבילת מפיות נייר פרח,Unknown,0.00,Unknown,false,1,16.90,16.90,true,1,
4022664229241,false,חבילת מפיות נייר פרח,,,חבילת מפיות נייר פרח,Unknown,0.00,Unknown,false,1,16.90,16.90,true,1,
4022664229326,false,חבילת מפיות נייר כוו,,,חבילת מפיות נייר כוו,Unknown,0.00,Unknown,false,1,16.90,16.90,true,1,
4022664229364,false,חבילת מפיות נייר עלי,,,חבילת מפיות נייר עלי,Unknown,0.00,Unknown,false,1,16.90,16.90,true,1,
4022664229418,false,חבילת מפיות נייר ברב,,,חבילת מפיות נייר ברב,Unknown,0.00,Unknown,false,1,16.90,16.90,true,1,
4022664230469,false,חבילת מפיות נייר גיב,,,חבילת מפיות נייר גיב,Unknown,0.00,Unknown,false,1,16.90,16.90,true,1,
4022664230759,false,חבילת מפיות נייר ארט,,,חבילת מפיות נייר ארט,Unknown,0.00,Unknown,false,1,16.90,16.90,true,1,
4022664231077,false,חבילת מפיות נייר טבע,,,חבילת מפיות נייר טבע,Unknown,0.00,Unknown,false,1,16.90,16.90,true,1,
4022664231121,false,חבילת מפיות נייר טבע,,,חבילת מפיות נייר טבע,Unknown,0.00,Unknown,false,1,16.90,16.90,true,1,
4022664613392,false,חבילת מפיות נייר עיט,,,חבילת מפיות נייר עיט,Unknown,0.00,Unknown,false,1,16.90,16.90,true,1,
4022664614207,false,חבילת מפיות נייר משו,,,חבילת מפיות נייר משו,Unknown,0.00,Unknown,false,1,16.90,16.90,true,1,
4023800231647,false,בונבוניירה מוצארט 200 גרם Mozartkugeln,שוקוטרייד בעמ,DE,בונבוניירה מוצארט 20,גרמים,200.00,100 גרם,false,1,19.90,9.95,true,1,
4023800531648,false,בונבוניירה מוצרט 200 גר CARSTENS,Erasmi & Carstens Gm,,בונבוניירה מוצרט 200,גרמים,200.00,100 גרם,false,1,18.90,9.45,true,1,
4025700001962,false,מילקה טבלה 100 גר' לבן 1/22 (4248023),דיפלומט מפיצים (1968) בעמ**,,שוקולד לבן מילקה 100,גרמים,100.00,100 גרם,false,1,6.90,6.90,true,1,
4030300022064,false,וויקס סוכריות עם דובדבן ואוקליפ ללא סוכר,,,וויקס סוכריות עם דוב,גרמים,72.00,100 גרם,false,1,12.90,17.92,true,1,
4032525306226,false,מחבת קרפ 26 SAPHIRLITE,,,מחבת קרפ 26 SAPHIRLI,קילוגרמים,0.00,"ק""ג",false,1,499.00,499.00,true,1,
4032525308190,false,קלחת 18 SAPHIRLITE,,,קלחת 18 SAPHIRLITE,קילוגרמים,0.00,"ק""ג",false,1,399.00,399.00,true,1,
4032525308251,false,מחבת 28 SaphirLite,,,מחבת 28 SaphirLite,Unknown,0.00,Unknown,false,1,529.00,529.00,true,1,
4032525360259,false,מחבת עגול 20 אינדוקציה SaphirLite,,,מחבת עגול 20 אינדוקצ,קילוגרמים,0.00,"ק""ג",false,1,569.00,569.00,true,1,
4032525367289,false,מחבת 28 עמוק saphirlite אינדוקציה,,,מחבת 28 עמוק saphirl,קילוגרמים,0.00,"ק""ג",false,1,799.00,799.00,true,1,
4032900124254,false,ווינסטון קומפלקט ברי PP חפיסה,גלוברנדס גרופ בעמ,,ווינסטון קומפלקט ברי,Unknown,0.00,Unknown,false,1,28.50,28.50,true,1,
4033100013348,false,סיגריות אל די כחול ארוך בודד,גלוברנדס בעמ - שיווק סיגריות,,LD 100,Unknown,0.00,Unknown,false,1,27.50,27.50,true,1,
4033100013355,false,אל.די בלו ארוך פאקט,גלוברנדס בעמ - שיווק סיגריות,,LD 100 עשירייה,Unknown,0.00,Unknown,false,1,270.00,270.00,true,1,
4033100014529,false,סיגריות אל די סלים בודד,גלוברנדס בעמ - שיווק סיגריות,,LD סלימס בודד,Unknown,0.00,Unknown,false,1,25.90,25.90,true,1,
4033100014536,false,אל די סלימס 10 יחידות,גלוברנדס בעמ - שיווק סיגריות,,LD סלימס עשירייה,Unknown,0.00,Unknown,false,1,255.00,255.00,true,1,
4033100024146,false,סיגריות ווינסטון קוד בודד,גלוברנדס בעמ - שיווק סיגריות,,ווינסטון CODE חפיסה,יחידה,1.00,יחידה,false,1,30.90,30.90,true,1,
4033100024252,false,סיגריות ווינסטון אקווה בודד,גלוברנדס בעמ - שיווק סיגריות,,ווינסטון AQUA חפיסה,יחידה,1.00,יחידה,false,1,30.90,30.90,true,1,
4033100046490,false,סיגריות ווינסטון אקווה ארוך בודד,גלוברנדס בעמ - שיווק סיגריות,,ווינסטון AQUA 100 חפ,יחידה,1.00,יחידה,false,1,30.90,30.90,true,1,
4037458000012,false,"בירה שלנקרלה מארצן מעושנת 500 מ""ל",מבשלת שלנקרלה,,בירה שלנקרלה מארצן,מיליליטרים,500.00,"100 מ""ל",false,1,20.90,4.18,true,1,
4037719066009,false,סוכריות צנצנת שי פירות 966גרם,שוקוטרייד בעמ,,סוכריות בצנצנת שי 99,גרמים,996.00,100 גרם,false,1,37.90,3.81,true,1,
4041678000271,false,אבן מלח הימאלייה 2-3 קג,,,אבן מלח הימאלייה 2-3,Unknown,0.00,Unknown,false,1,79.90,79.90,true,1,
4041678000301,false,אבן מלח הימאלייה 4-6 קג,,,אבן מלח הימאלייה 4-6,Unknown,0.00,Unknown,false,1,159.90,159.90,true,1,
4041678005146,false,פמוט יין ויאנג,,,פמוט יין ויאנג,Unknown,0.00,Unknown,false,1,59.90,59.90,true,1,
4044889002225,false,ויואני-שוקולד לבישול 70% אורגני 200 גר,,,ויואני-שוקולד לבישול,גרמים,200.00,100 גרם,false,1,31.90,15.95,true,1,
4044889002249,false,ויואני שוקולד אורגני מריר 92% 80 גרם,אקופינה,,ויואני שוקולד אורגני,גרמים,100.00,100 גרם,false,1,19.90,19.90,true,1,
4044889002522,false,ויואני בר שוקולד מריר עם דובדבן שחור,,,ויואני בר שוקולד מרי,גרמים,35.00,100 גרם,false,1,9.90,28.29,true,1,
4044889002904,false,ויואני-שוקולד מריר אורגני 99% 80 גרם,אקופינה,,ויואני-שוקולד מריר א,גרמים,80.00,100 גרם,false,1,21.90,27.38,true,1,
4044889004106,false,ויואני-שוקולד אורגני מריר 100% 100 גר,,,ויואני-שוקולד אורגני,גרמים,80.00,100 גרם,false,1,21.90,27.38,true,1,
4044935070116,false,תבנית אינגליש קייק ט,,,תבנית אינגליש קייק ט,Unknown,0.00,Unknown,false,1,59.90,59.90,true,1,
4046719114306,false,שפורפרת דבק 3M רב שימושי 30 מל,3m,FR,שפורפרת דבק 3M רב שי,מיליליטרים,30.00,"100 מ""ל",false,1,16.90,56.33,true,1,
4046719603237,false,ספוגיות מתכת סקוטש ברייט אל חלד 2 יח,3m,CN,ספוגיות מתכת סקוטש ב,Unknown,0.00,Unknown,false,1,8.90,8.90,true,1,
4049366003429,false,ארנסט לודוויג גוורצטרמינר 750 מל,,,ארנסט לודוויג גוורצט,Unknown,0.00,Unknown,false,1,46.90,46.90,true,1,
4052197000017,false,"בירה בנדיקטינר חיטה לא מסוננת 500 מ""ל",בנדיקטינר וויצבראו,,בירה בנדיקטינר חיטה,מיליליטרים,500.00,"100 מ""ל",false,1,10.90,2.18,true,1,
4052197000369,false,שישיית בירה בנדיקטינר חיטה 330 מל*6,בנדיקטינר וויצבראו,,שישיית בירה בנדיקטינ,מיליליטרים,1980.00,"100 מ""ל",false,1,47.90,2.42,true,1,
4052197000390,false,בירה 5 ליטר CAN- MINI K. BENEDIKTINER,בנדקטינר,,בירה 5 ליטר CAN- MIN,ליטרים,0.01,ליטר,false,1,114.90,11490.00,true,1,
4052197000925,false,"בירה בנדקטינר כהה בקבוק 500 מ""ל",בנדיקטינר וויצבראו,,בירה בנדקטינר דונקל,מיליליטרים,500.00,"100 מ""ל",false,1,11.90,2.38,true,1,
4052197001281,false,בירה בנדיקטינר 500 מל פחית,לפ א.ג.ת.ד. שיווק והפצה,,בירה בנדיקטינר 500 מ,מיליליטרים,500.00,"100 מ""ל",false,1,8.90,1.78,true,1,
4052197001366,false,"בירה בנדיקטינר ללא אלכוהול 500 מ""ל",בנדקטינר,,בירה בנדקטינר ללא אל,מיליליטרים,500.00,"100 מ""ל",false,1,11.90,2.38,true,1,
4052197002806,false,"מארז בירה בנדיקטינר 4*500 מ""ל פחית",בנדיקטינר וויצבראו,,מארז בירה בנדיקטינר,מיליליטרים,2000.00,"100 מ""ל",false,1,29.90,1.50,true,1,
4052197002844,false,"מארז בירה בנדיקטינר לאגר 4*500 מ""ל פחית",,,מארז בירה בנדיקטינר,מיליליטרים,2000.00,"100 מ""ל",false,1,29.90,1.50,true,1,
4052197003254,false,"בירה בנדיקטינר לאגר אורגינל 500 מ""ל",בנדיקטינר וויצבראו,,בירה בנדיקטינר לאגר,מיליליטרים,500.00,"100 מ""ל",false,1,10.90,2.18,true,1,
4052197004466,false,"מארז בירה בנדיקטינר דונקל 4*500 מ""ל פחית",,,מארז בירה בנדיקטינר,מיליליטרים,2000.00,"100 מ""ל",false,1,29.90,1.50,true,1,
4052197005272,false,"בירה בנדיקטינר לאגר 500 מ""ל פחית",בנדקטינר,,בירה בנדיקטינר לאגר,מיליליטרים,500.00,"100 מ""ל",false,1,8.90,1.78,true,1,
4054359004598,false,מחבת גריל 28 SAPHIRLITE,,,מחבת גריל 28 SAPHIRL,קילוגרמים,0.00,"ק""ג",false,1,599.90,599.90,true,1,
4054359008442,false,מחבת עגול 28 DIAMONDLITE PRO,,,מחבת עגול 28 DIAMOND,קילוגרמים,0.00,"ק""ג",false,1,679.00,679.00,true,1,
4054500114015,false,בירה אפוסטל בראון לא,,,"בירה 500 מ""ל APOSTEL",מיליליטרים,500.00,"100 מ""ל",false,1,7.90,1.58,true,1,
4056489246053,false,סונדיי ביסקוויט ממולא קרם אגוזים 175 ג,,NL,סונדיי ביסקוויט ממול,גרמים,175.00,100 גרם,false,1,8.90,5.09,true,1,
4056489379508,false,קונטיננטל-ביסקויט סנדוויץ עם קרם חלב 250,קונטיננטל בייקריז,,קונטיננטל-ביסקויט סנ,גרמים,250.00,100 גרם,false,1,5.90,2.36,true,1,
4056489379515,false,קונטיננטל-ביסקויט סנדוויץ עם קרם שוק 250,קונטיננטל בייקריז,,קונטיננטל-ביסקויט סנ,גרמים,250.00,100 גרם,false,1,5.90,2.36,true,1,
4056489460039,false,קפטן רונדו-ביסקויט סנדוויץ קרם שוק 500ג,קונטיננטל בייקריז,,קפטן רונדו-ביסקויט ס,גרמים,500.00,100 גרם,false,1,9.90,1.98,true,1,
4061445096689,false,קפה דוידוף מגורען 100 גר ESPRESSO 57,"טשיבו, אספי.זד.או.או",,קפה דווידוף אספרסו 5,גרמים,100.00,100 גרם,false,1,22.90,22.90,true,1,
4061445096702,false,קפה דוידוף מגורען 100 גר FINE AROMA,"טשיבו, אספי.זד.או.או",CO,קפה דווידוף פיין ארו,גרמים,100.00,100 גרם,false,1,22.90,22.90,true,1,
4061445096726,false,קפה דוידוף מגורען 100 גר RICH AROMA,"טשיבו, אספי.זד.או.או",CO,קפה דווידוף ריץ ארומ,גרמים,100.00,100 גרם,false,1,22.90,22.90,true,1,
4062400115483,false,"טקילה סיירה סילבר 700 מ""ל",אגדת,,טקילה סיירה סילבר 70,מיליליטרים,700.00,"100 מ""ל",false,1,85.00,12.14,true,1,
4062400543125,false,"טקילה סיירה רפוסאדו 700 מ""ל",מזקקת סיארה אונידס,,טקילה סיירה רפוסאדו,מיליליטרים,700.00,"100 מ""ל",false,1,85.00,12.14,true,1,
4062432001709,false,זנטיס מרציפן במילוי קרם שקדים 40 גרם,,DE,זנטיס מרציפן במילוי,Unknown,40.00,Unknown,false,1,6.90,0.17,true,1,
4062432001808,false,זנטיס מרציפן במילוי קרם נוגט 40 גרם,,DE,זנטיס מרציפן במילוי,Unknown,40.00,Unknown,false,1,6.90,0.17,true,1,
4062432001907,false,זנטיס מרציפן במילוי קרם קוקוס 40 גרם,,DE,זנטיס מרציפן במילוי,Unknown,40.00,Unknown,false,1,6.90,0.17,true,1,
4066600601920,false,פאולנר ביתר חיטה מעוננת 500 מל,טמפו משקאות בע`מ,DE,"בירה פאולנר 500 מ""ל",מיליליטרים,500.00,"100 מ""ל",false,1,11.90,2.38,true,1,
4066600612049,false,"בירה פאולנר אורטובר פאסט 500 מ""ל בקובק",טמפו משקאות בע`מ,,בירה פאולנר אורטובר,מיליליטרים,500.00,"100 מ""ל",false,1,11.30,2.26,true,1,
4066600999614,false,"בירה פאולנר, בירת חיטה מעוננת, בקבוק 500 מ""ל",טמפו משקאות בע`מ,,בירה פאולנר חיטה 500,מיליליטרים,500.00,"100 מ""ל",false,1,11.90,2.38,true,1,
4067700014849,false,"ליקר ייגרמייסטר 700מ""ל",הכרם - משקאות חריפים בעמ,,"ייגרמייסטר 700 מ""ל",מיליליטרים,700.00,"100 מ""ל",false,1,82.90,11.84,true,1,
4072700001089,false,"בירה ספאטן אוקטוברפסט 500 מ""ל",Franziskaner,DE,בירה ספאטן אוקטוברפס,מיליליטרים,500.00,"100 מ""ל",false,1,12.50,2.50,true,1,
4072700001188,false,"בירה פרנסיסקאנר כהה בקבוק 500 מ""ל",הכרם -משקאות חריפים בע`מ,,בירה פרנסיסקאנר כהה,מיליליטרים,500.00,"100 מ""ל",false,1,12.90,2.58,true,1,
4072700003649,false,"בירה פרנסיסקאנר בהירה 500מ""ל בקבוק",הכרם - משקאות חריפים בעמ,,בירה פרנסיסקאנר בהיר,מיליליטרים,500.00,"100 מ""ל",false,1,12.90,2.58,true,1,
4084500065536,false,פנטן קרם לחות מוגברת לעיצוב השיער 300 מ,דיפלומט מפיצים (1968) בעמ,,קרם לחות פנטן מוגברת,מיליליטרים,300.00,"100 מ""ל",false,1,21.90,7.30,true,1,
4084500065598,false,"קרם לחות פנטן לתלתלים מושלמים 300 מ""ל",דיפלומט מפיצים (1968) בעמ,,קרם לחות פנטן לתלתלי,מיליליטרים,300.00,"100 מ""ל",false,1,21.90,7.30,true,1,
4084500081314,false,משחת שיניים פרו אקספרט לניקוי עמוק בטעם מנטה,פרוקטר אנד גמבל,DE,משחת שיניים אורל בי,מיליליטרים,75.00,"100 מ""ל",false,1,15.30,20.40,true,1,
4084500088917,false,נוזל לניקוי כלים לימון פיירי (650 מל),דיפלומט מפיצים (1986) בע`מ,,נוזל כלים פיירי לימו,מיליליטרים,650.00,"100 מ""ל",false,1,10.90,1.68,true,1,
4084500149526,false,טייד גל כביסה 2.48 ליטר אלפים רענן,דיפלומט מפיצים (1986) בע`מ,,גל כביסה טייד 2.48 ל,ליטרים,0.00,ליטר,false,1,25.90,25.90,true,1,
4084500739253,false,"אוראל בי משחת שיניים- להלבנה לובן מהודר 75 מ""ל",דיפלומט מפיצים (1968) בעמ,DE,3D WHITEמשחת שיניים,Unknown,0.00,Unknown,false,1,32.50,32.50,true,1,
4084500853553,false,פיירי נוזל כלים קלאסי אורגינל 650 מל,דיפלומט מפיצים (1986) בע`מ,,נוזל כלים פיירי אורג,מיליליטרים,650.00,"100 מ""ל",false,1,10.90,1.68,true,1,
4084500853836,false,"נוזל כלים פיירי ורדים ומשי 515 מ""ל בד""צ",דיפלומט מפיצים (1986) בע`מ,GB,נוזל כלים פיירי ורדי,מיליליטרים,515.00,"100 מ""ל",false,1,10.90,2.12,true,1,
4086900102026,false,שמן פרימוורה עץ התה 10 מ,נאופארם,,שמן עץ התה 10 מל,Unknown,0.00,Unknown,false,1,22.90,22.90,true,1,
4086900990333,false,שמן שקדים פרימוורה500מל,נאופארם,,שמן שקדים 500 מל,Unknown,0.00,Unknown,false,1,49.90,49.90,true,1,
4100130937163,false,בירה בקס שישייה 6*275 מל,הכרם -משקאות חריפים בע`מ,,בירה בקס שישייה 6*27,ליטרים,0.00,ליטר,false,1,29.90,29.90,true,1,
4100470106700,false,חומץ תפוחים אורגני-נטורפוד.,נטורפוד בעמ,,חומץ תפוחים אורגני 7,מיליליטרים,750.00,"100 מ""ל",false,1,22.90,3.05,true,1,
4101540773723,false,עוגת שטולן 450 גר,,DE,עוגת שטולן 450 גר,גרמים,450.00,100 גרם,false,1,29.90,6.64,true,1,
4101540775413,false,עוגת שטולן עשירה עם מרצפן 950 גר,,DE,עוגת שטולן עשירה עם,גרמים,950.00,100 גרם,false,1,52.90,5.57,true,1,
4101940131611,false,"בירה 500 מ""ל STEPHANS BRAU LAGER",מבשלת איכבאום,,"בירה 500 מ""ל STEPHAN",מיליליטרים,500.00,"100 מ""ל",false,1,7.90,1.58,true,1,
4101940131628,false,"בירה 500 מ""ל STEPHANS BRAU WEISBER",מבשלת איכבאום,,"בירה 500 מ""ל STEPHAN",מיליליטרים,500.00,"100 מ""ל",false,1,7.90,1.58,true,1,
4101940426823,false,בירה אפוסטל בראון חז,,,"בירה 500 מ""ל 7.9% AP",מיליליטרים,500.00,"100 מ""ל",false,1,7.90,1.58,true,1,
4102430000806,false,בירה ביטבורגר 5 ליטר חבית,ביטבורגר,,בירה ביטבורגר 5 ליטר,ליטרים,0.01,ליטר,false,1,114.90,11490.00,true,1,
4102430003418,false,בירה ביטבורגר פחית מארז רביעיה 4*500 מ,מבשלת ביטבורגר,DE,בירה ביטבורגר פחית,מיליליטרים,2000.00,"100 מ""ל",false,1,30.90,1.55,true,1,
4102430013615,false,שישיית בירה ביטבורגר 5% 330 מל,ביטבורגר,,שישיית בירה ביטבורגר,מיליליטרים,1980.00,"100 מ""ל",false,1,46.90,2.37,true,1,
4102430015305,false,"בירה ביטבורגר 5% 330 מ""ל",לפ א.ג.ת.ד. שיווק והפצה,,בירה ביטבורגר 5% 330,מיליליטרים,330.00,"100 מ""ל",false,1,6.90,2.09,true,1,
4102430310615,false,"שישיית בירה ביטבורגר דרייב 6*330 מ""ל",,,שישיית בירה ביטבורגר,מיליליטרים,1980.00,"100 מ""ל",false,1,46.90,2.37,true,1,
4102430315504,false,בירה ביטבורגר דרייב 330 מל,,,בירה ביטבורגר דרייב,מיליליטרים,330.00,"100 מ""ל",false,1,6.90,2.09,true,1,
4105120623941,false,"בירה ויינשטפן בק' ח""פ 500 מ""ל",החברה המרכזית להפצת משקאות בעמ,,בירה ויינשטפן 500 מ,מיליליטרים,330.00,"100 מ""ל",false,1,11.90,3.61,true,1,
4105120624412,false,"ויינשטפן ויטוס בק`ח""פ 500 מ""ל",החברה המרכזית להפצת משקאות בעמ,IL,בירה ויינשטפן ויטוס,מיליליטרים,500.00,"100 מ""ל",false,1,11.90,2.38,true,1,
4250231136337,false,הלורן-שוקולד במילוי קרם מנטה 100 גר,,,הלורן-שוקולד במילוי,גרמים,100.00,100 גרם,false,1,3.90,3.90,true,1,
4250231139956,false,הלורן-רויאל טינס דפדפי פטל 200 גרם,,,הלורן-רויאל טינס דפד,גרמים,200.00,100 גרם,false,1,15.90,7.95,true,1,
4250231139970,false,הלורן-רויאל טינס דפדפי מנגו 200 גרם,,,הלורן-רויאל טינס דפד,גרמים,200.00,100 גרם,false,1,15.90,7.95,true,1,
4250231139994,false,הלורן-רויאל טינס דפדפי דומדמניות 200 גרם,,,הלורן-רויאל טינס דפד,גרמים,200.00,100 גרם,false,1,15.90,7.95,true,1,
4250231140112,false,הלורן-רויאל טינס דפדפי קרמל מלוח 200 גרם,,,הלורן-רויאל טינס דפד,גרמים,200.00,100 גרם,false,1,15.90,7.95,true,1,
4250396905168,false,ארוניה ברי אורגני 700 מל,,,ארוניה ברי אורגני 70,מיליליטרים,700.00,"100 מ""ל",false,1,89.90,12.84,true,1,
4260000000000,false,תיק מתקפל אמנים,,,תיק מתקפל אמנים,קילוגרמים,0.00,"ק""ג",false,1,59.00,59.00,true,1,
4260007240144,false,ממרח קישואים אולן 360 גר,קונקנס טיבה,BG,ממרח קישואים 360 גר,גרמים,360.00,100 גרם,false,1,13.90,3.86,true,1,
4260007240151,false,ממרח חצילים אולן 360 גר,אולן,,ממרח חצילים אולן 360,גרמים,350.00,100 גרם,false,1,13.90,3.97,true,1,
4260007240502,false,ממרח חצילים זמורסקיה אולן 680 גר,קונקנס טיבה,BG,ממרח חצילים 680 גר U,גרמים,680.00,100 גרם,false,1,19.90,2.93,true,1,
4260007240519,false,איקרה קישואים אולן 680 גר,אולן,,ממרח קישואים 680 גר,גרמים,680.00,100 גרם,false,1,19.90,2.93,true,1,
4260007247891,false,"עגבניות ומלפפונים בחומץ אולן 1.6 ק""ג",,,אסורטי אולן אמפ 1.63,קילוגרמים,0.00,"ק""ג",false,1,33.50,33.50,true,1,
4260007247907,false,"עגבניות מוחמצות גולד כבושות אולן 1.6 ק""ג",,,עגבניות אולן גולד כב,קילוגרמים,0.00,"ק""ג",false,1,31.90,31.90,true,1,
4260134390194,false,"בירת לאגר קירין איצ'בן 330 מ""ל",,,בירה קירין איציבאן 3,מיליליטרים,330.00,"100 מ""ל",false,1,9.50,2.88,true,1,
4260334140605,false,שוקולד ג'נדויה טבעוני עם אגוזי לוז שלמים 150 גרם ללא גלוטן,האי נאם סי או אל.טי.,,שוקולד גנדויה טבעוני,גרמים,150.00,100 גרם,false,1,20.80,13.87,true,1,
4260423410916,false,בירה גרמנית הופייגר חיטה 5 ליטר,,DE,בירה גרמנית הופייגר,ליטרים,0.01,ליטר,false,1,89.90,8990.00,true,1,
4260475290092,false,משמש אורגני מיובש 142 גרם,,,משמש אורגני מיובש,גרמים,142.00,100 גרם,false,1,17.90,12.61,true,1,
4260651480019,false,אטריות אדממה אורגני 250 גרם,,,אטריות אדממה אורגני,גרמים,250.00,100 גרם,false,1,21.90,8.76,true,1,
4333465053769,false,יין פרנאווי-סוביניון בלאן ניו זילנד 750,,,יין פרנאווי-סוביניון,Unknown,0.00,Unknown,false,1,79.90,79.90,true,1,
4388441344614,false,צוקולה פרלינים ש.מריר במילוי ליקר 160 גר,,DE,צוקולה פרלינים ש.מרי,גרמים,160.00,100 גרם,false,1,10.90,6.81,true,1,
4560198160055,false,טקואן צנון יפני קינג,Qingdao Sun-growing,,טקוא צנון יפני 500 ג,גרמים,500.00,100 גרם,false,1,34.50,6.90,true,1,
4600068009043,false,קוואס אוצקובסקי 2 ליטר,,,קוואס אוצקובסקי 2 לי,ליטרים,0.00,ליטר,false,1,25.90,25.90,true,1,
4600080279691,false,סט ממתקי שוקולד וקרמלים 350 גר KONFETA,,RU,סט ממתקי שוקולד וקרמ,גרמים,350.00,100 גרם,false,1,34.90,9.97,true,1,
4600080279790,false,מבחר ממתקי קרמל 701 גר BASHNYA,,,מבחר ממתקי קרמל 701,גרמים,701.00,100 גרם,false,1,79.90,11.40,true,1,
4600080298470,false,שוקולד חלב עם אגוזי לוז 90 גר ALIONKA,קרסניי אוקטברי,RU,שוקולד חלב עם אגוזי,גרמים,90.00,100 גרם,false,1,7.90,8.78,true,1,
4600080298593,false,שוקולד חלב אגוזי וצימוקים 90 גר ALIONKA,קרסניי אוקטברי,RU,שוקולד חלב אגוזי וצי,גרמים,90.00,100 גרם,false,1,7.90,8.78,true,1,
4600080316303,false,בונבוניירה חלב ציפור 160 גרם,,,בונבוניירה חלב ציפור,גרמים,160.00,100 גרם,false,1,15.90,9.94,true,1,
4600080463285,false,סוכריות קרמל בטעמים שונים במשקל,,,סוכריות קרמל 1 בטעמי,Unknown,0.00,"ק""ג",true,0,50.00,50.00,true,1,
4600080469171,false,סוכריות כיפה אדומה /בלוצקה במשקל,רוט פרונט,,סוכריות כיפה אדומה /,Unknown,0.00,"ק""ג",true,0,130.00,130.00,true,1,
4600080501013,false,וופל מצופה שוקולד טעם חלב 250 גר KOROVKA,רוט פרונט,,וופל מצופה שוקולד טע,גרמים,250.00,100 גרם,false,1,15.90,6.36,true,1,
4600080501082,false,וופל ממולא עם קקאו 150 גר קורובקה,רוט פרונט,,וופל ממולא עם קקאו 1,גרמים,150.00,100 גרם,false,1,9.90,6.60,true,1,
4600300071180,false,שוקולד מריר קרסני אוקטבר 75 גרם,קרסניי אוקטברי,,שוקולד מריר קרסני או,גרמים,75.00,100 גרם,false,1,7.90,10.53,true,1,
4600300077656,false,בונבוניירה טרטיאקובסקיה גלריה 240 גר,קרסניי אוקטברי,,בונבוניירה טרטיאקובס,גרמים,240.00,100 גרם,false,1,29.90,12.46,true,1,
4600300080014,false,חטיף שוקולד אליונקה עם ריבת חלב 48 גר,קרסניי אוקטברי,,חטיף שוקולד אליונקה,גרמים,48.00,100 גרם,false,1,3.30,6.88,true,1,
4600300082575,false,בונ. ARTPASSION עם שקדים שלמים 240 גר,קרסניי אוקטברי,,בונ. ARTPASSION עם ש,גרמים,240.00,100 גרם,false,1,29.90,12.46,true,1,
4600300082599,false,בונ. ARTPASSION עם אגוזי לוז 240 גר,קרסניי אוקטברי,,בונ. ARTPASSION עם א,גרמים,240.00,100 גרם,false,1,29.90,12.46,true,1,
4600495522221,false,קינוח סופלה וניל בשוקולד 232 גר BONJOUR,,RU,קינוח סופלה וניל בשו,גרמים,232.00,100 גרם,false,0,16.90,7.28,true,1,
4600495522320,false,קינוח סופלה תות בשוקולד 232 גר BONJOUR,,RU,קינוח סופלה תות בשוק,גרמים,232.00,100 גרם,false,0,16.90,7.28,true,1,
4600495522375,false,קינוח סופלה בטעם ליים 232 גר BONJOUR,,RU,קינוח סופלה בטעם ליי,גרמים,232.00,100 גרם,false,1,16.90,7.28,true,1,
4600495523709,false,קינוח סופלה קלאסיק בשוקולד 232 ג BONJOUR,,RU,קינוח סופלה קלאסיק ב,גרמים,232.00,100 גרם,false,0,16.90,7.28,true,1,
4600495544803,false,קינוח סופלה בטעם פטל 232 גר BONJOUR,,RU,קינוח סופלה בטעם פטל,גרמים,232.00,100 גרם,false,1,16.90,7.28,true,1,
4600521002604,false,"ברנדי קווינט 3 500 מ""ל",KVINT,,ברנדי קווינט 3 500 מ,מיליליטרים,500.00,"100 מ""ל",false,1,62.90,12.58,true,1,
4600528347821,false,מיונז פרוואנסל 410 גר,,,"מיונז ""פרוואנסל"" 410",גרמים,410.00,100 גרם,false,1,12.90,3.15,true,1,
4600528357967,false,"רוטב מיונז ""לתפוח אדמה""",ניז'גורודסקי,RU,"רוטב מיונז ""לתפוח אד",גרמים,233.00,100 גרם,false,1,10.50,4.51,true,1,
4600528357981,false,רוטב אסטוריה המבורגר,ניז'גורודסקי,RU,"רוטב מיונז ""המבורגר""",גרמים,233.00,100 גרם,false,1,10.50,4.51,true,1,
4600528359060,false,רוטב מיונז בצל עם שמנת 233 גר ASTORIA,ניז'גורודסקי,RU,רוטב מיונז בצל עם שמ,גרמים,233.00,100 גרם,false,1,10.50,4.51,true,1,
4600528359077,false,רוטב מיונז שום שמנת 233 גר ASTORIA,ניז'גורודסקי,RU,רוטב מיונז שום שמנת,גרמים,233.00,100 גרם,false,1,10.50,4.51,true,1,
4600528359084,false,רוטס מיונז שמנת פטריות 233 גר ASTORIA,ניז'גורודסקי,RU,רוטס מיונז שמנת פטרי,גרמים,233.00,100 גרם,false,1,10.50,4.51,true,1,
4600528359091,false,רוטב מיונז סנדוויץ 233 גר ASTORIA,,RU,רוטב מיונז סנדוויץ 2,גרמים,233.00,100 גרם,false,1,10.50,4.51,true,1,
4600528359107,false,רוטב מיונז בטעם גבינה 233 גר ASTORIA,ניז'גורודסקי,RU,רוטב מיונז בטעם גבינ,גרמים,233.00,100 גרם,false,1,10.50,4.51,true,1,
4600528359114,false,רוטב מיונז צסר גבינה 233 גר ASTORIA,ניז'גורודסקי,RU,רוטב מיונז צסר גבינה,גרמים,233.00,100 גרם,false,1,10.50,4.51,true,1,
4600545031031,false,איטריות להכנה מהירה עוף אנקום 75 גר,,RU,איטריות להכנה מהירה,גרמים,75.00,100 גרם,false,1,6.50,8.67,true,1,
4600545033035,false,איטריות להכנה מהירה בקר אנקום 75 גר,,RU,איטריות להכנה מהירה,גרמים,75.00,100 גרם,false,1,6.50,8.67,true,1,
4600545035039,false,איטריות להכנה מהירה פטריות אנקום 75 גר,,RU,איטריות להכנה מהירה,גרמים,75.00,100 גרם,false,1,6.50,8.67,true,1,
4600545833239,false,מרק איטריות בכוס עוף אנקום 50 גר,,RU,מרק איטריות בכוס עוף,גרמים,50.00,100 גרם,false,1,5.70,11.40,true,1,
4600545833246,false,מרק איטריות בכוס בקר אנקום 50 גר,,RU,מרק איטריות בכוס בקר,גרמים,50.00,100 גרם,false,1,5.70,11.40,true,1,
4600545833253,false,מרק איטריות בכוס פטריות אנקום 50 גר,,RU,מרק איטריות בכוס פטר,גרמים,50.00,100 גרם,false,1,5.70,11.40,true,1,
4600625307407,false,גלידה אסקינו לנינגרדסקי 80 גר,iceberry,,גלידה אסקינו לנינגרד,גרמים,80.00,100 גרם,false,1,6.90,8.63,true,1,
4600625307568,false,גלידת פלומביר לקומבה 90 גר,,,גלידת פלומביר לקומבה,גרמים,90.00,100 גרם,false,1,6.90,7.67,true,1,
4600625314498,false,גלידה פלומביר אסקימו 80 גר,,,גלידה פלומביר אסקימו,גרמים,80.00,100 גרם,false,1,6.90,8.63,true,1,
4600659010854,false,וודקה סטוליצ`יניה (700 מל),הכרם -משקאות חריפים בע`מ,,וודקה 40% סטולי 700,מיליליטרים,700.00,"100 מ""ל",false,1,59.90,8.56,true,1,
4600682007456,false,"בירה בלטיקה מס 7 450 מ""ל פחית",BALTIKA,,בירה בלטיקה מס 7 45,מיליליטרים,450.00,"100 מ""ל",false,1,9.20,2.04,true,1,
4600682009450,false,"בירה בלטיקה מס 9 450 מ""ל בקבוק",BALTIKA,,בירה בלטיקה מס 9 450,מיליליטרים,450.00,"100 מ""ל",false,1,9.20,2.04,true,1,
4600682023128,false,"בירה גורקובסקאיה חזקה לא מסוננת 440 מ""ל",,,בירה גורקובסקאיה חזק,מיליליטרים,440.00,"100 מ""ל",false,1,8.90,2.02,true,1,
4600682023524,false,בירה גורקובסקאיה בוהמיין פילס 440 מ,,,בירה גורקובסקאיה בוה,מיליליטרים,440.00,"100 מ""ל",false,1,8.90,2.02,true,1,
4600682023654,false,בירה גורקובסקאיה וויזאן לא מסוננת 440 מ,,,בירה גורקובסקאיה ווי,מיליליטרים,440.00,"100 מ""ל",false,1,8.90,2.02,true,1,
4600682225478,false,"בירה באלטיקה קולר בקבוק 480 מ""ל",,,בירה באלטיקה קולר בק,מיליליטרים,480.00,"100 מ""ל",false,1,10.90,2.27,true,1,
4600682401476,false,בירה בלטיקה מספר 0 ללא אלכוהול 0.47 ליטר,BALTIKA,,בירה בלטיקה 0% אלכוה,מיליליטרים,470.00,"100 מ""ל",false,1,9.20,1.96,true,1,
4600682407096,false,"בירה בלטיקה מס 7 900 מ""ל פחית",BALTIKA,,בירה בלטיקה מס 7 900,מיליליטרים,900.00,"100 מ""ל",false,1,16.90,1.88,true,1,
4600682409458,false,"בירה בלטיקה מס 9 450 מ""ל פחית",BALTIKA,,בירה בלטיקה מס 9 45,מיליליטרים,450.00,"100 מ""ל",false,1,9.20,2.04,true,1,
4600682483472,false,"בירה זיטאסקי גוס 480 מ""ל",,,בירה זיטאסקי גוס 480,מיליליטרים,480.00,"100 מ""ל",false,1,8.90,1.85,true,1,
4600682483915,false,"בירה זיטאסקי גוס 900 מ""ל פחית",,,בירה זיטאסקי גוס 90,מיליליטרים,900.00,"100 מ""ל",false,1,16.90,1.88,true,1,
4600699502494,false,שמן חמניות מזוכך 1.8 ליטר SLOBODA,,,שמן חמניות מזוכך 1.,ליטרים,0.00,ליטר,false,1,33.90,33.90,true,1,
4600756200547,false,צנימים עם סוכר וצימוקים 330 גרם,,RU,צנימים עם סוכר וצימו,גרמים,330.00,100 גרם,false,1,19.90,6.03,true,1,
4600823030091,false,שוקולד בטונציק 50 גרם ממולה קרם,בבייבסקי,,שוקולד בטונציק 50 גר,גרמים,50.00,100 גרם,false,1,3.90,7.80,true,1,
4600823031098,false,שוקולד בטונציק 50 גרם,בבייבסקי,,שוקולד בטונציק 50 גר,גרמים,50.00,100 גרם,false,1,3.90,7.80,true,1,
4600823093010,false,שוקולד בבאיבסקי עם מנדל 100 גר,בבייבסקי,,שוקולד בביבסקי,גרמים,100.00,100 גרם,false,1,8.90,8.90,true,1,
4600823094017,false,שוקולד בבאיבסקי מריר פונדוק 100 גר,בבייבסקי,,שוקולד בבייבסקי מריר,גרמים,100.00,100 גרם,false,1,8.90,8.90,true,1,
4600823122017,false,שוקולד בביבסקי עלית 100 גר,בבייבסקי,,שוקולד בביבסקי עלית,גרמים,100.00,100 גרם,false,1,8.90,8.90,true,1,
4600823143005,false,שוקולד בבאיבסקי מריר 100 גר,בבייבסקי,,שוקולד בבאיבסקי מריר,גרמים,100.00,100 גרם,false,1,8.90,8.90,true,1,
4600823179011,false,שוקולד בבאיבסקי מריר פונדוק וצימו 100 גר,בבייבסקי,,שוקולד בבאיבסקי מריר,גרמים,100.00,100 גרם,false,1,8.90,8.90,true,1,
4600823193109,false,שוקולד בבייבסקי שזיפים מיובשים 100 גר,,,שוקולד בבייבסקי שזיפ,גרמים,100.00,100 גרם,false,1,8.90,8.90,true,1,
4600823197152,false,שוקולד ARTPASSION שקדים 75% 100 גרם,בבאיבסקי,,שוקולד ARTPASSION שק,גרמים,100.00,100 גרם,false,1,9.60,9.60,true,1,
4600823197213,false,שוקולד DARX אליטני 75% 100 גרם,בבייבסקי,,שוקולד DARX אליטני 7,גרמים,100.00,100 גרם,false,1,8.90,8.90,true,1,
4600823197336,false,שוקולד DARX עם אגוזי לוז וצימוקים 100 גר,בבייבסקי,,שוקולד DARX עם אגוזי,גרמים,100.00,100 גרם,false,1,8.90,8.90,true,1,
4600823201033,false,בונבוניירה וודוחנובניה 400 גר,בבייבסקי,RU,בונבוניירה וודוחנובנ,גרמים,400.00,100 גרם,false,1,47.90,11.98,true,1,
4600851005429,false,חרדל סטוליצנה 100 גרם,,,חרדל סטוליצנה 100 גר,גרמים,100.00,100 גרם,false,1,5.90,5.90,true,1,
4600851005443,false,חרדל עם חזרת סטוליצנה 100 גרם,Moskovskiy Zirovoy K,,חרדל עם חזרת סטוליצנ,גרמים,100.00,100 גרם,false,1,5.90,5.90,true,1,
4600851008758,false,חרדל 195 גרם STOLICHNAEA,,,חרדל 195 גרם STOLICH,גרמים,195.00,100 גרם,false,1,7.90,4.05,true,1,
4600851010669,false,מיונז פרובונסל 450 גרם,סולנצ'ניי פרודוקטי,FI,מיונז פרובונסל 450 ג,גרמים,450.00,100 גרם,false,1,14.90,3.31,true,1,
4600851011567,false,"מיונז מוסקובסקיי פרובנסל קלאסיק 700 מ""ל",סולנצ'ניי פרודוקטי,,מיונז מוסקובסקיי פרו,מיליליטרים,700.00,"100 מ""ל",false,1,17.90,2.56,true,1,
4600851011604,false,מיונז פרובנסל זיתים 390 גרם,סולנצ'ניי פרודוקטי,,מיונז פרובנסל זיתים,גרמים,390.00,100 גרם,false,1,10.90,2.79,true,1,
4600851013288,false,"מיונז פרובנסל קלסאסי 800 מ""ל",Moskovskiy Zirovoy K,,מיונז פרובנסל קלסאסי,גרמים,800.00,100 גרם,false,1,21.90,2.74,true,1,
4600874000654,false,ציקורי נמס עם גנשן 100 גרם,,,ציקורי נמס עם גנשן 1,גרמים,100.00,100 גרם,false,1,21.90,21.90,true,1,
4600893900805,false,"וודקה מרקה ירוקה 700 מ""ל",TOPAZ,,וודקה מרקה ירוקה 700,מיליליטרים,700.00,"100 מ""ל",false,1,62.90,8.99,true,1,
4600893900843,false,"וודקה מרקה ירוקה 700 מ""ל רזאניאה",TOPAZ,,וודקה מרקה ירוקה 700,מיליליטרים,700.00,"100 מ""ל",false,1,62.90,8.99,true,1,
4600893900997,false,וודקה מרקה ירוקה 0.7 ליטר קדרובה,יורוסטנדרט בעמ,,וודקה מרקה ירוקה 0.7,מיליליטרים,700.00,"100 מ""ל",false,1,62.90,8.99,true,1,
4601021044606,false,דובשניות בטעם מנטה 400 גר,,,דובשניות בטעם מנטה,גרמים,400.00,100 גרם,false,1,9.90,2.48,true,1,
4601021049342,false,וופלים ארטק 200 גר,,,וופלים ארטק 200 גר,גרמים,200.00,100 גרם,false,1,7.90,3.95,true,1,
4601021050225,false,דובשנית קורובקה עם חלב מרוכז מבושל 300 ג,,,דובשנית קורובקה עם ח,גרמים,300.00,100 גרם,false,1,9.90,3.30,true,1,
4601021053387,false,דובשניות ממולאות בטעם דומדמניות 300 גר,,,דובשניות ממולאות בטע,גרמים,140.00,100 גרם,false,1,9.90,7.07,true,1,
4601021054858,false,ממתק סופלה טעם שמנת ציפוי שוקולד 200 גר,,,ממתק סופלה טעם שמנת,גרמים,200.00,100 גרם,false,1,19.90,9.95,true,1,
4601021054865,false,ממתק סופלה לימון עם ציפוי שוקולד 200 גר,,,ממתק סופלה לימון עם,גרמים,200.00,100 גרם,false,1,19.90,9.95,true,1,
4601021054872,false,ממתק סופלה טעם שוקול ציפוי שוקולד 200 גר,,,ממתק סופלה טעם שוקול,גרמים,200.00,100 גרם,false,1,19.90,9.95,true,1,
4601159075336,false,פירה ללא תוספות 240 גרם,FPP MILOVSKIY,,פירה ללא תוספות 240,גרמים,240.00,100 גרם,false,1,13.90,5.79,true,1,
4601159075848,false,פירה תפוח אדמה עם בצל מטוגן 240 גרם,FPP MILOVSKIY,,פירה תפוח אדמה עם בצ,גרמים,240.00,100 גרם,false,1,5.90,2.46,true,1,
4601513006662,false,ביסקוויט אליונקה בטעם קרם שמנת 240 גר,,,ביסקוויט אליונקה בטע,גרמים,240.00,100 גרם,false,1,16.90,7.04,true,1,
4601513008253,false,ביסקוויט אליונקה בטעם קרם שוקולד 240 גר,,,ביסקוויט אליונקה בטע,גרמים,240.00,100 גרם,false,1,16.90,7.04,true,1,
4601513008581,false,רולדה אליונקה בטעם שוקולד חלב 200 גר,יוז'נואורלקונדיטר,,רולדה אליונקה בטעם ש,גרמים,200.00,100 גרם,false,1,9.90,4.95,true,1,
4601513008970,false,רולדה צ. יגודה עם טעם דובדבנים 200 גר,יוז'נואורלקונדיטר,,רולדה צ. יגודה עם טע,גרמים,200.00,100 גרם,false,1,9.90,4.95,true,1,
4601513009250,false,רולדה חלב ציפור בטעם שמנת 200 גר,יוז'נואורלקונדיטר,,רולדה חלב ציפור בטעם,גרמים,200.00,100 גרם,false,1,9.90,4.95,true,1,
4601513012359,false,רולדה צ. יגודה עם טעם תות שדה 200 גר,,,רולדה צ. יגודה עם טע,גרמים,200.00,100 גרם,false,1,9.90,4.95,true,1,
4601576004032,false,מיונז מצטה חוזייקי זיתים רוטב לסלט 876 ג,OAO ZHIROVOY KOMBINA,,רוטב תיבול בטעם זיתי,מיליליטרים,900.00,"100 מ""ל",false,1,23.90,2.66,true,1,
4601576004100,false,מיונז מצטה חוזייקי קלאסי רוטב לסלט 873 ג,OAO ZHIROVOY KOMBINA,,רוטב תיבול פרובנסל ק,מיליליטרים,900.00,"100 מ""ל",false,1,23.90,2.66,true,1,
4601576010101,false,"רוטב תיבול עם ביצי שליו מצטה חוז 900 מ""ל",,,רוטב תיבול עם ביצי ש,מיליליטרים,900.00,"100 מ""ל",false,1,23.90,2.66,true,1,
4601713001702,false,דובשניות טולסקיי פריאניק פירות 140 גר,טולה,,דובשניות טולסקיי פרי,גרמים,140.00,100 גרם,false,1,6.90,4.93,true,1,
4601713001719,false,דובשניות טולסקיי פריאניק בטעם חלב 140 גר,טולה,,דובשניות טולסקיי פרי,גרמים,140.00,100 גרם,false,1,6.90,4.93,true,1,
4601713003201,false,דובשניות טולסקיי פריאניק חמוציות 140 גר,,,דובשניות טולסקיי פרי,גרמים,140.00,100 גרם,false,1,6.90,4.93,true,1,
4601713006813,false,קרקרים וסיולי קליידוסקופ 400 גר,,RU,קרקרים וסיולי קליידו,גרמים,400.00,100 גרם,false,1,11.90,2.98,true,1,
4601713008190,false,דובשנית טול. פריאניק אוכמניות 140 גרם,,,דובשנית טול. פריאניק,גרמים,140.00,100 גרם,false,1,6.90,4.93,true,1,
4601713008206,false,דובשנית טול. פריאניק תפוז וקינמון 140 גר,,,דובשנית טול. פריאניק,גרמים,140.00,100 גרם,false,1,6.90,4.93,true,1,
4601728012403,false,וודקה בלאיה בריוזקה 1 ליטר,,,וודקה בלאיה בריוזקה,מיליליטרים,1000.00,"100 מ""ל",false,1,99.90,9.99,true,1,
4601772000036,false,מארז ביצי דג שחור מצונן במלח 56.8+113 גר,,,מארז ביצי דג שחור מצ,גרמים,16980.00,100 גרם,false,1,297.90,1.75,true,1,
4601780002565,false,קמח מקפה חיטה 2 קג,MAKFA,,"קמח מאקפה 2 ק""ג",קילוגרמים,0.00,"ק""ג",false,1,22.90,22.90,true,1,
4601780002572,false,"קמח מקפה 1 ק""ג",מקפה,,"קמח מקפה 1 ק""ג",גרמים,1000.00,100 גרם,false,1,11.90,1.19,true,1,
4601780005436,false,אפונה גרוסה 800 גר מקפה,מקפה,,אפונה גרוסה 800 גר מ,גרמים,800.00,100 גרם,false,1,11.90,1.49,true,1,
4601780005450,false,דגני חיטה ארטק 700 גרם,דולינה טרייד בעמ,,דוחן 700 גר מקפה,גרמים,700.00,100 גרם,false,1,12.90,1.84,true,1,
4601780005689,false,אורז מאודה 800ג מקפה,מקפה,,אורז מאודה 800ג מקפה,גרמים,800.00,100 גרם,false,1,14.50,1.81,true,1,
4601780006211,false,סולת מאקפה 700 גר,דולינה טרייד בעמ,,סולת מאקפה 700 גר,גרמים,700.00,100 גרם,false,1,13.50,1.93,true,1,
4601780010003,false,כוסמת 5*80 גר מאקפה,מקפה,,כוסמת 5*80 גר מאקפה,גרמים,400.00,100 גרם,false,1,11.50,2.88,true,1,
4601780010027,false,אורז ארוך 400 גר MAKFA,MAKFA,RU,אורז ארוך 400 גר MAK,גרמים,400.00,100 גרם,false,1,8.90,2.23,true,1,
4601780010041,false,אורז עגול 80 גר 5 יח,MAKFA,RU,אורז עגול 400 גר MAK,גרמים,400.00,100 גרם,false,1,8.90,2.23,true,1,
4601780010065,false,אורז 5*80גר מקפה,מקפה,,אורז 5*80גר מקפה,גרמים,400.00,100 גרם,false,1,9.90,2.48,true,1,
4601780010089,false,שישיית אפונה מקפה 400 גר,מקפה,RU,אפונה 400 גר MAKFA,גרמים,400.00,100 גרם,false,1,7.90,1.98,true,1,
4601780010102,false,דוחן 6 שקיות * 66.66 גר MAKFA,דולינה טרייד בעמ,RU,דוחן 6 שקיות * 66.66,גרמים,400.00,100 גרם,false,1,8.90,2.23,true,1,
4601780010126,false,גריסי חיטה פולטבסקיה 5*80ג מקפה,מקפה,,גריסי חיטה פולטבסקיה,גרמים,400.00,100 גרם,false,1,7.90,1.98,true,1,
4601780010140,false,גריסי שעורה 5*80 גרם,מקפה,,גריסי שעורה 5*80 גרם,גרמים,400.00,100 גרם,false,1,7.90,1.98,true,1,
4601780010676,false,גריסי פנינה 5*80 גר מקפה,מקפה,,גריסי פנינה 5*80 גר,גרמים,400.00,100 גרם,false,1,7.90,1.98,true,1,
4601780010690,false,גריסי פנינה 800ג מקפה,מקפה,,גריסי פנינה 800ג מקפ,גרמים,800.00,100 גרם,false,1,10.90,1.36,true,1,
4601780010829,false,גריסי תירס 700 גר מקפה,מקפה,,גריסי תירס 700 גר מק,גרמים,700.00,100 גרם,false,1,10.90,1.56,true,1,
4602009008399,false,דג ליבקית מיובש וממולח ארנה 150 גר,ARENA,,דג ליבקית מיובש וממו,גרמים,15000.00,100 גרם,false,1,25.90,0.17,true,1,
4602009008412,false,דג קרפיון ללא קרביים ארנה 150 גר,ARENA,,דג קרפיון ללא קרביים,גרמים,15000.00,100 גרם,false,1,17.90,0.12,true,1,
4602009008443,false,דג קרפיון אדום ארנה 150 גר,ARENA,,דג קרפיון אדום ארנה,גרמים,15000.00,100 גרם,false,1,15.90,0.11,true,1,
4602009299742,false,ממתקים מוקצפים בטעם וניל 420 גר,נבסקי קונדיטר,,ממתקים מוקצפים בטעם,גרמים,420.00,100 גרם,false,1,16.50,3.93,true,1,
4602009299773,false,ממתקים מוקצפים וניל מצופה שוקולד 450 גר,נבסקי קונדיטר,,ממתקים מוקצפים וניל,גרמים,450.00,100 גרם,false,1,16.50,3.67,true,1,
4602248008303,false,תערובת לפלוב עם פטריות 250 גר GOTOVO,YELLI,,תערובת לפלוב עם פטרי,גרמים,250.00,100 גרם,false,1,9.90,3.96,true,1,
4602248013710,false,תערובת למרק גריסי פנינה פטריות יילי 125,YELLI,,תערובת למרק גריסי פנ,גרמים,125.00,100 גרם,false,1,9.90,7.92,true,1,
4602248015165,false,תערובת לתבשיל כוסמין פטריות 125 גר,YELLI,,תערובת לתבשיל כוסמין,גרמים,125.00,100 גרם,false,1,9.90,7.92,true,1,
4602248015653,false,תערובת בלילה בראבולי לציפוי דגים וירקות,,,תערובת בלילה בראבולי,גרמים,200.00,100 גרם,false,1,6.90,3.45,true,1,
4602441005093,false,משקה צירנוגולובקי בא,אקוואלייף,,משקה 2 ליטר BAIKAL,ליטרים,0.00,ליטר,false,1,16.50,16.50,true,1,
4602481010026,false,"קמח חיטה לבן צאר 2 ק""ג",סויוזפישפרום,,קמח חיטה לבן צאר,קילוגרמים,0.00,"ק""ג",false,1,18.90,18.90,true,1,
4602481105128,false,תערובת 7 דגנים צאר 400 גרם,סיוז פישפרום,,תערובת 7 דגנים צאר 4,גרמים,400.00,100 גרם,false,1,12.90,3.23,true,1,
4602481107733,false,חטיף לחם שיפון סובין 90 גר Dr.NATURI,דינמו ק מוסקבה,,חטיף לחם שיפון סובין,גרמים,90.00,100 גרם,false,1,8.90,9.89,true,1,
4602486000954,false,וודקה בלנקאיה גולד 1,מזקקת גורגיבסקי,,וודקה בלניקאיה 1 ל,מיליליטרים,1000.00,"100 מ""ל",false,1,85.90,8.59,true,1,
4602486002071,false,"וודקה בלנקאיה גולד 700 מ""ל",מזקקת גאורגייבסקי קר,RU,וודקה בלנקאיה גולד 7,מיליליטרים,700.00,"100 מ""ל",false,1,54.90,7.84,true,1,
4602486002477,false,"וודקה בלנקאיה אקסטרה 700 מ""ל",בלוגה,RU,וודקה בלנקאיה אקסטרה,מיליליטרים,700.00,"100 מ""ל",false,1,67.90,9.70,true,1,
4602486002484,false,וודקה בלנקאיה אקסטרה 1 ליטר,,,וודקה בלנקאיה אקסטרה,מיליליטרים,1000.00,"100 מ""ל",false,1,93.90,9.39,true,1,
4603134002801,false,דוחן צאר 800 גרם,סויוזפישפרום,,גריסי חיטה צאר 800 ג,גרמים,800.00,100 גרם,false,1,15.50,1.94,true,1,
4603400000043,false,וודקה רוסקי יורוסטנדרט (700 מל),רוסקי סטנדרט וודקה,,וודקה רוסקיי סטנדרט,מיליליטרים,700.00,"100 מ""ל",false,1,59.90,8.56,true,1,
4603400000197,false,וודקה רוסקי סטנדרט 0.5 ליטר,יורוסטנדרט בעמ,,וודקה רוסקי סטנדרט 5,מיליליטרים,500.00,"100 מ""ל",false,1,60.90,12.18,true,1,
4603514006771,false,"וודקה 700 מ""ל IMPERIAL COLLECTION",,,"וודקה 700 מ""ל IMPERI",מיליליטרים,700.00,"100 מ""ל",false,1,83.90,11.99,true,1,
4603514009277,false,"גין באריסטר יבש 700 מ""ל",לאדוגה גרופ,RU,גין באריסטר יבש 700,מיליליטרים,700.00,"100 מ""ל",false,1,98.90,14.13,true,1,
4603514010327,false,"גין באריסטר פינק מתובל 700 מ""ל",,RU,גין באריסטר פינק מתו,מיליליטרים,700.00,"100 מ""ל",false,1,104.90,14.99,true,1,
4603514010341,false,"גין באריסטר בלו מתובל 700 מ""ל",,RU,גין באריסטר בלו מתוב,מיליליטרים,700.00,"100 מ""ל",false,1,104.90,14.99,true,1,
4603552005606,false,פטריות יבשות לבנות 45ג,סיביר קלצאטקה,,פטריות יבשות לבנות 4,גרמים,45.00,100 גרם,false,1,37.90,84.22,true,1,
4603566903950,false,תבלין מלח 7 מנות 400 גר,אגרואימפורט,,תבלין מלח 7 מנות 40,גרמים,400.00,100 גרם,false,1,12.90,3.23,true,1,
4603566907958,false,תבלין מלח מנות ראשונות 400 גר,אגרואימפורט,,תבלין מלח מנות ראשונ,גרמים,400.00,100 גרם,false,1,12.90,3.23,true,1,
4603566921954,false,תבלין מלח 12 ירקות 400 גר,אגרואימפורט,,תבלין מלח 12 ירקות 4,גרמים,400.00,100 גרם,false,1,12.90,3.23,true,1,
4603793040015,false,בייגלה בטעם פשטידות 500 גר,וולסקי פרק,,בייגלה בטעם פשטידות,גרמים,500.00,100 גרם,false,1,19.90,3.98,true,1,
4603793243546,false,בייגלה בטעם פרג 500 גר,וולסקי פרק,,בייגלה בטעם פרג 500,גרמים,500.00,100 גרם,false,1,19.90,3.98,true,1,
4603793245274,false,בייגלה בטעם צימוקים 500 גר,וולסקי פרק,,בייגלה בטעם צימוקים,גרמים,500.00,100 גרם,false,1,19.90,3.98,true,1,
4603928000976,false,"בלוגה נובל וודקה 700 מ""ל+כוס הייבול",מרינסקי ליקרו-וודאצ'\ני,RU,וודקה בלוגה נובל 700,מיליליטרים,700.00,"100 מ""ל",false,1,122.90,17.56,true,1,
4603928005551,false,וודקה בלוגה טראנסאטלנטיק 1 ליטר,,,וודקה בלוגה טראנסאטל,מיליליטרים,1000.00,"100 מ""ל",false,1,192.90,19.29,true,1,
4603955001830,false,שוקולד רוסקיי פוריסטי עלית 100 גר,רוסקיי שוקולד,,שוקולד רוסקיי פוריסט,גרמים,100.00,100 גרם,false,1,7.90,7.90,true,1,
4604248000103,false,מיונז מאחייב זיתים 50.5% 800 גרם,אסן פרודקשן,,מיונז מאחייב זיתים 8,גרמים,800.00,100 גרם,false,1,19.90,2.49,true,1,
4604248000349,false,רוטב בטעם מיונז פרובנסל מחייב 380 גרם,דולינה טרייד בעמ,,מיונז מאחייב פרובנסא,גרמים,380.00,100 גרם,false,1,11.90,3.13,true,1,
4604248000554,false,מיונז מאחייב פרובנסל 50.5% 800 גרם,דולינה טרייד בעמ,,מיונז מאחייב פרובנסל,גרמים,800.00,100 גרם,false,1,19.90,2.49,true,1,
4604248000844,false,רוטב בטעם מיונז עם שמן זית 380 גרם,אסן פרודקשן,,מיונז מאחייב עם שמן,גרמים,380.00,100 גרם,false,1,11.90,3.13,true,1,
4604248000851,false,מיונז פרובנסל עם מיץ לימון מחייב 380 גרם,אסן פרודקשן,,מיונז מאחייב לימון 3,גרמים,380.00,100 גרם,false,1,11.90,3.13,true,1,
4604248002671,false,מיונז מאחייב בטעם לימון 50.5% 800 גרם,אסן פרודקשן,,מיונז מאחייב בטעם לי,גרמים,800.00,100 גרם,false,1,19.90,2.49,true,1,
4604248003043,false,קטשופ שישליק 500 גרם מחייב,דולינה טרייד בעמ,,קטשופ שישליק 500 גר,גרמים,500.00,100 גרם,false,1,12.50,2.50,true,1,
4604248003050,false,קטשופ צילי 500 גרם מחייב,PRODEX,,קטשופ צילי,גרמים,500.00,100 גרם,false,1,12.50,2.50,true,1,
4604248003067,false,קטשופ לצו 500 גרם מחייב,אסן פרודקשן,,קטשופ לצו 500 גרם מח,גרמים,500.00,100 גרם,false,1,12.50,2.50,true,1,
4604248003081,false,רוטב בטעם מיונז עם בית שליו מחייב 380 גרם,דולינה טרייד בעמ,,מיונז מאחייב פרובנסא,גרמים,420.00,100 גרם,false,1,11.90,2.83,true,1,
4604248003517,false,"חרדל""רוסקיה"" 140 גרם",דולינה טרייד בעמ,,חרדל רוסי 140 גר Mah,גרמים,140.00,100 גרם,false,1,6.70,4.79,true,1,
4604248003845,false,"קטשופ""טומטניי"" 500 גרם",דולינה טרייד בעמ,,קטשופ טומטניי 500 גר,גרמים,500.00,100 גרם,false,1,12.50,2.50,true,1,
4604248006921,false,ריבת מאחייב לימון בזכוכית 400 גרם,דולינה טרייד בעמ,,ריבת מאחייב לימון בז,גרמים,400.00,100 גרם,false,1,22.90,5.73,true,1,
4604248006952,false,ריבת תות שדה מאחייב בזכוכית 400 גר,,RU,ריבת תות שדה מאחייב,גרמים,400.00,100 גרם,false,1,22.90,5.73,true,1,
4604248008635,false,ריבת מאחייב אוכמניות בזכוכית 400 גר,אסן פרודקשן,,ריבת מאחייב אוכמניו,גרמים,400.00,100 גרם,false,1,22.90,5.73,true,1,
4604248012601,false,חזרת 190 גרם מחייב,דולינה טרייד בעמ,,חזרת 190 גרם מחייב,גרמים,190.00,100 גרם,false,1,10.90,5.74,true,1,
4604248012618,false,חרדל רוסקיה 190 גרם מחייב,דולינה טרייד בעמ,,Maheev חרדל רוסי 190,גרמים,190.00,100 גרם,false,1,8.90,4.68,true,1,
4604248013240,false,ריבת פירות יער 300 גרם,,,ריבת פירות יער 300 ג,גרמים,300.00,100 גרם,false,1,12.50,4.17,true,1,
4604248014667,false,תערובת תבליני לעוף טעם חרדל 500 גר מחייב,Maheev,,תערובת תבליני לעוף,גרמים,500.00,100 גרם,false,1,8.90,1.78,true,1,
4604248014674,false,תערובת תבלינים לשישליק 500 גר מחייב,Maheev,,תערובת תבלינים,גרמים,500.00,100 גרם,false,1,8.90,1.78,true,1,
4604248014797,false,רוטב תיבול חריף אגיקה מאחייב 190 גר,דולינה טרייד בעמ,,רוטב תיבול חריף אגיק,גרמים,190.00,100 גרם,false,1,10.50,5.53,true,1,
4604248016197,false,תערובת תבלינים תחמיץ ברביקיו מאחייב 300,Maheev,,תערובת תבלינים תחמיץ,גרמים,300.00,100 גרם,false,1,9.90,3.30,true,1,
4604248016272,false,ריבת מאחייב דובדבן בזכוכית 400 גר,דולינה טרייד בעמ,,ריבת מאחייב דובדבן,גרמים,400.00,100 גרם,false,1,22.90,5.73,true,1,
4604248016289,false,ריבת מאחייב פירות יער בזכוכית 400 גר,אסן פרודקשן,,ריבת מאחייב פירות,גרמים,400.00,100 גרם,false,1,22.90,5.73,true,1,
4604248016883,false,ממתקי גילי מאחייב בטעם פירות 250 גר,אסן פרודקשן,,ממתקי גילי מאחייב,גרמים,250.00,100 גרם,false,1,9.90,3.96,true,1,
4604248016920,false,ריבת אפרסק ומנגו מאחייב בזכוכית 400 גר,אסן פרודקשן,RU,ריבת אפרסק ומנגו מאח,גרמים,400.00,100 גרם,false,1,22.90,5.73,true,1,
4604248018269,false,רוטב קיסר 200 גרם,,,רוטב קיסר 200 גרם,גרמים,200.00,100 גרם,false,1,7.90,3.95,true,1,
4604248018276,false,רוטב בטעם גבינה 200 גרם,,,רוטב בטעם גבינה 200,גרמים,200.00,100 גרם,false,1,7.90,3.95,true,1,
4604248018283,false,רוטב בטעם שמנת חמוצה עם פטריות 200 גרם,,,רוטב בטעם שמנת חמוצה,גרמים,200.00,100 גרם,false,1,7.90,3.95,true,1,
4604248018290,false,רוטב בטעם שום ושמנת 200 גרם,,,רוטב בטעם שום ושמנת,גרמים,200.00,100 גרם,false,1,7.90,3.95,true,1,
4604248022709,false,מיונז מאחייב ביצים 50.5% 800 גרם,דולינה טרייד בעמ,RU,מיונז מאחייב ביצים 5,גרמים,800.00,100 גרם,false,1,19.90,2.49,true,1,
4605246002014,false,תה ויסוקוגורניי ליסט פרינצסה נורי 100 שק,,,תה נסיכה נורי הרים,Unknown,0.00,Unknown,false,1,21.90,21.90,true,1,
4605246003523,false,תה גרינפילד שחור גולדן צילוני 25 שקי 50 גר,גרינפילד Greenfield,RU,תה גרינפילד שחור גול,גרמים,50.00,100 גרם,false,1,12.50,25.00,true,1,
4605246003585,false,תה גרינפילד ירוק סיני 25 שקי 50 גר,גרינפילד Greenfield,RU,תה גרינפילד ירוק סינ,גרמים,50.00,100 גרם,false,1,12.50,25.00,true,1,
4605246003738,false,תה גרינפילד ירוק יסמין 25 שקי 50 גר,אורימי,RU,תה גרינפילד ירוק יסמ,גרמים,50.00,100 גרם,false,1,12.50,25.00,true,1,
4605246004261,false,תה גרינפלד בתפזורת 100 גר Grey Fantasy,,RU,תה גרינפלד בתפזורת 1,גרמים,100.00,100 גרם,false,1,11.90,11.90,true,1,
4605246004278,false,תה גרינפילד שחור ארל גריי 25 שקי 50 גר,גרינפילד Greenfield,RU,תה גרינפילד שחור ארל,גרמים,50.00,100 גרם,false,1,12.50,25.00,true,1,
4605246004339,false,חליטה תה גרינפילד סאמר בוקט 25 שקי,גרינפילד Greenfield,RU,חליטה תה גרינפילד סא,גרמים,38.00,100 גרם,false,1,12.50,32.89,true,1,
4605246004346,false,תה קינמון 1/25 גרינפילד 37.5 גר,אורימי,RU,תה קינמון 1/25 גרינ,גרמים,38.00,100 גרם,false,1,12.50,32.89,true,1,
4605246004353,false,תה גרינפילד ירוק נענע ומליסה 25 שקי 37.5 גר,גרינפילד Greenfield,RU,תה גרינפילד ירוק נענ,גרמים,38.00,100 גרם,false,1,12.50,32.89,true,1,
4605246004766,false,קפה נמס מיובש בהקפאה טריומף גוקיי 95 גר,,,קפה נמס מיובש בהקפאה,גרמים,100.00,100 גרם,false,1,18.90,18.90,true,1,
4605246005237,false,תה גרינפילד כמומיל דבש 1/25 שקיקים 37.5,,,תה גרינפילד חליטת תה,יחידה,1.00,יחידה,false,1,12.50,12.50,true,1,
4605246005251,false,תה גרינפילד שחור ספרינג מלודי 25 שקי,אורימי,RU,תה גרינפילד שחור ספר,גרמים,38.00,100 גרם,false,1,12.50,32.89,true,1,
4605246005817,false,תה גרינפילד גולדן ציילון 100 שקי 200 גר,אורימי,,תה גרינפילד גולדן צי,גרמים,100.00,100 גרם,false,1,33.90,33.90,true,1,
4605246005848,false,תה גרינפילד ארל גריי 100 שקי 200 גר,אורימי,,תה גרינפילד ארל גריי,גרמים,200.00,100 גרם,false,1,33.90,16.95,true,1,
4605246005855,false,תה גרינפילד ירוק דרקון 100 שקי 200 גר,אורימי,,תה גרינפילד ירוק דרק,גרמים,200.00,100 גרם,false,1,33.90,16.95,true,1,
4605246005947,false,תה טס פלזה 25 שקיקים,,,תה טס פלזה 25 שקיקים,Unknown,0.00,Unknown,false,1,12.90,12.90,true,1,
4605246006005,false,GREENFIELתה שחור קניין סאנרייז - 100 יח,אורימי,,GREENFIELתה שחור קני,גרמים,200.00,100 גרם,false,1,33.90,16.95,true,1,
4605246006456,false,תה טס ארל גריי 25 שקיקים,,,תה טס ארל גריי 25 שק,Unknown,0.00,Unknown,false,1,12.90,12.90,true,1,
4605246007118,false,תה גרינפילד שחור לימון 25 שקי 37.5 גר,גרינפילד Greenfield,RU,תה גרינפילד שחור לימ,גרמים,38.00,100 גרם,false,1,12.50,32.89,true,1,
4605246007842,false,תה טאס פורסט דרים 20 שקיות 1.8 גר,,,תה טאס פורסט דרים 20,Unknown,0.00,Unknown,false,1,14.90,14.90,true,1,
4605246007859,false,תה שלור טס ברי בר 20 שקיקים,,RU,תה שלור טס ברי בר 20,גרמים,36.00,100 גרם,false,1,14.90,41.39,true,1,
4605246007897,false,תה סאמר טיים 20שקיות של 1.8ג'-TESS,,RU,תה שלור טס סאמר טיים,גרמים,36.00,100 גרם,false,1,14.90,41.39,true,1,
4605246008801,false,תה ירוק פרינצסה יבה 100 שקיות,,,תה ירוק פרינצסה יבה,Unknown,0.00,Unknown,false,1,19.90,19.90,true,1,
4605246008832,false,תה טס ארל גריי סיקרט 20 שקיקים,,,תה טס ארל גריי סיקרט,גרמים,36.00,100 גרם,false,1,14.90,41.39,true,1,
4605246008986,false,תה גרינפילד פירמידה ציילון 20 שקי 40 גר,אורימי,,תה גרינפילד פירמידה,Unknown,0.00,Unknown,false,1,14.90,14.90,true,1,
4605246009006,false,תה גרינפילד פירמידה ארל גריי 20 שקי 40 ג,אורימי,,תה גרינפילד פירמידה,Unknown,0.00,Unknown,false,1,14.90,14.90,true,1,
4605246009020,false,תה גרינפילד פירמידה אוכמניות 20 שק 40 ג,אורימי,,תה גרינפילד פירמידה,Unknown,0.00,Unknown,false,1,14.90,14.90,true,1,
4605246010743,false,מארז מתנה תה קרינפילד 120 שקי 212.4 גר,אורימי,,מארז מתנה תה גרינפיל,גרמים,212.00,100 גרם,false,1,62.90,29.67,true,1,
4605246011191,false,תה שחור צמחי טיליה בטעם דבש-25 שקיות,אורימי,RU,תה שחור צמחי טיליה ב,גרמים,38.00,100 גרם,false,1,12.50,32.89,true,1,
4605246011313,false,תה טס טיים 25 שקיקים,,,תה טס טיים 25 שקיקים,Unknown,0.00,Unknown,false,1,12.90,12.90,true,1,
4605246011344,false,תה שחור רד בריי - פירמידה 36 גר GREENFI,אורימי,,תה שחור רד בריי - פי,גרמים,36.00,100 גרם,false,1,14.90,41.39,true,1,
4605246013690,false,תה גרינפלד בתפזורת 100 גר Summer Bouquet,,RU,תה גרינפלד בתפזורת 1,גרמים,100.00,100 גרם,false,1,11.90,11.90,true,1,
4605246013836,false,תה שחור אינגליש אדישן-100 יח-Greenfield,,,תה שחור אינגליש אדיש,גרמים,100.00,100 גרם,false,1,33.90,33.90,true,1,
4605246015274,false,תה שלור טס בלוברי טארט 20 שקיקים,,RU,תה שלור טס בלוברי טא,גרמים,36.00,100 גרם,false,1,14.90,41.39,true,1,
4605246015380,false,חליטה צמחים דובדבן -25 שקיות,אורימי,RU,חליטה צמחים דובדבן -,גרמים,50.00,100 גרם,false,1,12.50,25.00,true,1,
4605246015397,false,חליטה גרינפילד פירות יער ברי סאנסט 25 שק,אורימי,RU,חליטה גרינפילד פירות,גרמים,50.00,100 גרם,false,1,12.50,25.00,true,1,
4605362008716,false,גרעינים שחורים 300 גר בבקיני,או או או יקה.דה.וא.ק,,גרעינים שחורים 300 ג,גרמים,300.00,100 גרם,false,1,18.90,6.30,true,1,
4605362008730,false,גרעינים חמניות שחורים בבקיני 500 גר,קה דה בה,,גרעינים חמניות שחורי,גרמים,500.00,100 גרם,false,1,22.90,4.58,true,1,
4605504512316,false,עוגיות אגוזים 200 גר סורמובסקויה,סורמובסקי,,עוגיות אגוזים 200 גר,גרמים,200.00,100 גרם,false,1,5.90,2.95,true,1,
4605504512347,false,עוגיות זמליניקה 200 גר סורמובסקויה,סורמובסקי,,עוגיות זמליניקה 200,גרמים,200.00,100 גרם,false,1,5.90,2.95,true,1,
4605504512378,false,עוגיות שמנת 200 גר סורמובסקויה,סורמובסקי,,עוגיות שמנת 200 גר ס,גרמים,200.00,100 גרם,false,1,5.90,2.95,true,1,
4605504512569,false,עוגיות קפה 200 גר סורמובסקויה,סורמובסקי,,עוגיות קפה 200 גר סו,גרמים,200.00,100 גרם,false,1,5.90,2.95,true,1,
4605504512620,false,עוגיות ריבת חלב 200 גר סורמובסקויה,סורמובסקי,,עוגיות ריבת חלב 200,גרמים,200.00,100 גרם,false,1,5.90,2.95,true,1,
4605504513382,false,זפיר וניל אקסטרה 280 גרם,סורמובסקי,,זפיר וניל אקסטרה 280,גרמים,280.00,100 גרם,false,1,11.90,4.25,true,1,
4605504513856,false,זפיר קפה אקסטרה 280 גרם,סורמובסקי,,זפיר קפה אקסטרה 280,גרמים,280.00,100 גרם,false,1,11.90,4.25,true,1,
4605504518646,false,זפיר לבן ורוד אקסטרה 280 גרם,סורמובסקי,,זפיר לבן ורוד אקסטרה,גרמים,280.00,100 גרם,false,1,11.90,4.25,true,1,
4605516000115,false,בונבוניירה צופור גן עדן 300 גר,וורונזקה פבריקה,,בונבוניירה חלב ציפור,גרמים,300.00,100 גרם,false,1,29.90,9.97,true,1,
4605516014617,false,זפיר סלדקיי איסטוריי אוכמניות בשוקו 180,וורונז',,זפיר סלדקיי איסטוריי,גרמים,180.00,100 גרם,false,1,16.90,9.39,true,1,
4605516018803,false,סוכריות שקולנייה /גוסיני לפקי במשקל,רוט פרונט,,סוכריות קבוצה 3 במשק,Unknown,0.00,"ק""ג",true,0,55.00,55.00,true,1,
4605516020120,false,סט ממתקי שוקולד וקרמלים 250 גר FONARIK,,RU,מבחר ממתקי 250 גרם,גרמים,250.00,100 גרם,false,0,34.90,13.96,true,1,
4605516020380,false,זפיר וודוחנובניה פירות יער מצופה 245 גר,,,זפיר וודוחנובניה פי,גרמים,245.00,100 גרם,false,1,29.90,12.20,true,1,
4605561010305,false,"חתיכות פילה הרינג עם שמיר בשמן 17.6 אונקיה, 500 גרם",דילר בי.אם.די פורמולה בעמ,RU,חתיכות פילה הרינג,גרמים,500.00,100 גרם,false,1,30.50,6.10,true,1,
4605561010329,false,חתיכות פילה הרינג מעושן בשמן 500 גרם,,RU,חתיכות פילה הרינג,גרמים,500.00,100 גרם,false,1,30.50,6.10,true,1,
4605561010343,false,פילה דג הרינג חתיכות בשמן 500 גרם,דילר בי.אמ.די פורמולה בעמ,RU,חתיכות פילה הרינג,גרמים,500.00,100 גרם,false,1,30.50,6.10,true,1,
4605561011975,false,חתיכות פילה דג הרינג בשמן מצונן 150 גרם,דילר בי.אם.די. פורמולה בעמ,,חתיכות פילה הרינג בש,גרמים,200.00,100 גרם,false,1,8.30,4.15,true,1,
4605561012613,false,פילה דג הרינג קצוץ בשמן 400 גרם,דילר בי.אם.די. פורמולה בעמ,,פילה הרינג (קצוץ) בש,גרמים,400.00,100 גרם,false,1,17.70,4.43,true,1,
4605561013009,false,פילה דג הרינג בשמן 400 גרם,דילר בי.אם.די. פורמולה בעמ,,פילה הרינג בשמן 400,גרמים,400.00,100 גרם,false,1,17.70,4.43,true,1,
4605622010237,false,"בירה סטארי מלניק 4.2% בבקבוק 450 מ""ל",אפיס ברברי,RU,בירה סטארי מלניק 4.3,מיליליטרים,450.00,"100 מ""ל",false,1,10.90,2.42,true,1,
4605622010268,false,"בירה סטארי מלניק 4.2% בוצונוק 450 מ""ל",אפיס ברברי,RU,בירה סטארי מלניק 4.2,מיליליטרים,450.00,"100 מ""ל",false,1,10.90,2.42,true,1,
4605622010329,false,"בירה סטרי מלניק 5% 450 מ""ל",,RU,בירה סטרי מלניק בהיר,מיליליטרים,450.00,"100 מ""ל",false,1,10.90,2.42,true,1,
4605627003128,false,מעדן פרוטיס אננס מלון פטל 115ג',,,פרוטיס אננס/מלון/פטל,מיליליטרים,115.00,"100 מ""ל",false,1,5.50,4.78,true,1,
4605627006600,false,מעדן פרוטיס תות שדה 290ג',,RU,פרוטיס תות שדה 290 מ,מיליליטרים,290.00,"100 מ""ל",false,1,10.90,3.76,true,1,
4605627006624,false,מעדן פרוטיס אפרסק 290ג',,,פרוטיס אפרסק 320 מל,מיליליטרים,320.00,"100 מ""ל",false,1,10.90,3.41,true,1,
4605627006747,false,פרוטיס תות שדה עם קורנפלקס 180 מל,,,פרוטיס תות שדה עם קו,מיליליטרים,180.00,"100 מ""ל",false,1,8.90,4.94,true,1,
4605627007409,false,מעדן פרוטיס אגס וניל דובד פלומביר 115ג',,,פרוטיס אגס/וניל/דובד,מיליליטרים,115.00,"100 מ""ל",false,1,5.50,4.78,true,1,
4605627007485,false,מעדן פרוטיס בננה ספליט פינקולדה 115ג',,,פרוטיס בננה ספליט/פי,מיליליטרים,115.00,"100 מ""ל",false,1,5.50,4.78,true,1,
4605664011308,false,"בירה בוצקה קלאסיק 4.7% 450 מ""ל פחית",,,בירה בוצקה קלאסיק 4.,מיליליטרים,450.00,"100 מ""ל",false,1,9.50,2.11,true,1,
4606260000185,false,תערובת לתיבול שישליק,,RU,תערובת לתיבול שישליק,Unknown,0.00,Unknown,false,1,2.90,2.90,true,1,
4606260000192,false,תערובת לתיבול פלוב ר,,RU,תערובת לתיבול פלוב ר,Unknown,0.00,Unknown,false,1,2.90,2.90,true,1,
4606260000222,false,תערובת לתיבול עוף 15,,RU,תערובת לתיבול עוף 15,Unknown,0.00,Unknown,false,1,2.90,2.90,true,1,
4606260000499,false,תבלין קחמלי סונלי 15,,RU,תבלין קחמלי סונלי 15,Unknown,0.00,Unknown,false,1,2.90,2.90,true,1,
4606260000505,false,תערובת לתיבול כיסוני,,RU,תערובת לתיבול כיסוני,Unknown,0.00,Unknown,false,1,2.90,2.90,true,1,
4606260000529,false,תערובת לתיבול תפוחי,,RU,תערובת לתיבול תפוחי,Unknown,0.00,Unknown,false,1,2.90,2.90,true,1,
4606260000888,false,תבלין שום מיובש 10 ג,,RU,תבלין שום מיובש 10 ג,Unknown,0.00,Unknown,false,1,2.90,2.90,true,1,
4606260002653,false,תבלין אוניברסאלי 15,,RU,תבלין אוניברסאלי 15,Unknown,0.00,Unknown,false,1,2.90,2.90,true,1,
4606260004381,false,ויטקס תערובת תיבול ירק קיצי 110 גרם,,,ויטקס תערובת תיבול י,גרמים,110.00,100 גרם,false,1,10.20,9.27,true,1,
4606260004428,false,ויטקס תערובת תיבול ירקות מיובשים 50 גרם,,,ויטקס תערובת תיבול י,גרמים,50.00,100 גרם,false,1,9.10,18.20,true,1,
4606260004442,false,ויטקס תערובת תיבול עשבים מיובשים 30 גרם,,,ויטקס תערובת תיבול ע,גרמים,30.00,100 גרם,false,1,9.10,30.33,true,1,
4606260004473,false,תערובת לתיבול דג אדו,,RU,תערובת לתיבול דג אדו,Unknown,0.00,Unknown,false,1,2.90,2.90,true,1,
4606260004589,false,תבלין אורגנו 5 גרם ו,,RU,תבלין אורגנו 5 גרם ו,Unknown,0.00,Unknown,false,1,2.90,2.90,true,1,
4606260004657,false,תבלין כוסברה 10 גרם,,RU,תבלין כוסברה 10 גרם,Unknown,0.00,Unknown,false,1,2.90,2.90,true,1,
4606260004985,false,ויטקס תערובת תיבול ירק מיובש 30 גרם,,,ויטקס תערובת תיבול י,גרמים,30.00,100 גרם,false,1,9.10,30.33,true,1,
4606260005098,false,תערובת לתיבול כרעיים,,RU,תערובת לתיבול כרעיים,Unknown,0.00,Unknown,false,1,2.90,2.90,true,1,
4606260005104,false,תבלין כורכום 10 גרם,,RU,תבלין כורכום 10 גרם,Unknown,0.00,Unknown,false,1,2.90,2.90,true,1,
4606260005326,false,ויטקס עלי דפנה 50 גרם,ויטקס,,ויטקס עלי דפנה 50 גר,גרמים,50.00,100 גרם,false,1,10.30,20.60,true,1,
4606260007948,false,פלפל שחור שלם ויטקס 40 גרם,,,פלפל שחור שלם ויטקס,גרמים,65.00,100 גרם,false,1,9.90,15.23,true,1,
4606260008761,false,תערובת תיבול לבשר ויטקס 57 גרם,,,תערובת תיבול לבשר וי,גרמים,59.00,100 גרם,false,1,9.90,16.78,true,1,
4606495001414,false,דג יבש מקולף לש 150 גרם,,KZ,דג יבש מקולף לש 150,גרמים,150.00,100 גרם,false,1,26.50,17.67,true,1,
4606598000659,false,תבלין ברבריס מגיה ווסטוקה 15 גרם,PROFAGROTECHNIKA,,תבלין ברבריס מגיה וו,Unknown,0.00,Unknown,false,1,3.90,3.90,true,1,
4606598001335,false,תבלין לפלוב מגיה ווסטוקה 15 גרם,PROFAGROTECHNIKA,,תבלין לפלוב מגיה ווס,Unknown,0.00,Unknown,false,1,3.90,3.90,true,1,
4606598001342,false,תבלין לבשר מגיה ווסטוקה 15 גרם,PROFAGROTECHNIKA,RU,תבלין לבשר מגיה ווסט,Unknown,0.00,Unknown,false,1,3.90,3.90,true,1,
4606598001359,false,תבלין לעוף מגיה ווסטוקה 15 גרם,PROFAGROTECHNIKA,,תבלין לעוף מגיה ווסט,Unknown,0.00,Unknown,false,1,3.90,3.90,true,1,
4606598001366,false,תבלין לדגים מגיה ווסטוקה 15 גר,PROFAGROTECHNIKA,RU,תבלין לדגים מגיה ווס,Unknown,0.00,Unknown,false,1,3.90,3.90,true,1,
4606598001397,false,"תבלין לתפו""א מגיה ווסטוקה 15 גרם",PROFAGROTECHNIKA,,תבלין לתפוא מגיה ווס,Unknown,0.00,Unknown,false,1,3.90,3.90,true,1,
4606598001427,false,תבלין חמלי-סונלי מגיה ווסטוקה 15 גרם,PROFAGROTECHNIKA,,תבלין חמלי-סונלי מגי,Unknown,0.00,Unknown,false,1,3.90,3.90,true,1,
4606598001434,false,תבלין לבשר טחון מגיה ווסטוקה 15 גרם,PROFAGROTECHNIKA,,תבלין לבשר טחון מגיה,Unknown,0.00,Unknown,false,1,3.90,3.90,true,1,
4606598001458,false,תבלין לשישליק מגיה ווסטוקה 15 גרם,PROFAGROTECHNIKA,,תבלין לשישליק מגיה,Unknown,0.00,Unknown,false,1,3.90,3.90,true,1,
4606598001465,false,תבלין לבשר לבן מגיה ווסטוקה 15 גרם,,,תבלין לבשר לבן מגיה,Unknown,0.00,Unknown,false,1,3.90,3.90,true,1,
4606598001717,false,תבלין למרק מגיה ווסטוקה 15 גרם,PROFAGROTECHNIKA,RU,תבלין למרק מגיה ווסט,Unknown,0.00,Unknown,false,1,3.90,3.90,true,1,
4606598001724,false,תבלין לגולש מגיה ווסטוקה 15 גרם,PROFAGROTECHNIKA,,תבלין לגולש מגיה ווס,Unknown,0.00,Unknown,false,1,3.90,3.90,true,1,
4606598001731,false,תבלין לגריל מגיה ווסטוקה 15 גרם,PROFAGROTECHNIKA,RU,תבלין לגריל מגיה ווס,Unknown,0.00,Unknown,false,1,3.90,3.90,true,1,
4606598002134,false,תבלין שמיר מגיה ווסטוקה 7 גרם,PROFAGROTECHNIKA,RU,תבלין שמיר מגיה ווסט,Unknown,0.00,Unknown,false,1,3.90,3.90,true,1,
4606598002660,false,תערובת תיבול לחולודץ מגיה ווסטוקה 20 גר,PROFAGROTECHNIKA,,תערובת תיבול לחולודץ,Unknown,0.00,Unknown,false,1,3.90,3.90,true,1,
4606598002677,false,תבלין לבשר בקר מגיה ווסטוקה 15 גרם,PROFAGROTECHNIKA,,תבלין לבשר בקר מגיה,Unknown,0.00,Unknown,false,1,3.90,3.90,true,1,
4606598002745,false,תבלין לסולומון מגיה ווסטוקה 15 גרם,PROFAGROTECHNIKA,,תבלין לסולומון מגיה,Unknown,0.00,Unknown,false,1,3.90,3.90,true,1,
4606598003155,false,תערובת תיבול למרק דג מגיה ווסטוקה 15 גר,PROFAGROTECHNIKA,,תערובת תיבול למרק דג,Unknown,0.00,Unknown,false,1,2.90,2.90,true,1,
4606598003162,false,תבלין לכבש מגיה ווסטוקה 15 גר,,RU,תבלין לכבש מגיה ווסט,Unknown,0.00,Unknown,false,1,3.90,3.90,true,1,
4606598003391,false,תבלין לבורשץ מגיה ווסטוקה 15 גרם,PROFAGROTECHNIKA,,תבלין לבורשץ מגיה וו,Unknown,0.00,Unknown,false,1,3.90,3.90,true,1,
4606598003612,false,תבלין לכרעיים מגיה ווסטוקה 15 גרם,PROFAGROTECHNIKA,,תבלין לכרעיים מגיה ו,Unknown,0.00,Unknown,false,1,3.90,3.90,true,1,
4606598003681,false,תבלין לגזר קוריאני מגיה ווסטוקה 15 גר,PROFAGROTECHNIKA,RU,תבלין לגזר קוריאני מ,Unknown,0.00,Unknown,false,1,2.90,2.90,true,1,
4606598007054,false,תבלין פלפל שחור טחון מגיה ווסטוקה 10 גר,PROFAGROTECHNIKA,,תבלין פלפל שחור טחון,Unknown,0.00,Unknown,false,1,2.90,2.90,true,1,
4606598007085,false,תבלין פלפל שחור שלם מגיה ווסטוקה 10 גר,PROFAGROTECHNIKA,,תבלין פלפל שחור שלם,Unknown,0.00,Unknown,false,1,2.90,2.90,true,1,
4606598007399,false,תבלין גינגר 10 גר מגיה ווסטוקה,PROFAGROTECHNIKA,RU,תבלין גינגר 10 גר מג,גרמים,10.00,100 גרם,false,1,3.90,39.00,true,1,
4606598007412,false,תבלין זירה מגיה ווסטוקה 15 גרם,PROFAGROTECHNIKA,,תבלין זירה מגיה ווסט,Unknown,0.00,Unknown,false,1,3.90,3.90,true,1,
4606598007559,false,תבלין ציפורן שלם מגיה ווסטוקה 10 גר,PROFAGROTECHNIKA,,תבלין ציפורן שלם מגי,Unknown,0.00,Unknown,false,1,5.90,5.90,true,1,
4606598007603,false,תבלין קינמון טחון מגיה ווסטוקה 15 גרם,PROFAGROTECHNIKA,,תבלין קינמון טחון מג,Unknown,0.00,Unknown,false,1,3.90,3.90,true,1,
4606598007610,false,כורכום 10 גר מגיה ווסטוקה,PROFAGROTECHNIKA,RU,כורכום 10 גר מגיה וו,גרמים,10.00,100 גרם,false,1,3.90,39.00,true,1,
4606598007641,false,תבלין פלפל רייחני שלם מגיה ווסטוקה 10 גר,PROFAGROTECHNIKA,RU,תבלין פלפל רייחני של,Unknown,0.00,Unknown,false,1,2.90,2.90,true,1,
4606598007658,false,תבלין פלפל רייחני טחון מגיה ווסטוקה 15 ג,PROFAGROTECHNIKA,RU,תבלין פלפל רייחני טח,Unknown,0.00,Unknown,false,1,2.90,2.90,true,1,
4606598007672,false,תבלין שום מגיה ווסטוקה 15 גרם,PROFAGROTECHNIKA,RU,שום מיובש טחון מגיה,גרמים,15.00,100 גרם,false,1,3.90,26.00,true,1,
4606598008679,false,תבלין קבקז מגיה ווסטוקה 15 גרם,PROFAGROTECHNIKA,,תבלין קבקז מגיה ווסט,Unknown,0.00,Unknown,false,1,3.90,3.90,true,1,
4606598011372,false,תבלין רוזמרין מגיה ווסטוקה 7 גרם,PROFAGROTECHNIKA,RU,תבלין רוזמרין מגיה ו,Unknown,0.00,Unknown,false,1,3.90,3.90,true,1,
4606598015769,false,תבלין לפסטה לגמן מגיה ווסטוקה 15 גר,PROFAGROTECHNIKA,,תבלין לפסטה לגמן מגי,Unknown,0.00,Unknown,false,1,2.90,2.90,true,1,
4606598015790,false,תבלין לעלי גפן ממולאים מגיה ווסטוקה 15 ג,PROFAGROTECHNIKA,,תבלין לעלי גפן ממולא,Unknown,0.00,Unknown,false,1,2.90,2.90,true,1,
4606598016001,false,תבלין לבשר על האש מגיה ווסטוקה 15 גר,PROFAGROTECHNIKA,,תבלין לבשר על האש מג,Unknown,0.00,Unknown,false,1,2.90,2.90,true,1,
4606598016018,false,תבלין לעוף על האש מגיה ווסטוקה 15 גר,PROFAGROTECHNIKA,,תבלין לעוף על האש מג,Unknown,0.00,Unknown,false,1,2.90,2.90,true,1,
4606598016285,false,תבלין לשעועית מגיה ווסטוקה 15 גר,PROFAGROTECHNIKA,,תבלין לשעועית מגיה,Unknown,0.00,Unknown,false,1,2.90,2.90,true,1,
4606598016308,false,תבלין למאנטי וחינקלי מגיה ווסטוקה 15 גר,PROFAGROTECHNIKA,,תבלין למאנטי וחינקלי,Unknown,0.00,Unknown,false,1,2.90,2.90,true,1,
4607001410317,false,"רולדה ""אגדה"" בטעם תות שדה 200 גרם",רמנסקי,,"רולדה ""אגדה"" בטעם תו",גרמים,200.00,100 גרם,false,1,7.90,3.95,true,1,
4607001410324,false,"רולדה ""אגדה"" בטעם פירות יער 200 גרם",רמנסקי,,"רולדה ""אגדה"" בטעם פי",גרמים,200.00,100 גרם,false,1,7.90,3.95,true,1,
4607001411666,false,"רולדה ""אגדה"" בטעם ריבת חלב 200 גרם",,,"רולדה ""אגדה"" בטעם רי",גרמים,200.00,100 גרם,false,1,7.90,3.95,true,1,
4607001414452,false,טארטלט אורגינל 180 גרם ORIGINAL,רמנסקי,,טארטלט אורגינל 180 ג,גרמים,180.00,100 גרם,false,1,9.90,5.50,true,1,
4607001415442,false,עוגה אישית ארנבון במילוי שוקולד 150 גר,רמנסקי,,עוגה אישית ארנבון במ,גרמים,150.00,100 גרם,false,1,11.90,7.93,true,1,
4607001416241,false,מיני קקס בטעם ריבת חלב 470 גר קוביס,רמנסקי,,מיני קקס בטעם ריבת ח,גרמים,470.00,100 גרם,false,1,16.90,3.60,true,1,
4607002990238,false,שעועית אדומה דוד וניה 400 גר,,,שעועית אדומה דוד וני,גרמים,400.00,100 גרם,false,1,9.90,2.48,true,1,
4607002990290,false,מלפפונים מוחמצים 680 גר D. Vanya,רוסקויי פולה אלבאשי,,מלפפונים מוחמצים 680,גרמים,680.00,100 גרם,false,1,13.90,2.04,true,1,
4607002990481,false,עגבניות במיץ עגבניות דיאדיה וניה 680 גרם,דדיה ואניה,,עגבניות במיץ עגבניות,גרמים,680.00,100 גרם,false,1,13.90,2.04,true,1,
4607002991235,false,אסורטי עגבניות ומלפפונים 1.8ל דאדיה וניה,,RU,אסורטי עגבניות ומלפפ,ליטרים,0.00,ליטר,false,1,29.90,29.90,true,1,
4607002991358,false,מלפפונים מוחמצים 1.8 ל דאדיה וניה,,RU,מלפפונים מוחמצים 1.8,ליטרים,0.00,ליטר,false,1,29.90,29.90,true,1,
4607002991587,false,עגבניות מוחמצות 1.8 ל דאדיה וניה,,RU,עגבניות מוחמצות 1.8,ליטרים,0.00,ליטר,false,1,29.90,29.90,true,1,
4607002995752,false,אסורטי עגבניות/מלפפונים דיאדיה וניה 680,דדיה ואניה,,אסורטי עגבניות/מלפפו,גרמים,680.00,100 גרם,false,1,13.90,2.04,true,1,
4607002995868,false,"פלפלים ברוטב עגבניות ""לצ'ו""",דדיה ואניה,,לציו דיאדיה וניה 680,גרמים,680.00,100 גרם,false,1,13.90,2.04,true,1,
4607002997558,false,סלט הונגרי דיאדיה וניה 460 גרם,דדיה ואניה,RU,סלט הונגרי דיאדיה ונ,גרמים,460.00,100 גרם,false,1,11.90,2.59,true,1,
4607002998142,false,מלפפונים בחומץ 950 גר דאדיה וניה,,RU,מלפפונים בחומץ 950 ג,מיליליטרים,950.00,"100 מ""ל",false,1,16.70,1.76,true,1,
4607002998180,false,מלפפונים במלח 950 גר דאדיה וניה,,RU,מלפפונים במלח 950 גר,מיליליטרים,950.00,"100 מ""ל",false,1,16.70,1.76,true,1,
4607002999187,false,קורנישונים צרפתי דיאדיה וניה 680 גרם,,RU,קורנישונים צרפתי דיא,גרמים,680.00,100 גרם,false,1,13.90,2.04,true,1,
4607002999286,false,קישואים באגיקה דיאדיה וניה 460 גרם,,,קישואים באגיקה דיאדי,גרמים,460.00,100 גרם,false,1,11.90,2.59,true,1,
4607002999309,false,שעועית לבנה אפויה דיאדיה וניה 480 גר,דדיה ואניה,RU,שעועית לבנה אפויה די,גרמים,480.00,100 גרם,false,1,11.90,2.48,true,1,
4607002999323,false,ממרח חצילים דיאדיה וניה 460 גר,דדיה ואניה,RU,ממרח חצילים דיאדיה ו,גרמים,460.00,100 גרם,false,1,11.90,2.59,true,1,
4607002999545,false,שעועית אדומה לוביו דיאדיה וניה 480 גר,,RU,שעועית אדומה לוביו ד,גרמים,480.00,100 גרם,false,1,11.90,2.48,true,1,
4607002999620,false,כוסמת עם פטריות דיאדיה וניה 460 גר,,RU,כוסמת עם פטריות דיאד,גרמים,460.00,100 גרם,false,1,11.90,2.59,true,1,
4607005400567,false,שושוקולד עם צימוקים ואגוזים פובדה 250 גר,POBEDA,RU,שוקולד עם צימוקים וא,גרמים,250.00,100 גרם,false,1,19.90,7.96,true,1,
4607005400574,false,שוקולד עם אגוזים פובדה 250 גדם,POBEDA,,שוקולד עם אגוזים פוב,גרמים,250.00,100 גרם,false,1,19.90,7.96,true,1,
4607005401175,false,שוקולד חלב צימוקים ואגוזים פובדה 250 גר,POBEDA,,שוקולד חלב צימוקים ו,גרמים,250.00,100 גרם,false,1,19.90,7.96,true,1,
4607005401229,false,שוקולד חלב עם דובדבן 250 גר,POBEDA,,שוקולד חלב עם דובדבן,גרמים,250.00,100 גרם,false,1,19.90,7.96,true,1,
4607011260230,false,עוגיות ש.שועל קלאסי 400 גר HVATAY-KA,לובימיי קראי,,עוגיות ש.שועל קלאסי,גרמים,400.00,100 גרם,false,1,9.90,2.48,true,1,
4607011260247,false,עוגיות ש.שועל בטעם חלב 400 גר HVATAY-KA,לובימיי קראי,,עוגיות ש.שועל בטעם ח,גרמים,400.00,100 גרם,false,1,9.90,2.48,true,1,
4607012350992,false,גרעיני חמניות מרטין 100 גרם,Martin,,גרעיני חמניות מרטין,גרמים,100.00,100 גרם,false,1,7.90,7.90,true,1,
4607012351005,false,גרעיני חמניות מרטין ללא מלח 200 גרם,"נארז ע""י : א.ג. גילר",,גרעיני חמניות מרטין,גרמים,200.00,100 גרם,false,1,12.90,6.45,true,1,
4607012351128,false,גרעיני חמניות מרטין 500 גרם,מרטין,,גרעיני חמניות מרטין,גרמים,500.00,100 גרם,false,1,29.90,5.98,true,1,
4607012351791,false,"צנימים ""MARTIN"" בטעם גבינה 60 גר",MARTIN,,"צנימים ""MARTIN"" בטע",גרמים,60.00,100 גרם,false,1,4.90,8.17,true,1,
4607012351807,false,"צנימים ""MARTIN"" בטעם בייקון 60 גר",MARTIN,,"צנימים ""MARTIN"" בטעם",גרמים,60.00,100 גרם,false,1,4.90,8.17,true,1,
4607012351821,false,"צנימים ""MARTIN"" בטעם ירק עם שמנת 60 גר",MARTIN,,"צנימים ""MARTIN"" בטעם",Unknown,0.00,Unknown,false,1,4.90,4.90,true,1,
4607012351951,false,גרעיני חמניות מרטין עם מלח 100 גרם,Martin,,גרעיני חמניות מרטין,גרמים,100.00,100 גרם,false,1,7.90,7.90,true,1,
4607012351999,false,גרעיני חמניות מרטין עם מלח 200 גרם,"נארז ע""י : א.ג. גילר",,גרעיני חמניות מרטין,גרמים,200.00,100 גרם,false,1,12.90,6.45,true,1,
4607012352095,false,גרעיני חמניות מרטין עם מלח 500 גרם,מרטין,,גרעיני חמניות מרטין,גרמים,500.00,100 גרם,false,1,29.90,5.98,true,1,
4607012352453,false,גרעיני חמניות מרטין פסים עם מלח 150 גר,אל אל סי מרטין,,גרעיני חמניות מרטין,גרמים,150.00,100 גרם,false,1,11.40,7.60,true,1,
4607012352538,false,גרעיני חמניות מרטין מיקס 200 גרם,מרטין,,גרעיני חמניות מרטין,גרמים,200.00,100 גרם,false,1,12.90,6.45,true,1,
4607012352804,false,בוטנים קלופים קלויים עם מלח מרטין 100 גר,,RU,בוטנים קלופים קלויים,גרמים,100.00,100 גרם,false,1,7.50,7.50,true,1,
4607012352927,false,בוטנים קלויים בקליפה מרטין 200 גר,MARTIN,RU,בוטנים קלויים בקליפה,גרמים,200.00,100 גרם,false,1,12.90,6.45,true,1,
4607012353429,false,200 תערובת פיצוחים מיקס מקס גר,,,200 תערובת פיצוחים מ,גרמים,200.00,100 גרם,false,1,21.90,10.95,true,1,
4607012353702,false,גרעיני חמנייה מרטין פסים עם מלח 250 גר,,,גרעיני חמנייה מרטין,גרמים,250.00,100 גרם,false,1,15.60,6.24,true,1,
4607014780551,false,שמן חמניות מזוכך בלגו 1 ל,קליסה,,שמן חמניות מזוכך בל,מיליליטרים,1000.00,"100 מ""ל",false,1,21.90,2.19,true,1,
4607014782111,false,שמן חמניות לא מזוכך בלגו 1 ל,קליסה,,שמן חמניות לא מזוכך,מיליליטרים,1000.00,"100 מ""ל",false,1,21.90,2.19,true,1,
4607014788014,false,שמן קנולה 1 ליטר(בטרצויס),בטר צ`ויס בעמ,RU,שמן קנולה 1 ליטר בית,מיליליטרים,1000.00,"100 מ""ל",false,1,11.90,1.19,true,1,
4607016240374,false,גריסי פנינה 800 גרם,אובלקה,,גריסי פנינה 800 גרם,גרמים,800.00,100 גרם,false,1,8.90,1.11,true,1,
4607016240398,false,סולת 700 גרם,אובלקה,,סולת 700 גרם,גרמים,700.00,100 גרם,false,1,9.90,1.41,true,1,
4607016240893,false,כוסמת אובלקה 800 גרם,אובלקה,RU,כוסמת אובלקה 800 גרם,גרמים,80000.00,100 גרם,false,1,16.90,0.02,true,1,
4607016240923,false,קיטניות גריסי שעורה 600 גר אובלקה,אובלקה,,קיטניות גריסי שעורה,גרמים,400.00,100 גרם,false,1,8.90,2.23,true,1,
4607016240930,false,דוחן 800 גרם,אובלקה,,דוחן 800 גרם,גרמים,800.00,100 גרם,false,1,13.50,1.69,true,1,
4607016241104,false,תבשיל גריסי פנינה 5*80 גר,אובלקה,,תבשיל גריסי פנינה 5*,גרמים,400.00,100 גרם,false,1,8.90,2.23,true,1,
4607016243047,false,שיבולת שועל עם תות 2,אובלקה,,ש.שועל עם תות 5*40גר,גרמים,200.00,100 גרם,false,1,14.60,7.30,true,1,
4607016243078,false,ש.שועל תות וקרם 5*40גר,אובלקה,,ש.שועל תות וקרם 5*40,גרמים,200.00,100 גרם,false,1,14.60,7.30,true,1,
4607016243092,false,דייסה ש.שועל עם פטל 40 גר אובלקה,קומבינט חלבופרודוקטו,,דייסה ש.שועל עם פטל,גרמים,40.00,100 גרם,false,1,2.90,7.25,true,1,
4607016243108,false,שיבולת שועל עם פטל 2,אובלקה,,ש.שועל עם פטל 5*40גר,גרמים,200.00,100 גרם,false,1,14.60,7.30,true,1,
4607016243139,false,ש.שועל פטל וקרם 5*40גר,אובלקה,,ש.שועל פטל וקרם 5*40,גרמים,200.00,100 גרם,false,1,14.60,7.30,true,1,
4607016243160,false,שיבולת שועל עם אפרסק,אובלקה,,ש.שועל עם אפרסק 5*40,גרמים,200.00,100 גרם,false,1,14.60,7.30,true,1,
4607016243184,false,דייסה שבולת שועל עם צירניקה 40 גר אובלקה,אובלקה,,דייסה שבולת שועל,גרמים,40.00,100 גרם,false,1,2.90,7.25,true,1,
4607016243221,false,שיבולת שועל עם תפוח,אובלקה,,ש.שועל עם תפוח 5*40ג,גרמים,200.00,100 גרם,false,1,14.60,7.30,true,1,
4607016244716,false,גריסי תירס 750 גרם,אובלקה,,גריסי תירס 750 גרם,גרמים,750.00,100 גרם,false,1,8.90,1.19,true,1,
4607016245171,false,דייסה שיבולת שועל אסורטי 5 טעמים 200 ג,אובלקה,RU,דייסה שיבולת שועל אס,גרמים,200.00,100 גרם,false,1,13.90,6.95,true,1,
4607016245324,false,אובלקה תערובת 4 דגנים 350 גר,,,אובלקה תערובת 4 דגני,גרמים,350.00,100 גרם,false,1,7.90,2.26,true,1,
4607016245430,false,דגנים-תערובת 6 דגנים 350 גרם אובלקה,או.או.או.רסורס,,דגנים-תערובת 6 דגנים,גרמים,350.00,100 גרם,false,1,9.90,2.83,true,1,
4607016245461,false,קטניות גריסי חיטה 80,אובלקה,,גריסי חיטה 5*80 גר,גרמים,400.00,100 גרם,false,1,10.90,2.73,true,1,
4607016245478,false,גריסי דוחן 80 גר חמי,אובלקה,,דוחן 5*80 גרם,גרמים,400.00,100 גרם,false,1,10.90,2.73,true,1,
4607016245485,false,תבשיל כוסמת אובלקה 5*80 גר,אובלקה,,תבשיל כוסמת אובלקה 5,גרמים,400.00,100 גרם,false,1,12.90,3.23,true,1,
4607016245508,false,גריסי שעורה 80 גר חמ,אובלקה,,גריסי שעורה 5*80 גרם,גרמים,400.00,100 גרם,false,1,9.90,2.48,true,1,
4607016245522,false,קטניות עדשים 5*80 גרם אובלקה,אובלקה,,קטניות עדשים 5*80 גר,גרמים,400.00,100 גרם,false,1,15.90,3.98,true,1,
4607016245584,false,דגנים - פתיתי כוסמת 400 גר אובלקה,אובלקה,,דגנים - פתיתי כוסמת,גרמים,400.00,100 גרם,false,1,16.90,4.23,true,1,
4607016245805,false,דייסת ש.שועל עם תערובת פירות יער 5*40גר,אובלקה,,דייסת ש.שועל עם תערו,גרמים,200.00,100 גרם,false,1,14.60,7.30,true,1,
4607016246024,false,פתיתי שיבולת שועל להכנה מיידית 500 גרם,,RU,פתיתי שיבולת שועל לה,מיליליטרים,500.00,"100 מ""ל",false,1,9.90,1.98,true,1,
4607016246031,false,פתיתי שיבולת שועל דקים להכנה מיידית 500ג,,RU,פתיתי שיבולת שועל דק,מיליליטרים,500.00,"100 מ""ל",false,1,9.90,1.98,true,1,
4607016248431,false,דייסה שיבולת שועל עם בננה ותות שדה 40 גר,אובלקה,RU,דייסה שיבולת שועל עם,גרמים,40.00,100 גרם,false,1,2.90,7.25,true,1,
4607016248448,false,דייסה שיבולת שועל עם בננה ותות שדה 200 ג,אובלקה,RU,דייסה שיבולת שועל עם,גרמים,200.00,100 גרם,false,1,13.90,6.95,true,1,
4607016248608,false,"פתיתי שיבולת שועל עם חמוציות ותפ""ע 240 ג",אובלקה,RU,פתיתי שיבולת שועל עם,גרמים,240.00,100 גרם,false,1,13.90,5.79,true,1,
4607017090350,false,מים מינרלים יסנטוקי מס 17 1.5 ליטר,,RU,מים מינרלים יסנטוקי,ליטרים,0.00,ליטר,false,1,12.90,12.90,true,1,
4607017091029,false,מים מינרלים יסנטוקי מס 4 1.5 ליטר,,RU,מים מינרלים יסנטוקי,ליטרים,0.00,ליטר,false,1,12.90,12.90,true,1,
4607025280019,false,"קמח 2 ק""ג",אובלקה,,"קמח 2 ק""ג",קילוגרמים,0.00,"ק""ג",false,1,20.90,20.90,true,1,
4607025280026,false,קמח חיטה 1 קג,אובלקה,,"קמח חיטה 1 ק""ג",גרמים,1000.00,100 גרם,false,1,10.90,1.09,true,1,
4607026342341,false,"יין מבעבע ""אבראו דורסו"" חצי מתוק 750 מל",יורוסטנדרט בעמ,RU,"יין מבעבע ""אבראו דור",מיליליטרים,750.00,"100 מ""ל",false,1,41.90,5.59,true,1,
4607026342495,false,"יין מבעבע ""אבראו דורסו"" ברוט 750 מ""ל",יורוסטנדרט בעמ,RU,"יין מבעבע ""אבראו דור",מיליליטרים,750.00,"100 מ""ל",false,1,41.90,5.59,true,1,
4607026342761,false,"יין מבעבע ""אבראו דורסו"" חצי יבש 750 מ",,RU,"יין מבעבע ""אבראו דור",מיליליטרים,750.00,"100 מ""ל",false,1,41.90,5.59,true,1,
4607029345004,false,עוגת מוראווניק 600 גרם,,,עוגת מוראווניק 600 ג,גרמים,600.00,100 גרם,false,1,49.90,8.32,true,1,
4607029345837,false,עוגה שלושה שוקולדים 900 גרם,,,עוגה שלושה שוקולדים,גרמים,900.00,100 גרם,false,1,79.90,8.88,true,1,
4607029348166,false,סט עוגות אישיות אישיות מוראווניק 420 גרם,,,סט עוגות אישיות אישי,גרמים,420.00,100 גרם,false,1,25.90,6.17,true,1,
4607030830490,false,פופקורן למיקרו 99 גרם - חמאה,,LV,פופקורן בטעם חמאה 99,גרמים,99.00,100 גרם,false,1,4.50,4.55,true,1,
4607030830520,false,פופקורן למיקרו 99 גרם - מלח,,LV,פופקורן עם מלח 99 גר,גרמים,99.00,100 גרם,false,1,4.50,4.55,true,1,
4607036201560,false,ממרח קישוים 520 גרם PICANTA,,RU,ממרח קישוים 520 גרם,גרמים,520.00,100 גרם,false,1,10.90,2.10,true,1,
4607036205919,false,ממרח 5 ירקות 550 גרם PICANTA,,RU,ממרח 5 ירקות 550 גרם,גרמים,550.00,100 גרם,false,1,10.90,1.98,true,1,
4607037431164,false,זפיר בטעם חמאה 420 גרם NEVA,פקטורי נבה אל טי די,,זפיר בטעם חמאה 420 ג,גרמים,420.00,100 גרם,false,1,19.90,4.74,true,1,
4607037431188,false,זפיר מצופה שוקולד 450 גר,NEVA,,זפיר מצופה שוקולד 45,גרמים,450.00,100 גרם,false,1,27.90,6.20,true,1,
4607037431218,false,זפיר קרם ברלה 420 גרם NEVA,NEVA,,זפיר קרם ברלה 420 גר,גרמים,420.00,100 גרם,false,1,19.90,4.74,true,1,
4607037431225,false,זפיר ורוד-לבן 420 גרם NEVA,NEVA,,זפיר ורוד-לבן 420 גר,גרמים,420.00,100 גרם,false,1,19.90,4.74,true,1,
4607037431263,false,זפיר בטעם ריבת חלב 420 גרם NEVA,פקטורי נבה אל טי די,,זפיר בטעם ריבת חלב 4,גרמים,420.00,100 גרם,false,1,19.90,4.74,true,1,
4607037431300,false,זפיר וניל 420 גרם NEVA,NEVA,,זפיר וניל 420 גרם NE,גרמים,420.00,100 גרם,false,1,19.90,4.74,true,1,
4607037433380,false,מבחר ממתקי גלי בטעם פירות 250 גרם,פנזה,RU,מבחר ממתקי גלי בטעם,גרמים,250.00,100 גרם,false,1,14.90,5.96,true,1,
4607037437296,false,פסטילה וניל 200 גרם NEVA,NEVA,,פסטילה וניל 200 גרם,גרמים,200.00,100 גרם,false,1,11.90,5.95,true,1,
4607037437647,false,זפיר חמוציות 420 גרם NEVA,,,זפיר חמוציות 420 גרם,גרמים,420.00,100 גרם,false,1,19.90,4.74,true,1,
4607037437777,false,זפיר ותפוח 420 גרם NEVA,NEVA,,זפיר ותפוח 420 גרם N,גרמים,420.00,100 גרם,false,1,19.90,4.74,true,1,
4607037437814,false,זיפיר וניל 800 גר ניבה,,,זיפיר וניל 800 גר ני,גרמים,800.00,100 גרם,false,1,34.90,4.36,true,1,
4607037437906,false,זיפיר וניל ומצופה שוקולד 900 גר,,,זיפיר וניל ומצופה שו,גרמים,900.00,100 גרם,false,1,46.90,5.21,true,1,
4607037439535,false,פסטילה וניל דושחבתי עם מרמלד 240 גר NEVA,פקטורי נבה אל טי די,,פסטילה וניל דושחבתי,גרמים,240.00,100 גרם,false,1,12.90,5.38,true,1,
4607037439887,false,חלב ציפורים נבסקאיה 260 גרם,NEVA,RU,ממתק מוקצף וניל מצופ,גרמים,170.00,100 גרם,false,1,7.90,4.65,true,1,
4607037439962,false,זפיר וניל על פרוקטוזה 200 גרם,NEVA,,זפיר וניל על פרוקטוז,גרמים,200.00,100 גרם,false,1,19.90,9.95,true,1,
4607041230289,false,כעכים פוסולסקי צילנו,וופלשניה,,כעכים 200 גרם CHELNO,גרמים,200.00,100 גרם,false,1,5.90,2.95,true,1,
4607041230630,false,צנימים בטעם וניל 250 גרם POSOLSKIE,וופלשניה,,צנימים בטעם וניל 250,גרמים,250.00,100 גרם,false,1,8.90,3.56,true,1,
4607041230647,false,צנימים עם צימוקים 250 גרם POSOLSKIE,וופלשניה,,צנימים עם צימוקים 25,גרמים,250.00,100 גרם,false,1,8.90,3.56,true,1,
4607041230852,false,צנימים עם צימוקים וסוכר 300 גר POSOLSKIE,וופלשניה,,צנימים עם צימוקים וס,גרמים,300.00,100 גרם,false,1,11.40,3.80,true,1,
4607041232641,false,צנימים בטעם וניל 300 גר POSOLSKIE,וופלשניה,RU,צנימים בטעם וניל 300,גרמים,300.00,100 גרם,false,1,11.40,3.80,true,1,
4607041232672,false,כעכים מצופים 200 גרם MALUTKA,וופלשניה,,כעכים מצופים 200 גרם,גרמים,200.00,100 גרם,false,1,5.90,2.95,true,1,
4607041232689,false,כעכים עם פרג 200 גרם MALUTKA,וופלשניה,,כעכים עם פרג 200 גרם,גרמים,200.00,100 גרם,false,1,5.90,2.95,true,1,
4607041232757,false,כעכים פוסולסקי מליוט,וופלשניה,,כעכים 200 גרם MALUTK,גרמים,200.00,100 גרם,false,1,5.90,2.95,true,1,
4607041232764,false,כעכים בטעם וניל 200 ג'-POSOLSKI CHELNOCHEK,וופלשניה,,כעכים וניל 200 גרם M,גרמים,200.00,100 גרם,false,1,5.90,2.95,true,1,
4607041310660,false,גרעיני חמניות קלויים בוגטירי 250 גר,,RU,גרעיני חמניות קלויים,גרמים,250.00,100 גרם,false,1,17.90,7.16,true,1,
4607044600027,false,"רוטב שען קלאסיק 330 מ""ל",,,רוטב שען קלאסיק 330,מיליליטרים,330.00,"100 מ""ל",false,1,21.90,6.64,true,1,
4607051158221,false,תה ארל גריי 20 שקיקים CURTIS,או א.או מאי קומפני,,תה ארל גריי 20 שקיקי,Unknown,0.00,Unknown,false,1,14.60,14.60,true,1,
4607051158269,false,תה 20 שקיקים 34 גר LEMON CURTIS,או א.או מאי קומפני,,תה 20 שקיקים 34 גר L,Unknown,0.00,Unknown,false,1,14.60,14.60,true,1,
4607051158481,false,תה ירוק 20 שקיקים,או א.או מאי קומפני,,תה 34 גר MOJITO CURT,Unknown,0.00,Unknown,false,1,14.60,14.60,true,1,
4607051158672,false,תה פירות יער 20 שקיקים CURTIS,או א.או מאי קומפני,,תה פירות יער 20 שקיק,Unknown,0.00,Unknown,false,1,14.60,14.60,true,1,
4607054450810,false,גרעיני חמניות סטניצניה עם מלח 20 גרם,,,גרעיני חמניות סטניצנ,גרמים,200.00,100 גרם,false,1,12.40,6.20,true,1,
4607054450865,false,גרעינים סטניצניה 400 גר XXL,אגרוסויוז,,גרעינים סטניצניה 400,גרמים,400.00,100 גרם,false,1,27.80,6.95,true,1,
4607054450988,false,גרעיני דלעת קלויים עם מלח סטאניצניי 200,אגרוסויוז,,גרעיני דלעת קלויים,גרמים,200.00,100 גרם,false,1,29.90,14.95,true,1,
4607054451718,false,גרעינים טמבובסקי וול,או.או.או אגרוסווז,,"גרעינים 230 גר ""VOLK",גרמים,230.00,100 גרם,false,1,12.00,5.22,true,1,
4607054451732,false,גרעינים XXL טמבובסקי,או.או.או אגרוסווז,,גרעינים 400 גר VOLK,גרמים,400.00,100 גרם,false,1,18.50,4.63,true,1,
4607054451831,false,גרעינים עם מלח 200 גר *VOLK*,או.או.או אגרוסווז,,גרעינים עם מלח 200 ג,גרמים,230.00,100 גרם,false,1,12.00,5.22,true,1,
4607054452319,false,גרעינים דלעת טמבווסקיי וולק 200 גרם,,RU,גרעינים דלעת טמבווס,גרמים,200.00,100 גרם,false,1,21.90,10.95,true,1,
4607054452395,false,גרעיני דלעת 200 גר Prosto Vkusnie,דולינה טרייד בעמ,RU,גרעיני דלעת 200 גר P,גרמים,200.00,100 גרם,false,1,23.90,11.95,true,1,
4607054452470,false,גרעינים טמבובסקי וול,או.או.או אגרוסווז,,גרעינים 500 גר *VO,גרמים,500.00,100 גרם,false,1,21.90,4.38,true,1,
4607054452555,false,גרעיני חמניות קלויים מלח סטאניצניי 500 ג,אגרוסויוז,,גרעיני חמניות קלויים,גרמים,500.00,100 גרם,false,1,27.90,5.58,true,1,
4607054452579,false,"גרעיני קלויים ומלוחים ""פשוט טעים"" 400 גר",דולינה טרייד בעמ,RU,גרעיני קלויים ומלוחי,גרמים,400.00,100 גרם,false,1,23.90,5.98,true,1,
4607054453651,false,בוטנים קלויים VOLK 250 גר,,,בוטנים קלויים VOLK,גרמים,250.00,100 גרם,false,1,15.90,6.36,true,1,
4607056587507,false,"משקה לתת מוגז חבית צהובה פחית 1.5 מ""ל",,,משקה לתת מוגז חבית צ,מיליליטרים,1500.00,"100 מ""ל",false,1,20.20,1.35,true,1,
4607065411312,false,פטריות אופיאטה פוסולסקי דבור 680 גר,,CN,פטריות אופיאטה פוסול,גרמים,680.00,100 גרם,false,1,16.70,2.46,true,1,
4607065411329,false,פטריות מסליאטה פוסולסקי דבור 680 גר,,CN,פטריות מסליאטה פוסול,גרמים,680.00,100 גרם,false,1,16.70,2.46,true,1,
4607065411398,false,פטריות שייטקי פוסולסקי דבור 680 גר,,CN,פטריות שייטקי פוסולס,גרמים,680.00,100 גרם,false,1,16.70,2.46,true,1,
4607065580070,false,איטריות להכנה מהירה קויסטי בקר 70 גר קוי,,,איטריות להכנה מהירה,גרמים,70.00,100 גרם,false,1,3.50,5.00,true,1,
4607065580087,false,איטריות להכנה מהירה קויסטי עוף 70 גר קוי,,,תבשיל אטריות להכנה מ,Unknown,0.00,Unknown,false,1,3.50,3.50,true,1,
4607065580094,false,תבשיל אטריות פטריות 70 ג DOSHIRAK QUISTY,,UA,תבשיל אטריות פטריות,גרמים,70.00,100 גרם,false,1,3.50,5.00,true,1,
4607065580193,false,דושירק בטעם טלה 90 גרם,,,דושירק בטעם טלה 90 ג,גרמים,90.00,100 גרם,false,1,9.90,11.00,true,1,
4607065580216,false,דושירק בטעם בקר 90 גרם,,,מרק דושירק בטעם בקר,גרמים,90.00,100 גרם,false,1,9.90,11.00,true,1,
4607065580223,false,דושירק בטעם עוף 90 גרם,,,דושירק בטעם עוף 90 ג,גרמים,90.00,100 גרם,false,1,9.90,11.00,true,1,
4607065580230,false,דושירק בטעם פטריות 90 גרם,,,דושירק בטעם פטריות 9,גרמים,90.00,100 גרם,false,1,9.90,11.00,true,1,
4607065580247,false,דושירק בטעם בקון 90 גר,,,דושירק בטעם בקון 90,גרמים,90.00,100 גרם,false,1,9.90,11.00,true,1,
4607065580353,false,מרק דושירק בטעם קימצי 90 גר,,,מרק דושירק בטעם קימצ,Unknown,0.00,Unknown,false,1,9.90,9.90,true,1,
4607065580575,false,תבשיל אטריות להכנה מהירה בטעם בקר 110 גר,DOSHIRAK,,תבשיל אטריות להכנה מ,גרמים,110.00,100 גרם,false,1,11.90,10.82,true,1,
4607066691942,false,חרדל יבש 400 גר,רספק,,חרדל יבש 400 גר,גרמים,400.00,100 גרם,false,1,16.40,4.10,true,1,
4607067933911,false,גלידה שמנת קרמל במילוי ריבת חלב 80 גר,iceberry,,גלידה שמנת קרמל במיל,גרמים,80.00,100 גרם,false,1,6.90,8.63,true,1,
4607067934055,false,גלידת מצופה שוקולד עם שביי שקדים 80 גר,,RU,גלידת מצופה שוקולד ע,גרמים,80.00,100 גרם,false,1,6.90,8.63,true,1,
4607067935175,false,גלידת מצופה שוקולד עם שביי פיסטוק 80 גר,,RU,גלידת מצופה שוקולד ע,גרמים,80.00,100 גרם,false,1,6.90,8.63,true,1,
4607067937537,false,גלידה כוס פלומביר פילבסקי 90 גר,iceberry,,גלידה כוס פלומביר פי,גרמים,90.00,100 גרם,false,1,6.90,7.67,true,1,
4607067937551,false,גלידה כוס פלומביר פילבסקי שוקולד 90 גר,iceberry,,גלידה כוס פלומביר פי,גרמים,90.00,100 גרם,false,1,6.90,7.67,true,1,
4607084351385,false,עוגיות 360 גרם CHOCO-PIE,,RU,עוגיות 360 גרם CHOCO,גרמים,360.00,100 גרם,false,1,15.60,4.33,true,1,
4607084352061,false,עוגיות 360 גרם DARK CHOCO-PIE,לוט.ק.פ,RU,עוגיות 360 גרם DARK,גרמים,360.00,100 גרם,false,1,18.70,5.19,true,1,
4607084352115,false,עוגיות 360 גר ORION CHOCO-PIE ORANGE,לוט.ק.פ,RU,עוגיות 360 גר ORION,גרמים,360.00,100 גרם,false,1,14.90,4.14,true,1,
4607084352511,false,עוגיות 360 ORION CHOCO-PIE BLAK CURRANT,לוט.ק.פ,RU,עוגיות 360 ORION CHO,גרמים,360.00,100 גרם,false,1,14.90,4.14,true,1,
4607084352542,false,עוגיות 360 גר ORION* CHOCO-PIE MANGO,לוט.ק.פ,RU,עוגיות 360 גר ORION*,גרמים,360.00,100 גרם,false,1,14.90,4.14,true,1,
4607084352931,false,עוגיות 360 גר CHOCO-PIE APPLE,לוט.ק.פ,RU,עוגיות 360 גר CHOCO-,גרמים,360.00,100 גרם,false,1,14.90,4.14,true,1,
4607084419375,false,שעועית לבנה עם פטריות בסגנון יווני 510ג,,RU,שעועית לבנה עם פטריו,גרמים,510.00,100 גרם,false,1,13.90,2.73,true,1,
4607084419382,false,חצילים מטוגנים בסגנון הונגרי 480 גר EKO,,RU,חצילים מטוגנים בסגנו,גרמים,480.00,100 גרם,false,1,13.90,2.90,true,1,
4607084419986,false,סלט כרוב לבן עם פטריות בסגנון ציכי 480,,RU,סלט כרוב לבן עם פטרי,גרמים,480.00,100 גרם,false,1,13.90,2.90,true,1,
4607099091689,false,פופקורן בטעם ריבת חלב 99 גרם,,LV,פופקורן בטעם ריבת חל,גרמים,99.00,100 גרם,false,1,4.50,4.55,true,1,
4607109409619,false,פיניש הכל ב-1 טבליות למדיח 25 יח,רקיט בנקיזר (ניר איסט) בעמ,,פיניש הכל ב-1 טבליות,Unknown,0.00,Unknown,false,1,29.90,29.90,true,1,
4607117890768,false,סוכריות מוסקביצקה 250 גרם,רוט פרונט,,סוכריות מוסקביצקה 25,גרמים,250.00,100 גרם,false,1,13.90,5.56,true,1,
4607126190019,false,פת פריכה טבעי 80 גר ELIZOVETA,,RU,פת פריכה טבעי 80 גר,גרמים,80.00,100 גרם,false,1,9.90,12.38,true,1,
4607126190231,false,פת פריכה עם קמח תירס 80 גר 80 גר ELIZOV,,,פת פריכה עם קמח תיר,גרמים,80.00,100 גרם,false,1,9.90,12.38,true,1,
4607126190521,false,פת פריכה קמח שיפון עם סובין 85 ELIZOVET,,,פת פריכה קמח שיפון ע,גרמים,85.00,100 גרם,false,1,9.90,11.65,true,1,
4607126190538,false,פת פריכה קמח חיטה סובין 85 גר ELIZOVETA,,RU,פת פריכה קמח חיטה סו,גרמים,85.00,100 גרם,false,1,9.90,11.65,true,1,
4607144733502,false,זפיר סלדקיי איסטוריי עם תות 250 גר,סמרה,,זפיר סלדקיי איסטוריי,גרמים,250.00,100 גרם,false,1,13.90,5.56,true,1,
4607144733526,false,זפיר סלדקיי איסטוריי קרם ברולה 250 גרם,סמרה,,זפיר סלדקיי איסטוריי,גרמים,250.00,100 גרם,false,1,13.90,5.56,true,1,
4607144733625,false,זפיר סלדקיי איסטוריי עם חמוציות 250 גר,סמרה,,זפיר סלדקיי איסטוריי,גרמים,250.00,100 גרם,false,1,13.90,5.56,true,1,
4607167190115,false,"ריבה אימפריה גימוב פטל 1 ק""ג",אימפריה ג'מוב,,ריבה אימפריה גימוב פ,גרמים,1000.00,100 גרם,false,1,39.90,3.99,true,1,
4607167191297,false,"ריבה אימפריה גימוב אובלפיחה 1 ק""ג",אימפריה ג'מוב,,ריבה אימפריה גימוב א,קילוגרמים,0.00,"ק""ג",false,1,35.90,35.90,true,1,
4607167191464,false,"ריבה אימפריה גימוב חזרזר 1 ק""ג",אימפריה ג'מוב,,ריבה אימפריה גימוב ח,קילוגרמים,0.00,"ק""ג",false,1,35.90,35.90,true,1,
4607931605210,false,"משקה דיושס 500 מ""ל",RASSVET,,משקה דיושס 500 מל,מיליליטרים,500.00,"100 מ""ל",false,1,9.90,1.98,true,1,
4607931605227,false,"משקה טרחון 500 מ""ל",RASSVET,,משקה טרחון 500 מל,מיליליטרים,500.00,"100 מ""ל",false,1,9.90,1.98,true,1,
4607931605234,false,"משקה לימונד 500 מ""ל",RASSVET,,משקה לימונד 500 מל,מיליליטרים,500.00,"100 מ""ל",false,1,9.90,1.98,true,1,
4607931605241,false,"משקה ברבריס 500 מ""ל",RASSVET,,משקה ברבריס 500 מל,מיליליטרים,500.00,"100 מ""ל",false,1,9.90,1.98,true,1,
4607931605654,false,"משקה מוחיטו 500 מ""ל",משקה,,משקה מוחיטו 500 מל,מיליליטרים,500.00,"100 מ""ל",false,1,9.90,1.98,true,1,
4610028130052,false,וודקה לג'נד אוף קרמלין Legend of Kremlin,"איטאר בע""מ קלינינגרד",,וודקה לגנד אוף קרמלי,מיליליטרים,700.00,"100 מ""ל",false,1,139.90,19.99,true,1,
4610028891625,false,ריבה פטל שחור 440 גר ZOLOTOI UROJAI,,AM,ריבה פטל שחור 440 גר,גרמים,440.00,100 גרם,false,1,16.90,3.84,true,1,
4610028891724,false,ריבה חבושים 440 גר ZOLOTOI UROJAI,,AM,ריבה חבושים 440 גר Z,גרמים,440.00,100 גרם,false,1,16.90,3.84,true,1,
4610028891748,false,ריבה תאנים 440 גר ZOLOTOI UROJAI,,AM,ריבה תאנים 440 גר ZO,גרמים,440.00,100 גרם,false,1,16.90,3.84,true,1,
4610028891823,false,ריבה אגוזי מלך 440 גר ZOLOTOI UROJAI,,AM,ריבה אגוזי מלך 440 ג,גרמים,440.00,100 גרם,false,1,17.90,4.07,true,1,
4610082660045,false,שוקולד מריר עם אגוזי לוז וסטוויה 90 ג,,,שוקולד מריר עם אגוזי,גרמים,90.00,100 גרם,false,1,11.90,13.22,true,1,
4610082660069,false,שוקולד מריר עם שקדים וסטוויה 90 ג,,,שוקולד מריר עם שקדים,גרמים,90.00,100 גרם,false,1,11.90,13.22,true,1,
4610082860049,false,פתיתי 5 דגנים עם משמש 200 גרם,אובלקה,,פתיתי 5 דגנים עם משמ,גרמים,200.00,100 גרם,false,1,13.90,6.95,true,1,
4610082860124,false,פתיתי 5 דגנים עם משמש 240 גרם,אובלקה,,פתיתי 5 דגנים עם משמ,גרמים,240.00,100 גרם,false,1,13.90,5.79,true,1,
4610103310232,false,צעצוע גיבורים נצחיים עם ממתק סוויט בוקס,,,צעצוע גיבורים נצחיים,Unknown,0.00,Unknown,false,1,12.50,12.50,true,1,
4620004251176,false,חלבה חמניות עם פרוקטוזה 180 גרם,,,חלבה חמניות עם פרוקט,גרמים,180.00,100 גרם,false,1,8.90,4.94,true,1,
4620015850269,false,תה הודי נסישני 100 גר,,,תה הודי נסישני 100 ג,גרמים,200.00,100 גרם,false,1,18.50,9.25,true,1,
4620015850351,false,תה ירוק 36 גרם HUGO COCTAIL CURTIS,או א.או מאי קומפני,,תה ירוק 36 גרם HUGO,Unknown,0.00,Unknown,false,1,14.60,14.60,true,1,
4620015850603,false,תה ירוק ריצירד רויאל 2*100 שקי 200 גר,או א.או מאי קומפני,RU,תה ירוק ריצירד רויאל,גרמים,200.00,100 גרם,false,1,19.90,9.95,true,1,
4620015850610,false,תה ירוק ריצירד רויאל 1.5*25 שקי 37.5 גר,,RU,תה ירוק ריצירד רויאל,גרמים,38.00,100 גרם,false,1,14.60,38.42,true,1,
4620015851044,false,תה ירוק כורטיס פיטיה לבנה 20 שקיקים,או א.או מאי קומפני,,תה ירוק כורטיס פיטיה,Unknown,0.00,Unknown,false,1,14.60,14.60,true,1,
4620015851068,false,תה שחור 20 שקיקים 36 גר TRUFFLE CURTIS,זא א או מאי קומפני,,תה שחור 20 שקיקים 36,Unknown,0.00,Unknown,false,1,14.60,14.60,true,1,
4620015851082,false,תה שחור ארל גריי 200,או א.או מאי קומפני,RU,תה שחור RICHARD* E,גרמים,200.00,100 גרם,false,1,19.90,9.95,true,1,
4620015851624,false,תה שחור ריצירד 30 גר ROYAL HEART,,,תה שחור ריצירד 30 גר,Unknown,0.00,Unknown,false,1,18.70,18.70,true,1,
4620015851778,false,תה שחור RICHARD* ENG.BREAKFAST*,או א.או מאי קומפני,RU,תה שחור RICHARD* ENG,גרמים,200.00,100 גרם,false,1,19.90,9.95,true,1,
4620015851860,false,תה שחור ריצירד רויאל מיס גראי 20 שקיקים,או א.או מאי קומפני,,תה שחור ריצירד רויאל,Unknown,0.00,Unknown,false,1,14.60,14.60,true,1,
4620015851877,false,תה שחור ריצירד רויאל צילון 20 שקיקים,או א.או מאי קומפני,,תה שחור ריצירד רויאל,Unknown,0.00,Unknown,false,1,14.60,14.60,true,1,
4620015851884,false,תה ירוק ריצירד רויאל ליימ מינט 20 שקיקים,או א.או מאי קומפני,,תה ירוק ריצירד רויאל,Unknown,0.00,Unknown,false,1,14.60,14.60,true,1,
4620015852447,false,תה שחור ריצירד רויאל 25 שקי KENIA,,RU,תה שחור ריצירד רויאל,גרמים,38.00,100 גרם,false,1,14.60,38.42,true,1,
4620015852546,false,תה שחור כורטיס בארבאריס מלודי 20 שקיקים,או א.או מאי קומפני,,תה שחור כורטיס,Unknown,0.00,Unknown,false,1,14.60,14.60,true,1,
4620015852553,false,תה שחור כורטיס פירות יער כחול בלוז 20 שק,או א.או מאי קומפני,,תה שחור כורטיס,Unknown,0.00,Unknown,false,1,14.60,14.60,true,1,
4620015852966,false,תה שחור ריצירד 20 שקיקים GRAPE ROYAL,או א.או מאי קומפני,RU,תה שחור ריצירד 20 שק,Unknown,0.00,Unknown,false,1,14.60,14.60,true,1,
4620015852973,false,תה פירות ריצירד 20 שקיקים ROYAL RED,או א.או מאי קומפני,RU,תה פירות ריצירד 20 ש,Unknown,0.00,Unknown,false,1,14.60,14.60,true,1,
4620015852980,false,תה ירוק ריצירד 20 שקיקים ROYAL MILK OOL,או א.או מאי קומפני,RU,תה ירוק ריצירד 20 שק,Unknown,0.00,Unknown,false,1,14.60,14.60,true,1,
4620015854519,false,תה ריצירד רויאל 25 שקי ORANGE&CINNAMON,,RU,תה ריצירד רויאל 25 ש,גרמים,38.00,100 גרם,false,1,14.60,38.42,true,1,
4620016960356,false,תערובת תבליני לתפוח אדמה פריפרבקה 15 גר,PRIPRAVKA RU,,תערובת תבליני לתפוח,Unknown,0.00,Unknown,false,1,3.90,3.90,true,1,
4620016960417,false,תערובת תבלין לפלוב פריפרבקה 15 גר,PRIPRAVKA RU,,תבלין לפלוב 30 גר פר,Unknown,0.00,Unknown,false,1,3.90,3.90,true,1,
4620016960424,false,תבלין לדגים פריפרבקה 15 גר,PRIPRAVKA RU,,תבלין לדגים פריפרבקה,Unknown,0.00,Unknown,false,1,3.90,3.90,true,1,
4620016960486,false,תבלין שיפודים פריפרבקה 15 גר,PRIPRAVKA RU,,תבלין שיפודים פריפרב,Unknown,0.00,Unknown,false,1,3.90,3.90,true,1,
4620016960738,false,תבלין לעוף פריפרבקה 15 גר,PRIPRAVKA RU,,תבלין לעוף פריפרבקה,Unknown,0.00,Unknown,false,1,3.90,3.90,true,1,
4623721717444,false,"ממתקים מוקצפים בטעם ת""ע ירוק 420 גר",פטרבורג.קונדיטר,,ממתקים מוקצפים בטעם,גרמים,420.00,100 גרם,false,1,16.50,3.93,true,1,
4630016490067,false,"משקה מוגז טעם מוחיטו 500 מ""ל SAN SLAVIA",SAN SLAVIA,,משקה מוגז טעם מוחיטו,מיליליטרים,500.00,"100 מ""ל",false,1,10.50,2.10,true,1,
4630016490074,false,"משקה מוגז לימון ליים 500 מ""ל SAN SLAVIA",SAN SLAVIA,,משקה מוגז לימון ליים,מיליליטרים,500.00,"100 מ""ל",false,1,10.50,2.10,true,1,
4630016490081,false,"משקה מוגז טעם אגס 500 מ""ל SAN SLAVIA",SAN SLAVIA,,משקה מוגז טעם אגס 50,מיליליטרים,500.00,"100 מ""ל",false,1,10.50,2.10,true,1,
4630016490135,false,"משקה מוגז מוחיטו תות 500 מ""ל SAN SLAVIA",SAN SLAVIA,,משקה מוגז מוחיטו תות,מיליליטרים,500.00,"100 מ""ל",false,1,10.50,2.10,true,1,
4630016490159,false,"משקה מוגז טרחון 500 מ""ל SAN SLAVIA",SAN SLAVIA,,משקה מוגז טרחון 500,מיליליטרים,500.00,"100 מ""ל",false,1,10.50,2.10,true,1,
4630016490166,false,"משקה מוגז אייבה 500 מ""ל SAN SLAVIA",SAN SLAVIA,,משקה מוגז אייבה 500,מיליליטרים,500.00,"100 מ""ל",false,1,10.50,2.10,true,1,
4630016490173,false,"משקה מוגז אשכוליות 500 מ""ל SAN SLAVIA",SAN SLAVIA,,משקה מוגז תפוז 500 מ,מיליליטרים,500.00,"100 מ""ל",false,1,10.50,2.10,true,1,
4630016491453,false,"משקה מוגז טעם תות בננה 500 מ""ל SAN SLAVI",SAN SLAVIA,,משקה מוגז טעם תות בנ,מיליליטרים,500.00,"100 מ""ל",false,1,10.50,2.10,true,1,
4630038370828,false,עגבניות כבושות במלח דוד וניה 950 גר,,,עגבניות כבושות במלח,גרמים,950.00,100 גרם,false,1,16.70,1.76,true,1,
4630049326746,false,"שמן חמניות בראביטה 870 מ""ל",,,שמן חמניות בראביטה 8,מיליליטרים,870.00,"100 מ""ל",false,1,13.90,1.60,true,1,
4640001890031,false,סודה לשתייה 500 גר,או או או בשקיריה,,סודה לשתייה 500 גר,גרמים,500.00,100 גרם,false,1,10.90,2.18,true,1,
4640013607313,false,חליף אבקת חלב 150 גרם פרסטון,PROFAGROTECHNIKA,RU,חליף אבקת חלב 150 גר,גרמים,150.00,100 גרם,false,1,13.90,9.27,true,1,
4640018993343,false,פיניש קוואנטום קפסולות ג'ל למדיח כלים 30 יח',רקיט בנקיזר (ניר איסט) בעמ,PL,טבליות למדיח פיניש ק,Unknown,0.00,Unknown,false,1,34.90,34.90,true,1,
4640018993398,false,פיניש קוואנטום 60 יח' קפסולות ג'ל למדיח כלים,רקיט בנקיזר (ניר איסט) בעמ,,טבליות למדיח פיניש ק,Unknown,0.00,Unknown,false,1,62.90,62.90,true,1,
4640174750125,false,קטשופ עם שום וירקות,,,קטשופ עם שום וירקות,Unknown,1.00,Unknown,false,1,6.50,6.50,true,1,
4640174750132,false,קטשופ עם פלפל מתוק ב,,,קטשופ עם פלפל מתוק ב,Unknown,1.00,Unknown,false,1,6.50,6.50,true,1,
4640174750170,false,קטשופ עם שום ובצל בל,,,קטשופ עם שום ובצל בל,Unknown,1.00,Unknown,false,1,6.50,6.50,true,1,
4640174750248,false,קטשופ לששליק בלטימור,,,קטשופ לששליק בלטימור,Unknown,1.00,Unknown,false,1,6.50,6.50,true,1,
4640174750255,false,קטשופ עם שום בלטימור,,,קטשופ עם שום בלטימור,Unknown,1.00,Unknown,false,1,12.50,12.50,true,1,
4650056310217,false,שימורי כרוב ים 220 גרם,,,שימורי כרוב ים 220,גרמים,220.00,100 גרם,false,1,5.50,2.50,true,1,
4660011131023,false,עוגה פלומביר 750 ג' Plombir,,,עוגה פלומביר 750 גרם,גרמים,750.00,100 גרם,false,1,54.90,7.32,true,1,
4660013940463,false,שוקולד מריר 50% פובדה 250 גר,POBEDA,RU,שוקולד מריר 50% פובד,גרמים,250.00,100 גרם,false,1,14.90,5.96,true,1,
4660013940470,false,שוקולד חלב 32% פובדה 250 גר,POBEDA,RU,שוקולד חלב 32% פובדה,גרמים,250.00,100 גרם,false,1,14.90,5.96,true,1,
4660013940500,false,שוקולד 30% קקאו אקסטרה קרימי פובדה 250 ג,,RU,שוקולד 30% קקאו אקסט,גרמים,250.00,100 גרם,false,1,14.90,5.96,true,1,
4665270950019,false,שיבולת שועל סמייניה,או או או פמילי סטוק,,שיבולת שועל 450 גר,גרמים,450.00,100 גרם,false,1,4.90,1.09,true,1,
4665270950200,false,פתיתי שיבולת שועל סמייניי זאקרומה 800 גר,,,פתיתי שיבולת שועל,גרמים,800.00,100 גרם,false,1,6.90,0.86,true,1,
4680009730045,false,דובשניות סחרניה בטעם דבש 500 גר BKK,,RU,דובשניות סחרניה בטע,גרמים,500.00,100 גרם,false,1,13.90,2.78,true,1,
4680009731318,false,בייגל מלוטקה 500 גר BKK,BKK,,בייגל מלוטקה 500 גר,גרמים,500.00,100 גרם,false,1,13.90,2.78,true,1,
4680036910151,false,"תמד עם נענע 4.0% 450 מ""ל",,,תמד עם נענע 4.0% 450,מיליליטרים,450.00,"100 מ""ל",false,1,13.50,3.00,true,1,
4680036910434,false,"בירה קראפט 450 מ""ל SVETYACHOK",,RU,"בירה קראפט 450 מ""ל S",מיליליטרים,450.00,"100 מ""ל",false,1,13.50,3.00,true,1,
4680036914036,false,IPAגגולי קראפט 4.5% לא מסונן 450 מל,אוזרסקי סובניר,,IPAגגולי קראפט 4.5%,מיליליטרים,450.00,"100 מ""ל",false,1,13.50,3.00,true,1,
4680036914333,false,"סיידר קראפט 450 מ""ל SIDROVA KOZA",,RU,"סיידר קראפט 450 מ""ל",מיליליטרים,450.00,"100 מ""ל",false,1,13.50,3.00,true,1,
4680036914395,false,"בירה קראפט IPA לא מסוננת 450 מ""ל WOLFBRE",,RU,בירה קראפט IPA לא מס,מיליליטרים,450.00,"100 מ""ל",false,1,13.50,3.00,true,1,
4680036915002,false,"בירה גיגולי חיטה 450 מ""ל בקבוק",,,בירה גיגולי חיטה 450,מיליליטרים,500.00,"100 מ""ל",false,1,10.90,2.18,true,1,
4680036915231,false,בירה קראפט 450 מל MISHENKA POD VISHENKOY,,RU,בירה קראפט 450 מל MI,מיליליטרים,450.00,"100 מ""ל",false,1,13.50,3.00,true,1,
4680036915545,false,בירה מוטור דובדבן 6.9% 450 מל זכוכית,,,בירה מוטור דובדבן 6.,מיליליטרים,450.00,"100 מ""ל",false,1,8.90,1.98,true,1,
4680036915934,false,בירה זיגולי בק 450 מ,,,בירה זיגולי 450 מל,מיליליטרים,450.00,"100 מ""ל",false,1,10.90,2.42,true,1,
4680036917167,false,"בירה קראפט כהה חזקה סטאוט שוקולד 450 מ""ל",,RU,בירה קראפט כהה חזקה,מיליליטרים,450.00,"100 מ""ל",false,1,13.50,3.00,true,1,
4680036919413,false,"קוואס לתת שיפון ולתת שעורה 900 מ""ל",,RU,קוואס לתת שיפון ולתת,מיליליטרים,900.00,"100 מ""ל",false,1,11.90,1.32,true,1,
4699302736913,false,חטיפי פיתה לבשיקי בצל ירוק 100 גר,אזארוב,,חטיפי פיתה אזאר לבשי,גרמים,100.00,100 גרם,false,1,8.90,8.90,true,1,
4699302736920,false,חטיפי פיתה אזאר לבשיקי נקניקיות שום 100ג,אזארוב,,חטיפי פיתה אזאר לבשי,גרמים,100.00,100 גרם,false,1,8.90,8.90,true,1,
4710068001692,false,מאסטר קפה בטעם לאטה בפחית 240מ`ל,תאיט מרקטינג אנד דיסטריב,,מאסטר קפה לאטה 240 מ,מיליליטרים,240.00,"100 מ""ל",false,1,7.90,3.29,true,1,
4710068001715,false,משקה בטעם טירמיסו מאסטר קפה (240 מל),יוני פרזינדנט אנטרפר,,מאסטר קפה טירמיסו 24,מיליליטרים,240.00,"100 מ""ל",false,1,7.90,3.29,true,1,
4710068001739,false,מאסטר קפה בטעם קולומביאני בפחית 240מ`ל,יוני פרזינדנט אנטרפר,,מאסטר קפה קולוביאני,מיליליטרים,250.00,"100 מ""ל",false,1,7.90,3.16,true,1,
4710068002798,false,מאסטר קפה בטעם וניל בפחית 240מ`ל,מאיטה פוד אינדוסטריאל קו,,מאסטר קפה וניל 240 מ,מיליליטרים,240.00,"100 מ""ל",false,1,7.90,3.29,true,1,
4710068002811,false,"מאסטר קפה וונילה 240 מ""ל",,,מאסטר קפה וונילה 24,מיליליטרים,240.00,"100 מ""ל",false,1,7.90,3.29,true,1,
4710068003313,false,מאסטר קפה אמריקאנו בפחית 240מ`ל,מאיטה פוד אינדוסטריא,,מאסטר קפה אמריקנו 24,מיליליטרים,240.00,"100 מ""ל",false,1,7.90,3.29,true,1,
4710900679737,false,קנקן 2.2 ווטרוואי אקריליק,,,קנקן 2.2 ווטרוואי אק,קילוגרמים,0.00,"ק""ג",false,1,89.90,89.90,true,1,
4710964104916,false,"שמן שומשום טהור 370 מ""ל (כ)",מזרח ומערב יבוא ושיווק,,שמן שומשום טהור 370,מיליליטרים,370.00,"100 מ""ל",false,1,20.90,5.65,true,1,
4710964170799,false,שומשום שחור קלוי 91 גרם,מזרח ומערב יבוא ושיווק,,שומשום שחור קלוי 91,גרמים,91.00,100 גרם,false,1,16.90,18.57,true,1,
4740098079309,false,"סיידר ""FIZZ"" אוכמניות 500 מ""ל","""cesu alus""",,"סיידר ""FIZZ"" אוכמניו",מיליליטרים,500.00,"100 מ""ל",false,1,8.20,1.64,true,1,
4740098079323,false,סיידר אלכוהול אגס 0.,"""cesu alus""",,"סיידר ""FIZZ"" אגס 500",מיליליטרים,500.00,"100 מ""ל",false,1,8.20,1.64,true,1,
4740098080589,false,"בירה בלונד אמריקן 500 מ""ל",א. לה קוק,,בירה בלונד אמריקן 50,מיליליטרים,500.00,"100 מ""ל",false,1,12.90,2.58,true,1,
4740098084440,false,"סיידר ""FIZZ"" תפוח עץ 500 מ""ל","""cesu alus""",,"סיידר ""FIZZ"" תפוח עץ",מיליליטרים,500.00,"100 מ""ל",false,1,8.20,1.64,true,1,
4740098098331,false,"קוקטייל בלו לגון אה לה קוק 330 מ""ל",אה לי קוק,,קוקטייל בלו לגון אה,מיליליטרים,330.00,"100 מ""ל",false,1,11.90,3.61,true,1,
4740098098355,false,"קוקטייל מוחיטו אה לה קוק 330 מ""ל",אה לי קוק,,קוקטייל מוחיטו אה לה,מיליליטרים,330.00,"100 מ""ל",false,1,11.90,3.61,true,1,
4740098098379,false,"קוקטייל מרגריטה אה לה קוק 330 מ""ל",אה לי קוק,,קוקטייל מרגריטה אה ל,מיליליטרים,330.00,"100 מ""ל",false,1,11.90,3.61,true,1,
4740098098393,false,"קוקטייל און דה ביץ אה לה קוק 330 מ""ל",אה לי קוק,,קוקטייל און דה ביץ,מיליליטרים,330.00,"100 מ""ל",false,1,11.90,3.61,true,1,
4740553698120,false,גבינה קשה סופריאור 180 גר,,,גבינה קשה סופריאור,גרמים,180.00,100 גרם,false,1,22.90,12.72,true,1,
4750001001891,false,שוקולד חלב ליימה 100 גרם,LAIMA,LV,שוקולד חלב אקסטרה 10,גרמים,100.00,100 גרם,false,1,5.50,5.50,true,1,
4750001002072,false,שוקולד חלב עם אגוזי לוז ליימה 100 גרם,LAIMA,LV,שוקולד חלב אקסטרה עם,גרמים,100.00,100 גרם,false,1,5.50,5.50,true,1,
4750001008869,false,בונבוניירה אסורטי מריר 70% לאימה 360 גר,LAIMA,,בונבוניירה אסורטי מר,גרמים,360.00,100 גרם,false,1,38.90,10.81,true,1,
4750001816617,false,שוקולד מריר ליימה 100 גרם,LAIMA,LV,שוקולד מריר אקסטרה 1,גרמים,100.00,100 גרם,false,1,5.50,5.50,true,1,
4750001948110,false,אסורטי שוקולד מריר 70% 215 גרם LAIMA,LAIMA,,אסורטי שוקולד מריר 7,גרמים,215.00,100 גרם,false,1,26.90,12.51,true,1,
4750001948127,false,אסורטי שוקולד מריר 215 גרם LAIMA,LAIMA,,אסורטי שוקולד מריר 2,גרמים,215.00,100 גרם,false,1,26.90,12.51,true,1,
4750001950946,false,שוקולד מריר 70% 100 גרם ליימה,LAIMA,,שוקולד מריר 70% 100,גרמים,100.00,100 גרם,false,1,10.90,10.90,true,1,
4750001951141,false,שוקולד מריר אורירי 70% קקאו 90 גר לאימה,,,שוקולד מריר לאימה,גרמים,90.00,100 גרם,false,1,10.90,12.11,true,1,
4750001951592,false,שוקולד מריר 87% קקאו 100 גר לאימה,ORKLA,EE,שוקולד מריר 87% קקאו,גרמים,100.00,100 גרם,false,1,10.90,10.90,true,1,
4750001952698,false,לאימה שוקולד מריר אגוזי לוז שלמים 200 גר,,LV,לאימה שוקולד מריר אג,גרמים,200.00,100 גרם,false,1,19.90,9.95,true,1,
4750001955545,false,LAIMA עוגות וופל בלוצקה 350 גר 18 יח,,LV,LAIMA עוגות וופל בלו,גרמים,350.00,100 גרם,false,1,23.90,6.83,true,1,
4750010011232,false,קילקה מטוגנת ברוטב עגבניות 240 גר,אונדה אל טי די,LV,קילקה מטוגנת ברוטב ע,גרמים,240.00,100 גרם,false,1,7.90,3.29,true,1,
4750010492826,false,שפרוטים מעושנים ריגה בצנצנת 250 גר,,LV,שפרוטים מעושנים ריגה,גרמים,250.00,100 גרם,false,1,15.60,6.24,true,1,
4750010502228,false,שימורי דג שפרוטים מעושנים ריגה 160 גר,אונדה אל טי די,LV,שימורי דג שפרוטים מע,גרמים,160.00,100 גרם,false,1,8.90,5.56,true,1,
4750011814511,false,סוכ.ג`לי מצופה שוקולד טעם לימון תפוז 190,LAIMA,,סוכ.ג`לי מצופה שוקול,גרמים,190.00,100 גרם,false,1,17.90,9.42,true,1,
4750011849063,false,סוכ.ג`לי מצופה שוקולד טעם חמוציות 190 ג,LAIMA,,סוכ.ג`לי מצופה שוקול,גרמים,190.00,100 גרם,false,1,17.90,9.42,true,1,
4750012000173,false,דיווה קוסמופוליטן פסיפלורה 750 מל,Amberbev Internation,,דיווה קוסמופוליטן פס,Unknown,0.00,Unknown,false,1,23.90,23.90,true,1,
4750012013036,false,דיווה קוסמופוליטן תות מנטה 750 מל,,,דיווה קוסמופוליטן,Unknown,0.00,Unknown,false,1,23.90,23.90,true,1,
4750012025855,false,דיווה קוסמופוליטן-שיכר תפוח 750 מל,Amberbev Internation,,דיווה קוסמופוליטן,Unknown,0.00,Unknown,false,1,23.90,23.90,true,1,
4750012026852,false,דיווה קוסמופוליטן שיכר פרי יער 750 מל,בלזם,,דיווה קוסמופוליטן,Unknown,0.00,Unknown,false,1,23.90,23.90,true,1,
4750017001847,false,פילה דג סלמון במיץ טבעי 200 גר,סבי דריבה,,פילה דג סלמון במיץ ט,גרמים,200.00,100 גרם,false,1,13.70,6.85,true,1,
4750021000799,false,"וודקה סטוליצניה עילית 700 מ""ל",הכרם - משקאות חריפים בעמ,,וודקה סטוליצניה עילי,מיליליטרים,700.00,"100 מ""ל",false,1,124.90,17.84,true,1,
4750021003905,false,"וודקה סטוליצניה גולד 700 מ""ל",אס פי איי SPI (סטולי,,וודקה סטוליצניה גולד,מיליליטרים,700.00,"100 מ""ל",false,1,93.90,13.41,true,1,
4750021004858,false,"ריגה בלזם בלאק ציר 700 מ""ל",,,CHERRY ריגה בלזם בלא,מיליליטרים,700.00,"100 מ""ל",false,1,83.90,11.99,true,1,
4750021011139,false,דיווה קוסמופוליטן פינה קולדה 750 מל,,,דיווה קוסמופוליטן פי,Unknown,0.00,Unknown,false,1,23.90,23.90,true,1,
4750021101380,false,"ריגה בלזם בלאק 700 מ""ל",אס פי אי,,ריגה בלזם בלאק 700 מ,מיליליטרים,700.00,"100 מ""ל",false,1,104.90,14.99,true,1,
4750021201295,false,"וודקה ריגה בלאק 500 מ""ל",,,וודקה ריגה בלאק 500,מיליליטרים,500.00,"100 מ""ל",false,1,41.90,8.38,true,1,
4750021201592,false,וודקה 1 ליור RIGA BLACK,,,וודקה 1 ליטר RIGA BL,מיליליטרים,1000.00,"100 מ""ל",false,1,83.90,8.39,true,1,
4750021221361,false,"וודקה 700 מ""ל RIGA BLACK",,,"וודקה 700 מ""ל RIGA B",מיליליטרים,700.00,"100 מ""ל",false,1,51.90,7.41,true,1,
4750021538377,false,"ריגה בלזם בלאק דומדמניות 700 מ""ל",אס פי אי,,ריגה בלזם בלאק דומדמ,מיליליטרים,700.00,"100 מ""ל",false,1,83.90,11.99,true,1,
4750022002167,false,שימורי חמציץ 530 גר SPILVA,,LV,שימורי חמציץ 530 גר,גרמים,530.00,100 גרם,false,1,20.90,3.94,true,1,
4750022615091,false,רוטב בולונז 510 גר SPILVA,,LV,רוטב בולונז 510 גר S,גרמים,510.00,100 גרם,false,1,15.90,3.12,true,1,
4750022686190,false,רוטב מנגו צילי 285 גר SPILVA,,LV,רוטב מנגו צילי 285 ג,גרמים,285.00,100 גרם,false,1,20.90,7.33,true,1,
4750022694195,false,רוטב פרמזן 280 גר SPILVA,,LV,רוטב פרמזן 280 גר SP,גרמים,280.00,100 גרם,false,1,20.90,7.46,true,1,
4750024001137,false,חטיפי תירס טאפל שמנת חמוצה ובצל 190 גר,,LV,חטיפי תירס טאפל שמנת,גרמים,190.00,100 גרם,false,1,18.90,9.95,true,1,
4750024001144,false,חטיפי תירס טאפל כדורי גבינה נאציוס 190 ג,,LV,חטיפי תירס טאפל כדור,גרמים,190.00,100 גרם,false,1,18.90,9.95,true,1,
4750024001908,false,טוגני תפוחי אדמה בטעם שמיר 130 גר TAFFEL,,LV,טוגני תפוחי אדמה בטע,גרמים,130.00,100 גרם,false,1,15.90,12.23,true,1,
4750024002004,false,טוגני תפוחי אדמה בטעם חזרת 130 גר,,,ADAZU טוגני תפוחי אד,גרמים,130.00,100 גרם,false,1,15.90,12.23,true,1,
4750024002011,false,"טוגני תפ""א בטעם ציניצורי 130 גר TAFFEL",,LV,"טוגני תפ""א בטעם ציני",גרמים,130.00,100 גרם,false,1,15.90,12.23,true,1,
4750024002189,false,"טוגני תפ""א שמנת חמוצה ובצל 130 גר TAFFEL",,LV,"טוגני תפ""א שמנת חמוצ",גרמים,130.00,100 גרם,false,1,15.90,12.23,true,1,
4750024002196,false,"טוגני תפ""א בטעם גבינה שמנת 130 גר TAFFEL",,LV,"טוגני תפ""א בטעם גבינ",גרמים,130.00,100 גרם,false,1,15.90,12.23,true,1,
4750042000136,false,משקה אבטיח מלון 1.5 ליטר פרוטו,Cido,,משקה אבטיח מלון 1.5,ליטרים,0.00,ליטר,false,1,15.90,15.90,true,1,
4750042000150,false,משקה פירות שדה 1.5 ליטר פרוטו,Cido,,משקה פירות שדה 1.5,ליטרים,0.00,ליטר,false,1,15.90,15.90,true,1,
4750042000181,false,נקטר תפוחים 1.5 ליטר פרוטו,Cido,,נקטר תפוחים 1.5 ליטר,ליטרים,0.00,ליטר,false,1,15.90,15.90,true,1,
4750042302711,false,נקטר חמוציות 30% 1 ליטר CIDO,,,נקטר חמוציות 30% 1 ל,מיליליטרים,1000.00,"100 מ""ל",false,1,15.90,1.59,true,1,
4750042303336,false,נקטר רימונים 30% 1 ליטר CIDO,Cido,,נקטר רימונים 30% 1 ל,מיליליטרים,1000.00,"100 מ""ל",false,1,15.90,1.59,true,1,
4750042303619,false,נקטר תפוז אדום 40% 1 ליטר CIDO,Cido,,נקטר תפוז אדום 40% 1,ליטרים,0.00,ליטר,false,1,15.90,15.90,true,1,
4750042804215,false,מיץ תפוחים 100% 1 ליטר CIDO,,,מיץ תפוחים 100% 1 לי,מיליליטרים,1000.00,"100 מ""ל",false,1,15.90,1.59,true,1,
4750042804505,false,נקטר דומדמנית שחורה 28% ותפו 1 ליטר CIDO,Cido,,נקטר דומדמנית שחורה,מיליליטרים,1000.00,"100 מ""ל",false,1,15.90,1.59,true,1,
4750042884668,false,נקטר שזיפים 35% 1 ליטר CIDO,Cido,,נקטר שזיפים 35% 1 לי,מיליליטרים,1000.00,"100 מ""ל",false,1,15.90,1.59,true,1,
4750050341498,false,חטיף גבינה אגוז KARUMS 45 גר,PIENSAIMNIEKS,,חטיף גבינה אגוז 45 ג,גרמים,45.00,100 גרם,false,1,5.20,11.56,true,1,
4750108005259,false,"HAPPY NEW YEAR משקה מוגז ללא אלכוהול 750 מ""ל",,LV,HAPPY NEW YEAR משקה,Unknown,0.00,Unknown,false,1,22.90,22.90,true,1,
4750108005402,false,משקה מוגז בטעם תות אבראקד 750 מל LIVONIA,,LV,משקה מוגז בטעם תות א,מיליליטרים,750.00,"100 מ""ל",false,1,22.90,3.05,true,1,
4750109157643,false,ממרח על בסיס שמנת חמ,,LV,סמטנה לטביה 200 גרם,גרמים,200.00,100 גרם,false,1,8.90,4.45,true,1,
4750142002078,false,בירה צ'סו יורמלה 500 מל,"""cesu alus""",LV,בירה צסו יורמלה 500,מיליליטרים,500.00,"100 מ""ל",false,1,7.20,1.44,true,1,
4750142002719,false,"בירה בירה לא מסוננת צסו יורמלה 500 מ""ל","""cesu alus""",LV,בירה בירה לא מסוננת,מיליליטרים,500.00,"100 מ""ל",false,1,7.20,1.44,true,1,
4750142003426,false,"בירה פילסנר פחית 500 מ""ל אקסטרה",צ'סו אלוס,RU,בירה פילזנר אקסטרה 5,מיליליטרים,500.00,"100 מ""ל",false,1,7.20,1.44,true,1,
4750142004980,false,"בירה פרימיום צסו 568 מ""ל","""cesu alus""",,בירה פרימיום צסו 568,מיליליטרים,568.00,"100 מ""ל",false,1,8.90,1.57,true,1,
4750142005000,false,"בירה כהה בוהמיין צסו 568 מ""ל","""cesu alus""",,בירה כהה בוהמיין צסו,מיליליטרים,568.00,"100 מ""ל",false,1,8.90,1.57,true,1,
4750142005062,false,"בירה ברוזה לא מסוננת צסו 568 מ""ל","""cesu alus""",,בירה ברוזה לא מסוננת,מיליליטרים,568.00,"100 מ""ל",false,1,8.90,1.57,true,1,
4750142016518,false,בירה צסו לא מסוננת 5.4% 568 מל,מנדלז סי.אר. פרודקשן,,בירה צסו לא מסוננת 5,מיליליטרים,568.00,"100 מ""ל",false,1,8.90,1.57,true,1,
4750142021505,false,"בירה PILSENER בהירה 4.7% פחית 500 מ""ל",צ'סו אלוס,,בירה PILSENER בהירה,מיליליטרים,500.00,"100 מ""ל",false,1,7.20,1.44,true,1,
4750163986661,false,צנימים שיפון עם שום 180 גר MARIO,,,צנימים שיפון עם שום,גרמים,180.00,100 גרם,false,1,15.90,8.83,true,1,
4750211430412,false,כוסמת עם פטריות שמפיניון 500 גרם KRONIS,,,כוסמת עם פטריות שמפי,גרמים,500.00,100 גרם,false,1,12.00,2.40,true,1,
4750211710415,false,מרק קרוניקס בורש 500,,,"מרק 500 מ""ל BORSH",מיליליטרים,500.00,"100 מ""ל",false,1,12.40,2.48,true,1,
4750211770419,false,בסיס להכנה מרק חרצו 480 גרם KRONIS,,,בסיס להכנה מרק חרצו,גרמים,480.00,100 גרם,false,1,12.00,2.50,true,1,
4750239003735,false,"משקה בטעם מאלט ""קוואס"" לבן 1.5 ליטר",,,"משקה בטעם מאלט ""קווא",ליטרים,0.00,ליטר,false,1,15.90,15.90,true,1,
4750239577724,false,"משקה בטעם מאלט ""קוואס"" לקלאסי 1.5 ליטר",,,"משקה בטעם מאלט ""קווא",ליטרים,0.00,ליטר,false,1,15.90,15.90,true,1,
4750616000258,false,שפרוטים גדולים מעושנים בשמן צמחי,בריויאס וילניוס,LV,שפרוטים בשמן ביג 190,גרמים,190.00,100 גרם,false,1,9.90,5.21,true,1,
4750616000593,false,דגי שפרוטים גדולים מעושנים,בריויאס וילניוס,LV,שפרוטים בשמן ריגה 19,גרמים,190.00,100 גרם,false,1,9.90,5.21,true,1,
4750616001194,false,שפרוטים מעושנים ריגה 240 גרם פ.ק,בריויאס וילניוס,LV,שפרוטים בשמן ריגה 24,גרמים,240.00,100 גרם,false,1,9.90,4.13,true,1,
4750616001217,false,סרדינים בשמן 240 גר BRIVAIS VILNIS,BRINVAS VILNUS,LV,סרדינים בשמן 240 גר,גרמים,240.00,100 גרם,false,1,10.40,4.33,true,1,
4750616001262,false,שפרוטים בשמן צארסקיה 240 גר BRIVAIS VILNIS,BRINVAS VILNUS,LV,שפרוטים בשמן צארסקיה,גרמים,240.00,100 גרם,false,1,13.50,5.63,true,1,
4750616001361,false,סלאקה מעושנת בשמן 190 גר BRIVAIS VILNIS,בריויאס וילניוס,LV,סלאקה מעושנת בשמן 19,גרמים,190.00,100 גרם,false,1,9.90,5.21,true,1,
4750616001439,false,סרדינים במיץ עגבניות 240 BRIVAIS VILNIS,BRINVAS VILNUS,LV,סרדינים במיץ עגבניות,גרמים,240.00,100 גרם,false,1,10.40,4.33,true,1,
4750616001651,false,דגי שיפרוט גדולים מעושנים בשמן צמחי,בריויאס וילניוס,LV,שפרוטים בשמן ביג 240,גרמים,240.00,100 גרם,false,1,9.90,4.13,true,1,
4750616001989,false,ממרח שפרוטים 250 גרם פ.ק,בריויאס וילניוס,,ממרח שפרוטים 250 גרם,גרמים,250.00,100 גרם,false,1,6.90,2.76,true,1,
4750616002276,false,קילקה עם צילי במיץ עגבניות 240 גר,בריויאס וילניוס,,קילקה עם צילי במיץ ע,גרמים,240.00,100 גרם,false,1,6.90,2.88,true,1,
4750616002337,false,קילקה במיץ עגבניות בריווס וילנוס 240 גר,בריויאס וילניוס,,קילקה במיץ עגבניות ב,גרמים,240.00,100 גרם,false,1,6.90,2.88,true,1,
4750616002344,false,קילקה עם ירקות במיץ עגבניות 240 גר,בריויאס וילניוס,,קילקה עם ירקות במיץ,גרמים,240.00,100 גרם,false,1,6.90,2.88,true,1,
4750616006564,false,סרדינים על הגריל בשמן זית 190 גר,,,סרדינים על הגריל בשמ,גרמים,190.00,100 גרם,false,1,12.50,6.58,true,1,
4750616006571,false,סרדינים על הגריל בשמן זית עם צילי 190 ג,,,סרדינים על הגריל בשמ,גרמים,190.00,100 גרם,false,1,12.50,6.58,true,1,
4750817032003,false,סלט סלומון עם ירקות בטעם אסיאתי 240 גר,,LV,סלט סלומון עם ירקות,גרמים,240.00,100 גרם,false,1,7.90,3.29,true,1,
4750817032027,false,סלט סלומון עם ירקות בטעם איטלקי 240 גר,,LV,סלט סלומון עם ירקות,גרמים,240.00,100 גרם,false,1,7.90,3.29,true,1,
4750817111005,false,פילה סלומון במיץ טבעי 200 ג BEST OF RIGA,ZENTENE,LV,פילה סלומון במיץ טבע,גרמים,200.00,100 גרם,false,1,11.40,5.70,true,1,
4750817111050,false,BEST OF RIGAפילה סלמון ברוטב עגבני 240ג,,,BEST OF RIGAפילה סלמ,גרמים,240.00,100 גרם,false,1,7.90,3.29,true,1,
4750817111067,false,BEST OF RIGAפילה סלמון במיץ טבעי 240 גר,,,BEST OF RIGAפילה סלמ,גרמים,240.00,100 גרם,false,1,7.90,3.29,true,1,
4750817130808,false,סאיירה במיץ טבעי 240 גר BEST OF RIGA,,,סאיירה במיץ טבעי 240,גרמים,240.00,100 גרם,false,1,10.90,4.54,true,1,
4750817132505,false,פילה קלמרי במיץ טבעי עם שמיר 240 גר,,LV,פילה קלמרי במיץ טבעי,גרמים,240.00,100 גרם,false,1,14.60,6.08,true,1,
4750817133120,false,סרדינה בשמן 240 גר BEST OF RIGA,ZENTENE,LV,סרדינה בשמן 240 גר B,גרמים,240.00,100 גרם,false,1,8.50,3.54,true,1,
4750817134943,false,שפרוטים גדולים מעושנים בשמן צמחי 240 גר,,,שפרוטים גדולים מעושנ,גרמים,240.00,100 גרם,false,1,11.90,4.96,true,1,
4750817135124,false,הרינג בשמן 240 גר BEST OF RIGA,ZENTENE,LV,הרינג בשמן 240 גר BE,גרמים,240.00,100 גרם,false,1,8.90,3.71,true,1,
4750817136619,false,קילקה ברוטב עגבניות 240 גר BEST OF RIGA,ZENTENE,LV,קילקה ברוטב עגבניות,גרמים,240.00,100 גרם,false,1,5.50,2.29,true,1,
4750817137821,false,מקרל בשמן 240 גר BEST OF RIGA,ZENTENE,LV,מקרל בשמן 240 גר BES,גרמים,240.00,100 גרם,false,1,9.50,3.96,true,1,
4750817138101,false,סאיירה במיץ טבעי בתוספת שמן 240 גר,,,סאיירה במיץ טבעי בתו,גרמים,240.00,100 גרם,false,1,10.90,4.54,true,1,
4750817138125,false,סאיירה בשמן צמחי 240 גר BEST OF RIGA,,,סאיירה בשמן צמחי 240,גרמים,240.00,100 גרם,false,1,10.90,4.54,true,1,
4750817138811,false,סאיירה ברוטב עגבניות 240 גר BEST OF RIG,,,סאיירה ברוטב עגבניות,גרמים,240.00,100 גרם,false,1,10.90,4.54,true,1,
4750817140838,false,"פילה סלומון ""על האש"" ברוטב עגבניות",,LV,"פילה סלומון ""על האש""",גרמים,220.00,100 גרם,false,1,10.90,4.95,true,1,
4750817140920,false,"פילה סלומון ""על האש"" ברוטב קרם",,LV,"פילה סלומון ""על האש""",גרמים,220.00,100 גרם,false,1,11.90,5.41,true,1,
4750817224927,false,שפרוטים מעושנים בשמן צמחי שקוף 240 גר,,LV,שפרוטים מעושנים בשמן,גרמים,240.00,100 גרם,false,1,14.90,6.21,true,1,
4750817424921,false,שפרוטים מעושנים בשמן צמחי,,LV,שפרוטים מעושנים בשמן,גרמים,150.00,100 גרם,false,1,6.90,4.60,true,1,
4750817584922,false,שפרוטים מעושנים בשמן צמחי,,LV,שפרוטים מעושנים בשמן,גרמים,240.00,100 גרם,false,1,13.90,5.79,true,1,
4751001580348,false,שימורי קילקה ברוטב עגבניות עם צילי 175,GAMMA-A,LV,שימורי קילקה ברוטב ע,גרמים,175.00,100 גרם,false,1,9.90,5.66,true,1,
4751001581475,false,ש.דג ריגה זהב קילקה ברוטב 280 ג צנצ.חדש,GAMMA-A,,ש.דג ריגה זהב קילקה,גרמים,280.00,100 גרם,false,1,9.90,3.54,true,1,
4751001583820,false,שפרוטים שקוף מעושנים בשמן צמחי 240 גר,GAMMA-A,LV,שפרוטים שקוף מעושנים,גרמים,240.00,100 גרם,false,1,13.50,5.63,true,1,
4751002121953,false,לחם שיפון חמוץ מתוק 500 גר,גי.אף.סי,LV,לחם שיפון חמוץ מתוק,גרמים,500.00,100 גרם,false,1,12.90,2.58,true,1,
4751002122325,false,לחם שיפון רזיסקי ריגה 500 גר,גי.אף.סי,LV,לחם שיפון רזיסקי ריג,גרמים,500.00,100 גרם,false,1,12.90,2.58,true,1,
4751002127467,false,לחם שיפון בורודינסקי פרוס 500 גר,סיא פוטרוס פוד,LV,לחם שיפון בורודינסקי,גרמים,500.00,100 גרם,false,1,12.90,2.58,true,1,
4751003923334,false,קילקה מטוגנת ברוטב עגבניות 240 ג REGATTA,REGATTA,,קילקה מטוגנת ברוטב ע,גרמים,240.00,100 גרם,false,1,6.90,2.88,true,1,
4751003924003,false,סלט טונה עם ירקות איטלקי 185 ג' לארסן,,,סלט טונה וירקות איטל,גרמים,185.00,100 גרם,false,1,12.90,6.97,true,1,
4751003924010,false,סלט טונה עם ירקות מקסיקני 185 ג' לארסן,,,סלט טונה וירקות מקסי,גרמים,185.00,100 גרם,false,1,12.90,6.97,true,1,
4751005703569,false,שפרוטים מעושנים בשמן 250 גר AMBERFISH,PIEJURA,LV,שפרוטים מעושנים בשמן,גרמים,250.00,100 גרם,false,1,16.90,6.76,true,1,
4751007730488,false,שימירי טונה עם ירקות איטלקי 185 גר,,,שימורי טונה עם ירקות,גרמים,185.00,100 גרם,false,1,10.90,5.89,true,1,
4751007730693,false,שימורי סלמון ברוטב עגבניות 240 גר,ALTAYSKAYA KRUPA,LV,שימורי סלמון ברוטב ע,גרמים,240.00,100 גרם,false,1,7.90,3.29,true,1,
4751007732666,false,פילה סלומון ברוטב עגבניות פיקנטי 170 גר,KARAVELLA,LV,פילה סלומון ברוטב עג,גרמים,170.00,100 גרם,false,1,12.50,7.35,true,1,
4751007732758,false,פילה סלומון (סיומגה) במיץ טבעי 170ג',KARAVELA,,פילה סלמון (סיומגה),גרמים,170.00,100 גרם,false,1,12.50,7.35,true,1,
4751007732840,false,פילה סלמון ברוטב מתובל 170 גרם,KARAVELA,,פילה סלמון ברוטב מתו,גרמים,170.00,100 גרם,false,1,11.90,7.00,true,1,
4751007732864,false,שימורי פילה סלמון ברוטב חרדל 200 גר,KARAVELA,,שימורי פילה סלמון בר,גרמים,200.00,100 גרם,false,1,11.90,5.95,true,1,
4751007732970,false,סלט איטלקי עם סלומון 170 גרם,KARAVELA,,סלט איטלקי עם סלומון,גרמים,170.00,100 גרם,false,1,11.90,7.00,true,1,
4751007732994,false,סלט מקסיקני עם סלומון 170 גרם,KARAVELA,,סלט מקסיקני עם סלומו,גרמים,170.00,100 גרם,false,1,11.90,7.00,true,1,
4751007733007,false,סלט צרפתי עם סלומון 170 גרם,KARAVELA,,סלט צרפתי עם סלומון,גרמים,170.00,100 גרם,false,1,11.90,7.00,true,1,
4751007733212,false,פילה סלומון ברוטב חרדל 170 גר,KARAVELLA,LV,פילה סלומון ברוטב חר,גרמים,170.00,100 גרם,false,1,12.50,7.35,true,1,
4751007733229,false,פילה סלומון ברוטב עגבניות 170 גר,KARAVELLA,LV,פילה סלומון ברוטב עג,גרמים,170.00,100 גרם,false,1,12.50,7.35,true,1,
4751007733236,false,פילה סלומון ברוטב מנגו ופלפל 170 גר,,LV,פילה סלומון ברוטב מנ,גרמים,170.00,100 גרם,false,1,12.50,7.35,true,1,
4751007733991,false,פילה סלומון מיץ טבעי 170 גר,KARAVELLA,LV,פילה סלומון מיץ טבעי,גרמים,170.00,100 גרם,false,1,12.50,7.35,true,1,
4751007734004,false,פילה סלמון במיץ טבעי 170 גרם,KARAVELA,,פילה סלמון במיץ טבעי,גרמים,170.00,100 גרם,false,1,11.90,7.00,true,1,
4751007737111,false,שימורי במי מלח 240 גר,ALTAYSKAYA KRUPA,LV,שימורי במי מלח 240 ג,גרמים,240.00,100 גרם,false,1,7.90,3.29,true,1,
4751007738064,false,שפרוטים מעושנים בשמן לארסן 160 גרם,ס.י.א קרבלה,,שפרוטים מעושנים בשמן,גרמים,160.00,100 גרם,false,1,11.90,7.44,true,1,
4751007738101,false,סלט סלמון וירקות איטלקי לארסן 220 גרם,ס.י.א קרבלה,,סלט סלמון וירקות איט,גרמים,220.00,100 גרם,false,1,11.90,5.41,true,1,
4751007738156,false,צדפות מעושנות רוטב לימון 120 גר SEA FOOD,,LV,צדפות מעושנות רוטב ל,גרמים,120.00,100 גרם,false,1,12.90,10.75,true,1,
4751007738163,false,צדפות מעושנות ברוטב שום 120 גר SEA FOOD,,LV,צדפות מעושנות ברוטב,גרמים,120.00,100 גרם,false,1,12.90,10.75,true,1,
4751007738392,false,שימורי דג שפרוטים מעושנים בשמן צמחי 240ג,,LV,שימורי דג שפרוטים 24,גרמים,240.00,100 גרם,false,1,10.90,4.54,true,1,
4751007738408,false,שימורי דג קילקה 240 גר GOLDEN FISH,MALBI CHOCOLATE,LV,שימורי דג קילקה 240,גרמים,240.00,100 גרם,false,1,6.90,2.88,true,1,
4751007738804,false,שימורי דג שפרוטים מעושנים בשמן צמחי 190ג,,LV,שימורי דג שפרוטים 19,גרמים,190.00,100 גרם,false,1,10.90,5.74,true,1,
4751007739542,false,שימורי במרינדה עם פטרוזיליה 160 ג SURIMI,,,שימורי במרינדה עם פט,גרמים,160.00,100 גרם,false,1,20.80,13.00,true,1,
4751007739917,false,נתחי דג סלמון במיץ טבעי תומר 185 גרם,,,נתחי דג סלמון במיץ ט,גרמים,185.00,100 גרם,false,1,9.90,5.35,true,1,
4751007739924,false,נתחי דג סלמון ברוטב עגבניות תומר 185 גרם,,,נתחי דג סלמון ברוטב,גרמים,185.00,100 גרם,false,1,9.90,5.35,true,1,
4751010577605,false,תות בציפוי שוקולד לבן 110 גר SRIVERI,,,שוקולד לבן תות בציפו,גרמים,110.00,100 גרם,false,1,18.90,17.18,true,1,
4751017400227,false,שימורי קילקה ברוטב עגבניות 240 גר BANGA,סיא בוגה,LV,שימורי קילקה ברוטב ע,גרמים,240.00,100 גרם,false,1,4.90,2.04,true,1,
4751027950026,false,"שוקולד מריר לל""ס שקדים תפוזים 100 גר RED",PIEJURA,LV,"שוקולד מריר לל""ס שקד",גרמים,100.00,100 גרם,false,1,11.90,11.90,true,1,
4751027950194,false,"שוקולד מריר לל""ס 60% קקאו 100 גר RED",PIEJURA,LV,"שוקולד מריר לל""ס 60%",גרמים,100.00,100 גרם,false,1,10.90,10.90,true,1,
4751029290472,false,שימורי ממרח סלמון 240 גרם VILNIS,,LT,שימורי ממרח סלמון 24,גרמים,240.00,100 גרם,false,1,9.90,4.13,true,1,
4751032740339,false,"מרק בורשט עם כרוב חמוץ 500 מ""ל LATFOOD",DIMDINI,,מרק בורשט עם כרוב חמ,מיליליטרים,500.00,"100 מ""ל",false,1,9.90,1.98,true,1,
4751032740346,false,"מרק בורשט עם כרוב טרי 500 מ""ל LATFOOD",DIMDINI,,מרק בורשט עם כרוב טר,מיליליטרים,500.00,"100 מ""ל",false,1,9.90,1.98,true,1,
4751033540235,false,שוקולד מריר 72% קקאו ללא סוכר 100 גר,,,שוקולד מריר 72% קקאו,גרמים,100.00,100 גרם,false,1,11.90,11.90,true,1,
4751033540419,false,שוקולד מריר 70% קקאו 100 גר GHANA,,RU,שוקולד מריר 70% קקאו,גרמים,100.00,100 גרם,false,1,14.90,14.90,true,1,
4751033540433,false,שוקולד מריר 77% קקאו 100 גר DOMINICANA,,RU,שוקולד מריר 77% קקאו,גרמים,100.00,100 גרם,false,1,14.90,14.90,true,1,
4752038001929,false,ADUGS קרקר מלוח 300 גרם,ADUGS,,ADUGS קרקר מלוח 300,גרמים,300.00,100 גרם,false,1,10.90,3.63,true,1,
4752038001936,false,ADUGS קרקר עם בצל 300 גרם,ADUGS,,ADUGS קרקר עם בצל 30,גרמים,300.00,100 גרם,false,1,10.90,3.63,true,1,
4752052003701,false,סלק מבושל 500 גר EZERKAULINI,,,סלק מבושל 500 גר EZE,גרמים,500.00,100 גרם,false,1,4.90,0.98,true,1,
4760013403644,false,וופלים בטעם חלב 200 גר SLADOK,,,וופלים בטעם חלב 200,גרמים,200.00,100 גרם,false,1,5.90,2.95,true,1,
4760013406652,false,עוגיות ריבת חלב 120 גר DOBROE UTRO,,,עוגיות ריבת חלב 120,גרמים,120.00,100 גרם,false,1,2.50,2.08,true,1,
4760013409554,false,וופלים בטעם חלב 400 גר SLADOK,,,וופלים בטעם חלב 400,גרמים,400.00,100 גרם,false,1,11.90,2.98,true,1,
4760018504612,false,ריבה דובדבן 400 גרם BIZIM TARLA,BIZIM TARLA,AZ,ריבה דובדבן 400 גרם,גרמים,400.00,100 גרם,false,1,15.90,3.98,true,1,
4760018504735,false,ריבה דובדבן לבן 400 גרם BIZIM TARLA,BIZIM TARLA,AZ,ריבה דובדבן לבן 400,גרמים,400.00,100 גרם,false,1,17.90,4.48,true,1,
4760018504773,false,ריבה אגוזים 400 גרם BIZIM TARLA,BIZIM TARLA,AZ,ריבה אגוזי מלך 400 ג,גרמים,400.00,100 גרם,false,1,17.90,4.48,true,1,
4760062100846,false,תה שחור בוקט 250 גר,אזרסטאן קאנד,AZ,תה שחור 250 גר BUKET,גרמים,250.00,100 גרם,false,1,31.50,12.60,true,1,
4760062100914,false,תה שחור אקסטרה אזרציי 250 גר פחית,אזרסטאן קאנד,AZ,תה שחור אקסטרה אזרצי,גרמים,250.00,100 גרם,false,1,38.90,15.56,true,1,
4760062100945,false,תה שחור ברגמוט אזרציי 100 שקי 200 גר,,AZ,תה שחור ברגמוט אזרצי,גרמים,200.00,100 גרם,false,1,29.90,14.95,true,1,
4760062101744,false,תה שחור עם צימין 100 גר אזרצאי,אזרסטאן קאנד,AZ,תה שחור עם צימין 100,גרמים,100.00,100 גרם,false,1,12.90,12.90,true,1,
4760062101775,false,תה שחור אזרציי 250 גר,,AZ,תה שחור אזרציי 250 ג,גרמים,250.00,100 גרם,false,1,31.50,12.60,true,1,
4760062101805,false,תה שחור בוקט 50 גר,אזרסטאן קאנד,AZ,תה שחור 25 שק BUKET,גרמים,50.00,100 גרם,false,1,9.90,19.80,true,1,
4760062104219,false,תה שחור עם טימין 25 שק אזרצאי,אזרסטאן קאנד,AZ,תה שחור עם טימין 25,גרמים,50.00,100 גרם,false,1,9.90,19.80,true,1,
4760065704652,false,מיץ רימונים 1 ליטר,,,מיץ רימונים 1 ליטר,מיליליטרים,1000.00,"100 מ""ל",false,1,21.90,2.19,true,1,
4760065709145,false,מלפפונים בחומץ 670 גר,אינטרקום יוון,AZ,מלפפונים בחומץ 670 ג,גרמים,670.00,100 גרם,false,1,14.90,2.22,true,1,
4760065709251,false,ממרח חצילים 660 גרם ביזים טארלה,אזרסטאן קאנד,AZ,ממרח חצילים 660 גרם,גרמים,600.00,100 גרם,false,1,19.90,3.32,true,1,
4760068001710,false,ריבת תות שדה 400 גרם ביזים טארלה,אזרסטאן קאנד,AZ,ריבת תות שדה 400 גרם,גרמים,400.00,100 גרם,false,1,15.90,3.98,true,1,
4760068002274,false,ריבת חבושים 400 גרם ביזים טארלה,אזרסטאן קאנד,AZ,ריבת חבושים 400 גרם,גרמים,400.00,100 גרם,false,1,15.90,3.98,true,1,
4760068002397,false,ממרח חצילים קלויים 315 גר,אינטרקום יוון,AZ,ממרח חצילים קלויים 3,גרמים,315.00,100 גרם,false,1,14.90,4.73,true,1,
4760074601058,false,גלידת שמנת וניל בציפו שוקולד אוסקר 100 ג,,,גלידת שמנת וניל בציפ,גרמים,75.00,100 גרם,false,1,7.30,9.73,true,1,
4760074601072,false,גלידת שמנת וניל בציפו שוקולד ואגוזי לוז,,,גלידת שמנת וניל בציפ,גרמים,75.00,100 גרם,false,1,7.30,9.73,true,1,
4760074601324,false,גלידת שמנת בטעם שוקולד ובציפוי קקאו לקומ,,,גלידת שמנת בטעם שוקו,גרמים,90.00,100 גרם,false,1,7.30,8.11,true,1,
4760074602420,false,אסקימו בטעם וניל בציפוי שוקולד קרוון סרי,,,אסקימו בטעם וניל בצי,גרמים,70.00,100 גרם,false,1,7.30,10.43,true,1,
4760127700493,false,עוגת רולדה במילוי קרם בטעם טופי 150,,,עוגת רולדה במילוי קר,גרמים,150.00,100 גרם,false,1,5.90,3.93,true,1,
4760127702213,false,עוגת רולדה במילוי קרם ברולה 150 גר,,,עוגת רולדה במילוי קר,גרמים,150.00,100 גרם,false,1,5.90,3.93,true,1,
4760127702237,false,עוגת רולדה במילוי קרם חלב מרוכז 150 גר,,,עוגת רולדה במילוי קר,גרמים,150.00,100 גרם,false,1,5.90,3.93,true,1,
4760127703180,false,מאפינס בטעם טופי 210 גר DARENKA,,,מאפינס בטעם טופי 210,גרמים,210.00,100 גרם,false,1,9.90,4.71,true,1,
4760127703197,false,מאפינס בטעם שוקולד 210 גר DARENKA,,,מאפינס בטעם שוקולד 2,גרמים,210.00,100 גרם,false,1,9.90,4.71,true,1,
4760127703203,false,מאפינס בטעם תות שדה ושמנת 210 גר DARENKA,,,מאפינס בטעם תות שדה,גרמים,210.00,100 גרם,false,1,9.90,4.71,true,1,
4760127703753,false,מאפינס בטעם וניל לימון 210 גר DARENKA,,,מאפינס בטעם וניל לימ,גרמים,210.00,100 גרם,false,1,9.90,4.71,true,1,
4760127704347,false,מיני עוגות רולדה בטעם שוקולד 500 גר,,,מיני עוגות רולדה בטע,גרמים,500.00,100 גרם,false,1,19.90,3.98,true,1,
4760127706976,false,עוגיות ממולאות בטעם לימון 200 ג DELIZI,,,עוגיות ממולאות בטעם,גרמים,200.00,100 גרם,false,1,8.90,4.45,true,1,
4760127706990,false,עוגיות ממולאות בטעם תות שדה 200 ג DELIZI,,,עוגיות ממולאות בטעם,גרמים,200.00,100 גרם,false,1,8.90,4.45,true,1,
4760129500268,false,BAGDANריבת חבושים 400 גר,,UZ,BAGDANריבת חבושים 40,גרמים,400.00,100 גרם,false,1,18.90,4.73,true,1,
4770033223986,false,"ברנדי גלוריה 5 שנים 700 מ""ל",STUMBRAS,,ברנדי גלוריה 5 שנים,מיליליטרים,700.00,"100 מ""ל",false,1,72.90,10.41,true,1,
4770033227472,false,ברנדי גלורי אקס או,STUMBRAS,,"ברנדי 700 מ""ל GLORIA",גרמים,700.00,100 גרם,false,1,135.90,19.41,true,1,
4770033228035,false,"וודקה נסטויקה ליטה דובדבן 700 מ""ל",STUMBRAS,,וודקה נסטויקה ליטה ד,מיליליטרים,700.00,"100 מ""ל",false,1,54.90,7.84,true,1,
4770075447845,false,"בירה בהירה ""אקסטרא"" 5.2% פחית 568 מ""ל",סוויטוריס-אוטנוס אלט,LT,"בירה בהירה ""אקסטרא""",מיליליטרים,568.00,"100 מ""ל",false,12,8.90,1.57,true,1,
4770075450036,false,"בירה חזקה ""סטורמנו"" 7.3% פחית 500 מ""ל",,LT,"בירה חזקה ""סטורמנו""",מיליליטרים,500.00,"100 מ""ל",false,12,8.90,1.78,true,1,
4770179107126,false,סוכירות טרופל/גריליאז בשוקולד,אבק,,סוכירות קבוצת 10 במש,Unknown,0.00,"ק""ג",true,0,150.00,150.00,true,1,
4770179109991,false,בונ שוק עם וודקה 190 ג PERGALE,MIESZKO,LT,בונ שוק עם וודקה 19,גרמים,190.00,100 גרם,false,1,17.90,9.42,true,1,
4770179110096,false,בונ שוק עם ברנדי 190 ג PERGALE,MIESZKO,LT,בונ שוק עם ברנדי 190,גרמים,190.00,100 גרם,false,1,18.50,9.74,true,1,
4770179110126,false,בונ שוק עם ליקר שרי 190 ג PERGALE,BARILLA G.E.R.,LT,בונ שוק עם ליקר שרי,גרמים,190.00,100 גרם,false,1,17.90,9.42,true,1,
4770179182864,false,ממתקי שוקולד ממולאים 360 גרם,,,בונ פח שוקולד מריר ב,גרמים,360.00,100 גרם,false,1,48.90,13.58,true,1,
4770190132497,false,כיסוני גיוזה עם סלמון 400 גרם,,,כיסוני גיוזה עם סלמו,גרמים,400.00,100 גרם,false,1,17.90,4.48,true,1,
4770237049290,false,גלידת שמנת בטעם וניל בציפוי צימקאו על מקל פלומביר 58 גר' SVALIA,פיאנו זיואיגזדס,,גלידה אסקימו פלומביר,גרמים,58.00,100 גרם,false,1,6.90,11.90,true,1,
4770237049313,false,גלידת שמנת פלומביר בטעם וניל עם שקדים בציפוי צמקאו על מקל 63 גר' SVALIA,אייס דילר בי.אמ.די בעמ,,גלידה אסקימו פלומביר,גרמים,63.00,100 גרם,false,1,6.90,10.95,true,1,
4770237051804,false,חטיף גבינה וניל 45 גר,פנו ז'ויגזדס,,חטיף גבינה וניל 45 ג,גרמים,4500.00,100 גרם,false,1,4.50,0.10,true,1,
4770237051811,false,חטיף גבינה עם ריבת חלב 45 גר,פנו ז'ויגזדס,,חטיף גבינה עם ריבת ח,גרמים,4500.00,100 גרם,false,1,4.50,0.10,true,1,
4770237051828,false,חטיף גבינה תות שדה 45 גר,פנו ז'ויגזדס,,חטיף גבינה תות שדה 4,גרמים,4500.00,100 גרם,false,1,4.50,0.10,true,1,
4770237051842,false,חטיף גבינה בטעם שוקולד 45 גר,פנו ז'ויגזדס,,חטיף גבינה בטעם שוקו,גרמים,4500.00,100 גרם,false,1,4.50,0.10,true,1,
4770237054423,false,גלידת ס שרבט מנגו עם אפרסק בגביע וופל אישי 85 גר' SVALIA,אייס דילר בי.אמ.די בעמ,,גלידה שרבט מנגו ואפר,גרמים,85.00,100 גרם,false,1,6.90,8.12,true,1,
4770237055048,false,בסגנון שמנת 15% 350,,,15% 350 גר SMETANKA,גרמים,350.00,100 גרם,false,1,12.50,3.57,true,1,
4770237055055,false,בסגנון שמנת 30% 200,,,30% 200 גר SMETANKA,גרמים,200.00,100 גרם,false,1,11.50,5.75,true,1,
4770237055574,false,גלידת שמנת בטעם וניל בגביע וופל עם שקדים בציפוי צימקאו SVALYA גר 85,פיאנו זיואיגזדס,,גלידה אסקימו סליבוצנ,גרמים,85.00,100 גרם,false,1,6.90,8.12,true,1,
4770237055598,false,"גלידת שמנת בטעם וניל ""SVALIA"" דלי 400 גרם",אייס דילר בי.אמ.די בעמ,LT,גלידה וניל פלומביר 4,גרמים,400.00,100 גרם,false,1,29.90,7.48,true,1,
4770237056748,false,גלידת שמנת משובחת בטעם וניל בציפוי בטעם מסטיק SVALIA גר 58,אייס דילר בי.אמ.די בעמ,LT,גלידה אסקימו עגול פל,גרמים,58.00,100 גרם,false,1,6.90,11.90,true,1,
4770237057172,false,גלידה אסקימו פלומביר 58 גרם,ז'יטומרסקי זאבוד,,גלידה אסקימו פלומביר,גרמים,58.00,100 גרם,false,1,6.90,11.90,true,1,
4770265045264,false,דייסת שיבולת שועל 200 גר,,,דייסת שיבולת שועל,גרמים,200.00,100 גרם,false,1,7.90,3.95,true,1,
4770265046452,false,גבינה מותכת 28% סבליה 185 גר,,LT,גבינה מותכת 28% סבלי,גרמים,185.00,100 גרם,false,1,19.90,10.76,true,1,
4770265046568,false,דייסת אורז עם משמש 200 גר,,,דייסת אורז עם משמש,גרמים,200.00,100 גרם,false,1,7.90,3.95,true,1,
4770265046575,false,דייסת סולת עם תותי בר 200 גר,,,דייסת סולת תותי בר,גרמים,200.00,100 גרם,false,1,7.90,3.95,true,1,
4770265212024,false,גבינה מותכת 22% דרבו 135 גר,,LT,גבינה מותכת 22% דרבו,גרמים,135.00,100 גרם,false,1,15.50,11.48,true,1,
4770265213786,false,משקה חלב ריזנקה 500 מל,,,משקה חלבי ריזנקה 500,מיליליטרים,500.00,"100 מ""ל",false,1,11.50,2.30,true,1,
4770265219382,false,גבינה אנלוגי 600 גרם GURMAN,,,גבינה אנלוגי 600 גרם,גרמים,600.00,100 גרם,false,1,44.90,7.48,true,1,
4770265219405,false,גבינה אנלוגי 600 גרם SVALIA,,,גבינה אנלוגי 600 גרם,גרמים,600.00,100 גרם,false,1,44.90,7.48,true,1,
4770265219429,false,גבינה אנלוגי 600 גרם DVARO,,,גבינה אנלוגי 600 גרם,גרמים,600.00,100 גרם,false,1,44.90,7.48,true,1,
4770265219443,false,גבינה אנלוגי 600 גרם ROSSIYSKIY,,,גבינה אנלוגי 600 גרם,גרמים,600.00,100 גרם,false,1,44.90,7.48,true,1,
4770265219535,false,גבינה אנגולי מעושנת 150 גר גורמן,,,גבינה אנגולי מעושנת,גרמים,150.00,100 גרם,false,1,11.90,7.93,true,1,
4770266127907,false,חלבה בוטנים 300 גר,,LT,חלבה בוטנים 300 גר,גרמים,300.00,100 גרם,false,1,11.50,3.83,true,1,
4770275048231,false,גבינת ברינזה 40% 400 גר,פנו ז'ויגזדס,,גבינת ברינזה 40% 400,גרמים,400.00,100 גרם,false,1,53.90,13.48,true,1,
4770275048309,false,גבינת קוטג עם תבלינים 15% סבליה 130 גר,,LT,גבינת קוטג עם תבליני,גרמים,130.00,100 גרם,false,1,11.90,9.15,true,1,
4770275048316,false,גבינת קוטג עם מלפפון ושמיר 15% סבליה 130,,LT,גבינת קוטג עם מלפפון,גרמים,130.00,100 גרם,false,1,11.90,9.15,true,1,
4770275048354,false,גבינת ברינזה 60% 400 גר,פנו ז'ויגזדס,,גבינת ברינזה 60% 400,גרמים,400.00,100 גרם,false,1,53.90,13.48,true,1,
4770275049580,false,בסגנון טבורוג סבליה,,,טבורוג אנלוגי סבליה,גרמים,370.00,100 גרם,false,1,19.90,5.38,true,1,
4770275049597,false,בסגנון טבורוג סבליה,,,טבורוג אנלוגי סבליה,גרמים,900.00,100 גרם,false,1,42.90,4.77,true,1,
4770275049603,false,בסגנון טבורוג סבליה,,,טבורוג אנלוגי 9% סבל,גרמים,370.00,100 גרם,false,1,19.90,5.38,true,1,
4770275049696,false,"משקה חלב קפיר 900 מ""ל",,,משקה חלבי קפיר 900 מ,מיליליטרים,900.00,"100 מ""ל",false,1,15.50,1.72,true,1,
4770299045186,false,חמאה ליטאית דמיטיזוס,,,חמאה גימיטוס 200 גר,גרמים,200.00,100 גרם,false,1,11.90,5.95,true,1,
4770299047890,false,גבינת דזוגס פרמגנו 180ג',,,דזוגס פרמגנו 180 גרם,גרמים,180.00,100 גרם,false,1,27.50,15.28,true,1,
4770301232023,false,"אוסטרליה פייל אייל וולפאס אנגלמן 568 מ""ל",,,אוסטרליה פייל אייל ו,מיליליטרים,568.00,"100 מ""ל",false,1,10.90,1.92,true,1,
4770301234973,false,בירה בלנש חיטה בלגית וולפאס אנגלמן 568מ,,,בירה בלנש חיטה בלגית,מיליליטרים,568.00,"100 מ""ל",false,1,10.90,1.92,true,1,
4770301235338,false,"בירה ניו אינגלנד וולפאס אנגלמן 568 מ""ל",,,בירה ניו אינגלנד וול,מיליליטרים,568.00,"100 מ""ל",false,1,10.90,1.92,true,1,
4770301236861,false,קווס משקה לחם לבובסקי 1.5 ל,,,קווס משקה לחם לבובסק,ליטרים,0.00,ליטר,false,1,13.90,13.90,true,1,
4770337046427,false,פרוסות גבינה 27% שומן 150 גרם MASSDAM,,,פרוסות גבינה 27% שומ,גרמים,150.00,100 גרם,false,1,19.10,12.73,true,1,
4770337046748,false,גבינה פרמזן PARNIDZIO 200 גר,,IL,גבינה פרמזן PARNIDZI,גרמים,200.00,100 גרם,false,1,24.90,12.45,true,1,
4770337047264,false,גבינה 200 גר AGED GOUDA,,IL,גבינה 200 גר AGED GO,גרמים,200.00,100 גרם,false,1,24.90,12.45,true,1,
4770337047295,false,גבינה 200 גרם OLD GILDIJA,,IL,גבינה 200 גר OLD GIL,גרמים,200.00,100 גרם,false,1,24.90,12.45,true,1,
4770337047431,false,תחליף גבינה 150 גר SVALIA,,,גבינה אנלוגי 150 גר,גרמים,150.00,100 גרם,false,1,12.50,8.33,true,1,
4770337047448,false,תחליף גבינה 150 גר DRAVO,,,גבינה אנלוגי 150 גר,גרמים,150.00,100 גרם,false,1,12.50,8.33,true,1,
4770337047455,false,תחליף גבינה רוסיסקי 150 גר,,,גבינה אנלוגי רוסיסקי,גרמים,150.00,100 גרם,false,1,12.50,8.33,true,1,
4770337047530,false,תחליף גבינה סבליה 240 גר,,,SVALIA גבינה אנלוגי,גרמים,240.00,100 גרם,false,1,17.90,7.46,true,1,
4770337048124,false,תחליף גבינה דברו 240 גר,,LT,DVARO גבינה אנלוגי,גרמים,240.00,100 גרם,false,1,17.90,7.46,true,1,
4770337048131,false,תחליף גבינה רוסייסקי 240 גר,,LT,גבינה אנלוגי רוסייסק,גרמים,240.00,100 גרם,false,1,17.90,7.46,true,1,
4770337048377,false,פרוסות גבינה 27% שומן 150 גרם Vilnius,,,פרוסות גבינה 27% שומ,גרמים,150.00,100 גרם,false,1,19.10,12.73,true,1,
4770337048797,false,פרוסות גבינה 27% שומן 150 גרם EMMENTAL,,,פרוסות גבינה 27% שומ,גרמים,150.00,100 גרם,false,1,19.10,12.73,true,1,
4770349227203,false,בירה לא מסוננת בלטס חפוויזן 5% פחית 500,,LT,בירה לא מסוננת בלטס,מיליליטרים,500.00,"100 מ""ל",false,12,8.90,1.78,true,1,
4770583205272,false,מיונז פרובנסל זיתים 900 גרם,KEDANEYSKI KONSERVNY,,מיונז פרובנסל זיתים,גרמים,900.00,100 גרם,false,1,24.90,2.77,true,1,
4770583219194,false,כרוב כבוש עם חמוציות 900 גרם,KEDANEYSKI KONSERVNY,,כרוב כבוש עם חמוציות,גרמים,900.00,100 גרם,false,1,17.90,1.99,true,1,
4770583221340,false,מיונז אמריקן 620 גר,,LT,מיונז 620 גר America,גרמים,620.00,100 גרם,false,1,23.90,3.85,true,1,
4770583228226,false,ממרח סלומון בטעם מתובל 280 גר ZAKUSKA,,,ממרח סלומון בטעם מתו,גרמים,280.00,100 גרם,false,1,16.90,6.04,true,1,
4770583228233,false,ממרח סלומון בטעם פיקנטי 280 גר ZAKUSKA,,,ממרח סלומון בטעם פיק,גרמים,280.00,100 גרם,false,1,16.90,6.04,true,1,
4770583228240,false,ממרח סלומון בטעם גריל 280 גר ZAKUSKA,,,ממרח סלומון בטעם גרי,גרמים,280.00,100 גרם,false,1,16.90,6.04,true,1,
4771632000350,false,חליטת תה ארומה פירות יער 20 שקיות 40 גר,,,חליטת תה ארומה פירות,גרמים,40.00,100 גרם,false,1,10.90,27.25,true,1,
4771632000367,false,חליטת תה ארומה פטל ותות 20 שקיות 40 גר,,,חליטת תה ארומה פטל ו,גרמים,40.00,100 גרם,false,1,10.90,27.25,true,1,
4771632000374,false,חליטת תה ארומה פירות אקזוטיים 20 שק 40 ג,,,חליטת תה ארומה פירות,גרמים,40.00,100 גרם,false,1,10.90,27.25,true,1,
4771632000398,false,חליטת תה ארומה אפרסק ומנגו 20 שקיות 40 ג,,,חליטת תה ארומה אפרסק,גרמים,40.00,100 גרם,false,1,10.90,27.25,true,1,
4779020987689,false,כבד שיבוט 240 גר BEST OF RIGA,,,כבד שיבוט 240 גר BES,גרמים,240.00,100 גרם,false,1,20.90,8.71,true,1,
4779021230630,false,שוקולד אקסקלוסיב מריר 72% 100 גרם,,LT,שוקולד אקסקלוסיב מרי,גרמים,100.00,100 גרם,false,1,9.90,9.90,true,1,
4779021230654,false,שוקולד אקסקלוסיב מריר 82% 100 גרם,מסקנס,LT,שוקולד אקסקלוסיב מרי,גרמים,100.00,100 גרם,false,1,9.90,9.90,true,1,
4779021230913,false,שוקולד אקסקלוסיב מריר 90% אקסטרה 90 גר,מסקנס,LT,שוקולד אקסקלוסיב מרי,גרמים,90.00,100 גרם,false,1,10.90,12.11,true,1,
4779021231026,false,שוקולד אקסקלוסיב מארז מתנה 240 גר,,,שוקולד אקסקלוסיב מאר,גרמים,240.00,100 גרם,false,1,39.90,16.63,true,1,
4779021231156,false,שוקולד אקסקלוסיב מריר 99% אקסטרה 100 גר,,LT,שוקולד אקסקלוסיב מרי,גרמים,100.00,100 גרם,false,1,10.90,10.90,true,1,
4779027471143,false,חטיף גבינה לבנה בטעם חלב מרוכז 43 גרם,,,חטיף גבינה לבנה בטעם,גרמים,43.00,100 גרם,false,1,5.20,12.09,true,1,
4779027471150,false,חטיף גבינה לבנה בטעם פלומביר 43 גרם,,,חטיף גבינה לבנה בטעם,גרמים,43.00,100 גרם,false,1,5.20,12.09,true,1,
4779027471167,false,חטיף גבינה לבנה בטעם קרם ברולה 43 גרם,,,חטיף גבינה לבנה בטעם,גרמים,43.00,100 גרם,false,1,5.20,12.09,true,1,
4779027471181,false,חטיף גבינה במילוי דובדבנים בציפוי קקאו,,,חטיף גבינה במילוי דו,גרמים,43.00,100 גרם,false,1,5.20,12.09,true,1,
4779036871415,false,גלידת שמנת בטעם וניל בציפוי שוקולד חלב,,,גלידת שמנת בטעם וניל,גרמים,80.00,100 גרם,false,1,9.90,12.38,true,1,
4779036871422,false,גלידת שמנת בטעם וניל בציפוי שוקולד חלב,,,גלידת שמנת בטעם וניל,גרמים,80.00,100 גרם,false,1,9.90,12.38,true,1,
4779036871682,false,גלידת שמנת וניל בציפוי שוקולד לבן,,,גלידת שמנת וניל בציפ,גרמים,80.00,100 גרם,false,1,9.90,12.38,true,1,
4779036872696,false,מיני גלידת שמנת בטעם בננה מצופה בתות שדה,,UA,מיני גלידת שמנת בטעם,גרמים,44.00,100 גרם,false,1,5.90,13.41,true,1,
4779036872757,false,גלידת שמנת וניל בציפוי שוקולד לבן שקדים,,,גלידת שמנת וניל בציפ,גרמים,80.00,100 גרם,false,1,9.90,12.38,true,1,
4779036940852,false,עוגיות שוקו גריבוצקי,קאן אגריטך פרייבט למ,LT,עוגיות 60 גר GRIBOCH,גרמים,60.00,100 גרם,false,1,5.50,9.17,true,1,
4779036941149,false,עוגיות בצורת פטריות 150 גר,,,עוגיות בצורת פטריות,גרמים,150.00,100 גרם,false,1,11.20,7.47,true,1,
4779039730283,false,מרק פטריות מוקרם אורגני 400 גר,מור ים מרקטינג בעמ,,מרק פטריות מוקרם אור,קילוגרמים,0.40,"ק""ג",false,1,19.90,49.75,true,1,
4780030690292,false,AGROMIRמלפפונים בחומץ עם שום ושמיר 720מ,,,AGROMIRמלפפונים בחומ,גרמים,750.00,100 גרם,false,1,13.90,1.85,true,1,
4780037060098,false,AGROMIR ממרח קישואים 500 גר,,,AGROMIR ממרח קישואים,גרמים,500.00,100 גרם,false,1,12.90,2.58,true,1,
4780037060104,false,AGROMIR ממרח חצילים 500 גר,,,AGROMIR ממרח חצילים,גרמים,500.00,100 גרם,false,1,12.90,2.58,true,1,
4780037060128,false,חצילים מטוגנים בשמן עם עגבניות ושום 500ג,,,חצילים מטוגנים בשמן,גרמים,500.00,100 גרם,false,1,14.90,2.98,true,1,
4780047500010,false,ZULYA BARAKA לפתן דובדבנים 1 ל,,,ZULYA BARAKA לפתן דו,מיליליטרים,1000.00,"100 מ""ל",false,1,18.90,1.89,true,1,
4780047500041,false,ZULYA BARAKA לפתן פירות אסורטי 1 ל,,,ZULYA BARAKA לפתן פי,מיליליטרים,1000.00,"100 מ""ל",false,1,18.90,1.89,true,1,
4780047500515,false,ZULYA BARAKA עלי גפן טריים מעוכרים 1 ל,,,ZULYA BARAKA עלי גפן,גרמים,720.00,100 גרם,false,1,16.90,2.35,true,1,
4780047500546,false,ZULYA BARAKA פלפל דונגני בחומץ 1 ל,,,ZULYA BARAKA פלפל דו,גרמים,720.00,100 גרם,false,1,19.90,2.76,true,1,
4780047500683,false,ZULYA BARAKA שום בחומץ 720 גר,,,ZULYA BARAKA שום בחו,גרמים,720.00,100 גרם,false,1,19.90,2.76,true,1,
4780047500799,false,ZULYA BARAKA פלפל חריף בחומץ 320 ג,,,ZULYA BARAKA פלפל חר,גרמים,320.00,100 גרם,false,1,12.90,4.03,true,1,
4780048900147,false,תערובת תבלינים פלוב אוזבקי 55 גרם,,,תערובת תבלינים פלוב,גרמים,55.00,100 גרם,false,1,14.90,27.09,true,1,
4780048900161,false,תערובת תבלינים לשישליק וגריל 50 גרם,,,תערובת תבלינים לשישל,גרמים,50.00,100 גרם,false,1,14.90,29.80,true,1,
4780048900185,false,תערובת תבלינים לבשר 50 גרם,,,תערובת תבלינים לבשר,גרמים,50.00,100 גרם,false,1,14.90,29.80,true,1,
4780048900260,false,תערובת תבלינים למטני 50 גרם,,,תערובת תבלינים למטני,גרמים,50.00,100 גרם,false,1,14.90,29.80,true,1,
4780048900819,false,כמון שלם 45 גרם,,,כמון שלם 45 גרם,גרמים,45.00,100 גרם,false,1,16.90,37.56,true,1,
4780112260016,false,מיקס לקו פירוט לקומפוט 400 גרם,,,מיקס לקו פירוט לקומפ,גרמים,400.00,100 גרם,false,1,17.90,4.48,true,1,
4791001052308,false,תה אדבין ארל גריי 100 יחידות בשקיות,,,תה אדבין ארל גריי 10,גרמים,200.00,100 גרם,false,1,22.90,11.45,true,1,
4791001057266,false,תה אדבין 100 יחידות ברקפסט,,,תה אדבין 100 יחידות,גרמים,200.00,100 גרם,false,1,22.90,11.45,true,1,
4791001060266,false,תה אדבין 100 יחידות בטעמים פירות,,,תה אדבין 100 יחידות,גרמים,200.00,100 גרם,false,1,22.90,11.45,true,1,
4791001061263,false,תה אדבין 100 יחידות בטעמים,,,תה אדבין 100 יחידות,גרמים,200.00,100 גרם,false,1,22.90,11.45,true,1,
4791045001560,false,תה היליס אינגליש ברקפסט 10 שקיקים,,,תה היליס אינגליש ברק,גרמים,150.00,100 גרם,false,1,25.50,17.00,true,1,
4791045001867,false,תה היליס סקוטיש ברקפסט 100 שקיקים,,,תה היליס סקוטיש ברקפ,גרמים,150.00,100 גרם,false,1,24.00,16.00,true,1,
4791045001874,false,תה אינגליש אריסטוקרטיק 100 שק סרי לנקה,,,תה אינגליש אריסטוקרט,גרמים,200.00,100 גרם,false,1,27.50,13.75,true,1,
4791045002314,false,תה היליס עלים ירוק 100 גרם,,,תה היליס עלים ירוק 1,גרמים,100.00,100 גרם,false,1,12.80,12.80,true,1,
4791045002536,false,תה עלים ירוק אנגלי 230 גרם היליס,,,תה עלים ירוק אנגלי 2,גרמים,230.00,100 גרם,false,1,27.50,11.96,true,1,
4791045002611,false,תה הייליס אריסטוקרט,,,תה אריסטוקרט 300 גרם,גרמים,300.00,100 גרם,false,1,41.50,13.83,true,1,
4791045002642,false,תה עלים ירוק עם יסמין 100 גרם,,,תה עלים ירוק עם יסמי,גרמים,100.00,100 גרם,false,1,15.00,15.00,true,1,
4791045003182,false,תה בתפזורת ארל גריי 100 גר היליס,,,תה בתפזורת ארל גריי,גרמים,100.00,100 גרם,false,1,14.50,14.50,true,1,
4791045006572,false,תה היליס אינגליש ירוק 100 שקיקים,,,תה היליס אינגליש ירו,גרמים,150.00,100 גרם,false,1,24.00,16.00,true,1,
4791045007128,false,תה היליס ירוק פסיפלורה 100 גר,,,תה היליס ירוק פסיפלו,גרמים,100.00,100 גרם,false,1,14.50,14.50,true,1,
4791045010425,false,תה היליס אינגליש רויאל בלנד 400 גרם פח,,,תה היליס אינגליש רוי,גרמים,400.00,100 גרם,false,1,59.90,14.98,true,1,
4791045010937,false,תה היליס ארל גריי 250 גרם,,,תה היליס ארל גריי 25,גרמים,250.00,100 גרם,false,1,29.50,11.80,true,1,
4791045019787,false,תה היליס אריסטוקרט 100 גר,,,תה היליס אריסטוקרט 1,גרמים,100.00,100 גרם,false,1,25.90,25.90,true,1,
4792032060454,false,"גרין קוקו - מי קוקוס אורגניים 330 מ""ל",נטורפוד בעמ,,גרין קוקו - מי קוקוס,מיליליטרים,330.00,"100 מ""ל",false,1,9.40,2.85,true,1,
4792055013741,false,עלי תה ירוק טרסון פירות יער 100 גר,,,עלי תה ירוק טרסון פי,גרמים,100.00,100 גרם,false,1,26.90,26.90,true,1,
4792055013888,false,עלי תה ירוק טרסון קווי ותות 100 גר,,,עלי תה ירוק טרסון קו,גרמים,100.00,100 גרם,false,1,26.90,26.90,true,1,
4792055019958,false,תה שחור טרסון טרופיקל פיז פירות 75 גר,,,תה שחור טרסון טרופיק,גרמים,75.00,100 גרם,false,1,27.90,37.20,true,1,
4792059022053,false,קרם קוקוס אורגני 400 מ`ל,סי בי אל נטורל פודס,,קרם קוקוס אורגני 400,Unknown,0.00,Unknown,false,1,11.90,11.90,true,1,
4792252001107,false,תה פירות הקסם 2 גר* 20 שק,בסילר,,תה פירות הקסם 2 גר*,Unknown,0.00,Unknown,false,1,19.90,19.90,true,1,
4792252001114,false,תה שחור ארל גריי 2 גר* 20 שק,בסילר,,תה שחור ארל גריי 2 ג,Unknown,0.00,Unknown,false,1,18.90,18.90,true,1,
4792252002074,false,תה שחור תות שדה וקיווי 2 גר* 20 שק,בסילר,,תה שחור תות שדה וקיו,Unknown,0.00,Unknown,false,1,18.90,18.90,true,1,
4792252007222,false,תה שחור עם חמוציות 2 גר*100 שקיקים,בסילר,,תה שחור עם חמוציות 2,גרמים,200.00,100 גרם,false,1,39.90,19.95,true,1,
4792252100220,false,תה ירוק חלב אולונג 100 גרם,בסילר,,תה ירוק חלב אולונג,גרמים,100.00,100 גרם,false,1,23.90,23.90,true,1,
4792252100343,false,תה שחור תות שקה וקיווי 100 גרם,בסילר,,תה שחור תות שקה וקיו,גרמים,100.00,100 גרם,false,1,23.90,23.90,true,1,
4792252100398,false,תה שחור עם חמוציות 100 גרם,בסילר,,תה שחור עם חמוציות 1,גרמים,100.00,100 גרם,false,1,19.90,19.90,true,1,
4792252916418,false,תה אוריאנטל מגיק נייס 2*20 בזילור,בסילר,,תה אוריאנטל מגיק ניי,Unknown,0.00,Unknown,false,1,18.90,18.90,true,1,
4792252916432,false,תה אוריאנטל ירח לבן 1.5*20 בזילור,בסילר,,תה אוריאנטל ירח לבן,Unknown,0.00,Unknown,false,1,18.90,18.90,true,1,
4792252916531,false,תה אוריאנטל מורוזני 2*20 בזילור,בסילר,,תה אוריאנטל מורוזני,Unknown,0.00,Unknown,false,1,18.90,18.90,true,1,
4792252935495,false,תה פרוט ימפ.אסורטי שק 60*1.8 בסילור,,LK,תה פרוט ימפ.אסורטי ש,גרמים,108.00,100 גרם,false,1,36.90,34.17,true,1,
4796019790013,false,שמן קוקוס כבישה קרה אורגני גרין קוקו 300,נטורפוד בעמ,,שמן קוקוס אורגני 300,מיליליטרים,300.00,"100 מ""ל",false,1,23.90,7.97,true,1,
4796019790020,false,שמן קוקוס אורגני כבישה קרה גרין קוקו 500,נטורפוד בעמ,,שמן קוקוס אורגני 500,מיליליטרים,500.00,"100 מ""ל",false,1,34.50,6.90,true,1,
4796019790037,false,שמן קוקוס אורגני כבישה קרה גרין קוקו 1 ל,נטורפוד בעמ,,שמן קוקוס אורגני 1 ל,מיליליטרים,1000.00,"100 מ""ל",false,1,57.50,5.75,true,1,
4798330316446,false,תה ירוק היסון עלים ארוכים פירות יער 100,,,תה ירוק היסון עלים א,גרמים,100.00,100 גרם,false,1,14.90,14.90,true,1,
4798330319980,false,תה ירוק היסון אוכמניות ואנונה 100 גר,,,תה ירוק היסון אוכמני,גרמים,100.00,100 גרם,false,1,14.90,14.90,true,1,
4798810000599,false,תה סופר אופה 250 גר,טורלטון,,תה אופה 250 גרם פח,גרמים,250.00,100 גרם,false,1,39.90,15.96,true,1,
4800888210197,false,דאו דאב סטיק אנטיפרספירנט קוקוס ויסמין50,"יוניליוור ישראל שיווק בע""מ",PH,דאו דאב סטיק אנטיפרס,גרמים,50.00,100 גרם,false,1,26.90,53.80,true,1,
4800888219541,false,רקסונה - דאודורנט סטיק לאישה פאוודר דרי 50 גרם,יוניליוור ישראל שיווק בעמ,,דאו רקסונה סטיק טלק,גרמים,50.00,100 גרם,false,1,20.90,41.80,true,1,
4800937547960,false,עיליון מעוצב לעץ MIX,,,עיליון מעוצב לעץ MIX,Unknown,0.00,Unknown,false,1,25.90,25.90,true,1,
4801234159856,false,גלייד מיני-ג'ל מפיץ ריח בניחוח מרכך כביסה 70 גרם,ג'ינסו ג'ונסון טונגד,,גלייד מיני גל בניחוח,Unknown,0.00,Unknown,false,1,11.90,11.90,true,1,
4801234159863,false,גלייד מיני-ג'ל מפיץ ריח בניחוח חבצלות ופרחי בר 70 גרם,המאפיה של הרמן,,גלייד מיני גל בניחוח,Unknown,0.00,Unknown,false,1,11.90,11.90,true,1,
4802431579003,false,לבש דק ארמני,,IL,לבש דק ארמני,גרמים,0.00,100 גרם,false,1,16.90,16.90,true,1,
4810065006987,false,חלב מרוכז ממותק דוי פק רוגציוב 380 גרם,,BY,חלב מרוכז ממותק דוי,גרמים,380.00,100 גרם,false,1,14.90,3.92,true,1,
4810065013121,false,חלב מרוכז ממותק דוי פק רוגציוב 280 גרם,,BY,חלב מרוכז ממותק דוי,גרמים,280.00,100 גרם,false,1,15.90,5.68,true,1,
4810108007506,false,Glubokoeחלב מרוכז 380 גר,,BY,חלב מרוכז 380 גר Gl,גרמים,380.00,100 גרם,false,1,13.90,3.66,true,1,
4810168000011,false,פילה דג הרינג מלוח מצונן 250 גרם,דילר בי.אם.די. פורמולה בעמ,,פילה הרינג מלוח 250,גרמים,250.00,100 גרם,false,1,15.20,6.08,true,1,
4810168000066,false,פילה דג הרינג מלוח מצונן עם תבלינים 250 גרם,דילר בי.אם.די. פורמולה בעמ,BY,פילה הרינג מלוח עם ת,גרמים,250.00,100 גרם,false,1,15.20,6.08,true,1,
4810168000103,false,פילה הרינג מטיאס 250גר,,BY,פילה הרינג מלוח מעוש,גרמים,250.00,100 גרם,false,1,15.20,6.08,true,1,
4810168000998,false,פילה דג הרינג מלוח מצונן עם בצל בצנצנת חתיכות 260גרם,דילר בי.אם.די. פורמולה בעמ,,חתיכות פילה הרינג,גרמים,260.00,100 גרם,false,1,19.40,7.46,true,1,
4810168001056,false,פילה דג הרינג מלוח מצונן בצנצנת חתיכות 260גרם,דילר בי.אם.די. פורמולה בעמ,,חתיכות פילה הרינג,גרמים,260.00,100 גרם,false,1,19.40,7.46,true,1,
4810168001933,false,מקלות סורימי בטעם סרטן קפוא 200 גרם,,,מקלות סורימי בטעם סר,גרמים,200.00,100 גרם,false,1,7.30,3.65,true,1,
4810168004132,false,ביצי דג טרוטונית אטלנטי מומלח מצונן 180,,,ביצי דג טרוטונית אטל,גרמים,180.00,100 גרם,false,1,17.70,9.83,true,1,
4810168004149,false,ביצי דג טרוטונית אטלנטי מעושן מצונן 180,,,ביצי דג טרוטונית אטל,גרמים,180.00,100 גרם,false,1,17.70,9.83,true,1,
4810168004156,false,ביצי דג טרוטונית אטלנטי סלמון מעושן 180ג,,,ביצי דג טרוטונית אטל,גרמים,180.00,100 גרם,false,1,17.70,9.83,true,1,
4810168016104,false,ביצי דג טרוטונית אטלנטי חסילונים 180 גר,,,ביצי דג טרוטונית אטל,גרמים,180.00,100 גרם,false,1,17.70,9.83,true,1,
4810168018795,false,חתיכות פילה דג הרינג מלוח מצונן 200גרם,דילר בי.אם.די. פורמולה בעמ,,חתיכות פילה הרינג מל,גרמים,200.00,100 גרם,false,1,15.20,7.60,true,1,
4810168019051,false,חתיכות פילה דג הרינג מלוח מצונן עם תבלין 200גרם,דילר בי.אם.די. פורמולה בעמ,BY,פילה הרינג מלוח עם ת,גרמים,200.00,100 גרם,false,1,15.20,7.60,true,1,
4810168020309,false,אצות ים מוחמצות 150 גר,,,אצות ים מוחמצות 150,גרמים,150.00,100 גרם,false,1,7.30,4.87,true,1,
4810168020330,false,אצות ים מוחמצות פטריות 150 גר,,,אצות ים מוחמצות,גרמים,150.00,100 גרם,false,1,7.30,4.87,true,1,
4810168020392,false,אצות ים מוחמצות גזר 150 גר,,,אצות ים מוחמצות גזר,גרמים,150.00,100 גרם,false,1,7.30,4.87,true,1,
4810168023478,false,סלט אצות ים צוקה 150 גרם,,,סלט אצות ים צוקה 150,גרמים,150.00,100 גרם,false,1,14.90,9.93,true,1,
4810168024260,false,ביצי דג שיבוט מומלח מצונן 130 גר,,,ביצי דג שיבוט מומלח,גרמים,130.00,100 גרם,false,1,16.70,12.85,true,1,
4810168024512,false,פילה דג הרינג מלוח מצונן עם תבלין בצנצנת חתיכות 260 גרם,דילר בי.אם.די. פורמולה בעמ,,חתיכות פילה הרינג,גרמים,260.00,100 גרם,false,1,19.40,7.46,true,1,
4810168025793,false,ביצי דג זהבנון מומלח מצונן 130 גר,,,ביצי דג זהבנון מומלח,גרמים,130.00,100 גרם,false,1,16.70,12.85,true,1,
4810168031794,false,ביצי דג הרינג אטלנטי מומלח מצונן 110 גר,,,ביצי דג הרינג אטלנטי,גרמים,110.00,100 גרם,false,1,16.70,15.18,true,1,
4810168035785,false,ממרח עם קריל מצונן 1,,BY,ממרח עם קריל 150 גר,גרמים,150.00,100 גרם,false,1,15.20,10.13,true,1,
4810168035792,false,ממרח עם קריל מעושן 150 גר,,BY,ממרח עם קריל מעושן 1,גרמים,150.00,100 גרם,false,1,15.20,10.13,true,1,
4810168035808,false,ממרח עם קריל ברוטב שמנת ושום 150 גר,,BY,ממרח עם קריל ברוטב ש,גרמים,150.00,100 גרם,false,1,15.20,10.13,true,1,
4810168037888,false,גלידת שמנת וניל בציפוי צימקאו עם אגוזי לוז YUKKI,Santa Bremor,BY,גלידה פלומביר אסקימו,גרמים,65.00,100 גרם,false,1,6.90,10.62,true,1,
4810168038250,false,גלידת חלב ציפורים אסקימו 65 גר,,,גלידת חלב ציפורים,גרמים,65.00,100 גרם,false,1,6.90,10.62,true,1,
4810168038267,false,גלידת שמנת בטעם וניל פלומביר בציפוי צימקאו אסקימו 65 גר YUKKI,אייס דילר בי.אמ.די בעמ,,גלידה שמנת בטעם וניל,גרמים,65.00,100 גרם,false,1,6.90,10.62,true,1,
4810168038977,false,גלידת שמנת בטעם וניל בגביע וופל אישי פלומביר 75 גרם YUKKI,אייס דילר בי.אמ.די בעמ,,גלידה פלומביר 75 גר,גרמים,75.00,100 גרם,false,1,6.90,9.20,true,1,
4810168038984,false,גלידת שמנת משובחת בטעם וניל וופל בין השכבות 80 גר YUKKI,אייס דילר בי.אמ.די בעמ,,גלידה פלומביר סנדווי,גרמים,80.00,100 גרם,false,1,6.90,8.63,true,1,
4810168038991,false,גלידת שמנת בטעם שוקולד בגביע וופל אישי פלומביר 75 גר YUKKI,אייס דילר בי.אמ.די בעמ,,גלידה פלומביר בגביע,גרמים,75.00,100 גרם,false,1,6.90,9.20,true,1,
4810168039004,false,גלידה פלומביר משפחתי 400 גר,,,גלידה פלומביר משפחתי,גרמים,400.00,100 גרם,false,1,25.90,6.48,true,1,
4810168045432,false,גלידת שמנת וניל במילוי קרם טראפל בציפוי צימקאו YUKKI,Santa Bremor,,גלידה טרופל אסקימו 6,גרמים,65.00,100 גרם,false,1,6.90,10.62,true,1,
4810168047351,false,בצק עלים מרודד מוקפא 450 גרם,דילר בי.אמ.די פורמולה בעמ,BY,בצק עלים מרודד מוקפא,גרמים,450.00,100 גרם,false,1,8.90,1.98,true,1,
4810168047368,false,בצק שמרים עלים מרודד מוקפא 450 גרם,דילר בי.אמ.די פורמולה בעמ,BY,בצק שמרים עלים מרודד,גרמים,450.00,100 גרם,false,1,8.90,1.98,true,1,
4810168049928,false,"בלינצ'ס במילוי תפו""א ופטריות מוקפאים 420 גרם",דילר בי.אמ.די פורמולה בעמ,BY,"בלינצס במילוי תפו""א",גרמים,420.00,100 גרם,false,1,14.60,3.48,true,1,
4810168049966,false,בלינצ'ס במילוי דובדבן מוקפא 360 גרם,דילר בי.אם.די. פורמולה בעמ,BY,בלינצס במילוי דובדבן,גרמים,360.00,100 גרם,false,1,14.60,4.06,true,1,
4810168051396,false,בצק שמרים מרודד מוקפא 450 גרם,דילר בי.אם.די פורמולה בעמ,BY,בצק שמרים מרודד מוקפ,גרמים,450.00,100 גרם,false,1,6.90,1.53,true,1,
4810168052270,false,עלי בלינצ'ס מוקפאים 320 גרם,דילר בי.אם.די. פורמולה בעמ,BY,עלי בלינצס מוקפאים,גרמים,320.00,100 גרם,false,1,10.40,3.25,true,1,
4810168053031,false,YUKKI גלידת שמנת משובחת בטעם שוקולד וופל בין שכבות 80גר,אייס דילר בי.אמ.די בעמ,BY,גלידה פלומביר בריקט,גרמים,80.00,100 גרם,false,1,6.90,8.63,true,1,
4810168055004,false,כיסונים במילוי אוכמניות כחולות מוקפאים 4,דילר בי.אם.די. פורמולה בעמ,BY,כיסונים במילוי,גרמים,450.00,100 גרם,false,1,20.90,4.64,true,1,
4810168055028,false,כיסונים במילוי דובדבנים מוקפאים 450 גר (,דילר בי.אם.די. פורמולה בעמ,BY,כיסונים במילוי,גרמים,450.00,100 גרם,false,1,20.90,4.64,true,1,
4810168055035,false,כיסונים במילוי טבורוג וצימוקים מוקפאות 450 גרם,דילר בי.אמ.די פורמולה בעמ,BY,כיסונים במילוי,גרמים,450.00,100 גרם,false,1,16.70,3.71,true,1,
4810168055059,false,כיסונים במילוי גבינת ריקוטה ותרד מוקפא,,BY,כיסונים במילוי גבינת,גרמים,450.00,100 גרם,false,1,20.90,4.64,true,1,
4810168055066,false,"כיסונים במילוי תפו""א ופטריות מוקפאים 450 גרם",דילר בי.אם.די. פורמולה בעמ,BY,"כיסונים במילוי תפו""א",גרמים,450.00,100 גרם,false,1,13.50,3.00,true,1,
4810168055080,false,כיסונים במילוי כרוב ופטריות מוקפאים 450 גרם,דילר בי.אמ.די פורמולה בעמ,BY,כיסונים במילוי כרוב,גרמים,450.00,100 גרם,false,1,13.50,3.00,true,1,
4810168055165,false,לביבות גבינת טבורוג מוקפאות 450 גרם,דילר בי.אמ.די פורמולה בעמ,BY,לביבות גבינת טבורוג,גרמים,450.00,100 גרם,false,1,20.90,4.64,true,1,
4810168055875,false,חתיכות פילה דג הרינג מתובל ממולח בשמן 1200 גרם,דילר בי.אם.די. פורמולה בעמ,,חתיכות פילה דג הרינג,גרמים,1200.00,100 גרם,false,1,41.90,3.49,true,1,
4810168055882,false,חתיכות פילה דג הרינג ממולח בשמן 1200 גרם,דילר בי.אם.די. פורמולה בעמ,,חתיכות פילה דג הרינג,גרמים,1200.00,100 גרם,false,1,41.90,3.49,true,1,
4810168055899,false,פילה דג הרינג מומלח בשמן מצונן 1200 גרם,דילר בי.אם.די. פורמולה בעמ,,פילה דג הרינג מומלח,גרמים,1200.00,100 גרם,false,1,41.90,3.49,true,1,
4810168055905,false,פילה דג הרינג סקנדינבי ממולח בשמן 1200 גרם,דילר בי.אם.די. פורמולה בעמ,,פילה דג הרינג סקנדינ,גרמים,1200.00,100 גרם,false,1,41.90,3.49,true,1,
4810168057435,false,חתיכות פילה דג XXLהרינג מלוח בשמן מצונן 400 גרם,דילר בי.אם.די. פורמולה בעמ,RU,חתיכות פילה הרינג מל,גרמים,500.00,100 גרם,false,1,30.50,6.10,true,1,
4810168057510,false,חתיכות פילה דג הרינג מתובל מלוח בשמן 400 גרם,דילר בי.אם.די. פורמולה בעמ,,חתיכות פילה הרינג מת,גרמים,400.00,100 גרם,false,1,30.50,7.63,true,1,
4810168058548,false,חתיכות פילה דג הרינג סקנדינבי ממולח 1200 גרם,דילר בי.אם.די. פורמולה בעמ,,חתיכות פילה דג הרינג,גרמים,1200.00,100 גרם,false,1,41.90,3.49,true,1,
4810168058876,false,ביצי דג טרוטונית Moiva עם אבוקדו וסלמון,,,ביצי דג טרוטונית Moi,גרמים,180.00,100 גרם,false,1,16.90,9.39,true,1,
4810168058975,false,חתיכות פילה דג הרינג סקנדינבי מלוח מצונן 260 גר,דילר בי.אם.די. פורמולה בעמ,,חתיכות פילה דג הרינג,גרמים,260.00,100 גרם,false,1,19.40,7.46,true,1,
4810168058982,false,חתיכות פילה דג הרינג סקנדינבי מלוח בשמן 400 גר,דילר בי.אם.די. פורמולה בעמ,RU,חתיכות פילה דג הרינג,גרמים,400.00,100 גרם,false,1,30.50,7.63,true,1,
4810168058999,false,פילה דג הרינג סקנדינבי מלוח מצונן 250 גרם,דילר בי.אמ.די פורמולה בעמ,,פילה הרינג סקנדינבי,גרמים,250.00,100 גרם,false,1,15.20,6.08,true,1,
4810168061142,false,בסגנון קוויאר אדום כדורי דג סלמון ופורל,פירסט קוואליטי תרייד,,בסגנון קוויאר אדום כ,גרמים,230.00,100 גרם,false,1,14.90,6.48,true,1,
4810168061159,false,בסגנון קוויאר שחור כדורי דג סלמון ופורל,פירסט קוואליטי תרייד,,בסגנון קוויאר שחור כ,גרמים,230.00,100 גרם,false,1,14.90,6.48,true,1,
4810168062163,false,"כיסונים פרווה במילוי תפו""א ופטריות מוקפאים 450 גר",דילר בי.אמ.די פורמולה בעמ,BY,"כיסונים במילוי תפו""א",גרמים,450.00,100 גרם,false,1,13.50,3.00,true,1,
4810168062170,false,"כיסונים במילוי תפו""א ובצל מוקפאים 450 גר",דילר בי.אמ.די פורמולה בעמ,BY,"כיסונים במילוי תפו""א",גרמים,450.00,100 גרם,false,1,13.50,3.00,true,1,
4810168062194,false,בלינצס במילוי גבינת טבורוג מוקפא 360 גר,דילר בי.אמ.די פורמולה בעמ,BY,בלינצס במילוי גבינת,גרמים,360.00,100 גרם,false,1,14.60,4.06,true,1,
4810168062224,false,בלינצס במילוי ממרח קקאו אגוזי לוז קפוא,דילר בי.אמ.די פורמולה בעמ,BY,בלינצס במילוי ממרח ק,גרמים,360.00,100 גרם,false,1,14.60,4.06,true,1,
4810268027345,false,טבורוג 5% סבושקין קלאסי 300 גרם,,BY,טבורוג 5% סבושקין קל,גרמים,300.00,100 גרם,false,1,19.90,6.63,true,1,
4810268028847,false,טבורוג 5% סבושקין זרניסטיי 350 גרם,,BY,טבורוג 5% סבושקין זר,גרמים,200.00,100 גרם,false,1,15.90,7.95,true,1,
4810268028908,false,טבורוג 5% סבושקין קלאסי 350 גרם,,BY,טבורוג 5% סבושקין קל,גרמים,350.00,100 גרם,false,1,21.90,6.26,true,1,
4810268030178,false,טבורוג 5% סבושקין קלאסי 300 גרם,,BY,טבורוג 5% סבושקין קל,גרמים,300.00,100 גרם,false,1,14.90,4.97,true,1,
4810268041907,false,טבורוג 5% סבושקין קלאסי 200 גרם,,BY,טבורוג 5% סבושקין קל,גרמים,200.00,100 גרם,false,1,9.90,4.95,true,1,
4810268041914,false,טבורוג 5% סבושקין קלאסי 200 גרם,,BY,טבורוג 5% סבושקין קל,גרמים,200.00,100 גרם,false,1,13.50,6.75,true,1,
4810278003568,false,חליטת צמחים20 שקיקים CHAMOMILE,,BY,חליטת צמחים20 שקיקים,גרמים,20.00,100 גרם,false,1,10.40,52.00,true,1,
4810278003612,false,חליטת צמחים 20 שקיקים HERBS,,BY,חליטת צמחים 20 שקיק,גרמים,20.00,100 גרם,false,1,10.40,52.00,true,1,
4810285004008,false,"קווס ""לידסקיי"" לחם 1.5 ליטר",לידסקויה פיבו,,"קווס ""לידסקיי"" לחם 1",ליטרים,0.00,ליטר,false,1,13.90,13.90,true,1,
4810285006743,false,"קווס ""לידסקיי"" כהה 1.5 ליטר",לידסקויה פיבו,,"קווס ""לידסקיי"" כהה 1",ליטרים,0.00,ליטר,false,1,13.90,13.90,true,1,
4810350000027,false,לחם מאסטר 700 גר,ארדי שיווק וסיטונאות,,לחם שחור 700 גר,גרמים,700.00,100 גרם,false,1,14.30,2.04,true,1,
4810410028954,false,שוקולד מריר קומונרקה קרם טראפלס 200 גר,קמונרקה,BY,שוקולד מריר קומונרקה,גרמים,200.00,100 גרם,false,1,16.70,8.35,true,1,
4810410055752,false,ממתק מוקצף בציפוי שוקולד פטיציה 200 גר,,RU,ממתק מוקצף בציפוי שו,גרמים,200.00,100 גרם,false,1,20.90,10.45,true,1,
4810410078027,false,שוקולד חלב עם מילוי קרמל מלוח 200 ג KOM,קמונרקה,,שוקולד חלב עם מילוי,גרמים,200.00,100 גרם,false,1,15.90,7.95,true,1,
4815387001887,false,תה ירוק פירות 80 גר LOVARE,MALBI CHOCOLATE,,תה ירוק פירות 80 גר,גרמים,80.00,100 גרם,false,1,15.90,19.88,true,1,
4815387001931,false,תה צמחים עם פירות ROYAL DESSERT 80 גר,MALBI CHOCOLATE,,תערובת תה צמחים פירו,גרמים,80.00,100 גרם,false,1,15.90,19.88,true,1,
4815387002136,false,ערכת תה מתנה 12 סוגי תה וחליטת וצמחים דלהי 60 יח',דילר בי.אמ.די.אינטרנשיונל בעמ,UA,מארז תה 12 טעמים DAL,יחידה,1.00,יחידה,false,1,31.50,31.50,true,1,
4815387003768,false,תערובת תה שחור וירוק 80 גר LOVARE,MALBI CHOCOLATE,,תערובת תה שחור וירוק,גרמים,80.00,100 גרם,false,1,15.90,19.88,true,1,
4820000190954,false,"בירה אובולון בהירה פחית 500 מ""ל",OBOLON,,בירה אובולון בהירה פ,מיליליטרים,500.00,"100 מ""ל",false,1,8.90,1.78,true,1,
4820000190961,false,"בירה OBOLON פרימיום בפחית 500 מ""ל",דולינה טרייד בעמ,,בירה אובולון צהוב פח,מיליליטרים,330.00,"100 מ""ל",false,1,8.90,2.70,true,1,
4820000191579,false,בירה אובולון בהירה 2 ליטר,OBOLON,,בירה אובולון בהירה 2,ליטרים,0.00,ליטר,false,1,24.90,24.90,true,1,
4820000191586,false,בירה אובולון בהירה 1 ליטר,אובלון,,בירה אובולון בהירה 1,מיליליטרים,1000.00,"100 מ""ל",false,1,13.20,1.32,true,1,
4820000192101,false,"בירה בירמיקס קלה בטעם לימון 500 מ""ל",OBOLON,,בירה קלה בטעם לימון,מיליליטרים,500.00,"100 מ""ל",false,1,8.90,1.78,true,1,
4820000192125,false,"בירה בירמיקס קלה בטעם דובדבן 500 מ""ל",OBOLON,,בירה קלה בטעם דובדבן,מיליליטרים,500.00,"100 מ""ל",false,1,8.90,1.78,true,1,
4820000192187,false,"בירה אובולון ללא אלכוהול 500 מ""ל",OBOLON,,בירה אובולון ללא אלכ,מיליליטרים,500.00,"100 מ""ל",false,1,7.10,1.42,true,1,
4820000193238,false,"בירה בירמיקס קלה בטעם פטל 500 מ""ל",OBOLON,,בירה בירמיקס קלה בטע,מיליליטרים,500.00,"100 מ""ל",false,1,8.90,1.78,true,1,
4820000195867,false,בירה זיגולובסקיה 2 ליטר,OBOLON,,בירה זיגולובסקיה 2 ל,ליטרים,0.00,ליטר,false,1,24.90,24.90,true,1,
4820000196581,false,בירה זיגולובסקיה 2.5 ליטר,,,בירה זיגולובסקיה 2.5,ליטרים,0.00,ליטר,false,1,30.90,30.90,true,1,
4820000453998,false,בירה LVIVSKE בהירה 2.5 ליטר,קרלסברג אוקראינה,,בירה LVIVSKE בהירה,ליטרים,0.00,ליטר,false,1,30.60,30.60,true,1,
4820000455503,false,בירה 2.5 ליטר LVIVSKE Zhigulivske,,,בירה 2.5 ליטר LVIVSK,ליטרים,0.00,ליטר,false,1,31.90,31.90,true,1,
4820000455732,false,בירה בבקבוק 450 מייל LVIVSKE 1715,,,בירה בבקבוק 450 מייל,מיליליטרים,450.00,"100 מ""ל",false,1,9.50,2.11,true,1,
4820000456272,false,"בירה LVIVSKE פרמיום 500 מ""ל",חרקוב ביסקוויט,,בירה LVIVSKE פרמיום,מיליליטרים,450.00,"100 מ""ל",false,1,9.50,2.11,true,1,
4820000456401,false,בירה ROBERT DOMS BELGIYSKIY בקבוק 500 מל,קלסברג אוקראינה,,בירה ROBERT DOMS BEL,מיליליטרים,500.00,"100 מ""ל",false,1,10.50,2.10,true,1,
4820000458238,false,"בירה כהה ""אריה כהה"" בבקבוק 500 מ""ל",,,"בירה כהה ""אריה כהה""",מיליליטרים,450.00,"100 מ""ל",false,1,9.20,2.04,true,1,
4820000458788,false,בפחית 500 מל Robert Doms Belgiyskiy בירה,,,בפחית 500 מל Robert,מיליליטרים,500.00,"100 מ""ל",false,1,9.90,1.98,true,1,
4820000458887,false,בירה 1.45 ליטר LVIVSKE 1715,קלסברג אוקראינה,UA,בירה 1.45 ליטר LVIVS,מיליליטרים,1450.00,"100 מ""ל",false,1,19.90,1.37,true,1,
4820000459617,false,"בירה אריה לבן בהירה לא מסוננת 500 מ""ל",,,בירה אריה לבן בהירה,מיליליטרים,500.00,"100 מ""ל",false,1,9.20,1.84,true,1,
4820000943871,false,מיקדו יין אדום מתוק מתובל בדובדבנים 700,,,מיקדו יין אדום מתוק,Unknown,0.00,Unknown,false,1,32.90,32.90,true,1,
4820000947343,false,"ברנדי שוסטוף 5 שנה 500 מ""ל",,,ברנדי שוסטוף 5 שנה 5,מיליליטרים,500.00,"100 מ""ל",false,1,62.90,12.58,true,1,
4820002300238,false,קרקר בוטרברודני 400 גר,חרקוב בסקוויט,,קרקר בוטרברודני 400,גרמים,400.00,100 גרם,false,1,13.90,3.48,true,1,
4820002301907,false,ביסקוויט סכרנוי 180 גר Kharkovchanka,,UA,ביסקוויט סכרנוי 180,גרמים,180.00,100 גרם,false,1,5.90,3.28,true,1,
4820002301969,false,"קרקר ""בוקובקי"" 400 גרם",חרקוב בסקוויט,,"קרקר ""בוקובקי"" 400 ג",גרמים,400.00,100 גרם,false,1,13.90,3.48,true,1,
4820002302034,false,קרקר פסיאנס 400 גר,חרקוב בסקוויט,,קרקר פסיאנס 400 גר,גרמים,400.00,100 גרם,false,1,13.90,3.48,true,1,
4820002305462,false,עוגיות עם פרוקטוז 400 גרם,חרקוב בסקוויט,UA,עוגיות עם פרוקטוז 40,גרמים,400.00,100 גרם,false,1,13.90,3.48,true,1,
4820002309538,false,עוגת וופל קפריזוליה בטעם פרוקטוזה 210 גר,KHARKIV BISCUIT,,עוגת וופל קפריזוליה,גרמים,210.00,100 גרם,false,1,12.90,6.14,true,1,
4820002710242,false,בירה אובולון ברחטנויה 1 ליטר,אובלון,,בירה אובולון ברחטנוי,מיליליטרים,1000.00,"100 מ""ל",false,1,13.20,1.32,true,1,
4820002710426,false,בירה אובולון לבנה 1 ליטר,אובלון,,בירה אובולון לבנה 1,מיליליטרים,1000.00,"100 מ""ל",false,1,13.20,1.32,true,1,
4820002710860,false,בירה אובולון פשניצנויה 1 ליטר,OBOLON,,בירה אובולון פשניצנו,מיליליטרים,1000.00,"100 מ""ל",false,1,13.20,1.32,true,1,
4820003689363,false,נקטר עגבניות עם מלח 1.93 ליטר נאש סוק,נאש סוק,UA,נקטר עגבניות עם מלח,ליטרים,0.00,ליטר,false,1,24.90,24.90,true,1,
4820003689387,false,נקטר דובדבן 1.93 ליטר נאש סוק,ויטמרק,,נקטר דובדבן 1.93 ליט,ליטרים,0.00,ליטר,false,1,24.90,24.90,true,1,
4820005192946,false,שוקולד מילניום גולד חלב צימוקים אגוז 100,מלבי,,שוקולד מילניום גולד,גרמים,100.00,100 גרם,false,1,7.90,7.90,true,1,
4820005193073,false,שוקולד מילניום גולד מריר אגוז 100 גרם,מלבי,,שוקולד מילניום גולד,גרמים,100.00,100 גרם,false,1,7.90,7.90,true,1,
4820006010942,false,פתיתי שיבולת שועל 400 גרם,,UA,פתיתי שיבולת שועל 40,גרמים,400.00,100 גרם,false,1,5.90,1.48,true,1,
4820006011819,false,גריסי דוחן 800 גרם,,UA,גריסי דוחן 800 גרם,גרמים,800.00,100 גרם,false,1,9.90,1.24,true,1,
4820012596294,false,אקימו לב וניל עם אגוזים 85 גר,laska,,אקימו לב וניל עם אגו,גרמים,85.00,100 גרם,false,1,5.90,6.94,true,1,
4820015165206,false,גלידת שמנת משובחת בטעם וניל בגביע וופל אישי פלומביר 70 גר',אייס דילר בי.אמ.די בעמ,LT,גלידה פלומביר בכוס 7,גרמים,70.00,100 גרם,false,1,6.90,9.86,true,1,
4820015165213,false,גלידת שמנת משובחת בטעם וניל פלומביר שכבות וופל 90 גרם,ז'יטומרסקי זאבוד,,גלידה פלומביר בריקט,גרמים,90.00,100 גרם,false,1,6.90,7.67,true,1,
4820016250604,false,"נקטר מולטיויטמין 200 מ""ל נאש סוק",,UA,נקטר מולטיויטמין 200,מיליליטרים,200.00,"100 מ""ל",false,1,3.90,1.95,true,1,
4820024797511,false,איקרא קישואים גספודרוצקה פתח קל 475 גר,,,איקרא קישואים גספודר,גרמים,475.00,100 גרם,false,1,11.90,2.51,true,1,
4820024797535,false,איקרה חצילים 445 גרם גספודרוצקה,גספודרוציקה,,איקרה חצילים 445 גרם,גרמים,445.00,100 גרם,false,1,12.40,2.79,true,1,
4820026670195,false,סוכריות גלי בטעם תפוז 265 גרם,חרקוב בסקוויט,,סוכריות גלי בטעם תפו,גרמים,265.00,100 גרם,false,1,14.90,5.62,true,1,
4820026670201,false,סוכריות גלי בטעם לימון 265 גרם,חרקוב בסקוויט,,סוכריות גלי בטעם לימ,גרמים,265.00,100 גרם,false,1,14.90,5.62,true,1,
4820026678283,false,בונבוניירה טרוינדה קרם ברולה 395 גר,חרקוב בסקוויט,UA,בונבוניירה טרוינדה ק,גרמים,395.00,100 גרם,false,1,39.90,10.10,true,1,
4820029431083,false,"משקה כהלי מוגז בטעם גין טוניק 330 מ""ל",OBOLON,,משקה כהלי מוגז בטעם,מיליליטרים,330.00,"100 מ""ל",false,1,12.80,3.88,true,1,
4820029431090,false,"משקה כהלי מוגז בטעם ברנדי קולה 330 מ""ל",OBOLON,,משקה כהלי מוגז בטעם,מיליליטרים,330.00,"100 מ""ל",false,1,12.80,3.88,true,1,
4820029431106,false,"משקה כהלי מוגז בטעם רום עם קולה 330 מ""ל",OBOLON,,משקה כהלי מוגז בטעם,מיליליטרים,330.00,"100 מ""ל",false,1,12.80,3.88,true,1,
4820029431175,false,"משקה כהלי מוגז בטעם וודקה ליים 330 מ""ל",OBOLON,,משקה כהלי מוגז בטעם,מיליליטרים,330.00,"100 מ""ל",false,1,12.80,3.88,true,1,
4820029960361,false,"קונפיטורה פירות יער 1.20 ק""ג DARLIS",,,קונפיטורה פירות יער,גרמים,1200.00,100 גרם,false,1,36.50,3.04,true,1,
4820030561410,false,שעועית ברוטב עגבניות 540 גרם באבושקינה,אוריקה,,שעועית ברוטב עגבניות,גרמים,540.00,100 גרם,false,1,12.90,2.39,true,1,
4820030561526,false,שימורי אפונה ירוקה 510 גרם באבושקה,אוריקה,,שימורי אפונה ירוקה 5,מיליליטרים,500.00,"100 מ""ל",false,1,12.90,2.58,true,1,
4820030561557,false,שעועית לבנה 540 גרם באבושקינה,אוריקה,,שעועית לבנה 540 גרם,גרמים,540.00,100 גרם,false,1,12.90,2.39,true,1,
4820039290014,false,פלפל שחור שלם 20 גר,,,פלפל שחור שלם 20 גר,Unknown,0.00,Unknown,false,1,9.90,9.90,true,1,
4820039290397,false,עלי דפנה פריפרבקה 10 גרם,,,עלי דפנה פריפרבקה 10,Unknown,0.00,Unknown,false,1,3.90,3.90,true,1,
4820039294531,false,שדור תבלין לבשר עם חרדל /רוזמרין 30 גרם,,UA,תבלין לבשר חרדל /רוז,גרמים,30.00,100 גרם,false,1,9.90,33.00,true,1,
4820039294548,false,תבלין לבשר תימין ופלפל צילי 30גר SHEDEVR,,UA,תבלין לבשר תימין ופל,גרמים,30.00,100 גרם,false,1,9.90,33.00,true,1,
4820039710710,false,"מעדן פטל פוסולסקי דבור 1.25 ק""ג",,,מעדן פטל יפוסולסקי ד,קילוגרמים,0.00,"ק""ג",false,1,37.90,37.90,true,1,
4820043010585,false,"שמן פשתן סחיטה קרה 350 מ""ל גולדן",דולינה טרייד בעמ,UA,שמן פשתן סחיטה קרה 3,מיליליטרים,350.00,"100 מ""ל",false,1,35.90,10.26,true,1,
4820043010745,false,"שמן גדילן 350 מ""ל גולדן",אגרוספרום,,"שמן גדילן 350 מ""ל גו",מיליליטרים,350.00,"100 מ""ל",false,1,69.90,19.97,true,1,
4820046960740,false,"בירה בהירה ""בוצ'קובוה0.5 ,4.5% ""ל'",,,בירה בהירה בוצקובוה,מיליליטרים,500.00,"100 מ""ל",false,1,10.90,2.18,true,1,
4820046962652,false,בירה בהירה בוצקובוה 4.3% לא מסוננת 500 מ,,UA,בירה בהירה בוצקובוה,מיליליטרים,500.00,"100 מ""ל",false,1,10.90,2.18,true,1,
4820046962782,false,"בירה בטעם דובדבן טטרב 7% 500 מ""ל",,,בירה בטעם דובדבן טטר,מיליליטרים,500.00,"100 מ""ל",false,1,10.90,2.18,true,1,
4820046962829,false,"בירה כהה בוצקובוה 4.3% לא מסוננת 500 מ""ל",,,בירה כהה בוצקובוה 4.,מיליליטרים,500.00,"100 מ""ל",false,1,10.90,2.18,true,1,
4820056380354,false,עולש נמס גאלקה פלוס 100 גר,ורחובינקה,,עולש נמס גאלקה פלוס,גרמים,100.00,100 גרם,false,1,8.50,8.50,true,1,
4820056380361,false,עולש נמס גאלקה עם אוכמניות 100 גר,ורחובינקה,,עולש נמס גאלקה עם או,גרמים,100.00,100 גרם,false,1,8.50,8.50,true,1,
4820056380446,false,עולש ציקורי עם פטל 100 גרם,ורחובינקה,,עולש ציקורי עם פטל 1,גרמים,100.00,100 גרם,false,1,8.50,8.50,true,1,
4820061980174,false,דגי ביצקי מטוגנים ברוטב עגבניות 250 גר,מפעל ניקולייבסקי,,דגי ביצקי מטוגנים בר,גרמים,250.00,100 גרם,false,1,8.90,3.56,true,1,
4820061980433,false,שימורי דג ביצקי ירקות ברוטב עגבניות 250,,,שימורי דג ביצקי ירקו,גרמים,250.00,100 גרם,false,1,8.90,3.56,true,1,
4820075500856,false,ELEGANCE בונבויירות מילניום 285 גרם,MALBI CHOCOLATE,UA,ELEGANCE בונבויירות,גרמים,285.00,100 גרם,false,1,24.90,8.74,true,1,
4820075502515,false,בונבוניירה ריביירה 250 גר,MALBI CHOCOLATE,,בונבוניירה ריביירה 2,גרמים,250.00,100 גרם,false,1,24.90,9.96,true,1,
4820075504397,false,בונבוניירה אסורטי פרסטיז 286 גר,MALBI CHOCOLATE,,בונבוניירה אסורטי פר,גרמים,286.00,100 גרם,false,1,29.90,10.45,true,1,
4820075504694,false,MILLENIUM ORANGE שוקולד 74% מריר 100 גר,מלבי,UA,MILLENIUM ORANGE שוק,גרמים,100.00,100 גרם,false,1,6.90,6.90,true,1,
4820077081124,false,"שמן חמניות לא מזוכך גרנה 850 מ""ל",,,שמן חמניות לא מזוכך,מיליליטרים,850.00,"100 מ""ל",false,1,12.90,1.52,true,1,
4820077081148,false,"גארנה שמן חמניות מזוכך 850 מ""ל",,,שמן חמניות מזוכך גרנ,מיליליטרים,850.00,"100 מ""ל",false,1,12.90,1.52,true,1,
4820080720584,false,"וודקה חלבני 700 מ""ל דאר קלסיק 700מל כ",יורוסטנדרט בעמ,,וודקה חלבני דאר קלאס,מיליליטרים,700.00,"100 מ""ל",false,1,62.90,8.99,true,1,
4820094252231,false,מעדן פטל אדום 45% פרי 700 גר,,UA,מעדן פטל אדום 45% פר,גרמים,700.00,100 גרם,false,1,19.90,2.84,true,1,
4820097894025,false,"הפס שיכר סיידר תפוחים בטעם טבעי 330 מ""ל",BEVERAGES FOODS & SE,,הפס שיכר סיידר תפוחי,מיליליטרים,330.00,"100 מ""ל",false,1,7.90,2.39,true,1,
4820097895190,false,הפס שיכר סיידר תפוחים בטעם דובדבן 330 מל,BEVERAGES FOODS & SE,,הפס שיכר סיידר תפוחי,מיליליטרים,330.00,"100 מ""ל",false,1,7.90,2.39,true,1,
4820097896265,false,"הפס שיכר סיידר תפוחים בטעם אגס 330 מ""ל",BEVERAGES FOODS & SE,,הפס שיכר סיידר תפוחי,מיליליטרים,330.00,"100 מ""ל",false,1,7.90,2.39,true,1,
4820097898221,false,"קוקטייל מוכן בורה בורה 330 מ""ל",,UA,קוקטייל מוכן בורה בו,מיליליטרים,330.00,"100 מ""ל",false,1,7.90,2.39,true,1,
4820097898238,false,"קוקטייל מוכן סקס און דה ביץ 330 מ""ל",,UA,קוקטייל מוכן סקס און,מיליליטרים,330.00,"100 מ""ל",false,1,7.90,2.39,true,1,
4820097899150,false,"קוקטייל מוכן גין אשכוליות 330 מ""ל",,UA,קוקטייל מוכן גין אשכ,מיליליטרים,330.00,"100 מ""ל",false,1,7.90,2.39,true,1,
4820103341543,false,חלב מרוכז מבושל 370 גרם פחית,,,חלב מרוכז מבושל 370,גרמים,370.00,100 גרם,false,1,11.90,3.22,true,1,
4820103341574,false,חלב מרוכז 370 גרם או,איצוניאנסקי,,חלב מרוכז 370 גרם,גרמים,370.00,100 גרם,false,1,11.90,3.22,true,1,
4820106160691,false,גרעיני חמניות עם קליפה קלויים 200ג ALMAZ,אזארנה,UA,גרעיני חמניות עם קלי,גרמים,200.00,100 גרם,false,1,11.90,5.95,true,1,
4820136406127,false,דובשניות עם דבש קייבחלאב 420 גר,,,דובשניות עם דבש קייב,גרמים,420.00,100 גרם,false,1,8.90,2.12,true,1,
4820154722148,false,גלידה לנינגרד שוקו 70 גר,ז'יטומרסקי זאבוד,,גלידה לנינגרד שוקו 7,גרמים,70.00,100 גרם,false,1,6.90,9.86,true,1,
4820154722162,false,גלידה לנינגרד 70 גר,ז'יטומרסקי זאבוד,,גלידה לנינגרד 70 גר,גרמים,70.00,100 גרם,false,1,6.90,9.86,true,1,
4820154722445,false,גלידה אסקימוס וניל 750 גר,ז'יטומרסקי זאבוד,,גלידה אסקימוס וניל 7,גרמים,750.00,100 גרם,false,1,32.90,4.39,true,1,
4820154722469,false,גלידה בטעם וניל בכוס אסקימוס 80 גרם,אייס דילר בי.אמ.די בעמ,,גלידה אסקימוס כוס ונ,גרמים,80.00,100 גרם,false,1,6.90,8.63,true,1,
4820154722803,false,גלידה אסקימוס שוקולד 750 גר,ז'יטומרסקי זאבוד,,גלידה אסקימוס שוקולד,גרמים,750.00,100 גרם,false,1,32.90,4.39,true,1,
4820154723275,false,גלידה בטעם וניל בציפוי שוקולד מריר בכוס אסקימוס 80 גרם,אייס דילר בי.אמ.די בעמ,,גלידה אסקימוס אסקימו,גרמים,9000.00,100 גרם,false,1,6.90,0.08,true,1,
4820154725187,false,גלידה בטעם שוקולד בציפוי שוקולד מריר בכוס אסקימוס 80 גרם,אייס דילר בי.אמ.די בעמ,,גלידה אסקימוס אסקימו,גרמים,8000.00,100 גרם,false,1,6.90,0.09,true,1,
4820154727938,false,גלידה חלבית בשומן צמחי בטעם מלון וליים אסקימו 85 גרם,אייס דילר בי.אמ.די בעמ,,גלידה אסקימו מלון לי,גרמים,85.00,100 גרם,false,1,6.90,8.12,true,1,
4820165641360,false,סושקה מליוטקה פירמניה 300 גר,סלובוז'נסקי ברד בייק,,סושקה מליוטקה פירמני,גרמים,300.00,100 גרם,false,1,8.90,2.97,true,1,
4820165641377,false,סושקה מליוטקה פלורה 300 גר,סלובוז'נסקי ברד בייק,,סושקה מליוטקה פלורה,גרמים,300.00,100 גרם,false,1,8.90,2.97,true,1,
4820165641384,false,סושקה מליוטקה וניל פלורה 300 גר,סלובוז'נסקי ברד בייק,,סושקה מליוטקה וניל פ,גרמים,300.00,100 גרם,false,1,8.90,2.97,true,1,
4820165641414,false,סושקה צלנוצוק פלורה 300 גר,סלובוז'נסקי ברד בייק,,סושקה צלנוצוק פלורה,גרמים,300.00,100 גרם,false,1,8.90,2.97,true,1,
4820165641421,false,סולומקה מתוקה חרומטיק 250 גרם,סלובוז'נסקי ברד בייק,,סולומקה מתוקה חרומטי,גרמים,250.00,100 גרם,false,1,8.90,3.56,true,1,
4820171991664,false,ורניק לסקה תפוח אדמה 900 גר,לאסקה,,ורניק לסקה תפוח אדמה,גרמים,900.00,100 גרם,false,1,25.90,2.88,true,1,
4820171991688,false,ורניק לסקה כרוב 900 גר,לאסקה,,ורניק לסקה כרוב 900,גרמים,900.00,100 גרם,false,1,25.90,2.88,true,1,
4820171991701,false,ורניקי עם דובדבן 900 גר,,UA,ורניקי עם דובדבן 900,גרמים,900.00,100 גרם,false,1,36.90,4.10,true,1,
4820171993279,false,"קרפלך תפו""א ופטריות 900 גר",לאסקה,,"קרפלך תפו""א ופטריות",גרמים,900.00,100 גרם,false,1,25.90,2.88,true,1,
4820171993293,false,קרפלך גבינה מלוחה 900 גר,לאסקה,,קרפלך גבינה מלוחה 90,גרמים,900.00,100 גרם,false,1,29.90,3.32,true,1,
4820179251593,false,איטריות רולטון בטעם בקר בבכוס 75 גרם,MAREVEN FOOD,,איטריות רולטון בטעם,גרמים,0.00,100 גרם,false,1,7.50,7.50,true,1,
4820179251616,false,איטריות רולטון בטעם עוף בבכוס 75 גרם,MAREVEN FOOD,,איטריות רולטון בטעם,גרמים,0.00,100 גרם,false,1,7.50,7.50,true,1,
4820179253726,false,איטריות רולטון להכנה מהירה עם פטריות 75,MAREVEN FOOD,,איטריות רולטון להכנה,גרמים,0.00,100 גרם,false,1,7.50,7.50,true,1,
4820179255003,false,איטריות רולטון להכנה מהירה בטעם גבינה ו,MAREVEN FOOD,,איטריות רולטון להכנה,גרמים,0.00,100 גרם,false,1,7.50,7.50,true,1,
4820180250042,false,צמות סולוגוני מעושן סירויישקה 100 גרם,,UA,צמות סולוגוני מעושן,גרמים,100.00,100 גרם,false,1,19.90,19.90,true,1,
4820180251018,false,צמות סולוגוני מעושן אדיגייסקי 100 גרם,,UA,צמות סולוגוני מעושן,גרמים,100.00,100 גרם,false,1,19.90,19.90,true,1,
4820181420628,false,"וודקה וודקה נמירוף נמירוף אוריגינל 700 מ""ל",,,וודקה נמירוף נמירוף,מיליליטרים,700.00,"100 מ""ל",false,1,59.90,8.56,true,1,
4820181420758,false,"וודקה נמירוף חיטה 700 מ""ל",,,וודקה נמירוף חיטה 70,מיליליטרים,700.00,"100 מ""ל",false,1,59.90,8.56,true,1,
4820181420901,false,"וודקה נמירוף פלפל ודבש 700 מ""ל",,,וודקה נמירוף פלפל וד,מיליליטרים,700.00,"100 מ""ל",false,1,59.90,8.56,true,1,
4820182740077,false,ציפס בטעם גבינה 70 גר,קלוס צ'פסוב,,ציפס בטעם גבינה 70 ג,גרמים,70.00,100 גרם,false,1,8.50,12.14,true,1,
4820182740084,false,ציפס בטעם בקון 70 גר,קלוס צ'פסוב,,ציפס בטעם בקון 70 גר,Unknown,0.00,Unknown,false,1,8.50,8.50,true,1,
4820182740114,false,ציפס בטעם סרטן 110 גרם,,,ציפס בטעם סרטן 110 ג,גרמים,110.00,100 גרם,false,1,10.90,9.91,true,1,
4820182741784,false,ציפס בטעם גבינה 110 גרם,,,ציפס בטעם גבינה 110,גרמים,110.00,100 גרם,false,1,10.90,9.91,true,1,
4820182741852,false,ציפס בטעם בייקון 110 גרם,,,ציפס בטעם בייקון 110,גרמים,110.00,100 גרם,false,1,10.90,9.91,true,1,
4820182742019,false,ציפס בטעם כנפיים ברביקיו 70 גר פלינט,Snacks,,ציפס כנפיים ברביקיו,גרמים,70.00,100 גרם,false,1,8.50,12.14,true,1,
4820182742897,false,קרוטונים פלינט בטעם בקון 35 גר,Snacks,UA,קרוטונים פלינט בטעם,גרמים,35.00,100 גרם,false,1,2.90,8.29,true,1,
4820182742903,false,קרוטונים פלינט בטעם סרטן 35 גרם,Snacks,UA,קרוטונים פלינט בטעם,גרמים,35.00,100 גרם,false,1,2.90,8.29,true,1,
4820182742972,false,קרוטונים פלינט בטעם קוויאר 35 גרם,Snacks,UA,קרוטונים פלינט בטעם,גרמים,35.00,100 גרם,false,1,2.90,8.29,true,1,
4820182742989,false,קרוטונים פלינט בטעם גבינה 35 גר,Snacks,UA,קרוטונים פלינט בטעם,גרמים,35.00,100 גרם,false,1,2.90,8.29,true,1,
4820182743009,false,קרוטונים פלינט בטעם שישליק 35 גרם,Snacks,UA,קרוטונים פלינט בטעם,גרמים,35.00,100 גרם,false,1,2.90,8.29,true,1,
4820182743160,false,קרוטונים בטעם שום 70 גרם FLINT,MALBI CHOCOLATE,,קרוטונים בטעם שום 7,גרמים,70.00,100 גרם,false,1,4.50,6.43,true,1,
4820182746895,false,קרוטונים בטעם קבנוס 70 גר FLINT,MALBI CHOCOLATE,,קרוטונים בטעם קבנוס,גרמים,70.00,100 גרם,false,1,4.50,6.43,true,1,
4820182746918,false,קרוטונים בטעם עגל עם אדזיקה 70 גר FLINT,MALBI CHOCOLATE,,קרוטונים בטעם עגל עם,גרמים,70.00,100 גרם,false,1,4.50,6.43,true,1,
4820182746932,false,קרוטונים בטעם עגבניות מתובלות 70גר FLINT,MALBI CHOCOLATE,,קרוטונים בטעם עגבניו,גרמים,70.00,100 גרם,false,1,4.50,6.43,true,1,
4820185230018,false,גלידה משפחתית לאסקה שוקולד 1 קג,לסקה,,גלידה משפחתית לאסקה,גרמים,1000.00,100 גרם,false,1,36.90,3.69,true,1,
4820185230179,false,גלידה לקומקה עם קקאו 100 גר,laska,,גלידה לקומקה עם קקאו,גרמים,100.00,100 גרם,false,1,5.90,5.90,true,1,
4820185230186,false,גלידה לקומקה 100 גר,laska,,גלידה לקומקה 100 גר,גרמים,100.00,100 גרם,false,1,5.90,5.90,true,1,
4820185230230,false,גלידה משפחתית לאסקה וניל 1 קג,לסקה,,גלידה משפחתית לאסקה,גרמים,1000.00,100 גרם,false,1,36.90,3.69,true,1,
4820185230964,false,גלידה אליסקה 80 גר,,,גלידה אליסקה 80 גר,גרמים,80.00,100 גרם,false,1,5.90,7.38,true,1,
4820185230988,false,גלידה בריקט מקימוס 90 גרם,laska,UA,גלידה בריקט מקימוס 9,גרמים,90.00,100 גרם,false,1,5.90,6.56,true,1,
4820185231978,false,גלידה פלומביר בלרוסקי 600 גר,לסקה,,גלידה פלומביר בלרוסק,גרמים,600.00,100 גרם,false,1,32.90,5.48,true,1,
4820185233330,false,גלידה משפחתית לאסקה תות 1 קג,לסקה,,גלידה משפחתית לאסקה,גרמים,1000.00,100 גרם,false,1,36.90,3.69,true,1,
4820185234269,false,גלידה אסקימו מילוי אוכמניות שחורות 90 גר,,UA,גלידה אסקימו מילוי א,גרמים,90.00,100 גרם,false,1,5.90,6.56,true,1,
4820185234535,false,גלידה שלגון תות שדה 145 גר,,UA,גלידה שלגון תות שדה,גרמים,900.00,100 גרם,false,1,8.90,0.99,true,1,
4820185235013,false,גלידה וניל מילוי תות שדה אסקימו 80 גר,,UA,גלידה וניל מילוי תות,גרמים,80.00,100 גרם,false,1,5.90,7.38,true,1,
4820189290193,false,"יין לבן יבש רקציטלי 750 מ""ל AZNAURI",,,יין לבן יבש רקציטלי,Unknown,0.00,Unknown,false,1,32.90,32.90,true,1,
4820189290209,false,"יין אדום יבש ספארויי750 מ""ל AZNAURI",,UA,יין אדום יבש ספארוי,Unknown,0.00,Unknown,false,1,32.90,32.90,true,1,
4820189290223,false,"יין לבן חצי מתוק אלזני ואלי 750 מ""ל",ל.ל.ס אקרמן,UA,יין לבן חצי מתוק אלז,Unknown,0.00,Unknown,false,1,32.90,32.90,true,1,
4820189290896,false,"יין רוזה חצי מתוק אלזני ואלי 750 מ""ל",,UA,יין רוזה חצי מתוק אל,Unknown,0.00,Unknown,false,1,32.90,32.90,true,1,
4820193030051,false,"בירה אובולון ללא אלכוהול 500 מ""ל פחית",OBOLON,,בירה אובולון ללא אלכ,מיליליטרים,500.00,"100 מ""ל",false,1,7.10,1.42,true,1,
4820193030303,false,בירה Zibert בהירה בפחית 500 מל,Obolon,,בירה Zibert בהירה ב,מיליליטרים,500.00,"100 מ""ל",false,1,9.90,1.98,true,1,
4820193031706,false,בירה אובולו חזקה בהירה 8.6% פחית 500 מל,OBOLON,UA,בירה אובולו חזקה בהי,מיליליטרים,500.00,"100 מ""ל",false,1,8.90,1.78,true,1,
4820193034691,false,בירה אובולון מחוזקת 2 ליטר,OBOLON,,בירה אובולון מחוזקת,ליטרים,0.00,ליטר,false,1,24.90,24.90,true,1,
4820193034707,false,בירה אובולון מחוזקת 1 ליטר.,OBOLON,,בירה אובולון מחוזקת,מיליליטרים,1000.00,"100 מ""ל",false,1,13.20,1.32,true,1,
4820193551754,false,"גלידת פלומביר שמנת לסונקה וניל 1 ק""ג",laska,UA,גלידת פלומביר שמנת,קילוגרמים,0.00,"ק""ג",false,1,36.90,36.90,true,1,
4820193551990,false,כוס וליקן משמש דובדבן 70 גר,,,כוס וליקן משמש דובדב,גרמים,70.00,100 גרם,false,1,5.90,8.43,true,1,
4820198873271,false,תה שחור עם קליפת תפוז בטעם ברגמוט ולימון דלאי 25 יח',דילר בי.אמ.די.אינטרנשיונל בעמ,UA,תה שחור 1.8 גר * 25,גרמים,45.00,100 גרם,false,1,10.90,24.22,true,1,
4820198873325,false,חליטת פירות וצמחים בטעם פטל דלהי 25 יח',דילר בי.אמ.די.אינטרנשיונל בעמ,UA,חליטת פירות צמחים 2,גרמים,50.00,100 גרם,false,1,10.90,21.80,true,1,
4820198873332,false,תה שחור מיקס ארבע טעמים שונים דלהי 24 יח',דילר בי.אמ.די.אינטרנשיונל בעמ,UA,תה שחור 24 שק DALAI,גרמים,40.00,100 גרם,false,1,10.90,27.25,true,1,
4820199870019,false,סושקה וניל בקק 300 גר,BKK,,סושקה וניל בקק 300 ג,גרמים,300.00,100 גרם,false,1,7.90,2.63,true,1,
4820199870026,false,סושקה מלוטקה בקק 300 גר,BKK,,סושקה מלוטקה בקק 300,גרמים,300.00,100 גרם,false,1,7.90,2.63,true,1,
4820199870057,false,סושקה פירמינייה בקק 300 גר,BKK,,סושקה פירמינייה בקק,גרמים,300.00,100 גרם,false,1,7.90,2.63,true,1,
4820199870798,false,פריאניק מוסקובסקיי 380 גרם,BKK,,פריאניק מוסקובסקיי 3,גרמים,380.00,100 גרם,false,1,11.90,3.13,true,1,
4820209111149,false,משקה קל מוגז מוחיטו 1.5 ליטר ביולה,ביולה-ארלן,,משקה קל מוגז מוחיטו,ליטרים,0.00,ליטר,false,1,15.90,15.90,true,1,
4820209113105,false,משקה קל מוגז לימונד 2 ליטר ביולה,,UA,משקה קל מוגז לימונד,ליטרים,0.00,ליטר,false,1,18.90,18.90,true,1,
4820209113211,false,משקה קל מוגז טרחון 2 ליטר ביולה,,UA,משקה קל מוגז טרחון 2,ליטרים,0.00,ליטר,false,1,18.90,18.90,true,1,
4820209113419,false,משקה קל מוגז סיטרו 2 ליטר ביולה,,UA,משקה קל מוגז סיטרו 2,ליטרים,0.00,ליטר,false,1,18.90,18.90,true,1,
4820210080014,false,מעדן תות שדה 45% פרי 700 גר,,UA,מעדן תות שדה 45% פרי,גרמים,700.00,100 גרם,false,1,19.90,2.84,true,1,
4820213960023,false,"יין לבן מבעבע חצי מתוק אודסה 750 מ""ל",,UA,יין לבן מבעבע חצי מת,מיליליטרים,750.00,"100 מ""ל",false,1,36.90,4.92,true,1,
4820213960030,false,"יין לבן מבעבע מתוק אודסה 750 מ""ל",,UA,יין לבן מבעבע מתוק א,מיליליטרים,750.00,"100 מ""ל",false,1,36.90,4.92,true,1,
4820213960085,false,"יין לבן מבעבע חצי מתוק אודסה 750 מ""ל",,UA,יין רוזה מבעבע חצי מ,מיליליטרים,750.00,"100 מ""ל",false,1,36.90,4.92,true,1,
4820213960528,false,"יין לבן מבעבע חצי יבש אודסה 750 מ""ל",,UA,יין לבן מבעבע חצי יב,מיליליטרים,750.00,"100 מ""ל",false,1,36.90,4.92,true,1,
4820227211654,false,דובשניות עם מילוי חלב קייבחלאב 360 גר,,UA,דובשניות עם מילוי חל,גרמים,360.00,100 גרם,false,1,8.90,2.47,true,1,
4820227211692,false,דובשניות עם מילוי דובדבן קייבחלאב 360 גר,,UA,דובשניות עם מילוי דו,גרמים,360.00,100 גרם,false,1,8.90,2.47,true,1,
4820227211777,false,דובשניות עם לימון קייבחלאב 360 גר,,,דובשניות עם לימון קי,גרמים,360.00,100 גרם,false,1,8.90,2.47,true,1,
4820229031311,false,"וודקה חורטיצה פלטניום 700 מ""ל.",אוקראיניאן דיסטריביו,,וודקה חורטיצה פלטינו,מיליליטרים,700.00,"100 מ""ל",false,1,54.90,7.84,true,1,
4820229033520,false,"משקה כוהלי ""פרבק"" פלפל דבש 700 מ""ל",,,"וודקה ""פרבק"" פלפל דב",מיליליטרים,700.00,"100 מ""ל",false,1,57.20,8.17,true,1,
4820244330130,false,מזלג מעץ לבנה 50 יח,,UA,מזלג מעץ לבנה 50 יח,יחידה,1.00,יחידה,false,1,9.90,9.90,true,1,
4820244330185,false,כפית מעץ לבנה 50 יח,,UA,כפית מעץ לבנה 50 יח,יחידה,1.00,יחידה,false,1,9.90,9.90,true,1,
4820244330239,false,סכין מעץ לבנה 50 יח,,UA,סכין מעץ לבנה 50 יח,יחידה,1.00,יחידה,false,1,9.90,9.90,true,1,
4823005000372,false,"בירה LVIVSKE 1715 פחית 500 מ""ל פחית",קלסברג אוקראינה,,בירה LVIVSKE 1715 פ,מיליליטרים,500.00,"100 מ""ל",false,1,8.90,1.78,true,1,
4823006801435,false,לצו נזין 450 גרם,NEZHIN,,לצו נזין 450 גרם,גרמים,450.00,100 גרם,false,1,15.90,3.53,true,1,
4823006801862,false,איקרה קישואים נזין 450 גרם,NEZHIN,,איקרה קישואים נזין 4,גרמים,450.00,100 גרם,false,1,15.90,3.53,true,1,
4823006802050,false,שימורי עגבניות ומלפפונים בתחמיץ920 NEZEN,NEZHIN,UA,שימורי עגבניות ומלפפ,גרמים,920.00,100 גרם,false,1,21.90,2.38,true,1,
4823006802135,false,איקרה חצילים נזין 450 גרם,NEZHIN,,איקרה חצילים נזין 45,גרמים,450.00,100 גרם,false,1,15.90,3.53,true,1,
4823006802395,false,חצילים ברוטב אדגיקה נזין 450 גרם,NEZHIN,,חצילים ברוטב אדגיקה,גרמים,450.00,100 גרם,false,1,15.90,3.53,true,1,
4823006802401,false,אדגיקה חריפה נזין 450 גרם,NEZHIN,,אדגיקה חריפה נזין 45,גרמים,450.00,100 גרם,false,1,15.90,3.53,true,1,
4823006802418,false,חציל יווני עם שמן זית נזין 450 גרם,NEZHIN,,חציל יווני עם שמן זי,גרמים,450.00,100 גרם,false,1,15.90,3.53,true,1,
4823006803873,false,רטטוי נזין סלט ירקות,NEZHIN,,רטאטוי 450 גרם,גרמים,920.00,100 גרם,false,1,15.90,1.73,true,1,
4823006805037,false,רגו פייסטה מקסיקנית נזין 470 גרם,NEZHIN,UA,רגו פייסטה מקסיקנית,גרמים,470.00,100 גרם,false,1,15.90,3.38,true,1,
4823006805808,false,פלפלים כבושים עם תבלינים,NEZHIN,,פלפלים כבושים עם תבל,גרמים,450.00,100 גרם,false,1,15.90,3.53,true,1,
4823054603586,false,מאפה עלים עם סוכר 350 גר,לוקס פרודקטס,UA,מאפה עלים עם סוכר 35,גרמים,350.00,100 גרם,false,1,14.90,4.26,true,1,
4823063113007,false,"נקטר רימונים סנדורה 950 מ""ל",סנדורה,,נקטר רימונים סנדורה,מיליליטרים,950.00,"100 מ""ל",false,1,17.70,1.86,true,1,
4823063113052,false,"מורס חמוציות סנדורה 950 מ""ל",סנדורה,,מורס חמוציות סנדורה,מיליליטרים,950.00,"100 מ""ל",false,1,17.70,1.86,true,1,
4823063113854,false,"מיץ תפ""ע מעוקר 100% פרי 950 מ""ל סנדורה",,,"מיץ תפ""ע מעוקר 100%",מיליליטרים,950.00,"100 מ""ל",false,1,17.70,1.86,true,1,
4823070203265,false,גלידה פלומביר סובייטי 70 גר,,,גלידה פלומביר,גרמים,70.00,100 גרם,false,1,5.90,8.43,true,1,
4823070203296,false,גלידה פלומביר בלרוסי 90 גר,,,גלידה פלומביר בלרוסי,גרמים,90.00,100 גרם,false,1,5.90,6.56,true,1,
4823070203395,false,גלידה אפריקנית 80 גר,,,גלידה אפריקנית 80 גר,גרמים,80.00,100 גרם,false,1,5.90,7.38,true,1,
4823077602451,false,סוכריות קרמל סוגים שונים רושן במשקל,,,סוכריות רושן קבוצה 2,Unknown,0.00,"ק""ג",true,0,35.00,35.00,true,1,
4823077602863,false,רושן סוכריות ג'לי קרייזי פצ'ולקה 200 גרם,דילר בי.אמ.די.אינטרנשויונל בעמ,UA,"רושן סוכריות גלי ""קר",גרמים,200.00,100 גרם,false,1,6.90,3.45,true,1,
4823077611933,false,אסורטי אליגנט 145 גר רושן,קייב קרמנציק,,אסורטי אליגנט 145 גר,גרמים,145.00,100 גרם,false,1,19.90,13.72,true,1,
4823077612732,false,רושן סוכריות ממולאות בטעם פירות ביים בום 200 גרם,דילר בי.אמ.די.אינטרנשויונל בעמ,UA,סוכריות קרמל רושן בי,גרמים,200.00,100 גרם,false,1,4.90,2.45,true,1,
4823077613203,false,שוקולד רושן מריר + פונדוק שלם 90 גר רושן,דילר בי.אמ.די.אינטרנשויונל בעמ,,שוקולד רושן מריר + פ,גרמים,90.00,100 גרם,false,1,7.90,8.78,true,1,
4823077613630,false,חטיף שוקולד רושן ממולה קרם בורלה 43 גרם,דילר בי.אמ.די.אינטרנשויונל בעמ,,באטונציק קרם ברולה 4,גרמים,43.00,100 גרם,false,1,3.90,9.07,true,1,
4823077614675,false,48230776ביסקוויט לקפה רושן בטעם חלב 18,דילר בי.אמ.די.אינטרנשויונל בעמ,,ביסקוויט חלב 185 גר,גרמים,185.00,100 גרם,false,1,3.90,2.11,true,1,
4823077614699,false,ביסקוויט לקפה רושן בטעם חמאה וניל 185 גרם,דילר בי.אמ.די.אינטרנשויונל בעמ,,ביסקוויט וניל 185 גר,גרמים,185.00,100 גרם,false,1,3.90,2.11,true,1,
4823077614767,false,שוקולד רושן חלב נוגט בטעם אגוזי לוז 90 גרם,דילר בי.אמ.די.אינטרנשויונל בעמ,,שוקולד רושן חלב נוגט,גרמים,90.00,100 גרם,false,1,4.90,5.44,true,1,
4823077614804,false,שוקולד רושן חלב נוגט בטעם אוכמניות כחולות 90 גרם,דילר בי.אמ.די.אינטרנשויונל בעמ,,שוקולד חלב נוגט וניל,גרמים,90.00,100 גרם,false,1,4.90,5.44,true,1,
4823077615139,false,רומאשקה/קו קו /קונאפטו רושן במשקל,,,סוכריות רושן קבוצה 5,Unknown,0.00,"ק""ג",true,0,69.00,69.00,true,1,
4823077615757,false,בונבוניירה סטרלה 200 גר רושן,רושן,,בונבוניירה סטרלה 200,גרמים,200.00,100 גרם,false,1,24.90,12.45,true,1,
4823077616013,false,בונבוניירה וצרני קייב 176 גרם,רושן,,בונבוניירה וצרני קיי,גרמים,176.00,100 גרם,false,1,25.90,14.72,true,1,
4823077617041,false,חטיף שוקולד רושן ממולה קרם קרמל 43 גרם,דילר בי.אמ.די.אינטרנשויונל בעמ,,באטונציק קרמל 40 גר,גרמים,40.00,100 גרם,false,1,3.90,9.75,true,1,
4823077617829,false,עוגה קייבסקי רושן 450 גר,,,עוגה קייבסקי רושן 45,גרמים,450.00,100 גרם,false,1,72.90,16.20,true,1,
4823077617836,false,עוגה קייבסקי רושן 850 גר,,,עוגה קייבסקי רושן 85,גרמים,850.00,100 גרם,false,1,119.90,14.11,true,1,
4823077618901,false,בונבוניירה רושן דובדבן ליקר רום 150 גרם,דילר בי.אמ.די.אינטרנשויונל בעמ,,בונבוניירה שוטרס רום,גרמים,150.00,100 גרם,false,1,13.90,9.27,true,1,
4823077618918,false,בונבוניירה שוטרס ברנדי ליקר 150 גר,רושן,,בונבוניירה שוטרס ברנ,גרמים,150.00,100 גרם,false,1,13.90,9.27,true,1,
4823077620102,false,עוגה גריליאז רושן 450 גר,,,עוגה גריליאז רושן 45,גרמים,450.00,100 גרם,false,1,62.90,13.98,true,1,
4823077620737,false,בונבוניירה רושן וציניי קייב 352 גר,,,בונבוניירה רושן,גרמים,352.00,100 גרם,false,1,39.90,11.34,true,1,
4823077621154,false,בטונציק שוקולד רושן,רושן,,באטונציק 43 גר רושן,גרמים,43.00,100 גרם,false,1,3.90,9.07,true,1,
4823077621635,false,חטיף שוקולד רושן בטעם חלב 72 גרם,דילר בי.אמ.די.אינטרנשויונל בעמ,,וופל רושן בטעם חלב 7,גרמים,72.00,100 גרם,false,1,3.90,5.42,true,1,
4823077621642,false,חטיף שוקולד רושן בטעם שוקולד 72 גר,דילר בי.אמ.די.אינטרנשויונל בעמ,,וופל רושן בטעם שוקול,גרמים,72.00,100 גרם,false,1,3.90,5.42,true,1,
4823077621659,false,חטיף שוקולד רושן בטעם אגוז 72 גר,דילר בי.אמ.די.אינטרנשויונל בעמ,,וופל רושן בטעם אגוז,גרמים,72.00,100 גרם,false,1,3.90,5.42,true,1,
4823077622359,false,אסורטי שוקולאטריה רושן 256 גר,,UA,אסורטי שוקולאטריה רו,גרמים,256.00,100 גרם,false,1,34.90,13.63,true,1,
4823077623684,false,רושן סוכריות ממולאות קרם בטעם חלב סוייט דרופס 150 גרם,דילר בי.אמ.די.אינטרנשויונל בעמ,UA,קרמל רושן טיפת חלב 1,גרמים,150.00,100 גרם,false,1,4.90,3.27,true,1,
4823077623714,false,רושן סוכריות טופי ממולאים בטעם חלב מילקי ספלש 150 גרם,דילר בי.אמ.די.אינטרנשויונל בעמ,,סוכריות כוס חלב 150,גרמים,150.00,100 גרם,false,1,6.90,4.60,true,1,
4823077624223,false,"רושן ממתקי סוכריות ג'ילי ""בוני פרוט"" בטעמי פירות 200 גר",דילר בי.אמ.די.אינטרנשויונל בעמ,,גילי בוני פרוט 200 ג,גרמים,200.00,100 גרם,false,1,6.90,3.45,true,1,
4823077624247,false,"רושן ממתקי סוכריות ג'ילי ""בוני פרוט"" בטעם הדרים 200 גר",דילר בי.אמ.די.אינטרנשויונל בעמ,,גילי בוני פרוט 200 ג,גרמים,200.00,100 גרם,false,1,6.90,3.45,true,1,
4823077624261,false,גילי בוני פרוט 200 גר BERRY MIX,,,גילי בוני פרוט 200 ג,גרמים,200.00,100 גרם,false,1,6.90,3.45,true,1,
4823077624285,false,בונבוניירה רושן אסורטי שוקולאטריה 194 ג,,UA,בונבוניירה רושן אסור,גרמים,194.00,100 גרם,false,1,23.90,12.32,true,1,
4823077624391,false,"רושן סוכריות טופי ""מינקי בינקי"" 185 גר",דילר בי.אמ.די.אינטרנשויונל בעמ,,"רושן סוכריות טופי ""מ",גרמים,185.00,100 גרם,false,1,6.90,3.73,true,1,
4823077625145,false,ממתקי שוקולד מריר עם דובדבן בליקר דובדבן,דילר בי.אמ.די.אינטרנשויונל בעמ,UA,בונבוניירה רושן דובד,גרמים,155.00,100 גרם,false,1,13.90,8.97,true,1,
4823077625589,false,וופל וואפרס חלב רושן 216 גר,דילר בי.אמ.די.אינטרנשויונל בעמ,UA,וופל וואפרס חלב רושן,גרמים,216.00,100 גרם,false,1,6.90,3.19,true,1,
4823077625602,false,וופל וואפרס שוקולד רושן 216 גר,דילר בי.אמ.די.אינטרנשויונל בעמ,UA,וופל וואפרס שוקולד ר,גרמים,216.00,100 גרם,false,1,6.90,3.19,true,1,
4823077625626,false,וופל וואפרס אגוז רושן 216 גר,דילר בי.אמ.די.אינטרנשויונל בעמ,UA,וופל וואפרס אגוז רוש,גרמים,216.00,100 גרם,false,1,6.90,3.19,true,1,
4823077625879,false,בונבוניירה רושן קומפלימנט 145 גרם,דילר בי.אמ.די.אינטרנשיונל בעמ,UA,אסורטי רושן 145 גר C,גרמים,145.00,100 גרם,false,1,19.90,13.72,true,1,
4823077626203,false,שוקולד רושן אורירי מריר 80 גרם,דילר בי.אמ.די.אינטרנשויונל בעמ,UA,שוקולד אורירי מריר 8,גרמים,80.00,100 גרם,false,1,6.90,8.63,true,1,
4823077626227,false,שוקולד רושן אורירי חלב 80 גרם,דילר בי.אמ.די.אינטרנשויונל בעמ,UA,שוקולד אורירי חלב 80,גרמים,80.00,100 גרם,false,1,6.90,8.63,true,1,
4823077626241,false,שוקולד רושן אורירי לבן קרמל 80 גרם,דילר בי.אמ.די.אינטרנשויונל בעמ,UA,שוקולד אורירי לבן קר,גרמים,80.00,100 גרם,false,1,6.90,8.63,true,1,
4823077626364,false,שוקולד רושן אורירי לבן 80 גרם,דילר בי.אמ.די.אינטרנשויונל בעמ,UA,שוקולד אורירי לבן 80,גרמים,80.00,100 גרם,false,1,6.90,8.63,true,1,
4823077627750,false,בונבוניירה רושן ליקר שרי 116 גר`,דילר בי.אמ.די.אינטרנשויונל בעמ,UA,בונבוניירה רושן 116,גרמים,116.00,100 גרם,false,1,13.90,11.98,true,1,
4823077630422,false,"סנדוויץ' קרקר חלב וניל רושן 235 גרם "" 2 CRACK """,דילר בי.אמ.די.אינטרנשויונל בעמ,,סנדוויץ קרקר חלב וני,גרמים,235.00,100 גרם,false,1,9.90,4.21,true,1,
4823077630439,false,"סנדוויץ' קרקר שוקולד רושן 235 גרם "" 2 CRACK """,דילר בי.אמ.די.אינטרנשויונל בעמ,,סנדוויץ קרקר שוקולד,גרמים,235.00,100 גרם,false,1,9.90,4.21,true,1,
4823077631467,false,קרקר עם מלח ים רושן 168 גר HI DAY,דילר בי.אמ.די.אינטרנשויונל בעמ,,קרקר עם מלח ים רושן,גרמים,168.00,100 גרם,false,1,4.90,2.92,true,1,
4823077631474,false,קרקר קלאסי רושן 168 גר HI DAY,דילר בי.אמ.די.אינטרנשויונל בעמ,,קרקר קלאסי רושן 168,גרמים,168.00,100 גרם,false,1,4.90,2.92,true,1,
4823077631856,false,גליליות ופל רושן קונפטו קוקוס 140 גרם,דילר בי.אמ.די.אינטרנשויונל בעמ,UA,וופל רול קונאפטו קוק,גרמים,140.00,100 גרם,false,1,6.90,4.93,true,1,
4823077631863,false,גליליות ופל רושן קונפטו וניל 140 גרם,דילר בי.אמ.די.אינטרנשויונל בעמ,UA,וופל רול קונאפטו וני,גרמים,140.00,100 גרם,false,1,6.90,4.93,true,1,
4823077631962,false,סוכריות טופי רושן במ,,,סוכריות רושן קבוצה 4,Unknown,0.00,"ק""ג",true,0,45.00,45.00,true,1,
4823077632112,false,וופל רושן בטעם קקאו חלב 2.16 גר`,דילר בי.אמ.די.אינטרנשויונל בעמ,,וופל בטעם קקאו חלב ר,גרמים,216.00,100 גרם,false,1,6.90,3.19,true,1,
4823077632259,false,חטיף שוקולד רושן עם בוטנים 43 גרם,דילר בי.אמ.די.אינטרנשויונל בעמ,,באטונציק קרם עם בוטנ,גרמים,38.00,100 גרם,false,1,3.90,10.26,true,1,
4823077632570,false,שוקולד רושן BRUT מריר 85 גרם,דילר בי.אמ.די.אינטרנשויונל בעמ,UA,שוקולד רושן מריר 85,גרמים,85.00,100 גרם,false,1,6.90,8.12,true,1,
4823077633034,false,"גליליות וופל רושן ""קונאפטו"" קקאו 140 ג",דילר בי.אמ.די.אינטרנשויונל בעמ,,"גליליות וופל רושן ""ק",גרמים,140.00,100 גרם,false,1,6.90,4.93,true,1,
4823077633058,false,"גליליות וופל רושן ""קונאפטו"" אגוז 140 ג",דילר בי.אמ.די.אינטרנשויונל בעמ,,"גליליות וופל רושן ""ק",גרמים,140.00,100 גרם,false,1,6.90,4.93,true,1,
4823077633317,false,עוגיות שוקוצ'יפס LOVITA שוקולד עם חתיכות שוקולד 150 גרם,דילר בי.אמ.די.אינטרנשויונל בעמ,,עוגיות שוקולד עם חתי,גרמים,150.00,100 גרם,false,1,6.90,4.60,true,1,
4823077633324,false,עוגיות שוקוצ'יפס LOVITA עם חתיכות שוקולד 150 גרם,דילר בי.אמ.די.אינטרנשויונל בעמ,,עוגיות שוקוציפס עם,גרמים,150.00,100 גרם,false,1,6.90,4.60,true,1,
4823077633331,false,עוגיות שוקוצ'יפס LOVITA בטעם תפוז 150 גרם,דילר בי.אמ.די.אינטרנשויונל בעמ,,עוגיות רושן עם בטעם,גרמים,150.00,100 גרם,false,1,6.90,4.60,true,1,
4823077633348,false,עוגיות שוקוצ'יפס LOVITA עם חתיכות בוטנים 150 גרם,דילר בי.אמ.די.אינטרנשויונל בעמ,,עוגיות רושן עם חתיכו,גרמים,150.00,100 גרם,false,1,6.90,4.60,true,1,
4823077633508,false,חטיף שוקולד רושן במילוי קרם קקאו מצופה 34 גרם,דילר בי.אמ.די.אינטרנשויונל בעמ,UA,חטיף וופל רושן במילו,גרמים,34.00,100 גרם,false,1,3.90,11.47,true,1,
4823077633515,false,חטיף שוקולד רושן במילוי קרם חלבי מצופה 34 גרם,דילר בי.אמ.די.אינטרנשויונל בעמ,UA,חטיף וופל רושן במילו,גרמים,34.00,100 גרם,false,1,3.90,11.47,true,1,
4823077634178,false,עוגיות רושן LOVITA במילוי תפוח קינמון 168 גרם,דילר בי.אמ.די.אינטרנשויונל בעמ,,עוגיות עם מילוי תפוח,גרמים,168.00,100 גרם,false,1,6.90,4.11,true,1,
4823077634192,false,עוגיות רושן LOVITA במילוי דובדבן וניל 168 גרם,דילר בי.אמ.די.אינטרנשויונל בעמ,,עוגיות עם מילוי דובד,גרמים,168.00,100 גרם,false,1,6.90,4.11,true,1,
4823077634222,false,עוגיות Lovita ממולאות ג'לי תפוז מצופות צימקאו,דילר בי.אמ.די.אינטרנשויונל בעמ,,עוגיות תפוז 135 גר L,גרמים,135.00,100 גרם,false,1,6.90,5.11,true,1,
4823077634246,false,עוגיות Lovita ממולאות ג'לי פטל מצופות צימקאו,דילר בי.אמ.די.אינטרנשויונל בעמ,,עוגיות פטל 135 גר LO,גרמים,135.00,100 גרם,false,1,6.90,5.11,true,1,
4823077634277,false,עוגיות Lovita ממולאות ג'לי תות שדה מצופות צימקאו,דילר בי.אמ.די.אינטרנשויונל בעמ,,עוגיות תות שדה 135 ג,גרמים,135.00,100 גרם,false,1,6.90,5.11,true,1,
4823077634369,false,שוקולד רושן חלב אוורירי ופצפוצי אורז 85 גר LACMI CRISP,דילר בי.אמ.די.אינטרנשויונל בעמ,UA,שוקולד רושן חלב אוור,גרמים,85.00,100 גרם,false,1,6.90,8.12,true,1,
4823077634376,false,שוקולד רושן חלב אוורירי קרם אגוזים 85 גר LACMI NUT,דילר בי.אמ.די.אינטרנשויונל בעמ,UA,שוקולד רושן חלב אוור,גרמים,85.00,100 גרם,false,1,6.90,8.12,true,1,
4823077634420,false,"עוגות אישיות ""TOO COOL"" חלב 270 גר 6 יחידות",דילר בי.אמ.די.אינטרנשיונל בעמ,,"עוגות אישיות ""TOO CO",גרמים,270.00,100 גרם,false,1,14.90,5.52,true,1,
4823077634741,false,עוגיות רושן LOVITA במילוי תות שדה 168 גרם,דילר בי.אמ.די.אינטרנשויונל בעמ,,עוגיות עם מילוי תות,גרמים,168.00,100 גרם,false,1,6.90,4.11,true,1,
4823077635489,false,חטיף וופל רושן קרם קקאו JOHNY KROCKERי 350 גרם,דילר בי.אמ.די.אינטרנשויונל בעמ,,חטיף וופל רושן קרם ק,גרמים,350.00,100 גרם,false,1,17.90,5.11,true,1,
4823077636004,false,עוגיות Lovita ממולאות ג'לי דובדבן מצופות צימקאו,דילר בי.אמ.די.אינטרנשויונל בעמ,,עוגיות קקאו דובדבן 1,גרמים,135.00,100 גרם,false,1,6.90,5.11,true,1,
4823077636059,false,עוגיות קקאו דובדבן LOVITAי 420 גרם,דילר בי.אמ.די.אינטרנשויונל בעמ,UA,עוגיות קקאו דובדבן,גרמים,420.00,100 גרם,false,1,17.90,4.26,true,1,
4823077636097,false,עוגיות פטל LOVITAי 420 גרם,דילר בי.אמ.די.אינטרנשויונל בעמ,,עוגיות פטל 420 גר LO,גרמים,420.00,100 גרם,false,1,17.90,4.26,true,1,
4823077636110,false,עוגיות תפוז LOVITAי 420 גרם,דילר בי.אמ.די.אינטרנשויונל בעמ,,עוגיות תפוז 420 גר L,גרמים,420.00,100 גרם,false,1,17.90,4.26,true,1,
4823077636172,false,וופל רושן בטעם לימון 216 גרם,דילר בי.אמ.די.אינטרנשויונל בעמ,UA,וופל רושן בטעם לימון,גרמים,216.00,100 גרם,false,1,5.80,2.69,true,1,
4823077636547,false,סוכריות ממולאות בטעם פירות בים בום 468 גרם,דילר בי.אמ.די.אינטרנשויונל בעמ,,סוכריות ממולאות פירו,גרמים,468.00,100 גרם,false,1,11.90,2.54,true,1,
4823077636554,false,סוכריות ממולאות קרם בטעם חלב טיפת חלב 378 גרם,דילר בי.אמ.די.אינטרנשויונל בעמ,,סוכריות ממולאות קרם,גרמים,378.00,100 גרם,false,1,11.90,3.15,true,1,
4823077636578,false,סוכריות טופי כוס חלב מילקי ספלאש 325 גרם,דילר בי.אמ.די.אינטרנשויונל בעמ,,סוכריות טופי כוס חלב,גרמים,325.00,100 גרם,false,1,11.90,3.66,true,1,
4823090302481,false,ביסקוויט בטעם חלב אפוי לוזיוק 180 גרם,,UA,ביסקוויט בטעם חלב אפ,גרמים,180.00,100 גרם,false,1,5.90,3.28,true,1,
4823090302528,false,ביסקוויט בטעם ריבת חלב לוזיוק 180 גרם,,UA,ביסקוויט בטעם ריבת ח,גרמים,180.00,100 גרם,false,1,5.90,3.28,true,1,
4823092700926,false,חלבה חמניות בטעם וניל 200 גרם,או.או.או. דרוזקבסקיי,,חלבה חמניות בטעם וני,גרמים,200.00,100 גרם,false,1,5.90,2.95,true,1,
4823092700964,false,חלבה חמניות עם בוטנים 200 גרם,או.או.או. דרוזקבסקיי,,חלבה חמניות עם בוטני,גרמים,200.00,100 גרם,false,1,5.90,2.95,true,1,
4823097809747,false,גלידת שמנת משובחת כם שבבי שוקולד 70גר,אייס דילר בי.אמ.די בעמ,,גלידה שוקולד בכוס 70,גרמים,70.00,100 גרם,false,1,6.90,9.86,true,1,
4823097809754,false,גלידה עם צימוקים בטעם וניל וופל 90 גרם פלומביר,ז'יטומרסקי זאבוד,,גלידה עם צימוקים ברי,גרמים,90.00,100 גרם,false,1,6.90,7.67,true,1,
4823097809778,false,גלידה שוקולד בריקט פלומביר 90 גרם,ז'יטומרסקי זאבוד,,גלידה בריקט שוקולד 9,גרמים,90.00,100 גרם,false,1,6.90,7.67,true,1,
4823097809785,false,"גלידת שמנת משובחת בטעם וניל 1ק""ג שרוול",אייס דילר בי.אמ.די בעמ,UA,"גלידה וניל 1 ק""ג",גרמים,1000.00,100 גרם,false,1,39.90,3.99,true,1,
4823097809808,false,גלידה חלבית בשומן צמחי בטעם וניל 500 גרם,אייס דילר בי.אמ.די בעמ,,גלידה וניל 500 גר,גרמים,500.00,100 גרם,false,1,23.90,4.78,true,1,
4823097809815,false,גלידה וניל עם אוכמניות שחורות וכחולות אסקימוס,אייס דילר בי.אמ.די בעמ,,גלידה אסקימו פירות י,גרמים,85.00,100 גרם,false,1,6.90,8.12,true,1,
4823097809921,false,גלידת שמנת משובחת בטעם שוקולד 500גר,אייס דילר בי.אמ.די בעמ,,גלידת שמנת בטעם שוקו,גרמים,500.00,100 גרם,false,1,23.90,4.78,true,1,
4823098200208,false,"וודקה חלבני דאר קראפט 700 מ""ל",נאציונלאה גוריצ'לניה,,וודקה חלבני דאר קראפ,מיליליטרים,700.00,"100 מ""ל",false,1,62.90,8.99,true,1,
4823105400096,false,מלפפונים בחומץ 300 גרם,,,מלפפונים בחומץ 300 ג,גרמים,300.00,100 גרם,false,1,12.90,4.30,true,1,
4823105400119,false,מלפפונים בחומץ 770 גרם,,,מלפפונים בחומץ 770 ג,גרמים,770.00,100 גרם,false,1,20.90,2.71,true,1,
4823105400447,false,אגיקה בסגנון קווקזי חריפה 220 גרם,,,אגיקה בסגנון קווקזי,גרמים,220.00,100 גרם,false,1,9.90,4.50,true,1,
4823105400539,false,מרינדה ורס לעוף 140 גר,"טי.או בי. ""ויז'י פרודקשן""",UA,מרינדה ורס לעוף 140,גרמים,140.00,100 גרם,false,1,6.90,4.93,true,1,
4823105400553,false,מרינדה ורס לשישליק 140 גרם,"טי.או בי. ""ויז'י פרודקשן""",UA,מרינדה ורס לשישליק 1,גרמים,140.00,100 גרם,false,1,6.90,4.93,true,1,
4823105400577,false,ממרח חצילים עם ירקות 500 גר,"טי.או בי. ""ויז'י פרודקשן""",,ממרח חצילים עם ירקות,גרמים,500.00,100 גרם,false,1,13.90,2.78,true,1,
4823105400614,false,עגבניות שרי בחומץ 500 גרם,,,עגבניות שרי בחומץ 50,גרמים,500.00,100 גרם,false,1,13.90,2.78,true,1,
4823105400768,false,פלפל מתוק בחומץ 500 גרם,"טי.או בי. ""ויז'י פרודקשן""",,פלפל מתוק בחומץ 500,גרמים,500.00,100 גרם,false,1,13.90,2.78,true,1,
4823105400805,false,אפונה במי מלח 510 גרם,,,אפונה במי מלח 510 גר,גרמים,510.00,100 גרם,false,1,12.90,2.53,true,1,
4823105400898,false,מרינדה לברביקיו 140 גרם,"טי.או בי. ""ויז'י פרודקשן""",,מרינדה לברביקיו 140,גרמים,140.00,100 גרם,false,1,6.90,4.93,true,1,
4823105401086,false,ממרח זוקיני עם פלפלים חריפים 500 גרם,"טי.או בי. ""ויז'י פרודקשן""",,ממרח זוקיני עם פלפלי,גרמים,500.00,100 גרם,false,1,13.90,2.78,true,1,
4823105402052,false,שעועית ברוטב עגבניות 500 גרם,"טי.או בי. ""ויז'י פרודקשן""",,שעועית ברוטב עגבניות,גרמים,500.00,100 גרם,false,1,13.90,2.78,true,1,
4823105402977,false,רוטב חרדל לתיבול פיקנטי לעוף 200 גר,"טי.או בי. ""ויז'י פרודקשן""",,רוטב חרדל לתיבול פיק,גרמים,200.00,100 גרם,false,1,7.90,3.95,true,1,
4823105402991,false,פלפל שחור שלם 20 גרם,"טי.או בי. ""ויז'י פרודקשן""",,פלפל שחור שלם 20 גרם,גרמים,20.00,100 גרם,false,1,3.90,19.50,true,1,
4823105403004,false,פלפל שחור טחון 20 גרם,"טי.או בי. ""ויז'י פרודקשן""",,פלפל שחור טחון 20 גר,גרמים,20.00,100 גרם,false,1,3.90,19.50,true,1,
4823105403035,false,תערובת פלפלים גרוסים 20 גרם,"טי.או בי. ""ויז'י פרודקשן""",,תערובת פלפלים גרוסים,גרמים,20.00,100 גרם,false,1,3.90,19.50,true,1,
4823105403059,false,תערובת תיבול לשישליק 20 גרם,"טי.או בי. ""ויז'י פרודקשן""",,תערובת תיבול לשישליק,גרמים,20.00,100 גרם,false,1,3.90,19.50,true,1,
4823105403080,false,תערובת עשבי תיבול בסגנון איטלקי 10 גרם,"טי.או בי. ""ויז'י פרודקשן""",,תערובת עשבי תיבול בס,גרמים,10.00,100 גרם,false,1,3.90,39.00,true,1,
4823105403097,false,תערובת תיבול ירקות מיובשים 15 גרם,"טי.או בי. ""ויז'י פרודקשן""",,תערובת תיבול ירקות מ,גרמים,15.00,100 גרם,false,1,3.90,26.00,true,1,
4823105403615,false,תערובת תיבול ירקות בטעם פטריות 10 גרם,"טי.או בי. ""ויז'י פרודקשן""",,תערובת תיבול ירקות ב,גרמים,10.00,100 גרם,false,1,3.90,39.00,true,1,
4823105403622,false,עלי דפנה 7 גרם וורס,"טי.או בי. ""ויז'י פרודקשן""",,עלי דפנה 7 גרם וורס,גרמים,7.00,100 גרם,false,1,3.90,55.71,true,1,
4823105404131,false,חרדל עם חזרת פיקנטי 190 גרם,,,חרדל עם חזרת פיקנטי,גרמים,190.00,100 גרם,false,1,6.90,3.63,true,1,
4840008000499,false,סושקה צלנוצוק 500 גרם FRANZELUTA,פרנזלוטה,,סושקה צלנוצוק 500 גר,גרמים,500.00,100 גרם,false,1,10.40,2.08,true,1,
4840008000987,false,סושקה וניל 500 גרם FRANZELUTA,פרנזלוטה,,סושקה וניל 500 גרם F,גרמים,500.00,100 גרם,false,1,10.40,2.08,true,1,
4840008001199,false,מיני סושקה וניל 500 גרם FRANZELUTA,פרנזלוטה,,מיני סושקה וניל 500,גרמים,500.00,100 גרם,false,1,10.40,2.08,true,1,
4840008001205,false,מיני סושקה עם פרג 500 גרם FRANZELUTA,פרנזלוטה,,מיני סושקה עם פרג 50,גרמים,500.00,100 גרם,false,1,10.40,2.08,true,1,
4840008002431,false,דפי וופל פרנזולטה מל,Franzeluta,,דפי וופל מלבן 350 גר,גרמים,350.00,100 גרם,false,1,15.00,4.29,true,1,
4840008008624,false,מיני סושקה לוביטלסקיה 500 גרם FRANZELUTA,פרנזלוטה,,מיני סושקה לוביטלסקי,גרמים,500.00,100 גרם,false,1,10.40,2.08,true,1,
4840008012812,false,לחם שיפון בורוינסקי 450 גרם,,,לחם שיפון בורוינסקי,גרמים,450.00,100 גרם,false,1,10.90,2.42,true,1,
4840008017749,false,פרנזלוטה צנימים מיני וניל 200 גר,FRANZELUTA,,פרנזלוטה צנימים מיני,גרמים,200.00,100 גרם,false,1,7.90,3.95,true,1,
4840008017763,false,פרנזלוטה צנימים מיני עם צימוקים 200 גר,FRANZELUTA,,פרנזלוטה צנימים מיני,גרמים,200.00,100 גרם,false,1,7.90,3.95,true,1,
4840008018302,false,דובשניות בסגנן כפרי 400 גרם פרנצלוטה,Franzeluta,,דובשניות בסגנן כפרי,גרמים,400.00,100 גרם,false,1,9.40,2.35,true,1,
4840008018319,false,דובשניות עם שזיף 400 גרם פרנצלוטה,פרנזלוטה,,דובשניות עם שזיף 400,גרמים,400.00,100 גרם,false,1,9.40,2.35,true,1,
4840008018333,false,דובשניות טעם דבש 400 גרם פרנצלוטה,פרנזלוטה,,דובשניות טעם דבש 400,גרמים,400.00,100 גרם,false,1,9.40,2.35,true,1,
4840008019521,false,עוגיות בצק עלים לבבות דקל פרנצלוטה 350 ג,פרנזלוטה,,עוגיות בצק עלים לבבו,גרמים,350.00,100 גרם,false,1,10.40,2.97,true,1,
4840008019897,false,דפי וופל עגולים 100 גרם,Franzeluta,,דפי וופל עגולים 100,גרמים,100.00,100 גרם,false,1,10.70,10.70,true,1,
4840008028028,false,פרנזלוטה צנימים עם צימוקים 200 גרם,FRANZELUTA,,פרנזלוטה צנימים עם צ,גרמים,200.00,100 גרם,false,1,7.90,3.95,true,1,
4840008030243,false,לחם שיפון טאלין פרוס 500 גרם,,,לחם שיפון טאלין פרוס,גרמים,500.00,100 גרם,false,1,10.90,2.18,true,1,
4840008031806,false,דובשניות טעם חלב מרוכז 400 גר פרנצלוטה,Franzeluta,,דובשניות טעם חלב מרו,גרמים,400.00,100 גרם,false,1,9.40,2.35,true,1,
4840008037778,false,סופר מיני סושקה ווניל 300 גר,,,סופר מיני סושקה ווני,גרמים,300.00,100 גרם,false,1,8.90,2.97,true,1,
4840008037792,false,סופר מיני סושקה לוביטלסקיה 300 גר,,,סופר מיני סושקה לובי,גרמים,300.00,100 גרם,false,1,8.90,2.97,true,1,
4840008040075,false,350 עוגיות אוזניים עם קינמון גר,FRANZELUTA,MD,350 עוגיות אוזניים ע,גרמים,350.00,100 גרם,false,1,10.40,2.97,true,1,
4840019001072,false,VIS מיץ תפוח עץ 1 ליטר,,MD,VIS מיץ תפוח עץ 1 לי,מיליליטרים,1000.00,"100 מ""ל",false,1,14.90,1.49,true,1,
4840019001331,false,VIS מיץ תפוח עץ סחוט 1 ליטר,,MD,VIS מיץ תפוח עץ סחוט,מיליליטרים,1000.00,"100 מ""ל",false,1,14.90,1.49,true,1,
4840022004107,false,ריבה אוכמניות שחורות 670 גר,,,ריבה אוכמניות שחורות,גרמים,670.00,100 גרם,false,1,29.90,4.46,true,1,
4840022004152,false,נקטר תפוח משמש 1 ליטר VITA NATURALIS,,,נקטר תפוח משמש 1 ל,מיליליטרים,1000.00,"100 מ""ל",false,1,12.10,1.21,true,1,
4840022004169,false,נקטר תפוח אגסים 1 ליטר VITA NATURALIS,,,נקטר תפוח אגסים 1 לי,מיליליטרים,1000.00,"100 מ""ל",false,1,12.10,1.21,true,1,
4840022004190,false,נקטר אפרסק 1 ליטר VITA NATURALIS,,,נקטר אפרסק 1 ליטר VI,מיליליטרים,1000.00,"100 מ""ל",false,1,12.10,1.21,true,1,
4840022004589,false,נקטר תפוח משמש 2 לט VITA NATURALIS,,MD,נקטר תפוח משמש 2 ליט,ליטרים,0.00,ליטר,false,1,21.90,21.90,true,1,
4840022005265,false,מיץ תפוחים 1 ליטר VITA,,,מיץ תפוחים 1 ליטר VI,מיליליטרים,1000.00,"100 מ""ל",false,1,13.50,1.35,true,1,
4840022005272,false,מיץ תפוח ענבים 1 ליטר VITA,,,מיץ תפוח ענבים 1 ליט,מיליליטרים,1000.00,"100 מ""ל",false,1,13.50,1.35,true,1,
4840022005289,false,נקטר ויטה משמש 1 ל,,,מיץ משמש 1 ליטר VITA,מיליליטרים,1000.00,"100 מ""ל",false,1,13.50,1.35,true,1,
4840022005647,false,ריבת תות שדה 680 גרם,,,ריבת תות שדה 680 גרם,גרמים,680.00,100 גרם,false,1,29.90,4.40,true,1,
4840022005876,false,נקטר רימונים 1 ליטר VITA,,,נקטר רימונים 1 ליטר,מיליליטרים,1000.00,"100 מ""ל",false,1,13.50,1.35,true,1,
4840022006200,false,נקטר אננס 1 ליטר VITA,,MD,נקטר אננס 1 ליטר VIT,מיליליטרים,1000.00,"100 מ""ל",false,1,13.50,1.35,true,1,
4840022006637,false,נקטר תפוח דובדבן 1 ליטר VITA NATURALIS,,,נקטר תפוח דובדבן 1 ל,מיליליטרים,1000.00,"100 מ""ל",false,1,12.10,1.21,true,1,
4840022006651,false,נקטר תפוחי עץ ענביים 1 ל VITA NATURALIS,,,נקטר תפוחי עץ ענביים,מיליליטרים,1000.00,"100 מ""ל",false,1,12.10,1.21,true,1,
4840022006668,false,נקטר תפוח ענבים 2 ליטר VITA NATURALIS,,MD,נקטר תפוח ענבים 2 לי,ליטרים,0.00,ליטר,false,1,21.90,21.90,true,1,
4840022006675,false,נקטר דובדבן 1 ליטר VITA,,,נקטר דובדבן 1 ליטר V,מיליליטרים,1000.00,"100 מ""ל",false,1,13.50,1.35,true,1,
4840022006699,false,נקטר תפוח עץ אדום 1 ל VITA NATURALIS,,,נקטר תפוח עץ אדום 1,מיליליטרים,1000.00,"100 מ""ל",false,1,12.10,1.21,true,1,
4840022006705,false,נקטר תפוח אדום 2 ליטר VITA NATURALIS,,MD,נקטר תפוח אדום 2 ליט,ליטרים,0.00,ליטר,false,1,21.90,21.90,true,1,
4840022008709,false,משקה קל אפרסק מנגו 1 ל VITA NATURALIS,,,משקה קל אפרסק מנגו 1,מיליליטרים,1000.00,"100 מ""ל",false,1,12.10,1.21,true,1,
4840022008747,false,ריבת שזיפים 680 גר VITA,,,ריבת שזיפים 680 גר V,גרמים,680.00,100 גרם,false,1,29.90,4.40,true,1,
4840022009560,false,משקה תפוחים פירות 1 ליטר VITA NATURALIS,,,משקה תפוחים פירות 1,מיליליטרים,1000.00,"100 מ""ל",false,1,12.10,1.21,true,1,
4840022009577,false,משקה לימונים נענע 1 ליטר VITA NATURALIS,,,משקה לימונים נענע 1,מיליליטרים,1000.00,"100 מ""ל",false,1,12.10,1.21,true,1,
4840022009997,false,נקטר קל אפרסק מנגו 2 ליטר VITA NATURALIS,,MD,נקטר קל אפרסק מנגו 2,ליטרים,0.00,ליטר,false,1,21.90,21.90,true,1,
4840034001866,false,שימורי אפונה ירוקה 510 גרם,,,שימורי אפונה ירוקה 5,גרמים,470.00,100 גרם,false,1,10.40,2.21,true,1,
4840048000299,false,"ברנדי בליי איסט 500 מ""ל מולדובה",,,ברנדי בליי איסט 500,מיליליטרים,500.00,"100 מ""ל",false,1,67.90,13.58,true,1,
4840048001203,false,"ברנדי בליי איסט 5 שנים 500 מ""ל באריזת שי",,,ברנדי בליי איסט 5 שנ,מיליליטרים,500.00,"100 מ""ל",false,1,84.90,16.98,true,1,
4840095001263,false,בונבנירה מטאוריט 400 גר,BUCURIA,,בונבוניירה מטאוריט 4,גרמים,400.00,100 גרם,false,1,31.50,7.88,true,1,
4840095003090,false,מרמלד דולקי תפוז לימון 350 גר BUCURIA,BUCURIA,MD,מרמלד דולקי תפוז לימ,גרמים,350.00,100 גרם,false,1,13.50,3.86,true,1,
4840095033134,false,עוגת חלב ציפורים בוקוריה 350 גר,BUCURIA,,עוגת חלב ציפורים בוק,גרמים,350.00,100 גרם,false,1,24.90,7.11,true,1,
4840526001398,false,יין וייג מוסקט לבן 1 ליטר,,,יין וייג מוסקט לבן 1,Unknown,0.00,Unknown,false,1,44.90,44.90,true,1,
4840709002440,false,"ברנדי קווינט 3 500 מ""ל כשר",יורוסטנדרט בעמ,,ברנדי קווינט 3 500 מ,מיליליטרים,500.00,"100 מ""ל",false,1,59.90,11.98,true,1,
4840748002753,false,אפונה גינה בארבו זכוכית 420 גרם,נטור ברבו,,אפונה גינה בארבו זכו,גרמים,420.00,100 גרם,false,1,9.60,2.29,true,1,
4850001110439,false,סלט YAN ממרח חצלים 470 גר,,,סלט YAN ממרח חצלים,גרמים,470.00,100 גרם,false,12,14.60,3.11,true,1,
4850001111009,false,מיץ YAN רימונים טבעי 930 מל,,,מיץ YAN רימונים טבעי,גרמים,930.00,100 גרם,false,12,18.90,2.03,true,1,
4850001111016,false,מיץ YAN תפוזים טבעי 930 מל,,,מיץ YAN תפוזים טבעי,גרמים,930.00,100 גרם,false,12,18.90,2.03,true,1,
4850001111054,false,מיץ YAN משמש טבעי 930 מל,,,מיץ YAN משמש טבעי 9,גרמים,930.00,100 גרם,false,12,18.90,2.03,true,1,
4850001111085,false,מיץ YAN תפוח טבעי 930 מל,,,מיץ YAN תפוח טבעי 9,גרמים,930.00,100 גרם,false,12,18.90,2.03,true,1,
4850001111153,false,משקה נקטר YAN דובדבנים 930 מל,,,משקה נקטר YAN דובדבנ,גרמים,930.00,100 גרם,false,12,18.90,2.03,true,1,
4850001111511,false,מיץ YAN עגבניות טבעי 930 מל,,,מיץ YAN עגבניות טבעי,גרמים,930.00,100 גרם,false,12,18.90,2.03,true,1,
4850001111603,false,משקה כוהלי רימונים ויניאן 750 מל,,,משקה כוהלי רימונים,מיליליטרים,750.00,"100 מ""ל",false,12,29.90,3.99,true,1,
4850001112358,false,"מיץ אובלפיחה עבי 930 מ""ל YAN",,AM,מיץ אובלפיחה עבי 93,גרמים,930.00,100 גרם,false,12,18.90,2.03,true,1,
4850001113911,false,פלפל ירוק חריף YAN עם שום 440 גרם,,,פלפל ירוק חריף YAN ע,גרמים,440.00,100 גרם,false,12,14.60,3.32,true,1,
4850001115212,false,שיכר דובדבנים ויניאן 750 מל,,,שיכר דובדבנים ויניא,מיליליטרים,750.00,"100 מ""ל",false,12,29.90,3.99,true,1,
4850001117773,false,סלט YAN ממרח קישואים 470 גר,,,סלט YAN ממרח קישואים,גרמים,470.00,100 גרם,false,12,14.60,3.11,true,1,
4850001118954,false,שיכר פטל אדום ויניאן 750 מל,,,שיכר פטל אדום ויניא,מיליליטרים,750.00,"100 מ""ל",false,12,29.90,3.99,true,1,
4850001397649,false,JOYCO PANDA דרזיה שוקולד חלב 150 גר,,,JOYCO PANDA דרזיה שו,גרמים,150.00,100 גרם,false,1,11.40,7.60,true,1,
4850006190504,false,מקלות תירס קלאסי 85 גר אפצי,או.או.או זולוטה פולה,AM,מקלות תירס קלאסי 85,גרמים,85.00,100 גרם,false,1,6.90,8.12,true,1,
4850006190511,false,מקלות תירס בטעם חלב מרוכז 85 גר אפצי,או.או.או זולוטה פולה,AM,מקלות תירס בטעם חלב,גרמים,85.00,100 גרם,false,1,6.90,8.12,true,1,
4850006190665,false,ציפס בטעם שמנת ובצל כריות 40 גר אפצי,או.או.או זולוטה פולה,AM,ציפס בטעם שמנת ובצל,גרמים,40.00,100 גרם,false,1,5.50,13.75,true,1,
4850006190726,false,ציפס בטעם גבינה כריות 40 גר אפצי,או.או.או זולוטה פולה,AM,ציפס בטעם גבינה כריו,גרמים,40.00,100 גרם,false,1,5.50,13.75,true,1,
4850006190740,false,ציפס בטעם בקביקיו כריות 40 גר אפצי,או.או.או זולוטה פולה,AM,ציפס בטעם בקביקיו כר,גרמים,40.00,100 גרם,false,1,5.50,13.75,true,1,
4850006190870,false,גרעיני חמניות קלויים ללא מלח 160 גר,או.או.או זולוטה פולה,AM,גרעיני חמניות קלויים,גרמים,160.00,100 גרם,false,1,12.90,8.06,true,1,
4850006190887,false,גרעיני חמניות קלויים עם מלח 160 גר,או.או.או זולוטה פולה,AM,גרעיני חמניות קלויים,גרמים,160.00,100 גרם,false,1,12.90,8.06,true,1,
4850008151862,false,"ברנדי גראנד ירוואן 5 שנים 750 מ""ל",ארמניה ויין פקטורי,,ברנדי גראנד ירוואן 5,מיליליטרים,700.00,"100 מ""ל",false,1,104.90,14.99,true,1,
4850009745596,false,ליפתן אוכמניות שחורות 1 ליטר ARARAT,,AM,ליפתן אוכמניות שחורו,מיליליטרים,1000.00,"100 מ""ל",false,1,16.50,1.65,true,1,
4850009745794,false,ליפתן תות שדה 1.1 ליטר ARARAT,,AM,ליפתן תות שדה 1 ליטר,מיליליטרים,1000.00,"100 מ""ל",false,1,16.50,1.65,true,1,
4850011110818,false,קונפיטורת דובדבנים 400 גר TAMARA,תמרה פירות,,קונפיטורת דובדבנים 4,גרמים,400.00,100 גרם,false,1,24.90,6.23,true,1,
4850011110856,false,קונפיטורת דובדובנים לבנים 400 גר TAMARA,תמרה פירות,,קונפיטורת דובדובנים,גרמים,400.00,100 גרם,false,1,26.90,6.73,true,1,
4850011113406,false,"קונפיטורת ,תות שדה TAMARA",,,"קונפיטורת ,תות שדה T",גרמים,900.00,100 גרם,false,1,30.50,3.39,true,1,
4850016340036,false,שימורי דג חדקן במיץ טבעי 240 גר GCO FOOD,או או או אקו פוד,,שימורי דג חדקן במיץ,גרמים,240.00,100 גרם,false,1,34.50,14.38,true,1,
4850016340142,false,מרק דגים פורל 530 גרם ROYALLY,או או או אקו פוד,,מרק דגים פורל 530 ג,גרמים,530.00,100 גרם,false,1,22.90,4.32,true,1,
4850016340333,false,מרק דג חדקן חארצו עם אגוזי מלך 530 גרם,או או או אקו פוד,AM,מרק דג חדקן אקופוד 5,גרמים,530.00,100 גרם,false,1,26.90,5.08,true,1,
4850016340340,false,מרק גולש מדג חדקן עם שמפיניונים 530 גרם,או או או אקו פוד,AM,מרק גולש מדג חדקן אק,גרמים,530.00,100 גרם,false,1,24.90,4.70,true,1,
4850017003138,false,משקה פירות מבושלים פטל שחור 1ל ARTFOOD,,,משקה פירות מבושלים פ,מיליליטרים,1000.00,"100 מ""ל",false,1,17.90,1.79,true,1,
4850017003145,false,משקה פירות מבושלים שזיפי בר 1 ל,,,משקה פירות מבושלים ש,מיליליטרים,1000.00,"100 מ""ל",false,1,17.90,1.79,true,1,
4850017006849,false,מיץ משמש ותפוח עץ 1 ליטר AMARE,LAIMA,,מיץ משמש ותפוח עץ 1,מיליליטרים,1000.00,"100 מ""ל",false,1,19.90,1.99,true,1,
4850017006863,false,מיץ תפוח עץ 1 ליטר AMARE,LAIMA,,מיץ תפוח עץ 1 ליטר,מיליליטרים,1000.00,"100 מ""ל",false,1,19.90,1.99,true,1,
4850017006870,false,מיץ עגבניות 1 ליטר AMARE,LAIMA,,מיץ עגבניות 1 ליטר,מיליליטרים,1000.00,"100 מ""ל",false,1,19.90,1.99,true,1,
4850017007303,false,מיץ דובדבן ותפוח עץ 1 ליטר AMARE,LAIMA,,מיץ דובדבן ותפוח עץ,מיליליטרים,1000.00,"100 מ""ל",false,1,19.90,1.99,true,1,
4850022431841,false,דרזיה שמנת פרה 150 גר JOYCO,,,דרזיה שמנת פרה 150 ג,גרמים,150.00,100 גרם,false,1,11.40,7.60,true,1,
4850022432015,false,דרזיה שוקולד ואגוזים 150 גר JOYCO BELKA,,AM,דרזיה שוקולד ואגוזים,גרמים,150.00,100 גרם,false,1,11.40,7.60,true,1,
4850022432046,false,דרזיה שוקולד מריר דובי 150 גר JOYCO,,,דרזיה שוקולד מריר דו,גרמים,150.00,100 גרם,false,1,11.40,7.60,true,1,
4860004070173,false,יין אלזאני חצי מתוק 750 מל,GWS,,יין אלזאני חצי מתוק,Unknown,0.00,Unknown,false,1,37.90,37.90,true,1,
4860004070227,false,יין אלזאני לבן מתוק 750 מל,GWS,,יין אלזאני לבן מתוק,Unknown,0.00,Unknown,false,1,37.90,37.90,true,1,
4860004073082,false,יין ספראבי אדום יבש 750 מל,GWS,,יין ספראבי אדום יבש,Unknown,0.00,Unknown,false,1,37.90,37.90,true,1,
4860004073105,false,יין קינזמראולי חצי מתוק 750 מל,GWS,,יין קינזמראולי חצי מ,Unknown,0.00,Unknown,false,1,37.90,37.90,true,1,
4860008470320,false,שאטו מוחראני חבאנצקארה 750 מל,,,שאטו מוחראני חבאנצקא,Unknown,0.00,Unknown,false,1,161.90,161.90,true,1,
4860008662251,false,יין אדום חצי מתוק קינדזמראולי 750 מל,,,יין אדום חצי מתוק קי,מיליליטרים,750.00,"100 מ""ל",false,12,41.90,5.59,true,1,
4860008662336,false,יין אדום חצי מתוק חוונצקרה 750 מל,,,יין אדום חצי מתוק חו,מיליליטרים,750.00,"100 מ""ל",false,12,41.90,5.59,true,1,
4860019001346,false,בורז'ומי מים מינרליים טבעיים 500מ'ל חדש,אי די אס בורגומי,,מים מינרלים בורגומי,מיליליטרים,500.00,"100 מ""ל",false,1,6.90,1.38,true,1,
4860019001414,false,מים מינרליים 750 מל בורזוימי,האי נאם סי או אל.טי.,,"מים בורגומי 750 מ""ל",מיליליטרים,750.00,"100 מ""ל",false,1,8.90,1.19,true,1,
4860019001421,false,"שישייה מים מינרלים בורג`ומי 750מ""ל",יורוסטנדרט בעמ,,שישיית מים בורגומי 7,מיליליטרים,6500.00,"100 מ""ל",false,1,44.90,0.69,true,1,
4860103350107,false,משקה גזוז טרחון 1 ליטר,גרוזינסקי פיבנייה,GE,משקה גזוז טרחון 1 לי,מיליליטרים,1000.00,"100 מ""ל",false,1,10.90,1.09,true,1,
4860108700150,false,רוטב שזיפי בר גר 540 NENA* TKEMALI GR,,,רוטב שזיפי בר טקמלי,גרמים,540.00,100 גרם,false,1,13.90,2.57,true,1,
4860108700174,false,רוטב שזיפי בר 540 גר NENA* TKEMALI RE,,,רוטב שזיפי בר 540 גר,גרמים,540.00,100 גרם,false,1,13.90,2.57,true,1,
4860108700198,false,רוטב שזיפ.בר גר 540 NENA* TKEM.YELLOW*,,,רוטב שזיפ.בר גר 540,גרמים,540.00,100 גרם,false,1,13.90,2.57,true,1,
4860108700617,false,רוטב עגבניות (חריף) סציבלי 540 גרם,,,רוטב עגבניות (חריף),גרמים,540.00,100 גרם,false,1,13.90,2.57,true,1,
4860108710531,false,לפתן תות שדה 100% 1 ליטר NENA,קחטיאן טרדיטיונל,,לפתן תות שדה 100% 1,מיליליטרים,1000.00,"100 מ""ל",false,1,17.90,1.79,true,1,
4860108710548,false,לפתן דובדבנים לבנים 100% 1 ליטר NENA,קחטיאן טרדיטיונל,GE,לפתן דובדבנים לבנים,ליטרים,0.00,ליטר,false,1,18.90,18.90,true,1,
4860108710579,false,לפתן דובדבנים ננה 1 ל,קחטיאן טרדיטיונל,,לפתן דובדבנים ננה 1,ליטרים,0.00,ליטר,false,1,17.90,17.90,true,1,
4860108710661,false,לפתן אפרסק 100% 1 ליטר NENA,קחטיאן טרדיטיונל,,לפתן אפרסק 100%,מיליליטרים,1000.00,"100 מ""ל",false,1,17.90,1.79,true,1,
4860108710708,false,לפתן שזיפים 100% 1 ליטר נבה,קחטיאן טרדיטיונל,,לפתן שזיפים 100% 1 ל,מיליליטרים,1000.00,"100 מ""ל",false,1,17.90,1.79,true,1,
4860108710739,false,לפתן ענבים ספראבי ננה 1 ל,קחטיאן טרדיטיונל,,לפתן ענבים ספראבי ננ,ליטרים,0.00,ליטר,false,1,17.90,17.90,true,1,
4865602000010,false,מים נבגלוי בזכוכית 500 מל,שם טוב מזון בעמ,,מים נבגלבי בזכוכית,מיליליטרים,500.00,"100 מ""ל",false,1,7.90,1.58,true,1,
4865602000027,false,"מים מינרלים מוגזים ""נבגלבי"" 1 ליטר PET",נבגלבי,,מים מינרלים מוגזים,מיליליטרים,1000.00,"100 מ""ל",false,1,8.20,0.82,true,1,
4870082006933,false,סוכריות מוסקבה במשקל,,,סוכריות קבוצה 1 במשק,Unknown,0.00,"ק""ג",true,0,65.00,65.00,true,1,
4870208431816,false,סוכירות קרה קום במשקל,,,סוכירות מוסקובסקייה,Unknown,0.00,"ק""ג",true,0,155.00,155.00,true,1,
4870208433858,false,סוכריות מוסקובסקיי קבוצת 2 במשקל,,,סוכריות קבוצת 5 במש,Unknown,0.00,"ק""ג",true,0,85.00,85.00,true,1,
4870208433933,false,סוכריות מוסקובסקיי קבוצת 1 במשקל,,,סוכריות קבוצת 4 במש,Unknown,0.00,"ק""ג",true,0,75.00,75.00,true,1,
4870208438273,false,סוכריות מוסקובסקייה קבוצה 3 במשקל,,,סוכריות קבוצה 7 במשק,Unknown,0.00,"ק""ג",true,0,100.00,100.00,true,1,
4891130001199,false,מזרח ומערב יבוא פון,Pun chun sauce & pre,,רוטב צדפות 450 גרם,גרמים,450.00,100 גרם,false,1,17.70,3.93,true,1,
4891199027598,false,סוללות אולטרה GP אלקליין 4 יח' AA,סמיקום לקסיס בעמ,,סול GP אולטרה אלקליי,Unknown,0.00,Unknown,false,1,9.40,9.40,true,1,
4891199027659,false,סול אולטרה אלקליין C4 1.5V AAA,סמיקום לקסיס בעמ,,סול GP אולטרה אלקליי,Unknown,0.00,Unknown,false,1,9.40,9.40,true,1,
4891199034688,false,סוללה אולטרה אלקליין 9 וולט,,,סול GP אולטרה אלקליי,Unknown,0.00,Unknown,false,1,22.90,22.90,true,1,
4891199088117,false,בליסטר אולטרה אלקליין AAx8+AAAx4,סמיקום לקסיס בעמ,,סול GP אולטרה אלקליי,Unknown,0.00,Unknown,false,1,23.90,23.90,true,1,
4891228308025,false,סכין גילוח היידרו סילק אישה מארז ידית+4,ארץ ייצור סכינים: ארהבn\,,סכין גילוח היידרו סי,Unknown,0.00,Unknown,false,1,58.90,58.90,true,1,
4891228309268,false,"טאצ' אפ מעצב גבות מקצועי, 3 יחידות",ש.שסטוביץ בעמ,,שיק סכיני סילק טאצ א,יחידה,1.00,יחידה,false,1,19.90,19.90,true,1,
4891228430047,false,סכיני גילוח שיק אקזקטה 2 ירוק 10 יח',אנרג'יזר Energizer,,שיק אקזקטה 2 רגיש במ,Unknown,0.00,Unknown,false,1,35.90,35.90,true,1,
4891228430054,false,סכיני גילוח לנשים שיק אקזקטה 2 5 יח,שיק,,סכיני גילוח לנשים שי,Unknown,0.00,Unknown,false,1,15.30,15.30,true,1,
4891228430092,false,סכיני גילוח שיק אקסטרים קומפורט לנשים 3 להבים 4 יחידות,אנרג'יזר Energizer,,שיק אקסטרים 3 פס לח,Unknown,0.00,Unknown,false,1,25.20,25.20,true,1,
4891228480110,false,מכשיר גילוח רב פעמי נשים שיק קוואטרו,ש.שסטוביץ בעמ,,מכשיר גילוח רב פעמי,Unknown,0.00,Unknown,false,1,34.50,34.50,true,1,
4895060592307,false,סוכריות נטורל בטעמים בקבוק NUGGELS,איתן-מזון,,סוכריות קידס - חטיף,Unknown,0.00,Unknown,false,1,7.80,7.80,true,1,
4902430508339,false,PIVOTס. גילוח חד פעמי גילט בלו 2 פלוס *5,,,PIVOTס. גילוח חד פעמ,Unknown,0.00,Unknown,false,1,13.20,13.20,true,1,
4903001904192,false,"רוטב סויה יאמאסה פרימיום 500מ""ל",הדקלאים אגודת שיתופי,,רוטב סויה יאמסה 500,מיליליטרים,500.00,"100 מ""ל",false,1,17.90,3.58,true,1,
4903001904208,false,רוטב סויה יאמאסה פרימיום 1 ליטר,הדקלאים אגודת שיתופי,,רוטב סויה יאמסה פרימ,מיליליטרים,1000.00,"100 מ""ל",false,1,31.90,3.19,true,1,
4903001930993,false,"רוטב טריאקי יאמאסה 500 מ""ל",ליימן שליסל בע`מ,,רוטב טריאקי יאמאסה 5,מיליליטרים,500.00,"100 מ""ל",false,1,17.90,3.58,true,1,
4934418000818,false,"בירה היטאצינו יפני קלאסי 330 מ""ל",מבשלת קיוצ'י,,בירה היטאצינו יפני ק,מיליליטרים,330.00,"100 מ""ל",false,1,17.90,5.42,true,1,
4934418001310,false,"בירה היטאצינו אורז אדום 330 מ""ל",מבשלת קיוצ'י,,בירה היטאצינו אורז א,מיליליטרים,330.00,"100 מ""ל",false,1,17.90,5.42,true,1,
4934418001624,false,בירה היטאצינו ואיט אייל חיטה בלגית 330 מ,מבשלת קיוצ'י,,בירה היטאצינו ואיט א,מיליליטרים,330.00,"100 מ""ל",false,1,17.90,5.42,true,1,
4934418001914,false,"בירה היטאצינו גינגר 330 מ""ל",מבשלת קיוצ'י,,בירה היטאצינו גינגר,מיליליטרים,330.00,"100 מ""ל",false,1,17.90,5.42,true,1,
4934418110029,false,"סאקה קיקוסאקארי גונמאישו 720 מ""ל",קיוצ'י,,סאקה קיקוסאקארי גונמ,מיליליטרים,720.00,"100 מ""ל",false,1,36.90,5.13,true,1,
4970916260118,false,"ניגורי איש השלג 180 מ""ל",,JP,ניגורי איש השלג 180,מיליליטרים,180.00,"100 מ""ל",false,1,31.90,17.72,true,1,
4978094999219,false,מחית סויה לבנה שירו מיסו 500 גרם,Qingdao Sun-growing,,מחית סויה לבנה שירו,גרמים,500.00,100 גרם,false,1,19.80,3.96,true,1,
4987176029775,false,מכשיר גילוח +סכין אלוורה,,IN,מכשיר גילוח +סכין אל,Unknown,0.00,Unknown,false,1,24.90,24.90,true,1,
5000111001007,false,רוטב לסטייק ה.פ 255,היינץ,,HP רוטב 255 גרם,מיליליטרים,255.00,"100 מ""ל",false,1,16.50,6.47,true,1,
5000111041843,false,"רוטב וורצירטר 290 מ""ל",,,"רוטב וורצירטר 290 מ""",מיליליטרים,290.00,"100 מ""ל",false,1,34.90,12.03,true,1,
5000111046244,false,רוטב לסטייק היינץ 450 גר,,,רוטב לסטייק היינץ 45,גרמים,450.00,100 גרם,false,1,19.90,4.42,true,1,
5000111047371,false,רטבי HP ברביקיו קלאסי היינץ,דיפלומט מפיצים (1968) בעמ**,,רוטב ברביקיו קלאסי 4,גרמים,465.00,100 גרם,false,1,18.80,4.04,true,1,
5000127163195,false,דגני בוקר קלוגס ספיישל קיי 500גרם,חברת קלוגס בריטניה,,דגני ספיישל קיי 500,גרמים,500.00,100 גרם,false,1,24.90,4.98,true,1,
5000127533196,false,קלוגס וורייטי שמינייה 191 גרם,דיפלומט מפיצים (1968) בע`מ,,קלוגס וורייטי שמיניי,גרמים,191.00,100 גרם,false,1,22.90,11.99,true,1,
5000146057710,false,ספריי רב שימושי לחלונות ומשטחים ווינדולין Windolene,רקיט בנקיזר (ניר איסט) בעמ,,נוזל וונדולין כחול 7,מיליליטרים,750.00,"100 מ""ל",false,1,10.40,1.39,true,1,
5000146401568,false,וולייט דפים למניעת העברת צבע 10 דפים,רקיט בנקיזר (ניר איסט) בעמ,,וולייט קולור פרוטקשן,Unknown,0.00,Unknown,false,1,15.60,15.60,true,1,
5000146980322,false,קרם להסרת שיער לעור רגיל מועשר בחלב לוטוס ויסמין,רקיט בנקיזר (ניר איסט) בעמ,,ויט קרם להסרת שיער ל,מיליליטרים,10.00,"100 מ""ל",false,1,34.50,345.00,true,1,
5000157076021,false,היינץ צנצנת ממרח לסנדוויץ 300 גרם,,GB,היינץ צנצנת ממרח לסנ,גרמים,300.00,100 גרם,false,1,18.90,6.30,true,1,
5000157143365,false,מתבל בטעם מיונז וקטשופ היינץ 425 גרם,דיפלומט מפיצים (1968) בעמ**,PL,מתבל בטעם מיונז וקטש,מיליליטרים,425.00,"100 מ""ל",false,1,14.90,3.51,true,1,
5000159304245,false,מ&מס קריספי 36 גרם,,,מ&מס קריספי 36 גרם,גרמים,36.00,100 גרם,false,1,4.90,13.61,true,1,
5000159344074,false,גלידת סניקרס שמנת עם בוטנים וקרמל מצופה 288 גרם.,פלקו בעמ חברה ישראלית,FR,מאגדת סניקרס 6 יח,Unknown,0.00,Unknown,false,1,29.90,29.90,true,1,
5000159376655,false,סוכריות SKITTLES פירות קטן 38 גרם אדום,"מרס ריגלי ישראל בע""מ",,סקיטלס פירות 38 גרם,גרמים,38.00,100 גרם,false,1,3.30,8.68,true,1,
5000159376792,false,סוכריות סקיטלס Skittles פירות חמוצים,"מרס ריגלי ישראל בע""מ",,סקיטלס חמוץ 38 גרם,גרמים,38.00,100 גרם,false,1,3.30,8.68,true,1,
5000159382694,false,מארס עשירייה 450 גרם,,NL,מארס עשירייה 450 גרם,גרמים,450.00,100 גרם,false,1,24.90,5.53,true,1,
5000159382731,false,סניקרס 10*50 גרם,,,סניקרס 10*50 גרם,גרמים,500.00,100 גרם,false,1,24.90,4.98,true,1,
5000159397292,false,מארס מאגדת גלידה פלד,פלדמן,FR,מאגדת מארס 6 יח,Unknown,0.00,Unknown,false,1,31.50,31.50,true,1,
5000159407236,false,מרס חטיף שוקולד עם קרמל 51 גרם,"מרס ריגלי ישראל בע""מ",,חטיף מארס 51 גרם,גרמים,51.00,100 גרם,false,1,3.90,7.65,true,1,
5000159461122,false,סניקרס חטיף שוקולד עם בוטנים 50 גרם,"מרס ריגלי ישראל בע""מ",,חטיף סניקרס 50 גרם,גרמים,50.00,100 גרם,false,1,3.90,7.80,true,1,
5000159471510,false,אם אנד אם בוטנים 220 גרם,,FR,אם אנד אם בוטנים 220,גרמים,220.00,100 גרם,false,1,16.70,7.59,true,1,
5000159471794,false,אם אנד אם שוקולד 220 גרם,,BE,אם אנד אם שוקולד 220,גרמים,220.00,100 גרם,false,1,16.70,7.59,true,1,
5000159472029,false,אם אנד אם קריספי 213 גרם,,FR,אם אנד אם קריספי 213,גרמים,213.00,100 גרם,false,1,19.80,9.30,true,1,
5000159473026,false,טוויקס מיניס 227 גרם,,NL,טוויקס מיניס 227 גרם,גרמים,227.00,100 גרם,false,1,15.90,7.00,true,1,
5000159473279,false,באונטי מיניס 227 גרם,,NL,באונטי מיניס 227 גרם,גרמים,227.00,100 גרם,false,1,15.90,7.00,true,1,
5000159473927,false,סניקרס מיניס 227 גרם,,NL,סניקרס מיניס 227 גרם,גרמים,227.00,100 גרם,false,1,15.90,7.00,true,1,
5000159483063,false,גלידת באונטי שמנת עם קוקוס מצופה 284 גרם,אייס דילר בי.אמ.די בעמ,,מאגדת באונטי 6 יח,Unknown,0.00,Unknown,false,1,29.90,29.90,true,1,
5000159484695,false,גלידת טוויקס שמנת עם קרמל וביסקוויט מצופה 205 גרם,אייס דילר בי.אמ.די בעמ,FR,מאגדת טוויקס 6 יח,Unknown,0.00,Unknown,false,1,29.90,29.90,true,1,
5000159500258,false,בונבוניירה סלבריישן,,,מארז סלבריישן 186 גר,גרמים,186.00,100 גרם,false,1,26.90,14.46,true,1,
5000159515443,false,מאגדת גלידה סניקרס על מקל רביעייה 240 גר,,FR,מאגדת גלידה סניקרס ע,גרמים,240.00,100 גרם,false,1,34.90,14.54,true,1,
5000159543859,false,מלטיזרס שוקולד מריר 59 גרם,,,מלטיזרס שוקולד מריר,גרמים,59.00,100 גרם,false,1,10.50,17.80,true,1,
5000168199245,false,שוקולד חלב מעולה בתוספת קרמל מלוח פיור גודייבה 90 ג',"אולקר מקבוצת פלאדיס, ציק",TR,שוקולד חלב מעולה בתו,גרמים,90.00,100 גרם,false,1,14.90,16.56,true,1,
5000175411217,false,קוביות תיבול 71 גרם XO ירקות,,,קוביות תיבול 71 גרם,גרמים,71.00,100 גרם,false,1,16.90,23.80,true,1,
5000184221241,false,קנור ארומט-אבקת תיבול במיכל 90 גרם,,,קנור ארומט-אבקת תיבו,גרמים,90.00,100 גרם,false,1,15.60,17.33,true,1,
5000204115048,false,גלייד ארוסול מבשם אוויר בניחוח לבנדר,"אס.סי ג'\ונסון,מידרכט, ה",NL,מטהר אוויר גלייד ארו,מיליליטרים,300.00,"100 מ""ל",false,1,11.90,3.97,true,1,
5000204151022,false,"פלדג' אירוסול לניקוי רהיטים לבנדר 250 מ""ל","אס.סי ג'\ונסון, אירופלנט",NL,מרסס פלדג רהיטים לבנ,מיליליטרים,250.00,"100 מ""ל",false,1,18.90,7.56,true,1,
5000204153729,false,מטהר אוויר גלייד מילוי אוטומטי לבנדר וניל,המאפיה של הרמן,TR,מילוי אוטומטי גלייד,מיליליטרים,269.00,"100 מ""ל",false,1,20.90,7.77,true,1,
5000204153903,false,מטהר אוויר גלייד מילוי אוטומטי מרכך כביסה,"קוסטר אירוסול ואלף סאן,",TR,מילוי אוטומטי גלייד,מיליליטרים,269.00,"100 מ""ל",false,1,20.90,7.77,true,1,
5000204155815,false,"גלייד מארז אוטומטי מרכך כביסה 269 מ""ל","דנשר (1963) בע,מ",,מארז גלייד אוטומטי ו,מיליליטרים,269.00,"100 מ""ל",false,1,49.90,18.55,true,1,
5000204227130,false,גלייד מבשם מקלות בניחוח פסגות טיבט 80 מ,דנשר (1963) בעמ,PT,גלייד מבשם ריח מקלות,יחידה,1.00,יחידה,false,1,31.90,31.90,true,1,
5000204227161,false,"גלייד מבשם ריח מקלות ניחוח הפרדס 80 מ""ל","דנשר (1963) בע,מ",PT,גלייד מבשם ריח מקלות,יחידה,1.00,יחידה,false,1,31.90,31.90,true,1,
5000204227192,false,גלייד מבשם מקלות בניחוח רגע של נחת 80 מ,דנשר (1963) בעמ,PT,גלייד מבשם ריח מקלות,יחידה,1.00,יחידה,false,1,31.90,31.90,true,1,
5000204657883,false,קיווי משחת נעליים בקופסא חום 50 מל,ג' אל ראיה בוגור ג'א,,קיווי משחת נעליים בק,Unknown,0.00,Unknown,false,1,9.50,9.50,true,1,
5000204657913,false,קיווי משחת נעליים בקופסא שחור 50 מ`ל,ג' אל ראיה בוגור,,קיווי משחת נעליים בק,Unknown,0.00,Unknown,false,1,9.50,9.50,true,1,
5000204658064,false,"ספוגית הברקה קיווי אקספרס שחור 6 מ""ל",המאפיה של הרמן,,משחת נעליים קיווי אק,Unknown,0.00,Unknown,false,1,27.90,27.90,true,1,
5000204658125,false,קיווי נוזל לניקוי נעליים חום 75 מל,אס' סי' ג'ונסון במה,,"קראון חום 75 מ""ל",Unknown,0.00,Unknown,false,1,21.50,21.50,true,1,
5000204658187,false,משחת נעליים קראון שחור קיווי (75 מל),אס' סי' ג'ונסון במה,,קיווי נוזל נעליים קר,Unknown,0.00,Unknown,false,1,21.50,21.50,true,1,
5000204661392,false,משחת נעליים שחורה קיווי אקסרא לארג`,המאפיה של הרמן,,משחת נעליים XL שחור,Unknown,0.00,Unknown,false,1,16.90,16.90,true,1,
5000213000359,false,בירה גינס אקסטרא סטאוט,החברה המרכזית להפצת משקאות בעמ,,בירה גינס בקבוק 330,מיליליטרים,330.00,"100 מ""ל",false,1,14.90,4.52,true,1,
5000213014905,false,בירה בפחית גינס (440 מל),החברה המרכזית להפצת משקאות בעמ,,"בירה גינס 440 מ""ל פח",מיליליטרים,440.00,"100 מ""ל",false,1,15.80,3.59,true,1,
5000232902450,false,שעועית אפויה HP בעגבניות ברנסטון 350 גר,,,שעועית אפויה 420 גר,גרמים,420.00,100 גרם,false,1,8.30,1.98,true,1,
5000267014234,false,וויסקי ג'וני ווקר רד לייבל Red label,החברה המרכזית להפצת משקאות בעמ,,מארז גוני ווקר אדום,מיליליטרים,750.00,"100 מ""ל",false,1,74.90,9.99,true,1,
5000267024233,false,"וויסקי ג'וני בלאק לייבל עם פורר 700מ""ל",החברה המרכזית להפצת משקאות בעמ,,מארז גוני ווקר שחור,מיליליטרים,700.00,"100 מ""ל",false,1,109.90,15.70,true,1,
5000267117560,false,"וויסקי גוני ווקר גולד לייבל רזרב 750 מ""ל",החברה המרכזית להפצת משקאות בעמ,,מארז גוני ווקר גולד,מיליליטרים,750.00,"100 מ""ל",false,1,174.90,23.32,true,1,
5000277001255,false,וויסקי דיוארס 1 ליטר,,,וויסקי דיוארס 1 ליטר,ליטרים,0.00,ליטר,false,1,116.90,116.90,true,1,
5000281040899,false,"רום קפטן מורגן וייט 750 מ""ל",קפטן מורגן Captain Morgan,,רום קפטן מורגן וייט,מיליליטרים,700.00,"100 מ""ל",false,1,84.90,12.13,true,1,
5000289925440,false,גין גורדון בקבוק 700,החברה המרכזית להפצת משקאות-אלכ,,"גין גורדון 700 מ""ל",מיליליטרים,700.00,"100 מ""ל",false,1,79.90,11.41,true,1,
5000289929417,false,"גין גורדון ורוד 37.5% 700 מ""ל",,,גין גורדון ורוד 37.5,מיליליטרים,700.00,"100 מ""ל",false,1,93.90,13.41,true,1,
5000291020706,false,משקה גין טנקרי 700 מ,מנדלז סי.אר. פרודקשן,,"טנקרי גין 750 מ""ל",מיליליטרים,750.00,"100 מ""ל",false,1,114.90,15.32,true,1,
5000299101100,false,"וויסקי פור רוזס ברבן ילו לייבל 700 מ""ל",,,וויסקי פור רוזס ברבן,מיליליטרים,700.00,"100 מ""ל",false,1,98.90,14.13,true,1,
5000299223031,false,"קפטן מורגן ספייסד - רום 750 מ""ל",יבואן ומשווק: ש. שסט,,רום קפטן מורגן ספייס,מיליליטרים,750.00,"100 מ""ל",false,1,89.90,11.99,true,1,
5000299225004,false,"וויסקי שיבאס ריגאל 18 שנה 700 מ""ל",מזקקת האחים שיבאס,,וויסקי שיבאס ריגאל 1,מיליליטרים,700.00,"100 מ""ל",false,1,239.90,34.27,true,1,
5000299284865,false,"וויסקי פור רוזס סמול באץ 700 מ""ל",,,וויסקי פור רוזס סמול,מיליליטרים,700.00,"100 מ""ל",false,1,131.90,18.84,true,1,
5000299601693,false,"וויסקי שיבאס מיזונארה 700 מ""ל",,,וויסקי שיבאס מיזונאר,מיליליטרים,700.00,"100 מ""ל",false,1,199.90,28.56,true,1,
5000299605950,false,"ביפאיטר ג'ין פינק 37% 700 מ""ל",,GB,גין ביפיטר פינק 700,מיליליטרים,700.00,"100 מ""ל",false,1,114.90,16.41,true,1,
5000299611104,false,"וויסקי שיבאס אקסטרה 700 מ""ל",האחים שיבאס,,וויסקי שיבאס 13 שרי,מיליליטרים,700.00,"100 מ""ל",false,1,149.90,21.41,true,1,
5000312000700,false,אבקת להכנת משקה קקאו 250 ג,,,אבקת קקאו קדבורי 250,גרמים,250.00,100 גרם,false,1,32.90,13.16,true,1,
5000328181844,false,דוריטוס - רוטב דיפ נאציו גבינה 280גרם,,GB,דוריטוס - רוטב דיפ נ,גרמים,280.00,100 גרם,false,1,19.90,7.11,true,1,
5000328637327,false,דוריטוס רוטב דיפ שמנת ועירית שום 300 גר,,GB,דוריטוס רוטב דיפ שמנ,גרמים,300.00,100 גרם,false,1,19.90,6.63,true,1,
5000329002193,false,משקה ג'ין ביפאיטר 70,טמפו משקאות בע`מ,,"גין ביפאיטר 700 מ""ל",מיליליטרים,700.00,"100 מ""ל",false,1,99.90,14.27,true,1,
5000354403637,false,רוטב תיבול קוביות 71 גרם XO,,,רוטב תיבול קוביות 71,גרמים,71.00,100 גרם,false,1,16.90,23.80,true,1,
5000394077225,false,סוללות דורסל בייסיק V9,,,סוללות דורסל בייסיק,Unknown,0.00,Unknown,false,1,27.90,27.90,true,1,
5000394137486,false,רביעיות סוללות אופטימום AA דורסל,דיפלומט מפיצים (1968) בעמ,BE,מארז *4 סוללות דורסל,Unknown,0.00,Unknown,false,1,22.90,22.90,true,1,
5000394140820,false,שישיות סוללות AA פלוס פאוור דורסל,דיפלומט מפיצים (1986) בע`מ,BE,סוללות דורסל פלוס פא,יחידה,1.00,יחידה,false,1,15.90,15.90,true,1,
5000394141209,false,סוללות דורסל פלוס פאוור AAA שישיית,דיפלומט מפיצים (1986) בע`מ,BE,סוללות דורסל פלוס פא,יחידה,1.00,יחידה,false,1,15.90,15.90,true,1,
5000394203907,false,סוללות דורסל ליתיום זוג,דיפלומט מפיצים (1968) בעמ,,סוללות דורסל ליתיום,Unknown,0.00,Unknown,false,1,19.90,19.90,true,1,
5000396037531,false,מקוויטיס ביסקוויט מצופה שוקולד חלב 200 גרם,תה ויסוצקי (ישראל)בעמ,,מקוויטיס ביסקוויט מצ,גרמים,200.00,100 גרם,false,1,12.50,6.25,true,1,
5000396037548,false,מקוויטיס ביסקוויט מצופה שוקולד מריר 200 גרם,תה ויסוצקי (ישראל)בעמ,,מקוויטיס ביסקוויט מצ,גרמים,200.00,100 גרם,false,1,12.50,6.25,true,1,
5010026515919,false,מוזלי קריספי נאטי מורנפלייק 650 גרם,מורנפלייק Mornflake,GB,מורנפלייק נאטי 650 ג,גרמים,650.00,100 גרם,false,1,24.90,3.83,true,1,
5010029000252,false,וויטביקס תערובת דגנים מחיטה מלאה 430 גרם,ר.ב. מוצרי דגנים בעמ,,וויטביקס 430 גרם,גרמים,430.00,100 גרם,false,1,23.90,5.56,true,1,
5010029221084,false,דגני וויטביקס פרוטאין קראנץ' בטעם מקורי,טרופיקל דגיל תעשיות,,דגנים מלאים עם פרוטא,גרמים,450.00,100 גרם,false,1,27.90,6.20,true,1,
5010029223484,false,מוזלי תות חמוציות ואוכמניות 560 גר ALPEN,וויטביקס,GB,מוזלי תות חמוציות וא,גרמים,560.00,100 גרם,false,1,25.90,4.63,true,1,
5010035068352,false,פוקס-עוגיות שוקולד ציפס משוקולד חלב 180,,,פוקס-עוגיות שוקולד צ,גרמים,180.00,100 גרם,false,1,11.90,6.61,true,1,
5010035068369,false,פוקס-עוגיות שוקולד ציפס משוקולד לבן 180,,,פוקס-עוגיות שוקולד צ,גרמים,180.00,100 גרם,false,1,11.90,6.61,true,1,
5010035068383,false,פוקס-עוגיות שוק ציפס חצי-מצופות שוק 180ג,,,פוקס-עוגיות שוק ציפס,גרמים,180.00,100 גרם,false,1,11.90,6.61,true,1,
5010038454831,false,"בקבוק בירה בלומון 330 מ""ל",הכרם - משקאות חריפים בעמ,,בירה בלו מון 330 מל,מיליליטרים,330.00,"100 מ""ל",false,1,13.50,4.09,true,1,
5010102243996,false,"בריטוויק מי טוניק מוגזים 850 מ""ל",,GB,בריטוויק מי טוניק מו,מיליליטרים,850.00,"100 מ""ל",false,1,10.50,1.24,true,1,
5010106111956,false,וויסקי בלנטיין פיינסט 1 ליטר,בלנטיינ'ס Ballantines,,וויסקי בלנטיין פיינס,מיליליטרים,1000.00,"100 מ""ל",false,1,124.90,12.49,true,1,
5010182996799,false,ג'ל אסלה מנטרל ריחות בניחוח פרחי בר ורודים,דאופלור אס.פי.אי איט,,ט.דאק גל אסלה,Unknown,0.00,Unknown,false,1,13.10,13.10,true,1,
5010182997338,false,דאק ג'ל לניקוי אסלות בניחוח רענן 55 מל,"איטיליאן פוד, אס.פי.",,"ט.ד.ס. אסלה גל 55 מ""",מיליליטרים,55.00,"100 מ""ל",false,1,13.10,23.82,true,1,
5010182997680,false,"ארוסול-קוטל זוחלים אדום 400 מ""ל",אס.סי.ג'ונסון מידרכט,,ארוסול-קוטל זוחלים א,מיליליטרים,400.00,"100 מ""ל",false,1,19.40,4.85,true,1,
5010182997918,false,דאק ג'ל לניקוי אסלות בניחוח ים 55 מל,"איטיליאן פוד, אס.פי.",,טואלט דאק גל אסלה 55,מיליליטרים,55.00,"100 מ""ל",false,1,13.10,23.82,true,1,
5010182998847,false,דאק נוזל לניקוי אסלות בניחוח ים 750 מל,מיוצר עי קונדיטוריית,,נוזל לניקוי אסלה דאק,מיליליטרים,750.00,"100 מ""ל",false,1,12.90,1.72,true,1,
5010327000046,false,"וויסקי גרנטס וויסקי 700 מ""ל","וויליאם גראנט ובניו בע""\",,וויסקי גראנטס 700 מ,מיליליטרים,700.00,"100 מ""ל",false,1,69.90,9.99,true,1,
5010327000176,false,"וויסקי גלנפידיך מולט 12 שנה 700 מ""ל",גרנט'ס (William Gran,,וויסקי גלנפידיך מולט,מיליליטרים,700.00,"100 מ""ל",false,1,145.90,20.84,true,1,
5010327105215,false,וויסקי מאנקי שולדר Monkey Shoulder,"וויליאם גראנט ובניו בע""\",,וויסקי מונקי שולדר 7,מיליליטרים,700.00,"100 מ""ל",false,1,139.90,19.99,true,1,
5010327324333,false,"סינגל מאלט סקוטי גלנפידיך 14 שנה 700 מ""ל",הכרם משקאות חריפים בעמ,,סינגל מאלט סקוטי גלנ,מיליליטרים,700.00,"100 מ""ל",false,1,187.90,26.84,true,1,
5010327325125,false,וויסקי גלנפידיך 15 שנה סולרה רזרב 750 מל,גרנט'ס (William Gran,,וויסקי גלנפידיך,מיליליטרים,750.00,"100 מ""ל",false,1,189.90,25.32,true,1,
5010327399614,false,"גלנפידיך 12 אמריקן אווק כשר 700 מ""ל",הכרם - משקאות חריפים בעמ,GB,גלנפידיך 12 אמריקן א,מיליליטרים,700.00,"100 מ""ל",false,1,179.90,25.70,true,1,
5010327505138,false,"וויסקי בלויני 12 שנה 750 מ""ל",גרנט'ס (William Gran,,וויסקי בלויני 12 שנה,מיליליטרים,750.00,"100 מ""ל",false,1,269.90,35.99,true,1,
5010327658544,false,"בירה אינס אנד גון אוריגינל 330 מ""ל",,,בירה אינס אנד גון או,מיליליטרים,330.00,"100 מ""ל",false,1,13.90,4.21,true,1,
5010494560282,false,וויסקי גלנמורנגי אוריגינל 10 שנים 700 מל,גלאנמורנג'\י דיסטילרי סק,,וויסקי גלנמורנגי אור,מיליליטרים,700.00,"100 מ""ל",false,1,139.90,19.99,true,1,
5010496003565,false,סינגל מאלט סקוטי אוכנטושן אמריקו הוק 700,מוריסון בואומור,,סינגל מאלט סקוטי אוכ,מיליליטרים,700.00,"100 מ""ל",false,1,149.90,21.41,true,1,
5010511472666,false,הנרי - ממתקי ליקריץ 200 גרם,,,הנרי - ממתקי ליקריץ,גרמים,200.00,100 גרם,false,1,10.90,5.45,true,1,
5010622005012,false,חוט דנטלי אסנשייאל ללא שעווה 50 מטר,פארמה דיל (פ.א.ב.) שיווק והפצה,,חוט דנטלי ללא שעווה,Unknown,0.00,Unknown,false,1,19.40,19.40,true,1,
5010677551281,false,בריזר לימון בבקבוק בקרדי (275 מל),בקרדי בריזר Bacardi Breezer,,בקרדי בריזר לימון,מיליליטרים,275.00,"100 מ""ל",false,1,14.50,5.27,true,1,
5010677551397,false,"בקרדי בריזר בטעם לימון ליים 275 מ""ל",בקרדי בריזר Bacardi Breezer,,בקרדי בריזר לימון לי,מיליליטרים,275.00,"100 מ""ל",false,1,14.50,5.27,true,1,
5010677552387,false,"בקרדי בריזר אננס 275 מ""ל בקבוק",בקרדי בריזר Bacardi Breezer,,בקרדי בריזר אננס 275,מיליליטרים,275.00,"100 מ""ל",false,1,14.50,5.27,true,1,
5010677554398,false,בריזר אבטיח בבקבוק בקרדי (275 מל),בקרדי בריזר Bacardi Breezer,,בקרדי בריזר אבטיח,מיליליטרים,275.00,"100 מ""ל",false,1,14.50,5.27,true,1,
5010677714006,false,"ג'ין בומביי ספייר 700מ""ל",ג'ון דיואר ובניו,,גין בומביי ספייר 700,מיליליטרים,700.00,"100 מ""ל",false,1,109.90,15.70,true,1,
5010677716000,false,ג'ין יבש בומביי 1 ל,,,גין בומביי 1 ליטר,מיליליטרים,1000.00,"100 מ""ל",false,1,151.90,15.19,true,1,
5010677850100,false,"וודקה צרפתית גריי גוס 700מ""ל",בקרדי מרטיני,FR,וודקה גריי גוס 700 מ,מיליליטרים,700.00,"100 מ""ל",false,1,109.90,15.70,true,1,
5010909006121,false,היילנד עוגיות חמאה סקוטיות משולשות 125 ג,,GB,היילנד עוגיות חמאה ס,גרמים,125.00,100 גרם,false,1,6.50,5.20,true,1,
5011007003005,false,"וויסקי ג'יימסון אירי מזוקק 700 מ""ל",אייריש דיסטילרז,,וויסקי אירי גיימסון,גרמים,800.00,100 גרם,false,1,89.90,11.24,true,1,
5011007003227,false,וויסקי גיימיסון 1 ליטר,אייריש דיסטלריז,,וויסקי גיימיסון 1 לי,מיליליטרים,1000.00,"100 מ""ל",false,1,124.90,12.49,true,1,
5011013100132,false,"ויסקי בייליס אייריש קרים 750 מ""ל",r&a baileys,,אייריש קרים בייליס 7,מיליליטרים,750.00,"100 מ""ל",false,1,88.90,11.85,true,1,
5011013500680,false,ליקר שרידנס קרם וניל,thomas sheridans,,"ליקר שרידנס 700 מ""ל",מיליליטרים,700.00,"100 מ""ל",false,1,99.90,14.27,true,1,
5011013500703,false,"ליקר שרידנס 700 מ""ל",,,"ליקר שרידנס 500 מ""ל",מיליליטרים,500.00,"100 מ""ל",false,1,84.90,16.98,true,1,
5011013934546,false,"בייליס קרמל מלוח 700 מ""ל",r&a baileys,IE,בייליס קרמל מלוח 700,מיליליטרים,700.00,"100 מ""ל",false,1,119.90,17.13,true,1,
5011013935178,false,"בייליס פאי תפוחים 700 מ""ל",r&a baileys,IE,בייליס פאי תפוחים 7,מיליליטרים,700.00,"100 מ""ל",false,1,119.90,17.13,true,1,
5011026108033,false,"וויסקי אירי טולומור דיו 700 מ""ל",הכרם - משקאות חריפים בעמ,,וויסקי אירי טולומור,מיליליטרים,700.00,"100 מ""ל",false,1,89.90,12.84,true,1,
5011157630281,false,אורז בסמטי המשאלי טילדה (1 קג),ש. שסטוביץ בע`מ,,אורז בסמטי טילדה 1 ק,גרמים,1000.00,100 גרם,false,1,24.90,2.49,true,1,
5011157671222,false,"טילדה אורז בסמטי חום מלא 1 ק""ג",ש.שסטוביץ בעמ,,אורז בסמטי חום מלא ט,גרמים,1000.00,100 גרם,false,1,24.90,2.49,true,1,
5011157730271,false,אורז יסמין לבן ארוך טילדה,ש.שסטוביץ בעמ,,אורז יסמין טילדה 1 ק,גרמים,1000.00,100 גרם,false,1,26.50,2.65,true,1,
5011166055358,false,"בירה קראביס גינגר 330 מ""ל ללא גלוטן",,,בירה קראביס גינגר 33,מיליליטרים,330.00,"100 מ""ל",false,1,13.90,4.21,true,1,
5011268856068,false,זיליס דיספלי פקקים פ,,,זיליס דיספלי פקקים פ,Unknown,0.00,Unknown,false,1,21.00,21.00,true,1,
5011268859601,false,הופכן סיליקון זיליס 2018,,,הופכן סיליקון זיליס,Unknown,0.00,Unknown,false,1,70.00,70.00,true,1,
5011268859984,false,חותך פיצה זיליס 2018,,,חותך פיצה זיליס,Unknown,0.00,Unknown,false,1,108.00,108.00,true,1,
5011268860751,false,זיליס מיני מועך (כף),,,זיליס מיני מועך (כף),Unknown,0.00,Unknown,false,1,60.00,60.00,true,1,
5011268870163,false,כף פריזיאן קולינר,,,כף פריזיאן קולינר,קילוגרמים,0.00,"ק""ג",false,1,40.00,40.00,true,1,
5011268897405,false,זיליס כותש שום סוס 3,,,זיליס כותש שום סוס 3,Unknown,0.00,Unknown,false,1,141.00,141.00,true,1,
5011268900389,false,קוצץ קוביות זיליס,,,קוצץ קוביות זיליס,Unknown,0.00,Unknown,false,1,218.00,218.00,true,1,
5011308000505,false,פטקס מיקס מחמצים 283 גרם,,,פטקס מיקס מחמצים 283,גרמים,283.00,100 גרם,false,1,17.90,6.33,true,1,
5011308002202,false,פטקס משחת קארי טנדורי 312 גרם,,,פטקס משחת קארי טנדור,גרמים,312.00,100 גרם,false,1,17.90,5.74,true,1,
5011308012010,false,פטקס צאטני מנגו מתוק 340 גרם,,,פטקס צאטני מנגו מתוק,גרמים,340.00,100 גרם,false,1,17.90,5.26,true,1,
5011308307178,false,רוטב צילי פיקן פטקס 283 גרם,,GB,רוטב צילי פיקן פטקס,גרמים,283.00,100 גרם,false,1,15.90,5.62,true,1,
5011308610032,false,פטקס מחמצי שום 300 גרם,,,פטקס מחמצי שום 300 ג,גרמים,300.00,100 גרם,false,1,17.90,5.97,true,1,
5011348008479,false,"בירה קינג גובלין 500 מ""ל",מבשלת וויצ'ווד,,בירה קינג גובלין 500,מיליליטרים,500.00,"100 מ""ל",false,1,16.90,3.38,true,1,
5011348010335,false,"בירה גינגר בירד 4.2% 500 מ""ל",ויצ'וויד,,בירה גינגר בירד 4.2%,מיליליטרים,500.00,"100 מ""ל",false,1,17.90,3.58,true,1,
5011348015194,false,"בירה הובגובלין גולד 500 מ""ל",מבשלת וויצ'ווד,,בירה הובגובלין גולד,מיליליטרים,500.00,"100 מ""ל",false,1,17.90,3.58,true,1,
5011348017099,false,"בירה הובגובלין גולד פחית 500 מ""ל",,GB,בירה הובגובלין גולד,מיליליטרים,500.00,"100 מ""ל",false,1,16.90,3.38,true,1,
5011348017112,false,"בירה הובגובלין פחית 500 מ""ל",,GB,בירה הובגובלין פחית,מיליליטרים,500.00,"100 מ""ל",false,1,16.90,3.38,true,1,
5011348019772,false,"בירה הובגובלין אי.פי.איי 500 מ""ל",ויצ'וויד,,בירה הובגובלין אי.פי,מיליליטרים,500.00,"100 מ""ל",false,1,17.90,3.58,true,1,
5011348023458,false,"בירה הובגובלין אי.פי.איי. פחית 500 מ""ל",,GB,בירה הובגובלין אי.פי,מיליליטרים,500.00,"100 מ""ל",false,1,16.90,3.38,true,1,
5011417547885,false,"אירוויק מקלות ריחניים בניחוח כביסה באוויר 30 מ""ל",רקיט בנקיזר (ניר איסט) בעמ,,מקלות ריחניים בניחוח,Unknown,0.00,Unknown,false,1,19.90,19.90,true,1,
5011417552247,false,"אירוויק מבשם אויר נטול גז בניחוח פשתן ופרחי לילך 345 מ""ל",רקיט בנקיזר (ניר איסט) בעמ,,איירויק נטול גז לילך,מיליליטרים,345.00,"100 מ""ל",false,1,16.90,4.90,true,1,
5011832059703,false,מצנם שח ROSE GOLD MORPHY RICHARDS,,,מצנם שח ROSE GOLD MO,קילוגרמים,0.00,"ק""ג",false,1,199.00,199.00,true,1,
5011832065285,false,קומקום שח ROSE GOLD MORPHY RICHARDS,,,קומקום שח ROSE GOLD,קילוגרמים,0.00,"ק""ג",false,1,349.00,349.00,true,1,
5011885003500,false,בירה פולרס לונדון פרייד 330 מל,,,בירה פולרס לונדון פר,מיליליטרים,330.00,"100 מ""ל",false,1,14.90,4.52,true,1,
5012035965587,false,הריבו סאוור ספארקס 175 גרם,,IT,הריבו סאוור ספארקס 1,גרמים,175.00,100 גרם,false,1,8.90,5.09,true,1,
5012251012249,false,תרחיץ פלינג לפנים בתוספת פחם פעיל 150 מ,פארמה דיל (פ.א.ב.) שיווק והפצה,GB,תרחיץ פילינג לפנים B,מיליליטרים,150.00,"100 מ""ל",false,1,15.90,10.60,true,1,
5012251012645,false,רצועות לאף להסרת ראשים שחורים,פארמה דיל (פ.א.ב.) שיווק והפצה,GB,מדבקות BEAUTY FORMUL,יחידה,1.00,יחידה,false,1,14.90,14.90,true,1,
5013414333232,false,"בירה תורנברידג קוקואה וונדרלנד 330 מ""ל",,,בירה תורנברידג קוקוא,מיליליטרים,330.00,"100 מ""ל",false,1,15.90,4.82,true,1,
5013414999049,false,"בירה בירה תורנברידג גייפור פחית 330 מ""ל",,,בירה תורנברידג גייפו,מיליליטרים,330.00,"100 מ""ל",false,1,15.90,4.82,true,1,
5013414999322,false,"בירה תורנברידג אלוט פחית 330 מ""ל",,,בירה תורנברידג אלוט,מיליליטרים,330.00,"100 מ""ל",false,1,15.90,4.82,true,1,
5013965948428,false,משחת שיניים פרו אקספרט לניקוי יסודי מנטה מעודן,דיפלומט מפיצים (1968) בעמ,DE,משחת שיניים אורל בי,מיליליטרים,75.00,"100 מ""ל",false,1,15.30,20.40,true,1,
5013967003996,false,וויסקי גון באאר פיינסט 1 ליטר,,GB,וויסקי גון באאר פיינ,מיליליטרים,1000.00,"100 מ""ל",false,1,93.90,9.39,true,1,
5013967011557,false,"וויסקי טמנאוולין דאבל קאסק 700 מ""ל",,GB,וויסקי טמנאוולין דאב,מיליליטרים,700.00,"100 מ""ל",false,1,145.90,20.84,true,1,
5013967015401,false,"ויסקי טמנאוולין שרי פיניש סינגל מאלט 700 מ""ל",,GB,טמנאוולין שרי פיניש,מיליליטרים,700.00,"100 מ""ל",false,1,156.90,22.41,true,1,
5014201701623,false,ווסטונס אינגליש וינטג סיידר 750 מל,,,ווסטונס אינגליש וינט,מיליליטרים,750.00,"100 מ""ל",false,1,25.90,3.45,true,1,
5014201800869,false,"סיידר אגסים 500מ""ל הנרי ווסטונס וינטג",הכרם משקאות חריפים בעמ,,הנרי ווסטונס וינטג P,מיליליטרים,500.00,"100 מ""ל",false,1,19.90,3.98,true,1,
5014271002675,false,מעדן פרי תפוח וקינמון סנדלפור 284 גרם,סאן דלפור - שמבור,,מעדן פרי תפוח וקינמו,גרמים,284.00,100 גרם,false,1,19.90,7.01,true,1,
5014271300429,false,"מעדן משמש 100% פרי סנטדלפור 284 גרם לל""ס",סאן דלפור - שמבור,,מעדן סאנט דלפור משמש,גרמים,284.00,100 גרם,false,1,19.90,7.01,true,1,
5014271310428,false,מעדן דובדבנים שחורים ללא תוספת סוכר 284 גרם,סאן דלפור - שמבור,,מעדן סאנט דלפור דובד,גרמים,284.00,100 גרם,false,1,19.90,7.01,true,1,
5014271330426,false,מעדן אוכמניות כחולות ללא תוספת סוכר 284 גרם,סאן דלפור - שמבור,,מעדן סאנט דלפור אוכמ,גרמים,284.00,100 גרם,false,1,19.90,7.01,true,1,
5014271350424,false,מעדן ארבעה פירות ללא תוספת סוכר 284 גרם,סאן דלפור - שמבור,,מעדן סאנט דלפור ארבע,גרמים,284.00,100 גרם,false,1,19.90,7.01,true,1,
5014271360423,false,"מעדן תפוזים לל""ס סאן דלפור 284 גרם",סאן דלפור - שמבור,,מעדן סאנט דלפור תפוז,גרמים,284.00,100 גרם,false,1,19.90,7.01,true,1,
5014271370422,false,מעדן אפרסקים ללא תוספת סוכר 284 גרם,סאן דלפור - שמבור,,מעדן סאנט דלפור אפרס,גרמים,284.00,100 גרם,false,1,19.90,7.01,true,1,
5014271400426,false,"מעדן בטעם תות שדה לל""ס סאן דלפור 284 גרם",נטו מלינדה סחר בעמ,,מעדן סאנט דלפור תות,גרמים,284.00,100 גרם,false,1,19.90,7.01,true,1,
5014271560427,false,מעדן תפוז וג'ינג'ר ללא סוכר סאן דלפור 284 גר,סאן דלפור - שמבור,,מעדן סאנט דלפור תפוז,גרמים,284.00,100 גרם,false,1,19.90,7.01,true,1,
5014271795980,false,מעדן חמוציות ואוכמניות ללא תוספת סוכר 284 גרם,א. סיימן סחר בעמ,,מעדן סאנט דלפור אוכמ,גרמים,284.00,100 גרם,false,1,19.90,7.01,true,1,
5014379009972,false,בירה לאגר באדוויזר פחית 500 מל,הכרם - משקאות חריפים בעמ,GB,בירה לאגר באדוויזר פ,מיליליטרים,500.00,"100 מ""ל",false,1,9.20,1.84,true,1,
5016978000725,false,משקה סאקה צויה 720 מ,,,"סאקה צויה 720 מ""ל",מיליליטרים,720.00,"100 מ""ל",false,1,47.90,6.65,true,1,
5017375033873,false,מיליונס סוכריות לעיסה תפוח 100 גרם,,,מיליונס סוכריות לעיס,גרמים,100.00,100 גרם,false,1,9.50,9.50,true,1,
5017375433888,false,מיליונס סוכריות לעיסה תות 85 גרם,,,מיליונס סוכריות לעיס,גרמים,85.00,100 גרם,false,1,9.50,11.18,true,1,
5017375433895,false,מיליונס סוכריות לעיסה בטעם מסטיק 85 גרם,,,מיליונס סוכריות לעיס,גרמים,85.00,100 גרם,false,1,9.50,11.18,true,1,
5018357006755,false,תערובת דגנים 50% פירות ואגוזים 540 גרם,דורסט סיריאלס,,תערובת דגנים 50% פיר,גרמים,540.00,100 גרם,false,1,31.50,5.83,true,1,
5018357006816,false,תערובת דגנים 30% פירות ואגוזים 620 גרם,אחים טיירי עסקי מזון בעמ,,תערובת דגנים 30% פיר,גרמים,620.00,100 גרם,false,1,25.90,4.18,true,1,
5018357012459,false,תערובת דגנים דורסט סיריאלס פירות 600 ג,דורסט סיריאלס,,תערובת דגנים דורסט ס,גרמים,600.00,100 גרם,false,1,32.50,5.42,true,1,
5018481022003,false,"וויסקי טומאטין סינגל מאלט לגאסי 700 מ""ל",,,וויסקי טומאטין סינגל,מיליליטרים,700.00,"100 מ""ל",false,1,135.90,19.41,true,1,
5018481100237,false,"וויסקי קו בוקאן סינגל מאלט 700 מ""ל",,,וויסקי קו בוקאן סינג,מיליליטרים,700.00,"100 מ""ל",false,1,234.90,33.56,true,1,
5018481110212,false,טומאטין 18שנה שרי אלרוסו פיניס סינגל מאל,,,טומאטין 18שנה שרי אל,Unknown,0.00,Unknown,false,1,344.90,344.90,true,1,
5020628000126,false,"תאצרס הייז מעונן סיידר תפוחים 4.5% 500 מ""ל",ת'אצרס,,תאצרס הייז מעונן סיי,מיליליטרים,500.00,"100 מ""ל",false,1,10.90,2.18,true,1,
5020628001260,false,"תאצרס גולד סיידר תפוחים 4.8% 500 מ""ל",בווריה,,תאצרס גולד סיידר תפו,מיליליטרים,500.00,"100 מ""ל",false,1,7.90,1.58,true,1,
5020628001475,false,"תאצרס רוזה סיידר תפוחים 4% 500 מ""ל",בווריה,,תאצרס רוזה סיידר תפו,מיליליטרים,500.00,"100 מ""ל",false,1,10.90,2.18,true,1,
5024546366630,false,וויסקי לאודרס 1 ליטר SCOTCH,לאודרס,,וויסקי לאודרס 1 ליטר,מיליליטרים,1000.00,"100 מ""ל",false,1,104.90,10.49,true,1,
5024546367415,false,וויסקי סקוטש ווטר פרוף בלנדד מאלט 700 מ,,,וויסקי סקוטש ווטר פר,מיליליטרים,700.00,"100 מ""ל",false,1,149.90,21.41,true,1,
5024546376592,false,"וויסקי 700 מ""ל ISLAY MIST DE LUXE",מקדוף אינטרנשיונל,,"וויסקי 700 מ""ל ISLAY",מיליליטרים,700.00,"100 מ""ל",false,1,94.90,13.56,true,1,
5026489483955,false,חטיף חומוס סיסולט איט ריל 45 גרם,לקסמי אנד סונס סי/\אי קו,,חטיף חומוס סיסולט אי,Unknown,0.00,Unknown,false,1,8.90,8.90,true,1,
5026489484006,false,חטיף עדשים עגבניות ובזיליקום 40,לקסמי אנד סונס סי/\אי קו,,חטיף עדשים טומטו איט,Unknown,0.00,Unknown,false,1,8.90,8.90,true,1,
5028420101713,false,כף מחוררת סיליקון ELEVATE,,,כף מחוררת סיליקון EL,Unknown,0.00,Unknown,false,1,59.90,59.90,true,1,
5028420201017,false,סוחט לימון HELIX,,,סוחט לימון HELIX,קילוגרמים,0.00,"ק""ג",false,1,114.90,114.90,true,1,
5028420851120,false,מ.ייבוש כלים SURFACE,,,מ.ייבוש כלים SURFACE,קילוגרמים,0.00,"ק""ג",false,1,129.90,129.90,true,1,
5029053002408,false,קלינקס - נייר טואולט קליניקס לבן 9 גלילים,קימברלי קלארק ישראל שיווק בעמ,,נ.טואלט קלינקס לבן 9,מטרים,275.00,מטר,false,1,33.90,0.12,true,1,
5029053002439,false,קלינקס - נייר טואולט קליניקס צהוב 9 גלילים,קימברלי קלארק ישראל שיווק בעמ,,נ.טואלט קלינקס צהוב,מטרים,275.00,מטר,false,1,33.90,0.12,true,1,
5029053039725,false,ממחטות נייר קלינקס נטורל פרש קופסה 72 דף,קימברלי קלארק ישראל שיווק בעמ,,ממחטות נייר קלינקס נ,Unknown,0.00,Unknown,false,1,11.90,11.90,true,1,
5029053510811,false,תחבושות נורמל פלוס עם כנפיים קוטקס 28 יחידות,קימברלי קלארק ישראל שיווק בעמ,,תחבושת קוטקס נורמל,Unknown,0.00,Unknown,false,1,18.90,18.90,true,1,
5029053510828,false,תחבושות סופר פלוס עם כנפיים קוטקס 22יחידות,קימברלי קלארק ישראל שיווק בעמ,,תחבושת קוטקס סופר +,Unknown,0.00,Unknown,false,1,18.90,18.90,true,1,
5029053523446,false,קוטקס - תחבושות אולטרה נייט + כנפיים 20 יח',קימברלי קלארק ישראל שיווק בעמ,,תחבושת קוטקס נייט,Unknown,0.00,Unknown,false,1,18.90,18.90,true,1,
5029053527574,false,האגיס תחתון ספיגה 4-7 בנים דריי נייטס 10 יחידות,קימברלי קלארק ישראל שיווק בעמ,,האגיס להרטבת לילה בן,Unknown,0.00,Unknown,false,1,37.90,37.90,true,1,
5029053527598,false,תחתוני ספיגה בנים לתופעת הרטבת לילה 8-15 האגיס,קימברלי קלארק ישראל שיווק בעמ,,האגיס להרטבת לילה בן,Unknown,0.00,Unknown,false,1,37.90,37.90,true,1,
5029053534589,false,קוטקס טמפוני מיני B נורמל 32 יחידות,קימברלי קלארק ישראל שיווק בעמ,,טמפון קוטקס מיני 32,Unknown,0.00,Unknown,false,1,29.90,29.90,true,1,
5029053534602,false,קוטקס טמפוני סופר ללא מוליך 32 יח,קימברלי קלארק ישראל שיווק בעמ,,טמפון קוטקס סופר 32,Unknown,0.00,Unknown,false,1,29.90,29.90,true,1,
5029053535227,false,קוטקס טמפון עם מוליך נורמל 16 יחידות,קימברלי קלארק ישראל שיווק בעמ,,טמפון קוטקס עם מוליך,Unknown,0.00,Unknown,false,1,23.90,23.90,true,1,
5029053538426,false,בגד ים חד פעמי ליטל סווימרס 12-18kg L,קימברלי קלארק ישראל שיווק בעמ,,האגיס ליטל סווימרס L,Unknown,0.00,Unknown,false,1,37.90,37.90,true,1,
5029053574103,false,האגיס פול אפס תח.גמילה יום בנות 20 יחידו,קימברלי קלארק ישראל שיווק בעמ,CZ,ת.גמילה האגיס פול אפ,Unknown,0.00,Unknown,false,1,49.90,49.90,true,1,
5029053574110,false,האגיס פול אפס תח.גמילה יום בנים 20 יחידו,קימברלי קלארק ישראל שיווק בעמ,CZ,ת.גמילה האגיס פול אפ,Unknown,0.00,Unknown,false,1,49.90,49.90,true,1,
5029053574141,false,האגיס פול אפס תח.גמילה לילה בנות 18 יחיד,קימברלי קלארק ישראל שיווק בעמ,CZ,ת.גמילה האגיס פול אפ,Unknown,0.00,Unknown,false,1,49.90,49.90,true,1,
5029053578309,false,קופסת ממחטות אולטרה סופט 48 דף קלינקס,קימברלי קלארק ישראל שיווק בעמ,,קלינקס אולטרה סופט ק,יחידה,1.00,יחידה,false,1,7.30,7.30,true,1,
5029054220085,false,האגיס - מגבוני האגיס אקסטרה קר לא מבושם 56 יח' * 4,קימברלי קלארק ישראל שיווק בעמ,IL,מגבוני האגיס רך נולד,Unknown,0.00,Unknown,false,1,29.90,29.90,true,1,
5029977451009,false,"טקילה גראן סנטנריו פלאטה 700 מ""ל",,MX,טקילה גראן סנטנריו פ,מיליליטרים,700.00,"100 מ""ל",false,1,139.90,19.99,true,1,
5030544902121,false,גבינה מעושנת DORSET RED במשקל,,,גבינה מעושנת DORSET,Unknown,0.00,"ק""ג",true,0,143.00,143.00,true,1,
5030544902992,false,גבינת צדר אנגלי 190 גר,,,גבינת צדר אנגלי 190,גרמים,190.00,100 גרם,false,1,32.90,17.32,true,1,
5030544903012,false,גבינת צדר מיושן 190 גר,,,גבינת צדר מיושן 190,גרמים,190.00,100 גרם,false,1,32.90,17.32,true,1,
5030544903654,false,גבינת צדר עם בצל מקורמל Farmers Cheese 190 גרם,,,גבינת צדר עם בצל מקו,גרמים,190.00,100 גרם,false,1,26.50,13.95,true,1,
5032678004870,false,"מי טוניק 200 מ""ל",,GB,"מי טוניק 200 מ""ל",מיליליטרים,200.00,"100 מ""ל",false,1,7.20,3.60,true,1,
5035766044673,false,"סטרונגבואו גולד, סיידר תפוחים אלכוהולי, בקבוק 330 מ''ל",האי נאם סי או אל.טי.,,סיידר תפוחים סטרונגב,מיליליטרים,330.00,"100 מ""ל",false,1,8.20,2.48,true,1,
5035766060253,false,"בירה מרפיס, בירת סטאוט, פחית 500 מ""ל",טמפו משקאות בע`מ,,"מרפיס פחית 500 מ""ל",מיליליטרים,500.00,"100 מ""ל",false,1,12.80,2.56,true,1,
5050083302862,false,קלוגס-דגני בוקר באסס פופס עם דבש 375 גר,,ES,קלוגס-דגני בוקר באסס,גרמים,375.00,100 גרם,false,1,20.90,5.57,true,1,
5050974505297,false,רייויטה פת פריכה שיפון מלא שומשום 250 גר,דה ג'ורדנס אנד ריווי,,רייויטה פת פריכה שיפ,גרמים,250.00,100 גרם,false,1,12.90,5.16,true,1,
5051225005726,false,גבינת צדר 360 גרם,,,גבינת צדר 360 גרם,גרמים,360.00,100 גרם,false,1,34.90,9.69,true,1,
5053827110679,false,"קלוגס ""פרוט לופס"" דגני בוקר 375 גרם",קלוגס,,"קלוגס ""פרוט לופס"" דג",גרמים,375.00,100 גרם,false,1,20.90,5.57,true,1,
5053827191753,false,דגני בוקר קלוגס - ווראייטי מארז 190 גר,קלוגס,,דגני בוקר קלוגס - וו,גרמים,190.00,100 גרם,false,1,19.90,10.47,true,1,
5053827201568,false,"קלוגס-""שוקו קריספיס"" דגני בוקר 330ג",,ES,"קלוגס-""שוקו קריספיס""",גרמים,330.00,100 גרם,false,1,20.90,6.33,true,1,
5053827203685,false,קלוגס-דגני בוקר לאמה לופס דבש 330 גרם,,ES,קלוגס-דגני בוקר לאמה,גרמים,330.00,100 גרם,false,1,20.90,6.33,true,1,
5053827207102,false,קלוגס-דגני בוקר שוקו קריספיס 330 גר,,ES,קלוגס-דגני בוקר שוקו,גרמים,330.00,100 גרם,false,1,20.90,6.33,true,1,
5053827215862,false,דגני בוקר קלוגס קוקו פופס בטעם שוקולד (,קלוגס מניופקטורינג אספנה,,קוקו פופס 500 גרם,גרמים,500.00,100 גרם,false,1,18.90,3.78,true,1,
5055966800114,false,"מארז וויסקי בלק בוש 700 מ""ל + כוסות",,,מארז וויסקי בלק בוש,מיליליטרים,750.00,"100 מ""ל",false,1,124.90,16.65,true,1,
5055966801012,false,וויסקי בושמילס אוריגינל 1 ליטר,,,וויסקי בושמילס אוריג,מיליליטרים,1000.00,"100 מ""ל",false,1,99.00,9.90,true,1,
5055966810014,false,ויסקי בושמילס בלאק ב,אלב בושמילס,,וויסקי בלק בוש 700 מ,מיליליטרים,700.00,"100 מ""ל",false,1,124.90,17.84,true,1,
5055966820037,false,"וויסקי בושמילס סינגל 10 שנים750 מ""ל",אלב בושמילס,,וויסקי בושמילס סינגל,מיליליטרים,750.00,"100 מ""ל",false,1,208.90,27.85,true,1,
5055966830142,false,"וויסקי בושמילס קאסק רום 700 מ""ל",,,וויסקי בושמילס קאסק,מיליליטרים,700.00,"100 מ""ל",false,1,109.90,15.70,true,1,
5055966830159,false,"וויסקי בושמילס קאסק ברבן 700 מ""ל",,,וויסקי בושמילס קאסק,מיליליטרים,700.00,"100 מ""ל",false,1,109.90,15.70,true,1,
5056357901427,false,אם אנד אם חטיף חלבון שוקולד 51 גרם,פארם אקספרס,NL,אם אנד אם חטיף חלבון,גרמים,51.00,100 גרם,false,1,16.90,33.14,true,1,
5056357905579,false,מארס טריפל טריט 128 גרם,,IE,מארס טריפל טריט 128,גרמים,227.00,100 גרם,false,1,16.90,7.44,true,1,
5056357905593,false,סניקרס טריפל טריט 128 גרם,,IE,סניקרס טריפל טריט 12,גרמים,227.00,100 גרם,false,1,16.90,7.44,true,1,
5056357905616,false,באונטי טריפל טריט 128 גרם,,IE,באונטי טריפל טריט 12,גרמים,227.00,100 גרם,false,1,16.90,7.44,true,1,
5056357906323,false,אם אנד אם קריספי חלבון 52 גרם,,,אם אנד אם קריספי חלב,גרמים,52.00,100 גרם,false,1,16.90,32.50,true,1,
5060045588128,false,"וויסקי גים בים לבן 700 מ""ל",הכרם - משקאות חריפים בעמ,,וויסקי גים בים לבן 7,מיליליטרים,700.00,"100 מ""ל",false,1,83.90,11.99,true,1,
5060045590190,false,"וויסקי גים בים דבש 700 מ""ל",הכרם -משקאות חריפים בע`מ,,וויסקי גים בים דבש 7,מיליליטרים,700.00,"100 מ""ל",false,1,83.90,11.99,true,1,
5060074862077,false,ויסקי היילנד קווין סינגל מאלט מגסטי 700,,,ויסקי היילנד קווין ס,מיליליטרים,700.00,"100 מ""ל",false,1,135.90,19.41,true,1,
5060108450003,false,"פרימיום מי טוניק 200 מ""ל",פיבר טרי,,טוניק פיבר טרי 200 מ,מיליליטרים,200.00,"100 מ""ל",false,1,8.90,4.45,true,1,
5060108450287,false,"פרימיום גינגר אייל 500 מ""ל",פיבר טרי,GB,פרימיום גינגר אייל 5,מיליליטרים,500.00,"100 מ""ל",false,1,17.90,3.58,true,1,
5060119291466,false,חטיף חלבון שוקולד מריר ופטל סמארט 64 גרם,,DE,חטיף חלבון שוקולד מר,גרמים,64.00,100 גרם,false,1,16.90,26.41,true,1,
5060119291855,false,חטיף חלבון קרמל קראנץ סמארט 64 גרם,,DE,חטיף חלבון קרמל קראנ,גרמים,64.00,100 גרם,false,1,16.90,26.41,true,1,
5060119292050,false,חטיף חלבון בראוני שוקולד סמארט 64 גרם,,DE,חטיף חלבון בראוני שו,גרמים,64.00,100 גרם,false,1,16.90,26.41,true,1,
5060122034401,false,"משקה מארס 350 מ""ל",Unknown,GB,"משקה מארס 350 מ""ל",מיליליטרים,350.00,"100 מ""ל",false,1,12.90,3.69,true,1,
5060122034487,false,"משקה באונטי 350 מ""ל",Unknown,,"משקה באונטי 350 מ""ל",גרמים,350.00,100 גרם,false,1,12.90,3.69,true,1,
5060122036849,false,"משקה סניקרס 350 מ""ל",Unknown,GB,"משקה סניקרס 350 מ""ל",מיליליטרים,350.00,"100 מ""ל",false,1,12.90,3.69,true,1,
5060139430364,false,BEAR יו יו חטיף פירות בטעם תות חמישייה,דיפלומט,GB,יויו תות מולטי פק 1,גרמים,100.00,100 גרם,false,1,19.90,19.90,true,1,
5060139430647,false,BEAR יו יו חטיף פירות בטעם פטל חמישייה,דיפלומט מפיצים (1968) בעמ**,GB,יויו פטל מולטי פק 1,גרמים,100.00,100 גרם,false,1,19.90,19.90,true,1,
5060139431033,false,BEAR יו יו חטיף פירות בטעם מנגו חמישייה,דיפלומט,GB,יויו מנגו מולטי פק,גרמים,100.00,100 גרם,false,1,19.90,19.90,true,1,
5060154914160,false,"בירה וגבונד פייל אייל 330 מ""ל ללא גלוטן",ברודוג פי אל סי,,בירה וגבונד פייל איי,מיליליטרים,300.00,"100 מ""ל",false,1,17.90,5.97,true,1,
5060190560741,false,"בירה אינס אנד גון רום פיניש 330 מ""ל",,,בירה אינס אנד גון רו,מיליליטרים,330.00,"100 מ""ל",false,1,13.90,4.21,true,1,
5060229010049,false,תה שלוש שומר,,,תה שלוש שומר,Unknown,0.00,Unknown,false,1,31.90,31.90,true,1,
5060229011473,false,תה אלדרברי ואכינצאה,,,תה אלדרברי ואכינצאה,Unknown,0.00,Unknown,false,1,31.90,31.90,true,1,
5060229011589,false,תה ארלגריי אורגני,,,תה ארלגריי אורגני,Unknown,0.00,Unknown,false,1,31.90,31.90,true,1,
5060229012005,false,תה ירוק מאצה אורגני,פוקה,,תה ירוק מאצה אורגני,Unknown,0.00,Unknown,false,1,31.90,31.90,true,1,
5060229019806,false,ירוקים אבקה 112,,,ירוקים אבקה 112,Unknown,0.00,Unknown,false,1,189.90,189.90,true,1,
5060250343741,false,הרשיז ראונדס קוקיס אנד קרים 96ג',הרשיז,PL,עוגיות הרשיז ראונדס,Unknown,1.00,Unknown,false,1,10.90,10.90,true,1,
5060309490006,false,דיאבלו טבלת שוקולד חלב 85 גרם,,,דיאבלו טבלת שוקולד ח,גרמים,85.00,100 גרם,false,1,10.90,12.82,true,1,
5060309490013,false,דיאבלו טבלת שוקולד מריר 85 גרם,,,דיאבלו טבלת שוקולד מ,גרמים,85.00,100 גרם,false,1,10.90,12.82,true,1,
5060309490037,false,דיאבלו טבלת שוקולד מריר ואגוזי לוז 85 גר,,,דיאבלו טבלת שוקולד מ,גרמים,85.00,100 גרם,false,1,10.90,12.82,true,1,
5060309490068,false,"דיאבלו עוגיות בוטנים ושוקולד לל""ס 150 גר",,,דיאבלו עוגיות בוטנים,גרמים,150.00,100 גרם,false,1,13.90,9.27,true,1,
5060309490075,false,"דיאבלו עוגיות שוקולד ציפס ללת""ס 130 גר",,,דיאבלו עוגיות שוקולד,גרמים,130.00,100 גרם,false,1,17.90,13.77,true,1,
5060309490099,false,"דיאבלו עוגיות קוקוס ללת""ס 150 גר",,,דיאבלו עוגיות קוקוס,גרמים,150.00,100 גרם,false,1,17.90,11.93,true,1,
5060309490136,false,דיאבלו סוכריות ללא סוכר תות 75 גרם,,GB,דיאבלו סוכריות ללא ס,גרמים,75.00,100 גרם,false,1,9.90,13.20,true,1,
5060309490143,false,דיאבלו סוכריות ללא סוכר לימון 75 גרם,,GB,דיאבלו סוכריות ללא ס,גרמים,75.00,100 גרם,false,1,9.90,13.20,true,1,
5060309490150,false,דיאבלו סוכריות ללא סוכר קפוצינו 75 גרם,,GB,דיאבלו סוכריות ללא ס,גרמים,75.00,100 גרם,false,1,9.90,13.20,true,1,
5060309490242,false,דיאבלו סוכריות ללא סוכר מנטה 75 גרם,,GB,דיאבלו סוכריות ללא ס,גרמים,75.00,100 גרם,false,1,9.90,13.20,true,1,
5060309490617,false,דיאבלו טופי פירות ללא סוכר 75 גרם,,GB,דיאבלו טופי פירות לל,גרמים,75.00,100 גרם,false,1,9.90,13.20,true,1,
5060309490693,false,דיאבלו עוגיות קקאו קרם וניל 176 גרם,,,דיאבלו עוגיות קקאו ק,גרמים,176.00,100 גרם,false,1,12.90,7.33,true,1,
5060319120047,false,תה ירוק אורגני 50 גרם הייר ליבינג,אונלי נטורל פרודקטס,,תה ירוק אורגני 50 גר,Unknown,0.00,Unknown,false,1,17.90,17.90,true,1,
5060319120078,false,תה איבנינג אורגני 40 גרם הייר ליבינג,אונלי נטורל פרודקטס,,תה איבנינג אורגני 40,Unknown,0.00,Unknown,false,1,17.90,17.90,true,1,
5060319120092,false,תה אינגלש ברקפסט אורגני 45 ג הייר ליבינג,הייר ליבינג,,תה אינגלש ברקפסט אור,Unknown,0.00,Unknown,false,1,17.90,17.90,true,1,
5060319120108,false,תה ארל גריי אורגני 40 גר הייר ליבינג,אונלי נטורל פרודקטס,,תה ארל גריי אורגני 4,Unknown,0.00,Unknown,false,1,17.90,17.90,true,1,
5060319120115,false,תה ירוק אורגני 50 גרם הייר ליבינג,אונלי נטורל פרודקטס,,תה ירוק אורגני 50 גר,Unknown,0.00,Unknown,false,1,17.90,17.90,true,1,
5060319129422,false,חליטת דיטוקס אורגנית 25 גרם הייר ליבינג,אונלי נטורל פרודקטס,,חליטת דיטוקס אורגנית,Unknown,0.00,Unknown,false,1,17.90,17.90,true,1,
5060319129491,false,חליטת כורכום אורגני 30 גרם הייר ליבינג,אונלי נטורל פרודקטס,,חליטת כורכום אורגני,Unknown,0.00,Unknown,false,1,17.90,17.90,true,1,
5060323903933,false,שעועית הילפילד צ'ילי 400 גר',,,הילפילד שעועית צ`ילי,גרמים,400.00,100 גרם,false,1,7.80,1.95,true,1,
5060326870829,false,חטיף סויה ותפוח אדמה בטעם מתוק מלוח 85 ג,,GB,חטיף סויה ותפוח אדמה,גרמים,85.00,100 גרם,false,1,9.90,11.65,true,1,
5060326870911,false,חטיף ציפס חלבון בטעם מלח ופלפל85 ג,,GB,חטיף ציפס חלבון בטעם,גרמים,85.00,100 גרם,false,1,9.90,11.65,true,1,
5060350561458,false,נובו איזי בר שוקולד עוגיות,Unknown,,נובו איזי בר שוקולד,Unknown,0.00,Unknown,false,1,19.90,19.90,true,1,
5060386620075,false,"בירה נאק אויל 330 מ""ל בבירטאון",,GB,"בירה נאק אויל 330 מ""",מיליליטרים,330.00,"100 מ""ל",false,1,19.90,6.03,true,1,
5060386620204,false,"בירה בלאדי הל 330 מ""ל בבירטאון",,GB,"בירה בלאדי הל 330 מ""",מיליליטרים,330.00,"100 מ""ל",false,1,19.90,6.03,true,1,
5060386620433,false,"בירה לופלויד 330 מ""ל בבירטאון",,GB,"בירה לופלויד 330 מ""ל",מיליליטרים,330.00,"100 מ""ל",false,1,19.90,6.03,true,1,
5060402900822,false,"משקה אם אנד אם שוקולד 350 מ""ל",,,משקה אם אנד אם שוקול,גרמים,350.00,100 גרם,false,1,12.90,3.69,true,1,
5060402900860,false,"משקה אם אנד אם בוטנים 350 מ""ל",,,משקה אם אנד אם בוטני,גרמים,350.00,100 גרם,false,1,12.90,3.69,true,1,
5060402902130,false,משקה חלב טוויקס 350מ,,GB,"משקה טוויקס 350 מ""ל",מיליליטרים,350.00,"100 מ""ל",false,1,12.90,3.69,true,1,
5060402908248,false,סניקרס חטיף חלבון 55 גרם,פארם אקספרס,NL,סניקרס חטיף חלבון 55,גרמים,55.00,100 גרם,false,1,16.90,30.73,true,1,
5060402908286,false,חטיף חלבון מארס 59 גרם,פארם אקספרס,NL,מארס חטיף חלבון 59 ג,גרמים,59.00,100 גרם,false,1,16.90,28.64,true,1,
5060412214124,false,חול אברקלין צהוב פיזור מופחת,אבר קלין Ever clean,,אוור קלין צהוב חדש 6,Unknown,0.00,Unknown,false,1,69.90,69.90,true,1,
5060462260539,false,אצבעות וופל במילוי קרם אגוזים מצופה שוקולד 45 גרם - לאב רואו,,ES,אצבעות וופל קרם אגוז,גרמים,45.00,100 גרם,false,1,15.90,35.33,true,1,
5060462260683,false,אצבעות וופל במילוי קרם אגוזים מצופה שוקולד לבן 45 גרם - לאב רואו,,ES,אצבעות וופל קרם אגוז,גרמים,45.00,100 גרם,false,1,15.90,35.33,true,1,
5060462260713,false,אצבעות וופל במילוי קרם קרמל מלוח מצופה קרמל 45 גרם - לאב רואו,,ES,אצבעות וופל קרם קרמל,גרמים,45.00,100 גרם,false,1,15.90,35.33,true,1,
5060462261475,false,"חטיף קאפס במילוי קרם בוטנים בציפוי שוקולד לל""ג 34 גרם - לאב רואו",,ES,חטיף קאפס קרם בוטנים,גרמים,34.00,100 גרם,false,1,15.90,46.76,true,1,
5060465390172,false,"IPA פחית בירה סקיני ללא גלוטן 330 מ""ל",,GB,IPA פחית בירה סקיני,מיליליטרים,330.00,"100 מ""ל",false,1,11.50,3.48,true,1,
5060517886486,false,"משקה אנרגיה מונסטר אנרג'י בפחית 500 מ""ל",החברה המרכזית להפצת משקאות בעמ,RS,מונסטר אנרגי פח 500,מיליליטרים,500.00,"100 מ""ל",false,1,6.90,1.38,true,1,
5060517886516,false,"משקה אנרגיה מונסטר אנרג'י זירו בפחית 500 מ""ל",החברה המרכזית להפצת משקאות בעמ,RS,מונסטר אנרגי זירו פח,מיליליטרים,500.00,"100 מ""ל",false,1,6.90,1.38,true,1,
5060519140852,false,מיץ אלוורה אורגני 1 ליטר,פוקה,,מיץ אלוורה פוקה 1 לי,מיליליטרים,1000.00,"100 מ""ל",false,1,219.90,21.99,true,1,
5060639128051,false,"משקה אנרגיה מונסטר אולטרה בפחית 500 מ""ל",החברה המרכזית להפצת משקאות בעמ,RS,מונסטר ULTRA פחית 50,מיליליטרים,500.00,"100 מ""ל",false,1,6.90,1.38,true,1,
5060639129102,false,"משקה אנרגיה מונסטר אנרג'י מנגו בפחית 500 מ""ל",החברה המרכזית להפצת משקאות בעמ,,Mango Loco מונסטר 50,מיליליטרים,500.00,"100 מ""ל",false,1,6.90,1.38,true,1,
5060671000063,false,מיקסרים מיוון בטעם אשכולית ורודה 200 מל,,,מיקסרים מיוון בטעם,מיליליטרים,200.00,"100 מ""ל",false,1,8.20,4.10,true,1,
5060671000087,false,המיקסרים החדש מיוון בטעם מי טוניק 200 מ,,,מיקסרים החדש מיוון ב,מיליליטרים,200.00,"100 מ""ל",false,1,8.20,4.10,true,1,
5060671000124,false,מיקסרים החדש מיוון בטעם טוניק לימון 200,,,מיקסרים החדש מיוון ב,מיליליטרים,200.00,"100 מ""ל",false,1,8.20,4.10,true,1,
5060671000148,false,"מיקסרים החדש מיוון בטעםגינג ביר 200 מ""ל",,,מיקסרים החדש מיוון ב,מיליליטרים,200.00,"100 מ""ל",false,1,8.20,4.10,true,1,
5060751218173,false,"משקה אנרגיה מונסטר אנרג'י piplin punch בפחית 500 מ""ל",החברה המרכזית להפצת משקאות בעמ,,מונסטר פייפליין פאנצ,מיליליטרים,500.00,"100 מ""ל",false,1,6.50,1.30,true,1,
5060751219033,false,"משקה אנרגיה מונסטר אנרג'י זירו paradise בפחית 500 מ""ל",החברה המרכזית להפצת משקאות בעמ,,מונסטר אולטרה פרדייס,מיליליטרים,500.00,"100 מ""ל",false,1,6.50,1.30,true,1,
5060756341005,false,RAW חטיף חלבון ש.שועל קרמל מלוח 75 גרם,Unknown,GB,RAW חטיף חלבון ש.שוע,גרמים,75.00,100 גרם,false,1,12.90,17.20,true,1,
5060805990703,false,חברים-עוגיות רייצל עוגיות רד וולוט 150ג,,,חברים-עוגיות רייצל ע,גרמים,150.00,100 גרם,false,1,21.90,14.60,true,1,
5060805990710,false,חברים-עוגיות צ’נדלר קרמל מלוח 150 גר,,,חברים-עוגיות צ’נדלר,גרמים,150.00,100 גרם,false,1,21.90,14.60,true,1,
5060805990727,false,חברים-עוגיות פיביז עם שוקולד ציפס 150 גר,,,חברים-עוגיות פיביז ע,גרמים,150.00,100 גרם,false,1,21.90,14.60,true,1,
5060805990741,false,חברים-עוגיות מוניקה שוקולד ציפס 150 גר,,,חברים-עוגיות מוניקה,גרמים,150.00,100 גרם,false,1,21.90,14.60,true,1,
5065000523145,false,תה שלוש גינגר,,,תה שלוש גינגר,Unknown,0.00,Unknown,false,1,31.90,31.90,true,1,
5065000523343,false,כלורלה אורגנית 150 ט,,,כלורלה אורגנית 150 ט,Unknown,0.00,Unknown,false,1,109.90,109.90,true,1,
5099873006504,false,"וויסקי ג'ק דניאלס פייר 700 מ""ל",בראון פורמן,,וויסקי גק דניאלס פיי,מיליליטרים,700.00,"100 מ""ל",false,1,109.90,15.70,true,1,
5099873006665,false,גק דניאלס מאסטר דיסטילר 1 ליטר,,,גק דניאלס מאסטר דיסט,מיליליטרים,700.00,"100 מ""ל",false,1,199.90,28.56,true,1,
5099873038758,false,וויסקי ג'נטלמן ג'ק Gentleman Jack,ג'ק דניאלס Jack Daniel's,,וויסקי גנטלמן גק 700,מיליליטרים,700.00,"100 מ""ל",false,1,140.90,20.13,true,1,
5099873211984,false,"מארז גק דניאלס פייר פלוס 2 כוסות 700 מ""ל",בראון פורמן,,מארז גק דניאלס פייר,מיליליטרים,700.00,"100 מ""ל",false,1,109.90,15.70,true,1,
5099873221976,false,"גנטלמן גק 700 מ""ל במארז טוקסידו",,,"גנטלמן גק 700 מ""ל במ",מיליליטרים,700.00,"100 מ""ל",false,1,129.90,18.56,true,1,
5200100943572,false,חטיף דגנים עם פתיתי שוק חלב ללא ת180 גר,,,חטיף דגנים עם פתיתי,גרמים,180.00,100 גרם,false,1,21.90,12.17,true,1,
5200100943787,false,עוגיות משיבולת שועל במילוי שוקולד מריר,Violanta Cookies S.A,GR,עוגיות משיבולת שועל,גרמים,180.00,100 גרם,false,1,10.90,6.06,true,1,
5200100943800,false,עוגיות סובין שוקולד מריר 170 גר VIOLANTA,Violanta Cookies S.A,GR,עוגיות סובין שוקולד,גרמים,170.00,100 גרם,false,1,11.90,7.00,true,1,
5200106871251,false,יוגורט יווני 350 גר,,GR,יוגורט יווני 350 גר,גרמים,350.00,100 גרם,false,1,11.40,3.26,true,1,
5200123044010,false,גבינה פטה צאן יווני 400 גר,,,גבינה פטה צאן יווני,גרמים,400.00,100 גרם,false,0,44.90,11.23,true,1,
5200133120292,false,גולדן ברייק גליליות וופל אגוזים ושוקולד ללא תוספת סוכר 135 גרם,גולדן ברייק,,גליליות וופל ללתס קק,גרמים,135.00,100 גרם,false,1,7.90,5.85,true,1,
5200133120476,false,גלילות וופלים ממולאים קרם אגוזים וקקאו 400 ג',דיפלומט מפיצים (1968) בעמ**,,גליליות וופלים ממולא,גרמים,400.00,100 גרם,false,1,18.80,4.70,true,1,
5200133120483,false,גליליות וופלים גולדן ברייק קרם וניל 400 גרם,דיפלומט מפיצים (1968) בעמ**,,גליליות וופלים ממולא,גרמים,400.00,100 גרם,false,1,18.80,4.70,true,1,
5200133120582,false,גולדן ברייק גליליות וופל במילוי קרם עם שוקולד מריר 150 גרם,דיפלומט מפיצים (1968) בע`מ,,גליליות וופלים במילו,גרמים,150.00,100 גרם,false,1,7.90,5.27,true,1,
5201004020338,false,גליליות קפריס קרם אגוזים שוקולד 400 גר,משה סידס ובנו בעמ,GR,גליליות וופל קפריס ר,גרמים,400.00,100 גרם,false,1,19.90,4.98,true,1,
5201004021328,false,קפריס רולס גלילי וופל במילוי קרם אגוזי לוז וקקאו,אי. ג'יי פאפאדופולוס,GR,גליליות קפריס רולס ק,גרמים,115.00,100 גרם,false,1,9.20,8.00,true,1,
5201178801054,false,"קרם רב שימושי ניוואה 250 מ""ל",טרופיקל דגיל תעשיות,,קרם רב שימושי 250 מל,גרמים,250.00,100 גרם,false,1,29.90,11.96,true,1,
5201306803400,false,זיתים מושחרים דלפי סופר ממוט 820 גרם,אינטרקום יוון,GR,זיתים מושחרים 465 גר,גרמים,465.00,100 גרם,false,1,25.90,5.57,true,1,
5201309628574,false,"בירה מיתוס 4.7% 330 מ""ל בקבוק",,IL,בירה מיתוס בקבוק 330,מיליליטרים,330.00,"100 מ""ל",false,1,6.90,2.09,true,1,
5201309638528,false,"בירה מיתוס 4*500 מ""ל",מיתוס,,"בירה מיתוס 4*500 מ""ל",מיליליטרים,2000.00,"100 מ""ל",false,1,21.90,1.10,true,1,
5201340003088,false,TRATA טונה מעושנת וקינואה 160 גרם,,GR,טונה מעושנת וקינואה,גרמים,160.00,100 גרם,false,1,15.90,9.94,true,1,
5201340003385,false,TRATA טונה מעושנת שמן סויה 160 גרם,נורט אגיאוסי קנריס,GR,טונה מעושנת בשמן סוי,גרמים,160.00,100 גרם,false,1,15.90,9.94,true,1,
5201340026704,false,TRATA טונה מעושנת פיקנטי 160 גרם,נורט אגיאוסי קנריס,GR,טונה מעושנת פיקנטי 1,גרמים,160.00,100 גרם,false,1,15.90,9.94,true,1,
5201347160326,false,גל לשמירה על חיי מכונת הכביסה קלגון 750מ,רקיט בנקיזר (ניר איסט) בעמ,,גל לשמירה על חיי מכו,מיליליטרים,750.00,"100 מ""ל",false,1,31.50,4.20,true,1,
5201347400545,false,רצועות שעווה מוכנות לשימוש לפנים ולאזורים רגישים,רקיט בנקיזר (ניר איסט) בעמ,,ויט רצועות שעווה לפנ,Unknown,0.00,Unknown,false,1,41.90,41.90,true,1,
5201671802497,false,זיתי קלמטה שחורים אורגני השדה 150 גרם,,,זיתי קלמטה שחורים או,גרמים,150.00,100 גרם,false,1,19.90,13.27,true,1,
5201671803609,false,זיתי קלמטה אורגניים ללא גלעינים (אריזת פאוצ') 150 גרם,השדה מוצרים טבעיים ו,GR,זיתי קלמטה ללא גלעינ,גרמים,150.00,100 גרם,false,1,20.90,13.93,true,1,
5201940010011,false,זיתים שחורים טבעיים בפח ויליפוד 454 גרם,ג. וילי-פוד אינטרנשיונל בע`מ,,זיתים שחורים טבעיים,גרמים,454.00,100 גרם,false,1,20.50,4.52,true,1,
5201940010110,false,זיתים שחורים קלמטה וילי פוד 250 גרם,ג. וילי-פוד אינטרנשיונל בע`מ,,זיתים שחורים מזן קלמ,גרמים,454.00,100 גרם,false,1,14.90,3.28,true,1,
5202152200207,false,זיתים ירוקים מגולענים עם פפריקה רגינה370,,GR,זיתים ירוקים מגולעני,גרמים,370.00,100 גרם,false,1,15.90,4.30,true,1,
5202175001515,false,חטיף נאצוס בטעם טבעי 225גרם,מזרח ומערב יבוא ושיווק,,נאצ`וס בטעם מלוח 225,גרמים,225.00,100 גרם,false,1,11.40,5.07,true,1,
5202175002451,false,"טורטיה 25 ס""מ 4 יחידות",אל סבור מקסיקן פוד,,"טורטיה 25 ס""מ",Unknown,0.00,Unknown,false,1,9.40,9.40,true,1,
5202175002581,false,עלי טורטיה 200 גר' 5 יח'.,S Foods Mexican Sabor El,,"טורטיה 20 ס""מ 5 יח 2",גרמים,200.00,100 גרם,false,1,9.40,4.70,true,1,
5202300014496,false,ספריי לשיער חזק במיוחד וולה פלקס Wella flex,דיפלומט מפיצים (1968) בעמ,,פלקס אקסטרה סטרונג,מיליליטרים,250.00,"100 מ""ל",false,1,34.90,13.96,true,1,
5202302000039,false,זיתים שחורים טבעיים קלמטה 275 גרם,,,זיתים שחורים טבעיים,גרמים,275.00,100 גרם,false,1,27.50,10.00,true,1,
5202390014222,false,גבינה צהובה טבעונית עגבניות בזיליקום ויאו לייף 200 ג',דיפלומט מפיצים (1968) בעמ**,,צהובה טבעונית עם עגב,גרמים,200.00,100 גרם,false,1,23.50,11.75,true,1,
5202390015618,false,גבינה צהובה טבעונית אורגינל ויאו לייף 200 ג',דיפלומט מפיצים (1968) בעמ**,,צהובה טבעונית בטעם א,גרמים,200.00,100 גרם,false,1,23.50,11.75,true,1,
5202390016325,false,גבינה צהובה טבעונית בטעם מעושן ויאו לייף 200ג',דיפלומט מפיצים (1968) בעמ**,,צהובה טבעונית טעם מע,גרמים,200.00,100 גרם,false,1,23.90,11.95,true,1,
5202390019319,false,מוצרלה טבעונית מגוררת ויולייף 200ג',דיפלומט מפיצים (1968) בעמ**,,מוצרלה טבעונית לפיצה,גרמים,200.00,100 גרם,false,1,23.90,11.95,true,1,
5202390021121,false,קרמי אוריגינל טבעוני ויולייף 150 גר,דיפלומט מפיצים (1968) בעמ**,GR,קרמי אוריגינל טבעוני,גרמים,150.00,100 גרם,false,1,18.90,12.60,true,1,
5202413007019,false,ערק אוזו פלומארי 700,Plomari ouzo distill,,"אוזו פלומארי 700 מ""ל",מיליליטרים,700.00,"100 מ""ל",false,1,79.90,11.41,true,1,
5202429109387,false,זיתים ירוקים אליטה 8,,,820 זיתים ירוקים שלמ,גרמים,820.00,100 גרם,false,1,22.90,2.79,true,1,
5202795080709,false,אוזו מטקסה Ouzo Metaxa,הכרם - משקאות חריפים בעמ,,"אוזו מטקסה 750 מ""ל",מיליליטרים,750.00,"100 מ""ל",false,1,74.90,9.99,true,1,
5202795120054,false,"ברנדי מטאקסה 5* באריזת שי 700 מ""ל",רמי קואנטרו,,ברנדי מטאקסה 5* בארי,מיליליטרים,700.00,"100 מ""ל",false,1,109.90,15.70,true,1,
5202904540308,false,גבינת קפלוטירי יווני צאן 300 ג',,GR,קפילוטרי יווני צאן 3,גרמים,300.00,100 גרם,false,0,34.90,11.63,true,1,
5208049006594,false,פאל מאל אקסטרה כחול קופסה,גלוברנדס בעמ - שיווק סיגריות,,פאל מאל אקסטרה כחול,יחידה,1.00,יחידה,false,1,27.90,27.90,true,1,
5214000101062,false,שמן זית יווני כתית מעולה 1 ליטר Oleum,Oleum,,שמן זית יווני כתית מ,מיליליטרים,1000.00,"100 מ""ל",false,1,65.90,6.59,true,1,
5214000101369,false,"שמן זית יווני כתית מעולה 750 מ""ל Oleum",Oleum,,שמן זית יווני כתית מ,מיליליטרים,750.00,"100 מ""ל",false,1,54.90,7.32,true,1,
5391500600094,false,"בירה אוהרס - אייריש רד אייל 330 מ""ל",,IE,בירה אוהרס - אייריש,מיליליטרים,330.00,"100 מ""ל",false,1,13.90,4.21,true,1,
5391500600117,false,"בירה אוהרהס איריש סטאוט 330 מ""ל בקבוק",,IE,בירה אוהרס - אייריש,מיליליטרים,330.00,"100 מ""ל",false,1,13.90,4.21,true,1,
5391500600698,false,"בירה אוהרהס ליין פוליין 330 מ""ל בקבוק",,,בירה אוהרס ליין פולי,מיליליטרים,330.00,"100 מ""ל",false,1,13.90,4.21,true,1,
5391500602487,false,"בירה אוהרס ווסט קוסט אי פי אי 440 מ""ל",,IE,בירה אוהרס ווסט קוסט,מיליליטרים,440.00,"100 מ""ל",false,1,17.90,4.07,true,1,
5391500602500,false,"בירה אוהרס הייזי אי פי איי 440 מ""ל",,IE,בירה אוהרס הייזי אי,מיליליטרים,440.00,"100 מ""ל",false,1,17.90,4.07,true,1,
5391500602524,false,"פחית בירה ליין פוליין אוהרס 440 מ""ל",,IE,פחית בירה ליין פוליי,מיליליטרים,440.00,"100 מ""ל",false,1,17.90,4.07,true,1,
5391523057929,false,סימילאק גולד שלב 1 תרכובת מזון על בסיס חלב,אבוט מעבדות רפואיות,,סימילאק גולד שלב 1,גרמים,700.00,100 גרם,false,1,69.90,9.99,true,1,
5391523057936,false,סימילאק גולד שלב 2 תרכובת מזון על בסיס חלב,אבוט מעבדות רפואיות,,סימילאק גולד שלב 2,גרמים,700.00,100 גרם,false,1,69.90,9.99,true,1,
5391523058063,false,סימילאק אדבנס פלוס 1 תרכובת מזון על בסיס חלב,טרופיקל דגיל תעשיות,IE,סימילאק אדוונס פלוס,גרמים,700.00,100 גרם,false,1,64.90,9.27,true,1,
5391523058070,false,סימילאק אדבנס פלוס 3 תרכובת מזון על בסיס חלב,אבוט מעבדות רפואיות,IE,סימילאק אדוונס פלוס,גרמים,700.00,100 גרם,false,1,64.90,9.27,true,1,
5391523058087,false,סימילאק אדבנס פלוס 2 תרכובת מזון על בסיס חלב,טרופיקל דגיל תעשיות,IE,סימילאק אדוונס פלוס,גרמים,700.00,100 גרם,false,1,64.90,9.27,true,1,
5391523270021,false,"וויסקי אירי טילינג סמול באטש 700 מ""ל",טילינג,,וויסקי אירי טילינג ס,מיליליטרים,700.00,"100 מ""ל",false,1,159.90,22.84,true,1,
5400141240320,false,עגבניות מיובשות בשמן זית וצלפים 280 גרם,,NL,עגבניות מיובשות בשמן,גרמים,280.00,100 גרם,false,1,18.90,6.75,true,1,
5400265008608,false,בונבוניירה טרופל 375 גרם המלט,,BE,המלט-טרופל בלגי מיקס,גרמים,375.00,100 גרם,false,1,62.90,16.77,true,1,
5400265018645,false,המלט-מארז 12 סוכריות מקל סבא אדום 170 גר,,,המלט-מארז 12 סוכריות,גרמים,170.00,100 גרם,false,1,15.90,9.35,true,1,
5400265020693,false,בונ קופידו שוקולד סטיקס מנטה 125 גרם,,,בונ קופידו שוקולד סט,גרמים,125.00,100 גרם,false,1,19.50,15.60,true,1,
5400265020709,false,בונ קופידו שוקולד סטיקס מריר תפ 125 גרם,HAMLET NV,,בונ קופידו שוקולד סט,גרמים,125.00,100 גרם,false,1,19.50,15.60,true,1,
5400265021553,false,המלט מארז 12 סוכריות סבא 170 גר,,,המלט מארז 12 סוכריות,גרמים,170.00,100 גרם,false,1,15.90,9.35,true,1,
5400265022796,false,המלט- שוקוליס דפדפי קריספי 125 גר,HAMLET NV,,המלט- שוקוליס דפדפי,גרמים,125.00,100 גרם,false,1,16.70,13.36,true,1,
5400265022802,false,המלט- שוקוליס דפדפי שוקולד 57% 125 גר,HAMLET NV,BE,המלט- שוקוליס דפדפי,גרמים,125.00,100 גרם,false,1,16.70,13.36,true,1,
5400265022819,false,המלט- שוקוליס דפדפי אגוז קריספי 125 גר,HAMLET NV,,המלט- שוקוליס דפדפי,גרמים,125.00,100 גרם,false,1,16.70,13.36,true,1,
5400265022826,false,המלט- שוקוליס דפדפי תפוז קריספי 125 גר,HAMLET NV,,המלט- שוקוליס דפדפי,גרמים,125.00,100 גרם,false,1,16.70,13.36,true,1,
5400265024226,false,קופידו-פרלינים בלגים במילוי קוואנטרו 150,HAMLET NV,,קופידו-פרלינים בלגים,גרמים,150.00,100 גרם,false,1,17.90,11.93,true,1,
5400265024240,false,קופידו - פרלינים בלגים במילוי איירש קרים,HAMLET NV,,קופידו - פרלינים בלג,גרמים,150.00,100 גרם,false,1,17.90,11.93,true,1,
5400265024349,false,המלט מאפה מבצק עלים מסוכר 250 גר,HAMLET NV,,המלט מאפה מבצק עלים,גרמים,250.00,100 גרם,false,1,13.50,5.40,true,1,
5400265026152,false,המלט -באריזת מתנה 250 גרם קלאסיק,HAMLET NV,,המלט -באריזת מתנה 25,גרמים,250.00,100 גרם,false,1,41.90,16.76,true,1,
5400265026510,false,המלט מרשמלו 250 גר,,BE,המלט מרשמלו 250 גר,גרמים,250.00,100 גרם,false,1,12.90,5.16,true,1,
5400265027265,false,המלט-אריזת מתנה צסטרפילד אדום 125 גר,HAMLET NV,,המלט-אריזת מתנה צסטר,גרמים,125.00,100 גרם,false,1,22.90,18.32,true,1,
5400265030920,false,המלט-אריזת מתנה 500 גרם,,,המלט-אריזת מתנה 500,גרמים,500.00,100 גרם,false,1,104.80,20.96,true,1,
5400265032993,false,המלט- נשיקות מרנג לבן 100 גרם,HAMLET NV,,המלט- נשיקות מרנג לב,גרמים,100.00,100 גרם,false,1,12.90,12.90,true,1,
5400265034485,false,המלט פרלינים בלגים סרט אדום 800 גרם,,BE,המלט פרלינים בלגים ס,גרמים,800.00,100 גרם,false,1,179.90,22.49,true,1,
5400265035253,false,המלט- שוקוליס דפדפי קרמל ומלח 125 גר,,,המלט- שוקוליס דפדפי,גרמים,125.00,100 גרם,false,1,18.40,14.72,true,1,
5400265035932,false,המלט פרלינים אקסלסיום כסף 180 גרם,,,המלט פרלינים אקסלסיו,גרמים,180.00,100 גרם,false,1,14.90,8.28,true,1,
5400265037035,false,המלט בובת סנטה 55 גרם,,,המלט בובת סנטה 55 גר,גרמים,55.00,100 גרם,false,1,12.50,22.73,true,1,
5400265038841,false,המלט-שוקו פרינסס שוקולד חלב 100 גרם,,,המלט-שוקו פרינסס שוק,גרמים,100.00,100 גרם,false,1,12.90,12.90,true,1,
5400265040097,false,המלט-מרשמלו טוטי פרוטי 225 גר,,BE,המלט-מרשמלו טוטי פרו,גרמים,225.00,100 גרם,false,1,12.90,5.73,true,1,
5400265040882,false,המלט-פרלינים בלגים דלוקס שחור 175 ג,,,המלט-פרלינים בלגים ד,גרמים,175.00,100 גרם,false,1,34.90,19.94,true,1,
5400265040905,false,המלט-פרלינים בלגים דיזרט 175 ג,,,המלט-פרלינים בלגים ד,גרמים,175.00,100 גרם,false,1,34.90,19.94,true,1,
5400265040974,false,המלט-פרלינים בלגים דיזרט 200 גר,,,המלט-פרלינים בלגים ד,גרמים,200.00,100 גרם,false,1,34.90,17.45,true,1,
5400265041360,false,"המלט-עוגיות מקרון תות,פיסטוק ושוק 75 גר",,,המלט-עוגיות מקרון תו,גרמים,75.00,100 גרם,false,1,22.90,30.53,true,1,
5410041435900,false,טוק קרקרים בתיבול פפריקה 100 גרם,,HU,טוק קרקרים בתיבול פפ,גרמים,100.00,100 גרם,false,1,7.30,7.30,true,1,
5410076379378,false,אבקת כביסה טייד קולור,דיפלומט מפיצים (1968) בעמ,,"טייד קולור 5 ק""ג",קילוגרמים,0.01,"ק""ג",false,1,51.50,5150.00,true,1,
5410076933129,false,אריאל אבקת כביסה שושן צחור 3 קג,דיפלומט מפיצים (1986) בע`מ,,"אריאל שושן צחור 3 ק""",קילוגרמים,0.00,"ק""ג",false,1,42.90,42.90,true,1,
5410091677992,false,"סאיוס - ספריי לשיער לייצוב מקסימלי 400 מ""ל",שוורצקופף והנקל,,סאיוס ספריי לייצוב ה,מיליליטרים,400.00,"100 מ""ל",false,1,35.90,8.98,true,1,
5410091678005,false,"סאיוס - ספריי לשיער ליצירת נפח 400 מ""ל",הנקל סוד בעמ,,ספריי לשיער סאיוס לי,מיליליטרים,400.00,"100 מ""ל",false,1,35.90,8.98,true,1,
5410091708955,false,"סאיוס ספריי קרטין סטיילינג 400מ""ל",שוורצקופף והנקל,,סאיוס ספריי קרטין 40,מיליליטרים,400.00,"100 מ""ל",false,1,35.90,8.98,true,1,
5410091750909,false,פרסיל קפסולות גל לכביסה 14 יח UNIVERSAL,,,פרסיל קפסולות גל לכב,יחידה,1.00,יחידה,false,1,18.90,18.90,true,1,
5410103161518,false,קרם יום עם פעולה משולשת לעור רגיל ומעורב,לוריאל ישראל קוסמטיקס בעמ,,פעולה משולשת קרם יום,Unknown,0.00,Unknown,false,1,49.90,49.90,true,1,
5410103161617,false,קרם יום עם פעולה משולשת Triple active לעור יבש ועדין,לוריאל ישראל קוסמטיקס בעמ,,פעולה משולשת קרם יום,Unknown,0.00,Unknown,false,1,49.90,49.90,true,1,
5410126006087,false,ביסקויט ביסקפה לוטוס בטעם קרמל 700גר`ב,דיפלומט מפיצים (1968) בעמ**,,ביסקוויט לוטוס קרמל,גרמים,700.00,100 גרם,false,1,26.90,3.84,true,1,
5410126006360,false,לוטוס עוגיות סנדוויץ במילוי לוטוס 150 גרם,דיפלומט מפיצים (1968) בעמ**,,לוטוס עוגיות במילוי,גרמים,150.00,100 גרם,false,1,9.50,6.33,true,1,
5410126037005,false,"גלידת ""לוטוס"" חלבית בטעם עוגיות מצופה שוקולוד 284 גר",לוטוס ביקרי נ.וי.,BE,מאגדת גלידה לוטוס 4,Unknown,0.00,Unknown,false,1,41.90,41.90,true,1,
5410126106022,false,לוטוס ביסקויט מארז חג 2*250ג.,דיפלומט מפיצים (1968) בעמ**,,מארז עוגיות לוטוס 25,גרמים,500.00,100 גרם,false,1,17.90,3.58,true,1,
5410126106183,false,עוגיות לוטוס 50 יחידות ארוזות בנפרד 312 גרם,דיפלומט מפיצים (1968) בעמ**,,ביסקויט לוטוס קרמל 3,גרמים,312.00,100 גרם,false,1,16.80,5.38,true,1,
5410126116953,false,ממרח ביסקוויט קרמל לוטוס (400 גרם),דיפלומט מפיצים (1968) בעמ**,,ממרח עוגיות לוטוס קר,גרמים,400.00,100 גרם,false,1,20.90,5.23,true,1,
5410126297003,false,מארז גלידת לוטוס שוקולד לבן על מקל 284 ג,,BE,מארז גלידת לוטוס שוק,גרמים,284.00,100 גרם,false,1,41.90,14.75,true,1,
5410126666038,false,"ביסקוויט קרמל לוטוס 279 גרם בד""צ",דיפלומט מפיצים (1968) בעמ**,BE,עוגיות לוטוס 279 גרם,גרמים,279.00,100 גרם,false,1,12.90,4.62,true,1,
5410126716016,false,"עוגיות לוטוס ביסקויט קרמל בד""צ 250 גרם",דיפלומט מפיצים (1968) בעמ**,,ביסקויט קרמל לוטוס 2,גרמים,250.00,100 גרם,false,1,11.80,4.72,true,1,
5410173210055,false,רומבוטס קפה קלוי וטחון לפילטר 10 יח' 70 גרם,ליימן שליסל בע`מ,,רומבוסט קפה טחון וקל,גרמים,70.00,100 גרם,false,1,22.90,32.71,true,1,
5410228141266,false,"בירה סטלה ארטואה בקבוק 330 מ""ל",קרלסברג יבוא יצוא,,בירה סטלה ארטואה 330,מיליליטרים,330.00,"100 מ""ל",false,1,5.90,1.79,true,1,
5410228144755,false,"בירה סטלה ארטואה שישייה בקבוק 330 מ""ל",מבשלות בירה בינלאומיות ב,,שישיית סטלה ארטואה,מיליליטרים,1980.00,"100 מ""ל",false,1,29.90,1.51,true,1,
5410228267508,false,"באדוויזר בקבוק 330 מ""ל - 5% אלכוהול",הכרם - משקאות חריפים בעמ,GB,בירה לאגר באדוויזר 3,מיליליטרים,330.00,"100 מ""ל",false,1,7.90,2.39,true,1,
5410228267515,false,"שישיית בירה לאגר באדוויזר 6*330 מ""ל",הכרם - משקאות חריפים בעמ,GB,שישיית בירה לאגר באד,מיליליטרים,1980.00,"100 מ""ל",false,1,29.90,1.51,true,1,
5410316983693,false,וודקה סמירנוף אייס בודד 275 מ``ל.,החברה המרכזית להפצת משקאות בעמ,,סמירנוף אייס בודד 27,מיליליטרים,275.00,"100 מ""ל",false,1,11.40,4.15,true,1,
5410316994019,false,וודקה סמירנוף אדום (700 מל),החברה המרכזית להפצת משקאות בעמ,,"סמירנוף אדום 700 מ""ל",מיליליטרים,700.00,"100 מ""ל",false,1,59.90,8.56,true,1,
5410358442097,false,הריבו מרשמלו לבן וורוד 140 גרם,,,הריבו מרשמלו לבן וור,גרמים,140.00,100 גרם,false,1,7.90,5.64,true,1,
5410358452027,false,הריבו ספקיז מרשמלו ורוד לבן פסים 175 גרם,,BE,הריבו ספקיז מרשמלו ו,גרמים,175.00,100 גרם,false,1,7.90,4.51,true,1,
5410358453024,false,הריבו מרשמלו אקזוטי 175 גרם,,BE,הריבו מרשמלו אקזוטי,גרמים,175.00,100 גרם,false,1,7.90,4.51,true,1,
5410358453116,false,הריבו- מרשמלו מיקס 175 גרם,,BE,הריבו- מרשמלו מיקס 1,גרמים,175.00,100 גרם,false,1,7.90,4.51,true,1,
5410358459347,false,הריבו מרשמלו ברביקיו 175 גרם,,BE,הריבו מרשמלו ברביקיו,גרמים,175.00,100 גרם,false,1,7.90,4.51,true,1,
5410481080005,false,קרלייר-נוגט אגוזים ושקדים 100 גרם,,BE,קרלייר-נוגט אגוזים ו,גרמים,100.00,100 גרם,false,1,15.60,15.60,true,1,
5410481080012,false,קרלייר-נוגט שוקולד 100 גר,,BE,קרלייר-נוגט שוקולד 1,גרמים,100.00,100 גרם,false,1,15.60,15.60,true,1,
5410481080029,false,קרלייר-נוגט פיסטוק 100 גר,,BE,קרלייר-נוגט פיסטוק 1,גרמים,100.00,100 גרם,false,1,15.60,15.60,true,1,
5410481080036,false,קרלייר-נוגט תות שדה 100 גר,,BE,קרלייר נוגט תות שדה,גרמים,100.00,100 גרם,false,1,15.60,15.60,true,1,
5410481080043,false,קרלייר-נוגט פירות יער 100 גר,,BE,קרלייר-נוגט פירות יע,גרמים,100.00,100 גרם,false,1,15.60,15.60,true,1,
5410481080050,false,קרלייר-נוגט קפה 100 גר,,BE,קרלייר-נוגט קפה 100,גרמים,100.00,100 גרם,false,1,15.60,15.60,true,1,
5410481080166,false,קרלייר-נוגט וניל עם שקדים 100 גר,,BE,קרלייר-נוגט וניל עם,גרמים,100.00,100 גרם,false,1,15.60,15.60,true,1,
5410481080173,false,קרלייר-נוגט שקדים ווניל 100 גר,,BE,קרלייר-נוגט שקדים וו,גרמים,100.00,100 גרם,false,1,15.60,15.60,true,1,
5410481080180,false,קרלייר-נוגט תות פיסטוק וקקאו 100 גר,,BE,קרלייר-נוגט תות פיסט,גרמים,100.00,100 גרם,false,1,15.60,15.60,true,1,
5410658902413,false,קפסולות קפה אלומיניום דרגת חוזק 08 Fortisimo- Espresso,אבאל יזמות בעמ,,אספרסו פורטיסימו - ק,גרמים,50.00,100 גרם,false,1,11.90,23.80,true,1,
5410658902420,false,קפסולות קפה אלומיניום דרגת חוזק 10 Fortisimo- Espresso,אבאל יזמות בעמ,,ריסטרטו פורטיסימו -,גרמים,50.00,100 גרם,false,1,11.90,23.80,true,1,
5410658902437,false,קפסולות קפה אלומיניום דרגת חוזק 07 Fortisimo- Espresso,אבאל יזמות בעמ,,פורטה פורטיסימו - קפ,גרמים,50.00,100 גרם,false,1,11.90,23.80,true,1,
5410658902444,false,קפסולות קפה אלומיניום דרגת חוזק 14 Fortisimo- Espresso,אבאל יזמות בעמ,,קלאסיקו פורטיסימו -,גרמים,50.00,100 גרם,false,1,11.90,23.80,true,1,
5410658902819,false,קפסולות קפה אלומיניום דרגת חוזק 12 Fortisimo- Espresso,אבאל יזמות בעמ,,קלאסיקו פורטיסימו -,גרמים,50.00,100 גרם,false,1,11.90,23.80,true,1,
5410769100081,false,"בירה לה שוף קטן 330 מ""ל בקבוק",הכרם משקאות חריפים בעמ,,"בירה לה שוף 330 מ""ל",מיליליטרים,330.00,"100 מ""ל",false,1,14.90,4.52,true,1,
5410769100098,false,"בקבוק לה שוף 750 מ""ל בקבוק",דובל מורטגט,,"בקבוק לה שוף 750 מ""ל",מיליליטרים,750.00,"100 מ""ל",false,1,29.90,3.99,true,1,
5410769200088,false,"בירה מק שוף קטן 330 מ""ל בקבוק",הכרם משקאות חריפים בעמ,,"בירה מק שוף 330 מ""ל",מיליליטרים,330.00,"100 מ""ל",false,1,14.90,4.52,true,1,
5410769200095,false,"בקבוק מק שוף 750 מ""ל בקבוק",דובל מורטגט,,"בקבוק מק שוף 750 מ""ל",מיליליטרים,750.00,"100 מ""ל",false,1,29.90,3.99,true,1,
5410769800097,false,"בירה לה צרי שוף 8% 330 מ""ל בקבוק",הכרם - משקאות חריפים בעמ,,בירה לה צרי שוף 8%,מיליליטרים,330.00,"100 מ""ל",false,1,14.90,4.52,true,1,
5410769800363,false,"מארז הכולל שוף סוגים שונים 4*330 מ""ל+כוס",,,מארז הכולל שוף סוגים,מיליליטרים,1320.00,"100 מ""ל",false,1,62.90,4.77,true,1,
5410769800554,false,"בקבוק צירי שוף 750 מ""ל בקבוק",דובל מורטגט,,בקבוק צירי שוף 750 מ,מיליליטרים,750.00,"100 מ""ל",false,1,29.90,3.99,true,1,
5410783005379,false,"מארז בירה קורנט 8.5% 4*330 מ""ל + כוס)",בווריה,,מארז בירה קורנט 8.5%,מיליליטרים,1320.00,"100 מ""ל",false,1,47.90,3.63,true,1,
5410908000036,false,"בירה שימאי בלו 330 מ""ל",,,בירה שימאי בלו 330 מ,מיליליטרים,330.00,"100 מ""ל",false,1,20.90,6.33,true,1,
5410976040064,false,בונבוניירה צדפות גוליאן 500 גרם,,,בונבוניירה צדפות גול,גרמים,500.00,100 גרם,false,1,89.90,17.98,true,1,
5410976140122,false,בונבוניירה צדפות 250 גרם גיליאן,,,בונבוניירה צדפות 250,גרמים,250.00,100 גרם,false,1,41.90,16.76,true,1,
5410976821014,false,גיליאן שוקולד מריר 50% ללא סוכר 100 גרם,,BE,גיליאן שוקולד מריר 5,גרמים,100.00,100 גרם,false,1,17.70,17.70,true,1,
5410976826019,false,שוקולד מריר 72% 100 גר גיליאן,,BE,שוקולד מריר 72% 100,גרמים,100.00,100 גרם,false,1,16.90,16.90,true,1,
5410976840022,false,גיליאן-שוקולד חלב קרמל מלוח 100 גר,,BE,גיליאן-שוקולד חלב קר,גרמים,100.00,100 גרם,false,1,16.90,16.90,true,1,
5410976853015,false,גיליאן-שוקולד חלב שקד מקורמל 100 גר,,,גיליאן-שוקולד חלב שק,גרמים,100.00,100 גרם,false,1,16.90,16.90,true,1,
5411081000523,false,"בירה קסטיל דונקר 330 מ""ל",מבשלת קסטל ואן הונסברוק,,בירה קסטיל כהה 330 מ,מיליליטרים,330.00,"100 מ""ל",false,1,12.90,3.91,true,1,
5411081000677,false,בירה קסטיל טריפל בקבוק 330מל,מבשלת קסטל ואן הונסברוק,,בירה קסטיל טריפל 330,מיליליטרים,330.00,"100 מ""ל",false,1,12.90,3.91,true,1,
5411081003654,false,"קסטיל בירה רוז 330 מ""ל",מבשלת קסטל ואן הונסב,,בירה קסטיל רוז 330 מ,מיליליטרים,330.00,"100 מ""ל",false,1,12.90,3.91,true,1,
5411081003661,false,"בירה קסטיל רוז 750 מ""ל",מבשלת קסטל ואן הונסב,,בירה קסטיל רוז 750 מ,מיליליטרים,750.00,"100 מ""ל",false,1,36.90,4.92,true,1,
5411081004811,false,"בירה קסטיל קווה דו שאטו 330 מ""ל",מבשלת קסטל ואן הונסב,,בירה קסטיל קווה דו ש,מיליליטרים,330.00,"100 מ""ל",false,1,12.90,3.91,true,1,
5411081004873,false,מארז בירה קסטיל 2*750 + כוס,מבשלת קסטל ואן הונסב,BE,מארז בירה קסטיל 2*75,מיליליטרים,1500.00,"100 מ""ל",false,1,75.90,5.06,true,1,
5411081005696,false,"בירה קסטיל שוקולד (בריסטה) 330 מ""ל",מבשלת קסטל ואן הונסב,,בירה קסטיל שוקולד (ב,מיליליטרים,330.00,"100 מ""ל",false,1,12.90,3.91,true,1,
5411081008192,false,"בירה קסטיל רוז 330 מ""ל פחית",מבשלת קסטל ואן הונסב,,בירה קסטיל רוז 330 מ,מיליליטרים,330.00,"100 מ""ל",false,1,12.90,3.91,true,1,
5411081008420,false,"בירה בירה שושנע קסטיל 330 מ""ל פחית",מבשלת קסטל ואן הונסברוק,,בירה בירה שושנע קסטי,מיליליטרים,330.00,"100 מ""ל",false,1,12.20,3.70,true,1,
5411081008567,false,"בירה קסטיל נואר (פורטר) נייטרו 300 מ""ל",,,בירה קסטיל נואר (פור,מיליליטרים,330.00,"100 מ""ל",false,1,15.90,4.82,true,1,
5411081008628,false,"בירה קסטיל רוז נייטרו 300 מ""ל",,,בירה קסטיל רוז נייטר,מיליליטרים,330.00,"100 מ""ל",false,1,15.90,4.82,true,1,
5411081009007,false,"בירה קסטיל אקסטרה 330 מ""ל",מבשלת קסטל ואן הונסב,,בירה קסטיל אקסטרה 33,מיליליטרים,330.00,"100 מ""ל",false,1,12.90,3.91,true,1,
5411188081852,false,אלפרו משקה סויה בטעם וניל 1 ליטר,הנסיך- מפעל לייצור ט,,אלפרו סויה בטעם וניל,מיליליטרים,1000.00,"100 מ""ל",false,1,15.90,1.59,true,1,
5411188094159,false,רביעיית מעדן סויה שוקו מריר אלפרו 125 גרם,הנסיך- מפעל לייצור ט,,אלפרו מעדן סויה בטעם,גרמים,500.00,100 גרם,false,1,18.90,3.78,true,1,
5411188094173,false,רביעיה מעדן סויה טעם קרמל 125 ג' אלפרו,שטראוס גרופ בע`מ,,אלפרו מעדן סויה בטעם,מיליליטרים,500.00,"100 מ""ל",false,1,18.90,3.78,true,1,
5411188096108,false,"אלפרו שמנת צמחית לבישול לייט 250מ""ל",שטראוס גרופ בעמ/מצונן,,"שמנת לבישול ע""ב סוי",מיליליטרים,250.00,"100 מ""ל",false,1,9.90,3.96,true,1,
5411188110835,false,אלפרו חלב סויה שקדים וניל 1ל',הנסיך- מפעל לייצור ט,,אלפרו משקה שקדים 1 ל,מיליליטרים,1000.00,"100 מ""ל",false,1,13.90,1.39,true,1,
5411188112709,false,"משקה קוקוס אלפרו 1 ליטר משקה שקדים לל""ס",הנסיך- מפעל לייצור ט,,אלפרו משקה שקדים ללא,מיליליטרים,1000.00,"100 מ""ל",false,1,13.90,1.39,true,1,
5411188115366,false,משקה קוקוס אלפרו 1 ליטר משקה שיבולת שועל 1 ליטר,הנסיך- מפעל לייצור ט,,אלפרו משקה שיבולת שו,מיליליטרים,1000.00,"100 מ""ל",false,1,13.90,1.39,true,1,
5411188115434,false,משקה אלפרו בריסטה סויה 1 ליטר,"שטראוס גרופ בע""מ",BE,אלפרו משקה בריסטה סו,מיליליטרים,1000.00,"100 מ""ל",false,1,15.90,1.59,true,1,
5411188115472,false,משקה סויה 1 ליטר אלפרו,הנסיך- מפעל לייצור ט,BE,אלפרו משקה סויה 1 לי,מיליליטרים,1000.00,"100 מ""ל",false,1,13.90,1.39,true,1,
5411188118732,false,משקה קוקוס ושקדים אלפרו (1 ליטר),הנסיך- מפעל לייצור ט,,אלפרו משקה קוקוס שקד,מיליליטרים,1000.00,"100 מ""ל",false,1,13.90,1.39,true,1,
5411188120742,false,משקה קוקוס אלפרו 1 ליטר שקדים וניל 1 ל',הנסיך- מפעל לייצור ט,,אלפרו משקה שקדים בטע,מיליליטרים,1000.00,"100 מ""ל",false,1,13.90,1.39,true,1,
5411188120957,false,"אלפרו תערובת לבישול על בסיס קוקוס 250 מ""ל",שטראוס גרופ בעמ/מצונן,,אלפרו קוקוס לבישול 1,מיליליטרים,250.00,"100 מ""ל",false,1,9.90,3.96,true,1,
5411188121923,false,"משקה סויה מועשר סידן אלפרו 3*250 מ""ל",הנסיך- מפעל לייצור ט,,שלישיות אלפרו סויה ב,מיליליטרים,750.00,"100 מ""ל",false,1,15.90,2.12,true,1,
5411188121978,false,אלפרו משקה סויה עמיד מועשר בסידן 3*250,"שטראוס גרופ בע""מ",,שלישיות אלפרו סויה ש,מיליליטרים,750.00,"100 מ""ל",false,1,15.90,2.12,true,1,
5411188122586,false,אלפרו משקה אגוזי קשיו 1 ל`,הנסיך- מפעל לייצור ט,,אלפרו משקה שקדים 250,מיליליטרים,250.00,"100 מ""ל",false,1,6.30,2.52,true,1,
5411188122661,false,אלפרו משקה שקדים לא קלויים ללא תוספת סוכר 1 ל',הנסיך- מפעל לייצור ט,,אלפרו משקה שקדים לא,מיליליטרים,1000.00,"100 מ""ל",false,1,13.90,1.39,true,1,
5411188124689,false,משקה אלפרו שיבולת שועל ללא סוכר 1 ליטר,שטראוס גרופ בע`מ,,אלפרו משקה שיבולת שו,מיליליטרים,1000.00,"100 מ""ל",false,1,13.90,1.39,true,1,
5411188124726,false,משקה שיבולת שועל שקדים 1 ליטר אלפרו,הדקלאים אגודת שיתופי,,אלפרו משקה שיבולת שו,מיליליטרים,1000.00,"100 מ""ל",false,1,13.90,1.39,true,1,
5411188126195,false,אלפרו משקה שקדים אורגני 1ל מפוקח סקאל,שטראוס גרופ בע`מ,BE,אלפרו משקה שקדים,מיליליטרים,1000.00,"100 מ""ל",false,1,13.90,1.39,true,1,
5411188127697,false,אלפרו בריסטה משקה שיבולת שועל 1 ליטר,הנסיך- מפעל לייצור ט,BE,אלפרו בריסטה משקה שי,מיליליטרים,1000.00,"100 מ""ל",false,1,13.90,1.39,true,1,
5411188129899,false,אלפרו בריסטה משקה שקדים 1 ליטר,הנסיך- מפעל לייצור ט,BE,אלפרו בריסטה משקה שק,מיליליטרים,1000.00,"100 מ""ל",false,1,13.90,1.39,true,1,
5411188513483,false,"סויה לבישול 14% שומן אלפרו 250 מ""ל",שטראוס גרופ בעמ/מצונן,,אלפרו סויה לבישול 14,מיליליטרים,250.00,"100 מ""ל",false,1,9.90,3.96,true,1,
5411188543398,false,אלפרו משקה סויה 1 ליטר ללא סוכר,הנסיך- מפעל לייצור ט,BE,אלפרו משקה סויה ללא,מיליליטרים,1000.00,"100 מ""ל",false,1,13.90,1.39,true,1,
5411223030081,false,"בירה לינדמנס קריק דובדבנים 250 מ""ל",הכרם - משקאות חריפים בעמ,,בירה לינדמנס דובדבני,מיליליטרים,250.00,"100 מ""ל",false,1,14.90,5.96,true,1,
5411223100579,false,"בירה לינדמנס אפל תפוח 250 מ""ל",מבשלת לינדמנס,,בירה לינדמנס אפל תפו,מיליליטרים,250.00,"100 מ""ל",false,1,14.90,5.96,true,1,
5411616002190,false,"בירה STRONG מרטינס 8.5% כהל 500 מ""ל",החברה המרכזית להפצת משקאות בעמ,,בירה STRONG מרטינס,מיליליטרים,500.00,"100 מ""ל",false,1,8.20,1.64,true,1,
5411616133245,false,בירה מרטנס פחית ירוק500מ,החברה המרכזית להפצת משקאות בעמ,,"בירה מרטנס 500 מ""ל-פ",מיליליטרים,500.00,"100 מ""ל",false,1,7.20,1.44,true,1,
5411616148546,false,"בירה מרטינס גולד 500 מ""ל-פחית",החברה המרכזית להפצת משקאות בעמ,,בירה מרטינס גולד 500,מיליליטרים,500.00,"100 מ""ל",false,1,7.20,1.44,true,1,
5411642563047,false,גופרה בלגית וופל עם סוכר מ.שוקולד 300 גר,,BE,גופרה בלגית וופל עם,גרמים,300.00,100 גרם,false,1,12.90,4.30,true,1,
5411663002716,false,"בירה Gulden Draak בהיר 10.5% 330 מ""ל",Van steenberg,,בירה Gulden Draak בה,מיליליטרים,330.00,"100 מ""ל",false,1,14.90,4.52,true,1,
5411676100874,false,"בירת ברבר בלונד 330 מ""ל",מבשלת לפבר,,בירת ברבר בלונד 330,מיליליטרים,330.00,"100 מ""ל",false,1,16.50,5.00,true,1,
5411676100928,false,"בירת ברבר רוז 330 מ""ל",מבשלת לפבר,BE,"בירת ברבר רוז 330 מ""",מיליליטרים,330.00,"100 מ""ל",false,1,16.50,5.00,true,1,
5411676175131,false,"בירת ברבר בלונד 750 מ""ל בקבוק",,BE,בירת ברבר בלונד 750,מיליליטרים,750.00,"100 מ""ל",false,1,34.90,4.65,true,1,
5411676175148,false,"בירת ברבר כהה 750 מ""ל בקבוק",מבשלת לפבר,BE,"בירת ברבר כהה 750 מ""",מיליליטרים,750.00,"100 מ""ל",false,1,34.90,4.65,true,1,
5411676301356,false,"בירת ברבר בוק (כהה) 330 מ""ל",מבשלת לפבר,,בירת ברבר בוק (כהה),מיליליטרים,330.00,"100 מ""ל",false,1,16.50,5.00,true,1,
5411681014005,false,"בירה דובל בקבוק 330 מ""ל",הכרם משקאות חריפים בעמ,,"בירה דובל 330 מ""ל",מיליליטרים,330.00,"100 מ""ל",false,1,15.90,4.82,true,1,
5411681014234,false,"מארז דובל 4*330 מ""ל + כוס",,,"מארז דובל 4*330 מ""ל",ליטרים,0.00,ליטר,false,1,62.90,62.90,true,1,
5411681038001,false,"מרדסו מעורפלת מאוד330מ""ל",הכרם - משקאות חריפים בעמ,,בירה מרדסו טריפל 330,מיליליטרים,330.00,"100 מ""ל",false,1,15.90,4.82,true,1,
5411686700118,false,בירה ליפמנס פרוטס בתוספת,הכרם - משקאות חריפים בעמ,,בירה לינדמנס פרוטס 2,מיליליטרים,250.00,"100 מ""ל",false,1,14.90,5.96,true,1,
5411686700460,false,"מארז ליפמנס און דה רוקס 4*250 מ""ל + כוס",מבשלת ליפמנס,BE,מארז ליפמנס און דה ר,מיליליטרים,1000.00,"100 מ""ל",false,1,44.90,4.49,true,1,
5411911001768,false,"בירה סן ברנרדוס קריסמס אייל 330 מ""ל",,,בירה סן ברנרדוס קריס,מיליליטרים,330.00,"100 מ""ל",false,1,17.90,5.42,true,1,
5412186000098,false,"דילריום טרמנס - בקבוק 330 מ""ל",L.HUYGHE,BE,בירה דליריאום חזקה,מיליליטרים,330.00,"100 מ""ל",false,1,14.90,4.52,true,1,
5412186000135,false,"בירה גיליוטינה בהיר 330 מ""ל",L.HUYGHE,BE,בירה גיליוטינה בהיר,מיליליטרים,330.00,"100 מ""ל",false,1,14.90,4.52,true,1,
5412186000661,false,מארז דליריאום בלונד 8.5% 4*330 מלTremens,,BE,מארז דליריאום בלונד,מיליליטרים,1320.00,"100 מ""ל",false,1,79.90,6.05,true,1,
5412186000715,false,"דילריום נוקטורנום - בקבוק 330 מ""ל",L.HUYGHE,BE,בירה דילריום נוקטורנ,מיליליטרים,330.00,"100 מ""ל",false,1,14.90,4.52,true,1,
5412186000883,false,מארז דליריאום בלונד 8.5% 2*750 מלTremens,,BE,מארז דליריאום בלונד,מיליליטרים,1500.00,"100 מ""ל",false,1,79.90,5.33,true,1,
5412186002436,false,בירה דליריאום רד בטעמי פירות 8.0% 330 מל,L.HUYGHE,BE,בירה דילריום רד - בק,מיליליטרים,330.00,"100 מ""ל",false,1,14.90,4.52,true,1,
5412186002528,false,מארז בירה 8.5% 4*330 מל La guillotine,,BE,מארז בירה 8.5% 4*330,מיליליטרים,1320.00,"100 מ""ל",false,1,79.90,6.05,true,1,
5412186003594,false,בירה דליריאום אמבר 7% 330 מל Argentum,L.HUYGHE,BE,בירה דליריאום אמבר,מיליליטרים,330.00,"100 מ""ל",false,1,14.90,4.52,true,1,
5412186004997,false,"מארז בירה דליריאום מארז מעורב 4*330 מ""ל",,BE,מארז בירה דליריאום מ,מיליליטרים,1320.00,"100 מ""ל",false,1,79.90,6.05,true,1,
5412514350000,false,עלי טורטיליאס 370 גרם,אן. וי סנק פוד,,עלי טורטיליאס 370 גר,גרמים,370.00,100 גרם,false,1,31.50,8.51,true,1,
5412514555559,false,עלי טוריטיה רגיל קטן פלוטקין,אן. וי סנק פוד,,עלי טורטילס 320 גרם,גרמים,320.00,100 גרם,false,1,24.90,7.78,true,1,
5412514931117,false,עלי טורטילס מתירס פוקולוקו 320 גר,אן. וי סנק פוד,,עלי טורטילס מתירס פו,גרמים,320.00,100 גרם,false,1,27.50,8.59,true,1,
5412514931889,false,עלי קורדיטס 272 ג SOFT TACO,אן. וי סנק פוד,,עלי קורדיטס 272 ג SO,גרמים,272.00,100 גרם,false,1,19.40,7.13,true,1,
5412514999919,false,פוקו-לוקו סלסה מקסיקנית 325 גרם,,,פוקו-לוקו סלסה מקסיק,גרמים,325.00,100 גרם,false,1,27.90,8.58,true,1,
5412514999957,false,סלסה גוואקמולה 300 גרם,אן. וי סנק פוד,,סלסה גוואקמולה 300,גרמים,300.00,100 גרם,false,1,35.50,11.83,true,1,
5412533001617,false,נוזל לניקוי כלים אלוורה ולימון 1 ליטר,אקובר,,נוזל לניקוי כלים אלו,מיליליטרים,1000.00,"100 מ""ל",false,1,19.90,1.99,true,1,
5412533001914,false,נוזל לניקוי כללי ומשטחים 1 ליטר,אקובר,,נוזל לניקוי כללי ומש,מיליליטרים,1000.00,"100 מ""ל",false,1,22.50,2.25,true,1,
5412533002287,false,נוזל לניקוי אסלות בניחוח אורנים ECOVER,,,נוזל לניקוי אסלות בנ,מיליליטרים,750.00,"100 מ""ל",false,1,19.90,2.65,true,1,
5412533003857,false,נוזל ניקוי אסלות גלי-ים (פקק כחול) 750 מ,אקובר,,נוזל ניקוי אסלות גלי,מיליליטרים,750.00,"100 מ""ל",false,1,19.90,2.65,true,1,
5412533004052,false,קרם ניקוי 500 מל,,,קרם ניקוי 500 מל,מיליליטרים,500.00,"100 מ""ל",false,1,17.90,3.58,true,1,
5412533004335,false,תרסיס לניקוי חלונות וזכוכית 500 מל,אקובר,,תרסיס לניקוי חלונות,מיליליטרים,500.00,"100 מ""ל",false,1,26.90,5.38,true,1,
5412533004618,false,תרסיס לניקוי משטחים מולטי אקשן ECOVER,אקובר,,תרסיס לניקוי משטחים,מיליליטרים,500.00,"100 מ""ל",false,1,26.90,5.38,true,1,
5412533416626,false,אקובר הכל באחד למדיח גמבו,אקובר,,אקובר הכל באחד למדיח,Unknown,0.00,Unknown,false,1,89.90,89.90,true,1,
5412533418231,false,מרכך כביסה זירו 1 ליטר,אקובר,,מרכך כביסה זירו 1 לי,מיליליטרים,1000.00,"100 מ""ל",false,1,25.90,2.59,true,1,
5412533419665,false,"מרכך כביסה תפוח ושקדים 750 מ""ל",,,מרכך כביסה תפוח ושקד,מיליליטרים,750.00,"100 מ""ל",false,1,16.90,2.25,true,1,
5412533419702,false,"מרכך כביסה ווניל וגרדניה 750 מ""ל",אקובר,,מרכך כביסה ווניל וגר,מיליליטרים,750.00,"100 מ""ל",false,1,16.90,2.25,true,1,
5412533420364,false,נוזל כביסה פורמולה מרוכזת 1 ליטר,אקובר,,נוזל כביסה פורמולה מ,מיליליטרים,1000.00,"100 מ""ל",false,1,44.90,4.49,true,1,
5412956120674,false,בונ קאשט מרובע ורוד 315 ג CACHET,CACHET,,בונ קאשט מרובע ורוד,גרמים,315.00,100 גרם,false,1,52.90,16.79,true,1,
5412956120759,false,בונ קאשט מרובע ירקרק 600 ג CACHET,CACHET,,בונ קאשט מרובע ירקרק,גרמים,600.00,100 גרם,false,1,87.90,14.65,true,1,
5412956214533,false,שוקולד מריר עם לימון ופלפל שחור 100 גרם,Kim's Chocolates NV,BE,שוקולד מריר עם לימון,גרמים,100.00,100 גרם,false,1,10.50,10.50,true,1,
5412956214540,false,שוקולד מריר עם גינגר ואוכמניות 100 גרם,Kim's Chocolates NV,BE,שוקולד מריר עם גינגר,גרמים,100.00,100 גרם,false,1,10.50,10.50,true,1,
5412956214649,false,שוקולד מריר 85% קקאו 100 גרם,Kim's Chocolates NV,BE,שוקולד מריר 85% קקאו,גרמים,100.00,100 גרם,false,1,10.50,10.50,true,1,
5412956214670,false,שוקולד מריר 70% קקאו 100 גרם,Kim's Chocolates NV,BE,שוקולד מריר 70% קקאו,גרמים,100.00,100 גרם,false,1,10.50,10.50,true,1,
5413121355082,false,שוקולד בלגי מריר משובח 72 פרסטיז 100 גרם,BCG,,שוקולד בלגי מריר משו,גרמים,100.00,100 גרם,false,1,13.50,13.50,true,1,
5413121355105,false,בלג'יאן-שוקולד חלב משובח 100 גר'1/25 (620725),מולינו ניקולי s.p.a,,שוקולד בלגי חלב משוב,גרמים,100.00,100 גרם,false,1,13.50,13.50,true,1,
5413121355143,false,שוקולד בלגי לבן משובח פרסטיז 100 גרם,BCG,,שוקולד בלגי לבן משוב,גרמים,100.00,100 גרם,false,1,13.50,13.50,true,1,
5413121356829,false,בלג'יאן-שוקולד חלב ללא סוכר 100 גר' 1/20 (7072),BCG,,שוקולד חלב 100 גר,גרמים,100.00,100 גרם,false,1,17.50,17.50,true,1,
5413121358694,false,שוקולד בלגי מריר משובח 85%פרסטיז 100 גרם,BCG,,שוקולד בלגי מריר משו,גרמים,100.00,100 גרם,false,1,13.50,13.50,true,1,
5413121359035,false,בלגיאן טראפלס בלגי קקאו אורגינל 200 גרם,,,בלגיאן טראפלס בלגי ק,גרמים,200.00,100 גרם,false,1,17.70,8.85,true,1,
5413121359769,false,לבבות וצדפי שוקולד 195ג' בלגיאן,בי סי ג'י אולן,,בלגיאן - צדפי שוקולד,גרמים,195.00,100 גרם,false,1,16.70,8.56,true,1,
5413121359981,false,"בלגיאן שוקולד ללת""ס חלב אגוזים 100 גר",BCG,,"בלגיאן שוקולד ללת""ס",גרמים,100.00,100 גרם,false,1,21.90,21.90,true,1,
5413121359998,false,"שוקולד מריר שקד ללת""ס בלגיאן 100 גר",BCG,,"שוקולד מריר שקד ללת""",גרמים,100.00,100 גרם,false,1,21.90,21.90,true,1,
5413121361670,false,בונ.בלגיאן סוסוני ים במילוי שוק.מריר 135,,,בונ.בלגיאן סוסוני ים,גרמים,135.00,100 גרם,false,1,19.50,14.44,true,1,
5413121361694,false,בונ.בלגיאן סוסוני ים במילוי קרם אגוז 135,BCG,,בונ.בלגיאן סוסוני ים,גרמים,135.00,100 גרם,false,1,19.50,14.44,true,1,
5413121363513,false,שוקולד מריר דובדבן בלגיאן 100 גרם,BCG,,שוקולד מריר דובדבן ב,גרמים,100.00,100 גרם,false,1,13.50,13.50,true,1,
5413121364121,false,"בלגיאן -טראפלס קקאו ""חג שמח"" 150ג'",Q Chocolate,BE,בלג`יאן טראפלס קקאו,גרמים,150.00,100 גרם,false,1,11.90,7.93,true,1,
5413121365616,false,שוקולד בלגי מריר 90% בלגיאן 100 גרם,BCG,,שוקולד בלגי מריר 90,גרמים,100.00,100 גרם,false,1,13.50,13.50,true,1,
5413149655522,false,"אבקת כביסה שושן צחור 1.25 ק""ג אריאל",דיפלומט מפיצים (1986) בע`מ,,אריאל שושן צחור 1.25,קילוגרמים,0.00,"ק""ג",false,1,22.50,22.50,true,1,
5413202809428,false,פרלין בלגי 800 גר זהב עם סרט DELAFAILL,,,פרלין בלגי 800 גר זה,גרמים,800.00,100 גרם,false,1,119.90,14.99,true,1,
5413216990242,false,בונבוניירה צדפים ממולאים בקרם אגוזים,ש. שסטוביץ בע`מ,,צדפי שוקולד ממולאים,גרמים,250.00,100 גרם,false,1,19.90,7.96,true,1,
5413548040479,false,בונבוניירה רפאלו 240 גרם,פרימיום חברה לדברי מתיקה ולמסח,,בונבוניירה רפאלו 240,גרמים,240.00,100 גרם,false,1,26.50,11.04,true,1,
5413548280189,false,קינדר שוקו בון 1 יחידות 125 גרם,פרימיום - חברה לדברי מתיקה ולמ,,קינדר שוקובון 125 גר,גרמים,125.00,100 גרם,false,1,12.90,10.32,true,1,
5414145035622,false,וויסקי בורבון קנטקי גק 1 ליטר,סודיקו,,וויסקי בורבון קנטקי,מיליליטרים,1000.00,"100 מ""ל",false,1,124.90,12.49,true,1,
5414145036568,false,"ליקר קרם קלאב אוריגינל עם וויסקי 700 מ""ל",סודיקו,,ליקר קרם קלאב אוריגי,מיליליטרים,700.00,"100 מ""ל",false,1,44.90,6.41,true,1,
5420066330142,false,ביאנקה-טרופל בטעם שמפניה 175 גר,,,ביאנקה-טרופל בטעם שמ,גרמים,175.00,100 גרם,false,1,14.90,8.51,true,1,
5420066330166,false,ביאנקה טרופל פירות יער 175 גר,,,ביאנקה טרופל פירות י,גרמים,175.00,100 גרם,false,1,14.90,8.51,true,1,
5420066330173,false,ביאנקה טרופל שוקולד מריר 175 גרם,Q Chocolate,,ביאנקה טרופל שוקולד,גרמים,175.00,100 גרם,false,1,14.60,8.34,true,1,
5420066330203,false,ביאנקה טרופל קקאו באריזת זהב 175 גרם,Chocolate Q,,ביאנקה טרופל קקאו בא,גרמים,175.00,100 גרם,false,1,14.60,8.34,true,1,
5420066330210,false,ביאנקה- טרופל קקאו באריזות כסף 175 ג,Q Chocolate,,ביאנקה טרופל קקאו בא,גרמים,175.00,100 גרם,false,1,14.60,8.34,true,1,
5420066370001,false,טראפל בלגי קרמל 150 גרם,,,טראפל בלגי קרמל 150,גרמים,150.00,100 גרם,false,1,10.90,7.27,true,1,
5420066370025,false,טראפל שוקולד בלגי קפ,,,טראפל בלגי קפה 150 ג,גרמים,150.00,100 גרם,false,1,10.90,7.27,true,1,
5420066370032,false,טראפל בלגי מריר 150 גרם,CHOCOLATE Q,,טראפל בלגי מריר 150,גרמים,150.00,100 גרם,false,1,10.90,7.27,true,1,
5420066370049,false,טראפל בלגי תפוז 150 גרם,,,טראפל בלגי תפוז 150,גרמים,150.00,100 גרם,false,1,10.90,7.27,true,1,
5420066370384,false,טראפל בלגי אגוזים 150 גרם,,,טראפל בלגי אגוזים 15,גרמים,150.00,100 גרם,false,1,10.90,7.27,true,1,
5425025120017,false,לופולוס טריפל בלונד8.5% חזקה ומעוננת 750,,BE,לופולוס טריפל בלונד8,מיליליטרים,750.00,"100 מ""ל",false,1,29.90,3.99,true,1,
5425025120024,false,בירה לופולוס בראון 8.5% כהה וחזקה 750 מל,,BE,בירה לופולוס בראון 8,מיליליטרים,750.00,"100 מ""ל",false,1,29.90,3.99,true,1,
5425025122059,false,בירה לופולוס בראון 330 מל 8.5% 330 מל,,BE,בירה לופולוס בראון 3,מיליליטרים,330.00,"100 מ""ל",false,1,14.90,4.52,true,1,
5425025281602,false,מגיק וופל בלגי קפוא במילוי תפוח 320 גרם,,BE,מגיק וופל בלגי קפוא,גרמים,320.00,100 גרם,false,1,28.90,9.03,true,1,
5425025281879,false,מגיק וופל בלגי קפוא במילוי לוטוס 320 גרם,,BE,מגיק וופל בלגי קפוא,גרמים,320.00,100 גרם,false,1,28.90,9.03,true,1,
5425025282081,false,מגיק וופל בלגי קפוא במילוי שוקולד 320 גרם,,BE,מגיק וופל בלגי קפוא,גרמים,320.00,100 גרם,false,1,28.90,9.03,true,1,
5600286004089,false,תפוחונים אורגניים חמצמץ 40 גר,נטורפוד,PT,תפוחונים חמצמץ אורגנ,גרמים,40.00,100 גרם,false,1,7.90,19.75,true,1,
5600291427170,false,"פאטו פריו קשמיר רוזה 750 מ""ל",,,פאטו פריו קשמיר רוזה,Unknown,0.00,Unknown,false,1,65.90,65.90,true,1,
5600395034076,false,טונה בהירה בשמן זית אורגני 110 גרם,קופיסה אס.איי,,טונה בהירה בשמן זית,גרמים,110.00,100 גרם,false,1,9.80,8.91,true,1,
5600395034083,false,סרדינים בשמן זית אורגני 120 גרם,קופיסה אס.איי,,סרדינים בשמן זית אור,גרמים,120.00,100 גרם,false,1,8.90,7.42,true,1,
5600395034816,false,פילה טונה צהובה בשמן זית 190 גרם,,PT,פילה טונה צהובה בשמן,גרמים,190.00,100 גרם,false,1,23.90,12.58,true,1,
5600395034823,false,פילה טונה אלבקור בשמן זית 190 גרם,,PT,פילה טונה אלבקור בשמ,גרמים,190.00,100 גרם,false,1,25.90,13.63,true,1,
5600787049008,false,"משקה אורגני ע""ב קמבוצה ותה ירוק 400 מל",קפטן קמפוצה,PT,"משקה אורגני ע""ב קמבו",מיליליטרים,400.00,"100 מ""ל",false,1,20.90,5.23,true,1,
5600787049022,false,"משקה אורגני ע""ב קמבוצה ותה ירוק 400 מל",קפטן קמפוצה,PT,"משקה אורגני ע""ב קמבו",מיליליטרים,400.00,"100 מ""ל",false,1,20.90,5.23,true,1,
5600787049046,false,"משקה אורגני ע""ב קמבוצה ותה ירוק 400 מ",קפטן קמפוצה,PT,"משקה אורגני ע""ב קמבו",מיליליטרים,400.00,"100 מ""ל",false,1,20.90,5.23,true,1,
5600787049084,false,"משקה אורגני קמבוצ'ה ותה ירוק עם תמצית קוקוס 400 מ""ל",,PT,קמבוצה ותה ירוק קוקו,מיליליטרים,400.00,"100 מ""ל",false,1,21.90,5.48,true,1,
5601008200444,false,עוגיות גודיס טבעות מצופות שוקולד חלב מרבה 150 גרם,הנסיך- מפעל לייצור ט,,עוגיות טבעת מצופה שו,גרמים,150.00,100 גרם,false,1,10.80,7.20,true,1,
5601008200451,false,עוגיות גודיס טבעות מצופות שוקולד מריר מרבה 150 גרם,ש. שסטוביץ בע`מ,,עוגיות טבעת מצופה שו,גרמים,150.00,100 גרם,false,1,10.80,7.20,true,1,
5601008200468,false,עוגיות גודיס טבעות מצופות שוקולד לבו מרבה 150 גרם,קריניציה ויטמינה אס,,עוגיות טבעת מצופה שו,גרמים,150.00,100 גרם,false,1,10.80,7.20,true,1,
5601010111035,false,סרדין בשמן זית רמירז 125 גרם,רמירז אנד קה פילהאוס,,סרדין בשמן זית 125 ג,גרמים,125.00,100 גרם,false,1,11.90,9.52,true,1,
5601010211070,false,סרדין במים רמירז 125 גרם,רמירז אנד קה פילהאוס,,סרדין במים 125 גר ר,גרמים,125.00,100 גרם,false,1,10.90,8.72,true,1,
5601010211087,false,פילה סרדין בשמן זית כתית 100 גר רמירז,רמירז אנד קה פילהאוס,,פילה סרדין בשמן זית,גרמים,100.00,100 גרם,false,1,14.50,14.50,true,1,
5601012002454,false,"יין מתיאוס רוזה מבעבע חצי יבש 750 מ""ל",,,יין מתיאוס רוזה מבעב,Unknown,0.00,Unknown,false,1,41.90,41.90,true,1,
5601012011500,false,יין מטאוס רוזה אוריג,,,יין מטאוס רוזה פורטו,Unknown,0.00,Unknown,false,1,41.90,41.90,true,1,
5601012021509,false,"יין מטאוס לבן פורטוגל 750 מ""ל",,,יין מטאוס לבן פורטוג,Unknown,0.00,Unknown,false,1,41.90,41.90,true,1,
5601012045505,false,"יין גאזלה 750 מ""ל",,,"יין גאזלה 750 מ""ל",Unknown,0.00,Unknown,false,1,38.90,38.90,true,1,
5601012837636,false,"יין סילק אנד ספייס אדום 750 מ""ל",,,יין סילק אנד ספייס א,Unknown,0.00,Unknown,false,1,62.90,62.90,true,1,
5601045300022,false,משקה גוארנה אנטרטיקה פחית 355 מל,סומול וקומפל אס.איי,,משקה גוארנה אנטרטיק,מיליליטרים,356.00,"100 מ""ל",false,1,6.90,1.94,true,1,
5601055005375,false,פינטרולס - עדשי שוקולד בגליל שלישיה 22 גרם,גורי ע.ע.ע. בעמ,PT,שלישייה עדשי שוקולד,גרמים,66.00,100 גרם,false,1,9.40,14.24,true,1,
5601083640104,false,יין סנדמאן פורט טוני 750 מל,,,יין סנדמאן פורט טוני,Unknown,0.00,Unknown,false,1,67.90,67.90,true,1,
5601083641101,false,סנדמאן אפיטיב 750 מל,,,"סנדמאן אפיטיב 750 מ""",Unknown,0.00,Unknown,false,1,83.90,83.90,true,1,
5601083653104,false,יין סנדמאן פורט פאונדרס רזרב 750 מל,,,סנדמאן פורט פאונדרס,Unknown,0.00,Unknown,false,1,77.90,77.90,true,1,
5601217129420,false,וולייט דפים למניעת העברת צבע 20 יחידות,רקיט בנקיזר (ניר איסט) בעמ,,וולייט דפים לשמירה ע,Unknown,0.00,Unknown,false,1,22.50,22.50,true,1,
5601448025089,false,"יין ויה לאטינה בראנקו 750 מ""ל",וורקופה,PT,יין ויה לאטינה בראנק,מיליליטרים,750.00,"100 מ""ל",false,1,39.90,5.32,true,1,
5601448028233,false,"יין ויה לאטינה רוזה מבעבע 750 מ""ל",וורקופה,PT,יין ויה לאטינה רוזה,מיליליטרים,750.00,"100 מ""ל",false,1,39.90,5.32,true,1,
5601996023780,false,"יין פורטה 6 רוזה 750 מ""ל",וידיגל,PT,יין פורטה 6 רוזה 750,Unknown,0.00,Unknown,false,1,49.90,49.90,true,1,
5601996355485,false,"יין פורטה 6 לבן 750 מ""ל",וידיגל,PT,יין פורטה 6 לבן 750,Unknown,0.00,Unknown,false,1,49.90,49.90,true,1,
5601996547897,false,"יין פורטה 6 אדום 750 מ""ל",וידיגל,PT,יין פורטה 6 אדום 750,Unknown,0.00,Unknown,false,1,49.90,49.90,true,1,
5601996669872,false,"יין פורטה 6 וינו ורדה 750 מ""ל",וידיגל,PT,יין פורטה 6 וינו ורד,Unknown,0.00,Unknown,false,1,49.90,49.90,true,1,
5604912415041,false,סרדינים בשמן חמניה פורטוס 125 גרם,קונסרבס פורטוגל נורטה לי,PT,סרדינים בשמן חמניה פ,גרמים,125.00,100 גרם,false,1,6.90,5.52,true,1,
5604912415058,false,סרדינים פורטוס בשמן חמניות חריף 125 גרם,דיפלומט מפיצים (1968) בעמ**,PT,סרדינים בשמן חמניה ח,גרמים,125.00,100 גרם,false,1,6.90,5.52,true,1,
5604912425057,false,מקרלים בשמן חמניה חריף פורטוס 125 גרם,קונסרבס פורטוגל נורטה לי,PT,מקרלים בשמן חמניה חר,גרמים,125.00,100 גרם,false,1,6.90,5.52,true,1,
5608933004369,false,"בירה עלמה לאגר כהה 2003 בקבוק 330 מ""ל",פונטסאלם,PT,בירה עלמה לאגר כהה ב,מיליליטרים,330.00,"100 מ""ל",false,1,6.50,1.97,true,1,
5694230223312,false,כבד דג במיץ טבעי 121 גר BRIVAIS VILNIS,איי סי קורה אי .איץ.,IS,כבד דג במיץ טבעי 121,גרמים,121.00,100 גרם,false,1,10.40,8.60,true,1,
5694230223336,false,כבד דג מעושן 121 גר BRIVAIS VILNIS,איי סי קורה אי .איץ.,IS,כבד דג מעושן 121 גר,גרמים,121.00,100 גרם,false,1,10.40,8.60,true,1,
5701215042391,false,גבינת קממברט 125גר',,,קממבר 125 גרם,גרמים,125.00,100 גרם,false,1,17.90,14.32,true,1,
5701932026964,false,"הוטפופ גרעיני תירס להכנת פופקורן במיקרוגל בטעם טבעי, בתוספת מלח, 600 גרם",ליימן שליסל בע`מ,,הוטפופ מלוח 600 גרם,גרמים,600.00,100 גרם,false,1,14.90,2.48,true,1,
5701932026971,false,הוטפופ גרעיני תירס להכנת פופקורן במיקרוגל בטעם חמאה 600 גרם,ליימן שליסל בע`מ,,הוטפופ חמאה 600 גרם,גרמים,600.00,100 גרם,false,1,14.90,2.48,true,1,
5701932026995,false,"הוטפופ גרעיני תירס להכנת פופקורן במיקרוגל בטעם טבעי מופחת שומן, 510 גרם",קריניציה ויטמינה אס,,פופקורן הופ פופ טבעי,גרמים,510.00,100 גרם,false,1,14.90,2.92,true,1,
5703985072240,false,גבינת דנאבלו 100ג',,,דנאבלו 100 גר,גרמים,100.00,100 גרם,false,1,13.50,13.50,true,1,
5705550300963,false,ביצי דג שיבוט 200 גרם יורו פוד,בני ג`ורג` שוקחה (חיפה) בעמ,,ביצי דג שיבוט 200 גר,גרמים,200.00,100 גרם,false,1,10.90,5.45,true,1,
5706516031358,false,פופקורן להכנה במיקרוגל בטעם טבעי מופחת שומן 5 שקיות,ליימן שליסל בע`מ,,הוטפופ 100 קלוריות,גרמים,160.00,100 גרם,false,1,14.90,9.31,true,1,
5706516110039,false,הוטפופ בטעם טבעי מופחת שומן ונתרן 540 גר,ליימן שליסל בעמ,US,הוטפופ בטעם טבעי מופ,גרמים,540.00,100 גרם,false,1,14.90,2.76,true,1,
5708209201628,false,טורטיה מקמח חיטה 25 אנטיקה קנטינה 370 גרם,ביופט,,עלי טורטייה 370 גר,גרמים,370.00,100 גרם,false,1,22.90,6.19,true,1,
5708776001232,false,"סירופ מייפל אורגני 250 מ""ל Manna",,DK,סירופ מייפל אורגני 2,מיליליטרים,250.00,"100 מ""ל",false,1,29.90,11.96,true,1,
5709120175852,false,גבינת ברי צרפתי 500ג',,FR,ברי צרפתי 500 גרם,גרמים,500.00,100 גרם,false,1,49.50,9.90,true,1,
5710840210013,false,בא לי שג לבן סופר עדין 40גר,סקמדינביין טובקו,,טבק באלי לבן 40 גרם,Unknown,0.00,Unknown,false,1,95.90,95.90,true,1,
5711815015176,false,צעצוע של סיפור- משקה מוגז בטעם תפוח 750מ,,HU,צעצוע של סיפור- משקה,מיליליטרים,750.00,"100 מ""ל",false,1,19.90,2.65,true,1,
5711953106583,false,גבינת שמנת בטעם טבעי 200 גרם ארלה,שטראוס גרופ בעמ/מצונן,IL,גבינת שמנת טבעי ארלה,גרמים,200.00,100 גרם,false,1,15.90,7.95,true,1,
5711953106590,false,גבינת שמנת ארלה שמנת שום 200 גרם,שטראוס גרופ בעמ/מצונן,IL,גבינת שמנת שום ארלה,גרמים,200.00,100 גרם,false,1,15.90,7.95,true,1,
5711953106606,false,גבינת שמנת עם תבלינים ועשבי תיבול 23.5%,שטראוס גרופ בעמ/מצונן,IL,גבינת שמנת עשבי תיבו,גרמים,200.00,100 גרם,false,1,15.90,7.95,true,1,
5711953145230,false,"משקה סטארבקס פרפוצינו 250 מ""ל",,DK,משקה סטארבקס פרפוצינ,מיליליטרים,250.00,"100 מ""ל",false,1,14.90,5.96,true,1,
5711953145339,false,"משקה סטארבקס פרפוצינו מוקה 250 מ""ל",,DK,משקה סטארבקס פרפוצינ,מיליליטרים,250.00,"100 מ""ל",false,1,14.90,5.96,true,1,
5711953148347,false,גבינת שמנת בטעם טבעי 300 גרם ארלה,שטראוס גרופ בעמ (ח),IL,גבינת שמנת טבעי ארלה,גרמים,300.00,100 גרם,false,1,22.90,7.63,true,1,
5711953150548,false,"משקה סטארבקס פרפוצינו קוקיז 250 מ""ל",,DK,משקה סטארבקס פרפוצינ,מיליליטרים,250.00,"100 מ""ל",false,1,14.90,5.96,true,1,
5740900403215,false,ממרח חמאה דנית לורפק עם מלח 250 גרם,שטראוס גרופ בעמ/מצונן,DK,ממרח לורפק עם מלח 25,גרמים,250.00,100 גרם,false,1,16.90,6.76,true,1,
5740900403222,false,ממרח לורפק חמאה עם מלח מופחת שומן 250 ג,שטראוס גרופ בעמ/מצונן,DK,ממרח לורפק עם מלח מו,גרמים,250.00,100 גרם,false,1,16.90,6.76,true,1,
5740900403239,false,ממרח חמאה דנית לורפק ללא מלח 250 גרם,שטראוס גרופ בעמ/מצונן,DK,ממרח לורפק ללא מלח 2,גרמים,250.00,100 גרם,false,1,16.90,6.76,true,1,
5740900403246,false,ממרח לורפק ללא תוספת מלח 500 גר,שטראוס גרופ בעמ/מצונן,DK,ממרח לורפק ללא מלח 5,גרמים,500.00,100 גרם,false,1,28.90,5.78,true,1,
5740900403253,false,ממרח מחמאת לורפק עם מלח 500 ג',שטראוס גרופ בעמ/מצונן,DK,ממרח לורפק עם מלח 50,גרמים,500.00,100 גרם,false,1,28.90,5.78,true,1,
5740900403260,false,ממרח מחמאת לורפק ללא מלח 27% פחות שומן,שטראוס גרופ בעמ/מצונן,DK,ממרח לורפק ללא מלח מ,גרמים,250.00,100 גרם,false,1,16.90,6.76,true,1,
5760466976350,false,"משקה סטארבקס מוקה 250 מ""ל",,DK,משקה סטארבקס מוקה 25,מיליליטרים,250.00,"100 מ""ל",false,1,13.50,5.40,true,1,
5774540132006,false,אנטון ברג שוקולד קרם קרמל וקונטרו 90 ג,,,אנטון ברג שוקולד קרם,גרמים,90.00,100 גרם,false,1,19.90,22.11,true,1,
5774540132105,false,אנטון ברג שוקולד קרם קרמל וגים בים 90 ג,,,אנטון ברג שוקולד קרם,גרמים,90.00,100 גרם,false,1,19.90,22.11,true,1,
5774540133706,false,אנטון ברג-מיני טאבלטס קרם קרמל וליקר 100,,,אנטון ברג-מיני טאבלט,גרמים,100.00,100 גרם,false,1,24.90,24.90,true,1,
5774540694306,false,אנטון ברג בקבוקים שחור אורך 250 גרם,Anthon Berg,,אנטון ברג בקבוקים שח,גרמים,250.00,100 גרם,false,1,73.50,29.40,true,1,
5774540870007,false,אנטון ברג-בקבוקוני שוקולד עם ליקרים 62גר,Anthon Berg,,אנטון ברג-בקבוקוני ש,גרמים,62.00,100 גרם,false,1,21.90,35.32,true,1,
5774540924502,false,מרציפן מצופה שוקולד מריר 75 גר אנטון ברג,,,מרציפן מצופה שוקולד,גרמים,75.00,100 גרם,false,1,13.50,18.00,true,1,
5774540984056,false,אנטון ברג-מרציפן תות שדה ושמפניה 220 גר,Anthon Berg,,אנטון ברג-מרציפן תות,גרמים,220.00,100 גרם,false,1,41.90,19.05,true,1,
5774540984155,false,אנטון ברג-מרציפן אוכמניות בוודקה 220 גר,Anthon Berg,,אנטון ברג-מרציפן אוכ,גרמים,220.00,100 גרם,false,1,41.90,19.05,true,1,
5774540984254,false,אנטון ברג-מרציפן משמש בברנדי 220 גר,Anthon Berg,,אנטון ברג-מרציפן משמ,גרמים,220.00,100 גרם,false,1,41.90,19.05,true,1,
5774540984452,false,אנטון ברג-מרציפן דובדבן ברום 220 גר,Anthon Berg,,אנטון ברג-מרציפן דוב,גרמים,220.00,100 גרם,false,1,41.90,19.05,true,1,
5774540989853,false,אנטון ברג-מרציפן פטל בליקר תפוז 220 גר,Anthon Berg,,אנטון ברג-מרציפן פטל,גרמים,220.00,100 גרם,false,1,41.90,19.05,true,1,
5774540990057,false,אנטון ברג-מרציפן אוכמניות בוודקה 220 גר,Anthon Berg,,אנטון ברג-מרציפן אוכ,גרמים,220.00,100 גרם,false,1,41.90,19.05,true,1,
5900017062419,false,"ניוואה - תחליב רחצה ורדים ושמן שקדים 750 מ""ל",אלפא ב.ד.ף בעמ,,תחליב רחצה ניוואה ור,מיליליטרים,750.00,"100 מ""ל",false,1,17.90,2.39,true,1,
5900020012814,false,דגנים תפוחים בטעם שוקולד נסקוויק נסטלה 500 גרם,קבוצת אוסם סחר שותפות מוגבלת,,דגנים נסקוויק 500 גר,גרמים,375.00,100 גרם,false,1,25.50,6.80,true,1,
5900020015174,false,פיטנס חטיפי אנרגיה דגנים בטעם שוקולד נסטלה 6*23.5 גרם,קבוצת אוסם סחר-שות.מוגבלת,,פיטנס חטיף דגנים שוק,גרמים,141.00,100 גרם,false,1,17.90,12.70,true,1,
5900020018908,false,פיטנס חטיפי אנרגיה דגנים בטעם קרם עוגיות נסטלה 6*23.5 גרם,קבוצת אוסם סחר-שות.מוגבלת,,פיטנס חטיף דגנים קרם,גרמים,141.00,100 גרם,false,1,18.80,13.33,true,1,
5900020020710,false,מארז חטיף דגנים קראנץ' בטעם שוקו וניל נסטלה,קבוצת אוסם סחר שותפות מוגבלת,,חטיפי דגנים קראנץ בר,גרמים,150.00,100 גרם,false,1,16.90,11.27,true,1,
5900020024770,false,פיטנס - דליס חטיף דגנים שוקולד אגוז 22.50 גרם * 6,קבוצת אוסם סחר שותפות מוגבלת,,פיטנס בר דליס שוקולד,גרמים,135.00,100 גרם,false,1,18.80,13.93,true,1,
5900020024817,false,פיטנס דליס Fitness Delice חטיף דגנים עם שוקולד לבן,קבוצת אוסם סחר שותפות מוגבלת,,פיטנס בר דליס שוקולד,גרמים,135.00,100 גרם,false,1,18.80,13.93,true,1,
5900020025647,false,חטיף דגנים פיטנס שוקולד חלב 135 גרם מארז 6 יחידות,קבוצת אוסם סחר שותפות מוגבלת,,פיטנס בר דליס שוקולד,גרמים,135.00,100 גרם,false,1,18.80,13.93,true,1,
5900020026552,false,דגני בוקר האני נאט צ'יריוס בטעם דבש ושקדים,קבוצת אוסם סחר שותפות מוגבלת,,האני נאט ציריוס מלחמ,גרמים,625.00,100 גרם,false,1,25.90,4.14,true,1,
5900020029669,false,פיטנס - חטיף דגנים פירות יער 23.50 גרם * 6,קבוצת אוסם סחר שותפות מוגבלת,,חטיפי דגנים פיטנס פי,גרמים,141.00,100 גרם,false,1,18.80,13.33,true,1,
5900020031877,false,נסטלה האני ציריוס חטיף דגני בוקר שישייה,קבוצת אוסם סחר-שות.מוגבלת,,מארז חטיף דגנים צריו,גרמים,132.00,100 גרם,false,1,16.90,12.80,true,1,
5900020032454,false,מארז חטיף פיטנס עוגיות 8 X 23.5 גרם,קבוצת אוסם סחר שותפות מוגבלת,,פיטנס מארז חטיף עוגי,גרמים,138.00,100 גרם,false,1,18.80,13.62,true,1,
5900020033314,false,חטיף דגני בוקר Lion בטעם קרמל ושוקולד על קרם חלב,קבוצת אוסם סחר שותפות מוגבלת,PL,ליון חטיף דגנים 150,גרמים,150.00,100 גרם,false,1,16.90,11.27,true,1,
5900020034021,false,פיטנס חטיף דגנים שוקו בננה נסטלה (23.5x6,קבוצת אוסם סחר שותפות מוגבלת,PL,פיטנס בר דליס שוקולד,גרמים,188.00,100 גרם,false,1,18.80,10.00,true,1,
5900020034991,false,דגני בוקר צדפים בטעם שוקולד 450 ג' קראנץ',קבוצת אוסם סחר שותפות מוגבלת,,קראנץ צדפים בטעם שוק,גרמים,450.00,100 גרם,false,1,24.90,5.53,true,1,
5900020036407,false,ליון דגני בוקר שוקולד וקרמל נסטלה 480 גרם,קבוצת אוסם סחר שותפות מוגבלת,FR,דגני בוקר שוקולד וקר,גרמים,480.00,100 גרם,false,1,25.90,5.40,true,1,
5900020039590,false,פיטנס חטיף דגנים קלאסי 6.8*23.5גר פרווה,קבוצת אוסם סחר-שות.מוגבלת,PL,פיטנס חטיף דגנים קלא,גרמים,141.00,100 גרם,false,1,18.80,13.33,true,1,
5900020039620,false,פיטנס חטיף דגנים שקדים ודבש פרווה 8 6*23 ג,קבוצת אוסם סחר שותפות מוגבלת,PL,פיטנס חטיף דגנים שקד,גרמים,140.00,100 גרם,false,1,18.80,13.43,true,1,
5900073020071,false,חטיפי תפוא בט.בייקון מעושן פרזיסנקי135גר,,,חטיפי תפוא בט.בייקון,גרמים,135.00,100 גרם,false,1,14.90,11.04,true,1,
5900073020088,false,חטיפי תפוא בטעם גבינה ובצל פרזיסנקי 135ג,,,חטיפי תפוא בטעם גבינ,גרמים,135.00,100 גרם,false,1,14.90,11.04,true,1,
5900073020293,false,חטיפי תירס בטעם בצל ירוק פרזיסנקי 150 גר,,,חטיפי תירס בטעם בצל,גרמים,150.00,100 גרם,false,1,14.90,9.93,true,1,
5900073180935,false,חטיפי תפוא בטעם חמאה פרזיסנקי 135 גר,,,חטיפי תפוא בטעם חמאה,גרמים,135.00,100 גרם,false,1,14.90,11.04,true,1,
5900073180959,false,חטיפי תפוא בטעם שמנת ובצל פרזיסנקי 135גר,,,חטיפי תפוא בטעם שמנת,גרמים,135.00,100 גרם,false,1,14.90,11.04,true,1,
5900238584349,false,לשנות חתול 100 גרם,,PL,ברון שוקולד לשונות ח,גרמים,100.00,100 גרם,false,1,9.90,9.90,true,1,
5900353612965,false,בונ לב פח שרי 185 ג MIESZKO CHERRISSIM,MIESZKO,PL,בונ לב פח שרי 185 ג,גרמים,185.00,100 גרם,false,1,44.90,24.27,true,1,
5900353615683,false,בונ וויסקי בשוקולד מריר 180 ג MIESZKO,MIEZSKO,PL,בונ וויסקי בשוקולד מ,גרמים,180.00,100 גרם,false,1,22.90,12.72,true,1,
5900353615690,false,בונ ברנדי בשוקולד מריר 180 ג MIESZKO,MIEZSKO,PL,בונ ברנדי בשוקולד מר,גרמים,180.00,100 גרם,false,1,22.90,12.72,true,1,
5900353616321,false,בונבוניירה שוקולדורו 178 גרם MIESZKO,MIESZKO,,בונבוניירה שוקולדורו,גרמים,178.00,100 גרם,false,1,29.90,16.80,true,1,
5900353618288,false,בונבוניירת לב פח שרי,MIEZSKO,PL,בונ שרי 285 ג MIEZSK,גרמים,285.00,100 גרם,false,1,39.90,14.00,true,1,
5900353647219,false,קופסה סליווקה שזיפים בשוקולד מריר 205 ג,,,קופסה סליווקה שזיפים,גרמים,205.00,100 גרם,false,1,16.90,8.24,true,1,
5900353647257,false,בונ פח סליווקה שזיפים בשוקולד מריר 325,,,בונ פח סליווקה שזיפי,גרמים,325.00,100 גרם,false,1,54.90,16.89,true,1,
5900396016157,false,חליטת ורד הבר ותפוח פירמידה 40 גרם LOYD,,PL,חליטת ורד הבר ותפוח,גרמים,40.00,100 גרם,false,1,10.90,27.25,true,1,
5900396017291,false,חליטת שזיף וקינמון פירמידה 40 גרם LOYD,,PL,חליטת שזיף וקינמון פ,גרמים,40.00,100 גרם,false,1,10.90,27.25,true,1,
5900396020864,false,לויד פרימידה תה חליטת מאטה מנדרין,,,חליטת מאטה מנדרין פי,Unknown,0.00,Unknown,false,1,10.90,10.90,true,1,
5900396031112,false,רויבוש תפוז וקינמון 2*20יחי 40 גרם LOYD,,,רויבוש תפוז וקינמון,Unknown,0.00,Unknown,false,1,11.40,11.40,true,1,
5900617035882,false,חטיף חלבון נוטרישיין בטעם שוקולד,סיטי תוספי מזון,PL,חטיף פרוטאין 33 בטעם,גרמים,50.00,100 גרם,false,1,9.90,19.80,true,1,
5900617035905,false,חטיף חלבון נוטרישיין בטעם קרמל מלוח,סיטי תוספי מזון,PL,חטיף פרוטאין 33 בטעם,גרמים,50.00,100 גרם,false,1,9.90,19.80,true,1,
5900617035929,false,חטיף חלבון נוטרישיין בטעם וניל תות יער,סיטי תוספי מזון,PL,חטיף פרוטאין 33 בטעם,גרמים,50.00,100 גרם,false,1,9.90,19.80,true,1,
5900627063233,false,טבליות למדיח הכל ב-1 פיניש מקס 50 יחידות,רקיט בנקיזר (ניר איסט) בעמ,,פיניש טבליות הכל ב-1,Unknown,0.00,Unknown,false,1,36.90,36.90,true,1,
5900627066715,false,טבליות למדיח פיניש הכל ב-1 100 יח,רקיט בנקיזר (ניר איסט) בעמ,PL,טבליות למדיח פיניש ה,יחידה,1.00,יחידה,false,1,59.90,59.90,true,1,
5900649052666,false,קפוצינו להכנה מהירה קלאסי 100 גרם LOYD,מוטוקה ס.א,,קפוצינו להכנה מהירה,גרמים,100.00,100 גרם,false,1,10.90,10.90,true,1,
5900649056701,false,מלבין לקפה 400 גרם LOYD,,,LOYD מלבין לקפה 400,גרמים,400.00,100 גרם,false,1,16.60,4.15,true,1,
5900820014230,false,גבינה מתכת נורווסקי סלמון 150ג' -מלקפול,מלקפול,,גבינה נורווסקי סלמון,גרמים,150.00,100 גרם,false,1,14.90,9.93,true,1,
5900951291593,false,אם אנד אם קרמל מלוח 70 גרם,מרס,,אם אנד אם קרמל מלוח,גרמים,175.00,100 גרם,false,1,10.90,6.23,true,1,
5900951293610,false,אם אנד אם בראוניז 70 גרם,מרס,,אם אנד אם בראוניז 70,גרמים,175.00,100 גרם,false,1,10.90,6.23,true,1,
5901008990100,false,פרוסות מלפפונים עם רצועות פלפל אדום,,PL,פרוסות מלפפון ופלפל,גרמים,850.00,100 גרם,false,1,14.90,1.75,true,1,
5901008990155,false,עגבניות ירוקות-פלפל 840 גר Polan,,PL,עגבניות ירוקות פלפל,גרמים,840.00,100 גרם,false,1,13.50,1.61,true,1,
5901008990162,false,סלט כרוב עם סלק 900 גרם Polan,,PL,סלט כרוב עם סלק 900,גרמים,900.00,100 גרם,false,1,12.90,1.43,true,1,
5901008990292,false,סלט כרוב וגזר כבוש 900 גרם Polan,,PL,סלט כרוב וגזר כבוש 9,גרמים,900.00,100 גרם,false,1,15.90,1.77,true,1,
5901008990322,false,שימורי פטיסונים מוחמצים 860 גר POLAN,,,שימורי פטיסונים מוחמ,גרמים,860.00,100 גרם,false,1,21.90,2.55,true,1,
5901008990339,false,פרוסות מלפפונים מוחמצים 660 גר POLAN,,,פרוסות מלפפונים מוחמ,גרמים,660.00,100 גרם,false,1,15.30,2.32,true,1,
5901008990407,false,שימורי מלפפונים מוחמצים 860 גר POLAN,,,שימורי מלפפונים מוחמ,גרמים,860.00,100 גרם,false,1,19.90,2.31,true,1,
5901008990421,false,שימורי עגבניות שרי כבושות 880 גר POLAN,,PL,שימורי עגבניות שרי כ,גרמים,880.00,100 גרם,false,1,19.90,2.26,true,1,
5901008990445,false,ריבועי פלפל אדום 680 גר POLAN,,,ריבועי פלפל אדום 680,גרמים,680.00,100 גרם,false,1,16.90,2.49,true,1,
5901008990452,false,כרוב כבוש 900 גר POLAN,,,כרוב כבוש 900 גר POL,גרמים,900.00,100 גרם,false,1,16.90,1.88,true,1,
5901008990599,false,מלפפונים קורנישונים מוחמצים 860 גר POLAN,,,מלפפונים קורנישונים,גרמים,860.00,100 גרם,false,1,21.90,2.55,true,1,
5901046990315,false,חזרת אדומה 180 גר POLAN,,,חזרת אדומה 180 גר PO,גרמים,180.00,100 גרם,false,1,10.90,6.06,true,1,
5901064761805,false,"שיכר פטל 750 מ""ל NALEWKA BABUNI",וינפוד,,"שיכר פטל 750 מ""ל NAL",מיליליטרים,750.00,"100 מ""ל",false,1,30.90,4.12,true,1,
5901064761911,false,"שיכר אוכמניות 750 מ""ל NALEWKA BABUNI",וינפוד,,"שיכר אוכמניות 750 מ""",מיליליטרים,750.00,"100 מ""ל",false,1,30.90,4.12,true,1,
5901154046157,false,משקה דגנים קלאסי ללא קפאין 100 גר INKA,GRANA ARMANDO,,משקה דגנים קלאסי ללא,גרמים,100.00,100 גרם,false,1,15.90,15.90,true,1,
5901177153597,false,סרגל שרי פאשן 98 גר VOBRO,,,סרגל שרי פאשן 98 גר,גרמים,98.00,100 גרם,false,1,15.90,16.22,true,1,
5901330076145,false,"אבקת חלבון בטעם שוקו 2.27 ק""ג",,,אבקת חלבון בטעם שוקו,קילוגרמים,0.00,"ק""ג",false,1,339.00,339.00,true,1,
5901414200411,false,בלזן היט מיני ביסקוויט סנדוויץ' עם מילוי קרם בטעם שוקולד 130 גרם,ליימן שליסל בע`מ,,ביסקוויט מיניס ממולא,גרמים,130.00,100 גרם,false,1,8.90,6.85,true,1,
5901489038186,false,שימורי כבד דג שיבוט,,,שימורי כבד דג שיבוט,Unknown,1.00,Unknown,false,1,13.90,13.90,true,1,
5901669485663,false,ברון שוקולד מריר תפוז 100 גרם,,PL,ברון שוקולד מריר תפו,גרמים,100.00,100 גרם,false,1,9.90,9.90,true,1,
5901677000926,false,ברון שוקולד מריר מנטה 100 גרם,,PL,ברון שוקולד מריר מנט,גרמים,100.00,100 גרם,false,1,9.90,9.90,true,1,
5902198160403,false,XL משקה אנרגיה מוגז ללא סוכר עד 10 קלוריות לפחית 250 מל,"טמפו משקאות בע""\מ",,XL TEN משקה אנרגיה,מיליליטרים,250.00,"100 מ""ל",false,1,4.90,1.96,true,1,
5902377000629,false,ממרח על בסיס גבינה מותכת פטריות 100 גר,KOROVKINO,,ממרח על בסיס גבינה מ,גרמים,100.00,100 גרם,false,1,5.90,5.90,true,1,
5902377000650,false,ממרח על בסיס גבינה מותכת סלמון 100 גר,KOROVKINO,,ממרח על בסיס גבינה מ,גרמים,100.00,100 גרם,false,1,5.90,5.90,true,1,
5902510274146,false,ממרח סלמון עם שום 100 גר,,PL,ממרח סלמון עם שום 10,גרמים,100.00,100 גרם,false,1,4.90,4.90,true,1,
5902510274153,false,ממרח סלמון קלאסי 100 גר,,PL,ממרח סלמון קלאסי 100,גרמים,100.00,100 גרם,false,1,4.90,4.90,true,1,
5902510275310,false,ממרח כבד אווז ופטריות 130 גר GURMANOFF,,,ממרח כבד אווז ופטריו,גרמים,130.00,100 גרם,false,1,5.90,4.54,true,1,
5902510275327,false,ממרח בטעם כבד אווז ופטריות 300 גרם PASHT,,,ממרח בטעם כבד אווז ו,גרמים,300.00,100 גרם,false,1,10.90,3.63,true,1,
5902510275334,false,ממרח בטעם כבד אווז 130 גר GURMANOFF,,,ממרח בטעם כבד אווז 1,גרמים,130.00,100 גרם,false,1,5.90,4.54,true,1,
5902510275341,false,ממרח בטעם כבד אווז דליקטס 300 ג,,PL,ממרח בטעם כבד אווז ד,גרמים,300.00,100 גרם,false,1,10.90,3.63,true,1,
5902510275358,false,ממרח בטעם כבד ברווז 130 גר GURMANOFF,,,ממרח בטעם כבד ברווז,גרמים,130.00,100 גרם,false,1,5.90,4.54,true,1,
5902510275365,false,"ממרח בטעם כבד ברווז ""צרפתי"" 300 גרם",,PL,ממרח בטעם כבד ברווז,גרמים,300.00,100 גרם,false,1,10.90,3.63,true,1,
5902510275372,false,ממרח בטעם כבד ברווז צרפ 130 גר GURMANOFF,,,ממרח בטעם כבד ברווז,גרמים,130.00,100 גרם,false,1,5.90,4.54,true,1,
5902510275389,false,"ממרח בטעם כבד ברווז ""צרפתי"" 300 גרם PASH",,,ממרח בטעם כבד ברווז,גרמים,300.00,100 גרם,false,1,10.90,3.63,true,1,
5902510275396,false,ממרח בטעם כבד עוף עדין 130 גר GURMANOFF,,,ממרח בטעם כבד עוף עד,גרמים,130.00,100 גרם,false,1,5.90,4.54,true,1,
5902510275402,false,"ממרח בטעם כבד אווז ""דליקטס"" 300 גרם",,PL,"ממרח בטעם כבד אווז """,גרמים,300.00,100 גרם,false,1,10.90,3.63,true,1,
5902581685520,false,ברון שוקולד חלב עם שברי אגוזי לוז 220 ג,,,ברון שוקולד חלב עם ש,גרמים,220.00,100 גרם,false,1,12.90,5.86,true,1,
5902581689344,false,ברון שוקולד מריר 70% עם קפה 100 גרם,,PL,ברון שוקולד מריר 70%,גרמים,100.00,100 גרם,false,1,9.90,9.90,true,1,
5902768879025,false,כבד דג שיבוט במיץ טבעי 230 גר ROYAL FISH,,LT,כבד דג שיבוט במיץ טב,גרמים,230.00,100 גרם,false,1,16.70,7.26,true,1,
5902781000130,false,חליטת תה פטל מלווה 25 שק,,PL,חליטת תה פטל מלווה 2,גרמים,50.00,100 גרם,false,1,12.90,25.80,true,1,
5902781000192,false,תה מרווה מלווה 25 יח,,PL,תה מרווה מלווה 25 יח,גרמים,50.00,100 גרם,false,1,12.90,25.80,true,1,
5902781000499,false,תה ירוק מלווה 25 יח,,,תה ירוק מלווה 25 יח,Unknown,0.00,Unknown,false,1,12.90,12.90,true,1,
5902781001205,false,חליטת תה עלי סרפד מלווה 25 שק,,PL,חליטת תה עלי סרפד מל,גרמים,50.00,100 גרם,false,1,12.90,25.80,true,1,
5902781001304,false,חליטת תה מליסה מלווה 25 יח,,PL,חליטת תה מליסה מלווה,גרמים,50.00,100 גרם,false,1,12.90,25.80,true,1,
5902781002028,false,חליטת תה שומר מלווה 25 שק,,PL,חליטת תה שומר מלווה,גרמים,50.00,100 גרם,false,1,12.90,25.80,true,1,
5902808786672,false,"טורטילאב-דפי טורטייה 20 ס""מ 320 גרם",יושלם,PL,טורטילאב-דפי טורטייה,גרמים,320.00,100 גרם,false,1,10.90,3.41,true,1,
5902808786696,false,"טורטילאב-דפי טורטייה 25 ס""מ 360 גר1/15",יושלם,PL,טורטילאב-דפי טורטייה,גרמים,360.00,100 גרם,false,1,10.90,3.03,true,1,
5904358560009,false,ברון שוקולד מריר 72% 126 גרם,,PL,ברון שוקולד מריר 72%,גרמים,126.00,100 גרם,false,1,12.90,10.24,true,1,
5904358560023,false,ברון ש. מריר עם חתיכות פטל 126 גרם,,PL,ברון שוקולד מריר עם,גרמים,126.00,100 גרם,false,1,12.90,10.24,true,1,
5904358560047,false,ברון שוקולד מריר עם קרמל ומלח ים 126 גרם,,PL,ברון שוקולד מריר עם,גרמים,126.00,100 גרם,false,1,12.90,10.24,true,1,
5904358560146,false,ברון שוקולד חלב קוקוס ושקדים 220 גרם,,PL,ברון שוקולד חלב קוקו,גרמים,220.00,100 גרם,false,1,12.90,5.86,true,1,
5904358560160,false,ברון לשונות חתול מריר 100 גרם,,PL,ברון לשונות חתול מרי,גרמים,100.00,100 גרם,false,1,9.90,9.90,true,1,
5904603190302,false,סלט כרוב כבוש 850 גר *DWOREK*,דבורק,,סלט כרוב כבוש 850,גרמים,850.00,100 גרם,false,1,11.90,1.40,true,1,
5904603190654,false,שימורי עגבניות צהוב-אדום בחומץ 850 גר,דבורק,PL,שימורי עגבניות צהוב-,גרמים,880.00,100 גרם,false,1,13.90,1.58,true,1,
5904603191323,false,מלפפונים כבושים 850 גר DWOREK,דבורק,,מלפפונים כבושים 850,גרמים,850.00,100 גרם,false,1,13.50,1.59,true,1,
5904603192054,false,מלפפונים בחומץ ברוטב חרדל 700 גר,,,מלפפונים בחומץ ברוטב,גרמים,700.00,100 גרם,false,1,13.90,1.99,true,1,
5904941750312,false,"משקה אנרגיה BLU מוחיטו בודד 250 מ""ל",בני פאוזי שמשום (2009) בעמ,,משקה אנרגיה BLU מו,מיליליטרים,250.00,"100 מ""ל",false,1,3.90,1.56,true,1,
5904941751302,false,משקה אנרגיה בפחית בלו (250 מל),בני פאוזי שמשום (2009) בעמ,,משקה אנרגיה BLU בוד,מיליליטרים,250.00,"100 מ""ל",false,1,4.00,1.60,true,1,
5904941751371,false,"בלו אקזוטי (מלון תפוח) 250 מ""ל בודד",בני פאוזי שמשום (2009) בעמ,,משקה אנרגיה BLU אקז,מיליליטרים,250.00,"100 מ""ל",false,1,3.90,1.56,true,1,
5904941751524,false,"משקה אנרגיה BLU DAY אבטיח בודד 250 מ""ל",בני פאוזי שמשום (2009) בעמ,,משקה אנרגיה BLU DAY,מיליליטרים,250.00,"100 מ""ל",false,1,3.90,1.56,true,1,
5904941751920,false,בלו משקה אנרגיה דיי חצי מכמות הקלו250 מל,בני פאוזי שמשום (2009) בעמ,,משקה אנרגיה BLU DAY,מיליליטרים,250.00,"100 מ""ל",false,1,3.90,1.56,true,1,
5906485301012,false,משקה אנרגיה XL מוגז פחית 250 מל,"טמפו משקאות בע""מ",,משקה אנרגיה XL פחית,מיליליטרים,250.00,"100 מ""ל",false,1,4.90,1.96,true,1,
5906485304334,false,גלידה משפחתית קפה לטה 490 גר,,PL,גלידה משפחתית קפה לט,גרמים,490.00,100 גרם,false,1,20.90,4.27,true,1,
5907042013751,false,עוגיות ממולאות קרם א,,PL,עוגיות קרם בטעם אגוז,Unknown,1.00,Unknown,false,1,8.90,8.90,true,1,
5907042018732,false,עוגיות ממולאות בטעם,,PL,עוגיות תות שדה150 גר,Unknown,1.00,Unknown,false,1,8.90,8.90,true,1,
5907443604275,false,ברון אצבעות ש.מריר מרציפן ופיסטוק 200 גר,,PL,ברון אצבעות ש.מריר מ,גרמים,100.00,100 גרם,false,1,12.90,12.90,true,1,
5907623350404,false,כבד דג שיבות 240 גרם,,,כבד דג שיבות 240 גרם,גרמים,240.00,100 גרם,false,1,18.80,7.83,true,1,
5907713370329,false,סוכריות טופי קוקוס טעם טופי אורגני 150 ג,קוקירניזה ספולדזילניה אינוואלידו ידנוסק,PL,סוכריות טופי קוקוס ט,גרמים,150.00,100 גרם,false,1,21.90,14.60,true,1,
5907713370381,false,סוכריות טופי קוקוס וקקאו אורגני 150 ג,קוקירניזה ספולדזילניה אינוואלידו ידנוסק,PL,סוכריות טופי קוקוס ו,גרמים,150.00,100 גרם,false,1,21.90,14.60,true,1,
5941000025585,false,"חטיפי תפ""א הגל טעם פלפל חריף לייס 130 ג",,RO,"חטיפי תפ""א הגל טעם פ",גרמים,130.00,100 גרם,false,1,18.90,14.54,true,1,
5941000025615,false,"חטיפי תפ""א בטעם גבינה של לייס 140 גר",,RO,"חטיפי תפ""א בטעם גבינ",גרמים,140.00,100 גרם,false,1,18.90,13.50,true,1,
5941021000639,false,טבלת שוקולד חלב אגוז היידי גראנדור 100 ג',היידי שוקולד בירונטי,,שוקולד היידי חלב אגו,גרמים,100.00,100 גרם,false,1,10.40,10.40,true,1,
5941021000899,false,טבלת שוקולד מריר אגוז היידי גראנדור 100 ג',היידי שוקולד בירונטי,,היידי מריר אגוז 100ג,גרמים,100.00,100 גרם,false,1,10.40,10.40,true,1,
5941021001247,false,טבלת שוקולד בטעם קפה היידי גראנדור 80 ג',היידי שוקולד בירונטי,,טבלת היידי גראנדור,Unknown,0.00,Unknown,false,1,9.90,9.90,true,1,
5941021001254,false,טבלת שוקולד בטעם תפוז היידי גראנדור 80 ג',,,טבלת היידי גראנדור ת,גרמים,80.00,100 גרם,false,1,9.90,12.38,true,1,
5941021001261,false,טבלת שוקולד היידי גראנדור 75% 80 ג',היידי שוקולד בירונטי,RO,שוקולד היידי 75% 80,גרמים,80.00,100 גרם,false,1,10.80,13.50,true,1,
5941021002190,false,טבלת שוקולד לבן אגוז היידי גראנדור 100 ג',היידי שוקולד בירונטי,,טבלת היידי גראנדור ל,גרמים,100.00,100 גרם,false,1,10.40,10.40,true,1,
5941021002282,false,היידי גורמה דובדבן 100ג,,RO,טבלת שוקולד היידי גו,גרמים,100.00,100 גרם,false,1,11.90,11.90,true,1,
5941021005122,false,טבלת שוקולד חמוציות היידי גראנדור 80 ג',היידי שוקולד בירונטי,,היידי חמוציות 80ג,גרמים,80.00,100 גרם,false,1,10.80,13.50,true,1,
5941021005139,false,טבלת שוקולד חלב שקד היידי גראנדור 100 ג',,,טבלת היידי גראנדור ח,גרמים,100.00,100 גרם,false,1,10.40,10.40,true,1,
5941021007577,false,טבלת שוקולד פיסטוק היידי גראנדור 80 ג',היידי שוקולד בירונטי,,טבלת היידי גראנדור פ,Unknown,0.00,Unknown,false,1,9.90,9.90,true,1,
5941021008208,false,טבלת שוקולד מלח שחור היידי גראנדור 80 ג',היידי שוקולד בירונטי,RO,טבלת היידי גראנדור מ,גרמים,80.00,100 גרם,false,1,9.90,12.38,true,1,
5941021008673,false,טבלת שוקולד לבן שקד פיסטוק היידי גראנדור 100 ג',היידי שוקולד בירונטי,,טבלת היידי גראנדור ל,גרמים,100.00,100 גרם,false,1,10.40,10.40,true,1,
5941021016401,false,טבלת שוקולד מריר שקד היידי גראנדור 100 ג',היידי שוקולד בירונטי,PL,טבלת היידי גראנדור מ,גרמים,100.00,100 גרם,false,1,10.40,10.40,true,1,
5941021022303,false,טבלת שוקולד היידי מריר עם דובדבן 80 גר,,RO,טבלת שוקולד היידי מר,גרמים,80.00,100 גרם,false,1,9.90,12.38,true,1,
5941850163048,false,עוגה עם קפה נמס בטעם טירמיסו 300 גרם,,RO,עוגת טרמיסו אקאסה 30,גרמים,300.00,100 גרם,false,1,15.90,5.30,true,1,
5941868200063,false,חטיף תירס מצופה בטעם,,RO,חטיף תירס מצופה בטעם,Unknown,1.00,Unknown,false,1,5.90,5.90,true,1,
5941868200414,false,חטיף תירס פטל וקקאו,,RO,חטיף תירס פטל וקקאו,Unknown,1.00,Unknown,false,1,5.90,5.90,true,1,
5941868204023,false,חטיף תירס מלוח 85 גר,,RO,חטיף תירס מלוח 85 גר,Unknown,1.00,Unknown,false,1,8.90,8.90,true,1,
5941868204917,false,חטיף תירס גבינה טבעו,,RO,חטיף תירס גבינה טבעו,Unknown,1.00,Unknown,false,1,7.90,7.90,true,1,
5941974202487,false,"בירה בהירה ""פוסטובארו"" בלונד 500 מ""ל",,RO,"בירה בהירה ""פוסטובאר",מיליליטרים,500.00,"100 מ""ל",false,1,5.90,1.18,true,1,
5941974202678,false,"בירה בהירה ""לופ"" בלונד 500 מ""ל",,RO,"בירה בהירה ""לופ"" בלו",מיליליטרים,500.00,"100 מ""ל",false,1,5.90,1.18,true,1,
5942219000059,false,מים מינרלים בורסק 1.5 ליטר,,,מים מינרלים בורסק,ליטרים,0.00,ליטר,false,1,9.90,9.90,true,1,
5948530002147,false,ווג סופרסלימס לילך עשירייה,Unknown,,ווג סופרסלימס לילך ע,יחידה,1.00,יחידה,false,1,375.00,375.00,true,1,
5948559002753,false,5 מטליות ניקוי בעלות ספיגה מקסימלית,3m,IT,מטלית ניקוי 5 יח,Unknown,0.00,Unknown,false,1,16.70,16.70,true,1,
5996496000721,false,בונבוניירה רושן דובדבן ליקר שרי 192 גרם,דילר בי.אמ.די.אינטרנשויונל בעמ,,בונבוניירה שרי קווין,גרמים,192.00,100 גרם,false,1,23.90,12.45,true,1,
5996496002855,false,בונבוניירה רושן 108 גר CHERRY QUEEN,בונבון טטי ק.פ.ט,HU,בונבוניירה רושן 108,גרמים,108.00,100 גרם,false,1,14.90,13.80,true,1,
5997321701806,false,אבקה למניעת אבנית במכונת כביסה 2 ב-1,רקיט בנקיזר (ניר איסט) בעמ,,אבקה למניעת אבנית קל,גרמים,1000.00,100 גרם,false,1,36.50,3.65,true,1,
5997321770307,false,ויט רצועות שעווה מוכנות לעור רגיש 12 יחידות,רקיט בנקיזר (ניר איסט) בעמ,,רצועות שעווה ויט,Unknown,0.00,Unknown,false,1,41.90,41.90,true,1,
5998710131877,false,בונבונטי חטיף דובדבן בשוקולד 36 גרם,דילר בי.אמ.די.אינטרנשיונל בעמ,HU,בונבונטי חטיף דובדבן,גרמים,36.00,100 גרם,false,1,3.90,10.83,true,1,
5998749104392,false,פדיגרי דנטאסטיקס כלב מדיום 77 גרם (3 יח') BP35C,שחורי אריה ואנסטסיה,,פדיגרי דנטהסטיקס18X7,גרמים,77.00,100 גרם,false,1,7.90,10.26,true,1,
5998749108550,false,חטיף ויסקס עוף וגבינה 60,שחורי אריה ואנסטסיה,,ויסקס טמפציקן 60 גר,גרמים,60.00,100 גרם,false,1,13.90,23.17,true,1,
5998749108574,false,חטיף בקר לחתולים 60 גרם וויסקס,שחורי אריה ואנסטסיה,,ויסקס טמפביף 60 גר,גרמים,60.00,100 גרם,false,1,13.90,23.17,true,1,
5998749109113,false,פדיגרי דנטאסטיקס כלב לארג 270 גרם (7 יח') BP40S,שחורי אריה ואנסטסיה,,פדיגרי דנטה לארג 270,גרמים,270.00,100 גרם,false,1,19.90,7.37,true,1,
5999076223596,false,חטיף חלבון זירו בר שוקולד קפוצינו 50 גר,,,חטיף חלבון זירו בר ש,גרמים,50.00,100 גרם,false,1,14.90,29.80,true,1,
5999076223602,false,חטיף חלבון זירו בר שוקולד עוגיות 50 גרם,,,חטיף חלבון זירו בר ש,גרמים,50.00,100 גרם,false,1,14.90,29.80,true,1,
5999076223619,false,חטיף חלבון זירו בר שוקולד קרמל 50 גרם,,,חטיף חלבון זירו בר ש,גרמים,50.00,100 גרם,false,1,14.90,29.80,true,1,
5999076223664,false,חטיף חלבון זירו בר דאבל שוקולד 50 גרם,,,חטיף חלבון זירו בר ד,גרמים,50.00,100 גרם,false,1,14.90,29.80,true,1,
5999883580158,false,"נסיכות דיסני-משקה מוגז בטעם תפוח 750 מ""ל",,HU,נסיכות דיסני-משקה מו,מיליליטרים,750.00,"100 מ""ל",false,1,19.90,2.65,true,1,
5999883580431,false,מכוניות- משקה מוגז בטעם תות ותפוח 750 מ,,HU,מכוניות- משקה מוגז ב,מיליליטרים,750.00,"100 מ""ל",false,1,19.90,2.65,true,1,
5999887527067,false,"חד קרן-משקה מוגז עדין בטעם תפוח 750 מ""ל",,HU,חד קרן-משקה מוגז עדי,מיליליטרים,750.00,"100 מ""ל",false,1,19.90,2.65,true,1,
6001030003126,false,"וולינטון - רוטב ווסטרשייר 250מ""ל",היינץ פודס,,רוטב ולינגטונס ווסטר,גרמים,250.00,100 גרם,false,1,18.80,7.52,true,1,
6001067017332,false,קולגייט מברשת שיניים מדיום 360 אופטיק ווייט,קולגייט-פלמוליב,,קולגייט מברשת שיניים,Unknown,0.00,Unknown,false,1,20.90,20.90,true,1,
6001108045171,false,"שישיה סיידר סוואנה 6% אלכוהול 330 מ""ל",,ZA,שישיה סיידר סוואנה,מיליליטרים,1980.00,"100 מ""ל",false,1,51.90,2.62,true,1,
6001108093769,false,ליקר אמרולה בטעם וניל 700 מל,,ZA,ליקר אמרולה בטעם וני,מיליליטרים,700.00,"100 מ""ל",false,1,88.90,12.70,true,1,
6001452301862,false,יין נידרברג קברנה סוביניון 750 מל,,,יין נידרברג קברנה סו,Unknown,0.00,Unknown,false,1,57.90,57.90,true,1,
6001452303873,false,יין נידרברג פינוטאז 750 מל,,,יין נידרברג פינוטאז,Unknown,0.00,Unknown,false,1,57.90,57.90,true,1,
6001452325899,false,יין נידרברג שרדונה 750 מל,,,יין נידרברג שרדונה 7,Unknown,0.00,Unknown,false,1,57.90,57.90,true,1,
6001495062591,false,"ליקר אמרולה 750 מ""ל",,,ליקר אמרולה,מיליליטרים,750.00,"100 מ""ל",false,1,88.90,11.85,true,1,
6001496301200,false,פלר דה קאפ שרדונה,,,פלר דה קאפ שרדונה 75,Unknown,0.00,Unknown,false,1,61.90,61.90,true,1,
6003105003178,false,"ציר עוף מרוכז 200 מ""ל אינה פארמנס",INA PAARMANS,,"ציר עוף מרוכז 200 מ""",מיליליטרים,200.00,"100 מ""ל",false,1,36.50,18.25,true,1,
6003105003185,false,"ציר בקר מרוכז 200 מ""ל אינה פארמנס",INA PAARMANS,,"ציר בקר מרוכז 200 מ""",מיליליטרים,200.00,"100 מ""ל",false,1,36.50,18.25,true,1,
6003105003260,false,"ציר ירקות מרוכז 200 מ""ל אינה פארמנס",INA PAARMANS,,ציר ירקות מרוכז 200,מיליליטרים,200.00,"100 מ""ל",false,1,36.50,18.25,true,1,
6003770003091,false,רוטב נאנדוס פרי פרי מיילד 250 גרם,NANDOS,,רוטב נאנדוס פרי פרי,גרמים,250.00,100 גרם,false,1,23.90,9.56,true,1,
6006507005016,false,טקסס סטייקי 100 גרם CAPE HERBS,cape herb and spices,,טקסס סטייקי 100 גרם,גרמים,100.00,100 גרם,false,1,22.90,22.90,true,1,
6006507007454,false,"CAPE HERBS לימון עשבי תיבול 100ג""ר(פח)",cape herb and spices,,CAPE HERBS לימון עש,גרמים,100.00,100 גרם,false,1,23.90,23.90,true,1,
6006570000093,false,תבלין כאפה הרבס ציפו,cape herb and spices,,ציפוטלה 80 גרם CAPE,Unknown,0.00,Unknown,false,1,21.90,21.90,true,1,
6008165274629,false,פאל מאל כחול ארוך סטרים פילטר חפיסה,גלוברנדס בעמ - שיווק סיגריות,,פאל מאל כחול ארוך סט,Unknown,0.00,Unknown,false,1,30.00,30.00,true,1,
6009645550738,false,FYNBOS רוטב פלפל צילי ושום חריף 130גר,General,,FYNBOS רוטב פלפל ציל,גרמים,130.00,100 גרם,false,1,18.90,14.54,true,1,
6009645551902,false,FYNBOS רוטב פלפל ציפוטלה חריף 130 גר,,,FYNBOS רוטב פלפל ציפ,גרמים,130.00,100 גרם,false,1,18.90,14.54,true,1,
6009678813985,false,קייפ פודס מטחנת מלח הימלאיה ורוד 390 גרם,,ZA,קייפ פודס מטחנת מלח,גרמים,390.00,100 גרם,false,1,17.90,4.59,true,1,
6009813410406,false,"SPUR רוטב ברביקיו 500 מ""ל",General,,SPUR רוטב ברביקיו 50,מיליליטרים,500.00,"100 מ""ל",false,1,19.90,3.98,true,1,
6009893614206,false,"יין קייפ גואל גוורצטרמינר ריזרב 750 מ""ל",קייפ ג'ואל,ZA,יין קייפ גואל גוורצט,Unknown,0.00,Unknown,false,1,46.90,46.90,true,1,
6009900532684,false,"יין קייפ גואל שרדונה ריזרב 750 מ""ל",קייפ ג'ואל,ZA,יין קייפ גואל שרדונה,Unknown,0.00,Unknown,false,1,46.90,46.90,true,1,
6009900532769,false,"יין קייפ גואל רוזה ריזרב 750 מ""ל",קייפ ג'ואל,ZA,יין קייפ גואל רוזה ר,Unknown,0.00,Unknown,false,1,46.90,46.90,true,1,
6009900532776,false,"יין קייפ גואל שנין בלאן ריזרב 750 מ""ל",קייפ ג'ואל,ZA,יין קייפ גואל שנין ב,Unknown,0.00,Unknown,false,1,46.90,46.90,true,1,
6009900532783,false,"יין גואל קברנה סוביניון ריזרב 750 מ""ל",קייפ ג'ואל,ZA,יין קייפ גואל קברנה,Unknown,0.00,Unknown,false,1,46.90,46.90,true,1,
6009900532790,false,יין קייפ גואל פינוטאז ריזרב 750 מ,קייפ ג'ואל,ZA,יין קייפ גואל פינוטא,Unknown,0.00,Unknown,false,1,46.90,46.90,true,1,
6111094000013,false,קוסקוס להכנה מהירה דארי (1 קג),תומר ייבוא ושיווק מוצרי מזון [,,קוסקוס מרוקאי בינוני,גרמים,1000.00,100 גרם,false,1,18.50,1.85,true,1,
6111094000228,false,"קוסקוס דארי דק תומר 1 ק""ג",תומר ייבוא ושיווק מוצרי מזון [,,קוסקוס מרוקאי דק 1 ק,גרמים,1000.00,100 גרם,false,1,18.50,1.85,true,1,
6111094000242,false,תומר קוסקוס דארי דק 500גר,תומר ייבוא ושיווק מוצרי מזון [,,קוסקוס דארי דק 0.5 ק,גרמים,500.00,100 גרם,false,1,9.50,1.90,true,1,
6111094000259,false,קוסקוס דארי בינוני 500 גר`,תומר ייבוא ושיווק מוצרי מזון [,,קוסקוס דארי בינוני 5,גרמים,500.00,100 גרם,false,1,9.50,1.90,true,1,
6111094000709,false,דארי קוסקוס מחיטה מלאה 500 גרם,תומר יבוא ושיווק מוצרי מזון (1,MA,קוסקוס דארי חיטה מלא,גרמים,500.00,100 גרם,false,1,9.50,1.90,true,1,
6111094002123,false,דארי אטריות דקות תוספת 10% 550 גרם,דארי,MA,דארי אטריות דקות תוס,גרמים,550.00,100 גרם,false,1,9.50,1.73,true,1,
6224000485764,false,"שיני שום קפואות 1 ק""ג קהילות",נטו מילנדה סחר בעמ*,,"שיני שום קפואות 1 ק""",גרמים,1000.00,100 גרם,false,1,25.90,2.59,true,1,
6253017300012,false,טחינה קראוון המקורית,אחדות ביחר לטחינה ח,,טחינה יונה כחולה 500,גרמים,500.00,100 גרם,false,1,17.70,3.54,true,1,
6253017300029,false,טחינה גולמית קרוואן,קרואן Karawan,,טחינה יונה כחולה 1 ק,גרמים,1000.00,100 גרם,false,1,34.50,3.45,true,1,
6297000361055,false,מלית תמרים מגולענים אורגני 500 גרם,,,מלית תמרים מגולענים,גרמים,500.00,100 גרם,false,1,13.90,2.78,true,1,
6408432052217,false,גבינה מותכת ויולה 200 גרם,,,גבינה מותכת ויולה 20,גרמים,200.00,100 גרם,false,1,24.90,12.45,true,1,
6411401037320,false,פייזר סאלמיאקי מיקס לקריץ,,,פייזר סאלמיאקי מיקס,יחידה,1.00,יחידה,false,1,14.90,14.90,true,1,
6411401072666,false,פייזר שוקולדים עם ליקר 150 גרם,,FI,פייזר שוקולדים עם לי,גרמים,150.00,100 גרם,false,1,26.50,17.67,true,1,
6411401072680,false,פייזר-פייזרמינט פרליני שוקו מריר150 גר,,FI,פייזר-פייזרמינט פרלי,גרמים,150.00,100 גרם,false,1,26.50,17.67,true,1,
6411401072703,false,פייזר גיישה שוקו חלב קרם אגוזים 150 גרם,,FI,פייזר גיישה שוקולד ח,גרמים,150.00,100 גרם,false,1,26.50,17.67,true,1,
6411401072758,false,פייזר שוקולד ליקר בטעם וודקה 150 גרם,,FI,פייזר שוקולד ליקר בט,גרמים,150.00,100 גרם,false,1,26.50,17.67,true,1,
6416453071124,false,פייזר-גיישה שוקולד חלב קרם אגוזים 270 גר,,FI,פייזר-גיישה שוקולד ח,גרמים,270.00,100 גרם,false,1,44.90,16.63,true,1,
6416453071148,false,פייזר-פרליני טרופל חלב אוכמניות 270 גרם,,,פייזר-פרליני טרופל,גרמים,270.00,100 גרם,false,1,44.90,16.63,true,1,
6416453072817,false,פייזר גיישה שוקולד מריר קרם אגוזים 150 ג,,FI,פייזר גיישה שוקולד מ,גרמים,150.00,100 גרם,false,1,26.50,17.67,true,1,
6420211000349,false,חטיף תירס מלוח עם הפ,,RO,חטיף תירס מלוח עם הפ,Unknown,1.00,Unknown,false,1,9.90,9.90,true,1,
6901248680907,false,דיוונון מיובש ומומלח 90 גרם,אקוואטיק,,דיוונון מיובש ומומלח,גרמים,90.00,100 גרם,false,1,17.70,19.67,true,1,
6901248894090,false,דג ארנה פס שחור 100 גרם,אקוואטיק,CN,דג ארנה פס שחור,גרמים,100.00,100 גרם,false,1,15.90,15.90,true,1,
6901248894281,false,קמבלה ארנה 100 גר,ARENA,,קמבלה ארנה 100 גר,גרמים,100.00,100 גרם,false,1,17.50,17.50,true,1,
6908235694954,false,מטען רכב לאייפון 5,ארטוס,,מטען רכב אייפון 5,Unknown,0.00,Unknown,false,1,39.90,39.90,true,1,
6910191800287,false,אצות נורי בלו 10 דף (ננגטונג),מזרח ומערב יבוא ושיווק,,אצות נורי בלו 10 דפי,Unknown,0.00,Unknown,false,1,12.90,12.90,true,1,
6912977000140,false,אטריות שעועית 250 גר' ( Yantai)ללא גלוטן(כ),מזרח ומערב יבוא ושיווק,,אטריות שעועית דקות 2,גרמים,250.00,100 גרם,false,1,8.80,3.52,true,1,
6920510504345,false,צעצוע פרוזן עם ממתק סוויט בוקס,,,צעצוע פרוזן עם ממתק,גרמים,10.00,100 גרם,false,1,12.50,125.00,true,1,
6920510504369,false,צעצוע מכוניות עם ממתק סוויט בוקס,,,צעצוע מכוניות עם ממת,גרמים,10.00,100 גרם,false,1,12.50,125.00,true,1,
6920510504444,false,צעצוע הנוקמים עם ממתק סוויט בוקס,,,צעצוע הנוקמים עם ממת,גרמים,10.00,100 גרם,false,1,12.50,125.00,true,1,
6921052701001,false,אצות וואקמה 40 גרם (רונגצ'אנג)(כ),מזרח ומערב יבוא ושיווק,,אצות ווקאמה 40 גרם,גרמים,40.00,100 גרם,false,1,10.40,26.00,true,1,
6922276100083,false,מחית וואסבי -חזרת 43 גרם (דליאן),מזרח ומערב יבוא ושיווק,,מחית וואסבי - חזרת 4,גרמים,43.00,100 גרם,false,1,10.00,23.26,true,1,
6926832407074,false,בראל חטיף אורז יפני 100גרם,קסימן די ברייט,,חטיף אורז יפני 100 ג,גרמים,100.00,100 גרם,false,1,7.20,7.20,true,1,
6930640512585,false,"כדור מיקי 23 ס""מ",,,"כדור מיקי 23 ס""מ",יחידה,1.00,יחידה,false,1,13.90,13.90,true,1,
6933960500089,false,קנפיו רצועות דלעת כבושות 100 גרם (קווינגזאו),מזרח ומערב יבוא ושיווק,,קנפיו 100 גרם-רצועות,גרמים,100.00,100 גרם,false,1,13.10,13.10,true,1,
6934731200078,false,אטריות טריות דקות מזרח מערב 200 גרם,יאנטאי ינסידה לנוגקא,CN,אטריות טריות דקות 20,גרמים,200.00,100 גרם,false,1,7.30,3.65,true,1,
6934731210138,false,אטריות טריות עבות מזרח מערב 200 גרם,יאנטאי ינסידה לנוגקא,CN,אטריות טריות עבות 20,גרמים,200.00,100 גרם,false,1,7.30,3.65,true,1,
6936745600462,false,"מירין 500 מ""ל (דאניינג)",מזרח ומערב יבוא ושיווק,,מירין דאניינג,מיליליטרים,500.00,"100 מ""ל",false,1,20.90,4.18,true,1,
6936745600783,false,"חומץ אורז מזרח מערב 500 מ""ל",מזרח ומערב יבוא ושיווק,,חומץ אורז מיצוקאן 50,מיליליטרים,500.00,"100 מ""ל",false,1,15.90,3.18,true,1,
6941156100166,false,מחית סויה אדומה - אקא מיסו 500 גר '(דליאן),מזרח ומערב יבוא ושיווק,,מחית סויה אדומה אקא,גרמים,500.00,100 גרם,false,1,19.80,3.96,true,1,
6942971507062,false,"סוויט בוקס צעצוע ו דובוני גלי ""פוני""",גואנגדונג ויסקי פודס,,סוויט בוקס צעצוע ו ד,Unknown,0.00,Unknown,false,1,12.50,12.50,true,1,
6942971507123,false,"סוויט בוקס צעצוע ו דובוני גלי ""גורים""",גואנגדונג ויסקי פודס,,סוויט בוקס צעצוע ו ד,Unknown,0.00,Unknown,false,1,12.50,12.50,true,1,
6942971509844,false,"סוויט בוקס צעצוע ו דובוני גלי ""זומבי""",גואנגדונג ויסקי פודס,CN,סוויט בוקס צעצוע ו ד,Unknown,0.00,Unknown,false,1,12.50,12.50,true,1,
6944027000428,false,תה ירוק סיני 250 גר,זאינינג קריאלס אואיל,,תה סיני 250 גר,גרמים,250.00,100 גרם,false,1,12.40,4.96,true,1,
6944027000725,false,תה ירוק עם יסמין 100 גר,זאינינג קריאלס אואיל,CN,תה ירוק עם יסמין 100,גרמים,100.00,100 גרם,false,1,10.90,10.90,true,1,
6957763801518,false,סאיירה במיץ טבעי 425 גרם,,UA,סאיירה במיץ טבעי 425,גרמים,425.00,100 גרם,false,1,13.50,3.18,true,1,
6957763801525,false,סאיירה בשמן צמחי 425 גרם,,UA,סאיירה בשמן צמחי 425,גרמים,425.00,100 גרם,false,1,13.50,3.18,true,1,
6957763801532,false,סאיירה בתוספת שמן צמחי 425 גרם,,UA,סאיירה בתוספת שמן צמ,גרמים,425.00,100 גרם,false,1,13.50,3.18,true,1,
6974640730167,false,פטריות שיטאקה 100 גר (כ) (Zhejiang),מזרח ומערב יבוא ושיווק,,פטריות שיטאקי 100 גר,גרמים,100.00,100 גרם,false,1,14.90,14.90,true,1,
6999999992318,false,סטנד מלח פלפל/מכסה נירוסטה 3 מצבים א.מת,,,סטנד מלח פלפל/מכסה 3,Unknown,0.00,Unknown,false,1,39.90,39.90,true,1,
7046110070192,false,גורדן שלישייה מברשות שיניים קלין סמייל,דנטלון,,מברשת שיניים גורדן ק,Unknown,0.00,Unknown,false,1,19.90,19.90,true,1,
7253340034898,false,מגה פרוביוטיק גרמזה 60 כמוסות,מורז,,מגה פרוביוטיק גרמזה,Unknown,0.00,Unknown,false,1,119.90,119.90,true,1,
7271730901261,false,ווקי מאק ארוחת אטריות עם גבינה 156 גרם,ניו וורלד פסטה קומפנ,,פסטה עם גבינה הכנה מ,גרמים,156.00,100 גרם,false,1,10.90,6.99,true,1,
7290000000157,false,שום טרי עלים חתוך,ביכורי השקמה,,גינגיר,Unknown,0.00,"ק""ג",true,0,29.90,29.90,true,1,
7290000000374,false,"פטריות שמפיניון בד""ץ (רביבים)",ביכורי השדה צפון 1994 ג.ד. בעמ,,פטריות,Unknown,0.00,Unknown,false,1,11.90,11.90,true,1,
7290000000603,false,בצל ירוק,,,בצל ירוק,Unknown,0.00,Unknown,false,1,6.90,6.90,true,1,
7290000000608,false,פחית שתיה קרה,קוקה קולה,,חסה ערבית,Unknown,0.00,Unknown,false,1,6.90,6.90,true,1,
7290000000617,false,שורש -פטרוזילה,,,שורש -פטרוזילה,Unknown,0.00,Unknown,false,1,5.90,5.90,true,1,
7290000000626,false,ברוקולי ארוז במגשית,,,ברוקולי,Unknown,0.00,Unknown,false,1,14.90,14.90,true,1,
7290000000632,false,שום,,,שום ברשת,Unknown,0.00,Unknown,false,1,9.90,9.90,true,1,
7290000000636,false,תירס ארוז,,,תירס ארוז,Unknown,0.00,"ק""ג",true,0,14.90,14.90,true,1,
7290000000637,false,תרד,,,תרד,Unknown,0.00,Unknown,false,1,12.90,12.90,true,1,
7290000000641,false,אננס טרי,,,אננס טרי,Unknown,0.00,Unknown,false,1,39.90,39.90,true,1,
7290000000669,false,חסה עגולה,,,חסה עגולה,Unknown,0.00,Unknown,false,1,6.90,6.90,true,1,
7290000000685,false,פטריות,,,פטריות,Unknown,0.00,Unknown,false,1,12.90,12.90,true,1,
7290000000695,false,אספרגוס רמי לוי,ביכורי השדה צפון 1994 ג.ד. בעמ,,אספרגוס,Unknown,0.00,Unknown,false,1,39.90,39.90,true,1,
7290000000707,false,פטל,,,פטל,Unknown,0.00,Unknown,false,1,29.90,29.90,true,1,
7290000000733,false,"תפו""א למיקרו",,,תפוא למיקרו,Unknown,0.00,Unknown,false,1,9.90,9.90,true,1,
7290000000735,false,פלפל ירוק,משתנה,,פטיה,Unknown,0.00,"ק""ג",true,0,19.90,19.90,true,1,
7290000000748,false,קוקוס,,,קוקוס,Unknown,0.00,Unknown,false,1,7.90,7.90,true,1,
7290000000751,false,שום ברשת,,,שום ברשת,Unknown,0.00,Unknown,false,1,9.90,9.90,true,1,
7290000000831,false,בצלי פנינה,מעדני מניה תעשיות בש,,בצלי פנינה,Unknown,0.00,Unknown,false,1,12.90,12.90,true,1,
7290000001104,false,פטריות חורש מיני ארוז 200 ג',"בכורי השדה צפון1994 ג.ד. בע""מ",,פטריות פרטובלה,Unknown,0.00,Unknown,false,1,14.90,14.90,true,1,
7290000004679,false,ירק תפזורת-פטר/שמיר/נענע/כוסברה,,,ירק תפזורת,Unknown,0.00,Unknown,false,1,4.90,4.90,true,1,
7290000006828,false,מים סאן בנדטו 5,,,מים סאן בנדטו 5,Unknown,0.00,Unknown,false,1,3.00,3.00,true,1,
7290000012001,false,סטייק אנטריקוט,קריות זול,,חמאה ספרדית,Unknown,0.00,"ק""ג",true,0,40.00,40.00,true,1,
7290000023007,false,"ברנדי שטוק 84 37 % 750 מ""ל",טמפו משקאות בעמ,,"ברנד שטוק 84 750 מ""",מיליליטרים,750.00,"100 מ""ל",false,1,80.90,10.79,true,1,
7290000023083,false,ערק אשקלון בקבוק 700,טמפו משקאות בע`מ,,ערק אשקלון 40% 700 מ,מיליליטרים,700.00,"100 מ""ל",false,1,49.90,7.13,true,1,
7290000023427,false,"ליקר שטוק אמרטו 750 מ""ל",טמפו משקאות בעמ,,ליקר STOCK אמרטו 750,מיליליטרים,750.00,"100 מ""ל",false,1,44.90,5.99,true,1,
7290000023472,false,ליקר STOCK טריפל סק 750 מל,טמפו משקאות בעמ,,ליקר STOCK טריפל סק,מיליליטרים,750.00,"100 מ""ל",false,1,44.90,5.99,true,1,
7290000023809,false,קלאסיק קברנה סובניון יקבי ברקן (750 מל),יקבי ברקן שיווק והפצה בע,,יין קברנה סובניון קל,Unknown,0.00,Unknown,false,1,32.90,32.90,true,1,
7290000023816,false,קלאסיק אמרלד ריזלינג יקבי ברקן (750 מל),יקבי ברקן שיווק והפצה בע,,יין אמרלד ריזלינג קל,Unknown,0.00,Unknown,false,1,32.90,32.90,true,1,
7290000023823,false,"יין קלאסיק סוביניון בלאן ברקן 750 מ""ל",יקבי ברקן שיווק והפצה בע,,יין סוביניון בלאן קל,Unknown,0.00,Unknown,false,1,32.90,32.90,true,1,
7290000023830,false,יין קברנה בלאש סמוק ברקן קלאסי,יקבי ברקן שיווק והפצה בע,,יין קלאסיק שיראז רוז,Unknown,0.00,Unknown,false,1,32.90,32.90,true,1,
7290000023847,false,קלאסיק שרדונה יקבי ברקן (750 מל),יקבי ברקן שיווק והפצה בע,,יין שרדונה קלאסיק 75,Unknown,0.00,Unknown,false,1,32.90,32.90,true,1,
7290000023977,false,קלאסיק מרלו יקבי ברקן (750 מל),יקבי ברקן שיווק והפצה בע,,יין קלאסיק מרלו 750,Unknown,0.00,Unknown,false,1,32.90,32.90,true,1,
7290000036144,false,קונדיטור קורנפלור שק,קריות זול,,קורנפלור גלעם 200 גר,גרמים,200.00,100 גרם,false,1,5.20,2.60,true,1,
7290000036151,false,קונדיטור קורנפלור 50,קריות זול,,קורנפלור 500 גרם,גרמים,500.00,100 גרם,false,1,9.10,1.82,true,1,
7290000036558,false,נקניקיות בוואריה,,,נקניקיות בוואריה/מרג,Unknown,0.00,Unknown,false,1,49.00,49.00,true,1,
7290000040042,false,יוגורט יופלה תות 3% שומן 150 גרם,"תנובה בע""מ ***",,יופלה תות 3% 150 גרם,גרמים,150.00,100 גרם,false,1,5.00,3.33,true,1,
7290000040066,false,יוגורט יופלה דובדבן 3% שומן 150 גרם,תנובה מרכז שיתופי לש,,יופלה דובדבן 3% 150,גרמים,150.00,100 גרם,false,1,5.00,3.33,true,1,
7290000040080,false,יוגורט יופלה אפרסק 3% שומן 150 גרם,"תנובה בע""מ ***",,יופלה אפרסק 3% 150 ג,גרמים,150.00,100 גרם,false,1,5.00,3.33,true,1,
7290000040301,false,תנובה עין גדי קממבר מחלב בקר 24% שומן,תנובה מרכז שיתופי לש,,קולאז קממבר עין גדי,גרמים,125.00,100 גרם,false,1,18.50,14.80,true,1,
7290000040318,false,גבינת עדי ברי 24% קולאז` (125 גרם)קולקש,תנובה מרכז שיתופי לש,,קולאז ברי בחפיסה 125,גרמים,125.00,100 גרם,false,1,19.50,15.60,true,1,
7290000040974,false,חלב 2% דל לקטוז בקרטון תנובה (1 ליטר),תנובה מרכז שיתופי לש,,חלב טרי דל לקטוז 1 ל,מיליליטרים,1000.00,"100 מ""ל",false,1,7.10,0.71,true,1,
7290000041445,false,קוטג תנובה גביע 250 גרם 5% בדצ,מיוצר עי קונדיטוריית,,גבינת קוטג מהדרין 5%,גרמים,250.00,100 גרם,false,1,5.70,2.28,true,1,
7290000041858,false,"שמנת חמוצה 15% מועשרת יטבתה 200 מ""ל",שטראוס גרופ בעמ/מצונן,,שמנת חמוצה 15% 200 מ,מיליליטרים,200.00,"100 מ""ל",false,1,2.40,1.20,true,1,
7290000041865,false,"לבן 4.5% שומן מהדרין ""יטבתה""",שטראוס גרופ בעמ/מצונן,,לבן 4.5% 200 גרם,גרמים,200.00,100 גרם,false,1,2.00,1.00,true,1,
7290000041872,false,"לבן 3% יטבתה 200מ""ל מהדרין",שטראוס גרופ בעמ/מצונן,,לבן יטבתה 3% 200 גר,גרמים,200.00,100 גרם,false,1,2.00,1.00,true,1,
7290000042404,false,חלב 3% מועשר מהדרין בשקית יטבתה (1 ליטר),שטראוס גרופ בעמ/מצונן,,חלב מועשר 1ל 3% בשקי,מיליליטרים,1000.00,"100 מ""ל",false,1,6.20,0.62,true,1,
7290000042435,false,חלב דל שומן 1% בקרטון תנובה (1 ליטר)פיק,תנובה מרכז שיתופי לש,,חלב דל שומן בקרטון,מיליליטרים,1000.00,"100 מ""ל",false,1,5.86,0.59,true,1,
7290000042640,false,"חלב תנובה עמיד 3% קרטון 250 מ""ל",תנובה מרכז שיתופי לש,,"חלב עמיד 3% 250 מ""ל",מיליליטרים,250.00,"100 מ""ל",false,1,2.90,1.16,true,1,
7290000042855,false,"שוקו בשקית 250 מ""ל ""יטבתה""",שטראוס גרופ בעמ/מצונן,,"שוקו שקית 225 מ""ל",מיליליטרים,225.00,"100 מ""ל",false,1,2.70,1.20,true,1,
7290000043012,false,"שוקו עמיד 2% בקרטון 250 מ""ל תנובה",תנובה מרכז שיתופי לש,,"שוקו עמיד 250 מ""ל",מיליליטרים,250.00,"100 מ""ל",false,1,5.10,2.04,true,1,
7290000043814,false,השף הלבן שמנת להקצפה 38% שומן 250 מל - מוצר בפיקוח,תנובה מרכז שיתופי לש,,שמנת עמידה להקצפה 38,גרמים,250.00,100 גרם,false,1,6.47,2.59,true,1,
7290000043890,false,תנובה רויון לבן מחלב מפסוטר 1.5%,תנובה מרכז שיתופי לש,,רויון 1.5% 1 ליטר,מיליליטרים,1000.00,"100 מ""ל",false,1,11.30,1.13,true,1,
7290000043944,false,כד יוגורט תנובה 4% שומן 1.5 ליטר,מיוצר עי קונדיטוריית,,יוגורט 4% 1.5 ליטר,ליטרים,0.00,ליטר,false,1,16.50,16.50,true,1,
7290000044712,false,יוגורט עם תות 1.5% שומן 500 ג' פרילי,מיוצר עי קונדיטוריית,,פרילי תות 500 גרם,גרמים,500.00,100 גרם,false,1,11.10,2.22,true,1,
7290000044880,false,יוגורט בטעם תות שדה 3% באדי (500 גרם),מיוצר עי קונדיטוריית,,"באדי תות 3% 500 מ""ל",גרמים,500.00,100 גרם,false,1,9.60,1.92,true,1,
7290000045573,false,גבינת מותכת משולשים 25% שומן 200 ג' נעמה,"תנובה בע""מ ***",,גבינה מותכת נעמה 200,גרמים,200.00,100 גרם,false,1,15.80,7.90,true,1,
7290000045917,false,תנובה פרומעז גבינה מותכת מחלב עיזים 23% שומן,תנובה בעמ ***,,קולאז עיזים פרומעז ג,גרמים,200.00,100 גרם,false,1,26.60,13.30,true,1,
7290000046327,false,גלבוע גבינה צהובה פרוסה 22% תנובה 200 גרם,תנובה מרכז שיתופי לש,,גבינת גלבוע פרוס 200,גרמים,200.00,100 גרם,false,1,13.00,6.50,true,1,
7290000047546,false,השף הלבן כנען גבינה לבנה דלת נתרן 5% תנובה 500 גרם,תנובה מרכז שיתופי לש,,גבינת כנען 5% 500 גר,גרמים,500.00,100 גרם,false,1,23.70,4.74,true,1,
7290000047621,false,גבינה לבנה רכה 5% תנובה 250ג' מהדרין,תנובה מרכז שיתופי לש,,גבינה למריחה 5% מהדר,גרמים,250.00,100 גרם,false,1,4.98,1.99,true,1,
7290000047942,false,**תנובה גבינה לבנה מהדרין 9% 250ג,תנובה מרכז שיתופי לש,,גבינה לבנה 5% 250 גר,גרמים,250.00,100 גרם,false,1,4.98,1.99,true,1,
7290000048185,false,גבינה לבנה 5% תנובה 250 גרם מהדרין,מיוצר עי קונדיטוריית,,גבינה לבנה 5% 250 גר,גרמים,250.00,100 גרם,false,1,4.98,1.99,true,1,
7290000048192,false,גבינה לבנה 9% תנובה 250 גרם מהדרין,מחלבת אלון תבור,,גבינה למריחה 9% 250,גרמים,250.00,100 גרם,false,1,4.98,1.99,true,1,
7290000048413,false,גבינה חמד (25016% גרם)פיראוס תנובה,תנובה מרכז שיתופי לש,,גבינה חמד פיראוס 250,גרמים,250.00,100 גרם,false,1,18.90,7.56,true,1,
7290000048437,false,גבינת צפתית (2005% גרם)פיראוס תנובה,פארייפאבה אגרואינדוס,,צפתית פיראוס 5% 200,גרמים,200.00,100 גרם,false,1,14.90,7.45,true,1,
7290000050447,false,"יוגורט ביו בטעם תות YYY יופלה 500 מ""ל",מיוצר עי קונדיטוריית,,יופלה תות 3% 500גר,גרמים,500.00,100 גרם,false,1,14.10,2.82,true,1,
7290000050454,false,יוגורט ביו 3% אפרסק יופלה (500 גרם),מיוצר עי קונדיטוריית,,יופלה אפרסק 3% 500 ג,גרמים,500.00,100 גרם,false,1,14.10,2.82,true,1,
7290000051352,false,חלב מלא בטעם של פעם 3.4% תנובה קרטון 1 ל',הרדוף תוצרת מזון אור,,חלב של פעם 3.5% 1 ל,מיליליטרים,1000.00,"100 מ""ל",false,1,7.40,0.74,true,1,
7290000051376,false,יוגורט יופלה דיאט אננס 0% שומן 150 גרם,תנובה מרכז שיתופי לש,,יופלה דיאט אננס ספור,גרמים,150.00,100 גרם,false,1,5.00,3.33,true,1,
7290000052311,false,גבינה צהובה עמק לייט 15% שומן 200 גרם,תנובה מרכז שיתופי לש,,עמק פרוס בקופסא 200,גרמים,200.00,100 גרם,false,1,15.80,7.90,true,1,
7290000055015,false,פיראוס גבינת פטה כבשים 5% תנובה 250 גרם,תנובה מחלבת טנא נוגה,,פיראוס פטה כבשים 5%,גרמים,250.00,100 גרם,false,1,26.80,10.72,true,1,
7290000055329,false,"משקה בוקר יוגורט 1.5% בטעם תות מלון יופלה 250 מ""ל",תנובה מרכז שיתופי לש,,משקה יוגורט יופלה בט,גרמים,250.00,100 גרם,false,1,5.40,2.16,true,1,
7290000055336,false,"משקה יוגורט 1.5% בטעם בננה אפרסק יופלה 250 מ""ל",תנובה מרכז שיתופי לש,,משקה יוגורט יופלה בט,גרמים,250.00,100 גרם,false,1,5.40,2.16,true,1,
7290000055343,false,משקה יוגורט יופלה פירות טרופיים 250 גרם,תנובה מרכז שיתופי לש,,משקה יוגורט יופלה בט,גרמים,250.00,100 גרם,false,1,5.40,2.16,true,1,
7290000055350,false,גבינה צהובה חריץ עמק 28% במשקל,תנובה מרכז שיתופי לש,,גבינה צהובה עמק 28%,Unknown,0.00,"ק""ג",true,0,44.79,44.79,true,1,
7290000055893,false,חמאה משמנת מפוסטרת 200גרם 82% כ.מהדרין - מוצר בפיקוח,תנובה מרכז שיתופי לש,,חמאה מהדרין 200 גר,גרמים,200.00,100 גרם,false,1,7.80,3.90,true,1,
7290000056081,false,מארז יוגורט פרילי טבע 6*200 גרם,מיוצר עי קונדיטוריית,,מאגדת פרילי טבע 25%,גרמים,200.00,100 גרם,false,1,24.90,12.45,true,1,
7290000056845,false,תנובה חלב טרי 3% שומן 1.5 ליטר - מוצר בפיקוח,פארייפאבה אגרואינדוס,,חלב קרטון 3% תנובה,ליטרים,0.00,ליטר,false,1,9.34,9.34,true,1,
7290000056883,false,שמיניית יוגורט יופלה 3% טעמים שונים 150 גרם,תנובה מרכז שיתופי לש,,מאגדת 8 יופלה פרי 3%,גרמים,1200.00,100 גרם,false,1,32.50,2.71,true,1,
7290000056890,false,שמיניית דיאט יופלה 0% טעמים שונים 150 גרם,מיוצר עי קונדיטוריית,,שמיניית יופלה 0% 150,קילוגרמים,0.00,"ק""ג",false,1,29.90,29.90,true,1,
7290000056906,false,מאגדת לבן טבעי 1.5% שומן 8 יח' * 150 ג' יופלה,מחלבת אלון תבור,,שמיניית יופלה לבן,גרמים,1200.00,100 גרם,false,1,19.30,1.61,true,1,
7290000056951,false,"תנובה, השף הלבן, שמנת לבישול 15% שומן 500 מל",תנובה מרכז שיתופי לש,,שמנת 15% באריזה עם פ,מיליליטרים,500.00,"100 מ""ל",false,1,16.20,3.24,true,1,
7290000057088,false,עמק גבינה צהובה פרוסה דק דק 28% תנובה 200 גרם,תנובה מרכז שיתופי לש,,עמק דק 200 גרם,גרמים,200.00,100 גרם,false,1,15.80,7.90,true,1,
7290000057118,false,גבינה צהובה עמק 28% שומן ואקום 400 גרם,תנובה מרכז שיתופי לש,,גבינה סמי 28% 400 גר,גרמים,400.00,100 גרם,false,1,20.90,5.23,true,1,
7290000057132,false,יוגורט תנובה טבעי 1.5% גביע 200 גרם,מחלבת אלון תבור,,יוגורט 1.5% 200 גרם,גרמים,200.00,100 גרם,false,1,3.10,1.55,true,1,
7290000057149,false,יוגורט תנובה טבעי 3% גביע 200 גרם,מיוצר עי קונדיטוריית,,יוגורט תנובה 3% 200,גרמים,200.00,100 גרם,false,1,3.20,1.60,true,1,
7290000057552,false,יופלה דיאט עוגת גבינה ותות 0% גביע 150ג',תנובה - חלב,,דיאט יופלה ע.גבינה,גרמים,150.00,100 גרם,false,1,5.00,3.33,true,1,
7290000058030,false,"שמיניית יופלה שטוזים משקה יוגורט תות 100 מ""ל",מיוצר עי קונדיטוריית,,משקה יופלה שטוזים,מיליליטרים,800.00,"100 מ""ל",false,1,20.60,2.58,true,1,
7290000058047,false,שמנת להקצפה 38% 500מל מהדרין עמיד השף הלבן,תנובה מרכז שיתופי לש,IL,שמנת 38% עם פקק 500,מיליליטרים,500.00,"100 מ""ל",false,1,12.94,2.59,true,1,
7290000060071,false,אוסם - חטיפי פריכונים מאורז מלא קלוי 80גר,קבוצת אוסם סחר שותפות מוגבלת,,פריכונים טבעי 80 גר,גרמים,80.00,100 גרם,false,1,7.50,9.38,true,1,
7290000060088,false,בייגלה מקלות עם מלח אסם (400 גרם),קבוצת אוסם סחר שותפות מוגבלת,,בייגלה מקלות מלוחים,גרמים,400.00,100 גרם,false,1,9.90,2.48,true,1,
7290000060156,false,פסטה אסם אטריות ביצים דקות 200גר,קבוצת אוסם סחר-שות.מוגבלת,,אטריות ביצים דקות 20,גרמים,200.00,100 גרם,false,1,6.90,3.45,true,1,
7290000060200,false,פסטה אסם פתיתים אפויים קוסקוס 500גר,קבוצת אוסם סחר שותפות מוגבלת,,פתיתים אפויים קוסקוס,גרמים,500.00,100 גרם,false,1,6.90,1.38,true,1,
7290000060217,false,פסטה מקרוני מספר 7 אסם (500 גרם),קבוצת אוסם סחר שותפות מוגבלת,,פסטה מקרוני מס 7 500,גרמים,500.00,100 גרם,false,1,5.90,1.18,true,1,
7290000060248,false,פסטה אסם פתיתים תלתלים 500 גר',קבוצת אוסם סחר שותפות מוגבלת,,פסטה תלתלים (61) 500,גרמים,500.00,100 גרם,false,1,5.90,1.18,true,1,
7290000060330,false,פרפקטו פרפקטו ספיראלי גירף 500 גר,קבוצת אוסם סחר שותפות מוגבלת,,פסטה פרפקטו ספירלי 5,גרמים,500.00,100 גרם,false,1,7.90,1.58,true,1,
7290000060385,false,פודינג וניל אינסטנט מארז רביעיה * 80 ג',קבוצת אוסם סחר שותפות מוגבלת,,פודינג אינסטנט טעם ו,גרמים,320.00,100 גרם,false,1,22.90,7.16,true,1,
7290000060408,false,פסטה אסם פתיתים אפויים טבעות 500 גר,קבוצת אוסם סחר שותפות מוגבלת,,פתיתים אפויים טבעות,גרמים,500.00,100 גרם,false,1,6.90,1.38,true,1,
7290000060415,false,"פסטה פרפקטו לאזניה 500 ג' ""אסם""",קבוצת אוסם סחר שותפות מוגבלת,,פרפקטו לזניה 500 גרם,גרמים,500.00,100 גרם,false,1,14.40,2.88,true,1,
7290000060576,false,פתיתים אפויים כוכבים אסם (500 גרם),קבוצת אוסם סחר שותפות מוגבלת,,פתיתים אפויים כוכבים,גרמים,500.00,100 גרם,false,1,6.90,1.38,true,1,
7290000060781,false,פרומנטי פתיתים מסולסלים אוסם,קבוצת אוסם סחר שותפות מוגבלת,,פסטה מסולסלים (57) 5,גרמים,500.00,100 גרם,false,1,5.90,1.18,true,1,
7290000060828,false,פסטה קרניים בינוניות אסם (500 גרם),קבוצת אוסם סחר שותפות מוגבלת,,פסטה קרניים בינוניות,גרמים,500.00,100 גרם,false,1,5.90,1.18,true,1,
7290000060842,false,פסטה אסם פתיתים צדפים גדולים 500גר,קבוצת אוסם סחר שותפות מוגבלת,,פסטה צדפים גדולים (5,גרמים,500.00,100 גרם,false,1,5.90,1.18,true,1,
7290000060859,false,פסטה אסם פתיתים צדפים קטנים 500גר,קבוצת אוסם סחר-שות.מוגבלת,,פסטה צדפים קטנים (24,גרמים,500.00,100 גרם,false,1,5.90,1.18,true,1,
7290000060880,false,פסטה ספגטי מספר 8 אסם 500 גרם,קבוצת אוסם סחר שותפות מוגבלת,,ספגטי (3) 500 גרם,גרמים,500.00,100 גרם,false,1,5.90,1.18,true,1,
7290000060958,false,אטריות מובחרות בינוניות אסם (400 גרם),קבוצת אוסם סחר שותפות מוגבלת,,אטריות בינוניות 400,גרמים,400.00,100 גרם,false,1,6.90,1.73,true,1,
7290000060965,false,פסטה אסם אטריות רחבות 400גר,קבוצת אוסם סחר שותפות מוגבלת,,אטריות רחבות 400 גר,גרמים,400.00,100 גרם,false,1,6.90,1.73,true,1,
7290000061061,false,קרקר חיטה עם בצל אסם,קבוצת אוסם סחר שותפות מוגבלת,,קרקר בצל 250 גרם,גרמים,250.00,100 גרם,false,1,9.90,3.96,true,1,
7290000061085,false,"רוטב צילי מתוק 290 מ""ל-בקבוק",קבוצת אוסם סחר שותפות מוגבלת,,רוטב צילי מתוק 290 מ,מיליליטרים,290.00,"100 מ""ל",false,1,13.50,4.66,true,1,
7290000061214,false,פתיתים אפויים קוסקוס עם בצל אסם 500 גרם,קבוצת אסם סחר שות. מוגבלת,,פתיתים קוסקוס עם בצל,גרמים,500.00,100 גרם,false,1,6.90,1.38,true,1,
7290000061450,false,פתיתים אפויים קוסקוס 3 צבעים אסם 500 גרם,קבוצת אסם סחר שות. מוגבלת,,פתיתים קוסקוס 3 צבעי,גרמים,500.00,100 גרם,false,1,6.90,1.38,true,1,
7290000061764,false,קפה נמס מגורען רד מאג 200 גרם,קבוצת אוסם סחר שותפות מוגבלת,,נס קפה רד מאג 200 גר,גרמים,200.00,100 גרם,false,1,21.90,10.95,true,1,
7290000062952,false,אוסם - מיני קרוטונים למרק ולסלט 250 גרם,קבוצת אוסם סחר שותפות מוגבלת,,מיני קרוטונים למרק ו,גרמים,250.00,100 גרם,false,1,13.90,5.56,true,1,
7290000063102,false,קמח עוגה תופח מאליו אסם 350 גרם,קבוצת אוסם סחר שותפות מוגבלת,,קמח עוגה תופח מאליו,גרמים,350.00,100 גרם,false,1,4.90,1.40,true,1,
7290000063133,false,אסם שקדי מרק רכיבים טבעיים 24*100גרם,קבוצת אוסם סחר שותפות מוגבלת,,שקדי מרק 100 גרם -טב,גרמים,100.00,100 גרם,false,1,6.40,6.40,true,1,
7290000063157,false,"קמח עוגה תופח מאליו אסם 1 ק""ג",קבוצת אוסם סחר שותפות מוגבלת,,קמח עוגה תופח מאליו,גרמים,1000.00,100 גרם,false,1,8.90,0.89,true,1,
7290000064758,false,קוסקוס בינוני אמיתי אסם 350 ג',קבוצת אוסם סחר שותפות מוגבלת,,קוסקוס אמיתי בשקית 3,גרמים,350.00,100 גרם,false,1,7.90,2.26,true,1,
7290000064871,false,"אוסם - מנה חמה פירה תפו""א עם בצל 56 גרם",קבוצת אוסם סחר שותפות מוגבלת,,"מנה חמה פירה תפו""א ו",גרמים,56.00,100 גרם,false,1,8.30,14.82,true,1,
7290000065335,false,אוסם - מנה חמה פירה עם ירקות 55 גרם,קבוצת אוסם סחר שותפות מוגבלת,,"מנה חמה פירה תפו""א",גרמים,55.00,100 גרם,false,1,8.30,15.09,true,1,
7290000065540,false,אוסם - מנה חמה פסטה מוקרמת בטעם עוף 55 גרם,קבוצת אוסם סחר שותפות מוגבלת,,מנה חמה פסטה מוקרמת,גרמים,55.00,100 גרם,false,1,8.30,15.09,true,1,
7290000065557,false,אוסם - מנה חמה קוסקוס עם ירקות 84 גרם,קבוצת אוסם סחר שותפות מוגבלת,,מנה חמה קוסקוס עם יר,גרמים,62.00,100 גרם,false,1,8.30,13.39,true,1,
7290000065977,false,אסם חטיפי פריכונים תירס שומשום 80 גרם,קבוצת אוסם סחר שותפות מוגבלת,IL,אסם חטיפי פריכונים ת,גרמים,80.00,100 גרם,false,1,7.50,9.38,true,1,
7290000066141,false,ביסלי חטיף בטעם גריל אסם (70 גרם),קבוצת אוסם סחר שותפות מוגבלת,,ביסלי בטעם גריל 70 ג,גרמים,70.00,100 גרם,false,1,4.40,6.29,true,1,
7290000066172,false,ביסלי חטיף בטעם פיצה אסם (70 גרם),קבוצת אוסם סחר-שות.מוגבלת,,ביסלי בטעם פיצה 70 ג,גרמים,70.00,100 גרם,false,1,4.40,6.29,true,1,
7290000066196,false,ביסלי חטיף בטעם גריל אסם (200 גרם),קבוצת אוסם סחר שותפות מוגבלת,,ביסלי בטעם גריל 200,גרמים,200.00,100 גרם,false,1,7.50,3.75,true,1,
7290000066226,false,ביסלי חטיף בטעם פיצה אסם (200 גרם),קבוצת אוסם סחר שותפות מוגבלת,,ביסלי בטעם פיצה 200,גרמים,200.00,100 גרם,false,1,7.50,3.75,true,1,
7290000066264,false,דובונים חטיף תפוחי אדמה אסם (40 גרם),קבוצת אוסם סחר שותפות מוגבלת,,"דובונים חטיף תפו""א 4",גרמים,40.00,100 גרם,false,1,4.30,10.75,true,1,
7290000066301,false,במבה קטן רגיל אסם,קריות זול,,במבה 25 גרם,גרמים,25.00,100 גרם,false,1,2.50,10.00,true,1,
7290000066318,false,במבה חטיף בוטנים אסם 80 גרם,קבוצת אוסם סחר שותפות מוגבלת,,במבה 80 גרם,גרמים,80.00,100 גרם,false,1,4.30,5.38,true,1,
7290000066332,false,אפרופו חטיף תירס אסם (50 גרם),קבוצת אוסם סחר שותפות מוגבלת,,חטיף אפרופו 50 גרם,גרמים,50.00,100 גרם,false,1,5.00,10.00,true,1,
7290000066349,false,אפרופו חטיף תירס אסם (100 גרם),קבוצת אוסם סחר-שות.מוגבלת,,חטיף אפרופו 100 גרם,גרמים,100.00,100 גרם,false,1,8.90,8.90,true,1,
7290000066431,false,פופקו חטיף פופקורן בטעם חמאה ודבש אסם 80 גרם,קבוצת אוסם סחר שותפות מוגבלת,,פופקו חטיף תירס בטעם,גרמים,80.00,100 גרם,false,1,5.40,6.75,true,1,
7290000067407,false,פרורית מתובלת בשקית 200 גרם,קבוצת אוסם סחר שותפות מוגבלת,,פרורית מתובלת בשקית,גרמים,200.00,100 גרם,false,1,6.40,3.20,true,1,
7290000067544,false,פירורית זהב פירורי לחם אסם 200 גרם,קבוצת אוסם סחר שותפות מוגבלת,,פירורית זהב 200 גרם,גרמים,200.00,100 גרם,false,1,6.40,3.20,true,1,
7290000067599,false,מנה חמה ספגטי ברוטב בולונז אסם 65 גרם,קבוצת אוסם סחר שותפות מוגבלת,,מנה חמה ספגטי בולונז,גרמים,65.00,100 גרם,false,1,8.30,12.77,true,1,
7290000067742,false,אסם אינסטנט פודינג וניל 80 גרם כשר לפסח,מיוצר עי קונדיטוריית,,פודינג וניל 80 גר כל,גרמים,80.00,100 גרם,false,1,4.90,6.13,true,1,
7290000068138,false,אינסטנט פודינג בטעם וניל אסם 80 גרם,קבוצת אוסם סחר שותפות מוגבלת,,פודינג אינסטנט בטעם,גרמים,80.00,100 גרם,false,1,5.50,6.88,true,1,
7290000068190,false,אסם ג'לי תות שדה צבעים טבעיים 90 גרם,קבוצת אוסם סחר שותפות מוגבלת,,גלי בזק בטעם תות שדה,גרמים,85.00,100 גרם,false,1,7.90,9.29,true,1,
7290000068206,false,אסם ג'לי משמש צבעים טבעיים 85 גרם,קבוצת אוסם סחר שותפות מוגבלת,,גלי בזק בטעם משמש צמ,גרמים,85.00,100 גרם,false,1,7.90,9.29,true,1,
7290000068237,false,אבקה להכנת ג`לי בטעם פטל אסם (85 גרם),קבוצת אוסם סחר שותפות מוגבלת,,גלי בזק בטעם פטל צמח,גרמים,85.00,100 גרם,false,1,7.90,9.29,true,1,
7290000068251,false,אבקה להכנת ג'לי בטעם אננס אסם 85 גרם,קבוצת אוסם סחר שותפות מוגבלת,,גלי בזק בטעם אננס צמ,גרמים,85.00,100 גרם,false,1,7.90,9.29,true,1,
7290000068343,false,אוסם - פירכונים מאורז מלא 140 גרם,קבוצת אוסם סחר שותפות מוגבלת,,פריכונים מאורז מלא 1,גרמים,140.00,100 גרם,false,1,7.90,5.64,true,1,
7290000068701,false,אסם שקדי מרק רכיבים טבע.מיכל 400 גרם,קבוצת אוסם סחר שותפות מוגבלת,,שקדי מרק רכיבים טבעי,גרמים,400.00,100 גרם,false,1,16.30,4.08,true,1,
7290000068770,false,במבה יום הולדת חטיף בוטנים אסם 80 גרם,קבוצת אוסם סחר שותפות מוגבלת,,במבה יום הולדת 80 גר,גרמים,80.00,100 גרם,false,1,4.30,5.38,true,1,
7290000068787,false,במבה יום הולדת חטיף בוטנים אסם 25 גרם,קבוצת אוסם סחר שותפות מוגבלת,,במבה יום הולדת 25 גר,גרמים,25.00,100 גרם,false,1,2.20,8.80,true,1,
7290000069258,false,פסטה פרפקטו פנה ריגאטה 500 ג' אסם,קבוצת אוסם סחר-שות.מוגבלת,,פסטה פרפקטו פנה ריגט,גרמים,500.00,100 גרם,false,1,7.90,1.58,true,1,
7290000069364,false,פריכונים מאורז מלא ללא תוספת סוכר אסם 140 גרם,קבוצת אוסם סחר שותפות מוגבלת,,פריכונים מאורז מלא ל,גרמים,140.00,100 גרם,false,1,7.90,5.64,true,1,
7290000069609,false,חטיפי קרקר בטעם זעתר אסם (300 גרם),קבוצת אסם סחר שות. מוגבלת,,חטיפי קרקר זעתר 300,גרמים,300.00,100 גרם,false,1,13.50,4.50,true,1,
7290000070308,false,אבקת מרק עוף אמיתי בשרי אסם 400 גרם,קבוצת אוסם סחר שותפות מוגבלת,,אבקת מרק עוף אמיתי,גרמים,400.00,100 גרם,false,1,16.90,4.23,true,1,
7290000070322,false,אבקת מרק פטריות רכיבים טבעיים אסם 400 גרם,קבוצת אוסם סחר שותפות מוגבלת,,אבקת מרק פטריות 400,גרמים,400.00,100 גרם,false,1,27.50,6.88,true,1,
7290000070353,false,אבקת מרק בצל רכיבים טבעיים אסם 400 גרם,קבוצת אוסם סחר שותפות מוגבלת,,אבקת מרק בצל 400 גרם,גרמים,400.00,100 גרם,false,1,27.50,6.88,true,1,
7290000071008,false,בייגלה שטוחים טבעות עם מלח אסם (60 גרם),קבוצת אוסם סחר שותפות מוגבלת,,בייגלה שטוחים עם מלח,גרמים,60.00,100 גרם,false,1,3.70,6.17,true,1,
7290000072067,false,במבה חטיף בוטנים במילוי קרם חלבה 60 גרם,קבוצת אסם סחר שות. מוגבלת,,במבה במילוי חלווה 60,גרמים,60.00,100 גרם,false,1,4.30,7.17,true,1,
7290000072241,false,"רוטב פיצה 290 מ""ל-בקבוק",קבוצת אוסם סחר שותפות מוגבלת,,"רוטב פיצה 290 מ""ל-בק",מיליליטרים,290.00,"100 מ""ל",false,1,13.50,4.66,true,1,
7290000072623,false,קטשופ אסם בקבוק לחיץ 750 גרם,קבוצת אוסם סחר שותפות מוגבלת,,קטשופ אסם בקבוק לחיץ,גרמים,750.00,100 גרם,false,1,10.90,1.45,true,1,
7290000072753,false,קפה נמס מגורען טסטרס צ'ויס 200 גרם-,קבוצת אוסם סחר שותפות מוגבלת,,נסקפה טייסטרס צויס,גרמים,200.00,100 גרם,false,1,29.80,14.90,true,1,
7290000072760,false,נסקפה טייסטרס צויס 100 גר אוריגנל,קבוצת אוסם סחר שותפות מוגבלת,,נסקפה טייסטרס צויס,גרמים,100.00,100 גרם,false,1,25.90,25.90,true,1,
7290000072777,false,קפה נמס מגורען נטול קפאין טסטרס צ'ויס 200 גרם,קבוצת אוסם סחר שותפות מוגבלת,,נסקפה טייסטרס צויס,גרמים,200.00,100 גרם,false,1,38.90,19.45,true,1,
7290000072784,false,קפה טייסטר צויס נטול קופאין 100 גר',קבוצת אוסם סחר שותפות מוגבלת,,נסקפה טייסטרס צויס,גרמים,100.00,100 גרם,false,1,29.60,29.60,true,1,
7290000072968,false,דגני בוקר סיני מיניס חיטה מלאה וקינמון נסטלה 500 גרם,קבוצת אוסם סחר-שות.מוגבלת,,דגנים סיני מיניס מלח,גרמים,375.00,100 גרם,false,1,24.60,6.56,true,1,
7290000073415,false,אוסם - מנה חמה פסטה ברוטב פיצה 61 גרם,קבוצת אוסם סחר שותפות מוגבלת,,מנה חמה פסטה ברוטב פ,גרמים,61.00,100 גרם,false,1,8.30,13.61,true,1,
7290000073750,false,מנה חמה נודלס אטר+ירקות טעם עוף 70 גרם,קבוצת אוסם סחר שותפות מוגבלת,,מנה חמה נודלס אטר+יר,גרמים,70.00,100 גרם,false,1,5.90,8.43,true,1,
7290000073767,false,מנה חמה נודלס אטר.+ירקות טעם בקר 70 גרם,קבוצת אוסם סחר שותפות מוגבלת,,מנה חמה נודלס אטר.+י,גרמים,70.00,100 גרם,false,1,5.90,8.43,true,1,
7290000073774,false,מנה חמה נודלס אטר+ירקות טעם צילי 70 גרם,קבוצת אוסם סחר שותפות מוגבלת,,מנה חמה נודלס אטר+יר,גרמים,70.00,100 גרם,false,1,5.90,8.43,true,1,
7290000074184,false,ביסקוויט פתי בר אסם (500 גרם),קבוצת אוסם סחר שותפות מוגבלת,,פתי בר וניל 500 גרם,גרמים,500.00,100 גרם,false,1,10.90,2.18,true,1,
7290000074245,false,אוסם - קרם קרקר אסם 250 גרם,קבוצת אוסם סחר שותפות מוגבלת,,קרם קרקר 250 גרם,גרמים,250.00,100 גרם,false,1,9.80,3.92,true,1,
7290000074276,false,קרקר פיקנטי טבעון 250 ג' אסם,קבוצת אוסם סחר שותפות מוגבלת,IL,קרקר קלאסי 250 גרם א,גרמים,250.00,100 גרם,false,1,9.90,3.96,true,1,
7290000074375,false,אוסם - קרקר זהב 150 גרם,קבוצת אוסם סחר שותפות מוגבלת,,קרקר זהב 150 גרם,גרמים,150.00,100 גרם,false,1,7.50,5.00,true,1,
7290000074696,false,"קרם קרקר 1 ק""ג אוסם",קבוצת אוסם סחר שותפות מוגבלת,,"קרם קרקר 1 ק""ג",גרמים,1000.00,100 גרם,false,1,32.90,3.29,true,1,
7290000074764,false,קרקר הזהב אסם 900 גרם,קבוצת אוסם סחר שותפות מוגבלת,,קרקר זהב 900 גרם,גרמים,900.00,100 גרם,false,1,37.50,4.17,true,1,
7290000075204,false,קרקר לחמית חיטה מלאה אסם (250 גרם),קבוצת אוסם סחר שותפות מוגבלת,,לחמית חיטה מלאה 250,גרמים,250.00,100 גרם,false,1,10.40,4.16,true,1,
7290000075693,false,עוגת הבית שמרים בריוש שוקולד אסם 360 גרם,קבוצת אסם סחר שות. מוגבלת,,עוגת שמרים שוקולד 36,גרמים,360.00,100 גרם,false,1,18.80,5.22,true,1,
7290000076126,false,אוסם - בייגלה שמיניות קטנות 80 גרם,קבוצת אוסם סחר שותפות מוגבלת,,בייגלה שמיניות קטנות,גרמים,80.00,100 גרם,false,1,3.90,4.88,true,1,
7290000076133,false,בייגלה שמיניות קטנות עם מלח אסם 400 גרם,קבוצת אוסם סחר שותפות מוגבלת,,בייגלה שמיניות קטנות,גרמים,400.00,100 גרם,false,1,9.90,2.48,true,1,
7290000076645,false,טוסטעים פת קלויה חיטה מלאה אסם 100 גרם,קבוצת אסם סחר שות. מוגבלת,,טוסטעים חיטה מלאה 10,גרמים,100.00,100 גרם,false,1,10.50,10.50,true,1,
7290000077253,false,אוסם - לחמית כפרית עם דגנים מלאים 190 גרם,קבוצת אסם סחר שות. מוגבלת,,לחמית כפרית 190 גרם,גרמים,190.00,100 גרם,false,1,9.90,5.21,true,1,
7290000078212,false,קרוטונים מתובלים למרק אסם (250 גרם),קבוצת אוסם סחר שותפות מוגבלת,,קרוטונים מתובלים 250,גרמים,250.00,100 גרם,false,1,13.90,5.56,true,1,
7290000078762,false,אוסם - חטיפי פריכונים מאורז מלא בטעם דבש 80גר,קבוצת אוסם סחר-שות.מוגבלת,,פריכונים מאורז מלא ב,גרמים,80.00,100 גרם,false,1,7.50,9.38,true,1,
7290000078956,false,בודינו אישי,,,בודינו אישי,Unknown,0.00,Unknown,false,1,9.90,9.90,true,1,
7290000078957,false,מדלן אישי,,,שטרודל אפויי,Unknown,0.00,Unknown,false,1,43.00,43.00,true,1,
7290000079233,false,קרם קרקר דיאטטי דל נתרן 250 גרם,קבוצת אוסם סחר שותפות מוגבלת,,קרם קרקר דיאטטי דל נ,גרמים,250.00,100 גרם,false,1,12.50,5.00,true,1,
7290000080765,false,פת קלויה טוסטעים עם שומשום אסם (100 גרם),קבוצת אוסם סחר שותפות מוגבלת,,טוסטעים פת קלויה שומ,גרמים,100.00,100 גרם,false,1,10.50,10.50,true,1,
7290000081663,false,"בייגלה טבעות שומשום אסם 300 גרם בד""ץ",קבוצת אוסם סחר שותפות מוגבלת,,בייגלה טבעות עם שומש,גרמים,300.00,100 גרם,false,1,9.90,3.30,true,1,
7290000100029,false,פתיתי כרובית סנפרוסט 800 גרם,"סנפרוסט בע""מ",IL,פתיתי כרובית סנפרוסט,גרמים,800.00,100 גרם,false,1,22.90,2.86,true,1,
7290000100128,false,פירות קפואים תות 300 גר`סנפרוסט,תנובה ענף ב.ע.ד,IL,תות קפוא סנפרוסט 300,גרמים,300.00,100 גרם,false,1,17.90,5.97,true,1,
7290000100135,false,פירות קפואים סנפרוסט דובדבן 300 גר,תנובה ענף ב.ע.ד,IL,פירות קפואים דובדבן,גרמים,300.00,100 גרם,false,1,17.90,5.97,true,1,
7290000100296,false,תערובת להכנת Smoothie ורוד תות ובננה,תנובה ענף ב.ע.ד,IL,סמודיז תות בננה סנפר,גרמים,300.00,100 גרם,false,1,18.90,6.30,true,1,
7290000100609,false,קוביות אנטיפסטי להקפצה סנפרוסט 600 גרם,תנובה ענף ב.ע.ד,IL,קוביות אנטיפסטי להקפ,גרמים,600.00,100 גרם,false,0,27.50,4.58,true,1,
7290000101132,false,לקט קטניות לחמין 800 גר סנפרוסט,"סנפרוסט בע""\מ",,לקט קטניות לחמין סנפ,גרמים,800.00,100 גרם,false,1,23.90,2.99,true,1,
7290000101927,false,אוכמניות כחולות מוקפאות סנפרוסט 300 גרם,תנובה ענף ב.ע.ד,,אוכמניות כחולות מוקפ,גרמים,300.00,100 גרם,false,1,17.90,5.97,true,1,
7290000101934,false,מיקס פירות יער מוקפאים 300 גר סנפרוסט,"איי, בי, אינבוו",,מיקס פירות יער מוקפא,גרמים,300.00,100 גרם,false,1,17.90,5.97,true,1,
7290000101941,false,אננס חתוך מוקפא סנפרוסט (300 גרם),תנובה ענף ב.ע.ד,,אננס מוקפא סנפרוסט,גרמים,300.00,100 גרם,false,1,17.90,5.97,true,1,
7290000101958,false,מנגו חתוך מוקפא סנפרוסט (300 גרם),תנובה ענף ב.ע.ד,,מנגו מוקפא סנפרוסט,גרמים,300.00,100 גרם,false,1,17.90,5.97,true,1,
7290000103365,false,מרק ירקות עשיר סנפרוסט (550 גרם),תנובה מרכז שיתופי לשיווק תוצרת,,מרק ירקות 560 גרם,גרמים,560.00,100 גרם,false,1,19.80,3.54,true,1,
7290000103433,false,"לקט ירקות לתנור 800 גרם ""סנפרוסט""",תנובה מרכז שיתופי לשיווק תוצרת,,לקט ירקות סנפרוסט לת,גרמים,800.00,100 גרם,false,1,22.90,2.86,true,1,
7290000103457,false,מיני כרובית סנפרוסט (600 גרם),"סנפרוסט בע""\מ",,מיני כרובית סנפרוסט,גרמים,600.00,100 גרם,false,1,18.80,3.13,true,1,
7290000103471,false,מיני ברוקולי סנפרוסט 600 גרם,תנובה ענף ב.ע.ד,,מיני ברוקולי 600 גר,גרמים,600.00,100 גרם,false,1,18.80,3.13,true,1,
7290000103730,false,לקט להקפצה עם פסטה פוזילי סנפרוסט 800 גרם,תנובה מרכז שיתופי לשיווק תוצרת,,לקט להקפצה עם פסטה פ,גרמים,800.00,100 גרם,false,1,25.90,3.24,true,1,
7290000103815,false,לקט להקפצה בסגנון תאילנדי סנפרוסט 800 גרם,תנובה מרכז שיתופי לשיווק תוצרת,,לקט להקפצה בסגנון תא,גרמים,800.00,100 גרם,false,1,24.90,3.11,true,1,
7290000103822,false,ירקות שמלווים עוף סנפרוסט 800ג',תנובה מרכז שיתופי לשיווק תוצרת,,לקט לעוף 800 גרם סנפ,גרמים,800.00,100 גרם,false,1,22.90,2.86,true,1,
7290000103839,false,מרק כתום עשיר בירקות סנפרוסט (572 גרם),תנובה מרכז שיתופי לשיווק תוצרת,,מרק כתום 572 גרם,גרמים,572.00,100 גרם,false,1,19.80,3.46,true,1,
7290000103846,false,מרק אפונה עשיר בירקות סנפרוסט (572 גרם),תנובה מרכז שיתופי לשיווק תוצרת,,מרק אפונה 572 גרם,גרמים,572.00,100 גרם,false,1,19.80,3.46,true,1,
7290000103860,false,מרק עדשים עשיר בירקות סנפרוסט (572 גרם),תנובה מרכז שיתופי לשיווק תוצרת,,מרק עדשים 572 גרם,גרמים,572.00,100 גרם,false,1,19.80,3.46,true,1,
7290000103877,false,מרק שעועית עשיר בירקות סנפרוסט (644 גרם),תנובה מרכז שיתופי לשיווק תוצרת,,מרק שעועית 644 גרם,גרמים,644.00,100 גרם,false,1,19.80,3.07,true,1,
7290000104072,false,עדשים ירוקות מבושלות מוקפאות 800 ג' סנפרוסט,תנובה מרכז שיתופי לשיווק תוצרת,,עדשים ירוקים מבושלים,גרמים,800.00,100 גרם,false,1,22.90,2.86,true,1,
7290000104188,false,שעועית אדומה מוקפאת מבושלת מוכנה לאכילה,תנובה מרכז שיתופי לשיווק תוצרת,,שעועית אדומה מבושלת,גרמים,800.00,100 גרם,false,1,20.90,2.61,true,1,
7290000104201,false,אפונה עדינה מוקפאת סנפרוסט (600 גרם),"איי, בי, אינבוו",,אפונה עדינה 600 גר,גרמים,600.00,100 גרם,false,1,17.90,2.98,true,1,
7290000104218,false,סנפרוסט במיה 600 גרם,תנובה מרכז שיתופי לשיווק תוצרת,,במיה 600 גר סנפרוסט,גרמים,600.00,100 גרם,false,1,19.80,3.30,true,1,
7290000104225,false,בצל קצוץ 600 גרם סנפרוסט,"סנפרוסט בע""\מ",,בצל קצוץ 600 גרם,גרמים,600.00,100 גרם,false,1,19.80,3.30,true,1,
7290000104676,false,אפונה קפואה סנפרוסט 800 גרם,תנובה מרכז שיתופי לשיווק תוצרת,,אפונת גינה 800 גרם,גרמים,800.00,100 גרם,false,1,17.90,2.24,true,1,
7290000104683,false,שעועית ירוקה שלמה סנפרוסט (800 גרם),תנובה מרכז שיתופי לשיווק תוצרת,,שעועית ירוקה שלמה,גרמים,800.00,100 גרם,false,1,19.90,2.49,true,1,
7290000104690,false,גרעיני תירס מוקפאים סנפרוסט (800 גרם),תנובה מרכז שיתופי לשיווק תוצרת,,תירס גרעינים 800 גרם,גרמים,800.00,100 גרם,false,1,17.90,2.24,true,1,
7290000104706,false,גזר גמדי מוקפא סנפרוסט (800 גרם),תנובה מרכז שיתופי לשיווק תוצרת,,גזר גמדי 800 גרם,גרמים,800.00,100 גרם,false,1,19.80,2.48,true,1,
7290000104713,false,פול ירוק קפוא סנפורסט 800 גרם,תנובה מרכז שיתופי לשיווק תוצרת,,פול ירוק 800 גר סנפר,גרמים,800.00,100 גרם,false,1,27.90,3.49,true,1,
7290000104720,false,שעועית ירוקה חתוכה סנפרוסט (800 גרם),תנובה מרכז שיתופי לשיווק תוצרת,,שעועית ירוקה חתוכה 8,גרמים,800.00,100 גרם,false,1,18.70,2.34,true,1,
7290000104737,false,שעועית צהובה חתוכה סנפרוסט 800 גרם,תנובה מרכז שיתופי לשיווק תוצרת,,שעועית צהובה חתוכה,גרמים,800.00,100 גרם,false,1,19.00,2.38,true,1,
7290000104744,false,כרובית מוקפאת סנפרוסט (800 גרם),תנובה מרכז שיתופי לשיווק תוצרת,,כרובית 800גר סנפרוסט,גרמים,800.00,100 גרם,false,1,27.90,3.49,true,1,
7290000104751,false,"כרוב ניצנים 800 גרם ""סנפרוסט""",תנובה מרכז שיתופי לשיווק תוצרת,,כרוב ניצנים 800 גר,גרמים,800.00,100 גרם,false,1,24.90,3.11,true,1,
7290000104768,false,עלי תרד סנפרוסט (800 גרם),תנובה מרכז שיתופי לשיווק תוצרת,,תרד עלים 800גר סנפרו,גרמים,800.00,100 גרם,false,1,25.60,3.20,true,1,
7290000104775,false,מדליוני תרד סנפרוסט (800 גרם),תנובה מרכז שיתופי לשיווק תוצרת,,מדליוני תרד סנפרוסט,גרמים,800.00,100 גרם,false,1,28.90,3.61,true,1,
7290000104799,false,שעועית לבנה מבושלת סנפרוסט (800 גרם),תנובה מרכז שיתופי לשיווק תוצרת,,שעועית לבנה 800 גרם,גרמים,800.00,100 גרם,false,1,19.70,2.46,true,1,
7290000104805,false,גרגירי חומוס מבושלים סנפרוסט 800 גרם,תנובה מרכז שיתופי לשיווק תוצרת,,חומוס קפוא סנפרוסט,גרמים,800.00,100 גרם,false,1,19.70,2.46,true,1,
7290000104829,false,קלחי תירס חתוכים סנפרוסט 1 קילו,תנובה מרכז שיתופי לשיווק תוצרת,,"קלחוני תירס 1 ק""ג סנ",גרמים,1000.00,100 גרם,false,1,19.50,1.95,true,1,
7290000104836,false,שעועית ירוקה עדינה שלמה סנפרוסט 600 גרם,תנובה מרכז שיתופי לשיווק תוצרת,,שעועית עדינה שלמה 60,גרמים,600.00,100 גרם,false,1,21.90,3.65,true,1,
7290000104874,false,לקט מוקפא לקוסקוס סנפרוסט (800 גרם),תנובה מרכז שיתופי לשיווק תוצרת,,לקט לקוסקוס 800גר סנ,גרמים,800.00,100 גרם,false,1,22.90,2.86,true,1,
7290000104881,false,לקט אפונה וגזר מוקפאים סנפרוסט (800 גרם),תנובה מרכז שיתופי לשיווק תוצרת,,אפונה וגזר 800 גר,גרמים,800.00,100 גרם,false,1,18.80,2.35,true,1,
7290000104904,false,לקט ירקות מעורבים סנפורסט 800 גרם,תנובה מרכז שיתופי לשיווק תוצרת,,ירקות מעורבים 800גר-,גרמים,800.00,100 גרם,false,1,22.90,2.86,true,1,
7290000104911,false,לקט נורמנדי מוקפא סנפרוסט (800 גרם),תנובה מרכז שיתופי לשיווק תוצרת,,לקט נורמנדי 800 גרם,גרמים,800.00,100 גרם,false,1,22.90,2.86,true,1,
7290000106175,false,לקט כפרי מוקפא סנפרוסט (2 קג),"סנפרוסט בע""\מ",,"לקט כפרי 2 ק""ג סנפרו",קילוגרמים,0.00,"ק""ג",false,1,45.50,45.50,true,1,
7290000107165,false,חטיף סויה אדממה סנפרוסט (400 גרם),תנובה מרכז שיתופי לשיווק תוצרת,,חטיף סויה סנפרוסט,גרמים,400.00,100 גרם,false,1,14.60,3.65,true,1,
7290000107189,false,תחתיות ארטישוק סנפרוסט (400 גרם),תנובה מרכז שיתופי לשיווק תוצרת,,תחתיות ארטישוק 400 ג,גרמים,400.00,100 גרם,false,1,21.90,5.48,true,1,
7290000107295,false,תפרחות ברוקולי סנפרוסט 800 גרם,תנובה מרכז שיתופי לשיווק תוצרת,,ברוקולי 800 גרם סנפר,גרמים,800.00,100 גרם,false,1,24.90,3.11,true,1,
7290000107615,false,ירקות ואננס להקפצה מנה אסייתית צבעונית ועשירה,"איי, בי, אינבוו",IL,מנה אסייטית צבעונית,גרמים,800.00,100 גרם,false,1,24.90,3.11,true,1,
7290000110844,false,כיפלי בטעם גריל בד`צ 70 גרם .,יוניליוור ישראל שיווק בע`מ,,"כפלי גריל בד""צ 70 גר",גרמים,70.00,100 גרם,false,1,5.90,8.43,true,1,
7290000110851,false,כיפלי חטיף בטעם בצל מהדרין תלמה (70 גרם),יוניליוור ישראל שיווק בע`מ,,"כפלי בצל בד""צ 70 גרם",גרמים,70.00,100 גרם,false,1,5.90,8.43,true,1,
7290000111000,false,שתיה קרה בודד,,,שתיה קרה בודד,Unknown,0.00,Unknown,false,1,1.00,1.00,true,1,
7290000111063,false,מיונז אמיתי תלמה (250 גרם),"יוניליוור ישראל שיווק בע""מ",,מיונז תלמה 250 גרם,גרמים,250.00,100 גרם,false,1,7.60,3.04,true,1,
7290000111117,false,מרכך כביסה לבן בדין (4 ליטר),"יוניליוור ישראל שיווק בע""מ",,בדין לבן 4 ליטר -לבן,ליטרים,0.00,ליטר,false,1,19.90,19.90,true,1,
7290000111186,false,"מיונז אמיתי תלמה 500 גרם בד""צ","יוניליוור ישראל שיווק בע""מ",,מיונז תלמה 500 גרם-צ,גרמים,500.00,100 גרם,false,1,9.90,1.98,true,1,
7290000111353,false,מיונז אמיתי תלמה (1 קג),"יוניליוור ישראל שיווק בע""מ",,"מיונז 1 ק""ג-צנצנת",גרמים,1000.00,100 גרם,false,1,16.90,1.69,true,1,
7290000111360,false,חרדל אמיתי חריף 250 גרם בצנצנת כשלפ,יוניליוור ישראל שיווק בע`מ,,חרדל תלמה 250 גרם-צנ,גרמים,250.00,100 גרם,false,1,7.30,2.92,true,1,
7290000111384,false,חרדל אמיתי בצנצנת 550 ג' תלמה,יוניליוור ישראל שיווק בע`מ,,חרדל תלמה 550 גרם-צנ,גרמים,550.00,100 גרם,false,1,10.40,1.89,true,1,
7290000112220,false,טחינה גולמית שומשום טהור בארכה 500 גרם,קבוצת אוסם סחר שותפות מוגבלת,,טחינה 500 גר בארכה,גרמים,500.00,100 גרם,false,1,13.90,2.78,true,1,
7290000112237,false,"טחינה גולמית שומשום טהור בארכה 1 ק""ג","רושדי תעשיות מזון בע""\מ",,"טחינה 1 ק""ג-צנצנת",גרמים,1000.00,100 גרם,false,1,32.50,3.25,true,1,
7290000112497,false,מרק עשיר עוף אטריות קנור 75 גרם - שקיות,יוניליוור ישראל שיווק בע`מ,,מרק עשיר עוף אטריות,גרמים,75.00,100 גרם,false,1,13.50,18.00,true,1,
7290000112503,false,מרק עשיר ירקות קנור 69 גרם - שקיות,יוניליוור ישראל שיווק בע`מ,,מרק עשיר ירקות קנור,גרמים,69.00,100 גרם,false,1,13.50,19.57,true,1,
7290000112619,false,אבקת מרק עוף אמיתי קנור 400 ג' כשלפ,יוניליוור ישראל שיווק בע`מ,,אבקת מרק עוף קנור,גרמים,400.00,100 גרם,false,1,19.90,4.98,true,1,
7290000116921,false,"קנור רוטב צילי מתוק 300 מ""ל כשלפ","יוניליוור ישראל שיווק בע""מ",,רוטב קנור צילי מתוק,מיליליטרים,300.00,"100 מ""ל",false,1,10.90,3.63,true,1,
7290000116945,false,"רוטב סויה קלאסי קנור בד""צ 350 גרם",יוניליוור ישראל שיווק בע`מ,,רוטב קנור סויה 300 מ,מיליליטרים,300.00,"100 מ""ל",false,1,14.60,4.87,true,1,
7290000117171,false,מרק טעם עוף דל קלוריות 48 גרם-קופסא,"יוניליוור ישראל שיווק בע""מ",,מרק טעם עוף דל קלורי,גרמים,48.00,100 גרם,false,1,9.00,18.75,true,1,
7290000117720,false,נמס בכוס פטריות קנור 21.5 גרם מארז זוגי,"יוניליוור ישראל שיווק בע""מ",,מרק נמס בכוס פטריות,גרמים,43.00,100 גרם,false,1,6.90,16.05,true,1,
7290000118277,false,כופתאות מצה להכנת מהירה 65 ג' קנור,"יוניליוור ישראל שיווק בע""מ",,קניידלך 130 גרם-קופ,גרמים,130.00,100 גרם,false,1,11.40,8.77,true,1,
7290000120836,false,מיונז אמיתי הלמנס (394 גרם),"יוניליוור ישראל שיווק בע""מ",,מיונז הלמנס 394 גרם,גרמים,433.00,100 גרם,false,1,10.90,2.52,true,1,
7290000120874,false,מיונז הלמנס לייט מופחת קלוריות 424ג,יוניליוור ישראל שיווק בעמ,,מיונז הלמנס לייט 424,גרמים,476.00,100 גרם,false,1,10.90,2.29,true,1,
7290000121079,false,גבינה מותכת למריחה עם שום שמיר 9% מון בלאן 120 גרם,נטו מילנדה סחר בעמ*,,גבינת מון בלאן שמיר,גרמים,120.00,100 גרם,false,1,13.30,11.08,true,1,
7290000121093,false,גבינה מותכת לייט בטעם שוויצרי 7% מון בלאן 120 גר',האי נאם סי או אל.טי.,,מון בלאן שוצרית 120,גרמים,120.00,100 גרם,false,1,13.30,11.08,true,1,
7290000121154,false,גבינה מותכת לייט עם סלמון 7% מון בלאן 120 גרם,נטו מלינדה סחר בע`מ,,מון בלאן סלמון 120 ג,גרמים,120.00,100 גרם,false,1,14.40,12.00,true,1,
7290000121239,false,מיוקל 5% שומן ללא כולסטרול תלמה 500ג',"יוניליוור ישראל שיווק בע""מ",,מיוקל 5%,גרמים,500.00,100 גרם,false,1,15.20,3.04,true,1,
7290000122830,false,"רוטב מקסיקני סצ'ואן קנור 300 מ""ל",יוניליוור ישראל שיווק בע`מ,,רוטב בישול סצואן 370,גרמים,370.00,100 גרם,false,1,10.90,2.95,true,1,
7290000125251,false,שמפו לכביסה עדינה בדין 2 ליטר,יוניליוור ישראל שיווק בעמ,,בדין שמפו לכביסה עדי,ליטרים,0.00,ליטר,false,1,29.90,29.90,true,1,
7290000129457,false,אבקת רוטב פטריות קנור 28 ג' שקית,יוניליוור ישראל שיווק בע`מ,,קנור רוטב פטריות באב,גרמים,29.00,100 גרם,false,1,4.90,16.90,true,1,
7290000129785,false,מרכך כביסה ירוק בדין (4 ליטר),יוניליוור ישראל שיווק בע`מ,IL,מרכך כביסה בדין ירוק,ליטרים,0.00,ליטר,false,1,19.90,19.90,true,1,
7290000135045,false,"XL TEN משקה אנרגיה פתוח ללא סוכר 250 מ""ל","טמפו משקאות בע""\מ",,XL TEN משקה אנרגיה פ,מיליליטרים,250.00,"100 מ""ל",false,1,4.90,1.96,true,1,
7290000135052,false,"XL TEN משקה אנרגיה מנגו ללא סוכר 250 מ""ל","טמפו משקאות בע""\מ",,XL TEN משקה אנרגיה מ,מיליליטרים,250.00,"100 מ""ל",false,1,4.90,1.96,true,1,
7290000135113,false,"משקה אנרגיה XL פחית ten נענע ליים 250 מ""ל","טמפו משקאות בע""\מ",,פחית XL TEN נענע ליי,מיליליטרים,250.00,"100 מ""ל",false,1,4.90,1.96,true,1,
7290000135168,false,"פפסי מקס ליים פחית צרה מארז שישייה 330 מ""ל","טמפו משקאות בע""מ",,שישייה פפסי מקס ליי,ליטרים,0.00,ליטר,false,1,17.90,17.90,true,1,
7290000135175,false,פפסי מקס ליים -משקה קולה מוגז גל קלוריות,פארייפאבה אגרואינדוס,,פחית פפסי מקס ליים פ,מיליליטרים,330.00,"100 מ""ל",false,1,3.20,0.97,true,1,
7290000135182,false,"מארז 7 אפ פרי דל קלוריות בטעם לימון ליים פחית צרה 330 מ""ל*6 יח'","טמפו משקאות בע""מ",,שישייה 7 אפ פרי פחיו,ליטרים,0.00,ליטר,false,1,18.90,18.90,true,1,
7290000135311,false,פפסי מקס ליים 1.5 ליטר בודד,"טמפו משקאות בע""\מ",,פפסי מקס ליים 1.5 לי,ליטרים,0.00,ליטר,false,1,7.60,7.60,true,1,
7290000135595,false,פפסי מקס בטעם דובדבן 1.5 ללא סוכר,"טמפו משקאות בע""\מ",,פפסי מקס דובדבן 1.5,ליטרים,0.00,ליטר,false,1,7.60,7.60,true,1,
7290000135663,false,"פפסי מקס דובדבן פחית צרה מארז שישייה 330 מ""ל",טמפו משקאות בע''מ,,שישיית פפסי מקס דובד,ליטרים,0.00,ליטר,false,1,19.50,19.50,true,1,
7290000135670,false,"פפסי מקס דובדבן פחית צרה 330 מ""ל",,,פפסי מקס דובדבן פחית,מיליליטרים,330.00,"100 מ""ל",false,1,3.90,1.18,true,1,
7290000136158,false,פפסי מקס משקה מוגז דל קלוריות בטעם קולה,"טמפו משקאות בע""\מ",IL,פפסי מקס 1.5 ליטר,ליטרים,0.00,ליטר,false,1,7.60,7.60,true,1,
7290000136257,false,פאנק טוניק גזוז בטעם פירות,טמפו משקאות בע`מ,IL,פאנק טוניק 1.5 ל טמפ,ליטרים,0.00,ליטר,false,1,9.20,9.20,true,1,
7290000136264,false,מי טוניק גזוז 1.5 ל' טמפו,"טמפו משקאות בע""\מ",IL,טוניק 1.5 ל טמפו,ליטרים,0.00,ליטר,false,1,9.90,9.90,true,1,
7290000136288,false,"סירופ בטעם תפוחים ג'ויסר סיידר הגליל 330 מ""ל","טמפו משקאות בע""\מ",,סירופ בטעם תפוחים 33,מיליליטרים,330.00,"100 מ""ל",false,1,13.60,4.12,true,1,
7290000136295,false,"סירופ בטעם פטל ג'ויסר סיידר הגליל 330 מ""ל","טמפו משקאות בע""\מ",,סירופ בטעם פטל 330 מ,מיליליטרים,330.00,"100 מ""ל",false,1,13.60,4.12,true,1,
7290000136301,false,"סירופ בטעם ענבים ג'ויסר סיידר הגליל 330 מ""ל","טמפו משקאות בע""\מ",,סירופ בטעם ענבים 330,מיליליטרים,330.00,"100 מ""ל",false,1,13.60,4.12,true,1,
7290000136431,false,משקה בטעם אפרסק צלול תריסר 1.5 ל' ג'אמפ,"טמפו משקאות בע""\מ",IL,גאמפ אפרסק 1.5 ליטר,ליטרים,0.00,ליטר,false,1,7.50,7.50,true,1,
7290000136455,false,משקה בטעם אשכוליות תריסר 1.5 ל' ג'אמפ,"טמפו משקאות בע""\ם.",IL,גאמפ אשכוליות 1.5 לי,ליטרים,0.00,ליטר,false,1,7.50,7.50,true,1,
7290000136516,false,משקה בטעם מנגו פסיפלורה תריסר 1.5 ל' ג'אמפ,טמפו משקאות בע`מ,IL,גאמפ מנגו 1.5 ליטר,ליטרים,0.00,ליטר,false,1,7.50,7.50,true,1,
7290000136523,false,ג`אמפ משקה קל ענבים 1.5 ליטר פיקדון,"טמפו משקאות בע""\ם.",IL,גאמפ ענבים 1.5 ליטר,ליטרים,0.00,ליטר,false,1,7.50,7.50,true,1,
7290000136561,false,משקה בטעם תות בננה תריסר 1.5 ל' ג'אמפ,"טמפו משקאות בע""\מ",IL,גאמפ תות בננה 1.5 ל,ליטרים,0.00,ליטר,false,1,7.50,7.50,true,1,
7290000136585,false,משקה בטעם תפוזים תריסר 1.5 ל' ג'אמפ,"טמפו משקאות בע""\ם.",IL,גאמפ תפוז 1.5 ליטר,ליטרים,0.00,ליטר,false,1,7.50,7.50,true,1,
7290000136646,false,בירה נשר מאלט ללא אלכוהול 1.5 ליטר,"טמפו משקאות בע""\מ",IL,נשר מאלט 1.5 ליטר,ליטרים,0.00,ליטר,false,1,8.90,8.90,true,1,
7290000136653,false,בירה שחורה נשר מאלט דיאט בקבוק 1.5ל`,"טמפו משקאות בע""\מ",IL,דיאט נשר מאלט 1.5 לי,ליטרים,0.00,ליטר,false,1,8.90,8.90,true,1,
7290000136660,false,סודה טמפו ליטר וחצי,טמפו,IL,מי סודה 1.5 ליטר,ליטרים,0.00,ליטר,false,1,3.70,3.70,true,1,
7290000136677,false,פפסי קולה פיקדון 1.5 ליטר,טמפו,IL,פפסי קולה 1.5 ליטר,ליטרים,0.00,ליטר,false,1,8.20,8.20,true,1,
7290000136684,false,פפסי מקס משקה מוגז דל קלוריות בטעם קולה,טמפו משקאות בע`מ,IL,פפסי מקס 1.5 ליטר,ליטרים,0.00,ליטר,false,1,7.60,7.60,true,1,
7290000136691,false,סבן אפ 1.5 ליטר שישיה טמפו,טמפו משקאות בע`מ,IL,שישיית סבן אפ 1.5 ל,ליטרים,0.01,ליטר,false,1,37.90,3790.00,true,1,
7290000136707,false,טמפו מירינדה 1.5 ליטר,טמפו,IL,מירינדה 1.5 ליטר,ליטרים,0.00,ליטר,false,1,8.20,8.20,true,1,
7290000136752,false,סבן אפ דיאט מארז שישייה 1.5 ל' FREE,"טמפו משקאות בע""\מ",IL,שישיית סבן אפ דיאט,ליטרים,0.01,ליטר,false,1,37.90,3790.00,true,1,
7290000136769,false,מארז שישיה בטעם קולה 1.5 ל' פפסי,"טמפו משקאות בע""\מ",IL,פפסי קולה שישיה 1.5,ליטרים,0.01,ליטר,false,1,37.90,3790.00,true,1,
7290000136776,false,שישיית פפסי מקס דל קלוריות 1.5 ליטר,טמפו משקאות בע`מ,IL,שישיית פפסי מקס דל ק,ליטרים,0.01,ליטר,false,1,37.50,3750.00,true,1,
7290000136790,false,טמפו מי סודה 6*1.5 ליטר פיקדון,"טמפו משקאות בע""\מ",IL,שישיית סודה 1.5 ליטר,ליטרים,0.01,ליטר,false,1,17.90,1790.00,true,1,
7290000136813,false,סודה בטעם אננס מארז רביעייה 1.5 ל' טמפו,טמפו משקאות בע''מn\,IL,רביעייה סודה אננס 1.,ליטרים,0.01,ליטר,false,1,12.00,1200.00,true,1,
7290000136844,false,מארז מים מזוככים אקווה נובה שישיית 2 ליטר,"טמפו משקאות בע""\מ",IL,שישיית אקווה נובה 2ל,ליטרים,0.01,ליטר,false,1,12.90,1290.00,true,1,
7290000136851,false,סבן אפ פיקדון 1.5 ליטר,טמפו משקאות בע`מ,IL,סבן אפ 1.5 ליטר,ליטרים,0.00,ליטר,false,1,8.20,8.20,true,1,
7290000136868,false,סאן בנדטו - מים מינרלים - מארז שישיית 1.5 ליטר,אקווה מינרלה סאן בנדטו ב,IL,שישיית מים סאן בנדטו,ליטרים,0.01,ליטר,false,1,18.90,1890.00,true,1,
7290000136875,false,שישיית מים מינרליים מוגזים סן בנדטו 1.5 ליטר,סאן בנדטו San Benedetto,IL,שישיית סאן בנדטו מוג,ליטרים,0.01,ליטר,false,1,19.90,1990.00,true,1,
7290000136936,false,דיאט סבן אפ 1.5 ליטר-,טמפו,IL,סבן אפ דיאט 1.5 ליטר,ליטרים,0.00,ליטר,false,1,7.60,7.60,true,1,
7290000136943,false,מארז פפסי מקס שישיה 5+1 *1.5 ל',טמפו משקאות בעמ,IL,פפסי מקס 1.5 ליטר,ליטרים,0.01,ליטר,false,1,37.90,3790.00,true,1,
7290000137513,false,גלידונית גלידה וניל בציפוי שוקולד 60 יח' קרמיסימו,"גלידת שטראוס בע""\מ, רחוב",,גלידונית 60 יחידות,גרמים,700.00,100 גרם,false,1,44.90,6.41,true,1,
7290000137643,false,שלגוני טעמקור בטעם שוקו וניל שטראוס 8*50 גרם,"גלידת שטראוס בע""\מ, רחוב",,שמיניית טעמקור,גרמים,400.00,100 גרם,false,1,39.90,9.98,true,1,
7290000139104,false,שלווה חיטה תפוחה מתוקה אשבול 230 גרם,"אשב""ל בע""מ",,שלווה מתוקה 230 גרם,גרמים,230.00,100 גרם,false,1,8.50,3.70,true,1,
7290000139180,false,שלווה חיטה מלאה תפוחה אשבול 140 גרם,אשבל מזון פונקציונלי,,שלווה נטו חיטה תפוחה,גרמים,140.00,100 גרם,false,1,8.50,6.07,true,1,
7290000139227,false,דגן לבן משפחתי 150 גר' אשבול,מ.ד אטיאס סוכנויות מזון בע`מ,,דגן תירס תפוח מתוק 1,גרמים,150.00,100 גרם,false,1,8.50,5.67,true,1,
7290000144160,false,"שמן זית כתית מעולה ארומתי עץ הזית 750 מ""ל","מרקאולאו, ספרד.אבסה,",,שמן זית כתית מעולה ב,מיליליטרים,750.00,"100 מ""ל",false,1,29.90,3.99,true,1,
7290000144467,false,שמן חמניות מועשר בנוגדי חמצון 1 ל' עץ הזית,"נארז ע""י : א.ג. גילר",,שמן עץ הזית חמניות 1,מיליליטרים,1000.00,"100 מ""ל",false,1,16.40,1.64,true,1,
7290000144474,false,שמן עץ הזית קנולה 1 ליטר בריאות מהטבע,סוגת תעשיות בעמ,,שמן עץ הזית קנולה 1,מיליליטרים,1000.00,"100 מ""ל",false,1,14.90,1.49,true,1,
7290000146928,false,"משחת שיניים לילדים בטעם ענבים טום וג'רי 50 מ""ל",טרופיקל דגיל קוסמטיק,,משחת שיניים ענבים טו,Unknown,0.00,Unknown,false,1,9.70,9.70,true,1,
7290000146997,false,משחת שיניים לילדים מסטיק טום וג'רי 50 מל,טרופיקל דגיל קוסמטיק,,משחת שיניים מסטיק טו,Unknown,0.00,Unknown,false,1,9.70,9.70,true,1,
7290000148380,false,פיסטוקים קלויים קליית גת (200 גרם),ליימן שליסל בעמ,,פיסטוק קלוי שקית 200,גרמים,200.00,100 גרם,false,1,24.90,12.45,true,1,
7290000148489,false,"קליית גת גרעיני דלעת קלויים,200 גרם",ליימן שליסל בעמ,,גרעיני דלעת קליית גת,גרמים,200.00,100 גרם,false,1,10.40,5.20,true,1,
7290000148618,false,קשיו מטוגן שקית קליית גת 200 גרם,ליימן שליסל בעמ,,קשיו מטוגן שקית קליי,גרמים,200.00,100 גרם,false,1,22.90,11.45,true,1,
7290000148748,false,קליית גת גרעיני חמניה קלויים ומומלחים200,ליימן שליסל בעמ,,גרעיני חמניה שקית קל,גרמים,200.00,100 גרם,false,1,7.30,3.65,true,1,
7290000148939,false,שקדים קלויים קליית גת (200 גרם),ליימן שליסל בעמ,,שקד קלוי שקית 200 ג,גרמים,200.00,100 גרם,false,1,21.90,10.95,true,1,
7290000149615,false,רביעיית סבון מוצק קלאסי לתינוק נקה 7 4*100 גרם,החברה הדרומית לשיווק בעמ,,נקה 7 סבון לתינוק רב,גרמים,400.00,100 גרם,false,1,13.90,3.48,true,1,
7290000158105,false,שניצל עוף מיני דינוזאור ללא אנטיביוטיקה מ100% ר.טבעי,קבוצת אסם סחר שות. מוגבלת,,שניצל דינוזאור 700 ג,גרמים,700.00,100 גרם,false,1,38.90,5.56,true,1,
7290000161358,false,מיונז אמיתי משמן קנולה תלמה (500 גרם),"יוניליוור ישראל שיווק בע""מ",,תלמה מיונז אמיתי משמ,גרמים,500.00,100 גרם,false,1,16.90,3.38,true,1,
7290000166605,false,סיף פנטסטיק ניקיון כללי יסמין 4ליטר,יוניליוור ישראל שיווק בע`מ,,סיף פנטסטיק ניקוי כל,ליטרים,0.00,ליטר,false,1,30.90,30.90,true,1,
7290000168173,false,"ברנפלקס קרנצ'ים תלמה בד""ץ 375 גרם",יוניליוור ישראל שיווק בעמ,,ברנפלקס קרנצים 375 ג,גרמים,375.00,100 גרם,false,1,20.90,5.57,true,1,
7290000169538,false,"נמס בכוס עגבניות וקרוטונים מרק כשרות בד""ץ 62 ג' קנור",יוניליוור ישראל שיווק בע`מ,,מרק נמס בכוס עגבניות,גרמים,56.00,100 גרם,false,1,6.90,12.32,true,1,
7290000169798,false,"עוגי מופחת סוכר 20% פצפוצי שוקו' 500ג' בד""צ",יוניליוור ישראל שיווק בע`מ,,עוגי 20% פחות סוכר 5,גרמים,500.00,100 גרם,false,1,24.90,4.98,true,1,
7290000174723,false,שוקולית אבקה להכנת משקה שוקו 500 גרם,הנסיך- מפעל לייצור ט,,שוקולית 500 גרם,גרמים,500.00,100 גרם,false,1,11.90,2.38,true,1,
7290000176062,false,קפה טורקי בשקית 100 ג' עלית,שטראוס קפה בי.ויn\.,,קפה עלית טורקי 100 ג,גרמים,100.00,100 גרם,false,1,8.90,8.90,true,1,
7290000176079,false,קפה טורקי עם הל עלית (100 גרם),הנסיך- מפעל לייצור ט,,קפה עלית טורקי עם הל,גרמים,100.00,100 גרם,false,1,8.90,8.90,true,1,
7290000176116,false,קפה טורקי בוואקום עלית (1 קג),הנסיך- מפעל לייצור ט,,קפה עלית טורקי,גרמים,1000.00,100 גרם,false,1,101.20,10.12,true,1,
7290000176147,false,קפה לפילטר קלוי וטחון מוקה מספר 1 עלית 500 גרם,"שטראוס גרופ בע""מ",,מוקה פילטר 500 גרם,גרמים,500.00,100 גרם,false,1,52.50,10.50,true,1,
7290000176413,false,קפה נמס עלית פחית 50 גרם,הנסיך- מפעל לייצור ט,,קפה נמס עלית 50 גרם,גרמים,50.00,100 גרם,false,1,12.60,25.20,true,1,
7290000176420,false,קפה נמס פחית עלית 200 גרם,פיקסל אם.גי.אם בעמ,,קפה נמס עלית 200 גרם,גרמים,200.00,100 גרם,false,1,19.90,9.95,true,1,
7290000176468,false,קפה נמס נטול קפאין 50 ג' קפה האג,"שטראוס גרופ בע""מ",,האג נמס אבקתי 50 גרם,גרמים,50.00,100 גרם,false,1,12.00,24.00,true,1,
7290000176475,false,קפה נמס נטול קפאין האג עלית (200 גרם),שטראוס גרופ בע`מ,IL,קפה האג נמס אבקתי 20,גרמים,200.00,100 גרם,false,1,38.90,19.45,true,1,
7290000178707,false,חטיף צ`יפס בטעם טבעי תפוצ`יפס (50 גרם),"שטראוס פריטו ליי בע""\מ )",,תפוציפס טבעי 50 גרם,גרמים,50.00,100 גרם,false,1,4.00,8.00,true,1,
7290000178721,false,חטיף צ`יפס בטעם טבעי תפוצ`יפס (200 גרם),"שטראוס פריטו ליי בע""\מ )",,תפוציפס טבעי 200 גרם,גרמים,200.00,100 גרם,false,1,9.90,4.95,true,1,
7290000185293,false,סילאן טבעי תמר כנרת 350 גרם,"חצר כנרת מוצרי תמר אגש""ח",IL,סילאן טבעי תמר כנרת,גרמים,350.00,100 גרם,false,1,14.90,4.26,true,1,
7290000185330,false,סילאן טבעי תמר כנרת 900 גר,תה ויסוצקי (ישראל) בעמ,,סילאן טבעי תמר כנרת,גרמים,900.00,100 גרם,false,1,23.90,2.66,true,1,
7290000186030,false,מגבוני האגיס תחליב דיספנסר רביעייה,קימברלי קלארק ישראל שיווק בעמ,,מגבוני האגיס תחליב ד,Unknown,0.00,Unknown,false,1,34.50,34.50,true,1,
7290000186535,false,נייר טואלט תלת שכבתי לבן לילי 32 יחידות,קימברלי קלארק ישראל שיווק בעמ,,לילי טריו לבן 32 גלי,מטרים,537.28,מטר,false,1,42.90,0.08,true,1,
7290000186931,false,ניקול כריות קרצוף חתוכות 12 יח',ניקול,,ניקול סקוטש חתוך 12,Unknown,0.00,Unknown,false,1,12.80,12.80,true,1,
7290000187860,false,מגבוני טואלט לחים לילי דיספנסר 40יח',קימברלי קלארק ישראל שיווק בעמ,IL,נייר טואלט לח לילי פ,Unknown,0.00,Unknown,false,1,7.90,7.90,true,1,
7290000187938,false,לילי - נייר טואולט נייר טואלט פסטל 32 יח',קימברלי קלארק ישראל שיווק בעמ,,לילי פסטל 32 גלילים,מטרים,588.00,מטר,false,1,36.90,0.06,true,1,
7290000187952,false,לילי טריפל קומפורט ורוד נ.טואלט 32 גלילי,קימברלי קלארק ישראל שיווק בעמ,,לילי טריו ורוד 32 גל,מטרים,537.28,מטר,false,1,39.90,0.07,true,1,
7290000188591,false,קוטקס מגן תחתון יאנג ביג 60 יחידות,קימברלי קלארק ישראל שיווק בעמ,,מ. תחתון קוטקס סילק,Unknown,0.00,Unknown,false,1,23.90,23.90,true,1,
7290000189079,false,תבניות אינגליש קייק עבות 6 יחידות ניקול,קימברלי קלארק ישראל שיווק בעמ,,תבניות עגולות 5 יח,Unknown,0.00,Unknown,false,1,10.90,10.90,true,1,
7290000189116,false,תבניות עגולות חזקות ועבות ניקול 5 יחידות,קימברלי קלארק ישראל שיווק בעמ,,תבניות אינגליש קייק,Unknown,0.00,Unknown,false,1,10.90,10.90,true,1,
7290000189192,false,סופר מטלית מטליות נייר רב פעמיות ניקול 64 יחידות,קימברלי קלארק ישראל שיווק בעמ,,סופר מגבת ניקול 64 י,מטרים,1.85,מטר,false,1,16.90,9.14,true,1,
7290000189260,false,תבניות מלבניות עבות וחזקות ניקול 5 יחידות,קימברלי קלארק ישראל שיווק בעמ,,תבניות מלבניות 5 יח,Unknown,0.00,Unknown,false,1,10.90,10.90,true,1,
7290000189277,false,תבניות מלבניות עבות וחזקות ניקול 3 יחידות,קימברלי קלארק ישראל שיווק בעמ,,תבניות מלבניות גדולו,Unknown,0.00,Unknown,false,1,10.90,10.90,true,1,
7290000189482,false,תבניות אפיה מרובעות מקרטון ניקול 4 יחידות,קימברלי קלארק ישראל שיווק בעמ,,תבנית אפייה מקרטון מ,Unknown,0.00,Unknown,false,1,14.60,14.60,true,1,
7290000189499,false,תבניות אפיה עגולות מקרטון ניקול 3 יחידות,קימברלי קלארק ישראל שיווק בעמ,,תבנית אפייה מקרטון ע,Unknown,0.00,Unknown,false,1,14.60,14.60,true,1,
7290000189505,false,ניקול תבנית אפייה מקרטון אינגליש קייק ניקול 5 יחידות,קימברלי קלארק ישראל שיווק בעמ,,תבנית אפייה מקרטון א,Unknown,0.00,Unknown,false,1,14.60,14.60,true,1,
7290000189536,false,שקיות אשפהעם שרוך 65*52 ניקול 40 יחידות,קימברלי קלארק ישראל שיווק בעמ,,שקיות אשפה ניקול 40,Unknown,0.00,Unknown,false,1,19.80,19.80,true,1,
7290000189550,false,"שקיות אשפה ענקיות עם שרוך 78 * 90 ס""מ ניקול 2 * 10 יחידות",קימברלי קלארק ישראל שיווק בעמ,,XXL ניקול שקיות אשפה,Unknown,0.00,Unknown,false,1,25.90,25.90,true,1,
7290000189598,false,מטליות לחות חד פעמיות לניקוי כללי 50 יח' ניקול,קימברלי קלארק ישראל שיווק בעמ,,ניקול מטלית לחות חד,Unknown,0.00,Unknown,false,1,11.90,11.90,true,1,
7290000189659,false,מטליות לחות לרצפה ניקול 10 יח'-מרכז,קימברלי קלארק ישראל שיווק בעמ,,ניקול מטליות לחות לר,Unknown,0.00,Unknown,false,1,10.90,10.90,true,1,
7290000189680,false,ניקול זוג מטליות לחות לרצפה,קימברלי קלארק ישראל שיווק בעמ,,מארז זוג מטליות לחות,Unknown,0.00,Unknown,false,1,24.90,24.90,true,1,
7290000189734,false,מטליות לחות לניקוי פרקט ניקול 10 יחידות,קימברלי קלארק ישראל שיווק בעמ,,מטליות לחות לפרקטים,Unknown,0.00,Unknown,false,1,18.40,18.40,true,1,
7290000189871,false,"שקיות אשפה עם שרוך 52 * 65 ס""מ ניקול 55 שקיות",קימברלי קלארק ישראל שיווק בעמ,,אשפתון מתכלה ניקול 5,Unknown,0.00,Unknown,false,1,19.90,19.90,true,1,
7290000190150,false,מפיות מודפסות תלת שכבתיות ניקול 20 יחידות,קימברלי קלארק ישראל שיווק בעמ,PL,מפיות ניקול מודפסות,יחידה,1.00,יחידה,false,1,8.50,8.50,true,1,
7290000190198,false,מטליות לחות לניקוי וחיטוי 99.9% ניקול 50 יחידה,קימברלי קלארק ישראל שיווק בעמ,,מטלית ניקול לניקוי ח,Unknown,0.00,Unknown,false,1,11.90,11.90,true,1,
7290000190853,false,לילי פיור נייר טואלט דו שכבתי לבן 30 גלילים,קימברלי קלארק ישראל שיווק בעמ,,לילי פיור נייר טואלט,מטרים,588.00,מטר,false,1,41.90,0.07,true,1,
7290000191225,false,חיתולים ליטל בייביז מידה 2 האגיס 46 יחידות,קימברלי קלארק ישראל שיווק בעמ,,חיתולי האגיס ליטל בי,Unknown,0.00,Unknown,false,1,39.90,39.90,true,1,
7290000191539,false,חמישיית ממחטות טישו צבועני לילי 100 יחידות,קימברלי קלארק ישראל שיווק בעמ,,ממחטות נייר לילי 5 י,Unknown,0.00,Unknown,false,1,14.90,14.90,true,1,
7290000191546,false,ממחטות טישו צבעוני 2 שכבות לילי מארז 100X3יח',קימברלי קלארק ישראל שיווק בעמ,,לילי צבעוני 90 דף*3,Unknown,0.00,Unknown,false,1,10.50,10.50,true,1,
7290000191652,false,שלישיית ממחטות אולטרה סופט קלינקס 90 יחידות,קימברלי קלארק ישראל שיווק בעמ,,קלינקס שלישייה,Unknown,0.00,Unknown,false,1,10.90,10.90,true,1,
7290000191966,false,נייר טואלט לילי לח נטורל קר 48 דפים,קימברלי קלארק ישראל שיווק בעמ,IL,נייר טואלט לח לילי נ,Unknown,0.00,Unknown,false,1,7.90,7.90,true,1,
7290000192581,false,מגבת נייר גליל כפול ניקול 12=6 גליל,קימברלי קלארק ישראל שיווק בעמ,IL,נייר מגבת ניקול 6=12,מטרים,129.72,מטר,false,1,21.50,0.17,true,1,
7290000193014,false,מגן תחתון פדיות אינטרלוד לילי 50 יחידות,קימברלי קלארק ישראל שיווק בעמ,,לילי אינטרלוד,Unknown,0.00,Unknown,false,1,12.90,12.90,true,1,
7290000193076,false,"שלישיית מטליות לריצפה ""ניקול""",עופרטקס,,שלישיית מטליות לריצפ,Unknown,0.00,Unknown,false,1,12.50,12.50,true,1,
7290000194288,false,האגיס משטחי החתלה חד פעמיים 10יח`,קימברלי קלארק ישראל שיווק בעמ,,האגיס משטח החתלה,Unknown,0.00,Unknown,false,1,23.90,23.90,true,1,
7290000194837,false,ניקול - שקיות מזון + ידיות קשירה אקסטרה לארג' 200 יח',קימברלי קלארק ישראל שיווק בעמ,,שקיות מזון גדולות עם,Unknown,0.00,Unknown,false,1,15.60,15.60,true,1,
7290000195216,false,נייר אפייה בשקית ניקול 50 יחידות,קימברלי קלארק ישראל שיווק בעמ,,נייר אפייה ניקול,Unknown,0.00,Unknown,false,1,11.90,11.90,true,1,
7290000195537,false,האגיס - מגבוני האגיס דיילי קר לא מבושם 64 יח' * 4,קימברלי קלארק ישראל שיווק בעמ,,מגבוני האגיס רביעיה,Unknown,0.00,Unknown,false,1,19.90,19.90,true,1,
7290000195773,false,האגיס - מגבוני האגיס סנסטיב קר לא מבושם 64 יח' * 4,קימברלי קלארק ישראל שיווק בעמ,,מגבוני האגיס קמומיל,Unknown,0.00,Unknown,false,1,19.90,19.90,true,1,
7290000196039,false,"מפות שולחן איריס ח""פ ניקול 2 יח'",קימברלי קלארק ישראל שיווק בעמ,,מפות שולחן ניקול זוג,Unknown,0.00,Unknown,false,1,12.00,12.00,true,1,
7290000196343,false,"מפת שולחן מהודרת לילי 180X120ס""מ",קימברלי קלארק ישראל שיווק בעמ,,מפת ניקול סטייל 1 יח,Unknown,0.00,Unknown,false,1,11.90,11.90,true,1,
7290000196763,false,"שקיות אשפה חזקות במיוחד עם שרוך 52 * 65 ס""מ ניקול 40 יחידות",קימברלי קלארק ישראל שיווק בעמ,,השקית החזקה ניקול 40,Unknown,0.00,Unknown,false,1,25.90,25.90,true,1,
7290000197012,false,שקיות ריצ'רץ' אחסון למזון ניקול 15 יחידות,קימברלי קלארק ישראל שיווק בעמ,,שקיות ריצרץ לטריות 1,Unknown,0.00,Unknown,false,1,13.40,13.40,true,1,
7290000197029,false,שקיות ריצ'רץ' רב תכליתיות ניקול 12 יחידות,קימברלי קלארק ישראל שיווק בעמ,,שקיות ריצרץ לאיחסון,Unknown,0.00,Unknown,false,1,13.40,13.40,true,1,
7290000197326,false,רדיד אלומיניום ניקול זוגות 7.5*2קצר,קימברלי קלארק ישראל שיווק בעמ,,רדיד אלומיניום ניקול,מטרים,15.00,מטר,false,1,10.90,0.73,true,1,
7290000197425,false,חיתולים פרידום דריי שלב 3 האגיס 52 יחידות,קימברלי קלארק ישראל שיווק בעמ,,האגיס פרידום דריי של,Unknown,0.00,Unknown,false,1,41.90,41.90,true,1,
7290000197432,false,שקיות אוכל סנדביצ'ון ניקול מארז 150X2יח',קימברלי קלארק ישראל שיווק בעמ,,זוג סנדביצון ענק,Unknown,0.00,Unknown,false,1,13.90,13.90,true,1,
7290000197456,false,חיתולים פרידום דריי שלב 4 האגיס 44 יחידות,קימברלי קלארק ישראל שיווק בעמ,,האגיס פרידום דריי של,Unknown,0.00,Unknown,false,1,41.90,41.90,true,1,
7290000197463,false,חיתולים פרידום דריי שלב +4 האגיס 40 יחידות,קימברלי קלארק ישראל שיווק בעמ,,האגיס פרידום דריי של,Unknown,0.00,Unknown,false,1,41.90,41.90,true,1,
7290000197548,false,חיתולים פרידום דריי שלב 5 האגיס 36 יחידות,קימברלי קלארק ישראל שיווק בעמ,,האגיס פרידום דריי של,Unknown,0.00,Unknown,false,1,41.90,41.90,true,1,
7290000197654,false,שקיות אשפה ענקיות נשלפות 75*90 ניקול 50 יחידות,קימברלי קלארק ישראל שיווק בעמ,,אשפתון ניקול ענק 45,Unknown,0.00,Unknown,false,1,21.80,21.80,true,1,
7290000197678,false,חיתולי האגיס פרידום דריי שלב 6 30 יחידות,קימברלי קלארק ישראל שיווק בעמ,,האגיס פרידום דריי של,Unknown,0.00,Unknown,false,1,41.90,41.90,true,1,
7290000197753,false,ניילון נצמד אנטי בטקריאלי ניקול 30X2מ',קימברלי קלארק ישראל שיווק בעמ,,זוג ניילון נצמד ניקו,מטרים,60.00,מטר,false,1,11.90,0.20,true,1,
7290000197876,false,תבניות אלומיניום קטנות עם מכסה ניקול 4 יחידות,קימברלי קלארק ישראל שיווק בעמ,,מגשית חד פעמית ניקול,Unknown,0.00,Unknown,false,1,9.90,9.90,true,1,
7290000197883,false,תבנית אלומיניום 100 גדולה ניקול 4 יחידות,קימברלי קלארק ישראל שיווק בעמ,,מגשית 100 כסופה - חי,Unknown,0.00,Unknown,false,1,9.90,9.90,true,1,
7290000197982,false,"רדיד אלומיניום עבה 45 ס""מ רוחב ניקול 2 יח' 7.5 מטר",קימברלי קלארק ישראל שיווק בעמ,,רדיד אלומיניום 7.5*4,מטרים,15.00,מטר,false,1,25.90,1.73,true,1,
7290000197999,false,רדיד אלומיניום עבה ניקול זוגי 30X7.5מ',קימברלי קלארק ישראל שיווק בעמ,,זוג רדיד ניקול עבה,מטרים,15.00,מטר,false,1,17.70,1.18,true,1,
7290000199313,false,תחבושות עם כנפיים נורמל פלוס קוטקס 30 יחידות,קימברלי קלארק ישראל שיווק בעמ,,קוטקס לנערות 28 יח,Unknown,0.00,Unknown,false,1,18.90,18.90,true,1,
7290000204086,false,ניקול כרית קרצוף מארז שלישייה,קימברלי קלארק ישראל שיווק בעמ,,סקוטש ניקול שלישייה,Unknown,0.00,Unknown,false,1,11.50,11.50,true,1,
7290000204147,false,רביעיית כרית יפנית עבה ניקול 4 יחידות,קימברלי קלארק ישראל שיווק בעמ,,כרית ניקול 2 ב - 1,Unknown,0.00,Unknown,false,1,10.90,10.90,true,1,
7290000204239,false,ניקול מטליות ריצפה רביעיה,קימברלי קלארק ישראל שיווק בעמ,,4 מטליות רצפה ניקול,Unknown,0.00,Unknown,false,1,13.20,13.20,true,1,
7290000204253,false,מטליות רב שימושיות לניקיון ניקול 9 יחידות,קימברלי קלארק ישראל שיווק בעמ,,מטליות ניקול 9 יח,Unknown,0.00,Unknown,false,1,10.50,10.50,true,1,
7290000204512,false,מטליות לחות לניקוי רצפה בריח לימון ניקול 10 יחידות,קימברלי קלארק ישראל שיווק בעמ,,מטליות לחות לרצפה בר,Unknown,0.00,Unknown,false,1,10.90,10.90,true,1,
7290000205762,false,חיתולי האגיס אקסטרה קר מידה 3 48 יחידות,קימברלי קלארק ישראל שיווק בעמ,,האגיס אקסטרה קייר מי,Unknown,0.00,Unknown,false,1,49.90,49.90,true,1,
7290000205915,false,חיתולי האגיס אקסטרה קייר מידה 4 40 יחידות,קימברלי קלארק ישראל שיווק בעמ,,האגיס אקסטרה קייר מי,Unknown,0.00,Unknown,false,1,49.90,49.90,true,1,
7290000207063,false,רסק עגבניות פריכוז 28% 240 גרם יכין,היינץ צפון אמריקה מק,,פריכוז 240 גר,גרמים,240.00,100 גרם,false,1,4.90,2.04,true,1,
7290000207162,false,רוטב עגבניות מרכיב טבעי 100 ג' יכין,זנלכול יכין,IL,רוטב עגבניות יכין 10,גרמים,100.00,100 גרם,false,1,2.50,2.50,true,1,
7290000207438,false,עגבניות מקולפות חתוכות לקוביות,זנלכול יכין,,עגבניות 2.5 A קוביות,גרמים,850.00,100 גרם,false,1,9.90,1.16,true,1,
7290000208008,false,רסק פלפל חריף חריסה A2 יכין 550 ג',זנלכול יכין,,חריסה 550 גר יכין A/,גרמים,550.00,100 גרם,false,1,9.90,1.80,true,1,
7290000208022,false,עגבניות 2.5 A מרוסקות 850 גרם יכין,זנלכול יכין,,עגבניות 2.5 A מרוסק,גרמים,850.00,100 גרם,false,1,9.90,1.16,true,1,
7290000208077,false,אפונת גינה גדולה יכין (550 גרם),זנלכול יכין,,אפונת גינה רגילה 550,גרמים,550.00,100 גרם,false,1,8.50,1.55,true,1,
7290000208114,false,"אפונה וגזר יכין A2 פ""ק בית יוסף",זנלכול יכין,,אפונה וגזר יכין 550,גרמים,550.00,100 גרם,false,1,8.50,1.55,true,1,
7290000208138,false,סירופ דיאט בטעם ענבים יכין (1 ליטר),זנלכול יכין,IL,סירופ דיאט ענבים יכי,מיליליטרים,1000.00,"100 מ""ל",false,1,17.90,1.79,true,1,
7290000208145,false,גרעיני תירס מתוק לייט 550 גרם יכין,זנלכול יכין,,תירס לייט יכין 550 ג,גרמים,550.00,100 גרם,false,1,9.90,1.80,true,1,
7290000208213,false,שעועית לבנה אפויה A2 ברוטב עגבניות יכין 560ג',היינץ צפון אמריקה מק,,שעועית יכין אפויה 58,גרמים,580.00,100 גרם,false,1,8.90,1.53,true,1,
7290000208220,false,שעועית צ`ילי מקסיקני חריף יכין (550 גרם),היינץ צפון אמריקה מק,,שעועית צלי חריף A2,גרמים,550.00,100 גרם,false,1,9.90,1.80,true,1,
7290000208244,false,"בסיס לשקשוקה יכין A2 פ""ק בית יוסף",זנלכול יכין,,בסיס לשקשוקה יכין 57,גרמים,570.00,100 גרם,false,1,9.90,1.74,true,1,
7290000208251,false,שעועית ירוקה חתוכה יכין (550 גרם),"זנלכל בע""מ",,שעועית ירוקה יכין 56,גרמים,560.00,100 גרם,false,1,9.90,1.77,true,1,
7290000208268,false,שעועית צהובה 560 גר יכין,"זנלכל בע""מ",,שעועית צהובה 560 גר,גרמים,560.00,100 גרם,false,1,9.90,1.77,true,1,
7290000208312,false,גרעיני תירס מתוק בואקום יכין 400 גר',"זנלכל בע""\מ",IL,תירס מתוק יכין 400 ג,גרמים,400.00,100 גרם,false,1,6.90,1.73,true,1,
7290000208329,false,גרעיני תירס מתוק יכין (550 גרם),זנלכול יכין,,תירס גרעינים 550 גר,גרמים,550.00,100 גרם,false,1,8.50,1.55,true,1,
7290000208336,false,רסק יכין 240גר 22% יכין בית יוסף,"זנלכל בע""\מ",,רוטב עגבניות יכין 24,גרמים,240.00,100 גרם,false,1,4.50,1.88,true,1,
7290000208343,false,עגבניות מרוסקות שום יכין A2.5 בית יוסף,היינץ צפון אמריקה מק,,עגבניות מרוסקות שום,גרמים,850.00,100 גרם,false,1,9.90,1.16,true,1,
7290000208350,false,עגבניות מרוסקות עם בצל יכין (800 גרם),זנלכול יכין,,עגבניות מרוסקות בצל,גרמים,800.00,100 גרם,false,1,9.90,1.24,true,1,
7290000208404,false,A2 פול מצרי 550 גרם יכין,זנלכול יכין,,פול יכין 560 גרם,גרמים,560.00,100 גרם,false,1,8.90,1.59,true,1,
7290000208428,false,גרגרי חומוס שלם 550 גרם יכין,היינץ צפון אמריקה מק,,חומוס יכין שלם 550 ג,גרמים,550.00,100 גרם,false,1,8.90,1.62,true,1,
7290000208459,false,"לקט אפונה, תפוחי אדמה וגזר יכין 550 גרם",זנלכול יכין,,לקט תפוחי אדמה A2 יכ,גרמים,550.00,100 גרם,false,1,9.90,1.80,true,1,
7290000208480,false,גרעיני תירס מתוק בטעם חמאה 550 גרם יכין,זנלכול יכין,,תירס בטעם חמאה יכין,גרמים,550.00,100 גרם,false,1,9.90,1.80,true,1,
7290000208534,false,תירס קיד גרעיני תירס מתוק יכין (550 גרם),זנלכול יכין,,תירס קיד יכין 550 גר,גרמים,550.00,100 גרם,false,1,9.90,1.80,true,1,
7290000208800,false,תירס קיד גרעיני תירס מתוק יכין (400 גרם),זנלכול יכין,,תירס ואקום קיד 400 ג,גרמים,400.00,100 גרם,false,1,6.90,1.73,true,1,
7290000208855,false,רוטב לפסטה קלאסי יכין (240 גרם),זנלכול יכין,,רוטב לפסטה 260 גרם י,מיליליטרים,260.00,"100 מ""ל",false,1,6.50,2.50,true,1,
7290000208893,false,גרעיני תירס מתוק לייט 400 גרם יכין,היינץ צפון אמריקה מק,,תירס ואקום לייט 400,גרמים,400.00,100 גרם,false,1,6.90,1.73,true,1,
7290000208930,false,עגבניות מרוסקות בתוספת שום 240 גרם יכין,זנלכול יכין,,עגבניות +שום 260 גרם,גרמים,260.00,100 גרם,false,1,6.50,2.50,true,1,
7290000208947,false,עגבניות מרוסקות יכין (240 גרם),היינץ צפון אמריקה מק,,עגבניות מרוסקות 260,גרמים,260.00,100 גרם,false,1,6.50,2.50,true,1,
7290000209012,false,חומץ 1ליטר יכין הדרים,"זנלכל בע""\מ",,חומץ הדרים 1 ליטר,מיליליטרים,1000.00,"100 מ""ל",false,1,5.90,0.59,true,1,
7290000209371,false,מארז גרעיני תירס מתוק יכין (200x3 גרם),היינץ צפון אמריקה מק,,שלישיית תירס יכין 16,גרמים,165.00,100 גרם,false,1,14.90,9.03,true,1,
7290000209388,false,תירס מתוק לייט יכין 200 גרם מארז 3 יח',זנלכול יכין,,שלישיית תירס לייט יכ,גרמים,165.00,100 גרם,false,1,14.90,9.03,true,1,
7290000209517,false,סירופ דיאט בטעם לימון יכין (1 ליטר),היינץ צפון אמריקה מק,,סירופ דיאט 1 ל ט. לי,ליטרים,0.00,ליטר,false,1,17.90,17.90,true,1,
7290000209555,false,סירופ דיאט בטעם תפוחים יכין 1 ליטר,זנלכול יכין,IL,סירופ דיאט תפוח עץ י,מיליליטרים,1000.00,"100 מ""ל",false,1,17.90,1.79,true,1,
7290000209708,false,עגבניות מרוסקות עם בזיליקום 240 גרם יכין,היינץ צפון אמריקה מק,,עגבניות +בזיליקום 26,גרמים,260.00,100 גרם,false,1,6.50,2.50,true,1,
7290000209722,false,רוטב עגבניות 28% יכין (580 גרם)פריכוז,"זנלכל בע""\מ",,רסק עגבניות פריכוז A,גרמים,580.00,100 גרם,false,1,10.90,1.88,true,1,
7290000209906,false,עגבניות מרוסקות בתוספת בצל 240 גרם יכין,זנלכול יכין,,עגבניות מרוסקות עם ב,גרמים,260.00,100 גרם,false,1,6.50,2.50,true,1,
7290000209913,false,עגבניות חתוכות לקוביות 240 גרם יכין,"זנלכל בע""\מ",,עגבניות קוביות 260 ג,גרמים,260.00,100 גרם,false,1,6.50,2.50,true,1,
7290000209944,false,רוטב לעגבניות בסיס לשקשוקה 240 ג' יכין,"זנלכל בע""\מ",,רוטב עגבניות לשקשוק,גרמים,260.00,100 גרם,false,1,6.50,2.50,true,1,
7290000209951,false,רוטב עגבניות לפיצה 260 גרם יכין,"זנלכל בע""\מ",,רוטב עגבניות לפיצה,גרמים,260.00,100 גרם,false,1,6.50,2.50,true,1,
7290000209968,false,רוטב עגבניות ללזניה 260 גרם יכין,זנלכול יכין,,רוטב עגבניות ללזניה,גרמים,260.00,100 גרם,false,1,6.50,2.50,true,1,
7290000210469,false,עגבניות שלמות מקולפות יכין (800 גרם),זנלכול יכין,,עגבניות 2.5 A שלמות,גרמים,850.00,100 גרם,false,1,9.90,1.16,true,1,
7290000210896,false,רוטב לפסטה בולונז 240 גרם יכין,זנלכול יכין,,רוטב בולונז 260 גרם,מיליליטרים,260.00,"100 מ""ל",false,1,6.50,2.50,true,1,
7290000211169,false,"אורז תאילנדי אחד אחד סוגת 1 ק""ג",האי נאם סי או אל.טי.,,"אורז תאילנדי 1 ק""ג",קילוגרמים,0.00,"ק""ג",false,1,7.90,7.90,true,1,
7290000211312,false,סוגת אורז מלא פרסי אחד אחד 1 קג,האי נאם סי או אל.טי.,,"אורז מלא 1 ק""ג",גרמים,1000.00,100 גרם,false,1,10.40,1.04,true,1,
7290000211374,false,"קמח חיטה מלא סוגת 1 ק""ג",טחנת קמח דגן-שטיבל,,"קמח מלא 1 ק""ג סוגת",גרמים,1000.00,100 גרם,false,1,7.50,0.75,true,1,
7290000211442,false,אורז בסגנון פרסי קלאסי סוגת (1 קג),האי נאם סי או אל.טי.,,"אורז פרסי 1 ק""ג סוג",גרמים,1000.00,100 גרם,false,1,10.80,1.08,true,1,
7290000211503,false,סוכר לבן ארוז בשקית,"סוגת תעשיות בע""\מ",,"סוכר לבן 1 ק""ג",קילוגרמים,0.00,"ק""ג",false,1,3.90,3.90,true,1,
7290000211626,false,חיש אורז אחד אחד 1 קג,"סוגת תעשיות בע""\מ",,"אורז חיש 1 ק""ג",גרמים,1000.00,100 גרם,false,1,11.40,1.14,true,1,
7290000211985,false,אורז עגול ריזוטו אחד אחד 1 קג,"סוגת תעשיות בע""\מ",,אורז עגול 1 קג,גרמים,1000.00,100 גרם,false,1,9.90,0.99,true,1,
7290000214115,false,מרק עוף בצנצנת ויטה 400 גרם,ויטה- פרי גליל (החדשה) בעמ,,מרק עוף בצנצנת 400 ג,גרמים,400.00,100 גרם,false,1,13.90,3.48,true,1,
7290000218502,false,תערובת לחמין A-2 ויטה בדצ,ויטה פרי גליל (החדשה) בע`מ,,חמין א2,גרמים,668.00,100 גרם,false,1,11.30,1.69,true,1,
7290000226514,false,עוגת דובוש טעם ריבת חלב קפולסקי 450 גרם,תופינים מקבוצת קפולסקי,,עוגת דובוש ריבת חלב,גרמים,450.00,100 גרם,false,1,39.90,8.87,true,1,
7290000226569,false,עוגת טורט קצפת שוקולד קפולסקי (1 קג),תופינים מקבוצת קפולסקי,,קפולסקי עוגת טורט,גרמים,1000.00,100 גרם,false,1,67.90,6.79,true,1,
7290000226576,false,"עוגת טורט מצופה שוקולד קפולסקי 1 ק""ג",תופינים מקבוצת קפולסקי,,קפולסקי עוגת טורט,גרמים,1000.00,100 גרם,false,1,67.90,6.79,true,1,
7290000226613,false,עוגת דובוש מצופה שוקולד קפולסקי 450 גרם,תופינים מקבוצת קפולסקי,,עוגת דובוש מצופה בטע,גרמים,1000.00,100 גרם,false,1,39.90,3.99,true,1,
7290000238029,false,"בצק עלים צרפתי מרודד מעדנות 1 ק""ג",תנובה מרכז שיתופי לשיווק תוצרת,,"בצק עלים מרודד 1 ק""ג",גרמים,1000.00,100 גרם,false,1,21.90,2.19,true,1,
7290000238036,false,מלאווח מעדנות 6 יח`700 גרם קפוא,תנובה מרכז שיתופי לשיווק תוצרת,,מלאווח מעדנות 700 גר,גרמים,700.00,100 גרם,false,1,16.90,2.41,true,1,
7290000238173,false,.בורקס במילוי גבינה 800 גרם מעדנות,מיוצר עי קונדיטוריית,,בורקס גבינה מעדנות,גרמים,800.00,100 גרם,false,1,19.90,2.49,true,1,
7290000238180,false,בורקס במילוי תפוא 800 גרם מעדנות,מיוצר עי קונדיטוריית,,"בורקס תפו""א 800 גרם",גרמים,800.00,100 גרם,false,1,19.70,2.46,true,1,
7290000244143,false,קרם הוואי לאחר גילוח+ לחות 120 מ``ל,טרופיקל דגיל קוסמטיק,,הוואי קרם לאחר גילוח,מיליליטרים,120.00,"100 מ""ל",false,1,22.50,18.75,true,1,
7290000245072,false,סוד מרכך כביסה בייבי סנסטיב 4 ליטר,גורי שיווק בעמ,,סוד לתינוק 4 ל מרכך,ליטרים,0.00,ליטר,false,1,22.50,22.50,true,1,
7290000245089,false,סוד סופט מרכך כביסה סגול 4 ליטר,גורי שיווק בעמ,,סוד סגול אלגנט 4 ל מ,ליטרים,0.00,ליטר,false,1,22.50,22.50,true,1,
7290000245270,false,"פרסיל אבקה לכביסה רגיל שקית 1.25 ק""ג",גורי שיווק בעמ,,אב.כביסה פרסיל 1.25,קילוגרמים,0.00,"ק""ג",false,1,19.30,19.30,true,1,
7290000245287,false,"פרסיל אבקת כביסה 1.250 ק""ג קולור ויניגר",גורי שיווק בעמ,,אב.כביסה פרסיל קולור,קילוגרמים,0.00,"ק""ג",false,1,19.30,19.30,true,1,
7290000245294,false,"פרסיל אבקת כביסה סופרא 2.5ק""ג",גורי שיווק בעמ,,אבקת כביסה פרסיל 2.5,קילוגרמים,0.00,"ק""ג",false,1,29.50,29.50,true,1,
7290000245508,false,"אב.כביסה סוד פרפקט 1.25ק""ג-שקית כחולה",גורי שיווק בעמ,,אב.כביסה סוד פרפקט 1,קילוגרמים,0.00,"ק""ג",false,1,14.90,14.90,true,1,
7290000245515,false,"א.כ סוד קומפקט ביואקטיב פרפריום 1.25 ק""ג",גורי שיווק בעמ,,א.כ סוד קומפקט ביואק,קילוגרמים,0.00,"ק""ג",false,1,14.90,14.90,true,1,
7290000245782,false,סוד סופט מרכך כביסה ורוד 4 ליטר,גורי שיווק בעמ,,סוד ורוד מסתורי 4 ל,ליטרים,0.00,ליטר,false,1,22.50,22.50,true,1,
7290000245799,false,סוד סופט מרכך כביסה כחול 4 ליטר,גורי שיווק בעמ,,סוד כחול מרענן 4 ל מ,ליטרים,0.00,ליטר,false,1,22.50,22.50,true,1,
7290000253220,false,שוקולדצ`יפס לאפייה 260 גר`אופנהיימר,תה ויסוצקי (ישראל) בעמ,IL,שוקולד ציפס אופנהיימ,גרמים,260.00,100 גרם,false,1,10.90,4.19,true,1,
7290000253251,false,נטיפי שוקולד צ`יפס לבן לאפיה 250 גרם,תה ויסוצקי (ישראל) בעמ,IL,שוקו ציפס לבן אופנהי,גרמים,300.00,100 גרם,false,1,10.90,3.63,true,1,
7290000253459,false,נטיפי צ'יפס בטעם קרמל אופנהיימר 250 גרם,תה ויסוצקי (ישראל)בעמ,IL,נטיפי ציפס בטעם קרמל,גרמים,250.00,100 גרם,false,1,10.90,4.36,true,1,
7290000262239,false,נייר טואלט מולט 48 גלילים,קימברלי קלארק ישראל שיווק בעמ,,נ. טואלט מולט 48 לב,מטרים,883.00,מטר,false,1,39.90,0.05,true,1,
7290000262413,false,חיתולי האגיס אקסטרה קייר מידה 5 34 יחידות,קימברלי קלארק ישראל שיווק בעמ,,האגיס אקסטרה קייר מי,Unknown,0.00,Unknown,false,1,49.90,49.90,true,1,
7290000263359,false,חיתולים ליטל בייביז מידה 1 האגיס 40 יחידות,קימברלי קלארק ישראל שיווק בעמ,,חיתולי האגיס ליטל בי,Unknown,0.00,Unknown,false,1,37.90,37.90,true,1,
7290000264752,false,רדיד אלומיניום זוג עם הטבעה ניקול,קימברלי קלארק ישראל שיווק בעמ,,ניקול רדיד אלומיניום,Unknown,0.00,Unknown,false,1,15.60,15.60,true,1,
7290000267029,false,שקדים מולבנים חצויים השף 100 גרם,דין שיווק וקליה 2021 בעמ,,שקד מולבן חצוי 100 ג,גרמים,100.00,100 גרם,false,1,10.00,10.00,true,1,
7290000267043,false,שקדים מולבנים פרוסים השף 100 גרם,דין שיווק וקליה 2021 בעמ,,שקד מולבן פרוס 100 ג,גרמים,100.00,100 גרם,false,1,10.00,10.00,true,1,
7290000267050,false,שקדים טבעיים טחונים השף 100 גרם,דין שיווק וקליה 2021 בעמ,,שקד מולבן טחון 100 ג,גרמים,100.00,100 גרם,false,1,10.00,10.00,true,1,
7290000267500,false,קליפות הדר מצופות שוקולד מריר שקדיה 200 גרם,"דין שיווק וקלייה בע""",,קליפות הדר מצופות בש,גרמים,200.00,100 גרם,false,1,13.10,6.55,true,1,
7290000267548,false,אגוזי מלך טחונים השף 100 גרם,דין שיווק וקליה 2021 בעמ,,אגוז גרוס 100 גרם,גרמים,100.00,100 גרם,false,1,11.90,11.90,true,1,
7290000267555,false,בוטנים גרוסים 100ג'שקדיה,דין שיווק וקליה 2021 בעמ,,בוטן גרוס 100 גרם,גרמים,100.00,100 גרם,false,1,6.10,6.10,true,1,
7290000267586,false,גרעייני חמניה קלופים 150 גר,דין שיווק וקליה 2021 בעמ,,חמניות קלופיות 150 ג,גרמים,150.00,100 גרם,false,1,5.20,3.47,true,1,
7290000267678,false,גרעיני דלעת טבעי קלוף שקדיה 150 ג',דין שיווק וקליה 2021 בעמ,,גרעין דלעת טבעי קלוף,גרמים,150.00,100 גרם,false,1,13.50,9.00,true,1,
7290000272467,false,עסיס פטל דיאט סירופ 1 ליטר,קבוצת אוסם סחר שותפות מוגבלת,,סירופ דיאט פטל 1 ליט,מיליליטרים,1000.00,"100 מ""ל",false,1,20.90,2.09,true,1,
7290000272696,false,מיץ לימון טבעי משומר 1 ליטר עסיס כלפ,קבוצת אוסם סחר שותפות מוגבלת,,מיץ לימון עסיס משומר,מיליליטרים,1000.00,"100 מ""ל",false,1,12.50,1.25,true,1,
7290000272726,false,חומץ רכיבים רכיבים טבעיים 5% עסיס 1 ליטר,קבוצת אוסם סחר שותפות מוגבלת,,חומץ טבעי עסיס 5% -1,מיליליטרים,1000.00,"100 מ""ל",false,1,6.90,0.69,true,1,
7290000285849,false,שוופס מי סודה 1.5 ליטר,יפאורה שותפות מובגלת לשיווק,,שוופס סודה 1.5 ליטר,ליטרים,0.00,ליטר,false,1,3.50,3.50,true,1,
7290000286228,false,ספוגיות לניקוי כללי סנו סושי 6 יחידות,החברה הדרומית לשיווק בעמ,,סנו סושי כרית יפנית,Unknown,0.00,Unknown,false,1,10.90,10.90,true,1,
7290000286297,false,"אנטי קאלק מסיר אבנית מקומקום סנו 700 מ""ל",החברה הדרומית לשיווק בעמ,,סנו אנטי קאלק מסיר א,מיליליטרים,700.00,"100 מ""ל",false,1,11.90,1.70,true,1,
7290000286549,false,מטליות לניקוי כללי סנו סושי 9 יחידות,החברה הדרומית לשיווק בעמ,,סנו סושי מטלית לכל 9,Unknown,0.00,Unknown,false,1,10.50,10.50,true,1,
7290000286594,false,אבקה לניקוי במיכל לימון X סנו 600 גרם,החברה הדרומית לשיווק בעמ,,סנו איקס לימון במיכל,גרמים,600.00,100 גרם,false,1,11.40,1.90,true,1,
7290000286761,false,ניילון נצמד סנו סושי פלסטיק מארז 30X2 מ',החברה הדרומית לשיווק בעמ,,ניילון נצמד פלוס ללא,מטרים,30.00,מטר,false,1,10.90,0.36,true,1,
7290000286891,false,שמפו לרצפה מגן קריסטל סנו (1 ליטר),החברה הדרומית לשיווק בעמ,,סנו מגן קריסטל 1 ליט,מיליליטרים,1000.00,"100 מ""ל",false,1,24.90,2.49,true,1,
7290000286907,false,"סנוקל מסיר כתמים סנו 170 מ""ל",סנו מפעלי ברונוס בעמ,,סנו מסיר כתמים,מיליליטרים,170.00,"100 מ""ל",false,1,29.30,17.24,true,1,
7290000286921,false,סנוקל רסס וכבס תרסיס אקדח 750 מ``ל,החברה הדרומית לשיווק בעמ,,סנוקל רסס וכבס 750 מ,מיליליטרים,750.00,"100 מ""ל",false,1,21.50,2.87,true,1,
7290000286945,false,סנו רהיט נוזלי תרסיס 500 סמק+אקדח,החברה הדרומית לשיווק בעמ,,סנו רהיט נוזל+אקדח,מיליליטרים,500.00,"100 מ""ל",false,1,22.90,4.58,true,1,
7290000287102,false,סנו שטיחים קצף לניקוי שטיחים 600 סמק,החברה הדרומית לשיווק בעמ,,סנו שמפו שטחים,מיליליטרים,600.00,"100 מ""ל",false,1,26.90,4.48,true,1,
7290000287409,false,"שלישיית סנובון תות לאסלה ""סנו""",החברה הדרומית לשיווק בעמ,,סנובון שלישייה תות,גרמים,165.00,100 גרם,false,1,13.50,8.18,true,1,
7290000287430,false,סנובון צבעוני לאסלה בריח לימון שלישייה,החברה הדרומית לשיווק בעמ,,סנובון שלישייה צבעונ,Unknown,0.00,Unknown,false,1,13.50,13.50,true,1,
7290000287607,false,"אקוה בלו סבון לניאגרה סנו 150 מ""ל",סנו מפעלי ברונוס בעמ,,סנו בלו גדול,גרמים,150.00,100 גרם,false,1,23.90,15.93,true,1,
7290000287621,false,"אנטי קאלק נוזל לניקוי אסלות סנו 750 מ""ל",החברה הדרומית לשיווק בעמ,,סנו אנטי קאלק לאסלה,מיליליטרים,750.00,"100 מ""ל",false,1,15.20,2.03,true,1,
7290000288017,false,אקונומיקה בריח לימון סנו ז'אוול 1 ליטר,החברה הדרומית לשיווק בעמ,,סנו זאוול לימון 1 לי,מיליליטרים,1000.00,"100 מ""ל",false,1,8.30,0.83,true,1,
7290000288024,false,סנו - ז'אוול אקונומיקה בריח לימון 4 ליטר,החברה הדרומית לשיווק בעמ,,סנו זאוול לימון 4 לי,ליטרים,0.00,ליטר,false,1,16.90,16.90,true,1,
7290000288048,false,ז`אוול מרסס לניקוי כללי לבנדר סנו (1 ליט,החברה הדרומית לשיווק בעמ,,סנו זאוול מרסס מונבל,מיליליטרים,1000.00,"100 מ""ל",false,1,18.90,1.89,true,1,
7290000288109,false,"אבקת כביסה מקסימה אפקט ג''אוול 1.25 ק""ג סנו",החברה הדרומית לשיווק בעמ,,סנו מקסימה א. זאוול,קילוגרמים,0.00,"ק""ג",false,1,14.90,14.90,true,1,
7290000288253,false,"קוטל חרקים מעופפים K-400 סנו 630 מ""ל",החברה הדרומית לשיווק בעמ,,K400,מיליליטרים,630.00,"100 מ""ל",false,1,23.90,3.79,true,1,
7290000288352,false,"קוטל חרקים וזוחלים K-300 סנו 630 מ""ל",החברה הדרומית לשיווק בעמ,,K-300,מיליליטרים,600.00,"100 מ""ל",false,1,20.90,3.48,true,1,
7290000288383,false,"קוטל נמלים ותיקנים K-500 סנו 400 מ""ל",החברה הדרומית לשיווק בעמ,,K500,מיליליטרים,400.00,"100 מ""ל",false,1,23.90,5.98,true,1,
7290000288390,false,קוטל זבובים יתושים קיי 600 סנו (500 מל),החברה הדרומית לשיווק בעמ,,K600,מיליליטרים,500.00,"100 מ""ל",false,1,23.90,4.78,true,1,
7290000288413,false,סנו-די דוחה יתושים כדורי סנו (50 מל),החברה הדרומית לשיווק בעמ,,"סנו די רולאון 50 מ""ל",מיליליטרים,50.00,"100 מ""ל",false,1,20.90,41.80,true,1,
7290000288642,false,מקסימה מרכך כביסה סנסיטיב בייבי סנו 4 ליטר,החברה הדרומית לשיווק בעמ,,סנו מקסימה מרכך כביס,ליטרים,0.00,ליטר,false,1,19.90,19.90,true,1,
7290000288737,false,סנו מקסימה ירוק שקית 1.25 קג מאסק,,,סנו מקסימה ירוק שקית,קילוגרמים,0.00,"ק""ג",false,1,14.90,14.90,true,1,
7290000289069,false,סנו - ז'אוול מרסס קצף ניקוי בתוספת אקונומיקה בריח לימון 1 ליטר,החברה הדרומית לשיווק בעמ,,סנו זאוול מרסס לימון,מיליליטרים,1000.00,"100 מ""ל",false,1,18.90,1.89,true,1,
7290000289236,false,K3 נמלים פיתיון ג'ל - קוטל נמלים בבית ובחצר,החברה הדרומית לשיווק בעמ,IL,קוטל נמלים בבית ובחצ,גרמים,10.00,100 גרם,false,1,49.90,499.00,true,1,
7290000289472,false,סנו סושי רב שקית שקיות אשפה90*76 50י,החברה הדרומית לשיווק בעמ,,סנו סושי שקיות אשפה,Unknown,0.00,Unknown,false,1,18.90,18.90,true,1,
7290000289496,false,"סנו - ז'אוול ג'ל קרם לניקוי כללי לימון 750 מ""ל",החברה הדרומית לשיווק בעמ,,סנו זאוול גל קרם לימ,מיליליטרים,750.00,"100 מ""ל",false,1,14.20,1.89,true,1,
7290000289885,false,"מטהר אוויר ענק אושנבריז סנו פרש 375 מ""ל",החברה הדרומית לשיווק בעמ,,סנופרש יבש אושן,מיליליטרים,375.00,"100 מ""ל",false,1,11.90,3.17,true,1,
7290000289892,false,"סנו פרש ענק מאונטן טורקיז 375 מ""ל",החברה הדרומית לשיווק בעמ,,סנופרש יבש מאונטן,מיליליטרים,375.00,"100 מ""ל",false,1,11.90,3.17,true,1,
7290000291956,false,סנו אקונומיקה מונבלאן 1 ל,החברה הדרומית לשיווק בעמ,,סנו זאוול מונבלאן 1,מיליליטרים,1000.00,"100 מ""ל",false,1,8.30,0.83,true,1,
7290000291963,false,אקונומיקה סמיכה בריח לימון סנו ז'אוול 1 ליטר,החברה הדרומית לשיווק בעמ,,סנו זאוול סמיכה 1 לי,מיליליטרים,1000.00,"100 מ""ל",false,1,8.30,0.83,true,1,
7290000292137,false,"נוזל לניקוי וטיפול מוצרי עור סנו 500 מ""ל",החברה הדרומית לשיווק בעמ,,סנו מנקה עור נוזלי,מיליליטרים,500.00,"100 מ""ל",false,1,35.50,7.10,true,1,
7290000292311,false,פוליויקס נוזל רצפות בניחוח סחלבים סנו 2 ליטר,החברה הדרומית לשיווק בעמ,,סנו פוליויקס סחלבים,ליטרים,0.00,ליטר,false,1,22.90,22.90,true,1,
7290000292434,false,"נוזל להברקת רהיטים מילוי סנו 500 מ""ל",סנו,,סנו רהיט שקית מילוי,מיליליטרים,500.00,"100 מ""ל",false,1,16.50,3.30,true,1,
7290000292557,false,סנומט מלוי נוזלי דוחה יתושים 45 לילות,החברה הדרומית לשיווק בעמ,,סנומט נוזלי מילוי 45,Unknown,0.00,Unknown,false,1,19.90,19.90,true,1,
7290000292564,false,סנו K-2000 תרסיס מיקרו קפסולרי ללא ריח 750 מ”ל,החברה הדרומית לשיווק בעמ,,K - 2000,מיליליטרים,750.00,"100 מ""ל",false,1,33.80,4.51,true,1,
7290000292687,false,סנובון מוצק לניקוי אסלה קלאסיק כחול סנו 3 יחידות,החברה הדרומית לשיווק בעמ,,סנובון כחול שלישייה,Unknown,0.00,Unknown,false,1,16.90,16.90,true,1,
7290000292939,false,אקווה בלו למיכל אסלה100ג,סנו מפעלי ברונוס בעמ,,סנו אקוה בלו,מיליליטרים,106.00,"100 מ""ל",false,1,14.90,14.06,true,1,
7290000293516,false,סנו סופג לחות ומונע עובש 340 מ``ל,החברה הדרומית לשיווק בעמ,,סנו סופג לחות קופסה,Unknown,0.00,Unknown,false,1,30.50,30.50,true,1,
7290000293530,false,שקית מילוי לסנו סופג לחות ומונע עובש,החברה הדרומית לשיווק בעמ,,סנו סופג לחות מילוי,גרמים,340.00,100 גרם,false,1,14.90,4.38,true,1,
7290000293820,false,"קרמה מן שמפו וג'ל גל רחצה אקטיב בלוק 700מ""ל",החברה הדרומית לשיווק בעמ,,גל רחצה קרמה מן אקטי,מיליליטרים,700.00,"100 מ""ל",false,1,20.90,2.99,true,1,
7290000293837,false,"קרמה מן דאודורנט ג'ל אנטיפרספירנט 70 מ""ל",קוסמופארם בעמ,,דאודורנט גל קרמה מן,מיליליטרים,70.00,"100 מ""ל",false,1,16.50,23.57,true,1,
7290000293943,false,"מרסס לבן מסיר אבנית 1 ליטר אנטי קאלק ""סנו""",החברה הדרומית לשיווק בעמ,,מרסס סנו אנטי קאלק 1,מיליליטרים,1000.00,"100 מ""ל",false,1,17.90,1.79,true,1,
7290000294773,false,אקונומיקה בריח לבנדר סנו ז'אוול 4 ליטר,החברה הדרומית לשיווק בעמ,,סנו זאוול מונבלאן 4,ליטרים,0.00,ליטר,false,1,16.90,16.90,true,1,
7290000294780,false,אקונומיקה סמיכה בריח לימון סנו ז'אוול 4 ליטר,החברה הדרומית לשיווק בעמ,,סנו זאוול סמיכה 4 לי,ליטרים,0.00,ליטר,false,1,16.90,16.90,true,1,
7290000295299,false,סנו סושי כריות הפלא רב תכלתיות רביעייה,החברה הדרומית לשיווק בעמ,,סנו סושי כריות הפלא,Unknown,0.00,Unknown,false,1,9.70,9.70,true,1,
7290000295336,false,סנו מקסימה אבקת כביסה סנסטיב מילוי1.25,החברה הדרומית לשיווק בעמ,,סנו מקסימה סנסטיב שק,קילוגרמים,0.00,"ק""ג",false,1,14.90,14.90,true,1,
7290000295343,false,"אבקת כביסה מקסימה ביו 1.25 ק""ג סנו",החברה הדרומית לשיווק בעמ,,סנו מקסימה ביו שקית,קילוגרמים,0.00,"ק""ג",false,1,14.90,14.90,true,1,
7290000295367,false,"מקסימה אבקת כביסה אפקט ז'אוול סנו 2.5 ק""ג",החברה הדרומית לשיווק בעמ,,סנו מקסימה א.זאוול 2,קילוגרמים,0.00,"ק""ג",false,1,31.50,31.50,true,1,
7290000295404,false,שקיות אשפה עם שרוך 54 * 65 סנו סושי 60 יחידות,החברה הדרומית לשיווק בעמ,,סנו סושי אשפה 60 שק,Unknown,0.00,Unknown,false,1,21.90,21.90,true,1,
7290000295558,false,"רדיד אלומיניום רוחב 30 ס""מ סנו סושי 2 יח' 7.5 מטר",החברה הדרומית לשיווק בעמ,,סנו סושי צמד רדידי א,מטרים,15.00,מטר,false,1,10.90,0.73,true,1,
7290000295565,false,"רדיד אלומיניום רוחב 45 ס""מ סנו 2 יח' 7.5 מטר",החברה הדרומית לשיווק בעמ,,צמד רדיד אלומיניום 7,מטרים,15.00,מטר,false,1,16.90,1.13,true,1,
7290000295749,false,ספוג סאקי מסאז' כיף 1 יחידה,החב. הדרומית לשיווק,,סנו ספוג סאקי מסאז,Unknown,0.00,Unknown,false,1,12.50,12.50,true,1,
7290000300900,false,שניצל תירס מרכיבים טבעיים טבעול 750 גרם,קבוצת אוסם סחר שותפות מוגבלת,,שניצל תירס 750 גרם,גרמים,750.00,100 גרם,false,1,24.90,3.32,true,1,
7290000303581,false,פול מצרי פרי הגליל 560 גרם,ויטה -פרי גליל (החדשה) בעמ,,פול מצרי A2,גרמים,668.00,100 גרם,false,1,6.90,1.03,true,1,
7290000303598,false,שעועית לבנה ברוטב עגבניות פרי הגליל 570 גרם,ויטה -פרי גליל (החדשה) בעמ,,שעועית לבנה אפויה במ,גרמים,550.00,100 גרם,false,1,7.90,1.44,true,1,
7290000305882,false,אס הרינג עם ירקות ברוטב עגבניות 120 גרם,דיפלומט מפיצים (1968) בעמ**,,קוליאס אס 120 גרם,גרמים,120.00,100 גרם,false,1,6.80,5.67,true,1,
7290000307015,false,אפונת גינה בינונית פרי הגליל 550 גרם,ויטה פרי גליל (החדשה) בע`מ,,אפונת גינה גדול 550,גרמים,550.00,100 גרם,false,1,7.90,1.44,true,1,
7290000307046,false,אפונת גינה וגזר פרי הגליל 550 גרם,ויטה -פרי גליל (החדשה) בעמ,,אפונת גינה וגזר 550,גרמים,550.00,100 גרם,false,1,7.90,1.44,true,1,
7290000307220,false,גרעיני תירס מתוק בואקום פרי הגליל 285 גרם,ויטה- פרי גליל (החדשה) בעמ,,תירס מתוק בואקום OZ,גרמים,450.00,100 גרם,false,1,6.90,1.53,true,1,
7290000307237,false,גרעיני תירס מתוק פרי הגליל 550 גרם,ויטה פרי גליל (החדשה) בע`מ,,תירס מתוק 550 גר A2,גרמים,550.00,100 גרם,false,1,7.90,1.44,true,1,
7290000307343,false,שעועית ירוקה חתוכה פרי הגליל 550 גרם,ויטה פרי גליל (החדשה) בע`מ,,שעועית ירוקה חתוכה A,גרמים,680.00,100 גרם,false,1,7.80,1.15,true,1,
7290000307985,false,גרעיני תירס מתוק ללא למלח 325 גרם פרי הגליל,ויטה פרי גליל (החדשה) בע`מ,,תירס מתוק ללא מלח,גרמים,660.00,100 גרם,false,1,7.90,1.20,true,1,
7290000311128,false,עוגיות מובחרות בטעם חמאה מן (300 גרם),רוקחמן בעמ מפעל לייצור ופלים ו,,מן עוגיות בטעם חמאה,גרמים,300.00,100 גרם,false,1,8.90,2.97,true,1,
7290000311180,false,ופל ופליתעשיריות מן 250 גרם מארז 10 יחידות,ח.כהן סוכנות מזון ומשקאות בע,IL,מאגדת וופלית מן 250,גרמים,250.00,100 גרם,false,1,8.90,3.56,true,1,
7290000311203,false,"וופלים בטעם שוקולד ""מן"" 200 גרם",רוקחמן בעמ מפעל לייצור ופלים ו,,מן וופל שוקו 200 גר,גרמים,200.00,100 גרם,false,1,5.50,2.75,true,1,
7290000311258,false,מן וופל מצופה שוקולד 250 גרם,"רוקחמן בע""מ",,ופל מצופה 250 גרם,גרמים,250.00,100 גרם,false,1,8.90,3.56,true,1,
7290000311708,false,מן עוגיות מחיטה מלאה 300 גרם*נ.ל.פ,רוקחמן בעמ מפעל לייצור ופלים ו,,מן עוגיות חיטה מלאה,גרמים,300.00,100 גרם,false,1,8.90,2.97,true,1,
7290000311715,false,מן עוגיות כוכבים בטעם שוקולד 300 גרם*נ.ל.פ,רוקחמן בעמ מפעל לייצור ופלים ו,,מן עוגיות בטעם שוקו,גרמים,500.00,100 גרם,false,1,8.90,1.78,true,1,
7290000311876,false,מן-וופלים בטעם וניל ללא תוספת סוכר 180ג,"רוקחמן בע""מ",IL,"וופל בטעם וניל ללת""ס",גרמים,180.00,100 גרם,false,1,8.90,4.94,true,1,
7290000313160,false,זהבה ושלושת הדובים עוגיות בטעם שוקולד אסם 350 גרם,קבוצת אוסם סחר שותפות מוגבלת,,עוגיות חברים זהבה 3,גרמים,250.00,100 גרם,false,1,9.90,3.96,true,1,
7290000313290,false,אסם נודלס נודלס איטריות מסולסלות 200גר,קבוצת אוסם סחר שותפות מוגבלת,,נודלס אטריות מסולסלו,גרמים,200.00,100 גרם,false,1,11.40,5.70,true,1,
7290000315126,false,קנור ציר עוף משחתי 300 ג,יוניליוור ישראל שיווק בע`מ,,ציר עוף 300 גרם קנור,גרמים,300.00,100 גרם,false,1,26.50,8.83,true,1,
7290000315133,false,קנור ציר בקר משחתי 300ג,יוניליוור ישראל שיווק בע`מ,,ציר בקר 300 גרם קנור,גרמים,300.00,100 גרם,false,1,26.50,8.83,true,1,
7290000315140,false,קורנפלקס קמח מלא בד''ץ תלמה 500 גרם,יוניליוור ישראל שיווק בע`מ,,קורנפלקס מלא 500 גרם,גרמים,500.00,100 גרם,false,1,21.50,4.30,true,1,
7290000327020,false,"מארז פפסי פחית צרה 330 מ""ל*6 יח'","מודרן גרופ משקאות בע""\מ",,פפסי פחית צרה 330 שי,ליטרים,0.00,ליטר,false,1,19.50,19.50,true,1,
7290000327037,false,"מארז מירינדה פחית צרה 330 מ""ל*6 יח'","מודרן גרופ משקאות בע""\מ",,מירינדה פחית צרה 330,ליטרים,0.00,ליטר,false,1,19.50,19.50,true,1,
7290000327044,false,"מארז סבן אפ פחית צרה 330 מ""ל*6 יח'","מודרן גרופ משקאות בע""\מ",,סבן אפ פחית צרה 330,ליטרים,0.00,ליטר,false,1,19.50,19.50,true,1,
7290000334684,false,תפוגן טבעות בצל לתנור 700 גרם,קבוצת אוסם סחר שותפות מוגבלת,,טבעות בצל 700 גרם תפ,גרמים,700.00,100 גרם,false,1,17.90,2.56,true,1,
7290000336282,false,"פריגת סיידר צלול 330 מ""ל בקבוק",טמפו משקאות בעמ,,פריגת סיידר צלול 3,מיליליטרים,330.00,"100 מ""ל",false,1,8.20,2.48,true,1,
7290000339191,false,רן אבקת הלבנה לכביסה 350 גרם,יוניליוור ישראל שיווק בע`מ,,רן הלבנה 350 גרם,גרמים,350.00,100 גרם,false,1,26.50,7.57,true,1,
7290000339566,false,מרכך כביסה ורוד בדין (4 ליטר),יוניליוור ישראל שיווק בע`מ,,בדין 4 ליטר ורוד,ליטרים,0.00,ליטר,false,1,19.90,19.90,true,1,
7290000341071,false,בדין - מרכך כביסה בייבי לבן 2 ליטר,"יוניליוור ישראל שיווק בע""מ",,בדין בייבי 2 ליטר,ליטרים,0.00,ליטר,false,1,14.90,14.90,true,1,
7290000342832,false,מרכך כביסה צהוב בדין (4 ליטר),"יוניליוור ישראל שיווק בע""מ",IL,מרכך כביסה בדין צהוב,ליטרים,0.00,ליטר,false,1,19.90,19.90,true,1,
7290000342856,false,מרכך כביסה כחול בדין (4 ליטר),"יוניליוור ישראל שיווק בע""מ",,בדין 4 ליטר כחול,ליטרים,0.00,ליטר,false,1,19.90,19.90,true,1,
7290000345055,false,תה עלים ארל גריי ויסוצקי 100 גרם,תה ויסוצקי (ישראל) בעמ,,תה ארל גריי 100 גרם,גרמים,100.00,100 גרם,false,1,17.70,17.70,true,1,
7290000345116,false,תה ירוק עלים ויסוצקי (125 גרם),תה ויסוצקי (ישראל) בעמ,,תה ויסוצקי ירוק 125,גרמים,125.00,100 גרם,false,1,14.90,11.92,true,1,
7290000345208,false,תה כחול קלאסיק ויסוצקי 25 יחידות,תה ויסוצקי (ישראל) בעמ,,תה ויסוצקי 25 שקיקים,Unknown,0.00,Unknown,false,1,7.70,7.70,true,1,
7290000345215,false,תה כחול קלאסיק ויסוצקי 100 יחידות,תה ויסוצקי (ישראל) בעמ,IL,תה קלאסיק 100 שקיקים,גרמים,100.00,100 גרם,false,1,15.90,15.90,true,1,
7290000345260,false,תה קלאסיק מעטפות ויסוצקי 25 יחידות,תה ויסוצקי (ישראל) בעמ,,תה ויסוצקי 25 שקיקים,Unknown,0.00,Unknown,false,1,8.40,8.40,true,1,
7290000345277,false,תה קלאסיק מעטפות ויסוצקי 50 יחידות,תה ויסוצקי (ישראל)בעמ,IL,תה ויסוצקי קלאסיק 50,Unknown,0.00,Unknown,false,1,14.60,14.60,true,1,
7290000345284,false,תה ויסוצקי קלאסי אריזה ירוקה מרובעת (100 שקיקים),תה ויסוצקי (ישראל) בעמ,IL,תה קלאסיק 100 שקיקים,גרמים,150.00,100 גרם,false,1,16.90,11.27,true,1,
7290000345291,false,תה ארל גרי 1.5/ 25 שקיקים ויסוצקי,תה ויסוצקי (ישראל) בעמ,,תה ארל גריי 25 שקיקי,Unknown,0.00,Unknown,false,1,16.60,16.60,true,1,
7290000345307,false,תה ארל גרי 1.5/ 50 שקיקים ויסוצקי,תה ויסוצקי (ישראל) בעמ,,תה ארל גריי 50 שקיקי,Unknown,0.00,Unknown,false,1,29.90,29.90,true,1,
7290000345536,false,תה נענע 1.5/ 25 שקיקים ויסוצקי,תה ויסוצקי (ישראל) בעמ,,תה נענע 25 שקיקים 1.,Unknown,0.00,Unknown,false,1,21.90,21.90,true,1,
7290000346120,false,חליטת קינמון הגן הקסום ויסוצקי 25 יחידות,תה ויסוצקי (ישראל) בעמ,,חליטת קסם הקינמון 25,Unknown,0.00,Unknown,false,1,18.90,18.90,true,1,
7290000346137,false,חליטת הילולי פירות הגן הקסום ויסוצקי 25 יחידות,תה ויסוצקי (ישראל) בעמ,,חליטת הילולי פירות,Unknown,0.00,Unknown,false,1,18.90,18.90,true,1,
7290000346144,false,הגן הקסום תה עינוגי התפוח ויסוצקי 25 יחידות,תה ויסוצקי (ישראל) בעמ,,חליטת עינוגי התפוח,Unknown,0.00,Unknown,false,1,18.90,18.90,true,1,
7290000346199,false,חליטת פירות יער הגן הקסום ויסוצקי 25 יחידות,תה ויסוצקי (ישראל) בעמ,,חליטת פירות היער 25,Unknown,0.00,Unknown,false,1,18.90,18.90,true,1,
7290000346205,false,חליטת קמומיל הגן הקסום ויסוצקי 25 יחידות,תה ויסוצקי (ישראל) בעמ,,חליטת קמומיל 25 שקיק,Unknown,0.00,Unknown,false,1,18.90,18.90,true,1,
7290000346212,false,חליטת מנטה הגן הקסום ויסוצקי 25 יחידות,תה ויסוצקי (ישראל) בעמ,,תה בטעם מנטה 25 שקיק,Unknown,0.00,Unknown,false,1,18.90,18.90,true,1,
7290000346229,false,הגן הקסום תה ורד הבר והיביסקוס ויסוצקי 25 יחידות,תה ויסוצקי (ישראל) בעמ,,חליטת ורד הבר 25 שקי,Unknown,0.00,Unknown,false,1,18.90,18.90,true,1,
7290000346960,false,תה ויסוצקי נענע 1.7 גרם 50יח',תה ויסוצקי (ישראל) בעמ,,תה נענע 50 שקיקים,Unknown,0.00,Unknown,false,1,38.90,38.90,true,1,
7290000347738,false,תה ירוק בתוספת עלי נענע 25 שקיקים,תה ויסוצקי (ישראל) בעמ,,תה ירוק נענע 25 שקיק,Unknown,0.00,Unknown,false,1,24.90,24.90,true,1,
7290000347752,false,תה ירוק לימונית ולואיזה 25 שקיקים *1.5 ג'' ויסוצקי,תה ויסוצקי (ישראל) בעמ,,תה ירוק לימונית לואי,Unknown,0.00,Unknown,false,1,24.90,24.90,true,1,
7290000355405,false,עגבניות מרוסקות עם בצל טל 800 גרם,ויטה- פרי גליל (החדשה) בעמ,,טל עגבניות מרוסקות+ב,גרמים,800.00,100 גרם,false,1,6.90,0.86,true,1,
7290000355757,false,עגבניות מרוסקות טריות טל 800 גרם,ויטה -פרי גליל (החדשה) בעמ,,עגבניות מרוסקות 800,גרמים,800.00,100 גרם,false,1,6.90,0.86,true,1,
7290000363011,false,סלמי קוניאק מובחר טירת צבי במשקל,הנסיך- מפעל לייצור ט,,סלמי קוניאק מובחר,Unknown,0.00,"ק""ג",true,0,75.00,75.00,true,1,
7290000363202,false,סלמי גליל מעושן נקניק מעושן חצי יבש 600 גרם,הנסיך- מפעל לייצור ט,,נקניק גליל 700 גרם,גרמים,700.00,100 גרם,false,1,27.90,3.99,true,1,
7290000363363,false,קבנוס נקניק מעושן יבש 160 גרם,תנובה מרכז שיתופי לשיווק תוצרת,,קבנוס מיוחד 160 גרם,גרמים,160.00,100 גרם,false,1,20.90,13.06,true,1,
7290000363899,false,נקניקיות פיקנטיות טירת צבי 400 גרם,תנובה ענף ב.ע.ד,,נקניקיות פיקנטיות,גרמים,400.00,100 גרם,false,1,12.90,3.23,true,1,
7290000364261,false,"דקניקים, סלסולי פסטרמה כתף בקר מעושנת 120 גרם",תנובה מרכז שיתופי לשיווק תוצרת,,סלסולי כתף בקר 120גר,גרמים,120.00,100 גרם,false,1,14.90,12.42,true,1,
7290000364278,false,דקניקים סלסולי סלמי איטלקי משובח טירת צבי 120 גרם,תנובה מרכז שיתופי לשיווק תוצרת,,סלסולי סלמי איטלקי,גרמים,120.00,100 גרם,false,1,14.90,12.42,true,1,
7290000364285,false,דקניקים סלסולי פסטרמה הודו טירת צבי 120 גרם,תנובה מרכז שיתופי לשיווק תוצרת,,סלסולי פסטרמה הודו,גרמים,120.00,100 גרם,false,1,14.90,12.42,true,1,
7290000364292,false,דקניקים סלסולי פסטרמה הודו על גחלים 1% טירת צבי 120 גרם,תנובה מרכז שיתופי לשיווק תוצרת,,סלסולי גחלים 120גר,גרמים,120.00,100 גרם,false,1,14.90,12.42,true,1,
7290000364803,false,נקניקיות בקר אמריקאיות טירת צבי 500 גרם,הנסיך- מפעל לייצור ט,,נקניקיות קרנץ אמריקא,גרמים,500.00,100 גרם,false,1,27.90,5.58,true,1,
7290000364810,false,נקניקיות עגל 500 גרםטירת צבי,הנסיך- מפעל לייצור ט,,נקניקיות עגל 500 גרם,גרמים,500.00,100 גרם,false,1,26.90,5.38,true,1,
7290000364858,false,"נקניקיות עוף טרי טירת צבי 1 ק""ג",הנסיך- מפעל לייצור ט,,טירת צבי נקניקיות עו,קילוגרמים,0.00,"ק""ג",false,1,22.90,22.90,true,1,
7290000364872,false,נקניקיות עוף טירת צבי (400 גרם),טיב טירת צבי 2000,,נקניקיות עוף 400 גרם,גרמים,400.00,100 גרם,false,1,13.90,3.48,true,1,
7290000365398,false,חזה הודו בדבשטירת צבי,תנובה בשר,,חזה הודו בדבש,Unknown,0.00,"ק""ג",true,0,85.00,85.00,true,1,
7290000365909,false,פסטרמה הודו מעושנתטירת צבי,טירת- צבי,,פסטרמה הודו מעושנת,Unknown,0.00,"ק""ג",true,0,85.00,85.00,true,1,
7290000367590,false,פסטרמה כפרית וסלמי פריזר כפרי טירת צבי 2*400 גרם,תנובה מרכז שיתופי לשיווק תוצרת,,צמד כפרי טירת צבי,גרמים,800.00,100 גרם,false,1,26.90,3.36,true,1,
7290000369037,false,סלט קוביות בולגרית גבינות ניצן 200 גרם,גבינות אמיר ניצן בעמ,,קוביות בולגרית מתובל,גרמים,200.00,100 גרם,false,1,17.70,8.85,true,1,
7290000369365,false,מעדן גבינה בולגרית עם חציל 9% ניצן 200 גרם,גבינות אמיר ניצן בעמ,,בולגרית למריחה עם חצ,גרמים,200.00,100 גרם,false,1,15.60,7.80,true,1,
7290000369617,false,מעדן כדורי פטה בשמן מתובל ניצן 230 גרם,גבינות אמיר ניצן בעמ,,כדורי פטה מתובלים 15,גרמים,150.00,100 גרם,false,1,17.70,11.80,true,1,
7290000369709,false,חמאה עירונית בתוספת ריחן ושום טרי גבינות ניצן 100 גרם,גבינות אמיר ניצן בעמ,,חמאה מתובלת 100 גר,גרמים,100.00,100 גרם,false,1,15.60,15.60,true,1,
7290000377209,false,בוטנים מטוגנים קליית גת (200 גרם),ליימן שליסל בעמ,,בוטן מטוגן 200 גרם,גרמים,200.00,100 גרם,false,1,8.30,4.15,true,1,
7290000377445,false,נש צ'אנס קליית גת 200 גרם,ליימן שליסל בעמ,,חטיף נש צאנס 200 גרם,גרמים,200.00,100 גרם,false,1,9.90,4.95,true,1,
7290000377452,false,גרעיני אבטיח קלויים ומלוחים קלית גת 200,הדקלאים אגודת שיתופי,,גרעיני אבטיח שקית 20,גרמים,200.00,100 גרם,false,1,14.60,7.30,true,1,
7290000390536,false,חסה שטופה,,,לבבות חסה,Unknown,0.00,Unknown,false,1,12.90,12.90,true,1,
7290000408316,false,יוגורט דנונה דל לקטוז 200 גרם,שטראוס גרופ בעמ/מצונן,,דנונה דל לקטוז,גרמים,200.00,100 גרם,false,1,3.70,1.85,true,1,
7290000408354,false,יוגורט עם אורז מצופה שוקולד קקאו 175 ג' דנונה,שטראוס גרופ בעמ/מצונן,,דנונה בר פצפוצים 173,גרמים,173.00,100 גרם,false,1,4.60,2.66,true,1,
7290000412481,false,נוזל לניקוי אסלות 00 סנו (1 ליטר),החברה הדרומית לשיווק בעמ,,סנו מנקה אסלות 00 1,מיליליטרים,1000.00,"100 מ""ל",false,1,8.90,0.89,true,1,
7290000416021,false,ממרח בטעם שוקולד השחר העולה (500 גרם),השחר העולה תעשית ממתקים בעמ,,ממרח השחר 500 גרם,גרמים,500.00,100 גרם,false,1,13.90,2.78,true,1,
7290000416045,false,ממרח בטעם שוקולד השחר העולה (1 קג),השחר העולה תעשית ממתקים בעמ,,"ממרח השחר 1 ק""ג",גרמים,1000.00,100 גרם,false,1,24.90,2.49,true,1,
7290000416854,false,אבקת קקאו השחר העולה (150 גרם),השחר העולה תעשית ממתקים בעמ,,קקאו 150 גרם השחר הע,גרמים,150.00,100 גרם,false,1,11.80,7.87,true,1,
7290000419107,false,לנדוור קפה מקורי לבוקר טחון טורקי 100 גרם,קפה לנדוור בע''מ,,קפה לנדור כחול 100 ג,גרמים,100.00,100 גרם,false,1,8.30,8.30,true,1,
7290000419114,false,קפה טחון שחור לנדוור 200 גר,"קפה לנדוור בע""\מ",,קפה לנדור כחול 200 ג,גרמים,200.00,100 גרם,false,1,15.90,7.95,true,1,
7290000419220,false,לנדוור כחול המקורי קפה טחון טורקי 3*100 גרם 16 יח',ש.שסטוביץ בעמ,,מארז קפה לנדוור לבוק,גרמים,300.00,100 גרם,false,1,23.90,7.97,true,1,
7290000419374,false,לנדוור לבוקר קפה טחון טורקי 3*100 גרם 16 יח',ש.שסטוביץ בעמ,,מארז קפה טחון המקורי,גרמים,300.00,100 גרם,false,1,23.90,7.97,true,1,
7290000419909,false,לנדוור קפה שחור לבוקר טחון טורקי 100 גרם,מולינו ניקולי s.p.a,,קפה לנדוור טעם אקספר,גרמים,100.00,100 גרם,false,1,8.30,8.30,true,1,
7290000420100,false,ויינשטייפן/ גינס 1/3 חבית,,,בריה וויינשטייפן/ גי,יחידה,1.00,יחידה,false,1,24.00,24.00,true,1,
7290000420101,false,ווינשטיפן/ גינס 1/2 חבית,,,בירה ווינשטיפן/ גינס,יחידה,1.00,יחידה,false,1,30.00,30.00,true,1,
7290000420325,false,"פופסטאר פופקורן למקירוגל בטעם טבעי 5 שקיות,500 גרם","דנשר (1963) בע,מ",,פופ קורן טבעי למיקרו,גרמים,300.00,100 גרם,false,1,12.90,4.30,true,1,
7290000420332,false,פופסטאר פופקורן למיקרוגל בטעם חמאה 5 יחידות 500 גרם,"דנשר (1963) בע,מ",,פופ קורן חמאה למיקרו,גרמים,300.00,100 גרם,false,1,12.90,4.30,true,1,
7290000420417,false,גלילונית שקיות אשפה 52X65 עם שרוך 60 יחידות,"איטיליאן פוד, אס.פי.",,גלילונית + שרוך 60,Unknown,0.00,Unknown,false,1,19.90,19.90,true,1,
7290000430102,false,קוביות קרח בשקית מיסטר אייס 2 קילו,אייס קיובס בעמ מיסטר אייס,,"קוביות קרח 2 ק""ג",קילוגרמים,0.00,"ק""ג",false,1,10.90,10.90,true,1,
7290000432663,false,נרות חימום 10 קוד,פאלאס תעשיות נטו (2014) בעמ,,נרות חימום 10 קוד,Unknown,0.00,Unknown,false,1,6.00,6.00,true,1,
7290000442044,false,פמינה תחליב רחצה אינטימי חמוציות 220 מל,גורי ע.ע.ע. בע`מ,,פמינה תחליב רחצה אינ,מיליליטרים,220.00,"100 מ""ל",false,1,36.90,16.77,true,1,
7290000446547,false,חמאת בוטנים טבעית בטר אנד דיפרנט 350 גרם,"בטר אנד דיפרנט בע""מ",,חמאת בוטנים טבעית בט,גרמים,350.00,100 גרם,false,1,14.20,4.06,true,1,
7290000446554,false,"חמאת בוטנים טבעית בטר אנד דיפרנט 1 ק""ג",בטר אנד דיפרנט בעמ,,חמאת בוטנים טבעית בט,גרמים,1000.00,100 גרם,false,1,26.90,2.69,true,1,
7290000449128,false,סיף פנטסטיק לימון ניקוי רב תכליתי 4ל',יוניליוור ישראל שיווק בע`מ,,סיף פנטסטיק 4 ליטר,ליטרים,0.00,ליטר,false,1,30.90,30.90,true,1,
7290000453019,false,שמרים טריים לאפייה שקית שמרית 50 ג',שטראוס גרופ בעמ/מצונן,,שמרית בשקית 50 גרם,גרמים,50.00,100 גרם,false,1,4.90,9.80,true,1,
7290000453125,false,שמרית שמרים טריים לאפיה +משפר אפיה 100ג,שטראוס גרופ בעמ/מצונן,,שמרית+משפר אפיה 100,גרמים,100.00,100 גרם,false,1,7.90,7.90,true,1,
7290000453323,false,קמח תמי עמילן חיטה ללא גלוטן 500 גרם,תמי,IL,קמח תמי עמילן חיטה ל,גרמים,500.00,100 גרם,false,1,18.80,3.76,true,1,
7290000453408,false,בצק פיצה דק מצונן ומוכן לאפייה שמרית 415 גרם,שטראוס גרופ בעמ/מצונן,FR,בצק פיצה דק מצונן,גרמים,415.00,100 גרם,false,1,17.50,4.22,true,1,
7290000453415,false,בצק עלים מצונן ומוכן לאפייה שמרית 300 גרם,שטראוס גרופ בעמ/מצונן,FR,בצק עלים מצונן ומוכן,גרמים,300.00,100 גרם,false,1,15.90,5.30,true,1,
7290000453422,false,בצק פילו מצונן ומוכן לאפייה שמרית 300 גרם,שטראוס גרופ בעמ/מצונן,FR,בצק פילו מוכן לאפיה,גרמים,300.00,100 גרם,false,1,16.70,5.57,true,1,
7290000453446,false,פיצה קראסט בצק שמרים מצונן להכנת פיצה ופוקצ'ה,שטראוס גרופ בעמ/מצונן,IL,פיצה קראסט שמרית 500,גרמים,500.00,100 גרם,false,1,20.90,4.18,true,1,
7290000453484,false,בצק קדאיף לאפייה שמרית 350 גרם,שטראוס גרופ בעמ/מצונן,,בצק קדאיף 350 גרם,גרמים,350.00,100 גרם,false,1,15.90,4.54,true,1,
7290000453781,false,שמרים יבשים שמרית 125 גרם,"פאקא תעשיות בע""מ",PT,שמרים יבשים שמרית 12,גרמים,125.00,100 גרם,false,1,6.90,5.52,true,1,
7290000453798,false,שמרים יבשים אקטיביים שימרית 500 ג',"גי' בי' רכיבים בע""מ",,שמרים יבשים אקטיבים,גרמים,500.00,100 גרם,false,1,16.90,3.38,true,1,
7290000453897,false,מרגרינה בטעם חמאה שמרית 200 גרם,גרונבאנג- גרונדנסק א,,מרגרינה בטעם חמאה שמ,גרמים,200.00,100 גרם,false,1,5.10,2.55,true,1,
7290000461625,false,בייגלה שמיניות מלח בייגל בייגל 400 ג',יוניליוור ישראל שיווק בע`מ,,בייגלה שמיניות מלוח,גרמים,400.00,100 גרם,false,1,13.50,3.38,true,1,
7290000461656,false,בייגלה מקלות מלוחים בייגל בייגל 400 גרם,"יוניליוור ישראל שיווק בע""מ",,בייגלה אחד אחד 400 ג,גרמים,400.00,100 גרם,false,1,13.50,3.38,true,1,
7290000461700,false,בייגלה שמיניות גדולות מלוחות 400 גרם,יוניליוור ישראל שיווק בע`מ,,בייגל גדול גדול 400,גרמים,400.00,100 גרם,false,1,16.70,4.18,true,1,
7290000461724,false,בייגלה שמיניות גדולות שומשום בייגל בייגל,"יוניליוור ישראל שיווק בע""מ",,בייגל גדול גדול שומש,גרמים,400.00,100 גרם,false,1,16.70,4.18,true,1,
7290000461793,false,בייגלה ארוך ארוך סידרה ירוקה בייגל בייגל 150 גרם,יוניליוור ישראל שיווק בע`מ,,מקלות ארוך 150 גרם,גרמים,150.00,100 גרם,false,1,7.30,4.87,true,1,
7290000462103,false,סחוג תימני אדום חריף עדין זהבי הכרם 150 גרם,שטראוס גרופ בעמ/מצונן,,סחוג זהבי אדום 150 ג,גרמים,150.00,100 גרם,false,1,9.90,6.60,true,1,
7290000462141,false,סחוג אדום תימני מקורי חריף מאוד זהבי 150 גרם,שטראוס גרופ בעמ/מצונן,,זחוק אדום מריף מאוד,גרמים,350.00,100 גרם,false,1,10.40,2.97,true,1,
7290000462172,false,סחוג זחוק ירוק תימני חריף זהבי (150 גרם),שטראוס גרופ בעמ/מצונן,,סחוג זהבי ירוק חריף,גרמים,150.00,100 גרם,false,1,10.40,6.93,true,1,
7290000462981,false,סחוג זחוק חריף אש זהבי (150 גרם),שטראוס גרופ בעמ/מצונן,IL,זחוק חריף אש 150 גרם,גרמים,150.00,100 גרם,false,1,10.40,6.93,true,1,
7290000467153,false,מלך החומוס סמיר הגדול 400 גרם צבר,קבוצת אוסם סחר שותפות מוגבלת,,חומוס סמיר הגדול 400,גרמים,400.00,100 גרם,false,1,13.90,3.48,true,1,
7290000474090,false,"חלב בקרטון 1%- 1 ליטר בד""צ - מוצר בפיקוח",*החברה המרכזית להפצת משקאותבעמ,,חלב 1% בקרטון 1 ליטר,מיליליטרים,1000.00,"100 מ""ל",false,1,5.86,0.59,true,1,
7290000474373,false,"שמנת חמוצה 15% שומן 200 מ""ל טרה",החברה המרכזית טלהפצת משקאות בע,,"שמנת חמוצה 200 מ""ל",מיליליטרים,200.00,"100 מ""ל",false,1,2.40,1.20,true,1,
7290000474502,false,גבינה לבנה טרה 5% מרכיבים טבעיים,*החברה המרכזית להפצת משקאותבעמ,,גבינה לבנה 5%,גרמים,250.00,100 גרם,false,1,4.98,1.99,true,1,
7290000474540,false,גבינה טוב טעם 3% טרה 250ג' מהדרין,החברה המרכזית טלהפצת משקאות בע,,טוב טעם 250 גרם,גרמים,250.00,100 גרם,false,1,11.90,4.76,true,1,
7290000474830,false,נעם גבינה צהובה מגורדת 28% טרה 500 גרם,*החברה המרכזית להפצת משקאותבעמ,,נעם גבינה צהובה מגור,גרמים,500.00,100 גרם,false,1,34.90,6.98,true,1,
7290000480107,false,קוואקר שיבולת שועל פחית 500 גרם,שטראוס פריטו ליי בעמ,,קוואקר שיבולת שועל פ,גרמים,500.00,100 גרם,false,1,12.90,2.58,true,1,
7290000480305,false,ממתיק מלאכותי הרמזית נטול קלוריות 400 טב,HERMES,,הרמזית 400 טבליות,גרמים,400.00,100 גרם,false,1,20.90,5.23,true,1,
7290000480442,false,קוואקר שיבולת שועל בשקית 500 גרם,שטראוס פריטו ליי בע`מ,,קוואקר 500 גרם שקית,גרמים,500.00,100 גרם,false,1,12.80,2.56,true,1,
7290000482019,false,שקיות לצליה קוקי 10 יחידות,"ש. שסטוביץ בע""מ",,קוקי רגיל 10 יח,Unknown,0.00,Unknown,false,1,10.90,10.90,true,1,
7290000483924,false,המרשלג בצק סוכר 600 גרם,המרשלג,,המרשלג בצק סוכר 600,גרמים,600.00,100 גרם,false,1,15.50,2.58,true,1,
7290000484549,false,"כהל 96% לשתיה 750 מ""ל",,IL,"כהל 96% לשתיה 750 מ""",מיליליטרים,750.00,"100 מ""ל",false,1,145.90,19.45,true,1,
7290000484747,false,"ארק עלית 700 מ""ל 40% יקב הגליל*",יקב הגליל יוסף גולד ובניו,,"ערק עלית 40% 700 מ""ל",מיליליטרים,700.00,"100 מ""ל",false,1,55.90,7.99,true,1,
7290000490717,false,מאגדת גלית- שלגון חלבי בטעם וניל עם ציפו,הגלידות של פלדמן,,מאגדת גלית- שלגון חל,גרמים,640.00,100 גרם,false,1,20.90,3.27,true,1,
7290000493176,false,אסם אבקת רוטב צלי לבשר 22 ג',קבוצת אוסם סחר שותפות מוגבלת,,אבקת רוטב צלי לבשר-2,גרמים,22.00,100 גרם,false,1,4.90,22.27,true,1,
7290000493183,false,אבקת רוטב פטריות לבשר-30 גרם,קבוצת אוסם סחר שותפות מוגבלת,,אבקת רוטב פטריות לבש,גרמים,30.00,100 גרם,false,1,5.50,18.33,true,1,
7290000497044,false,לחם אקטיב ברמן (750 גרם),מאפית י את א ברמן בע,,לחם ברמן אקטיב 750 ג,גרמים,750.00,100 גרם,false,1,15.90,2.12,true,1,
7290000497112,false,"לחם כהה פרוס וארוז ""ברמן""-מוצר בפיקוח",מאפית י את א ברמן בע,,אחיד פרוס ברמן,גרמים,750.00,100 גרם,false,1,7.11,0.95,true,1,
7290000497228,false,לחמניה רגילה בשקית ברמן 6יח',מאפית י את א ברמן בע,,שש לחמניות בשקית,גרמים,450.00,100 גרם,false,1,10.50,2.33,true,1,
7290000497273,false,לחמניות אקטיב ברמן שישייה 450 גרם,מאפית י את א ברמן בע,,לחמניות אקטיב ברמן 4,גרמים,450.00,100 גרם,false,1,14.50,3.22,true,1,
7290000497303,false,"שישיית לחמניות מקמח מלא ""ברמן""",מאפית י את א ברמן בע,,שש לחמניות בשקית,גרמים,450.00,100 גרם,false,1,12.50,2.78,true,1,
7290000497426,false,לחם ברמן לענין פלוס 500 גרם,מאפית י את א ברמן בע,,לחם ברמן לענין פלוס,גרמים,500.00,100 גרם,false,1,14.50,2.90,true,1,
7290000497488,false,חלה פלוס ברמן( 500 גרם),מאפית י את א ברמן בע,,חלה פלוס ברמן 500 גר,גרמים,500.00,100 גרם,false,1,14.50,2.90,true,1,
7290000497532,false,לחם ברמן לעניין פרוס ברמן (750 גרם),מאפית י את א ברמן בע,,לחם ברמן לעניין 750,גרמים,750.00,100 גרם,false,1,14.50,1.93,true,1,
7290000497570,false,לחם דגנים פלוס ברמן 500 גרם,מאפית י את א ברמן בע,,לחם דגנים פלוס ברמן,גרמים,500.00,100 גרם,false,1,14.50,2.90,true,1,
7290000498003,false,לחם מקמח מלא 750 גר`E FREE ברמן,מאפית י את א ברמן בע,,לחח מקמח חיטה מלא 75,גרמים,750.00,100 גרם,false,1,15.90,2.12,true,1,
7290000498034,false,לחם אי פרי קמח כוסמין מלא 750 גר',מאפית י את א ברמן בע,IL,לחם מקמח כוסמין מלא,גרמים,750.00,100 גרם,false,1,15.90,2.12,true,1,
7290000498058,false,חלה כוסמין חלומית כוסמין חלה מתוקה 500 ג,מאפיית י.את א. ברמן בעמ,IL,חלה כוסמין חלומית כו,גרמים,500.00,100 גרם,false,1,21.90,4.38,true,1,
7290000504025,false,ממתיק סוכרזית פטרייה עלית 300 גרם,אף.סי תבליני בגליל ב,,סוכרזית פטריה 300 טב,גרמים,300.00,100 גרם,false,1,10.90,3.63,true,1,
7290000504209,false,"סוכרזית דיאט טיפ נוזלי 220 מ""ל",אף.סי תבליני בגליל ב,,דיאט טיפ-ממתיק נוזלי,מיליליטרים,220.00,"100 מ""ל",false,1,24.90,11.32,true,1,
7290000504261,false,סוויט דיאט כמו סוכר ממתיק אבקתי 65ג',"שטראוס גרופ בע""מ",,סוויט דיאט כמו סוכר,Unknown,0.00,Unknown,false,1,33.90,33.90,true,1,
7290000504278,false,ממתיק סוכרזית אריזת פטנט 700 טבליות,אף.סי תבליני בגליל ב,,סוכרזית פטנט 700 טבל,גרמים,574.00,100 גרם,false,1,14.90,2.60,true,1,
7290000518121,false,מתוק וקל אריזה 50 שקיות 50 גרם,מתוק וקל בע`מ,,מתוק וקל 50 שקיות,Unknown,0.00,Unknown,false,1,7.60,7.60,true,1,
7290000518152,false,ממתיק זהב מתוק וקל 50 שקיות,מתוק וקל בע`מ,,מתוק וקל זהב 50 שקית,Unknown,0.00,Unknown,false,1,7.60,7.60,true,1,
7290000518176,false,ממתיק מתוק וקל 250 שקיות,מתוק וקל בע`מ,,מתוק וקל ענק 250 שקי,גרמים,250.00,100 גרם,false,1,22.50,9.00,true,1,
7290000518220,false,ממתיק סוכרה דיאט 100 יחידות,מתוק וקל בעמ,,סוכרה דיאט 100 שקיות,גרמים,100.00,100 גרם,false,1,25.90,25.90,true,1,
7290000518251,false,ממתיק זהב מתוק וקל 100 יחידות,מתוק וקל בע`מ,,מתוק וקל זהב 100 שקי,Unknown,0.00,Unknown,false,1,15.00,15.00,true,1,
7290000518336,false,ממתק צמר גפן מתוק מסיבים תזונתיים,מתוק וקל בעמ,IL,MOOOSH צמר גפן מתוק,גרמים,10.00,100 גרם,false,1,5.20,52.00,true,1,
7290000522111,false,חלב טרי אורגני 3% 1 ליטר,מחלבת רמת-הגולן,,חלב טרי אורגני 3% 1,מיליליטרים,1000.00,"100 מ""ל",false,1,12.90,1.29,true,1,
7290000522142,false,חלב הרים טהור-עמיד- קרטון 1 לי 3%,"מחלבות רמת הגולן בע""",,חלב הרים טהור-עמיד-,מיליליטרים,1000.00,"100 מ""ל",false,1,8.90,0.89,true,1,
7290000523125,false,מלח הארץ הים האדום 250 ג' עדין,"חברת מלח הארץ אילת בע""\מ",,מלח הארץ ים יבש 250,גרמים,250.00,100 גרם,false,1,5.90,2.36,true,1,
7290000523224,false,מלח הארץ הים האדום 500 ג' עדין,"חברת מלח הארץ אילת בע""\מ",,מלח הארץ ים יבש 500,גרמים,500.00,100 גרם,false,1,7.90,1.58,true,1,
7290000523521,false,מלח ים מלח הארץ 250 גרם מועשר ביוד,חברת מלח הארץ אילת ב,,מלח הארץ מועשר ביוד,גרמים,250.00,100 גרם,false,1,6.90,2.76,true,1,
7290000523804,false,"מלח עדין צנצנת 1 ק""ג מלח הארץ","חברת מלח הארץ אילת בע""\מ",,"מלח עדין 1 ק""ג צנצנת",גרמים,1000.00,100 גרם,false,1,8.30,0.83,true,1,
7290000523811,false,"צנצנת מלח גס 1 ק""ג מלח הארץ","חברת מלח הארץ אילת בע""\מ",,"מלח גס 1 ק""ג צנצנת",גרמים,1000.00,100 גרם,false,1,9.00,0.90,true,1,
7290000525969,false,מיץ תפוזים סחוט רכיבים טבעיים פרימור 1 ליטר,שטראוס גרופ בעמ/מצונן,,מיץ תפוזים סחוט 1 ל,מיליליטרים,1000.00,"100 מ""ל",false,1,15.80,1.58,true,1,
7290000529875,false,צאי מאסלה אורגני 30 ג' עדנים,,,תה צאי מאסלה אורגני,Unknown,0.00,Unknown,false,1,16.90,16.90,true,1,
7290000540009,false,סכין יפני צר כריכה מתכת,",S.M.P.L שיבקי",IN,מדליק פחם שקד ראש גפ,Unknown,0.00,Unknown,false,1,5.90,5.90,true,1,
7290000540023,false,עץ מבוקע למדורה רויאל 25 ליטר,,,עץ מבוקע למדורה רויא,ליטרים,0.03,ליטר,false,1,79.90,2663.33,true,1,
7290000540160,false,עוגיות ללא סוכר 500 גרם קמח מלא,ציון תורג`מן בעמ,,עוגיות מקלח מלא,גרמים,500.00,100 גרם,false,1,17.90,3.58,true,1,
7290000540276,false,"שיפודים 5 מ""מ 30 ס""מ 50 יח",,CN,"שיפודים 5 מ""מ 30 ס""מ",יחידה,1.00,יחידה,false,1,5.50,5.50,true,1,
7290000540320,false,מלקחיים למנגל יחידה,,CN,מלקחיים נירוסטה,Unknown,0.00,Unknown,false,1,12.90,12.90,true,1,
7290000540580,false,מגבוני שקד בייבי רבעיה לתינוק,,IL,מגבוני שקד בייבי רבע,Unknown,0.00,Unknown,false,1,11.90,11.90,true,1,
7290000540795,false,"BBQ XXL רויאל פחם למעשנה 10 ק""ג",,,BBQ XXL רויאל פחם למ,יחידה,1.00,יחידה,false,1,110.00,110.00,true,1,
7290000540931,false,עוגיות האחים 400 גרם פירמידה,האחים יצרני חטיפים,,עוגיות האחים 400 גרם,גרמים,400.00,100 גרם,false,1,13.50,3.38,true,1,
7290000554402,false,מעדן חלב מלבי גד (160 גרם),מחלבות גד שיווק 1992 בעמ,,מעדן מלבי 160 גר,גרמים,160.00,100 גרם,false,1,5.60,3.50,true,1,
7290000554457,false,גבינה צפתית 5% 350 גרם - רבנות,מחלבות גד שיווק 1992 בעמ,,צפתית מיני 5% 350 גר,גרמים,350.00,100 גרם,false,1,21.00,6.00,true,1,
7290000554471,false,נקניק מוצרלה 22 אחוז 180גרם גד מהדרין,מחלבות גד שיווק 1992 בעמ,,מוצרלה 180 גרם,גרמים,180.00,100 גרם,false,1,16.40,9.11,true,1,
7290000554532,false,גבינה צפתית מעודנת במלח ים 5% 200 ג' גד,מחלבות גד שיווק 1992 בעמ,,צפתית מעודנת 5% במלח,גרמים,200.00,100 גרם,false,1,14.90,7.45,true,1,
7290000554600,false,מוצרלה מגורדת 22 אחוז 300גרם גד מהדרין,מחלבות גד שיווק 1992 בעמ,,מוצרלה מגורדת 300 גר,גרמים,300.00,100 גרם,false,1,24.90,8.30,true,1,
7290000554624,false,ירח מתוק מעדן חלב עם אורז 3% גד 150 גרם,מחלבות גד שיווק 1992 בעמ,,מעדן ירח מתוק 150 גר,גרמים,150.00,100 גרם,false,1,5.60,3.73,true,1,
7290000554686,false,גבינת לאבנה בתוספת שמן זית וזעתר 5% גד 250 גרם,מחלבות גד שיווק 1992 בעמ,,לבנה בשמן זית וזעתר,גרמים,250.00,100 גרם,false,1,15.00,6.00,true,1,
7290000554822,false,ריקוטה גבינה לבנה בסגנון איטלקי 5% גד 250 גרם,מחלבות גד שיווק 1992 בעמ,,ריקוטה 250 גרם,גרמים,250.00,100 גרם,false,1,14.50,5.80,true,1,
7290000554839,false,מסקרפונה שמנת מתוקה קשה בסגנון איטלקי 40% גד 250 גרם,מחלבות גד שיווק 1992 בעמ,,גבינת מסקרפונה 250 ג,גרמים,250.00,100 גרם,false,1,20.90,8.36,true,1,
7290000555501,false,פיקדון 30 אגורות,,,פיקדון 30 אגורות,Unknown,0.00,Unknown,false,1,0.30,0.30,true,1,
7290000555505,false,פיקדון שישיית בירה 7,,,פיקדון זוג,Unknown,0.00,Unknown,false,1,0.60,0.60,true,1,
7290000555510,false,פיקדון ארק/גולד,,,פיקדון שלישייה,Unknown,0.00,Unknown,false,1,0.90,0.90,true,1,
7290000560533,false,אדג`פרו ג`ל לגילוח רגיל ירוק 220 מל,אס.סי ג'ונסון ובניו,,אדג גל רגיל 198 גר,גרמים,198.00,100 גרם,false,1,20.90,10.56,true,1,
7290000560540,false,אדג`פרו ג`ל לגילוח עור רגיש כתום220,המאפיה של הרמן,,אדג גל רגיש 198 גר,גרמים,198.00,100 גרם,false,1,20.90,10.56,true,1,
7290000560557,false,אדג' ג'ל סגול כהה לעור יבש 198ג',אס.סי ג'ונסון ובניו,,אדג גל לרכוך העור 19,גרמים,198.00,100 גרם,false,1,20.90,10.56,true,1,
7290000571188,false,גבינת גאודה תום עיזים במשקל,מחלבות גד שיווק 1992 בעמ,,גבינת גאודה תום עיזי,Unknown,0.00,"ק""ג",true,0,139.00,139.00,true,1,
7290000571232,false,גבינת גאודה טבעית פרוס 30% המחלווה 150ג',גבינות משק אחים מאיר בית,,גבינת גאודה טבעי פרו,גרמים,200.00,100 גרם,false,1,22.90,11.45,true,1,
7290000571294,false,גבינת גאודה מעושנת ב,מחלבה בית יצחק,,גאודה מעושנת,Unknown,0.00,"ק""ג",true,0,108.00,108.00,true,1,
7290000571300,false,גבינה גאודה פרוס מעושנת המחלבה 150ג',מחלבות גד שיווק 1992 בעמ,,גבינת גאודה מעושנת,גרמים,200.00,100 גרם,false,1,22.90,11.45,true,1,
7290000571386,false,המחלבה יוגורמה יוגורט מחלב כבשים 5% 850 גרם,גבינות משק אחים מאיר בית,,יוגורמה יוגורט כבשים,גרמים,850.00,100 גרם,false,1,26.90,3.16,true,1,
7290000571478,false,גבינת עיזים תום פרוסה המחלבה (200 גרם),גבינות משק אחים מאיר בית,,גבינת תום עיזים פרוס,גרמים,200.00,100 גרם,false,1,39.00,19.50,true,1,
7290000571812,false,פרמז`ן מגורד המחלבה (200 גרם),מחלבות גד שיווק 1992 בעמ,,פרמזן מגורד המחלבה 2,גרמים,200.00,100 גרם,false,1,22.90,11.45,true,1,
7290000571881,false,"משקה יוגורט מחלב עיזים 3.6% 500 מ""ל",מחלבות גד שיווק 1992 בעמ,,משקה יוגורט מחלב עיז,מיליליטרים,500.00,"100 מ""ל",false,1,12.50,2.50,true,1,
7290000572208,false,חלוה בטעם וניל אחווה 100 גרם,שוורצקוף& הנקל דיסלד,IL,חלבה 100 גרם אחוה,גרמים,100.00,100 גרם,false,1,3.20,3.20,true,1,
7290000572536,false,אחווה חלווה ווניל במגש 400 גר,אחדות ביתחרושת לטחינה חלבה,,אחווה חלווה ווניל במ,גרמים,400.00,100 גרם,false,1,14.90,3.73,true,1,
7290000646299,false,פילה נסיכת הנילוס 100% דג קפוא תנובה,תנובה מרכז שיתופי לשיווק תוצרת,,פילה נסיכת הנילוס קפ,Unknown,0.00,"ק""ג",true,0,54.90,54.90,true,1,
7290000652177,false,נתחי פילה נסיכה 100% דג קפוא תנובה,תנובה מרכז שיתופי לשיווק תוצרת,,נתחי פילה נסיכת הניל,Unknown,0.00,"ק""ג",true,0,69.90,69.90,true,1,
7290000654546,false,פילה אמנון 7-9 100% דג תנובה,תנובה,,פילה אמנון קפוא 7-9,Unknown,0.00,"ק""ג",true,0,36.90,36.90,true,1,
7290000662817,false,סלמון מעושן 100 גרם נורבגי מדג טרי,דגיים קפואים,IL,סלמון מעושן 100 גרם,גרמים,100.00,100 גרם,false,0,23.90,23.90,true,1,
7290000663135,false,קוביות סלומון קפוא 100% דג 300 גרם תנובה,תנובה מרכז שיתופי לשיווק תוצרת,,קוביות סלמון 100% דג,גרמים,300.00,100 גרם,false,0,29.90,9.97,true,1,
7290000684338,false,פילטר בריטה קלאסיק בודד,בריטה,,פילטר בריטה קלאסיק ב,Unknown,0.00,Unknown,false,1,46.20,46.20,true,1,
7290000684345,false,שלישיית פילטר בריטה קלאסיק,שלישיית פילטר בריטה,,שלישיית פילטר בריטה,Unknown,0.00,Unknown,false,1,129.00,129.00,true,1,
7290000688077,false,"מי עדן 0.500 מ""ל פקק רגיל",יפאורה שותפות מוגבלת לשיווק,,"מי עדן 500 מ""ל",מיליליטרים,500.00,"100 מ""ל",false,1,1.90,0.38,true,1,
7290000688176,false,מי עדן בייבי 330 מל בודד,יפאורה שותפות מוגבלת לשיווק,,"מי עדן בייבי 250 מ""ל",מיליליטרים,250.00,"100 מ""ל",false,1,3.00,1.20,true,1,
7290000688374,false,מים מינרלים סמיילי מי עדן (330X6מל),יפאורה שותפות מוגבלת לשיווק,,שישיית מי עדן בייבי,ליטרים,0.00,ליטר,false,1,16.50,16.50,true,1,
7290000688381,false,מים מינרלים פקק ספורט מי עדן (500x6 מל),יפאורה שותפות מוגבלת לשיווק,,מי עדן שישיה אישי,מיליליטרים,3000.00,"100 מ""ל",false,1,14.90,0.50,true,1,
7290000688503,false,"מים מינרלים פקק ספורט מי עדן 6*750 מ""ל",יפאורה שותפות מוגבלת לשיווק,,שישיית מים ספורט 750,מיליליטרים,4500.00,"100 מ""ל",false,1,15.90,0.35,true,1,
7290000690536,false,לבבות חסה שטופה,,,לבבות חסה שטופה,Unknown,0.00,Unknown,false,1,12.90,12.90,true,1,
7290000692135,false,ספיד סטיק דאו בסיסי ירוק א.פ פרש פאוור,קולגייט-פלמוליב,,ספיד סטיק אנטי פרספר,גרמים,57.00,100 גרם,false,1,20.90,36.67,true,1,
7290000692203,false,נוזל לניקוי כללי ורצפות בניחוח לימון אג'קס 2 ליטר,הנסיך- מפעל לייצור ט,,אגקס ניקוי כללי 2ל ל,ליטרים,0.00,ליטר,false,1,26.50,26.50,true,1,
7290000692210,false,נוזל לניקוי כללי ורצפות בניחוח לבנדר אג'קס 2 ליטר,הנסיך- מפעל לייצור ט,,אגקס ניקוי כללי 2ל ל,ליטרים,0.00,ליטר,false,1,26.50,26.50,true,1,
7290000692227,false,נוזל כלים פלמוליב צילינדר קלאסי 1 ליטר,יבואן ומשווק: ש. שסט,,פלמוליב צילינדר 1 לי,מיליליטרים,1000.00,"100 מ""ל",false,1,16.20,1.62,true,1,
7290000692456,false,אג'קס חלונות זוג 750*2 מל ספריי ורפיל,הנסיך- מפעל לייצור ט,,אגקס לניקוי חלונות כ,ליטרים,0.00,ליטר,false,1,25.90,25.90,true,1,
7290000692937,false,קולגייט משפחתי זוגות 100 גר`אדומה כשלפ,קולגייט-פלמוליב,PL,משחת שיניים קולגייט,מיליליטרים,200.00,"100 מ""ל",false,1,20.90,10.45,true,1,
7290000803180,false,"מרידול-שטיפת פה דנטלית 400 מ""ל",קולגייט פלמוליב,,"מרידול מי פה 400 מ""ל",מיליליטרים,400.00,"100 מ""ל",false,1,34.50,8.63,true,1,
7290000804484,false,"שטיפת פה אלמקס דנטלית למניעת עששת 400מ""ל",קולגייט פלמוליב,,אלמקס מי פה לשטיפה,מיליליטרים,400.00,"100 מ""ל",false,1,32.90,8.23,true,1,
7290000805368,false,בונזו גורים 3 קג' - אירוז חדש,דיפלומט מפיצים (1968) בעמ**,,בונזו גורים 3 קג,קילוגרמים,0.00,"ק""ג",false,1,59.90,59.90,true,1,
7290000805597,false,"מזון לכלבים בונזו מזון כלבים סניור 3 ק""ג",דיפלומט מפיצים (1968) בעמ**,,בונזו סניור 7+ 3 קג,קילוגרמים,0.01,"ק""ג",false,1,49.90,4990.00,true,1,
7290000805900,false,"מזון חתולים לה קט עוף 2.85 ק""ג",דיפלומט מפיצים (1968) בעמ**,,לה קט 2.85 קג עוף,קילוגרמים,0.00,"ק""ג",false,1,59.90,59.90,true,1,
7290000805924,false,"מזון חתולים לה קט דגים 2.85 ק""ג",דיפלומט מפיצים (1968) בעמ**,,לה-קט 2.85 קג דגים,קילוגרמים,0.00,"ק""ג",false,1,59.90,59.90,true,1,
7290000979427,false,עגבניות שרי כתום לבבות,צימן עגבניות *לא פעיל*,,עגבניות שרי כתום,Unknown,0.00,Unknown,false,1,12.90,12.90,true,1,
7290000993461,false,עגבניות שרי צהוב פרמיום ארוז,צימן עגבניות *לא פעיל*,,שרי צהוב,Unknown,0.00,Unknown,false,1,12.90,12.90,true,1,
7290000993560,false,עגבניות שרי תמר שוקו 500 גרם לפי יח',צימן עגבניות *לא פעיל*,,שרי מנומר,Unknown,0.00,Unknown,false,1,12.90,12.90,true,1,
7290000995410,false,נבטים סיניים נבטי העמק,"בכורי השדה צפון1994 ג.ד. בע""מ",,נבטים סינים,Unknown,0.00,Unknown,false,1,6.90,6.90,true,1,
7290000995939,false,פטרוזליה ארוז,,,פטרוזיליה,Unknown,0.00,Unknown,false,1,5.90,5.90,true,1,
7290001045169,false,מיץ תפוחי עץ צלול פרימור 1 ליטר,שטראוס גרופ בעמ/מצונן,,מיץ תפוחים צלול 1 ל,מיליליטרים,1000.00,"100 מ""ל",false,1,15.80,1.58,true,1,
7290001045633,false,פרימור מיץ לימון ונענע סחוט טרי 400מל,שטראוס גרופ בעמ/מצונן,,לימונענע 400 מ פרימו,מיליליטרים,400.00,"100 מ""ל",false,1,10.90,2.73,true,1,
7290001045657,false,פרימור מיץ תפוחים סחוט מקורר 400מל,שטראוס גרופ בעמ/מצונן,,"תפוחים צלול 400 מ""ל",מיליליטרים,400.00,"100 מ""ל",false,1,10.90,2.73,true,1,
7290001045688,false,"מיץ תפוזים סחוט פרימור 400 מ""ל",שטראוס גרופ בעמ/מצונן,,"תפוזים סחוט 400 מ""ל",מיליליטרים,400.00,"100 מ""ל",false,1,10.90,2.73,true,1,
7290001065983,false,פסיליום 340 גר`,,,פסיליום 340 גר`,Unknown,0.00,Unknown,false,1,64.90,64.90,true,1,
7290001111500,false,לחם מחמצת בטעמים 700 גרם,,,לחם מחמצת בטעמים 700,גרמים,700.00,100 גרם,false,1,18.30,2.61,true,1,
7290001136294,false,"שמפו לשיער יבש בבישום פרחים נקה 7 750 מ""ל",החברה הדרומית לשיווק בעמ,,נקה 7 שמפו לשיער יבש,גרמים,750.00,100 גרם,false,1,14.50,1.93,true,1,
7290001136300,false,"נקה 7 שמפו ומרכך לסירוק קל 750 מ""ל",החברה הדרומית לשיווק בעמ,,נקה 7 שמפו ומרכך לסי,מיליליטרים,750.00,"100 מ""ל",false,1,14.50,1.93,true,1,
7290001136362,false,נקה 7 תחליב רחצה אלוורה ארומה ירוק 1 ל',מיוצר בסין.יבוא ושיו,,סבון נוזלי נקה 7 ארו,מיליליטרים,1000.00,"100 מ""ל",false,1,17.50,1.75,true,1,
7290001136683,false,"מרכך לשיער רגיל בבושם פרחים נקה 7 750 מ""ל",החברה הדרומית לשיווק בעמ,,נקה 7 מרכך לכל סוגי,מיליליטרים,750.00,"100 מ""ל",false,1,14.50,1.93,true,1,
7290001136799,false,נקה 7 תחליב רחצה ארומה ורוד יסמין 1 ל',החברה הדרומית לשיווק בעמ,,סבון נוזלי נקה 7 ארו,מיליליטרים,1000.00,"100 מ""ל",false,1,17.50,1.75,true,1,
7290001136973,false,נקה 7 תחליב רחצה ארומה קמומיל לבן 1 ל',החברה הדרומית לשיווק בעמ,,סבון נוזלי נקה 7 ארו,מיליליטרים,1000.00,"100 מ""ל",false,1,17.50,1.75,true,1,
7290001164266,false,אפקטבעי גרנולה ללא סוכר 500גר,אפקט טבעי בעמ,,גרנולה ללא סוכר 500,גרמים,500.00,100 גרם,false,1,25.90,5.18,true,1,
7290001164273,false,אפקטבעי חגיגת גרנולה 500גרם,,,חגיגת גרנולה 500 גר,גרמים,500.00,100 גרם,false,1,21.50,4.30,true,1,
7290001186237,false,ויטמין C 500 טבליות לעיסה כשר (50),אלטמן,,ויטמין C 500 טבליות,Unknown,0.00,Unknown,false,1,59.90,59.90,true,1,
7290001199039,false,סלט בולגרי - ברדה,סלטי עמים ברדה,,סלט בולגרי 450 גרם,גרמים,450.00,100 גרם,false,1,15.60,3.47,true,1,
7290001199053,false,חציל תיאלנדי - ברדה,סלטי עמים ברדה,,חציל תאילנדי 500גר,גרמים,500.00,100 גרם,false,1,14.90,2.98,true,1,
7290001199084,false,גזר בסגנון קוריאני 500 גרם,סלטי עמים ברדה,,גזר בסגנון קוריאני 5,גרמים,450.00,100 גרם,false,1,15.60,3.47,true,1,
7290001199107,false,סוטא אוקראיני 500 גרם,סלטי עמים ברדה,,סוטא אוקראיני 500 גר,גרמים,450.00,100 גרם,false,1,13.50,3.00,true,1,
7290001199244,false,"סלט כרוב במלח 1 ק""ג",סלטי עמים ברדה,,כרוב במלח 1 קג,גרמים,1000.00,100 גרם,false,1,17.50,1.75,true,1,
7290001199404,false,"כרוב במלח עם חמוציות 1 ק""ג",סלטי עמים ברדה,,כרוב במלח עם חמוציות,גרמים,1000.00,100 גרם,false,1,19.90,1.99,true,1,
7290001199435,false,חציל פיקנטי 500 גרם,סלטי עמים ברדה,,חציל פיקנטי 500 גר,גרמים,500.00,100 גרם,false,1,14.50,2.90,true,1,
7290001201589,false,ביצים ארוזות L מ. לסר) (12 פיקוח,מ לסר בעמ - חברה לשיווק ביצים,,ביצים אריזון 12 גדול,Unknown,0.00,Unknown,false,1,12.05,12.05,true,1,
7290001201596,false,ביצים ארוזות M 12 יחידות,מ לסר בעמ - חברה לשיווק ביצים,,ביצים אריזון 12 בינו,Unknown,0.00,Unknown,false,1,11.15,11.15,true,1,
7290001201657,false,ביצים אומגה M/30 בינוני ארוז,מ לסר בעמ - חברה לשיווק ביצים,,ביצים אומגה 3 30 יח,Unknown,0.00,Unknown,false,1,44.90,44.90,true,1,
7290001201824,false,תבנית ביצים 12 יח' לארג' אורגני,מ לסר בעמ - חברה לשיווק ביצים,,ביצים אורגניות 12 יח,Unknown,0.00,Unknown,false,1,21.90,21.90,true,1,
7290001201862,false,ביצי חופש לארג' 12 יחידות,מ לסר בעמ - חברה לשיווק ביצים,,ביצי חופש 12 יח L,Unknown,0.00,Unknown,false,1,19.50,19.50,true,1,
7290001216040,false,טחינה גולמית שומשום טהור אל ארז 500 גרם,אגס ירוק מסחר ושירותים,,טחינה 500 גרם טחינת,גרמים,500.00,100 גרם,false,1,16.20,3.24,true,1,
7290001216057,false,"טחינה שומשום טהור אל ארז 1 ק""ג",אגס ירוק מסחר ושירותים,,"טחינה 1 ק""ג טחינת אל",גרמים,500.00,100 גרם,false,1,32.30,6.46,true,1,
7290001216231,false,טחינה גולמית שומשום מלא אל ארז 500 גרם,אגס ירוק מסחר ושירותים,,טחינה מלאה 500 גרם ט,גרמים,500.00,100 גרם,false,1,17.20,3.44,true,1,
7290001230331,false,כאמל בוקס קופסא בודד,Unknown,,כאמל בוקס חפיסה,Unknown,0.00,Unknown,false,1,30.90,30.90,true,1,
7290001230739,false,כאמל כחול חפיסה חפיסה,Unknown,,כאמל כחול חפיסה,Unknown,0.00,Unknown,false,1,30.90,30.90,true,1,
7290001231932,false,ווינסטון כחול בוקס חפיסה,Unknown,,ווינסטון כחול בוקס ח,Unknown,0.00,Unknown,false,1,33.00,33.00,true,1,
7290001246054,false,פותח סתימות 1 ליטר טאצ,סאסאטק אגשח בעמ,,פותח סתימות 1 ליטר ט,Unknown,0.00,Unknown,false,1,14.90,14.90,true,1,
7290001246061,false,מרכך מרוכז פרימיום פנטזי( 1 ליטר)טאצ`,סאסאטק אגשח בעמ,,מרכך כביסה מרוכז כחו,Unknown,0.00,Unknown,false,12,11.90,11.90,true,1,
7290001246078,false,מרכך מרוכך פרפיום סנשואל( 1 ליטר)טאצ`,סאסאטק אגשח בעמ,,מרכך כביסה מרוכז סגו,Unknown,0.00,Unknown,false,12,11.90,11.90,true,1,
7290001246122,false,"תרסיס ניקוי כללי+ אקונומיקה 750 מ""ל טאצ",סאסאטק אגשח בעמ,,תרסיס ניקוי כללי+אקו,Unknown,0.00,Unknown,false,1,10.90,10.90,true,1,
7290001246276,false,"טאצ' תרסיס מטהר אוויר אורנים 300 מ""ל",,,תרסיס מטהר אוויר אור,Unknown,0.00,Unknown,false,1,4.90,4.90,true,1,
7290001246290,false,"תרסיס רסס נגב 750 סמ""ק טאצ",סאסאטק אגשח בעמ,,תרסיס רסס נגב 750 ס,Unknown,0.00,Unknown,false,1,10.90,10.90,true,1,
7290001246542,false,"תרסיס מבריק רהיטים 400 מ""ל טא'צ",סאסאטק אגשח בעמ,,ת. מבריק רהיטים 400,Unknown,0.00,Unknown,false,1,14.90,14.90,true,1,
7290001246757,false,נוזל רצפות מלון בוטיק טאצ' 2 ליטר,סאסאטק אגשח בעמ,,נוזל רצפות מלון בוטי,Unknown,0.00,Unknown,false,1,18.90,18.90,true,1,
7290001246900,false,אקופרינד-מסיר שומנים 750 מל,אקופרנד,,אקופרינד-מסיר שומנים,מיליליטרים,750.00,"100 מ""ל",false,1,17.90,2.39,true,1,
7290001246924,false,אקופירנד-ניקוי חלונות 750 מל,סאסאטק,,אקופירנד-ניקוי חלונו,מיליליטרים,750.00,"100 מ""ל",false,1,14.90,1.99,true,1,
7290001246962,false,אקופרינד-נוזל כלים תפוז 1 ליטר,פ.פ.ח. שאביט,,אקופרינד-נוזל כלים ת,מיליליטרים,1000.00,"100 מ""ל",false,1,14.90,1.49,true,1,
7290001246979,false,אקופרינד-נוזל כלים 1 ליטר לימון,סאסאטק,,אקופרינד-נוזל כלים 1,מיליליטרים,1000.00,"100 מ""ל",false,1,14.90,1.49,true,1,
7290001246986,false,אקופרינד-נוזל רב תכליתי 1 ליטר,אקופרנד,,אקופרינד-נוזל רב תכל,מיליליטרים,1000.00,"100 מ""ל",false,1,15.90,1.59,true,1,
7290001247068,false,קרטונית נקטר ספרינג תות בננה 1 ליטר,יפאורה שותפות מוגבלת לשיווק,,קרטונית נקטר ספרינג,מיליליטרים,1000.00,"100 מ""ל",false,1,6.90,0.69,true,1,
7290001247082,false,מיץ עגבניות רכיבים טבעיים ספרינג 1 ליטר,יפאורה שותפות מובגלת לשיווק,,קרטונית נקטר ספרינג,מיליליטרים,1000.00,"100 מ""ל",false,1,6.60,0.66,true,1,
7290001247099,false,קרטונית נקטר ספרינג מנגו 1 ליטר,יפאורה שותפות מובגלת לשיווק,,קרטונית נקטר ספרינג,מיליליטרים,1000.00,"100 מ""ל",false,1,6.90,0.69,true,1,
7290001247105,false,קרטונית נקטר ספרינג אפרסק 1 ליטר,יפאורה שותפות מובגלת לשיווק,,קרטונית נקטר ספרינג,מיליליטרים,1000.00,"100 מ""ל",false,1,6.90,0.69,true,1,
7290001247112,false,קרטונית נקטר ספרינג לימונענע 1 ליטר,יפאורה שותפות מובגלת לשיווק,,קרטונית נקטר ספרינג,מיליליטרים,1000.00,"100 מ""ל",false,1,6.90,0.69,true,1,
7290001247129,false,נקטר ספרינג תפוזים קרטונית 1 ל',יפאורה שותפות מובגלת לשיווק,,קרטונית נקטר ספרינג,מיליליטרים,1000.00,"100 מ""ל",false,1,6.90,0.69,true,1,
7290001247143,false,קרטונית נקטר ספרינג תפוחים 1 ליטר,יפאורה שותפות מובגלת לשיווק,,קרטונית נקטר ספרינג,מיליליטרים,1000.00,"100 מ""ל",false,1,6.90,0.69,true,1,
7290001258415,false,רוקפור באריזת ווקום יעקובס 180 גרם,גבינות משק יעקבס,,רוקפור אישית 180 גר,גרמים,180.00,100 גרם,false,1,28.90,16.06,true,1,
7290001258446,false,"יעקבס יוגורט כבשים 5% 850 מ""ל",גבינות משק יעקבס,,יוגורט צאן 5% 850 מל,מיליליטרים,850.00,"100 מ""ל",false,1,21.90,2.58,true,1,
7290001258552,false,גבינה לאבנה בקר 250 גרם,בטר אנד דיפרנט,IL,גבינה לאבנה בקר 250,גרמים,250.00,100 גרם,false,1,14.60,5.84,true,1,
7290001258668,false,גבינת עז מה 5% יעקבס 250 גרם,גבינות משק יעקבס,,עז-מה יחידה,גרמים,250.00,100 גרם,false,1,17.70,7.08,true,1,
7290001258682,false,"יוגורט עיזים באריזה 500 מ""ל",גבינות משק יעקבס,,יוגורט עיזים באריזה,מיליליטרים,500.00,"100 מ""ל",false,1,13.10,2.62,true,1,
7290001258729,false,לאבנה עיזים יעקובס 250 גרם,גבינות משק יעקבס,,לבנה צאן 270 גרם,גרמים,270.00,100 גרם,false,1,20.50,7.59,true,1,
7290001258736,false,משולש גבינת קשקבל27%משקל,גבינות משק יעקבס,,מארז גבינה קשקבל,Unknown,0.00,"ק""ג",true,0,135.00,135.00,true,1,
7290001258774,false,מוצרלה בייבי 150 גרם יעקובס,גבינות משק יעקבס,IL,גבינת מוצרלה בייבי 1,גרמים,150.00,100 גרם,false,1,15.60,10.40,true,1,
7290001258798,false,פטה כבשים יעקבס 250 גר,גבינות משק יעקבס,,פטה כבשים יעקבס 250,Unknown,0.00,Unknown,false,1,22.90,22.90,true,1,
7290001258804,false,קשקבל גבינה חצי קשה יעקבס 180 גרם,גבינות משק יעקבס,,קשקבל אריזה ווקום 18,גרמים,180.00,100 גרם,false,1,27.50,15.28,true,1,
7290001258958,false,מוצרלה מגורדת יעקבס 200 גרם,גבינות משק יעקבס,,מוצרלה מגורדת 200 גר,גרמים,200.00,100 גרם,false,1,25.00,12.50,true,1,
7290001258972,false,גבינת חלומי בואקום 2,גבינות משק יעקבס,,חלומי 200 גר,גרמים,200.00,100 גרם,false,1,26.50,13.25,true,1,
7290001265642,false,"מזון חתולים מעדני פטה 1.2 ק""ג מארז 3 יחידות",דיפלומט מפיצים (1968) בעמ**,,שלישיית מעדני לה-קט,גרמים,1200.00,100 גרם,false,1,19.90,1.66,true,1,
7290001274422,false,שלגונים ציפוי בננה מאגדת שמינייה 560 ג',פלקו בעמ חברה ישראלית,IL,מאגדת ציפוי בננה,Unknown,0.00,Unknown,false,1,25.90,25.90,true,1,
7290001274934,false,"שמיניית גלידל פרי לימון ""פלדמן""",הגלידות של פלדמן,,מאגדת גלידל פרי למון,מיליליטרים,640.00,"100 מ""ל",false,1,26.50,4.14,true,1,
7290001274941,false,"שמיניית גלידל פרי פטל ""פלדמן""",הגלידות של פלדמן,,מאגדת גלידל פרי פטל,גרמים,640.00,100 גרם,false,1,26.50,4.14,true,1,
7290001305058,false,"פלמוליב - נטורלס תחליב רחצה חלב ודבש 500 מ""ל",הנסיך- מפעל לייצור ט,,פלמוליב נטורלס סבון,מיליליטרים,500.00,"100 מ""ל",false,1,18.80,3.76,true,1,
7290001305188,false,"נוזל לניקוי כלים בריח לימון פלמוליב 750 מ""ל",יבואן ומשווק: ש. שסט,,פלמוליב לכלים אקטיב,מיליליטרים,750.00,"100 מ""ל",false,1,11.90,1.59,true,1,
7290001330029,false,למבדה מרנג עוגה 450 גר,ברון מפעל לייצור עוג,,למבדה מרנג,גרמים,450.00,100 גרם,false,1,120.50,26.78,true,1,
7290001330043,false,עוגת וואלס שכבות קרם,ברון מפעל לייצור עוג,,עוגת וואלס שכבות קרם,גרמים,1000.00,100 גרם,false,1,120.50,12.05,true,1,
7290001330050,false,וואלס שכבות קרם מרובעת 500 גר,ברון מפעל לייצור עוג,,וואלס שכבות קרם מרוב,גרמים,500.00,100 גרם,false,1,66.90,13.38,true,1,
7290001330234,false,עוגת קייבסקי עגולה 6,ברון מפעל לייצור עוג,,קייבסקי טורט,גרמים,600.00,100 גרם,false,1,93.90,15.65,true,1,
7290001330265,false,עוגת ערב בפראג עגול,ברון מפעל לייצור עוג,,עוגת ערב בפראג עגול,גרמים,900.00,100 גרם,false,1,93.90,10.43,true,1,
7290001330623,false,"פולונז שוקו בונדוק 1.1 ק""ג",ברון מפעל לייצור עוג,,פולונז שוקו בונדוק,קילוגרמים,0.00,"ק""ג",false,1,120.50,120.50,true,1,
7290001330746,false,עוגת ברון לייצן 550ג,ברון מפעל לייצור עוג,,עוגת ליצן מלבנית,גרמים,450.00,100 גרם,false,1,52.50,11.67,true,1,
7290001330753,false,עוגת שחרחורת מלבנית,ברון מפעל לייצור עוג,,עוגת שחרחורת מלבנית,גרמים,450.00,100 גרם,false,1,52.50,11.67,true,1,
7290001330760,false,עוגת תותי פרוטי מלבנית,ברון מפעל לייצור עוג,,עוגת תותי פרוטי מלבנ,גרמים,450.00,100 גרם,false,1,52.50,11.67,true,1,
7290001330814,false,עוגת שזיף 900 גרם,,,עוגת שזיף 900 גרם,גרמים,900.00,100 גרם,false,1,93.90,10.43,true,1,
7290001330838,false,עוגת בת קייב עגולה 6,ברון מפעל לייצור עוג,,עוגה בת קייב 700 גר,גרמים,700.00,100 גרם,false,1,78.50,11.21,true,1,
7290001330876,false,עוגה בת קייב שוקולד 700 גר,ברון מפעל לייצור עוג,,עוגה בת קייב שוקולד,גרמים,700.00,100 גרם,false,1,78.50,11.21,true,1,
7290001330890,false,עוגה פולינז שוקו בונדוק 700 גר,ברון מפעל לייצור עוג,,עוגה פולינז שוקו,גרמים,450.00,100 גרם,false,1,86.90,19.31,true,1,
7290001330906,false,עוגת ברון למבדה קוטר,ברון מפעל לייצור עוג,,עוגה למבדה מרנג,גרמים,450.00,100 גרם,false,1,86.90,19.31,true,1,
7290001330951,false,עוגה סיביר ריבת חלב 800גר,ברון מפעל לייצור עוג,,עוגה סיביר ריבת חלב,גרמים,800.00,100 גרם,false,1,93.90,11.74,true,1,
7290001330968,false,פחזניות קרם וניל 300 גר,,,פחזניות קרם וניל 300,גרמים,300.00,100 גרם,false,1,35.50,11.83,true,1,
7290001342862,false,קרם פפריקה הונגרית חריפה בשפופרת 160 גרם,,HU,קרם פפריקה הונגרית ח,גרמים,160.00,100 גרם,false,1,25.90,16.19,true,1,
7290001343845,false,תערובת מיזלי עם פירות מיובשים 1 קג,דין שיווק וקליה 2021 בעמ,,"גרנולה פירות 1 ק""ג ו",גרמים,1000.00,100 גרם,false,1,21.90,2.19,true,1,
7290001356173,false,סלמון פרוס 200 גרם,ישראגל,,סלמון פרוס 200 גרם,גרמים,200.00,100 גרם,false,1,45.90,22.95,true,1,
7290001356562,false,פילה הרינג בטעמים 160 גר,,,פילה הרינג בטעמים 16,גרמים,160.00,100 גרם,false,1,17.50,10.94,true,1,
7290001361009,false,עוגת טורט קייבסקי,האי נאם סי או אל.טי.,,טורט קייבסקי,גרמים,700.00,100 גרם,false,1,79.90,11.41,true,1,
7290001361016,false,עוגת גינגי שכבות בצק,GS עבור נטו מלינדה ס,,עוגה גינגית 600 גרם,גרמים,600.00,100 גרם,false,1,44.90,7.48,true,1,
7290001361023,false,עוגת מולטית פס 600 ג,נטלי פלוס,,עוגה מולטית 400 גר,גרמים,400.00,100 גרם,false,1,46.90,11.73,true,1,
7290001361054,false,אקלרים פטיסייר (600 ג'),אף.סי תבליני בגליל ב,,אקלרים וניל 600 גרם,גרמים,600.00,100 גרם,false,1,43.90,7.32,true,1,
7290001361061,false,פחזניות בציפוי שוקולד 600 גרם,"נטלי פלוס בע""מ",,פחזניות בציפוי שוקול,גרמים,600.00,100 גרם,false,1,47.90,7.98,true,1,
7290001361085,false,עוגת נפוליאון 600 גר,אף.סי תבליני בגליל ב,,עוגת נפוליאון,גרמים,600.00,100 גרם,false,1,44.90,7.48,true,1,
7290001361092,false,עוגת פיצוץ פס 400 גר,נטלי פלוס,,עוגת פיצוץ,גרמים,400.00,100 גרם,false,1,46.90,11.73,true,1,
7290001361177,false,עוגת דובדבנים פס 650,נטלי פלוס,,עוגת דובדבנים,גרמים,650.00,100 גרם,false,1,49.90,7.68,true,1,
7290001361207,false,עוגת פס אוכמניות 650,נטלי פלוס,,עוגת אוכמניות,גרמים,650.00,100 גרם,false,1,48.90,7.52,true,1,
7290001361269,false,פס קייבסקי ללא קמח 3,נטלי פלוס בעמ,,טורט פס קייב 350 גרם,גרמים,350.00,100 גרם,false,1,49.90,14.26,true,1,
7290001361290,false,עוגת מוצרט נטלי,"נטלי פלוס בע""מ",,"טורט מוצרט 1 ק""ג",גרמים,1000.00,100 גרם,false,1,108.90,10.89,true,1,
7290001361436,false,פס שמנת סמנטיק 550 גרם,נטלי פלוס בעמ,,פס שמנת סמנטיק 550 ג,גרמים,550.00,100 גרם,false,1,46.90,8.53,true,1,
7290001361450,false,עוגת מותק - ריבת חלב 650 ג',נטלי פלוס,,עוגת ריבת חלב,גרמים,600.00,100 גרם,false,1,69.90,11.65,true,1,
7290001361894,false,פס טראפלס שוקולד 450 ג',נטלי פלוס,,פס טראפלס 500 גר,גרמים,500.00,100 גרם,false,1,39.90,7.98,true,1,
7290001361924,false,פס גבינה פרורוים 500 גר,נטלי פלוס,,פס גבינה פרורוים 500,גרמים,500.00,100 גרם,false,1,39.90,7.98,true,1,
7290001361931,false,פחזניות במילוי גבינה (350 ג'),האי נאם סי או אל.טי.,,פחזניות במילוי גבינה,גרמים,450.00,100 גרם,false,1,36.90,8.20,true,1,
7290001407127,false,פרוסות חלבה קלאסית בטעם וניל בארכה 400 גרם,קבוצת אוסם סחר שותפות מוגבלת,,חלבה קלאסית שוקו וני,גרמים,400.00,100 גרם,false,1,16.90,4.23,true,1,
7290001407134,false,בארכה פרוסות חלווה שוקו וניל+פ.קקאו 400גר,קבוצת אוסם סחר שותפות מוגבלת,,פרוסות חלבה קלאסית ו,גרמים,400.00,100 גרם,false,1,16.90,4.23,true,1,
7290001407547,false,טחינה גולמית משומשום מלא פי 6 בארכה 500ג',קבוצת אוסם סחר שותפות מוגבלת,,טחינה משומשום מלא פי,גרמים,500.00,100 גרם,false,1,15.90,3.18,true,1,
7290001407592,false,"בארכה טחינה גולמית פי 6 סידן 6*1 ק""ג",קבוצת אוסם סחר שותפות מוגבלת,IL,בארכה טחינה גולמית פ,גרמים,1000.00,100 גרם,false,1,32.50,3.25,true,1,
7290001407769,false,טחינה גולמית בארכה שומשום מלא 500 גרם,קבוצת אוסם סחר שותפות מוגבלת,,טחינה משומשום מלא,גרמים,500.00,100 גרם,false,1,17.80,3.56,true,1,
7290001407813,false,חלבה שאמית פיסטוק בקטנה בארכה 350ג',קבוצת אוסם סחר-שות.מוגבלת,,חלבה שאמית פיסטוק 35,גרמים,350.00,100 גרם,false,1,17.30,4.94,true,1,
7290001407837,false,חלבה שאמית עם פולי קקאו בארכה 350 גרם,קבוצת אוסם סחר-שות.מוגבלת,,חלבה שאמית קקאו 350,גרמים,350.00,100 גרם,false,1,17.30,4.94,true,1,
7290001407844,false,חלבה קלאסית בטעם וניל בארכה 350 גרם,קבוצת אוסם סחר שותפות מוגבלת,,חלבה קלאסית וניל 350,גרמים,350.00,100 גרם,false,1,16.90,4.83,true,1,
7290001419618,false,וופל בלגי עלמה שחור לבן וניל 200ג',מ.ד אטיאס סוכנויות מזון בע`מ,,עלמה וופל קראנץ שוקו,גרמים,200.00,100 גרם,false,1,3.90,1.95,true,1,
7290001419793,false,גביעי גלידה מגולגל עלמה גילרו 30 יח',מ.ד אטיאס סוכנויות מזון בע`מ,,גביעי גלידה מגולגל 1,Unknown,0.00,Unknown,false,1,12.10,12.10,true,1,
7290001425664,false,אלסבון סדרת שמן הזית,,,אל סבון זית 1 ליטר,ליטרים,0.00,ליטר,false,1,10.00,10.00,true,1,
7290001427019,false,קשת מיץ תפוזים טבעי 500 מל,קשת מיצים טבעיים,,"מיץ תפוז קשת 500 מ""ל",מיליליטרים,500.00,"100 מ""ל",false,1,17.90,3.58,true,1,
7290001427132,false,"משקה רימון 500 מ""ל פריניב זכוכית",קשת מיצים טבעיים,,"מיץ רימונים 500 מ""ל",מיליליטרים,500.00,"100 מ""ל",false,1,24.90,4.98,true,1,
7290001427255,false,פריניב מיץ תפוח 1 ליטר פלסטיק,תנובה - פריניב,,קשת מיץ תפוחים טבעי,מיליליטרים,1000.00,"100 מ""ל",false,1,17.90,1.79,true,1,
7290001427323,false,מיץ סלק ותפוח פט 1 ליטר חדש,קשת מיצים טבעיים,,מיץ סלק ותפוח פט 1 ל,מיליליטרים,1000.00,"100 מ""ל",false,1,22.90,2.29,true,1,
7290001427347,false,מיץ תפוחים 100% סחוט תוז סמית 1לי,תנובה - פריניב,IL,מיץ תפוחים סמית קשת,מיליליטרים,1000.00,"100 מ""ל",false,1,22.90,2.29,true,1,
7290001427453,false,מיצי קשת 1 ליטר - תפוחים פינק ליידי,תנובה - פריניב,IL,מיץ תפוחים פינק לייד,מיליליטרים,1000.00,"100 מ""ל",false,1,22.90,2.29,true,1,
7290001436790,false,נקנקיות מרגז מיני אקסטרה חריף ארוז בלדי 500 ג',יוליניבר,,מיני מרגז חריף 500 ג,גרמים,500.00,100 גרם,false,1,29.50,5.90,true,1,
7290001468715,false,אבקת סוכר 100 גרם,ר.ס.,,אבקת סוכר 100 גרם,גרמים,100.00,100 גרם,false,1,1.60,1.60,true,1,
7290001468753,false,קמח תפוחי אדמה 500 ג' נאמן,תבליני ביטון,,קמח תפוא 500 גרם,גרמים,500.00,100 גרם,false,1,7.50,1.50,true,1,
7290001482094,false,גבינה פרמז'נו משולשים ויליפוד 200ג',ג.וילי-פוד אינטרנשיונל **גבינו,,פרמזנו 200 גר,גרמים,200.00,100 גרם,false,1,27.50,13.75,true,1,
7290001482186,false,אננס חתוך בסירופ קל ויליפוד 565 גרם,ג.וילי פוד אינטרנשיונל בעמ,TH,אננס חתוך בסירופ קל,גרמים,565.00,100 גרם,false,1,6.90,1.22,true,1,
7290001485019,false,גבינת קרם שמנת טבעי 5% טרה 200 גרם,*החברה המרכזית להפצת משקאותבעמ,,גבינה שמנת טבעי 5% 2,גרמים,200.00,100 גרם,false,1,12.90,6.45,true,1,
7290001491010,false,תה ירוק יסמין ויסוצקי 25 יחידות,תה ויסוצקי (ישראל) בעמ,,תה ירוק יסמין 25 שקי,Unknown,0.00,Unknown,false,1,24.90,24.90,true,1,
7290001491096,false,תה ירוק בתוספת לימונית ולואיזה 50 שקיקים ויסוצקי,תה ויסוצקי (ישראל) בעמ,,תה ירוק לימונית לואי,Unknown,0.00,Unknown,false,1,44.90,44.90,true,1,
7290001507063,false,פתיבר מקמח מלא אורגני השדה מוצרים אורגנים 200 גרם,השדה מוצרים אורגניים,,פתיבר אורגני 200 גר,גרמים,200.00,100 גרם,false,1,9.50,4.75,true,1,
7290001515310,false,שש כריות קרצוף יפניות סקוטש ברייט,3m,,שישיית כריות קרצוף,Unknown,0.00,Unknown,false,1,15.60,15.60,true,1,
7290001515631,false,שלושה ספוגי קרצוף קשיחים ארוכים אדומים,שיוך למחסן 17,,שלושה ספוגי קרצוף,Unknown,0.00,Unknown,false,1,10.80,10.80,true,1,
7290001581049,false,שיפודי פרגיות קפוא מזרע,,,שיפודי פרגיות קפואים,Unknown,0.00,"ק""ג",true,0,64.90,64.90,true,1,
7290001581094,false,כנפיים עוף ללא נוצות טרי,,,כנפיים עוף ללא נוצות,Unknown,0.00,"ק""ג",true,0,17.90,17.90,true,1,
7290001581131,false,שוק טלה מפורק,,,שוק טלה מפורק,Unknown,0.00,"ק""ג",true,0,129.90,129.90,true,1,
7290001588321,false,כוסברה אורגנית,,,פטרוזליה אורגנית,Unknown,0.00,Unknown,false,1,6.90,6.90,true,1,
7290001588338,false,כוסברה אורגנית,,,כוסברה אורגנית,Unknown,0.00,Unknown,false,1,6.90,6.90,true,1,
7290001588345,false,שמיר אורגני,,,שמיר אורגני,Unknown,0.00,Unknown,false,1,6.90,6.90,true,1,
7290001588352,false,אבוקדו אורגני שקיל ארוז,שדות תוצרת מזון אורגנית ש.ק.ד,,אבוקדו אורגני,Unknown,0.00,"ק""ג",true,0,38.90,38.90,true,1,
7290001588383,false,בטטה אורגני ארוז שקי,,,בטטה אורגנית שדות,Unknown,0.00,"ק""ג",true,0,15.90,15.90,true,1,
7290001588390,false,בננה אורגני ארוז שקי,,,בננה אורגנית שדות,Unknown,0.00,"ק""ג",true,0,17.90,17.90,true,1,
7290001588406,false,בצל יבש צהוב אורגני,,,בצל יבש אורי אורגני,קילוגרמים,0.00,"ק""ג",true,0,18.90,18.90,true,1,
7290001588437,false,מלפפון אורגני ארוז ש,,,מלפפון אורגני שדות,Unknown,0.00,"ק""ג",true,0,14.90,14.90,true,1,
7290001588444,false,עגבניה אורגני ארוז ש,,,עגבניה אורגנית שדות,Unknown,0.00,"ק""ג",true,0,14.90,14.90,true,1,
7290001588475,false,פלפל אדום אורגני ארו,,,פלפל אדום אורגני שדו,Unknown,0.00,"ק""ג",true,0,16.90,16.90,true,1,
7290001588512,false,קישוא כהה אורגני ארו,שדות בר,,קישוא כהה אורגני שדו,Unknown,0.00,"ק""ג",true,0,22.90,22.90,true,1,
7290001588550,false,תפוח אדמה אורגני ארו,,,תפוח אדמה אורגני,Unknown,0.00,"ק""ג",true,0,8.90,8.90,true,1,
7290001588567,false,תפוח עץ אורגני ארוז,,,תפוח עץ אורגני אדום,Unknown,0.00,"ק""ג",true,0,29.90,29.90,true,1,
7290001588604,false,לימון אורגני ארוז במ,שדות בר,,לימון אורגני שדות,Unknown,0.00,"ק""ג",true,0,19.90,19.90,true,1,
7290001588703,false,גזר ארוז מגשית אורגני,שדות תוצרת מזון אורגנית ש.ק.ד,,גזר ארוז מגשית אורגנ,Unknown,0.00,"ק""ג",true,0,14.90,14.90,true,1,
7290001588963,false,לבבות חסה אורגני,,,לבבות חסה אורגני,Unknown,0.00,Unknown,false,1,11.00,11.00,true,1,
7290001591680,false,קניידלך מקמח מצה שלושת האופים 500 גרם,נטו מילנדה סחר בעמ*,,קניידלך מקמח מצה שלו,גרמים,500.00,100 גרם,false,1,19.90,3.98,true,1,
7290001594155,false,"קוקה-קולה בבקבוק אישי 500 מ""ל",החברה המרכזית להפצת משקאות בעמ,,"קוקה קולה 500 מ""ל",מיליליטרים,500.00,"100 מ""ל",false,1,7.50,1.50,true,1,
7290001594179,false,"פאנטה אורנג' בבקבוק אישי 500 מ""ל",החברה המרכזית להפצת משקאות בעמ,,"פאנטה אורנג 500 מ""ל",מיליליטרים,500.00,"100 מ""ל",false,1,7.50,1.50,true,1,
7290001594377,false,פריגת תפוזים 0.5 ליטר חייב בפקדון,החברה המרכזית להפצת משקאות בעמ,,"פריגת תפוזים 500 מ""ל",מיליליטרים,500.00,"100 מ""ל",false,1,5.90,1.18,true,1,
7290001594384,false,פריגת אשכוליות 0.5 ליטר חייב בפקדון,החברה המרכזית להפצת משקאות בעמ,,פריגת אשכוליות 500 מ,מיליליטרים,500.00,"100 מ""ל",false,1,5.90,1.18,true,1,
7290001594568,false,בירה בפחית קרלסברג (500 מל),החברה המרכזית להפצת משקאות בעמ,,"קרלסברג פחית 500 מ""ל",מיליליטרים,500.00,"100 מ""ל",false,1,9.20,1.84,true,1,
7290001594575,false,בירה בפחית רד טובורג (500 מל),החברה המרכזית להפצת משקאות בעמ,,"בירה טובורג 500 מ""ל",מיליליטרים,500.00,"100 מ""ל",false,1,9.20,1.84,true,1,
7290001594810,false,"בירה שחורה מאלטי בקב' מארז 330X6מ""ל",החברה המרכזית להפצת משקאות בעמ,,"שישיית מאלט 330 מ""ל",מיליליטרים,1980.00,"100 מ""ל",false,1,31.90,1.61,true,1,
7290001594858,false,מארז שישייה בירה טובורג רד (330x6 מל),החברה המרכזית להפצת משקאות בעמ,,טובורג רד שישייה בקב,מיליליטרים,1980.00,"100 מ""ל",false,1,32.90,1.66,true,1,
7290001594865,false,"שישייה בירה קרלסברג בקבוק 330 מ""ל",החברה המרכזית להפצת משקאות בעמ,,קרלסברג שישיה בקבוק,מיליליטרים,1980.00,"100 מ""ל",false,1,29.90,1.51,true,1,
7290001670408,false,נרות חימום בשקית 50 יח הנמל,הנמל אריזות ושיווק (1984) בעמ,,נרות חימום בשקית 50,Unknown,0.00,Unknown,false,1,15.60,15.60,true,1,
7290001670507,false,מלית תמרים פוליבה 450 ג',הנמל אריזות ושווק בעמ,,ממרח תמרים 450 גרם,גרמים,450.00,100 גרם,false,1,10.90,2.42,true,1,
7290001670873,false,"צלחות גדולות לבנות קשיח ח""פ הנמל 66יח'",הנמל אריזות ושיווק (1984) בעמ,,צלחות הנמל 1 קג,Unknown,0.00,Unknown,false,1,59.50,59.50,true,1,
7290001694459,false,תה ירוק מאצה יפני 50 גרם,,JP,תה ירוק מאצה יפני 50,Unknown,0.00,Unknown,false,1,44.90,44.90,true,1,
7290001710159,false,גולש עגל קפוא ארוז מ,לאטי עזרא גלם ודגים,,גולש עגל מעובד קפוא,Unknown,0.00,"ק""ג",true,0,61.00,61.00,true,1,
7290001780428,false,מאגדת גלידת לייט שוקולד נסטלה 6יח' 312ג',נגה גלידות שותפות מוגבלת,,מאגדת שישיית גלידיאט,גרמים,312.00,100 גרם,false,1,29.90,9.58,true,1,
7290001791349,false,אקונומיקה פיסגה ריחנית סנו (4 ליטר),החברה הדרומית לשיווק בעמ,,פסגה אקונומיקה 4 ליט,ליטרים,0.00,ליטר,false,1,9.90,9.90,true,1,
7290001791356,false,"פרש מבשם אויר אוטומטי בניחוח לבנדר סנו 250 מ""ל",החברה הדרומית לשיווק בעמ,,סנו פרש אוטומטיק לבנ,מיליליטרים,250.00,"100 מ""ל",false,1,14.90,5.96,true,1,
7290001791363,false,"מטהר אויר בניחוח וניל קוקוס מילוי סנו 250 מ""ל",החברה הדרומית לשיווק בעמ,,סנו פרש אוטומטיק וני,מיליליטרים,250.00,"100 מ""ל",false,1,14.90,5.96,true,1,
7290001791776,false,"סנו-די דוחה יתושים רול און עם אלוורה סנו 50 מ""ל",החב. הדרומית לשיווק,,סנו די רולאון פלוס,מיליליטרים,50.00,"100 מ""ל",false,1,20.90,41.80,true,1,
7290001817728,false,צ'יטוס אפוי כאפה בטעם קטשופ 55 גרם,"שטראוס פריטו ליי בע""\מ )",,ציטוס כאפה עידן הקרח,גרמים,55.00,100 גרם,false,1,3.50,6.36,true,1,
7290001826652,false,קצר מצקת לרוטב G.S,,,קצר מצקת לרוטב G.S,Unknown,0.00,Unknown,false,1,10.90,10.90,true,1,
7290001826676,false,קצר כף/מרדה לעוגה G.,,,קצר כף/מרדה לעוגה G.,Unknown,0.00,Unknown,false,1,10.90,10.90,true,1,
7290001829035,false,"מסננת רשת 20 ס""מ ידית לבנה",,,מסננת רשת 20 סמ ידית,Unknown,0.00,Unknown,false,1,29.90,29.90,true,1,
7290001835364,false,פרמיו חטיפי ברווז מובחרים,שחורי אריה ואנסטסיה,,פרמיו חטיפי ברווז מו,גרמים,100.00,100 גרם,false,1,16.90,16.90,true,1,
7290001835388,false,פרמיו חטיף סטריפס לכלב 85גר,שחורי אריה ואנסטסיה,,פרמיו סטריפס חטיף לכ,גרמים,85.00,100 גרם,false,1,12.90,15.18,true,1,
7290001865439,false,פמילי אל סבון נוזלי בניחוח וניל 1 ליטר,אף.סי תבליני בגליל ב,,פמילי אל סבון נוזלי,מיליליטרים,1000.00,"100 מ""ל",false,1,14.90,1.49,true,1,
7290001865453,false,פמילי לקשרי 1 ליטר לבנדר ארומטי+משאבה,מיוצר עי קונדיטוריית,,פמילי סבון נוזלי 1 ל,מיליליטרים,1000.00,"100 מ""ל",false,1,14.90,1.49,true,1,
7290001865460,false,סבון נוזלי פמלי לקשרי זר פרחים לבנים 1 ל,דנשר (1963) בעמ,TR,סבון גוף פמלי,מיליליטרים,1000.00,"100 מ""ל",false,1,14.90,1.49,true,1,
7290001881040,false,מלפפון ביביי כבוש במלח 600 גר`מאמא מרי,מאמא - מרי בעמ,IL,מלפפון בייבי 600 גרם,גרמים,600.00,100 גרם,false,1,31.50,5.25,true,1,
7290001881095,false,עגבניות שרי כבושות 5,מאמא מרי,,עגבניות שרי 1 קג,קילוגרמים,0.00,"ק""ג",false,1,29.50,29.50,true,1,
7290001881873,false,כרוב כבוש עם חמוציות 750 גר`מאמא מרי,מאמא - מרי בעמ,,כרוב עם חמוציות 1 קג,קילוגרמים,0.00,"ק""ג",false,1,20.90,20.90,true,1,
7290001901656,false,היימיש פיש הדג המיוחד 7 קציצות 600 גרם,נאמן לאורך זמן בעמ,,היימיש פיש הדג המיוח,גרמים,600.00,100 גרם,false,1,17.90,2.98,true,1,
7290001901670,false,גפילטע פיש דיאט 4 קציצות בצנצנת הדג המיוחד 670 גרם,דג טעים בעמ,,גפילטע פיש גולד ללא,גרמים,470.00,100 גרם,false,1,24.90,5.30,true,1,
7290001975992,false,"בירה ויינשטפן 330 מ""ל בקבוק",קרלסברג יבוא יצוא,,"בירה ויינשטפן 330 מ""",מיליליטרים,330.00,"100 מ""ל",false,1,14.50,4.39,true,1,
7290001990148,false,"סוכר גולדן קלאסי בצנצנת 1 ק""ג סוגת",האי נאם סי או אל.טי.,,סוכר גולדן קלאסי צנצ,גרמים,1000.00,100 גרם,false,1,12.90,1.29,true,1,
7290001990261,false,"חומוס סוגת 1 ק""ג","סוגת תעשיות בע""\מ",,"חומוס 1 ק""ג",גרמים,1000.00,100 גרם,false,1,14.90,1.49,true,1,
7290001990278,false,"שעועית לבנה 1 ק""ג סוגת","סוגת תעשיות בע""\מ",,"שעועית לבנה 1 ק""ג",גרמים,1000.00,100 גרם,false,1,20.90,2.09,true,1,
7290001990391,false,אפונה יבשה 1קג סוגת,"סוגת תעשיות בע""\מ",,"אפונה 1 ק""ג",גרמים,1000.00,100 גרם,false,1,12.90,1.29,true,1,
7290001990407,false,"עדשים ירוקות סוגת 1 ק""ג","סוגת תעשיות בע""\מ",,"עדשים ירוקים 1 ק""ג",גרמים,1000.00,100 גרם,false,1,15.60,1.56,true,1,
7290001990414,false,"עדשים אדומות סוגת 1 ק""ג","סוגת תעשיות בע""\מ",,"עדשים אדומים 1 ק""ג",גרמים,1000.00,100 גרם,false,1,15.60,1.56,true,1,
7290001990421,false,"פופקורן גרעינים סוגת 1 ק""ג","סוגת תעשיות בע""\מ",,"פופקורן 1 ק""ג",גרמים,1000.00,100 גרם,false,1,10.40,1.04,true,1,
7290001992081,false,קרפלך עגל 800 גרם,מעדני מניה תעשיות בש,,קרפלך עגל 800 גרם,גרמים,800.00,100 גרם,false,1,29.90,3.74,true,1,
7290001992203,false,קרפלך סיבירסקי 800 גרם,מעדני מניה תעשיות בש,,קרפלך סיבירסקי 800 ג,גרמים,800.00,100 גרם,false,1,29.90,3.74,true,1,
7290001992210,false,קרפלך רוסי 800 גרם,מעדני מניה תעשיות בש,,קרפלך רוסי 800 גרם,גרמים,800.00,100 גרם,false,1,29.90,3.74,true,1,
7290001992500,false,קרפלך ילדים 800 גר מניה,מעדני מניה תעשיות בש,,קרפלך ילדים 800 גר,גרמים,800.00,100 גרם,false,1,29.90,3.74,true,1,
7290002000136,false,שעווה לחימום במיקרוגל - דבש ופרופוליס,"ש. שוורץ )באר שבע( בע""\מ",,מגע המשי הדבש שעווה,גרמים,500.00,100 גרם,false,1,19.90,3.98,true,1,
7290002002857,false,"מגע הדבש, ניירות להסרת שיער בשעווה, 50 יחידות","איטיליאן פוד, אס.פי.",,מגע המשי נייר דבש 50,Unknown,0.00,Unknown,false,1,21.50,21.50,true,1,
7290002007036,false,כוסמת 500 גרם מרובע,הנמל אריזות ושיווק 1984 בע`מ,,כוסמת 500 גר,גרמים,500.00,100 גרם,false,1,8.20,1.64,true,1,
7290002007234,false,אבקת סוכר הנמל 100 גרם,הנמל אריזות ושיווק 1984 בע`מ,,אבקת סוכר 100 גרם,גרמים,100.00,100 גרם,false,1,1.80,1.80,true,1,
7290002007302,false,סוכריות לקישוט צבע אחיד 100 ג' הנמל,קריות זול,,מזרה צבע אחיד צנצנת,גרמים,100.00,100 גרם,false,1,7.10,7.10,true,1,
7290002007357,false,שקיות צליה דליקטס מיקרוגל הנמל 10 יח',הנמל אריזות ושיווק (1984) בעמ,,שקיות צליה 10 יחידות,Unknown,0.00,Unknown,false,1,5.50,5.50,true,1,
7290002007456,false,נר נשמה 144 שעות,,,נר נשמה 144 שעות,Unknown,0.00,Unknown,false,1,13.50,13.50,true,1,
7290002007852,false,"תמצית אפייה בטעמים שונים 55 מ""ל הנמל",הנמל אריזות ושיווק 1984 בע`מ,,תמציות לאפיה,Unknown,0.55,Unknown,false,1,4.20,7.64,true,1,
7290002007975,false,צלחות פלסטיק קטנות חד פעמיות 50 יח,הנמל אריזות ושיווק (1984) בעמ,IL,צלחות קטן 50 יח,Unknown,0.00,Unknown,false,1,13.50,13.50,true,1,
7290002007999,false,צלחות פלסטיק גדולות חד פעמיות 50 יח,הנמל אריזות ושיווק (1984) בעמ,IL,צלחות גדול 50 יח,Unknown,0.00,Unknown,false,1,18.50,18.50,true,1,
7290002008040,false,שיפודי במבוק הנמל 100 יחידות,הנמל אריזות ושיווק (1984) בעמ,,שיפודים 30 סמ,Unknown,0.00,Unknown,false,1,3.90,3.90,true,1,
7290002008187,false,קשים מתקפלים לשתיה הנמל 40 יחידות,הנמל אריזות ושיווק 1984 בע`מ,,קשים מתקפלים,Unknown,0.00,Unknown,false,1,1.70,1.70,true,1,
7290002008231,false,אציטון 100 מ``ל,הנמל אריזות ושווק בעמ,,אציטון 100 גר,גרמים,10.00,100 גרם,false,1,5.50,55.00,true,1,
7290002008347,false,קורנפלור 500 גרם הנמל,הנמל אריזות ושיווק (1984) בעמ,,קורנפלור 500 גרם,גרמים,500.00,100 גרם,false,1,6.80,1.36,true,1,
7290002008507,false,נייר אפיה הנמל 50 יחידות,הנמל אריזות ושיווק (1984) בעמ,,נייר אפיה 50 יחידות,Unknown,0.00,Unknown,false,1,8.90,8.90,true,1,
7290002008668,false,צמרוני כותנה ביוטי הנמל עגול 200 יחידות,הנמל אריזות ושיווק 1984 בע`מ,,צמרונים עגול 200 יח,Unknown,0.00,Unknown,false,1,5.50,5.50,true,1,
7290002008743,false,סוכר וניל עשירייה הנמל 100 גרם,הנמל אריזות ושיווק 1984 בע`מ,,סוכר וניל 10,גרמים,100.00,100 גרם,false,1,2.20,2.20,true,1,
7290002008750,false,אבקת אפיה עשירייה הנמל 100 גרם,הנמל אריזות ושיווק 1984 בע`מ,,אבקת אפיה 10 יח,גרמים,100.00,100 גרם,false,1,2.20,2.20,true,1,
7290002008934,false,סוכריות צבעוניות לקישוט לעוגה 200 גר,הנמל אריזות ושיווק (1984) בעמ,IL,סוכריות לקישוט צבעונ,גרמים,200.00,100 גרם,false,1,8.90,4.45,true,1,
7290002008989,false,קישקשים קשים לשתיה 225יח הנמל,הנמל אריזות ושיווק (1984) בעמ,,קשים 225 יח,Unknown,0.00,Unknown,false,1,11.40,11.40,true,1,
7290002019114,false,רוטב עגבניות מרוכז מאד 28-30BX פריניר,ח.כהן סוכנות מזון ומשקאות בע,,רוטב עגבניות % 28 פר,גרמים,560.00,100 גרם,false,1,6.90,1.23,true,1,
7290002019763,false,עגבניות מרוסקות 800ג פריניר ה.מכירה *,ח.כהן סוכנות מזון ומשקאות בע,,עגבניות מרוסקות 800,גרמים,800.00,100 גרם,false,1,6.70,0.84,true,1,
7290002019787,false,רוטב עגבניות מרוכז מאוד 260 גרם פריניר,ח.כהן סוכנות מזון ומשקאות בע,,רוטב עגבניות מרוכז מ,גרמים,260.00,100 גרם,false,1,3.90,1.50,true,1,
7290002019794,false,רוטב עגבניות מרוכז מאוד 100 גרם פריניר,ח.כהן סוכנות מזון ומשקאות בע,,רוטב עגבניות מרוכז מ,גרמים,100.00,100 גרם,false,1,1.90,1.90,true,1,
7290002026341,false,אריסטו קראנץ ציפס בטטה טוגנים 500גר,מוצרי איכות אמריקאיים בעמ,,ציפס בטטה פלאנק 500,גרמים,500.00,100 גרם,false,1,20.90,4.18,true,1,
7290002026358,false,אריסטו קראנץ צ`יפס בטטה זיגזג טוגנים 500,מוצרי איכות אמריקאיים בעמ,,ציפס בטטה קרינקל 500,גרמים,500.00,100 גרם,false,1,20.90,4.18,true,1,
7290002026365,false,טבעות בצל אריסטו קראנץ' 500 גרם,מוצרי איכות אמריקאיים בעמ,,טבעות בצל 500 גר,גרמים,500.00,100 גרם,false,1,14.60,2.92,true,1,
7290002026402,false,בראנץ אנד קראנץ בלינצס גבינה 350 גרם,מוצרי איכות אמריקאיים בעמ,,בלינצס גבינה בראנץ &,גרמים,350.00,100 גרם,false,1,17.20,4.91,true,1,
7290002026440,false,פרצלס בייגלה בראנץ אנד קראנץ 280 ג',מוצרי איכות אמריקאיים בעמ,,פרצלס שומשום בראנץ 2,גרמים,280.00,100 גרם,false,1,15.60,5.57,true,1,
7290002026587,false,וופל בלגי פרווה בראנץ אנד קראנץ 8 יח',מוצרי איכות אמריקאיים בעמ,,וופל בלגי קפוא 280 ג,גרמים,280.00,100 גרם,false,1,17.20,6.14,true,1,
7290002026778,false,גלידת שמנת בטעם וניל קרמל וחתיכות גביעי,מוצרי איכות אמריקאיים בעמ,,גלידה בן אנד גריס קו,מיליליטרים,500.00,"100 מ""ל",false,1,24.90,4.98,true,1,
7290002026884,false,מאגדת צאנקי מיקס בן&גריס *4,מוצרי איכות אמריקאיים בע,,מאגדת צאנקי מיקס בן&,Unknown,0.00,Unknown,false,1,29.50,29.50,true,1,
7290002026891,false,קוקי מיקס מאגדות -4מנות אישיות בטעמים שו,מוצרי איכות אמריקאיים בעמ,,מאגדת קוקי מיקס בן&ג,Unknown,0.00,Unknown,false,1,29.50,29.50,true,1,
7290002026914,false,"מאגדת קלאסיק מיקס בן וג'ירי 4*100 מ""ל",מוצרי איכות אמריקאיים בע,,מאגדת קלאסיק מיקס בן,Unknown,0.00,Unknown,false,1,29.50,29.50,true,1,
7290002026983,false,"גלידת מוופוריה בטעם שוקולד עם בצק עוגיות 500 ""ל",מוצרי איכות אמריקאיים בע,IL,בן&גריס שוקולד בצק ע,מיליליטרים,500.00,"100 מ""ל",false,1,24.90,4.98,true,1,
7290002037057,false,"לחם לבן פרוס ארוז ""ברמן"" - מוצר בפיקוח",מאפית י את א ברמן בע,,לחם לבן פרוס ודש,גרמים,500.00,100 גרם,false,1,6.10,1.22,true,1,
7290002037125,false,חלה פרוסה מאפיית ודש (500 גרם),מאפית י את א ברמן בע,,חלה פרוסה,גרמים,500.00,100 גרם,false,1,9.90,1.98,true,1,
7290002037194,false,לחם שחור מקמח מלא 750 גר,מאפית י את א ברמן בע,,לחם שחור קמח מלא 750,גרמים,750.00,100 גרם,false,1,13.90,1.85,true,1,
7290002037309,false,לחמניות המבורגר מאפיית ודש 8),מאפית י את א ברמן בע,,שמיניית לחמניות המבו,גרמים,300.00,100 גרם,false,1,12.50,4.17,true,1,
7290002037637,false,לחמניות הבית מתוקות מאפיית ודש) (4,מאפית י.את א. ברמן ב,,מארז 4 חליות מתוקות,גרמים,360.00,100 גרם,false,1,12.50,3.47,true,1,
7290002040019,false,קוסקוס רגיל מזון קוסקוס (350 גרם),הנמל אריזות ושיווק (1984) בעמ,,קוסקוס רגיל 350 גרם,גרמים,350.00,100 גרם,false,1,5.90,1.69,true,1,
7290002040064,false,קוסקוס דק להכנה מהירה בשקית 350 גרם,הנמל אריזות ושיווק (1984) בעמ,,קוסקוס דק 350 גרם,גרמים,350.00,100 גרם,false,1,5.90,1.69,true,1,
7290002040071,false,קוסקוס עבה להכנה קלה ומהירה 350 גרם,הנמל אריזות ושיווק (1984) בעמ,,קוסקוס עבה 350 גרם,גרמים,350.00,100 גרם,false,1,5.90,1.69,true,1,
7290002040088,false,קוסקוס מלא מזון קוסקוס (350 גרם),הנמל אריזות ושיווק (1984) בעמ,,קוסקוס מלא 350 גרם,גרמים,350.00,100 גרם,false,1,6.80,1.94,true,1,
7290002043065,false,אקסטרה פריכיות אורז חום מלא בציפוי שוקולד מריר 70 גרם,א.ל.ייצור ושיווק תבלינים בעמ,,פריכוני אורז חום מלא,גרמים,70.00,100 גרם,false,0,8.90,12.71,true,1,
7290002043072,false,אקסטרה פריכיות אורז חום מלא בציפוי שוקולד חלב 70 גרם,א.ל.ייצור ושיווק תבלינים בעמ,,פריכוני אורז חום מלא,גרמים,70.00,100 גרם,false,0,8.90,12.71,true,1,
7290002043096,false,אקסטרה פריכוני אורז בציפוי שוקולד לבן בלגי,א.ל.ייצור ושיווק תבלינים בעמ,,פריכוני אורז חום מלא,גרמים,70.00,100 גרם,false,0,8.90,12.71,true,1,
7290002043102,false,אקסטרה פריכיות אורז חום מלא 7 זרעי על 200 גרם,א.ל.ייצור ושיווק תבלינים בעמ,BG,פריכיות 7 זרעי על אר,גרמים,200.00,100 גרם,false,0,15.90,7.95,true,1,
7290002043218,false,אקסטרה צ'יפס אורז חום מלא מלח 60 גרם,א.ל ייצור ושיווק תבלינים בעמ,BG,ציפס אורז חום מלא מל,Unknown,0.00,Unknown,false,0,6.90,6.90,true,1,
7290002043331,false,אקסטרה צ'יפס אורז חום מלא כוסמת 60 גרם,א.ל.ייצור ושיווק תבלינים בעמ,BG,ציפס אורז חום מלא כו,גרמים,60.00,100 גרם,false,0,7.90,13.17,true,1,
7290002043348,false,ציפס אורז חום מלא צי'ה וקינואה אקסטרא 60 ג',א.ל.ייצור ושיווק תבלינים בעמ,BG,ציפס אורז חום מלא צי,גרמים,60.00,100 גרם,false,0,7.90,13.17,true,1,
7290002043386,false,ציפס אורז חום מלא שעועית מש 60 גרם,,BG,ציפס אורז חום מלא שע,גרמים,60.00,100 גרם,false,0,7.90,13.17,true,1,
7290002043829,false,אקסטרה פריכיות אורז חום מלא מהרי ההימלאיה 200 גרם,א.ל.ייצור ושיווק תבלינים בעמ,BG,פריכיות מלח הימלאיה,גרמים,200.00,100 גרם,false,0,15.90,7.95,true,1,
7290002043874,false,חטיף אורז אקסטרה קרמל בציפוי שוקולד לבן,א.ל ייצור ושיווק תבלינים בעמ,,באר אקסטרה קרמל מ.שו,גרמים,90.00,100 גרם,false,1,12.90,14.33,true,1,
7290002053101,false,אטריות ביצים בינוניות מספר 12 אוריינט 200 גרם,פ.פ.ח טאביט,,אטריות ביצים 12 200,גרמים,200.00,100 גרם,false,1,8.60,4.30,true,1,
7290002053118,false,אטריות ביצים עבות מספר 14 אוריינט 200 גרם,האי נאם סי או אל.טי.,,אטריות ביצים 14 200,גרמים,200.00,100 גרם,false,1,8.60,4.30,true,1,
7290002053354,false,אטריות נודלס סיני להקפצה אוריינט 300 גרם,טאביט ספ.ז.או.או,,נודלס אטריות להקפצה,גרמים,300.00,100 גרם,false,1,13.90,4.63,true,1,
7290002053538,false,נודלס בסגנון תאילנדי 25 תוספת אוריינטל 500 גרם,גורי מוצרי צריכה (1991) בעמ,PL,נודלס תאילנדי אורינט,גרמים,500.00,100 גרם,false,1,13.90,2.78,true,1,
7290002057031,false,זיתים מבוקעים פיקנטי קבוצת יבנה 340 גרם,"קבוצת יבנה מוצרי מזון בע""מ",,זית מבוקע פיקנטי 540,גרמים,540.00,100 גרם,false,1,9.90,1.83,true,1,
7290002057048,false,זית סורי מתובל בשמן קבוצת יבנה 560 גרם,"קבוצת יבנה מוצרי מזון בע""מ",,זית סורי מבוקע יבנה,גרמים,540.00,100 גרם,false,1,12.50,2.31,true,1,
7290002057093,false,זיתים מנזנילו גדול קבוצת יבנה 340 גרם,"קבוצת יבנה מוצרי מזון בע""מ",,זית מנזנילו גדול 540,גרמים,540.00,100 גרם,false,1,9.50,1.76,true,1,
7290002057123,false,זיתים ירוקים מנזנילו קבוצת יבנה 560 גרם,קבוצת יבנה מוצרי מזון אגודה שי,,חרוזית ירוק יבנה 540,גרמים,540.00,100 גרם,false,1,9.60,1.78,true,1,
7290002057185,false,טבעות זיתים ירוקים קבוצת יבנה 560 גרם,קבוצת יבנה מוצרי מזון אגודה שי,,טבעות זיתים ירוקים,גרמים,540.00,100 גרם,false,1,9.90,1.83,true,1,
7290002057352,false,מלפפונים במלח ‏9‏-‏7‏ קבוצת יבנה 320 גרם,"קבוצת יבנה מוצרי מזון בע""מ",,מלפפון מלח יבנה 7-9,גרמים,540.00,100 גרם,false,1,6.90,1.28,true,1,
7290002057369,false,מלפפונים במלח ‏12‏-‏10‏ קבוצת יבנה 320 גרם,"קבוצת יבנה מוצרי מזון בע""מ",,מלפפון במלח יבנה 10-,גרמים,540.00,100 גרם,false,1,7.90,1.46,true,1,
7290002057376,false,מלפפונים במלח ‏17‏-‏13‏ קבוצת יבנה 320 גרם,"קבוצת יבנה מוצרי מזון בע""מ",,מלפפון במלח יבנה 13-,גרמים,540.00,100 גרם,false,1,9.90,1.83,true,1,
7290002057383,false,מלפפון יבנה במלח קטנים מאוד 18-25 320 גר יבנה,"קבוצת יבנה מוצרי מזון בע""מ",,מלפפון במלח 18-25 יב,גרמים,540.00,100 גרם,false,1,12.90,2.39,true,1,
7290002057451,false,מלפפונים בחומץ ‏9‏-‏7 קבוצת יבנה 290 גרם,קבוצת יבנה מוצרי מזון אגודה שי,,מלפפון בחומץ יבנה 7-,גרמים,540.00,100 גרם,false,1,6.90,1.28,true,1,
7290002057468,false,מלפפון יבנה בחומץ בינוניים 10-12 290 גרם,"קבוצת יבנה מוצרי מזון בע""מ",,מלפפון בחומץ יבנה 10,גרמים,540.00,100 גרם,false,1,7.90,1.46,true,1,
7290002057475,false,מלפפונים בחומץ ‏17‏-‏13 קבוצת יבנה 290 גרם,קבוצת יבנה מוצרי מזון אגודה שי,,מלפפון בחומץ יבנה 13,גרמים,540.00,100 גרם,false,1,9.90,1.83,true,1,
7290002057482,false,מלפפונים קטנים בחומץ קבוצת יבנה 560 גרם,קבוצת יבנה מוצרי מזון אגודה שי,,מלפפון בחומץ 18-25 י,גרמים,540.00,100 גרם,false,1,12.90,2.39,true,1,
7290002057604,false,פלפל חריף שיפקה קבוצת יבנה (540 גרם),קבוצת יבנה מוצרי מזון אגודה שי,,שימורי שיפקה יבנה 54,גרמים,540.00,100 גרם,false,1,6.60,1.22,true,1,
7290002057628,false,זיתים מושחרים טבעות קבוצת יבנה (540 גרם),קבוצת יבנה מוצרי מזון אגודה שי,,טבעות זיתים מושחר יב,גרמים,540.00,100 גרם,false,1,9.90,1.83,true,1,
7290002057734,false,זיתים חרוזית מושחר קבוצת יבנה 275 גרם,קבוצת יבנה מוצרי מזון בעמ,,זית חרוזית שחור יבנה,גרמים,540.00,100 גרם,false,1,9.90,1.83,true,1,
7290002073505,false,מנצגו כבשים דותן במשקל,,,מנצגו כבשים דותן,גרמים,0.00,"ק""ג",true,0,195.00,195.00,true,1,
7290002073628,false,גאודה אגוזים הולנדי במשקל,,,גאודה אגוזים הולנדי,Unknown,0.00,"ק""ג",true,0,145.00,145.00,true,1,
7290002073635,false,גאודה פסטו הולנדי במשקל,,,גאודה פסטו הולנדי במ,Unknown,0.00,"ק""ג",true,0,132.00,132.00,true,1,
7290002073680,false,גבינה קברה ביין ספרדי עיזים במשקל,,,גבינה קברה ביין ספרד,Unknown,0.00,"ק""ג",true,0,210.00,210.00,true,1,
7290002073864,false,תום כבשים דותן במשקל,,,תום כבשים דותן במשקל,Unknown,0.00,"ק""ג",true,0,187.00,187.00,true,1,
7290002075219,false,בונבוניירה אייסקונפק,,,אייסקונפקט 500 גרם,גרמים,500.00,100 גרם,false,1,31.50,6.30,true,1,
7290002075233,false,שוקולד אייסקונפקט 250 גרם,שוקוטרייד בעמ,,אייסקונפקט 250 גרם,גרמים,250.00,100 גרם,false,1,17.70,7.08,true,1,
7290002079033,false,לחם דגנים לייט פרוס 500 גרם,מאפיית דוידוביץ ובניו בע,,לחם דגנים לייט פרוס,גרמים,500.00,100 גרם,false,1,13.90,2.78,true,1,
7290002079361,false,לחמניות המבורגר חתוך 6+2*60 ג',מאפיית דוידוביץ ובני,,המבורגר חתוך 60 גרם,גרמים,480.00,100 גרם,false,1,13.90,2.90,true,1,
7290002079477,false,לחם אחיד פרוס דוידוב,מאפיית דוידוביץ ובניו בע,,לחם אחיד פרוס 750 גר,גרמים,750.00,100 גרם,false,1,7.11,0.95,true,1,
7290002079927,false,לחם דגנים מלא דוידוב,מאפיית דוידוביץ ובני,,לחם דגנים קמח מלא,גרמים,750.00,100 גרם,false,1,14.90,1.99,true,1,
7290002079996,false,לחם אחיד קל פרוס 750 גרם,מאפיית דוידוביץ ובני,,לחם אחיד קל פרוס 750,גרמים,750.00,100 גרם,false,1,13.90,1.85,true,1,
7290002107071,false,גבינת פטה עיזים מעודנת 16% משק צוריאל 200 גרם,החברה המרכזית טלהפצת משקאות בע,,פטה עיזים מעודנת 16%,גרמים,200.00,100 גרם,false,1,26.90,13.45,true,1,
7290002107385,false,גליל גבינת עיזים מה עז משק צוריאל 180 גרם,החברה המרכזית טלהפצת משקאות בע,,עז מה גבינת עיזים,גרמים,180.00,100 גרם,false,1,24.90,13.83,true,1,
7290002107491,false,גבינה לבנה מחלב עיזים למריחה 5% משק צוריאל 250 גרם,*החברה המרכזית להפצת משקאותבעמ,,גבינת עיזים למריחה 5,גרמים,250.00,100 גרם,false,1,16.90,6.76,true,1,
7290002107798,false,גבינה בולגרית מעודנת 5% משק צוריאל 250 גרם,*החברה המרכזית להפצת משקאותבעמ,,בולגרית בקר 5% בגביע,גרמים,250.00,100 גרם,false,1,24.90,9.96,true,1,
7290002130567,false,דבש דבורים טהור פרחי בר יד מרדכי 350 גרם,מכוורת יד מרדכי שטראוס ב,,דבש טהור יד מרדכי 35,גרמים,350.00,100 גרם,false,1,18.90,5.40,true,1,
7290002130574,false,דבש טהור מפרחי בר בזכוכית 500 ג' יד מרדכי,מכוורת יד מרדכי שטראוס ב,,דבש טהור יד מרדכי500,גרמים,500.00,100 גרם,false,1,24.70,4.94,true,1,
7290002130581,false,דבש טהור מפרחי בר יד מרדכי (1 קג),מכוורת יד מרדכי שטראוס ב,IL,דבש טהור יד מרדכי 1,גרמים,1000.00,100 גרם,false,1,42.90,4.29,true,1,
7290002132011,false,עוגיות מזרחיות עם שומשום עבאדי (400 גר),מאפיית יוסף ושמחה עבאדי,,עבאדי עוגיות מזרחיות,גרמים,400.00,100 גרם,false,1,18.90,4.73,true,1,
7290002133032,false,פתיתי קשקבל 29% גבינות השומרון 300 גרם,"מחלבת השומרון בע""מ",,פתיתי קשקבל 300 גרם,גרמים,300.00,100 גרם,false,1,30.50,10.17,true,1,
7290002133162,false,גבינה בולגרית 5% גבינות השומרון 250 גרם,מחלבת שומרון בעמ`,,בולגרית % 5 בגביע 25,גרמים,200.00,100 גרם,false,1,19.50,9.75,true,1,
7290002133506,false,יוגורט של פעם חלב עיזים 4% גבינות השומרון 400 גרם,מחלבת השומרון,,יוגורט של פעם חלב עי,גרמים,400.00,100 גרם,false,1,11.90,2.98,true,1,
7290002133520,false,יוגורט של פעם 3% גבינות השומרון 400 גרם,מחלבת השומרון,,"יוגורט של פעם 400 מ""",מיליליטרים,400.00,"100 מ""ל",false,1,11.40,2.85,true,1,
7290002133537,false,יוגורט של פעם חלב עיזים 4% גבינות השומרון 180 גרם,מחלבת השומרון,,יוגורט של פעם עיזים,גרמים,180.00,100 גרם,false,1,6.20,3.44,true,1,
7290002133575,false,יוגורט של פעם חלב כבשים 5% גבינות השומרון 400 גרם,מחלבת השומרון,,יוגורט של פעם חלב כב,גרמים,400.00,100 גרם,false,1,11.90,2.98,true,1,
7290002133612,false,"יוגורט יווני אותנטי 8% גבינות השומרון 180 מ""ל",מחלבת שומרון בעמ`,,יוגורט יווני אותנטי,גרמים,180.00,100 גרם,false,1,6.00,3.33,true,1,
7290002133643,false,גבינת פטה צאן 22% גבינות השומרון 200 גרם,מחלבת השומרון,,פטה צאן 200 גרם בגבי,גרמים,200.00,100 גרם,false,1,16.90,8.45,true,1,
7290002133858,false,גבינה בולגרית צאן 18% גבינות השומרון 250 גרם,מחלבת השומרון,,בולגרית צאן 250 גרם,גרמים,250.00,100 גרם,false,1,22.90,9.16,true,1,
7290002190141,false,ריבת חלב 450 גר`גלעם קומידה,תומר יבוא ושיווק מוצרי מזון (1,,ריבת חלב בצנצנת 450,גרמים,450.00,100 גרם,false,1,13.90,3.09,true,1,
7290002190516,false,"ריבת חלב גלעם-קומידה 500ג' 12X-כשל""פ",תומר יבוא ושיווק מוצרי מזון (1,,ממרח ריבת חלב 500 גר,גרמים,500.00,100 גרם,false,1,13.90,2.78,true,1,
7290002204220,false,אוכמניות,,,אוכמניות,Unknown,0.00,Unknown,false,1,17.90,17.90,true,1,
7290002208129,false,השומרון גבינת חלומי כבשים 250ג,,,חלומי כבשים דותן 250,גרמים,250.00,100 גרם,false,1,37.90,15.16,true,1,
7290002208464,false,"גבינת קשקבל תוצרת הארץ כבשים קרטונית, 200 גרם",,,קשקבל כבשים משק דותן,גרמים,200.00,100 גרם,false,1,40.90,20.45,true,1,
7290002208471,false,פיקורינו כבשים משק דותן 200 גרם,משק דותן,,פיקורינו כבשים משק ד,גרמים,200.00,100 גרם,false,1,34.90,17.45,true,1,
7290002208488,false,מנצגו כבשים משק דותן 200 גרם,,,מנצגו כבשים משק דותן,גרמים,200.00,100 גרם,false,1,40.90,20.45,true,1,
7290002208495,false,דותן תום כבשים מיושן 200 ג',משק דותן,,תום כבשים משק דותן 2,גרמים,200.00,100 גרם,false,1,34.90,17.45,true,1,
7290002208532,false,"גבינת צ'דר כבשים קרטונית, 200 גרם",,,צדר כבשים משק דותן 2,גרמים,200.00,100 גרם,false,1,40.90,20.45,true,1,
7290002232964,false,ציפוי לשניצל פז טחון דק 500 גרם דגש,נטורפוד בעמ,,צפוי פז טחון דק 600,גרמים,600.00,100 גרם,false,1,33.50,5.58,true,1,
7290002232995,false,ציפוי פז דגש 500גר ללא גלוטן.,נטורפוד בעמ,,ציפוי פז דגש 500 גרם,גרמים,500.00,100 גרם,false,1,32.90,6.58,true,1,
7290002253006,false,שום טרי כתוש צנצנת דורות 200 גרם,קבוצת אוסם סחר-שות.מוגבלת,,שום כתוש בצנצנת 200,גרמים,200.00,100 גרם,false,1,16.90,8.45,true,1,
7290002253105,false,שום במגשית 20 שיניים כתושות קפוא 80,קבוצת אוסם סחר-שות.מוגבלת,,מגשית שום טרי דורות,גרמים,80.00,100 גרם,false,1,12.90,16.13,true,1,
7290002253150,false,קוביות בזיליקום קצוץ דורות 70 גרם,קבוצת אוסם סחר שותפות מוגבלת,,מגשית בזיליקום דורות,גרמים,70.00,100 גרם,false,1,12.50,17.86,true,1,
7290002253167,false,פטרוזיליה טרייה קצוצה מוקפאת 70 גרם,קבוצת אוסם סחר שותפות מוגבלת,,מגשית פטרוזיליה דורו,גרמים,70.00,100 גרם,false,1,12.50,17.86,true,1,
7290002253181,false,כוסברה טרייה קצוצה 20 קוביות 70 גרם קפוא,קבוצת אוסם סחר שותפות מוגבלת,,מגשית כוסברה דורות 7,גרמים,70.00,100 גרם,false,1,12.50,17.86,true,1,
7290002253198,false,ג'ינג'ר טרי כתוש במגשית 70 ג' דורות,קבוצת אוסם סחר-שות.מוגבלת,,מגשית גינגר כתוש קפו,גרמים,70.00,100 גרם,false,1,13.50,19.29,true,1,
7290002253235,false,דורות רוטב פסטו דורות,קבוצת אוסם סחר שותפות מוגבלת,,דורות רוטב פסטו 160,גרמים,160.00,100 גרם,false,1,15.60,9.75,true,1,
7290002253259,false,דורות רוטב עגבניות בזיליקום 160 גרם,עיצובים 2020 (3.8),,דורות רוטב עגבניות ב,גרמים,160.00,100 גרם,false,1,15.60,9.75,true,1,
7290002253310,false,דורות שום צילי חריף קוביות תערובת 80 גר,קבוצת אוסם סחר שותפות מוגבלת,IL,קוביות שום צילי חריף,גרמים,80.00,100 גרם,false,1,13.50,16.88,true,1,
7290002253495,false,קוביות תבל לטחינה ביתית וזעתר דורות 70גר,קבוצת אוסם סחר שותפות מוגבלת,IL,קוביות תבל לטחינה בי,גרמים,70.00,100 גרם,false,1,11.90,17.00,true,1,
7290002259640,false,דיימונד רדיד אלומיניום צר 30 ס''מ 7.5 מ'-,ריינולדס מוצרי צריכה,,דיימונד רדיד אלומיני,מטרים,7.50,מטר,false,1,12.50,1.67,true,1,
7290002259657,false,"דייאמונד רדיד אלומיניום צר 30 ס""מ ארוך פי 3, 22.5 מ'",גורי ע.ע.ע. בע`מ,,דיאמונד רדיד אלומיני,מטרים,22.50,מטר,false,1,31.50,1.40,true,1,
7290002263562,false,מיץ לימון משומר( 200 מל)תבליני מימון,א.ל.ייצור ושיווק תבלינים בעמ,,מיץ לימון משומר 200,מיליליטרים,200.00,"100 מ""ל",false,0,6.90,3.45,true,1,
7290002263661,false,מיץ לימון 100% טבעי( 250 מל) תבליני מ,א.ל.ייצור ושיווק תבלינים בעמ,IT,מיץ לימון 100% טבעי,מיליליטרים,250.00,"100 מ""ל",false,0,7.50,3.00,true,1,
7290002291046,false,המבורגר מסעדות 480 גרם הקצביה בלדי,יוליניבר,,המבורגר מסעדות 480 ג,גרמים,480.00,100 גרם,false,1,26.90,5.60,true,1,
7290002304203,false,קונפיטורה ביתית תות לייט 600 גר,ענבי ציון,,קונפיטורה ביתית תות,גרמים,600.00,100 גרם,false,1,31.50,5.25,true,1,
7290002304227,false,קונפיטורה ביתית דובדבן חמוציות לייט 600,ענבי ציון,,קונפיטורה ביתית דובד,גרמים,600.00,100 גרם,false,1,31.50,5.25,true,1,
7290002304241,false,קונפיטורה ביתית פירות יער לייט 600 גר,ענבי ציון,,קונפיטורה ביתית פירו,גרמים,600.00,100 גרם,false,1,31.50,5.25,true,1,
7290002304418,false,"מעדן ענבי ציון אוכמניות 1.2 ק""ג",ענבי ציון,,מעדן ענבי ציון אוכמנ,קילוגרמים,0.00,"ק""ג",false,1,31.50,31.50,true,1,
7290002304425,false,מעדן ענבי ציון דובדבן 1.2 קג,ענבי ציון,,מעדן ענבי ציון דובדב,קילוגרמים,0.00,"ק""ג",false,1,31.50,31.50,true,1,
7290002304463,false,מעדן ענבי ציון פרי היער1.2 קג,ענבי ציון,,מעדן ענבי ציון פרי ה,קילוגרמים,0.00,"ק""ג",false,1,31.50,31.50,true,1,
7290002304487,false,"מעדן ענבי ציון אוכמניות 1.2 ק""ג",ענבי ציון,,מעדן ענבי ציון אוכמנ,קילוגרמים,0.00,"ק""ג",false,1,31.50,31.50,true,1,
7290002304609,false,קונפיטורה ביתי ענבי ציון תות 600 גרם,ענבי ציון,IL,קונפיטורה ביתי ענבי,גרמים,600.00,100 גרם,false,1,19.90,3.32,true,1,
7290002304616,false,קונפיטורה ביתית ענבי ציון משמש 600 גרם,ענבי ציון,IL,קונפיטורה ביתי ענבי,גרמים,600.00,100 גרם,false,1,19.90,3.32,true,1,
7290002304623,false,קונפיטורה ביתי ענבי ציון פירות יער 600 גר,ענבי ציון,IL,קונפיטורה ביתי ענבי,גרמים,600.00,100 גרם,false,1,19.90,3.32,true,1,
7290002304630,false,קונפיטורה ביתי ענבי ציון דובדבן 600 גרם,ענבי ציון,IL,קונפיטורה ביתי ענבי,גרמים,600.00,100 גרם,false,1,19.90,3.32,true,1,
7290002304661,false,קונפיטורה ביתי ענבי ציון אוכמניות 600 גרם,ענבי ציון,IL,קונפיטורה ביתי ענבי,גרמים,600.00,100 גרם,false,1,19.90,3.32,true,1,
7290002304692,false,קונפיטורה ענבי ציון חמוציות ודובדבן 600,ענבי ציון,IL,קונפיטורה ענבי ציון,גרמים,600.00,100 גרם,false,1,19.90,3.32,true,1,
7290002320463,false,מעדן תות שדה 100% פרי ל.ת.סוכר בית יצחק 284ג',בית יצחק,,"מעדן תות שדה ללת""ס 1",גרמים,284.00,100 גרם,false,1,17.90,6.30,true,1,
7290002320487,false,מעדן משמש 100% פרי ל.ת.סוכר בית יצחק 284ג',בית יצחק,,"מעדן משמש ללת""ס 100%",גרמים,284.00,100 גרם,false,1,17.90,6.30,true,1,
7290002320548,false,מעדן אוכמניות 100% פרי ל.ת.סוכר בית יצחק 284ג',בית יצחק,,"מעדן אוכמניות ללת""ס",גרמים,284.00,100 גרם,false,1,17.90,6.30,true,1,
7290002331025,false,"מים מינרלים נביעות ספורט 500 מ""ל פקדון",החברה המרכזית להפצת משקאות בעמ,,"נביעות 500 מ""ל",מיליליטרים,500.00,"100 מ""ל",false,1,5.90,1.18,true,1,
7290002331094,false,"מים מינרליים GO TO נביעות 755 מ""ל",החברה המרכזית להפצת משקאות בעמ,,"נביעות בודד 755 מ""ל",מיליליטרים,755.00,"100 מ""ל",false,1,5.20,0.69,true,1,
7290002331124,false,נביעות+ מים מינרליים בטעם תפוח,החברה המרכזית להפצת משקאות בעמ,,מים נביעות בטעם תפוח,מיליליטרים,500.00,"100 מ""ל",false,1,7.90,1.58,true,1,
7290002331155,false,מים נביעות בטעם אפרסק 0.5 ליטר,החברה המרכזית להפצת משקאות בעמ,,מים נביעות בטעם אפרס,מיליליטרים,500.00,"100 מ""ל",false,1,7.90,1.58,true,1,
7290002331360,false,"נביעות מים מינרליים טו גו מארז 500X6מ""ל",החברה המרכזית להפצת משקאות בעמ,,שישיית מים נביעות,מיליליטרים,3000.00,"100 מ""ל",false,1,14.90,0.50,true,1,
7290002331421,false,"שישיית מים מינרליים GO TO נביעות 755 מ""ל",החברה המרכזית להפצת משקאות בעמ,,"שישיית נביעות 755 מ""",מיליליטרים,4530.00,"100 מ""ל",false,1,16.90,0.37,true,1,
7290002331476,false,"נביעות בייבי מים מינרלים 250מ""ל",החברה המרכזית להפצת משקאות בע,,מים נביעות בייב 330,מיליליטרים,250.00,"100 מ""ל",false,1,2.90,1.16,true,1,
7290002331483,false,נביעות מים מינרלים שישיה בייבי 330 מ`ל,החברה המרכזית להפצת משקאות בעמ,,שישיית מים נביעות בי,מיליליטרים,1980.00,"100 מ""ל",false,1,14.50,0.73,true,1,
7290002331711,false,נביעות מים מינרלים בטעם ענבים0.5ליטר,החברה המרכזית להפצת משקאות בעמ,,מים נביעות בטעם ענבי,מיליליטרים,500.00,"100 מ""ל",false,1,7.90,1.58,true,1,
7290002333098,false,חומוס גרגירים אורגני 500 גרם - הרדוף,אול אורגני בעמ,,חומוס אורגני 500 גר,גרמים,500.00,100 גרם,false,1,10.90,2.18,true,1,
7290002333456,false,גריסי פנינה אורגני הרדוף 500 גרם,אול אורגני,,גריסי פנינה אורגני,גרמים,500.00,100 גרם,false,1,9.90,1.98,true,1,
7290002333463,false,שעועית מש אורגני הרדוף 500 גרם,אול אורגני,,שעועית מש אורגנית 50,גרמים,500.00,100 גרם,false,1,15.90,3.18,true,1,
7290002333500,false,עדשים אדומות אורגני 500 גרם - הרדוף,אול אורגני,,עדשים אדומים 500 גר,גרמים,500.00,100 גרם,false,1,11.90,2.38,true,1,
7290002333982,false,שעועית לבנה אורגנית הרדוף 500 גרם,אול אורגני,,שעועית לבנה אורגנית,גרמים,500.00,100 גרם,false,1,15.90,3.18,true,1,
7290002349006,false,קוטל תיקן פיתיון ג'ל להדברת תיקנים 5 גר,סיקמקס בעמ,IL,קוטל תיקנים פיתיון ג,גרמים,5.00,100 גרם,false,1,42.90,858.00,true,1,
7290002349013,false,אנט ג'ל פיתיון להדברת נמלים 5 גר,סיקמקס בעמ,IL,גל פיתיון אנט להדברת,גרמים,5.00,100 גרם,false,1,42.90,858.00,true,1,
7290002353836,false,סרדינים רוברט בשמן זית 115 גרם,קונסרבס פורטוגל נורטה,,סרדינים רוברט בשמן,גרמים,120.00,100 גרם,false,1,8.90,7.42,true,1,
7290002360124,false,חליטת צמחים ורד הבר והיביסקוס פומפדור 20 יחידות,ש.שסטוביץ בעמ,,תה פומפדור ורד בר+הי,Unknown,0.00,Unknown,false,1,18.80,18.80,true,1,
7290002360285,false,חליטת צמחים פומפדור קמומיל 20 יחידות,ש. שסטוביץ בע`מ,,תה חליטת קמומיל 20 י,Unknown,0.00,Unknown,false,1,18.80,18.80,true,1,
7290002371526,false,דקניקים סלסולי פסטרמה שום וצילי פיקנטי טירת צבי 120 גרם,תנובה מרכז שיתופי לשיווק תוצרת,,סלסולי פסטרמה שום,גרמים,120.00,100 גרם,false,1,14.90,12.42,true,1,
7290002371533,false,דקניקים סלסולי פסטרמה דבש טירת צבי 120 גרם,תנובה מרכז שיתופי לשיווק תוצרת,,סלסולי פסטרמה ודבש 1,גרמים,120.00,100 גרם,false,1,14.90,12.42,true,1,
7290002371540,false,דקניקים קורנדביף ללא גלוטן טירת צבי 120 גרם,תנובה מרכז שיתופי לשיווק תוצרת,,קורנביף 120 גר,גרמים,120.00,100 גרם,false,1,14.90,12.42,true,1,
7290002371571,false,פסטרמה פרגיות לבאגט במשקלטירת צבי,טירת- צבי,,פסטרמה פרגיות לבאגט,Unknown,0.00,"ק""ג",true,0,85.00,85.00,true,1,
7290002371854,false,נקניקיות עוף חריפות טירת צבי 2 * 500 גרם,תנובה מרכז שיתופי לשיווק תוצרת,,נקניקיות חריפות 1 קג,קילוגרמים,0.00,"ק""ג",false,1,22.90,22.90,true,1,
7290002374268,false,שמן חמניות מזוכך ללא כולסטרול 1 ליטר,סוגת תעשיות בעמ,,שמן חמניות 1 ליטר,מיליליטרים,1000.00,"100 מ""ל",false,1,12.50,1.25,true,1,
7290002374312,false,שמן קנולה מזוכך 6% מילומור (1 ליטר),"נארז ע""י : א.ג. גילר",,שמן קנולה 1 ליטר,מיליליטרים,1000.00,"100 מ""ל",false,1,10.90,1.09,true,1,
7290002374640,false,שמן בריאות קנולה פלוס אומגה 3 עץ הזית 1 ליטר,סוגת תעשיות בעמ,,שמן קנולה פלוס אומגה,מיליליטרים,1000.00,"100 מ""ל",false,1,16.90,1.69,true,1,
7290002408161,false,גבינה הולנדיה קרם 235ג',,NL,הולנדית קרם 235 גר,גרמים,235.00,100 גרם,false,1,16.70,7.11,true,1,
7290002408178,false,ינטר קרם 235 גרם,,NL,ינטר קרם 235 גרם,גרמים,235.00,100 גרם,false,1,16.70,7.11,true,1,
7290002408352,false,מולוצניק לטבייסקי 275 גר,,,גבינת מולוצניק,גרמים,275.00,100 גרם,false,0,12.90,4.69,true,1,
7290002408376,false,גבינה פטה צאן יווני 200 גר,,,גבינה פטה צאן יווני,גרמים,200.00,100 גרם,false,0,24.90,12.45,true,1,
7290002408468,false,"איירן 300 מ""ל",,IL,"איירן 300 מ""ל",מיליליטרים,300.00,"100 מ""ל",false,0,6.20,2.07,true,1,
7290002408505,false,גבינת לטבייסקי ממרח בסיס על שמנת 350 גרם,,LV,גבינת לטבייסקי ממרח,גרמים,350.00,100 גרם,false,0,10.40,2.97,true,1,
7290002408840,false,מוצרלה איטלקית במשקל,,,מוצרלה איטלקית במשקל,Unknown,0.00,"ק""ג",true,0,90.00,90.00,true,1,
7290002410713,false,קישקע- מעדני הטלה מוביל,לאטי עזרא גלם ודגים,,קישקע 500 גרם קפוא,גרמים,500.00,100 גרם,false,1,14.90,2.98,true,1,
7290002421115,false,כדורי לאבנה בקר 400 גרם,מחלבת גדות,,כדורי לאבנה בקר 400,גרמים,400.00,100 גרם,false,1,33.90,8.48,true,1,
7290002421122,false,כדורי לאבנה עיזים 200 גרם,מחלבת גדות,,כדורי לאבנה עיזים,גרמים,200.00,100 גרם,false,1,39.90,19.95,true,1,
7290002421153,false,גבינת חלומי תרשיחא 180 גרם,מחלבת גדות,,גבינת חלומי תרשיחא 1,גרמים,180.00,100 גרם,false,1,24.90,13.83,true,1,
7290002421177,false,גבינת תום היידי בת ההרים 170 גרם,מחלבת גדות,,גבינת תום היידי,גרמים,170.00,100 גרם,false,1,33.20,19.53,true,1,
7290002421184,false,היידי בת הרים ביין 160 גרם - גבינות הגולן,מחלבת גדות,,גבינת תום ביין היידי,גרמים,165.00,100 גרם,false,1,36.60,22.18,true,1,
7290002421399,false,גבינת גאודה צילי 200 גרם,מחלבת גדות,,גבינת גאודה צילי 200,גרמים,200.00,100 גרם,false,1,24.90,12.45,true,1,
7290002421610,false,גבינת פרמזן 200 גרם,מחלבת גדות,,גבינת פרמזן 200 גרם,גרמים,200.00,100 גרם,false,1,37.70,18.85,true,1,
7290002448280,false,חטיף נקניקיות עוף 100גרם,שחורי אריה ואנסטסיה,,חטיף נקניקיות עוף 10,גרמים,100.00,100 גרם,false,1,16.90,16.90,true,1,
7290002448723,false,PREMIO חטיף עוף לכלב 100ג-תכלת,גורי,,PREMIO חטיף עוף לכלב,גרמים,100.00,100 גרם,false,1,16.90,16.90,true,1,
7290002448860,false,חטיף רצועות סושי לכלב 100ג,,,חטיף רצועות סושי לכל,גרמים,100.00,100 גרם,false,1,16.90,16.90,true,1,
7290002448983,false,חטיף סושי ברווז 100גרם,שחורי אריה ואנסטסיה,,חטיף סושי ברווז 100ג,גרמים,100.00,100 גרם,false,1,16.90,16.90,true,1,
7290002461029,false,שווארמה עגל מתובלת 800 גר,,,שווארמה עגל מתובלת 8,גרמים,800.00,100 גרם,false,1,45.50,5.69,true,1,
7290002477556,false,כבד עוף טרי,,,כבד עוף טרי,Unknown,0.00,"ק""ג",true,0,19.90,19.90,true,1,
7290002485025,false,סלט חומוס מסעדות 500 גרם,"סלטי שמיר 2006 בע""מ",,חומוס מסעדות 500גר,גרמים,500.00,100 גרם,false,1,16.20,3.24,true,1,
7290002485063,false,סלט חומוס אבו גוש בי,"סלטי שמיר 2006 בע""מ",,חומוס אבו גוש 500גר,גרמים,500.00,100 גרם,false,1,16.20,3.24,true,1,
7290002488422,false,תמר מגהול פרימיום 600 גרם,דין שיווק וקליה 2021 בעמ,IL,תמר מגהול פרימיום 60,גרמים,600.00,100 גרם,false,1,19.90,3.32,true,1,
7290002502012,false,בונז'ור לחמניה קלועה חיטה מלא יח',בונז'ור,,לחמניה חיטה,גרמים,100.00,100 גרם,false,1,3.50,3.50,true,1,
7290002502036,false,בונז'ור לחמנית קשר 100ג',בונז'ור,,לחמניה קשר,גרמים,100.00,100 גרם,false,1,3.50,3.50,true,1,
7290002502296,false,בונז'ור לחמניה קלועה קנוי 100 ג',בונז'ור,,לחמניה קלועה,גרמים,100.00,100 גרם,false,1,3.50,3.50,true,1,
7290002502630,false,סופגנייה בונז'ור 80 ג',בונז'ור,,סופגניה 80 גרם,Unknown,0.00,Unknown,false,1,4.90,4.90,true,1,
7290002512066,false,ג`חנון אפוי צנעני למיקרוגל,צנעני מוצרי בצק בעמ,,גחנון אפוי צנעני 600,גרמים,600.00,100 גרם,false,1,21.90,3.65,true,1,
7290002515333,false,"ד""ר פישר - קמיל בלו סנסיטיב אל סבון עדין לתינוק 500 מ""ל","פישר תעשיות פרמבצטיות בע""מ",,אל סבון קמיל בלו סנס,מיליליטרים,400.00,"100 מ""ל",false,1,20.40,5.10,true,1,
7290002515371,false,"קמיל בלו אל סבון לתינוקות ד""ר פישר 1 ליטר","פישר תעשיות פרמצבטיות בע""מ",,אל סבון קמיל בלו קלא,מיליליטרים,1000.00,"100 מ""ל",false,1,29.50,2.95,true,1,
7290002543046,false,דגני בוקר קלוגס פרוסטיס 750 גרם,דיפלומט מפיצים (1968) בעמ**,,קלוגס פרוסטיס 750 גר,גרמים,750.00,100 גרם,false,1,17.90,2.39,true,1,
7290002543237,false,דגני בוקר קלוגס קורנפלקס 750 גרם,קלוגס קומפני אוף גרייט ב,,קלוגס קורן פלקס 750,גרמים,750.00,100 גרם,false,1,14.90,1.99,true,1,
7290002544203,false,ממרח פסטו מוטי שף 180גרם,,,ממרח פסטו 190 גרם,גרמים,190.00,100 גרם,false,1,20.90,11.00,true,1,
7290002544210,false,ממרח זיתים ירוקים 190 גרם,,,ממרח זיתים ירוקים 19,גרמים,190.00,100 גרם,false,1,20.90,11.00,true,1,
7290002544234,false,ממרח עגבניות מיובשות 190 גרם,,,ממרח עגבניות מיובשות,גרמים,190.00,100 גרם,false,1,20.90,11.00,true,1,
7290002551003,false,נתחי טונה בהירה בשמן סטארקיסט (160 גרם),דיפלומט מפיצים (1968) בעמ**,,טונה סטארקיסט בשמן,גרמים,160.00,100 גרם,false,1,7.40,4.63,true,1,
7290002551010,false,נתחי טונה בהירה במים סטארקיסט (160 גרם),דיפלומט מפיצים (1968) בעמ**,,טונה סטארקיסט במים,גרמים,160.00,100 גרם,false,1,7.40,4.63,true,1,
7290002566175,false,חטיף שומשום בתוספת סילאן טבעי 180 גרם,,IL,חטיף שומשום בתוספת ס,גרמים,180.00,100 גרם,false,1,17.90,9.94,true,1,
7290002566946,false,חטיף בוטנים 180 גרם,,,חטיף בוטנים 180 גרם,גרמים,180.00,100 גרם,false,1,17.90,9.94,true,1,
7290002603474,false,פיצת השף מאיטליה רוטב פטריות בטעם כמהין 256 גרם,נטו מילנדה סחר בעמ*,,פיצה רוטב פטריות בטע,גרמים,200.00,100 גרם,false,1,16.90,8.45,true,1,
7290002603498,false,פיצת השף מאיטליה CHEF שגב אנטיפסטי 220,האי נאם סי או אל.טי.,,פיצה אנטיפסטי שגב 20,גרמים,200.00,100 גרם,false,1,16.90,8.45,true,1,
7290002616221,false,גבינה גרמנית פלאדין במשקל,,,גבינה גרמנית פלאדין,Unknown,0.00,"ק""ג",true,0,157.00,157.00,true,1,
7290002617013,false,מונטניולו גרמני במשקל,,,מונטניולו גרמני במשק,Unknown,0.00,"ק""ג",true,0,168.00,168.00,true,1,
7290002617044,false,חמאה צרפתית פלאשרד במשקל,,FR,חמאה צרפתית פלאשרד,Unknown,0.00,"ק""ג",true,0,52.00,52.00,true,1,
7290002617297,false,פילה דג בסה מעובד קלאסי קפוא,,,פילה דג בסה קפוא,Unknown,0.00,Unknown,false,1,28.90,28.90,true,1,
7290002617518,false,צוריסוס עגל קפוא,,,צוריסוס עגל קפוא,Unknown,0.00,"ק""ג",true,0,69.90,69.90,true,1,
7290002617709,false,"שרימפס מקולף גמבו 1 ק""ג קפוא 16/20",,,שרימפס מקולף גמבו 1,קילוגרמים,0.00,"ק""ג",false,1,135.90,135.90,true,1,
7290002617723,false,"שרימפס מקולף 1 ק""ג גדול קפוא 26/30",,,שרימפס מקולף גדול,קילוגרמים,0.00,"ק""ג",false,1,109.90,109.90,true,1,
7290002628293,false,טחון עוף קפוא 500 גרם בלדי,בלדי בע`מ,IL,טחון עוף קפוא 500 גר,גרמים,500.00,100 גרם,false,1,11.40,2.28,true,1,
7290002661115,false,לחם שיפון הולנדי 1.2 מהדרין,מאפית י את א ברמן בע,,לחם הולנדי 1 קג,גרמים,1200.00,100 גרם,false,1,17.90,1.49,true,1,
7290002661153,false,לחם דני קל פרוס ברמן (1 קג),מאפית י את א ברמן בע,,"לחם דני קל 1 ק""ג",גרמים,1000.00,100 גרם,false,1,15.90,1.59,true,1,
7290002661443,false,פירורי לחם מוזהבים עדינים 200 גר.,י.את א. ברמן בעמ,IL,פירור זהוב עדין 200,גרמים,250.00,100 גרם,false,1,2.90,1.16,true,1,
7290002661474,false,פרורי לחם זהוב עם שומשום 200 גר,י.את א. ברמן בעמ,IL,פירור זהוב עם שמשום,גרמים,250.00,100 גרם,false,1,2.90,1.16,true,1,
7290002661863,false,קרוטונים מתובלים למרק 350 גר'.,צ'\וייסר פודס ל.טי.די.,GB,קרוטונים מתובלים למר,גרמים,350.00,100 גרם,false,1,16.50,4.71,true,1,
7290002674221,false,"אקווה פרש משחת שינים 100 מ""ל משאבה מנטה",גלקסו סמית קליין,,אקוה פרש משחת שיניים,Unknown,0.00,Unknown,false,1,20.50,20.50,true,1,
7290002692409,false,שמן חמניות עץ הזית 1 ל מועשר,שמן תעשיות,,שמן חמניות עץ הזית 1,מיליליטרים,1000.00,"100 מ""ל",false,1,14.50,1.45,true,1,
7290002692478,false,"שמן זית כתית מעולה קלאסי מעודן 750 מ""ל עץ הזית","מרקאולאו, ספרד.אבסה,",,שמן זית כתית מעולה ב,מיליליטרים,750.00,"100 מ""ל",false,1,29.90,3.99,true,1,
7290002692768,false,"תרסיס שמן קנולה מזוכך ללא תוספת גז עץ הזית 200 מ""ל",טרנסומס פוד איי בי,IL,תרסיס שמן קנולה מזוכ,מיליליטרים,200.00,"100 מ""ל",false,1,15.90,7.95,true,1,
7290002692775,false,"תרסיס שמן קנולה בטעם חמאה עץ הזית 200 מ""ל",סוגת תעשיות בעמ,IL,תרסיס קנולה בטעם חמא,מיליליטרים,200.00,"100 מ""ל",false,1,15.90,7.95,true,1,
7290002692782,false,"תרסיס שמן זית כתית מעולה ללא תוספת גז עץ הזית 150 מ""ל",י.ב טכנולוגיות אריזה,IL,תרסיס שמן זית כתית מ,מיליליטרים,150.00,"100 מ""ל",false,1,15.90,10.60,true,1,
7290002697114,false,10 פיתות עבודת יד,,,10 פיתות עבודת יד,גרמים,500.00,100 גרם,false,1,16.90,3.38,true,1,
7290002715504,false,ארוחת נודלס בטעם עוף מג`יק (70 גרם),נטו מלינדה סחר בע`מ,,מרק עוף מגיק בכוס 70,גרמים,70.00,100 גרם,false,1,4.90,7.00,true,1,
7290002715580,false,ארוחת נודלס בטעם סיני חריף מג'יק 70 גרם,נטו מילנדה סחר בעמ*,,מרק סיני מגיק בכוס 7,גרמים,70.00,100 גרם,false,1,4.90,7.00,true,1,
7290002730262,false,נוזל לניקוי כלים קלאסי פלמוליב (750 מל),יבואן ומשווק: ש. שסט,,פלמוליב לכלים אקטיב,מיליליטרים,750.00,"100 מ""ל",false,1,11.90,1.59,true,1,
7290002730354,false,תחבושת הגיינית וניה מקסי לילה 12 יח',ש.שסטוביץ בעמ,,וניה תחבושות מקסי לי,Unknown,0.00,Unknown,false,1,27.20,27.20,true,1,
7290002730538,false,פדיות להסרת איפור בלונס 80 יחידות,הנסיך- מפעל לייצור ט,,בלונס מסיר איפור,Unknown,0.00,Unknown,false,1,11.40,11.40,true,1,
7290002730675,false,"קולגייט משחת שיניים אדומה משפחתי 100 מ""ל",קולגייט-פלמוליב,,משחת שיניים קולגייט,Unknown,0.00,Unknown,false,1,10.90,10.90,true,1,
7290002730811,false,"משחת שיניים ג'ל פסים מרעננים קולגייט 100 מ""ל",הנסיך- מפעל לייצור ט,,משחת שיניים קולגייט,גרמים,150.00,100 גרם,false,1,13.10,8.73,true,1,
7290002730958,false,סבון מוצק בניחוח זיתים ואלוורה פלמוליב 4*100 גרם,הנסיך- מפעל לייצור ט,,סבון מוצק פלמוליב יר,גרמים,400.00,100 גרם,false,1,21.90,5.48,true,1,
7290002749059,false,מיני פולטבסקיה 290 גר,,,מיני פולטבסקיה 290 ג,גרמים,290.00,100 גרם,false,1,45.00,15.52,true,1,
7290002752332,false,"סוכריות מנטוס פירות בגליל, 37.5 גרם",הדקלאים אגודת שיתופי,,מנטוס פירות,גרמים,37.00,100 גרם,false,1,3.60,9.73,true,1,
7290002752349,false,סוכריות מנטוס מנטה 40יח' בגליל 38ג',ליימן שליסל בעמ,NL,מנטוס מנטה גליל 37 ג,גרמים,37.00,100 גרם,false,1,3.60,9.73,true,1,
7290002752493,false,סוכריות טיק טק מנטה רביעיה 64 גרם,פרימיום-חברה לדברי מתיקה ולמסח,,טיק טק מנטה רביעייה,גרמים,64.00,100 גרם,false,1,10.90,17.03,true,1,
7290002766056,false,עגבניות שרי לב אדום יח',רון שרי,,עגבניות שרי,Unknown,0.00,Unknown,false,1,12.90,12.90,true,1,
7290002768074,false,אל סבון נוזלי רגיל דרמפון 1 ליטר,החברה הדרומית לשיווק בעמ,,דרמפון סבון נוזלי 1,מיליליטרים,1000.00,"100 מ""ל",false,1,20.90,2.09,true,1,
7290002771104,false,קפה עם הל אל נחלה 500 גרם,קפה אל נחלה בני רפיק,,קפה 500 גר עם הל,גרמים,500.00,100 גרם,false,1,31.20,6.24,true,1,
7290002771111,false,.קפה אלנחילה 250 גר עם הל,קפה אל נחלה בני רפיק,,קפה עם הל 250 גרם,גרמים,250.00,100 גרם,false,1,16.50,6.60,true,1,
7290002771128,false,קפה אלנח'לה בלי הל 250 ג',קפה אל נחלה בני רפיק,,קפה בלי הל 250 גרם,גרמים,250.00,100 גרם,false,1,16.50,6.60,true,1,
7290002771326,false,קפסולות קפה אלנחלה קלוי טחון עם הל 10 יח,קפה אל נח'לה,,קפסולות קפה אלנחלה ק,Unknown,0.00,Unknown,false,1,17.90,17.90,true,1,
7290002793311,false,שירות והחלפה מילוי גז 60 סודהסטרים,א.א צ יקו שיווק והפצה,,שירות והחלפה מילוי ג,Unknown,0.00,Unknown,false,1,59.90,59.90,true,1,
7290002800699,false,טיימר דיגיטלי שחור,,,טיימר דיגיטלי שחור,Unknown,0.00,Unknown,false,1,49.90,49.90,true,1,
7290002808398,false,חומץתפוחי עץ טבעי 47,אולד דאץ,,"חומץ תפוחים 473 מ""ל",מיליליטרים,473.00,"100 מ""ל",false,1,9.90,2.09,true,1,
7290002814016,false,"מסיר שומנים מתז 750 מ""ל סנט מוריץ כשל""פ עד""ח",קומפלקס כימיקלסבעמ ~~~,,מסיר שומנים,מיליליטרים,750.00,"100 מ""ל",false,1,16.70,2.23,true,1,
7290002814283,false,"fashion imagination מילוי מכשיר אוויר 250 מ""ל סנט מוריץ",סורה קוסמטיקס,,fashion imagination,Unknown,0.00,Unknown,false,1,13.90,13.90,true,1,
7290002814351,false,"fashion sweetie מילוי מכשיר אוויר 250 מ""ל סנט מוריץ",סורה קוסמטיקס,,fashion sweetie מילו,Unknown,0.00,Unknown,false,1,13.90,13.90,true,1,
7290002814603,false,"סנט מוריץ - מרסס מסיר שומנים קר מבושם לימון 750 מ""ל",קומפלקס כימיקלים בעמ,,מסיר שומנים,מיליליטרים,750.00,"100 מ""ל",false,1,13.20,1.76,true,1,
7290002814870,false,"סנט מוריץ - מרסס מסיר שומנים קר מבושם לוונדר\פרחים 750 מ""ל",קומפלקס כימיקלים בעמ,IL,מסיר שומנים סנט מורי,מיליליטרים,750.00,"100 מ""ל",false,1,12.90,1.72,true,1,
7290002824183,false,"גבינה לבנה סקי 500 גרם 5% ""שטראוס"" -מוצר בפיקוח",שטראוס גרופ בעמ/מצונן,,סקי משפחתי 5% 500 גר,גרמים,500.00,100 גרם,false,1,9.96,1.99,true,1,
7290002824466,false,יוגורט דנונה ביו לבן 0% שומן 200 גרם,שטראוס גרופ בעמ/מצונן,,יוגורט דנונה ביו 0%,מיליליטרים,200.00,"100 מ""ל",false,1,3.70,1.85,true,1,
7290002824640,false,"גבינת סקי 250 גרם 5% ""שטראוס"" -מוצר בפיקוח",שטראוס גרופ בעמ/מצונן,IL,גבינת סקי 5% 250 גרם,גרמים,250.00,100 גרם,false,1,4.98,1.99,true,1,
7290002825722,false,כרוב אדום במיונז אחלה (500 גרם),שטראוס גרופ בעמ/מצונן,,כרוב אדום 500 גר,גרמים,500.00,100 גרם,false,1,14.20,2.84,true,1,
7290002830948,false,גבינת עיזים מותכת 30% מון בלאן 120 גרם,סלס קרית מלאכי ישראל,,גבינה מון בלאן עיזים,גרמים,120.00,100 גרם,false,1,13.30,11.08,true,1,
7290002837039,false,פרמזן דזוגס במשקל,,,פרמזן דזוגס במשקל,Unknown,0.00,"ק""ג",true,0,84.00,84.00,true,1,
7290002842309,false,סרדין מינרבה בשמן 120 גרם,יו.אס.איי וליו קו,,סרדין מינרבה בשמן 12,גרמים,120.00,100 גרם,false,1,8.90,7.42,true,1,
7290002842415,false,פילה אנשובי אמיתי 50 גרם,יו.אס.איי וליו קו,,פילה אנשובי אמיתי 50,גרמים,50.00,100 גרם,false,1,7.50,15.00,true,1,
7290002851721,false,מלפפון בייבי 600 גרם,,,מלפפון ביבי 600 גרם,גרמים,100.00,100 גרם,false,1,21.90,21.90,true,1,
7290002851967,false,פלפל בייבי 500 גר,,,פלפל בייבי 500 גר,גרמים,500.00,100 גרם,false,1,30.30,6.06,true,1,
7290002862178,false,ממרח פסטו כוסברה 180גרם,,,ממרח כוסברה 190 גרם,גרמים,190.00,100 גרם,false,1,20.90,11.00,true,1,
7290002862239,false,ממרח פלפלים קלויים 190 גרם,מוטי שף,,ממרח פלפלים קלויים 1,גרמים,190.00,100 גרם,false,1,20.90,11.00,true,1,
7290002868996,false,"קוטג' 5% שומן, רכיבים טבעיים, 250 גרם",*החברה המרכזית להפצת משקאותבעמ,,קוטג 5% מועשר 250 גר,גרמים,250.00,100 גרם,false,1,5.90,2.36,true,1,
7290002879237,false,טורטילה צ'יפס ברביקיו 200 פלוטקין,דדוש דניאל,,סומבררו ברבקיו 200 ג,מיליליטרים,200.00,"100 מ""ל",false,1,18.50,9.25,true,1,
7290002881018,false,מעדן תות שדה סאן מורנו 284 גרם,קריות זול,,מעדן תות שדה 100% 28,גרמים,284.00,100 גרם,false,1,14.90,5.25,true,1,
7290002881032,false,מעדן אוכמניות כחולות 100% 284 גרם,קריות זול,,מעדן אוכמניות כחולות,גרמים,284.00,100 גרם,false,1,14.90,5.25,true,1,
7290002881056,false,סן מורנו מעדן משמש 2,קריות זול,,מעדן משמש 100% 284 ג,גרמים,284.00,100 גרם,false,1,14.90,5.25,true,1,
7290002881124,false,מעדן פרי שזיף 100% 284 גרם,,,מעדן פרי שזיף 100% 2,גרמים,284.00,100 גרם,false,1,14.90,5.25,true,1,
7290002881216,false,רסק תפוחי עץ לא ממותק תומר 700 גרם,תומר ייבוא ושיווק מוצרי מזון [,,רסק תפוחי עץ דיאט 7,גרמים,708.00,100 גרם,false,1,12.10,1.71,true,1,
7290002881230,false,חתיכות אננס בסירופ קל תומר 850 גרם,תומר יבוא ושיווק מוצרי מזון (1,,אננס חתוך תומר 850 ג,גרמים,825.00,100 גרם,false,1,11.90,1.44,true,1,
7290002881247,false,פרוסות אננס בסירופ קל תומר 850 גרם,תומר יבוא ושיווק מוצרי מזון (1,,אננס שלם תומר 850 גר,גרמים,850.00,100 גרם,false,1,11.90,1.40,true,1,
7290002881254,false,קוקטייל פירות טרופיים בסירופ קל תומר 825 גרם,סאנרייז אגריקלטור,,קוקטייל טרופי תומר,גרמים,850.00,100 גרם,false,1,11.90,1.40,true,1,
7290002881261,false,"ליצ'י שלם 565 גרם ""תומר""",גיבונג אינדסקיאלס,,ליציס שלם 565 גרם,גרמים,565.00,100 גרם,false,1,11.90,2.11,true,1,
7290002881278,false,ליפתן חצאי אפרסקים ת,אלבס אס.א.גריק,,אפרסק חצאים 820 גרם,גרמים,820.00,100 גרם,false,1,11.90,1.45,true,1,
7290002881414,false,תומר-אטריות ביציםעבו,אופאל,,נודלס עבה 400 גרם,גרמים,400.00,100 גרם,false,1,7.50,1.88,true,1,
7290002881513,false,חמאת בוטנים עם שברי בוטנים תמר 510 גר',Niza s a,,חמאת בוטנים עם שברי,גרמים,500.00,100 גרם,false,1,16.90,3.38,true,1,
7290002881551,false,עלי גפן ממולאים באורז תומר 400 גרם,אסמה תורכיה,,עלי גפן ממולאים 400,גרמים,400.00,100 גרם,false,1,10.40,2.60,true,1,
7290002881612,false,לפתן דובדבנים חמוצים ללא חרצן תומר 720 ג',תומר יבוא ושיווק מוצרי מזון (1,,לפתן דובדבנים חמוצים,גרמים,680.00,100 גרם,false,1,11.90,1.75,true,1,
7290002881742,false,לבבות דקל פרוסות תומר 400 גרם,תומר ייבוא ושיווק מוצרי מזון [,,לבבות דקל פרוס 400 ג,גרמים,400.00,100 גרם,false,1,7.90,1.98,true,1,
7290002881919,false,פיטריות שמפניון שלמות קטנות תומר 400 גרם,גיבונג אינדסקיאלס,,שימורי פטריות 8 שלם,גרמים,400.00,100 גרם,false,1,8.10,2.03,true,1,
7290002881957,false,סרדינים מרוקאי חריף בשמן חמניות 125ג' תומר,תומר ייבוא ושיווק מוצרי מזון [,,סרדין מרוקאי חריף 12,גרמים,125.00,100 גרם,false,1,6.50,5.20,true,1,
7290002900207,false,המבורגר אמיתי 100% 400 גרם-תנובה,הנסיך- מפעל לייצור ט,,המבורגר אמיתי 100%,גרמים,400.00,100 גרם,false,1,27.90,6.98,true,1,
7290002900214,false,קבב מזרחי טירת צבי 4,טיב טירת צבי 2000,,קבב מזרחי 450 גרם,גרמים,450.00,100 גרם,false,1,27.90,6.20,true,1,
7290002900313,false,פסטרמה ספרדית טירת צבי,תנובה קפואים,,פסטרמה ספרדית,Unknown,0.00,"ק""ג",true,0,85.00,85.00,true,1,
7290002900436,false,פסטרמה איטלקי מילנו משקל,טירת- צבי,,פסטרמה איטלקית,גרמים,0.00,"ק""ג",true,0,85.00,85.00,true,1,
7290002900566,false,פסטרמה ברביקיו דל שומן טירת צבי 400 גרם,הנסיך- מפעל לייצור ט,,"פסטרמה ברביקיו ד""ש 3",גרמים,360.00,100 גרם,false,1,25.90,7.19,true,1,
7290002904694,false,"טיטניום דאודורנט ספריי לגברים 150 מ""ל",החברה הדרומית לשיווק בעמ,,טיטניום קלאסי דאודור,מיליליטרים,180.00,"100 מ""ל",false,1,18.90,10.50,true,1,
7290002909569,false,ברבוניה פילה 400 גרם ארוז - הדייג,דולפין ספא,,פילה ברבוניה 400 גרם,גרמים,400.00,100 גרם,false,1,22.90,5.73,true,1,
7290002909804,false,פילה בקלה (מרלוזה ) ללא עור ארגנטיני,אל מאריסקו,,פילה מרלוזה קפוא,Unknown,0.00,"ק""ג",true,0,35.90,35.90,true,1,
7290002909880,false,"פולי סויה - אדממה - 400 גרם (בד""ץ עדה חרדית)",בלדי בעמ,,פולי סויה אדממה 400,גרמים,400.00,100 גרם,false,1,9.90,2.48,true,1,
7290002921165,false,"חלב לניקוי רהיטי עור הזלין יעקבי 400 מ""ל",יעקב יעקבי ובניו בעמ,,הזלין ספריי,מיליליטרים,400.00,"100 מ""ל",false,1,37.50,9.38,true,1,
7290002921233,false,"קרבונה ניקוי יבש לכתמים שומניים 200 מ""ל","יעקב יעקבי ובניו בע""מ",,קרבונה ספריי לכתמים,מיליליטרים,200.00,"100 מ""ל",false,1,28.30,14.15,true,1,
7290002929734,false,"גפילטעפיש קציצות מדגי קרפיון וכסיף 560 גר' העד""ח",נטו מלינדה,,גפילטע פיש 570 גר,גרמים,570.00,100 גרם,false,1,14.90,2.61,true,1,
7290002954460,false,"Sunwhite אורז אוסטרלי עגול לסושי-1 ק""ג",בני ג`ורג` שוקחה (חיפה) בעמ,,אורז אוסטרלי עגול 1,גרמים,1000.00,100 גרם,false,1,12.90,1.29,true,1,
7290002966005,false,קוויאר אדום מאצות ים 100גר,,,קוויאר אדום מאצות ים,גרמים,100.00,100 גרם,false,1,13.90,13.90,true,1,
7290002966012,false,קוויאר שחור מאצות ים 100גר,,,קוויאר שחור מאצות ים,גרמים,100.00,100 גרם,false,1,13.90,13.90,true,1,
7290002966067,false,סולו בטעם גבינת קממבר וקוויאר שחור 200גר,,,סולו בטעם גבינת קממב,גרמים,200.00,100 גרם,false,1,16.40,8.20,true,1,
7290002966098,false,סולו בטעם פירות ים וקוויאר אדום 200גר,,,סולו בטעם פירות ים ו,גרמים,200.00,100 גרם,false,1,16.40,8.20,true,1,
7290002966784,false,סלט איקרא ורודה 200 גרם,,IL,סלט איקרא ורודה 200,גרמים,200.00,100 גרם,false,1,13.90,6.95,true,1,
7290002966791,false,סלט איקרא לבנה 200 גרם,,IL,סלט איקרא לבנה 200 ג,גרמים,200.00,100 גרם,false,1,13.90,6.95,true,1,
7290002971009,false,"קמח חיטה לבן בהיר שטיבל 1 ק""ג",תומר יבוא ושיווק מוצרי מזון (1,,"קמח לבן שטיבל 1 ק""ג",גרמים,1000.00,100 גרם,false,1,4.80,0.48,true,1,
7290002971016,false,"שטיבל סולת חיטה 1 ק""ג","שטיבל בע""מ",,"סולת שטיבל 1 ק""ג",גרמים,1000.00,100 גרם,false,1,4.80,0.48,true,1,
7290002971092,false,שטיבל.6קמח מלא שטיבל,שטיבל טחנות קמח,,"קמח מלא מס 6 1 ק""ג",גרמים,1000.00,100 גרם,false,1,9.30,0.93,true,1,
7290002971139,false,קמח תופח שטיבל 13 1 קג,שטיבל,,תופח מאליו - 13,גרמים,1000.00,100 גרם,false,1,10.00,1.00,true,1,
7290002971207,false,קמח רב תכליתי מס 1 שטיבל 1 קג,שטיבל טחנות קמח,,קמח רב תכליתי מס 1 ש,גרמים,1000.00,100 גרם,false,1,9.60,0.96,true,1,
7290002971214,false,"קמח לחם מעושר מס 2 1 ק""ג",מיוצר עי קונדיטוריית,,קמח לחם מעושר מס 2 1,גרמים,1000.00,100 גרם,false,1,10.10,1.01,true,1,
7290002971955,false,"קמח 650 כחול ללא צורך בניפוי 1 ק""ג*",טחנות קמח שטיבל בש בעמ,,קמח שטיבל 650 ללא ני,גרמים,1000.00,100 גרם,false,1,9.40,0.94,true,1,
7290002971962,false,"קמח שטיבל חיטה מלא ללא ניפוי 1 ק""ג",טחנות קמח שטיבל בש בעמ,,קמח שטיבל חיטה מלא ל,גרמים,1000.00,100 גרם,false,1,9.40,0.94,true,1,
7290002971993,false,קמח כוסמין מלא ללא צורך בניפוי 1 קג שטיב,טחנות קמח שטיבל בש בעמ,IL,קמח כוסמין מס 14 ללא,גרמים,1000.00,100 גרם,false,1,15.60,1.56,true,1,
7290002972426,false,"קמח 80% מלא ללא צורך בניפוי 1 ק""ג*",טחנות קמח שטיבל בש בעמ,,קמח שטיבל 80% ללא ני,גרמים,1000.00,100 גרם,false,1,9.40,0.94,true,1,
7290002973669,false,"קמח שטיבל ללחם 2 ללא ניפוי 1 ק""ג",טחנת קמח דגן-שטיבל,,קמח שטיבל ללחם 2 ללא,גרמים,1000.00,100 גרם,false,1,9.40,0.94,true,1,
7290002973676,false,"קמח שטיבל לחלה 18 ללא ניפוי 1 ק""ג",טחנת קמח דגן-שטיבל,,קמח שטיבל לחלה 18 לל,גרמים,1000.00,100 גרם,false,1,9.40,0.94,true,1,
7290003009183,false,סירופ דיאט 750 מל בטעם תפוחים פריגת,החברה המרכזית להפצת משקאות בעמ,,סירופ דיאט תפוחים בק,מיליליטרים,750.00,"100 מ""ל",false,1,22.90,3.05,true,1,
7290003009312,false,בוטן קלוי 200 גרם שקית קליית גת,הדקלאים אגודת שיתופי,,בוטן קלוי שקית 200 ג,גרמים,200.00,100 גרם,false,1,8.30,4.15,true,1,
7290003009329,false,בוטנים אמריקאיים קליית גת (200 גרם),הדקלאים אגודת שיתופי,,בוטן אמריקאי שקית 20,גרמים,200.00,100 גרם,false,1,7.30,3.65,true,1,
7290003009336,false,קבוקים קליית גת (200 גרם),הדקלאים אגודת שיתופי,,קבוקים שקית 200 ג,גרמים,200.00,100 גרם,false,1,7.30,3.65,true,1,
7290003009596,false,סירופ דיאט אשכוליות 750 מל פיקדון,החברה המרכזית להפצת משקאות בעמ,,סירופ דיאט אשכוליות,מיליליטרים,750.00,"100 מ""ל",false,1,22.90,3.05,true,1,
7290003009640,false,מיץ תפוזים סחוט רכיבים טבעיים פריגת 1 ליטר,*החברה המרכזית להפצת משקאותבעמ,,סחוט טרי תפוז 1 ליטר,מיליליטרים,1000.00,"100 מ""ל",false,1,15.80,1.58,true,1,
7290003011087,false,אורז בסמטי 1 קג` שקית כחולה דין שיווק,דין שיווק וקליה 2021 בעמ,,אורז בסמטי אלפאנט 1,גרמים,1000.00,100 גרם,false,1,12.90,1.29,true,1,
7290003015627,false,"נוזל רצפות אפרסק 2 ליטר ""ריצפז פרש""",החברה הדרומית לשיווק בעמ,,סנו ריצפז פרש 2 ליטר,ליטרים,0.00,ליטר,false,1,20.90,20.90,true,1,
7290003015641,false,"נוזל רצפות יסמין 2 ליטר ""ריצפז פרש""",החברה הדרומית לשיווק בעמ,,סנו ריצפז פרש 2 ליטר,ליטרים,0.00,ליטר,false,1,20.90,20.90,true,1,
7290003015672,false,סנו סופט מפיות צבעוניות חלקות 50 יחידות,חיי נייר,,סנו סופט מפיות צבעונ,Unknown,0.00,Unknown,false,1,8.50,8.50,true,1,
7290003024001,false,גבינה ברי צרפתי במשקל,,,גבינה ברי צרפתי,Unknown,0.00,"ק""ג",true,0,184.00,184.00,true,1,
7290003024513,false,גבינת פקורינו טוסקנו שקיל,,,גבינת פקורינו טוסקנו,Unknown,0.00,"ק""ג",true,0,259.00,259.00,true,1,
7290003024520,false,גבינת פרובולונה דולצה איטלקי במשקל,,,גבינת פרובולונה,Unknown,0.00,"ק""ג",true,0,199.00,199.00,true,1,
7290003024629,false,רקלט לאיטה במשקל,,,רקלט לאיטה במשקל,Unknown,0.00,"ק""ג",true,0,248.00,248.00,true,1,
7290003026029,false,"ד""ר פישר - קמיל בלו סנסיטיב שמפו אלדמע 500 מ""ל","פישר תעשיות פרמצביטות בע""מ",,שמפו אל דמע קמיל בלו,מיליליטרים,500.00,"100 מ""ל",false,1,20.40,4.08,true,1,
7290003026197,false,"קמיל בלו סנסטיב שמן טיפולי ד""ר פישר 500 מ""ל",פישר תעשיות פרמצבטיות בעמ,,שמן טיפולי קמיל בלו,מיליליטרים,520.00,"100 מ""ל",false,1,27.70,5.33,true,1,
7290003026234,false,"ד""ר פישר - קמיל בלו תחליב לתינוק 500 מ""ל","פישר תעשיות פרמצביטות בע""מ",,תחליב לתינוק קמיל בל,מיליליטרים,500.00,"100 מ""ל",false,1,29.90,5.98,true,1,
7290003029181,false,משקה יטבתה שוקו' בקבוק 1ל מהדרין,שטראוס גרופ בעמ/מצונן,IL,שוקו בקבוק יטבתה,מיליליטרים,1000.00,"100 מ""ל",false,1,11.90,1.19,true,1,
7290003029372,false,יטבתה משקה בטעם בננה %3 בקבוק 1 ליטר,שטראוס גרופ בעמ/מצונן,,משקה חלב בננה 1 ליטר,מיליליטרים,1000.00,"100 מ""ל",false,1,11.90,1.19,true,1,
7290003029389,false,"משקה חלב בננה פקק ספורט 250 מ""ל יוטבתה",שטראוס גרופ בעמ/מצונן,,"בננה פקק 250 מ""ל",מיליליטרים,250.00,"100 מ""ל",false,1,5.50,2.20,true,1,
7290003029433,false,"משקה יטבתה שוקו פקק 250 מ""ל מהדרין",שטראוס גרופ בעמ/מצונן,,שוקו פקק יטבתה 250 מ,מיליליטרים,250.00,"100 מ""ל",false,1,5.50,2.20,true,1,
7290003029532,false,מוקה בבקבוק יטבתה 1 ליטר מהדרין,שטראוס גרופ בעמ/מצונן,,מוקה בקבוק 1 ליטר,מיליליטרים,1000.00,"100 מ""ל",false,1,11.90,1.19,true,1,
7290003029617,false,יטבתה שמנת מנה אישית 15% 125מל,שטראוס גרופ בעמ/מצונן,,שמנת מנה אישית 15% 1,גרמים,100.00,100 גרם,false,1,2.00,2.00,true,1,
7290003029792,false,"משקה יטבתה שוקו שקיות מהדרין מארז 225X8מ""ל",שטראוס גרופ בעמ/מצונן,,מארז שוקו יטבתה 8,ליטרים,0.00,ליטר,false,1,18.90,18.90,true,1,
7290003029815,false,חלב מועשר 3% בכד יטבתה 2 ליטר,שטראוס גרופ בעמ/מצונן,,חלב יטבתה 3% מועשר 2,ליטרים,0.00,ליטר,false,1,15.00,15.00,true,1,
7290003029907,false,משקה חלב אייס קפה 2% יטבתה (1 ליטר,שטראוס גרופ בעמ/מצונן,,קפה יטבתה 1ליטר,מיליליטרים,1000.00,"100 מ""ל",false,1,11.90,1.19,true,1,
7290003054060,false,אבקת חרדל קולמנס אנגלי 113 גרם,,,אבקת חרדל קולמנס אנג,גרמים,113.00,100 גרם,false,1,26.50,23.45,true,1,
7290003054176,false,מסטמכר לחם שיפון עם מסלי 500ג,מרום את קונפינו,,לחם שיפון פומפרניקל,גרמים,500.00,100 גרם,false,1,14.90,2.98,true,1,
7290003054183,false,מסטמכר לחם שיפון מלא 500ג,דיפלומט מפיצים (1968) בעמ**,,לחם שיפון מלא 500 גר,גרמים,500.00,100 גרם,false,1,14.90,2.98,true,1,
7290003054190,false,מסטמכר לחם שיפון עם שלושה דגנים 500ג,מרום את קונפינו,,לחם שיפון 3 דגנים 50,גרמים,500.00,100 גרם,false,1,14.90,2.98,true,1,
7290003054206,false,מסטמכר לחם שיפון עם זרעי חמניות 500ג,מרום את קונפינו,,לחם שיפון חמניות 500,גרמים,500.00,100 גרם,false,1,14.90,2.98,true,1,
7290003054213,false,מסטמכר לחם שיפון כפרי 500ג,דיפלומט מפיצים (1968) בעמ**,,לחם שיפון כפרי 500 ג,גרמים,500.00,100 גרם,false,1,14.90,2.98,true,1,
7290003054220,false,מסטמכר לחם שיפון פומפרניקל 500ג,דיפלומט מפיצים (1968) בעמ**,,לחם שיפון פומפרניקל,גרמים,500.00,100 גרם,false,1,14.90,2.98,true,1,
7290003054657,false,חרדל ריין דיז'ון אקסטרה פורטה 370 גרם,דיפלומט מפיצים (1968) בעמ**,,חרדל דיזיון 370 גר,גרמים,370.00,100 גרם,false,1,11.50,3.11,true,1,
7290003054725,false,חרדל אנגלי קולמנס 100 גרם,,,חרדל אנגלי קולמנט,גרמים,100.00,100 גרם,false,1,10.90,10.90,true,1,
7290003060078,false,"קמח שיפון מלא רמילוי 1 ק""ג",טחנות ישראליות,IL,"קמח שיפון מלא 1 ק""ג",גרמים,1000.00,100 גרם,false,1,4.90,0.49,true,1,
7290003072606,false,נקניקיות עוף מיני טירת צבי 350 גרם,הנסיך- מפעל לייצור ט,IL,מיני נקניקיות עוף טי,גרמים,350.00,100 גרם,false,1,12.90,3.69,true,1,
7290003072965,false,קבנוס חריף מעושן טירת צבי 120 גרם,טיב טירת צבי 2000,,קבנוס חריף מעושן טיר,גרמים,120.00,100 גרם,false,1,11.90,9.92,true,1,
7290003072972,false,קבנוס בתיבול מעושן טירת צבי 120 גרם,טיב טירת צבי 2000,,קבנוס בתיבול מעושן ט,גרמים,120.00,100 גרם,false,1,11.90,9.92,true,1,
7290003094400,false,קוויאר אדום 140 גרם,א.ר.ד.י.ו,,קוויאר פחיות 140 גר,Unknown,0.00,Unknown,false,1,44.90,44.90,true,1,
7290003126712,false,יוגורט עיזים מחלב מלא 3.7% משק צוריאל 150 גרם,*החברה המרכזית להפצת משקאותבעמ,,משק צוריאל יוגורט עי,גרמים,140.00,100 גרם,false,1,6.50,4.64,true,1,
7290003126958,false,טופו גבינה גוש בואקום צוריאל 300 ג',*החברה המרכזית להפצת משקאותבעמ,,טופו גולמי 300גר,גרמים,300.00,100 גרם,false,1,13.50,4.50,true,1,
7290003133123,false,לחם זהב עגול אוקראיני 750 ג',מאפיית דוידוביץ ובני,,לחם זהב עגול,גרמים,750.00,100 גרם,false,1,12.90,1.72,true,1,
7290003133505,false,לחם שיפונטו דוידוביץ,מאפיית דוידוביץ ובני,,לחם שיפונטו 750גרם,גרמים,750.00,100 גרם,false,1,9.90,1.32,true,1,
7290003140237,false,סילאן בבקבוק לחיץ קליית גת (360 גרם),ליימן שליסל בעמ,,סילאן לחיץ קליית גת,גרמים,350.00,100 גרם,false,1,16.60,4.74,true,1,
7290003141159,false,יוגטה מרשמלו ממתק מוקצף בטעמי תות שדה ווניל 180 גרם,ליימן שליסל בעמ,,מרשמלו יוגטה 180 גרם,גרמים,180.00,100 גרם,false,1,8.30,4.61,true,1,
7290003142477,false,ערמונים קלופים קלויים קלית גת.,הדקלאים אגודת שיתופי,,ערמונים קלופים וקלוי,גרמים,100.00,100 גרם,false,1,8.30,8.30,true,1,
7290003143146,false,ממרח תמרים קליית גת (450 גרם),הדקלאים אגודת שיתופי,,ממרח תמרים קליית גת,גרמים,450.00,100 גרם,false,1,6.90,1.53,true,1,
7290003143276,false,יוגטה מרשמלו ממתק מוקצף בטעם תות שדה 180 גרם,ליימן שליסל בעמ,,מרשמלו יוגטה מגולגל,גרמים,180.00,100 גרם,false,1,9.60,5.33,true,1,
7290003143337,false,סילאן רכיבים טבעיים לחיץ קליית גת 350 גרם,ליימן שליסל בעמ,,סילאן טבעי קליית גת,גרמים,350.00,100 גרם,false,1,17.70,5.06,true,1,
7290003144310,false,תערובת אגוזים וחמוציות קליית גת 150 גרם,ליימן שליסל בעמ,,תערובת אגוזים וחמוצי,גרמים,150.00,100 גרם,false,1,21.90,14.60,true,1,
7290003144419,false,סילאן טבעי קליית גת (710 גרם),"טעמי הגליל בע""\מ",,סילאן טבעי 710 גרם ק,גרמים,710.00,100 גרם,false,1,25.90,3.65,true,1,
7290003145751,false,אגוזי קשיו קלויים קליית גת (200 גרם),הדקלאים אגודת שיתופי,,קשיו קלוי קליית גת 2,גרמים,200.00,100 גרם,false,1,23.90,11.95,true,1,
7290003145959,false,פקאן טבעי קליית גת 150 גרם,ליימן שליסל בעמ,,פקאן טבעי 150 גרם קל,גרמים,150.00,100 גרם,false,1,23.90,15.93,true,1,
7290003189076,false,פיצרלה הצהובה הטובה מגורדת 22% כפיר 500 גרם,צי תעשיות מזון יבנה,,פיצרלה מגורדת 500 גר,גרמים,500.00,100 גרם,false,1,21.90,4.38,true,1,
7290003189144,false,"גבינה הולנדית 22% שומן 1 ק""ג כפיר",צי תעשיות מזון יבנה,,"צהובה הולנדית 1 ק""ג",קילוגרמים,0.00,"ק""ג",false,1,40.90,40.90,true,1,
7290003189151,false,"הצהובה הטובה צדר 1ק""",גבינות הכפר בעמ,,צהובה צדר 1 קג,גרמים,1000.00,100 גרם,false,1,38.50,3.85,true,1,
7290003189205,false,הצהובה הטובה לייט קלאסית 9% כפיר 200 גרם,כפיר,,צהובה טובה לייט קלאס,גרמים,200.00,100 גרם,false,1,12.90,6.45,true,1,
7290003189557,false,הצהובה הטובה לייט מעושנת 5% כפיר 200 גרם,צי תעשיות מזון יבנה,,צהובה טובה מעושנת 5%,גרמים,200.00,100 גרם,false,1,13.90,6.95,true,1,
7290003189571,false,הצהובה הטובה שום שמיר 5% כפיר 200 גרם,כפיר,,צהובה טובה שום שמיר,גרמים,200.00,100 גרם,false,1,13.90,6.95,true,1,
7290003192373,false,שום פרוס,,,"קפה 1 ק""ג",Unknown,0.00,Unknown,false,1,110.00,110.00,true,1,
7290003208579,false,וודקה גריי גוס רגיל 1 ליטר,,,וודקה גריי גוס 1 ליט,מיליליטרים,1000.00,"100 מ""ל",false,1,144.90,14.49,true,1,
7290003208586,false,"וורמוט מרטיני לבן 750 מ""ל",מרטיני ורוסי,,וורמוט מרטיני לבן 75,Unknown,0.00,Unknown,false,1,49.90,49.90,true,1,
7290003208593,false,"וורמוט מרטיני לבן יבש 750 מ""ל",מרטיני ורוסי,,וורמוט מרטיני לבן יב,Unknown,0.00,Unknown,false,1,49.90,49.90,true,1,
7290003208609,false,"וורמוט מרטיני אדום מתוק 750 מ""ל",מרטיני ורוסי,,וורמוט מרטיני אדום מ,Unknown,0.00,Unknown,false,1,49.90,49.90,true,1,
7290003208647,false,"יין מבעבע מרטיני ברוט 750 מ""ל",,,יין מבעבע מרטיני ברו,Unknown,0.00,Unknown,false,1,64.90,64.90,true,1,
7290003208715,false,"וורמוט מרטיני רוסטו 750 מ""ל",,,וורמוט מרטיני רוסטו,Unknown,0.00,Unknown,false,1,49.90,49.90,true,1,
7290003213115,false,הל טחון במשקל,,,הל טחון במשקל,גרמים,0.00,"ק""ג",true,0,299.00,299.00,true,1,
7290003220502,false,"ווק מי קוקוס WOK 400 מ""ל",תאי קוקונאט,,WOK מי קוקוס 400 מל,מיליליטרים,400.00,"100 מ""ל",false,1,7.30,1.83,true,1,
7290003220588,false,"רוטה צ'ילי מתוק ללא סוכר 700 מ""ל WOK",תאי פרידה אינדסטרי ב,,רוטב צ`ילי מתוק ללא,מיליליטרים,700.00,"100 מ""ל",false,1,17.70,2.53,true,1,
7290003220595,false,"ווק אורז לסושי 1 ק""ג WOK","מיה תעשיות מזון בע""מ",,אורז לסושי 1 ק`ג,גרמים,1000.00,100 גרם,false,1,13.50,1.35,true,1,
7290003220717,false,WOK אצות נורי סילבר 10 יחידות,ג'י וואן גלובול נאט,,אצות נורי לסושי 41 ג,גרמים,41.00,100 גרם,false,1,11.40,27.80,true,1,
7290003220779,false,"ווק אטריות אורז עובי 3 מ""מ 400 גרם",אסיאן סופירה פודס חב,,מקלוני אורז 3 ממ 400,גרמים,400.00,100 גרם,false,1,9.90,2.48,true,1,
7290003220786,false,"אטריות אורז ללא גלוטן 5 מ""מ 400 ג' WOK",אסיאן סופירה פודס חב,,מקלוני אורז 5 מ`מ 40,גרמים,400.00,100 גרם,false,1,9.90,2.48,true,1,
7290003220878,false,"רוטב מירין לתיבול 500מ""ל",דיאמונד פריזרוד פודס,,רוטב מירין לתיבול 50,מיליליטרים,500.00,"100 מ""ל",false,1,23.90,4.78,true,1,
7290003220939,false,אטריות אורז דקיקות ללא גלוטן 400 ג' WOK,אסיאן סופירה פודס חב,,מקלוני אורז דקים 400,גרמים,400.00,100 גרם,false,1,9.90,2.48,true,1,
7290003220977,false,מעדני המלך ביסקוויט חצי ירח מצופה 175 גר,רזיט שיווק בעמ,IL,מעדני המלך חצי ירח מ,גרמים,175.00,100 גרם,false,1,7.90,4.51,true,1,
7290003224029,false,כיסונים דובדבנים 400גרם,מאמא מרי,,כיסונים דובדבנים 400,גרמים,400.00,100 גרם,false,1,26.50,6.63,true,1,
7290003224036,false,אוכמניות כחולות מוקפאות 300 גר`מאמא מרי,מאמא - מרי בעמ,,אוכמניות כחולות 300,גרמים,300.00,100 גרם,false,1,19.90,6.63,true,1,
7290003224128,false,כיסוני תפוא 800 גר`קפוא מאמא מרי,מאמא - מרי בעמ,,"כיסונים תפו""א 800 גר",גרמים,800.00,100 גרם,false,1,21.90,2.74,true,1,
7290003224135,false,כיסונים במילוי בשר 800 גר`קפוא מאמא מרי,מאמא - מרי בעמ,,כיסונים בשר 800 גרם,גרמים,800.00,100 גרם,false,1,24.90,3.11,true,1,
7290003224142,false,"בלינצ'ס תפ""א ופטריות 7 יחידות",מאמא מרי,,"בלינצס תפו""א ופטריות",Unknown,0.00,Unknown,false,1,21.90,21.90,true,1,
7290003224159,false,בלינצ`ס במילוי בשר 400 גר`מאמא מרי,מאמא - מרי בעמ,,בלינצס בשר 7 יח,Unknown,0.00,Unknown,false,1,24.90,24.90,true,1,
7290003224173,false,בלינצ'יס פטריות 7 יחידות,"מאמא מרי בע""מ",,בלינצס פטריות 7 יח,גרמים,700.00,100 גרם,false,1,21.90,3.13,true,1,
7290003224272,false,כיסונים בשר מוסקובסקי 1 קג`קפוא מאמא מר,מאמא - מרי בעמ,,כיסונים מוסקובסקי 1,גרמים,1000.00,100 גרם,false,1,32.90,3.29,true,1,
7290003224333,false,דובדבנים חמוצים מגול,מאמא מרי,,דובדבן חמוץ 300 גרם,גרמים,300.00,100 גרם,false,1,13.90,4.63,true,1,
7290003224357,false,קוואס משקה מאלט ביתי,,,קוואס ביתי 2 ליטר,ליטרים,0.00,ליטר,false,1,15.90,15.90,true,1,
7290003224456,false,"כיסונים בשר סיבירסקי מאמא מרי 1 ק""ג",מאמא - מרי בעמ,,כיסונים בשר סיבירסקי,גרמים,1000.00,100 גרם,false,1,29.90,2.99,true,1,
7290003224463,false,כיסונים בשר אוראינסקי 1 קג`מאמא מרי,מאמא - מרי בעמ,,כיסונים בשר - אוקראי,גרמים,1000.00,100 גרם,false,1,29.90,2.99,true,1,
7290003224470,false,כיסוני בשר 1 קג קפוא מאמא מרי,מאמא - מרי בעמ,,כיסונים בשר - קייבסק,גרמים,1000.00,100 גרם,false,1,29.90,2.99,true,1,
7290003224487,false,"כיסונים בשר 1 ק""ג מאמא מרי",מאמא - מרי בעמ,,כיסונים בשר מאמא מרי,גרמים,1000.00,100 גרם,false,1,29.90,2.99,true,1,
7290003224555,false,פטל אדום 300 גרם,מאמא מרי,,פטל אדום 300 גרם,גרמים,300.00,100 גרם,false,1,21.90,7.30,true,1,
7290003224616,false,כיסונים בטעם גבינה מלוחה ופסטו 400 גרם,מאמא מרי,,כיסונים בטעם גבינה מ,גרמים,400.00,100 גרם,false,1,25.99,6.50,true,1,
7290003224623,false,כיסטנים גבינה מתוקה 400 ג' מאמא מרי,מאמא מרי,,כיסונים בטעם גבינה,גרמים,400.00,100 גרם,false,1,24.90,6.23,true,1,
7290003224654,false,מיקס פירות יער 380 גרם,מאמא מרי,,מיקס פירות יער 380 ג,גרמים,380.00,100 גרם,false,1,13.90,3.66,true,1,
7290003224746,false,פירות יער דמדמניות שחורות קפוא 300 גר,מאמא מרי,,דמדמניות שחורות קפוא,גרמים,300.00,100 גרם,false,1,13.90,4.63,true,1,
7290003224784,false,בלינצ'ס עם דובדבנים 7 יחידות,מאמא מרי,,בלינצס דובדבן,Unknown,0.00,Unknown,false,1,23.90,23.90,true,1,
7290003224845,false,"כיסונים תפו""א ופטריות VEGAN 800 גרם","מאמא מרי בע""\מ",,"כיסונים תפו""א ופטריו",גרמים,800.00,100 גרם,false,1,21.90,2.74,true,1,
7290003229109,false,פסטרמה הודו בפפריקה טירת צבי (400 גרם),תנובה מרכז שיתופי לשיווק תוצרת,,פסטרמה בפפריקה 400 ג,גרמים,400.00,100 גרם,false,1,25.90,6.48,true,1,
7290003229116,false,פסטרמה הודו בדבש שומן טירת צבי 400 גרם,תנובה מרכז שיתופי לשיווק תוצרת,,פסטרמה בדבש 400 גרם,גרמים,400.00,100 גרם,false,1,25.90,6.48,true,1,
7290003229123,false,פסטרמה הודו על גחלים 2% טירת צבי 400 גרם,תנובה מרכז שיתופי לשיווק תוצרת,,פסטרמה על גחלים,גרמים,400.00,100 גרם,false,1,25.90,6.48,true,1,
7290003229147,false,נקניק סלמי איטלקי מעושן טירת צבי 300 גרם,תנובה מרכז שיתופי לשיווק תוצרת,,סלמי איטלקי 300 גרם,גרמים,300.00,100 גרם,false,1,25.90,8.63,true,1,
7290003229154,false,נקניק סלמי קוניאק טירת צבי 300 גרם,תנובה מרכז שיתופי לשיווק תוצרת,,סלמי קוניאק 300 גרם,גרמים,300.00,100 גרם,false,1,25.90,8.63,true,1,
7290003229192,false,נקניק כתף בקר מעושן 2% טירת צבי 400 גרם,תנובה מרכז שיתופי לשיווק תוצרת,,כתף בקר מעושן 400 גר,גרמים,400.00,100 גרם,false,1,28.90,7.23,true,1,
7290003229208,false,פסטרמה ספרדית 2% טירת צבי 360 גרם,תנובה מרכז שיתופי לשיווק תוצרת,,פסטרמה ספרדית 360 גר,גרמים,360.00,100 גרם,false,1,29.90,8.31,true,1,
7290003229215,false,פסטרמה איטלקית 3.5% טירת צבי 360 גרם,תנובה מרכז שיתופי לשיווק תוצרת,,פסטרמה איטלקית 360 ג,גרמים,360.00,100 גרם,false,1,29.90,8.31,true,1,
7290003229222,false,נקניק סלמי תה טירת צבי 300 גרם,תנובה מרכז שיתופי לשיווק תוצרת,,סלמי תה משובח 300 גר,גרמים,300.00,100 גרם,false,1,19.90,6.63,true,1,
7290003251308,false,"אציטון משובח 100 מ""",שוורץ,,"אציטון 100 מ""ל",מיליליטרים,10.00,"100 מ""ל",false,1,4.90,49.00,true,1,
7290003287260,false,צ'וריסוס הקצביה 600 גרם בלדי,בלדי בע`מ,,צוריסוס 600 גרם קפוא,גרמים,600.00,100 גרם,false,1,29.50,4.92,true,1,
7290003287291,false,קבב טלה וצנובר קצביה ארוז 600 ג' - 8 יח',בלדי בע`מ,,קבב טלה וצנובר 500 ג,גרמים,500.00,100 גרם,false,1,29.50,5.90,true,1,
7290003287314,false,קבב על מקל קינמון קצביה ארוז 520 ג' - 8 יח',בלדי בעמ,,קבב על מקל קינמון 52,גרמים,520.00,100 גרם,false,1,29.50,5.67,true,1,
7290003310555,false,"מאגדת טילון קרם עוגיות 4*100 מ""ל בן וג'ירי",מוצרי איכות אמריקאיים בעמ,,רביעית טילונים קרם ע,Unknown,0.00,Unknown,false,1,29.50,29.50,true,1,
7290003321155,false,יוגורט בר עם פקאן מצופה שוקולד 183 ג' דנונה,שטראוס גרופ בעמ/מצונן,,דנונה בר פקאן 183 גר,גרמים,183.00,100 גרם,false,1,4.60,2.51,true,1,
7290003364008,false,מטקות חלולות בתיק PVC/ צעצועי דורון קב 8,צעצועי דורון,,מטקות חלולות בתיק PV,Unknown,0.00,Unknown,false,1,49.90,49.90,true,1,
7290003364039,false,משחק פעילות מיוחד,General,CN,צעצועי דורון,Unknown,0.00,Unknown,false,1,69.90,69.90,true,1,
7290003364107,false,צעצועים שונים 7,צעצועי דורון ~~~,,צעצועים שונים 7,Unknown,0.00,Unknown,false,1,39.90,39.90,true,1,
7290003364398,false,כלי תחבורה מיוחד,צעצועי דורון ~~~,CN,כלי תחבורה,Unknown,0.00,Unknown,false,1,49.90,49.90,true,1,
7290003364428,false,בובה מיוחדת קבוצה 8,צעצועי דורון ~~~,,בובות פרווה,Unknown,0.00,Unknown,false,1,49.90,49.90,true,1,
7290003364794,false,בובות פרווה,צעצועי דורון ~~~,,בובות פרווה,Unknown,0.00,Unknown,false,1,32.90,32.90,true,1,
7290003364978,false,בייבליידס בקופסה.,,,סביבונים בליידס,יחידה,1.00,יחידה,false,1,49.90,49.90,true,1,
7290003387205,false,ספיד סטיק - דאודורנט סטיק לגבר רגולר,הנסיך- מפעל לייצור ט,,ספיד סטיק לגבר רגיל,גרמים,64.00,100 גרם,false,1,20.90,32.66,true,1,
7290003400500,false,חטיף הרשי ריזס נאטרייגיס 47 גרם,ליימן מותגים,,חטיף הרשי ריזס,גרמים,47.00,100 גרם,false,1,5.80,12.34,true,1,
7290003401376,false,"קרם לחות ועיצוב לשיער אלוורה נטורל 400 מ""ל",החברה הדרומית לשיווק בעמ,,קרם לחות ועיצוב לשיע,מיליליטרים,400.00,"100 מ""ל",false,1,24.90,6.23,true,1,
7290003402809,false,חטיף הרשי ריזס שוקולד לבן 39 גר,ליימן מותגים,US,חטיף הרשי ריזס שוקול,גרמים,39.00,100 גרם,false,1,3.90,10.00,true,1,
7290003411276,false,עמבה הודית מובחרת הנמל 600ג',הנמל אריזות ושיווק (1984) בעמ,,עמבה פרי 500 גרם,גרמים,500.00,100 גרם,false,1,12.40,2.48,true,1,
7290003411405,false,נר נשמה להבית 24 שעות,מיוצר בסין.יבוא ושיו,,נר נשמה בפח הנמל 24,Unknown,0.00,Unknown,false,1,2.70,2.70,true,1,
7290003411832,false,גרנולה אגוזים הנמל (400 גרם),הנמל אריזות ושיווק (1984) בעמ,,גרנולה אגוזים 400 גר,גרמים,400.00,100 גרם,false,1,12.90,3.23,true,1,
7290003411948,false,צמר גפן הנמל 100 יחידות,הנמל אריזות ושיווק 1984 בע`מ,,צמר גפן 100 גרם,Unknown,0.00,Unknown,false,1,5.50,5.50,true,1,
7290003411993,false,גפרורים הנמל 10 יחידות,הנמל אריזות ושיווק (1984) בעמ,,גפרורים 10 יח,Unknown,0.00,Unknown,false,1,2.90,2.90,true,1,
7290003414406,false,הרשי ריזס נטיפי אפייה בוטנים 283 גר',ליימן מותגים,,ריזס נטיפי לאפייה 28,גרמים,283.00,100 גרם,false,1,16.60,5.87,true,1,
7290003423909,false,חטיף קוקיס אנד קרים לבן 43 גרם,ליימן מותגים,,חטיף הרשי קוקיס קרם,Unknown,0.00,Unknown,false,1,4.90,4.90,true,1,
7290003427154,false,"שמן זית כתית מעולה טעם מעודן זיתא 750 מ""ל",תה ויסוצקי (ישראל) בעמ,IL,שמן זית כתית מעולה מ,מיליליטרים,750.00,"100 מ""ל",false,1,32.90,4.39,true,1,
7290003438006,false,ממרח אולביה פסטו וצנובר איטלקי 190ג',תה ויסוצקי (ישראל) בעמ,,ממרח פסטו איטלקי,גרמים,180.00,100 גרם,false,1,13.90,7.72,true,1,
7290003438013,false,7290003אוליביה ממרח זיתים ירוקים 190 גרם,תה ויסוצקי (ישראל) בעמ,,ממרח זיתים ירוקים,גרמים,190.00,100 גרם,false,1,13.90,7.32,true,1,
7290003438020,false,אוליביה ממרח עגבניות מיובשות (190 גרם),תה ויסוצקי (ישראל) בעמ,,ממרח עגבניות מיובשות,גרמים,190.00,100 גרם,false,1,13.90,7.32,true,1,
7290003438709,false,ממרח אולביה זיתים שחורים וירוקים 190 ג',תה ויסוצקי (ישראל) בעמ,,ממרח זיתים שחורים,גרמים,190.00,100 גרם,false,1,13.90,7.32,true,1,
7290003438853,false,אוליביה ממרח אריסה חריפה 185 גר ',תה ויסוצקי (ישראל) בעמ,,אריסה חריפה אוליביה,גרמים,180.00,100 גרם,false,1,13.90,7.72,true,1,
7290003438990,false,עיטורי עגבניות מיובשות וזיתים אוליביה 280 ג',תה ויסוצקי (ישראל) בעמ,,עיטורי עגבניות מיובש,גרמים,280.00,100 גרם,false,1,19.80,7.07,true,1,
7290003441082,false,פרוביוטיק Basic - לשימוש יומיומי,אלטמן,,פרוביוטיק (60) חסכון,Unknown,0.00,Unknown,false,1,93.90,93.90,true,1,
7290003441228,false,פרוביוטיק בייסיק25 כמוסו,אלטמן,,פרוביוטיק (25) כשר,Unknown,0.00,Unknown,false,1,44.90,44.90,true,1,
7290003444009,false,הרשי ריזס חטיף במילוי בוטנים 42 גרם,ליימן מותגים,,חטיף הרשי ריזס שוקול,גרמים,42.00,100 גרם,false,1,3.90,9.29,true,1,
7290003450602,false,חרדל אמיתי צהוב בקבוק לחיץ 255 גר,היינץ צפון אמריקה מקבוצת ה.י.היינץ,,ממרח חרדל צהוב היינץ,גרמים,255.00,100 גרם,false,1,8.90,3.49,true,1,
7290003451012,false,בקלה צעיר קפוא,,AR,בקלה צעיר קפוא,Unknown,0.00,"ק""ג",true,0,22.00,22.00,true,1,
7290003457991,false,טילון קורנטו וניל עם וופל ואגוזי לוז מסוכרים,"גלידת שטראוס בע""\מ, רחוב",,קורנטו קלאסיק וניל 6,גרמים,360.00,100 גרם,false,1,34.90,9.69,true,1,
7290003464531,false,אסאדו עגל טרי,,,אסאדו עגל טרי,Unknown,0.00,"ק""ג",true,0,49.90,49.90,true,1,
7290003464791,false,שוק טלה טרי עם עצם,,,שוק טלה טרי עם עצם,Unknown,0.00,"ק""ג",true,0,104.90,104.90,true,1,
7290003464883,false,אגוז טרי,,,אגוז עגל טרי,Unknown,0.00,"ק""ג",true,0,64.90,64.90,true,1,
7290003478002,false,סחוג אדום של רומיה 150 גר,הסחוג הביתי של רומיה,,סחוג אדום של רומיה 1,גרמים,150.00,100 גרם,false,1,10.50,7.00,true,1,
7290003478019,false,סחוג ירוק של רומיה 150 גר,הסחוג הביתי של רומיה,,סחוג ירוק של רומיה 1,גרמים,150.00,100 גרם,false,1,10.50,7.00,true,1,
7290003478040,false,עמבה של רומיה 250 גרם,הסחוג הביתי של רומיה,,עמבה של רומיה 250 גר,גרמים,250.00,100 גרם,false,1,10.50,4.20,true,1,
7290003478132,false,פלפל צומה של רומיה 250 גר,הסחוג הביתי של רומיה,,פלפל צומה של רומיה 2,גרמים,250.00,100 גרם,false,1,10.50,4.20,true,1,
7290003478156,false,שום כתוש של רומיה 250 גר,הסחוג הביתי של רומיה,,שום כתוש של רומיה 25,גרמים,250.00,100 גרם,false,1,11.90,4.76,true,1,
7290003514571,false,פריכונים אורז עם מלח מנה (100 גרם),ש.שסטוביץ בעמ,,מנה פריכיות אורז עם,גרמים,100.00,100 גרם,false,1,6.50,6.50,true,1,
7290003520572,false,מטריות חרובים שקית בודד (בשרוול 6 שקיות),תופינית,,מטריות שישייה עץ חרו,גרמים,54.00,100 גרם,false,1,15.60,28.89,true,1,
7290003521074,false,סרקל מרכך שיער לילדים דר. פישר (1 ליטר),"פישר תעשיות פרמבצטיות בע""מ",,מרכך סרקל דר פישר 1,מיליליטרים,1000.00,"100 מ""ל",false,1,31.50,3.15,true,1,
7290003521081,false,"סרקל שמפו אל דמע לילדים ד""ר פישר 1 ליטר","פישר תעשיות פרמצביטות בע""מ",,שמפו סרקל דר פישר 1,מיליליטרים,1000.00,"100 מ""ל",false,1,31.50,3.15,true,1,
7290003521197,false,"ד""ר פישר - סרקל תרסיס מתיר קשרים 340 מ""ל","פישר תעשיות פרמצביטות בע""מ",,תרסיס מתיר קשרים סרק,מיליליטרים,340.00,"100 מ""ל",false,1,29.70,8.74,true,1,
7290003521760,false,"אפטרסול ג'ל אלוורה שפורפרת ד""ר פישר 200 מ""ל","פישר תעשיות פרמצביטות בע""מ",,אפטרסול גל אלוורה,מיליליטרים,200.00,"100 מ""ל",false,1,32.90,16.45,true,1,
7290003570089,false,מנות פילה סלמון נורבגי קפוא בלדי,,,מנות פילה סלמון,Unknown,0.00,"ק""ג",true,0,92.90,92.90,true,1,
7290003570171,false,מינוט שניצל 300 גרם / 20 יחידות,"בלדי בע""\מ",,מינוט שניצל 300 גרם,גרמים,300.00,100 גרם,false,1,24.90,8.30,true,1,
7290003570928,false,קבב בלדי קצביה ארוז קפוא 500ג',בלדי בעמ,,קבב 500 גרם,גרמים,500.00,100 גרם,false,1,29.50,5.90,true,1,
7290003578108,false,חתיכות אננס בסירופ קל וילי פוד (850 גרם),ג.וילי פוד אינטרנשיונל בעמ,TH,חתיכות אננס בסירופ ק,גרמים,850.00,100 גרם,false,1,9.90,1.16,true,1,
7290003578290,false,וילי פוד מקלוני אורז בדץ 300ג,ג. וילי-פוד אינטרנשיונל בע`מ,,מקלוני אורז 300 גרם,גרמים,1000.00,100 גרם,false,1,5.90,0.59,true,1,
7290003578313,false,דובדבנים ללא חרצנים ויליפוד 680 גרם,ג. וילי-פוד אינטרנשיונל בע`מ,,דובדבנים ללא חרצנים,גרמים,680.00,100 גרם,false,1,11.00,1.62,true,1,
7290003598311,false,דק דק אנטריקוט 300 גר`קפוא פרוס מינוט,"בלדי בע""\מ",IL,מינוט סטייק 300 גרם,גרמים,300.00,100 גרם,false,1,34.90,11.63,true,1,
7290003610112,false,צוואר בלי עצם טרי,,,צוואר בלי עצם טרי,Unknown,0.00,"ק""ג",true,0,59.90,59.90,true,1,
7290003610129,false,בשר טחון טרי לקבב/המבורגר,,,בשר טחון טרי,Unknown,0.00,"ק""ג",true,0,39.90,39.90,true,1,
7290003637003,false,לחם שיפון מיוחד,,,לחם שיפון מיוחד,גרמים,600.00,100 גרם,false,1,16.90,2.82,true,1,
7290003637010,false,לחם עבדת,,,לחם עבדת,Unknown,0.00,Unknown,false,1,16.90,16.90,true,1,
7290003637065,false,לחם שיפון עם קימל 600 גרם,,IL,לחם שיפון עם קימל 60,גרמים,600.00,100 גרם,false,1,16.90,2.82,true,1,
7290003637072,false,לחם שיפון דגנים,,,לחם שיפון דגנים 600,גרמים,600.00,100 גרם,false,1,16.90,2.82,true,1,
7290003643004,false,אורז בסמטי קלאסי סוגת (1 קג),האי נאם סי או אל.טי.,,"אורז בסמטי 1 ק""ג",גרמים,1000.00,100 גרם,false,1,13.90,1.39,true,1,
7290003643127,false,עשיריה אבקת אפיה 10*10 גרם סוגת,גוד פוד פרודקטס S.p,,אבקת אפיה 10*10 גרם,גרמים,100.00,100 גרם,false,1,3.00,3.00,true,1,
7290003643134,false,סוכר וניל סוגת 100 גרם מארז 10 יחידות,גוד פוד פרודקטס S.p,,סוכר וניל 10*10 גרם,גרמים,100.00,100 גרם,false,1,3.00,3.00,true,1,
7290003643165,false,סוגת קורנפלור 500 גרם,סוגת תעשיות בעמ,,קורנפלור 500 גרם,גרמים,500.00,100 גרם,false,1,6.10,1.22,true,1,
7290003643325,false,קוסקוס בינוני סוגת (350 גרם),"אסיף תעשיות מזון בע""\מ",,קוסקוס בינוני 350 גר,גרמים,350.00,100 גרם,false,1,5.00,1.43,true,1,
7290003643387,false,"סוכר אריזת פלסטיק 1 ק""ג סוגת",האי נאם סי או אל.טי.,,"סוכר לבן בצנצנת 1 ק""",גרמים,1000.00,100 גרם,false,1,7.90,0.79,true,1,
7290003643646,false,"סוכר דמררה קלאסי בצנצנת סוגת 1 ק""ג",האי נאם סי או אל.טי.,,סוכר חום דמררה צנצנת,גרמים,1000.00,100 גרם,false,1,12.90,1.29,true,1,
7290003643707,false,גריסים סוגת (500 גרם),"סוגת תעשיות בע""מ",,גריסים 500 גרם,גרמים,500.00,100 גרם,false,1,5.20,1.04,true,1,
7290003643714,false,חומוס גרגירים 500 גרם סוגת,האי נאם סי או אל.טי.,,חומוס 500 גרם,גרמים,500.00,100 גרם,false,1,7.90,1.58,true,1,
7290003643738,false,חיטה סוגת (500 גרם),האי נאם סי או אל.טי.,,חיטה 500 גרם,גרמים,500.00,100 גרם,false,1,5.20,1.04,true,1,
7290003643745,false,כוסמת סוגת (500 גרם),האי נאם סי או אל.טי.,,כוסמת 500 גרם,גרמים,500.00,100 גרם,false,1,6.90,1.38,true,1,
7290003643752,false,עדשים ירוקים יבש סוגת 500 גר',האי נאם סי או אל.טי.,,עדשים ירוקים 500 גרם,גרמים,500.00,100 גרם,false,1,7.90,1.58,true,1,
7290003643769,false,עדשים אדומים יבש סוגת 500 גר',"סוגת תעשיות בע""\מ",,עדשים אדומים 500 גרם,גרמים,500.00,100 גרם,false,1,8.50,1.70,true,1,
7290003643776,false,"פופקורן גרעינים סוגת 500 ג' כשל""פ",האי נאם סי או אל.טי.,,פופקורן 500 גרם,גרמים,500.00,100 גרם,false,1,5.90,1.18,true,1,
7290003643783,false,קוקוס טחון סוגת 100 גרם,האי נאם סי או אל.טי.,,קוקוס 100 גרם,גרמים,100.00,100 גרם,false,1,3.90,3.90,true,1,
7290003643806,false,שעועית לבנה יבשה סוגת (500 גרם),האי נאם סי או אל.טי.,,שעועית לבנה 500 גרם,גרמים,500.00,100 גרם,false,1,11.80,2.36,true,1,
7290003643813,false,שעועית אדומה יבשה סוגת 500 גר',האי נאם סי או אל.טי.,,שעועית אדומה 500 גרם,גרמים,500.00,100 גרם,false,1,12.50,2.50,true,1,
7290003643820,false,חומוס ענק יבש סוגת 500 גרם,"סוגת תעשיות בע""\מ",,חומוס ענק 500 גר,גרמים,500.00,100 גרם,false,1,10.40,2.08,true,1,
7290003703173,false,בונז'ור לחמנית כריך ג'בטה 150ג',בונז'ור,,גיבטה כריך,Unknown,0.00,Unknown,false,1,6.60,6.60,true,1,
7290003719259,false,לחם אקסקלוסיבי פרוס ליבו (1 קג),מאפית י את א ברמן בע,,ליבו לחם טבעי,גרמים,1000.00,100 גרם,false,1,16.50,1.65,true,1,
7290003726011,false,טופו רך כפרי בריא 30,Unknown,,טופו רך כפרי בריא 30,גרמים,300.00,100 גרם,false,1,14.60,4.87,true,1,
7290003726110,false,טופו אורגני בוואקום,Unknown,,טופו אורגני (רגיל) ב,גרמים,300.00,100 גרם,false,1,13.90,4.63,true,1,
7290003726479,false,טופו אורגני 1 קג כפ,,,טופו אורגני 1 קג כפ,גרמים,1000.00,100 גרם,false,1,42.90,4.29,true,1,
7290003726615,false,"טופו ויילר 300 גרם ""שטראוס""",שטראוס גרופ בעמ/מצונן,,טופו וילר 300 גר,גרמים,300.00,100 גרם,false,1,11.90,3.97,true,1,
7290003726622,false,טופו פיקנטי 300 ג' משק ויילר,שטראוס גרופ בעמ/מצונן,IL,טופו פיקנטי וילר 300,גרמים,300.00,100 גרם,false,1,13.90,4.63,true,1,
7290003726684,false,טופו חומוס בטעם טבעי 300 ג' משק ויילר,שטראוס גרופ בעמ/מצונן,IL,טופו וילר בטעם טבעי,גרמים,300.00,100 גרם,false,1,13.90,4.63,true,1,
7290003744428,false,אובלטים מלוחים דקדקים קימל ברט (300 גרם),שוקוטרייד בעמ,,אובלטים 300 גר קימל,גרמים,300.00,100 גרם,false,1,10.90,3.63,true,1,
7290003744855,false,אובלטים עם שומשום 300 גר,שוקוטרייד בעמ,,אובלטים שומשום 300 ג,גרמים,300.00,100 גרם,false,1,10.90,3.63,true,1,
7290003779086,false,סלרי ראש,,,סלרי ראש,Unknown,0.00,Unknown,false,1,5.90,5.90,true,1,
7290003779093,false,סלרי עלים,,,סלרי עלים,Unknown,0.00,Unknown,false,1,5.90,5.90,true,1,
7290003779116,false,שורש פטרוזיליה,,,שורש פטרוזיליה,Unknown,0.00,Unknown,false,1,5.90,5.90,true,1,
7290003779628,false,פלפל צילי אדום טרי,עומר יבולים בעמ*שיק ל 60 יום*,,פלפל צילי חריף,Unknown,0.00,Unknown,false,1,6.90,6.90,true,1,
7290003781065,false,מלפפונים בחומץ קטנים מאוד וילי פוד 370 גרם,ג. וילי-פוד אינטרנשיונל בע`מ,VN,מלפפונים בסגנון צרפת,ליטרים,0.68,ליטר,false,1,10.90,16.03,true,1,
7290003781652,false,צלפים במי מלח וילי פוד 230 גרם,ג. וילי-פוד אינטרנשיונל בע`מ,TR,צלפים 350 גרם,גרמים,350.00,100 גרם,false,1,11.00,3.14,true,1,
7290003781850,false,גבינת קשקבל פרוסות 200 גרם ויליפוד.,ג.וילי-פוד אינטרנשיונל **גבינו,IL,גבינת קשקבל פרוסות 2,גרמים,200.00,100 גרם,false,1,22.90,11.45,true,1,
7290003804252,false,תיבוליות לאורז בנוסח הודי קנור 80גרם,יוניליוור ישראל שיווק בע`מ,,תיבולית נוסח הודי קנ,גרמים,72.00,100 גרם,false,1,11.40,15.83,true,1,
7290003804320,false,תיבולית קנור שום ופטורזיליה 72 גרם,"יוניליוור ישראל שיווק בע""מ",,תיבולית שום קנור 72,גרמים,95.00,100 גרם,false,1,11.40,12.00,true,1,
7290003804368,false,תיבוליות בזיליקום קנור (8 יח`- 72 גרם),"יוניליוור ישראל שיווק בע""מ",,תיבולית בזיליקום קנו,גרמים,72.00,100 גרם,false,1,11.40,15.83,true,1,
7290003804382,false,תיבוליות פטריות קנור (8 יח`- 72 גרם),יוניליוור ישראל שיווק בע`מ,,תיבולית פטריות קנור,גרמים,72.00,100 גרם,false,1,11.40,15.83,true,1,
7290003805501,false,"פתית בסגנון שוודי תלמה בד""צ 300 גרם",יוניליוור ישראל שיווק בע`מ,,פתית שוודי חסכוני בד,גרמים,300.00,100 גרם,false,1,16.90,5.63,true,1,
7290003805587,false,"פתית חיטה מלאה בד""צ 250 גרם-קופסא",יוניליוור ישראל שיווק בע`מ,,"פתית חיטה מלאה בד""צ",גרמים,250.00,100 גרם,false,1,16.90,6.76,true,1,
7290003807178,false,"רוטב קנור סויה בסגנון סיני 300 מ""ל","יוניליוור ישראל שיווק בע""מ",,רוטב קנור סויה בסגנו,מיליליטרים,300.00,"100 מ""ל",false,1,10.90,3.63,true,1,
7290003807482,false,קנור רוטב טריאקי מופחת נתרן 370 גרם,"יוניליוור ישראל שיווק בע""מ",,רוטב קנור טריאקי 30,מיליליטרים,300.00,"100 מ""ל",false,1,10.90,3.63,true,1,
7290003864478,false,סרדינים בשמן צמחי פתח קל ויליפוד 110 גרם,ג.וילי-פוד אינטרנשיונל בעמ,,סרדינים בשמן צמחי 11,גרמים,110.00,100 גרם,false,1,5.20,4.73,true,1,
7290003864485,false,סרדינים ברוטב עגבנ יות ויליפוד 110ג' פתח קל,ג. וילי-פוד אינטרנשיונל בע`מ,,סרדינים ברוטב עגבניו,גרמים,110.00,100 גרם,false,1,5.20,4.73,true,1,
7290003864492,false,סרדין בשמן צמחי חריף פתח קל ויליפוד 110 גרם,ג. וילי-פוד אינטרנשיונל בע`מ,,סרדינים בשמן צמחי חר,גרמים,110.00,100 גרם,false,1,5.20,4.73,true,1,
7290003882922,false,עלי גפן ממולאים באורז וילי פוד 360 גרם,ג. וילי-פוד אינטרנשיונל בע`מ,,עלי גפן ממולאות באור,גרמים,400.00,100 גרם,false,1,8.90,2.23,true,1,
7290003896141,false,חטיף ספרדי פיקנטי אלמנדוס 200 גרם,הדקלאים אגודת שיתופי,,חטיף ספרדי פיקנטי אל,גרמים,200.00,100 גרם,false,1,10.90,5.45,true,1,
7290003903771,false,קפה נמס קפוצ'ינו רגיל 200 ג',שטראוס גרופ בע`מ,,קפוצינו רגיל 200 גרם,גרמים,200.00,100 גרם,false,1,29.90,14.95,true,1,
7290003976003,false,אקופרינד-ניקוי אסלות 750 מל,אקופרנד,,אקופרינד-ניקוי אסלות,מיליליטרים,750.00,"100 מ""ל",false,1,13.90,1.85,true,1,
7290003976010,false,מרכך כביסה לבנדר 4 ליטר,אקופרנד,,מרכך כביסה לבנדר 4 ל,ליטרים,0.00,ליטר,false,1,31.90,31.90,true,1,
7290003976034,false,אקופרנד מרכך כביסה חבצלת 4 ל נטורפוד,אקופרנד,,אקופרנד מרכך כביסה ח,ליטרים,0.00,ליטר,false,1,31.90,31.90,true,1,
7290003976058,false,אקופרינד-מרכך כביסה חבצלות מרוכז,אקופרנד,,אקופרינד-מרכך כביסה,מיליליטרים,1000.00,"100 מ""ל",false,1,19.90,1.99,true,1,
7290003976065,false,אקופרנד מרכך כביסה מרוכז קסם אביבי 1 ליט,אקופרנד,,אקופרנד מרכך כביסה מ,מיליליטרים,1000.00,"100 מ""ל",false,1,19.90,1.99,true,1,
7290003976089,false,אקופרנד ג'ל כביסה 4 ליטר,סאסטרק,,גל כביסה למכונה 4 לי,ליטרים,0.00,ליטר,false,1,47.90,47.90,true,1,
7290003976096,false,אקופרינד-גל כביסה מרוכז 1 ליטר,אקופרנד,,אקופרינד-גל כביסה מר,מיליליטרים,1000.00,"100 מ""ל",false,1,19.90,1.99,true,1,
7290003976119,false,אקופרנד נוזל כלים לבנדר ללא 750SLS מל,אקופרנד,,אקופרנד נוזל כלים לב,מיליליטרים,750.00,"100 מ""ל",false,1,14.90,1.99,true,1,
7290003976126,false,נוזל כלים לימון אלוורה ללא 750 SLS מל,אקופרנד,,נוזל כלים לימון אלוו,מיליליטרים,750.00,"100 מ""ל",false,1,14.90,1.99,true,1,
7290003976348,false,"נוזל חיטוי רב תכליתי גרין קר 750 מ""ל",,,נוזל חיטוי רב תכליתי,מיליליטרים,750.00,"100 מ""ל",false,1,11.90,1.59,true,1,
7290003976355,false,מרכך מרוכז לבנדר גרין קר 1 ליטר,,,מרכך מרוכז לבנדר גרי,מיליליטרים,1000.00,"100 מ""ל",false,1,11.90,1.19,true,1,
7290003976379,false,"מסיר שומנים וניקוי כללי גרין קר 750 מ""ל",,,מסיר שומנים וניקוי כ,מיליליטרים,750.00,"100 מ""ל",false,1,12.90,1.72,true,1,
7290003976393,false,גל כביסה גרין קר 3 ליטר,,,גל כביסה גרין קר 3 ל,ליטרים,0.00,ליטר,false,1,25.90,25.90,true,1,
7290003976409,false,מרכך מרוכז פרחים גרין קר 1 ליטר,,,מרכך מרוכז פרחים גרי,מיליליטרים,1000.00,"100 מ""ל",false,1,11.90,1.19,true,1,
7290003976430,false,"נוזל כלים לימון גרין קר 750 מ""ל",,,נוזל כלים לימון גרין,מיליליטרים,750.00,"100 מ""ל",false,1,6.90,0.92,true,1,
7290003976447,false,נוזל רצפות לבנדר גרין קר 2 ליטר,,,נוזל רצפות לבנדר גרי,מיליליטרים,750.00,"100 מ""ל",false,1,10.90,1.45,true,1,
7290003976454,false,נוזל רצפות פרחים גרין קר 2 ליטר,,,נוזל רצפות פרחים גרי,מיליליטרים,750.00,"100 מ""ל",false,1,10.90,1.45,true,1,
7290003976461,false,"ניקוי חלונות גרין קר 750 מ""ל",,,ניקוי חלונות גרין קר,מיליליטרים,750.00,"100 מ""ל",false,1,8.90,1.19,true,1,
7290003976478,false,"נוזל כלים תפוח 18% גרין קר 750 מ""ל",,,נוזל כלים תפוח 18% ג,מיליליטרים,750.00,"100 מ""ל",false,1,6.90,0.92,true,1,
7290003976560,false,"מטהר אוויר אוטומטי מיסטרי טאצ 250 מ""ל",סאסאטק אגשח בעמ,,מטהר אוויר מיסטרי טא,Unknown,0.00,Unknown,false,1,11.90,11.90,true,1,
7290003976584,false,מטהר אויר אוטומט( 250 מל)אקווה טאצ,סאסאטק אגשח בעמ,,מטהר אוויר אקווה טאצ,Unknown,0.00,Unknown,false,1,11.90,11.90,true,1,
7290003976713,false,נוזל רצפות פנטזי אנטיבקטריאלי טאצ' 2 ליטר,"סאסאטק אגש""\ח בע""\מ",,נוזל רצפות אנטיבקטרי,Unknown,0.00,Unknown,false,1,18.90,18.90,true,1,
7290003976768,false,"מרסס מסיר כתמים אוקסי פאואר 750 מ""ל טאצ'",,,מרסס מסיר כתמים אוקס,Unknown,0.00,Unknown,false,1,14.90,14.90,true,1,
7290003976928,false,"נוזל לכלים לפירות טאצ' 750 מ""ל",,,נ.כלים לפירות ללא צב,Unknown,0.00,Unknown,false,12,9.90,9.90,true,1,
7290003976966,false,טאצ' מרסס ניקוי כללי בתוספת חומץ 1 ליטר,"סאסאטק אגש""\ח בע""\מ",,מרסס ניקוי כללי בתוס,Unknown,0.00,Unknown,false,1,10.90,10.90,true,1,
7290003989096,false,סלט חצילים פיקנטי אחלה 500 גרם,שטראוס גרופ בעמ/מצונן,,חציל פיקנטי אחלה 500,גרמים,500.00,100 גרם,false,1,15.50,3.10,true,1,
7290003989539,false,רביולי עם גבינה שטראוס (400 גרם),שטראוס גרופ בעמ/מצונן,,רביולי גבינה 400 גר,גרמים,400.00,100 גרם,false,1,19.90,4.98,true,1,
7290003989553,false,פסטה טורטליני גבינה ופטריות 400 גרם,שטראוס גרופ בעמ/מצונן,,טורטילני פטריות 400,גרמים,400.00,100 גרם,false,1,19.90,4.98,true,1,
7290004011284,false,בסיס להכנת קצפת צמחי ריץ` (212 מל),ריצ' פרודקטס קורפריי,,בסיס הכנת קצפת 212 מ,מיליליטרים,212.00,"100 מ""ל",false,1,10.80,5.09,true,1,
7290004011338,false,קצפת מתוקה מוכנה ספריי ריץ` (250 מל),נטו מלינדה סחר בע`מ,,ריץ קצפת במיכל 250 ג,גרמים,250.00,100 גרם,false,1,9.90,3.96,true,1,
7290004011345,false,"ספריי קצפת מתוקה מוכנה פרווה ריץ' 238 מ""ל",האי נאם סי או אל.טי.,,ריץ קצפת במיכל 250 ג,גרמים,250.00,100 גרם,false,1,12.50,5.00,true,1,
7290004011796,false,קבבונים בקר קפוא אל גאוצ''ו 400ג',"טיבון ויל אחזקות בע""",,קבבונים אל גאוצו 400,גרמים,400.00,100 גרם,false,1,23.90,5.98,true,1,
7290004011802,false,נקניקיות צ'וריסוס אל גאוצ'ו 400 גר',טיבון ויל אחזקות בעמ,,צוריסוס אל גאוצו 400,גרמים,400.00,100 גרם,false,1,23.90,5.98,true,1,
7290004011819,false,המבורגר ריב אנטריקוט אל גאוצ`ו 360 גר`ק,נטו מלינדה סחר בע`מ,,המבורגר ריב אנט 360,גרמים,360.00,100 גרם,false,1,23.90,6.64,true,1,
7290004011826,false,מיני המבורגר ריב אנטריקוט אל גאוצ`ו 360,טיבון ויל אחזקות בעמ,,מיני המבורגר ריב אנט,גרמים,360.00,100 גרם,false,1,23.90,6.64,true,1,
7290004030018,false,"פריניב מיץ לימון סחוט פרי לתיבול 500 מ""ל",הנסיך- מפעל לייצור ט,,מיץ לימון 100% סחוט,מיליליטרים,500.00,"100 מ""ל",false,1,7.50,1.50,true,1,
7290004030216,false,משקה בטעם חמוציות 1 ליטר פריניב,הנסיך- מפעל לייצור ט,,מיץ חמוציות 1ליטר,מיליליטרים,1000.00,"100 מ""ל",false,1,14.90,1.49,true,1,
7290004030223,false,מיץ תפוחים סחוט רכיבים טבעיים 100% פרי ניב 1 ליטר,הנסיך- מפעל לייצור ט,,מיץ תפוח סחוט 100% 1,מיליליטרים,1000.00,"100 מ""ל",false,1,21.90,2.19,true,1,
7290004030445,false,מיץ תפוזים סחוט רכיבים טבעיים 1 ליטר פרי ניב,הנסיך- מפעל לייצור ט,,מיץ תפוזים 1 ליטר,מיליליטרים,1000.00,"100 מ""ל",false,1,14.80,1.48,true,1,
7290004030544,false,משקה בטעם לימונדה לואיזה ולימון 1 ליטר פריניב,הנסיך- מפעל לייצור ט,,משקה קל לימונענע 1 ל,מיליליטרים,1000.00,"100 מ""ל",false,1,14.90,1.49,true,1,
7290004030612,false,"מיץ תפוח, קיווי אגס ללא תוספת סוכר 1 ליטר פרי ניב",הנסיך- מפעל לייצור ט,,מיץ קיווי אגס 90% 1,מיליליטרים,1000.00,"100 מ""ל",false,1,18.90,1.89,true,1,
7290004030810,false,שייק 100% בננה פסיפלורה תפוז מופחת סוכר1,הנסיך- מפעל לייצור ט,,שייק 100% בננה פסיפל,מיליליטרים,1000.00,"100 מ""ל",false,1,22.90,2.29,true,1,
7290004030834,false,מיץ רימונים סחוט 100% רכיבים טבעיים פרי ניב 1 ליטר,הנסיך- מפעל לייצור ט,,סחוט טרי רימונים 1ל,מיליליטרים,1000.00,"100 מ""ל",false,1,28.90,2.89,true,1,
7290004033705,false,הבורגריה לחמניות המבורגר ביג 6 יחי',מאפית י את א ברמן בע,,"לחמניות ""הבורגריה"" 6",גרמים,600.00,100 גרם,false,1,13.90,2.32,true,1,
7290004033712,false,לחם עננים מקמח מלא עם פרוסות עבות,מאפית י את א ברמן בע,IL,לחם עננים מקמח מלא 7,גרמים,750.00,100 גרם,false,1,16.50,2.20,true,1,
7290004033729,false,לחם עננים מקמח כוסמין עם פרוסות עבות,מאפית י את א ברמן בע,IL,לחם עננים מקמח כוסמי,גרמים,750.00,100 גרם,false,1,16.50,2.20,true,1,
7290004033736,false,"עננים לחם לבן בסגנון בריוש עם פרוסות עבות, 500 גרם",מאפית י את א ברמן בע,IL,לחם עננים בסגנון ברי,גרמים,750.00,100 גרם,false,1,16.50,2.20,true,1,
7290004048679,false,קובה למרק שלושת האופים(כ 18 יח`- 1 קג),נטו מלינדה סחר בעמ,,"קובה למרק 1 ק""ג",קילוגרמים,1.00,"ק""ג",false,1,22.90,22.90,true,1,
7290004050788,false,נקניק בייקון 170 גרם,ישרקו שיווק מותגי מז,,בייקון 170 גר,גרמים,170.00,100 גרם,false,1,49.90,29.35,true,1,
7290004050856,false,סלמי מילאנו פרוס 170 גר,ישרקו שיווק מותגי מז,,סלמי מילאנו פרוס 170,גרמים,170.00,100 גרם,false,1,33.90,19.94,true,1,
7290004050863,false,נקניק סלמי הרץ 170 ג,ישרקו שיווק מותגי מז,,סלמי הרץ 170 גר,גרמים,170.00,100 גרם,false,1,32.90,19.35,true,1,
7290004050870,false,שינקן פולני פרוס 200 גר,,,שינקן פולני פרוס 200,גרמים,200.00,100 גרם,false,1,32.90,16.45,true,1,
7290004050887,false,נקניק פרושוטו 120 גר,ישרקו שיווק מותגי מז,,פרושוטו 120 גר,גרמים,120.00,100 גרם,false,1,39.90,33.25,true,1,
7290004050948,false,סלמי כפרית פרוס 170 גר,ישרקו שיווק מותגי מז,,סלמי כפרית פרוס 170,גרמים,170.00,100 גרם,false,1,34.90,20.53,true,1,
7290004050955,false,פטה כבד עוף 170 גר י,ישרקו שיווק מותגי מז,,פטה כבד עוף 170 גר,גרמים,170.00,100 גרם,false,1,16.90,9.94,true,1,
7290004050986,false,רו בייקון פרוס 170 ג,ישרקו שיווק מותגי מז,,רו בייקון 170 גר,גרמים,170.00,100 גרם,false,1,57.90,34.06,true,1,
7290004051044,false,סלמי הונגרי פרוס 170גר,ישרקו שיווק מותגי מז,,סלמי הונגרי פרוס 170,גרמים,170.00,100 גרם,false,1,34.90,20.53,true,1,
7290004051068,false,שינקן מעושן פרוס 200 גר,,,שינקן מעושן פרוס 200,גרמים,200.00,100 גרם,false,1,31.90,15.95,true,1,
7290004051136,false,סלמי צרפתי פרוס 170 גר,ישרקו שיווק מותגי מז,,סלמי צרפתי פרוס,גרמים,170.00,100 גרם,false,1,34.90,20.53,true,1,
7290004051150,false,נקניק סלמי רו סרוולט,ישרקו שיווק מותגי מז,,סלמי רו סרוולט 170 ג,גרמים,170.00,100 גרם,false,1,34.90,20.53,true,1,
7290004051167,false,נקניק סלמי ברזאולה,,,ברזאולה 120 גר,גרמים,120.00,100 גרם,false,1,48.90,40.75,true,1,
7290004051334,false,נקניק סלמי פפרוני עג,ישרקו שיווק מותגי מז,,פפרוני עגל 170 גר,גרמים,170.00,100 גרם,false,1,30.90,18.18,true,1,
7290004051365,false,נקניק סלמי קרפצו 120,ישרקו שיווק מותגי מז,,קרפצו 120 גר,גרמים,120.00,100 גרם,false,1,35.90,29.92,true,1,
7290004051419,false,ממרח כבד מיני 220 גר,ישרקו שיווק מותגי מז,,ממרח כבד מיני 220 גר,גרמים,220.00,100 גרם,false,1,18.90,8.59,true,1,
7290004051792,false,נקניקיות קוקטייל 900 גר,ישרקו שיווק מותגי מז,,נקניקיות קוקטייל 900,גרמים,900.00,100 גרם,false,1,53.90,5.99,true,1,
7290004052041,false,קבנוס קלאסי יחידה,ישרקו שיווק מותגי מז,,קבנוס קלאסי 210 גר,גרמים,210.00,100 גרם,false,1,29.90,14.24,true,1,
7290004052225,false,חזה הודו מעושן בגריל 200 גר,ישרקו שיווק מותגי מז,,חזה הודו מעושן בגריל,גרמים,200.00,100 גרם,false,1,21.90,10.95,true,1,
7290004052256,false,חזה הודו מעושן פרוס 200 גר,ישרקו שיווק מותגי מז,,חזה הודו מעושן 200 ג,גרמים,200.00,100 גרם,false,1,21.90,10.95,true,1,
7290004052317,false,נקניק סלמי פפרוני פר,ישרקו שיווק מותגי מז,,סלמי פפרוני 170 גר,גרמים,170.00,100 גרם,false,1,34.90,20.53,true,1,
7290004052690,false,נקניקיות פרגית 600 גר,ישרקו שיווק מותגי מז,,נקניקיות פרגית 600 ג,גרמים,600.00,100 גרם,false,1,22.90,3.82,true,1,
7290004052836,false,שמאלץ שומן אווז 200 גר,ישרקו שיווק מותגי מז,,שמאלץ שומן אווז 200,גרמים,200.00,100 גרם,false,1,28.90,14.45,true,1,
7290004053192,false,נקניקיות עגל בוואקום,,,נקניקיות עגל 600 גר,גרמים,600.00,100 גרם,false,1,26.90,4.48,true,1,
7290004053291,false,קרפלך עגל בטעם ביתי 600 גר,,,קרפלך עגל בטעם ביתי,גרמים,600.00,100 גרם,false,1,21.90,3.65,true,1,
7290004053888,false,רוסטביף 200 גר,,,רוסטביף 200 גר,גרמים,200.00,100 גרם,false,1,49.90,24.95,true,1,
7290004054236,false,גיוזה עוף 320 גרם,,,גיוזה עוף 320 גר,גרמים,320.00,100 גרם,false,1,35.90,11.22,true,1,
7290004054243,false,גיוזה ירקות 320 גרם,,,גיוזה ירקות 320 גר,גרמים,320.00,100 גרם,false,1,35.90,11.22,true,1,
7290004054267,false,נקניקיות פרנקפורטר 900 גר,ישרקו שיווק מותגי מז,,נקניקיות פרנקפורטר,גרמים,900.00,100 גרם,false,1,54.90,6.10,true,1,
7290004054649,false,מיני מוסקובסקיה 300 גרם,ישרקו שיווק מותגי מז,,מיני מוסקובסקיה 300,גרמים,300.00,100 גרם,false,1,37.90,12.63,true,1,
7290004054809,false,כתף בקר מעושנת 200 גר,,,כתף בקר מעושנת 200 ג,גרמים,200.00,100 גרם,false,1,29.90,14.95,true,1,
7290004054885,false,נקניקיות איטלקיות עם גבינה 400 גר,ישרקו שיווק מותגי מז,,נקניקיות איטלקיות עם,גרמים,400.00,100 גרם,false,1,28.90,7.23,true,1,
7290004055271,false,פניני קבנוס רו 160 ג,,,פניני קבנוס 150 גר,גרמים,150.00,100 גרם,false,1,32.90,21.93,true,1,
7290004055745,false,נקניקיות סליווצניה 600 גר,,,נקניקיות סליווצניה,גרמים,600.00,100 גרם,false,1,32.90,5.48,true,1,
7290004063016,false,מלח שולחן מעולה סלית (1 קג)פיקוח,האי נאם סי או אל.טי.,,"מלח דק 1 ק""ג",גרמים,1000.00,100 גרם,false,1,2.07,0.21,true,1,
7290004063115,false,"מלח מטבח עבה להמלחת בשר ובישול 1 ק""ג 1ק""ג",האי נאם סי או אל.טי.,,"מלח מטבח גס 1 ק""ג",גרמים,1000.00,100 גרם,false,1,2.07,0.21,true,1,
7290004064082,false,מטחנה מלח ים טבעי מלח הארץ 100 גרם,חברת מלח הארץ אילת ב,,מטחנה מלח ים טבעי 25,גרמים,250.00,100 גרם,false,1,14.60,5.84,true,1,
7290004064174,false,"תבלין מלח ההימלאיה דק בצנצנת 1 ק""ג","חברת מלח הארץ אילת בע""\מ",,מלח הימלאיה דק בצנצנ,גרמים,1000.00,100 גרם,false,1,19.80,1.98,true,1,
7290004064181,false,"תבלין מלח ההימלאיה גס בצנצנת 1 ק""ג","חברת מלח הארץ אילת בע""\מ",,מלח הימלאיה גס בצנצנ,גרמים,1000.00,100 גרם,false,1,19.80,1.98,true,1,
7290004064198,false,מטחנת מלח ספייסי- אקסטרא תבלינים 115 ג',"מלח הארץ אילת בע""מ",,מטחנת מלח תבלינים,גרמים,115.00,100 גרם,false,1,17.90,15.57,true,1,
7290004064280,false,מלח מופחת נתרן בצנצנת מלח הארץ 600 גרם,חברת מלח הארץ אילת בעמ,IL,מלח מופחת נתרן בצנצנ,גרמים,600.00,100 גרם,false,1,18.90,3.15,true,1,
7290004064297,false,"מלח מועשר ביוד בצנצנת מלח הארץ 1 ק""ג","חברת מלח הארץ אילת בע""\מ",IL,מלח מועשר ביוד בצנצנ,גרמים,1000.00,100 גרם,false,1,10.90,1.09,true,1,
7290004064303,false,מלח אטלנטי בצנצנת מלח הארץ 800 גרם,"חברת מלח הארץ אילת בע""\מ",IL,מלח אטלנטי בצנצנת מל,גרמים,800.00,100 גרם,false,1,22.90,2.86,true,1,
7290004064358,false,"מלח דק זורם בקלות מלח הארץ קרטון 1 ק""ג","חברת מלח הארץ אילת בע""\מ",IL,מלח דק זורם בקלות מל,גרמים,1000.00,100 גרם,false,1,4.90,0.49,true,1,
7290004064365,false,"מלח דק מועשר ביוד מלח הארץ קרטון 1 ק""ג","חברת מלח הארץ אילת בע""\מ",IL,מלח דק מועשר ביוד מל,גרמים,1000.00,100 גרם,false,1,6.50,0.65,true,1,
7290004064389,false,מלח הימלאיה דק 250ג מלחיה סוגת*,"חברת מלח הארץ אילת בע""\מ",,מלח הימלאיה דק 250,גרמים,250.00,100 גרם,false,1,11.90,4.76,true,1,
7290004067045,false,קונפיטורת חמוציות בוודקה 360 גר בית יצחק,מוצרים טבעיים בית יצחק,,קונפיטורת חמוציות בו,גרמים,360.00,100 גרם,false,1,27.40,7.61,true,1,
7290004067441,false,מעדן תפוזים 100% פרי ל.ת.סוכר בית יצחק 284ג',בית יצחק,,"מעדן תפוז ללת""ס 100%",גרמים,284.00,100 גרם,false,1,17.90,6.30,true,1,
7290004067502,false,מעדן אפרסק 100% פרי ל.ת.סוכר בית יצחק 284ג',בית יצחק,,"מעדן אפרסק ללת""ס 100",גרמים,284.00,100 גרם,false,1,17.90,6.30,true,1,
7290004067519,false,מעדן דובדבן 100% פרי בית יצחק,בית יצחק,,"מעדן דובדבן לל""ס 284",גרמים,284.00,100 גרם,false,1,17.90,6.30,true,1,
7290004067656,false,מעדן פירות יער 100% פרי ל.ת.סוכר בית יצחק 284ג',בית יצחק,,"מעדן פירות יער ללת""ס",גרמים,284.00,100 גרם,false,1,17.90,6.30,true,1,
7290004067953,false,"מעדן גויאבה ללת""ס 100% פרי 284 גר",,,"מעדן גויאבה ללת""ס 1",גרמים,284.00,100 גרם,false,1,17.90,6.30,true,1,
7290004068011,false,יוגורט כבשים בדלי 5% שומן 600 ג' גד,מחלבות גד שיווק 1992 בעמ,,יוגורט כבשים 600 גר,גרמים,600.00,100 גרם,false,1,17.20,2.87,true,1,
7290004068028,false,"יוגורט צזיקי לשתיה 3.5% 500 מ""ל רובין",מחלבות גד שיווק 1992 בעמ,,ציזקי 3.5% 500 מל,גרמים,500.00,100 גרם,false,1,9.20,1.84,true,1,
7290004068035,false,"איירן יוגורט לשתייה 3% גד 500 מ""ל",מחלבות גד שיווק 1992 בעמ,,"יוגורט איירן 500 מ""ל",מיליליטרים,500.00,"100 מ""ל",false,1,8.00,1.60,true,1,
7290004078225,false,"שטיפת פה קולגייט פלקס מינט ירוק 500מ""ל",קולגייט- פלמוליב,,מי-פה פלקס טוטל ירוק,מיליליטרים,500.00,"100 מ""ל",false,1,32.90,6.58,true,1,
7290004078690,false,"אגקס נוזל לניקוי אסלות מרענן 750 מ""ל",הנסיך- מפעל לייצור ט,,אגקס שירותים רענן זו,מיליליטרים,750.00,"100 מ""ל",false,1,17.70,2.36,true,1,
7290004078942,false,ליידי ספיד סטיק - דאודורנט ג'ל לאישה 65 גרם,קולגייט-פלמוליב,,ליידי ספיד סטיק גל ר,גרמים,65.00,100 גרם,false,1,32.90,50.62,true,1,
7290004119133,false,כד יוגורט תנובה 6.5% שומן 1.5 ליטר,מיוצר עי קונדיטוריית,,יוגורט 7% 1.5 ליטר,ליטרים,0.00,ליטר,false,1,17.30,17.30,true,1,
7290004119225,false,יוגורט יופלה אננס 3% שומן 150 גרם,תנובה מרכז שיתופי לש,,יופלה אננס 3% 150 גר,גרמים,150.00,100 גרם,false,1,5.00,3.33,true,1,
7290004119928,false,מעדן חלב בטעם וניל 2% קרלו תנובה 125 גרם,מחלבת אלון תבור,,קרלו וניל 125 גרם,גרמים,125.00,100 גרם,false,1,2.90,2.32,true,1,
7290004119973,false,קרלו מעדן שוקו רביעיה גביע 1.5% 125 גרם,תנובה מרכז שיתופי לש,,קרלו שוקו 125 גרם,גרמים,125.00,100 גרם,false,1,2.90,2.32,true,1,
7290004120061,false,מעדן חלב בטעם שוקו וניל שוניל 2% קרלו 125 גרם,תנובה מרכז שיתופי לש,,קרלו שוניל 3% 125 גר,גרמים,125.00,100 גרם,false,1,3.20,2.56,true,1,
7290004120108,false,יוגורט יופלה דיאט דובדבן 0% שומן 150גרם,תנובה מרכז שיתופי לש,,דיאט יופלה דובדבן 15,גרמים,150.00,100 גרם,false,1,5.00,3.33,true,1,
7290004120566,false,גבינה בולגרית (25024% גרם)פיראוס תנובה,"תנובה בע""מ ***",,גבינה בולגרית פיראוס,גרמים,250.00,100 גרם,false,1,23.70,9.48,true,1,
7290004120573,false,גבינה בולגרית (25016% גרם)פיראוס תנובה,תנובה מרכז שיתופי לש,,גבינה בולגרית פיראוס,גרמים,250.00,100 גרם,false,1,23.70,9.48,true,1,
7290004120634,false,גבינה בולגרית (2505% גרם)פיראוס תנובה,תנובה מרכז שיתופי לש,,גבינה פיראוס בולגרית,גרמים,250.00,100 גרם,false,1,21.90,8.76,true,1,
7290004121488,false,יוגורט ביו דיאט 0% אפרסק יופלה (150 גרם),תנובה מרכז שיתופי לש,,דיאט יופלה אפרסק 150,מיליליטרים,150.00,"100 מ""ל",false,1,5.00,3.33,true,1,
7290004121754,false,יוגורט ביו עוגת גבינה ותות 3% יופלה 150 גרם,תנובה בעמ ***,,יופלה עוגת גבינה,גרמים,150.00,100 גרם,false,1,5.00,3.33,true,1,
7290004121839,false,גבינת פטה כבשים (25020% גרם)פיראוס בול,תנובה מרכז שיתופי לש,,גבינה פטה פיראוס 250,גרמים,250.00,100 גרם,false,1,26.80,10.72,true,1,
7290004121853,false,גבינה בולגרית קוביות (2005% גרם)פיראוס,תנובה מרכז שיתופי לש,,גבינה בולגרית פיראוס,גרמים,200.00,100 גרם,false,1,21.50,10.75,true,1,
7290004122119,false,פתיתי פרמזן לפסטה 23% השף הלבן 100 גרם,"תנובה בע""מ ***",IL,פתיתי פרמזן לפסטה הש,גרמים,220.00,100 גרם,false,1,12.20,5.55,true,1,
7290004122195,false,גוש חלב גבינה צהובה פרוסה 28% תנובה 200 גרם,"תנובה בע""מ ***",,גבינה צהובה גוש חלב,גרמים,200.00,100 גרם,false,1,13.80,6.90,true,1,
7290004122270,false,עמק קלאסית פרוסות גבינה חצי קשה 28% 200 גרם,תנובה מרכז שיתופי לש,,גבינה עמק פרוס בקופס,גרמים,200.00,100 גרם,false,1,15.80,7.90,true,1,
7290004122348,false,גבינה צהובה מופחתת שומן 9% עמק (200 גרם),תנובה מרכז שיתופי לש,,גבינת עמק לייט פרוס,גרמים,200.00,100 גרם,false,1,16.60,8.30,true,1,
7290004122676,false,גבינה חמד לייט (2505% גרם)פיראוס תנובה,תנובה מרכז שיתופי לש,,חמד לייט 5% גביע 250,גרמים,250.00,100 גרם,false,1,18.50,7.40,true,1,
7290004122683,false,עמק חטיף אצבעות גבינה חצי קשה 28% שומן,תנובה מרכז שיתופי לש,,אצבעות עמק 172 גר,גרמים,172.00,100 גרם,false,1,16.40,9.53,true,1,
7290004124205,false,יופלה דיאט יוגורט תות %0 גביע 150 גרם,תנובה מרכז שיתופי לש,,דיאט יופלה תות 150 ג,גרמים,150.00,100 גרם,false,1,5.00,3.33,true,1,
7290004125370,false,"שמנת חמוצה 9% מופחתת שומן תנובה 200 מ""ל מהדרין",תנובה מרכז שיתופי לש,,שמנת חמוצה מופחתת שו,מיליליטרים,200.00,"100 מ""ל",false,1,3.50,1.75,true,1,
7290004125400,false,"אשל שלי מהדרין 200 מ""ל 4.5% ""תנובה""- מוצר בפיקוח",פארייפאבה אגרואינדוס,,"שלי אשל 200 מ""ל",מיליליטרים,200.00,"100 מ""ל",false,1,1.69,0.85,true,1,
7290004125417,false,"גיל 3% שלי 200 מ""ל ""תנובה"" -מוצר בפיקוח",תנובה מרכז שיתופי לש,,"שלי גיל 200 מ""ל",מיליליטרים,200.00,"100 מ""ל",false,1,1.50,0.75,true,1,
7290004125455,false,"שמנת חמוצה 200 מ""ל 15% ""תנובה"" -מוצר בפיקוח",תנובה מרכז שיתופי לש,,שמנת חמוצה 15% 200 מ,גרמים,200.00,100 גרם,false,1,2.40,1.20,true,1,
7290004125462,false,"שמנת חמוצה 15% תנובה 500 מ""ל מהדרין",תנובה מרכז שיתופי לש,,שמנת חמוצה 15% 500 מ,מיליליטרים,500.00,"100 מ""ל",false,1,6.00,1.20,true,1,
7290004125509,false,"שמנת חמוצה 15% מועשרת תנובה 100 מ""ל",תנובה מרכז שיתופי לש,,"שמנת חמוצה 100 מ""ל",מיליליטרים,100.00,"100 מ""ל",false,1,1.70,1.70,true,1,
7290004125578,false,משקה סויה מועשר בסידן 1 ל`תנובה,תנובה מרכז שיתופי לש,,משקה סויה מועשר 1 לי,מיליליטרים,1000.00,"100 מ""ל",false,1,10.90,1.09,true,1,
7290004125585,false,משקה סויה בטעם וניל תנובה 1 ליטר,תנובה מרכז שיתופי לש,,משקה סויה על הבוקר 1,מיליליטרים,1000.00,"100 מ""ל",false,1,10.90,1.09,true,1,
7290004125721,false,"השף הלבן שמנת עמידה לבישול 15% תנובה 250 מ""ל",תנובה מרכז שיתופי לש,,שמנת לבישול 15% השף,גרמים,250.00,100 גרם,false,1,8.30,3.32,true,1,
7290004125738,false,שמנת מתוקה להקצפה32% 250מל עמיד השף הלבן,תנובה מרכז שיתופי לש,,שמנת מתוקה להקצפה 32,גרמים,250.00,100 גרם,false,1,6.50,2.60,true,1,
7290004125776,false,גבינה צהובה קלאסית 28% עמק (400 גרם),"תנובה בע""מ ***",,עמק פרוס בקופסה 400ג,גרמים,400.00,100 גרם,false,1,27.90,6.98,true,1,
7290004126674,false,טל העמק פרוסות גבינה חצי קשה לייט %9 200 גרם בקופסא,תנובה מרכז שיתופי לש,,טל העמק לייט 200 גרם,גרמים,200.00,100 גרם,false,1,18.50,9.25,true,1,
7290004126759,false,דאיט יופלה פירות יער טו יוג פרי 150גר.,"תנובה בע""מ ***",,דיאט יופלה פירות יער,גרמים,150.00,100 גרם,false,1,5.00,3.33,true,1,
7290004127077,false,קוטג תנובה 3% גביע 250 גרם מהדרין,מיוצר עי קונדיטוריית,,קוטג 3% 250 גרם,גרמים,250.00,100 גרם,false,1,5.50,2.20,true,1,
7290004127329,false,קוטג תנובה גביע 250 גרם %5 ו.מהדרין,מיוצר עי קונדיטוריית,,גבינת קוטג 5% 250 גר,גרמים,250.00,100 גרם,false,1,5.50,2.20,true,1,
7290004127336,false,קוטג תנובה גביע 250 גרם %9 ו.מהדרין,מיוצר עי קונדיטוריית,,גבינת קוטג 9% 250 גר,גרמים,250.00,100 גרם,false,1,5.50,2.20,true,1,
7290004127800,false,"גבינה לבנה 500 גרם 5% ""תנובה"" -מוצר בפיקוח",מיוצר עי קונדיטוריית,,גבינה לבנה למריחה 5%,גרמים,500.00,100 גרם,false,1,9.96,1.99,true,1,
7290004127817,false,גבינה לבנה 9% שומן 500 ג' תנובה,מיוצר עי קונדיטוריית,,גבינה למריחה 9% 500,גרמים,500.00,100 גרם,false,1,9.96,1.99,true,1,
7290004127862,false,"גבינה לבנה 750 גרם 5% ""תנובה"" - מוצר בפיקוח",תנובה מרכז שיתופי לש,,גבינה למריחה 5% 750,גרמים,750.00,100 גרם,false,1,14.94,1.99,true,1,
7290004127916,false,גבינה לבנה 0.5% שומן 500 ג' תנובה,תנובה מרכז שיתופי לש,,גבינה למריחה 0.5%,גרמים,500.00,100 גרם,false,1,9.96,1.99,true,1,
7290004128333,false,לאבנה על בסיס יוגורט %9 שומן 500 ג' פיראוס,תנובה בעמ ***,,גבינה לאבנה 9% 500 ג,גרמים,500.00,100 גרם,false,1,19.50,3.90,true,1,
7290004128432,false,פתיתים מיוחדים לפיצה על בסיס גבינה 500 ג',תנובה - חלב,,פתיתים מיוחדים לפיצה,גרמים,500.00,100 גרם,false,1,21.90,4.38,true,1,
7290004129101,false,גבינת שמנת 25% בטעם טבעי 225 ג' נפוליאון,תנובה מרכז שיתופי לש,,נפוליאון טבעי 225 גר,גרמים,225.00,100 גרם,false,1,13.90,6.18,true,1,
7290004129156,false,גבינת שמנת25% עם שום שמיר 225 ג' נפוליאון,תנובה מרכז שיתופי לש,,נפוליאון שום שמיר 22,גרמים,225.00,100 גרם,false,1,13.90,6.18,true,1,
7290004129767,false,"3% 'יופלה לבן מארז שמינייה 1.2 ק""ג",תנובה מרכז שיתופי לש,,שמיניית יופלה לבן,ליטרים,0.00,ליטר,false,1,17.30,17.30,true,1,
7290004130794,false,משקה סויה במתיקות מופחתת תנובה (1 ליטר),תנובה מרכז שיתופי לש,,משקה סויה טבעי מתיקו,מיליליטרים,1000.00,"100 מ""ל",false,1,9.90,0.99,true,1,
7290004130916,false,יוגורט יופלה פירות יער בשמנת 3% 150 גרם,תנובה מרכז שיתופי לש,,יופלה פירות יער בשמנ,גרמים,150.00,100 גרם,false,1,5.00,3.33,true,1,
7290004131074,false,"חלב 1 ליטר 3% קרטון ""תנובה""- מוצר בפיקוח",תנובה מרכז שיתופי לש,,חלב קרטון+פקק 3% תנו,מיליליטרים,1000.00,"100 מ""ל",false,1,6.23,0.62,true,1,
7290004131432,false,יוגורט יופלה לבן ביו 3% 200 גרם,מיוצר עי קונדיטוריית,,יופלה לבן 3% 200 גר,גרמים,200.00,100 גרם,false,1,3.90,1.95,true,1,
7290004131456,false,יוגורט ביו 1.5% שומן 200 ג' יופלה,מיוצר עי קונדיטוריית,,יופלה לבן 1.5% 200 ג,מיליליטרים,200.00,"100 מ""ל",false,1,4.00,2.00,true,1,
7290004131814,false,גבינת צפתית מעודנת (2005% גרם)פיראוס ת,פארייפאבה אגרואינדוס,,פיראוס צפתית מעודנת,גרמים,200.00,100 גרם,false,1,14.90,7.45,true,1,
7290004132552,false,משקה סויה בטעם טבעי לייט תנובה 1 ליטר,תנובה מרכז שיתופי לש,,דיאט סויה טבעי 1 ליט,מיליליטרים,1000.00,"100 מ""ל",false,1,10.90,1.09,true,1,
7290004132712,false,חטיף אצבעות גבינת מוצרלה 20% 172 ג' עמק,תנובה מרכז שיתופי לש,,אצבעות מוצרלה 172 גר,גרמים,172.00,100 גרם,false,1,16.40,9.53,true,1,
7290004133511,false,יופלה מאגדת לבן 1.5% מעודן 8 יח' * 150 ג',מיוצר עי קונדיטוריית,,יופלה לבן שמינייה,ליטרים,0.00,ליטר,false,1,20.40,20.40,true,1,
7290004134945,false,יוגורט ביו 3% בטעם מוקה יופלה (150 גרם),תנובה מרכז שיתופי לש,,יופלה מוקה 3% 150גר,גרמים,150.00,100 גרם,false,1,5.00,3.33,true,1,
7290004135225,false,מעדן חלב דל קלוריות בטעם שוקולד 0.2שומ,תנובה מרכז שיתופי לש,,מעדן שוקולד דיאט 0%,מיליליטרים,150.00,"100 מ""ל",false,1,4.30,2.87,true,1,
7290004135614,false,גבינה בולגרית מעודנת 5% פיראוס 250 גרם,"תנובה בע""מ ***",,פיראוס בולגרית מעודנ,גרמים,250.00,100 גרם,false,1,21.90,8.76,true,1,
7290004136598,false,מארז הפסקת אוכל עם קורנפלקס ומשקה חלב עמיד בטעם וניל,פארייפאבה אגרואינדוס,,מארז הפסקת אוכל-חלב,גרמים,250.00,100 גרם,false,1,9.90,3.96,true,1,
7290004136857,false,מעדן ג`לי בטעם פטל תנובה (125 גרם),תנובה מרכז שיתופי לש,,גלי פטל 125גר,גרמים,125.00,100 גרם,false,1,2.70,2.16,true,1,
7290004136864,false,מעדן ג'לי בטעם אננס עם חתיכות תנובה 125 גרם,תנובה בעמ ***,,גלי אננס עם חתיכות א,גרמים,125.00,100 גרם,false,1,3.10,2.48,true,1,
7290004136871,false,מעדן ג'לי בטעם אפרסק עם חתיכות תנובה 125 גרם,תנובה מרכז שיתופי לש,,גלי אפרסק עם חתיכות,גרמים,150.00,100 גרם,false,1,3.10,2.07,true,1,
7290004137021,false,"שמנת עמידה לבישול מופחת שומן 10% השף הלבן 250 מ""ל",תנובה מרכז שיתופי לש,,שמנת לבישול 10%-השף,גרמים,250.00,100 גרם,false,1,8.30,3.32,true,1,
7290004137311,false,גבינה צהובה מופחתת שומן 9% עמק (400 גרם),"תנובה בע""מ ***",,עמק לייט פרוס 9% 400,גרמים,400.00,100 גרם,false,1,30.90,7.73,true,1,
7290004137809,false,לאבנה אסלית 5% גביע (250 גרם)פיראוס תנו,"תנובה, מחלבת אלון תב",,פיראוס לאבנה 5% 250,גרמים,250.00,100 גרם,false,1,12.90,5.16,true,1,
7290004146986,false,נקה 7 שמפו לשיער צבוע ומובהר 750 מל,החברה הדרומית לשיווק בעמ,,נקה 7 שמפו לשיער צבו,מיליליטרים,750.00,"100 מ""ל",false,1,14.50,1.93,true,1,
7290004150112,false,חומוס מזרחי פיקנטי פרימיום 300 גרם שמיר,"סלטי שמיר 2006 בע""\מ",IL,חומוס מזרחי פיקנטי פ,גרמים,300.00,100 גרם,false,1,15.90,5.30,true,1,
7290004150129,false,טחינה פיקנטי פרימיום 300 גרם שמיר,"סלטי שמיר 2006 בע""\מ",IL,טחינה פיקנטי פרימיום,גרמים,300.00,100 גרם,false,1,15.90,5.30,true,1,
7290004150143,false,חציל במיונז פיקנטי פרימיום 300 גרם שמיר,"סלטי שמיר 2006 בע""\מ",IL,חציל במיונז פיקנטי פ,גרמים,300.00,100 גרם,false,1,15.90,5.30,true,1,
7290004150150,false,חציל בטחינה פיקנטי פרימיום 300 גרם שמיר,"סלטי שמיר 2006 בע""\מ",IL,חציל בטחינה פיקנטי פ,גרמים,300.00,100 גרם,false,1,15.90,5.30,true,1,
7290004150167,false,"תפו""א במיונז 300 גרם פיקנטי פרימיום שמיר","סלטי שמיר 2006 בע""\מ",IL,תפוחי אדמה במיונז פי,גרמים,300.00,100 גרם,false,1,15.90,5.30,true,1,
7290004150198,false,סלק מגורד פיקנטי פרימיום 300 גרם שמיר,"סלטי שמיר 2006 בע""\מ",IL,סלק מגורד פיקנטי פרי,גרמים,300.00,100 גרם,false,1,15.90,5.30,true,1,
7290004150204,false,מטבוחה 300 גרם פיקנטי פרימיום,"סלטי שמיר 2006 בע""\מ",IL,מטבוחה 300 גרם פיקנ,גרמים,300.00,100 גרם,false,1,15.90,5.30,true,1,
7290004150235,false,חומוס עם חריף פיקנטי פרימיום 300 גרם שמיר,"סלטי שמיר 2006 בע""\מ",IL,חומוס עם חריף 300 גר,גרמים,300.00,100 גרם,false,1,15.90,5.30,true,1,
7290004165017,false,"רסק תפו""ע 600 גרם טבעי ללא סוכר יכין",ב ספירת מלאי,IL,"רסק תפוח עץ לל""תס יכ",גרמים,560.00,100 גרם,false,1,8.50,1.52,true,1,
7290004199166,false,כפפות לאטקס קטן איזי טאצ` (100),הדקלאים אגודת שיתופי,,כפפות לטקס איזי טאצ,Unknown,0.00,Unknown,false,1,31.50,31.50,true,1,
7290004199173,false,כפפות לטקס איזי טאצ 100 יח מדיום,הדקלאים אגודת שיתופי,,כפפות לטקס איזי טאצ,Unknown,0.00,Unknown,false,1,31.50,31.50,true,1,
7290004199180,false,כפפות לאטקס לארג` איזי טאצ` (100),הדקלאים אגודת שיתופי,,כפפות לטקס איזי טאצ,Unknown,0.00,Unknown,false,1,31.50,31.50,true,1,
7290004199234,false,כפפות לטקס איזי טאצ 100 יח אקסטרא לארג,אינטרסן 1996 בעמ,,כפפות לטקס איזי טאצ,Unknown,0.00,Unknown,false,1,31.50,31.50,true,1,
7290004199241,false,נרות חימום חסידים 50 יחידות,אינטרסן (1996) בעמ,,נרות חימום חסידים 50,Unknown,0.00,Unknown,false,1,10.50,10.50,true,1,
7290004199784,false,כפפות S לטקס עם איבוק עדין 100 יח- SAFE TOUCH,אינטרסן (1996) בעמ,,כפפות לטקס 100 יח S,Unknown,0.00,Unknown,false,1,22.90,22.90,true,1,
7290004199807,false,כפפות L לטקס עם איבוק עדין 100 יח- SAFE TOUCH,אינטרסן (1996) בעמ,,כפפות לטקס 100 יח L,Unknown,0.00,Unknown,false,1,22.90,22.90,true,1,
7290004200930,false,זיקוק זוג 15 סמ בשקית,שמחה זה אנחנו בע`מ,,זוג זיקוק 15 בשקית,Unknown,0.00,Unknown,false,1,9.90,9.90,true,1,
7290004227975,false,צלעות טלה טרי חלק קג,אס או סי ויאול פרסס,,צלעות טלה טרי,Unknown,0.00,"ק""ג",true,0,179.90,179.90,true,1,
7290004230081,false,קציצות עוף ברוטב עגבניות שגב 800 גרם,"טיבון ויל אחזקות בע""\מ",,קציצות עוף ברוטב,גרמים,800.00,100 גרם,false,1,35.50,4.44,true,1,
7290004230357,false,שגב מקלות בורקס פילו גבינה ובטטה 600 גר,האי נאם סי או אל.טי.,,שגב מקלות בורקס פילו,גרמים,600.00,100 גרם,false,1,22.90,3.82,true,1,
7290004234218,false,ברווז טרי ארוז,"נטו מלינדה סחר בע""מ",,ברווז טרי,Unknown,0.00,"ק""ג",true,0,62.90,62.90,true,1,
7290004324605,false,גבינה מותכת למריחה בטעם רוקפור 7% מון בלאן 120 ג',נטו מילנדה סחר בעמ*,,גבינת מון בלאן רוקפו,גרמים,120.00,100 גרם,false,1,13.30,11.08,true,1,
7290004339005,false,שניצל טופו תירס קינואה וחלבון אפונה 450גרם טבע דלי,,IL,שניצל טופו תירס חלבו,גרמים,450.00,100 גרם,false,1,30.90,6.87,true,1,
7290004339012,false,שניצל עם חלבון אפונה 450 גרם,,IL,שניצל עם חלבון אפונה,גרמים,450.00,100 גרם,false,1,30.90,6.87,true,1,
7290004339142,false,רוטב בסגנון מיונז טבעוני 300 גרם,,IL,רוטב בסגנון מיונז טב,גרמים,300.00,100 גרם,false,1,19.90,6.63,true,1,
7290004339173,false,המבורגר קינואה 400גרם טבע דלי,טבע דלי,,המבורגר קינואה טבע ד,גרמים,400.00,100 גרם,false,1,24.90,6.23,true,1,
7290004339401,false,המבורגר אורז עדשים 400גרם טבע דלי,טבע דלי,,המבורגר אורז עדשים ט,גרמים,400.00,100 גרם,false,1,24.90,6.23,true,1,
7290004339425,false,שווארמה מהצומח 350 גרם טבע דלי,טבע דלי בעמ,,שווארמה מהצומח טבע ד,גרמים,350.00,100 גרם,false,1,24.90,7.11,true,1,
7290004339432,false,סייטן קפוא טבעי 500 גרם טבע דלי,טבע דלי בעמ,,סייטן קפוא טבעי 500,גרמים,500.00,100 גרם,false,1,19.90,3.98,true,1,
7290004339692,false,סייטן קפוא ביתי 500 גרם טבע דלי,טבע דלי,,סייטן קפוא ביתי 500,גרמים,500.00,100 גרם,false,1,19.90,3.98,true,1,
7290004339777,false,סייטן טחון בולונז 350 גרם טבע דלי,טבע דלי,,סייטן טחון בולונז,גרמים,350.00,100 גרם,false,1,26.50,7.57,true,1,
7290004339807,false,המבורגר הוט מקסיקן כוסמת מש מונבט אורז מלא וצ'יה 400גר טבע דלי,טבע דלי בעמ,,המבורגר כוסמת מש אור,גרמים,400.00,100 גרם,false,1,24.90,6.23,true,1,
7290004339838,false,סייטן קבב מהצומח 350 גרם טבע דלי,טבע דלי,,קבב מהצומח 350 גרם ט,גרמים,350.00,100 גרם,false,1,24.90,7.11,true,1,
7290004339937,false,סייטן אמרנט ברוטב סויה סילאן ושום 350 גר,טבע דלי,,סייטן אמרנט ברוטב סו,גרמים,350.00,100 גרם,false,1,19.90,5.69,true,1,
7290004339975,false,טבע דלי סייטן אמרנט קובה בורגול(מטוגן) 400גר,טבע דלי,,קובה בורגול במילוי,גרמים,400.00,100 גרם,false,1,30.90,7.73,true,1,
7290004339999,false,טבע דלי סייטן אמרנט שניצלונים 400גר,טבע דלי,,שניצלונים סטיין 400ג,גרמים,400.00,100 גרם,false,1,32.50,8.13,true,1,
7290004367077,false,בקלוואה ארוז 800 גרם,,,בקלאווה 800 גרם,גרמים,800.00,100 גרם,false,1,34.90,4.36,true,1,
7290004386825,false,שעועית בגודל ענק אפויה ברוטב עגבניות -מוכן לאכילה,ג. וילי-פוד אינטרנשיונל בע`מ,GR,שעועית ענק ברוטב עגב,גרמים,420.00,100 גרם,false,1,10.40,2.48,true,1,
7290004419011,false,עוגת אפריקה עגולה 80,ברון מפעל לייצור עוג,,עוגה אפריקה 800 גרם,גרמים,800.00,100 גרם,false,1,93.90,11.74,true,1,
7290004419042,false,עוגת ברון וואלט עגול,ברון מפעל לייצור עוג,,וואלס עגולה 700 גר,גרמים,700.00,100 גרם,false,1,86.90,12.41,true,1,
7290004419134,false,אוכמניות מלבנית 500 גר יח,ברון מפעל לייצור עוג,,אוכמניות מלבנית 500,גרמים,500.00,100 גרם,false,1,41.90,8.38,true,1,
7290004419141,false,עוגת דובדבן בשוקולד מלבנית 500 גר,ברון מפעל לייצור עוג,,עוגת דובדבן בשוקולד,גרמים,500.00,100 גרם,false,1,41.90,8.38,true,1,
7290004419165,false,קרם בורלה מלבנית 500 גר יח,ברון מפעל לייצור עוג,,קרם בורלה מלבנית 500,גרמים,500.00,100 גרם,false,1,41.90,8.38,true,1,
7290004419356,false,עוגת אייריש קרים 1100גר,ברון מפעל לייצור עוג,,עוגת אייריש קרים,גרמים,1100.00,100 גרם,false,1,89.90,8.17,true,1,
7290004419370,false,עוגת ברון עדינה ווני,ברון מפעל לייצור עוג,,עוגה עדינה וניל 400,גרמים,400.00,100 גרם,false,1,36.90,9.23,true,1,
7290004419394,false,עוגה עדינה שוקולד 400 גר,ברון מפעל לייצור עוג,,עוגה עדינה שוקולד 40,גרמים,400.00,100 גרם,false,1,41.90,10.48,true,1,
7290004479305,false,מסר מילניון עוגיות מזל 160 גרם,,,מסר מילניון עוגיות מ,גרמים,160.00,100 גרם,false,1,22.90,14.31,true,1,
7290004480349,false,"משולש גבינת גאודה עיזים ""גד""",מחלבת אמלטי הולנד,,גאודה עזים משולשים ב,Unknown,0.00,"ק""ג",true,0,131.00,131.00,true,1,
7290004492274,false,בייגלה טבעות מלוחות בייגל בייגל 400 גרם,"יוניליוור ישראל שיווק בע""מ",,גל-גל 400 גרם,גרמים,400.00,100 גרם,false,1,13.50,3.38,true,1,
7290004492762,false,"נשנושים תירס אפוי טעם טבעי בייגל בייגל 325 גרם בד""צ",יוניליוור ישראל שיווק בע`מ,,נשנושים תירס 325 גרם,גרמים,325.00,100 גרם,false,1,12.70,3.91,true,1,
7290004494063,false,יין דלתון פטיט סירה 750 מל,הכרם -משקאות חריפים בעמ,,יין דלתון פטיט סירה,Unknown,0.00,Unknown,false,1,54.90,54.90,true,1,
7290004494131,false,יין דלתון קברנה סוביניון גליל,הכרם - משקאות חריפים בעמ,,יין דלתון קברנה סובנ,Unknown,0.00,Unknown,false,1,54.90,54.90,true,1,
7290004494148,false,"דלתון גליל מרלו 750 מ""ל",הכרם - משקאות חריפים בעמ,,"מרלו דלתון 750 מ""ל",Unknown,0.00,Unknown,false,1,54.90,54.90,true,1,
7290004494315,false,יין כנען מוסקטו דלתון 750 מל,הכרם - משקאות חריפים בעמ,,יין כנען מוסקטו דלתו,Unknown,0.00,Unknown,false,1,44.90,44.90,true,1,
7290004494377,false,יין אדום יבש שיראז יקב דלתון (750 מל),לפ החברה הסקוטית למסחר ושיווק,,יין אדום שיראז סדרת,Unknown,0.00,Unknown,false,1,54.90,54.90,true,1,
7290004494919,false,יין כנען קברנה שיראז 750 מל דלתון,הכרם - משקאות חריפים בעמ,,יין כנען קברנה שיראז,מיליליטרים,750.00,"100 מ""ל",false,1,44.90,5.99,true,1,
7290004502690,false,וודקה פינלנדיה 1 ליטר,,,וודקה פינלנדיה 1 ל,מיליליטרים,1000.00,"100 מ""ל",false,1,93.90,9.39,true,1,
7290004502997,false,וודקה פינלנדיה בקבוק,בראון פורמן,,וודקה פינלנדיה 500 מ,מיליליטרים,500.00,"100 מ""ל",false,1,49.90,9.98,true,1,
7290004536039,false,כפפות דלפין זוג ורוד מס8,ספונטקס,,כפפות ורודות מידה 8,Unknown,0.00,Unknown,false,1,8.50,8.50,true,1,
7290004536336,false,רפיל ספירה דוחה יתושים 45 לילות,גורי ע.ע.ע. בעמ,,ספירה רפיל נוזל 45 ל,Unknown,0.00,Unknown,false,1,12.90,12.90,true,1,
7290004584351,false,גבינה לבנה סימפוניה עם תוספות 200 ג' חמישית 200,שטראוס גרופ בעמ/מצונן,,סימפוניה 5% 200 גרם,גרמים,200.00,100 גרם,false,1,11.00,5.50,true,1,
7290004584528,false,יוגורט דנונה ביו לבן 1.7% שומן 200 גרם,שטראוס גרופ בעמ/מצונן,,יוגורט דנונה ביו טבע,גרמים,200.00,100 גרם,false,1,3.70,1.85,true,1,
7290004585907,false,דני ועדן וניל 1.5% 125ג' שטראוס,שטראוס גרופ בעמ/מצונן,,"מעדן דני וניל 125 מ""",מיליליטרים,125.00,"100 מ""ל",false,1,2.90,2.32,true,1,
7290004603175,false,מלח הים האדום גס מלח הארץ (500 גרם),"חברת מלח הארץ אילת בע""\מ",,מלח ים האדום גס 500,גרמים,500.00,100 גרם,false,1,8.90,1.78,true,1,
7290004658953,false,יין סוביניון בלאן פרייבט קולקשן יקבי כרמל,"כד בני דרום בע""מ",,סובניון בלאן לבן יבש,Unknown,0.00,Unknown,false,1,37.90,37.90,true,1,
7290004658960,false,יין אמרלד ריזלינג פרייבט קולקשן יקבי כרמל,אגודת הכורמים הקואופרטיב,,יין אמרלד ריזלינג P.,Unknown,0.00,Unknown,false,1,37.90,37.90,true,1,
7290004685010,false,לחם 100% שיפון פלוס לחם הארץ 500 גר',מאפית י את א ברמן בע,IL,לחם 100% שיפון מקמח,גרמים,500.00,100 גרם,false,1,16.50,3.30,true,1,
7290004685027,false,לחם חיטה מלאה פלוס לחם הארץ 500 גרם,מאפית י את א ברמן בע,,לחם חיטה מלאה פלוס,גרמים,500.00,100 גרם,false,1,16.50,3.30,true,1,
7290004685089,false,לחם הארץ לחם חמניות 500 גר',מאפית י את א ברמן בע,,לחם חמניות 500 גרם,גרמים,500.00,100 גרם,false,1,16.50,3.30,true,1,
7290004685126,false,לחם 5 דגנים פרוס לחם הארץ (750 גרם),מאפית י את א ברמן בע,,לחם 5 דגנים 750 גרם,גרמים,750.00,100 גרם,false,1,16.50,2.20,true,1,
7290004685157,false,לחם שיפון 100% פרוס לחם הארץ (750 גרם),מאפית י את א ברמן בע,,לחם שיפון 100%,גרמים,750.00,100 גרם,false,1,16.50,2.20,true,1,
7290004685195,false,לחם 10 דגנים פרוס לחם הארץ (750 גרם),מאפית י את א ברמן בע,,לחם 10 דגנים,גרמים,750.00,100 גרם,false,1,16.50,2.20,true,1,
7290004685201,false,לחם הארץ שיפון אגוזים500,מאפית י את א ברמן בע,,לחם אגוזים,גרמים,500.00,100 גרם,false,1,16.50,3.30,true,1,
7290004685225,false,לחם פומפרניקל פרוס לחם הארץ (750 גרם),מאפית י את א ברמן בע,,לחם שיפון פומפרניקל,גרמים,750.00,100 גרם,false,1,16.50,2.20,true,1,
7290004685430,false,100% לחם כומסין 500 גר לחם הארץ,מאפית י את א ברמן בע,,לחם כוסמין 100% 500,גרמים,500.00,100 גרם,false,1,16.50,3.30,true,1,
7290004685447,false,לחמניות כוסמין 6 יח בשקית מלא 450 גר`E,מאפית ברמן מקבוצת י. את,IL,שישיית לחמניות כוסמי,Unknown,0.00,Unknown,false,1,15.50,15.50,true,1,
7290004685454,false,לחם שיבולת שועל 500 גר`ברמן,מאפית י את א ברמן בע,IL,לחם שיבולת שועל,גרמים,500.00,100 גרם,false,1,16.50,3.30,true,1,
7290004685478,false,פיתות כוסמין 10 יח בשקית 550 גרם,מאפיית י.את א. ברמן בעמ,,פיתות כוסמין 100% כו,גרמים,550.00,100 גרם,false,1,17.90,3.25,true,1,
7290004731120,false,"קרמה קרם ידיים לעור רגיל 100 מ""ל",קוסמופארם,,קרמה קרם ידיים לעור,מיליליטרים,10.00,"100 מ""ל",false,1,9.90,99.00,true,1,
7290004731410,false,"שלישיית כריות קרצוף ירוקות סנו סושי 25X10.6 ס""מ",החברה הדרומית לשיווק בעמ,,סנו סושי סקוטש ענק,Unknown,0.00,Unknown,false,1,11.50,11.50,true,1,
7290004731472,false,"אל סבון צבעוני כיף שלישיה* 500 מ""ל",החברה הדרומית לשיווק בעמ,,אלסבון כיף שלישייה 5,ליטרים,0.00,ליטר,false,1,19.50,19.50,true,1,
7290004731564,false,"מקסימה מבשם ומרכך למייבש הכביסה בלו בלוסום 750 מ""ל",החברה הדרומית לשיווק בעמ,,מבשם ומרכך כביסה למי,מיליליטרים,750.00,"100 מ""ל",false,1,18.90,2.52,true,1,
7290004731687,false,"מטהר אויר בניחוח וניל ולמון גראס סנו 300 מ""ל",סנו מפעלי ברונוס בעמ,,סנו דואופרש וניל,מיליליטרים,300.00,"100 מ""ל",false,1,13.90,4.63,true,1,
7290004731816,false,סנו סושי מגבות הפלא למטבח 8 גלילים,סנו מפעלי ברונוס בעמ,,סושי מגבות הפלא שמינ,Unknown,0.00,Unknown,false,1,16.90,16.90,true,1,
7290004737719,false,אספרגוס שלם מקולף בצנצנת ויליפוד 330 גרם,ג.וילי-פוד אינטרנשיונל בעמ,,אספרגוס שלם מקולף 33,גרמים,330.00,100 גרם,false,1,12.10,3.67,true,1,
7290004737900,false,חלב כחוש מרוכז וממותק בתוספת שמן צמחי ויליפוד 397 גרם,ג. וילי-פוד אינטרנשיונל בע`מ,LT,חלב מרוכז ממותק וילי,גרמים,397.00,100 גרם,false,1,10.90,2.75,true,1,
7290004768911,false,אונט ריב מובחר טרי,,,אונט ריב מובחר טרי,Unknown,0.00,"ק""ג",true,0,64.90,64.90,true,1,
7290004933074,false,לקסי קר 60 כמוסות,NATURAL MARSHAL,,לקסי קר 60 כמוסות,Unknown,0.00,Unknown,false,1,49.90,49.90,true,1,
7290004952112,false,סוכר קנים אורגני הרדוף 1 קג,אול אורגני,,סוכר קנים אורגני הרד,גרמים,1000.00,100 גרם,false,1,11.90,1.19,true,1,
7290004952136,false,"קמח כוסמין מלא אורגני 1 ק""ג - הרדוף",טחנת קמח יפו,,קמח כוסמין מלא אורגנ,גרמים,1000.00,100 גרם,false,1,21.90,2.19,true,1,
7290004952778,false,טופו מפולי סויה אורגני הרדוף 300 גר,כפר בריא בעמ,IL,טופו מפולי סויה אורג,גרמים,300.00,100 גרם,false,1,15.60,5.20,true,1,
7290004952785,false,פריכיות דקות מאורז מלא וכוסמת אורגני 100 גרם הרדוף,פרח תעשיות,,פריכיות אורז וכוסמת,Unknown,0.00,Unknown,false,1,13.90,13.90,true,1,
7290004952792,false,פריכיות אורז מלא דקות אורגני הרדוף 100גר,פרח תעשיות,,פריכיות אורז מלא דק,Unknown,0.00,Unknown,false,1,13.90,13.90,true,1,
7290004982355,false,גבינת צדר טריפל במשק,א. סיימן סחר בעמ,,טריפל צדר במשקל,Unknown,0.00,"ק""ג",true,0,130.00,130.00,true,1,
7290005008184,false,"סבון נוזלי בניחוח חלב שקדים פלמוליב 500 מ""ל",הנסיך- מפעל לייצור ט,,פלמוליב נטורלס סבון,מיליליטרים,500.00,"100 מ""ל",false,1,18.80,3.76,true,1,
7290005008191,false,"סבון נוזלי ארומה בניחוח לבנדר פטצ'ולי וילנג ילנג פלמוליב 500 מ""ל",הנסיך- מפעל לייצור ט,,פלמוליב ס. נוזלי ארו,מיליליטרים,500.00,"100 מ""ל",false,1,18.80,3.76,true,1,
7290005008481,false,ספיד סטיק - דאודורנט ג'ל לגבר ספורט 85 גרם,הנסיך- מפעל לייצור ט,,דאודורנט ספיד סטיק ג,גרמים,85.00,100 גרם,false,1,20.90,24.59,true,1,
7290005020162,false,וויסקי סקוטי בלנטייס פיינסט 700 מל,טמפו משקאות בע`מ,,וויסקי בלנטיינס 700,מיליליטרים,700.00,"100 מ""ל",false,1,79.90,11.41,true,1,
7290005020353,false,רום בקרדי לבן 1 ליטר,,,רום בקרדי לבן 1 ליטר,מיליליטרים,1000.00,"100 מ""ל",false,1,124.90,12.49,true,1,
7290005041198,false,מעדני הטלה קבב ביתי,לאטי עזרא גלם ודגים,,"קבב כבש ביתי 1 ק""ג",קילוגרמים,0.00,"ק""ג",false,1,49.90,49.90,true,1,
7290005041402,false,שיפודי פרגיות קפוא מעדני הטלה 600 גר`,מעדני הטלה והעגל,,שיפודי פרגית 600 גר,גרמים,600.00,100 גרם,false,1,54.90,9.15,true,1,
7290005053023,false,רזיניקה 3% 1 ליטר,,,רזיניקה 3% 1 ליטר,ליטרים,0.00,ליטר,false,1,13.60,13.60,true,1,
7290005053047,false,פרוסטקוושה 1 ליטר,,,פרוסטקוושה 1 ליטר,מיליליטרים,1000.00,"100 מ""ל",false,1,13.60,1.36,true,1,
7290005053054,false,שמנת 42% יד מרדכי 30,,,שמנת 42% מיוחד 300,גרמים,300.00,100 גרם,false,1,11.50,3.83,true,1,
7290005053078,false,קאפיר 3% 1 ליטר,,,קאפיר 3% 1 ליטר,ליטרים,0.00,ליטר,false,1,13.60,13.60,true,1,
7290005053085,false,שמנת חמוצה 15% 500 גרם,,,שמנת חמוצה 15% 500 ג,גרמים,500.00,100 גרם,false,1,11.20,2.24,true,1,
7290005053115,false,גבינת טבורג 500 5% גרם,,,גבינת טבורג 500 5% ג,גרמים,500.00,100 גרם,false,1,15.00,3.00,true,1,
7290005053184,false,רזינקה 3% 2 ליטר,,,רזינקה 3% 2 ליטר,ליטרים,0.00,ליטר,false,1,22.30,22.30,true,1,
7290005053191,false,קאפיר 3% 2 ליטר,,,קאפיר 3% 2 ליטר,ליטרים,0.00,ליטר,false,1,21.20,21.20,true,1,
7290005053214,false,גבינת טבורוג דובדבן,,,טבורוג דובדבן 500 גר,גרמים,500.00,100 גרם,false,1,16.00,3.20,true,1,
7290005053221,false,גבינה עם משמש 500גר,,,טבורוג עם משמש 500,גרמים,500.00,100 גרם,false,1,16.00,3.20,true,1,
7290005053238,false,טבורוג צימוקים 5% 500 גר,,,טבורוג צימוקים 5%,גרמים,500.00,100 גרם,false,1,16.00,3.20,true,1,
7290005053252,false,פרוסטקוושה 500,,,פרוסטקוושה 500,ליטרים,0.00,ליטר,false,1,7.50,7.50,true,1,
7290005053269,false,"קאפיר 500 מ""ל",,,"קאפיר 500 מ""ל",מיליליטרים,500.00,"100 מ""ל",false,1,7.90,1.58,true,1,
7290005053276,false,ריזינקה 0.5ל,,,"ריזינקה 500 מ""ל",מיליליטרים,500.00,"100 מ""ל",false,1,7.50,1.50,true,1,
7290005068058,false,תירס קל מופחת קלוריות 550 ג' פרי הגליל,ויטה- פרי גליל (החדשה) בעמ,,תירס קל A2,גרמים,550.00,100 גרם,false,1,7.30,1.33,true,1,
7290005068447,false,"גרגרי תירס קל בוואקום ללת""ס פרי גליל 340ג'",ויטה- פרי גליל (החדשה) בעמ,,תירס קל בואקום,גרמים,340.00,100 גרם,false,1,9.40,2.76,true,1,
7290005079290,false,גבנצ 15% נעם חריץ מעדנייה,החב` המרכזית - טרה,,גבינה צהובה נעם 15%,Unknown,0.00,"ק""ג",true,0,65.00,65.00,true,1,
7290005084355,false,סנסודין משחת שיניים דואל קר פלואוריד 75,גלקסו סמית קליין,,משחת שיניים סנסודיי,גרמים,75.00,100 גרם,false,1,22.90,30.53,true,1,
7290005095061,false,נר נשמה בפחית 26 שעות,HQP,CN,נר נשמה בפחית 24 שעו,Unknown,0.00,Unknown,false,1,3.10,3.10,true,1,
7290005095207,false,מנגל גדול 78*30,,,מנגל גדול 78*30,Unknown,0.00,Unknown,false,1,146.50,146.50,true,1,
7290005095269,false,נרות חימום בשקית-שקד 50,סין,,נרות חימום 50 יח,Unknown,0.00,Unknown,false,1,11.90,11.90,true,1,
7290005095290,false,מצית אלקטרוני לסיגריות,ציון תורג`מן בעמ,,מצת אלקטרוני,Unknown,0.00,Unknown,false,1,4.90,4.90,true,1,
7290005095351,false,סט קופסאות אחסון 3 י,,IL,קופסאות סמרט 3 יח,Unknown,0.00,Unknown,false,1,11.90,11.90,true,1,
7290005095467,false,נרות שבת מס 4 180 גר,משווק על ידי HQP,CN,נרות שבת 4 יח,Unknown,0.00,Unknown,false,1,6.10,6.10,true,1,
7290005095498,false,נרות שבת 10 יחידות,משווק על ידי HQP,CN,נרות שבת 10 יח,Unknown,0.00,Unknown,false,1,6.10,6.10,true,1,
7290005095641,false,חטיף תפוחה מצוקה 230 גר שלוה,מפעלי דגן ניסן את גפ,,חטיף תפוחה מצוקה 230,גרמים,230.00,100 גרם,false,1,9.90,4.30,true,1,
7290005095658,false,תפיחוני תירס מתוקים 150 גר שלוה,מפעלי דגן ניסן את גפ,,תפיחוני תירס מתוקים,גרמים,150.00,100 גרם,false,1,9.90,6.60,true,1,
7290005095702,false,חיטה תפוחה בדבש 200 גר שלוה,מפעלי דגן ניסן את גפ,,חיטה תפוחה בדבש 200,גרמים,200.00,100 גרם,false,1,9.90,4.95,true,1,
7290005111761,false,"מזון לכלבים בונזו מזון כלבים בשר 3 ק""ג",דיפלומט מפיצים (1968) בעמ**,,בונזו ארוחת בריאות 3,קילוגרמים,0.00,"ק""ג",false,1,49.90,49.90,true,1,
7290005158247,false,מקלוני שוקולד ציפס וקקאו מכוסמין 200 גרם,"דגן מיני מזונות בע""\מ",IL,מקלוני שוקולד ציפס ו,גרמים,200.00,100 גרם,false,1,27.90,13.95,true,1,
7290005158292,false,אצבעות כוסמין זעתר כורכום ושמן זית 200 ג,,IL,אצבעות כוסמין זעתר כ,גרמים,200.00,100 גרם,false,1,30.90,15.45,true,1,
7290005169762,false,לקסין פורטה כמוסות זוגות,SHALPHARM HMZRAH (SODOT,,לקסין פורטה זוגות,Unknown,0.00,Unknown,false,1,104.90,104.90,true,1,
7290005169939,false,תה טיבטי קלאסי נענע 90 שקיקים,SHALPHARM HMZRAH (SODOT,,תה טיבטי נענע 180 גר,גרמים,180.00,100 גרם,false,1,52.90,29.39,true,1,
7290005169946,false,תה טיבטי קלאסי לימון 90 שקיקים,SHALPHARM HMZRAH (SODOT,,תה טיבטי לימון 180 ג,גרמים,180.00,100 גרם,false,1,52.90,29.39,true,1,
7290005174513,false,חציל על האש במיונז אחלה 400 גרם+225גר,שטראוס גרופ בעמ/מצונן,,חצילים במיונז 500 גר,גרמים,500.00,100 גרם,false,1,15.90,3.18,true,1,
7290005174551,false,סלט חומוס עם צנוברים 125 ג' אחלה,שטראוס גרופ בעמ/מצונן,,חומוס יום יום 125 גר,גרמים,125.00,100 גרם,false,1,4.90,3.92,true,1,
7290005174568,false,אחלה יום יום חצילים במיונז 125 גרם,שטראוס גרופ בעמ/מצונן,,חצילים במיונז 125 גר,גרמים,125.00,100 גרם,false,1,4.90,3.92,true,1,
7290005174575,false,טחינה אחלה יום יום משובחת 125ג',שטראוס גרופ בעמ/מצונן,,טחינה יום יום 125 גר,גרמים,125.00,100 גרם,false,1,4.90,3.92,true,1,
7290005197758,false,"עוגיות חיוכים שוקולד עלית 150 גרם בד""צ",אפיפית נצרת תעשיות ב,,חיוכים שוקו 150 גרם,גרמים,150.00,100 גרם,false,1,6.50,4.33,true,1,
7290005199578,false,קפה נמס מיובש בהקפאה נטול קפאין 200ג,שטראוס קפה בי.וי.,,קפה פלטניום נטול 200,גרמים,200.00,100 גרם,false,1,25.90,12.95,true,1,
7290005199738,false,גומי מאסט בטעם פפרמינט ריח פה נעים פליפטופ 28 ג' עלית,שטראוס גרופ בע`מ,,מסטיק MUST LL ריח פה,Unknown,0.00,Unknown,false,1,4.60,4.60,true,1,
7290005200786,false,תפוצ'יפס בטעם שמנת בצל עלית 50 גרם,"שטראוס פריטו ליי בע""\מ )",,תפוציפס שמנת ובצל 50,גרמים,50.00,100 גרם,false,1,4.00,8.00,true,1,
7290005201455,false,קפה נמס מגורען ארומה קלאסי עלית 200 גרם,שטראוס גרופ בע`מ,,קפה ארומה מגורען 200,גרמים,200.00,100 גרם,false,1,28.20,14.10,true,1,
7290005201882,false,קפה טורקי בצלופן עלית 200 גרם,הנסיך- מפעל לייצור ט,IL,קפה טורקי עלית 200 ג,גרמים,200.00,100 גרם,false,1,15.90,7.95,true,1,
7290005278013,false,מיץ תפוזים סחוט טרי 500,,,תפוזים סחוט טרי 500,מיליליטרים,500.00,"100 מ""ל",false,1,9.90,1.98,true,1,
7290005278020,false,"לימונדה סחוט טרי 500 מ""ל",,,לימונדה סחוט טרי 500,מיליליטרים,500.00,"100 מ""ל",false,1,9.90,1.98,true,1,
7290005278037,false,"נקטר תות סחוט טרי 500 מ""",,,תות שדה סחוט טרי 500,מיליליטרים,500.00,"100 מ""ל",false,1,9.90,1.98,true,1,
7290005278044,false,נקטר תות בננה סחוט טרי 5,,,תות בננה סחוט טרי 50,מיליליטרים,500.00,"100 מ""ל",false,1,9.90,1.98,true,1,
7290005278068,false,מיץ בננה תפוז סחוט טרי 5,,,בננה תפוז סחוט טרי 5,מיליליטרים,500.00,"100 מ""ל",false,1,9.90,1.98,true,1,
7290005278075,false,מיץ פירות יער סחוט טרי 5,,,פירות יער סחוט טרי 5,מיליליטרים,500.00,"100 מ""ל",false,1,9.90,1.98,true,1,
7290005278099,false,"מיץ מנגו סחוט טרי 500 מ""",,,מנגו סחוט טרי 500 מל,מיליליטרים,500.00,"100 מ""ל",false,1,9.90,1.98,true,1,
7290005278105,false,מיץ אפרסק סחוט טרי 500 מ,,,אפרסק סחוט טרי 500 מ,מיליליטרים,500.00,"100 מ""ל",false,1,9.90,1.98,true,1,
7290005278112,false,נקטר קיוי אגס תפוח סחוט,,,קיווי אגס תפוח סחוט,מיליליטרים,500.00,"100 מ""ל",false,1,9.90,1.98,true,1,
7290005278136,false,"מיץ תפוח סחוט טרי 500 מ""",,,תפוח מלא סחוט טרי 50,מיליליטרים,500.00,"100 מ""ל",false,1,9.90,1.98,true,1,
7290005278143,false,נקטר תות בננה סחוט טרי 5,,,תמר בננה סחוט טרי 50,מיליליטרים,500.00,"100 מ""ל",false,1,9.90,1.98,true,1,
7290005278150,false,סחוט טרי גוייאבה 500 מל,,,סחוט טרי גוייאבה 500,מיליליטרים,500.00,"100 מ""ל",false,1,9.90,1.98,true,1,
7290005278211,false,"לימונדה ברי 500 מ""ל",,,"לימונדה ברי 500 מ""ל",מיליליטרים,500.00,"100 מ""ל",false,1,9.90,1.98,true,1,
7290005278228,false,פסיפלורה מנגו סחוט טרי 5,,,מנגו פסיפלורה,מיליליטרים,500.00,"100 מ""ל",false,1,9.90,1.98,true,1,
7290005278440,false,מיץ גזר תפוז סחוט טרי 50,,,גזר תפוז סחוט טרי 50,מיליליטרים,500.00,"100 מ""ל",false,1,9.90,1.98,true,1,
7290005287206,false,רביעיית טונה בשמן סטארקיסט 160 גרם,דיפלומט מפיצים (1968) בעמ**,,טונה סטארקיסט בשמן ר,גרמים,640.00,100 גרם,false,1,24.90,3.89,true,1,
7290005287251,false,רביעיית טונה במים סטארקיסט 160 גרם,דיפלומט מפיצים (1968) בעמ**,,טונה סטארקיסט במים ר,גרמים,640.00,100 גרם,false,1,24.90,3.89,true,1,
7290005287510,false,"סטארקיסט טונה בשמן עם פלפל חריף 160 גרם בד""צ",דיפלומט מפיצים (1968) בע`מ,,טונה בשמן עם פלפל חר,גרמים,160.00,100 גרם,false,1,8.90,5.56,true,1,
7290005287527,false,"סטארקיסט טונה בשמן עם לימון 160 גרם בד""צ",סטארקיסט דיפלומט היינץ,,טונה בשמן עם לימון 1,גרמים,160.00,100 גרם,false,1,8.90,5.56,true,1,
7290005287534,false,"סטארקיסט טונה בשמן עישון טבעי 160 גרם בד""צ",סטארקיסט דיפלומט היינץ,,טונה בשמן עישון טבעי,גרמים,160.00,100 גרם,false,1,8.90,5.56,true,1,
7290005296246,false,"פותח סתימות דריין אאוט 946 מ""ל יעקבי","יעקב יעקבי ובניו בע""מ",,פותח סתימות,מיליליטרים,946.00,"100 מ""ל",false,1,30.90,3.27,true,1,
7290005296857,false,"פוליבוי ספריי מנקה ומבריק הכל יעקבי 300 מ""ל","יעקב יעקבי ובניו בע""מ",,ספריי רהיטים פוליבוי,מיליליטרים,300.00,"100 מ""ל",false,1,16.90,5.63,true,1,
7290005326387,false,עגבניות מיובשות בשמן זית אוליביה 270 גרם,תה ויסוצקי (ישראל)בעמ,,עגבניות מיובשות,גרמים,270.00,100 גרם,false,1,19.80,7.33,true,1,
7290005326523,false,ממרח פסטו פטרוזיליה ונענע אוליביה 180 גרם,תה ויסוצקי (ישראל) בעמ,,ממרח פסטו פטרוזיליה,גרמים,180.00,100 גרם,false,1,13.90,7.72,true,1,
7290005326677,false,אוליביה רוטב ברביקין 350 גר`,תה ויסוצקי (ישראל) בעמ,IL,רוטב ברביקיו אוליביה,גרמים,350.00,100 גרם,false,1,13.90,3.97,true,1,
7290005358241,false,לשון מוכשר קפוא קג,ש.י.ל.ה,,לשון בקר קפואה,Unknown,0.00,"ק""ג",true,0,35.90,35.90,true,1,
7290005384851,false,וילי פוד מיץ לימון בדץ 200מל,קריות זול,IT,מיץ לימון 200 מ`ל,מיליליטרים,200.00,"100 מ""ל",false,1,4.90,2.45,true,1,
7290005416019,false,חלב עיזים מלא 3% 1 ל' מחלבת טל,"ל.ד בר אל בע""מ",,חלב עיזים 3% 1 ליטר,מיליליטרים,1000.00,"100 מ""ל",false,1,16.20,1.62,true,1,
7290005416033,false,מחלבת טל יוגורט עיזים טבעי 3% 500מל,"ל.ד בר אל בע""מ",,יוגורט עיזים טבעי 3%,מיליליטרים,500.00,"100 מ""ל",false,1,14.90,2.98,true,1,
7290005416262,false,מחלבת טל יוגורט עיזים בטעם תות 500מל,"ל.ד בר אל בע""מ",,יוגורט עיזים תות 3%,מיליליטרים,500.00,"100 מ""ל",false,1,15.60,3.12,true,1,
7290005416279,false,מחלבת טל יוגורט עיזים בטעם פירות יער 500מל,"ל.ד בר אל בע""מ",,יוגורט עיזים פירות י,מיליליטרים,500.00,"100 מ""ל",false,1,15.60,3.12,true,1,
7290005416286,false,יוגורט עיזים ביו עם אננס 3.5%,"ל.ד בר אל בע""מ",,יוגורט עיזים אננס 3%,מיליליטרים,500.00,"100 מ""ל",false,1,14.90,2.98,true,1,
7290005416293,false,מחלבת טל יוגורט עיזים בטעם אפרסק 500מל,"ל.ד בר אל בע""מ",,יוגורט עיזים אפרסק 3,מיליליטרים,500.00,"100 מ""ל",false,1,15.60,3.12,true,1,
7290005416415,false,יוגורט עיזים בגביע 200 גר,מחלבת טל,,יוגורט עיזים טבעי בג,גרמים,200.00,100 גרם,false,1,6.50,3.25,true,1,
7290005416491,false,משקה יוגורט עיזים טל,מחלבת טל טלה,,יוגורט עיזים 750 מל,מיליליטרים,750.00,"100 מ""ל",false,1,20.80,2.77,true,1,
7290005423055,false,סנו פורטה פלוס מתז בניחות לימון 1 ל',החברה הדרומית לשיווק בעמ,IL,מרסס סנו פורטה פלוס,מיליליטרים,1000.00,"100 מ""ל",false,1,17.90,1.79,true,1,
7290005423482,false,"קרם לניקוי כיריים קרמיים סנו 300 מ""ל",מיוצר עי קונדיטוריית,,סנו קרם לניקוי כיריי,מיליליטרים,300.00,"100 מ""ל",false,1,18.90,6.30,true,1,
7290005423499,false,"תרסיס לניקוי משטחי נירוסטה אירוסל סנו 500 מ""ל",החברה הדרומית לשיווק בעמ,,סנו נירוסטה,מיליליטרים,476.00,"100 מ""ל",false,1,23.50,4.94,true,1,
7290005423567,false,מטליות ניקוי רב שימושיות בגליל סנו סושי 40 יחידות,החברה הדרומית לשיווק בעמ,,סנו סושי מטליות בגלי,Unknown,0.00,Unknown,false,1,20.20,20.20,true,1,
7290005423833,false,פוליוויקס נוזל לניקוי פרקט סנו (2 ליטר).,החברה הדרומית לשיווק בעמ,,סנו פוליויקס פרקט 2,ליטרים,0.00,ליטר,false,1,23.90,23.90,true,1,
7290005423871,false,שלישיית משחת שיניים מנטול אורביטול 145 גרם,טרופיקל דגיל תעשיות קוסמ,,משחת שיניים אורביטול,גרמים,435.00,100 גרם,false,1,19.40,4.46,true,1,
7290005423918,false,סנו - מקסימה מרכך כביסה היפואלרגני אלוורה 4 ליטר,החברה הדרומית לשיווק בעמ,,סנו מקסימה מרכך כביס,ליטרים,0.00,ליטר,false,1,23.90,23.90,true,1,
7290005424113,false,"רביעיית מטליות לרצפה ""סנו סושי""",החב. הדרומית לשיווק,,סנו סושי 4 מטליות רצ,Unknown,0.00,Unknown,false,1,12.90,12.90,true,1,
7290005424403,false,"אל סבון כיף אצות ים קטיפתי 1ליטר,",החברה הדרומית לשיווק בעמ,,אלסבון כיף 1 ליטר,מיליליטרים,1000.00,"100 מ""ל",false,1,15.20,1.52,true,1,
7290005424700,false,סנו - פורטה פלוס מרסס מסיר שומנים 1 ליטר,החברה הדרומית לשיווק בעמ,,פורטה פלוס 1 ליטר,מיליליטרים,1000.00,"100 מ""ל",false,1,17.90,1.79,true,1,
7290005424755,false,מטליות ריצפז פלוס לחות לניקוי רצפות דוחה תיקנים 10 יח' סנו,החברה הדרומית לשיווק בעמ,,מטלית דוחה תיקנים,Unknown,0.00,Unknown,false,1,17.40,17.40,true,1,
7290005424762,false,ריצפז פלוס ווקס נוזל להברקת רצפות דוחה תיקנים סנו 2 ליטר,החברה הדרומית לשיווק בעמ,,רצפז פלוס דוחה חרקים,ליטרים,0.00,ליטר,false,1,31.50,31.50,true,1,
7290005424991,false,סנו פרש אוטומטיק בהתזה קצובה ניחוח בייבי פאודר,החברה הדרומית לשיווק בעמ,IL,מילוי סנו פרש אוטומט,מיליליטרים,200.00,"100 מ""ל",false,1,14.90,7.45,true,1,
7290005425073,false,"מטהר אויר בניחוח יסמין ועץ סאנדלווד סנו 300 מ""ל",החברה הדרומית לשיווק בעמ,,סנו דואופרש יסמין עץ,מיליליטרים,300.00,"100 מ""ל",false,1,13.90,4.63,true,1,
7290005425110,false,"חיטוי משטחים 99.9% מתז מחטא ומשמיד 750 מ""ל",החברה הדרומית לשיווק בעמ,IL,מרסס לחיטוי משטחים 9,מיליליטרים,750.00,"100 מ""ל",false,1,13.90,1.85,true,1,
7290005425127,false,"חיטוי משטחים 99.9% מתז לשומנים ואבנית 750 מ""ל",החברה הדרומית לשיווק בעמ,IL,מרסס מנקה שומנים 99.,מיליליטרים,750.00,"100 מ""ל",false,1,13.90,1.85,true,1,
7290005425196,false,"מקסימה אבקת כביסה סנסיטיב סנו 2.5 ק""ג",החברה הדרומית לשיווק בעמ,,סנו מקסימה סנסטיב 2.,קילוגרמים,0.00,"ק""ג",false,1,31.50,31.50,true,1,
7290005425202,false,אבקת כביסה ביו מקסימה לכתמים קשים,החברה הדרומית לשיווק בעמ,,סנו מקסימה ביו 2.5 ק,קילוגרמים,0.00,"ק""ג",false,1,31.50,31.50,true,1,
7290005425585,false,מטליות לחות לניקוי רהיטים סנו 20 יחידות,"סנו מפעלי ברונוס בע""\מ",,סנו רהיט מטליות,Unknown,0.00,Unknown,false,1,17.90,17.90,true,1,
7290005425912,false,אוקסיג'ן ג'ל להסרת כתמים עם חמצן פעיל סנו 4 ליטר,החברה הדרומית לשיווק בעמ,,סנו אוקסיגן מסיר כתמ,ליטרים,0.00,ליטר,false,1,35.90,35.90,true,1,
7290005426193,false,ספוגית הפלא סנו סושי 6 יחידות,החברה הדרומית לשיווק בעמ,,סנו סושי ספוג הפלא,Unknown,0.00,Unknown,false,1,14.20,14.20,true,1,
7290005426230,false,מטלית הפלא לרצפה מיקרופייבר סנו 1יח',החברה הדרומית לשיווק בעמ,,סושי מטלית הפלא לרצפ,Unknown,0.00,Unknown,false,1,12.90,12.90,true,1,
7290005426629,false,"סנו דואופרש אורן לוטוס ופרחי מים ודובדבן, 300 מ""ל",החברה הדרומית לשיווק בעמ,,סנו דואופרש אורן ודו,מיליליטרים,300.00,"100 מ""ל",false,1,13.90,4.63,true,1,
7290005426803,false,מקסימה מרכך כביסה פצ'ולי לבנדר סגול סנו 4 ליטר,החברה הדרומית לשיווק בעמ,,סנו מקסימה מרכך כביס,ליטרים,0.00,ליטר,false,1,19.90,19.90,true,1,
7290005426940,false,"סנו K-300 מדביר חרקים 475 מ""ל",טרופיקל דגיל תעשיות,,K-300 פלוס 8,מיליליטרים,400.00,"100 מ""ל",false,1,23.90,5.98,true,1,
7290005426964,false,סנובון סבון לאסלה בניחוח אפרסק סנו 3 יחידות,החברה הדרומית לשיווק בעמ,,סנובון כחול שלישייה,Unknown,0.00,Unknown,false,1,16.90,16.90,true,1,
7290005428845,false,מפיות סנו סופט 33*33 100 יחידות,החב הדרומית לשיווק,,סנו סושי מפיות צבעונ,Unknown,0.00,Unknown,false,1,10.20,10.20,true,1,
7290005429279,false,סנו מקסימה קומפקט קומפקט אפקט גאוול 6 ק,החברה הדרומית לשיווק בעמ,,סנו מקסימה קומפקט ק,קילוגרמים,0.01,"ק""ג",false,1,49.50,4950.00,true,1,
7290005429286,false,"אבקת כביסה ביו סנו מקסימה 6 ק""ג",החברה הדרומית לשיווק בעמ,,סנו מקסימה קומפקט בי,קילוגרמים,0.01,"ק""ג",false,1,49.50,4950.00,true,1,
7290005430480,false,מטלית הפלא למשטחים מיקרופייבר סנו סושי 1 יחידה,החברה הדרומית לשיווק בעמ,,מטלית פלא סנו סושי,Unknown,0.00,Unknown,false,1,7.90,7.90,true,1,
7290005430510,false,נייר טואלט לבן סנו סופט (18.4x40 מטר),החברה הדרומית לשיווק בעמ,,נייר טואלט סופט 40 ג,מטרים,736.00,מטר,false,1,41.90,0.06,true,1,
7290005430602,false,"סנו אוקסיג'ן ספריי להסרת כתמים עם חמצן פעיל 750 מ""ל",החברה הדרומית לשיווק בעמ,,סנו אוקסיגן מסיר כתמ,מיליליטרים,750.00,"100 מ""ל",false,1,14.90,1.99,true,1,
7290005431883,false,מלבי חלבי עדן קינוחים 165 גרם,עדן קינוחים Eden,IL,מלבי חלבי 165 גר,גרמים,165.00,100 גרם,false,1,6.90,4.18,true,1,
7290005431906,false,מארז קדאיף 82 גר`עדן קינוחים,עדן קינוחים Eden,IL,קדאיף 82 גר,גרמים,82.00,100 גרם,false,1,6.90,8.41,true,1,
7290005431913,false,עוגת גבינה פירורים עדן קינוחים 92 גרם,עדן קינוחים Eden,IL,עוגת גבינה פירורים,גרמים,92.00,100 גרם,false,1,6.90,7.50,true,1,
7290005431920,false,עוגת גבינה פירורים לייט עדן קינוחים 78 גרם,עדן קינוחים Eden,IL,עוגת גבינה פירורים,גרמים,78.00,100 גרם,false,1,6.90,8.85,true,1,
7290005431937,false,מעדן טירמיסו 82 גר`עדן קינוחים,עדן קינוחים Eden,IL,טירמיסו 82 גר,גרמים,82.00,100 גרם,false,1,6.90,8.41,true,1,
7290005431968,false,מלבי שמנת עדן קינוחים 150 גרם,עדן קינוחים Eden,IL,מלבי שמנת 150 גרם,גרמים,150.00,100 גרם,false,1,6.90,4.60,true,1,
7290005555100,false,פיקדון רביעייה,,,פיקדון רביעייה,Unknown,0.00,Unknown,false,1,1.20,1.20,true,1,
7290005555101,false,עוגיות שוקולד לבן,Unknown,,פיקדון שישייה,Unknown,0.00,Unknown,false,1,1.80,1.80,true,1,
7290005555127,false,פיקדון 30 אג,,,פיקדון 30 אג,Unknown,0.00,Unknown,false,1,0.30,0.30,true,1,
7290005559587,false,מאפה נקניקיה בבצק מעדנות 800ג',תנובה מרכז שיתופי לשיווק תוצרת,,מאפה נקניקיה 800גר מ,גרמים,800.00,100 גרם,false,1,32.90,4.11,true,1,
7290005559709,false,בורקס פיצה מעדנות 700 גרם,מיוצר עי קונדיטוריית,,בורקס פיצה 700 גר,גרמים,700.00,100 גרם,false,1,28.90,4.13,true,1,
7290005559907,false,פיצה משפחתית 100% גבינה מעדנות 500 גרם,תנובה מרכז שיתופי לשיווק תוצרת,,פיצה משפחתית גבינה,גרמים,500.00,100 גרם,false,1,23.90,4.78,true,1,
7290005559914,false,פיצה משפחתית עם 100% גבינה בתוספת זיתים מעדנות 550 גרם,תנובה מרכז שיתופי לשיווק תוצרת,,פיצה משפחתית זיתים מ,גרמים,550.00,100 גרם,false,1,21.90,3.98,true,1,
7290005559990,false,בצק עלים פילאס תורכי 600 גרם קפוא,תנובה מרכז שיתופי לשיווק תוצרת,,בצק פילאס תורכי מעדנ,גרמים,600.00,100 גרם,false,1,22.90,3.82,true,1,
7290005571022,false,צלי כתף טרי,,,צלי כתף טרי,Unknown,0.00,"ק""ג",true,0,89.90,89.90,true,1,
7290005571039,false,פילה עגל מדומה טרי,,,פילה מדומה טרי,Unknown,0.00,"ק""ג",true,0,69.90,69.90,true,1,
7290005571046,false,כתף בקר מרכזי טרי,,,כתף בקר מרכזי טרי,Unknown,0.00,"ק""ג",true,0,69.90,69.90,true,1,
7290005571060,false,אוסובוקו בקר טרי,,,אוסובוקו בקר טרי,Unknown,0.00,"ק""ג",true,0,49.90,49.90,true,1,
7290005571176,false,ויסבארטן טרי,,,ויסבארטן טרי,Unknown,0.00,"ק""ג",true,0,64.90,64.90,true,1,
7290005571183,false,שייטל בקר שלם,,,שייטל שלם,Unknown,0.00,"ק""ג",true,0,79.90,79.90,true,1,
7290005571213,false,שפיץ צך בקר,,,פיקנייה עגל טרי,Unknown,0.00,"ק""ג",true,0,94.90,94.90,true,1,
7290005571343,false,כבד עגל טרי,,,כבד עגל טרי,Unknown,0.00,"ק""ג",true,0,17.90,17.90,true,1,
7290005571367,false,לשון עגל טרי,,,לשון עגל טריה,Unknown,0.00,"ק""ג",true,0,42.90,42.90,true,1,
7290005571596,false,נתח סינטה עגל טרי,,,סינטה עגל טרי,Unknown,0.00,"ק""ג",true,0,99.90,99.90,true,1,
7290005571909,false,אנטריקוט עגל טרי ללא עצם,,,אנטריקוט עגל טרי,Unknown,0.00,"ק""ג",true,0,159.90,159.90,true,1,
7290005587825,false,לוריאל - דרמו מסיר איפור דו פאזי 125 עברית,לוריאל ישראל קוסמטיקס בעמ,,מסיר איפור דו-פאזי,Unknown,0.00,Unknown,false,1,30.90,30.90,true,1,
7290005591761,false,דבש טהור מפרחי בר בלחיץ 400 ג' יד מרדכי,מכוורת יד מרדכי שטרא,,דבש טהור לחיץ פרחי ב,גרמים,400.00,100 גרם,false,1,20.90,5.23,true,1,
7290005610509,false,צנונית ארוז דוד משה 500ג',תוצרת הנגב אגודה שיתופית חקלאי,,צנונית,Unknown,0.00,Unknown,false,1,7.90,7.90,true,1,
7290005651069,false,"מזון חתולים לה קט מיקס 2.85 ק""ג",דיפלומט מפיצים (1968) בעמ**,,לה-קט 2.85 קג מיקס,קילוגרמים,0.00,"ק""ג",false,1,59.90,59.90,true,1,
7290005651366,false,"מזון לכלבים בונזו מזון כלבים כבד 3 ק""ג",דיפלומט מפיצים (1968) בעמ**,,בונזו כבד 3 קג,קילוגרמים,0.00,"ק""ג",false,1,49.90,49.90,true,1,
7290005651427,false,"בונזו מזון לכלבים מולטיפק 1.2 ק""ג מארז 3 יחידות",דיפלומט מפיצים (1968) בעמ**,,בונזו מולטיפק 3*400,גרמים,400.00,100 גרם,false,1,17.90,4.48,true,1,
7290005672071,false,כפפת סיליקון עד 270 מעלות,,,כפפת סיליקון עד 270,קילוגרמים,0.00,"ק""ג",false,1,50.00,50.00,true,1,
7290005672095,false,סט ת/ק/ס נירוסטה צבעוני,,,סט ת/ק/ס נירוסטה צבע,קילוגרמים,0.00,"ק""ג",false,1,85.00,85.00,true,1,
7290005672101,false,מקציפלא MAGIC,,,מקציפלא MAGIC,Unknown,0.00,Unknown,false,1,89.00,89.00,true,1,
7290005672170,false,משטח חיתוך במבוק קטן,,,משטח חיתוך במבוק קטן,קילוגרמים,0.00,"ק""ג",false,1,49.90,49.90,true,1,
7290005672330,false,מסננת נירוסטה 24 FREE,,,מסננת נירוסטה 24 FRE,קילוגרמים,0.00,"ק""ג",false,1,124.90,124.90,true,1,
7290005672378,false,סט קערה עם מסננת FREE,,,סט קערה עם מסננת FRE,קילוגרמים,0.00,"ק""ג",false,1,59.90,59.90,true,1,
7290005672798,false,תבנית המבורגר,,,תבנית המבורגר,קילוגרמים,0.00,"ק""ג",false,1,39.00,39.00,true,1,
7290005672859,false,משקל דיגיטלי דק 5 נירוסטה,,,משקל דיגיטלי דק 5 ני,קילוגרמים,0.00,"ק""ג",false,1,130.00,130.00,true,1,
7290005672880,false,מגרדת נירוסטה 2 דרגות,,,מגרדת נירוסטה 2 דרגו,קילוגרמים,0.00,"ק""ג",false,1,44.90,44.90,true,1,
7290005672903,false,מבער גדול FREE,,,מבער גדול FREE,Unknown,0.00,Unknown,false,1,134.90,134.90,true,1,
7290005672934,false,מטרפה מקצועית מחוזקת נירוסטה,,,מטרפה מקצועית מחוזקת,קילוגרמים,0.00,"ק""ג",false,1,34.90,34.90,true,1,
7290005678318,false,ענב לבן אוטם קריספ טלי,אראל תוצרת חקלאית בע,,ענבי אוטום קריספ,Unknown,0.00,"ק""ג",true,0,29.90,29.90,true,1,
7290005678585,false,ענבים אדומים סקרלוטה טלי,"בכורי השדה צפון1994 ג.ד. בע""מ",,סקרלוטה ללא חרצנים,Unknown,0.00,"ק""ג",true,0,29.90,29.90,true,1,
7290005680052,false,טמפונים סופר פלוס אובה 32 יחידות,גונסון אנד גונסון,,אובה סופר פלוס 32,Unknown,0.00,Unknown,false,1,21.90,21.90,true,1,
7290005686405,false,בננה ציפס 200 גרם ששון הקולה,דין שיווק וקליה 2021 בעמ,,בננה ציפס 200 גרם שש,גרמים,200.00,100 גרם,false,1,7.90,3.95,true,1,
7290005686436,false,תפוח עץ מיובש ששון ה,דין שיווק וקליה 2021 בעמ,,תפוחי עץ 200 גר,גרמים,200.00,100 גרם,false,1,14.20,7.10,true,1,
7290005697272,false,תום עיזים מונפורט מנות שקיל,גלילי,,תום עיזים מונפורט,Unknown,0.00,"ק""ג",true,0,223.00,223.00,true,1,
7290005697333,false,קממבר עיזים מנות שקיל גלילי,גלילי,,קממבר עיזים מנות שקי,Unknown,0.00,"ק""ג",true,0,193.00,193.00,true,1,
7290005697517,false,"יוגורט עיזים טבעי ביו 500 מ""ל ""גלילי""",מחלבת גלילי,,יוגורט עיזים טבעי בי,מיליליטרים,500.00,"100 מ""ל",false,1,18.80,3.76,true,1,
7290005697524,false,"יוגורט עיזים תמרים ביו 500 מ""ל ""גלילי""",מחלבת גלילי,,יוגורט עיזים תמרים ב,מיליליטרים,500.00,"100 מ""ל",false,1,18.80,3.76,true,1,
7290005697531,false,"יוגורט עיזים תות ביו 500 מ""ל ""גלילי""",מחלבת גלילי,,יוגורט עיזים תות ביו,מיליליטרים,500.00,"100 מ""ל",false,1,18.80,3.76,true,1,
7290005697548,false,"יוגורט עיזים פירות יער ביו 500 מ""ל ""גלילי""",גלילי,,יוגורט עיזים פירות י,מיליליטרים,500.00,"100 מ""ל",false,1,18.80,3.76,true,1,
7290005697562,false,"יוגורט עיזים אפרסק ביו 500 מ""ל",מחלבת גלילי,,יוגורט עיזים אפרסק ב,מיליליטרים,500.00,"100 מ""ל",false,1,18.80,3.76,true,1,
7290005697630,false,"יוגורט עיזים תאנים ביו 500 מ""ל ""גלילי""",בי או די רגבים,,יוגורט עיזים ביו תאנ,מיליליטרים,500.00,"100 מ""ל",false,1,18.80,3.76,true,1,
7290005697647,false,יוגורט עיזים בדלי 750 מל,,IL,יוגורט עיזים בדלי 75,מיליליטרים,750.00,"100 מ""ל",false,1,21.90,2.92,true,1,
7290005697654,false,יוגורט עיזים אורגני בדלי 750 מל,,IL,יוגורט עיזים אורגני,מיליליטרים,750.00,"100 מ""ל",false,1,26.50,3.53,true,1,
7290005697661,false,יוגורט צאן יווני בדלי 750 מל,,IL,יוגורט צאן יווני בדל,מיליליטרים,750.00,"100 מ""ל",false,1,21.90,2.92,true,1,
7290005697708,false,יוגורט עיזים טבעי מחלבת גלילי 1 ליטר,,,יוגורט עיזים טבעי מח,מיליליטרים,1000.00,"100 מ""ל",false,1,17.90,1.79,true,1,
7290005727351,false,איקרה אדום במשקל,,IL,איקרה אדומה/לבנה,Unknown,0.00,"ק""ג",true,0,62.00,62.00,true,1,
7290005733017,false,בובה בקופסא,General,,בובה בקופסא,Unknown,0.00,Unknown,false,1,39.90,39.90,true,1,
7290005733116,false,דפי קסם לחנוכה (נא השאירו את ההגדרה: צעצועי דורון),צעצועי דורון ~~~,,צעצועים,Unknown,0.00,Unknown,false,1,10.00,10.00,true,1,
7290005733666,false,מגבעות בד/משקפת/מטרי,צעצועי דורון ~~~,,כובעים שונים לפורים,Unknown,0.00,Unknown,false,1,22.90,22.90,true,1,
7290005733703,false,משחק הרכבה,צעצועי דורון ~~~,,הרכבה,Unknown,0.00,Unknown,false,1,22.90,22.90,true,1,
7290005733994,false,בייבליידס בקופסה,צעצועי דורון ~~~,,שבשבת מים/ חול,Unknown,0.00,Unknown,false,1,29.90,29.90,true,1,
7290005734014,false,בובה+ אביזרים,צעצועי דורון ~~~,,בובה - ימ,Unknown,0.00,Unknown,false,1,32.90,32.90,true,1,
7290005734243,false,בובה (י),צעצועי דורון ~~~,,בובה- י,Unknown,0.00,Unknown,false,1,22.90,22.90,true,1,
7290005734267,false,מכונית פלסטיק גדולה,צעצועי דורון ~~~,,כלי רכב,Unknown,0.00,Unknown,false,1,39.90,39.90,true,1,
7290005734274,false,כלי רכב צעצועי דורון,צעצועי דורון ~~~,,כלי תחבורה- ימ,Unknown,0.00,Unknown,false,1,29.90,29.90,true,1,
7290005734663,false,מגוון סטים של כלים לחוף,צעצועי דורון ~~~,,מגוון סטים של כלים ל,Unknown,0.00,Unknown,false,1,22.90,22.90,true,1,
7290005735523,false,כלי רכב (י),צעצועי דורון ~~~,,כלי רכב -י,Unknown,0.00,Unknown,false,1,22.90,22.90,true,1,
7290005735974,false,משחקים הרכבה (ימ),צעצועי דורון ~~~,,משחק הרכבה 1,Unknown,0.00,Unknown,false,1,29.90,29.90,true,1,
7290005736063,false,משחקי יצירה בקופסא,צעצועי דורון ~~~,,משחק בקופסא,Unknown,0.00,Unknown,false,1,22.90,22.90,true,1,
7290005786006,false,קרפלך האיש עם השפם 1,שבע-תעשיות בצקים קפו,,קרפלך חוטר 1 קילו,גרמים,1000.00,100 גרם,false,1,43.90,4.39,true,1,
7290005786068,false,בלינצס גבינה מתוקה ו,שבע-תעשיות בצקים קפו,IL,בלינצס גבינה מתוקה,גרמים,600.00,100 גרם,false,1,29.90,4.98,true,1,
7290005786075,false,"קרפלך סאן סאניץ 1 ק""ג",שבע-תעשיות בצקים קפו,IL,קרפלך סאן סניץ 1.200,גרמים,1000.00,100 גרם,false,1,40.90,4.09,true,1,
7290005786082,false,"קרפלך אליטה הודו 1 ק""ג",,,קרפלך אליטה הודו 1 ק,גרמים,1000.00,100 גרם,false,1,49.90,4.99,true,1,
7290005786099,false,קרפלך שבע עגל 1 קג,שבע-תעשיות בצקים קפו,,"קרפלך עגל 1 ק""ג",גרמים,1000.00,100 גרם,false,1,40.90,4.09,true,1,
7290005786129,false,בלינצס בשר 600 גרם,שבע-תעשיות בצקים קפו,IL,בלינצס בשר 600 גרם,גרמים,600.00,100 גרם,false,1,31.50,5.25,true,1,
7290005786730,false,קרפלך 3 חזרזירים 1 קילו,,,קרפלך 3 חזרזירים 1 ק,גרמים,1000.00,100 גרם,false,1,43.90,4.39,true,1,
7290005789380,false,פרשיס קוסמטיקס מגבונים להסרת איפור 54 יח',ווטנאפס,,פרשיס קוסמטיקס להסרת,Unknown,0.00,Unknown,false,1,15.90,15.90,true,1,
7290005838002,false,מעדן גבינה ויוגורט בטעם וניל 88 ג' דניאלה,שטראוס גרופ בעמ/מצונן,,דניאלה וניל 100 גרם,גרמים,88.00,100 גרם,false,1,4.10,4.66,true,1,
7290005838613,false,קרם גבינה 3% בטעם וניל סקי (125 גרם),שטראוס גרופ בעמ/מצונן,,סקי וניל 125 גרם,גרמים,125.00,100 גרם,false,1,3.70,2.96,true,1,
7290005838972,false,סקי יום יום גבינה לבנה %5 125 גרם,שטראוס גרופ בעמ/מצונן,,גבינת סקי יום יום 5%,גרמים,125.00,100 גרם,false,1,2.49,1.99,true,1,
7290005839078,false,שמיניית יוגורט לבן 3% ביו דנונה 150 גרם,שטראוס גרופ בעמ/מצונן,,מולטיפק יוגורט דנונה,ליטרים,0.00,ליטר,false,1,16.90,16.90,true,1,
7290005839108,false,גבינה לבנה סימפוניה עם תוספות 200 ג'+זיתים 5%,שטראוס גרופ בעמ/מצונן,,סימפוניה 5% עם זיתים,גרמים,200.00,100 גרם,false,1,11.00,5.50,true,1,
7290005839313,false,מילקי Top עם שוקולדה מגולגלת 140 גרם,שטראוס גרופ בעמ/מצונן,,מילקי טופ מגולגלת 13,גרמים,130.00,100 גרם,false,1,4.90,3.77,true,1,
7290005896415,false,"בירה איגל לאגר פרימיום 5% 500 מ""ל פחית",טמפו משקאות בעמ,,בירה איגל לאגר פרימי,מיליליטרים,500.00,"100 מ""ל",false,1,6.90,1.38,true,1,
7290005896460,false,"בירה איגל לאגר חזקה 7.8% 500 מ""ל פחית",טמפו משקאות בעמ,,בירה איגל חזקה 7.8%,מיליליטרים,500.00,"100 מ""ל",false,1,6.90,1.38,true,1,
7290005896620,false,סאן בנדטו - מוגז עדין - 1.5 ליטר,אקווה מינרלה סאן בנד,,מים סאן בנדטו 1.5 ל,ליטרים,0.00,ליטר,false,1,3.50,3.50,true,1,
7290005896637,false,סאן בנדטו - מים מינרלים טבעיים מהאלפים 1.5 ליטר,אקווה מינרלה סאן בנדטו ב,IL,מים סאן בנדיטו 1.5 ל,ליטרים,0.00,ליטר,false,1,4.20,4.20,true,1,
7290005946493,false,פלפל צילי,,,פלפל צילי,Unknown,0.00,Unknown,false,1,9.90,9.90,true,1,
7290005966347,false,יין גמלא סובניון בלנק 750 מל,יקבי רמת הגולן קצרין,,יין גמלא סובניון בלנ,Unknown,0.00,Unknown,false,1,62.90,62.90,true,1,
7290005966422,false,יין ירדן שרדונה 2020 750 מל,יקבי רמת הגולן,,יין ירדן שרדונה 2020,Unknown,0.00,Unknown,false,1,77.90,77.90,true,1,
7290005966507,false,יין קברנה סוביניון 375 מל,,,יין קברנה סוביניון,Unknown,0.00,Unknown,false,1,50.90,50.90,true,1,
7290005992018,false,"יוגורט עיזים לשתיה 3% מחלבות גד 500 מ""ל",מחלבות גד שיווק 1992 בעמ,,יוגורט עיזים 500 מל,גרמים,500.00,100 גרם,false,1,12.20,2.44,true,1,
7290005992575,false,גבינה בולגרית למריחה 5% גד (250 גרם),מחלבות גד שיווק 1992 בעמ,,בולגרית למריחה 250 ג,גרמים,250.00,100 גרם,false,1,15.90,6.36,true,1,
7290005992735,false,לאבנה טבעית 5% 250 גר' - רבנות,מחלבות גד שיווק 1992 בעמ,,גבינה לבנה טבעית 250,גרמים,250.00,100 גרם,false,1,12.50,5.00,true,1,
7290006189028,false,מיני פריזר עגל 480 גרם,,IL,מיני פריזר עגל 480 ג,גרמים,480.00,100 גרם,false,1,21.90,4.56,true,1,
7290006189358,false,סטייק אנטריקוט מוצר בשר מעובד מופשר,,,אנטריקוט מעובד מופשר,Unknown,0.00,"ק""ג",true,0,99.90,99.90,true,1,
7290006190741,false,פיקורינו פפאטו עם פלפל במשקל,,,פיקורינו פפאטו פלפל,Unknown,0.00,"ק""ג",true,0,210.00,210.00,true,1,
7290006190765,false,גבינת גרוייר רזרב שוויצרי במשקל,,,גבינת גרוייר רזרב,Unknown,0.00,"ק""ג",true,0,236.00,236.00,true,1,
7290006193964,false,עוגת קצפת 550 גר,,,עוגת קצפת,גרמים,550.00,100 גרם,false,1,37.50,6.82,true,1,
7290006194008,false,גבינת פקורינו רומנו איטלקי שקיל,,,גבינת פקורינו רומנו,Unknown,0.00,"ק""ג",true,0,170.00,170.00,true,1,
7290006194015,false,גבינת גורגונזולה פיקנטית במשקל,,,גבינת גורגונזולה פיק,Unknown,0.00,"ק""ג",true,0,191.00,191.00,true,1,
7290006194022,false,גורגונזולה דולצה איטלקי במשקל,,,גורגונזולה דולצה,Unknown,0.00,"ק""ג",true,0,191.00,191.00,true,1,
7290006199218,false,"שמיניית גלידל אייס מוקה ""פלדמן""",הגלידות של פלדמן,,מאגדת גלידל אייס מוק,גרמים,400.00,100 גרם,false,1,32.90,8.23,true,1,
7290006199942,false,"שמיניית גלידל פרי דובדבן ""פלדמן""",הגלידות של פלדמן,,מאגדת גלידל פרי,גרמים,640.00,100 גרם,false,1,26.50,4.14,true,1,
7290006200006,false,ולנסי מנות במשקל,,,ולנסי מנות במשקל,Unknown,0.00,"ק""ג",true,0,157.00,157.00,true,1,
7290006200013,false,ברי פסטוק מנות במשקל,,,ברי פסטוק מנות במשקל,Unknown,0.00,"ק""ג",true,0,155.00,155.00,true,1,
7290006210791,false,בונז'ור לחמנוית המבורגר 100ג',בונז'ור,,לחמניית המבורגר,גרמים,100.00,100 גרם,false,1,3.50,3.50,true,1,
7290006210807,false,בונז'ור בייגלה אמריק,,,בייגל אמריקאי רגיל,גרמים,150.00,100 גרם,false,1,6.60,4.40,true,1,
7290006218872,false,קרפלך ביתי 800 גרם מניה,,,קרפלך ביתי 800 גרם מ,גרמים,800.00,100 גרם,false,1,29.90,3.74,true,1,
7290006229335,false,"מים סאן בנדטו זכוכית לא מוגז 500 מ""ל",,,מים סאן בנדטו זכוכית,מיליליטרים,500.00,"100 מ""ל",false,1,5.90,1.18,true,1,
7290006229427,false,סן בנדטו - מים מינרלים - מארז שישיית 500 מל,טמפו משקאות בע`מ,,שישיית מים מינרלים ס,ליטרים,0.02,ליטר,false,1,12.90,645.00,true,1,
7290006229588,false,בירה איגל לאגר פרימיום חזקה 6.3% 500 מל,טמפו משקאות בעמ,,בירה איגל לאגר פרימי,מיליליטרים,500.00,"100 מ""ל",false,1,6.90,1.38,true,1,
7290006235220,false,דר פישר קידס מגבונים 30יח TO GO דיספנסר,"ד""ר פישר Dr fischer",,מגבונים to go לפנים,Unknown,0.00,Unknown,false,1,7.10,7.10,true,1,
7290006241191,false,אגוזי מלך טבעיים קליית גת (150 גרם),הדקלאים אגודת שיתופי,,אגוזי מלך קליית גת 1,גרמים,150.00,100 גרם,false,1,20.90,13.93,true,1,
7290006241214,false,שקדים טבעיים קליית גת (200 גרם),הדקלאים אגודת שיתופי,,שקד טבעי 200 ג שקית,גרמים,200.00,100 גרם,false,1,20.90,10.45,true,1,
7290006241504,false,"משקה תפוזים קפוא פריגת 340 מ""ל",החברה המרכזית טלהפצת משקאות בע,,פריז תפוזים קפוא 340,גרמים,340.00,100 גרם,false,1,15.60,4.59,true,1,
7290006241511,false,"משקה לימונענע מרוכז קפוא פריגת 280 מ""ל",היינץ צפון אמריקה מק,,פריז לימון נענע קפוא,גרמים,340.00,100 גרם,false,1,16.70,4.91,true,1,
7290006241689,false,"משקה לימונים מרוכז קפוא פריגת 280 מ""ל",החברה המרכזית טלהפצת משקאות בע,,פריז לימון קפוא 340,גרמים,340.00,100 גרם,false,1,16.70,4.91,true,1,
7290006251107,false,תה מסאלה צ'אי ויסוצקי 25 יחידות,תה ויסוצקי (ישראל) בעמ,,תה צאי מסאלה 25 שקיק,Unknown,0.00,Unknown,false,1,18.90,18.90,true,1,
7290006251268,false,תה ירוק בטעם תפוח וקינמון ויסוצקי 25 יחידות,תה ויסוצקי (ישראל)בעמ,,תה ירוק תפוח וקינמון,Unknown,0.00,Unknown,false,1,24.90,24.90,true,1,
7290006251275,false,תה ירוק סיני קלאסי ויסוצקי 25 יחידות,תה ויסוצקי (ישראל) בעמ,,תה ירוק סיני 25 שקיק,Unknown,0.00,Unknown,false,1,24.90,24.90,true,1,
7290006251282,false,חליטת חמוציות הגן הקסום ויסוצקי 25 יחידות,תה ויסוצקי (ישראל) בעמ,,ניפלאות הקרנברי 25 ש,Unknown,0.00,Unknown,false,1,18.90,18.90,true,1,
7290006251343,false,חליטת פסיפלורה מנגו הגן הקסום ויסוצקי 25 יחידות,תה ויסוצקי (ישראל) בעמ,,פסיפלורה מנגו 25 שק,Unknown,0.00,Unknown,false,1,18.90,18.90,true,1,
7290006251374,false,תה ירוק לימונית וג'ינג'ר ויסוצקי 25 יחידות,תה ויסוצקי (ישראל) בעמ,,תה ירוק לימונית וגינ,Unknown,0.00,Unknown,false,1,24.90,24.90,true,1,
7290006251589,false,תה ירוק עם עלי נענע 50 שקיקים ויסוצקי,תה ויסוצקי (ישראל) בעמ,,תה ירוק נענע באריזה,Unknown,0.00,Unknown,false,1,44.90,44.90,true,1,
7290006265500,false,פטריות שמפיניון ארוז מרינה,קונס`-מרינה פטריות הגליל בעמ*ש,,פטריות שמפיניון ארוז,Unknown,0.00,Unknown,false,1,11.90,11.90,true,1,
7290006265524,false,פטריות חורש פורטובלה,,,פטריות חורש ארוז,Unknown,0.00,Unknown,false,1,14.90,14.90,true,1,
7290006265760,false,רוזמרין/תימין/אורגנו/טרגון/בזיליקום/רוגו,,,רוזמרין/תימין/אורגנו,Unknown,0.00,Unknown,false,1,5.90,5.90,true,1,
7290006271174,false,ג'חנון לאפיה בתנור מעדנות 700 גרם,תנובה מרכז שיתופי לשיווק תוצרת,,גחנון בצק מעדנות,גרמים,700.00,100 גרם,false,1,20.90,2.99,true,1,
7290006271181,false,ג'חנון אפוי למיקרוגל מעדנות 750 גרם,תנובה מרכז שיתופי לשיווק תוצרת,,גחנון אפוי 750 גר,גרמים,750.00,100 גרם,false,1,25.60,3.41,true,1,
7290006271648,false,מיני בורקס תפוח אדמה מעדנות (800 גרם),תנובה מרכז שיתופי לשיווק תוצרת,,"מיני בורקס תפו""א 800",גרמים,650.00,100 גרם,false,1,28.50,4.38,true,1,
7290006271655,false,מיני בורקס במילוי גבינה מעדנות (800 גרם),תנובה מרכז שיתופי לשיווק תוצרת,,מיני בורקס גבינה,גרמים,800.00,100 גרם,false,1,26.90,3.36,true,1,
7290006272072,false,חטיפי פיצה גבינה מעדנות 650 גרם,תנובה קפואים,,חטיפי פיצה גבינה,גרמים,650.00,100 גרם,false,1,33.90,5.22,true,1,
7290006272430,false,בצק עלים חמאה חלבי מעדנות (600 גרם),מיוצר עי קונדיטוריית,,בצק עלים חמאה מעדנות,גרמים,600.00,100 גרם,false,1,28.60,4.77,true,1,
7290006278081,false,קמדיס-פסו מדיס קרם גוף (100) מל,,,קמדיס-פסו מדיס קרם ג,Unknown,0.00,Unknown,false,1,114.90,114.90,true,1,
7290006296078,false,בוקר (שחרין ) 250 מ`ל -ע.קדם 250 מ`ל,,,בוקר (שחרין ) 250 מ`,Unknown,0.00,Unknown,false,1,52.90,52.90,true,1,
7290006306159,false,לזניה במילוי ארבע גבינות 500 גר`גד,דורום תעשיות מזון ופסטה,,פסטנונה לזניה 4 גבינ,גרמים,500.00,100 גרם,false,1,39.90,7.98,true,1,
7290006306296,false,רביולי במילוי גבינה לילדים 400 ג' פסטה נונה,דורום תעשיות מזון ופסטה,,רביולי גבינה לילדים,גרמים,400.00,100 גרם,false,1,23.90,5.98,true,1,
7290006306302,false,רביולי במילוי גבינות פרמזן ריקוטה 400 ג' פסטה נונה,דורום תעשיות מזון ופסטה,IL,רביולי גבינה ופרמזן,גרמים,400.00,100 גרם,false,1,23.90,5.98,true,1,
7290006306319,false,רביולי במילוי בטטה 400 ג' פסטה נונה,דורום תעשיות מזון ופסטה,,רביולי בטטה 400 גר,גרמים,400.00,100 גרם,false,1,23.90,5.98,true,1,
7290006306326,false,רביולי במילוי פטריות וגבינת פרמזן פסטה נונה 400 ג',דורום תעשיות מזון ופסטה,,רביולי פטריות 400 גר,גרמים,400.00,100 גרם,false,1,23.90,5.98,true,1,
7290006306333,false,רביולי במילוי תרד וגבינת ריקוטה פסטה נונה 400 ג',דורום תעשיות מזון ופסטה,,רביולי תרד 400 גר,גרמים,400.00,100 גרם,false,1,23.90,5.98,true,1,
7290006306340,false,"ניוקי תפו""א פסטה נונה גד 400 גרם",דורום תעשיות מזון ופסטה,,"ניוקי תפו""א 400 גר",גרמים,340.00,100 גרם,false,1,26.50,7.79,true,1,
7290006306357,false,רביולי במילוי גבינת עיזים 400 ג' פסטה נונה,דורום תעשיות מזון ופסטה,,רביולי גבינת עיזים 4,גרמים,400.00,100 גרם,false,1,22.90,5.73,true,1,
7290006322104,false,לחם ריחיים קל פרוס 500גר,מאפיית דוידוביץ ובניו בע,,לחם ריחיים קל פרוס,גרמים,500.00,100 גרם,false,1,13.90,2.78,true,1,
7290006322111,false,לחמניות ריחיים 80*6 גרם,מאפיית דוידוביץ ובניו בע,,לחמניות ריחיים קלות,גרמים,450.00,100 גרם,false,1,9.90,2.20,true,1,
7290006322128,false,לחמניות קלות 6 יח בחבילה,מאפיית דוידוביץ ובניו בע,,לחמניה קלות 75 גרם,גרמים,450.00,100 גרם,false,1,9.90,2.20,true,1,
7290006322166,false,לחמניות רגילות 6יח75X'גר,מאפיית דוידוביץ ובניו בע,,לחמניה רגילות 75 גרם,גרמים,450.00,100 גרם,false,1,9.90,2.20,true,1,
7290006322470,false,לחם תשעה דגנים דוידו,מאפיית דוידוביץ ובניו בע,,לחם קל 9 דגנים 500,גרמים,500.00,100 גרם,false,1,13.90,2.78,true,1,
7290006322838,false,לחם מקמח מלא דוידובי,מאפיית דוידוביץ ובניו בע,IL,לחם 100% קמח מלא 750,גרמים,750.00,100 גרם,false,1,14.90,1.99,true,1,
7290006337016,false,בלינציס עם בשר 800 ג,מפעלי אירנה לבצק ממו,,בלינצס בשר 800 גרם,גרמים,800.00,100 גרם,false,1,36.90,4.61,true,1,
7290006337023,false,בלינצס גבינה 800 גרם,מפעלי אירנה לבצק ממו,,בלינצס גבינה 800 גרם,גרמים,800.00,100 גרם,false,1,36.90,4.61,true,1,
7290006337030,false,כרוב/פלפל ממולא 800 גרם,מפעלי אירנה לבצק ממו,,כרוב/פלפל ממולא 800,גרמים,800.00,100 גרם,false,1,36.90,4.61,true,1,
7290006337085,false,ציבורקי 600 גרם,מפעלי אירנה לבצק ממו,,ציבורקי 600 גרם,גרמים,600.00,100 גרם,false,1,32.90,5.48,true,1,
7290006337092,false,פלמני מגשים יאמי יאמי 800 גרם,מפעלי אירנה לבצק ממו,,פלמני מגשים יאמי יאמ,גרמים,800.00,100 גרם,false,1,32.90,4.11,true,1,
7290006337115,false,פירושקי בשר/ כרוב מטוגן/ תפוא 600 גרם,מפעלי אירנה לבצק ממו,,פירושקי בשר 600 גרם,גרמים,600.00,100 גרם,false,1,36.90,6.15,true,1,
7290006337306,false,פלמני מגשים כבש 800 גרם,מפעלי אירנה לבצק ממו,,פלמני מגשים כבש 800,גרמים,800.00,100 גרם,false,1,31.90,3.99,true,1,
7290006337405,false,פירושקי במילוי כרוב,,,פירושקי כרוב 600 גרם,גרמים,600.00,100 גרם,false,1,34.90,5.82,true,1,
7290006337443,false,כיסוני בשר כבש 1.3 ק,מפעלי אירנה לבצק ממו,,"פלמני כבש 1.3 ק""ג",קילוגרמים,0.00,"ק""ג",false,1,38.90,38.90,true,1,
7290006337467,false,כיסוני בשר דומשניה 1,מפעלי אירנה לבצק ממו,,"פלמני דומשניה 1.3 ק""",קילוגרמים,0.00,"ק""ג",false,1,38.90,38.90,true,1,
7290006337474,false,כיסוני בשר עגל 1.3 ק,מפעלי אירנה לבצק ממו,,"פלמני עגל 1.3 ק""ג",קילוגרמים,0.00,"ק""ג",false,1,38.00,38.00,true,1,
7290006337535,false,חינקלאני 600 גרם,,,חינקלאני 600 גרם,גרמים,600.00,100 גרם,false,1,32.90,5.48,true,1,
7290006337993,false,פלמני אליטניי 1.3 קג,,,פלמני אליטניי 1.3 קג,קילוגרמים,0.00,"ק""ג",false,1,45.90,45.90,true,1,
7290006342065,false,בוטנים קלויים ששון הקולה 200 גרם,,,בוטן קלויים 200 גרם,גרמים,200.00,100 גרם,false,1,7.50,3.75,true,1,
7290006342072,false,גרעין לבן ששון הקולה 200 גרם,דין שיווק וקליה 2021 בעמ,,גרעין לבן 200 גרם,גרמים,200.00,100 גרם,false,1,9.40,4.70,true,1,
7290006342089,false,גרעין שחור 200 גרם ששון הקולה,"דין שיווק וקלייה בע""",,גרעין שחור 200 גרם ש,גרמים,200.00,100 גרם,false,1,6.30,3.15,true,1,
7290006342447,false,גרעיני אבטיח ששון הקולה 200 גרם,דין שיווק וקליה 2021 בעמ,,גרעין אבטיח 200 גרם,גרמים,200.00,100 גרם,false,1,14.90,7.45,true,1,
7290006342553,false,קבוקים בשקית ששון הקולה 200 גרם,דין שיווק וקליה 2021 בעמ,,קבוקים 200 גרם ששון,גרמים,200.00,100 גרם,false,1,5.50,2.75,true,1,
7290006342560,false,בוטן אמריקאי 200 גרם ששון הקולה,דין שיווק וקליה 2021 בעמ,,בוטן אמריקאי 200 גרם,גרמים,200.00,100 גרם,false,1,5.50,2.75,true,1,
7290006355065,false,קשקבליו איטלקי במשקל,,,קשקבליו איטלקי במשקל,Unknown,0.00,"ק""ג",true,0,199.00,199.00,true,1,
7290006355119,false,קשקבליו איטלקי מעושן במשקל,,,קשקבליו איטלקי מעושן,Unknown,0.00,"ק""ג",true,0,199.00,199.00,true,1,
7290006359643,false,קשקבל כבשים דותן במשקל,,,קשקבל כבשים דותן,Unknown,0.00,"ק""ג",true,0,161.00,161.00,true,1,
7290006374653,false,דבש לייט מופחת קלוריות יד מרדכי 350 ג',מכוורת יד מרדכי שטראוס ב,,דבש לייט 350 גר,גרמים,350.00,100 גרם,false,1,31.80,9.09,true,1,
7290006374738,false,קונפיטורה תות יד מרדכי בטעם תות,אף.סי תבליני בגליל ב,,קונפיטורת יד מרדכי ת,גרמים,340.00,100 גרם,false,1,15.60,4.59,true,1,
7290006401373,false,ליגיניה סבון מרענן לשטיפה אינטימית,פייזר )קונסיומר הלט קר(,,לגיניה אקטיב סבון אי,מיליליטרים,250.00,"100 מ""ל",false,1,46.50,18.60,true,1,
7290006439444,false,"אורז בסמתי ""גולד"" מוזהב 1 ק""ג שוקחה",בני ג`ורג` שוקחה (חיפה) בעמ,,אורז בסמתי גולד מוזה,גרמים,1000.00,100 גרם,false,1,10.90,1.09,true,1,
7290006449047,false,רוזמרין,,,רוזמרין,Unknown,0.00,Unknown,false,1,5.90,5.90,true,1,
7290006449559,false,חסה רומית נספק,חקלאי,,עלי חסה שטופים,Unknown,0.00,Unknown,false,1,12.90,12.90,true,1,
7290006459442,false,מנגל ארוז בקרטון שקד,,,מנגל,Unknown,0.00,Unknown,false,1,41.90,41.90,true,1,
7290006459497,false,פחם דרום אפריקאי 2 ק,E&C Charcoal LTD,ZA,פחם גריל 2 גק,Unknown,0.00,Unknown,false,1,29.90,29.90,true,1,
7290006459534,false,קר & חם לשמירה על קור וחום לבקבוקים,,CN,שולחן מתקפל,Unknown,0.00,Unknown,false,1,229.00,229.00,true,1,
7290006459565,false,סט קופסאות אחסון ירו,,,סט 7 קופסאות FRESH,קילוגרמים,0.00,"ק""ג",false,1,59.90,59.90,true,1,
7290006459947,false,"פחמים גריל פרימיום שקד 2 ק""ג",ציון תורג`מן בעמ,דרום אמריקה,פחמים גריל פרימיום ש,קילוגרמים,0.00,"ק""ג",false,1,19.90,19.90,true,1,
7290006459961,false,קרקר אובלטים קלאסי עם קימל 282 גר,ציון תורג`מן בעמ,,קרקר אובלטים קלאסי ע,גרמים,282.00,100 גרם,false,1,11.90,4.22,true,1,
7290006459978,false,קרקר אובלטים קלאסי עם שומשום 282 גר,ציון תורג`מן בעמ,,קרקר אובלטים קלאסי ע,גרמים,282.00,100 גרם,false,1,11.90,4.22,true,1,
7290006464630,false,כף טרי,,,כף טרי,Unknown,0.00,"ק""ג",true,0,64.90,64.90,true,1,
7290006488572,false,סופרהב ביו קראן 60 כמוסו,LTD .AMBROZIA,,ביו קראן,Unknown,0.00,Unknown,false,1,105.90,105.90,true,1,
7290006492432,false,גבינה מוצרלה בייבי 18% גד (150 גרם),מחלבות גד שיווק 1992 בעמ,,מוצרלה בייבי 150 גרם,גרמים,170.00,100 גרם,false,1,13.90,8.18,true,1,
7290006492616,false,גבינה בולגרית מעודנת פרוסות 5% גד 250 גרם,מחלבות גד שיווק 1992 בעמ,,בולגרית בפרוסות 5% 2,גרמים,250.00,100 גרם,false,1,26.80,10.72,true,1,
7290006492630,false,גבינת פרומעז עיזים 22% גד 180 גרם,מחלבות גד שיווק 1992 בעמ,,גליל גבינת עיזים 180,גרמים,180.00,100 גרם,false,1,22.90,12.72,true,1,
7290006492647,false,מטבעות גבינה עזים 22 אחוז 150גרם גד,מחלבות גד שיווק 1992 בעמ,,מטבעות גבינת עיזים 1,גרמים,150.00,100 גרם,false,1,27.50,18.33,true,1,
7290006492685,false,גבינת לאבנה עיזים 5% גד (250 גרם),מחלבות גד שיווק 1992 בעמ,,לבנה עיזים 3% 250 גר,גרמים,250.00,100 גרם,false,1,17.40,6.96,true,1,
7290006492852,false,גבינת עיזים למריחה 5% 250 גרם רובין,מחלבות גד שיווק 1992 בעמ,,גבינה לבנה עיזים 250,גרמים,250.00,100 גרם,false,1,16.40,6.56,true,1,
7290006492913,false,גבינת לאבנה ציזיקי 5% מחלבות גד 250 גרם,מחלבות גד שיווק 1992 בעמ,,לבנה ציזיקי 250 גרם,גרמים,250.00,100 גרם,false,1,13.20,5.28,true,1,
7290006494917,false,טוסו וופל קלאסי במילוי שוקולד 200 גרם,"איטיליאן פוד, אס.פי.",,טוסו וופל קלאסי במיל,גרמים,180.00,100 גרם,false,1,10.90,6.06,true,1,
7290006494924,false,טוסו וופל קלאסי במילוי קרם לימון 200 גרם,"דנשר (1963) בע,מ",,טוסו וופל קלאסי במיל,גרמים,200.00,100 גרם,false,1,10.90,5.45,true,1,
7290006511904,false,גבינת אדם כדורים במשקל,ברגלנדמיל,NL,גבינת אדם כדורים במש,Unknown,0.00,"ק""ג",true,0,65.00,65.00,true,1,
7290006520500,false,שוקיים עוף טרי,,,שוקיים עוף טרי,Unknown,0.00,"ק""ג",true,0,27.90,27.90,true,1,
7290006541901,false,ממרח שום 180גרם מוטי,"איטיליאן פוד, אס.פי.",,ממרח שום 190 גרם,גרמים,190.00,100 גרם,false,1,20.90,11.00,true,1,
7290006559029,false,כדורי מוצרלה בופלו במשקל,חוות הבואפלו,,כדורי מוצרלה בופלו,Unknown,0.00,"ק""ג",true,0,166.00,166.00,true,1,
7290006559098,false,לבנה בופאלו כדור בשמן זית 250גר,,,לבנה בופאלו כדור בשמ,גרמים,250.00,100 גרם,false,1,24.90,9.96,true,1,
7290006559180,false,לבנה בופאלו למריחה 250 גר,,,לבנה בופאלו למריחה,גרמים,250.00,100 גרם,false,1,21.50,8.60,true,1,
7290006559265,false,גבינת מוצרלה בופאלו,,,מוצרלה בופאלו 250 גר,גרמים,250.00,100 גרם,false,1,37.90,15.16,true,1,
7290006559340,false,בוקצינו די בופאלו 150 גר,,,בוקצינו די בופאלו 15,גרמים,150.00,100 גרם,false,1,27.00,18.00,true,1,
7290006559388,false,"יורט סגנון של יוגורט 850 גרם ""בופלו""",מחלבת חוות הבופאלו,,יוגורט בסגנון יוגורט,גרמים,850.00,100 גרם,false,1,24.90,2.93,true,1,
7290006559395,false,יורט בסגנון יוגורט ביו 5% 200 גר,חוות הבואפלו,,יורט בסגנון יוגורט,גרמים,200.00,100 גרם,false,1,8.30,4.15,true,1,
7290006559456,false,משקה יוגורט פרוביטי טבעי 500גר,,,משקה יוגורט פרוביטי,גרמים,500.00,100 גרם,false,1,17.90,3.58,true,1,
7290006559463,false,משקה יוגורט פרוביטי תות 500גר,,,משקה יוגורט פרוביטי,גרמים,500.00,100 גרם,false,1,18.10,3.62,true,1,
7290006559470,false,יורט בסגנון יוגורט ביו 5% 200 גר,מחלבת חוות הבופאלו,,יורט בסגנון יוגורט ב,גרמים,200.00,100 גרם,false,1,9.70,4.85,true,1,
7290006559593,false,גבינה בופאלו למריחה 250גר,,,גבינה בופאלו למריחה,גרמים,250.00,100 גרם,false,1,21.90,8.76,true,1,
7290006559623,false,ריקוטה די בופאלה 11%שומן 300 גר,,,ריקוטה די בופאלה 11%,גרמים,300.00,100 גרם,false,1,26.10,8.70,true,1,
7290006559647,false,"יורט סגנון של יוגורוט 500 גרם ""בופלו""",,,יורט בסגנון יוגורט ב,מיליליטרים,500.00,"100 מ""ל",false,1,19.20,3.84,true,1,
7290006559692,false,גבינת קדם %00 55ג' בופלו,,,גבינת קדם 5%,גרמים,500.00,100 גרם,false,1,26.90,5.38,true,1,
7290006567048,false,פתיתי קוסקוס ישראלי אסם (350 גרם),קבוצת אוסם סחר שותפות מוגבלת,,פתיתי קוסקוס ישראלי,גרמים,350.00,100 גרם,false,1,10.00,2.86,true,1,
7290006577160,false,יוגורט טבעי 3.6% אורגני 1 ליטר מחלבת גלילי,חוות רום,,יוגורט טבעי 3.6% אור,מיליליטרים,1000.00,"100 מ""ל",false,1,22.50,2.25,true,1,
7290006577986,false,יוגורט ביו 3.6% אורגני 500 מל,חוות רום,,יוגורט ביו 3.6% אורג,מיליליטרים,500.00,"100 מ""ל",false,1,20.90,4.18,true,1,
7290006578266,false,הנרי וויליך גבינת פיור גולד במשקל,kaasmakerij henri wi,,הנרי וויליך גבינת פי,Unknown,0.00,"ק""ג",true,0,180.00,180.00,true,1,
7290006582539,false,חמוציות בשקית ששון הקולה 250 גרם,דין שיווק וקליה 2021 בעמ,,חמוציות 250 גרם ששון,גרמים,250.00,100 גרם,false,1,11.90,4.76,true,1,
7290006618078,false,"מרסס לניקוי יסודי מטבח אסטוניש 750 מ""ל","יעקב יעקבי ובניו בע""מ",,אסטוניש מרסס ניקוי כ,מיליליטרים,750.00,"100 מ""ל",false,1,19.80,2.64,true,1,
7290006618085,false,"אסטוניש תרסיס ניקוי אמבטיה וכיורים יעקבי 750 מ""ל",יעקב יעקבי ובניו בע`מ,,אסטוניש מרסס לאמבט 7,מיליליטרים,750.00,"100 מ""ל",false,1,19.80,2.64,true,1,
7290006618146,false,"מדליק פחמים נוזלי הפי יעקבי 500 מ""ל","יעקב יעקבי ובניו בע""מ",,הפי נוזל הדלקת פחמים,מיליליטרים,500.00,"100 מ""ל",false,1,18.80,3.76,true,1,
7290006618610,false,הפי ספוגיות לניקוי כלים חלביים ובשריים יעקבי 6 יחידות,יעקב יעקבי ובניו בעמ,,6 ספוגיות כלים בשרי/,Unknown,0.00,Unknown,false,1,11.00,11.00,true,1,
7290006636768,false,"יין אמפורה מד וויט 750 מ""ל",,IL,יין אמפורה מד וויט 7,Unknown,0.00,Unknown,false,1,87.90,87.90,true,1,
7290006651570,false,"קמיל בלו אל סבון ושמפו לתינוק ד""ר פישר 750 מ""ל","פישר תעשיות פרמצבטיות בע""מ",,שמפו ואל סבון צמחי מ,ליטרים,0.00,ליטר,false,1,19.40,19.40,true,1,
7290006652027,false,במבה חטיף בוטנים אסם 20*15 גרם,קבוצת אוסם סחר שותפות מוגבלת,,במבה מולטי פק 15 יחי,גרמים,300.00,100 גרם,false,1,23.90,7.97,true,1,
7290006653765,false,פרפקטו פסטה פטוצ'יני אסם 500 גרם,קבוצת אוסם סחר שותפות מוגבלת,,פטוציני פרפקטו 500 ג,גרמים,500.00,100 גרם,false,1,7.90,1.58,true,1,
7290006653819,false,קוסקוס אמיתי דק בשקית 350 גרם,קבוצת אוסם סחר שותפות מוגבלת,,פתיתי קוסקוס דק 350,גרמים,350.00,100 גרם,false,1,10.00,2.86,true,1,
7290006660053,false,אקופרינד-מסיר אבנית לקומקום 1 ליטר,,,אקופרינד-מסיר אבנית,מיליליטרים,1000.00,"100 מ""ל",false,1,14.90,1.49,true,1,
7290006660060,false,אקופרינד-ניקוי אסלות 750 מל,,,אקופרינד-ניקוי אסלות,מיליליטרים,750.00,"100 מ""ל",false,1,13.90,1.85,true,1,
7290006660145,false,אקופרנד מרכך כביסה מרוכז קסם אביבי 1 ליט,,,אקופרנד מרכך כביסה מ,מיליליטרים,1000.00,"100 מ""ל",false,1,19.90,1.99,true,1,
7290006660411,false,בוטני מגבונים טבעיים ואקולוגיים,נטורפוד,,בוטני מגבונים טבעיים,Unknown,0.00,Unknown,false,1,9.90,9.90,true,1,
7290006660596,false,קמח עדשים אדומות ללא גלוטן דגש 500 גרם,אף.סי תבליני בגליל ב,IL,קמח עדשים אדומות ללא,גרמים,500.00,100 גרם,false,1,19.90,3.98,true,1,
7290006660602,false,מי קוקוס אורגני גרין קוקו קרטונית 1 ליטר,תות תעשיות מזון (201,VN,מי קוקוס אורגני גרין,מיליליטרים,1000.00,"100 מ""ל",false,1,19.90,1.99,true,1,
7290006664051,false,"אקטימל לבן 1.51 ק""ג מארז 14 יחידות",שטראוס גרופ בעמ/מצונן,,מארז 14 יח אקטימל טב,ליטרים,0.00,ליטר,false,1,29.90,29.90,true,1,
7290006664402,false,גבינה לבנה סקי 5% שומן 750 גרם,שטראוס גרופ בעמ/מצונן,,סקי 5% 750 גרם,גרמים,750.00,100 גרם,false,1,14.94,1.99,true,1,
7290006664532,false,יוגורט עם תות 3% שומן 150 ג' דנונה,שטראוס גרופ בעמ/מצונן,,דנונה תות 3% 150 גר,גרמים,180.00,100 גרם,false,1,4.30,2.39,true,1,
7290006664655,false,דנונה Actimel יוגורט טבעי 8*100 מ``ל,שטראוס גרופ בעמ/מצונן,,אקטימל טבעי שמינייה,מיליליטרים,800.00,"100 מ""ל",false,1,20.90,2.61,true,1,
7290006664693,false,יוגורט עם אפרסק 3% שומן 150 ג' דנונה,שטראוס גרופ בעמ/מצונן,,דנונה אפרסק 3% 150 ג,גרמים,180.00,100 גרם,false,1,4.30,2.39,true,1,
7290006664990,false,"יוגורט דנונה ביו לבן 1.7% שומן 8*150 מ""ל",שטראוס גרופ בעמ/מצונן,,מארז ביו 1.7% 2+6 15,ליטרים,0.00,ליטר,false,1,16.90,16.90,true,1,
7290006666307,false,חומוס אורגינל סלטי מ,כ.מ.מ שיווק סלטי משני בעמ,,חומוס 300 גר,גרמים,300.00,100 גרם,false,1,13.50,4.50,true,1,
7290006666314,false,סלט טחינה משומשום טהור,כ.מ.מ שיווק סלטי משני בעמ,,טחינה אטרף 300 גר,גרמים,300.00,100 גרם,false,1,13.50,4.50,true,1,
7290006666345,false,סלט חצילים במיונז על האש,כ.מ.מ שיווק סלטי משני בעמ,,חציל במיונז 300 גר,גרמים,300.00,100 גרם,false,1,22.90,7.63,true,1,
7290006666413,false,סלט כרוב אדום במיונז,כ.מ.מ שיווק סלטי משני בעמ,,כרוב שוודי 300 גר,גרמים,300.00,100 גרם,false,1,16.80,5.60,true,1,
7290006666420,false,סלט כרוב קולסלאו בסגנון אמריקאי,כ.מ.מ שיווק סלטי משני בעמ,,קולסלו כרוב אמריקאי,גרמים,300.00,100 גרם,false,1,15.90,5.30,true,1,
7290006666437,false,סלט טורקי סלטי משני,כ.מ.מ שיווק סלטי משני בעמ,,סלט טורקי 300 גר,גרמים,300.00,100 גרם,false,1,17.80,5.93,true,1,
7290006666444,false,סלט עגבניות מטבוחה חריף,כ.מ.מ שיווק סלטי משני בעמ,,סלט מטבוחה 300 גר,גרמים,300.00,100 גרם,false,1,21.90,7.30,true,1,
7290006666451,false,סלט עגבניות סלסה חריף,כ.מ.מ שיווק סלטי משני בעמ,,סלסה 300 גר,גרמים,300.00,100 גרם,false,1,22.90,7.63,true,1,
7290006666468,false,סלט גזר חריף במיץ לימון,כ.מ.מ שיווק סלטי משני בעמ,,גזר בלימון 300 גר,גרמים,300.00,100 גרם,false,1,21.90,7.30,true,1,
7290006666543,false,סלט קוביות סלק 300 גרם,כ.מ.מ שיווק סלטי משני בעמ,,סלט סלק 300 גר,גרמים,300.00,100 גרם,false,1,17.80,5.93,true,1,
7290006666826,false,סחוג ירוק סלט פלפלים,כ.מ.מ שיווק סלטי משני בעמ,,סחוג ירוק,גרמים,150.00,100 גרם,false,1,14.20,9.47,true,1,
7290006678805,false,סרדין מרוקאי 125 גרם ברוטב עגבניות,אוקימיק לעיון,,סרדין מרוקאי 125 ג ב,גרמים,100.00,100 גרם,false,1,5.90,5.90,true,1,
7290006678812,false,סרדין מרוקאי 125 ג בשמן צמחי,אוקימיק לעיון,,סרדין מרוקאי 125 ג ב,גרמים,100.00,100 גרם,false,1,5.90,5.90,true,1,
7290006678850,false,סרדין מרוקאי 125 ג בשמן זית,אוקימיק לעיון,,סרדין מרוקאי 125 ג ב,גרמים,100.00,100 גרם,false,1,6.90,6.90,true,1,
7290006681003,false,גלידה קרמיסימו סרבט תות לימון 650 גרם,"גלידת שטראוס בע""\מ, רחוב",,גלידה קרמיסימו סרבט,ליטרים,0.00,ליטר,false,1,21.90,21.90,true,1,
7290006681553,false,קרמבו בטעם וניל שטראוס 8 יחידות,"גלידות שטראוס בע""מ",,שטראוס קרמבו וניל 8,Unknown,0.00,Unknown,false,1,13.90,13.90,true,1,
7290006681577,false,מאגדת קרחון אסקימו לימון דובדובן 10 יח' שטראוס,"מיוצר ע""\י גלידת שטראוס",,מאגדת אסקימו שטראוס,גרמים,700.00,100 גרם,false,1,18.90,2.70,true,1,
7290006683755,false,אומגה 3.6.9 (100) אלטמן,,,אומגה 3.6.9 (100) אל,Unknown,0.00,Unknown,false,1,151.90,151.90,true,1,
7290006699299,false,מלקחיים מספר 1 בלוס,,,מלקחיים מספר 1 בלוס,Unknown,0.00,Unknown,false,1,6.90,6.90,true,1,
7290006704078,false,אורגנו,,,אורגנו,Unknown,0.00,Unknown,false,1,5.90,5.90,true,1,
7290006704221,false,פטריות פורטובלו,Unknown,,פטריות פורטובלו,Unknown,0.00,Unknown,false,1,14.90,14.90,true,1,
7290006704832,false,אוכמניות טריות יחידה,,,אוכמניות טריות יחידה,Unknown,0.00,Unknown,false,1,17.90,17.90,true,1,
7290006705334,false,מקלות סורימי 200 גרם,,,מקלות סורימי 200 גרם,גרמים,200.00,100 גרם,false,1,4.80,2.40,true,1,
7290006705594,false,נתחי סורימי 200 גרם,,,נתחי סורימי 200 גרם,גרמים,200.00,100 גרם,false,1,5.20,2.60,true,1,
7290006707369,false,כרעיים עוף ללא אנטיביוטיקה במגש ע.טוב,עוף טוב,,כרעיים ללא אנטיביוטי,Unknown,0.00,"ק""ג",true,0,37.90,37.90,true,1,
7290006708083,false,כבד הודו טרי ארוז עוף טוב,עוף טוב,,כבד הודו טרי ארוז,Unknown,0.00,"ק""ג",true,0,19.90,19.90,true,1,
7290006708106,false,לב הודו טרי ארוז עוף טוב,,,לב הודו טרי ארוז,Unknown,0.00,"ק""ג",true,0,19.90,19.90,true,1,
7290006712981,false,"משחת שיניים קולגייט ספיידרמן מגיל שש 50 מ""ל",הנסיך- מפעל לייצור ט,,קולגייט משחת שיניים,Unknown,0.00,Unknown,false,1,13.50,13.50,true,1,
7290006719058,false,חלה מרובעת ודש,,,חלה רגילה,גרמים,500.00,100 גרם,false,1,5.17,1.03,true,1,
7290006724441,false,"דפי אורז מלא וטפיוקה 22 ס""מ לל""ג 270 גרם",,VN,דפי אורז מלא וטפיוקה,גרמים,270.00,100 גרם,false,1,13.90,5.15,true,1,
7290006724458,false,"דפי אורז וטפיוקה עגולים 22 ס""מ לל""ג 270",,VN,דפי אורז וטפיוקה עגו,גרמים,270.00,100 גרם,false,1,11.90,4.41,true,1,
7290006724465,false,"דפי אורז טפיוקה מרובעים 22 ס""מ לל""ג 270",,VN,דפי אורז מרובעים 22,גרמים,270.00,100 גרם,false,1,11.90,4.41,true,1,
7290006724472,false,טחינה אורגנית 500 גרם ליב,אחדות,,טחינה אורגנית 500 גר,גרמים,500.00,100 גרם,false,1,18.90,3.78,true,1,
7290006724762,false,טפנד זיתי קלמטה 185גרם ליב,,IL,ממרח זיתי קלמטה 185,גרמים,185.00,100 גרם,false,1,22.90,12.38,true,1,
7290006724779,false,ממרח עגבניות מיובשות 185גרם ליב,,IL,ממרח עגבניות מיובשות,גרמים,185.00,100 גרם,false,1,22.90,12.38,true,1,
7290006724786,false,ממרח פלפלים קלויים 185גרם ליב,,IL,ממרח פלפלים קלויים 1,גרמים,185.00,100 גרם,false,1,22.90,12.38,true,1,
7290006724809,false,ממרח ארטישוק 185גרם ליב,,IL,ממרח ארטישוק 185 גרם,גרמים,185.00,100 גרם,false,1,22.90,12.38,true,1,
7290006724830,false,חזרת 185 גרם,,,חזרת 185 גרם,גרמים,185.00,100 גרם,false,1,22.90,12.38,true,1,
7290006744234,false,"יין מוני נחל קריניאן 750 מ""ל",יקב מוני,,יין מוני נחל קריניאן,מיליליטרים,750.00,"100 מ""ל",false,1,54.90,7.32,true,1,
7290006744302,false,יין מוני סדרת M מוסקט לבן 750 מל,,IL,יין מוני סדרת M מוסק,Unknown,0.00,Unknown,false,1,41.90,41.90,true,1,
7290006744456,false,יין מוני סדרת M מרלו 750 מל,,,יין מוני סדרת M מרלו,Unknown,0.00,Unknown,false,1,41.90,41.90,true,1,
7290006753915,false,נקניקיות מיני מרגז חריפות מעדני הטלה 500,מעדני הטלה והעגל,IL,מיני מרגז 500 גרם קפ,גרמים,500.00,100 גרם,false,1,34.90,6.98,true,1,
7290006764072,false,"בירה גולדסטאר בקבוק 500 מ""ל חוזר","טמפו משקאות בע""\מ",,"בירה גולדסטאר 500 מ""",מיליליטרים,500.00,"100 מ""ל",false,1,7.50,1.50,true,1,
7290006764478,false,"בירה נשר מאלט בקבוק זכוכית 330 מ""ל",החברה המרכזית להפצת משקאות בעמ,,נשר מאלט בקבוק 330 מ,מיליליטרים,330.00,"100 מ""ל",false,1,4.90,1.48,true,1,
7290006764485,false,"בירה שחורה נשר מאלט שישייה ח""פ 330*6 מ''ל","טמפו משקאות בע""\ם.",,שישיית נשר מאלט בקבו,מיליליטרים,1980.00,"100 מ""ל",false,1,30.90,1.56,true,1,
7290006765000,false,טורטיה מקמח מלא שקדיה 540 גרם,דין שיווק וקליה 2021 בעמ,,טורטיה מקמח מלא 540,גרמים,540.00,100 גרם,false,1,10.40,1.93,true,1,
7290006766014,false,רצועות קוקוס 200 גרם,שקדיה,,רצועות קוקוס 200 גרם,גרמים,200.00,100 גרם,false,1,18.90,9.45,true,1,
7290006784360,false,חלונית סנט מוריץ לניקוי חלונות 1 ליטר,קומפלקס כימיקלים בעמ,,חלונית סנט מוריץ לני,ליטרים,0.00,ליטר,false,1,6.90,6.90,true,1,
7290006784599,false,"fashion yoyo boss מילוי מכשיר אוויר 250 מ""ל סנט מוריץ",סורה קוסמטיקס,,fashion yoyo boss מי,Unknown,0.00,Unknown,false,1,13.90,13.90,true,1,
7290006788405,false,"קרליין - נושם אקטיב דאודורנט רול און לאישה ברודו 75 מ""ל",החברה הדרומית לשיווק בעמ,,קרליין דאודורנט רולא,Unknown,0.00,Unknown,false,1,12.90,12.90,true,1,
7290006788429,false,"קרליין - נושם סאן רייס דאודורנט רול און לאישה כתום 75 מ""ל",החברה הדרומית לשיווק בעמ,,קרליין דאודורנט רולא,Unknown,0.00,Unknown,false,1,12.90,12.90,true,1,
7290006788443,false,"קרליין - נושם אוקסיג'ן דאודורנט רול און לאישה סגול 75 מ""ל",החברה הדרומית לשיווק בעמ,,קרליין דאודורנט רולא,Unknown,0.00,Unknown,false,1,12.90,12.90,true,1,
7290006788559,false,"טיטניום ICE דאודורנט תרסיס ספריי 180 מ""ל",החברה הדרומית לשיווק בעמ,,דאודורנט טיטניום ICE,מיליליטרים,180.00,"100 מ""ל",false,1,18.90,10.50,true,1,
7290006822192,false,נקטר דיאט חמוציות אושן ספריי פריגת 1 ליטר,החברה המרכזית להפצת משקאות בעמ,,נקטר פריגת דיאט חמוצ,מיליליטרים,1000.00,"100 מ""ל",false,1,11.90,1.19,true,1,
7290006833822,false,נקניקיות עוף 600 גר מזרע,,,נקניקיות עוף 600 גר,גרמים,600.00,100 גרם,false,1,22.90,3.82,true,1,
7290006834539,false,גבינת קומבוזולה גרמנית במשקל,,,גבינת קומבוזולה,Unknown,0.00,"ק""ג",true,0,194.00,194.00,true,1,
7290006834546,false,גבינת שמברי גרמנית במשקל,,,גבינת שמברי גרמנית,Unknown,0.00,"ק""ג",true,0,204.00,204.00,true,1,
7290006834553,false,גבינת רוגט גרמני במשקל,,,גבינת רוגט גרמני,Unknown,0.00,"ק""ג",true,0,219.00,219.00,true,1,
7290006835321,false,קבנוס עגל מארז 250 ג,,,קבנוס עגל 250 גר,גרמים,250.00,100 גרם,false,1,22.90,9.16,true,1,
7290006855183,false,חטיף תמרים אגוזי מלך 4 יח`במארז ברבריא,טבעית מוצרים מן הטבע,,ברבריא חטיף תמרים שו,גרמים,120.00,100 גרם,false,1,17.90,14.92,true,1,
7290006855190,false,חטיף תמרים ואגוזי מלך עם בננה ללא תוספת סוכר,טבעית מוצרים מן הטבע בעמ,,ברבריא חטיף תמריםבננ,גרמים,120.00,100 גרם,false,1,17.90,14.92,true,1,
7290006855206,false,חטיף בר שזיפים קוקוס ואוכמניות מארז 120 גרם,טבעית מוצרים מן הטבע,,ברבריא חטיף שזיפים ק,גרמים,120.00,100 גרם,false,1,17.90,14.92,true,1,
7290006855244,false,ברבריא חטיף שקדים צימוקים ודבש 120 גרם,טבעית מוצרים מן הטבע בעמ,,ברבריא חטיף אגוזים ש,גרמים,120.00,100 גרם,false,1,17.90,14.92,true,1,
7290006866363,false,מיץ סחוט אשכוליות אדומות פרימור 1 ליטר,שטראוס גרופ בעמ/מצונן,,אשכוליות אדומות טבעי,מיליליטרים,1000.00,"100 מ""ל",false,1,15.80,1.58,true,1,
7290006899316,false,תה סרמוני סנצה יפני 20 שקיות,תה סרמוני בעמ,,תה סרמוני סנצה יפני,Unknown,0.00,Unknown,false,1,18.90,18.90,true,1,
7290006920829,false,"תחליפי גבינ""צ צ'דר פרוס 350 גר'",צי תעשיות מזון יבנה,,צדר פרוס 350 גרם,גרמים,350.00,100 גרם,false,1,13.90,3.97,true,1,
7290006920843,false,הצהובה הטובה מוצרלה פרוס 350 גרם,צי תעשיות מזון יבנה,,מוצרלה פרוס 350 גרם,גרמים,350.00,100 גרם,false,1,14.90,4.26,true,1,
7290006920935,false,הצהובה הטובה חריפה פרוס 350 גרם,צ.י.תעשיות מזון יבנה בעמ,,צדר חריפה פרוס 350 ג,גרמים,350.00,100 גרם,false,1,13.90,3.97,true,1,
7290006960023,false,כרוב כבוש מאמא מרי 7,מאמא מרי,,כרוב כבוש 750 גר,גרמים,750.00,100 גרם,false,1,20.90,2.79,true,1,
7290006960320,false,פטריות כפתורים 600 גרם,,IL,פטריות שמפיניון,גרמים,600.00,100 גרם,false,0,31.50,5.25,true,1,
7290006960368,false,פטריות אופיאטה יחידה,,,פטריות אופיאטה יח,גרמים,600.00,100 גרם,false,12,31.50,5.25,true,1,
7290006960399,false,פטריות שמפיניון 400 גרם,,,פטריות שמפיניונים יח,גרמים,600.00,100 גרם,false,12,31.50,5.25,true,1,
7290006960429,false,כרוב בולגרי כבוש 750 גר` מאמא מרי,מאמא - מרי בעמ,,כרוב בולגרי 1 קג,קילוגרמים,0.00,"ק""ג",false,1,20.90,20.90,true,1,
7290006983206,false,אבקה להכנת פלאפל בקלי קלות 180 גרם,קבוצת אוסם סחר שותפות מוגבלת,,תערובת להכנת פלפל קל,גרמים,180.00,100 גרם,false,1,11.40,6.33,true,1,
7290006983763,false,עוגת הבית בטעם שוקולד אסם (400 גרם),קבוצת אוסם סחר שותפות מוגבלת,,עוגת שוקולד 400 גרם,גרמים,400.00,100 גרם,false,1,12.50,3.13,true,1,
7290006983770,false,עוגת הבית שיש אסם (400 גרם),קבוצת אוסם סחר שותפות מוגבלת,,עוגת שיש 400 גרם,גרמים,400.00,100 גרם,false,1,12.50,3.13,true,1,
7290006983787,false,עוגת הבית שוקולד צ'יפס אסם 400 גרם,קבוצת אוסם סחר שותפות מוגבלת,,עוגת שוקוציפס 400 גר,גרמים,400.00,100 גרם,false,1,12.50,3.13,true,1,
7290006983794,false,עוגת הבית בטעם תפוז אסם 400 גרם,קבוצת אוסם סחר שותפות מוגבלת,,עוגת תפוז 400 גרם,גרמים,400.00,100 גרם,false,1,12.50,3.13,true,1,
7290006992161,false,מטרנה - דייסת קורנפלור פרוביוטי 200 גרם,קבוצת אוסם סחר שותפות מוגבלת,,מטרנה דייסלה קורנפלו,גרמים,200.00,100 גרם,false,1,18.60,9.30,true,1,
7290006992185,false,"מטרנה - דייסת אורז פרוביוטי כשל""פ 200 גרם",קבוצת אוסם סחר שותפות מוגבלת,,מטרנה דייסלה אורז 20,גרמים,200.00,100 גרם,false,1,18.60,9.30,true,1,
7290006992208,false,מטרנה - דייסת דגנים מעורבים 200 גרם,קבוצת אוסם סחר שותפות מוגבלת,,מטרנה דייסלה דגנים מ,גרמים,200.00,100 גרם,false,1,18.60,9.30,true,1,
7290008000239,false,"שטיפה אינטימית מועשר בלחות פמינה 220 מ""ל",גורי ע.ע.ע בעמ,,פמינה תחליב רחצה אינ,מיליליטרים,220.00,"100 מ""ל",false,1,36.90,16.77,true,1,
7290008000796,false,"סופרמן משחת שיניים לילדים בטעם פירות כצט 50 מ""ל",גורי ע.ע.ע. בע`מ,,משחת שיניים לילדים כ,Unknown,0.00,Unknown,false,1,11.80,11.80,true,1,
7290008017459,false,שמפו צמחי לטיפול בקשקשים מצמח הרוזמרין,מורז,,שמפו קשקשים 500 מ`ל,Unknown,0.00,Unknown,false,1,49.90,49.90,true,1,
7290008017718,false,כינקייר - שמפו לטיפול בכינים,מורז,,כינקייר 500 ממ`ק,Unknown,0.00,Unknown,false,1,47.90,47.90,true,1,
7290008017985,false,מורז קרם ידיים קוסמטי100 - ברונזה,מורז,,קרם פוליגונום לידיים,Unknown,0.00,Unknown,false,1,24.90,24.90,true,1,
7290008023542,false,שמפו לרצפות בניחוח יסמין סיף פנטסטיק 4 ליטר,יוניליוור ישראל שיווק בע`מ,,סיף פנטסטיק לרצפות 4,ליטרים,0.00,ליטר,false,1,25.90,25.90,true,1,
7290008101264,false,זרעי צ'יה תבליני מימון 150 גרם,א.ל.ייצור ושיווק תבלינים בעמ,IL,זרעי ציה 150 גרם,גרמים,150.00,100 גרם,false,0,14.90,9.93,true,1,
7290008101318,false,קריספ פירורי לחם זהוב 300 גרם מיימונס,א.ל ייצור ושיווק תבלינים בעמ,IL,פירורי לחם קריספ זהו,Unknown,0.00,Unknown,false,0,6.90,6.90,true,1,
7290008101356,false,קריספ פאנקו זהב 300 גרם מיימונס,א.ל ייצור ושיווק תבלינים בעמ,IL,קריספ פנקו זהוב 300,גרמים,300.00,100 גרם,false,0,9.90,3.30,true,1,
7290008104050,false,"פמינה - שטיפה אינטימית קלאסית 220 מ""ל",גורי ע.ע.ע. בע`מ,,פמינה שטיפה אינטימית,מיליליטרים,150.00,"100 מ""ל",false,1,27.50,18.33,true,1,
7290008116534,false,ליסטרין שטיפת פה קול מינט 250 מל,ג'\ונסון אנד ג'\ונסון,,ליסטירין מי פה קולמי,מיליליטרים,250.00,"100 מ""ל",false,1,15.50,6.20,true,1,
7290008116541,false,שטיפת פה ליסטרין מנטה קריר 500 מ`ל,ג'\ונסון אנד ג'\ונסון,IT,מי פה ליסטרין מנטה ק,מיליליטרים,500.00,"100 מ""ל",false,1,19.80,3.96,true,1,
7290008116558,false,ליסטירין מי פה בטעם מנטה מרענן 250 מל,ג'\ונסון אנד ג'\ונסון,,ליסטירין מי פה בטעם,מיליליטרים,250.00,"100 מ""ל",false,1,15.50,6.20,true,1,
7290008116565,false,שטיפת פה ליסטרין מנטה מרענן 500 מ`ל,ג'\ונסון אנד ג'\ונסון,IT,מי פה ליסטרין מנטה מ,מיליליטרים,500.00,"100 מ""ל",false,1,19.80,3.96,true,1,
7290008154222,false,עוף טוב שניצלונים 700 גרם,קבוצת אוסם סחר-שות.מוגבלת,,שניצלונים עוף טוב 70,גרמים,700.00,100 גרם,false,1,22.90,3.27,true,1,
7290008175210,false,גבינת פרמזן מגורדת 90ג' ויליפוד,ג.וילי-פוד אינטרנשיונל **גבינו,,פרמזן מגורדת 90 גר,Unknown,0.00,Unknown,false,1,16.90,16.90,true,1,
7290008175814,false,וילי פוד פטריות שמפיניון חתוך בדץ 400ג,ג.וילי פוד אינטרנשיונל בעמ,NL,וילי פוד פטריות שמפנ,גרמים,400.00,100 גרם,false,1,4.90,1.23,true,1,
7290008263023,false,פסטה פוסילי מלא אורגני הרדוף 500 גרם,פסטיפיסוי פליצ'טי,,פוסילי אורגני מלא או,גרמים,500.00,100 גרם,false,1,10.90,2.18,true,1,
7290008263054,false,ספגטי מלא אורגני הרדוף 500 גרם,פסטיפיסוי פליצ'טי,,ספגטי אורגני מלא 500,גרמים,500.00,100 גרם,false,1,10.90,2.18,true,1,
7290008263214,false,ממרח חרובים אורגני-הרדוף 350 גר,ברינקרס פוד,,ממרח חרובים אורגני-ה,גרמים,350.00,100 גרם,false,1,26.90,7.69,true,1,
7290008263481,false,הרדוף פסטה פנה מקמח לבן 500 גרם,פסטיפיסוי פליצ'טי,,פסטה פנה אורגנית הרד,גרמים,500.00,100 גרם,false,1,10.90,2.18,true,1,
7290008263498,false,הרדוף פסטה פוסילי מקמח לבן 500 גרם,פסטיפיסוי פליצ'טי,,פסטה פוסילי אורגנית,גרמים,500.00,100 גרם,false,1,10.90,2.18,true,1,
7290008263597,false,קוואקר אורגני הרדוף 500 גרם,אול אורגני,,קוואקר אורגני הרדוף,גרמים,500.00,100 גרם,false,1,10.90,2.18,true,1,
7290008263641,false,קוואקר עדין אורגני 500 גרם - הרדוף,אול אורגני,,קוואקר אורגני עדין 5,גרמים,500.00,100 גרם,false,1,10.90,2.18,true,1,
7290008263658,false,"משקה סויה ללת""ס אורגני 1 ליטר",ליקואטס,,"משקה סויה ללת""ס אורג",מיליליטרים,1000.00,"100 מ""ל",false,1,11.90,1.19,true,1,
7290008310017,false,אמפנדס מאפה של חייקה,מאפה של חייקה,IL,אמפנדאס בשר 700 גרם,גרמים,700.00,100 גרם,false,1,40.90,5.84,true,1,
7290008310086,false,בצק לאמפנדס מאפה של,מאפה של חייקה,IL,בצק אמפנדאס 700 גרם,גרמים,700.00,100 גרם,false,1,29.90,4.27,true,1,
7290008324267,false,אלטמן - יומי מולטי ויטמין בטעם ענבים 100 יח',אלטמן,,יומי מולטי ויטמין ענ,Unknown,0.00,Unknown,false,1,67.90,67.90,true,1,
7290008329255,false,מזלגות אר 100 דנטס,,TR,מזלגות לבנות 100 י,Unknown,0.00,Unknown,false,1,10.90,10.90,true,1,
7290008329293,false,סכינים פרימיום שקוף/קרם/לבן/זהב דנטס אר' 50 יח',,TR,סכינים פרימיום שקוף/,Unknown,1.00,Unknown,false,1,8.90,8.90,true,1,
7290008329309,false,מזלגות פרמיום שקוף/קרם/לבן/זהב דנטס אר 50 יח,,TR,מזלגות פרמיום שקוף/ק,Unknown,1.00,Unknown,false,1,8.90,8.90,true,1,
7290008329316,false,כפות פרימיום שקוף/קרם/לבן/זהב דנטס 50 יח,,TR,כפות פרימיום שקוף/קר,Unknown,1.00,Unknown,false,1,8.90,8.90,true,1,
7290008330107,false,מרכך כביסה סגול בדין (4 ליטר),יוניליוור ישראל שיווק בע`מ,,בדין 4 ליטר סגול,ליטרים,0.00,ליטר,false,1,19.90,19.90,true,1,
7290008333115,false,אבקת ג'לטין טהור נטו 28 גרם,נטו מילנדה סחר בעמ*,,גלטין 28 גר,גרמים,28.00,100 גרם,false,1,11.40,40.71,true,1,
7290008343473,false,עלים לסיגרים שלושת האופים 500 ג',שגמור בעמ,,עלי בצק למילוי סגרים,גרמים,500.00,100 גרם,false,1,14.90,2.98,true,1,
7290008343503,false,גחנון אפוי 650 גר' שלושת האופים קהילות,נטו מלינדה סחר בע`מ,,גחנון אפוי 650 גר,גרמים,650.00,100 גרם,false,1,21.90,3.37,true,1,
7290008343558,false,סיגרים במילוי בשר פיקנטי 1 ק``ג קפוא,נטו מלינדה סחר בע`מ,,"סיגר בשר 1 ק""ג",Unknown,0.00,Unknown,false,1,22.90,22.90,true,1,
7290008343565,false,"סיגרים תפו""א 1 ק""ג שלושת האופים",נטו מלינדה סחר בעמ,,"סיגר תפו""א 1 ק""ג",Unknown,0.00,Unknown,false,1,22.90,22.90,true,1,
7290008343572,false,אגרול סיני 1 קג -שלושת האופים,נטו מלינדה סחר בע`מ,,"אגרול 1 ק""ג",Unknown,0.00,Unknown,false,1,22.90,22.90,true,1,
7290008343602,false,"קובה בשר 1 ק""ג שלושת האופים",נטו מלינדה סחר בעמ,,"קובה בשר 1 ק""ג",Unknown,0.00,Unknown,false,1,22.90,22.90,true,1,
7290008343619,false,"פסטלים תפו""א שלושת האופים 1 ק""ג",נטו מלינדה סחר בע`מ,,"פסטלים תפו""א 1 ק""ג",גרמים,1000.00,100 גרם,false,1,22.90,2.29,true,1,
7290008379380,false,גבינת סולוגוני 300 גרם,מחלבת עברי,,גבינת סולוגוני 300 ג,גרמים,300.00,100 גרם,false,1,32.90,10.97,true,1,
7290008408073,false,"EVEN קרם קרטין טיפולי לשיער צבוע/פגום 500 מ""ל",י.שיאון,,מים מזוקקים בגלון 4,ליטרים,0.00,ליטר,false,1,15.20,15.20,true,1,
7290008409049,false,שניצלונים בציפוי שומשום מיני מיני דק מאמא עוף 500 גרם,תנובה מרכז שיתופי לשיווק תוצרת,,מאמא עוף מיני שניצלי,גרמים,500.00,100 גרם,false,1,27.90,5.58,true,1,
7290008409100,false,אצבעות שניצל בציפוי שומשום מאמא עוף 700 גרם,תנובה גליל שותפות מוגבלת,,אצבעות שניצל בציפוי,גרמים,700.00,100 גרם,false,1,36.90,5.27,true,1,
7290008409124,false,מאמא עוף קפוא שניצל ג'ונגל פריך 700 גרם,תנובה מרכז שיתופי לשיווק תוצרת,,שניצל גונגל מאמא עוף,גרמים,700.00,100 גרם,false,1,36.90,5.27,true,1,
7290008409216,false,מאמא עוף קפוא שניצל דק פריך 700 גרם,תנובה מרכז שיתופי לשיווק תוצרת,,שניצל דק דק פריך 700,גרמים,700.00,100 גרם,false,1,39.90,5.70,true,1,
7290008409223,false,שניצל דק דק מתובל מאמא עוף (700 גרם),תנובה מרכז שיתופי לשיווק תוצרת,,שניצל דק מתובל 700 ג,גרמים,700.00,100 גרם,false,1,39.90,5.70,true,1,
7290008409315,false,שניצלונים בציפוי פריך מיני מיני דק מאמא עוף 500 גרם,תנובה מרכז שיתופי לשיווק תוצרת,,מאמא עוף מיני שניצלי,גרמים,500.00,100 גרם,false,1,27.90,5.58,true,1,
7290008409407,false,שניצל דק דק צ`יפס מאמא עוף (700 גרם),תנובה גליל שותפות מוגבלת,,שניצל דק בציפוי ציפס,גרמים,700.00,100 גרם,false,1,39.90,5.70,true,1,
7290008409551,false,שניצל עוף אמיתי בציפוי מעודן 700 ג' מאמא עוף,תנובה מרכז שיתופי לשיווק תוצרת,,שניצל עוף אמיתי בציפ,גרמים,700.00,100 גרם,false,1,41.70,5.96,true,1,
7290008409582,false,שניצל עוף אמיתי בציפוי ביתי מאמא עוף 700 גרם,תנובה מרכז שיתופי לשיווק תוצרת,,שניצל עוף אמיתי ביתי,גרמים,700.00,100 גרם,false,1,41.70,5.96,true,1,
7290008409773,false,קציצות עוף אמיתיות קפואות 700 גרם קפוא,תנובה מרכז שיתופי לשיווק תוצרת,,מאמא עוף קציצות עוף,גרמים,700.00,100 גרם,false,1,31.60,4.51,true,1,
7290008415071,false,צבר חומוס עם טחינה עגול 150 גרם,קבוצת אוסם סחר שותפות מוגבלת,,חומוס עם טחינה 150 ג,גרמים,150.00,100 גרם,false,1,5.80,3.87,true,1,
7290008415514,false,צבר חומוס עם חריף עגול 150 גרם,קבוצת אוסם סחר שותפות מוגבלת,,חומוס עם חריף 150 גר,גרמים,150.00,100 גרם,false,1,5.80,3.87,true,1,
7290008425155,false,"שמן זית אורגני 750 מ""ל",,,"שמן זית 750 מ""ל",מיליליטרים,750.00,"100 מ""ל",false,1,62.90,8.39,true,1,
7290008425193,false,זיתים נבאלי 400 גרם,,,זיתים נבאלי 400 גרם,גרמים,400.00,100 גרם,false,1,22.90,5.73,true,1,
7290008425216,false,"שמן זית אורגני 500 מ""ל",,,"שמן זית 500 מ""ל",מיליליטרים,500.00,"100 מ""ל",false,1,45.90,9.18,true,1,
7290008425711,false,"נקטר קוקטייל 330 מ""ל",,,"נקטר קוקטייל 330 מ""ל",מיליליטרים,330.00,"100 מ""ל",false,1,13.20,4.00,true,1,
7290008425728,false,נקטר קוקטייל 1 ליטר אורגני,,,נקטר קוקטייל 1 ליטר,מיליליטרים,1000.00,"100 מ""ל",false,1,25.90,2.59,true,1,
7290008437011,false,שריר טרי,,,שריר בקר טרי,Unknown,0.00,"ק""ג",true,0,49.90,49.90,true,1,
7290008437127,false,רגל עגל חלב קפוא מזרע,,,רגל עגל קפוא מזרע,Unknown,0.00,"ק""ג",true,0,34.00,34.00,true,1,
7290008437646,false,שקית גופיה טיב טעם,,,שקית גופיה,Unknown,0.00,Unknown,false,1,0.10,0.10,true,1,
7290008438285,false,גבינה אמנטל שוויצרי במשקל,,,גבינה אמנטל שוויצרי,Unknown,0.00,"ק""ג",true,0,215.00,215.00,true,1,
7290008439411,false,בלוק פטה אווז במשקל,,,בלוק פטה אווז במשקל,Unknown,0.00,"ק""ג",true,0,70.00,70.00,true,1,
7290008461221,false,סרדינים רוברט בשמן חמניות 115 גרם,א. סיימן סחר בעמ,,סרדין רוברט בשמן חמנ,גרמים,120.00,100 גרם,false,1,7.90,6.58,true,1,
7290008461238,false,סרדינים בשמן חמניות ופלפל חריף רוברט 84 גרם,א. סיימן סחר בעמ,,סרדין רוברט בשמן חמנ,גרמים,120.00,100 גרם,false,1,7.90,6.58,true,1,
7290008462204,false,חרדל דיז'ון מקורי נטו מאי 380 גרם,א. סיימן סחר בעמ,,חרדל דיזון מקורי 380,גרמים,380.00,100 גרם,false,1,12.90,3.39,true,1,
7290008462259,false,חרדל דיז'ון גרגירים מיילי 380 גרם,א. סיימן סחר בעמ,,חרדל דיזיון גרגירים,גרמים,345.00,100 גרם,false,1,13.90,4.03,true,1,
7290008464024,false,"בירה גולדסטאר Unfiltered, בירה לא מסוננת, פחית 500 מ""ל","טמפו משקאות בע""מ",,בירה גולדסטאר לא מסו,מיליליטרים,500.00,"100 מ""ל",false,1,9.50,1.90,true,1,
7290008464130,false,"בירה גולדסטאר Unfiltered, בירה לא מסוננת, מארז שישייה, בקבוק 330 מ""ל",טמפו משקאות בעמ,,שישיית בירה גולדסטאר,מיליליטרים,1980.00,"100 מ""ל",false,1,32.90,1.66,true,1,
7290008464222,false,"בירה מכבי 7.9%, בירה חזקה, פחית 500 מ""ל","טמפו משקאות בע""\מ",,בירה מכבי 7.9% פחית,מיליליטרים,500.00,"100 מ""ל",false,1,7.90,1.58,true,1,
7290008464345,false,"בירה גולדסטאר, בקבוק 330 מ''ל",פארייפאבה אגרואינדוס,,בירה גולדסטאר בקבוק,מיליליטרים,330.00,"100 מ""ל",false,1,7.50,2.27,true,1,
7290008464369,false,"פפסי קולה בפחית 330 מ""ל","טמפו משקאות בע""\מ",,פפסי קולה פחית 330 מ,מיליליטרים,330.00,"100 מ""ל",false,1,3.90,1.18,true,1,
7290008464376,false,"מרינדה תפוז פחית 330 מ""ל",טמפו,,"מירנדה פחית 330 מ""ל",מיליליטרים,330.00,"100 מ""ל",false,1,3.50,1.06,true,1,
7290008464383,false,"סבנ אפ פחית 330 מ""ל",טמפו משקאות בעמ,,"סבן אפ פחית 330 מ""ל",מיליליטרים,330.00,"100 מ""ל",false,1,4.90,1.48,true,1,
7290008464468,false,בירה בפחית גולדסטאר (500 מל),פארייפאבה אגרואינדוס,,"גולדסטאר פחית 500 מ""",מיליליטרים,500.00,"100 מ""ל",false,1,8.50,1.70,true,1,
7290008464475,false,בירה מכבי פחית 500 מ``ל,"טמפו משקאות בע""\מ",,בירה מכבי פחית 500 מ,מיליליטרים,500.00,"100 מ""ל",false,1,8.90,1.78,true,1,
7290008464604,false,"בירה הייניקן פחית 500 מ""ל",טמפו משקאות בע''מ,,"היינקן פחית 500 מ""ל",מיליליטרים,500.00,"100 מ""ל",false,1,9.90,1.98,true,1,
7290008464635,false,"מי טוניק, גזוז בטעם טוניק 275 מל",טמפו משקאות בעמ,,"סודה טוניק 275 מ""ל",מיליליטרים,275.00,"100 מ""ל",false,1,5.50,2.00,true,1,
7290008464673,false,"בירה גולדסטאר SLOWBREW פחית 10%, 500 מ""ל","טמפו משקאות בע""\מ",IL,בירה גולדסטאר SLOW B,מיליליטרים,500.00,"100 מ""ל",false,1,9.70,1.94,true,1,
7290008464697,false,"בירה מכבי 7.9%, בירה חזקה, מארז שישייה, בקבוק 330 מ""ל",טמפו משקאות בעמ,,שישיית בירה מכבי 7.9,מיליליטרים,1980.00,"100 מ""ל",false,1,36.90,1.86,true,1,
7290008464703,false,"שישיית בירה מכבי בקבוק 330 מ""ל",טמפו משקאות בע''מ,,שישיית בקבוקי מכבי 3,מיליליטרים,1980.00,"100 מ""ל",false,1,35.90,1.81,true,1,
7290008464734,false,"שישיית בירה גולדסטאר לאגר SLOW BREW בקבוק 330 מ""ל",טמפו משקאות בע''מ,,שישיית גולדסטאר 330,מיליליטרים,1980.00,"100 מ""ל",false,1,36.90,1.86,true,1,
7290008464741,false,"בירה גולדסטאר, מארז שישייה, בקבוק 330 מ''ל","טמפו משקאות בע""\מ",,שישיית בקבוקי גולדסט,מיליליטרים,1980.00,"100 מ""ל",false,1,27.90,1.41,true,1,
7290008473057,false,מגבונים קמיל בלו טו גו שקית 3*30 יח,"ד""ר פישר Dr fischer",,מגבוני סנסטיב דר פיש,Unknown,0.00,Unknown,false,1,18.40,18.40,true,1,
7290008493413,false,פירורי לחם מאיר בייגל פירורי גריסיני 200 גרם,"דנשר (1963) בע,מ",,פירורי גריסיני מאיר,גרמים,200.00,100 גרם,false,1,6.20,3.10,true,1,
7290008493710,false,פירורי לחם מאיר בייגל פרורי גריסני זהב 200 גרם,"דנשר (1963) בע,מ",,פירורי גריסיני בייגל,גרמים,200.00,100 גרם,false,1,6.20,3.10,true,1,
7290008498296,false,גאודה עיזים תאנים אגוזים שקיל,,,גאודה עיזים תאנים אג,Unknown,0.00,"ק""ג",true,0,199.00,199.00,true,1,
7290008498593,false,פטה יוונית במשקל,,GR,פטה יוונית במשקל,Unknown,0.00,"ק""ג",true,0,120.00,120.00,true,1,
7290008618090,false,פילה סלמון טרי,,,פילה סלמון טרי,Unknown,0.00,"ק""ג",true,0,99.90,99.90,true,1,
7290008634700,false,כפפות XL לטקס עם איבוק עדין 100 יח- SAFE TOUCH,אינטרסן (1996) בעמ,,כפפות לטקס 100 יח XL,Unknown,0.00,Unknown,false,1,22.90,22.90,true,1,
7290008644112,false,אחלה יום יום סלט מטבוחה יום יום 125 גרם,שטראוס גרופ בעמ/מצונן,,מטבוחה יום יום 125 ג,גרמים,125.00,100 גרם,false,1,4.90,3.92,true,1,
7290008644235,false,מבחר עלי בייבי 120 גרם-טעם הטבע,שטראוס בריאות ירקות טריי,,עלי בייבי אחלה טבע,גרמים,120.00,100 גרם,false,1,11.90,9.92,true,1,
7290008644839,false,ח.ערבית/איסברג-300שטראוס,ביכורי השדה הצפון בעמ` 1964,,חסה אחלה טבע,גרמים,300.00,100 גרם,false,1,10.90,3.63,true,1,
7290008644945,false,סלט המושבה שטראוס 450 גר`-טעם הטבע,שטראוס בריאות ירקות טריי,,סלט המושבה אחלה טבע,גרמים,450.00,100 גרם,false,1,11.90,2.64,true,1,
7290008645935,false,אחלה חומוס לניגוב 750 גרם,שטראוס גרופ בעמ/מצונן,,חומוס אחלה 750 גרם,גרמים,750.00,100 גרם,false,1,9.90,1.32,true,1,
7290008670005,false,רקנאטי גליל עליון שרדונה 750 מל,,,רקנאטי גליל עליון ש,Unknown,0.00,Unknown,false,1,62.90,62.90,true,1,
7290008670142,false,"יין רקנאטי יסמין אדום 2019 750 מ""ל",היכל היין שקד גולן בעמ,,רקנאטי יסמין אדום 75,Unknown,0.00,Unknown,false,1,31.90,31.90,true,1,
7290008670159,false,"יין לבן יסמין רקנאטי 750 מ""ל",היכל היין שקד גולן בעמ,,רקנאטי יסמין לבן 201,Unknown,0.00,Unknown,false,1,31.90,31.90,true,1,
7290008670623,false,יין רקנאטי פטיט סירה רזרב 2014 750 מל,,,יין רקנאטי פטיט סירה,Unknown,0.00,Unknown,false,1,119.90,119.90,true,1,
7290008670821,false,יין רקנאטי מראווי 20,,,"רקנאטי מראווי 750 מ""",Unknown,0.00,Unknown,false,1,114.90,114.90,true,1,
7290008670913,false,רקנאטי גליל עליון קברנה סובניון 750 מל,רקנאטי,,רקנאטי גליל עליון קב,Unknown,0.00,Unknown,false,1,62.90,62.90,true,1,
7290008670920,false,יין רקנאטי גליל עליון מרלו 750 מל,,,יין רקנאטי גליל עלי,Unknown,0.00,Unknown,false,1,62.90,62.90,true,1,
7290008670937,false,רקנאטי גליל עליון שיראז 2017 750 מל,,,רקנאטי גליל עליון שי,Unknown,0.00,Unknown,false,1,62.90,62.90,true,1,
7290008679428,false,כפפות הנדי לבית ולמטבח בינוני,גורי מוצרי צריכה בעמ,,כפפות הנדי לבית למטב,Unknown,0.00,Unknown,false,1,7.80,7.80,true,1,
7290008679459,false,כפפות הנדי רגישות במיוחד בינוני,גורי מוצרי צריכה בעמ,,כפפות הנדי רגישות במ,Unknown,0.00,Unknown,false,1,7.80,7.80,true,1,
7290008690713,false,נקטר חמוציות אושן ספריי פריגת (1 ליטר),החברה המרכזית להפצת משקאות בעמ,,נקטר אושן ספריי 1 ל,מיליליטרים,1000.00,"100 מ""ל",false,1,11.90,1.19,true,1,
7290008693134,false,מעדן גבינה ויוגורט בטעם תות 5% שומן 88 ג' דניאלה,שטראוס גרופ בעמ/מצונן,,דניאלה תות 88 גרם,גרמים,88.00,100 גרם,false,1,4.10,4.66,true,1,
7290008745239,false,תפוצ'יפס קראנצ' בטעם טבעי עלית 50 גרם,"שטראוס פריטו ליי בע""\מ )",,תפוציפס אקסטרא טבעי,גרמים,50.00,100 גרם,false,1,4.00,8.00,true,1,
7290008747547,false,תפוצ'יפס קראנץ' בטעם טבעי עלית 200 גרם,"שטראוס פריטו ליי בע""\מ )",,תפוציפס קראנץ טבעי 2,גרמים,200.00,100 גרם,false,1,9.90,4.95,true,1,
7290008750264,false,"מסטיק מאסט ציקלס דובדבן 28 גרם לל""ס מגדים",שטראוס גרופ בע`מ,,מסטיק מאסט LL פליפ.ד,Unknown,0.00,Unknown,false,1,4.90,4.90,true,1,
7290008752244,false,תפוצ'יפס קראנץ' בטעם גריל עלית 50 גרם,"שטראוס פריטו ליי בע""\מ )",IL,תפוציפס קראנצי גריל,גרמים,50.00,100 גרם,false,1,4.00,8.00,true,1,
7290008753111,false,תפוצ'יפס קראנץ' בטעם מקסיקני עלית 50 גרם,"שטראוס פריטו ליי בע""\מ )",,תפוציפס קראנצי מקסיק,גרמים,50.00,100 גרם,false,1,4.00,8.00,true,1,
7290008754415,false,גומי מאסט בטעם ספירמינט עדין פליפטופ 28 ג' עלית,שטראוס גרופ בע`מ,IL,מסטיק מאסט מגדים ספי,Unknown,0.00,Unknown,false,1,4.60,4.60,true,1,
7290008754422,false,גומי מאסט בטעם פפרמינט קלאסי פליפטופ 28 ג' עלית,שטראוס גרופ בע`מ,IL,מסטיק מאסט מגדים פפר,Unknown,0.00,Unknown,false,1,4.60,4.60,true,1,
7290008757003,false,"שוופס ג'ינג'ר 250 מ""ל זכוכית",שוופס,,"שוופס גינגר 250 מ""ל",מיליליטרים,250.00,"100 מ""ל",false,1,6.90,2.76,true,1,
7290008757034,false,"שוופס סודה זכוכית 250 מ""ל",יפאורה שותפות מוגבלת לשיווק,,"שוופס סודה 250 מ""ל ז",מיליליטרים,250.00,"100 מ""ל",false,1,4.50,1.80,true,1,
7290008757980,false,קרטונית ספרינג נקטר רימונים 1 ליטר,יפאורה שותפות מוגבלת לשיווק,,קרטונית ספרינג רימונ,מיליליטרים,1000.00,"100 מ""ל",false,1,6.90,0.69,true,1,
7290008775816,false,ערגליות עוגיות במילוי שוקולד אסם 300 גרם,קבוצת אוסם סחר שותפות מוגבלת,,ערגליות שוקו 300 גרם,גרמים,300.00,100 גרם,false,1,11.40,3.80,true,1,
7290008775823,false,ערגליות עוגיות תות שדה אסם 300 גרם,קבוצת אוסם סחר שותפות מוגבלת,,ערגליות תות 300 גרם,גרמים,300.00,100 גרם,false,1,11.40,3.80,true,1,
7290008776028,false,המבורגר קלאסי קפוא,,,המבורגר קלאסי קפוא,גרמים,300.00,100 גרם,false,0,26.50,8.83,true,1,
7290008776103,false,קוביות לגולש עגל טרי,,,קוביות לגולש עגל טרי,Unknown,0.00,"ק""ג",true,0,69.90,69.90,true,1,
7290008792264,false,מפיות טישיו טאצ' 100יח',שניב תעשיות נייר בעמ,IL,מפיות טאצ 100 חד שכב,Unknown,0.00,Unknown,false,30,5.90,5.90,true,1,
7290008801010,false,"יין קברנה סוביניון מרלו פרייוט קולקשן 750 מ""ל",אגודת הכורמים -כרמל מזרחי,,יין קברנה /מרלו אדום,Unknown,0.00,Unknown,false,1,37.90,37.90,true,1,
7290008801089,false,"יין P.C קברנה סוביניון אדום יבש כרמל 375 מ""ל",אגודת הכורמים,,קברנה סוביניון אדום,Unknown,0.00,Unknown,false,1,21.90,21.90,true,1,
7290008801119,false,סלקטד סוביניון בלאן יקבי כרמל (750 מל),אגודת הכורמים הקואופרטיב,,סלקטד סוביניון בלאן,Unknown,0.00,Unknown,false,1,29.90,29.90,true,1,
7290008801157,false,"יין מרלו סלקטד כרמל כרמל 750 מ""ל",אגודת הכורמים -כרמל מזרחי,,"מרלו אדום יבש 750 מ""",Unknown,0.00,Unknown,false,1,30.90,30.90,true,1,
7290008801546,false,יין מוסקט מתוק קינג דיוויד יקבי כרמל,אגודת הכורמים הקואופרטיב,,יין קינג דויד מוסקט,Unknown,0.00,Unknown,false,1,22.90,22.90,true,1,
7290008801843,false,סלקטד קברנה סובניון יקבי כרמל (750 מל),אגודת הכורמים בעמ,,קברנה סוביניון אדום,Unknown,0.00,Unknown,false,1,30.90,30.90,true,1,
7290008801850,false,סלקטד אמרלד ריזלינג לבן חצי יבש 750 מל,אגודת הכורמים הקואופרטיב,,סלקטד אמרלד ריזלינג,Unknown,0.00,Unknown,false,1,29.90,29.90,true,1,
7290008802291,false,יין מרלו פרייבט קולקשן יקבי כרמל,אגודת הכורמים הקואופרטיב,,יין מרלו אדום יבש 75,Unknown,0.00,Unknown,false,1,37.90,37.90,true,1,
7290008802895,false,יין קברנה סוביניון פרייבט קולקשן יקבי כרמל,אגודת הכורמים הקאופורטיב,,קברנה סובניון אדום י,Unknown,0.00,Unknown,false,1,37.90,37.90,true,1,
7290008804332,false,שיראז אדום יבש פריווט קולקשיין 750מל,אגודת הכורמים הקואופרטיב,,יין שיראז אדום יבש 7,Unknown,0.00,Unknown,false,1,37.90,37.90,true,1,
7290008805049,false,סלקטד זינפנדל סמוק יקבי כרמל (750 מל),"כד בני דרום בע""מ",,יין רוזה חצי יבש סל,Unknown,0.00,Unknown,false,1,29.90,29.90,true,1,
7290008805384,false,סלקטד מוסקטו לבן יקבי כרמל (750 מל),אגודת הכורמים הקואופרטיב,,סלקטד מוסקטו לבן מבע,Unknown,0.00,Unknown,false,1,29.90,29.90,true,1,
7290008805520,false,"יין קברנה/סוביניון סלקטד כרמל 750 מ""ל",אגודת הכורמים בעמ,,קברנה מרלו אדום יבש,Unknown,0.00,Unknown,false,1,30.90,30.90,true,1,
7290008806961,false,גלידה שוקולד שבבי שוקולד פרה 1.33 ל' קרמיסימו,"גלידת שטראוס בע""\מ, רחוב",,גלידה קרמיסימו שוקול,ליטרים,0.00,ליטר,false,1,21.90,21.90,true,1,
7290008806985,false,נישנושים גלידה שוקו וניל בציפוי שוקולד 60 יח' קרמיסימו,"גלידת שטראוס בע""\מ, רחוב",,פינוקי גלידה שוקו,גרמים,630.00,100 גרם,false,1,44.90,7.13,true,1,
7290008828581,false,חסה פקצוי,,,חסה פקצוי,Unknown,0.00,Unknown,false,1,11.90,11.90,true,1,
7290008834810,false,שומן כבש (ליה כבש),,,פילה עגל טרי,Unknown,0.00,"ק""ג",true,0,244.90,244.90,true,1,
7290008835992,false,פילה נסיכת הנילוס פרוס בלדי,בלדי בעמ,,פילה נסיכת הנילוס,Unknown,0.00,"ק""ג",true,0,74.00,74.00,true,1,
7290008846219,false,"שמן זית כתית מעולה חלוצה 750 מ""ל",האי נאם סי או אל.טי.,,שמן זית כתית מעולה 7,מיליליטרים,750.00,"100 מ""ל",false,1,41.90,5.59,true,1,
7290008849470,false,ממרח פלפל צ'ומה אוליביה 185 גרם,תה ויסוצקי (ישראל)בעמ,,ממרח פלפל ציומה,גרמים,190.00,100 גרם,false,1,13.90,7.32,true,1,
7290008849586,false,רוטב לעוף ריבת בצל אוליביה 310 גרם,תה ויסוצקי (ישראל) בעמ,,רוטב ריבת בצל לעוף,גרמים,310.00,100 גרם,false,1,13.90,4.48,true,1,
7290008849609,false,אוליביה רוטב לעוף שום דבש (330 גרם),תה ויסוצקי (ישראל) בעמ,,רוטב שום דבש לעוף,גרמים,310.00,100 גרם,false,1,13.90,4.48,true,1,
7290008849739,false,רוטב סויה אמיתי אוליביה 310 גרם,תה ויסוצקי (ישראל)בעמ,,רוטב סויה אמיתי,גרמים,310.00,100 גרם,false,1,13.90,4.48,true,1,
7290008849753,false,רוטב טריאקי אוליביה 300 גרם,תה ויסוצקי (ישראל)בעמ,,רוטב טריאקי אוליביה,מיליליטרים,300.00,"100 מ""ל",false,1,14.60,4.87,true,1,
7290008849777,false,רוטב צ'ילי מתוק אוליביה 345 גרם,תה ויסוצקי (ישראל)בעמ,,רוטב צילי מתוק,גרמים,350.00,100 גרם,false,1,13.90,3.97,true,1,
7290008849838,false,טפנד זיתים אוליביה 190 גר',"אוליביה גורמה בע""מ",IL,טפנד זיתים אוליביה 1,גרמים,180.00,100 גרם,false,1,15.60,8.67,true,1,
7290008849845,false,ממרח אוליביה אריסה פיקנטי 180 ג',"אוליביה גרומה בע""מ",IL,אריסה פיקנטית אוליבי,גרמים,185.00,100 גרם,false,1,15.60,8.43,true,1,
7290008855051,false,טליאטלה ביצים מעדניה,Unknown,,טליאטלה ביצים 450 גר,גרמים,450.00,100 גרם,false,0,36.90,8.20,true,1,
7290008855136,false,ניוקי תפוא מעדניה,Unknown,,"ניוקי תפו""א 450 גרם",גרמים,450.00,100 גרם,false,0,35.90,7.98,true,1,
7290008855143,false,ניוקי בטטה מעדניה,Unknown,,ניוקי בטטה 450 גרם,גרמים,450.00,100 גרם,false,0,38.90,8.64,true,1,
7290008855228,false,רביולי תרד וריקוטה פ,Unknown,,רביולי בטטה 450 גרם,גרמים,450.00,100 גרם,false,0,49.90,11.09,true,1,
7290008855327,false,טורטליני גבינות במשקל,Unknown,,טורטליני גבינות 450,גרמים,450.00,100 גרם,false,0,49.90,11.09,true,1,
7290008855433,false,רוטב פסטו 250 גר,Unknown,,רוטב פסטו 250 גר,גרמים,250.00,100 גרם,false,1,37.90,15.16,true,1,
7290008855457,false,רוטב שמנת פטריות 250,Unknown,,רוטב פטריות 250 גר,גרמים,250.00,100 גרם,false,1,37.90,15.16,true,1,
7290008855518,false,רביולי תרד קפוא 450 גרם,Unknown,,רביולי תרד קפוא 450,גרמים,450.00,100 גרם,false,0,49.90,11.09,true,1,
7290008855563,false,רביולי פורמגו 450 גרם,Unknown,,רביולי פורמגו 450 גר,גרמים,450.00,100 גרם,false,0,49.90,11.09,true,1,
7290008863001,false,עוגת גינגי בציפוי פירורים 450 גרם,קונדיטוריה וולפסון,,עוגת גינגי בציפוי,גרמים,450.00,100 גרם,false,1,43.90,9.76,true,1,
7290008863049,false,עוגת אריסטוקרט 800 גרם,קונדיטוריה וולפסון,IL,עוגת אריסטוקרט 800 ג,גרמים,800.00,100 גרם,false,1,83.50,10.44,true,1,
7290008863063,false,עוגיות עם ריבת חלב(א,קונדיטוריה וולפסון,,עוגיות ריבת חלב,גרמים,350.00,100 גרם,false,1,53.50,15.29,true,1,
7290008863087,false,עוגיות נשיקות 130 גר,קונדיטוריה וולפסון,,נשיקות,גרמים,900.00,100 גרם,false,1,24.90,2.77,true,1,
7290008863100,false,עוגות פראג 600 גרם,קונדיטוריה וולפסון,IL,עוגות פראג 600 גרם,גרמים,600.00,100 גרם,false,1,61.90,10.32,true,1,
7290008863179,false,עוגת אריסטוקרט 600גר,קונדיטוריה וולפסון,,עוגת אריסטוקרט 600 ג,גרמים,600.00,100 גרם,false,1,65.50,10.92,true,1,
7290008866019,false,ברי עיזים בייבי28% משקל,גבינות יעקבס,,ברי עזים בייבי במשקל,Unknown,0.00,"ק""ג",true,0,156.00,156.00,true,1,
7290008879163,false,דר לוסון ריזילנג 700 מל,,,דר לוסון ריזילנג 700,Unknown,0.00,Unknown,false,1,57.90,57.90,true,1,
7290008899352,false,לחמניה פילסברי אצבע שומשום לבנה 100ג',,,לחמניה אצבע שומשום,Unknown,0.00,Unknown,false,1,3.50,3.50,true,1,
7290008899505,false,בגט לבן פילסברי 250,ג`נרל מילס ישראל בעמ,,בגט לבן,גרמים,250.00,100 גרם,false,1,6.90,2.76,true,1,
7290008900157,false,חמציץ 500 גר,מרינה פטריות הגליל,,חמציץ,Unknown,0.00,Unknown,false,1,9.90,9.90,true,1,
7290008909853,false,"קוקה קולה זירו בקבוק 500 מ""ל.",החברה המרכזית להפצת משקאות בעמ,,"קוקה קולה 500 מ""ל Z",מיליליטרים,500.00,"100 מ""ל",false,1,7.50,1.50,true,1,
7290008925853,false,פילה דג מרלוזה ארוז ארגנטינה,,,פילה מרלוזה,Unknown,0.00,"ק""ג",true,0,34.90,34.90,true,1,
7290008945172,false,"שקיות אשפה עם שרוך 52 * 65 ס""מ גלילונית 40 יחידות","אשפלסט תעשיות בע""מ",,גלילונית פח מטבח 40,Unknown,0.00,Unknown,false,1,18.80,18.80,true,1,
7290008947749,false,הדרית הדברה אקולוגית לנמלים וזבובים 640,,,הדרית הדברה אקולוגית,מיליליטרים,640.00,"100 מ""ל",false,1,59.90,9.36,true,1,
7290008947817,false,"בישומית תכשיר אורגני ליתושים 640 מ""ל",,,בישומית תכשיר אורגני,מיליליטרים,640.00,"100 מ""ל",false,1,59.90,9.36,true,1,
7290008952132,false,"מסננת רשת 14 ס""מ ידית לבנה",,,מסננת רשת 14 סמ ידית,Unknown,0.00,Unknown,false,1,19.90,19.90,true,1,
7290008953740,false,גבעון סט 6 מזלגות על,,,גבעון סט 6 מזלגות על,Unknown,0.00,Unknown,false,1,21.90,21.90,true,1,
7290008953757,false,גבעון סט 6 כפיות על,,,גבעון סט 6 כפיות על,Unknown,0.00,Unknown,false,1,15.90,15.90,true,1,
7290008961110,false,טושיונקה בקר מיוחד 400 גר,פרוטרי,,טושיונקה בקר מיוחד 4,גרמים,400.00,100 גרם,false,1,22.90,5.73,true,1,
7290008961127,false,טושונקה תבשיל בשר בקר 400ג,גוד פוד ג'.א'.ג'י. ב,,טושיונקה בקר רוסית 4,גרמים,400.00,100 גרם,false,1,22.90,5.73,true,1,
7290008961134,false,"מעדן -קונפיטורה תות שדה 1.25 ק""ג",,UA,קונפיטורה תות שדה 1.,קילוגרמים,0.00,"ק""ג",false,1,37.90,37.90,true,1,
7290008961141,false,"מעדן -קונפיטורה משמש 1.25 ק""ג",,UA,קונפיטורה משמש 1.25,קילוגרמים,0.00,"ק""ג",false,1,37.90,37.90,true,1,
7290008961158,false,"מעדן -קונפיטורה דובדבן 1.25 ק""ג",,UA,מעדן -קונפיטורה דובד,קילוגרמים,0.00,"ק""ג",false,1,37.90,37.90,true,1,
7290008961165,false,"מעדן -קונפיטורה דובדבנים לבנים 1.25 ק""ג",,UA,מעדן -קונפיטורה,קילוגרמים,0.00,"ק""ג",false,1,37.90,37.90,true,1,
7290008961172,false,"מעדן -קונפיטורה דובדבנים מתוקים 1.25 ק""ג",,UA,קונפיטורה דובדבנים מ,קילוגרמים,0.00,"ק""ג",false,1,37.90,37.90,true,1,
7290008961189,false,טושיונקה בקר פיקנטית 400 גרם,גוד פוד ג'.א'.ג'י. ב,,טושיונקה בקר פיקנטית,גרמים,400.00,100 גרם,false,1,22.90,5.73,true,1,
7290008961271,false,טושונקה בקר עם כוסמת 400 גרם,פרוטרי,,טושונקה בקר עם כוסמת,גרמים,400.00,100 גרם,false,1,20.90,5.23,true,1,
7290008961370,false,עגבניות מוחמצות פוסו,,UA,עגבניות מוחמצות 650,גרמים,650.00,100 גרם,false,1,8.90,1.37,true,1,
7290008961387,false,עגבניות שלמות במיץ עגבניות 650 גר,,,עגבניות שלמות במיץ ע,גרמים,650.00,100 גרם,false,0,8.90,1.37,true,1,
7290008961479,false,"ריבה שזיפים פוסולסקי דבור 1.25 ק""ג",,UA,ריבה שזיפים פוסולסקי,קילוגרמים,0.00,"ק""ג",false,1,37.90,37.90,true,1,
7290008961486,false,"ריבה קרנית דובדבן פוסולסקי דבור 1.25 ק""ג",פרוטרי,UA,ריבה קרנית דובדבן,קילוגרמים,0.00,"ק""ג",false,1,37.90,37.90,true,1,
7290008961493,false,"ריבה אוכמניות שחורות פוסולסקי דבור 1.25 ק""ג",,UA,ריבה אוכמניות שחורות,קילוגרמים,0.00,"ק""ג",false,1,37.90,37.90,true,1,
7290008961561,false,קווקר 500 גרם,פרוטרי,,קווקר 500 גרם,גרמים,500.00,100 גרם,false,1,6.60,1.32,true,1,
7290008961585,false,כוסמת פוסולסקי דבור 800 גר,סנקי,IL,כוסמת פוסולסקי דבור,גרמים,800.00,100 גרם,false,1,13.90,1.74,true,1,
7290008961622,false,"קונפיטורה תות פוסולסקי דבור 1.25 ק""ג",,UA,קונפיטורה תות פוסולס,קילוגרמים,0.00,"ק""ג",false,1,37.90,37.90,true,1,
7290008968157,false,אינטימה קצף להיגיינה נשית אובלפיכה-עץ התה,קמילוטרקט,,קמילוטרט אינטימה 200,Unknown,0.00,Unknown,false,1,54.90,54.90,true,1,
7290008968232,false,קמילוטרקט פרו קרם מזין לטיפוח השיער 145מ,הרבה דרם,,קמילוטרקט קרם מזין ל,Unknown,0.00,Unknown,false,1,62.00,62.00,true,1,
7290008975780,false,"מזון לכלבים בונזו מזון כלבים גזע קטן 3 ק""ג",דיפלומט מפיצים (1968) בעמ**,,בונזו גזע קטן 3 קג,קילוגרמים,0.00,"ק""ג",false,1,49.90,49.90,true,1,
7290008981279,false,זעתר עם שומשום נחלה100גר,קפה אל נח'לה,,זעתר ביתי נחלה 100 ג,גרמים,100.00,100 גרם,false,1,11.90,11.90,true,1,
7290009920987,false,קרפלך דובדבן 800 גרם,מעדני מניה תעשיות בש,,קרפלך דובדבן 800 גרם,גרמים,800.00,100 גרם,false,1,34.90,4.36,true,1,
7290010002016,false,כוסברה טחונה תבליני מימון 100 גרם,א.ל. ייצור ושיווק תבלינים בע`מ,,כוסברה טחון 100 גרם,גרמים,100.00,100 גרם,false,1,9.40,9.40,true,1,
7290010002023,false,כורכום הודי טחון תבליני מימון 100 גרם,א.ל. ייצור ושיווק תבלינים בע`מ,,כורכום הודי טחון 100,גרמים,100.00,100 גרם,false,1,11.60,11.60,true,1,
7290010002030,false,תבלין כמון טחון תבליני מימון 100 גרם,א.ל. ייצור ושיווק תבלינים בע`מ,,כמון 100 גרם,גרמים,100.00,100 גרם,false,1,11.60,11.60,true,1,
7290010002078,false,פלפל שחור טחון תבליני מימון (100 גרם),א.ל. ייצור ושיווק תבלינים בע`מ,,פלפל שחור טחון 120 ג,גרמים,100.00,100 גרם,false,1,15.50,15.50,true,1,
7290010002092,false,תבלין פלפל שחור גרוס דק תבליני מימון 90,א.ל. ייצור ושיווק תבלינים בע`מ,,פלפל שחור גס דק 90 ג,גרמים,90.00,100 גרם,false,1,15.50,17.22,true,1,
7290010002108,false,תבלין פלפל שחור גרוס גס תבליני מימון 90,א.ל. ייצור ושיווק תבלינים בע`מ,,פלפל שחור גרוס גס 90,גרמים,90.00,100 גרם,false,1,15.50,17.22,true,1,
7290010002122,false,פפריקה הונגרית מתוקה תבליני מימון 100 גרם,א.ל. ייצור ושיווק תבלינים בע`מ,,פפריקה הונגרית מתוקה,גרמים,100.00,100 גרם,false,1,11.60,11.60,true,1,
7290010002139,false,פפריקה הונגרית חריפה תבליני מימון 100 גרם,א.ל. ייצור ושיווק תבלינים בע`מ,,פפריקה הונגרית חריפה,גרמים,100.00,100 גרם,false,1,11.60,11.60,true,1,
7290010002146,false,פפריקה מרוקאית מתוקה תבליני מימון 100 גרם,א.ל. ייצור ושיווק תבלינים בע`מ,,פפריקה מרוקאית מתוקה,גרמים,100.00,100 גרם,false,1,11.60,11.60,true,1,
7290010002153,false,פפריקה מרוקאית חריפה תבליני מימון 100 גרם,א.ל. ייצור ושיווק תבלינים בע`מ,,פפריקה מרוקאית חריפה,גרמים,100.00,100 גרם,false,1,11.60,11.60,true,1,
7290010002191,false,תבלין מקלות קינמון תבליני מימון 50 גרם,א.ל. ייצור ושיווק תבלינים בע`מ,,מקלות קינמון 50 גרם,גרמים,50.00,100 גרם,false,1,11.90,23.80,true,1,
7290010002214,false,תבלין צ'ילי גרוס תבליני מימון 80 גרם,א.ל. ייצור ושיווק תבלינים בע`מ,,צילי מקסיקני גרוס 70,Unknown,0.00,Unknown,false,1,11.40,11.40,true,1,
7290010002283,false,תבלין על האש תבליני מימון 100 גרם,א.ל. ייצור ושיווק תבלינים בע`מ,,תבלין על האש 100 גרם,גרמים,100.00,100 גרם,false,1,11.40,11.40,true,1,
7290010002290,false,תיבול לשווארמה תבליני מימון 100 גרם,א.ל. ייצור ושיווק תבלינים בע`מ,,תערובת לשווארמה טורק,גרמים,100.00,100 גרם,false,1,11.40,11.40,true,1,
7290010002306,false,תיבול לקציצות תבליני מימון 100 גרם,א.ל. ייצור ושיווק תבלינים בע`מ,,תערובת לקציצות 100 ג,גרמים,100.00,100 גרם,false,1,11.40,11.40,true,1,
7290010002313,false,תבלין ראס אל חנות תבליני מימון 100 גרם,א.ל. ייצור ושיווק תבלינים בע`מ,,ראס אל חנות 100 גרם,גרמים,100.00,100 גרם,false,1,11.40,11.40,true,1,
7290010002320,false,תבלין לגריל עוף תבליני מימון (100 גרם),א.ל. ייצור ושיווק תבלינים בע`מ,,תבלין גריל עוף 130 ג,גרמים,100.00,100 גרם,false,1,11.40,11.40,true,1,
7290010002337,false,תיבול לסטייק תבליני מימון 100 גרם,א.ל. ייצור ושיווק תבלינים בע`מ,,תבלין לסטייק 100 גרם,גרמים,100.00,100 גרם,false,1,11.40,11.40,true,1,
7290010002344,false,תבלין לדג תבליני מימון 100 גרם.,א.ל ייצור ושיווק תבלינים בעמ,,תבלין לדג 100 גרם,גרמים,100.00,100 גרם,false,1,11.40,11.40,true,1,
7290010002351,false,זעתר ושומשום בלדי תבליני מימון (100 גרם),א.ל. ייצור ושיווק תבלינים בע`מ,,זעתר ושומשום בלדי 10,גרמים,100.00,100 גרם,false,1,11.40,11.40,true,1,
7290010002375,false,תבלין מדראס קארי תבליני מימון (100 גרם),א.ל. ייצור ושיווק תבלינים בע`מ,,מדרס קארי 100 גרם,גרמים,100.00,100 גרם,false,1,11.40,11.40,true,1,
7290010002382,false,תבלין אורגנו תבליני מימון 40 גרם,א.ל. ייצור ושיווק תבלינים בע`מ,,אורגנו 40 גרם,Unknown,0.00,Unknown,false,1,9.40,9.40,true,1,
7290010002399,false,תבלין בזיליקום תבליני מימון 40 גרם,א.ל. ייצור ושיווק תבלינים בע`מ,,בזיליקום -ריחן 40 גר,Unknown,0.00,Unknown,false,1,9.40,9.40,true,1,
7290010002405,false,תבלין טימין הררי תבליני מימון 40 גרם,א.ל. ייצור ושיווק תבלינים בע`מ,,טימין הררי 40 גרם,Unknown,0.00,Unknown,false,1,9.40,9.40,true,1,
7290010002429,false,עלי דפנה תבליני מימון 20 גרם צנצנת,א.ל. ייצור ושיווק תבלינים בע`מ,,עלי דפנה 20 גרם,Unknown,0.00,Unknown,false,1,9.40,9.40,true,1,
7290010002443,false,תבלין רוזמרין תבליני מימון 40 גרם,א.ל. ייצור ושיווק תבלינים בע`מ,,רוזמרין 40 גרם,Unknown,0.00,Unknown,false,1,9.40,9.40,true,1,
7290010002450,false,שמיר תבליני מימון 25 גרם,א.ל.ייצור ושיווק תבלינים בעמ,,שמיר 25 גרם,Unknown,0.00,Unknown,false,1,9.40,9.40,true,1,
7290010002498,false,תבלין שום גבישי תבליני מימון 120 גרם,א.ל. ייצור ושיווק תבלינים בע`מ,,שום גבישי 120 גרם,גרמים,120.00,100 גרם,false,1,15.50,12.92,true,1,
7290010002597,false,כוסברה ירוקה תבליני מימון (20 גרם),א.ל. ייצור ושיווק תבלינים בע`מ,,כוסברה ירוקה 30 גרם,גרמים,30.00,100 גרם,false,1,9.40,31.33,true,1,
7290010002658,false,פלפל יבש מתוק תבליני מימון 150 גרם,א.ל.ייצור ושיווק תבלינים בעמ,,פלפל יבש מתוק 150 ג,גרמים,150.00,100 גרם,false,1,16.90,11.27,true,1,
7290010002696,false,אקסטרה צ'יפס אורז חום מלא שמנת בצל 60 גרם,א.ל ייצור ושיווק תבלינים בעמ,BG,אקסטרה ציפס אורז חום,גרמים,60.00,100 גרם,false,1,6.90,11.50,true,1,
7290010002726,false,תבלין לפרגיות תבליני מימון 100 גרם.,א.ל. ייצור ושיווק תבלינים בע`מ,,תבלין לפרגיות 100 גר,גרמים,100.00,100 גרם,false,1,11.40,11.40,true,1,
7290010003051,false,פפריקה הונגרית מתוקה תבליני מימון 400 גרם,א.ל. ייצור ושיווק תבלינים בע`מ,,פפריקה הונגרית מתוקה,גרמים,400.00,100 גרם,false,1,26.90,6.73,true,1,
7290010003686,false,עלי דפנה שקית תבליני מימון (20 גרם),א.ל. ייצור ושיווק תבלינים בע`מ,,עלי דפנה 20 גרם שקית,Unknown,0.00,Unknown,false,1,6.50,6.50,true,1,
7290010003693,false,פפריקה מתוקה בשקית תבליני מימון 80 גרם,א.ל. ייצור ושיווק תבלינים בע`מ,,פפריקה מתוקה 80 גרם,Unknown,0.00,Unknown,false,1,6.50,6.50,true,1,
7290010003709,false,פלפל שחור טחון בשקית תבליני מימון 50 גרם,א.ל. ייצור ושיווק תבלינים בע`מ,,פלפל שחור טחון 50 גר,Unknown,0.00,Unknown,false,1,7.90,7.90,true,1,
7290010003754,false,כמון טחון בשקית תבליני תבליני מימון 50 גרם,א.ל. ייצור ושיווק תבלינים בע`מ,,כמון טחון 50 גרם,Unknown,0.00,Unknown,false,1,6.50,6.50,true,1,
7290010003761,false,כורכום טחון בשקית תבליני מימון 80 גרם,א.ל. ייצור ושיווק תבלינים בע`מ,,כורכום טחון 80 שקית,Unknown,0.00,Unknown,false,1,6.50,6.50,true,1,
7290010003778,false,תיבול לגריל עוף בשקית תבליני מימון 80 גרם,א.ל. ייצור ושיווק תבלינים בע`מ,,תיבול לגריל עוף שקי,Unknown,0.00,Unknown,false,1,6.50,6.50,true,1,
7290010003792,false,מלח לימון בשקית תבליני מימון 100 גרם,א.ל. ייצור ושיווק תבלינים בע`מ,,מלח לימון שקית 100 ג,גרמים,100.00,100 גרם,false,1,6.50,6.50,true,1,
7290010003808,false,זעתר ושומשום בשקית תבליני מימון (80 גרם),א.ל. ייצור ושיווק תבלינים בע`מ,,זעתר ושומשום 80 גרם,Unknown,0.00,Unknown,false,1,6.50,6.50,true,1,
7290010003822,false,פפריקה חריפה בשקית תבליני מימון (80 גרם),א.ל. ייצור ושיווק תבלינים בע`מ,,פפריקה חריפה 80 גרם,Unknown,0.00,Unknown,false,1,6.50,6.50,true,1,
7290010003839,false,קינמון טחון בשקית תבליני מימון 80 גרם,א.ל. ייצור ושיווק תבלינים בע`מ,,שקיות תבלינים שונים,Unknown,0.00,Unknown,false,1,6.50,6.50,true,1,
7290010003846,false,אורגנו בשקית תבליני מימון 20 גרם,א.ל. ייצור ושיווק תבלינים בע`מ,,אורגנו 20 גרם שקית,Unknown,0.00,Unknown,false,1,6.50,6.50,true,1,
7290010003990,false,פטרוזיליה בשקית תבליני מימון 20 גרם,א.ל. ייצור ושיווק תבלינים בע`מ,,פטרוזיליה 20 גרם שקי,Unknown,0.00,Unknown,false,1,6.50,6.50,true,1,
7290010023141,false,תה לימונענע הגן הקסום ויסוצקי 25 יחידות,תה ויסוצקי (ישראל) בעמ,,לימונענע 25 שקיקים,Unknown,0.00,Unknown,false,1,18.90,18.90,true,1,
7290010023943,false,חליטה מצמח הרויבוש Red tea בטעם קינמון ווניל,תה ויסוצקי (ישראל)בעמ,,תה רויבוש קינמון וונ,Unknown,0.00,Unknown,false,1,33.90,33.90,true,1,
7290010032167,false,יערת דבש 360 גרם מכוורת צוקרמן,,,יערת דבש 360 גרם מכ,גרמים,360.00,100 גרם,false,1,41.50,11.53,true,1,
7290010032310,false,דבש פרחי בר 500 גרם מכוורת צוקרמן,,,דבש פרחי בר 500 גרם,גרמים,500.00,100 גרם,false,1,31.50,6.30,true,1,
7290010032334,false,דבש זעתר 500 גרם מכוורת צוקרמן,,,דבש זעתר 500 גרם מכו,גרמים,500.00,100 גרם,false,1,31.50,6.30,true,1,
7290010032358,false,דבש דרדר 500 גרם מכוורת צוקרמן,,,דבש דרדר 500 גרם מכו,גרמים,500.00,100 גרם,false,1,31.50,6.30,true,1,
7290010032365,false,דבש שיזף 500 גרם מכוורת צוקרמן,,,דבש שיזף 500 גרם מכו,גרמים,500.00,100 גרם,false,1,31.50,6.30,true,1,
7290010032372,false,דבש אבוקדו 500 גרם מכוורת צוקרמן,,,דבש אבוקדו 500 גרם מ,גרמים,500.00,100 גרם,false,1,31.50,6.30,true,1,
7290010032402,false,"דבש פרחי הדר 1 ק""ג מכוורת צוקרמן",,,"דבש פרחי הדר 1 ק""ג מ",גרמים,1000.00,100 גרם,false,1,55.50,5.55,true,1,
7290010032433,false,"דבש זעתר 1 ק""ג מכוורת צוקרמן",,,"דבש זעתר 1 ק""ג מכוור",קילוגרמים,0.00,"ק""ג",false,1,58.50,58.50,true,1,
7290010032471,false,"דבש אבוקדו 1 ק""ג מכוורת צוקרמן",,,"דבש אבוקדו 1 ק""ג מכו",קילוגרמים,0.00,"ק""ג",false,1,58.50,58.50,true,1,
7290010032709,false,קרם דבש פרחי הדר 400 גרם,,,קרם דבש פרחי הדר 400,גרמים,400.00,100 גרם,false,1,39.90,9.98,true,1,
7290010032723,false,קרם דבש אקליפטוס 400 גרם,,,קרם דבש אקליפטוס 400,גרמים,400.00,100 גרם,false,1,39.90,9.98,true,1,
7290010032730,false,קרם דבש זעתר 400 גרם,,,קרם דבש זעתר 400 גרם,גרמים,400.00,100 גרם,false,1,39.90,9.98,true,1,
7290010045006,false,עוגיות חמאה פריכות לחמי (200 גרם),קונדטוריות לחמי,,עוגיות חמאה פריכות 2,גרמים,200.00,100 גרם,false,1,18.90,9.45,true,1,
7290010045051,false,עוגיות מלבן שקדים לחמי (200 גרם),קונדטוריות לחמי,,עוגיות מלבן שקדים 20,גרמים,200.00,100 גרם,false,1,18.90,9.45,true,1,
7290010045068,false,עוגיות נסיכה לחמי (250 גרם),קונדטוריות לחמי,,עוגיות הנסיכה 250 גר,גרמים,250.00,100 גרם,false,1,18.90,7.56,true,1,
7290010065332,false,מחית תפוח עץ בננה ג'וניור פרינוק 190 גרם,גורי מוצרי צריכה (1991) בעמ,,"פרינוק גוניור תפ""ע+ב",גרמים,190.00,100 גרם,false,1,5.90,3.11,true,1,
7290010066513,false,נתחי טונה בשמן צמחי רביעיה *158ג' פילטונה,תעשיות פילטונה בעמ,,נתחי טונה בשמן צמחי,גרמים,640.00,100 גרם,false,1,22.90,3.58,true,1,
7290010066575,false,נתחי טונה במים רביעיה *158ג' פילטונה,תעשיות פילטונה בעמ,,רביעיית טונה במים,גרמים,640.00,100 גרם,false,1,22.90,3.58,true,1,
7290010066582,false,נתחי טונה בשמן קנולה רביעיה * 158 ג' פילטונה,תעשיות פילטונה בעמ,,נתחי טונה בהירה בשמן,גרמים,640.00,100 גרם,false,1,22.90,3.58,true,1,
7290010066599,false,רביעיית נתחי טונה בשמן זית פילטונה 158X4 גרם,תעשיות פילטונה בעמ,,רביעיית טונה בשמן,גרמים,640.00,100 גרם,false,1,27.90,4.36,true,1,
7290010116980,false,שוקולית אבקה להכנת משקה שוקו שקית 850,הנסיך- מפעל לייצור ט,,שוקולית 850 גרם,גרמים,850.00,100 גרם,false,1,17.90,2.11,true,1,
7290010117864,false,דוריטוס חטיף תירס בטעם חריף אש עלית 70 גרם,"שטראוס פריטו ליי בע""\מ )",IL,דוריטוס חריף אש 70,גרמים,70.00,100 גרם,false,1,3.60,5.14,true,1,
7290010117970,false,סבבה בוטנים קלויים מצופים - אריזה אישית,"שטראוס פריטו ליי בע""מ",,סבבה בוטנים אמריקאים,Unknown,0.00,Unknown,false,1,3.10,3.10,true,1,
7290010124107,false,סטייקבורגר זהב 400 גרם הקצביה בלדי,בלדי בעמ,,סטייק בורגר 400 גרם,גרמים,400.00,100 גרם,false,1,20.90,5.23,true,1,
7290010124190,false,אל מטאדור שניצל בקר מלינסה 250 גרם בלדי,בלדי בעמ,,שניצל בקר מלינסה 250,גרמים,250.00,100 גרם,false,1,14.60,5.84,true,1,
7290010124213,false,אל מטאדור סינטה בקר דק דק 250 גרם בלדי,בלדי בעמ,,סינטה בקר דק דק 250,גרמים,250.00,100 גרם,false,1,20.90,8.36,true,1,
7290010124503,false,שומן כבש מעובד ארוז בלדי 200גר,בלדי בע`מ,,שומן כבש 200 גרם קפו,גרמים,200.00,100 גרם,false,1,13.50,6.75,true,1,
7290010129003,false,עוגיות אוזניים דולצ`ה ויטה 600 גר,שיבולים יצור ושיווק מוצרי מאפה,,עוגיות אוזניים 600 ג,גרמים,600.00,100 גרם,false,1,19.40,3.23,true,1,
7290010129010,false,עוגיות כתר ריבה דולצ`ה ויטה (600 גרם),שיבולים יצור ושיווק מוצרי מאפה,,עוגיות ריבה 600 גרם,גרמים,600.00,100 גרם,false,1,19.40,3.23,true,1,
7290010129027,false,עוגיות מרוקאיות דולצ`ה ויטה (600 גרם),שיבולים יצור ושיווק מוצרי מאפה,,עוגיות מרוקאיות 600,גרמים,600.00,100 גרם,false,1,19.40,3.23,true,1,
7290010129324,false,עוגיות מעמול דולצה ויטה 600 גר,שיבולים יצור ושיווק מוצרי מאפה,,עוגיות מעמול 600 גר,גרמים,600.00,100 גרם,false,1,19.40,3.23,true,1,
7290010129348,false,עוגיות שוקולד דולצ`ה ויטה (600 גרם),שיבולים יצור ושיווק מוצרי מאפה,,עוגיות שוקולד 600 גר,גרמים,600.00,100 גרם,false,1,19.40,3.23,true,1,
7290010129676,false,עוגיות מרוקאיות ארוך 350 גרם,שיבולים יצור ושיווק מוצרי מאפה,,עוגיות מרוקאיות ארוך,גרמים,350.00,100 גרם,false,1,18.50,5.29,true,1,
7290010129942,false,עוגיות שמרים 500 גרם דולצה ויטה,שיבולים יצור ושיווק מוצרי מאפה,,עוגיות שמרים 500 גרם,גרמים,500.00,100 גרם,false,1,18.50,3.70,true,1,
7290010129959,false,עוגיות שמרים 400 גרם דולצה ויטה,שיבולים יצור ושיווק מוצרי מאפה,,עוגיות שמרים 400 גרם,גרמים,400.00,100 גרם,false,1,18.50,4.63,true,1,
7290010154005,false,סחוג תימני תבליני ביטון יוחאי (250 גרם),תבליני יוחאי ביטון,,סחוג תימני 250 גרם,גרמים,250.00,100 גרם,false,1,15.60,6.24,true,1,
7290010154012,false,לימון בלאדי תבליני ביטון יוחאי (250 גרם),נטו מלינדה סחר בע`מ,,לימון כבוש 250 גרם,גרמים,250.00,100 גרם,false,1,15.60,6.24,true,1,
7290010154029,false,אריסה מתוקה תבליני ביטון יוחאי (250 גרם),תבליני ביטון יוחאי,,אריסה מתוקה 250 גר,גרמים,250.00,100 גרם,false,1,15.60,6.24,true,1,
7290010154036,false,עמבה תבליני ביטון יוחאי (250 גרם),נטו מילנדה סחר בעמ*,,עמבה 250 גר,גרמים,250.00,100 גרם,false,1,15.60,6.24,true,1,
7290010154241,false,סלט חזרת ביתית תבליני ביטון יוחאי (250 ג,נטו מלינדה סחר בע`מ,,סלט חזרת 250 גר,גרמים,250.00,100 גרם,false,1,15.60,6.24,true,1,
7290010154265,false,פלפל צ`ומה תבליני ביטון יוחאי (250 גרם),תבליני יוחאי ביטון,,פלפל צומה 250 גר,גרמים,250.00,100 גרם,false,1,15.60,6.24,true,1,
7290010154418,false,סחוג אדום תבליני ביטון 130 גרם,תבליני יוחאי ביטון,,סחוג אדום 120 גר,גרמים,120.00,100 גרם,false,1,10.90,9.08,true,1,
7290010154425,false,סחוג ירוק תבליני ביטון 130 גרם,תבליני ביטון יוחאי,,סחוג ירוק 120 גר,גרמים,120.00,100 גרם,false,1,10.90,9.08,true,1,
7290010154548,false,ממרח שום טבעי יוחאי ביטון 235 גרם,נטו מילנדה סחר בעמ*,,ממרח שום טבעי 250 גר,גרמים,250.00,100 גרם,false,1,15.60,6.24,true,1,
7290010154555,false,ממרח לימון כבוש 250 גר' מעדני ביטון!,נטו מילנדה סחר בעמ*,,ממרח לימון כבוש 250,גרמים,250.00,100 גרם,false,1,15.60,6.24,true,1,
7290010154678,false,אריסה מרוקאית תבליני ביטון 250 גרם,תבליני יוחאי ביטון,,אריסה מרוקאית 250 גר,גרמים,250.00,100 גרם,false,1,15.60,6.24,true,1,
7290010154685,false,סלט שום כתוש 250 ג' ביטון יוחאי,תבליני ביטון יוחאי,,סלט שום כתוש 250 גר,גרמים,250.00,100 גרם,false,1,15.60,6.24,true,1,
7290010154692,false,סחוג אדום יוחאי ביטון 250 גרם,תבליני יוחאי ביטון,,סחוג אדום 250 גר,גרמים,250.00,100 גרם,false,1,15.60,6.24,true,1,
7290010161669,false,"אדם פריימר דאורדורנט ספריי לגבר 200 מ""",ש. שסטוביץ בע`מ,,אדם דאו ספריי לגבר פ,יחידה,1.00,יחידה,false,1,15.90,15.90,true,1,
7290010163069,false,צנובר 100 גרם שקית שקדיה,דין שיווק וקליה 2021 בעמ,,צנובר 100 גרם ששון ו,גרמים,100.00,100 גרם,false,1,28.90,28.90,true,1,
7290010173174,false,יין אדום יבש אלון יקב הרי גליל 750 מל,היכל היין שקד גולן בעמ,,"יין אלון 2019 750 מ""",Unknown,0.00,Unknown,false,1,49.90,49.90,true,1,
7290010173181,false,גליל אלה יין אדום יקב הרי גליל (750 מל),היכל היין שקד גולן בעמ,,יין אלה הרי גליל 75,Unknown,0.00,Unknown,false,1,62.90,62.90,true,1,
7290010188925,false,סט 4 חל סוטז 28סמ +,,,סט 4 חל סוטז 28סמ +,Unknown,0.00,Unknown,false,1,449.00,449.00,true,1,
7290010195268,false,פופקורן פופסטאר חמישייה מופחת שומן טבעי,דנשר (1963) בעמ,,פופקורן פופסטאר מופח,גרמים,425.00,100 גרם,false,1,12.90,3.04,true,1,
7290010195275,false,פופ סטאר גרעיני תירס להכנת פופקורן במיקרוגל בטעם חמאה מופחת שומן 425 גרם,דנשר (1963) בעמ,,פופקורן פופסטאר מופח,גרמים,425.00,100 גרם,false,1,12.90,3.04,true,1,
7290010199891,false,"סטייל - סבון ידיים אדום 500 מ""ל משאבה - מרכז",דולפין ספא,,אל סבון ארומטי סטייל,מיליליטרים,500.00,"100 מ""ל",false,1,8.90,1.78,true,1,
7290010207886,false,"מגנוקס תוסף מגנזיום במינון 520 מ""ג",נאופארם,,מגנוקס,Unknown,0.00,Unknown,false,1,69.90,69.90,true,1,
7290010237548,false,"פפסי מקס דל קלוריות 500 מ""ל בקבוק",טמפו משקאות בע`מ,,פפסי מקס דל קלוריות,מיליליטרים,500.00,"100 מ""ל",false,1,4.10,0.82,true,1,
7290010237685,false,"הייניקן בירה צואר ארוך 330מ""ל",טמפו משקאות בע''מ,,"בירה הייניקן 330 מ""ל",מיליליטרים,330.00,"100 מ""ל",false,1,9.90,3.00,true,1,
7290010237890,false,"בירה הייניקן בקבוק 500 מ""ל חוזר",טמפו משקאות בע''מ,,"בירה היינקן 500 מ""ל",מיליליטרים,500.00,"100 מ""ל",false,1,8.90,1.78,true,1,
7290010259359,false,וילי פוד נודלס אטר.ביצים להקפצה בדץ 200ג,ג.וילי פוד אינטרנשיונל בעמ,,אטריות להקפצה רחבות,גרמים,200.00,100 גרם,false,0,4.50,2.25,true,1,
7290010259366,false,וילי פוד נודלס אטר.ביצים מסולסל בדץ 200ג,ג. וילי-פוד אינטרנשיונל בע`מ,,אטריות להקפצה מסולסל,גרמים,200.00,100 גרם,false,1,4.50,2.25,true,1,
7290010259977,false,שמן קנולה מזוכך ויליפוד 1 ליטר,ג.וילי-פוד אינטרנשיונל ***שמן,,שמן קנולה וילי פוד 1,מיליליטרים,1000.00,"100 מ""ל",false,1,10.90,1.09,true,1,
7290010259991,false,צנימים מיוחדים בטעם טבעי 250 ג',ג. וילי-פוד אינטרנשיונל בע`מ,GR,צנימים וילי פוד 250,גרמים,250.00,100 גרם,false,1,8.30,3.32,true,1,
7290010279227,false,זיקוק 15 סמ 80 בקרטון 6 יחידות,שמחה זה אנחנו בע`מ,,"זיקוק 15 ס""מ 6 יח",Unknown,0.00,Unknown,false,1,26.50,26.50,true,1,
7290010294596,false,פלסטר פלוס קידס,,,פלסטר פלוס קידס,Unknown,0.00,Unknown,false,1,19.90,19.90,true,1,
7290010296705,false,ממרח חרדל 150 גרם,,,ממרח חרדל 150 גרם,גרמים,150.00,100 גרם,false,1,8.90,5.93,true,1,
7290010296712,false,ממרח חזרת 150 גרם,,IL,ממרח חזרת 150 גרם,גרמים,150.00,100 גרם,false,1,8.90,5.93,true,1,
7290010298945,false,"טומאסי ריפאסו דל וולפוליצלה 750 מ""ל",,,טומאסי ריפאסו דל וול,Unknown,0.00,Unknown,false,1,104.90,104.90,true,1,
7290010300075,false,שמרים נמסים בקופסא 33 גרם,ר.ס.,,שמרים נמסים בקופסא 3,גרמים,33.00,100 גרם,false,1,6.90,20.91,true,1,
7290010304738,false,טחינה מעודנת ללא מלח טבעוני 500 גרם,,IL,טחינה מעודנת ללא מלח,גרמים,500.00,100 גרם,false,1,14.90,2.98,true,1,
7290010318636,false,אלטמן - אלספה אומגה 3 כמוסות רכות 210 יח',אלטמן,,אלספה 210,Unknown,0.00,Unknown,false,1,76.90,76.90,true,1,
7290010328093,false,ממרח חלווה אחווה 400 ג' מהדרין,אחדות ביחר לטחינה חל,IL,ממרח חלבה 400 גרם,גרמים,400.00,100 גרם,false,1,13.90,3.48,true,1,
7290010328246,false,טחינה גולמית משומשום מלא אחווה 500 גרם,אחדות ביתחרושת לטחינה חלבה,,אחווה טחינה משומשום,גרמים,500.00,100 גרם,false,1,14.60,2.92,true,1,
7290010328253,false,טחינה גולמית משומשום טבעי אחווה 500 גרם,אחדות ביתחרושת לטחינה חלבה,,אחווה טחינה משומשום,גרמים,500.00,100 גרם,false,1,14.60,2.92,true,1,
7290010328468,false,מארז מיני חלווה אחוה בטעמים 18 יחידות 216 גרם,אחדות ביחר לטחינה חל,,אחווה חטיפי מיני חלו,גרמים,250.00,100 גרם,false,1,12.50,5.00,true,1,
7290010328505,false,"מארז מיני חלווה 15 יחידות לל""ס אחוה 150 גרם",אחדות ביחר לטחינה חל,,אחווה חטיפי מיני חלו,גרמים,250.00,100 גרם,false,1,12.50,5.00,true,1,
7290010328727,false,ממרח טחינה עם שוקולד אחווה 400 גרם,אחדות ביחר לטחינה חל,IL,ממרח טחינה עם שוקולד,גרמים,400.00,100 גרם,false,1,13.90,3.48,true,1,
7290010328734,false,ממרח טחינה עם סילאן משומשום מלא,אחדות ביחר לטחינה חל,IL,ממרח טחינה עם סילאן,גרמים,400.00,100 גרם,false,1,13.90,3.48,true,1,
7290010328819,false,"ממרח טחינה עם שוקולד לל""ס 400 ג' אחדות!.",אחדות ביחר לטחינה חל,IL,ממרח טחינה עם שוקולד,גרמים,400.00,100 גרם,false,1,13.90,3.48,true,1,
7290010362189,false,DE TOX MIX,,,DE TOX MIX,Unknown,0.00,Unknown,false,1,139.90,139.90,true,1,
7290010367009,false,שמנת חמוצה 15% 500 ג,,,שמנת גביע 500 גר,גרמים,500.00,100 גרם,false,1,13.90,2.78,true,1,
7290010417162,false,יין גמלא ריזלינג לבן 750 מל,יקבי רמת הגולן קצרין,,יין גמלא ריזלינג לבן,Unknown,0.00,Unknown,false,1,59.90,59.90,true,1,
7290010429554,false,"שמן זית כתית מעולה יד מרדכי 2 קלאסי, 750 מ""ל",מכוורת יד מרדכי שטראוס ב,,שמן זית כתית מעולה 2,מיליליטרים,750.00,"100 מ""ל",false,1,33.90,4.52,true,1,
7290010454228,false,מפיות תבליט מהודרות,,,מפיות תבליט מהודרות,Unknown,0.00,Unknown,false,1,14.90,14.90,true,1,
7290010454662,false,"נרות מטאליים 210 מ""מ",", ,",,"נרות מטאליים 210 מ""מ",Unknown,0.00,Unknown,false,1,5.50,5.50,true,1,
7290010454686,false,"נרות בגימור מבריק 210 מ""מ",,,נרות בגימור מבריק 21,Unknown,0.00,Unknown,false,1,4.00,4.00,true,1,
7290010471669,false,יוגורט תות עם קורנפלקס מצופה שוקולד ללא גלוטן 3.9%,שטראוס גרופ בעמ/מצונן,,דנונה בר תות קורנפלק,גרמים,175.00,100 גרם,false,1,4.60,2.63,true,1,
7290010472307,false,"שמיניית משקה גמדים תות בננה דיסני 108 מ""ל",שטראוס גרופ בעמ/מצונן,,מארז 8 גמדים שתיה,גרמים,800.00,100 גרם,false,1,21.50,2.69,true,1,
7290010472390,false,מארז 8 יחידות מעדן דני בטעם שוקולד 1.5%,שטראוס גרופ בעמ/מצונן,,מארז 8 דני שוקולד,גרמים,1000.00,100 גרם,false,1,18.10,1.81,true,1,
7290010502202,false,"קפה טורקי פרימיום וואקום 1 ק""ג",ר.ס חברה ליבוא ויצור,,קפה טורקי וואקום 1 ק,גרמים,1000.00,100 גרם,false,1,43.90,4.39,true,1,
7290010513703,false,4079400330129צ`ופסטיקס צפצפה 20 יח,מזרח ומערב יבוא ושיווק,,צופסטיקס 20 יח חד פע,Unknown,0.00,Unknown,false,1,7.30,7.30,true,1,
7290010513727,false,פנקו פרורי לחם 200 גרם (קינגדאו),מזרח ומערב יבוא ושיווק,,פירורי לחם קינגדאו פ,גרמים,200.00,100 גרם,false,1,7.90,3.95,true,1,
7290010546053,false,מנדל גרנולה בריאות קלויה ללא סוכר 400 גר,גורי מוצרי צריכה (1991) בעמ,,"גרנולה ללת""ס",גרמים,400.00,100 גרם,false,1,20.80,5.20,true,1,
7290010546152,false,גרנולה קלויה בתוספת אגוזים ותמרים 400 ג',גורי מוצרי צריכה (1991) בעמ,,מנדל גרנולה תמרים 4,גרמים,400.00,100 גרם,false,1,20.80,5.20,true,1,
7290010546558,false,גרנולה חלבה תמרים מנדל 400 גר,מנדל טי אמ סחר,,גרנולה חלבה תמרים מנ,גרמים,400.00,100 גרם,false,1,20.80,5.20,true,1,
7290010561032,false,"ברילי ת. להכנת פנקייק EXTRA ויטמינים ומינרלים 400 ג' לל""ג",י.איטליאנו אחזקות בעמ,,ברילי תערובת פנקייק,גרמים,400.00,100 גרם,false,1,17.90,4.48,true,1,
7290010561360,false,ברילי באגט EXTRA קמח טף 360 גרם,ברילי Barili,IL,ברילי באגט EXTRA קמח,גרמים,360.00,100 גרם,false,1,17.90,4.97,true,1,
7290010561407,false,ברילי לחם פרוס EXTRA ויטמינים ומינרלים 500 ג',י.איטליאנו אחזקות בעמ,IL,ברילי לחם פרוס EXTRA,גרמים,500.00,100 גרם,false,1,19.90,3.98,true,1,
7290010561414,false,עוגיות במילוי תמרים 300 גר ללא גלוטן,אשבל מזון פונקציונלי,IL,ברילי לחם קל EXTRA,גרמים,500.00,100 גרם,false,1,22.90,4.58,true,1,
7290010561445,false,עוגיות שוקוצ'יפס 180 גרם,י.איטליאנו אחזקות בעמ,IL,ברילי פיתות 420 גרם,גרמים,420.00,100 גרם,false,1,19.90,4.74,true,1,
7290010561643,false,ברילי פירורי לחם 250 ג' ללא גלוטן,י.איטליאנו אחזקות בעמ,IL,"ברילי פירורי לחם לל""",גרמים,250.00,100 גרם,false,1,17.90,7.16,true,1,
7290010561698,false,ברילי כמו סוכר קיטו 500 גרם,אשבל מזון פונקציונלי בע\,,ברילי כמו סוכר קיטו,גרמים,500.00,100 גרם,false,1,45.90,9.18,true,1,
7290010561711,false,ברילי שייק קפה קיטו 30 גרם,אשבל,,ברילי שייק קפה קיטו,גרמים,30.00,100 גרם,false,1,11.90,39.67,true,1,
7290010561728,false,אבקה להכנת משקה שוקו 40,אשבל,,ברילי שוקו קיטו 40 ג,גרמים,40.00,100 גרם,false,1,11.90,29.75,true,1,
7290010561964,false,"ג'בטה קמח טף ""ברילי"" 380 גרם ללא גלוטן",אשבל מזון פונקציונלי,IL,ברילי גבטה EXTRA קמח,גרמים,380.00,100 גרם,false,1,19.90,5.24,true,1,
7290010582037,false,פלפלון סוויט בייט יחידה,חקלאי,,חטיף פלפלון,Unknown,0.00,Unknown,false,1,9.90,9.90,true,1,
7290010587438,false,"יין בלק טוליפ 750 מ""ל",יקב טוליפ,,"יין בלק טוליפ 750 מ""",Unknown,0.00,Unknown,false,1,219.90,219.90,true,1,
7290010587476,false,"יין טוליפ מרלו 750 מ""ל",מיוצר וממולא על ידי יקב,,יין טוליפ מרלו 750 מ,מיליליטרים,750.00,"100 מ""ל",false,1,81.90,10.92,true,1,
7290010613021,false,"ג`ל ניקוי אסלות בתוספת חטמץ 750מ""ל טאצ",סאסאטק אגשח בעמ,,גל אסלות בתוספת חומץ,Unknown,0.00,Unknown,false,1,10.90,10.90,true,1,
7290010613519,false,דלי מטליות לניקוי וחיטוי בניחוח מלון בוטיק טאצ' 400 מט',סאסאטק אגשח בעמ,,דלי מטליות לניקוי בנ,Unknown,0.00,Unknown,false,1,25.90,25.90,true,1,
7290010613526,false,טאצ' דלי מטליות לחות לניקוי וחיטוי בתוספת חומץ 250 יח',סאסאטק אגשח בעמ,,דלי מטליות לניקוי וח,Unknown,0.00,Unknown,false,6,19.90,19.90,true,1,
7290010627004,false,טחינה גולמית מסורתית ירושלים 500 ג',תה ויסוצקי (ישראל) בעמ,,טחינה ירושלים 500 גר,גרמים,500.00,100 גרם,false,1,15.90,3.18,true,1,
7290010627844,false,טחינה גולמית שומשום מלא ירושלים 500גרם,תה ויסוצקי (ישראל) בעמ,,טחינה ירושלים מלא 50,גרמים,500.00,100 גרם,false,1,15.90,3.18,true,1,
7290010650019,false,אנדיב בלגי אמיתי חוות תקוע,חוות פטריות תקוע בעמ*קונסיגנצי,,אנדי בלגי,Unknown,0.00,Unknown,false,1,14.90,14.90,true,1,
7290010650033,false,בצלצלי שלוט מגשית 350 גר,ביכורי השדה צפון 1994 ג.ד. בעמ,,בצלצלי שאלוט,Unknown,0.00,Unknown,false,1,12.90,12.90,true,1,
7290010650040,false,פטריות שיטאקי חוות תקוע,ביכורי שדה דרום 2002,,פטריות שיטאקה טריות,Unknown,0.00,Unknown,false,1,15.90,15.90,true,1,
7290010650064,false,פטריות יער מיובשות חוות תקוע 25 גרם,ביכורי השדה צפון 1994 ג.ד. בעמ,,פטריות יער יבשות,Unknown,0.00,Unknown,false,1,12.90,12.90,true,1,
7290010650088,false,פטריות שמפיניון מיובשות 25 גרם,ביכורי השדה הצפון בעמ` 1964,,פטריות שמפניון יבשות,Unknown,0.00,Unknown,false,1,9.90,9.90,true,1,
7290010650101,false,עגבניות מיובשות חוות תקוע 100 גרם,חוות פטריות תקוע,,עגבניות מיובשות,Unknown,0.00,Unknown,false,1,9.90,9.90,true,1,
7290010650194,false,זנגוויל (ג'ינג'ר)ארוז מגשית,"פסח בא בע""מ",,גינגר במגש,גרמים,100.00,100 גרם,false,1,12.90,12.90,true,1,
7290010650231,false,פטריות מאיטקי מיובשו,חוות פטריות תקוע,,מאי טאקי מיובש,Unknown,0.00,Unknown,false,1,12.90,12.90,true,1,
7290010650255,false,לקט פטריות למרק חוות תקוע 25 גרם,חוות פטריות תקוע,,לקט פיטריות למרק,Unknown,0.00,Unknown,false,1,17.90,17.90,true,1,
7290010650279,false,לקט פטריות מיובשות לפסטה,ביכורי השדה צפון 1994 ג.ד. בעמ,,לקט פטריות לפסטה,ליטרים,0.00,ליטר,false,1,17.90,17.90,true,1,
7290010650286,false,בייבי ברוקולי חוות תקוע,חוות פטריות תקוע בעמ*קונסיגנצי,,ברוקולי,Unknown,0.00,Unknown,false,1,14.90,14.90,true,1,
7290010650293,false,בצלצלי שאלוט מקולף ת,תקוע,,בצל שלות מקולף 250 ג,גרמים,250.00,100 גרם,false,1,18.90,7.56,true,1,
7290010650354,false,שורש כורכום טרי חוות תקוע 120 גרם,ביכורי השדה צפון 1994 ג.ד. בעמ,,שורש כורכום טרי 120,גרמים,120.00,100 גרם,false,1,19.90,16.58,true,1,
7290010650385,false,למון ליים אמיתי תקוע,פסטה נונה,,למון ליים,Unknown,0.00,Unknown,false,1,14.90,14.90,true,1,
7290010650538,false,תירס סופר מתוק חוות תקוע,,,תירס מתוק ארוז,Unknown,0.00,Unknown,false,1,14.90,14.90,true,1,
7290010650576,false,פטריות שנוקי טרי ארו,חוות פטריות תקוע,,פטריות שינוקי 100 גר,גרמים,100.00,100 גרם,false,1,19.99,19.99,true,1,
7290010650668,false,למון גראס -חוות תקוע,ביכורי השקמה,,גבעול למון גראס,Unknown,0.00,Unknown,false,1,13.90,13.90,true,1,
7290010650767,false,אנדיב אדום 220 גרם,פמילי,,אנדיב אדום,Unknown,0.00,Unknown,false,1,14.90,14.90,true,1,
7290010650828,false,פטריות שימג'י חוות תקוע 150 גרם,ביכורי השדה צפון 1994 ג.ד. בעמ,,פיטריות שי מגי,Unknown,0.00,Unknown,false,1,16.90,16.90,true,1,
7290010650996,false,"פטריות שי מג'י חומות, 150 גרם חוות תקוע",ביכורי השדה צפון 1994 ג.ד. בעמ,,פטריות שימגי חום,Unknown,0.00,Unknown,false,1,12.90,12.90,true,1,
7290010657698,false,פילה מקרל פלפל חריף 125 ג קזבלנקה,יוניון דה פחריס,,פילה מקרל פלפל חריף,גרמים,125.00,100 גרם,false,1,11.90,9.52,true,1,
7290010657704,false,פילה מקרל בשמן זית 125 ג קזבלנקה,יוניון דה פחריס,,פילה מקרל בשמן זית 1,גרמים,125.00,100 גרם,false,1,12.90,10.32,true,1,
7290010676446,false,"פילה דג בסה מעובד קפוא 1 ק""ג",,,פילה דג בסה קפוא,קילוגרמים,0.00,"ק""ג",false,1,29.90,29.90,true,1,
7290010700806,false,אסטרגלוס 60 כמוסות N,,,אסטרגלוס 60 כמוסות N,Unknown,0.00,Unknown,false,1,52.90,52.90,true,1,
7290010701131,false,גפילטע פיש 450 גר,,,גפילטע פיש 450 גר,גרמים,450.00,100 גרם,false,1,26.90,5.98,true,1,
7290010701315,false,טושונקה הודו 340 גרם,,,טושונקה הודו 340 גרם,גרמים,340.00,100 גרם,false,1,21.90,6.44,true,1,
7290010701353,false,רגל קרושה 400 גר,,,רגל קרושה 400 גר,גרמים,400.00,100 גרם,false,1,27.90,6.98,true,1,
7290010701360,false,עוף קרוש 400 גר,,,עוף קרוש 400 גר,גרמים,400.00,100 גרם,false,1,27.90,6.98,true,1,
7290010701377,false,לשון בקר בגל 400 גר,,,לשון בקר 400 גר,גרמים,400.00,100 גרם,false,1,27.90,6.98,true,1,
7290010701384,false,רגל קרושה מעורבת 400 גר,,,רגל קרושה מעורבת 400,גרמים,400.00,100 גרם,false,1,27.90,6.98,true,1,
7290010701391,false,ממרח כבד בקר 225 גרם,,IL,ממרח כבד בקר 225 גרם,גרמים,225.00,100 גרם,false,1,17.90,7.96,true,1,
7290010701407,false,ממרח כבד עוף 225 גרם,,IL,ממרח כבד עוף 225 גרם,גרמים,225.00,100 גרם,false,1,17.90,7.96,true,1,
7290010701414,false,פטה סלמון 200 גרם,,IL,פטה סלמון 200 גרם,גרמים,200.00,100 גרם,false,1,19.90,9.95,true,1,
7290010701599,false,טושטונקה לבן 340 גרם,VELES,,טושונקה לבן 340 גרם,גרמים,340.00,100 גרם,false,1,21.90,6.44,true,1,
7290010701605,false,טושונקה בשר בקר 340,VELES,,טושונקה בקר 340 גרם,גרמים,340.00,100 גרם,false,1,21.90,6.44,true,1,
7290010701612,false,קורקבו עוף בגל 500 גרם,מעדני מניה תעשיות בש,,קורקבן עוף בגל 500 ג,גרמים,500.00,100 גרם,false,0,19.90,3.98,true,1,
7290010701636,false,ממרח כבד עוף נקניק 200 גרם,,,ממרח כבד עוף נקניק 2,גרמים,200.00,100 גרם,false,1,12.90,6.45,true,1,
7290010701735,false,קציצות ביתיות 350 גרם,,IL,קציצות ביתיות 350 גר,גרמים,350.00,100 גרם,false,1,18.90,5.40,true,1,
7290010701803,false,לשון בקר במשקל,,IL,לשון בקר במשקל,Unknown,0.00,"ק""ג",true,0,85.00,85.00,true,1,
7290010701902,false,ממרח כבד בקר נקניק 200 גר,,IL,ממרח כבד בקר נקניק,גרמים,200.00,100 גרם,false,1,12.90,6.45,true,1,
7290010701919,false,פטה כבד צרפתי ביין לבן 180 גר,,,פטה כבד צרפתי ביין ל,גרמים,180.00,100 גרם,false,1,22.90,12.72,true,1,
7290010702671,false,תרסיס לגרון 30 מל,,,תרסיס לגרון 30 מל,Unknown,0.00,Unknown,false,1,39.90,39.90,true,1,
7290010711956,false,זוג מגבות מיקרופייבר,,,מיקרופייבר זוג מגבות,Unknown,0.00,Unknown,false,1,14.50,14.50,true,1,
7290010766185,false,רוטב לפסטה עגבניות ובזיליקום אוליביה 420 גרם,תה ויסוצקי בע`מ,,רוטב פסטה עגבניות בז,גרמים,420.00,100 גרם,false,1,14.60,3.48,true,1,
7290010766697,false,אוליביה רוטב שקשוקה אוליביה (415 גרם),תה ויסוצקי (ישראל) בעמ,,רוטב שקשוקה אוליביה,גרמים,415.00,100 גרם,false,1,14.60,3.52,true,1,
7290010766734,false,רוטב פיצה אוליביה אסם 430 ג',תה ויסוצקי (ישראל) בעמ,,רוטב פיצה אוליביה,גרמים,415.00,100 גרם,false,1,14.60,3.52,true,1,
7290010766949,false,ממרח תחתיות ארטישוק 180ג' אוליביה,תה ויסוצקי (ישראל)בעמ,,ממרח ארטישוק אוליביה,גרמים,190.00,100 גרם,false,1,13.90,7.32,true,1,
7290010766956,false,ממרח פלפלים מתוקים אדומים אוליביה 180 גרם,תה ויסוצקי (ישראל)בעמ,,ממרח פלפ גמבה,גרמים,190.00,100 גרם,false,1,13.90,7.32,true,1,
7290010777006,false,מארז לחמניות כוסמין 360 גרם,,IL,מארז לחמניות כוסמים,גרמים,360.00,100 גרם,false,1,15.90,4.42,true,1,
7290010777051,false,מארז לחמניות המבורגר 5 יח,שי שאשא,,מארז לחמניות המבורגר,Unknown,0.00,Unknown,false,1,14.90,14.90,true,1,
7290010777068,false,מארז לחמניות מתוקות/קלועות 5 יח,,,מארז לחמניות מתוקות/,Unknown,0.00,Unknown,false,1,14.90,14.90,true,1,
7290010777136,false,לחמנייה שמיניה 5 יח,,,לחמניה קלועה 5 יח,Unknown,0.00,Unknown,false,1,13.90,13.90,true,1,
7290010777150,false,שמניית פיתה בריבוע מחיטה מלאה פיתה אקספרס,מגוון שיווק והפצת מאפים בעמ,,פיתה בריבוע חיטה מלא,Unknown,0.00,Unknown,false,1,16.90,16.90,true,1,
7290010777297,false,פיתות עבודת יד10 יח'/ פיתה ביס לבן 12 יח',מגוון שיווק והפצת מאפים בעמ,,פיתה ביס לבן,גרמים,500.00,100 גרם,false,1,16.90,3.38,true,1,
7290010777358,false,מארז שמיניית פיתות 100% כוסמין מלא,מגוון שיווק והפצת מאפים בעמ,,מארז שמיניית פיתות 1,גרמים,400.00,100 גרם,false,1,16.90,4.23,true,1,
7290010777488,false,ביס מקמח מלא מחמצת 99 קלוריות 10 יח`,מגוון שיווק והפצת מאפים בעמ,IL,מארז פיתות 100% מחמצ,גרמים,500.00,100 גרם,false,1,17.90,3.58,true,1,
7290010777525,false,מארז שישייה פיתות כוסמין פיתה אקספרס,מגוון שיווק והפצת מאפים בעמ,,מארז פיתות כוסמין 6,Unknown,0.00,Unknown,false,1,18.90,18.90,true,1,
7290010838219,false,ממתיק על בסיס צמח הסטיביה - שקיות,"קיפל טבליות וממתיקים בע""מ",,סטיביה 100 שקיות 100,גרמים,100.00,100 גרם,false,1,29.90,29.90,true,1,
7290010838424,false,ג'ל לניקוי מתקדם בניחוח רענן - מארז זוג,"איטיליאן פוד, אס.פי.",,טואלט דאק נוזל אסלה,ליטרים,0.00,ליטר,false,1,27.50,27.50,true,1,
7290010838431,false,ג'ל לניקוי מתקדם בניחוח ים - מארז זוג,מיוצר עי קונדיטוריית,,טואלט דאק נוזל אסלה,ליטרים,0.00,ליטר,false,1,27.50,27.50,true,1,
7290010880003,false,"ליקר שוקולד מריר 500 מ""ל יקב לביא","יקב לביא, גוש עציון",,ליקר שוקולד מריר 500,מיליליטרים,500.00,"100 מ""ל",false,1,74.90,14.98,true,1,
7290010882632,false,"ליקר אספרסו 500 מ""ל יקב לביא","יקב לביא, גוש עציון",,"ליקר אספרסו 500 מ""ל",מיליליטרים,500.00,"100 מ""ל",false,1,74.90,14.98,true,1,
7290010883356,false,כפפות אלוורה רב שימושיות גדולות L סנו סושי,החברה הדרומית לשיווק בעמ,,כפפות אלוורה סנו סוש,Unknown,0.00,Unknown,false,1,11.40,11.40,true,1,
7290010883363,false,כפפות אלוורה רב שימושיות קטנות S סנו סושי,החברה הדרומית לשיווק בעמ,,כפפות אלוורה סנו סוש,Unknown,0.00,Unknown,false,1,11.40,11.40,true,1,
7290010888160,false,"יקב רמת נגב מרלו קדש ברנע 750 מ""ל",,,יקב רמת נגב מרלו קדש,Unknown,0.00,Unknown,false,1,67.90,67.90,true,1,
7290010888238,false,"יקב רמת נגב, מלבק קדש ברנע 750 מ""ל",,,"יקב רמת נגב, מלבק קד",Unknown,0.00,Unknown,false,1,67.90,67.90,true,1,
7290010922017,false,"אננס קפוא 250 גרם - Shake It - בד""ץ עדה חרדית","הבו-קדו בע""\מn\",IL,אננס קפוא Shake It 2,גרמים,250.00,100 גרם,false,1,10.90,4.36,true,1,
7290010922055,false,"ליצ'י קפוא 250 גרם - Shake It - בד""ץ עדה חרדית","הבו-קדו בע""\מn\",IL,ליצי קפוא Shake It 2,גרמים,250.00,100 גרם,false,1,10.90,4.36,true,1,
7290010922819,false,"מלון 250 גרם - Shake It - בד""ץ עדה חרדית","הבו-קדו בע""\מn\",IL,מלון קפוא Shake It 2,גרמים,250.00,100 גרם,false,1,10.90,4.36,true,1,
7290010922857,false,"מנגו קפוא 250 גרם - Shake It - בד""ץ עדה חרדית","הבו-קדו בע""\מn\",IL,מנגו קפוא Shake It 2,גרמים,250.00,100 גרם,false,1,10.90,4.36,true,1,
7290010922949,false,תות שדה קפוא 250 גרם - Shake It,"הבו-קדו בע""\מn\",IL,תות קפוא Shake It 25,גרמים,250.00,100 גרם,false,1,10.90,4.36,true,1,
7290010931330,false,סלט מטבוחה אחלה 500 גרם,שטראוס גרופ בעמ/מצונן,,מטבוחה 500 גר,גרמים,500.00,100 גרם,false,1,18.30,3.66,true,1,
7290010945146,false,קוטג' 3% מועשר בסידן טרה 250 ג' מהדרין,*החברה המרכזית להפצת משקאותבעמ,,קוטג 3% מועשר 250 גר,גרמים,250.00,100 גרם,false,1,5.90,2.36,true,1,
7290010945450,false,גבינה לבנה 3% 250 גר מועשר בסידן וויטמין,*החברה המרכזית להפצת משקאותבעמ,,גבינה לבנה 3% 250 גר,גרמים,250.00,100 גרם,false,1,4.98,1.99,true,1,
7290010955602,false,"יין רימונים 750 מ""ל richli",יקב רימון,,יין RICHLY רימון 750,Unknown,0.00,Unknown,false,1,67.90,67.90,true,1,
7290010965199,false,סוקולנטים בעציץ 9,לפ פרח הארץ שיווק והפצה (2011),,סוקולנטים בעציץ 9,Unknown,0.00,Unknown,false,1,9.90,9.90,true,1,
7290010970063,false,שמן שומשום כבישה קרה 500 מיל,טעמים,,שמן שומשום כבישה קרה,מיליליטרים,500.00,"100 מ""ל",false,1,47.90,9.58,true,1,
7290010970070,false,שמן זית כתית מעולה פיקואל טעמים 750 מל,,,שמן זית כתית מעולה פ,מיליליטרים,750.00,"100 מ""ל",false,1,43.90,5.85,true,1,
7290010970100,false,שמן שומשום כבישה קרה 250 מיל טעמים,"ג.מ טעם הארץ בע""\ם",,שמן שומשום כבישה קרה,מיליליטרים,250.00,"100 מ""ל",false,1,30.50,12.20,true,1,
7290010970186,false,דבש פרחי בר טעמים 1 קג,,,דבש פרחי בר טעמים 1,קילוגרמים,0.00,"ק""ג",false,1,49.50,49.50,true,1,
7290010970216,false,"חומץ בלסמי 500 מ""ל ""טעמים""",טעמים,,חומץ טעמים בלסמי 500,מיליליטרים,500.00,"100 מ""ל",false,1,24.00,4.80,true,1,
7290010970230,false,חומץ יין פירות הדר 500מל,ג.מ.טעם הארץ,,חומץ טעמים פירות הד,מיליליטרים,500.00,"100 מ""ל",false,1,15.60,3.12,true,1,
7290010970247,false,שמן זית כתית מעולה 500 מל טעמים,,,שמן זית כתית מעולה 5,מיליליטרים,500.00,"100 מ""ל",false,1,28.20,5.64,true,1,
7290010970254,false,חומץ בן יין לבן מונט,"ג.מ טעם הארץ בע""\ם",,חומץ טעמים יין לבן,מיליליטרים,500.00,"100 מ""ל",false,1,14.90,2.98,true,1,
7290010970261,false,"חומץ תפוחי עץ 500 מ""ל ""טעמים""","ג.מ טעם הארץ בע""\ם",,חומץ תפוחי עץ 500 מל,מיליליטרים,500.00,"100 מ""ל",false,1,14.90,2.98,true,1,
7290010970278,false,חומץ פירות יער אדומים500,ג.מ.טעם הארץ,,חומץ פירות יער אדומי,מיליליטרים,500.00,"100 מ""ל",false,1,15.60,3.12,true,1,
7290010970438,false,שמן זית כתית מעולה זן סורי 750 מל,,,שמן זית כתית מעולה,מיליליטרים,750.00,"100 מ""ל",false,1,41.80,5.57,true,1,
7290010970544,false,"שמן אבוקדו טעמים 500 מ""ל",טעמים,,שמן אבוקדו טעמים 500,מיליליטרים,500.00,"100 מ""ל",false,1,50.50,10.10,true,1,
7290010970568,false,"שמן בוטנים טעמים 500 מ""ל",טעמים,,שמן בוטנים טעמים 500,מיליליטרים,500.00,"100 מ""ל",false,1,47.90,9.58,true,1,
7290010970582,false,"רוטב סויה 350 מ""ל",טעמים,,רוטב סויה 350 מל,מיליליטרים,350.00,"100 מ""ל",false,1,12.40,3.54,true,1,
7290010970704,false,ממרח זיתים ירוקים 180 גרם,טעמים,,ממרח זיתים ירוקים 18,גרמים,180.00,100 גרם,false,1,13.90,7.72,true,1,
7290010970711,false,פסטו בזיליקום א-לה ג'נובזה,טעמים,IL,ממרח פסטו בזיליקום 1,גרמים,180.00,100 גרם,false,1,13.90,7.72,true,1,
7290010970742,false,ממרח פסטו פלפלים אמיתי 180 גרם,,,ממרח פסטו פלפלים אמי,גרמים,180.00,100 גרם,false,1,13.90,7.72,true,1,
7290010970766,false,"מי ורדים 250 מ""ל","ג.מ טעם הארץ בע""\ם",IL,"מי ורדים 250 מ""ל",מיליליטרים,250.00,"100 מ""ל",false,1,10.90,4.36,true,1,
7290010970773,false,סילאן תמרים 100% טבעי בקבוק לחיץ 350 גרם,"ג.מ טעם הארץ בע""\ם",,סילאן תמרים 100% טבע,גרמים,350.00,100 גרם,false,1,13.50,3.86,true,1,
7290010970780,false,סילאן תמרים 100% טבעי 350 גרם,,,סילאן תמרים 100% טבע,גרמים,350.00,100 גרם,false,1,12.40,3.54,true,1,
7290010970940,false,ממרח פסטו אדום 180 גרם,טעמים,IT,ממרח פסטו אדום 180 ג,גרמים,180.00,100 גרם,false,1,13.90,7.72,true,1,
7290010970971,false,שמן זית בתרסיס 150 גרם טעמים,"ג.מ טעם הארץ בע""\ם",,שמן זית בתרסיס 150 ג,גרמים,150.00,100 גרם,false,1,19.90,13.27,true,1,
7290011015862,false,סירופ דיאט 750 מל בטעם לימונענע פריגת,החברה המרכזית להפצת משקאות בעמ,,סירופ דיאט לימונענע,מיליליטרים,750.00,"100 מ""ל",false,1,22.90,3.05,true,1,
7290011017866,false,פחית קולה סליק קוקה-קולה (330 מל),החברה המרכזית להפצת משקאות בעמ,,"פחית סליק ק""ק 330 מ""",מיליליטרים,330.00,"100 מ""ל",false,1,5.40,1.64,true,1,
7290011017873,false,פחית זירו סליק קוקה-קולה (330 מל),החברה המרכזית להפצת משקאות בעמ,,פחית סליק זירו 330 מ,מיליליטרים,330.00,"100 מ""ל",false,1,5.40,1.64,true,1,
7290011017880,false,פחית דיאט קולה סליק קוקה-קולה (330 מל),החברה המרכזית להפצת משקאות בעמ,,"פחית סליק ד. ק""ק 330",מיליליטרים,330.00,"100 מ""ל",false,1,5.40,1.64,true,1,
7290011018184,false,תה קר בטעם אפרסק פיוז-טי (500 מל),החברה המרכזית להפצת משקאות בעמ,,"תה פיוז אפרסק 500 מ""",מיליליטרים,500.00,"100 מ""ל",false,1,7.40,1.48,true,1,
7290011018368,false,ויינשטפן בירת חיטה לא מסוננת,החברה המרכזית להפצת משקאות בעמ,,שישיית בירה ויינשטפן,מיליליטרים,1980.00,"100 מ""ל",false,1,69.90,3.53,true,1,
7290011018443,false,משקה מוגז אורנג` פאנטה (330 מל),החברה המרכזית להפצת משקאות בעמ,,סליק פאנטה אורנג 330,מיליליטרים,330.00,"100 מ""ל",false,1,5.40,1.64,true,1,
7290011018832,false,"קוקה קולה פרידגפק סליק 330 מ""ל שישייה",החברה המרכזית להפצת משקאות בעמ,,קוקה קולה פרידגפק,ליטרים,0.00,ליטר,false,1,22.90,22.90,true,1,
7290011018924,false,"מארז פחיות דיאט קוקה קולה שישייה 330 מ""ל",החברה המרכזית להפצת משקאות בעמ,,ק.קולה דיאט פרידגפק,ליטרים,0.00,ליטר,false,1,22.90,22.90,true,1,
7290011051440,false,שוופס מוגז עדין פירות יער 0.5 ליטר,יפאורה תבורי בעמ,,שוופס מוגז עדין פירו,מיליליטרים,500.00,"100 מ""ל",false,1,7.50,1.50,true,1,
7290011064020,false,בולגרית בעיר מעדן גבינה למריחה 200 גרם,גבינות עמיר ניצן בעמ,,בולגרית למריחה בטעמי,גרמים,200.00,100 גרם,false,1,16.40,8.20,true,1,
7290011064075,false,מעדן לבנה מסבחה -אבו גוש 200 גרם,גבינות עמיר ניצן בעמ,,לבנה עם תוספות 200 ג,גרמים,200.00,100 גרם,false,1,16.40,8.20,true,1,
7290011064099,false,ירקות או פרות ממולאים במעדן גבינה ניצן 125 גרם,גבינות אמיר ניצן בעמ,,טאפס שכונתי 125 גר,גרמים,125.00,100 גרם,false,1,19.90,15.92,true,1,
7290011065416,false,פלפל שחור מטחנה מימונס 60 גרם,"א.ל ייצור ושיווק תבלינים בע""מ",,פלפל שחור מטחנה 60 ג,גרמים,60.00,100 גרם,false,1,17.90,29.83,true,1,
7290011065423,false,מלח ים מטחנה מימונס 130 גרם,"א.ל ייצור ושיווק תבלינים בע""מ",,מלח ים מטחנה 130 גרם,גרמים,130.00,100 גרם,false,1,17.90,13.77,true,1,
7290011065447,false,תבלין לפיצה מטחנה מימונס 50 גרם,"א.ל ייצור ושיווק תבלינים בע""מ",,תבלין לפיצה מטחנה 50,גרמים,50.00,100 גרם,false,1,17.90,35.80,true,1,
7290011065829,false,פלפל ארבע העונות תבליני מימון 60 גרם מטחנה חדשה,"א.ל ייצור ושיווק תבלינים בע""מ",,פלפל ארבע עונות מטחנ,גרמים,60.00,100 גרם,false,1,17.90,29.83,true,1,
7290011070465,false,ממתק סטיוויה 100 מ`ל,,,ממתק סטיוויה 100 מ`ל,Unknown,0.00,Unknown,false,1,69.90,69.90,true,1,
7290011070656,false,רוגע פלוס 50 מל,,,רוגע פלוס 50 מל,Unknown,0.00,Unknown,false,1,129.90,129.90,true,1,
7290011070700,false,ספוט איזון הורמונלי 50 מל,,,ספוט איזון הורמונלי,Unknown,0.00,Unknown,false,1,129.90,129.90,true,1,
7290011081492,false,גלידה בטעם שלושה שוקולדים 1.33ל' קרמיסימו,"גלידת שטראוס בע""\מ, רחוב",,קרמיסימו שלושה שוקול,ליטרים,0.00,ליטר,false,1,21.90,21.90,true,1,
7290011081690,false,קרמיסימו פרווה שוקו ציפ+וניל ציפ 1.33ל,"גלידת שטראוס בע""\מ, רחוב",,קרמיסמו וניל ציפ שוק,ליטרים,0.00,ליטר,false,1,21.90,21.90,true,1,
7290011115159,false,סבון מוצק מועשר בקרם לחות ניחוח פרחים נקה 7 4*100 גרם,החברה הדרומית לשיווק בעמ,,נקה 7 סבון מוצק קופל,גרמים,400.00,100 גרם,false,1,13.90,3.48,true,1,
7290011115166,false,נקה 7 ארומה סבון נוזלי לבנדר 1 ל',החברה הדרומית לשיווק בעמ,,נקה 7 ארומה סבון נוז,מיליליטרים,1000.00,"100 מ""ל",false,1,14.30,1.43,true,1,
7290011115173,false,נקה 7 ארומה סבון נוזלי וניל 1 ל',טרופיקל דגיל תעשיות,,נקה 7 ארומה סבון נוז,מיליליטרים,1000.00,"100 מ""ל",false,1,17.50,1.75,true,1,
7290011115272,false,אל סבון מוצק מועשר בקרם לחות צמחים - מארז רביעיה,החברה הדרומית לשיווק בעמ,,סבון מוצק מעושר בלחו,גרמים,400.00,100 גרם,false,1,13.90,3.48,true,1,
7290011115296,false,אל סבון מוצק מועשר בקרם לחות לבנדר - מארז רביעיה,נקה 7,,סבון מוצק מעושר בלחו,גרמים,400.00,100 גרם,false,1,13.90,3.48,true,1,
7290011126209,false,הגן הקסום תה טעם תפוח וקינמון סיידר ויסוצקי 25 יח',תה ויסוצקי (ישראל)בעמ,,תה תפוח וקינמון 25 ש,גרמים,115.00,100 גרם,false,1,18.90,16.43,true,1,
7290011126216,false,תה רויבוש קלאסי ויסוצקי 25 יחידות,תה ויסוצקי (ישראל)בעמ,,תה רויבוש קלאסי,Unknown,0.00,Unknown,false,1,33.90,33.90,true,1,
7290011126452,false,הגן הקסום תה בטעם קמומיל ונענע ויסוצקי 25 יחידות,תה ויסוצקי (ישראל) בעמ,,חליטת קמומיל ונענע 2,Unknown,0.00,Unknown,false,1,18.90,18.90,true,1,
7290011126469,false,חליטת צמחים וקמומיל הגן הקסום ויסוצקי 25 יחידות,תה ויסוצקי (ישראל) בעמ,,חליטת קמומיל ודבש 25,Unknown,0.00,Unknown,false,1,18.90,18.90,true,1,
7290011126940,false,תה ירוק ויסוצקי בתוספת מרווה 25 שקיקים,תה ויסוצקי (ישראל) בעמ,,תה ירוק ויסוצקי בתוס,Unknown,0.00,Unknown,false,1,24.90,24.90,true,1,
7290011126957,false,תה ירוק ארל גריי ויסוצקי 25 יחידות,תה ויסוצקי (ישראל) בעמ,,תה ירוק ויסוצקי ארל,Unknown,0.00,Unknown,false,1,24.90,24.90,true,1,
7290011131050,false,גרנולה בתוספת פקאן 1 קילו גרין,ויטליאה ניקולה דו,,גרנולה גרין פקאן 1 ק,גרמים,1000.00,100 גרם,false,1,29.40,2.94,true,1,
7290011131371,false,מוזלי קראנצ`י שקדים ואגוזים גרין (1 קג),ויטליאה ניקולה דו,,מיזלי קראנץ אלמונ 1,גרמים,1000.00,100 גרם,false,1,25.90,2.59,true,1,
7290011131395,false,מוזלי קראנצ`י 30% פירות גרין (1 קג),ויטליאה ניקולה דו,,מיזלי קראנץ 30% פירו,גרמים,1000.00,100 גרם,false,1,25.90,2.59,true,1,
7290011131968,false,"גרנולה בתוספת שקדים ואגוזים גרין 1 ק""ג",ויטליה ניקולא דו,,"גרנולה אגוזים 1 ק""ג",קילוגרמים,0.00,"ק""ג",false,1,29.40,29.40,true,1,
7290011132507,false,סן בנדטו- מים מנרליים - מוגז עדין 500 מל,אקווה מינרלה סאן בנדטו ב,,סאן בנדטו מוגז 50 מל,מיליליטרים,500.00,"100 מ""ל",false,1,3.90,0.78,true,1,
7290011132552,false,"רביעיית בירה פאולנר בקבוק 330 מ""ל",טמפו משקאות בעמ,,רביעיית בירה פאולנר,ליטרים,0.00,ליטר,false,1,37.90,37.90,true,1,
7290011133368,false,בירה שנדי בתוספת משקה תפוח - שישייה,"טמפו משקאות בע""מ",,מארז מכבי שנדי תפוח,מיליליטרים,1980.00,"100 מ""ל",false,1,29.90,1.51,true,1,
7290011133375,false,בירה שנדי בתוספת משקה אפרסק - שישייה,"טמפו משקאות בע""מ",,מארז מכבי שנדי אפרסק,מיליליטרים,1980.00,"100 מ""ל",false,1,29.90,1.51,true,1,
7290011133634,false,"פפסי מקס פחית צרה מארז שישייה 330 מ""ל","טמפו משקאות בע""\מ",,שישייה פחיות פפסי מק,ליטרים,0.00,ליטר,false,1,19.50,19.50,true,1,
7290011142001,false,לחם שיפון בורודינסקי,מאפיית דואט בעמ,,לחם דואט 550 גר,גרמים,550.00,100 גרם,false,1,12.90,2.35,true,1,
7290011142018,false,לחם שיפון נבסקי 630גר,מאפיית דואט בעמ,,לחם שיפון נבסקי 630ג,גרמים,630.00,100 גרם,false,1,12.90,2.05,true,1,
7290011142025,false,לחם שיפון אוקראינסקי 630 גר,מאפיית דואט בעמ,,לחם שיפון אוקראינסקי,גרמים,630.00,100 גרם,false,1,12.90,2.05,true,1,
7290011142032,false,לחם שיפון בורודינסקי,מאפיית דואט בעמ,,לחם בורודינסקי 630 ג,גרמים,630.00,100 גרם,false,1,12.90,2.05,true,1,
7290011142049,false,לחם ביתי עם סובין לל,מאפיית דואט בעמ,,לחם בריאות 650 גר,גרמים,650.00,100 גרם,false,1,12.90,1.98,true,1,
7290011142070,false,לחם שיפון אשדודי 630 גר`,מאפיית דואט בעמ,,לחם בטעמים 630 גר,גרמים,630.00,100 גרם,false,1,12.90,2.05,true,1,
7290011142094,false,לחם שיפון פטרובסקי 650 גרם,מאפיית דואט בעמ,,לחם שיפון פטרובסקי,גרמים,650.00,100 גרם,false,1,14.90,2.29,true,1,
7290011142148,false,שישיית לחמניות אצבע מאפיית דואט,מאפיית דואט בעמ,,מארז שישית לחמניות,גרמים,450.00,100 גרם,false,1,12.90,2.87,true,1,
7290011142193,false,לחמניות קלועות מתוקות עם צימוקים 400 גרם,מאפיית דואט בעמ,,4 לחמניות מתוקות,Unknown,0.00,Unknown,false,1,12.90,12.90,true,1,
7290011142315,false,לחם מרוקאי מסורתי(פרנה),מאפיית דואט בעמ,,פרנה מאורך רביעיה 55,Unknown,0.00,Unknown,false,1,14.90,14.90,true,1,
7290011142407,false,"לחם שבע דגנים 1100 ג""ר",מאפיית דואט בעמ,,לחם משפחתי 1100 גר,קילוגרמים,0.00,"ק""ג",false,1,17.90,17.90,true,1,
7290011142445,false,לחם כוסמין בריוש 600,אלון חברה ליצור שיוו,,לחם כוסמין 600 גר,גרמים,600.00,100 גרם,false,1,16.90,2.82,true,1,
7290011142551,false,לחם בתוספת גרעיני כוסמין וחיטה 750 גרם,אלון חברה ליצור שיוו,IL,לחם בתוספת גרעיני,גרמים,750.00,100 גרם,false,1,16.90,2.25,true,1,
7290011142650,false,לחם שיפון (900100% גר`),מאפיית דואט בעמ,,לחם 100% שיפון 900 ג,גרמים,900.00,100 גרם,false,1,17.90,1.99,true,1,
7290011148713,false,פלפל חליפניו,ביכורי השדה הצפון בעמ` 1964,,חלפיניו ארוז,Unknown,0.00,Unknown,false,1,9.90,9.90,true,1,
7290011148898,false,גבעולי ברוקולי משקל 400 גר,חקלאי,,גבעולי ברוקולי 400 ג,קילוגרמים,0.00,"ק""ג",false,1,14.90,14.90,true,1,
7290011148904,false,פלפל צ'ילי חריף יחידה,חקלאי,,פלפל צילי,Unknown,0.00,Unknown,false,1,6.90,6.90,true,1,
7290011148911,false,פלפלים מתוקים טינקרב,מרינה פטריות הגליל,,פלפל טינקרבל,Unknown,0.00,Unknown,false,1,9.90,9.90,true,1,
7290011148935,false,מלפפון בייבי יחידה,חקלאי,,מלפפון בייבי,Unknown,0.00,Unknown,false,1,12.90,12.90,true,1,
7290011153885,false,נייר אכיל ממותג דיסני,שמחה זה אנחנו בע`מ,,נייר אכיל ממותג דיסנ,Unknown,0.00,Unknown,false,1,20.40,20.40,true,1,
7290011154738,false,"יין רימונים קינוח 500 מ""ל",יקבי בוטיק הגליל,,יין רימונים קינוח,Unknown,0.00,Unknown,false,1,64.90,64.90,true,1,
7290011154882,false,"תרכיז תפוזים טבעי טעמי הגליל 500 מ""ל",ליימן שליסל בעמ,,תרכיז תפוזים טבעי 50,מיליליטרים,500.00,"100 מ""ל",false,1,27.90,5.58,true,1,
7290011166458,false,"משחת שיניים אבן קריסטל בטעם מנטה 85 מ""ל",,IL,משחת שיניים אבן קריס,מיליליטרים,85.00,"100 מ""ל",false,1,27.90,32.82,true,1,
7290011166755,false,סאן דאורדורנט אבן קריסטל ללא ריח,,,סאן דאורדורנט אבן קר,Unknown,0.00,Unknown,false,1,29.90,29.90,true,1,
7290011166786,false,דאורדורנט רול אבן קריסטל 100 מל LOVLIS,אשר שיווק,,דאורדורנט רול אבן קר,מיליליטרים,100.00,"100 מ""ל",false,1,39.90,39.90,true,1,
7290011194215,false,מעדן גבינה ויוגורט בטעם בננה 5% שומן 88 ג' דניאלה,שטראוס גרופ בעמ/מצונן,,דניאלה אננס 88 גרם,גרמים,88.00,100 גרם,false,1,4.10,4.66,true,1,
7290011194246,false,קוטג 5% 250 גרם עם סידן שטראוס,שטראוס גרופ בעמ/מצונן,,קוטג 5% 250 גר,גרמים,250.00,100 גרם,false,1,5.90,2.36,true,1,
7290011223038,false,בונומי עלים לקרמשניט שכבות אפויות מבצק עלים 300 גרם,דנשר (1963) בעמ,,עלים לקרמשניט 300 גר,גרמים,143.00,100 גרם,false,1,17.70,12.38,true,1,
7290011223045,false,בישקוטים ליידיפינגרז בונומי (200 גרם),דנשר (1963) בעמ,,ביסקוטים 200 גר,גרמים,200.00,100 גרם,false,1,7.30,3.65,true,1,
7290011223229,false,"טואלט דאק ג'ל לאסלה טיפות טל רעננות 55 מ""ל","איטיליאן פוד, אס.פי.",,טואלט דאק גל אסלה טי,Unknown,0.00,Unknown,false,1,13.10,13.10,true,1,
7290011223243,false,"טואלט דאק ג'ל לאסלה בניחוח לבנדר 55 מ""ל","איטיליאן פוד, אס.פי.",,טואלט דאק גל אסלה ני,Unknown,0.00,Unknown,false,1,13.10,13.10,true,1,
7290011235024,false,רוזמרין,חקלאי,,רוזמרין,Unknown,0.00,Unknown,false,1,5.90,5.90,true,1,
7290011235055,false,בזיליקום,יבולי הבשור,,בזיליקום,Unknown,0.00,Unknown,false,1,5.90,5.90,true,1,
7290011235062,false,עירית,חקלאי,,עירית,Unknown,0.00,Unknown,false,1,5.90,5.90,true,1,
7290011235079,false,קורנית (טימין),חקלאי,,קורנית,Unknown,0.00,Unknown,false,1,5.90,5.90,true,1,
7290011235109,false,מרווה,,,מרווה,Unknown,0.00,Unknown,false,1,5.90,5.90,true,1,
7290011235147,false,חמוציות ארוז,יבולי הבשור,,חמציץ ארוז,Unknown,0.00,Unknown,false,1,9.90,9.90,true,1,
7290011236649,false,"נטיפי שוקולד ציפס אמיתי 300 גר' 54% מוצקי קקאו (בד""ץ)",דין שיווק וקליה 2021 בעמ,,נטיפי שוקולד ציפס 54,גרמים,300.00,100 גרם,false,1,14.20,4.73,true,1,
7290011249212,false,וופל עלמה בלגי לימון 200 גר' ללא סוכר,ח.כהן סוכנות מזון ומשקאות בע,,עלמה וופל קראנץ לימו,גרמים,200.00,100 גרם,false,1,3.90,1.95,true,1,
7290011249250,false,גביעי גלידה אמריקה 24יח גילרו *,ח.כהן סוכנות מזון ומשקאות בע,,גביעי גלידה 24 יח אמ,גרמים,200.00,100 גרם,false,1,11.90,5.95,true,1,
7290011249748,false,רולים גלילי ופל במילוי קרם שוקולד 100 ג' עלמה,ח.כהן סוכנות מזון ומשקאות בע,,רולים שוקו 100 גר,גרמים,100.00,100 גרם,false,1,3.90,3.90,true,1,
7290011249755,false,רולים גלילי ופל במילוי קרם אגוזים 100 ג' עלמה,ח.כהן סוכנות מזון ומשקאות בע,,רולים אגוזים 100 גר,גרמים,100.00,100 גרם,false,1,3.90,3.90,true,1,
7290011291921,false,חלבון טעם וניל 600 גרם,NATURAL MARSHAL,,ווי אקסטרים 600 גר`,Unknown,0.00,Unknown,false,1,119.90,119.90,true,1,
7290011332983,false,מגבונים לניקוי אף מגבונאף קמיל בלו- מארז שלישייה,"פישר תעשיות פרמבצטיות בע""מ",,מגבונאף קמיל בלו של,Unknown,0.00,Unknown,false,1,26.60,26.60,true,1,
7290011343064,false,"שמן זית סורי 750 מ""ל",,,"שמן זית סורי 750 מ""ל",מיליליטרים,750.00,"100 מ""ל",false,1,55.50,7.40,true,1,
7290011343149,false,שמן זית ארבקינה 2 ליטר,,,שמן זית ארבקינה 2 לי,ליטרים,0.00,ליטר,false,1,120.50,120.50,true,1,
7290011343170,false,שמן זית פיקואל גשור 750 מל,,,שמן זית פיקואל גשור,מיליליטרים,750.00,"100 מ""ל",false,1,55.50,7.40,true,1,
7290011343187,false,שמן זית קורטינה ארץ גשור 750 מל,,,שמן זית קורטינה ארץ,מיליליטרים,750.00,"100 מ""ל",false,1,55.50,7.40,true,1,
7290011343194,false,"שמן זית ארבקינה 750 מ""ל",,,שמן זית ארבקינה 750,מיליליטרים,750.00,"100 מ""ל",false,1,55.50,7.40,true,1,
7290011378028,false,חלבה קלאסית וניל ללא תוספת סוכר בארכה 350 גרם,קבוצת אסם סחר שות. מוגבלת,,חלבה משומשום מלא,גרמים,350.00,100 גרם,false,1,17.30,4.94,true,1,
7290011378233,false,"חטיפי חלווה בארכה 126 גרם מארז 7 יחידות לל""ס",קבוצת אוסם סחר שותפות מוגבלת,,"מאגדת ללת""ס חטיף חלב",גרמים,126.00,100 גרם,false,1,13.50,10.71,true,1,
7290011387181,false,פרוביוטיקה פמינה -כמוסות המכילות 5 זני פרוביוטיקה,אלטמן,,פרוביוטיק פמינה (60),Unknown,0.00,Unknown,false,1,124.90,124.90,true,1,
7290011391843,false,"יין קברנה שיראז פלטר 750 מ""ל",יקב פלטר,,יין קברנה שיראז פלטר,מיליליטרים,750.00,"100 מ""ל",false,1,104.90,13.99,true,1,
7290011426521,false,"שמן פשתן אורגני 400 מ""ל",,IL,שמן פשתן אורגני 400,מיליליטרים,400.00,"100 מ""ל",false,1,49.90,12.48,true,1,
7290011435226,false,דבש מפרחי בר לחיץ 650 ג' יד מרדכי,מכוורת יד מרדכי שטראוס ב,,דבש מפרחי בר 650 גרם,גרמים,650.00,100 גרם,false,1,31.90,4.91,true,1,
7290011438142,false,"משקה יטבתה אייס קפה בבקבוק אישי 350 מ""ל",שטראוס גרופ בעמ/מצונן,IL,משקה חלב בטעם קפה,מיליליטרים,350.00,"100 מ""ל",false,1,6.90,1.97,true,1,
7290011447304,false,מטרנה פרימיום חלבי שלב 3 700 גרם חיסכון,קבוצת אוסם סחר שותפות מוגבלת,,מטרנה פרימיום חלבי ש,גרמים,700.00,100 גרם,false,1,49.90,7.13,true,1,
7290011447748,false,"מזון לחתולים יבש עם דגי אוקיינוס וטונה סופר קט 3 ק""ג",דיפלומט מפיצים (1968) בעמ**,,סופר קט מזון לחתולים,קילוגרמים,0.00,"ק""ג",false,1,49.90,49.90,true,1,
7290011447908,false,"מזון לחתולים מלא טעם עוף וכבד סופר קט 3 ק""ג",דיפלומט מפיצים (1968) בעמ**,,סופר קט מזון לחתולים,קילוגרמים,0.00,"ק""ג",false,1,49.90,49.90,true,1,
7290011473006,false,קינואה אורגני לבנה 500 גרם,גורי מוצרי צריכה (1991) בעמ,,קינואה אורגנית 500 ג,גרמים,500.00,100 גרם,false,1,15.90,3.18,true,1,
7290011473051,false,קוואקר עבה 500 גרם אורגני,גורי מוצרי צריכה (1991) בעמ,,קוואקר עבה אורגני 50,גרמים,500.00,100 גרם,false,1,9.90,1.98,true,1,
7290011473068,false,אורז פרא מעורב אורגני 500 גרם,גורי מוצרי צריכה בעמ,,אורז פרא מעורב אורגנ,גרמים,500.00,100 גרם,false,1,19.90,3.98,true,1,
7290011473099,false,אורז עגול מלא אורגני 500 גר,גורי מוצרי צריכה בעמ,,אורז עגול מלא אורגני,גרמים,500.00,100 גרם,false,1,11.90,2.38,true,1,
7290011473129,false,גרעיני חמניות קלוף אורגני 300 גרם,גורי מוצרי צריכה בעמ,,גרעיני חמניות קלוף א,גרמים,300.00,100 גרם,false,1,11.90,3.97,true,1,
7290011473136,false,גרעיני דלעת קלוף אורגני 300 גרם,גורי מוצרי צריכה (1991) בעמ,,גרעיני דלעת קלוף אור,גרמים,300.00,100 גרם,false,1,19.90,6.63,true,1,
7290011473150,false,שומשום מלא אורגני 400 גרם,תבואות,,שומשום מלא אורגני 40,גרמים,400.00,100 גרם,false,1,13.90,3.48,true,1,
7290011473181,false,עדשים שחורים אורגני 500 גרם תבאות,גורי מוצרי צריכה (1991) בעמ,,עדשים שחורים אורגני,גרמים,500.00,100 גרם,false,1,15.90,3.18,true,1,
7290011473204,false,עדשים ירוקים אורגני 500 גרם,גורי מוצרי צריכה (1991) בעמ,,עדשים ירוקים אורגני,גרמים,500.00,100 גרם,false,1,12.90,2.58,true,1,
7290011473211,false,"עדשים אדומים אורגני 500 גרם ""תבואות""",גורי מוצרי צריכה (1991) בעמ,,עדשים אדומים אורגני,גרמים,500.00,100 גרם,false,1,12.90,2.58,true,1,
7290011473242,false,פשתן זרעים אורגני 500 גרם,גורי מוצרי צריכה (1991) בעמ,,פשתן זרעים אורגני 50,גרמים,500.00,100 גרם,false,1,11.50,2.30,true,1,
7290011473273,false,בורגול מלא אורגני 500ג,גורי מוצרי צריכה בעמ,,בורגול אורגני 500 גר,גרמים,500.00,100 גרם,false,1,8.90,1.78,true,1,
7290011473280,false,חומוס אורגני תבואות,גורי מוצרי צריכה (1991) בעמ,,חומוס אורגני 500 גרם,גרמים,500.00,100 גרם,false,1,12.90,2.58,true,1,
7290011473297,false,גריסי פנינה אורגנים 500 גרם,גורי מוצרי צריכה בעמ,,גריסי פנינה אורגני 5,גרמים,500.00,100 גרם,false,1,10.90,2.18,true,1,
7290011473334,false,שעועית לבנה אורגנית 500 גרם,ארוז ע' תבואות,,שעועית לבנה אורגנית,גרמים,500.00,100 גרם,false,1,13.50,2.70,true,1,
7290011473341,false,שעועית אדומה 500 גרם תבואות,תבואות,,שעועית אדומה 500 גרם,גרמים,500.00,100 גרם,false,1,13.90,2.78,true,1,
7290011473358,false,שעועית שחורה אורגנית 500 גרם,ארוז ע' תבואות,,שעועית שחורה אורגנית,גרמים,500.00,100 גרם,false,1,12.90,2.58,true,1,
7290011473365,false,תבואות דוחן אורגני,תבואות,,דוחן אורגני 500 גרם,גרמים,500.00,100 גרם,false,1,11.90,2.38,true,1,
7290011473389,false,קמח כוסמין לבן אורגני 500 גרם,תבואות מוצרי מזון או,,קמח כוסמין לבן אורגנ,גרמים,500.00,100 גרם,false,1,13.90,2.78,true,1,
7290011473433,false,תבואת בר כוסמת אורגנ,גורי מוצרי צריכה (1991) בעמ,,כוסמת אורגנית 500 גר,גרמים,500.00,100 גרם,false,1,10.90,2.18,true,1,
7290011473440,false,גרעיני שיבולת שועל אורגני 500 גרם תבואות,תבואות,,גרעיני שיבולת שועל א,גרמים,500.00,100 גרם,false,1,11.90,2.38,true,1,
7290011473464,false,סובין שיבולת שועל אורגנית,תבואות,,סובין ש. שועל אורגני,גרמים,400.00,100 גרם,false,1,13.90,3.48,true,1,
7290011473488,false,קמח אורז מלא טבעי 500 גר,תבואות,,קמח אורז מלא טבעי 50,גרמים,500.00,100 גרם,false,1,10.90,2.18,true,1,
7290011473525,false,אורז בר שחור טבעי 40,תבואות,,אורז בר טבעי 400 גרם,גרמים,400.00,100 גרם,false,1,28.90,7.23,true,1,
7290011473563,false,פולי קקאו שלמים אורגני 200 גרם,תבואות,,פולי קקאו שלמים אורג,גרמים,200.00,100 גרם,false,1,20.90,10.45,true,1,
7290011473570,false,קמח חומוס טבעי תבואות 500 גרם אורגני,גורי מוצרי צריכה (1991) בעמ,,קמח חומוס טבעי 500 ג,גרמים,500.00,100 גרם,false,1,11.90,2.38,true,1,
7290011473594,false,"טחינה אורגנית 1 ק""ג תבואות",,,"טחינה אורגנית 1 ק""ג",גרמים,1000.00,100 גרם,false,1,33.90,3.39,true,1,
7290011473617,false,טיב הטבע ציה טבעי 300 גרם תבואות,גורי מוצרי צריכה (1991) בעמ,,טיב הטבע ציה טבעי 30,גרמים,300.00,100 גרם,false,1,15.90,5.30,true,1,
7290011473624,false,"טחינה אורגנית מלאה 1 ק""ג תבואות",,,טחינה אורגנית מלאה 1,גרמים,1000.00,100 גרם,false,1,33.90,3.39,true,1,
7290011473648,false,סוכר דמררה תבואות 300 גר,גורי מוצרי צריכה בעמ,,סוכר דמררה אורגני 1,גרמים,1000.00,100 גרם,false,1,12.90,1.29,true,1,
7290011473655,false,סוכר קנים אורגני 1 קילו,גורי מוצרי צריכה (1991) בעמ,,סוכר קנים אורגני 1 ק,גרמים,1000.00,100 גרם,false,1,10.90,1.09,true,1,
7290011473679,false,"חיטה מלאה אורגנית 1 ק""ג",,,חיטה מלאה אורגנית 1,קילוגרמים,0.00,"ק""ג",false,1,13.50,13.50,true,1,
7290011473686,false,"אורז עגול מלא אורגני 1 ק""ג תבואות",,,אורז עגול מלא אורגני,גרמים,1000.00,100 גרם,false,1,16.90,1.69,true,1,
7290011473709,false,קינואה אורגנית תבואו,,,"קינואה אורגנית 1 ק""ג",גרמים,1000.00,100 גרם,false,1,27.90,2.79,true,1,
7290011473754,false,תאנים מיובשות אורגני,נימקס איזמיר,,תאנים אורגניות 250 ג,גרמים,250.00,100 גרם,false,1,19.50,7.80,true,1,
7290011473761,false,צימוקים אורגניים 250 גר,תבואות,,צימוקים אורגניים,גרמים,250.00,100 גרם,false,1,17.90,7.16,true,1,
7290011473778,false,משמש מיובש אורגני 25,נימקס איזמיר,,משמש אורגני 250 גר,גרמים,250.00,100 גרם,false,1,17.90,7.16,true,1,
7290011473860,false,שמרי בירה-אבקה טבעי 250 גר,תבואות,,שמרי בירה-אבקה טבעי,גרמים,250.00,100 גרם,false,1,23.50,9.40,true,1,
7290011473907,false,סובין חיטה טבעי 200 גרם,תבואות,,סובין חיטה טבעי 200,גרמים,200.00,100 גרם,false,1,6.20,3.10,true,1,
7290011473921,false,סובין שיבולת שועל טבעי 500 גרם,תבואות,,סובין שיבולת שועל טב,גרמים,500.00,100 גרם,false,1,12.90,2.58,true,1,
7290011473952,false,קוואקר מהיר להכנה טבעי 400 גרם אורגני,גורי מוצרי צריכה (1991) בעמ,,קוואקר מהיר הכנה טבע,גרמים,500.00,100 גרם,false,1,7.50,1.50,true,1,
7290011473969,false,קינואה טריו אורגנית 500 גרם,גורי מוצרי צריכה (1991) בעמ,,קינואה טריו אורגנית,גרמים,500.00,100 גרם,false,1,23.50,4.70,true,1,
7290011473983,false,תערובת קטניות אורגני500ג,תבואות,,קדרה אורגנית 500 גר,גרמים,500.00,100 גרם,false,1,16.90,3.38,true,1,
7290011474058,false,ספגטי כוסמין מלא אורגני 500 ג',גורי מוצרי צריכה (1991) בעמ,,ספגטי כוסמין אורגני,גרמים,500.00,100 גרם,false,1,19.90,3.98,true,1,
7290011474102,false,"תערובת קטניות למרק אורגני 500 גרם ""תבואות""",גולי בגמברו,,תערובת קטניות אורגני,גרמים,500.00,100 גרם,false,1,16.90,3.38,true,1,
7290011474133,false,תערובת למגדרה אורגנית 500 גרם,תבואות,,מגדרה אורגנית 500 גר,גרמים,500.00,100 גרם,false,1,16.90,3.38,true,1,
7290011474225,false,מלח המליה דק צנצנת 1 קג,תבואות,,מלח המליה דק צנצנת 1,גרמים,1000.00,100 גרם,false,1,18.90,1.89,true,1,
7290011474249,false,ממרח שקדים טבעי 300 גרם,גי' אנד גי' בעמ,IL,ממרח שקדים טבעי 300,גרמים,300.00,100 גרם,false,1,33.90,11.30,true,1,
7290011474256,false,מלח הימליה גס שקית 1 קילו תבואות,גורי מוצרי צריכה (1991) בעמ,,מלח הימליה גס שקית 1,גרמים,1000.00,100 גרם,false,1,15.90,1.59,true,1,
7290011474317,false,מלח המליה גס צנצנת 1 קג,,,מלח המליה גס צנצנת 1,גרמים,1000.00,100 גרם,false,1,19.90,1.99,true,1,
7290011474324,false,חמוציות אורגניות 170 גר,,,חמוציות אורגניות 170,גרמים,170.00,100 גרם,false,1,24.90,14.65,true,1,
7290011474362,false,קמח עדשים אורגני 500 גרם תבואות,גורי מוצרי צריכה (1991) בעמ,,קמח עדשים אורגני 500,גרמים,500.00,100 גרם,false,1,15.90,3.18,true,1,
7290011474386,false,קוואקר דק אורגני 500 גרם,גורי מוצרי צריכה (1991) בעמ,,קוואקר אורגני דק 500,גרמים,500.00,100 גרם,false,1,9.90,1.98,true,1,
7290011474430,false,"אורז בסמטי מלא אורגני 1 ק""ג",,,אורז בסמטי מלא אורגנ,גרמים,1000.00,100 גרם,false,1,25.90,2.59,true,1,
7290011474447,false,קוואקר עבה טבעי תבואות 400 גרם אורגני,גורי מוצרי צריכה (1991) בעמ,,קוואקר עבה טבעי 500,גרמים,500.00,100 גרם,false,1,7.50,1.50,true,1,
7290011474485,false,מלח אטלנטי דק קופסה 1 קילו,,,מלח אטלנטי דק קופסה,גרמים,1000.00,100 גרם,false,1,19.90,1.99,true,1,
7290011474577,false,פולי קקאו גרוס נא אורגני 200 גרם,תבואות,,פולי קקאו גרוס נא או,מיליליטרים,750.00,"100 מ""ל",false,1,20.90,2.79,true,1,
7290011474591,false,פנה כוסמין מלא תבואות אורגני 500 גרם,גורי מוצרי צריכה (1991) בעמ,,פנה כוסמין מלא אורגנ,גרמים,500.00,100 גרם,false,1,19.90,3.98,true,1,
7290011474713,false,שבבי סויה טבעי 200 גרם תבואות,,,שבבי סויה טבעי 200 ג,גרמים,200.00,100 גרם,false,1,9.90,4.95,true,1,
7290011474768,false,"קמח כוסמין לבן אורגני 1 ק""ג תבואות",תבואות מוצרי מזון אורגני,,קמח כוסמין לבן אורגנ,גרמים,1000.00,100 גרם,false,1,22.90,2.29,true,1,
7290011474898,false,סוכר קוקוס תבואות 300 גרם אורגני,גורי מוצרי צריכה (1991) בעמ,,סוכר קוקוס אורגני 30,גרמים,300.00,100 גרם,false,1,13.90,4.63,true,1,
7290011474997,false,ערמונים אורגניים 100 גר,תבואות,,ערמונים אורגניים 100,גרמים,100.00,100 גרם,false,1,6.90,6.90,true,1,
7290011482145,false,"מי ורדים 250 מ""ל",,,מי ורדים 250 מל,מיליליטרים,250.00,"100 מ""ל",false,1,14.90,5.96,true,1,
7290011493165,false,"תמצית וניל טהורה 50 מ""ל",,,תמצית וניל טהור 50 מ,מיליליטרים,50.00,"100 מ""ל",false,1,62.90,125.80,true,1,
7290011498085,false,מרציפן מצופה שוקולד 30 גרם,,,מרציפן מצופה שוקולד,גרמים,30.00,100 גרם,false,1,6.50,21.67,true,1,
7290011498108,false,מרציפן נטו 75 גרם,שקד תבור,,מרציפן נטו 75 גרם,גרמים,75.00,100 גרם,false,1,8.90,11.87,true,1,
7290011498177,false,ממרח שקד לבן מקולף 700 ג,שקד תבור,,שקד לבן 700 גרם,גרמים,700.00,100 גרם,false,1,73.50,10.50,true,1,
7290011498191,false,מארז חטיפי מרציפן מצופה שוקולד 180 גרם,שקד תבור,,מארז חטיפי מרציפן מצ,גרמים,180.00,100 גרם,false,1,19.90,11.06,true,1,
7290011498221,false,גרוסליין - סילאן טבעי 900 גרם,אלמנדוס,,סילאן תמרים טבעי 900,גרמים,900.00,100 גרם,false,1,19.90,2.21,true,1,
7290011498283,false,אגוזי אדמה חמאה בוטנים 700 גר,שקד תבור,,אגוזי אדמה חמאה בוטנ,גרמים,700.00,100 גרם,false,1,26.50,3.79,true,1,
7290011498351,false,ממרח אילסר אגוזי לוז,שקד תבור,,חמאת לוז 200 גרם,גרמים,200.00,100 גרם,false,1,24.90,12.45,true,1,
7290011498368,false,ממרח פיסטוק אלת הבטנ,שקד תבור,,חמאת פיסטוק 200 גרם,גרמים,200.00,100 גרם,false,1,45.90,22.95,true,1,
7290011498405,false,שמן קוקוס אורגני 350,שקד תבור,,שמן קוקוס 100% 350 מ,מיליליטרים,350.00,"100 מ""ל",false,1,21.90,6.26,true,1,
7290011498412,false,חמאת קקאו אורגני 200,שקד תבור,,חמאת קקאו 200 גרם,גרמים,200.00,100 גרם,false,1,21.90,10.95,true,1,
7290011498498,false,סירופ אגבה לחיץ 500 גרם,"אלמונדס בע""מ",,סירופ אגבה לחיץ 500,גרמים,500.00,100 גרם,false,1,17.90,3.58,true,1,
7290011498504,false,ממרח חלבה פרווה (350 גרם),שקד תבור,,ממרח חלבה עשירה 350,גרמים,350.00,100 גרם,false,1,14.90,4.26,true,1,
7290011498870,false,מארז חטיפי תמר במילוי חמאת שקדים 150 גרם,"אלמנדוס בע""מ",,חטיף תמרים במילוי חמ,גרמים,150.00,100 גרם,false,1,16.70,11.13,true,1,
7290011498887,false,מארז חטיפי תמר במילוי חמאת קוקוס 150 גרם,"אלמנדוס בע""מ",,חטיף תמרים במילוי חמ,גרמים,150.00,100 גרם,false,1,16.70,11.13,true,1,
7290011498894,false,מארז חטיפי תמר במילוי חמאת בוטנים 150 גרם,מרכז השקד,,חטיף תמרים במילוי חמ,גרמים,150.00,100 גרם,false,1,16.70,11.13,true,1,
7290011498955,false,אגוזי אדמה חמאת בוטנ300ג,שקד תבור,,אגוזי אדמה 300 גרם,גרמים,300.00,100 גרם,false,1,13.50,4.50,true,1,
7290011498993,false,חמאת קשיו 100% ממרח300ג,מרכז השקד,,חמאת קשיו לבן 300 גר,גרמים,300.00,100 גרם,false,1,27.90,9.30,true,1,
7290011499051,false,פטה כבשים מסורתית 20% בגביע 250 גרם - רובין,מחלבות גד שיווק 1992 בעמ,,פטה כבשים מסורתית 2,גרמים,250.00,100 גרם,false,1,24.90,9.96,true,1,
7290011499105,false,בולגרית מסורתית 5% 250 גרם -רבנות,מחלבות גד שיווק 1992 בעמ,,בולגרית 5% 250גר,גרמים,250.00,100 גרם,false,1,22.60,9.04,true,1,
7290011499112,false,בולגרית מסורתית 16% 250 גרם - רבנות,מחלבות גד שיווק 1992 בעמ,,בולגרית 16% 250גר,גרמים,250.00,100 גרם,false,1,22.60,9.04,true,1,
7290011499129,false,גבינה בולגרית מעודנת קוביות קטנות 5% גד 200 גרם,מחלבות גד שיווק 1992 בעמ,,קוביות בולגרית מעודנ,גרמים,200.00,100 גרם,false,1,20.90,10.45,true,1,
7290011499303,false,פטה עיזים מעודנת 5% בגביע 250 גרם - רבנות,מחלבות גד שיווק 1992 בעמ,,גבינה בולגרית מעודנת,גרמים,250.00,100 גרם,false,1,30.90,12.36,true,1,
7290011499327,false,גבינה בולגרית מעודנת 5% 250 גרם - רבנות,מחלבות גד שיווק 1992 בעמ,,גבינה בולגרית מעודנת,גרמים,250.00,100 גרם,false,1,22.90,9.16,true,1,
7290011499358,false,פטה עיזים מסורתית 20% בגביע 200 גרם - רובין,מחלבות גד שיווק 1992 בעמ,,גבינת פטה עיזים 200,גרמים,200.00,100 גרם,false,1,26.00,13.00,true,1,
7290011499365,false,גבינת חלומי 24% מחלב בקר גד (200 גרם),מחלבות גד שיווק 1992 בעמ,,גבינת חלומי 200 גר,גרמים,200.00,100 גרם,false,1,20.90,10.45,true,1,
7290011499419,false,גבינה במרקם שמנת בטעם טבעי 5% ניו יורק,מחלבות גד שיווק 1992 בעמ,,גבינה במרקם שמנת 5%,גרמים,200.00,100 גרם,false,1,11.40,5.70,true,1,
7290011499525,false,גבינת לאבנה דרוזית 9% גד 500 גרם,מחלבות גד שיווק 1992 בעמ,,לאבנה 500גר 9%,גרמים,500.00,100 גרם,false,1,20.30,4.06,true,1,
7290011499624,false,שמנת 30% ניו יורק טבעי 200 גרם רבנות,מחלבות גד שיווק 1992 בעמ,,גבינת שמנת 30% טבעי,גרמים,200.00,100 גרם,false,1,12.90,6.45,true,1,
7290011499846,false,גבינת ריקוטה פרסקה 9% גד (300 גרם),מחלבות גד שיווק 1992 בעמ,,ריקוטה פרסקה 9% 300,גרמים,150.00,100 גרם,false,1,18.00,12.00,true,1,
7290011499853,false,שמנת 30% ניו יורק זיתים 200 גרם רובין,מחלבות גד שיווק 1992 בעמ,,גבינת שמנת זיתים 30%,גרמים,200.00,100 גרם,false,1,12.90,6.45,true,1,
7290011501617,false,חמוציות ברכז תפוחים ללא סוכר 250 גרם,דין שיווק וקליה 2021 בעמ,,חמוציות תפוחים ללא ס,גרמים,250.00,100 גרם,false,1,19.70,7.88,true,1,
7290011502850,false,דלישס מיזלי עם פירות 500גר,"דין שיווק וקלייה בע""",,מיזלי פירות 500 גר,גרמים,500.00,100 גרם,false,1,14.90,2.98,true,1,
7290011502874,false,דלישס גרנולה עם פירות יבשים 500גר,"דין שיווק וקליה בע""מ",,גרנולה פירות 500 גרם,גרמים,500.00,100 גרם,false,1,14.90,2.98,true,1,
7290011515683,false,מאגדת טילון אקסטרים וניל נסטלה 6 יחידות,נגה גלידות שותפות מוגבלת,,מאגדת אקסטרים וניל,גרמים,432.00,100 גרם,false,1,33.90,7.85,true,1,
7290011515911,false,שלגוני לייט ריבת חלב עם סירופ 6*52 גרם,נגה גלידות שותפות מוגבלת,,מאגדת לייט ריבת חלב,Unknown,0.00,Unknown,false,1,29.90,29.90,true,1,
7290011518561,false,"אקטימל תות 1.51 ק""ג מארז 14 יחידות",שטראוס גרופ בעמ/מצונן,,אקטימל תות מארז משפח,ליטרים,0.00,ליטר,false,1,29.90,29.90,true,1,
7290011525712,false,"קמיל בלו אל סבון סנסיטיב לפני השינה ד""ר פישר 1 ליטר","פישר תעשיות פרמצביטות בע""מ",,אל סבון לפני השינה ק,מיליליטרים,1000.00,"100 מ""ל",false,1,34.50,3.45,true,1,
7290011525729,false,שמפו לתינוק קמיל בלו סנסטיב לפני השינה עם לבנדר וקמומיל,"פישר תעשיות פרמבצטיות בע""מ",,שמפו לפני שינה קמיל,מיליליטרים,1000.00,"100 מ""ל",false,1,34.50,3.45,true,1,
7290011530358,false,שייק איט 450 גרם friday מיקס פירות קפוא,"הבו-קדו בע""מ",IL,שייק איט 450 גרם,גרמים,450.00,100 גרם,false,1,31.50,7.00,true,1,
7290011530488,false,שייק איט 450 גר saturday מיקס פירות קפוא,"הבו-קדו בע""מ",IL,שייק איט 450 גר satu,גרמים,450.00,100 גרם,false,1,31.50,7.00,true,1,
7290011530525,false,מיקס פירות קפואים שייק איט צהוב - 3*150 ג',"הבו-קדו בע""מ",IL,שייק איט 450 גרם,גרמים,450.00,100 גרם,false,1,31.50,7.00,true,1,
7290011530532,false,מיקס פירות קפואים שייק איט ירוק - 3*150 ג',"הבו-קדו בע""מ",IL,שייק איט 450 גרם,גרמים,450.00,100 גרם,false,1,31.50,7.00,true,1,
7290011530549,false,מיקס פירות קפואים שייק איט ורוד - 3*150 ג',"הבו-קדו בע""מ",IL,שייק איט 450 גרם,גרמים,450.00,100 גרם,false,1,31.50,7.00,true,1,
7290011530730,false,מיקס פירות קפואים שייק איט חום - 3*150 ג',"הבו-קדו בע""מ",IL,שייק איט 450 ג,גרמים,450.00,100 גרם,false,1,31.50,7.00,true,1,
7290011530747,false,מיקס פירות קפואים שייק איט סגול - 3*150 ג',"הבו-קדו בע""מ",IL,שייק איט 450 גרם,גרמים,450.00,100 גרם,false,1,31.50,7.00,true,1,
7290011552008,false,מנטרל ריח טבעי 500 מ,,,מנטרל ריח טבעי 500 מ,Unknown,0.00,Unknown,false,1,57.90,57.90,true,1,
7290011552169,false,"שמן קצח כבישה קרה 250 מ""ל",,IL,שמן קצח כבישה קרה 25,מיליליטרים,250.00,"100 מ""ל",false,1,63.90,25.56,true,1,
7290011570088,false,ריבת חלב גלעם לייט גלוטן 400 גר קומידה,תומר יבוא ושיווק מוצרי מזון (1,,"ריבת חלב ללת""ס 450 ג",גרמים,450.00,100 גרם,false,1,23.90,5.31,true,1,
7290011570507,false,קמח נטול גלוטן-כרגיל קונדיטור,תומר ייבוא ושיווק מוצרי מזון [,,קמח נטול גלוטן כרגיל,גרמים,1000.00,100 גרם,false,1,20.90,2.09,true,1,
7290011570781,false,"קמח כרגיל ללא גלוטן בטעם וניל אשבל 1 ק""ג",תומר יבוא ושיווק מוצרי מזון (1,,קמח כרגיל בטעם וניל,גרמים,450.00,100 גרם,false,1,19.90,4.42,true,1,
7290011570798,false,"קמח כרגיל ללא גלוטן בטעם שוקולד אשבל 1 ק""ג",תומר ייבוא ושיווק מוצרי מזון [,,קמח כרגיל בטעם שוקול,גרמים,450.00,100 גרם,false,1,19.90,4.42,true,1,
7290011570934,false,תערובת להכנת פנקייק ללא גלוטן 500 ג',תומר יבוא ושיווק מוצרי מזון (1,,קמח לפנקייק כרגיל 40,גרמים,400.00,100 גרם,false,1,19.90,4.98,true,1,
7290011575007,false,"הפי מרסס שומר ברק למקלחון 750 מ""ל","יעקב יעקבי ובניו בע""מ",,הפי לאמבט ולמקלחון,מיליליטרים,750.00,"100 מ""ל",false,1,22.50,3.00,true,1,
7290011575014,false,מטליות הפי לניקוי רב שימושי 9 יח,יעקובי הפי,,מטליות הפי לניקוי רב,Unknown,0.00,Unknown,false,1,16.90,16.90,true,1,
7290011575526,false,הפי מטלית מיקרופייבר,סי.פי.קנג,,הפי מטלית מיקרופייבר,Unknown,0.00,Unknown,false,1,15.90,15.90,true,1,
7290011585198,false,כיסונים במילוי בשר 1400 גרם,,,כיסונים השף במילוי,גרמים,1400.00,100 גרם,false,1,49.90,3.56,true,1,
7290011585228,false,כיסונים במילוי בשר 1500 גרם,,,כיסונים במילוי בשר 1,גרמים,1500.00,100 גרם,false,1,41.90,2.79,true,1,
7290011585242,false,ציבורקי במילוי בשר וירק 600 גרם,,,ציבורקי במילוי בשר,גרמים,600.00,100 גרם,false,1,31.90,5.32,true,1,
7290011585723,false,כיסונים ביתי במילוי בשר 900 גרם,,,כיסונים ביתי במילוי,גרמים,900.00,100 גרם,false,1,31.90,3.54,true,1,
7290011585754,false,כיסונים סיבירסקי במילוי בשר 900 גרם,,,כיסונים סיבירסקי במי,גרמים,900.00,100 גרם,false,1,31.90,3.54,true,1,
7290011585785,false,ציבורקי קלאסי 600 גרם,,,ציבורקי קלאסי 600 גר,גרמים,600.00,100 גרם,false,1,31.90,5.32,true,1,
7290011585815,false,מאפה (פירושקי) במילוי בשר 600 גרם,,,מאפה (פירושקי) במילו,גרמים,600.00,100 גרם,false,1,31.90,5.32,true,1,
7290011585853,false,בלינצס במילוי בשר 600 גרם,,,בלינצס במילוי בשר 60,גרמים,600.00,100 גרם,false,1,31.90,5.32,true,1,
7290011585877,false,"בלינצס במילוי תפו""א ופטריות 600 גרם",,,"בלינצס במילוי תפו""א",גרמים,600.00,100 גרם,false,1,31.90,5.32,true,1,
7290011585921,false,בצק שמרים קלאסי 1 קג,,,"בצק שמרים 1 ק""ג",גרמים,1000.00,100 גרם,false,1,15.90,1.59,true,1,
7290011587079,false,חרדל דיז'ון גרגירים 370 ג' PICCATA,תומר ייבוא ושיווק מוצרי מזון [,,חרדל דיזון גרגירים 3,גרמים,370.00,100 גרם,false,1,11.40,3.08,true,1,
7290011587123,false,קרם קוקוס תומר 400 מ,Thai coconut co ltd,,קרם קוקוס 400 גר,גרמים,400.00,100 גרם,false,1,8.90,2.23,true,1,
7290011587307,false,תחתיות ארטישוק 400 גר',Egyptian spanish co,,ארטישוק תחתיות,גרמים,400.00,100 גרם,false,1,12.40,3.10,true,1,
7290011587444,false,מוזלי קראנצי בתוספת פירות ויטליה 600 גרם,תומר יבוא ושיווק מוצרי מזון (1,,מוזלי קראנצ פרות 600,מיליליטרים,600.00,"100 מ""ל",false,1,15.60,2.60,true,1,
7290011587451,false,מוזלי קראנצי בתוספת פירות ואגוזים ויטליה 600 גרם,תומר יבוא ושיווק מוצרי מזון (1,,גרנולה פירות 600 גר,גרמים,600.00,100 גרם,false,1,15.60,2.60,true,1,
7290011587468,false,מוזלי קראנצי בתוספת אגוזים ויטליה 600 גרם,תומר ייבוא ושיווק מוצרי מזון [,,מוזלי קראנצ 600 גר,מיליליטרים,600.00,"100 מ""ל",false,1,15.60,2.60,true,1,
7290011587598,false,פילה אנשובי בשמן תומר (45 גרם),תומר ייבוא ושיווק מוצרי מזון [,,פילה אנשובי 45 גרם,גרמים,45.00,100 גרם,false,1,6.90,15.33,true,1,
7290011587611,false,מקרל מרוקאי בשמן 125 גר 25X,תומר ייבוא ושיווק מוצרי מזון [,,מקרל מרוקאי בשמן 125,גרמים,125.00,100 גרם,false,1,7.90,6.32,true,1,
7290011587642,false,מקרל בשמן חמניות עם פלפל חריף,תומר ייבוא ושיווק מוצרי מזון [,,מקרל מרוקאי חריף 125,גרמים,125.00,100 גרם,false,1,7.90,6.32,true,1,
7290011587703,false,ממרח עגבניות מיובשות פיקנטי תומר 360 גרם,תומר יבוא ושיווק מוצרי מזון (1,,ממרח עגבניות חריף פס,גרמים,360.00,100 גרם,false,1,15.90,4.42,true,1,
7290011587758,false,אטריות נודלס דק 200 גר' -תומר,תומר ייבוא ושיווק מוצרי מזון [,,נודלס דק 200 גר,גרמים,200.00,100 גרם,false,1,4.50,2.25,true,1,
7290011587826,false,חרדל דיז'ון 370 ג' PICCATA,Covinor sas,,חרדל דיזון 370 גרם,גרמים,370.00,100 גרם,false,1,11.40,3.08,true,1,
7290011587857,false,עגבניות מיובשות בשמן חמניות ועשבי תיבול תומר 250 ג',סנטו דידה סאן,,עגבניות מיובשות מתוב,גרמים,250.00,100 גרם,false,1,11.70,4.68,true,1,
7290011587956,false,רוטב צ'ילי מתוק 700 ג' תומר,,,רוטב צילי מתוק 700 מ,מיליליטרים,700.00,"100 מ""ל",false,1,12.90,1.84,true,1,
7290011587963,false,רוטב צ'ילי חריף 700 ג' תומר,Baaeco v food ltd pa,,רוטב צילי חריף 700 ג,מיליליטרים,700.00,"100 מ""ל",false,1,12.90,1.84,true,1,
7290011598259,false,"פרש מטהר אוויר אוטומטי בניחוח מאסק סנו 250 מ""ל",החברה הדרומית לשיווק בעמ,,סנו פרש אוטומטיק מיל,מיליליטרים,250.00,"100 מ""ל",false,1,14.90,5.96,true,1,
7290011598365,false,רביעיית מטליות מיקרופייבר מקצועיות סנו סושי,החב הדרומית לשיווק,,סנו סושי סט מטליות מ,Unknown,0.00,Unknown,false,1,24.90,24.90,true,1,
7290011598457,false,נייר טואלט דו שכבתי - מארז 48 גלילים,החברה הדרומית לשיווק בעמ,,נייר טואלט סופט לבן,מטרים,882.00,מטר,false,1,47.90,0.05,true,1,
7290011607197,false,"קולון 101 אבקת כביסה 5 ק""ג",רקיט בנקיזר (ניר איסט) בעמ,,אבקת כביסה קולון 101,קילוגרמים,0.01,"ק""ג",false,1,36.50,3650.00,true,1,
7290011615260,false,"טורטייה 20 ס""מ קוטר וילי פוד 540 גר",ג.וילי פוד אינטרנשיונל בעמ,TR,"טורטייה 20 ס""מ קוטר",גרמים,540.00,100 גרם,false,1,9.90,1.83,true,1,
7290011615406,false,בולגרית בקוביות בשמן ותבלינים הבולגריה 325 ג' קוליוס,ג.וילי פוד אינטרנשיונל בעמ,,הבולגריה בקוביות שמן,גרמים,325.00,100 גרם,false,1,17.90,5.51,true,1,
7290011622442,false,טבעונים - חטיף טבעות דגנים מלאים בטעם טבעי 45 גרם,הארט Heart,,חטיף בריאות לתינוקות,גרמים,45.00,100 גרם,false,1,6.50,14.44,true,1,
7290011622664,false,כתמטמינים - חטיף אצבעות טחינה אורז ותירס 45 גרם,גורי מוצרי צריכה בעמ,,חטיף לתינוק טחינה כת,גרמים,45.00,100 גרם,false,1,6.50,14.44,true,1,
7290011622763,false,ביסקוויטמינים פלוס בטעם וניל 150 גרם,גורי מוצרי צריכה (1991) בעמ,IL,ביסקוויטמינים פלוס ו,גרמים,150.00,100 גרם,false,1,14.90,9.93,true,1,
7290011644000,false,מקלות תירס ממותקים 80 גרם,סנקי,,מקלות תירס ממותקים 8,גרמים,90.00,100 גרם,false,1,5.20,5.78,true,1,
7290011644505,false,שימורי כבד דג שיבוט 120 גרם ISLAND,יאקן איאצאפי,,שימורי כבד דג שיבוט,גרמים,120.00,100 גרם,false,1,10.40,8.67,true,1,
7290011695163,false,"מלח הימלאיה קריסטל שקית 1 ק""ג",,,מלח הימלאיה קריסטל ש,גרמים,1000.00,100 גרם,false,1,16.90,1.69,true,1,
7290011695224,false,"רוטב צ'ילי מתוק 700 מ""ל",BAAECO,,רוטב צילי מתוק 700,מיליליטרים,700.00,"100 מ""ל",false,1,11.90,1.70,true,1,
7290011695712,false,חמאת בוטנים עם שברי 510 ג' NEEMAN,SUPER NUTRI,,חמאת בוטנים קרמי 510,גרמים,510.00,100 גרם,false,1,14.90,2.92,true,1,
7290011728007,false,נאצוס תירס טבעי טרז פזוס 180 גרם,,IL,נאצוס תירס טבעי טרז,גרמים,180.00,100 גרם,false,1,19.80,11.00,true,1,
7290011728335,false,סלסה פלפל אדום וצ`יפוטלה 330 גרם,,IL,סלסה פלפל אדום וצ`יפ,גרמים,330.00,100 גרם,false,1,26.90,8.15,true,1,
7290011728724,false,סלסה עגבניות חרוכות 200 גרם,,IL,סלסה עגבניות חרוכות,גרמים,200.00,100 גרם,false,1,19.90,9.95,true,1,
7290011743833,false,משחת שיניים פרונאמל סנסודיין (75 מל),גלקסו סמית קליין,,משחת שיניים סנסודיין,Unknown,0.00,Unknown,false,1,28.50,28.50,true,1,
7290011765095,false,קרמה מן גל גילוח אלוורה ירוק 200 מל,החברה הדרומית לשיווק בעמ,,קרמה מן גל גילוח אלו,מיליליטרים,200.00,"100 מ""ל",false,1,13.50,6.75,true,1,
7290011765217,false,"סנו מדיק ג'ל לניקוי ידיים אלוורה 100 מ""ל",החברה הדרומית לשיווק בעמ,,סנומדיק גל לניקוי יד,Unknown,0.00,Unknown,false,1,9.90,9.90,true,1,
7290011765354,false,מברשת שיניים אורביטול ברייטסינג,קוסמופארם,,מברשת שיניים אורביטו,יחידה,1.00,יחידה,false,1,14.30,14.30,true,1,
7290011765613,false,סנו מסיר עובש בניחות לימון מתז 1 ל',החברה הדרומית לשיווק בעמ,IL,מרסס מסיר עובש סנו 1,מיליליטרים,1000.00,"100 מ""ל",false,1,17.90,1.79,true,1,
7290011800840,false,רפי כהן סלט טחינה בלאדי צבר 400 גרם,קבוצת אוסם סחר שותפות מוגבלת,,טחינה בלאדי רפי כהן,גרמים,400.00,100 גרם,false,1,18.30,4.58,true,1,
7290011830007,false,"סוכר חום אורגני השדה מוצרים אורגנים 1 ק""ג",השדה מוצרים אורגניים,,סוכר קנים אורגני חום,גרמים,1000.00,100 גרם,false,1,13.50,1.35,true,1,
7290011830205,false,פסטה כוסמין פטוציני השדה 350 גר,השדה מוצרים אורגניים,,פסטה כוסמין פטוציני,גרמים,350.00,100 גרם,false,1,21.90,6.26,true,1,
7290011830243,false,אטריות אורג. ללא גלוטן מאורז תאילנדי 250,השדה מוצרים אורגניים,,אטריות אורג. ללא גלו,גרמים,250.00,100 גרם,false,1,16.90,6.76,true,1,
7290011830366,false,טליאטלה מקמח דורום 5 צבעים אורגני 500 גר,השדה מוצרים טבעיים ו,,טליאטלה מקמח דורום 5,גרמים,500.00,100 גרם,false,1,30.50,6.10,true,1,
7290011830373,false,פפרדלה מקמח דורום 5 צבעים אורגני 500 גרם,השדה מוצרים טבעיים ו,,פפרדלה מקמח דורום 5,גרמים,500.00,100 גרם,false,1,30.50,6.10,true,1,
7290011830380,false,פסטה מקמח דורם חמישה צבעים מקרוני אורגני השדה 500 גרם,השדה מוצרים טבעיים ו,,מקרוני מקמח דורום 5,גרמים,500.00,100 גרם,false,1,30.50,6.10,true,1,
7290011830564,false,פתיבר כוסמין אורגני השדה מוצרים אורגנים 200 גרם,השדה מוצרים אורגניים,,פתיבר כוסמין אורגני,גרמים,200.00,100 גרם,false,1,12.50,6.25,true,1,
7290011867393,false,גרנובל מרכך טבעי המעניק חיוניות 400 מ`ל,,,גרנובל מרכך טבעי המע,Unknown,0.00,Unknown,false,1,69.90,69.90,true,1,
7290011867928,false,אננדה שמפו לשיער פגום ויבש במיוחד,,,אננדה שמפו לשיער פגו,Unknown,0.00,Unknown,false,1,69.90,69.90,true,1,
7290011876388,false,קציצות עוף ובקר מאמא עוף (600 גרם),תנובה מרכז שיתופי לשיווק תוצרת,,מאמא עוף קציצות עוף,גרמים,600.00,100 גרם,false,1,34.40,5.73,true,1,
7290011877088,false,"רדיד אלומיניום רוחב 30 ס""מ, 18 מיקרון - מארז זוג",החברה הדרומית לשיווק בעמ,,סנו סושי רדיד אלומינ,מטרים,7.50,מטר,false,1,18.40,2.45,true,1,
7290011877095,false,"רדיד אלומיניום רוחב 45 ס""מ סנו סושי 2*7.5 מטר",החב הדרומית לשיווק,,סנו סושי רדיד אלומינ,מטרים,7.50,מטר,false,1,26.50,3.53,true,1,
7290011877835,false,שקיות ואקום לאחסון XXL סנו סושי 2 יחידות,מיוצר עי קונדיטוריית,,סנו סושי אריזות ואקו,Unknown,0.00,Unknown,false,1,25.90,25.90,true,1,
7290011877842,false,שקיות ואקום לאחסון XXXL+L סנו סושי 2 יחידות,החברה הדרומית לשיווק בעמ,,סנו סושי 2 אריזות וא,Unknown,0.00,Unknown,false,1,25.90,25.90,true,1,
7290011877859,false,סנו אינסטלטור חדש פותח סתימות 200ג',החברה הדרומית לשיווק בעמ,,סנו אינסטלטור פותח ס,מיליליטרים,200.00,"100 מ""ל",false,1,13.90,6.95,true,1,
7290011877866,false,"מקסימה אבקת כביסה בניחוח מאסק סנו 6 ק""ג",החברה הדרומית לשיווק בעמ,,אבקת כביסה מקסימה מא,קילוגרמים,0.01,"ק""ג",false,1,49.50,4950.00,true,1,
7290011878221,false,נאות סמדר רביעיית חטיף משמש 30 גר,טבעית,,נאות סמדר רביעיית חט,גרמים,3000.00,100 גרם,false,1,26.90,0.90,true,1,
7290011878351,false,תמרים מגהול 400 גרם אורגני,,,תמרים מגהול 400 גרם,גרמים,400.00,100 גרם,false,1,27.90,6.98,true,1,
7290011878368,false,תמרים זהידי 400 גרם,,,תמרים זהידי 400 גרם,גרמים,40000.00,100 גרם,false,1,16.90,0.04,true,1,
7290011878375,false,תמרים דקל נור 400 גרם,,,תמרים דקל נור 400 גר,גרמים,40000.00,100 גרם,false,1,17.90,0.04,true,1,
7290011878702,false,חטיף אורגני תמר קוקוס 30 גרם נאות סמדר,General,,חטיף אורגני תמר קוקו,גרמים,30.00,100 גרם,false,1,7.30,24.33,true,1,
7290011878870,false,"נקטר שזיף ללא תוספת סוכר 330 מ""ל",,,נקטר שזיף ללא תוספת,מיליליטרים,330.00,"100 מ""ל",false,1,13.20,4.00,true,1,
7290011878931,false,חטיף אורגני משמש 30 גרם נאות סמדר,טבעית,,חטיף אורגני משמש 30,גרמים,30.00,100 גרם,false,1,7.30,24.33,true,1,
7290011891800,false,טי פור 2 - מסננת לב,,,טי פור 2 - מסננת לב,Unknown,0.00,Unknown,false,1,14.90,14.90,true,1,
7290011912642,false,ליסטרין שטיפת פה הגנה על השיניים והחניכי,ג'\ונסון אנד ג'\ונסון,IT,מי פה ליסטרין להגנה,מיליליטרים,500.00,"100 מ""ל",false,1,19.80,3.96,true,1,
7290011923020,false,אוכמניות אורגניות מוקפאות 300גר ליב,,RS,אוכמניות אורגני קפוא,גרמים,300.00,100 גרם,false,1,24.90,8.30,true,1,
7290011923112,false,גבינת גוש בסגנון פטה יוונית טבעוני 200 ג,,GR,גבינת גוש בסגנון פטה,גרמים,200.00,100 גרם,false,1,19.90,9.95,true,1,
7290011923273,false,טופו אורגני ליב (300 גרם),ל.י.ב. (לחיות יותר בטבע) בעמ,,טופו אורגני 300 גרם,גרמים,300.00,100 גרם,false,1,13.50,4.50,true,1,
7290011923303,false,טופו טבעי ליב (300 גרם),ל.י.ב. (לחיות יותר בטבע) בעמ,,טופו טבעי ליב 300 גר,גרמים,300.00,100 גרם,false,1,10.90,3.63,true,1,
7290011931162,false,סוכרלייט ממתיק נוזלי על בסיס סוכרלוז,אף.סי תבליני בגליל ב,,סוכרלייט נוזלי 220 ג,גרמים,220.00,100 גרם,false,1,35.50,16.14,true,1,
7290011931193,false,סוכרלייט ממתיק אבקה סוכרזית 100 גרם,"שטראוס גרופ בע""מ",,סוכרלייט כפית לכפית,גרמים,105.00,100 גרם,false,1,37.90,36.10,true,1,
7290011947309,false,זיתים מצוננים סורי מבוקע ולימון כבוש זיתא 230 ג',תה ויסוצקי (ישראל) בעמ,,זית סורי מבוקע עם לי,גרמים,220.00,100 גרם,false,1,13.90,6.32,true,1,
7290011947316,false,זיתא זיתי קלמטה בשמן זית כתית מעולה 215ג,תה ויסוצקי (ישראל) בעמ,,זיתי קלמטה 215 גרם,גרמים,215.00,100 גרם,false,1,13.90,6.47,true,1,
7290011947521,false,"שמן זית כתית מעולה 750 מ""ל טעם מודגש זיתא",תה ויסוצקי (ישראל) בעמ,IL,שמן זית כתית מעולה מ,מיליליטרים,750.00,"100 מ""ל",false,1,32.90,4.39,true,1,
7290011947743,false,זיתים זיתא מיקס זית ירוק וזית קלמטה 215 גרם,תה ויסוצקי (ישראל) בעמ,IL,מיקס זיתים זיתא 215,גרמים,215.00,100 גרם,false,1,13.90,6.47,true,1,
7290011947781,false,מיקס זית ירוק וזית קלמטה ללא גלעין עם שמן זית כתית מעולה,תה ויסוצקי (ישראל) בעמ,IL,מיקס זית ירוק/קלמטה,גרמים,190.00,100 גרם,false,0,14.60,7.68,true,1,
7290011947798,false,זית קלמטה ללא גלעין עם שמן זית כתית מעולה,תה ויסוצקי (ישראל) בעמ,IL,זית קלמטה ללא גלעין,גרמים,190.00,100 גרם,false,0,14.60,7.68,true,1,
7290011947866,false,זיתא מיקס זיתים בפח 250 גרם,תה ויסוצקי (ישראל) בעמ,IL,מיקס זיתים בפח 440 ג,גרמים,440.00,100 גרם,false,1,20.90,4.75,true,1,
7290011947903,false,מיקס זיתים יווני זיתא 215 גרם,תה ויסוצקי (ישראל) בעמ,,מיקס זיתים יווני 215,גרמים,215.00,100 גרם,false,1,13.90,6.47,true,1,
7290011985004,false,גימנמה עלים חזרה לטבע 50 גרם,,,גימנמה עלים חזרה לטב,גרמים,50.00,100 גרם,false,1,26.90,53.80,true,1,
7290011985172,false,ליקוריץ שוש קירח גרוס 50 גר,,,ליקוריץ שוש קירח,Unknown,0.00,Unknown,false,1,19.90,19.90,true,1,
7290011985233,false,פספילורה 50גר,,,פספילורה 50גר,Unknown,0.00,Unknown,false,1,21.90,21.90,true,1,
7290011985264,false,פטל אדום עלים 50 גר,,,פטל אדום עלים 50 גר,Unknown,0.00,Unknown,false,1,15.90,15.90,true,1,
7290011985318,false,שן ארי עלים 50 גר,,,שן ארי עלים 50 גר,Unknown,0.00,Unknown,false,1,19.90,19.90,true,1,
7290011985332,false,סרפד 50 גר,,,סרפד 50 גר,Unknown,0.00,Unknown,false,1,12.90,12.90,true,1,
7290011985356,false,שן ארי שורש 50 גר,,,שן ארי שורש 50 גר,Unknown,0.00,Unknown,false,1,29.90,29.90,true,1,
7290011985387,false,עוזרר עלים 50 גר,,,עוזרר עלים 50 גר,גרמים,1.00,100 גרם,false,1,24.90,2490.00,true,1,
7290011985578,false,אסטרגלוס חזרה לטבע 50 גרם,,,אסטרגלוס חזרה לטבע 5,גרמים,50.00,100 גרם,false,1,32.90,65.80,true,1,
7290011985776,false,בבונג 50 גר,,,בבונג 50 גר,Unknown,0.00,Unknown,false,1,12.90,12.90,true,1,
7290011985783,false,לואיזה שלם 50 גר,,,לואיזה שלם 50 גר,Unknown,0.00,Unknown,false,1,21.90,21.90,true,1,
7290011985790,false,מנטה 50 גר,,,מנטה 50 גר,Unknown,0.00,Unknown,false,1,11.90,11.90,true,1,
7290011987268,false,סלמון פרוס 100 גר,,,סלמון פרוס 100 גר,גרמים,100.00,100 גרם,false,1,23.90,23.90,true,1,
7290011987466,false,סלמון פרוס בוואקום 200 גר,אס.פי.פיש האוס,,סלמון פרוס בוואקום,גרמים,200.00,100 גרם,false,1,45.90,22.95,true,1,
7290012001994,false,חרדל דיז'ון גרעינים 350 ג' ריין דיזון,דיפלומט מפיצים (1968) בעמ**,,חרדל דיזיון 350 גרם,גרמים,350.00,100 גרם,false,1,11.90,3.40,true,1,
7290012013089,false,עוגיות אגוזים ר.חלב300 גרם,,,עוגיות אגוזים,גרמים,300.00,100 גרם,false,1,23.90,7.97,true,1,
7290012013225,false,עוגת גבינה אפויה 420 גרם,,,עוגת גבינה אפויה,גרמים,420.00,100 גרם,false,1,44.90,10.69,true,1,
7290012015199,false,מגה פרוביוטיק קראן גין גרמזה 60 כמוסו,מורז,,מגה פרוביוטיק קראן ג,Unknown,0.00,Unknown,false,1,159.90,159.90,true,1,
7290012019012,false,אספרגוס לבן שלם תומר 330 גרם,תומר יבוא ושיווק מוצרי מזון (1,,אספרגוס לבן 350 גר,גרמים,350.00,100 גרם,false,1,9.80,2.80,true,1,
7290012019258,false,מחית תפוחי עץ רביעיה 4 * 113 ג' תומר,תומר ייבוא ושיווק מוצרי מזון [,,"רסק תפו""ע 4 יח 113",גרמים,113.00,100 גרם,false,1,13.50,11.95,true,1,
7290012019265,false,"מחית תפו""ע ללא תוספת סוכר 4*113גר",תומר ייבוא ושיווק מוצרי מזון [,,"רסק תפו""ע דיאט 4 יח",גרמים,113.00,100 גרם,false,1,13.50,11.95,true,1,
7290012019272,false,רביעיית מחית תפוח עץ וקינמון תומר 113 גרם,תומר ייבוא ושיווק מוצרי מזון [,,"רסק תפו""ע קינמון 4 י",גרמים,113.00,100 גרם,false,1,13.50,11.95,true,1,
7290012019401,false,מיץ דובדבן 100% 1 ליטר תוצרת גרוזיה,תומר יבוא ושיווק מוצרי מזון (1,,מיץ דובדבן 100% 1 לי,מיליליטרים,1000.00,"100 מ""ל",false,1,21.90,2.19,true,1,
7290012022005,false,פריכיות חיטה 60 גרם,דילייט 2005 בעמ,,פריכיות חיטה 70 גרם,גרמים,70.00,100 גרם,false,1,11.90,17.00,true,1,
7290012022050,false,פריכיות חיטה מלאה 100 גרם,דילייט 2005 בעמ,,פריכיות חיטה מלאה,גרמים,100.00,100 גרם,false,1,13.90,13.90,true,1,
7290012022067,false,קריספיות קידס 30 גרם,דילייט 2005 בעמ,IL,קריספיות קידס 30 גרם,גרמים,30.00,100 גרם,false,1,10.90,36.33,true,1,
7290012040481,false,טבק לגלגול סוגריות מלברו גולד 30 גר בודד,,,טבק לגלגול סוגריות מ,יחידה,1.00,יחידה,false,1,74.90,74.90,true,1,
7290012046124,false,רב מגבת SOFT CLEAN 800 גרם,,IL,רב מגבת SOFT CLEAN 8,גרמים,800.00,100 גרם,false,1,26.50,3.31,true,1,
7290012046131,false,מטליות לניקוי וחיטוי כללי סופט קלין 400 יח',,,מטליות לניקוי וחיטוי,Unknown,0.00,Unknown,false,1,32.90,32.90,true,1,
7290012046155,false,מטליות לחות לניקוי רצפות 50 יח,,,מטליות לחות לניקוי ר,Unknown,0.00,Unknown,false,1,32.90,32.90,true,1,
7290012046162,false,אל סבון נוזלי מארז שלישייה,,IL,אל סבון נוזלי מארז ש,Unknown,0.00,Unknown,false,1,14.90,14.90,true,1,
7290012046179,false,אל סבון נוזלי 1 ליטר + משאבה,,IL,אל סבון נוזלי 1 ליטר,Unknown,0.00,Unknown,false,1,10.90,10.90,true,1,
7290012052163,false,גרנולה רפאל - אגוזים זרעים ופירות,כרמית תעשיות ממתקים בעמ,,רפאל-גרנולה אגוזים ו,גרמים,350.00,100 גרם,false,1,16.90,4.83,true,1,
7290012052170,false,גרנולה עם אגוזים ופירות יבשים במתיקות מעודנת,כרמית תעשיות ממתקים בעמ,,רפאל-גרנולה ללא סוכר,גרמים,350.00,100 גרם,false,1,16.90,4.83,true,1,
7290012052194,false,גרנולה פירות יער וקשיו מרכיבים טבעיים 350 גרם,כרמית תעשיות ממתקים בעמ,,רפאל-גרנולה פירות יע,גרמים,350.00,100 גרם,false,1,16.90,4.83,true,1,
7290012052323,false,מוזלי עם פירות יבשים ושקדים ללא תוספת סוכר,כרמית תעשיות ממתקים בעמ,,גרנולה מוזלי מיקס לא,גרמים,1000.00,100 גרם,false,1,29.50,2.95,true,1,
7290012052330,false,גרנולה תענוג חלבה ותמרים 1 ק''ג,כרמית תעשיות ממתקים בעמ,,"גרנולה חלבה 1 ק""ג",קילוגרמים,0.00,"ק""ג",false,1,27.90,27.90,true,1,
7290012052347,false,"גרנולה תענוג-צימוקים ושקדים ללא תוספת סוכר 1 ק""ג",רפאלס,,גרנולה צימוקים ושקדי,קילוגרמים,0.00,"ק""ג",false,1,29.50,29.50,true,1,
7290012052361,false,גרנולה מוזלי בטעם מרכיבים טבעיים 350 גרם,כרמית תעשיות ממתקים בעמ,,רפאל-מוזלי שקדים פ.י,גרמים,350.00,100 גרם,false,1,16.90,4.83,true,1,
7290012071003,false,"ד""ר פישר - קמיל בלו משחה לתינוק 200 גרם","פישר תעשיות פרמצביטות בע""מ",,משחה לתינוק קמיל בלו,גרמים,200.00,100 גרם,false,1,24.90,12.45,true,1,
7290012116032,false,כיף פיות מרכך לסירוק קל 750 מל,החברה הדרומית לשיווק בעמ,,מרכך כיף פיות 750 מ,מיליליטרים,750.00,"100 מ""ל",false,1,13.50,1.80,true,1,
7290012116537,false,"מקסימה אבקת כביסה בניחוח מאסק סנו 2.5 ק""ג",החברה הדרומית לשיווק בעמ,,א.כ. מקסימה מאסק 2.5,קילוגרמים,0.00,"ק""ג",false,1,31.50,31.50,true,1,
7290012116551,false,אנטי קאלק נוזל לניקוי כללי סנו 2 ליטר,החברה הדרומית לשיווק בעמ,,סנו אנטי קאלק רב שימ,ליטרים,0.00,ליטר,false,1,19.90,19.90,true,1,
7290012117091,false,"אבקת כביסה סנסיטיב סנו מקסימה 6 ק""ג",החברה הדרומית לשיווק בעמ,,אבקת כביסה מקסימה סנ,קילוגרמים,0.01,"ק""ג",false,1,49.50,4950.00,true,1,
7290012117275,false,"קליר שקית מילוי לניקוי חלונות סנו 750 מ""ל",החברה הדרומית לשיווק בעמ,,סנוקליר שקית מילוי 7,מיליליטרים,750.00,"100 מ""ל",false,1,9.40,1.25,true,1,
7290012117428,false,"ג'ל רחצה ושמפו מעיינות מנטה קרמה מן 700 מ""ל",החברה הדרומית לשיווק בעמ,,קרמה מן שמפו+גל רחצה,מיליליטרים,700.00,"100 מ""ל",false,1,20.90,2.99,true,1,
7290012117541,false,מקסימה מרכך כביסה מרוכז צהוב סנו 1 ליטר,החברה הדרומית לשיווק בעמ,,מרכך כביסה מקסימה סו,מיליליטרים,1000.00,"100 מ""ל",false,1,17.90,1.79,true,1,
7290012117558,false,מקסימה מרכך כביסה מרוכז ורוד בניחוח מאסק סנו 1 ליטר,החברה הדרומית לשיווק בעמ,,מרכך כביסה מקסימה סו,מיליליטרים,1000.00,"100 מ""ל",false,1,17.90,1.79,true,1,
7290012117565,false,כפפות סנו סושי לטקס S אריזת 100יח',החב. הדרומית לשיווק,,סנו סושי כפפות לטקס,Unknown,0.00,Unknown,false,1,41.90,41.90,true,1,
7290012117572,false,כפפות סנו סושי לטקס M אריזת 100יח',החב. הדרומית לשיווק,,סנו סושי כפפות לטקס,Unknown,0.00,Unknown,false,1,41.90,41.90,true,1,
7290012117589,false,כפפות סנו סושי לטקס L אריזת 100יח',החב. הדרומית לשיווק,,סנו סושי כפפות לטקס,Unknown,0.00,Unknown,false,1,41.90,41.90,true,1,
7290012117732,false,מקסימה מרכך כביסה ארומתרפי קול סנו 4 ליטר,החברה הדרומית לשיווק בעמ,,סנו מקסימה מרכך כביס,ליטרים,0.00,ליטר,false,1,19.90,19.90,true,1,
7290012117916,false,אינסטלטור נוזל לפתיחת סתימות סנו 1 ליטר,החברה הדרומית לשיווק בעמ,,סנו אינסטלטור נוזלי,מיליליטרים,1000.00,"100 מ""ל",false,1,26.90,2.69,true,1,
7290012129728,false,מגבונים לחים פרשיס ללא בישום חמישייה,,IL,מגבונים לחים פרשיס ל,Unknown,0.00,Unknown,false,1,26.50,26.50,true,1,
7290012129742,false,מגבונים לחים פרשיס מבושם חמישייה,,IL,מגבונים לחים פרשיס מ,Unknown,0.00,Unknown,false,1,26.50,26.50,true,1,
7290012132926,false,"שמן קיק לשיער לוליס 100 מ""ל",,IL,שמן קיק לשיער לוליס,מיליליטרים,100.00,"100 מ""ל",false,1,29.90,29.90,true,1,
7290012159275,false,מיונז אמיתי 430 גרם LINA,יורוסטנדרט בעמ,,מיונז אמיתי 430 גרם,גרמים,430.00,100 גרם,false,1,10.40,2.42,true,1,
7290012159770,false,קפיר דן 500 מל,,,קפיר דן 0.5ל,מיליליטרים,500.00,"100 מ""ל",false,1,9.80,1.96,true,1,
7290012159787,false,קפיר דן 1 ל,,,קפיר דן 1ל,מיליליטרים,1000.00,"100 מ""ל",false,1,16.70,1.67,true,1,
7290012159794,false,רגינקה דן 1 ל,,,רגינקה דן 1 ל,מיליליטרים,1000.00,"100 מ""ל",false,1,17.50,1.75,true,1,
7290012159886,false,תחליף גבינה מותכת דר,,,דרוזבה 100 גר,גרמים,100.00,100 גרם,false,1,5.00,5.00,true,1,
7290012159893,false,תחליף גבינה מותכת דר,,,דרוזבה פטריות 100 ג,גרמים,100.00,100 גרם,false,1,5.00,5.00,true,1,
7290012159909,false,תחליף גבינה מותכת ינ,,,ינטר 100 גר,גרמים,100.00,100 גרם,false,1,5.00,5.00,true,1,
7290012159916,false,תחליף גבינה מותכת ינ,,,ינטר סלמון 100 גר,גרמים,100.00,100 גרם,false,1,5.00,5.00,true,1,
7290012191053,false,גפרורים ארוכים לגרילים,,,גפרור מטבח ארוך,Unknown,0.00,Unknown,false,1,7.30,7.30,true,1,
7290012191084,false,אריזת גפרורים 10 קופסאות,,IN,גפרור מטבח רגיל,Unknown,0.00,Unknown,false,1,3.90,3.90,true,1,
7290012193125,false,ממתיק על בסיס סוכרלוז - טבליות,"קיפל טבליות וממתיקים בע""מ",,סוכרלוז מרמולייט 150,גרמים,150.00,100 גרם,false,1,37.90,25.27,true,1,
7290012193163,false,סבון נוזלי פמלי לקשרי פריחת הדובדבן 1 ל,אף.סי תבליני בגליל ב,,סבון נוזלי פמלי,מיליליטרים,1000.00,"100 מ""ל",false,1,14.90,1.49,true,1,
7290012208027,false,ממרח חזרת מוטי שף 18,"איטיליאן פוד, אס.פי.",,ממרח חזרת מוטי שף 18,גרמים,180.00,100 גרם,false,1,20.90,11.61,true,1,
7290012208379,false,פריכיות כוסמת עם קינואה 135 גרם,זן - בר המכללה לטבעונות,,פריכיות כוסמת עם קינ,גרמים,135.00,100 גרם,false,1,11.90,8.81,true,1,
7290012208386,false,סוכר קוקוס אורגני 300 גרם,פונדוק דאיה בוקטג'ה,ID,סוכר קוקוס אורגני 30,גרמים,300.00,100 גרם,false,1,19.90,6.63,true,1,
7290012208485,false,פריכיות כוסמין עם עדשים אדומות 120 גרם,זן - בר המכללה לטבעונות,,פריכיות כוסמין עם עד,גרמים,120.00,100 גרם,false,1,11.90,9.92,true,1,
7290012208614,false,עגבניות מרוסקות אורגני 700 גרם,,IT,עגבניות מרוסקות אורג,גרמים,700.00,100 גרם,false,1,10.90,1.56,true,1,
7290012208751,false,סירופ מייפל טהור אורגני 300 גרם,,DK,סירופ מייפל טהור אור,גרמים,300.00,100 גרם,false,1,22.90,7.63,true,1,
7290012208768,false,וופל בלגי לנמנעים מגלוטן אביב ירוק 250 ג,מאפה פסח,,וופל בלגי לנמנעים מג,גרמים,250.00,100 גרם,false,1,29.90,11.96,true,1,
7290012208775,false,זרעי ציה 700 גרם,,IL,זרעי ציה 700 גרם,גרמים,700.00,100 גרם,false,1,32.90,4.70,true,1,
7290012208904,false,פתיתי שמרי בירה מיובשים 200 גרם,,FR,פתיתי שמרי בירה מיוב,גרמים,200.00,100 גרם,false,1,19.90,9.95,true,1,
7290012208942,false,יובה חלבון סויה מיובש בצורת מקלות 200 ג,נאיהואנג יג'\יה פוד רו א,CN,יובה חלבון סויה מיוב,גרמים,200.00,100 גרם,false,1,20.90,10.45,true,1,
7290012208959,false,יובה חלבון סויה מיובש בצורת כנפיים 300 ג,נאיהואנג יג'\יה פוד רו א,CN,יובה חלבון סויה מיוב,גרמים,300.00,100 גרם,false,1,20.90,6.97,true,1,
7290012247316,false,לב עוף טרי,,,לב עוף טרי,Unknown,0.00,"ק""ג",true,0,34.90,34.90,true,1,
7290012247804,false,סטייק פרגית קפוא,"נטו מלינדה סחר בע""מ",,סטייק פרגית קפוא,Unknown,0.00,"ק""ג",true,0,69.90,69.90,true,1,
7290012248993,false,מיקסר ידני MORPHY RICHARDS,,,מיקסר ידני MORPHY RI,קילוגרמים,0.00,"ק""ג",false,1,179.90,179.90,true,1,
7290012251047,false,קבנוס כפרי 250 גרם מזרע,,,קבנוס כפרי 250 גרם,גרמים,250.00,100 גרם,false,1,17.90,7.16,true,1,
7290012251108,false,סלמי טורו 170 גרם,,,סלמי טורו 170 גרם,גרמים,170.00,100 גרם,false,1,30.90,18.18,true,1,
7290012251146,false,מיני קופצקי סרוולט 280 גרם,ישרקו שיווק מותגי מז,,מיני קופצקי סרוולט,גרמים,280.00,100 גרם,false,1,31.90,11.39,true,1,
7290012251153,false,ביצי דג אלתית קוויאר במשקל,,,ביצי דג אלתית קוויאר,Unknown,0.00,"ק""ג",true,0,523.00,523.00,true,1,
7290012251160,false,מיני קרמליובסקי סרוולט 350 גר,ישרקו שיווק מותגי מז,,מיני קרמליובסקי,גרמים,350.00,100 גרם,false,1,36.90,10.54,true,1,
7290012251177,false,מיני סרוולט איטלקי 400 גר,ישרקו שיווק מותגי מז,,מיני סרוולט איטלקי,גרמים,400.00,100 גרם,false,1,47.90,11.98,true,1,
7290012251276,false,תיק בד טיב טעם,,,תיק רב פעמי ממוחזר,Unknown,0.00,Unknown,false,1,5.90,5.90,true,1,
7290012251313,false,גיוזה בטטה 320 גר קפוא מזרע,,,גיוזה בטטה 320 גר,גרמים,320.00,100 גרם,false,1,35.90,11.22,true,1,
7290012251320,false,גיוזה בקר 320 גר קפוא מזרע,,,גיוזה בקר 320 גר,גרמים,320.00,100 גרם,false,1,35.90,11.22,true,1,
7290012251337,false,דים סאם עוף ואורז 360 גר,,,דים סאם עוף ואורז,גרמים,360.00,100 גרם,false,1,42.90,11.92,true,1,
7290012251344,false,דים סאם ירקות ואורז 360 גר,,,דים סאם ירקות ואורז,גרמים,360.00,100 גרם,false,1,42.90,11.92,true,1,
7290012251351,false,דים סאם אורז פטריות 360 גר קפוא,,,דים סאם אורז פטריות,גרמים,360.00,100 גרם,false,1,42.90,11.92,true,1,
7290012251368,false,דים סאם אורז בקר 360 גר קפוא,,,דים סאם אורז בקר 360,גרמים,360.00,100 גרם,false,1,42.90,11.92,true,1,
7290012251382,false,פריזר ביצת הזהב 500 גר מזרע,,,פריזר ביצת הזהב 500,גרמים,500.00,100 גרם,false,1,44.90,8.98,true,1,
7290012251412,false,"קרפלך עוף מזרע 1 ק""ג",,,"קרפלך עוף מזרע 1 ק""ג",גרמים,1000.00,100 גרם,false,1,36.50,3.65,true,1,
7290012251429,false,קרפלך בשר לבן מזרע 600 גר,,,קרפלך בשר לבן מזרע,גרמים,600.00,100 גרם,false,1,26.50,4.42,true,1,
7290012251474,false,שרימפס 26/30 מקולף 500 ג' קפוא,,,שרימפס מקולף 500 גר,גרמים,500.00,100 גרם,false,1,47.90,9.58,true,1,
7290012251481,false,שרימפס מקולף 500 גר קפוא L,,,שרימפס מקולף 500 גר,גרמים,500.00,100 גרם,false,1,51.50,10.30,true,1,
7290012251498,false,שרימפס מקולף 500 גר קפוא M,,,שרימפס מקולף 500 גר,גרמים,500.00,100 גרם,false,1,51.50,10.30,true,1,
7290012251511,false,דג בסה קוביות 500 גר קפוא,,,דג בסה קוביות 500 גר,גרמים,500.00,100 גרם,false,1,17.90,3.58,true,1,
7290012251528,false,נקניקיות בוואריה עם גבינה 700 גר מזרע,,,נקניקיות בוואריה,גרמים,700.00,100 גרם,false,1,64.90,9.27,true,1,
7290012251535,false,שרימפס מבושל 750 גר קפוא,,,שרימפס מבושל קפוא,גרמים,750.00,100 גרם,false,1,58.50,7.80,true,1,
7290012251542,false,"שרימפס לא מקולף גדול 1 ק""ג קפוא 26/30",,,שרימפס לא מקולף גדול,קילוגרמים,0.00,"ק""ג",false,1,104.50,104.50,true,1,
7290012251610,false,קבנוס לכלב טעם אווז 120 גר,שחורי אריה ואנסטסיה,,קבנוס בטעם אווז,Unknown,0.00,Unknown,false,1,12.90,12.90,true,1,
7290012251672,false,חמאה צרפתית 200 גר,,,חמאה צרפתית 200 גר,גרמים,200.00,100 גרם,false,1,10.90,5.45,true,1,
7290012251757,false,קרפלך תפוחי אדמה 600 גר,,,קרפלך תפוחי אדמה 600,גרמים,600.00,100 גרם,false,1,21.90,3.65,true,1,
7290012251955,false,גבינת שמנת שום שמיר 30% Farmers cheese,,IL,גבינת שמנת שום שמיר,גרמים,200.00,100 גרם,false,1,9.90,4.95,true,1,
7290012251979,false,ממרח חמאה במליחות מעודנת Farmers cheese,,IL,ממרח חמאה במליחות מע,גרמים,150.00,100 גרם,false,1,11.90,7.93,true,1,
7290012252877,false,גבינת חלומי Farmers Cheese 200 גרם,,IL,גבינת חלומי Farmers,גרמים,200.00,100 גרם,false,1,20.90,10.45,true,1,
7290012252891,false,נקניקיות אוסטריות מצוננות 600 גרם,,IL,נקניקיות אוסטריות מצ,גרמים,600.00,100 גרם,false,1,31.90,5.32,true,1,
7290012252914,false,נקניקיות בלקניות מצוננות 600 גרם,,IL,נקניקיות בלקניות מצו,גרמים,600.00,100 גרם,false,1,24.90,4.15,true,1,
7290012306204,false,"אורז עגול בוכרי לאוש פלוב 1 ק""ג",,,אורז עגול בוכרי לאוש,גרמים,1000.00,100 גרם,false,1,19.90,1.99,true,1,
7290012306501,false,מעיין פריכיות כוסמת 150 גר' בלי מלח,כל בו מכבי,,פריכיות כוסמת 150 גר,גרמים,150.00,100 גרם,false,1,12.50,8.33,true,1,
7290012306723,false,"אורז עגול לאוש פלוב 1ק""ג",,,אורז עגול לאוש פלוב,גרמים,1000.00,100 גרם,false,1,16.90,1.69,true,1,
7290012309311,false,ערמונים קלופים שלמים 100 גר`,דין שיווק וקליה 2021 בעמ,,ערמונים קלופים שלמים,גרמים,100.00,100 גרם,false,1,5.80,5.80,true,1,
7290012309878,false,חלבה עם פיסטוקים 500 גר`ששון הקולה,דין שיווק וקליה 2021 בעמ,,חלבה עם פיסטוק 500 ג,גרמים,500.00,100 גרם,false,1,15.60,3.12,true,1,
7290012309939,false,חלווה מסולסלת בקופסא ששון הקולה 500 גרם,דין שיווק וקליה 2021 בעמ,,חלבה מסולסלת 500 גרם,גרמים,500.00,100 גרם,false,1,18.80,3.76,true,1,
7290012313141,false,מלפפונים פרוסות במלח קבוצת יבנה 330 גרם,קבוצת יבנה מוצרי מזון אגודה שי,,מלפפון פרוס 600 גרם,גרמים,600.00,100 גרם,false,1,6.50,1.08,true,1,
7290012316579,false,"יין אדום יקב צובה מצודה 750 מ""ל",,,יין אדום יקב צובה מצ,Unknown,0.00,Unknown,false,1,79.90,79.90,true,1,
7290012349522,false,מלח הימלאיה דק,,,מלח הימלאיה דק,גרמים,200.00,100 גרם,false,1,10.90,5.45,true,1,
7290012349546,false,מלח הימלאיה 200 גר ע,,,מלח הימלאיה 200 גר ע,גרמים,200.00,100 גרם,false,1,13.50,6.75,true,1,
7290012349553,false,מלח דק גבישי מן ההימלאיה,,,מלח הימלאיה 500 גר ד,גרמים,500.00,100 גרם,false,1,19.50,3.90,true,1,
7290012349560,false,מלח עבה גבישי הימלאיה,,,מלח הימלאיה 500 גר ע,גרמים,500.00,100 גרם,false,1,19.50,3.90,true,1,
7290012349652,false,מלח דק גבישי מן ההימ,,,מלח דק גבישי מן ההימ,גרמים,1000.00,100 גרם,false,1,32.50,3.25,true,1,
7290012367717,false,קרם ידיים וציפורניים Intensive relief לעור יבש ומגורה,פישר תעשיות פרמבצטיות בעמ,,קרם ידיים שיבולת שוע,מיליליטרים,150.00,"100 מ""ל",false,1,16.30,10.87,true,1,
7290012384691,false,עוגיות מרנג וניל AZUL,,,עוגיות מרנג וניל AZU,גרמים,280.00,100 גרם,false,1,29.90,10.68,true,1,
7290012384783,false,עוגיות מעדן חלבה La Farina,General,,מעדן חלבה,Unknown,0.00,Unknown,false,1,39.90,39.90,true,1,
7290012384912,false,מעדן שכבות,,,מעדן שכבות,גרמים,900.00,100 גרם,false,1,39.90,4.43,true,1,
7290012385780,false,פאי לימון ומרנג,,,פאי לימון,Unknown,0.00,Unknown,false,1,69.90,69.90,true,1,
7290012404177,false,"שוופס Fruits תפוח זכוכית 330 מ""ל",יפאורה שותפות מוגבלת לשיווק,,שוופס FRUITS תפוחים,מיליליטרים,330.00,"100 מ""ל",false,1,5.70,1.73,true,1,
7290012404955,false,נקטר חמוציות ספרינג קולקשן (1.25 ליטר),יפאורה - שותפות מוגבלת לשיווק,,ספרינג Collection,ליטרים,0.00,ליטר,false,1,12.90,12.90,true,1,
7290012404993,false,נקטר דיאט חמוציות ספרינג קולקשן 1.25 ליטר,יפאורה - שותפות מוגבלת לשיווק,,ספרינג Collection די,ליטרים,0.00,ליטר,false,1,12.90,12.90,true,1,
7290012413636,false,תה ירוק צ'אי מסאלה ויסוצקי 25 יחידות,תה ויסוצקי (ישראל) בעמ,,תה ירוק צאי מסאלה 25,Unknown,0.00,Unknown,false,1,24.90,24.90,true,1,
7290012413643,false,תה ירוק קמומיל 25 שקיקים ויסוצקי,תה ויסוצקי (ישראל) בעמ,,תה ירוק קמומיל 25 ש,Unknown,0.00,Unknown,false,1,24.90,24.90,true,1,
7290012449949,false,נפה נירוסטה קוטר 15.,,,נפה נירוסטה קוטר 15.,Unknown,0.00,Unknown,false,1,21.90,21.90,true,1,
7290012475085,false,משקה עולש נמס אורגני גרין פילד 100 גרם,,PL,משקה עולש נמס אורגני,גרמים,100.00,100 גרם,false,1,21.90,21.90,true,1,
7290012475108,false,משקה משעורה נמס אורגני גרין פילד 75 גרם,י.איטליאנו אחזקות בעמ,,משקה שעורה נמס אורגנ,גרמים,100.00,100 גרם,false,1,15.50,15.50,true,1,
7290012475863,false,"גליל גבינה קלאסי ע""ב אורז טבעוני 200 ג",פריסקולאט ס.ר.ל. קוסטנזה,IT,"גליל גבינה קלאסי ע""ב",גרמים,200.00,100 גרם,false,1,34.90,17.45,true,1,
7290012475870,false,"גליל גבינה מעושן ע""ב אורז טבעוני 200 ג",פריסקולאט ס.ר.ל. קוסטנזה,IT,"גליל גבינה מעושן ע""ב",גרמים,200.00,100 גרם,false,1,34.90,17.45,true,1,
7290012491368,false,מגבונים אקולוגיים 72 יח,מאמי קר,,מגבונים 72 יח,Unknown,0.00,Unknown,false,1,11.90,11.90,true,1,
7290012497124,false,אלטמן - ויטמין D-400 כמוסות רכות 120 יח',אלטמן,,ויטמין D-400 גל קפס,Unknown,0.00,Unknown,false,1,36.90,36.90,true,1,
7290012497131,false,"אלטמן - ויטמין D-400 טיפות 15 מ""ל",אלטמן,,ויטמין D-400 טיפות,Unknown,0.00,Unknown,false,1,23.90,23.90,true,1,
7290012497322,false,נוסטרול קומפלקס להפחתת כולסט (60) אלטמן,אלטמן,,נוסטרול קומפלקס להפח,Unknown,0.00,Unknown,false,1,105.90,105.90,true,1,
7290012497643,false,C 500 קפליות המכילות ויטמין C בתוספת פקעות ורדים,אלטמן,,ויטמין C-500 לבליעה,Unknown,0.00,Unknown,false,1,62.90,62.90,true,1,
7290012522581,false,טבעול שניצל תירס ללא גלוטן טבעול 664 גרם,קבוצת אוסם סחר-שות.מוגבלת,,שניצל תירס טבעול ללא,גרמים,664.00,100 גרם,false,1,36.50,5.50,true,1,
7290012561337,false,כורכום טרי כתוש קפוא דורות 70 גר,מוצרי שום ותיבול דורות,,כורכום טרי כתוש קפוא,גרמים,70.00,100 גרם,false,1,12.90,18.43,true,1,
7290012561405,false,בצל קצוץ ומטוגן דורות (180 גרם),קבוצת אוסם סחר שותפות מוגבלת,,בצל חצי מטוגן דורות,גרמים,180.00,100 גרם,false,1,13.10,7.28,true,1,
7290012588242,false,"מים מינרלים מיי וואטר כדורגל מארז 500X6מ""ל",נרה קריטיס אס איי באריפט,,שישיית מים מינרלים כ,מיליליטרים,3000.00,"100 מ""ל",false,1,16.60,0.55,true,1,
7290012588259,false,"כדורגל מים מינרליים 500 מ""ל -בודד",נרה קריטיס אס איי באריפט,,מים מינרלים כדורגל 5,מיליליטרים,500.00,"100 מ""ל",false,1,3.00,0.60,true,1,
7290012624056,false,סבון פנים GALILEE מוצק פנים הדסים אורגני,,,סבון פנים GALILEE מו,Unknown,0.00,Unknown,false,1,22.90,22.90,true,1,
7290012624100,false,סבון טבעי פריחת הגליל - פצולי לבנדר ווני,גליל אורגניק,,סבון טבעי פריחת הגלי,Unknown,0.00,Unknown,false,1,24.90,24.90,true,1,
7290012624599,false,סבון מוצק GALILEE פצולי לבנדר וניל 100,,,סבון מוצק GALILEE פצ,Unknown,0.00,Unknown,false,1,14.90,14.90,true,1,
7290012634161,false,סט כלי במבוק 6 חל,,,סט כלי במבוק 6 חל,Unknown,0.00,Unknown,false,1,36.50,36.50,true,1,
7290012637032,false,זעתר הקברקרולי 130 גרם,תבליני ב.ד.,,פירמידת זעתר 60 גרם,גרמים,60.00,100 גרם,false,1,15.90,26.50,true,1,
7290012637117,false,חליטת צמחים בשקיקים,,,חליטת תה לואיזה,Unknown,0.00,Unknown,false,1,25.70,25.70,true,1,
7290012637124,false,חליטת צמחים בשקיקים,,,חליטת תה ירוק,Unknown,0.00,Unknown,false,1,25.70,25.70,true,1,
7290012637131,false,חליטת צמחים בשקיקים,,,חליטת תה יזרעאל,Unknown,0.00,Unknown,false,1,25.70,25.70,true,1,
7290012642586,false,ערמונים קלופים 100 ג' תומר,תומר ייבוא ושיווק מוצרי מזון [,,ערמונים קלופים 100 ג,גרמים,100.00,100 גרם,false,1,7.30,7.30,true,1,
7290012642678,false,אננס בכוסות פלס. רביעיות 113 גר,FOODS HUIZIANG JIANGSU,,אננס בכוסות פלס. רבי,גרמים,113.00,100 גרם,false,1,12.90,11.42,true,1,
7290012642685,false,אפרסק פירות בכוסות פלסטיק 4*113ג' תומר,תומר,,אפרסק בכוסות פלס. רב,גרמים,113.00,100 גרם,false,1,12.90,11.42,true,1,
7290012642814,false,פלפלים חריפים מעורבים כבושים שלמים,סאטקו,,פלפלונים מעורב בחומץ,גרמים,540.00,100 גרם,false,1,15.70,2.91,true,1,
7290012642838,false,רצועות פלפל אדום בחומץ תומר 520 גרם,תומר,,פלפל רצועות אדום בחו,גרמים,520.00,100 גרם,false,1,15.70,3.02,true,1,
7290012642845,false,פלפל אדום כבוש בחומץ תומר 520 ג',תומר,,פלפל אדום בחומץ 520,גרמים,520.00,100 גרם,false,1,15.70,3.02,true,1,
7290012642876,false,פלפלונים מעורב צבעוני בחומץ חריף6X,יושלם,,פלפלונים מעורב בחומץ,גרמים,530.00,100 גרם,false,1,15.70,2.96,true,1,
7290012642906,false,פלפלים ירוקים מוחמצים שלמים בחריפות עדינה,תומר,,פלפל ירוק בחומץ 450,גרמים,450.00,100 גרם,false,1,15.70,3.49,true,1,
7290012645020,false,"יוגורט עיזים טבעי בבקבוק חלב הארץ 500 מ""ל",שטראוס גרופ בעמ/מצונן,,יוגורט עיזים טבעי 50,מיליליטרים,500.00,"100 מ""ל",false,1,13.50,2.70,true,1,
7290012645051,false,יוגורט עיזים בגביע 350 גר`חלב הארץ,שטראוס גרופ בעמ/מצונן,IL,יוגורט עיזים בגביע,גרמים,350.00,100 גרם,false,1,13.50,3.86,true,1,
7290012645075,false,יוגורט כבשים יווני גביע 350 גרם חלב הארץ,שטראוס גרופ בעמ/מצונן,IL,יוגורט כבשים יווני,גרמים,350.00,100 גרם,false,1,13.50,3.86,true,1,
7290012645112,false,יוגורט עיזים 2.8% בדלי חלב הארץ 750 גרם,שטראוס גרופ בעמ/מצונן,,יוגורט עיזים בדלי 75,מיליליטרים,750.00,"100 מ""ל",false,1,20.50,2.73,true,1,
7290012645129,false,יוגורט כבשים 5% בדלי חלב הארץ 750 גרם,שטראוס גרופ בעמ/מצונן,,יוגורט כבשים בדלי 7,מיליליטרים,750.00,"100 מ""ל",false,1,20.50,2.73,true,1,
7290012645174,false,גבינת עיזים 5% חלב הארץ 200 גרם,שטראוס גרופ בעמ/מצונן,,גבינת עיזים 9% 200 ג,גרמים,200.00,100 גרם,false,1,16.90,8.45,true,1,
7290012645297,false,יוגורט עיזים ביו 2.8% טעם טבעי חלב הארץ 150 גרם,שטראוס גרופ בעמ/מצונן,,יוגורט עיזים בטעם טב,גרמים,150.00,100 גרם,false,1,6.50,4.33,true,1,
7290012645389,false,יוגורט עיזים טבעי 1 ליטר בבקבוק חלב האר,שטראוס גרופ בעמ/מצונן,,יוגורט עיזים טבעי 1,מיליליטרים,1000.00,"100 מ""ל",false,1,24.90,2.49,true,1,
7290012697241,false,"סוכרזית מהטבע סטיוויה נוזלי 220מ""ל",אף.סי תבליני בגליל ב,,סוכרזית מצמח הסטיווי,מיליליטרים,220.00,"100 מ""ל",false,1,36.50,16.59,true,1,
7290012697388,false,סוכרזית מצמח הסטיוויה כפית לכפית 100 גר,"שטראוס גרופ בע""מ",,סוכרזית מצמח הסטיווי,גרמים,100.00,100 גרם,false,1,41.90,41.90,true,1,
7290012742095,false,שמן זרעי קצח 500 מ`ל,,,שמן זרעי קצח 500 מ`ל,Unknown,0.00,Unknown,false,1,109.90,109.90,true,1,
7290012759789,false,טראפלס שוקולד פקאן חדש,,IL,טראפלס שוקולד פקאן,גרמים,280.00,100 גרם,false,1,33.50,11.96,true,1,
7290012760174,false,"ויטמין D סופט ג'ל 400 יחב""ל",LTD .AMBROZIA,,ויטמין די 400 בד`צ,Unknown,0.00,Unknown,false,1,42.90,42.90,true,1,
7290012760266,false,"סופהרב - טיפות ויטמין 1000 D3 בד""ץ 20 מ""ל",LTD .AMBROZIA,,טיפות ויטמין 1000 D3,מיליליטרים,20.00,"100 מ""ל",false,1,33.90,169.50,true,1,
7290012760761,false,"סופהרב - ויטמין 1000 D3 סופטג'ל בד""ץ 90 כמוסות רכות",LTD .AMBROZIA,,די 1000 בד`צ,Unknown,0.00,Unknown,false,1,42.90,42.90,true,1,
7290012798689,false,"יין לוריא פינו גריזיו 750 מ""ל",חדד את סיידא,,יין לוריא פינו גריזי,מיליליטרים,700.00,"100 מ""ל",false,1,99.90,14.27,true,1,
7290012803215,false,טוסו וופל בלגי ללתס בטעם שוקולד 200 גר`,בטר אנד דיפרנט,,וופל בלגי בטעם שוקול,גרמים,200.00,100 גרם,false,1,11.90,5.95,true,1,
7290012803222,false,טוסו ופל בסגנון בלגי בטעם לימון ללא תוספת סוכר 200 גרם,בטר אנד דיפרנט,,וופל בלגי בטעם לימון,גרמים,200.00,100 גרם,false,1,11.90,5.95,true,1,
7290012803314,false,ממתיק על בסיס סוכרלוז - טבליות,"קיפל טבליות וממתיקים בע""",,סוכרלוז 300 טבליות 2,גרמים,22.00,100 גרם,false,1,47.50,215.91,true,1,
7290012803321,false,מרמולייט סוכרלוז 200 שקיות אישיות,דנשר (1963) בעמ,,סוכרלוז 200 גר שקיות,גרמים,200.00,100 גרם,false,1,43.90,21.95,true,1,
7290012803451,false,טוסו שוקולד מריר 62% מוצקי קקאו ללא תוספת סוכר 100 גרם,"דנשר (1963) בע,מ",,טוסו מרי שוקולד מריר,גרמים,100.00,100 גרם,false,1,13.50,13.50,true,1,
7290012803765,false,טוסו שוקולד מריר ללא תוספת סוכר 100 גרם,אלטינמארקה גידה סאן,,טוסו מר שוקולד מריר,גרמים,100.00,100 גרם,false,1,13.50,13.50,true,1,
7290012803772,false,טוסו שוקולד חלב ללא תוספת סוכר 100 גרם,אלטינמארקה גידה סאן,,טוסו מר שוקולד חלב 1,גרמים,100.00,100 גרם,false,1,13.50,13.50,true,1,
7290012803789,false,טוסו שוקולד מריר עם אגוזים ללא תוספת סוכר 100 גרם,האי נאם סי או אל.טי.,,טוסו מר שוקולד מריר,גרמים,100.00,100 גרם,false,1,13.50,13.50,true,1,
7290012803796,false,טוסו שוקולד חלב עם אגוזים ללא תוספת סוכר 100 גר',אלטינמארקה גידה סאן,,טוסו מר שוקולד חלב ע,גרמים,100.00,100 גרם,false,1,13.50,13.50,true,1,
7290012823343,false,משחת שיניים אורביטול קידס סטעם סוכריות ג'לי 70 גרם,החברה הדרומית,,מש.שיניים אורביטול ל,גרמים,70.00,100 גרם,false,1,8.90,12.71,true,1,
7290012823374,false,אנטי קאלק מטליות לחות לניקוי כללי סנו 50 יחידות,מיוצר עי קונדיטוריית,,מגבונים אנטי קאלק,Unknown,0.00,Unknown,false,1,15.20,15.20,true,1,
7290012823381,false,מקסימה מרכך כביסה מרוכז סנסטיב בייבי סנו 1 ליטר,החברה הדרומית לשיווק בעמ,,מרכך כביסה מקסימה סו,מיליליטרים,1000.00,"100 מ""ל",false,1,17.90,1.79,true,1,
7290012823398,false,מטליות חד פעמיות לניקוי הרצפה בניחוח מרכך כביסה 10יח' סנו,החברה הדרומית לשיווק בעמ,,מט.לחות לריצפה בניחו,Unknown,0.00,Unknown,false,1,10.90,10.90,true,1,
7290012823541,false,ריצפז פרש מטליות לחות לרצפה בניחוח לבנדר 10 יחידות,החברה הדרומית לשיווק בעמ,,סנו ריצפז פרש מטליות,Unknown,0.00,Unknown,false,1,10.90,10.90,true,1,
7290012823565,false,פוליויקס מטליות ענק לחות לפרקט סנו 10 יחידות,החב. הדרומית לשיווק,,מטליות ענק לחות 10 י,Unknown,0.00,Unknown,false,1,19.30,19.30,true,1,
7290012823602,false,נייר טואלט סופט סילק לבן 32 גלילים סנו,החברה הדרומית לשיווק בעמ,,נייר טואלט סופט סילק,מטרים,589.00,מטר,false,1,29.90,0.05,true,1,
7290012823916,false,גל כביסה סנו מקסימ מרוכז קריסטל נואר 5 ל,החברה הדרומית לשיווק בעמ,,גל כביסה סנו מקסימ מ,ליטרים,0.01,ליטר,false,1,49.50,4950.00,true,1,
7290012823923,false,"מרכך כביסה מרוכז פרפיום גולדן מקסימה 750 מ""ל",החברה הדרומית לשיווק בעמ,,מרכך כביסה מקסימה פר,מיליליטרים,750.00,"100 מ""ל",false,1,16.90,2.25,true,1,
7290012823947,false,"סנו - מרכך כביסה מרוכז פרפיום קריסטל נואר 750 מ""ל",החברה הדרומית לשיווק בעמ,,מרכך כביסה מקסימה פר,מיליליטרים,750.00,"100 מ""ל",false,1,16.90,2.25,true,1,
7290012850592,false,RETIN-OR קרם לילה אנטי אייג'ינג לעור בוגר +45,"ד""ר עור DOCTOR OR",,RETIN OR קרם לילה אנ,מיליליטרים,50.00,"100 מ""ל",false,1,199.90,399.80,true,1,
7290012864001,false,נבטי חמנייה ארוז א.אדמה,ביכורי השדה צפון 1994 ג.ד. בעמ,,נבטי חמניה,Unknown,0.00,Unknown,false,1,9.90,9.90,true,1,
7290012864025,false,נבטי אלפא אלפא ארוז א.אדמה,"בכורי השדה צפון1994 ג.ד. בע""מ",,נבטי אלפלפא,Unknown,0.00,Unknown,false,1,6.90,6.90,true,1,
7290012864032,false,מיקס עדשים ונבטוטים,ביכורי השדה צפון 1994 ג.ד. בעמ,,נבטוטים,Unknown,0.00,Unknown,false,1,9.90,9.90,true,1,
7290012878268,false,"שמפו זית לשיער יבש 750 ס""ק",,,שמפו זית לשיער יבש,מיליליטרים,750.00,"100 מ""ל",false,1,10.00,1.33,true,1,
7290012878886,false,שוורץ סבון נוזלי רימונים 1 ליטר,ש.שוורץ,,אל סבון רימונים 1 לי,ליטרים,0.00,ליטר,false,1,10.00,10.00,true,1,
7290012884986,false,צ`יפס לתנור עד 4% שומן תפוגן (1.5 קג),קבוצת אוסם סחר שותפות מוגבלת,,ציפס לתנור עד 4% שומ,קילוגרמים,0.00,"ק""ג",false,1,24.90,24.90,true,1,
7290012901355,false,דודלס ארוחת אטריות עם גבינה 206 גרם,האי נאם סי או אל.טי.,,פולד מקרוני & ציז 20,גרמים,206.00,100 גרם,false,1,11.90,5.78,true,1,
7290012901959,false,ארוחת אטריות עם גבינה מסולסלים 156 גרם,מור-ים מרקטינג בעמ,US,אטריות עם גבינה מסול,גרמים,156.00,100 גרם,false,1,11.40,7.31,true,1,
7290012901973,false,"שעועית אדומה, 400 גרם גאלה",יורוקום אס.אר.אל,IT,שעועית אדומה גאלה 40,גרמים,400.00,100 גרם,false,1,11.40,2.85,true,1,
7290012921025,false,"בקבוק בירה מלכה בהירה 330 מ""ל",הכרם - משקאות חריפים בעמ,,בירה מלכה בהירה 330,מיליליטרים,330.00,"100 מ""ל",false,1,15.90,4.82,true,1,
7290012921032,false,"בקבוק בירה מלכה אדמונית 330 מ""ל",הכרם - משקאות חריפים בעמ,,בירה מלכה אדמונית 33,מיליליטרים,330.00,"100 מ""ל",false,1,15.90,4.82,true,1,
7290012921049,false,בירה מלכה כהה בסגנון,הכרם משקאות חריפים בעמ,,"בירה מלכה כהה 330 מ""",מיליליטרים,330.00,"100 מ""ל",false,1,15.90,4.82,true,1,
7290012921056,false,"בקבוק בירה מלכה חיטה 330 מ""ל",הכרם - משקאות חריפים בעמ,,בירה מלכה חיטה 330 מ,מיליליטרים,330.00,"100 מ""ל",false,1,15.90,4.82,true,1,
7290012921063,false,בירה מלכה הינדי בבקבוק,הכרם משקאות חריפים בעמ,,בירה מלכה הינדי 330,מיליליטרים,330.00,"100 מ""ל",false,1,15.90,4.82,true,1,
7290012936838,false,תבלין הל טחון תבליני מימון 35 גרם,א.ל. ייצור ושיווק תבלינים בע`מ,,הל טחון 35 גרם,Unknown,0.00,Unknown,false,1,18.90,18.90,true,1,
7290012936906,false,תבלינים ציפורן שלם בצנצנות 25 גרם,א.ל. ייצור ושיווק תבלינים בע`מ,,תבלינים ציפורן שלם ב,Unknown,0.00,Unknown,false,1,14.90,14.90,true,1,
7290012936913,false,תבלין סומק תבליני מימון 45 גרם,א.ל.ייצור ושיווק תבלינים בעמ,,תבלינים סומק בצנצנת,Unknown,0.00,Unknown,false,1,11.90,11.90,true,1,
7290012936937,false,תבלינים בהרט בצנצנת 40 גרם,א.ל. ייצור ושיווק תבלינים בע`מ,,תבלינים בהרט בצנצנת,Unknown,0.00,Unknown,false,1,11.80,11.80,true,1,
7290012936944,false,אגוז מוסקט טחון תבליני מימון (40 גרם),א.ל. ייצור ושיווק תבלינים בע`מ,,תבלינים אגוז מוסקט ט,Unknown,0.00,Unknown,false,1,15.50,15.50,true,1,
7290012938405,false,"רדיד אלומיניום עבה במיוחד לבישול,אפייה והקפאה.",גורי ע.ע.ע. בע`מ,,דיימונד רדיד אלומינו,מטרים,7.50,מטר,false,1,16.90,2.25,true,1,
7290012938580,false,"משחת שיניים סנסודיין להלבנה עדינה 75 מ""ל",גלקסוסמית'\קליין קונסיומ,,סנסודיין משחת שיניים,Unknown,0.00,Unknown,false,1,22.90,22.90,true,1,
7290012938740,false,משחת שיניים סנסודיין פרש מינט מנטה 75 מל,גלקסו סמית קליין,,משחת שיניים סנסודיין,Unknown,0.00,Unknown,false,1,22.90,22.90,true,1,
7290012952050,false,פסואיזי סבון קשיח טבעי 120 גרם,,,פסואיזי סבון קשיח טב,גרמים,120.00,100 גרם,false,1,39.90,33.25,true,1,
7290012958014,false,ביצי דגים 113 גר זכוכית,,,ביצי דגים 113 גר זכו,גרמים,113.00,100 גרם,false,1,57.50,50.88,true,1,
7290012958045,false,ביצי דגים 200 גר פחית,,,ביצי דגים 200 גר פחי,גרמים,200.00,100 גרם,false,1,104.50,52.25,true,1,
7290012958052,false,ביצי דגים 250 גר בזכוכית,,,ביצי דגים 250 גר בזכ,גרמים,250.00,100 גרם,false,1,146.50,58.60,true,1,
7290012962400,false,כפפות איזי טאצ ניטריל ל.אבקה כחול 100S,,ID,כפפות איזי טאצ ניטרי,Unknown,0.00,Unknown,false,1,27.90,27.90,true,1,
7290012962417,false,כפפות איזי טאצ ניטריל ל.אבקה כחול 100M,,ID,כפפות איזי טאצ ניטרי,Unknown,0.00,Unknown,false,1,27.90,27.90,true,1,
7290012962424,false,כפפות איזי טאצ ניטריל ל.אבקה כחול 100L,,ID,כפפות איזי טאצ ניטרי,Unknown,0.00,Unknown,false,1,27.90,27.90,true,1,
7290012965067,false,לבבות קיסר בנספק,,,לבבות קיסר,Unknown,0.00,Unknown,false,1,11.90,11.90,true,1,
7290012979064,false,דר עור אוילי אל סבון לניקוי עור שמן 150,"ד""ר עור DOCTOR OR",,OILY OR אל סבון לניק,מיליליטרים,150.00,"100 מ""ל",false,1,79.90,53.27,true,1,
7290012983160,false,סילאן לחיץ 400גר חתם סופר,"חצר כנרת מוצרי תמר אגש""ח",IL,סילאן בקבוק לחיץ תמר,גרמים,400.00,100 גרם,false,1,11.90,2.98,true,1,
7290012996450,false,מרכך כביסה מרוכז פרחי אביב הפי 1 ליטר,יעקובי הפי,,מרכך כביסה מרוכז פרח,מיליליטרים,1000.00,"100 מ""ל",false,1,14.90,1.49,true,1,
7290012996610,false,טבליות הפלא לניקוי האסלה הפי יעקבי 16 יחידות,יעקב יעקבי ובניו בעמ,,טבליית הפלא לאסלה הפ,Unknown,0.00,Unknown,false,1,14.90,14.90,true,1,
7290012996672,false,סבון אסלה + בושם ל24 שעות ביום הפי,יעקב יעקבי ובניו בעמ,,סבון אסלה + בושם ל24,Unknown,0.00,Unknown,false,1,11.40,11.40,true,1,
7290012996702,false,הפי ג'ל דוחה עש ומבשם לארון הבגדים,יעקב יעקבי ובניו בעמ,,שקיות ריחניות לבגדים,Unknown,0.00,Unknown,false,1,14.50,14.50,true,1,
7290013038432,false,מים אקווה נובה בקבוק יחיד,אקווה נובה Aqua Nova,IL,אקווה נובה 2 ל,ליטרים,0.00,ליטר,false,1,2.90,2.90,true,1,
7290013073198,false,מדבקות קבוצה 14 קידל,,,מדבקות קבוצה 14 קידל,Unknown,0.00,Unknown,false,1,12.90,12.90,true,1,
7290013073228,false,שעשועי קידליין,,,שעשועי קידליין,Unknown,0.00,Unknown,false,1,11.90,11.90,true,1,
7290013073235,false,מדבקות קבוצה 12 קידל,,,מדבקות קבוצה 12 קידל,Unknown,0.00,Unknown,false,1,12.90,12.90,true,1,
7290013073433,false,עפרונות צבעונים 12 ק,,,עפרונות צבעונים 12 ק,Unknown,0.00,Unknown,false,1,13.90,13.90,true,1,
7290013073488,false,מדבקות קבוצה 11 קידל,,,מדבקות קבוצה 11 קידל,Unknown,0.00,Unknown,false,1,14.90,14.90,true,1,
7290013073495,false,סט לוח מחיק ילדים+טוש,,,סט לוח מחיק ילדים+טו,Unknown,0.00,Unknown,false,1,14.90,14.90,true,1,
7290013073525,false,מדבקות קבוצה 6 קידלי,,,מדבקות קבוצה 6 קידלי,Unknown,0.00,Unknown,false,1,11.90,11.90,true,1,
7290013073556,false,בצק בגביע אומגה,,,בצק בגביע אומגה,Unknown,0.00,Unknown,false,1,12.90,12.90,true,1,
7290013073563,false,בצק אומגה בדלי גדול 8 צבעים,,,בצק אומגה בדלי גדול,Unknown,0.00,Unknown,false,1,24.90,24.90,true,1,
7290013073600,false,טוש מכחול 6 קידליין,,CN,טוש מכחול 6 קידליין,Unknown,0.00,Unknown,false,1,19.90,19.90,true,1,
7290013073686,false,דבק פלסטי קידליין,,,דבק פלסטי קידליין,Unknown,0.00,Unknown,false,1,4.90,4.90,true,1,
7290013073693,false,סט צבעי גואש נוצץ,,,סט צבעי גואש נוצץ,יחידה,1.00,יחידה,false,1,14.90,14.90,true,1,
7290013073723,false,סט טושים דו צדדי קיד,,,סט טושים דו צדדי קיד,Unknown,0.00,Unknown,false,1,9.90,9.90,true,1,
7290013073877,false,מדבקות קבוצה 4 קידלי,,,מדבקות קבוצה 4 קידלי,Unknown,0.00,Unknown,false,1,13.90,13.90,true,1,
7290013073945,false,סט פלסטלינה 8 צבעים,,,סט פלסטלינה 8 צבעים,Unknown,0.00,Unknown,false,1,5.90,5.90,true,1,
7290013073976,false,פלטת צבעים בינוני קי,,,פלטת צבעים בינוני קי,Unknown,0.00,Unknown,false,1,11.90,11.90,true,1,
7290013083661,false,"מטרנה אקסטרה קר שלב 1 חסכון 700 גרם תמ""ל",קבוצת אוסם סחר-שות.מוגבלת,,מטרנה אקסטרה קר שלב,גרמים,700.00,100 גרם,false,1,59.90,8.56,true,1,
7290013083678,false,"מטרנה אקסטרה קר שלב 2 חסכון 700 גרם תמ""ל",קבוצת אוסם סחר-שות.מוגבלת,,מטרנה אקסטרה קר שלב,גרמים,700.00,100 גרם,false,1,59.90,8.56,true,1,
7290013083685,false,תחליף חלב מטרנה אקסטרה קר שלב 3 חסכון 700 גרם,קבוצת אוסם סחר-שות.מוגבלת,,מטרנה אקסטרה קר שלב,גרמים,700.00,100 גרם,false,1,59.90,8.56,true,1,
7290013083999,false,חול יורוקיטי קריסטלי 3.8 ל',דיפלומט מפיצים (1968) בעמ**,,קריסטל יורוקיטי 3.8,Unknown,0.00,Unknown,false,1,24.90,24.90,true,1,
7290013089809,false,פילה אמנון קפוא במשקל,,,פילה אמנון קפוא,Unknown,0.00,"ק""ג",true,0,37.00,37.00,true,1,
7290013117212,false,בורקס פילו במילוי גבינה 600 גר`מעדנות,תנובה מרכז שיתופי לשיווק תוצרת,,בורקס פילו במילוי גב,גרמים,600.00,100 גרם,false,1,19.90,3.32,true,1,
7290013117229,false,"בורקס פילו במילוי תפו""א מעדנות 600 גר",תנובה מרכז שיתופי לשיווק תוצרת,,בורקס פילו במילוי תפ,גרמים,600.00,100 גרם,false,1,19.90,3.32,true,1,
7290013117236,false,בורקס פילו פיצה מעדנות 600 גרם,תנובה מרכז שיתופי לשיווק תוצרת,,בורקס פילו פיצה 600,גרמים,600.00,100 גרם,false,1,19.90,3.32,true,1,
7290013117243,false,בורקס פילו בולגרית מעדנות 600 גרם,תנובה מרכז שיתופי לשיווק תוצרת,,בורקס פילו בולגרית 6,גרמים,600.00,100 גרם,false,1,19.90,3.32,true,1,
7290013117410,false,בצק פריך מרודד למאפים מתוקים 900 ג' מעדנות,תנובה מרכז שיתופי לשיווק תוצרת,,בצק פריך מתוק 900 גר,גרמים,900.00,100 גרם,false,1,25.90,2.88,true,1,
7290013117427,false,בצק פריך מרודד למאפים מלוחים מעדנות 2*450 גרם,תנובה מרכז שיתופי לשיווק תוצרת,,בצק פריך מלוח 900 גר,גרמים,900.00,100 גרם,false,1,25.90,2.88,true,1,
7290013117526,false,בצק שמרים מרודד למאפים מתוקים מעדנות 900 גרם,תנובה מרכז שיתופי לשיווק תוצרת,,בצק שמרים למאפים,גרמים,900.00,100 גרם,false,1,25.90,2.88,true,1,
7290013121028,false,לחם לבן 500 גרם ללא גלוטן גרין לייט,אביב קונדיטוריה מעול,,לחם לבן ללא גלוטן,גרמים,500.00,100 גרם,false,1,17.90,3.58,true,1,
7290013121035,false,לחם פשתן ללא גלוטן 500 גר קפוא,אביב קונדיטוריה מעול,,לחם פשתן ללא גלוטן,גרמים,500.00,100 גרם,false,1,20.90,4.18,true,1,
7290013121042,false,לחם איטלקי ללא גלוטן 500 גר קפוא,אביב קונדיטוריה מעול,,לחם איטלקי ללא גלוטן,גרמים,500.00,100 גרם,false,1,20.90,4.18,true,1,
7290013121103,false,רביעיית לחמניות סנדויץ ללא גלוטן 460 גרם,אביב קונדיטוריה מעול,,רביעיית שליש בגט,גרמים,400.00,100 גרם,false,1,20.90,5.23,true,1,
7290013121110,false,לחמניות בורגר ללא גלוטן גרין לייט 4 * 87 גרם,אביב קונדיטוריה מעול,,רביעיית לחמניות בורג,גרמים,350.00,100 גרם,false,1,20.90,5.97,true,1,
7290013121127,false,לחמניות מיני ללא גלוטן גרין לייט 6 יחידות,אביב קונדיטוריה מעול,,לחמניות מיני,גרמים,420.00,100 גרם,false,1,17.90,4.26,true,1,
7290013121134,false,בייגל ללא גלוטן 430 גר קפוא,אביב קונדיטוריה מעול,,בייגל ללא גלוטן,גרמים,430.00,100 גרם,false,1,20.80,4.84,true,1,
7290013121158,false,לחמניות סנדוויץ ללא גלוטן גרין לייט 4 * 115 גרם,אביב קונדיטוריה מעול,,רביעיית לחמניות סנדו,גרמים,460.00,100 גרם,false,1,17.90,3.89,true,1,
7290013121165,false,לחמניות נקניקיה ללא גלוטן גרין לייט 6 * 77 גרם,אביב קונדיטוריה מעול,,שישיית לחמניות ללא ג,גרמים,460.00,100 גרם,false,1,20.90,4.54,true,1,
7290013121684,false,כדורי שוקולד 400 גרם ללא גלוטן,אביב קונדיטוריה מעול,,כדורי שוקולד,גרמים,400.00,100 גרם,false,1,31.50,7.88,true,1,
7290013121691,false,שלישיית לאפות 80 גר`ליחידה ללא גולטן גר,"גרין לייט פוד בע""מ",IL,שלישיית לאפות ללא גל,גרמים,240.00,100 גרם,false,1,18.90,7.88,true,1,
7290013121752,false,לחם לבן ביתי ללא גלוטן 700 גר קפוא,אביב קונדיטוריה מעול,,לחם לבן ביתי,גרמים,700.00,100 גרם,false,1,26.50,3.79,true,1,
7290013121769,false,רביעיית שליש באגט ללא תוספת סוכר וללא גלוטן,אביב קונדיטוריה מעול,,שליש בגט ללא סוכר,גרמים,400.00,100 גרם,false,1,19.90,4.98,true,1,
7290013142894,false,אלטמן - מגנזיום UP כמוסות 60 יח',ALT TEVA TAAM (ALTMAN,,מגנזיום UP אלטמן (60,Unknown,0.00,Unknown,false,1,69.90,69.90,true,1,
7290013144171,false,"תערובת עוגת שוקולד 560 גרם ""מיימונס""",א.ל.ייצור ושיווק תבלינים בעמ,,תערובת עוגת שוקולד 5,גרמים,560.00,100 גרם,false,1,18.90,3.38,true,1,
7290013144195,false,מיימונס תערובת כדורי שוקולד 500 גרם.,א.ל.ייצור ושיווק תבלינים בעמ,,תערובת כדורי שוקולד,גרמים,500.00,100 גרם,false,1,18.90,3.78,true,1,
7290013144218,false,מיימונס תערובת עוגת וניל 560 גרם.,א.ל.ייצור ושיווק תבלינים בעמ,,תערובת עוגת וניל 560,גרמים,560.00,100 גרם,false,1,18.90,3.38,true,1,
7290013144232,false,מיימונס פודינג בטעם וניל 80 גרם,א.ל. ייצור ושיווק תבלינים בע`מ,,פודינג וניל 85 גר,גרמים,85.00,100 גרם,false,1,6.20,7.29,true,1,
7290013144249,false,פודינג בטעם שוקולד 95 גר`מימונס,א.ל. ייצור ושיווק תבלינים בע`מ,,פודינג שוקולד 95 גר,גרמים,95.00,100 גרם,false,1,6.20,6.53,true,1,
7290013144263,false,תערובת מאלבי להכנה מהירה מיימונס 112 גרם,א.ל.ייצור ושיווק תבלינים בעמ,,תערובת מלבי 100 גר,גרמים,100.00,100 גרם,false,1,11.50,11.50,true,1,
7290013144317,false,מימונס ג'וני גלילית וופל למילוי 18 יחידות,א.ל. ייצור ושיווק תבלינים בע`מ,,גלילית וופל למילוי 1,Unknown,0.00,Unknown,false,1,23.90,23.90,true,1,
7290013144393,false,תמצית אפיה בטעם וניל מימונס (50 מל),א.ל. ייצור ושיווק תבלינים בע`מ,,"תמצית וניל 50 מ""ל",מיליליטרים,50.00,"100 מ""ל",false,1,4.80,9.60,true,1,
7290013144409,false,תמצית אפיה בטעם רום מימונס (50 מל),א.ל. ייצור ושיווק תבלינים בע`מ,,"תמצית רום 50 מ""ל",מיליליטרים,50.00,"100 מ""ל",false,1,4.80,9.60,true,1,
7290013144522,false,צבע מאכל ירוק מימונס (50 מל),א.ל. ייצור ושיווק תבלינים בע`מ,,"צבע מאכל ירוק 50 מ""ל",מיליליטרים,50.00,"100 מ""ל",false,1,4.90,9.80,true,1,
7290013144539,false,צבע מאכל אדום מימונס 50 גרם,א.ל. ייצור ושיווק תבלינים בע`מ,,"צבע מאכל אדום 50 מ""ל",מיליליטרים,50.00,"100 מ""ל",false,1,4.90,9.80,true,1,
7290013144560,false,מיימונס צבע מאכל כחול 50 גרם,א.ל. ייצור ושיווק תבלינים בע`מ,,"צבע מאכל כחול 50 מ""ל",מיליליטרים,50.00,"100 מ""ל",false,1,4.90,9.80,true,1,
7290013144614,false,"מיימונס סירופ מייפל אמיתי 100% מקנדה 236 מ""ל",א.ל.ייצור ושיווק תבלינים בעמ,,סירופ מייפל אמיתי,מיליליטרים,236.00,"100 מ""ל",false,1,41.90,17.75,true,1,
7290013144768,false,סירופ בטעם שוקולד מימונס 500 גרם,א.ל. ייצור ושיווק תבלינים בע`מ,,סירופ בטעם שוקולד 50,גרמים,500.00,100 גרם,false,1,14.90,2.98,true,1,
7290013144805,false,אבקת אייס קפה דיאט 320 גרם מימונס,א.ל. ייצור ושיווק תבלינים בע`מ,IL,אייס קפה דיאט 245 גר,גרמים,245.00,100 גרם,false,1,20.90,8.53,true,1,
7290013144812,false,אבקת אייס קפה וניל 320 גרם מימונס,א.ל. ייצור ושיווק תבלינים בע`מ,IL,אייס וניל מימונס 320,גרמים,320.00,100 גרם,false,1,17.90,5.59,true,1,
7290013144911,false,מימונס מיקס שוקולד צ'יפס מריר וחלב 250 גרם,א.ל. ייצור ושיווק תבלינים בע`מ,IL,מיקס שוקולד ציפס מרי,גרמים,250.00,100 גרם,false,1,14.90,5.96,true,1,
7290013144980,false,תרסיס שמן קנולה מימונס 170 גרם,א.ל. ייצור ושיווק תבלינים בע`מ,,תרסיס שמן קנולה מימו,גרמים,170.00,100 גרם,false,1,15.90,9.35,true,1,
7290013145024,false,מיימונס אגוז מלך טחון 100 גרם,א.ל. ייצור ושיווק תבלינים בע`מ,,אגוז מלך טחון 100 גר,גרמים,100.00,100 גרם,false,1,15.90,15.90,true,1,
7290013145048,false,צנוברים מימונס (100 גרם),א.ל.ייצור ושיווק תבלינים בעמ,,צנוברים 100 גר,גרמים,100.00,100 גרם,false,1,29.80,29.80,true,1,
7290013145079,false,שקד רכיבים טבעיים גרוס מיימונס 100 גרם,א.ל.יצור ושיווקתבלינים בעמ,,שקד טבעי גרוס 100 גר,גרמים,100.00,100 גרם,false,1,14.90,14.90,true,1,
7290013145093,false,"שקד מולבן גרוס 100 גרם ""מיימונס",א.ל. ייצור ושיווק תבלינים בע`מ,,שקד מולבן גרוס 100 ג,גרמים,100.00,100 גרם,false,1,14.90,14.90,true,1,
7290013145109,false,שקד מולבון טחון מימונס 100 גרם,א.ל. ייצור ושיווק תבלינים בע`מ,,שקד מולבן טחון 100 ג,גרמים,100.00,100 גרם,false,1,14.90,14.90,true,1,
7290013145116,false,מיימונס שקד מולבן מקלות 100 גרם.,א.ל. ייצור ושיווק תבלינים בע`מ,,שקד מולבן מקלות 100,גרמים,100.00,100 גרם,false,1,14.90,14.90,true,1,
7290013145130,false,"שקד מולבן חצוי 100 גרם ""מיימונס",א.ל. ייצור ושיווק תבלינים בע`מ,,שקד מולבן חצוי 100 ג,גרמים,100.00,100 גרם,false,1,14.90,14.90,true,1,
7290013145178,false,קוקוס לבן טחון מימונס (100 גרם),א.ל. ייצור ושיווק תבלינים בע`מ,,קוקוס טחון לבן 100 ג,גרמים,100.00,100 גרם,false,1,5.50,5.50,true,1,
7290013145192,false,שומשום מיימונס 100 גרם,א.ל. ייצור ושיווק תבלינים בע`מ,,שומשום 100 גר,גרמים,100.00,100 גרם,false,1,5.90,5.90,true,1,
7290013145215,false,שומשום מימונס (400 גרם),א.ל.ייצור ושיווק תבלינים בעמ,,שומשום 400 גר,גרמים,400.00,100 גרם,false,1,16.90,4.23,true,1,
7290013145246,false,גרעין חמניה מקולף מיימונס 100 גרם,א.ל. ייצור ושיווק תבלינים בע`מ,,גרעין חמניות מקולף 1,גרמים,100.00,100 גרם,false,1,6.10,6.10,true,1,
7290013145277,false,עלים לקרמשניט מימונס 300 גרם,א.ל.ייצור ושיווק תבלינים בעמ,,עלים לקמשניט מימונס,גרמים,300.00,100 גרם,false,1,17.90,5.97,true,1,
7290013145390,false,מימונס שוקולד צ'יפס מהדרין 250 גר,א.ל. ייצור ושיווק תבלינים בע`מ,,שוקולד ציפס 250 גר,גרמים,250.00,100 גרם,false,1,9.90,3.96,true,1,
7290013145406,false,שוקולד צ'יפס לבן מיימונס 250 גרם,א.ל. ייצור ושיווק תבלינים בע`מ,,שוקולד ציפס לבן 250,גרמים,250.00,100 גרם,false,1,9.90,3.96,true,1,
7290013145437,false,שוקולד מריר מעולה ציפס מימונס 250 ג',א.ל. ייצור ושיווק תבלינים בע`מ,,שוקולד ציפס 48% 250,גרמים,250.00,100 גרם,false,1,15.50,6.20,true,1,
7290013145444,false,שוקולד מריר מעולה ציפס 66% מימונס 250 ג',א.ל. ייצור ושיווק תבלינים בע`מ,,שוקולד ציפס 66% 250,גרמים,250.00,100 גרם,false,1,16.90,6.76,true,1,
7290013145451,false,קקאו 150 גר`שקית מימונס,א.ל. ייצור ושיווק תבלינים בע`מ,,קקאו 150 גר,גרמים,150.00,100 גרם,false,1,10.40,6.93,true,1,
7290013145536,false,סוכריות לקישוט בטעם שוקולד מיימונס 85 גרם,א.ל. ייצור ושיווק תבלינים בע`מ,,סוכריות בטעם שוקולד,גרמים,85.00,100 גרם,false,1,6.40,7.53,true,1,
7290013145567,false,מיימונס מיני מיני עדשים 90 גרם.,א.ל.ייצור ושיווק תבלינים בעמ,,מיני מיני עדשים 90 ג,גרמים,90.00,100 גרם,false,1,12.60,14.00,true,1,
7290013145574,false,ערכת קישוט לעוגות מימונס (100 גרם),א.ל. ייצור ושיווק תבלינים בע`מ,,ערכה לקישוט 100 גר,גרמים,100.00,100 גרם,false,1,13.90,13.90,true,1,
7290013145628,false,מימונס סוכריות צבעוניות לקישוט 200 גרם,א.ל. ייצור ושיווק תבלינים בע`מ,,סוכריות צבעוניות 200,גרמים,200.00,100 גרם,false,1,9.90,4.95,true,1,
7290013145710,false,דובדבנים מסוכרים מימונס (100 גרם),א.ל. ייצור ושיווק תבלינים בע`מ,,דובדבנים מסוכרים 100,גרמים,100.00,100 גרם,false,1,9.90,9.90,true,1,
7290013145840,false,סוכר וניל מימונס 10יח בצלופן,א.ל. ייצור ושיווק תבלינים בע`מ,,סוכר וניל 10 יח בצלו,Unknown,0.00,Unknown,false,1,2.70,2.70,true,1,
7290013145857,false,אבקת אפיה מימונס 10יח בצלופן,א.ל. ייצור ושיווק תבלינים בע`מ,,אבקת אפיה 10 יח בצלו,Unknown,0.00,Unknown,false,1,2.70,2.70,true,1,
7290013145871,false,שמרים יבשים סטיק מימונס 5*11 ג',א.ל. ייצור ושיווק תבלינים בע`מ,,שמרים יבשים 11 גר*5,גרמים,55.00,100 גרם,false,1,10.30,18.73,true,1,
7290013145918,false,אבקת סוכר מיימונס 100 גרם,א.ל. ייצור ושיווק תבלינים בע`מ,,אבקת סוכר 100 גר,גרמים,100.00,100 גרם,false,1,2.00,2.00,true,1,
7290013145956,false,שמרים יבשים בוואקום מיימונס 500 גרם,א.ל. ייצור ושיווק תבלינים בע`מ,,שמרים יבשים בואקום 5,גרמים,500.00,100 גרם,false,1,14.90,2.98,true,1,
7290013145963,false,שמרים יבשים בוואקום מיימונס 125 גרם,א.ל. ייצור ושיווק תבלינים בע`מ,,שמרים יבשים בואקום 1,גרמים,125.00,100 גרם,false,1,6.20,4.96,true,1,
7290013145970,false,קורנפלור מימונס בשקית 200 ג',א.ל. ייצור ושיווק תבלינים בע`מ,,קורנפלור 200 גרם,גרמים,200.00,100 גרם,false,1,3.90,1.95,true,1,
7290013146045,false,םמימונס מלית תות שדה 400 גר,א.ל ייצור ושיווק תבלינים בעמ,,םמימונס מלית תות שדה,גרמים,400.00,100 גרם,false,1,16.90,4.23,true,1,
7290013146083,false,מיימונס מלית חלבה 400 גרם,א.ל ייצור ושיווק תבלינים בעמ,,מלית חלבה 400 גר,גרמים,400.00,100 גרם,false,1,16.90,4.23,true,1,
7290013146274,false,מארז 8 יח תחתיות מרנג 10 גר`מימונס,א.ל.ייצור ושיווק תבלינים בעמ,,מארז תחתיות מרנג 8 י,גרמים,100.00,100 גרם,false,1,19.90,19.90,true,1,
7290013146304,false,קורנפלור 500 גרם מימונס.,א.ל.ייצור ושיווק תבלינים בעמ,,קורנפלור 500 גרם,גרמים,500.00,100 גרם,false,1,5.90,1.18,true,1,
7290013146403,false,סירופ בטעם קרמל מלוח מימונס 500 גרם,א.ל ייצור ושיווק תבלינים בעמ,,סירופ בטעם קרמל מלוח,גרמים,500.00,100 גרם,false,1,17.90,3.58,true,1,
7290013146427,false,נשיקות לקישוט צבע לבן מימונס 60 גרם,א.ל.יצור ושיווקתבלינים בעמ,IL,נשיקות לקישוט צבע לב,גרמים,60.00,100 גרם,false,1,15.90,26.50,true,1,
7290013146441,false,נשיקות לקישוט צבע ורוד מימונס 60 גרם,א.ל.יצור ושיווקתבלינים בעמ,IL,נשיקות לקישוט בצבע ו,גרמים,60.00,100 גרם,false,1,15.90,26.50,true,1,
7290013146489,false,קונוסים מבצק עלים מימונס 120 ג',א.ל ייצור ושיווק תבלינים בעמ,,קונוסים מבצק עלים 12,גרמים,120.00,100 גרם,false,1,15.90,13.25,true,1,
7290013146656,false,כוכבים תכלת ירוק לבן לקישוט 60 גר`מימונ,א.ל ייצור ושיווק תבלינים בעמ,,כוכבים תכלת ירוק לבן,גרמים,60.00,100 גרם,false,1,11.90,19.83,true,1,
7290013146663,false,אטריות צבעוניות לקישוט מימונס 55 גרם,א.ל ייצור ושיווק תבלינים בעמ,,אטריות צבעוניות לקיש,גרמים,55.00,100 גרם,false,1,11.90,21.64,true,1,
7290013146670,false,סוכריות לב סגול ורוד לבן לקישוט 60 גרם,א.ל ייצור ושיווק תבלינים בעמ,,סוכריות לב סגול ורוד,גרמים,60.00,100 גרם,false,1,11.90,19.83,true,1,
7290013146724,false,אבקת אייס קפה 350 גרם מימונס,א.ל. ייצור ושיווק תבלינים בע`מ,,אייס קפה מימונס 350,גרמים,350.00,100 גרם,false,1,17.90,5.11,true,1,
7290013153593,false,תפוזים מתקתק 100% פריגת 1 ליטר,*החברה המרכזית להפצת משקאותבעמ,,מיץ תפוזים מתקתק 1 ל,מיליליטרים,1000.00,"100 מ""ל",false,1,16.90,1.69,true,1,
7290013182074,false,סלט אצות ים 250 גרם,,IL,סלט אצות ים 250 גרם,גרמים,250.00,100 גרם,false,1,13.90,5.56,true,1,
7290013187154,false,מזרע קרפלך טלה מתכון סבתא 600 גר,,,קרפלך כבש מתכון סבתא,גרמים,600.00,100 גרם,false,1,30.50,5.08,true,1,
7290013187215,false,מנות פילה סלמון נורבגי 800 גר,,NO,פילה סלמון נורבגי,גרמים,800.00,100 גרם,false,1,86.90,10.86,true,1,
7290013187482,false,"אוזו פלומארי 700 מ""ל במארז כוס גבוה",,,"אוזו פלומארי 700 מ""ל",מיליליטרים,700.00,"100 מ""ל",false,1,83.90,11.99,true,1,
7290013187765,false,ברוקולי טבעפרוסט 800 גר,,,ברוקולי טבעפרוסט 800,גרמים,800.00,100 גרם,false,1,18.90,2.36,true,1,
7290013187772,false,אפונה ירוקה עדינה טבעפרוסט 800 גר,,,אפונה ירוקה עדינה טב,גרמים,800.00,100 גרם,false,1,18.90,2.36,true,1,
7290013187789,false,אפונה ירוקה טבעפרוסט 800 גר,,,אפונה ירוקה טבעפרוסט,גרמים,800.00,100 גרם,false,1,15.60,1.95,true,1,
7290013187796,false,שעועית ירוקה שלמה טבעפרוסט 800 גר,,,שעועית ירוקה שלמה טב,גרמים,800.00,100 גרם,false,1,15.90,1.99,true,1,
7290013187802,false,שעועית ירוקה עדינה טבעפרוסט 800 גר,,,שעועית ירוקה עדינה ט,גרמים,800.00,100 גרם,false,1,15.90,1.99,true,1,
7290013187819,false,שעועית ירוקה חתוכה טבעפרוסט 800 גר,,,שעועית ירוקה חתוכה ט,גרמים,800.00,100 גרם,false,1,15.90,1.99,true,1,
7290013187826,false,כרוב ניצנים טבעפרוסט 800 גר,,,כרוב ניצנים טבעפרוסט,גרמים,800.00,100 גרם,false,1,15.90,1.99,true,1,
7290013187833,false,כרובית טבעפרוסט 800 גר,,,כרובית טבעפרוסט 800,גרמים,800.00,100 גרם,false,1,15.90,1.99,true,1,
7290013187840,false,גזר גמדי טבעפרוסט 800 גר,,,גזר גמדי טבעפרוסט 80,גרמים,800.00,100 גרם,false,1,15.90,1.99,true,1,
7290013187857,false,טבעפרוסט תרד 800 גרם,,,תרד טבעפרוסט 800 גר,גרמים,800.00,100 גרם,false,1,15.90,1.99,true,1,
7290013187864,false,נקניקיות שפיקצקי 600 גרם,,,נקניקיות שפיקצקי,גרמים,600.00,100 גרם,false,1,42.90,7.15,true,1,
7290013187871,false,נקניק סרוולט אוסטרי,,,סרוולט אוסטרי 170 גר,גרמים,170.00,100 גרם,false,1,34.90,20.53,true,1,
7290013187888,false,נקניק סרוולט רוסקי 1,,,רוסקי סרוולט 170 גר,גרמים,170.00,100 גרם,false,1,34.90,20.53,true,1,
7290013187949,false,נקניק סרוולט איטלקי,,,סרוולט איטלקי 170 גר,גרמים,170.00,100 גרם,false,1,23.90,14.06,true,1,
7290013215017,false,פטריות זוגות חוות השמפניון,ביכורי השדה צפון 1994 ג.ד. בעמ,,פיטריות דואט,Unknown,0.00,Unknown,false,1,19.90,19.90,true,1,
7290013215024,false,פטריות ביג שמפניון 400ג',חוות שמפניון,,מגה פורטבלה,Unknown,0.00,Unknown,false,1,18.90,18.90,true,1,
7290013253132,false,"קציצות קבב 1 ק""ג",,IL,"קבבית ביתית 1 ק""ג",גרמים,100.00,100 גרם,false,1,70.90,70.90,true,1,
7290013253149,false,"המבורגר 1 ק""ג אבי נחום",,IL,"המבורגר 1 ק""ג אבי נח",גרמים,100.00,100 גרם,false,1,70.90,70.90,true,1,
7290013253200,false,"קבב רומני 1 ק""ג אבי נחום",,IL,"קבב רומני 1 ק""ג",קילוגרמים,0.00,"ק""ג",false,1,72.50,72.50,true,1,
7290013253217,false,"קבב עם שומן כבש 1 ק""ג אבי נחום",,IL,"קבב עם שומן כבש 1 ק""",קילוגרמים,0.00,"ק""ג",false,1,72.50,72.50,true,1,
7290013267665,false,סולרו מיני קלאסי - פירות טרופיים (חלבי),"מיוצר ע""\י גלידת שטראוס",,מאגדת סולרו פירות,גרמים,354.00,100 גרם,false,1,28.50,8.05,true,1,
7290013268020,false,מקסימה מרכך כביסה מרוכז בניחוח אולטרא פרש סנו 1 ליטר,החברה הדרומית לשיווק בעמ,,מרכך כביסה מקסימה סו,מיליליטרים,1000.00,"100 מ""ל",false,1,17.90,1.79,true,1,
7290013268037,false,מקסימה מרכך כביסה מרוכז בניחוח לבנדר פצ'ולי סנו 1 ליטר,החברה הדרומית לשיווק בעמ,,מרכך כביסה מקסימה סו,מיליליטרים,1000.00,"100 מ""ל",false,1,17.90,1.79,true,1,
7290013268242,false,תרכיז ריחני לניקוי רצפות בריח מלון מפנק ריצפז פרש,החברה הדרומית לשיווק בעמ,IL,נוזל רצפות ריצפז פרש,ליטרים,0.00,ליטר,false,1,19.90,19.90,true,1,
7290013268563,false,"קרמה - דאודורנט ספריי לגבר ללא אלומיניום כחול קול 200 מ""ל",החברה הדרומית לשיווק בעמ,,קרמה מן דאודורנט ספר,Unknown,0.00,Unknown,false,1,16.90,16.90,true,1,
7290013268594,false,דאודורנט ספריי לגבר Body Power הגנה אפקטיבית,אמיליה קוסמטיקס,,קרמה מן דאודורנט ספר,Unknown,0.00,Unknown,false,1,16.90,16.90,true,1,
7290013268839,false,פוליויקס פרקט-תרכיז ריחני לניקוי רצפות עץ,החברה הדרומית לשיווק בעמ,,פוליווקס פרקט,ליטרים,0.00,ליטר,false,1,23.90,23.90,true,1,
7290013268884,false,"נוזל רצפות מאסק 2 ליטר ""ריצפז פרש""",החברה הדרומית לשיווק בעמ,,סנו ריצפז פרש 2 ליטר,ליטרים,0.00,ליטר,false,1,19.90,19.90,true,1,
7290013268891,false,אוקסיג'ן ג'ל ללא אקונומיקה עם חמצן פעיל סנו 3 ליטר,החברה הדרומית לשיווק בעמ,,סנו אוקסיגן גל מסיר,ליטרים,0.00,ליטר,false,1,32.40,32.40,true,1,
7290013268938,false,סנובון סבון לאסלה בניחוח מאסק סנו 3*65 גרם,החברה הדרומית לשיווק בעמ,,סנובון שלישייה גל סו,Unknown,0.00,Unknown,false,1,12.90,12.90,true,1,
7290013268990,false,מרכך כביסה מרוכז לבן ביו סנו מקסימה 1 ליטר,החברה הדרומית לשיווק בעמ,,מרכך כביסה מקסימה בי,מיליליטרים,1000.00,"100 מ""ל",false,1,17.90,1.79,true,1,
7290013269003,false,מרכך כביסה סופר מרוכז בייבי לתינוקות ולעור רגיש,החברה הדרומית לשיווק בעמ,,מרכך כביסה מקסימה,מיליליטרים,1000.00,"100 מ""ל",false,1,17.90,1.79,true,1,
7290013269287,false,סנו - מקסימה ג'ל כביסה מרוכז מאסק 3 ליטר,החברה הדרומית לשיווק בעמ,,סנו מקסימה גל לכביסה,ליטרים,0.00,ליטר,false,1,29.60,29.60,true,1,
7290013269300,false,סושי ניילון נצמד פלוס סנו (150 מטר),החברה הדרומית לשיווק בעמ,,סנו סושי ניילון נצמד,Unknown,0.00,Unknown,false,1,27.90,27.90,true,1,
7290013269621,false,ריצפז פרש לניקוי רצפות בניחוח מלון בוטיק,החברה הדרומית לשיווק בעמ,IL,נוזל רצפות ריצפז פרש,ליטרים,0.00,ליטר,false,1,19.90,19.90,true,1,
7290013269638,false,ספוג הפלא אקסטרה Extra- מארז 6 יח',החברה הדרומית לשיווק בעמ,,ספוג הפלא אקסטרה סנו,Unknown,0.00,Unknown,false,1,12.90,12.90,true,1,
7290013269645,false,ריצפז פרש מטליות לחות לריצפה בניחוח מאסק 10 יחידות,החברה הדרומית לשיווק בעמ,,מטליות לחות לניקוי ר,Unknown,0.00,Unknown,false,1,12.80,12.80,true,1,
7290013269652,false,פוליויקס נוזל לניקוי רצפות גרניט פורצלן סנו 2 ליטר,החברה הדרומית לשיווק בעמ,,סנו פוליויקס גרניט פ,ליטרים,0.00,ליטר,false,1,22.90,22.90,true,1,
7290013269669,false,ריצפז בניחוח פנטזיה לניקוי הרצפה,החברה הדרומית לשיווק בעמ,,ריצפז פנטזיה 3 ליטר,ליטרים,0.00,ליטר,false,1,14.90,14.90,true,1,
7290013269690,false,סנובון ג'ל לניקוי האסלה בניחוח לימון,החברה הדרומית לשיווק בעמ,,סנובון גל לאסלה בניח,Unknown,0.00,Unknown,false,1,8.90,8.90,true,1,
7290013269751,false,מטליות לחותריצפז פרש לניקוי ריצפה בניחות מלון בוטיק 10 יח' סנו,החברה הדרומית לשיווק בעמ,IL,מט.לחות לרצפה סנו רי,Unknown,0.00,Unknown,false,1,10.90,10.90,true,1,
7290013269850,false,נייר אפיה אקולוגי סנו סושי 50 יחידות,החברה הדרומית לשיווק בעמ,,סנו סושי נייר אפיה א,Unknown,0.00,Unknown,false,1,15.90,15.90,true,1,
7290013269867,false,סנו סושי זוג מפות אירוח צבעים שונים,החברה הדרומית לשיווק בעמ,,סנו סושי זוג מפות שו,Unknown,0.00,Unknown,false,1,10.90,10.90,true,1,
7290013276124,false,"בקבוק בירה נגב אמבר אייל 330 מ""ל",הכרם - משקאות חריפים בעמ,,בירה נגב אמבר אייל 3,מיליליטרים,330.00,"100 מ""ל",false,1,15.90,4.82,true,1,
7290013276131,false,"בקבוק בירה נגב פורטר אלון 330 מ""ל",הכרם משקאות חריפים בעמ,,בירה נגב פורטר אלון,מיליליטרים,330.00,"100 מ""ל",false,1,15.90,4.82,true,1,
7290013284310,false,רוטב פסטה לילדים פריניר 240 גרם,ח.כהן סוכנות מזון ומשקאות בע,,רוטב פסטה לילדים 240,גרמים,240.00,100 גרם,false,1,5.80,2.42,true,1,
7290013284662,false,רוטב פיצה פיתה לילדים 240 ג' פריניר,ח.כהן סוכנות מזון ומשקאות בע,,רוטב פיצה פיתה 240 ג,גרמים,240.00,100 גרם,false,1,5.80,2.42,true,1,
7290013310378,false,כפפות ניטריל S כחולות ללא אבקה 80 יח' EASY TOUCH,אינטרסן (1996) בעמ,,כפפות ניטרל S כחולות,יחידה,1.00,יחידה,false,1,26.90,26.90,true,1,
7290013310385,false,כפפות ניטריל M כחולות ללא אבקה 80 יח' EASY TOUCH,אינטרסן (1996) בעמ,,כפפות ניטרל M כחולות,יחידה,1.00,יחידה,false,1,26.90,26.90,true,1,
7290013310392,false,כפפות ניטריל L כחולות ללא אבקה 80 יח' EASY TOUCH,אינטרסן (1996) בעמ,,כפפות ניטרל L כחולות,יחידה,1.00,יחידה,false,1,26.90,26.90,true,1,
7290013310408,false,כפפות ניטריל XL כחולות ללא אבקה 80 יח' EASY TOUCH,אינטרסן (1996) בעמ,,כפפות ניטרל XL כחולו,יחידה,1.00,יחידה,false,1,27.90,27.90,true,1,
7290013329240,false,שמן קוקוס כרם אורגני,בי . גי. פרוט,,שמן קוקוס 1 ל כרם,ליטרים,0.00,ליטר,false,1,44.90,44.90,true,1,
7290013329301,false,פריכיות כוסמת עם מלח 160 גרם,ZBG,,פריכיות כוסמת עם מלח,גרמים,160.00,100 גרם,false,1,12.00,7.50,true,1,
7290013329318,false,פריכיות כוסמת ללא מלח 160 גרם,ZBG,,פריכיות כוסמת ללא מל,גרמים,160.00,100 גרם,false,1,12.00,7.50,true,1,
7290013329363,false,סוכר קוקוס אורגני כרם - 500 גר,נייצ'ורוס,,סוכר קוקוס אורגני כר,גרמים,500.00,100 גרם,false,1,24.90,4.98,true,1,
7290013329417,false,"סוכר דמררה 1 ק""ג - כרם",ה.ס. יבוא ויצור,,"סוכר דמררה 1 ק""ג - כ",קילוגרמים,0.00,"ק""ג",false,1,10.30,10.30,true,1,
7290013329431,false,חמאת שקדים 300 גר - כרם,טבע מהדרין,,חמאת שקדים 300 גר,גרמים,300.00,100 גרם,false,1,41.80,13.93,true,1,
7290013329448,false,חמוציות ברכז תפוחים 250 גר,כרם תעשיות,,חמוציות ברכז תפוחים,גרמים,250.00,100 גרם,false,1,16.60,6.64,true,1,
7290013329455,false,גרעיני דלעת מקולף 250 גר,כרם תעשיות,,גרעיני דלעת מקולף 25,גרמים,250.00,100 גרם,false,1,17.70,7.08,true,1,
7290013329462,false,גרעיני חמניה מקולפים,כרם תעשיות,,חמניה מקולף 250 גר,גרמים,250.00,100 גרם,false,1,9.30,3.72,true,1,
7290013329509,false,שקד טבעי כרם200 גרם,כרם תעשיות,,שקד טבעי 200 גר,גרמים,200.00,100 גרם,false,1,24.00,12.00,true,1,
7290013329516,false,שזיפים ללא גרעין 330 גר,רפאלס,,שזיפים ללא גרעין 330,גרמים,330.00,100 גרם,false,1,22.90,6.94,true,1,
7290013329530,false,חמוציות חתוכות 250 גר,כרם תעשיות,,חמוציות חתוכות 250 ג,גרמים,250.00,100 גרם,false,1,12.40,4.96,true,1,
7290013329547,false,צימוק לבן כרם 330 גר,כרם תעשיות,,צימוק לבן קטן 330 גר,גרמים,330.00,100 גרם,false,1,18.70,5.67,true,1,
7290013329554,false,שקד מולבן פרוס 200 גר,כרם תעשיות,,שקד מולבן פרוס 200 ג,גרמים,200.00,100 גרם,false,1,25.00,12.50,true,1,
7290013329561,false,אגוזי פקאן טבעי כרם,כרם תעשיות,,פקאן טבעי 200 גר,גרמים,200.00,100 גרם,false,1,26.10,13.05,true,1,
7290013329592,false,אגוז לוז טבעי 250 גר,,,אגוז לוז טבעי 250 גר,גרמים,250.00,100 גרם,false,1,36.60,14.64,true,1,
7290013329639,false,תפוח עץ מיובש כרם200,כרם תעשיות,,תפוח עץ מיובש 200 גר,גרמים,200.00,100 גרם,false,1,13.50,6.75,true,1,
7290013329653,false,"סוכר קנים אורגני 1 ק""ג כרם",אוסינה סן פרנסיסקו,,סוכר קנים אורגני 1 ק,גרמים,1000.00,100 גרם,false,1,9.90,0.99,true,1,
7290013329677,false,צנובר כרם 200 גרם,כרם תעשיות,,צנובר כרם 200 גרם,גרמים,200.00,100 גרם,false,1,33.50,16.75,true,1,
7290013329684,false,אגוזי מקדמיה כרם 200 גרם,כרם תעשיות,,אגוזי מקדמיה כרם 200,גרמים,200.00,100 גרם,false,1,44.90,22.45,true,1,
7290013329721,false,"תמר מגהול אורגני כרם - 1 ק""ג",כרם תעשיות,,תמר מגהול אורגני כרם,קילוגרמים,0.00,"ק""ג",false,1,29.90,29.90,true,1,
7290013329738,false,תמר מגהול כרם 1 קג,כרם תעשיות,,"תמר מגהול 1 ק""ג",קילוגרמים,0.00,"ק""ג",false,1,24.90,24.90,true,1,
7290013329752,false,שקד מולבן מקלות כרם 200 גרם,כרם תעשיות,,שקד מולבן מקלות כרם,גרמים,200.00,100 גרם,false,1,22.90,11.45,true,1,
7290013329776,false,מנגו מיובש כרם 200 גרם,כרם תעשיות,,מנגו מיובש כרם 200 ג,גרמים,200.00,100 גרם,false,1,19.90,9.95,true,1,
7290013329790,false,קוקוס רצועות כרם 200 גרם,כרם תעשיות,,קוקוס רצועות כרם 200,גרמים,200.00,100 גרם,false,1,22.90,11.45,true,1,
7290013329806,false,אננס מיובש טבעי ללא,כרם תעשיות,,אננס מיובש 200 גרם,גרמים,200.00,100 גרם,false,1,20.80,10.40,true,1,
7290013329875,false,פריכיות אורז עם מלח כרם 160 גרם,זן בר,,פריכיות אורז עם מלח,Unknown,0.00,Unknown,false,1,12.00,12.00,true,1,
7290013329882,false,פריכיות אורז 160 גר ללא מלח - כרם,זן בר,,פריכיות אורז 160 גר,גרמים,160.00,100 גרם,false,1,10.40,6.50,true,1,
7290013358356,false,פירורי לחם מוזהבים מאסטר שף (320גרם),ש. שסטוביץ בע`מ,,מאסטר שף פירורי לחם,גרמים,320.00,100 גרם,false,1,7.80,2.44,true,1,
7290013358363,false,מאסטר שף פרורי לחם פנקו עבים בסגנון יפני 300 גר,קריניציה ויטמינה אס,,פירורי לחם פנקו 300,גרמים,300.00,100 גרם,false,1,9.80,3.27,true,1,
7290013358417,false,מאסטר שף אסייאתי רוטב טריאקי 300 מל כשלפ,קריניציה ויטמינה אס,,מנה אסייאתי רוטב טרי,מיליליטרים,300.00,"100 מ""ל",false,1,12.90,4.30,true,1,
7290013358462,false,"מיני קרוטונים למרק בתיבול שום, בצל ופטרוזיליה","עינת תעשיות מזון, אגשח ב",,מנה קרוטונים למרק שו,גרמים,350.00,100 גרם,false,1,15.90,4.54,true,1,
7290013358486,false,מאסטר שף פירורים מוזהבים ללא צורך בביצה 300 ג,"מיוצר ע""י מנה י.א בע",,מאסטר שף פירורי לחם,גרמים,300.00,100 גרם,false,1,10.40,3.47,true,1,
7290013358509,false,מנה מיקסלט תערובת עשירה מאסטר שף 200גר,בטר אנד דיפרנט,,מאסטר שף מיקסלט 200,גרמים,200.00,100 גרם,false,1,17.70,8.85,true,1,
7290013358516,false,"מיקסלט חמוציות, גרעינים, קטניות ואגוזים",ש. שסטוביץ בע`מ,,מאסטר שף מיקסלט עם ח,גרמים,200.00,100 גרם,false,1,17.70,8.85,true,1,
7290013358523,false,מאסטר שף שבבי בצל מטוגן 150 גרם,קריניציה ויטמינה אס,,מאסטר שף שבבי בצל מט,גרמים,150.00,100 גרם,false,1,14.50,9.67,true,1,
7290013358530,false,מאסטר שף אסייאתי רוטב צ'ילי מתוק 700 מל כשלפ,קריניציה ויטמינה אס,,רוטב צילי מתוק מנה א,מיליליטרים,700.00,"100 מ""ל",false,1,11.90,1.70,true,1,
7290013358547,false,מאסטר שף אסייאתי רוטב צ'ילי חריף 700 מל כשלפ,קי.אר.אס. ספייסי פוד,,רוטב צילי חריף 700,מיליליטרים,700.00,"100 מ""ל",false,1,11.90,1.70,true,1,
7290013358578,false,מנה אסייאתי אטריות אורז רחבות 400 ג מ.שף,ליינג טונג רייספלוור,,מנה אסייאתי אטריות א,גרמים,400.00,100 גרם,false,1,9.90,2.48,true,1,
7290013358585,false,מנה אסייאתי נודלס ביצים להקפצה 400 מ.שף,הנסיך- מפעל לייצור ט,,מנה אסייאתי נודלס בי,גרמים,400.00,100 גרם,false,1,9.90,2.48,true,1,
7290013358806,false,מנה מאגדת פריכיות אורז עם מלח 264 גרם,ש. שסטוביץ בע`מ,,מנה מאגדת פריכיות עם,גרמים,264.00,100 גרם,false,1,13.50,5.11,true,1,
7290013358837,false,מנה מאגדת פריכיות אורז ללא מלח 264 גרם,ש. שסטוביץ בע`מ,,מנה מאגדת פריכיות או,גרמים,264.00,100 גרם,false,1,12.90,4.89,true,1,
7290013366047,false,כרובית פיורטי (כרובית+ברוקולי),כרמלים שדות חדשים,,כרובית 500 גרם באריז,גרמים,500.00,100 גרם,false,1,16.90,3.38,true,1,
7290013366108,false,אספרגוס בשקית יחידה,כרמלים שדות חדשים,,אספרגוס,Unknown,0.00,Unknown,false,1,39.90,39.90,true,1,
7290013366665,false,חסה גמביט קראנצית יחידה,ביכורי השדה הצפון בעמ` 1964,,חסה גמביט,Unknown,0.00,Unknown,false,1,11.90,11.90,true,1,
7290013381675,false,"סירופ למלבי נאמן 750מ""ל",נאמן לאורך זמן בעמ,,"סירופ מלבי 750 מ""ל",מיליליטרים,750.00,"100 מ""ל",false,1,18.30,2.44,true,1,
7290013381996,false,"סרדינים בשמן זית 125 גרם ""נאמן""",Erg Conserve Sarl,,סרדינים בשמן זית 125,גרמים,125.00,100 גרם,false,1,6.10,4.88,true,1,
7290013389077,false,"עלי טורטיה מקמח חיטה 25ס""מ 8יח' תומר 420 ג'",Azteca foods europe,,טורטיה ספרדי חיטה 25,גרמים,420.00,100 גרם,false,1,15.30,3.64,true,1,
7290013389084,false,"טורטיה ספרדי קמח תירס 25 ס""מ 325 גרם",Azteca foods europe,,טורטיה ספרדי קמח תיר,גרמים,325.00,100 גרם,false,1,11.30,3.48,true,1,
7290013389176,false,"חומץ בלסמי ממודנה מובחר 500 מ""ל",Matildica srl,,חומץ בלסמי ממודנה מו,מיליליטרים,500.00,"100 מ""ל",false,1,29.50,5.90,true,1,
7290013389374,false,תומר קמח תירס דק 500 גר פולטנה,תומר ייבוא ושיווק מוצרי מזון [,,קמח תירס דק פולנטה 5,גרמים,500.00,100 גרם,false,1,7.20,1.44,true,1,
7290013389381,false,"קמח תירס פולנטה מולינו 1 ק""ג",תומר ייבוא ושיווק מוצרי מזון [,,"קמח תירס פולנטה 1 ק""",גרמים,1000.00,100 גרם,false,1,12.90,1.29,true,1,
7290013389398,false,קמח תירס דק 1 קג פולטנה תומר,תומר ייבוא ושיווק מוצרי מזון [,,"קמח תירס דק 1 ק""ג",גרמים,1000.00,100 גרם,false,1,12.40,1.24,true,1,
7290013389909,false,פילה סרדין חריף 125 גרם,,,פילה סרדין חריף 125,גרמים,125.00,100 גרם,false,1,10.70,8.56,true,1,
7290013430083,false,"בירה אלכסנדר בלונד בקבוק 330 מ""ל",מנדלז סי.אר. פרודקשן,,בירה אלכסנדר בלונד 3,מיליליטרים,330.00,"100 מ""ל",false,1,13.90,4.21,true,1,
7290013430250,false,אלכסנדר חיטה ישראלית בקבוק בודד 330 מל,אלכסנדר- בירה ישראלית מע,,בירה אלכסנדר חיטה יש,מיליליטרים,330.00,"100 מ""ל",false,1,13.90,4.21,true,1,
7290013430304,false,בירה אלכסנדר גרין GREEN בירה ישראלית,מנדלז סי.אר. פרודקשן,,בירה אלכסנדר גרין 33,מיליליטרים,330.00,"100 מ""ל",false,1,13.90,4.21,true,1,
7290013430403,false,"בירה אלכסנדר בלייזר 330 מ""ל",אגודת הכורמים,,בירה אלכסנדר בלייז 3,מיליליטרים,330.00,"100 מ""ל",false,1,13.90,4.21,true,1,
7290013430533,false,"בירה אלכסנדר טרופיקל 330 מ""ל",,,בירה אלכסנדר טרופיקל,מיליליטרים,330.00,"100 מ""ל",false,1,13.90,4.21,true,1,
7290013433046,false,חטיף בוטנים במילוי תפוח פרימיום 30 גרם,,IL,חטיף בוטנים במילוי ת,גרמים,30.00,100 גרם,false,1,5.90,19.67,true,1,
7290013433053,false,חטיף בוטנים במילוי בננה פרימיום 30 גרם,,IL,חטיף בוטנים במילוי ב,גרמים,30.00,100 גרם,false,1,5.90,19.67,true,1,
7290013433060,false,חטיף בוטנים במילוי שקדים פרימיום 30 גרם,,IL,חטיף בוטנים במילוי ש,גרמים,30.00,100 גרם,false,1,5.90,19.67,true,1,
7290013433107,false,גרנולה חלבה תמר 43% 300 גרם,אפקט טבעי,IL,גרנולה חלבה תמר 43%,גרמים,300.00,100 גרם,false,1,18.90,6.30,true,1,
7290013433114,false,חמאת קוקוס טבעית 300 גרם,,IL,חמאת קוקוס טבעית 300,גרמים,300.00,100 גרם,false,1,29.90,9.97,true,1,
7290013433121,false,טחינה מלאה שחורה 250 גרם,,IL,טחינה מלאה שחורה 250,גרמים,250.00,100 גרם,false,1,25.90,10.36,true,1,
7290013433176,false,ממרח קרם אגוזים שוקולד מריר 250 גרם,,IL,ממרח קרם אגוזים שוקו,גרמים,250.00,100 גרם,false,1,46.90,18.76,true,1,
7290013433251,false,טחינה מלאה ירוקה 250 גרם,,IL,טחינה מלאה ירוקה 250,גרמים,250.00,100 גרם,false,1,27.90,11.16,true,1,
7290013433350,false,"משקה קוקוס אורגני שקוף שזה טבעי 330 מ""ל",,VN,משקה קוקוס אורגני שק,מיליליטרים,330.00,"100 מ""ל",false,1,11.90,3.61,true,1,
7290013433367,false,"קרם קוקוס 20-22% אורגני 330 מ""ל",BETRIMEX,VN,קרם קוקוס 20-22% אור,מיליליטרים,330.00,"100 מ""ל",false,1,12.90,3.91,true,1,
7290013442062,false,יוגורט עדין קטיפתי 6,מוטק'ה החולב,,יוגורט 600 גר,גרמים,600.00,100 גרם,false,1,19.90,3.32,true,1,
7290013442246,false,לבנה 9% מוטקה החולב,מוטק'ה החולב,,לבנה 250 גר,גרמים,250.00,100 גרם,false,1,17.90,7.16,true,1,
7290013442277,false,גבינה בסגנון פטה יוו,מוטק'ה החולב,,גבינת פטה 250 גר,גרמים,250.00,100 גרם,false,1,32.90,13.16,true,1,
7290013442284,false,גבינת ברי כבשים 140ג,מוטק'ה החולב,,גבינת ברי 140 גר,גרמים,140.00,100 גרם,false,1,26.90,19.21,true,1,
7290013442291,false,גבינת קממבר כבשים 14,מוטק'ה החולב,,קממבר רגיל 140 גר,גרמים,140.00,100 גרם,false,1,26.90,19.21,true,1,
7290013442307,false,גבינת קממבר פקאן כבש,מוטק'ה החולב,,קממבר פקאן 140 גר,גרמים,140.00,100 גרם,false,1,26.90,19.21,true,1,
7290013442314,false,גבינת סנט מור כבשים,מוטק'ה החולב,,גבינת סנט מור 150 גר,גרמים,150.00,100 גרם,false,1,29.90,19.93,true,1,
7290013442321,false,גבינת כבשה צהובה בסגנון גאודה 150 גר,מוטק'ה החולב,,גבינת כבשה צהובה,גרמים,150.00,100 גרם,false,1,26.90,17.93,true,1,
7290013442345,false,גבינה ארוטן כמהין עובש כמהין 150 גר,מוטק'ה החולב,,גבינה ארוטן כמהין עו,גרמים,150.00,100 גרם,false,1,29.90,19.93,true,1,
7290013451927,false,פריכיות כוסמת ללא מלח 175 גרם,י.איטליאנו אחזקות בעמ,IL,פריכיות כוסמת טבעי 1,גרמים,175.00,100 גרם,false,1,11.40,6.51,true,1,
7290013453075,false,"דני וגלית עוגיות שיבולת שועל, טחינה וסילאן",דני וגלית בעמ,,עוגיות שיבולת שועל ט,גרמים,270.00,100 גרם,false,1,25.90,9.59,true,1,
7290013453082,false,עוגיות כוסמין ושוקולד ציפס 230 גר,,,עוגיות כוסמין ושוקול,גרמים,230.00,100 גרם,false,1,27.50,11.96,true,1,
7290013453112,false,ריבועי כוסמין ללא ת.סוכר 250 גר,,,ריבועי כוסמין,גרמים,250.00,100 גרם,false,1,27.50,11.00,true,1,
7290013453150,false,דני וגלית עוגיות קוקוס ואגוזי לוז,האי נאם סי או אל.טי.,,עוגיות כוסמין קוקוס,גרמים,230.00,100 גרם,false,1,25.90,11.26,true,1,
7290013453235,false,עוגיות טחינה וכוסמין230ג,דני וגלית בעמ,,עוגיות טחינה וכוסמין,גרמים,230.00,100 גרם,false,1,25.90,11.26,true,1,
7290013453266,false,מקלוני כוסמין וקצח 200 גר,"דני וגלית בע""מ",,מקלוני כוסמין וקצח 2,גרמים,200.00,100 גרם,false,1,20.90,10.45,true,1,
7290013453389,false,עוגיות חלבון חמאת בוטנים 180 גרם,"דני וגלית בע""מ",IL,עוגיות חלבון חמאת בו,גרמים,180.00,100 גרם,false,1,23.90,13.28,true,1,
7290013453594,false,עוגיות גרנולה חמוציות וקשיו 230 גר,.,,עוגיות גרנולה חמוציו,גרמים,230.00,100 גרם,false,1,25.90,11.26,true,1,
7290013453600,false,ביסקוט שוקוציפס ופירות מיובשים 200 גרם,"דני וגלית בע""מ",IL,ביסקוט שוקוציפס ופיר,גרמים,200.00,100 גרם,false,1,25.90,12.95,true,1,
7290013453631,false,דני וגלית עוגיות חמאת בוטנים שוקולדצ'יפס מפצפוצי אורז מלא 230 גרם,האי נאם סי או אל.טי.,,עוגיות חמאת בוטנים ו,גרמים,200.00,100 גרם,false,1,29.50,14.75,true,1,
7290013453679,false,עוגיות אוכמניות ותפוז מקמח שקדים 230 גרם,,,עוגיות אוכמניות ותפו,גרמים,230.00,100 גרם,false,1,29.50,12.83,true,1,
7290013456281,false,"ערק מאלכי קלאסי 700 מ""ל",,,ערק מאלכי קלאסי 700,מיליליטרים,700.00,"100 מ""ל",false,1,59.90,8.56,true,1,
7290013464248,false,"סופהרב - מגנזיום ציטראט+ויטמין B6 בד""ץ 60 טבליות",אמברוזיה,,מגנזיום ציטראט+ B6 ב,Unknown,0.00,Unknown,false,1,49.90,49.90,true,1,
7290013465061,false,ויטמין 12-B למציצה 120טב,LTD .AMBROZIA,,ויטמין B12 2000 120,Unknown,0.00,Unknown,false,1,62.90,62.90,true,1,
7290013465108,false,אם.אס.אם שלישייה,,,אם.אס.אם שלישייה,Unknown,0.00,Unknown,false,1,159.90,159.90,true,1,
7290013465160,false,רילקטיום 150 מ`ג 30 כמוסות,LTD .AMBROZIA,,רילקטיום 150 מ`ג 30,Unknown,0.00,Unknown,false,1,106.90,106.90,true,1,
7290013465184,false,"סופהרב - אצת ספירולינה 600 מ""ג 60 כמוסות בד""ץ",LTD .AMBROZIA,,ספירולינה 600 מג,Unknown,0.00,Unknown,false,1,53.90,53.90,true,1,
7290013472199,false,ערמונים קלופים וקלויים 105 גרם,ג.וילי פוד אינטרנשיונל בעמ,,ערמונים קלופים וקלוי,גרמים,105.00,100 גרם,false,1,7.20,6.86,true,1,
7290013472892,false,בולגריה קוביות במי מלח - מרכיבי חלב ושומן צמחי,ג.וילי-פוד אינטרנשיונל **גבינו,,בולגריה בקוביות 200,גרמים,200.00,100 גרם,false,1,11.40,5.70,true,1,
7290013492005,false,תפוח אדמה אדום למיקרו 600 ג',ביכורי השדה צפון 1994 ג.ד. בעמ,,תפוחוני אדמה למיקרו,גרמים,700.00,100 גרם,false,1,9.90,1.41,true,1,
7290013493040,false,בירה בזלת דאבל בוק 750 מל,יקב רמת הגולן,,בירה בזלת דאבל בוק 7,מיליליטרים,750.00,"100 מ""ל",false,1,29.90,3.99,true,1,
7290013521125,false,נודלס אורז מלא דלעת וג`ינג`ר 250 גרם,השדה מוצרים טבעיים ו,,נודלס אורז מלא דלעת,גרמים,250.00,100 גרם,false,1,18.90,7.56,true,1,
7290013521415,false,אבקת מרק אורגני 20 בטעם עוף 200 גר,השדה מוצרים אורגניים,,אבקת מרק אורגני 20 ב,גרמים,200.00,100 גרם,false,1,25.90,12.95,true,1,
7290013521491,false,השדה קטשופ אורגני 567 גרם,השדה מוצרים טבעיים ו,,קטשופ אורגני 567 גר,גרמים,567.00,100 גרם,false,1,19.80,3.49,true,1,
7290013521576,false,כרוב כבוש אורגני 680 גר,,,כרוב כבוש אורגני 680,גרמים,680.00,100 גרם,false,1,21.50,3.16,true,1,
7290013521583,false,אפונה אורגנית 350 גר,,,אפונה אורגנית 350 גר,גרמים,350.00,100 גרם,false,1,16.90,4.83,true,1,
7290013521590,false,תירס מתוק אורגני 350 גר,דולפין ספא,,תירס מתוק אורגני 350,גרמים,350.00,100 גרם,false,1,16.90,4.83,true,1,
7290013521613,false,שעועית לבנה אורגנית ברוטב עגבניות 350 גר,דולפין ספא,,שעועית לבנה אורגנית,גרמים,350.00,100 גרם,false,1,18.90,5.40,true,1,
7290013521743,false,שקדי מרק מקמח כוסמין 400 גר,,,שקדי מרק מקמח כוסמין,גרמים,400.00,100 גרם,false,1,16.90,4.23,true,1,
7290013521859,false,צ'יפס תפוח אדמה אפוי בתוספת ירקות 65 גרם,"סיבי, נובי פריס",SK,חטיף ציפס אורגני,גרמים,65.00,100 גרם,false,1,11.90,18.31,true,1,
7290013521866,false,חטיף אורגני מתפוחי אדמה ללא מלח 65 גרם,"סיבי, נובי פריס",SK,חטיף אורגני מתפוחי,גרמים,65.00,100 גרם,false,1,11.90,18.31,true,1,
7290013521897,false,גלילית אורגנית מקמח כוסמין השדה מוצרים אורגנים 100 גרם,השדה מוצרים טבעיים ו,IL,גליליות מקמח כוסמין,גרמים,100.00,100 גרם,false,1,15.90,15.90,true,1,
7290013531117,false,רוטב פסטה לילדים יכין (240 גר`),"זנלכל בע""\מ",,רוטב לפסטה קידס 260,מיליליטרים,260.00,"100 מ""ל",false,1,6.50,2.50,true,1,
7290013531377,false,תורמוס A2 יכין בית יוסף,היינץ צפון אמריקה מק,,תורמוס יכין 560 גרם,גרמים,560.00,100 גרם,false,1,9.90,1.77,true,1,
7290013531490,false,שעועית לבנה אפויה יכין,זנלכול יכין,,פול מתובל יכין 560 ג,גרמים,560.00,100 גרם,false,1,9.90,1.77,true,1,
7290013531582,false,מארז זיתים ירוקים מגולענים יכין 200 גרם,זנלכל בעמ,,שלישיית זיתים חרוזית,גרמים,600.00,100 גרם,false,1,15.90,2.65,true,1,
7290013531759,false,שעועית לבנה מבושלת במים יכין (550 גרם),זנלכול יכין,,שעועית לבנה במים 550,גרמים,550.00,100 גרם,false,1,9.90,1.80,true,1,
7290013539892,false,אל סבון נוזלי משאבה תה ירוק סטייל 1 ל',סטייל Style,,אל סבון נוזלי משאבה,מיליליטרים,1000.00,"100 מ""ל",false,1,14.50,1.45,true,1,
7290013539915,false,אל סבון נוזלי משאבה תה לבן סטייל 1 ל,סטייל Style,,אל סבון נוזלי משאבה,מיליליטרים,1000.00,"100 מ""ל",false,1,14.50,1.45,true,1,
7290013542021,false,כפות לבנות 100 יח,,TR,כפות לבנות 100 יח,Unknown,0.00,Unknown,false,1,11.50,11.50,true,1,
7290013542106,false,כוסות לונג דרינק גמי,,CN,כוס לונג דרינק גמיש,Unknown,1.00,Unknown,false,1,11.90,11.90,true,1,
7290013542168,false,כוסות נייר OZ 10 אר 50 דנטס,,CN,כוס נייר גדולה לשתי,Unknown,1.00,Unknown,false,1,17.70,17.70,true,1,
7290013542236,false,כוסות חד פעמי .א'ר 100 יח',,TR,כוס שתיה קרה 100 יח,Unknown,0.00,Unknown,false,1,10.40,10.40,true,1,
7290013542342,false,נייר אפייה ביתי אר 5,,FR,נייר אפיה ביתי 50 י,Unknown,1.00,Unknown,false,1,8.30,8.30,true,1,
7290013542366,false,מגש פלסטיק גדול מלב,,CN,מגש פלסטיק גדול מלב,Unknown,1.00,Unknown,false,1,20.90,20.90,true,1,
7290013542403,false,כוסות ניר 2.5oz אר 50 יח' דנטס,,CN,כוס ניר 2.5oz אספרס,Unknown,1.00,Unknown,false,1,5.50,5.50,true,1,
7290013542458,false,קיסמי שיניים מלחיה 3,,CN,קיסמי שיניים מלחיה 3,Unknown,0.00,Unknown,false,1,1.90,1.90,true,1,
7290013542526,false,כוסות נייר שתיה חמה,כוסות שתייה חמה 3 ב,CN,כוס נייר 50 יח לשתיה,Unknown,0.00,Unknown,false,1,10.90,10.90,true,1,
7290013542557,false,תבניות אלומיניום 702,,CN,תבניות אלומיניום 702,Unknown,1.00,Unknown,false,1,10.00,10.00,true,1,
7290013542564,false,תבניות אלומיניום 729,,CN,תבניות אלומיניום 729,Unknown,1.00,Unknown,false,1,9.50,9.50,true,1,
7290013542571,false,תבניות אלומיניום 764,,CN,תבניות אלומיניום 764,Unknown,1.00,Unknown,false,1,9.50,9.50,true,1,
7290013542588,false,תבניות אלומיניום 731,,CN,תבניות אלומיניום 731,Unknown,1.00,Unknown,false,1,10.00,10.00,true,1,
7290013542595,false,תבניות אלומיניום עגו,,CN,תבניות אלומיניום עגו,Unknown,1.00,Unknown,false,1,9.50,9.50,true,1,
7290013542700,false,מגש אובלי פלסטיק קטן,,CN,מגש אובלי קטן 12X8,Unknown,1.00,Unknown,false,1,7.90,7.90,true,1,
7290013557001,false,"סטיביה 100 מ""ל גפן",,,"סטיביה 100 מ""ל גפן",מיליליטרים,100.00,"100 מ""ל",false,1,46.00,46.00,true,1,
7290013558800,false,עלי תרד 250 גר בנספק,ששון ציון,,תרד ניוזילנדי 300 גר,גרמים,300.00,100 גרם,false,1,15.90,5.30,true,1,
7290013558824,false,תבלין רוקולה /בזיליקום 100 גר,תאי,,תבלין רוקולה /בזיליק,גרמים,100.00,100 גרם,false,1,9.90,9.90,true,1,
7290013558855,false,חסה לבבות רומי,ל. פלמינגו ישראל בעמ,,לבבות קיסר,Unknown,0.00,Unknown,false,1,11.90,11.90,true,1,
7290013571106,false,ולריאן 60 כמוסות,,,ולריאן 60 כמוסות,Unknown,0.00,Unknown,false,1,69.90,69.90,true,1,
7290013571960,false,מסטיק תימני 60 כמוסות,NATURAL MARSHAL,,מסטיק תימני 60 כמוסו,Unknown,0.00,Unknown,false,1,83.90,83.90,true,1,
7290013579492,false,"פיטאיה קפואה 250 גרם - Shake It - בד""ץ עדה חרדית","הבו-קדו בע""\מn\",IL,פיטאיה קפואה Shake I,גרמים,250.00,100 גרם,false,1,10.90,4.36,true,1,
7290013580009,false,המבורגר זהב 400 גרם הקצביה בלדי,בלדי בעמ,,המבורגר זהב 400 גרם,גרמים,400.00,100 גרם,false,1,20.90,5.23,true,1,
7290013581648,false,אל מטאדור מינוט סטייק 250 גרם בלדי,בלדי בעמ,IL,מינוט סטייק 250 גרם,Unknown,0.00,Unknown,false,1,24.90,24.90,true,1,
7290013585233,false,"ספרייט זירו פחית סליק 330 מ""ל",החברה המרכזית להפצת משקאות בעמ,,ספרייט ZERO פחית סלי,מיליליטרים,330.00,"100 מ""ל",false,1,5.40,1.64,true,1,
7290013585257,false,ספרייט זירו בבקבוק אישי,החברה המרכזית להפצת משקאות בעמ,,ספרייט ZERO בקבוק 50,מיליליטרים,500.00,"100 מ""ל",false,1,7.50,1.50,true,1,
7290013585455,false,"ויינשטפן פסטביר בק 330 מ""ל",קוקה קולה,,ויינשטפן פסטביר בק 3,מיליליטרים,330.00,"100 מ""ל",false,1,14.50,4.39,true,1,
7290013585967,false,מארז ספרייט זירו Fridge Pack פחית 6*33,החברה המרכזית להפצת משקאות בעמ,,מארז ספרייט זירו 6 *,ליטרים,0.00,ליטר,false,1,22.90,22.90,true,1,
7290013608260,false,מיץ רימונים 100%מיץ סחוט טרי מצונן 1ליט,שטראוס גרופ בעמ/מצונן,,מיץ רימונים 100% סחו,מיליליטרים,1000.00,"100 מ""ל",false,1,24.10,2.41,true,1,
7290013608864,false,פרימור משקה פירות הדר 1 ליטר בתוספת ויטמין C,שטראוס גרופ בעמ/מצונן,,משקה פירות הדר בתוספ,מיליליטרים,1000.00,"100 מ""ל",false,1,15.80,1.58,true,1,
7290013621023,false,פלורדיקס זוגות 500 מל,,,פלורדיקס זוגות 500 מ,Unknown,0.00,Unknown,false,1,174.90,174.90,true,1,
7290013621306,false,מגה ליקוריץ גרמזה 60 כמוסות,,,מגה ליקוריץ גרמזה 60,Unknown,0.00,Unknown,false,1,169.90,169.90,true,1,
7290013650030,false,"שמן זרעי דלעת 250 מ""ל",,US,"שמן זרעי דלעת 250 מ""",מיליליטרים,250.00,"100 מ""ל",false,1,59.90,23.96,true,1,
7290013650108,false,שמן שומשום אורגני,גידוורד אינטרנשיונל,,שמן שומשום 500 מל,מיליליטרים,500.00,"100 מ""ל",false,1,47.10,9.42,true,1,
7290013650115,false,שמן פשתן אורגני,העידן האורגני,,שמן פשתן 500 מל,מיליליטרים,500.00,"100 מ""ל",false,1,47.10,9.42,true,1,
7290013650375,false,"שמן קיק 250 מ""ל",,,"שמן קיק 250 מ""ל",מיליליטרים,250.00,"100 מ""ל",false,1,39.90,15.96,true,1,
7290013652164,false,"ד""ר פישר - נטורל קר מגבונים להסרת איפור לעור רגיש 30 יח' * 3",פישר תעשיות פרמצבטיות בעמ,,מגבונים להסרת איפור,Unknown,0.00,Unknown,false,1,25.60,25.60,true,1,
7290013652171,false,"ד""ר פישר - נטורל קר מגבונים להסרת איפור לעור שמן מעורב 30 יח' * 3","פישר תעשיות פרמצביטות בע""מ",,מגבונים להסרת איפור,Unknown,0.00,Unknown,false,1,25.60,25.60,true,1,
7290013652799,false,נטורל קר קרם לחות לשיער רגיל/יבש- ורדים וחלב רימונים,פישר תעשיות פרמבצטיות בעמ,,קרם לחות לשיער ורדים,מיליליטרים,400.00,"100 מ""ל",false,1,25.60,6.40,true,1,
7290013652874,false,נטורל קר מרכך לשיער רגיל- ורדים וחלב רימונים,"פישר תעשיות פרמבצטיות בע""מ",,מרכך לשיער רגיל ורדי,מיליליטרים,700.00,"100 מ""ל",false,1,17.90,2.56,true,1,
7290013652904,false,נטורל קר שמפו+מרכך לשיער רגיל ורדים וחלב רימונים,פישר תעשיות פרמבצטיות בעמ,,שמפו מרכך רגיל ורדים,מיליליטרים,700.00,"100 מ""ל",false,1,17.90,2.56,true,1,
7290013671233,false,דאודורנט טבעי לגבר ל,,,דאודורנט טבעי לגבר ל,Unknown,0.00,Unknown,false,1,26.90,26.90,true,1,
7290013702883,false,"שוופס מוגז פירות לימונדה ורודה 500 מ""ל",יפאורה - שותפות מוגבלת לשיווק,,שוופס מוגז פינק למונ,מיליליטרים,500.00,"100 מ""ל",false,1,7.20,1.44,true,1,
7290013710970,false,"שמן לפלוב 750 מ""ל",DERONI,IL,"שמן לפלוב 750 מ""ל",מיליליטרים,750.00,"100 מ""ל",false,1,34.90,4.65,true,1,
7290013713018,false,"בירה JEM'S דארק לאגר בקבוק 330 מ""ל",,,בירה גמס לאגר כהה 33,מיליליטרים,330.00,"100 מ""ל",false,1,12.90,3.91,true,1,
7290013713025,false,"בירה ג'מס פילס בקבוק 330 מ""ל",אגודת הכורמים,,"בירה פילס 330 מ""ל ג",מיליליטרים,330.00,"100 מ""ל",false,1,12.90,3.91,true,1,
7290013713049,false,בירה ג`מס בקבוק 8.80% אלכוהול ( 330 מל),אגודת הכורמים -כרמל מזרחי,,בירה גמס 8.8 איל בלג,מיליליטרים,330.00,"100 מ""ל",false,1,12.90,3.91,true,1,
7290013713124,false,"בירה גמס קראפט אייל בהיר 330 מ""ל",אגודת הכורמים,,בירה גמס קראפט אייל,מיליליטרים,330.00,"100 מ""ל",false,1,12.90,3.91,true,1,
7290013720313,false,סורימי שרימפס 200 גר,,,סורימי שרימפס 200 גר,גרמים,200.00,100 גרם,false,1,9.40,4.70,true,1,
7290013720436,false,קרפלך בטעם ביתי קפוא 600 גר,,,קרפלך בטעם ביתי קפוא,גרמים,600.00,100 גרם,false,1,20.90,3.48,true,1,
7290013720498,false,פיין שרימפס מבושל 750 גר M,,,פיין שרימפס מבושל,גרמים,750.00,100 גרם,false,1,66.90,8.92,true,1,
7290013720818,false,"קלמרי שקיות 1ק""ג 40/",,,קלמרי 1 קג קפוא,קילוגרמים,0.00,"ק""ג",false,1,93.90,93.90,true,1,
7290013720924,false,ממרח פטה אווז 140 גר,,,ממרח פטה אווז 140 גר,גרמים,140.00,100 גרם,false,1,14.90,10.64,true,1,
7290013724939,false,משוקלדים חמוציות מריר 140 גר' קופסא,דין שיווק וקליה 2021 בעמ,,חמוציות בשוקולד מריר,גרמים,140.00,100 גרם,false,1,11.90,8.50,true,1,
7290013724946,false,שקדים בשוקולד מריר בקופסא 140 גרם,דין שיווק וקליה 2021 בעמ,,שקדים בשוקולד מריר 1,גרמים,140.00,100 גרם,false,1,11.90,8.50,true,1,
7290013724953,false,חמוציות בציפוי שוקולד בקופסא שקדיה 140 גרם,דין שיווק וקליה 2021 בעמ,,חמוציות בשוקולד חלב,גרמים,140.00,100 גרם,false,1,11.90,8.50,true,1,
7290013724977,false,צימוקים בשוקולד מריר בקופסא 140 גרם,דין שיווק וקליה 2021 בעמ,,צימוקים בשוקולד מריר,גרמים,140.00,100 גרם,false,1,11.90,8.50,true,1,
7290013724991,false,אגוזי לוז בציפוי שוקולד בקופסא שקדיה 140 גרם,דין שיווק וקליה 2021 בעמ,,אגוזי לוז בשוקולד חל,גרמים,140.00,100 גרם,false,1,11.90,8.50,true,1,
7290013740151,false,עוגיות שקד משמש ללא קמח רחלי 250 גרם,,IL,עוגיות שקד משמש ללא,גרמים,250.00,100 גרם,false,1,29.90,11.96,true,1,
7290013740205,false,"גלילות תמרים אגוזים קמח מלא לל""ס 350 גר",,IL,גלילות תמרים אגוזים,גרמים,350.00,100 גרם,false,1,27.90,7.97,true,1,
7290013740250,false,עוגיות שקדונים ללא קמח רחלי 250 גרם,קופסת העוגיות של רחלי,IL,עוגיות שקדונים ללא ק,גרמים,250.00,100 גרם,false,1,29.90,11.96,true,1,
7290013740335,false,"עוגיות חמניה דלעת ללא קמח לל""ס 250 גרם",,IL,עוגיות חמניה דלעת לל,גרמים,250.00,100 גרם,false,1,29.90,11.96,true,1,
7290013746535,false,"קרקר כוסמין ללת""ס 200 גרם",,,"קרקר כוסמין ללת""ס 20",גרמים,200.00,100 גרם,false,1,26.90,13.45,true,1,
7290013746542,false,רולדת כוסמין בממרח אגוזי לוז ל.סוכר 300,"דגן מיני מזונות בע""\מ",,רולדת כוסמין בממרח א,גרמים,300.00,100 גרם,false,1,32.90,10.97,true,1,
7290013746597,false,מעמול תמרים מכוסמין,,,300 עוגיות מעמול תמר,גרמים,300.00,100 גרם,false,1,33.90,11.30,true,1,
7290013746689,false,עוג.ש.שועל אוכמניות250ג,"דגן מיני מזונות בע""\מ",,שיבולית שועל ואוכמני,גרמים,250.00,100 גרם,false,1,31.50,12.60,true,1,
7290013746719,false,קרקר שיפון מקמח מלא,,,קרקר שיפון מקמח מלא,גרמים,200.00,100 גרם,false,1,26.90,13.45,true,1,
7290013746726,false,קרקר שיבולית שועל 20,,,קרקר שיבולית שועל 20,גרמים,200.00,100 גרם,false,1,26.90,13.45,true,1,
7290013746788,false,מקלוני כוסמין עם עגבניה ואורגנו 200 גרם,"דגן מיני מזונות בע""\מ",,מקלוני כוסמין עם עגב,גרמים,200.00,100 גרם,false,1,22.90,11.45,true,1,
7290013746986,false,קרקר כוסמין עם חמניות וכורכום 200 גרם,"דגן מיני מזונות בע""\מ",,קרקר כוסמין עם חמניו,גרמים,200.00,100 גרם,false,1,26.90,13.45,true,1,
7290013750839,false,לוח חיתוך אנטי 25*15,,,לוח חיתוך אנטי 25*15,Unknown,0.00,Unknown,false,1,31.50,31.50,true,1,
7290013751799,false,כרמן מגש לעוגה על רגל CARMEN,,,כרמן מגש לעוגה על רג,Unknown,0.00,Unknown,false,1,69.90,69.90,true,1,
7290013755308,false,"יין דולמן רוזה קברנה פרנק כשר 750 מ""ל",,IL,יין דולמן רוזה קברנה,Unknown,0.00,Unknown,false,1,67.90,67.90,true,1,
7290013755377,false,יין דליה קברנה-פטיט-מרלו יקב בן 750 מ,,IL,יין דליה קברנה-פטיט,Unknown,0.00,Unknown,false,1,67.90,67.90,true,1,
7290013756190,false,D מאנוז 500 מג (60) כשר אלטמן,אלטמן,,D מאנוז 500 מג (60),Unknown,0.00,Unknown,false,1,134.90,134.90,true,1,
7290013756541,false,אלטמן - אסטר C כמוסות 60 יח',אלטמן,,אסטר Cׁ500 מג (60) ב,Unknown,0.00,Unknown,false,1,59.90,59.90,true,1,
7290013764003,false,אוק אנד אש - שיכר לימונדה קלאסית,,,שיכר לימונדה קלאסית,מיליליטרים,330.00,"100 מ""ל",false,1,13.90,4.21,true,1,
7290013764102,false,סיידר תפוחים מתובל 330 מל,,,סיידר תפוחים מתובל 3,מיליליטרים,330.00,"100 מ""ל",false,1,13.90,4.21,true,1,
7290013764140,false,אוק אנד אש - שיכר לימונדה חמוציות,,,שיכר לימונדה חמוציות,מיליליטרים,330.00,"100 מ""ל",false,1,13.90,4.21,true,1,
7290013771216,false,פטאקי 16% גבינות השומרון,מיוצר עי קונדיטוריית,,פטאקי 16% 250 גר,גרמים,250.00,100 גרם,false,1,14.90,5.96,true,1,
7290013771384,false,יוגורט יווני השומרון,מיוצר עי קונדיטוריית,,יוגורט יווני 400 גר,גרמים,400.00,100 גרם,false,1,10.90,2.73,true,1,
7290013787392,false,רביולי גבינות קלאסי 330 גרם ריקו בית יוסף,דודו איטליאן פרודקטס בע\,,רביולי גבינות 330 גר,גרמים,330.00,100 גרם,false,1,25.90,7.85,true,1,
7290013787408,false,רביולי בטטה 330 גרם ריקו בית יוסף,דודו איטליאן פרודקטס בע\,,רביולי בטטה 330 גרם,גרמים,330.00,100 גרם,false,1,25.90,7.85,true,1,
7290013787415,false,רביולי ריקוטה תרד 330 גרם ריקו בית יוסף,דודו איטליאן פרודקטס בע\,,רביולי ריקוטה תרד 33,גרמים,330.00,100 גרם,false,1,25.90,7.85,true,1,
7290013816894,false,שוקולד 70% קקאו זן קמינו ורדה - הולי קקאו,"הולי קקאו שוקולד בע""",IL,שוקולד מריר אורגני ק,גרמים,100.00,100 גרם,false,1,20.90,20.90,true,1,
7290013816917,false,שוקולד מריר 100% - חד זני - קמינו ורדה - אורגני,"הולי קקאו שוקולד בע""",IL,שוקולד מריר אורגני ק,גרמים,100.00,100 גרם,false,1,20.90,20.90,true,1,
7290013847386,false,סטארקיסט נתחי טונה בהירה במים ושמן קנולה בטעם טבעי 140 גרם,"סטארקיסט פודור בע""מ",,ס.ק לייט טונה 4% שומ,גרמים,140.00,100 גרם,false,1,8.50,6.07,true,1,
7290013847393,false,סטארקיסט לייט נתחי טונה בהירה במים ושמן קנולה עם עשבי תיבול 140 גרם,סטארקיסט דיפלומט היינץ,,ס.ק לייט טונה 4% שומ,גרמים,140.00,100 גרם,false,1,8.50,6.07,true,1,
7290013847409,false,סטארקיסט לייט נתחי טונה בהירה במים ושמן קנולה עם לימון ופלפל חריף 140 גרם,סטארקיסט דיפלומט היינץ,,ס.ק לייט טונה 4% שומ,גרמים,140.00,100 גרם,false,1,8.50,6.07,true,1,
7290013847454,false,טונה סטאריקיסט בשמן קנולה רביעייה 160 גר,דיפלומט מפיצים (1968) בעמ**,,טונה סטארקיסט שמן קנ,גרמים,640.00,100 גרם,false,1,24.90,3.89,true,1,
7290013847553,false,נתחי טונה בהירה במים דל נתרן - מארז רביעיה,דיפלומט מפיצים (1968) בעמ**,,סטארקיסט טונה 4*160,גרמים,640.00,100 גרם,false,1,24.90,3.89,true,1,
7290013847812,false,נתחי טונה בהירה בשמן זית כתית מעולה Yellowfin,סטארקיסט דיפלומט היינץ,,טונה ילופין בשמן זית,גרמים,140.00,100 גרם,false,1,11.00,7.86,true,1,
7290013847867,false,מארז זוגות טונה בשמן סויה 140 ג' סטארקיסט,דיפלומט מפיצים (1968) בעמ**,,טונה סטארקיסט בשמן ס,גרמים,280.00,100 גרם,false,1,13.50,4.82,true,1,
7290013848345,false,מארז מטליות לחיטוי וניקוי יסודי אנטיבקטריאלי 99.9%,החברה הדרומית לשיווק בעמ,IL,שלישיית מטליות לחות,Unknown,0.00,Unknown,false,1,19.90,19.90,true,1,
7290013848437,false,"קרמה - דאודורנט ספריי לגבר אקטיב בלוק 200 מ""ל",החברה הדרומית לשיווק בעמ,,קרמה מן דאודורנט ספר,מיליליטרים,180.00,"100 מ""ל",false,1,16.90,9.39,true,1,
7290013848581,false,סנו סושי מגבות נייר בגליל ענק.,החברה הדרומית לשיווק בעמ,,סנו סושי מגבות נייר,Unknown,0.00,Unknown,false,1,12.90,12.90,true,1,
7290013848611,false,רדיד אלומיניום סנו סושי (61 מטר),החברה הדרומית לשיווק בעמ,,סנו סושי רדיד אלומינ,מטרים,61.00,מטר,false,1,44.50,0.73,true,1,
7290013848758,false,מקסימה גל כביסה מרוכז בייבי 3ליטר סנסטיב,החברה הדרומית לשיווק בעמ,,סנו מקסימה גל כביסה,ליטרים,0.00,ליטר,false,1,34.90,34.90,true,1,
7290013848970,false,"קרמה - דאודורנט ספריי לאישה קלאסי 150 מ""ל",החברה הדרומית לשיווק בעמ,,דאודורנט קרמה ספריי,מיליליטרים,150.00,"100 מ""ל",false,1,17.40,11.60,true,1,
7290013861429,false,המתוקים של ששון שומשום 250 גרם,דין שיווק וקליה 2021 בעמ,,המתוקים של ששון שומש,גרמים,250.00,100 גרם,false,1,12.60,5.04,true,1,
7290013861443,false,המתוקים של ששון בוטנים 250 גרם,דין שיווק וקליה 2021 בעמ,,המתוקים של ששון בוטנ,גרמים,250.00,100 גרם,false,1,12.60,5.04,true,1,
7290013883148,false,סופג ריחות במקרר ווליט 40 גרם,יעקב יעקבי ובניו בעמ,,הפי סופג ריחות במקרר,Unknown,0.00,Unknown,false,1,17.90,17.90,true,1,
7290013883407,false,"דזיטול מרסס לחיטוי כללי יעקבי 750 מ""ל",יעקב יעקבי ובניו בע`מ,,מרסס דזיטול מחטא ומש,Unknown,0.00,Unknown,false,1,18.80,18.80,true,1,
7290013903044,false,רסק תפוחי עץ אורגני 452 גרם,,,רסק תפוחי עץ אורגני,גרמים,452.00,100 גרם,false,1,16.90,3.74,true,1,
7290013903167,false,תערובת פירות אקזוטיים אורגניים ליב 300 ג,,RS,תערובת פירות אקזוטיי,גרמים,300.00,100 גרם,false,1,24.90,8.30,true,1,
7290013903235,false,"פטל שחור אורגני קפוא 300 גרם ""ליב",פריגו,RS,פטל שחור אורגני מוקפ,גרמים,300.00,100 גרם,false,1,24.90,8.30,true,1,
7290013903259,false,תות שדה אורגני מוקפא 300 גר,פריגו,RS,תות שדה אורגני מוקפא,גרמים,300.00,100 גרם,false,1,24.90,8.30,true,1,
7290013903273,false,אדממה אורגני קפוא 400 גר,זהג'יאנג קינגסור פוד,CN,אדממה אורגני קפוא 40,גרמים,400.00,100 גרם,false,1,12.50,3.13,true,1,
7290013903310,false,טופו אורגני 500 יח 2 יח נפרדות ליב,ל.י.ב. (לחיות יותר בטבע) בעמ,IL,טופו אורגני 2 יח 500,גרמים,500.00,100 גרם,false,1,18.90,3.78,true,1,
7290013903327,false,טופו טבעי 500 יח 2 יח נפרדות ליב,ל.י.ב. (לחיות יותר בטבע) בעמ,IL,טופו טבעי 2 יח 500 ג,גרמים,500.00,100 גרם,false,1,16.90,3.38,true,1,
7290013903464,false,פולי סויה אורגנים קלופים מוקפאים (אדממה) 500גרם ליב,זהג'יאנג קינגסור,CN,פולי סויה קלופים מוק,גרמים,500.00,100 גרם,false,1,15.60,3.12,true,1,
7290013903594,false,רסק תפוחים טבעי 670 גרם ליב,ל.י.ב. (לחיות יותר בטבע) בעמ,,רסק תפוחים טבעי 670,גרמים,670.00,100 גרם,false,1,12.50,1.87,true,1,
7290013903808,false,קציצות קינואה עם חמוציות טבעוני 400 גרם,,IL,קציצות קינואה עם חמו,גרמים,400.00,100 גרם,false,1,26.50,6.63,true,1,
7290013903839,false,קציצות עדשים וירקות טבעוני 400 גרם,,IL,קציצות עדשים וירקות,גרמים,400.00,100 גרם,false,1,26.50,6.63,true,1,
7290013903846,false,קציצות סלק טבעוני 400 גרם,,IL,קציצות סלק טבעוני 40,גרמים,400.00,100 גרם,false,1,26.50,6.63,true,1,
7290013903976,false,דומדמניות אדומות אורגניות מוקפאות 300גר ליב,,RS,דומדמניות אדומות אור,גרמים,300.00,100 גרם,false,1,24.90,8.30,true,1,
7290013906052,false,נקניקיות פרגיות טירת צבי 300 גרם,תנובה מרכז שיתופי לשיווק תוצרת,,נקניקיות פרגיות,גרמים,300.00,100 גרם,false,1,12.90,4.30,true,1,
7290013906205,false,פסטרמה עם שום וצילי טירת צבי 400 ג',תנובה מרכז שיתופי לשיווק תוצרת,,פסטרמה שום וצילי,גרמים,400.00,100 גרם,false,1,25.90,6.48,true,1,
7290013906212,false,"נקנקיות וינר טירת 1 ק""ג טירת צבי",תנובה מרכז שיתופי לשיווק תוצרת,,טירת צבי נקניקיות וי,קילוגרמים,0.00,"ק""ג",false,1,22.90,22.90,true,1,
7290013906441,false,קבנוס טירת צבי 120 גרם,תנובה מרכז שיתופי לשיווק תוצרת,,קבנוס טירת צבי 120 ג,גרמים,120.00,100 גרם,false,1,9.90,8.25,true,1,
7290013906458,false,קבנוס בטעם פיקנטי טירת צבי 120 גרם,תנובה מרכז שיתופי לשיווק תוצרת,,קבנוס בטעם פיקנטי טי,גרמים,120.00,100 גרם,false,1,11.90,9.92,true,1,
7290013906489,false,חטיפי מיני קבנוס טירת צבי 120 גרם,תנובה מרכז שיתופי לשיווק תוצרת,,חטיפי קבנוס טירת צבי,גרמים,120.00,100 גרם,false,1,11.90,9.92,true,1,
7290013906496,false,פסטרמה עגל בסגנון רומני טירת צבי 120 גר,הנסיך- מפעל לייצור ט,,פסטרמה עגל בסגנון רו,גרמים,120.00,100 גרם,false,1,18.80,15.67,true,1,
7290013906519,false,פרושוטו בקר טירת צבי 100 גרם,תנובה מרכז שיתופי לשיווק תוצרת,,פרושוטו בקר טירת צבי,גרמים,100.00,100 גרם,false,1,34.50,34.50,true,1,
7290013906687,false,פסט' צמד כפרית ברביקיו ודבש 300X2ג' טירת צבי,תנובה מרכז שיתופי לשיווק תוצרת,,צמד כפרית ברבקיו,גרמים,600.00,100 גרם,false,1,29.90,4.98,true,1,
7290013906694,false,נקניקיות שקית קילו וחצי טירת צבי,תנובה מרכז שיתופי לשיווק תוצרת,,נקניקיות עוף טירת צב,גרמים,1500.00,100 גרם,false,1,31.50,2.10,true,1,
7290013913906,false,נוזל כלים ידידותי לסביבה 1 ליטר - תפוז,,,נוזל כלים ידידותי לס,מיליליטרים,1000.00,"100 מ""ל",false,1,15.90,1.59,true,1,
7290013913937,false,סבון ידיים פרחים לבנ,,,סבון ידיים פרחים לבנ,Unknown,0.00,Unknown,false,1,19.90,19.90,true,1,
7290013913999,false,סבון ידיים ריח הדרים,,,סבון ידיים ריח הדרים,Unknown,0.00,Unknown,false,1,19.90,19.90,true,1,
7290013994219,false,עדשים חומות אורגניות הרדוף 500 גרם,הרדוף,,עדשים חומות אורגניות,גרמים,500.00,100 גרם,false,1,11.90,2.38,true,1,
7290013994288,false,"קינואה רויאל לבנה אורגנית הרדוף 1 ק""ג",הרדוף,,קינואה רויאל אורגנית,גרמים,1.00,100 גרם,false,1,29.90,2990.00,true,1,
7290013994295,false,קינואה אדומה אורגנית 500 גר,אול אורגני,,קינואה אדומה אורגנית,גרמים,500.00,100 גרם,false,1,20.90,4.18,true,1,
7290013994301,false,קינואה שחורה אורגנית 500 גר,אול אורגני,,קינואה שחורה אורגנית,גרמים,500.00,100 גרם,false,1,20.90,4.18,true,1,
7290013994370,false,שימורי אפונה אורגני 340 גרם,די איי אף אס אר,,שימורי אפונה אורגני,גרמים,340.00,100 גרם,false,1,12.90,3.79,true,1,
7290013994394,false,שימורי גרגרי חומוס שלמים אורגני 400 גר,די.אי.אף.אל.אס.אר.אל,,שימורי גרגרי חומוס,גרמים,400.00,100 גרם,false,1,13.90,3.48,true,1,
7290013994547,false,אורז בסמטי חום אורגני 500 גר,אול אורגני,,אורז בסמטי חום,גרמים,500.00,100 גרם,false,1,12.90,2.58,true,1,
7290013994653,false,קינואה רויאל אורגני 500 גרם - הרדוף,אול אורגני,,קינואה אורגני 500 גר,גרמים,500.00,100 גרם,false,1,16.90,3.38,true,1,
7290013994677,false,עדשים שחורות אורגניות הרדוף 500 גרם,אול אורגני,,עדשים שחורות אורגניו,גרמים,500.00,100 גרם,false,1,15.90,3.18,true,1,
7290013994776,false,גרגירי תירס קפוא אורג800,פינגווין,,גרגירי תירס קפואים א,גרמים,800.00,100 גרם,false,1,23.90,2.99,true,1,
7290013994783,false,שעועית עדינ.קפוא אורג800,פינגווין,,שעועית ירוקה קפואה א,גרמים,800.00,100 גרם,false,1,23.90,2.99,true,1,
7290013994790,false,לקט ירקות קפוא אורגני800,פינגווין,,לקט ירקות קפוא אורגנ,גרמים,800.00,100 גרם,false,1,23.90,2.99,true,1,
7290013994806,false,אפונה עדינה קפוא אורג600,פינגווין,,אפונה עדינה קפואה או,גרמים,600.00,100 גרם,false,1,23.90,3.98,true,1,
7290013994943,false,קוסקוס אורגני אורגני,הרדוף,,קוסקוס אורגני 350 גר,גרמים,350.00,100 גרם,false,1,9.90,2.83,true,1,
7290014002128,false,תה ירוק לימונית ומנטה 25 שקיקים ויסוצקי,תה ויסוצקי (ישראל)בעמ,,תה ירוק לימונית מנטה,Unknown,0.00,Unknown,false,1,24.90,24.90,true,1,
7290014002135,false,תה ירוק מיקס 5 טעמים ויסוצקי 25 יחידות,תה ויסוצקי (ישראל) בעמ,,תה ירוק ויסוצקי מיקס,Unknown,0.00,Unknown,false,1,24.90,24.90,true,1,
7290014002197,false,חליטת קמומיל ולימונית הגן הקסום ויסוצקי 25 יחידות,תה ויסוצקי (ישראל) בעמ,,חליטת קמומיל ולימוני,Unknown,0.00,Unknown,false,1,18.90,18.90,true,1,
7290014002203,false,חליטת לימונית ולואיזה הגן הקסום ויסוצקי 25 יחידות,תה ויסוצקי (ישראל) בעמ,,חליטת קמומיל ולואיזה,Unknown,0.00,Unknown,false,1,18.90,18.90,true,1,
7290014002579,false,תה ירוק וניל ויסוצקי 25 יחידות,תה ויסוצקי (ישראל)בעמ,,תה ירוק וניל 25 שקיק,Unknown,0.00,Unknown,false,1,24.90,24.90,true,1,
7290014002944,false,גן קסום חליטת פירות וצמחים חמדת שקד 25 שקיקים,תה ויסוצקי (ישראל) בעמ,,גן קסום חליטת םירות,Unknown,0.00,Unknown,false,1,18.90,18.90,true,1,
7290014002982,false,תה ירוק לימונית ולואיזה ויסוצקי 25 יחידות תוספת סטיביה,תה ויסוצקי (ישראל) בעמ,,תה ירוק לימונית ולוא,Unknown,0.00,Unknown,false,1,24.90,24.90,true,1,
7290014048690,false,נחושת מחבת שף 20 סמ,,,נחושת מחבת שף 20 סמ,Unknown,0.00,Unknown,false,1,299.00,299.00,true,1,
7290014056008,false,"בירה שפירא פייל אייל 330 מ""ל",שפירא,IL,בירה שפירא פייל אייל,מיליליטרים,330.00,"100 מ""ל",false,1,15.90,4.82,true,1,
7290014056015,false,"בירה שפירא סטאוט 330 מ""ל",,IL,בירה שפירא סטאוט 330,מיליליטרים,330.00,"100 מ""ל",false,1,15.90,4.82,true,1,
7290014056039,false,"בירה שפירא חיטה 330 מ""ל",שפירא,IL,בירה שפירא חיטה 330,מיליליטרים,330.00,"100 מ""ל",false,1,15.90,4.82,true,1,
7290014056046,false,"בירה שפירא לאגר 330 מ""ל",שפירא,IL,בירה שפירא לאגר 330,מיליליטרים,330.00,"100 מ""ל",false,1,15.90,4.82,true,1,
7290014056053,false,"בירה שפירא אי פי אי 330 מ""ל",שפירא,IL,בירה שפירא אי פי אי,מיליליטרים,330.00,"100 מ""ל",false,1,15.90,4.82,true,1,
7290014059078,false,"אקווה פרש מי פה אקסטרים 500 מ""ל",גלקסו סמית קליין,,אקווה פרש מי פה אקסט,מיליליטרים,500.00,"100 מ""ל",false,1,23.50,4.70,true,1,
7290014059085,false,"משחת שיניים סנסודיין 75 מ""ל פרימיום לשיקום והגנה","סמית קליין ביצ'ם בע""",,משחת שיניים סנסודיין,Unknown,0.00,Unknown,false,1,28.50,28.50,true,1,
7290014059436,false,"משחת שיניים סנסודיין 75 מ""ל פרימיום לשיקום והגנה מלבינה 75 מ""ל","סמית קליין ביצ'ם בע""",,סנסודיין משחת שיניים,Unknown,0.00,Unknown,false,1,28.50,28.50,true,1,
7290014066359,false,לנדוור-קפסולות אספרסו בלנסד(06) - 10יח'12X יח,"קפה לנדוור בע""\מ",,לנדוור קפסולות אספרס,Unknown,0.00,Unknown,false,1,17.70,17.70,true,1,
7290014066366,false,לנדוור-קפסולות אספרסו ריסטרטו(08) - 10יח'12X יח,ש.שסטוביץ בעמ,,לנדוור קפסולות אספרס,Unknown,0.00,Unknown,false,1,17.70,17.70,true,1,
7290014066373,false,לנדוור-קפסולות אספרסו קלאסיק(09) - 10יח'12X יח,ש.שסטוביץ בעמ,,לנדוור קפסולות אספרס,Unknown,0.00,Unknown,false,1,17.70,17.70,true,1,
7290014066380,false,לנדוור-קפסולות אספרסו סופרימו(10) - 10יח'12X יח,ש.שסטוביץ בעמ,,לנדוור קפסולות אספרס,Unknown,0.00,Unknown,false,1,17.70,17.70,true,1,
7290014066441,false,לנדוור-קפסולות אספרסו נטול קפאין(07) - 10יח'12X יח,ש.שסטוביץ בעמ,,לנדוור קפסולות אספרס,Unknown,0.00,Unknown,false,1,17.70,17.70,true,1,
7290014066526,false,לנדוור-קפסולות אספרסו תערובת הבית(11) - 10יח'12X יח,ש.שסטוביץ בעמ,,לנדוור קפסולות אספרס,Unknown,0.00,Unknown,false,1,17.70,17.70,true,1,
7290014066533,false,לנדוור-קפסולות אספרסו קלייה כפולה(12) - 10יח'12X יח,ש.שסטוביץ בעמ,,לנדוור קפסולות אספרס,Unknown,0.00,Unknown,false,1,17.70,17.70,true,1,
7290014079014,false,לבבות קיסר ארוז נספק,"מרינה פטריות הגליל בע""מ",,לבבות קיסר,Unknown,0.00,Unknown,false,1,12.90,12.90,true,1,
7290014083479,false,גבינה פרוסה גאודה 27% שומן EURO CHEESE ויליפוד 150 גרם,ג.וילי פוד אינטרנשיונל בעמ,,גבינה גאודה 27% 150,גרמים,150.00,100 גרם,false,1,9.90,6.60,true,1,
7290014094017,false,אגוזי מלך טבעי בקליפה 300 גר ששון הקולה,שקדיה,,אגוזי מלך טבעי בקליפ,גרמים,300.00,100 גרם,false,1,13.90,4.63,true,1,
7290014094338,false,דלעת מקולפת 250 גרם בקופסא,דין שיווק וקליה 2021 בעמ,,דלעת מקולפת 250 גר,גרמים,250.00,100 גרם,false,1,22.90,9.16,true,1,
7290014094345,false,גרעיני חמניה קלופים ששון הקולה בקופסא 300 גרם,דין שיווק וקליה 2021 בעמ,,חמניה מקולפת 300 גר,גרמים,300.00,100 גרם,false,1,11.80,3.93,true,1,
7290014094352,false,אגוז מלך טבעי ששון הקולה (200 גרם),דין שיווק וקליה 2021 בעמ,,אגוזי מלך 200 גר,גרמים,200.00,100 גרם,false,1,14.90,7.45,true,1,
7290014094376,false,שזיפים ללא גלעין בקופסא ששון הקולה 330 גרם,דין שיווק וקליה 2021 בעמ,,שזיפים ללא גלעין 330,גרמים,330.00,100 גרם,false,1,23.90,7.24,true,1,
7290014094383,false,משמש בקופסא ששון הקולה 250 גר`,דין שיווק וקליה 2021 בעמ,,משמש 330 גר,גרמים,330.00,100 גרם,false,1,27.50,8.33,true,1,
7290014094406,false,צימוק לבן בקופסא ששון הקולה 330 גרם,דין שיווק וקליה 2021 בעמ,,צימוק לבן 330 גר,גרמים,330.00,100 גרם,false,1,18.80,5.70,true,1,
7290014094482,false,"רוטב צ''ילי חריף 700 מ""ל אהרוני",****דין שיווק וקליה 2021 בעמ,,רוטב צילי חריף 700 ג,גרמים,700.00,100 גרם,false,1,14.40,2.06,true,1,
7290014094543,false,תרסיס שמן קנולה מזוכך 186 מל שקדיה,דין שיווק וקליה 2021 בעמ,TR,תרסיס שמן קנולה 170,מיליליטרים,170.00,"100 מ""ל",false,1,11.90,7.00,true,1,
7290014094611,false,שקד מולבן פרוס בקופסא ששון הקולה 200 גרם,דין שיווק וקליה 2021 בעמ,,שקד מולבן פרוס 200 ג,גרמים,200.00,100 גרם,false,1,28.50,14.25,true,1,
7290014094642,false,אגוזי קשיו טבעיים ששון הקולה (250 גרם),דין שיווק וקליה 2021 בעמ,,קשיו טבעי גדול 250 ג,גרמים,250.00,100 גרם,false,1,29.50,11.80,true,1,
7290014094659,false,בונדוק טבעי 250 גרם בקופסא,דין שיווק וקליה 2021 בעמ,,בונדוק טבעי 250 גר,גרמים,250.00,100 גרם,false,1,30.50,12.20,true,1,
7290014094796,false,משמשים מיובשים בשקית ששון הקולה 300 גרם,דין שיווק וקליה 2021 בעמ,,משמש מיובש 300 גרם ש,גרמים,300.00,100 גרם,false,1,20.90,6.97,true,1,
7290014094826,false,שזיפים ללא גלעין בשקית ששון הקולה 300 גרם,דין שיווק וקליה 2021 בעמ,,שזיפים מיובשים ללא ג,גרמים,300.00,100 גרם,false,1,17.70,5.90,true,1,
7290014094833,false,צימוק בהיר 300 גרם ששון הקולה,דין שיווק וקליה 2021 בעמ,,צימוק בהיר 300 גרם ש,גרמים,300.00,100 גרם,false,1,15.20,5.07,true,1,
7290014094840,false,צימוק חום בשקית ששון הקולה 300 גרם,דין שיווק וקליה 2021 בעמ,,צימוק כהה 300 גרם שש,גרמים,300.00,100 גרם,false,1,11.90,3.97,true,1,
7290014094857,false,פקאן סיני מסוכר 150 גרם ששון הקולה,דין שיווק וקליה 2021 בעמ,,פקאן סיני מסוכר 150,גרמים,150.00,100 גרם,false,1,22.90,15.27,true,1,
7290014094864,false,פיסטוק קלוי 170 גר עם קליפה ששון הקולה,דין שיווק וקליה 2021 בעמ,,פיסטוק קלוי 170 גר,גרמים,170.00,100 גרם,false,1,18.90,11.12,true,1,
7290014094895,false,אגוזים קלופים בשקית ששון הקולה 150 גרם,דין שיווק וקליה 2021 בעמ,,אגוזים מלך קלופים 15,גרמים,150.00,100 גרם,false,1,11.90,7.93,true,1,
7290014094901,false,פקאן טבעי 150 גרם ששון הקולה,דין שיווק וקליה 2021 בעמ,,פקאן טבעי 150 גרם שש,גרמים,150.00,100 גרם,false,1,22.90,15.27,true,1,
7290014095861,false,שיבולת שועל דקה בשקית שקדיה 500 גרם,דין שיווק וקליה 2021 בעמ,,שיבולת שועל דקה 500,גרמים,500.00,100 גרם,false,1,6.90,1.38,true,1,
7290014095946,false,משוקלדים פקאן בשוקולד מריר 140 גרם,דין שיווק וקליה 2021 בעמ,,משוקלדים פקאן מריר 1,גרמים,140.00,100 גרם,false,1,11.90,8.50,true,1,
7290014095960,false,שיבולת שועל עבה בשקית שקדיה 500 גרם,דין שיווק וקליה 2021 בעמ,,שיבולת שועל עבה 500,גרמים,500.00,100 גרם,false,1,6.90,1.38,true,1,
7290014126343,false,בישוקטים בונומי וניל קקאו קקאו 200 גרם,דנשר,,ביסקוטים בונומי וניל,גרמים,200.00,100 גרם,false,1,7.50,3.75,true,1,
7290014126428,false,מרמולייט סטיביה ממתיק 150 טבליות,מיוצר עי קונדיטוריית,,מרמולייט סוכרלוז 150,Unknown,0.00,Unknown,false,1,37.90,37.90,true,1,
7290014173675,false,קומקום זכוכית 1.8 MORPHY RICHARDS,,,קומקום זכוכית 1.8 M,קילוגרמים,0.00,"ק""ג",false,1,119.90,119.90,true,1,
7290014218321,false,בורקס אישי יפו גבינה מעדנות 600 גרם,תנובה מרכז שיתופי לשיווק תוצרת,,בורקס אישי גבינה מע,גרמים,600.00,100 גרם,false,1,21.50,3.58,true,1,
7290014218338,false,"בורקס אישי יפו תפו""א מעדנות 600 גרם",מיוצר עי קונדיטוריית,,"בורקס אישי תפו""א 4*",גרמים,600.00,100 גרם,false,1,17.50,2.92,true,1,
7290014218932,false,חטיפי פיצה בתוספ זיתים בשקית מעדנות 710 גרם,מיוצר עי קונדיטוריית,IL,חטיפי פיצה זיתים,גרמים,710.00,100 גרם,false,1,33.90,4.77,true,1,
7290014229518,false,מיקי שמו - סט 4 תבני,,,מיקי שמו - סט 4 תבני,Unknown,0.00,Unknown,false,1,59.90,59.90,true,1,
7290014256491,false,גוורצטרמינר CARMEL VINEYARDS 750 2013,כרמל מזרחי,,גוורצטרמינר CARMEL V,Unknown,0.00,Unknown,false,1,64.90,64.90,true,1,
7290014256637,false,"יין מבעבע מוסקטו באזז יקבי כרמל 750 מ""ל",אגודת הכורמים -כרמל מזרחי,,יין מבעבע מוסקטו באז,Unknown,0.00,Unknown,false,1,28.90,28.90,true,1,
7290014299207,false,קולפן תפוח APPELPEELER,,,קולפן תפוח APPELPEEL,קילוגרמים,0.00,"ק""ג",false,1,99.90,99.90,true,1,
7290014305045,false,בירה יונק הדבש בסגנון בלגי כהה,הדובים,,בירה הדובים יונק הדב,מיליליטרים,330.00,"100 מ""ל",false,1,14.90,4.52,true,1,
7290014318113,false,"ניוקי תפו""א ללא גלוטן 500 גרם",VINCI,,ניוקי תפוא ללא גלוטן,גרמים,500.00,100 גרם,false,1,21.50,4.30,true,1,
7290014318151,false,ממרח ארטישוק 212 ג' (12),,,ממרח ארטישוק 212,מיליליטרים,212.00,"100 מ""ל",false,1,18.70,8.82,true,1,
7290014318175,false,ממרח פסטו אדום עגבניות 190 גרם BELL,,,ממרח פסטו אדום עגבני,גרמים,190.00,100 גרם,false,1,19.80,10.42,true,1,
7290014318274,false,"שמן כמהין שחור כשר 250 מ""ל",,,שמן כמהין שחור כשר 2,מיליליטרים,250.00,"100 מ""ל",false,1,84.50,33.80,true,1,
7290014318311,false,מארז שלישיית עגבניות חתוכות דק במיץ עגבניות Rosso,,,עגבניות פולפה,קילוגרמים,0.00,"ק""ג",false,1,18.80,18.80,true,1,
7290014318434,false,זיתים איטלקיים מזן צריניולה 540 גר BELL,,,זיתים איטלקיים מזן צ,גרמים,540.00,100 גרם,false,1,21.90,4.06,true,1,
7290014318588,false,טחינה אתיופית מלאה 380 גרם,,,טחינה אתיופית מלאה 3,גרמים,380.00,100 גרם,false,1,19.90,5.24,true,1,
7290014318595,false,טחינה אתיופית לבנה 380 גרם,,,טחינה אתיופית לבנה 3,גרמים,380.00,100 גרם,false,1,19.90,5.24,true,1,
7290014318663,false,"חומץ תפוחים אורגני 750 מ""ל",,,חומץ תפוחים אורגני,מיליליטרים,750.00,"100 מ""ל",false,1,19.90,2.65,true,1,
7290014318670,false,רוטב רימונים אורגני,,AZ,"רכז רימונים 250 מ""ל",מיליליטרים,250.00,"100 מ""ל",false,1,27.90,11.16,true,1,
7290014318755,false,"סירופ אגבה 660 מ""ל",,MX,"סירופ אגבה 660 מ""ל",מיליליטרים,660.00,"100 מ""ל",false,1,28.90,4.38,true,1,
7290014318762,false,"מיץ רימונים אורגני 946 מ""ל {6} כשר",,TR,מיץ רימונים אוטרגני,מיליליטרים,946.00,"100 מ""ל",false,1,25.90,2.74,true,1,
7290014318878,false,"מיץ תפוחים וג'ינג'ר אורגני 750 מ""ל",,IT,מיץ תפוח וגינגר אורג,מיליליטרים,750.00,"100 מ""ל",false,1,20.90,2.79,true,1,
7290014318885,false,"מיץ תפוח ואוכמניות כחולות אורגני 750 מ""ל",,IT,מיץ תפוח ואוכמניות כ,מיליליטרים,750.00,"100 מ""ל",false,1,20.90,2.79,true,1,
7290014318892,false,"מיץ סלק אורגני 946 מ""ל",,TR,מיץ סלק אורגני 946 מ,מיליליטרים,946.00,"100 מ""ל",false,1,22.20,2.35,true,1,
7290014321007,false,"שמן קוקוס אורגני 350 מ""ל",כפרי בריא,,שמן קוקוס אורגני,מיליליטרים,350.00,"100 מ""ל",false,1,32.90,9.40,true,1,
7290014321014,false,שמן קוקוס אורגני 1 ליטר,אקוגרין,,שמן קוקוס אורגני 1 ל,ליטרים,0.00,ליטר,false,1,69.90,69.90,true,1,
7290014397279,false,שקיות מזון גדולות XL סנו סושי 300 יחידות,החברה הדרומית לשיווק בעמ,,סנו סושי שקיות מזון,Unknown,0.00,Unknown,false,1,12.90,12.90,true,1,
7290014397286,false,מרכך כביסה מרוכז חלב ודבש סנו מקסימה 1 ליטר,החברה הדרומית לשיווק בעמ,,מרכך כביסה מקסימה,מיליליטרים,1000.00,"100 מ""ל",false,1,17.90,1.79,true,1,
7290014397453,false,סנו אוקסיגן גל מסיר כתמים כביסה לבנה 3 ל,החברה הדרומית לשיווק בעמ,,סנו אוקסיגן גל מסיר,ליטרים,0.00,ליטר,false,1,33.90,33.90,true,1,
7290014397675,false,מקסימה מרכך כביסה חלב ודבש סנו 4 ליטר,החברה הדרומית לשיווק בעמ,,סנו מקסימה מרכך כביס,ליטרים,0.00,ליטר,false,1,19.90,19.90,true,1,
7290014397705,false,פוליויקס פרקט טבעי וסינטטי סנו (2 ליטר),החברה הדרומית לשיווק בעמ,,סנו פוליויקס פרקט בנ,ליטרים,0.00,ליטר,false,1,23.90,23.90,true,1,
7290014397767,false,סנו ריצפז פרש הום 2 ליטר בניחוח כותנה-מרכז,החברה הדרומית לשיווק בעמ,,סנו ריצפז פרש הום כו,ליטרים,0.00,ליטר,false,1,19.90,19.90,true,1,
7290014397781,false,סנו ריצפז פרש הום 2 ליטר בניחוח סבון,החברה הדרומית לשיווק בעמ,,סנו ריצפז פרש הום סב,ליטרים,0.00,ליטר,false,1,19.90,19.90,true,1,
7290014397873,false,מרכך כביסה בבישום עוצמתי ג'נטל בריז,החברה הדרומית לשיווק בעמ,IL,מרכך כביסה סנו מקסימ,ליטרים,0.00,ליטר,false,1,19.90,19.90,true,1,
7290014397897,false,"מבשם בגדים ואריגים כותנה מקסימה 350 מ""ל סנו",סנו מפעלי ברונוס בעמ,,סנו מקסימה מבשם בגדי,מיליליטרים,350.00,"100 מ""ל",false,1,20.40,5.83,true,1,
7290014435704,false,סלמון מעושן פרוס 100ג(שמיר),שבעת הימים - שמיר,,סלמון מעושן 100 גר,גרמים,100.00,100 גרם,false,1,24.90,24.90,true,1,
7290014435810,false,נתחי הרינג כבוש עם בצל במרינת חמוץ מתוק שמיר 220 גרם,"סלטי שמיר 2006 בע""מ",,הרינג כבוש עם בצל חמ,גרמים,220.00,100 גרם,false,1,19.80,9.00,true,1,
7290014435827,false,פילה מקרל מעושן בשמן ויטהול 180 גר,"סלטי שמיר 2006 בע""מ",,פילה מקרל מעושן בשמן,גרמים,180.00,100 גרם,false,1,26.50,14.72,true,1,
7290014435834,false,מקרל מעושן פרוס בשמן שמיר 180 גרם,"סלטי שמיר 2006 בע""מ",,מקרל מעושן פרוס בשמן,גרמים,190.00,100 גרם,false,1,26.50,13.95,true,1,
7290014435841,false,פילה הרינג עם בצל בשמן מטיאס הולנדי שמיר 200 גרם,סלטי שמיר 2006 בעמ,,פילה מטיאס הולנדי בש,גרמים,200.00,100 גרם,false,1,19.80,9.90,true,1,
7290014435872,false,סלט הרינג עם מיונז שמיר 200 גרם,"סלטי שמיר 2006 בע""מ",,סלט הרינג עם מיונז 2,גרמים,200.00,100 גרם,false,1,19.80,9.90,true,1,
7290014437425,false,מיקי שמו תבנית פיצה מחוורת 32,,,מיקי שמו - תבנית פיצ,Unknown,0.00,Unknown,false,1,59.90,59.90,true,1,
7290014437517,false,"ARCOSTEEL פרו פירות - סכין משוננת 10 ס""מ ידית ירוקה",,,סכין משוננת 10 סמ יר,Unknown,0.00,Unknown,false,1,12.90,12.90,true,1,
7290014437531,false,סכין חלקה 10 סמ צהוב,,,סכין חלקה 10 סמ צהוב,Unknown,0.00,Unknown,false,1,12.90,12.90,true,1,
7290014437579,false,פרו סנדוויץ - סכין מ,,,פרו סנדוויץ - סכין מ,Unknown,0.00,Unknown,false,1,12.90,12.90,true,1,
7290014437593,false,סכין משוננת 11 פרו סנדוויץ,,,סכין משוננת 11 סמ יר,Unknown,0.00,Unknown,false,1,12.90,12.90,true,1,
7290014438804,false,סכין סטייק 10 מאסטר,,,סכין סטייק 10 מאסטר,Unknown,0.00,Unknown,false,1,35.90,35.90,true,1,
7290014440463,false,"יין מדבר שרדונה סדרה 22 750 מ""ל",,IL,יין מדבר שרדונה סדר,מיליליטרים,750.00,"100 מ""ל",false,1,51.90,6.92,true,1,
7290014440470,false,"יין מדבר סוביניון בלאן סדרה 22 750 מ""ל",,IL,יין מדבר סוביניון בל,מיליליטרים,750.00,"100 מ""ל",false,1,51.90,6.92,true,1,
7290014440487,false,"יקב מדבר סדרה 22 סוביניון 750 מ""ל",,IL,יקב מדבר סדרה 22 סוב,מיליליטרים,750.00,"100 מ""ל",false,1,51.90,6.92,true,1,
7290014440494,false,"יין מדבר רוזה סדרה 22 750 מ""ל",,IL,יין מדבר רוזה סדרה,מיליליטרים,750.00,"100 מ""ל",false,1,51.90,6.92,true,1,
7290014440548,false,"יקב מדבר סדרה 22 קברנה פרנק 750 מ""ל",,IL,יקב מדבר סדרה 22 קבר,מיליליטרים,750.00,"100 מ""ל",false,1,51.90,6.92,true,1,
7290014455245,false,גבינה גרנה פדנו משולש גד 200 גר',מחלבות גד שיווק 1992 בעמ,,גרנה פדנו משולש 200,גרמים,200.00,100 גרם,false,1,25.20,12.60,true,1,
7290014455252,false,גבינת גרנה פדנו מגורדת 29% גד (100 גרם),מחלבות גד שיווק 1992 בעמ,,גבינה גרנה פדנו,גרמים,100.00,100 גרם,false,1,11.90,11.90,true,1,
7290014455320,false,גבינה כדורי מוצרלה פרסקה גד 100ג',מחלבות גד שיווק 1992 בעמ,,כדור מוצרלה פרסקה 10,גרמים,100.00,100 גרם,false,1,9.70,9.70,true,1,
7290014455467,false,ירח מתוק מעדן חלב 2% ושיבולת שועל גד 150ג',מחלבות גד שיווק 1992 בעמ,,מעדן שיבולת שועל וחל,גרמים,150.00,100 גרם,false,1,6.10,4.07,true,1,
7290014455610,false,"יוגורט עיזים תות 125 גרם ""גד""",מחלבות גד שיווק 1992 בעמ,,יוגורט עיזים תות 125,גרמים,125.00,100 גרם,false,1,6.10,4.88,true,1,
7290014455627,false,יוגורט עיזים עם דובדבן אמרנה 125גר,מחלבות גד שיווק 1992 בעמ,,יוגורט עיזים דובדבן,גרמים,125.00,100 גרם,false,1,6.10,4.88,true,1,
7290014459137,false,"תפוגן סטייק צ'יפס 1.5 ק""ג אסם",קבוצת אוסם סחר שותפות מוגבלת,,תפוגן סטייק ציפס 1.5,קילוגרמים,0.00,"ק""ג",false,1,24.90,24.90,true,1,
7290014459373,false,"צ'יפס קראנצ'י לתנור קפוא תפוגן 1.5ק""ג",קבוצת אוסם סחר שותפות מוגבלת,,תפוגן ציפס קראנצי לת,קילוגרמים,0.00,"ק""ג",false,1,26.90,26.90,true,1,
7290014459472,false,"תפוגן צ יפס קלאסי 2ק""ג (תפוגן)",קבוצת אוסם סחר שותפות מוגבלת,IL,ציפס תפוגן קלאסי 2 ק,קילוגרמים,0.00,"ק""ג",false,1,24.90,24.90,true,1,
7290014465114,false,מגנזיום אוקסיד 520 60 כמ,NATURAL MARSHAL,,מגנזיום אוקסיד 520,Unknown,0.00,Unknown,false,1,59.90,59.90,true,1,
7290014465213,false,פרופוליס תמצית 50 מל,NATURAL MARSHAL,,תמצית פרופוליס 50 מ`,Unknown,0.00,Unknown,false,1,79.90,79.90,true,1,
7290014465466,false,אבץ פיקולינאט 50 מ`ג,,,אבץ פיקולינאט 50 מ`ג,Unknown,0.00,Unknown,false,1,62.90,62.90,true,1,
7290014465701,false,מורינגה ערבה אבקה,,,מורינגה ערבה אבקה,Unknown,0.00,Unknown,false,1,152.90,152.90,true,1,
7290014466609,false,יין גמלא מרלו עברית 2018*,היכל היין שקד גולן בעמ,,יין מרלו גמלא 2020 7,Unknown,0.00,Unknown,false,1,58.90,58.90,true,1,
7290014466890,false,"יין גמלא השמורה קברנה מרלו 2020 750 מ""ל",היכל היין שקד גולן בעמ,,יין גמלא השמורה קברנ,Unknown,0.00,Unknown,false,1,69.90,69.90,true,1,
7290014471412,false,"מוזלי בוטנים אגוזים ושקדים 1 ק""ג - 412 ירוק שקדיה",דין שיווק וקליה 2021 בעמ,,מוזלי בוטנים אגוז וש,גרמים,1000.00,100 גרם,false,1,21.90,2.19,true,1,
7290014471429,false,"מוזלי עם פירות 1 ק""ג - 429 סגול שקדיה",דין שיווק וקליה 2021 בעמ,,"מיזלי עם פירות 1 ק""ג",גרמים,1000.00,100 גרם,false,1,21.90,2.19,true,1,
7290014471436,false,"מוזלי צימוקים תפוח קינמון וגרעיני חמניה 1 ק""ג כחול שקדיה",דין שיווק וקליה 2021 בעמ,,מיזלי צימוקים תפוח/ק,גרמים,1000.00,100 גרם,false,1,21.90,2.19,true,1,
7290014471443,false,"גרנולה צימוקים אגוזים ושקדים1 ק""ג חדש - 443 כתום שקדיה (כתום)",דין שיווק וקליה 2021 בעמ,,גרנולה צימוקים אגוז,גרמים,1000.00,100 גרם,false,1,21.90,2.19,true,1,
7290014472136,false,גרעין שחור קלוי ששון הקולה (150 גרם),דין שיווק וקליה 2021 בעמ,,גרעין שחור קלוי 150,גרמים,150.00,100 גרם,false,1,4.80,3.20,true,1,
7290014472228,false,תאנים ששון הקולה (330 גרם),דין שיווק וקליה 2021 בעמ,,תאנים 330 גר,גרמים,330.00,100 גרם,false,1,24.90,7.55,true,1,
7290014472235,false,פקאן סיני מסוכר ששון הקולה (200 גרם),דין שיווק וקליה 2021 בעמ,,פקאן סיני מסוכר 200,גרמים,200.00,100 גרם,false,1,29.50,14.75,true,1,
7290014472471,false,גרעיני חמנייה קלוי ענק ששון הקולה 200 גרם,דין שיווק וקליה 2021 בעמ,,גרעיני חמניה קלויים,גרמים,200.00,100 גרם,false,1,6.90,3.45,true,1,
7290014472488,false,שקד קלוי ענק 250 גרם פרימיום ששון הקולה,דין שיווק וקליה 2021 בעמ,,שקד קלוי ענק 250 גרם,גרמים,250.00,100 גרם,false,1,23.90,9.56,true,1,
7290014472495,false,קשיו קלוי ענק פרימיום ששון הקולה 250 גרם,דין שיווק וקליה 2021 בעמ,,קשיו קלוי ענק 250 גר,גרמים,250.00,100 גרם,false,1,21.90,8.76,true,1,
7290014472518,false,בוטן קלוי ענק פרימיום ששון הקולה 250 גרם,דין שיווק וקליה 2021 בעמ,,בוטן קלוי ענק 250 גר,גרמים,250.00,100 גרם,false,1,11.90,4.76,true,1,
7290014472525,false,תערובת פיצוחים פרימיום ששון הקולה 250 גרם,דין שיווק וקליה 2021 בעמ,,תערובת מובחרת 250 גר,גרמים,250.00,100 גרם,false,1,23.90,9.56,true,1,
7290014477087,false,פילה אמנון 7-9 קפוא בלדי,,,פילה אמנון 7-9 קפוא,Unknown,0.00,"ק""ג",true,0,29.90,29.90,true,1,
7290014501232,false,יין בר הרי גליל לבן 750 מל,היכל היין שקד גולן בעמ,,יין בר הרי גליל לבן,Unknown,0.00,Unknown,false,1,32.90,32.90,true,1,
7290014501843,false,יין הרי גליל מירון 2018 750 מל,יקבי רמת הגולן,,יין הרי גליל מירון 2,Unknown,0.00,Unknown,false,1,97.90,97.90,true,1,
7290014503137,false,יין אדום יבש יובלים יקב דלתון (750 מל),הכרם - משקאות חריפים בעמ,,יין כנען אדום דלתון,Unknown,0.00,Unknown,false,1,44.90,44.90,true,1,
7290014503328,false,"יין עלמה סקארלט 750 מ""ל דלתון",הכרם משקאות חריפים בעמ,,יין עלמה סקארלט 750,Unknown,0.00,Unknown,false,1,83.90,83.90,true,1,
7290014525009,false,חטיף סלים פרוט Slim fruit בטעם יוגורט ובמילוי תפוח,סלים דליס Slim Delis,,חטיף בריאות יוגורט ב,גרמים,182.00,100 גרם,false,1,10.90,5.99,true,1,
7290014525290,false,חטיפי סלים דליס קריספי תות מרבה 125 גרם,סלים דליס Slim Delis,,חטיף מרבה סלים דליס,גרמים,125.00,100 גרם,false,1,10.90,8.72,true,1,
7290014525306,false,חטיפי סלים דליס קריספי אוכמניות מרבה 125 גרם,סלים דליס Slim Delis,,חטיף מרבה סלים דליס,גרמים,125.00,100 גרם,false,1,10.90,8.72,true,1,
7290014525313,false,חטיפי סלים דליס קריספי שוקולד מרבה 125 גרם,סלים דליס Slim Delis,,חטיף מרבה סלים דליס,גרמים,125.00,100 גרם,false,1,10.90,8.72,true,1,
7290014525665,false,מרבה על חלל עוגיות קקאו וסוכריות שוק חלב 140 יח',ש.שסטוביץ בעמ,NL,עוגיות קקאו וסוכריות,גרמים,140.00,100 גרם,false,1,10.90,7.79,true,1,
7290014525672,false,מרבה על חלל עוגיות קקאו וסוכריות שוקולד חלב 140 גרם,ש.שסטוביץ בעמ,NL,עוגיות סוכריות ש.חלב,גרמים,140.00,100 גרם,false,1,10.90,7.79,true,1,
7290014546424,false,יוביקווינול 50 מג 60 כמו,LTD .AMBROZIA,,יוביקווניל,Unknown,0.00,Unknown,false,1,132.90,132.90,true,1,
7290014546578,false,פורמולת מלחים 60 כמוסות,LTD .AMBROZIA,,כמוסות מלחים - 60 כמ,Unknown,0.00,Unknown,false,1,59.90,59.90,true,1,
7290014547353,false,סנסודין זוג מברשות שיניים דואלקר ירוק+יר,גורי ע.ע.ע בעמ,,זוג מברשות סנסודיין,Unknown,0.00,Unknown,false,1,24.90,24.90,true,1,
7290014587816,false,"מגנזיום אוקסיד 550 מ""ג OS+",,,מגנזיום אוקסיד 550 מ,גרמים,1.00,100 גרם,false,1,69.00,6900.00,true,1,
7290014587854,false,"שמפו קיק שיבולת שועל 450 מ""ל OS+",שיווק TEVACOM,,שמפו קיק שיבולת שועל,מיליליטרים,450.00,"100 מ""ל",false,1,35.90,7.98,true,1,
7290014587878,false,"מסיכת קיק שיבולת שועל 500 מ""ל OS+",#שיווק# TEVACOM#,,מסיכת קיק שיבולת שוע,מיליליטרים,500.00,"100 מ""ל",false,1,49.90,9.98,true,1,
7290014608016,false,סמבוכול קיד חסכוני 230 מ`ל,פארמה גורי,,סמבוכול קיד חסכוני,Unknown,0.00,Unknown,false,1,97.90,97.90,true,1,
7290014628403,false,קרקר זעתר ובצל 150 ג RAW,שורשי ציון,IL,קרקר זעתר ובצל 150 ג,גרמים,150.00,100 גרם,false,1,29.90,19.93,true,1,
7290014628410,false,קרקר ירקות גינה 150 ג RAW,שורשי ציון,IL,קרקר ירקות גינה 150,גרמים,150.00,100 גרם,false,1,29.90,19.93,true,1,
7290014628427,false,קרקר ירוק 150 גרם,שורשי ציון,IL,קרקר ירוק 150 ג RAW,גרמים,150.00,100 גרם,false,1,29.90,19.93,true,1,
7290014628472,false,RAW קרקר כוסמת וציה 150 גרם,,IL,RAW קרקר כוסמת וציה,גרמים,150.00,100 גרם,false,1,26.90,17.93,true,1,
7290014628489,false,RAW קרקר איטלקי 150 גרם,שורשי ציון,IL,RAW קרקר איטלקי 150,גרמים,150.00,100 גרם,false,1,26.90,17.93,true,1,
7290014628571,false,"גרנאולה סופר ברי ללת""ס 300 גרם",,,גרנאולה סופר ברי ללת,גרמים,300.00,100 גרם,false,1,35.90,11.97,true,1,
7290014628922,false,בראוניס ראו 125 גרם,,,בראוניס ראו 125 גרם,גרמים,125.00,100 גרם,false,1,26.90,21.52,true,1,
7290014634046,false,ריבת רוסמן לייט אוכמניות 500 גרם,הדרום תעשיות מזון בע,,ריבת רוסמן לייט אוכמ,גרמים,500.00,100 גרם,false,1,27.90,5.58,true,1,
7290014634053,false,ריבת רוסמן לייט דובדבן 500 גרם,,,ריבת רוסמן לייט דובד,גרמים,500.00,100 גרם,false,1,27.90,5.58,true,1,
7290014634077,false,ריבת רוסמן לייט תות שדה 500 גרם,הדרום תעשיות מזון בע,,ריבת רוסמן לייט תות,גרמים,500.00,100 גרם,false,1,27.90,5.58,true,1,
7290014648005,false,מסיר לק ללא אציטון לה בלה 250 מל,פארמה דיל (פ.א.ב.) שיווק והפצה,,מסיר לק ללא אציטון ל,מיליליטרים,250.00,"100 מ""ל",false,1,11.80,4.72,true,1,
7290014648081,false,סכיני גילוח חד פעמי לה בלה עשירייה,פארמה דיל (פ.א.ב.) שיווק והפצה,,סכיני גילוח חד פעמי,Unknown,0.00,Unknown,false,1,10.80,10.80,true,1,
7290014648098,false,סכיני גילוח חד פעמי לה בלה חמישיה,פארמה דיל (פ.א.ב.) שיווק והפצה,,סכיני גילוח חד פעמי,Unknown,0.00,Unknown,false,1,12.80,12.80,true,1,
7290014648296,false,מקלוני אוזניים עץ 100 יח LA BELLE,פארמה דיל (פ.א.ב.) שיווק והפצה,CN,מקלוני צמר גפן LA BE,Unknown,0.00,Unknown,false,1,1.90,1.90,true,1,
7290014648692,false,צמר גפן כדורים 72 יח אריזה פסגור,פארמה דיל (פ.א.ב.) שיווק והפצה,,צמר גפן כדורים 72 יח,יחידה,1.00,יחידה,false,1,7.90,7.90,true,1,
7290014648821,false,מקלוני צמר גפן LA BE,,CN,מקלוני צמר גפן LA BE,Unknown,0.00,Unknown,false,1,1.90,1.90,true,1,
7290014648906,false,LA BELLEמסיר לק מהציפורניים 100 מל,פארמה דיל (פ.א.ב.) שיווק והפצה,IL,מסיק לק לה בלה 100 מ,Unknown,0.00,Unknown,false,1,4.90,4.90,true,1,
7290014673007,false,תערובת עשבי תיבול בסגנון ים תיכוני מימון 40 גרם,א.ל ייצור ושיווק תבלינים בעמ,IL,תערובת עשבי תיבול ים,גרמים,40.00,100 גרם,false,1,11.90,29.75,true,1,
7290014673014,false,פלפל אנגלי שלם תבליני מימון (90 גרם),א.ל.ייצור ושיווק תבלינים בעמ,,פלפל אנגלי שלם 90 גר,Unknown,0.00,Unknown,false,1,15.50,15.50,true,1,
7290014673021,false,פלפל שחור שלם תבליני מימון (100 גרם),א.ל.ייצור ושיווק תבלינים בעמ,,פלפל שחור שלם 100 גר,גרמים,100.00,100 גרם,false,1,15.50,15.50,true,1,
7290014673038,false,תערובת תיבול טוסקנה מימון 120 גרם,א.ל. ייצור ושיווק תבלינים בע`מ,IL,תערובת עשבי תיבול טו,גרמים,120.00,100 גרם,false,1,11.90,9.92,true,1,
7290014673106,false,פפריקה אדומה גרוסה בשמן מימון 400 גרם,א.ל ייצור ושיווק תבלינים בעמ,IL,פפריקה אדומה גרוסה ב,גרמים,400.00,100 גרם,false,1,21.90,5.48,true,1,
7290014673359,false,מלח לימון תבליני מימון (400 גרם),א.ל. ייצור ושיווק תבלינים בע`מ,,מלח לימון 400 גרם,גרמים,400.00,100 גרם,false,1,23.90,5.98,true,1,
7290014673366,false,כורכום טחון תבליני מימון (250 גרם),א.ל. ייצור ושיווק תבלינים בע`מ,,כורכום טחון 250 גרם,גרמים,250.00,100 גרם,false,1,22.90,9.16,true,1,
7290014673373,false,פפריקה הונגרית חריפה תבליני מימון 250 גרם,א.ל.ייצור ושיווק תבלינים בעמ,,פפריקה הונגרית חריפה,גרמים,250.00,100 גרם,false,1,22.90,9.16,true,1,
7290014673380,false,כמון טחון תבליני מימון 250 גרם,א.ל. ייצור ושיווק תבלינים בע`מ,,כמון טחון 250 גרם,גרמים,250.00,100 גרם,false,1,22.90,9.16,true,1,
7290014673397,false,תיבול לגריל עוף תבליני מימון 250 גרם,א.ל. ייצור ושיווק תבלינים בע`מ,,תיבול לגריל עוף 250,גרמים,250.00,100 גרם,false,1,22.90,9.16,true,1,
7290014673403,false,פלפל שחור טחון תבליני מימון (250 גרם),א.ל. ייצור ושיווק תבלינים בע`מ,,פלפל שחור טחון 250 ג,גרמים,250.00,100 גרם,false,1,31.50,12.60,true,1,
7290014673410,false,פלפל שחור גרוס דק תבליני מימון 250 גרם,א.ל. ייצור ושיווק תבלינים בע`מ,,פלפל שחור גרוס דק 25,גרמים,250.00,100 גרם,false,1,30.90,12.36,true,1,
7290014673434,false,פלפל שחור גרוס דק שקית תבליני מימון 80גרם,א.ל.ייצור ושיווק תבלינים בעמ,,פלפל שחור גרוס 80 גר,Unknown,0.00,Unknown,false,1,9.90,9.90,true,1,
7290014673557,false,זעפרן אמיתי תבליני מימון קופסא,א.ל.ייצור ושיווק תבלינים בעמ,,זעפרן אמיתי 5 גרם,Unknown,0.00,Unknown,false,1,23.90,23.90,true,1,
7290014673618,false,תבלינים זנגביל בצנצנת 30 גרם,א.ל.ייצור ושיווק תבלינים בעמ,,תבלינים זנגביל בצנצנ,Unknown,0.00,Unknown,false,1,11.80,11.80,true,1,
7290014686137,false,סכין קילוף 6 סמ לבן,,,סכין קילוף 6 סמ לבן,Unknown,0.00,Unknown,false,1,11.90,11.90,true,1,
7290014686748,false,מלקחיים מיקי שמו סיליקון,,,מלקחיים 23 סמ סיליקו,Unknown,0.00,Unknown,false,1,34.90,34.90,true,1,
7290014686755,false,מקציף 30 מיקי שמו סיליקון,,,מקציף 30 סמ סיליקון,Unknown,0.00,Unknown,false,1,29.90,29.90,true,1,
7290014686762,false,מברשת מיקי שמו סיליקון,,,מברשת 28 סמ סיליקון,Unknown,0.00,Unknown,false,1,29.90,29.90,true,1,
7290014686786,false,מרחן דו צדדי מיקי שמו סיליקון,,,מיקי שמו- דיספלי מרח,Unknown,0.00,Unknown,false,1,29.90,29.90,true,1,
7290014692299,false,גבינת ברי EURO CHEESE ויליפוד 125 גרם,ג.וילי-פוד אינטרנשיונל **גבינו,,גבינת ברי 125 גר,גרמים,125.00,100 גרם,false,1,20.90,16.72,true,1,
7290014692305,false,גבינת קממבר EURO CHEESE ויליפוד 125 גרם,ג.וילי-פוד אינטרנשיונל **גבינו,,גבינת קממבר 125 גר,גרמים,125.00,100 גרם,false,1,20.90,16.72,true,1,
7290014692541,false,פתיתים מגורדת וילי פוד (500 גרם)GOLDEN,ג.וילי-פוד אינטרנשיונל **גבינו,,צהובה מגורדת גולדן 5,גרמים,500.00,100 גרם,false,1,21.90,4.38,true,1,
7290014692749,false,"שמן זית כתית מעולה ויליפוד 750 מ""ל",ג. וילי-פוד אינטרנשיונל בע`מ,ES,שמן זית כתית מעולה 7,מיליליטרים,750.00,"100 מ""ל",false,1,34.50,4.60,true,1,
7290014692817,false,גבינת מוצרלה מגורדתEURO CHEESE ויליפוד 200 גרם,ג.וילי-פוד אינטרנשיונל **גבינו,IL,גבינת מוצרלה מגורדת,גרמים,200.00,100 גרם,false,1,14.60,7.30,true,1,
7290014717770,false,יין קברנה סוביניון 2014 750 T-SELECTION,יקב פלטר,,יין קברנה סוביניון 7,Unknown,0.00,Unknown,false,1,149.90,149.90,true,1,
7290014717817,false,יין רוזה 2016 פלטר 750 מל,יקב פלטר,,יין רוזה פלטר 750 מ,Unknown,0.00,Unknown,false,1,93.90,93.90,true,1,
7290014718357,false,סט דבק נוצצים גדול ק,,,סט דבק נוצצים גדול ק,Unknown,0.00,Unknown,false,1,19.90,19.90,true,1,
7290014718500,false,מדבקות קבוצה 16 קידל,,,מדבקות קבוצה 16 קידל,Unknown,0.00,Unknown,false,1,10.90,10.90,true,1,
7290014718517,false,מדבקות קבוצה 17 קידל,,,מדבקות קבוצה 17 קידל,Unknown,0.00,Unknown,false,1,11.90,11.90,true,1,
7290014718739,false,מדבקות קבוצה 20,,,מדבקות קבוצה 20,Unknown,0.00,Unknown,false,1,11.90,11.90,true,1,
7290014718784,false,פסיפסים בלרינה,,CN,פסיפסים בלרינה,יחידה,1.00,יחידה,false,1,24.90,24.90,true,1,
7290014718814,false,פסיפסים נסיכת השלג,,CN,פסיפסים נסיכת השלג,יחידה,1.00,יחידה,false,1,24.90,24.90,true,1,
7290014718821,false,פסיפסים נסיכת אינדיאנית,,CN,פסיפסים נסיכת אינדיא,יחידה,1.00,יחידה,false,1,24.90,24.90,true,1,
7290014718845,false,מדבקות,,,מדבקות,יחידה,1.00,יחידה,false,1,14.90,14.90,true,1,
7290014718852,false,מדבקות,,,מדבקות,יחידה,1.00,יחידה,false,1,11.90,11.90,true,1,
7290014718869,false,מדבקות,,,מדבקות,יחידה,1.00,יחידה,false,1,11.90,11.90,true,1,
7290014718876,false,מדבקות,,,מדבקות,יחידה,1.00,יחידה,false,1,12.90,12.90,true,1,
7290014723092,false,סכין משוננת 10 כתום פרו פירות,,,פרו פירות - סכין משו,Unknown,0.00,Unknown,false,1,12.90,12.90,true,1,
7290014723108,false,סכין משוננת 10 ורוד פרו פירות,,,פרו פירות סכין משוננ,Unknown,0.00,Unknown,false,1,12.90,12.90,true,1,
7290014723122,false,סכין משוננת 11 כתום פרו סנדוויץ,,,פרו סנדוויץ סכין משו,Unknown,0.00,Unknown,false,1,12.90,12.90,true,1,
7290014723511,false,קויזין פרו סכין שף/ס,,,קויזין פרו סכין שף/ס,Unknown,0.00,Unknown,false,1,189.00,189.00,true,1,
7290014749245,false,ספיישל רצועות שניצל שומשום עוף טוב 600 גרם,קבוצת אוסם סחר שותפות מוגבלת,,צונגו רצועות שניצל ש,גרמים,600.00,100 גרם,false,1,34.90,5.82,true,1,
7290014749764,false,עוף טוב שניצל עוף ביתי עדין כזה 700 גרם,קבוצת אוסם סחר שותפות מוגבלת,,עוף טוב שניצל עוף בי,גרמים,700.00,100 גרם,false,1,44.90,6.41,true,1,
7290014749863,false,עוף טוב שניצל דק ענק קריספי צ'יפס 720 גרם,קבוצת אוסם סחר-שות.מוגבלת,,עוף טוב שניצל עוף דק,גרמים,720.00,100 גרם,false,1,36.50,5.07,true,1,
7290014749887,false,שניצל דק ענק קריספי קלאסי עוף טוב 720 גרם,קבוצת אוסם סחר שותפות מוגבלת,,שניצל דק ענק קריספ ק,גרמים,720.00,100 גרם,false,1,36.50,5.07,true,1,
7290014753020,false,קרם רב שימושי פפאיה שפורפרת 180 מ`ל,,,קרם רב שימושי פפאיה,Unknown,0.00,Unknown,false,1,16.90,16.90,true,1,
7290014753037,false,קרם רב שימושי אובלפיחה שפורפרת 180 מ`ל,,,קרם רב שימושי אובלפי,Unknown,0.00,Unknown,false,1,16.90,16.90,true,1,
7290014753068,false,קרם רב שימושי וניל פצ`ולי שפורפרת,,,קרם רב שימושי וניל פ,Unknown,0.00,Unknown,false,1,16.90,16.90,true,1,
7290014753655,false,שמפו פפאיה,,,שמפו פפאיה,Unknown,0.00,Unknown,false,1,24.90,24.90,true,1,
7290014753761,false,תחליב רחצה וניל קשמיר ללא (ALS/SLS),,,תחליב רחצה וניל קשמי,Unknown,0.00,Unknown,false,1,24.90,24.90,true,1,
7290014753846,false,שקית בוץ טהור לגוף 600 גר' א.מינרל,,,שקית בוץ טהור לגוף,גרמים,600.00,100 גרם,false,1,14.90,2.48,true,1,
7290014753853,false,שקית מלח אמבט וניל פצ'ולי (ב'ז) 500 גר' א.מינרל,,,שקית מלח 500 גר,גרמים,500.00,100 גרם,false,1,14.90,2.98,true,1,
7290014753976,false,סבון מלח בניחוח פפאיה גן עדן 125 גר`,,,סבון מלח בניחוח פפאי,Unknown,0.00,Unknown,false,1,16.90,16.90,true,1,
7290014758100,false,מאגדת יוגורט ביו 3% שומן 8 יח' *150ג' תנובה,מיוצר עי קונדיטוריית,,שמיניית מאגדת BIO,גרמים,150.00,100 גרם,false,1,16.90,11.27,true,1,
7290014758117,false,מאגדת יוגורט ביו 1.5% שומן 8 יח' *150 ג' תנובה,מיוצר עי קונדיטוריית,,שמיניית יוגורט ביו,קילוגרמים,0.00,"ק""ג",false,1,17.20,17.20,true,1,
7290014758162,false,חלב עיזים מלא 3.6% שומן תנובה (1 ליטר),תנובה מרכז שיתופי לש,,חלב עיזים מלא 3.6% ש,מיליליטרים,1000.00,"100 מ""ל",false,1,14.90,1.49,true,1,
7290014758681,false,גבינת קוטג`1% בגביע תנובה (250 גרם),מיוצר עי קונדיטוריית,,קוטג תנובה 1% 250 גר,גרמים,250.00,100 גרם,false,1,5.50,2.20,true,1,
7290014759084,false,גבינת שמנת נפוליאון 16% מופחת שומן תנובה 225 גרם,תנובה מרכז שיתופי לש,,נפוליאון מופחת שומן,גרמים,225.00,100 גרם,false,1,13.90,6.18,true,1,
7290014759909,false,פטה עיזים 5% 250 גר`גביע פיראוס תנובה,"תנובה, מחלבת טנא נוג",,גבינה פטה עזים פיראו,גרמים,250.00,100 גרם,false,1,28.40,11.36,true,1,
7290014759978,false,קצ`קאבל פלח גלעד 200 גר`קולקשיין תנובה,תנובה בעמ ***,,קולאז קשקבל גלעד פלח,גרמים,200.00,100 גרם,false,1,26.60,13.30,true,1,
7290014759985,false,פרמזן פלח גבע 23% 200 גר`קולקשיין תנובה,תנובה - חלב,,קולאז פרמזן גבע פלח,גרמים,200.00,100 גרם,false,1,25.50,12.75,true,1,
7290014759992,false,פלח רוקפור גליל 26% 140 גר`קולקשיין תנו,"תנובה, מחלבת תל יוסף",,קולאז רוקפור גליל פל,גרמים,140.00,100 גרם,false,1,19.40,13.86,true,1,
7290014760134,false,"מעדן סויה בטעם וניל תנובה 125 מ""ל",תנובה Alternative,,מעדן סויה וניל,גרמים,125.00,100 גרם,false,1,4.60,3.68,true,1,
7290014760141,false,משקה שקדים טרי תנובה (1 ליטר),"תנובה בע""מ ***",,משקה שקדים טרי 1 ליט,מיליליטרים,1000.00,"100 מ""ל",false,1,12.90,1.29,true,1,
7290014760448,false,גבינה צהובה גלבוע 400 גרם 22% שומן תנובה,מחלבת בית יצחק,,גלבוע פרוס 22% 400 ג,גרמים,400.00,100 גרם,false,1,23.90,5.98,true,1,
7290014760912,false,גבינה צהובה 28% מהדרין גוש חלב (400 גרם),תנובה מרכז שיתופי לש,,מאגדת גוש חלב 28%,גרמים,400.00,100 גרם,false,1,26.00,6.50,true,1,
7290014761056,false,מעדן שוקולד חלב יולו תנובה 123 גרם,מיוצר עי קונדיטוריית,,יולו שוקולד חלב,גרמים,123.00,100 גרם,false,1,4.70,3.82,true,1,
7290014761070,false,מעדן שוקולד לבן יולו תנובה 123 גרם,מיוצר עי קונדיטוריית,,YOLO שוקולד לבן מעול,גרמים,123.00,100 גרם,false,1,4.70,3.82,true,1,
7290014761414,false,יולו מעדן שכבות שוקולד חלב ולבן 123 גר,מיוצר עי קונדיטוריית,,יולו מעדן שכבות,גרמים,123.00,100 גרם,false,1,4.70,3.82,true,1,
7290014761612,false,מעדן שכבות שוקולד מריר ולבן יולו 122 גרם,מיוצר עי קונדיטוריית,,YOLO מעדן שכבות שוקו,גרמים,123.00,100 גרם,false,1,4.70,3.82,true,1,
7290014762756,false,גבינת שמנת נפוליאון 16% עם בצל תנובה 225 גרם,תנובה - חלב,,נפוליאון 16%בטעם בצל,גרמים,225.00,100 גרם,false,1,13.90,6.18,true,1,
7290014762831,false,גבינת שמנת נפוליאון 16% עם פלפל חלפיניו תנובה 225 גרם,תנובה מרכז שיתופי לש,,גבינת שמנת נפוליאו 2,גרמים,225.00,100 גרם,false,1,13.90,6.18,true,1,
7290014762909,false,פתיתי מוצרלה השף הלבן 10% תוספת מתנה,"תנובה, מחלבת תל יוסף",IL,פתיתי מוצרלה השף הלב,גרמים,220.00,100 גרם,false,1,15.90,7.23,true,1,
7290014775053,false,סופר קיו 10 100 מג (60),אלטמן,,סופר קיו 10 100 מג (,Unknown,0.00,Unknown,false,1,104.90,104.90,true,1,
7290014789913,false,עוגיות אוראו קרם בטעם וניל מארז 176 גרם,דיפלומט מפיצים (1968) בעמ**,,מארז עוגיות אוראו עם,גרמים,528.00,100 גרם,false,1,21.90,4.15,true,1,
7290014791572,false,"שוויפס מוגז בטעם ענבים 330 מ""ל",יפאורה שותפות מוגבלת לשיווק,,שוופס מוגז ענבים 330,מיליליטרים,330.00,"100 מ""ל",false,1,5.70,1.73,true,1,
7290014791664,false,שישיה מי עדן אישי פקק רגיל 500 מל,יפאורה שותפות מוגבלת לשיווק,,שישיה מי עדן אישי פק,ליטרים,0.00,ליטר,false,1,10.90,10.90,true,1,
7290014791831,false,פרוט ווטר ענבים 0.5 ליטר,יפאורה תבורי בעמ,,FRUT WATER ענבים 500,מיליליטרים,500.00,"100 מ""ל",false,1,6.50,1.30,true,1,
7290014791848,false,FRUIT WATER טעם אננס 0.5 ליטר,יפאורה תבורי בעמ,,FRUT WATER אננס 500,מיליליטרים,500.00,"100 מ""ל",false,1,6.50,1.30,true,1,
7290014791862,false,"שוופס פרוט ווטר אפרסק 500מ""ל",יפאורה תבורי בעמ,,FRUT WATER אפרסק 500,מיליליטרים,500.00,"100 מ""ל",false,1,6.50,1.30,true,1,
7290014791879,false,FRUIT WATER טעם אבטיח 0.5 ליטר,יפאורה שותפות מוגבלת לשיווק,,FRUT WATER אבטיח 500,מיליליטרים,500.00,"100 מ""ל",false,1,6.50,1.30,true,1,
7290014803213,false,"חומץ יין לבן 5% 500מ""ל נאמן",נאמן לאורך זמן בעמ,,חומץ יין לבן 500 מ`ל,מיליליטרים,500.00,"100 מ""ל",false,1,15.60,3.12,true,1,
7290014803237,false,ערמונים קלופים וקלויים 100 גרם,TANGSHAN,,ערמונים קלופים וקלוי,גרמים,100.00,100 גרם,false,1,7.20,7.20,true,1,
7290014803503,false,רוטב פלפל אדום חריף 100 מ`ל,נאמן לאורך זמן בעמ,,רוטב פלפל אדום חריף,מיליליטרים,100.00,"100 מ""ל",false,1,8.90,8.90,true,1,
7290014803718,false,ביסקוויט תה פריך 720 גר',נאמן לאורך זמן בעמ,,עוגיות תה 720 גרם,גרמים,720.00,100 גרם,false,1,10.30,1.43,true,1,
7290014855434,false,מגבונים בייביסיטר פרפורמנס מבושם רביעיה,בייביסיטר Babysitter,,בייביסיטר מגבונים פר,Unknown,0.00,Unknown,false,1,16.90,16.90,true,1,
7290014855458,false,מגבוני בייביסיטר פרפורמנס ללא בישום מארז 72X4יח',בייביסיטר Babysitter,,בייביסיטר מגבונים פר,Unknown,0.00,Unknown,false,1,16.90,16.90,true,1,
7290014860063,false,מקלוני אורז ללא גלוטן 454 גר,מזרח ומערב יבוא ושיווק,,מקלוני אורז ללא גלוט,גרמים,454.00,100 גרם,false,1,9.90,2.18,true,1,
7290014860070,false,"מקלוני אורז ללא גלוטן 5 מ""מ 454גר' (אור)",מזרח ומערב יבוא ושיווק,,מקלות אורז ללא גלוטן,גרמים,454.00,100 גרם,false,1,11.40,2.51,true,1,
7290014860094,false,"מקלוני אורז ללא גלוטן 3מ""מ 454גר' (אור)",מזרח ומערב יבוא ושיווק,,מקלות אורז ללא גלוטן,גרמים,454.00,100 גרם,false,1,11.40,2.51,true,1,
7290014860100,false,"מקלות אורז ללא גלוטן 1 מ""מ 454 גרם",,,מקלות אורז ללא גלוטן,גרמים,454.00,100 גרם,false,1,11.40,2.51,true,1,
7290014860155,false,"מחצלת במבו שטוחה 24*24 ס""מ",מזרח ומערב יבוא ושיווק,,מחצלת במבו שטוחה 24*,Unknown,0.00,Unknown,false,1,9.40,9.40,true,1,
7290014890145,false,גבינת שמנת טבעי 225 גרם יעקובס,גבינות משק יעקבס,,שמנת טבעית 25% 225 ג,גרמים,225.00,100 גרם,false,1,11.40,5.07,true,1,
7290014890152,false,גבינת שמנת זיתים 225 גרם יעקובס,גבינות משק יעקבס,,שמנת זיתים 25% 225 ג,גרמים,225.00,100 גרם,false,1,11.40,5.07,true,1,
7290014890169,false,גבינת שמנת שום שמיר 225 גרם יעקובס,גבינות משק יעקבס,,שמנת שום שמיר 25% 22,גרמים,225.00,100 גרם,false,1,11.40,5.07,true,1,
7290014890176,false,ריקוטה סגנון איטלק5% 250,מחלבת משק יעקובס,IL,גבינת ריקוטה 250 גרם,גרמים,250.00,100 גרם,false,1,12.50,5.00,true,1,
7290014890190,false,גבינת מוצרלה כדור 100 גר,גבינות משק יעקבס,IL,גבינת מוצרלה כדור 10,גרמים,100.00,100 גרם,false,1,10.90,10.90,true,1,
7290014890206,false,קרם פרש 250גרם יעקוב,גבינות משק יעקבס,IL,קרם פרש 250 גר,גרמים,250.00,100 גרם,false,1,15.50,6.20,true,1,
7290014890237,false,גבינת קממברט יעקבס 125 גרם,גבינות משק יעקבס,IL,גבינת קממבר יעקבס,גרמים,125.00,100 גרם,false,1,14.90,11.92,true,1,
7290014890572,false,"יוגורט עיזים משק יעקבס 850 מ""ל",גבינות משק יעקבס,IL,יוגורט עיזים משק יעק,מיליליטרים,850.00,"100 מ""ל",false,1,24.90,2.93,true,1,
7290014890589,false,"יוגורט יווני משק יעקבס 850 מ""ל",גבינות משק יעקבס,IL,יוגורט יווני משק יעק,מיליליטרים,850.00,"100 מ""ל",false,1,22.90,2.69,true,1,
7290014890602,false,קממבר בקר אגוזים משק יעקבס 125 גרם,גבינות יעקבס,IL,קממבר בקר אגוזים משק,גרמים,125.00,100 גרם,false,1,20.90,16.72,true,1,
7290014901261,false,"מסכה קרטין לאחר החלקה ועיצוב בחום סטייל 500 מ""ל",א.ל ארמן ייצור תמרוק,,מסיכת קרטין לאחר החל,מיליליטרים,500.00,"100 מ""ל",false,1,46.50,9.30,true,1,
7290014901308,false,משחת שיניים לשיניים רגישות Complete protection,"סמית קליין ביצ'ם בע""",,סנסודיין הגנה מלאה 7,Unknown,0.00,Unknown,false,1,28.50,28.50,true,1,
7290014901315,false,סנסודיין משחה הגנה מלאה אקסטרה פרש 75 מל,"סמית קליין ביצ'ם בע""",,סנסודיין הגנה מלאה א,Unknown,0.00,Unknown,false,1,28.50,28.50,true,1,
7290014905160,false,"הפי מטהר אוויר פניני ריח בניחוחות, 130 גרם","יעקב יעקבי ובניו בע""מ",,פניני ריח XL,Unknown,0.00,Unknown,false,1,17.90,17.90,true,1,
7290014905207,false,"הג'ל הכחול לניקוי האסלה יעקבי 750 מ""ל",יעקב יעקבי ובניו בעמ,,"הפי גל לאסלות 750 מ""",מיליליטרים,750.00,"100 מ""ל",false,1,10.80,1.44,true,1,
7290014905498,false,הפי מטליות דו צדדיות בגליל 20 מטליות,"יעקב יעקבי ובניו בע""מ",,מטליות גם וגם הפי,Unknown,0.00,Unknown,false,1,16.20,16.20,true,1,
7290014905689,false,"נוזל כלים הפי מרוכז 24% תפוח 750 מ""ל","יעקב יעקבי ובניו בע""מ",,הפי נוזל כלים ירוק ת,מיליליטרים,750.00,"100 מ""ל",false,1,11.90,1.59,true,1,
7290014905696,false,"נוזל כלים הפי מרוכז 24% לימון 750 מ""ל","יעקב יעקבי ובניו בע""מ",,הפי נוזל כלים צהוב ל,מיליליטרים,750.00,"100 מ""ל",false,1,11.90,1.59,true,1,
7290014905719,false,מנטרל ריחות בניחוח לימון למדיח כלים,"יעקב יעקבי ובניו בע""מ",,הפי לימונית למדיח,Unknown,0.00,Unknown,false,1,13.90,13.90,true,1,
7290014905733,false,נוזל לניקוי חלונות הפי (750 מל),"יעקב יעקבי ובניו בע""מ",,הפי נקה חלונות פרפקט,מיליליטרים,750.00,"100 מ""ל",false,1,11.40,1.52,true,1,
7290014905962,false,סבון אסלה הפי בושם 5טיפות ורוד לבנדר נתלה,"יעקב יעקבי ובניו בע""מ",,סבון אסלה מקסי הפי,Unknown,0.00,Unknown,false,1,9.70,9.70,true,1,
7290014910461,false,"ערק יודה 700 מ""ל כשל",בני בהיג'\ קעואר לתעשייה,IL,"ערק יודה 700 מ""ל",מיליליטרים,700.00,"100 מ""ל",false,1,54.90,7.84,true,1,
7290014910515,false,שימורי דגים שפרוטים מעושנים בשמן צמחי 250 גרם,יורוסטנדרט בעמ,,שימורי שפרוטים מעוש,גרמים,250.00,100 גרם,false,1,12.50,5.00,true,1,
7290014931008,false,פטרוזיליה עם השורש יחידה,ביכורי השדה צפון 1994 ג.ד. בעמ,,פטרוזליה,יחידה,1.00,יחידה,false,1,8.90,8.90,true,1,
7290014931015,false,כוסברה עם השורש יחידה,ל. פלמינגו ישראל בעמ,,כוסברה,יחידה,1.00,יחידה,false,1,8.90,8.90,true,1,
7290014931053,false,בזיליקום עם השורש יחידה,גדי מרדכי-מושב שלוש,,בזילקום,יחידה,1.00,יחידה,false,1,8.90,8.90,true,1,
7290014931077,false,עירית עם השורש יחידה,תעשיות תמרוקים שיק 1,,עירית,יחידה,1.00,יחידה,false,1,8.90,8.90,true,1,
7290014931084,false,אורגנו עם השורש יחידה,ביכורי השדה צפון 1994 ג.ד. בעמ,,אורגנו,קילוגרמים,0.00,"ק""ג",false,1,8.90,8.90,true,1,
7290014931091,false,קורנית -טימין עם השורש י,גדי מרדכי-מושב שלוש,,קורנית / אורגנו,יחידה,1.00,יחידה,false,1,8.90,8.90,true,1,
7290014931107,false,נענע עם השורש יחידה,גדי מרדכי-מושב שלוש,,מנטה,יחידה,1.00,יחידה,false,1,8.90,8.90,true,1,
7290014931176,false,עלי חסה רומית מהדרין,רימון,,עלי רומית,Unknown,0.00,Unknown,false,1,12.90,12.90,true,1,
7290014931190,false,פאק - צוי יחידה,גדי מרדכי-מושב שלוש,,פאקצוי,Unknown,0.00,Unknown,false,1,12.90,12.90,true,1,
7290014931206,false,גרגירי נחלים הידרופו,מהשורש לאורך חיים,,גרגיר הנחל,Unknown,0.00,Unknown,false,1,12.90,12.90,true,1,
7290014947863,false,מלח גס שחור מן ההימל,,,מלח גס שחור מן ההימל,גרמים,500.00,100 גרם,false,1,32.50,6.50,true,1,
7290014949744,false,אוטן אקטיב ספריי יבש דוחה יתושים,מיוצר עי קונדיטוריית,,אוטן טרופי ספריי יבש,מיליליטרים,10.00,"100 מ""ל",false,1,21.50,215.00,true,1,
7290014950795,false,"קרם גוף פרחי הדרים וברגמוט 250 מ""ל",LAVIDO,,קרם גוף פרחי הדרים,מיליליטרים,250.00,"100 מ""ל",false,1,89.90,35.96,true,1,
7290014950818,false,קרם גוף לבנדר 120 מל,LAVIDO,,קרם גוף לבנדר 120 מ`,Unknown,0.00,Unknown,false,1,59.90,59.90,true,1,
7290014950856,false,קרם גוף פטשולי וניל 250,LAVIDO,,קרם גוף ארומתרפי פטש,Unknown,0.00,Unknown,false,1,89.90,89.90,true,1,
7290014950863,false,"קרם ידיים לבנדר בולגרי 70 מ""ל",LAVIDO,,קרם ידיים לבנדר,Unknown,0.00,Unknown,false,1,39.90,39.90,true,1,
7290014952898,false,נוזל כביסה אקולוגי היפואלרגני לתינוק 2 ל,מאמי קר,,נוזל כביסה אקולוגי ה,ליטרים,0.00,ליטר,false,1,44.90,44.90,true,1,
7290014962521,false,"טפטפים משחת שיניים לילדים מגיל 2-6 50 מ""ל",גורי ע.ע.ע. בע`מ,,משחת שיניים טפטפים כ,Unknown,0.00,Unknown,false,1,14.30,14.30,true,1,
7290014973060,false,סלומון נורבגי מעושן 100 גרם,לפ הרמס דגים בעמ,,סלמון 100 גר,גרמים,100.00,100 גרם,false,1,23.90,23.90,true,1,
7290014973077,false,סלמון הילטון בוואקום,הרמס דגים,,סלמון 200 גר,גרמים,200.00,100 גרם,false,1,46.90,23.45,true,1,
7290014973558,false,פילה סלמון גרבלקס הר,"הרמס דגים בע""מ",,גרבלקס 200 גר,גרמים,200.00,100 גרם,false,1,49.90,24.95,true,1,
7290014973671,false,איקרה לבנה הרמס 250,ירין חזון שיווק ומזון,IL,איקרה לבנה 250 גר,גרמים,250.00,100 גרם,false,1,18.90,7.56,true,1,
7290014974562,false,גביעי גלידה רגיל טילון עלמה גילרו 24 יח',"א.ג גילרו בע""\מ",,גביעי גלידה 24 יח 12,גרמים,120.00,100 גרם,false,1,7.90,6.58,true,1,
7290014988521,false,"קלנדולה 50 מ""ל",,,"קלנדולה 50 מ""ל",מיליליטרים,50.00,"100 מ""ל",false,1,64.90,129.80,true,1,
7290014988552,false,"ולריאן 50 מ""ל",,,"ולריאן 50 מ""ל",מיליליטרים,50.00,"100 מ""ל",false,1,64.90,129.80,true,1,
7290014988606,false,"תמצית עוזרר 50 מ""ל",,,"תמצית עוזרר 50 מ""ל",מיליליטרים,50.00,"100 מ""ל",false,1,64.90,129.80,true,1,
7290015009010,false,מונטנייר חומץ יין אדום 500מל,מנדלז סי.אר. פרודקשן,,חומץ בן יין אדום 500,מיליליטרים,500.00,"100 מ""ל",false,1,20.60,4.12,true,1,
7290015009102,false,"עלי טורטייה מקמח לבן 20 ס""מ 360 גרם",,,עלי טורטייה מקמח לבן,גרמים,360.00,100 גרם,false,1,15.30,4.25,true,1,
7290015009119,false,עלי טורטייה מקמח תירס 360 גרם,פרינסיס און וה אונלו,,עלי טורטייה מקמח תיר,גרמים,360.00,100 גרם,false,1,16.00,4.44,true,1,
7290015009126,false,עלי טורטייה מקמח מלא 420 גר 25 סמ,לווליה,,עלי טורטייה מקמח מלא,גרמים,420.00,100 גרם,false,1,16.00,3.81,true,1,
7290015009188,false,"ניוקי תפוחי אדמה עם דלעת 300 גר' ""דניאל""",סיאמה אלימנטארי סרל,,"ניוקי תפוח""א עם דלעת",גרמים,300.00,100 גרם,false,1,9.90,3.30,true,1,
7290015009218,false,"ניוקי עם ערמונים 300 גרם ""דניאל""",סיאמה אלימנטארי סרל,,ניוקי עם ערמונים 300,גרמים,300.00,100 גרם,false,1,9.90,3.30,true,1,
7290015009324,false,נאצו'ס תירס ברביקיו 200 גרם,אוקיי סנקס,,נאצ`וס ברביקיו 200 ג,גרמים,200.00,100 גרם,false,1,12.90,6.45,true,1,
7290015009331,false,נאצו'ס תירס חריף 200 גרם,מנדלז סי.אר. פרודקשן,,נאצ`וס חריף 200 גרם,גרמים,200.00,100 גרם,false,1,12.90,6.45,true,1,
7290015009386,false,מיץ ליים משומר דניאל,אקובינל,ES,מיץ ליים משומר 946 מ,מיליליטרים,946.00,"100 מ""ל",false,1,18.90,2.00,true,1,
7290015009393,false,זיתים שחורים מגולענים מזן קלמטה בחיי מלח,אידיאל סנייק,GR,זיתים שחורים מגולעני,גרמים,430.00,100 גרם,false,1,16.90,3.93,true,1,
7290015009409,false,זיתים שחורים מזן טאסוס במלח 250 גרם,אידיאל סנייק,GR,זיתים שחורים מזן טאס,גרמים,250.00,100 גרם,false,1,19.40,7.76,true,1,
7290015009447,false,זיתים שחורים מגולענים מזן קלמטה,אידיאל סנייק,GR,זיתים שחורים מזן קלמ,גרמים,440.00,100 גרם,false,1,19.40,4.41,true,1,
7290015009508,false,סירופ מייפל טהור 250 מל,דרק אמבר,,סירופ מייפל טהור 250,מיליליטרים,250.00,"100 מ""ל",false,1,46.90,18.76,true,1,
7290015009553,false,"רוטב אקסטרא חריף מפלפל קרולינה ריפר 148 מ""ל",קאמוק,CR,רוטב אקסטרא חריף פלפ,מיליליטרים,148.00,"100 מ""ל",false,1,19.90,13.45,true,1,
7290015009591,false,"רוטב אקסטרא חריף מפלפל סקורפיון 148 מ""ל",קאמוק,CR,רוטב אקסטרא חריף פלפ,מיליליטרים,148.00,"100 מ""ל",false,1,19.90,13.45,true,1,
7290015009607,false,"רוטב אקסטרא חריף מפלפל נגה ג'ולוקיה 148 מ""ל",קאמוק,CR,רוטב אקסטרא חריף פלפ,מיליליטרים,148.00,"100 מ""ל",false,1,19.90,13.45,true,1,
7290015009614,false,"רוטב אקסטרא חריף פלפל סקוטש בונט 148 מ""ל",קאמוק,CR,רוטב אקסטרא חריף פלפ,מיליליטרים,148.00,"100 מ""ל",false,1,19.90,13.45,true,1,
7290015022910,false,אולטרה- סכין פריסה 2,,,אולטרה- סכין פריסה 2,Unknown,0.00,Unknown,false,1,69.90,69.90,true,1,
7290015022958,false,סכין קילוף 9 סמ ארקו,,,סכין קילוף 9 סמ ארקו,Unknown,0.00,Unknown,false,1,34.90,34.90,true,1,
7290015022965,false,אולטרה סכין לחם 25 ס,,,אולטרה סכין לחם 25 ס,Unknown,0.00,Unknown,false,1,79.90,79.90,true,1,
7290015022972,false,אולטרה- סכין שף סנטו,,,אולטרה- סכין שף סנטו,Unknown,0.00,Unknown,false,1,74.90,74.90,true,1,
7290015022989,false,סכין שף סנטוקו 15 סמ,,,סכין שף סנטוקו 15 סמ,Unknown,0.00,Unknown,false,1,64.90,64.90,true,1,
7290015023740,false,מולטיקוק לבן - כלי ע,,,מולטיקוק לבן - כלי ע,Unknown,0.00,Unknown,false,1,4.90,4.90,true,1,
7290015039116,false,ערמונים אורגני קלופים105,ויליפוד,,ערמונים אורגני 105 ג,גרמים,105.00,100 גרם,false,1,6.90,6.57,true,1,
7290015039246,false,נתחי טונה בשמן צמחי רביעיה * 160 ג' וילי פוד,ג.וילי פוד אינטרנשיונל בעמ,TH,רביעית טונה בהירה בש,גרמים,640.00,100 גרם,false,1,19.90,3.11,true,1,
7290015039253,false,עלי גפן במי מלח ויליפוד 620 גרם,ג. וילי-פוד אינטרנשיונל בע`מ,,עלי גפן במלח 620 גרם,גרמים,620.00,100 גרם,false,1,11.40,1.84,true,1,
7290015039499,false,ויליפוד עוגיות חמאה איטלקיות מובחרות 1ק,ג.וילי-פוד אינטרנשיונל בעמ,,עוגיות איטלקיות מובח,גרמים,1000.00,100 גרם,false,1,13.90,1.39,true,1,
7290015054041,false,"פאוארטק חלבון 700 גר' בד""ץ עוגיות",סיטי תוספי מזון,,פאוארטק חלבון עוגיות,גרמים,700.00,100 גרם,false,1,129.90,18.56,true,1,
7290015127288,false,בולגרית עיזים זעתר אורגנית 200 גר,,,בולגרית עיזים זעתר א,גרמים,200.00,100 גרם,false,1,39.90,19.95,true,1,
7290015127516,false,זית פיקואל אורגני 180 גרם,,IL,זית פיקואל אורגני 18,גרמים,180.00,100 גרם,false,1,14.90,8.28,true,1,
7290015127684,false,"שמן זית כתית מעולה אורגני 250 מ""ל",General,IL,שמן זית כתית מעולה א,מיליליטרים,250.00,"100 מ""ל",false,1,23.90,9.56,true,1,
7290015129121,false,אטריות גל קונג`אק נודלס ללא גלוטן סקיני,הוויזאי וואנגייה פוד,,סקיני פסטה נודלס 270,גרמים,270.00,100 גרם,false,1,10.90,4.04,true,1,
7290015129145,false,אטריות קונג'אק בתוספת טפיוקה בצורת ספגטי,הוויזאי וואנגייה פוד,,סקיני פסטה ספגטי 270,גרמים,270.00,100 גרם,false,1,10.90,4.04,true,1,
7290015129220,false,איטריות גל קונג`אק בצורת קוסקוס סקיני פס,אף.סי תבליני בגליל ב,,איטריות קונגאק ללא ג,גרמים,270.00,100 גרם,false,1,10.90,4.04,true,1,
7290015129251,false,איטריות גל קונג`אק בצורת פסטה פטוצ`יני ס,אף.סי תבליני בגליל ב,,איטריות קונגאק ללא ג,גרמים,270.00,100 גרם,false,1,10.90,4.04,true,1,
7290015129268,false,סקיני פסטה פנה שיבולת שועל 200 גרם,נטורפוד בעמ,,סקיני פסטה פנה שיבול,גרמים,200.00,100 גרם,false,1,10.90,5.45,true,1,
7290015129312,false,תבשיל מרק עם אטריות קונגאק סקיני סופ בטע,אף.סי תבליני בגליל ב,CN,סקיני סופ תבשיל מרק,גרמים,214.00,100 גרם,false,1,21.90,10.23,true,1,
7290015129657,false,סקיני פסטה פנה אורגנ,נטורפוד בעמ,,סקיני פסטה פנה 270 ג,גרמים,270.00,100 גרם,false,1,10.90,4.04,true,1,
7290015129749,false,סקיני פסטה שיבולת שועל נודלס 270 גרם,הוויזאי וואנגייה,CN,סקיני פסטה שיבולת שו,גרמים,270.00,100 גרם,false,1,10.90,4.04,true,1,
7290015129756,false,סקיני פסטה שיבולת שועל פטוצ'יני 270 גרם,הוויזאי וואנגייה,CN,סקיני פסטה שיבולת שו,גרמים,270.00,100 גרם,false,1,10.90,4.04,true,1,
7290015129763,false,סקיני פסטה שיבולת שועל פתיתים 270 גרם,הוויזאי וואנגייה,CN,סקיני פסטה שיבולת שו,גרמים,270.00,100 גרם,false,1,10.90,4.04,true,1,
7290015139229,false,כרמית מטבעות שוקולד חלב זהב סגול 42 גרם,כרמית,,כרמית מטבעות שוקולד,גרמים,42.00,100 גרם,false,1,4.90,11.67,true,1,
7290015140003,false,משטח ייבוש כלים טבעי 38*51,,,משטח ייבוש כלים 38X5,Unknown,0.00,Unknown,false,1,31.90,31.90,true,1,
7290015140010,false,משטח ייבוש כלים ירוק 38*51,,,משטח ייבוש כלים 38X5,Unknown,0.00,Unknown,false,1,31.90,31.90,true,1,
7290015140027,false,משטח ייבוש כלים לבן 38*51,,,משטח ייבוש כלים 38X5,Unknown,0.00,Unknown,false,1,31.90,31.90,true,1,
7290015140034,false,משטח ייבוש כלים אפור 38*51,,,משטח ייבוש כלים 38X5,Unknown,0.00,Unknown,false,1,31.90,31.90,true,1,
7290015140041,false,משטח ייבוש כלים 38X5,,,משטח ייבוש כלים 38X5,Unknown,0.00,Unknown,false,1,31.90,31.90,true,1,
7290015140072,false,צמד משטחי יבוש אפור,,,צמד משטחי ייבוש/הנחה,Unknown,0.00,Unknown,false,1,39.90,39.90,true,1,
7290015140164,false,סכין מריחה 7 סמ כתו,,,סכין מריחה 7 סמ כתו,Unknown,0.00,Unknown,false,1,8.90,8.90,true,1,
7290015140188,false,סכין חלקה 10 ורוד פרו שארפ,,,סכין חלקה 10 סמ ורוד,Unknown,0.00,Unknown,false,1,12.90,12.90,true,1,
7290015140201,false,סכין חלקה 10 כתום פרו שארפ,,,סכין חלקה 10 סמ כתום,Unknown,0.00,Unknown,false,1,12.90,12.90,true,1,
7290015141277,false,פרו עגבניה - סכין מש,,,פרו עגבניה - סכין מש,Unknown,0.00,Unknown,false,1,12.90,12.90,true,1,
7290015141345,false,פינגאן נירוסטה 600,,,גליל פינגאן נירוסטה,Unknown,0.00,Unknown,false,1,64.90,64.90,true,1,
7290015141352,false,סט 3 מיני טרמומטר לתנור,,,סט 3 מיני טרמומטר לת,קילוגרמים,0.00,"ק""ג",false,1,69.90,69.90,true,1,
7290015141512,false,סכין סנטוקו 17 מאסטר,,,מאסטר- סכין יפנית סנ,Unknown,0.00,Unknown,false,1,99.90,99.90,true,1,
7290015141956,false,משטח מסננת לכיור,,,מולטי משטח מסננת לכי,Unknown,0.00,Unknown,false,1,24.90,24.90,true,1,
7290015150088,false,מחית עגבניות קלה גרנד איטליה 700 גרם,תה ויסוצקי (ישראל) בעמ,,מחית עגבניות גראנד א,גרמים,700.00,100 גרם,false,1,12.30,1.76,true,1,
7290015150118,false,שלישיית עגבניות חתוכות דק גרנד איטליה 400 גרם,תה ויסוצקי (ישראל) בעמ,,עגבניות חתוכות דק בל,גרמים,1200.00,100 גרם,false,1,17.60,1.47,true,1,
7290015150200,false,עגבניות חתוכות דק גרנד איטליה ויסוצקי,תה ויסוצקי (ישראל)בעמ,,עגבניות חתובות דק 40,גרמים,400.00,100 גרם,false,1,6.90,1.73,true,1,
7290015150583,false,תה ירוק בתוספת לימון ודבש ויסוצקי (25),תה ויסוצקי (ישראל) בעמ,,תה ירוק לימון ודבש 2,Unknown,0.00,Unknown,false,1,24.90,24.90,true,1,
7290015150729,false,תה ירוק סקיני גריני ויסוצקי 25 יחידות,תה ויסוצקי (ישראל) בעמ,,תה ירקוק סקיני גריני,Unknown,0.00,Unknown,false,1,24.90,24.90,true,1,
7290015150903,false,תה ירוק גן קסום קינמון ודבש 25 שק*1.5 גר,תה ויסוצקי (ישראל) בעמ,,תה ירוק גן קסום קינמ,Unknown,0.00,Unknown,false,1,24.90,24.90,true,1,
7290015155021,false,פרמיו חטיף דנטלי לכלבים מגזע קטן110ג,שחורי אריה ואנסטסיה,,פרמיו חטיף דנטלי לכל,גרמים,110.00,100 גרם,false,1,9.90,9.00,true,1,
7290015155243,false,פרמיו חטיף כריות לתמיכה באנטי -היירבול לחתול 60ג',שחורי אריה ואנסטסיה,,פרמיו כריות אנטי-היי,Unknown,0.00,Unknown,false,1,14.90,14.90,true,1,
7290015155267,false,פרמיו כריות קטניפ לחתול 60ג,שחורי אריה ואנסטסיה,,פרמיו כריות קטניפ לח,גרמים,60.00,100 גרם,false,1,14.90,24.83,true,1,
7290015155410,false,חטיף לחתולים דנטל עם עוף פרמיו 60ג,גורי מוצרי צריכה (1991) בעמ,,פרמיו כריות דנטל 60,Unknown,0.00,Unknown,false,1,14.90,14.90,true,1,
7290015155557,false,פרמיו מקלוני ברווז מובחרים 100ג,רנדי בעמ,,פרמיו מקלוני ברווז מ,Unknown,0.00,Unknown,false,1,16.90,16.90,true,1,
7290015155564,false,פרמיו חטיפי עוף מובחרים 100ג,שחורי אריה ואנסטסיה,,פרמיו חטיפי עוף מובח,גרמים,100.00,100 גרם,false,1,16.90,16.90,true,1,
7290015155816,false,פרמיו כריות לגור חתול,שחורי אריה ואנסטסיה,,פרמיו כריות לגור חתו,Unknown,0.00,Unknown,false,1,14.90,14.90,true,1,
7290015155830,false,מחית תפוחי עץ ובננה חטיפטף ללא תוספת סוכר,גורי מוצרי צריכה (1991) בעמ,,מחית תפוח בננה חטיפט,גרמים,120.00,100 גרם,false,1,5.50,4.58,true,1,
7290015155847,false,מחית סלט פירות חטיפטף ללא תוספת סוכר,גורי מוצרי צריכה (1991) בעמ,,מחית סלט פירות חטיפט,גרמים,120.00,100 גרם,false,1,5.50,4.58,true,1,
7290015156202,false,פרמיו דנטל קוקי 500 גרם,שחורי אריה ואנסטסיה,,פרמיו דנטל קוקי 500,Unknown,0.00,Unknown,false,1,24.90,24.90,true,1,
7290015156455,false,עוגיות פרמיו 500 גרם,שחורי אריה ואנסטסיה,,עוגיות פרמיו 500 גרם,גרמים,500.00,100 גרם,false,1,19.90,3.98,true,1,
7290015156653,false,חטיף פרמיו אוהבי ברווז 100 גרם,רנדי בעמ,,חטיף פרמיו אוהבי בר,Unknown,0.00,Unknown,false,1,16.90,16.90,true,1,
7290015156769,false,מחית פרינוק פאוץ' תפוח ואוכמניות 120 גרם,גורי מוצרי צריכה (1991) בעמ,CZ,מחית פרינוק פאוץ תפו,גרמים,120.00,100 גרם,false,1,6.50,5.42,true,1,
7290015156776,false,מחית פירות טרופיים חטיפטף ללא תוספת סוכר,גורי מוצרי צריכה (1991) בעמ,,מחית פרינוק פירות,גרמים,120.00,100 גרם,false,1,6.50,5.42,true,1,
7290015156790,false,מחית לפתן פירות חטיפטף ללא תוספת סוכר,גורי מוצרי צריכה (1991) בעמ,,מחית פרינוק לפתן,גרמים,120.00,100 גרם,false,1,6.50,5.42,true,1,
7290015156813,false,מחית פרינוק פאוץ' פירות מעורבים 120 גרם,גורי מוצרי צריכה (1991) בעמ,,מחית פרינוק פירות,גרמים,120.00,100 גרם,false,1,6.50,5.42,true,1,
7290015161114,false,פסטה ספגטי כוסמין אורגני 500 גרם,,IT,פסטה ספגטי כוסמין או,גרמים,500.00,100 גרם,false,1,17.90,3.58,true,1,
7290015161152,false,גרנולה מפתיתי כוסמין בתוספת פירות ואגוזים,נוטרה זן NutraZen,IL,גרנולה כוסמין פירות,גרמים,300.00,100 גרם,false,1,27.90,9.30,true,1,
7290015161350,false,אבקת מרק ירקות אורגני 200 גרם,ויטאם הפה פרודקט,DE,אבקת מרק ירקות אורגנ,גרמים,200.00,100 גרם,false,1,23.90,11.95,true,1,
7290015161534,false,קוואקר שיבולת שועל עבה ללא גלוטן - 400 גרם,הלינסקי מילס אל.טי.די,FI,קוואקר עבה ללא גלוטן,גרמים,400.00,100 גרם,false,1,22.90,5.73,true,1,
7290015161541,false,קוואקר שיבולת שועל אינסטנט ללא גלוטן - 400 גרם,י.איטליאנו אחזקות בעמ,FI,קוואקר דק ללא גלוטן,גרמים,400.00,100 גרם,false,1,22.90,5.73,true,1,
7290015161558,false,קמח שיבולת שועל מלאה אורגני ללא גלוטן,י.איטליאנו אחזקות בעמ,FI,קמח שיבולת שועל מלאה,גרמים,500.00,100 גרם,false,1,26.90,5.38,true,1,
7290015161633,false,"סוכר וניל לל""ג אורגני נוטרזן 100 גרם",,,"סוכר וניל לל""ג אורגנ",גרמים,100.00,100 גרם,false,1,17.90,17.90,true,1,
7290015161718,false,"אבקת סוכר לל""ג אורגני נוטרזן 100 גרם",,,"אבקת סוכר לל""ג אורגנ",גרמים,100.00,100 גרם,false,1,14.90,14.90,true,1,
7290015161763,false,אבקת מרק ירקות אורגני ללא שמרים 200 גרם,ויטאם הפה פרודקט,DE,אבקת מרק ירקות אורגנ,גרמים,200.00,100 גרם,false,1,23.90,11.95,true,1,
7290015161831,false,פת פריכה אורגנית ללא גלוטן - אמרנט 100 ג,אקסטרודו בצ'\יצה,CZ,פת פריכה אורגנית ללא,גרמים,100.00,100 גרם,false,1,14.60,14.60,true,1,
7290015161879,false,פת פריכה אורגנית PRO ללא גלוטן עדשים אדומות וחומות 100 ג',אקסטרודו בצ'\יצה,CZ,פת פריכה אורגנית PRO,גרמים,100.00,100 גרם,false,1,16.90,16.90,true,1,
7290015161886,false,פת פריכה אורגנית PRO ללא גלוטן חומוס ואפונה צהובה 100 ג',,CZ,פת פריכה אורג. PRO ל,גרמים,100.00,100 גרם,false,1,16.90,16.90,true,1,
7290015161893,false,פת פריכה אורגנית PRO ללא גלוטן זרעי דלעת בתיבול שום 100 ג',אקסטרודו בצ'\יצה,CZ,פת פריכה אורגנית PRO,גרמים,100.00,100 גרם,false,1,16.90,16.90,true,1,
7290015161930,false,"פסטPRO קסרצ'ה פתיתים אורגניים, ללא גלוטן",י.איטליאנו אחזקות בעמ,IT,פסטPRO עדשים צהובות,גרמים,250.00,100 גרם,false,1,19.90,7.96,true,1,
7290015161978,false,פסטPRO עדשים אדומות חומוס ופשתן GF אורגנית 250 ג,י.איטליאנו אחזקות בעמ,IT,פסטPRO עדשים אדומות,גרמים,250.00,100 גרם,false,1,19.90,7.96,true,1,
7290015164832,false,מחית קארי ירוק 400 גרם SUREE כשר,מזרח ומערב יבוא ושיווק,,מחית קארי ירוק 400 ג,מיליליטרים,400.00,"100 מ""ל",false,1,19.90,4.98,true,1,
7290015164856,false,רוטב קארי אדומה 400 גרם SUREE כשר,מזרח ומערב יבוא ושיווק,,רוטב קארי אדומה 400,מיליליטרים,400.00,"100 מ""ל",false,1,19.90,4.98,true,1,
7290015178198,false,ממרח אוליביה - חצילים שרופים 180 גרם,אוליביה בעמ,IL,ממרח חצילים שרופים א,גרמים,180.00,100 גרם,false,1,15.60,8.67,true,1,
7290015178204,false,ממרח אוליביה - עגבניות מיובשות בשמש עם לימון 180 גרם,אוליביה בעמ,IL,עגבניות מיובשות עם ל,גרמים,180.00,100 גרם,false,1,15.60,8.67,true,1,
7290015178266,false,אוליביה רוטב פלפלת שחורה 270 גרם,תה ויסוצקי (ישראל)בעמ,IL,רוטב פלפלת אוליביה 2,גרמים,270.00,100 גרם,false,1,13.90,5.15,true,1,
7290015178273,false,רוטב מרינדה לעוף בגריל אוליביה 270 גר,תה ויסוצקי (ישראל)בעמ,IL,רוטב מרינדה לעוף בגר,גרמים,320.00,100 גרם,false,1,13.90,4.34,true,1,
7290015193139,false,"WOK רוטב צ'ילי מתוק 300 מ""ל לל""ס",תאי פרידה אינדסטרי ב,,"צ`ילי מתוק ללת""ס",מיליליטרים,300.00,"100 מ""ל",false,1,10.30,3.43,true,1,
7290015193573,false,"ווק אטריות אורז עובי 2 מ""מ 400 גרם",אסיאן סופירה פודס חב,,מקלוני אורז עובי 2 מ,גרמים,400.00,100 גרם,false,1,9.90,2.48,true,1,
7290015193832,false,קרקר עם שומשום ארומה 300 גרם,רזיט שיווק בעמ,IL,קרקר עם שומשום ארומה,גרמים,300.00,100 גרם,false,1,7.90,2.63,true,1,
7290015193849,false,קרקר עם מלח ארומה 300 גרם,רזיט שיווק בעמ,IL,קרקר עם מלח ארומה 30,גרמים,300.00,100 גרם,false,1,7.90,2.63,true,1,
7290015209786,false,מיקי שמו - תבנית אפי,,,מיקי שמו - תבנית אפי,Unknown,0.00,Unknown,false,1,69.90,69.90,true,1,
7290015210003,false,צלחת הגשה 34 אנה,,,צלחת הגשה 34 אנה,קילוגרמים,0.00,"ק""ג",false,1,44.90,44.90,true,1,
7290015223591,false,"שמפו ויגן 500 סמ""ק",,,"שמפו ויגן 500 סמ""ק",מיליליטרים,500.00,"100 מ""ל",false,1,24.90,4.98,true,1,
7290015246095,false,ליקצי'ק - תמצית נבטי ליקופודיום,"ד""ר קיי DR. K",IL,ליקצק 30 מל,מיליליטרים,30.00,"100 מ""ל",false,1,65.00,216.67,true,1,
7290015246347,false,קרוקציק 30 מל,,IL,קרוקציק 30 מל,מיליליטרים,30.00,"100 מ""ל",false,1,65.00,216.67,true,1,
7290015246354,false,אפצ'יק - תמצית פירות סמבוק שחור,"ד""ר קיי DR. K",IL,אפציק 30 מל,מיליליטרים,30.00,"100 מ""ל",false,1,65.00,216.67,true,1,
7290015282000,false,איקרא אדומה SEVEN SEAS 200 גרם,שבעת הימים - שמיר,IL,איקרה אדומה 200 גרם,גרמים,200.00,100 גרם,false,0,14.60,7.30,true,1,
7290015282024,false,איקרא לבנה SEVEN SEAS 200 גרם,"סלטי שמיר 2006 בע""מ",IL,איקרה לבנה 200 גרם,גרמים,200.00,100 גרם,false,0,14.60,7.30,true,1,
7290015282390,false,סלט תורכי 200 גרם שמיר,"סלטי שמיר 2006 בע""מ",,תורכי 200 גר,גרמים,200.00,100 גרם,false,1,13.50,6.75,true,1,
7290015282581,false,חומוס אבו גוש עם חריף שמיר 200 גרם,"סלטי שמיר 2006 בע""מ",,חומוס אבו גוש עם חרי,גרמים,200.00,100 גרם,false,1,11.00,5.50,true,1,
7290015282604,false,טחינה מיוחדת גורמה שמיר 200 גרם,"סלטי שמיר 2006 בע""מ",,טחינה מיוחדת 200 גר,גרמים,200.00,100 גרם,false,1,11.00,5.50,true,1,
7290015282628,false,חציל בטעם כבד גורמה שמיר 200 גרם,"סלטי שמיר 2006 בע""מ",,חציל בטעם כבד 200 גר,גרמים,200.00,100 גרם,false,1,13.50,6.75,true,1,
7290015282635,false,חומוס מסבחה גורמה שמיר 200 גרם,"סלטי שמיר 2006 בע""מ",,חומוס מסבחה 200 גר,גרמים,200.00,100 גרם,false,1,11.00,5.50,true,1,
7290015282666,false,סלט טונה עם ירקות 200 גר,"סלטי שמיר 2006 בע""מ",,סלט טונה עם ירקות 20,גרמים,200.00,100 גרם,false,1,18.80,9.40,true,1,
7290015282680,false,קישוא בטעם כבד גורמה שמיר 200 גרם,"סלטי שמיר 2006 בע""מ",,קישוא בטעם כבד 200 ג,גרמים,200.00,100 גרם,false,1,13.50,6.75,true,1,
7290015282697,false,כרוב אדום שמיר גורמה 200גר,"סלטי שמיר 2006 בע""מ",,כרוב אדום 200 גר,גרמים,200.00,100 גרם,false,1,13.50,6.75,true,1,
7290015282710,false,קוביות סלק גורמה שמיר 200 גרם,"סלטי שמיר 2006 בע""מ",,קוביות סלק 200 גר,גרמים,200.00,100 גרם,false,1,11.00,5.50,true,1,
7290015282727,false,גזר מרוקאי ברוטב פיקנטי אסלי שמיר 200 ג',"סלטי שמיר 2006 בע""מ",,גזר מרוקאי פיקנטי 20,גרמים,200.00,100 גרם,false,1,13.50,6.75,true,1,
7290015282734,false,מטבוחה ביתית גורמה שמיר 200 גרם,"סלטי שמיר 2006 בע""מ",,מטבוחה ביתית 200 גר,גרמים,200.00,100 גרם,false,1,13.50,6.75,true,1,
7290015282741,false,חציל תאילנדי אסלי שמיר 200 ג',"סלטי שמיר 2006 בע""מ",,חציל תאילנדי 200 גר,גרמים,200.00,100 גרם,false,1,13.50,6.75,true,1,
7290015282796,false,"סלט תפו""א שמיר במיונז 200ג'","סלטי שמיר 2006 בע""מ",,תפוח אדמה 200 גר,גרמים,200.00,100 גרם,false,1,13.50,6.75,true,1,
7290015284004,false,שמפו לכל סוגי השיער ירקות ירוקים ECOLOVE,א.ל. ארמן,,שמפו לכל סוגי השיער,גרמים,500.00,100 גרם,false,1,32.90,6.58,true,1,
7290015284011,false,מרכך לכל סוגי השיער ירקות ירוקים ECOLOVE,אורגניק זון,,מרכך לכל סוגי השיער,גרמים,500.00,100 גרם,false,1,32.90,6.58,true,1,
7290015284028,false,סבון גוף ירקות ירוקים 500 מל ECOLOVE,אורגניק זון,,סבון גוף ירקות ירוק,מיליליטרים,500.00,"100 מ""ל",false,1,32.90,6.58,true,1,
7290015284042,false,שמפו לשיער רגיל/שמן ירקות אדומים ECOLOVE,אורגניק זון,,שמפו לשיער רגיל/שמן,גרמים,500.00,100 גרם,false,1,32.90,6.58,true,1,
7290015284066,false,סבון גוף ירקות אדומים 500 מל ECOLOVE,אורגניק זון,,סבון גוף ירקות אדומי,מיליליטרים,500.00,"100 מ""ל",false,1,32.90,6.58,true,1,
7290015284080,false,שמפו לשיער רגיל/יבש ירקות כתומים ECOLOVE,אורגניק זון,,שמפו לשיער רגיל/יבש,גרמים,500.00,100 גרם,false,1,32.90,6.58,true,1,
7290015284189,false,שמפו משפחתי ירקות ירוקים 1 ליטר,א.ל. ארמן,,שמפו משפחתי ירקות יר,מיליליטרים,1000.00,"100 מ""ל",false,1,52.90,5.29,true,1,
7290015284196,false,סבון גוף משפחתי ירקות ירוקים 1 ליטר,א.ל. ארמן,,סבון גוף משפחתי ירקו,מיליליטרים,1000.00,"100 מ""ל",false,1,52.90,5.29,true,1,
7290015284202,false,ECOLOVE שמפו לשיער צבוע ויבש מאוד 500 מל,א.ל. ארמן,,ECOLOVE שמפו לשיער צ,מיליליטרים,500.00,"100 מ""ל",false,1,32.90,6.58,true,1,
7290015284219,false,ECOLOVE מרכך לשיער צבוע ויבש מאוד 500 מל,א.ל. ארמן,,ECOLOVE מרכך לשיער צ,מיליליטרים,500.00,"100 מ""ל",false,1,32.90,6.58,true,1,
7290015284240,false,ECOLOVE מסיכה לשיער צבוע ויבש מאוד 350 מ,א.ל. ארמן,,ECOLOVE מסיכה לשיער,מיליליטרים,350.00,"100 מ""ל",false,1,44.90,12.83,true,1,
7290015284264,false,סבון גוף לעור יבש ירקות סגולים 1 ליטר,א.ל. ארמן,IL,סבון גוף לעור יבש יר,מיליליטרים,1000.00,"100 מ""ל",false,1,52.90,5.29,true,1,
7290015284301,false,סבון שמן זית אורגני מלפפון ותה ירוק,לה קרים,,סבון שמן זית אורגני,גרמים,110.00,100 גרם,false,1,21.90,19.91,true,1,
7290015284332,false,סבון שמן זית אורגני לבנדר וקלנדולה 110 ג,לה קרים,,סבון שמן זית אורגני,גרמים,110.00,100 גרם,false,1,21.90,19.91,true,1,
7290015284677,false,מרכך שיער שעבר החלקה ללא מלח אקולאב 500מ,א.ל. ארמן,,מרכך שיער שעבר החלקה,מיליליטרים,500.00,"100 מ""ל",false,1,36.90,7.38,true,1,
7290015284684,false,מסכת שיער שעבר החלקה ללא מלח אקולאב 350מ,א.ל. ארמן,,מסכה לשיער שעבר החלק,מיליליטרים,350.00,"100 מ""ל",false,1,49.90,14.26,true,1,
7290015284769,false,"גל ניקוי פנים אקולאב 150 מ""ל",הרמן,IL,גל ניקוי פנים אקולאב,מיליליטרים,150.00,"100 מ""ל",false,1,49.90,33.27,true,1,
7290015284783,false,"מיסלר מי ניקוי והסרת איפור 200 מ""ל",הרמן,IL,מיסלר מי ניקוי והסרת,מיליליטרים,200.00,"100 מ""ל",false,1,59.90,29.95,true,1,
7290015289009,false,"בירה הרצל שש אחוז כפרה 330 מ""ל",ג'נרל מילס סאן אדריא,IL,בירה הרצל שש אחוז כפ,מיליליטרים,330.00,"100 מ""ל",false,1,13.90,4.21,true,1,
7290015289016,false,"בירה הרצל דולצה דה עסל 330 מ""ל",ג'נרל מילס סאן אדריא,IL,בירה הרצל דולצה דה ע,מיליליטרים,330.00,"100 מ""ל",false,1,13.90,4.21,true,1,
7290015289023,false,"וזה I.P.A.בירה הרצל 330 מ""ל",,IL,בירה וזה I.P.A. הרצל,מיליליטרים,330.00,"100 מ""ל",false,1,13.90,4.21,true,1,
7290015289054,false,"בירה הרצל לבנה 330 מ""ל",ג'נרל מילס סאן אדריא,IL,בירה הרצל לבנה 330 מ,מיליליטרים,330.00,"100 מ""ל",false,1,13.90,4.21,true,1,
7290015293631,false,מסיכה לשיער מתולתל יסמין ופרחי מגנוליה,"פישר תעשיות פרמבצטיות בע""מ",,מסיכה לשיער מתולתל י,מיליליטרים,450.00,"100 מ""ל",false,1,35.90,7.98,true,1,
7290015294546,false,"שמן אורגנו 50 מ""ל",SENSION NATURE'S,,שמן אורגנו,Unknown,0.00,Unknown,false,1,119.90,119.90,true,1,
7290015294591,false,קולגן טרומרין 300 גרם,SENSION NATURE'S,,קולגן טרומרין,קילוגרמים,0.00,"ק""ג",false,1,309.90,309.90,true,1,
7290015294645,false,"משקה כלורופיל 473 מ""ל",SENSION NATURE'S,,כלורופיל משקה,Unknown,0.00,Unknown,false,1,89.90,89.90,true,1,
7290015335607,false,יוגונאט טבעי 150גר' ניה,טרופיקל דגיל תעשיות,IL,מעד ביו טבעי 150 גר,גרמים,150.00,100 גרם,false,1,7.90,5.27,true,1,
7290015335621,false,יוגונאט פירות יער 150גר' ניה,טרופיקל דגיל תעשיות,IL,מעד ביו פירות יער 15,גרמים,150.00,100 גרם,false,1,7.90,5.27,true,1,
7290015335638,false,מעד ביו דובדבן 150 גר,טרופיקל דגיל תעשיות,IL,מעד ביו דובדבן 150 ג,גרמים,150.00,100 גרם,false,1,7.90,5.27,true,1,
7290015340199,false,ארץ- רכז רימונים 250,,IL,"רכז רימונים 250 מ""ל",מיליליטרים,250.00,"100 מ""ל",false,1,26.90,10.76,true,1,
7290015340281,false,קמח שקדים ללא גלוטן 500 גרם,"העידן האורגני בע""מ",,קמח שקדים ללא גלוטן,גרמים,500.00,100 גרם,false,1,41.90,8.38,true,1,
7290015354899,false,350 גרם חרדל דיז'ון מעודן,דיפלומט מפיצים (1968) בעמ**,FR,חרדל דיזון מעודן 350,גרמים,350.00,100 גרם,false,1,13.90,3.97,true,1,
7290015366366,false,ספירה - מכשיר חשמלי ו2 יחידות מילוי נוזלי להרחקת יתושים 90 לילות,גורי ע.ע.ע. בעמ,,ספירה מכשיר 9 שעות +,Unknown,0.00,Unknown,false,1,32.90,32.90,true,1,
7290015366373,false,ספירה אנתוש דוחה יתושים לילדים ותינוקות,סאסא קוסמטיקס,,ספירה אנתוש ילדים ות,מיליליטרים,50.00,"100 מ""ל",false,1,12.90,25.80,true,1,
7290015366663,false,"משחת שיניים מנטה עדין אקווה פרש 100 מ""ל",גלקסוסמיתקליין,,אקוה פרש משחת שיניים,Unknown,0.00,Unknown,false,1,10.40,10.40,true,1,
7290015366670,false,משחת שיניים בטעם מנטה אקוהפרש (100 מל),גלקסוסמיתקליין,,אקוה פרש משחת שיניים,Unknown,0.00,Unknown,false,1,10.40,10.40,true,1,
7290015371056,false,חמאת גהיי 300 גרם,פוקה,,סמנה גהיי,Unknown,0.00,Unknown,false,1,119.90,119.90,true,1,
7290015371063,false,"שמן המפ אורגני 250 מ""ל",פוקה,,שמן זרעי המפ אורגני,Unknown,0.00,Unknown,false,1,129.90,129.90,true,1,
7290015395045,false,"קינואה בשקית שקדיה 400 גרם בד""ץ",דין שיווק וקליה 2021 בעמ,,קינואה 400 גרם חתם ס,גרמים,400.00,100 גרם,false,1,14.60,3.65,true,1,
7290015408479,false,מרווה רפואית עלים אורגני,אשר שיווק,,מרווה רפואית עלים או,Unknown,0.00,Unknown,false,1,19.90,19.90,true,1,
7290015408578,false,עשב לימון קצוץ אורגני,אשר שיווק,,עשב לימון קצוץ אורגנ,Unknown,0.00,Unknown,false,1,17.90,17.90,true,1,
7290015408615,false,צפורן חתול קלנדולה פרחים אורגני,אשר שיווק,,צפורן חתול קלנדולה פ,Unknown,0.00,Unknown,false,1,29.90,29.90,true,1,
7290015417136,false,עגבנית שרי אורגנית ארוז,ר.א.ן מוצרים טריים ב,,עגבנית שרי אורגנית,גרמים,400.00,100 גרם,false,1,14.90,3.73,true,1,
7290015417167,false,פלפל ביס אורגני,,,פלפל ביס אורגני,גרמים,200.00,100 גרם,false,1,11.90,5.95,true,1,
7290015417242,false,מלפפון מיני אורגני ארוז,,,מלפפון מיני אורגני א,גרמים,350.00,100 גרם,false,1,12.90,3.69,true,1,
7290015417365,false,זנגויל ארוז אורגני,,,גינגר אורגני,קילוגרמים,0.00,"ק""ג",false,1,16.90,16.90,true,1,
7290015429009,false,דנסיטי - תוסף סידן אמורפי,AMORFICAL,,דנסיטי- סידן אמורפי,Unknown,0.00,Unknown,false,1,199.90,199.90,true,1,
7290015437431,false,רכז רימונים 100% טבעי 420 גר,תומר יבוא ושיווק מוצרי מזון (1,,רכז רימונים 420 גרם,גרמים,420.00,100 גרם,false,1,25.00,5.95,true,1,
7290015437585,false,מוזלי קראנצי בתוספת צימוק ושוקולד 600 גרם,תומר ייבוא ושיווק מוצרי מזון [,,מוזלי קראנצ צימוק וש,קילוגרמים,0.60,"ק""ג",false,1,15.60,26.00,true,1,
7290015446587,false,פראוד - חטיף חלבון קוקוס 60 גרם,,,פראוד - חטיף חלבון ק,גרמים,60.00,100 גרם,false,1,12.90,21.50,true,1,
7290015446594,false,פראוד - חטיף חלבון לאטה 60 גרם,v.s.i,,פראוד - חטיף חלבון ל,גרמים,60.00,100 גרם,false,1,12.90,21.50,true,1,
7290015446600,false,פראוד - חטיף חלבון תות חמוציות 60 גרם,,,פראוד - חטיף חלבון ת,גרמים,60.00,100 גרם,false,1,12.90,21.50,true,1,
7290015446617,false,פראוד - חטיף חלבון בננה טופי 60 גרם,v.s.i,,פראוד - חטיף חלבון ב,גרמים,60.00,100 גרם,false,1,12.90,21.50,true,1,
7290015446624,false,פראוד - חטיף חלבון דאבל שוקולד 50 גרם,,,פראוד - חטיף חלבון ד,גרמים,50.00,100 גרם,false,1,12.90,25.80,true,1,
7290015446631,false,פראוד - חטיף חלבון קרם עוגיות 50 גרם,דיפלומט מפיצים (1968) בעמ**,,פראוד - חטיף חלבון ק,גרמים,50.00,100 גרם,false,1,12.90,25.80,true,1,
7290015446648,false,פראוד - חטיף חלבון בוטנים קרמל 50 גרם,,,פראוד - חטיף חלבון ב,גרמים,50.00,100 גרם,false,1,12.90,25.80,true,1,
7290015458894,false,קרם גוף גדול ברוש,LAVIDO,,קרם גוף גדול ברוש,מיליליטרים,250.00,"100 מ""ל",false,1,89.90,35.96,true,1,
7290015458900,false,"קרם גוף ברוש גרניום ולבונה 120 מ""ל",LAVIDO,,קרם גוף ברוש גרניום,מיליליטרים,120.00,"100 מ""ל",false,1,59.90,49.92,true,1,
7290015458924,false,קרם גוף מאסק קוקוס 250מל,LAVIDO,,קרם גוף מאסק קוקוס 2,Unknown,0.00,Unknown,false,1,89.90,89.90,true,1,
7290015459044,false,פילינג גוף ארומתרפי 300 גרם,,IL,פילינג גוף ארומתרפי,גרמים,300.00,100 גרם,false,1,59.90,19.97,true,1,
7290015459303,false,סבון גוף ארומתרפי לבנדר,LAVIDO,,סבון גוף ארומתרפי לב,קילוגרמים,0.00,"ק""ג",false,1,69.90,69.90,true,1,
7290015459310,false,סבון גוף ארומתרפי ברוש,LAVIDO,,סבון גוף ארומתרפי בר,קילוגרמים,0.00,"ק""ג",false,1,69.90,69.90,true,1,
7290015459396,false,"קרם ידיים ברוש 70 מ""ל",,,"קרם ידיים ברוש 70 מ""",Unknown,0.00,Unknown,false,1,39.90,39.90,true,1,
7290015470094,false,טבלאות שוקולד טוסו מר`שוקולד תפוז 100ג,דנשר (1963) בעמ,,טוסו שוקולד מריר תפו,גרמים,100.00,100 גרם,false,1,13.50,13.50,true,1,
7290015519106,false,מטען רכב גלאקסי 2,ארטוס,,מטען רכב גלקסי A2,Unknown,0.00,Unknown,false,1,39.90,39.90,true,1,
7290015528214,false,צלחת סידרת לילך פס כ,,CN,צלחת פלסטיק 10 פס כס,Unknown,1.00,Unknown,false,1,38.90,38.90,true,1,
7290015528276,false,מרקיה סידרת לילך פס,,CN,מרקיה 12OZ פס כסף סי,Unknown,1.00,Unknown,false,1,25.90,25.90,true,1,
7290015528290,false,לפתנית סידרת לילך פס,,CN,ליפתנית 6OZ פס כסף ס,Unknown,1.00,Unknown,false,1,15.90,15.90,true,1,
7290015528313,false,צלחת פלסטיק 7 קטנה ל,,CN,צלחת פלסטיק 7 קטנה ל,Unknown,1.00,Unknown,false,1,12.50,12.50,true,1,
7290015528320,false,צלחת לבנה קטנה מודפס,,CN,צלחת פלסטיק 7 קטנה ק,Unknown,1.00,Unknown,false,1,12.50,12.50,true,1,
7290015528337,false,צלחת פלסטיק 9בינונית,,CN,צלחת פלסטיק 9בינונית,Unknown,1.00,Unknown,false,1,19.90,19.90,true,1,
7290015528344,false,צלחת קרם בינונית מוד,,CN,צלחת פלסטיק 9 בינוני,Unknown,1.00,Unknown,false,1,19.90,19.90,true,1,
7290015528351,false,צלחת פלסטיק 10 גדולה לבנה מודפס כסף אר 20 דנטס,,CN,צלחת פלסטיק 10גדולה,Unknown,1.00,Unknown,false,1,27.90,27.90,true,1,
7290015528368,false,צלחת פלסטיק 10 גדולה קרם מודפס זהב אר 20 יח' דנטס,,CN,צלחת פלסטיק 10 גדולה,Unknown,1.00,Unknown,false,1,27.90,27.90,true,1,
7290015528399,false,מגש אובלי לבן מודפס כסף 27*21 אר 20 דנטס,,CN,מגש אובלי לבן מודפס,Unknown,1.00,Unknown,false,1,26.90,26.90,true,1,
7290015528405,false,מגש אובלי קרם מודפס זהב 27*21 אר 20 דנטס,,CN,מגש אובלי קרם מודפס,Unknown,1.00,Unknown,false,1,26.90,26.90,true,1,
7290015528450,false,מגש אובלי עמוק לבן מ,,CN,מגש אובלי עמוק לבן מ,Unknown,1.00,Unknown,false,1,29.90,29.90,true,1,
7290015528467,false,מגש אובלי עמוק קרם מ,,CN,מגש אובלי עמוק קרם מ,Unknown,1.00,Unknown,false,1,29.90,29.90,true,1,
7290015528887,false,צלחת 6 קטנה מתכלה אר 25 יח',,IN,צלחת 6 קטנה מתכלה מ,Unknown,1.00,Unknown,false,1,7.50,7.50,true,1,
7290015528955,false,קינוחי פודינג+מכסה אר' 12 יח',,CN,קינוחי פודינג+מכסה 1,Unknown,1.00,Unknown,false,1,20.90,20.90,true,1,
7290015528979,false,קינוחי קרם קרמל אר' 12 יח',,CN,קינוחי קרם קרמל 12 י,Unknown,1.00,Unknown,false,1,19.90,19.90,true,1,
7290015528993,false,קינוחי סופלה אר' 12,,CN,קינוחי סופלה 12 יח,Unknown,1.00,Unknown,false,1,19.90,19.90,true,1,
7290015597326,false,אסקימו מאגדת קלי קלות שטראוס 10 יחידות,"גלידת שטראוס בע""\מ, רחוב",,מאגדת קרחוני אייס לי,גרמים,260.00,100 גרם,false,1,28.50,10.96,true,1,
7290015599030,false,צהובה טבעונית בטעם פיצה פפרוני 200 גרם,,,צהובה טבעונית 200 ג,גרמים,200.00,100 גרם,false,1,24.30,12.15,true,1,
7290015599061,false,VEGA צהובה טבעונית בטעם מוצרלה 200 גרם,וגה מוצרים טבעוניים VEGA,,צהובה טבעונית 200 ג,גרמים,200.00,100 גרם,false,1,24.30,12.15,true,1,
7290015599191,false,VEGA ממרח טבעוני בסגנון גבינת שמנת בטעם קלאסי 170 גרם,ביוטי איילנד פודס בע,,גבינת שמנת טבעונית ב,גרמים,170.00,100 גרם,false,1,19.90,11.71,true,1,
7290015599207,false,VEGA ממרח טבעוני בסגנון גבינת שמנת בטעם צ'דר 170 גרם,ביוטי איילנד פודס בע,,גבינת שמנת טבעונית ב,גרמים,170.00,100 גרם,false,1,19.90,11.71,true,1,
7290015599306,false,גבינת שמנת טבעונית עם עירית 170 גרם,ביוטי איילנד פודס בע,,גבינת שמנת טבעונית ע,גרמים,170.00,100 גרם,false,1,19.90,11.71,true,1,
7290015599504,false,VEGA ממרח בטעם חמאה אורגני 225 גרם,גוד פוד פרודקטס S.p,DK,ממרח בטעם חמאה אורגנ,גרמים,225.00,100 גרם,false,1,20.90,9.29,true,1,
7290015599702,false,ממרח טבעוני בבסגנון גבינת שמנת בטעם עזים - ללא גלוטן,ביוטי איילנד פודס בע,GB,גבינת שמנת טבעונית ב,גרמים,170.00,100 גרם,false,1,17.90,10.53,true,1,
7290015599733,false,קובה במילוי טחון מהצומח 400 גרם,,IL,קובה במילוי טחון מהצ,גרמים,400.00,100 גרם,false,1,28.90,7.23,true,1,
7290015603188,false,אטריות ביצים 454ג' (כ) (fu),פוגיאן לונגהי אנלידה אינ,,אטריות ביצים 454 גרם,גרמים,454.00,100 גרם,false,1,10.90,2.40,true,1,
7290015603195,false,איטריות בתוספת תרד 454 גרם,פוגיאן לונגהי אנלידה אינ,,איטריות בתוספת תרד 4,גרמים,454.00,100 גרם,false,1,10.90,2.40,true,1,
7290015603201,false,אטריות מחיטה מלאה 454ג' (כ) (fu),קסמיאן קסינגשנג פודסטטפס,,אטריות מחיטה מלאה 45,גרמים,454.00,100 גרם,false,1,10.90,2.40,true,1,
7290015603218,false,אטריות עם עגבניה מזרח מערב 454 גרם,מזרח ומערב יבוא ושיווק,,איטריות בתוספת עגבני,גרמים,454.00,100 גרם,false,1,10.90,2.40,true,1,
7290015603232,false,איטריות בתוספת דלעת 454 גרם,מזרח ומערב יבוא ושיווק,,איטריות בתוספת דלעת,גרמים,454.00,100 גרם,false,1,10.90,2.40,true,1,
7290015603522,false,"נוזל אגוזי קוקוס 5%-7% 400 מ""ל",מזרח ומערב יבוא ושיווק,,נוזל אגוזי קוקוס 5-7,מיליליטרים,400.00,"100 מ""ל",false,1,7.30,1.83,true,1,
7290015603546,false,"שימורי קרם קוקוס 17-19% 400 מ""ל (ASIATIC)(כ)",מזרח ומערב יבוא ושיווק,,שימורי קרם קוקוס 17-,מיליליטרים,400.00,"100 מ""ל",false,1,9.90,2.48,true,1,
7290015603560,false,"שימורי קרם קוקוס 20-22% 400 מ""ל (ASIATIC)(כ)",אסיאטיק אגרו אינדוסטרי,,שימורי קרם קוקוס 20-,מיליליטרים,400.00,"100 מ""ל",false,1,9.90,2.48,true,1,
7290015603584,false,ג'ינגר לבן כבוש ללא מונוסודיום 160 גרם (כ),מזרח ומערב יבוא ושיווק,,גינגר לבן כבוש ללא מ,גרמים,160.00,100 גרם,false,1,7.90,4.94,true,1,
7290015603591,false,גינגר ורוד כבוש ללא מונוסודיום 160 גרם,מזרח ומערב יבוא ושיווק,,גינגר כבוש וורוד 160,גרמים,160.00,100 גרם,false,1,8.30,5.19,true,1,
7290015603898,false,חטיף אפונה בוואסבי 100 גר מזרח ומערב,סוזו יואי פודס אל טי,,חטיף אפונה בוואסבי 1,גרמים,10000.00,100 גרם,false,1,9.90,0.10,true,1,
7290015634083,false,עמק האלה קברנה פרנק 2012 750 מל,,,יין עמק האלה קברנה פ,Unknown,0.00,Unknown,false,1,114.90,114.90,true,1,
7290015634120,false,יין עמק האלה אוורד לבן 2015 750 מל,עמק האלה,,יין עמק האלה אוורד ל,Unknown,0.00,Unknown,false,1,44.90,44.90,true,1,
7290015634175,false,עמק האלה אוור רד ק.סוביניון 2015 750 מל,,,עמק האלה אוור רד קבר,Unknown,0.00,Unknown,false,1,44.90,44.90,true,1,
7290015634182,false,עמק האלה אוורד קברנה/ מרלו 2015 750 מל,עמק האלה,,עמק האלה אוורד אדום,Unknown,0.00,Unknown,false,1,44.90,44.90,true,1,
7290015652070,false,קשוי קלוי בשקית ששון הקולה 150 גרם,דין שיווק וקליה 2021 בעמ,,קשיו קלוי 150 גרם שש,גרמים,150.00,100 גרם,false,1,13.50,9.00,true,1,
7290015652087,false,תערובת פיצוחים בשקית ששון הקולה 150 גרם,דין שיווק וקליה 2021 בעמ,,תערובת פיצוחים 150 ג,גרמים,150.00,100 גרם,false,1,13.30,8.87,true,1,
7290015652124,false,"רוטב סריראציה חריף מאוד 450 מ""ל אהרוני",דין שיווק וקליה 2021 בעמ,,רוטב סריראצה חריף מא,גרמים,450.00,100 גרם,false,1,17.20,3.82,true,1,
7290015652261,false,בוטנים קלויים ששון הקולה 350 גרם,דין שיווק וקליה 2021 בעמ,,בוטנים קלויים 300 גר,גרמים,300.00,100 גרם,false,1,10.00,3.33,true,1,
7290015652278,false,תערובת פיצוחים 250 גרם ששון הקולה,דין שיווק וקליה 2021 בעמ,,תערובת פיצוחים 250 ג,גרמים,250.00,100 גרם,false,1,20.00,8.00,true,1,
7290015652285,false,אגוזים קלופים ששון הקולה 250 גרם,דין שיווק וקליה 2021 בעמ,,אגוזים קלופים 250 גר,גרמים,250.00,100 גרם,false,1,20.00,8.00,true,1,
7290015652292,false,קבוקים עם שומשום ששון הקולה 400 גרם,דין שיווק וקליה 2021 בעמ,,קבוקים עם שומשום 400,גרמים,400.00,100 גרם,false,1,10.00,2.50,true,1,
7290015652308,false,מנצ'ס ששון הקולה 400 גרם,דין שיווק וקליה 2021 בעמ,,מנצס 300 גרם ששון הק,גרמים,300.00,100 גרם,false,1,10.00,3.33,true,1,
7290015652315,false,חמוציות מסוכרות ששון הקולה (300 גרם),דין שיווק וקליה 2021 בעמ,,חמוציות מסוכרות 300,גרמים,300.00,100 גרם,false,1,10.00,3.33,true,1,
7290015652322,false,בוטנים אמריקאיים מצופים 400 גר ששון הקלה,דין שיווק וקליה 2021 בעמ,,בוטנים אמריקאיים מצו,גרמים,400.00,100 גרם,false,1,10.00,2.50,true,1,
7290015652384,false,"קמח תירס ללא גלוטן עבה ששון הקולה 1 ק""ג",מולינו פיילה גלאסה,,קמח תירס הכנה מהירה,גרמים,1000.00,100 גרם,false,1,13.50,1.35,true,1,
7290015652407,false,פיסטוק קלוי ששון הקולה (250 גרם),דין שיווק וקליה 2021 בעמ,,פיסטוק קלוי 250 גר ד,גרמים,250.00,100 גרם,false,1,20.00,8.00,true,1,
7290015652513,false,תערובת תבלינים לסטייק ובשרים על האש,"דין שיווק וקליה בע""מ",,אהרוני תערובת לסטייק,גרמים,150.00,100 גרם,false,1,15.60,10.40,true,1,
7290015652520,false,"תערובת השף עשבי תיבול ושום לתיבול דגים, עופות, מאפים ועוד","דין שיווק וקליה בע""מ",,אהרוני עשבי טיבול לד,Unknown,0.00,Unknown,false,1,15.60,15.60,true,1,
7290015652537,false,"תערובת תיבול פלפל, לימון פרסי ושום לבשר ותבשילים","דין שיווק וקליה בע""מ",,"אהרוני פלפל, לימון פ",גרמים,130.00,100 גרם,false,1,15.60,12.00,true,1,
7290015652544,false,תבלין גריל עוף ארומטי 130 גרם - אהרוני,"נווה התבלין בע""מ",,אהרוני גריל עוף ארומ,גרמים,130.00,100 גרם,false,1,15.60,12.00,true,1,
7290015652551,false,תערובת תיבול זעתר ושומשום בלדי,"נווה התבלין בע""מ",,אהרוני זעתר ושומשום,גרמים,150.00,100 גרם,false,1,15.60,10.40,true,1,
7290015652582,false,חריימה דג אהרוני 150 גרם,"דין שיווק וקליה בע""מ",,אהרוני חריימה דג 150,גרמים,150.00,100 גרם,false,1,15.60,10.40,true,1,
7290015652599,false,תערובת מתובלת להכנת צלי בקר,"דין שיווק וקליה בע""מ",,אהרוני צלי בקר 120 ג,גרמים,120.00,100 גרם,false,1,15.60,13.00,true,1,
7290015662031,false,ספירולינה טריה simpli good 140 גרם,"אלגמור בע""מ",IL,ספירולינה טריה 140 ג,גרמים,140.00,100 גרם,false,1,49.90,35.64,true,1,
7290015663052,false,מרק כפרי ביתי 400 גרם JEREMY GOURMET,נווה התבלין,,מרק כפרי ביתי 400 גר,גרמים,400.00,100 גרם,false,1,25.00,6.25,true,1,
7290015670012,false,מטבעות שומשום וטחינה טבעוני 240 גרם,קונדיטוריה מרסי,IL,מטבעות שומשום וטחינה,Unknown,0.00,Unknown,false,1,34.90,34.90,true,1,
7290015670029,false,טבעוניות פירות יבשים,קונדיטוריה מרסי,IL,פירות יבשים טבעוני,Unknown,0.00,Unknown,false,1,34.90,34.90,true,1,
7290015670043,false,מטבעות תמרים ואגוזים,קונדיטוריה מרסי,IL,מטבעות תמרים ואגוזים,Unknown,0.00,Unknown,false,1,34.90,34.90,true,1,
7290015670050,false,עוגיות טבעוניות ג'ינ,מרסי,IL,גינגר שוקולד טבעוני,Unknown,0.00,Unknown,false,1,34.90,34.90,true,1,
7290015670067,false,עוגיות לוז קשיו ושבבי קוקוס 230 גרם,קונדיטוריה מרסי,,עוגיות לוז קשיו ושבב,גרמים,230.00,100 גרם,false,1,34.90,15.17,true,1,
7290015670104,false,חמניה ושקדים ללא סוכר,קונדיטוריה מרסי,IL,חמניה ושקדים ללתס,Unknown,0.00,Unknown,false,1,34.90,34.90,true,1,
7290015670111,false,מטבעות מרסי שקדים וא,קונדיטוריה מרסי,IL,עוגיות שקד פרוס עם א,Unknown,0.00,Unknown,false,1,34.90,34.90,true,1,
7290015670128,false,מיקס מרסי שומשום קשי,קונדיטוריה מרסי,IL,מטבעות קשיו ושומשום,Unknown,0.00,Unknown,false,1,34.90,34.90,true,1,
7290015670203,false,מטבעות מרסי מיקס גרע,קונדיטוריה מרסי,IL,מטבעות פיצוחים,Unknown,0.00,Unknown,false,1,34.90,34.90,true,1,
7290015670210,false,מיקס מרסי גרעיני חמנ,קונדיטוריה מרסי,IL,חמניה ושקדים,Unknown,0.00,Unknown,false,1,34.90,34.90,true,1,
7290015670227,false,מטבעות מרסי מקלות שק,קונדיטוריה מרסי,IL,מטבעות פירות יער,Unknown,0.00,Unknown,false,1,34.90,34.90,true,1,
7290015670234,false,מטבעות שומשום דלעת וחמוציות,קונדיטוריה מרסי,IL,מטבעות שומשום דלעת ו,Unknown,0.00,Unknown,false,1,34.90,34.90,true,1,
7290015670258,false,עוגיות שקד פרוס ותפוז מסוכר,קונדיטוריה מרסי,IL,עוגיות שקד פרוס ותפו,Unknown,0.00,Unknown,false,1,34.90,34.90,true,1,
7290015670418,false,עוגיות מרסי חמאה ורי,קונדיטוריה מרסי,IL,עוגיות אלפחורס,Unknown,0.00,Unknown,false,1,34.90,34.90,true,1,
7290015670425,false,עוגיות מרסי חמאה במי,קונדיטוריה מרסי,IL,מטבעות פרחי ריבה,Unknown,0.00,Unknown,false,1,34.90,34.90,true,1,
7290015670449,false,עוגיות מרסי שבולת שו,קונדיטוריה מרסי,IL,גרנולה פירות יבשים,Unknown,0.00,Unknown,false,1,34.90,34.90,true,1,
7290015670456,false,עוגיות רולדה תמר+אגוז280,קונדיטוריה מרסי,IL,רולדת תמרים,Unknown,0.00,Unknown,false,1,34.90,34.90,true,1,
7290015670463,false,עוגיות מרסי חמאה שוק,קונדיטוריה מרסי,IL,עוגיות שוקולד ציפס,Unknown,0.00,Unknown,false,1,34.90,34.90,true,1,
7290015670470,false,עוג.סהרוני שקד חמאה240ג,קונדיטוריה מרסי,IL,סהרוני שקד חמאה 240,גרמים,240.00,100 גרם,false,1,34.90,14.54,true,1,
7290015670562,false,עוגיות מרסי טחינה וח,קונדיטוריה מרסי,IL,עוגיות חלווה,Unknown,0.00,Unknown,false,1,34.90,34.90,true,1,
7290015670623,false,ביסקוטים פירות יבשים קמח מלא,קונדיטוריה מרסי,IL,ביסקוטים פירות יבשים,Unknown,0.00,Unknown,false,1,34.90,34.90,true,1,
7290015670630,false,עוגיות מרוקאיות בנגיעות קוקוס,קונדיטוריה מרסי,IL,עוגיות מרוקאיות בנגי,Unknown,0.00,Unknown,false,1,34.90,34.90,true,1,
7290015670654,false,עוגיות מרסי פאדג שוק,קונדיטוריה מרסי,IL,שוקולדים,Unknown,0.00,Unknown,false,1,34.90,34.90,true,1,
7290015673181,false,בורגר מהצומח עם ברוקולי קליפורניה 400 גר,ל.י.ב. (לחיות יותר בטבע) בעמ,,בורגר מהצומח עם ברוק,גרמים,400.00,100 גרם,false,1,24.90,6.23,true,1,
7290015673570,false,קריספי טופו-נגיסי טופו מוכנים לאכילה,טבע דלי,IL,קריספי טופו מוכנים ל,גרמים,350.00,100 גרם,false,1,26.90,7.69,true,1,
7290015673587,false,קריספי טופו -נגיסי טופו אסייתי טבע דלי 350 גרם,טבע דלי,IL,קריספי טופו ברוטב אס,גרמים,350.00,100 גרם,false,1,26.90,7.69,true,1,
7290015673594,false,קריספי טופו ברוטב בטנים אמריקאי טבע דלי 350 גרם,טבע דלי,IL,קריספי טופו ברוטב בו,גרמים,350.00,100 גרם,false,1,26.90,7.69,true,1,
7290015673617,false,כדורי בשר ללא בשר 400 גרם,טבע דלי,IL,כדורי בשר ללא בשר 40,גרמים,400.00,100 גרם,false,1,27.90,6.98,true,1,
7290015673662,false,שניצלוני טופו טבע דלי 400 גר,טבע דלי,IL,שניצלוני טופו טבע,גרמים,400.00,100 גרם,false,1,34.50,8.63,true,1,
7290015675277,false,קרם ידים אורגני אתרו,,,קרם ידים אורגני אתרו,Unknown,0.00,Unknown,false,1,29.90,29.90,true,1,
7290015675307,false,שפתון אורגני 6 מל,,,שפתון אורגני 6 מל,Unknown,0.00,Unknown,false,1,21.90,21.90,true,1,
7290015695817,false,נבטי קייל אורגני יח,הנבטים של אודי,,נבטי קייל אורגני,Unknown,0.00,Unknown,false,1,10.90,10.90,true,1,
7290015695824,false,נבטי חרדל אורגני יח,הנבטים של אודי,,נבטי חרדל אורגני,Unknown,0.00,Unknown,false,1,10.90,10.90,true,1,
7290015695848,false,נבטי אלפלפא אורגני יח,אודי,,נבטי אלפלפא אורגני,Unknown,0.00,Unknown,false,1,10.90,10.90,true,1,
7290015695855,false,נבטי חמניה אורגני יח,הנבטים של אודי,,נבטי חמניה אורגני,Unknown,0.00,Unknown,false,1,10.90,10.90,true,1,
7290015695893,false,מיקס נבטוטים אורגני יח,אודי,,מיקס נבטוטים אורגני,Unknown,0.00,Unknown,false,1,10.90,10.90,true,1,
7290015695916,false,מיקס נבטים ענק אורגני יח,הנבטים של אודי,,מיקס נבטים ענק אורגנ,Unknown,0.00,Unknown,false,1,17.90,17.90,true,1,
7290015695923,false,נבטים סיניים אורגני יח,מושב אחיטוב,,נבטים סינים אורגנים,Unknown,0.00,Unknown,false,1,10.90,10.90,true,1,
7290015695947,false,נבטי אפונה אורגני יח,הנבטים של אודי,,נבטי אפונה אורגניים,גרמים,60.00,100 גרם,false,1,10.90,18.17,true,1,
7290015695961,false,מיקס עלי בייבי אורגנ,מושב אחיטוב,,עלי בייבי אורגניים,Unknown,0.00,Unknown,false,1,12.50,12.50,true,1,
7290015699730,false,סבון דה מארסיי יעקבי 1.5 ליטר *חדש-,"יעקב יעקבי ובניו בע""מ",BE,סבון לרצפות דה מרסיי,ליטרים,0.00,ליטר,false,1,14.90,14.90,true,1,
7290015703611,false,ARCOSTEEL פטיש בשר מעץ,,,פטיש בשר מעץ,Unknown,0.00,Unknown,false,1,45.00,45.00,true,1,
7290015704533,false,מרית סיליקון עם מידו,,,מרית סיליקון עם מידו,Unknown,0.00,Unknown,false,1,24.90,24.90,true,1,
7290015704656,false,PRIVATE COLLECTION,,,PRIVATE COLLECTION,Unknown,0.00,Unknown,false,1,34.90,34.90,true,1,
7290015704663,false,כף טיגון מחוררת,,,PRIVATE COLLECTION,Unknown,0.00,Unknown,false,1,39.90,39.90,true,1,
7290015704694,false,כף סינון רשת COLLECTION,,,כף סינון רשת COLLECT,Unknown,0.00,Unknown,false,1,57.90,57.90,true,1,
7290015781008,false,"יין VISION מרלו אדום טפרברג 750 מ""ל",יקב טפרברג 1870 בעמ (יינות ומש,,יין VISION מרלו 750,Unknown,0.00,Unknown,false,1,39.90,39.90,true,1,
7290015781015,false,יין אדום מלבק ויז`יון טפרברג (750 מל),יקב טפרברג 1870 בעמ (יינות ומש,,יין VISION מלבק 750,Unknown,0.00,Unknown,false,1,39.90,39.90,true,1,
7290015781053,false,יין לבן יבש ויזון יקב טפרברג (750 מל),יקב טפרברג 1870 בעמ (יינות ומש,,יין VISION לבן יבש,Unknown,0.00,Unknown,false,1,39.90,39.90,true,1,
7290015781091,false,"יין VISION קברנה סוביניון טפרברג 750 מ""ל",יקב טפרברג 1870 בעמ (יינות ומש,,יין VISION קברנה סוב,Unknown,0.00,Unknown,false,1,39.90,39.90,true,1,
7290015781107,false,"יין סנג'ובזה 750 מ""ל IMPRESSION",יקב טפרברג 1870 בעמ (יינות ומש,,יין IMPRES סנגובזה 7,Unknown,0.00,Unknown,false,1,49.90,49.90,true,1,
7290015781114,false,יין אדום אימפרשיין מרלו טפרברג (750 מל),יקב טפרברג 1870 בעמ (יינות ומש,,יין IMPRES מרלו 750,Unknown,0.00,Unknown,false,1,49.90,49.90,true,1,
7290015781121,false,"יין IMPRESSION קברנה סוביניון יבש טפרברג 750 מ""ל",יקב טפרברג 1870 בעמ (יינות ומש,,יין IMPRES קברנה סוב,Unknown,0.00,Unknown,false,1,49.90,49.90,true,1,
7290015781145,false,ריזלינג בציר מאוחר אימפרשן 500 מ''ל,יקב טפרברג 1870 בעמ (יינות ומש,,יין IMPRES ריזלינג,Unknown,0.00,Unknown,false,1,49.90,49.90,true,1,
7290015781169,false,"יין IMPRESSION קברנה סוביניון חצי יבש טפרברג 750 מ""ל",יקב טפרברג 1870 בעמ (יינות ומש,,יין IMPRES קברנה סוב,Unknown,0.00,Unknown,false,1,49.90,49.90,true,1,
7290015781275,false,יין לבן מוסקטו מתוק טפרברג (750 מל),יקב טפרברג 1870 בעמ (יינות ומש,,יין MOSCATO מוסקטו ל,Unknown,0.00,Unknown,false,1,39.90,39.90,true,1,
7290015781299,false,יין שיראז ויזון יקב טפרברג (750 מל),יקב טפרברג 1870 בעמ (יינות ומש,,יין VISION שיראז 750,Unknown,0.00,Unknown,false,1,39.90,39.90,true,1,
7290015781305,false,יין אדום אימפרשיין סירה טפרברג (750 מל),יקב טפרברג 1870 בעמ (יינות ומש,,יין IMPRES סירה 750,Unknown,0.00,Unknown,false,1,49.90,49.90,true,1,
7290015790000,false,גרגירי רימונים בקופס,רון שיווק,,גרעיני רימון,קילוגרמים,0.00,"ק""ג",false,1,17.90,17.90,true,1,
7290015790017,false,פלחי פומלה מוכנים לא,רון שיווק,,פלחי פומלה 250 גר,קילוגרמים,0.00,"ק""ג",false,1,17.90,17.90,true,1,
7290015856706,false,סנקסו חטיף אפונה אפויה טבעי 50 גרם,תות תעשיות מזון (201,IL,סנקסו חטיף אפונה אפו,גרמים,50.00,100 גרם,false,1,5.90,11.80,true,1,
7290015856713,false,סנקסו חטיף אפונה אפוי עם אריסה 50 גרם,אפיפית נצרת (1971) ב,IL,סנקסו חטיף אפונה אפו,גרמים,50.00,100 גרם,false,1,5.90,11.80,true,1,
7290015856720,false,סנקסו חטיף אפונה אפוי עם זעתר 50 גרם,תות תעשיות מזון (201,IL,סנקסו חטיף אפונה אפו,גרמים,50.00,100 גרם,false,1,5.90,11.80,true,1,
7290015856737,false,סנקסו חטיף אפונה אפוי עם פלפל 50 גרם,אפיפית נצרת (1971) ב,IL,סנקסו חטיף אפונה אפו,גרמים,50.00,100 גרם,false,1,5.90,11.80,true,1,
7290015858106,false,"ממרח פסטו ביתי 180 גרם ""עללחם""",שטראוס גרופ בעמ/מצונן,,מצונן פסטו ביתי 180,גרמים,180.00,100 גרם,false,1,16.90,9.39,true,1,
7290015858113,false,"ממרח עגבניות מיובשות 180 גרם ""טריטרי""",שטראוס גרופ בעמ/מצונן,,מצונן ממרח עגבניות,גרמים,180.00,100 גרם,false,1,16.90,9.39,true,1,
7290015858144,false,ממרח ארטישוק עללחם 180 גרם,"מדשא תעשיות מזון בע""\מ",IL,ממרח ארטישוק 180 גר,גרמים,180.00,100 גרם,false,1,16.90,9.39,true,1,
7290015858151,false,ממרח שום 180 גרם עללחם בית יוסף,שטראוס גרופ בעמ/מצונן,,ממרח שום 180 גר,גרמים,180.00,100 גרם,false,1,16.90,9.39,true,1,
7290015858175,false,ממרח פלפלים קלויים 180 גרם עללחם,"מדשא תעשיות מזון בע""\מ",,ממרח פלפלים קלויים 1,גרמים,180.00,100 גרם,false,1,16.90,9.39,true,1,
7290015858212,false,ממרח לימון כבוש 180 גרם עללחם,שטראוס גרופ בעמ/מצונן,,ממרח לימון כבוש 180,גרמים,180.00,100 גרם,false,1,21.90,12.17,true,1,
7290015858229,false,"טפנד זיתי קלמטה 180 גרם ""עללחם""","מדשא תעשיות מזון בע""\מ",,מצונן טפנד זיתים,גרמים,180.00,100 גרם,false,1,16.90,9.39,true,1,
7290015858243,false,ממרח צימיצורי עללחם 180 גרם,שטראוס גרופ בעמ/מצונן,,ממרח צימיצורי עללחם,גרמים,180.00,100 גרם,false,1,16.90,9.39,true,1,
7290015858328,false,עללחם ממרח איולי פסטו 295 גרם,"מדשא תעשיות מזון בע""\מ",IL,איולי פסטו עללחם 295,גרמים,295.00,100 גרם,false,1,16.90,5.73,true,1,
7290015858441,false,עללחם ממרח איולי פלפלים 295 גרם,"מדשא תעשיות מזון בע""\מ",IL,איולי פלפלים עללחם 2,גרמים,295.00,100 גרם,false,1,16.90,5.73,true,1,
7290015858687,false,עללחם ממרח איולי שום 295 גרם,"מדשא תעשיות מזון בע""\מ",IL,איולי שום עללחם 295,גרמים,295.00,100 גרם,false,1,16.90,5.73,true,1,
7290015858694,false,עללחם ממרח איולי שום לימון 295 גרם,"מדשא תעשיות מזון בע""\מ",IL,איולי שום לימון עללח,גרמים,295.00,100 גרם,false,1,16.90,5.73,true,1,
7290015936422,false,תחתית לסיר עץ עגולה ארקוסטיל,,,תחתית עגולה מעץ לסיר,קילוגרמים,0.00,"ק""ג",false,1,29.90,29.90,true,1,
7290015936835,false,כדון נירוסטה 150 CC,,,כדון נירוסטה 150 CC,Unknown,0.00,Unknown,false,1,29.90,29.90,true,1,
7290015937399,false,קערית אופל 14 גלים,,,אופל קערית 14 גלים,Unknown,0.00,Unknown,false,1,10.90,10.90,true,1,
7290015946001,false,מאסטר ספירולינה הזהב הירוק 200 גרם,אשבל,BR,מאסטר ספירולינה הזהב,גרמים,200.00,100 גרם,false,1,61.90,30.95,true,1,
7290015951616,false,"יין סנגובזה גמלא 2019 750 מ""ל",יקבי רמת הגולן,,יין סנגובזה גמלא 201,Unknown,0.00,Unknown,false,1,66.90,66.90,true,1,
7290015968133,false,אטבי פרמיום כחול/לבן 48 יח במארז,אינטרסן (1996) בעמ,,אטב פרמיום כחול/לבן,Unknown,0.00,Unknown,false,1,14.90,14.90,true,1,
7290015968140,false,אטב אחיזה רחבה בעיצוב איטלקי הוסטס 36 יח,אינטרסן (1996) בעמ,,אטב אחיזה רחבה בעיצו,Unknown,0.00,Unknown,false,1,14.90,14.90,true,1,
7290015976299,false,צנצנת תבלינים צילינדר,,,צנצנת לתבלינים עם מכ,Unknown,0.00,Unknown,false,1,10.90,10.90,true,1,
7290015976312,false,בקבוק 350 שמן/חומץ+פייה סיליקון,,,בקבוק שמן/חומץ קטן 3,קילוגרמים,0.00,"ק""ג",false,1,19.90,19.90,true,1,
7290015976329,false,בקבוק 500 שמן/חומץ+פייה סיליקון,,,בקבוק שמן/חומץ גדול,קילוגרמים,0.00,"ק""ג",false,1,27.90,27.90,true,1,
7290015977012,false,מסננת +ידית ארקוסטיל,,,מסננת פלסטיק עם ידית,Unknown,0.00,Unknown,false,1,14.90,14.90,true,1,
7290015977029,false,מגש לקוביות קרח+מכסה ארקוסטיל,,,מגש פלסטיק לקוביות ק,Unknown,0.00,Unknown,false,1,12.90,12.90,true,1,
7290015977104,false,לוח חיתוך 20*15במבוק ארקוסטיל,,,לוח חיתוך במבוק 20X1,Unknown,0.00,Unknown,false,1,21.90,21.90,true,1,
7290015977111,false,לוח חיתוך 30*23במבוק ארקוסטיל,,,לוח חיתוך 30*23במבוק,Unknown,0.00,Unknown,false,1,39.90,39.90,true,1,
7290015977265,false,תחרה מגש לעוגה על רג,,,תחרה מגש לעוגה על רג,Unknown,0.00,Unknown,false,1,119.00,119.00,true,1,
7290015979559,false,חסה ערבית יחידה,,,חסה ערבית,Unknown,0.00,Unknown,false,1,4.90,4.90,true,1,
7290015979665,false,חסה עגולה,חקלאי,,חסה עגולה,Unknown,0.00,Unknown,false,1,6.90,6.90,true,1,
7290016006025,false,שוופס סודה 0.50 ליטר בקבוק,יפאורה שותפות מוגבלת לשיווק,,שוופס סודה שרינק 500,מיליליטרים,500.00,"100 מ""ל",false,1,2.90,0.58,true,1,
7290016006292,false,נקטר מנגו בננה מלון קרטונית 1 ל' ספרינג,יפאורה שותפות מובגלת לשיווק,,קרטונית נקטר ספרינג,מיליליטרים,1000.00,"100 מ""ל",false,1,6.90,0.69,true,1,
7290016006322,false,מים מינרליים מי עדן,יפאורה שותפות מוגבלת לשיווק,,מי עדן 1 ליטר,מיליליטרים,1000.00,"100 מ""ל",false,1,2.90,0.29,true,1,
7290016006339,false,מים מינרלים מי עדן (1x4 ליטר),יפאורה שותפות מוגבלת לשיווק,,רביעיית מי עדן 1 ליט,מיליליטרים,4000.00,"100 מ""ל",false,1,10.90,0.27,true,1,
7290016006346,false,שוופס סודה 0.5 ליטר מארז שישייה,יפאורה שותפות מובגלת לשיווק,,שישיית שוופס סודה 50,מיליליטרים,1500.00,"100 מ""ל",false,1,14.50,0.97,true,1,
7290016006377,false,"שוויפס מוגז בטעם פירות תות ליים 330 מ""ל",יפאורה שותפות מוגבלת לשיווק,,שוופס FRUITS תות ליי,מיליליטרים,330.00,"100 מ""ל",false,1,5.70,1.73,true,1,
7290016028003,false,קינוחי סורבה אר' 12,,CN,קינוחי סורבה 12 יח,Unknown,1.00,Unknown,false,1,23.90,23.90,true,1,
7290016028010,false,קינוחי קרם ברולה אר' 12 יח',,CN,קינוחי קרם ברולה 12,Unknown,1.00,Unknown,false,1,19.90,19.90,true,1,
7290016028034,false,קינוחי גלידה אר' 12 יח',,CN,קינוחי גלידה 12 יח,Unknown,1.00,Unknown,false,1,18.50,18.50,true,1,
7290016028232,false,שיפוד במבוק עבה 30 ס,,CN,שיפוד במבוק עבה 30 ס,Unknown,1.00,Unknown,false,1,2.90,2.90,true,1,
7290016028447,false,נר נשמה 24 שעות,,CN,נר נשמה 24 שעות,Unknown,1.00,Unknown,false,1,2.20,2.20,true,1,
7290016028461,false,מגש לפיצוחים שקוף עג,,CN,מגש לפיצוחים שקוף עג,Unknown,1.00,Unknown,false,1,11.50,11.50,true,1,
7290016028508,false,מגש עגול שקוף 14,,CN,מגש עגול שקוף 14,Unknown,1.00,Unknown,false,1,15.50,15.50,true,1,
7290016028560,false,נר 48 שעות בכוס זכוכ,,CN,נר 48 שעות בכוס זכוכ,Unknown,1.00,Unknown,false,1,4.50,4.50,true,1,
7290016028577,false,נר שבועי בכוס זכוכית,,CN,נר שבועי בכוס זכוכית,Unknown,1.00,Unknown,false,1,11.90,11.90,true,1,
7290016028621,false,שיפוד עץ 18 יפני סמ,,CN,שיפוד עץ 18 יפני סמ,Unknown,1.00,Unknown,false,1,5.90,5.90,true,1,
7290016028683,false,קיסמים מעוטרים 12 סמ,,CN,קיסמים מעוטרים 12 סמ,Unknown,1.00,Unknown,false,1,5.90,5.90,true,1,
7290016035032,false,לחמניות פשתן מזרעי פשתן טחונים 250 גר,מאפית ביכורים,IL,לחמניות פשתן מזרעי פ,גרמים,250.00,100 גרם,false,1,19.90,7.96,true,1,
7290016076011,false,לבש ארמני 4 יח 330 גרם,מאפיית דואט בעמ,IL,לבש ארמני 4 יח,גרמים,330.00,100 גרם,false,1,17.50,5.30,true,1,
7290016077759,false,רוטב ברביקיו קלאסי היינץ 480 גרם,דיפלומט מפיצים (1968) בעמ**,,רוטב ברביקיו קלאסי 4,גרמים,480.00,100 גרם,false,1,17.90,3.73,true,1,
7290016077766,false,"שעועית אפויה ""היינץ"" 453 גרם",דיפלומט מפיצים (1968) בעמ**,,היינץ שעועית אפויה 4,גרמים,453.00,100 גרם,false,1,8.90,1.96,true,1,
7290016080551,false,מתבל עגבניות אורגני 580 גרם היינץ,ה.י. היינץ,,מתבל עגבניות אורגני,גרמים,580.00,100 גרם,false,1,17.70,3.05,true,1,
7290016087147,false,רוטב עגבניות מתובל לפיצה מרגריטה 240 גרם,אבאל יזמות בעמ,,רוטב עגבניות מתובל ל,גרמים,240.00,100 גרם,false,1,5.80,2.42,true,1,
7290016087222,false,פריניר רוטב עגבניות מרוכז לשקשוקה 230 גרם,פריניר ( הדס 1987) ב,,רוטב עגבניות מרוכז ל,גרמים,230.00,100 גרם,false,1,5.80,2.52,true,1,
7290016087499,false,עגבניות חתוכות מארז 400X3ג' אריזות ירושלים,ח.כהן סוכנות מזון ומשקאות בע,,עגבניה חתוך דק אריזת,Unknown,0.00,Unknown,false,1,12.50,12.50,true,1,
7290016094015,false,"ד""ר פישר - אולטרסול קרם פנים קידס 75 מ""ל 30SPF",פישר מעבדות פרמצבטיות בע,,אולטרסול פנים קידס,Unknown,0.00,Unknown,false,1,32.90,32.90,true,1,
7290016096491,false,נתחי טונה בהירה בשמן צמחי שלישיה *80ג' פילטונה,תעשיות פיל טונה בעמ,IL,נתחי טונה בהירה בשמן,גרמים,240.00,100 גרם,false,1,11.90,4.96,true,1,
7290016114300,false,נייר טואלט דו שכבתי אורך כפול לבן לילי 16 גלילים,קימברלי קלארק ישראל שיווק בעמ,,נייר טואלט לילי לבן,מטרים,588.80,מטר,false,1,32.90,0.06,true,1,
7290016136739,false,GFREE פתיתי פוזילי על בסיס קמח תירס וקמח,גורי מוצרי צריכה (1991) בעמ,,פתיתים פוזילי ללא גל,גרמים,340.00,100 גרם,false,1,10.90,3.21,true,1,
7290016146004,false,קמח שקד מולבן 300 גרם,שקד תבור,,קמח שקד קלוף 300 גר,גרמים,300.00,100 גרם,false,1,24.90,8.30,true,1,
7290016146103,false,"סילאן טבעי לחיץ שקד תבור, 380 גרם","אלמונדס בע""מ",,סילאן טבעי לחיץ 500,גרמים,500.00,100 גרם,false,1,13.90,2.78,true,1,
7290016146400,false,שוקולד תבור 60% גאנה100ג,שקד תבור,IL,שוקולד תבור 60% 100,גרמים,100.00,100 גרם,false,1,16.70,16.70,true,1,
7290016146424,false,שוקולד מריר תבור 70% 100 גרם BIO,שקד תבור,IL,BIO שוקולד תבור 70%,גרמים,100.00,100 גרם,false,1,16.70,16.70,true,1,
7290016146431,false,שוקולד תבור 72% 100 גרם,שקד תבור,IL,שוקולד תבור 72% 100,גרמים,100.00,100 גרם,false,1,16.70,16.70,true,1,
7290016146448,false,שוקולד תבור 85% 100 גרם,לובקה,IL,שוקולד תבור 85% 100,גרמים,100.00,100 גרם,false,1,16.70,16.70,true,1,
7290016146455,false,שוקולד מריר תבור 100% 100 גרם BIO,שקד תבור,IL,שוקולד תבור 100% 10,גרמים,100.00,100 גרם,false,1,16.70,16.70,true,1,
7290016150391,false,סלק ואקום 500 גרם,חקלאי,,סלק ואקום 500 גרם,Unknown,0.00,Unknown,false,1,7.90,7.90,true,1,
7290016156430,false,מאפה כוסמת ןבטטה טבעוני 270 גרם,,,מאפה כוסמת ןבטטה טבע,גרמים,270.00,100 גרם,false,1,29.90,11.07,true,1,
7290016156454,false,קציצות מש כוסמת ודלעת טבעוני מונבטים 225,,IL,קציצות מש כוסמת ודלע,גרמים,225.00,100 גרם,false,1,29.90,13.29,true,1,
7290016156461,false,מונבטים כוסמת תמרים ותפוחי עץ 240 גרם,,IL,מונבטים כוסמת תמרים,גרמים,240.00,100 גרם,false,1,29.90,12.46,true,1,
7290016162219,false,כדורי שוקולד פרווה קפולסקי (280 גרם),תופינים מקבוצת קפולסקי,,כדורי שוקולד פרווה 2,גרמים,250.00,100 גרם,false,1,29.90,11.96,true,1,
7290016162264,false,עוגת גבינה רנסנס קפולסקי (450 גרם),קפולסקי שיווק וקמעונ,,עוגת גבינה רנסנס 450,גרמים,450.00,100 גרם,false,1,41.90,9.31,true,1,
7290016197495,false,ניקול זוג מטליות הקסם מיקרופייבר לרצפה,קימברלי קלארק ישראל שיווק בעמ,,ניקול מטלית קסם לרצפ,Unknown,0.00,Unknown,false,1,22.90,22.90,true,1,
7290016197600,false,דיפנד - תחבושת לנשים נורמל 12 יח',קימברלי קלארק ישראל שיווק בעמ,,דיפנד תחבושות נורמל,Unknown,0.00,Unknown,false,1,23.90,23.90,true,1,
7290016197617,false,תחבושת לנשים אקסטרה דיפנד 10 יחידות,קימברלי קלארק ישראל שיווק בעמ,,דיפנד תחבושות אקסטרה,Unknown,0.00,Unknown,false,1,23.90,23.90,true,1,
7290016197624,false,תחבושות לנשים סופר דיפנד 8 יחידות,קימברלי קלארק ישראל שיווק בעמ,,דיפנד תחבושות סופר 8,Unknown,0.00,Unknown,false,1,23.90,23.90,true,1,
7290016197877,false,שקיות אשפה לפחים בינוניים עם שרוך 50 * 53 ניקול 50 יחידות,קימברלי קלארק ישראל שיווק בעמ,,שקית לפחי אשפה קטנים,Unknown,0.00,Unknown,false,1,26.50,26.50,true,1,
7290016217735,false,חציל על האש 200גרם גורמה,"סלטי שמיר 2006 בע""מ",,חציל על אש 200 גר,גרמים,200.00,100 גרם,false,1,11.00,5.50,true,1,
7290016217742,false,חציל בטחינה 200גרם גורמה,"סלטי שמיר 2006 בע""מ",,חציל על אש בטחינה 20,גרמים,200.00,100 גרם,false,1,11.00,5.50,true,1,
7290016217988,false,גרבלקס-סלמון כבוש שמיר 100 גרם,"סלטי שמיר 2006 בע""מ",,גרבלקס 100 גרם,גרמים,100.00,100 גרם,false,1,23.90,23.90,true,1,
7290016223279,false,מגרדת מיני ארקוסטיל,,,מגרדת מיני ארקוסטיל,Unknown,0.00,Unknown,false,1,9.90,9.90,true,1,
7290016223385,false,תבנית מלבנית 34x24 עם מכסה ארקוסטיל שמו,,,תבנית מלבנית 34x24 ע,Unknown,0.00,Unknown,false,1,119.00,119.00,true,1,
7290016224948,false,סט מלח פלפל נירוסטה,,,סט מלח פלפל נירוסטה,Unknown,0.00,Unknown,false,1,128.00,128.00,true,1,
7290016233384,false,גפילטע פיש 7 קציצות תומר 555 גרם,דג טעים ירושלים,,גפילטע פיש 7 קציצות,גרמים,540.00,100 גרם,false,1,17.70,3.28,true,1,
7290016233575,false,פתיתי שיבולת שועל 600 גר גוד מורנינג,,,פתיתי שיבולת שועל 60,גרמים,600.00,100 גרם,false,1,7.50,1.25,true,1,
7290016233995,false,פילה אנשובי בפח עם שמן זית 45 גר`תומר,תומר יבוא ושיווק מוצרי מזון (1,,פילה אנשובי,גרמים,45.00,100 גרם,false,1,6.90,15.33,true,1,
7290016245318,false,לחם פשתן פרוס מזרעי פשתן טחונים 450 גר,ביכורים,IL,לחם פשתן פרוס מזרעי,גרמים,450.00,100 גרם,false,1,24.90,5.53,true,1,
7290016246308,false,בארכה בקטנה חטיף חלבה וניל קוקוס 18 גרם 7 יחידות,קבוצת אוסם סחר שותפות מוגבלת,,בארכה בקטנה חטיף חלב,גרמים,126.00,100 גרם,false,1,13.50,10.71,true,1,
7290016246445,false,בארכה טחינה גולמית מעודנת שומשום מלא 310 גם,קבוצת אוסם סחר שותפות מוגבלת,,בארכה טחינה מעודנת ש,גרמים,310.00,100 גרם,false,1,12.90,4.16,true,1,
7290016246711,false,טחינה גולמית מעודנת הריסה בארכה 310 גרם,קבוצת אוסם סחר שותפות מוגבלת,IL,בארכה טחינה גולמית מ,גרמים,310.00,100 גרם,false,1,12.90,4.16,true,1,
7290016248074,false,יין מסע ישראלי אדום ויתקין 750 מל,"ישראל-יקב ויתקין בע""",,יין מסע ישראלי אדום,Unknown,0.00,Unknown,false,1,79.90,79.90,true,1,
7290016248111,false,יין מסע ישראלי ורוד ויתקין 750 מל,,,יין מסע ישראלי ורוד,Unknown,0.00,Unknown,false,1,79.90,79.90,true,1,
7290016270570,false,מלפפון בייבי,חקלאי,,מלפפון בייבי,Unknown,0.00,Unknown,false,1,12.90,12.90,true,1,
7290016270709,false,עגבניות שרי אשכולות,ביכורי השדה צפון 1994 ג.ד. בעמ,,שרי אשכולות,Unknown,0.00,Unknown,false,1,12.90,12.90,true,1,
7290016270877,false,פלפלונים צבעוני,ביכורי השדה הצפון בעמ` 1964,,פלפלון ארוז,Unknown,0.00,Unknown,false,1,9.90,9.90,true,1,
7290016276831,false,תבשיל איטריות בטעם בקר 70 גרם סו שף,דין שיווק וקליה 2021 בעמ,,תבשיל איטריות בטעם ב,גרמים,70.00,100 גרם,false,1,5.90,8.43,true,1,
7290016276848,false,תבשיל איטריות בטעם עוף 70 גרם סו שף,דין שיווק וקליה 2021 בעמ,,תבשיל איטריות בטעם ע,גרמים,70.00,100 גרם,false,1,5.90,8.43,true,1,
7290016277630,false,צנובר 150 גרם ששון - קופסא,דין שיווק וקליה 2021 בעמ,,צנובר 150 גרם ששון -,גרמים,150.00,100 גרם,false,1,29.90,19.93,true,1,
7290016277647,false,בננה מסוכרת 250 גרם ששון- קופסא,דין שיווק וקליה 2021 בעמ,,בננה מסוכרת 250 גרם,גרמים,250.00,100 גרם,false,1,12.50,5.00,true,1,
7290016277654,false,פיסטוק קלוף טבעי 150 גרם ששון- קופסא,דין שיווק וקליה 2021 בעמ,,פיסטוק קלוף טבעי 150,גרמים,150.00,100 גרם,false,1,41.90,27.93,true,1,
7290016277678,false,שקד מולבן חצאים 200 גרם ששון - קופסא,"דין שיווק וקלייה בע""",,שקד מולבן חצאים 200,גרמים,200.00,100 גרם,false,1,29.90,14.95,true,1,
7290016277685,false,שקד מולבן שבבים 200 גרם ששון - קופסא,דין שיווק וקליה 2021 בעמ,,שקד מולבן שבבים 200,גרמים,200.00,100 גרם,false,1,29.90,14.95,true,1,
7290016299069,false,"קרם ידיים אלוורה קמומיל ותה ירוק 100 מ""ל",,IL,קרם ידיים אלוורה קמו,מיליליטרים,100.00,"100 מ""ל",false,1,19.90,19.90,true,1,
7290016299083,false,קרם ידיים ח.שיאה שמן רימונים וחומצה היאל,,,קרם ידיים ח.שיאה שמן,מיליליטרים,100.00,"100 מ""ל",false,1,19.90,19.90,true,1,
7290016299090,false,קרם ידיים פרופוליס אובליפיכה וחומצה היאל,,IL,קרם ידיים פרופוליס א,מיליליטרים,100.00,"100 מ""ל",false,1,19.90,19.90,true,1,
7290016299106,false,קרם ידיים שמן ארגן וחומצה היאלרונית 100,,,קרם ידיים שמן ארגן ו,מיליליטרים,100.00,"100 מ""ל",false,1,19.90,19.90,true,1,
7290016299205,false,ארגניה קרם ידיים קולגן לבנדר וחומצה היאל,ארגניה,,קרם ידיים קולגן לבנד,מיליליטרים,100.00,"100 מ""ל",false,1,19.90,19.90,true,1,
7290016299212,false,"גל רחצה אלוורה קמומיל ותה ירוק 500 מ""ל",,IL,גל רחצה אלוורה קמומי,ליטרים,0.50,ליטר,false,1,39.90,79.80,true,1,
7290016299267,false,ארגניה גל רחצה קולגן לבנדר וחומצה היאלרו,ארגניה,IL,גל רחצה קולגן לבנדר,ליטרים,0.50,ליטר,false,1,39.90,79.80,true,1,
7290016299335,false,ארגניה קרם גוף קולגן לבנדר וחומצה היאלרו,ארגניה,IL,קרם גוף קולגן לבנדר,ליטרים,0.50,ליטר,false,1,39.90,79.80,true,1,
7290016299359,false,"ARGANIA - מרכך ארגן לכל סוגי השיער ללא ס.ל.ס 450 מ""ל",ארגניה יצור ושיווק,,מרכך שיער ארגניה 400,קילוגרמים,0.00,"ק""ג",false,1,39.90,39.90,true,1,
7290016299373,false,גל רחצה ח.שיאה שמן רימונים חומצה היאלרונ,,IL,גל רחצה ח.שיאה שמן ר,ליטרים,0.50,ליטר,false,1,39.90,79.80,true,1,
7290016299380,false,קרם רגליים פרופוליס אובליפיכה וחומצה היא,,,קרם רגליים פרופוליס,מיליליטרים,100.00,"100 מ""ל",false,1,19.90,19.90,true,1,
7290016299557,false,שמן ארגן טהור 30 מל ארגניה,ארגניה יצור ושיווק,,שמן ארגן טהור 30 מל,Unknown,0.00,Unknown,false,1,59.90,59.90,true,1,
7290016299632,false,"ARGANIA - שמפו ארגן לכל סוגי השיער ללא ס.ל.ס 450 מ""ל",ארגניה יצור ושיווק,,שמפו לשיער ללא מלח א,קילוגרמים,0.00,"ק""ג",false,1,39.90,39.90,true,1,
7290016299670,false,שמן קיק בכבישה קרה ארגניה,,,שמן קיק בכבישה קרה,מיליליטרים,0.00,"100 מ""ל",false,1,49.90,49.90,true,1,
7290016299878,false,"ARGANIA מסיכה טיפולית לשיער מעושר בחומצה האילרונית וקרטין ללא SLS 500 מ""ל",ארגניה יצור ושיווק,,מסיכת שיער חומצה היא,Unknown,0.00,Unknown,false,1,59.90,59.90,true,1,
7290016299892,false,ארגניה מסכת ארגן קרטין 500 מל,ארגניה יצור ושיווק,,מסיכה לשיער ארגן 500,מיליליטרים,500.00,"100 מ""ל",false,1,54.90,10.98,true,1,
7290016304596,false,לחמניות לסנדביץ 75 גרם,מאפיית דווידוביץ ובנ,IL,לחמניות לסנדביץ 75 ג,גרמים,75.00,100 גרם,false,1,12.90,17.20,true,1,
7290016319309,false,סבון נוזלי מאסק קלאסי+משאבה פמלי 1 ל,הנסיך- מפעל לייצור ט,,סבון נוזלי מאסק קלאס,מיליליטרים,1000.00,"100 מ""ל",false,1,14.90,1.49,true,1,
7290016320343,false,"דאק נוזל ג'ל לניקוי מתקדם בניחות לבנדר זוג * 750 מ""ל",אס. סי. ג'\ונסון מידרכט,,נוזל גל דאק בניחוח ל,ליטרים,0.00,ליטר,false,1,27.50,27.50,true,1,
7290016321661,false,פרש וואנס SENSITIVE מגבונים ללא בישום רביעייה 72 יחידות,עלבד משואות יצחק,IL,מגבונים פרש וואנס סנ,Unknown,0.00,Unknown,false,1,15.90,15.90,true,1,
7290016321890,false,פרשוואנס נייר טואלט מתכלה למבוגרים -מארז שלישייה,עלבד משואות יצחק בעמ,IL,נייר טואלט פרש וואנס,Unknown,0.00,Unknown,false,1,16.70,16.70,true,1,
7290016329261,false,סרקל מתיר קשרים ספריי רציףף 300 מ'ל,"פישר תעשיות פרמצביטות בע""מ",,ספריי מתיר קשרים סרק,מיליליטרים,300.00,"100 מ""ל",false,1,35.90,11.97,true,1,
7290016329278,false,קמיל בלו מגבונים מילוי 64 יח רביעייה,"פישר תעשיות פרמצביטות בע""מ",,מגבונים קמיל בלו רבי,Unknown,0.00,Unknown,false,1,19.90,19.90,true,1,
7290016334616,false,בצל ירוק בוסתן,ביכורי השדה צפון 1994 ג.ד. בעמ,,בצל ירוק,Unknown,0.00,Unknown,false,1,5.90,5.90,true,1,
7290016370959,false,חציל קלוי (פירה) בצנצנת קבוצת יבנה 530 גרם,"קבוצת יבנה מוצרי מזון בע""מ",,חציל קלוי פירה בצנצנ,גרמים,580.00,100 גרם,false,1,10.90,1.88,true,1,
7290016372373,false,רסק עגבניות ללא תוספת סוכר ומלח - מארז זוג,תה ויסוצקי (ישראל) בעמ,IT,רסק עגבניות גראנד בל,גרמים,270.00,100 גרם,false,1,7.90,2.93,true,1,
7290016372397,false,"תה ויסוצקי ירוק תפוז,ג'ינגר וכורכום 25 יח'",תה ויסוצקי (ישראל) בעמ,,תה ירוק תפוז גינגר ו,Unknown,0.00,Unknown,false,1,24.90,24.90,true,1,
7290016372458,false,חליטת לימונית ולואיזה הגן הקסום ויסוצקי 50 יחידות,תה ויסוצקי (ישראל) בעמ,,חליטת לימונית לואיזה,Unknown,0.00,Unknown,false,1,35.90,35.90,true,1,
7290016372489,false,ויסוצקי חליטת ג'ינג'ר ולימון סודות הצמחים 25 שקיקים,תה ויסוצקי (ישראל) בעמ,,סודות הצמחים גינגר ו,Unknown,0.00,Unknown,false,1,21.90,21.90,true,1,
7290016372496,false,חליטת פירות וצמחים בטעם ג'ינג'ר ודבש -אפקט הג'ינג'ר,תה ויסוצקי (ישראל) בעמ,,סודות הצמחים גינגר ו,Unknown,0.00,Unknown,false,1,21.90,21.90,true,1,
7290016381825,false,משמש מיובש כרם 330 גרם,אוסטה פוד,,משמש מיובש כרם 330 ג,גרמים,330.00,100 גרם,false,1,19.90,6.03,true,1,
7290016381962,false,משקה אורז שקדים אורגני כרם 1 ליטר,,,משקה אורז שקדים אור,מיליליטרים,1000.00,"100 מ""ל",false,1,10.90,1.09,true,1,
7290016381986,false,ערמונים אורגנים כרם 100 גרם,טאנגש'אן סיטי מייקדו,CN,ערמונים אורגנים,גרמים,100.00,100 גרם,false,1,6.20,6.20,true,1,
7290016384376,false,ALEX LYDDI כלי להגשת,,,ALEX LYDDI כלי להגשת,Unknown,0.00,Unknown,false,1,31.90,31.90,true,1,
7290016384383,false,כלי להגשת דבש+מקל ALEX LIDDY,,,כלי להגשת דבש+מקל AL,קילוגרמים,0.00,"ק""ג",false,1,49.90,49.90,true,1,
7290016384543,false,פלטת גריל 34*26 ארקוסטיל,,,אקסקלוסיב פלטת גריל,קילוגרמים,0.00,"ק""ג",false,1,189.00,189.00,true,1,
7290016385762,false,טריטן Fruit Infuser,,,טריטן Fruit Infuser,Unknown,0.00,Unknown,false,1,49.90,49.90,true,1,
7290016416992,false,עוגת דובוש בסקוויטים קפולסקי 400 גרם,תופינים מקבוצת קפולסקי,,עוגת דובוש ביסקוויטי,גרמים,400.00,100 גרם,false,1,39.90,9.98,true,1,
7290016417005,false,"אומגה 3 צמחית ליפוזומלית אקוסאפ 250 מ""ל",אקוסאפ,,אומגה 3 צמחית ליפוזו,מיליליטרים,250.00,"100 מ""ל",false,1,199.90,79.96,true,1,
7290016417012,false,ויטמין C ליפוזומאלי בספיגה גבוהה בטעם תפוז,אקוסאפ ecosupp,,ויטמין C ליפוזומלי 2,Unknown,0.00,Unknown,false,1,199.90,199.90,true,1,
7290016417029,false,ויטמין B12 מתיל קובלמין וחומצה פולית,אקוסאפ ecosupp,,ויטמין מתיל B12 וחומ,Unknown,0.00,Unknown,false,1,119.90,119.90,true,1,
7290016417043,false,ויטמין D3 ליפוזומאלי60מל,אקוסאפ,,ויטמין D3 ליפוזומלי,Unknown,0.00,Unknown,false,1,119.90,119.90,true,1,
7290016417081,false,IRON MAX ברזל בתוספת ויטמין C,אקוסאפ ecosupp,,ברזל עדין למבוגרים 6,Unknown,0.00,Unknown,false,1,119.90,119.90,true,1,
7290016437621,false,חיתולי האגיס פרידום דריי pants מידה 4 36 יחידות,קימברלי קלארק ישראל שיווק בעמ,,האגיס פרידום דריי PA,Unknown,0.00,Unknown,false,1,44.90,44.90,true,1,
7290016437645,false,חיתולי האגיס פרידום דריי pants מידה 5 34 יחידות,קימברלי קלארק ישראל שיווק בעמ,,האגיס פרידום דריי PA,Unknown,0.00,Unknown,false,1,44.90,44.90,true,1,
7290016437652,false,חיתולי האגיס פרידום דריי pants מידה 6 30 יחידות,קימברלי קלארק ישראל שיווק בעמ,,האגיס פרידום דריי PA,Unknown,0.00,Unknown,false,1,44.90,44.90,true,1,
7290016438895,false,אבקת מאקה נא אורגני 250 גרם,,,אבקת מאקה נא אורגני,גרמים,250.00,100 גרם,false,1,34.90,13.96,true,1,
7290016448399,false,"אפונה ירוקה בצנצנת 720 מ""ל",,,אפונה ירוקה בצנצנת 7,מיליליטרים,720.00,"100 מ""ל",false,1,9.90,1.38,true,1,
7290016448481,false,שימורי כבד דג שיבוט 202 גרם,,IS,שימורי כבד דג שיבוט,גרמים,220.00,100 גרם,false,1,17.70,8.05,true,1,
7290016448634,false,שפרוטים ריגה זהב בצנצנת 250 גרם,,LV,שפרוטים ריגה זהב בצנ,גרמים,250.00,100 גרם,false,1,15.90,6.36,true,1,
7290016448832,false,"קפה קר NO.1 בטעם אספרסו 250 מ""ל",,VN,קפה קר בטעם אספרסו,גרמים,250.00,100 גרם,false,1,6.90,2.76,true,1,
7290016448870,false,שפרוטים מעושנים בשמן,אודסקי קונסרברי זאבו,UA,שפרוטים 150 גרם,גרמים,150.00,100 גרם,false,1,6.90,4.60,true,1,
7290016448887,false,שפרוטים מעושנים בשמן,אודסקי קונסרברי זאבו,UA,שפרוטים 240 גרם,גרמים,240.00,100 גרם,false,1,9.40,3.92,true,1,
7290016448894,false,ביצקי ברוטב עגבניות 240 גרם,,UA,ביצקי ברוטב עגבניות,גרמים,240.00,100 גרם,false,1,6.90,2.88,true,1,
7290016505009,false,שוקולד פנדה קרם בוטנים טבעוני 100 גרם,"מדשא תעשיות מזון בע""",,שוקולד פנדה קרם בוטנ,גרמים,100.00,100 גרם,false,1,20.80,20.80,true,1,
7290016505023,false,שוקולד פנדה קרם נוגט טבעוני 100 גרם,"מדשא תעשיות מזון בע""",,שוקולד פנדה קרם נוגט,גרמים,100.00,100 גרם,false,1,20.80,20.80,true,1,
7290016505061,false,שוקולד פנדה לבן עוגיות טבעוני 100 גרם,,,שוקולד פנדה לבן עוגי,גרמים,100.00,100 גרם,false,1,20.80,20.80,true,1,
7290016509786,false,פרסיל גל לכביסה לבנה וצבעונית-ירוק 2.5 ל,גורי שיווק בעמ,,גל פרסיל ירוק 2.5 ל,ליטרים,0.00,ליטר,false,1,29.90,29.90,true,1,
7290016509823,false,ג'ל לכביסה לבנה וצבעונית בניחוח רענן,גורי שיווק בעמ,,גל פרסיל בלו 2.5 ל,ליטרים,0.00,ליטר,false,1,29.90,29.90,true,1,
7290016509847,false,פרסיל ג'ל לכביסה כהה בלאק 2.5 ליטר,גורי שיווק בעמ,,גל כביסה פרסיל בלאק,ליטרים,0.00,ליטר,false,1,29.90,29.90,true,1,
7290016513011,false,מנגו קפוא 250 גר,,,מנגו קפוא 250 גר,גרמים,250.00,100 גרם,false,1,13.90,5.56,true,1,
7290016513042,false,מיקס פירות גן קפוא 250 גר,,,אובליפיחה 250 גר,גרמים,250.00,100 גרם,false,1,15.90,6.36,true,1,
7290016513233,false,אוכמניות אדומות 250 גר,,,אוכמניות אדומות 250,גרמים,250.00,100 גרם,false,1,16.70,6.68,true,1,
7290016513240,false,אוכמניות כחולות 250 גר,,,אוכמניות כחולות 250,גרמים,250.00,100 גרם,false,1,16.70,6.68,true,1,
7290016513257,false,פטל שחור 250 גר,,,פטל שחור 250 גר,גרמים,250.00,100 גרם,false,1,16.90,6.76,true,1,
7290016513264,false,חמוציות בר 250 גר,,,חמוציות בר 250 גר,גרמים,250.00,100 גרם,false,1,17.70,7.08,true,1,
7290016513271,false,חמוציות 250 גר,,,חמוציות 250 גר,גרמים,250.00,100 גרם,false,1,10.90,4.36,true,1,
7290016513288,false,פטל אדום 250 גר,,,פטל אדום 250 גר,גרמים,250.00,100 גרם,false,1,21.90,8.76,true,1,
7290016513295,false,דומדומית אדומה 250 גר,,,דומדומית אדומה 250 ג,גרמים,250.00,100 גרם,false,1,11.40,4.56,true,1,
7290016513301,false,דומדומית שחורה 250 גר,,,דומדומית שחורה 250 ג,גרמים,250.00,100 גרם,false,1,11.40,4.56,true,1,
7290016513318,false,אוכמניות שחורות 250 גר,,,אוכמניות שחורות 250,גרמים,250.00,100 גרם,false,1,17.70,7.08,true,1,
7290016513325,false,דובדבן 250 גר,,,דובדבן 250 גר,גרמים,250.00,100 גרם,false,1,11.40,4.56,true,1,
7290016513332,false,מיקס פירות 250 גר,,,מיקס פירות 250 גר,גרמים,250.00,100 גרם,false,1,11.40,4.56,true,1,
7290016513349,false,תות שדה 250 גר,,,תות שדה 250 גר,גרמים,250.00,100 גרם,false,1,11.40,4.56,true,1,
7290016523195,false,"סטימר לאידוי עץ ""8",Fujian fuzhou tian s,,"סטימר לאידוי עץ ""8",Unknown,0.00,Unknown,false,1,37.90,37.90,true,1,
7290016564006,false,מבריקל הפלא ספוגיות להסרת כתמים קשים ושומנים 3יח,ח.כהן סוכנות מזון ומשקאות בע,,מבריק הפלא ספוג להסר,Unknown,0.00,Unknown,false,1,11.20,11.20,true,1,
7290016574012,false,ממרח פסטו עם שמן כמהין 180 גר,מוטי שף,,ממרח פסטו עם שמן כמה,גרמים,180.00,100 גרם,false,1,20.90,11.61,true,1,
7290016574265,false,ממרח ריבת בצל 250 גרם,,,ממרח ריבת בצל 250 גר,גרמים,250.00,100 גרם,false,1,20.90,8.36,true,1,
7290016574272,false,ממרח אריסה 180 גרם מ,מוטי שף,IL,ממרח אריסה 180 גר,גרמים,180.00,100 גרם,false,1,20.90,11.61,true,1,
7290016580105,false,כוס וויסקי 9 OZ ארוז,,CN,כוס וויסקי 9 OZ ארוז,Unknown,1.00,Unknown,false,1,20.90,20.90,true,1,
7290016580228,false,תבנית אפייה נייר אינ,,CN,תבנית אפיה נייר אינג,Unknown,1.00,Unknown,false,1,11.50,11.50,true,1,
7290016580433,false,תבניות רוסטר קשיחה,,CN,תבניות רוסטר קשיחה,Unknown,1.00,Unknown,false,1,10.90,10.90,true,1,
7290016580440,false,תבניות עגולות גדולות,,CN,תבניות עגולות גדולות,Unknown,1.00,Unknown,false,1,6.90,6.90,true,1,
7290016580679,false,"צלחת 7"" רויאל אר' 10 יח'",,CN,צלחת 7 רויאל 10 יח,Unknown,1.00,Unknown,false,1,15.50,15.50,true,1,
7290016580709,false,מרקיית פרח שקופה 12,,CN,מרקיית פרח שקופה 12,Unknown,1.00,Unknown,false,1,36.90,36.90,true,1,
7290016580716,false,"צלחת פרח שקופה 7."" א",,CN,צלחת פרח שקופה 7. 1,Unknown,1.00,Unknown,false,1,34.90,34.90,true,1,
7290016580723,false,"צלחת פרח שקופה 9"" אר",,CN,צלחת פרח שקופה 9 18,Unknown,1.00,Unknown,false,1,53.90,53.90,true,1,
7290016580853,false,כוס נייר קשיחה 8 OZ,,CN,כוס נייר קשיחה 8 OZ,Unknown,0.00,Unknown,false,1,14.90,14.90,true,1,
7290016580976,false,מנגל חד פעמי 550 גרם,,CN,מנגל חד פעמי 550 גרם,Unknown,1.00,Unknown,false,1,9.90,9.90,true,1,
7290016584011,false,חטיפוני גזר 350 גרם גיזרונים,קונס`-מרינה פטריות הגליל בעמ*ש,,חטיפוני גזר 350 גרם,גרמים,350.00,100 גרם,false,1,10.90,3.11,true,1,
7290016594140,false,"מחית אורגנית תפו""ע אגסים וברוקולי 120 גר",ביואיטליה,IT,"מחית אורגנית תפו""ע א",גרמים,120.00,100 גרם,false,1,6.20,5.17,true,1,
7290016594195,false,חמאת אגוזי נמר לוז וקשיו 700 גרם,,,חמאת אגוזי נמר לוז ו,גרמים,700.00,100 גרם,false,1,59.90,8.56,true,1,
7290016646078,false,טחינה אתיופית טבעונית היילה 700 גרם,,אתיופיה,טחינה אתיופית טבעוני,גרמים,700.00,100 גרם,false,1,32.90,4.70,true,1,
7290016646108,false,"היילה חלווה עם פקאן ללת""ס 400 גרם",,אתיופיה,היילה חלווה עם פקאן,גרמים,400.00,100 גרם,false,1,29.90,7.48,true,1,
7290016646115,false,"היילה חלווה עם פיסטוק ללת""ס 400 גרם",,אתיופיה,היילה חלווה עם פיסטו,גרמים,400.00,100 גרם,false,1,29.90,7.48,true,1,
7290016646122,false,"היילה חלווה בטעם של פעם ללת""ס 400 גרם",,אתיופיה,היילה חלווה בטעם של,גרמים,400.00,100 גרם,false,1,29.90,7.48,true,1,
7290016646139,false,"היילה חלווה עם שוקולד ללת""ס 400 גרם",,אתיופיה,היילה חלווה עם שוקול,גרמים,400.00,100 גרם,false,1,29.90,7.48,true,1,
7290016667080,false,חטיף צ'יפס טורטיה ברביקיו 250 גר',נאמן לאורך זמן בעמ,BE,חטיף ציפס טורטיה ברב,גרמים,250.00,100 גרם,false,1,10.90,4.36,true,1,
7290016667431,false,"טורטיה ענק 30 ס""מ 540 גרם",SINNACK,DE,"טורטיה ענק 30 ס""מ 54",גרמים,540.00,100 גרם,false,1,14.60,2.70,true,1,
7290016682038,false,"מיץ תפוזים 400 מ""ל ""פריניב""",תנובה - פריניב,,מיץ תפוזים פריניב 40,מיליליטרים,400.00,"100 מ""ל",false,1,9.90,2.48,true,1,
7290016682052,false,"מיץ לימונענע 400 מ""ל ""פריניב""",תנובה - פריניב,,מיץ לימונענע פריניב,מיליליטרים,400.00,"100 מ""ל",false,1,9.90,2.48,true,1,
7290016682083,false,"פריניב נקטר תות בננה 400 מ""ל",תנובה - פריניב,,מיץ תות בננה פריניב,מיליליטרים,400.00,"100 מ""ל",false,1,9.90,2.48,true,1,
7290016682168,false,"פריניב מיץ תפוזים ולנסיה סחוט 100% 400 מ""ל",תנובה - פריניב,,מיץ תפוזים ולנסיה פר,מיליליטרים,400.00,"100 מ""ל",false,1,10.50,2.63,true,1,
7290016682182,false,פריניב שייק תמר בננה מופחת סוכר 1 ליטר,הנסיך- מפעל לייצור ט,,שייק תמר בננה מופחת,מיליליטרים,1000.00,"100 מ""ל",false,1,18.90,1.89,true,1,
7290016682199,false,פריניב שייק תות בננה מופחת סוכר 1 ליטר,הנסיך- מפעל לייצור ט,,שייק תות בננה מופחת,מיליליטרים,1000.00,"100 מ""ל",false,1,18.90,1.89,true,1,
7290016682243,false,פריניב מיץ אשכולית אדומה סחוט 1 ליטר,תנובה - פריניב,IL,מיץ אשכולית אדומה 1,מיליליטרים,1000.00,"100 מ""ל",false,1,18.90,1.89,true,1,
7290016682250,false,מיץ תפוז גזר פרי ניב 1 ליטר,תנובה - פריניב,,מיץ תפוגזר 1 ליטר פר,מיליליטרים,1000.00,"100 מ""ל",false,1,17.20,1.72,true,1,
7290016682328,false,מיץ תפוזים 100% עשוי מרכז 2 ל' פריניב,תנובה - פריניב,,מיץ תפוזים עשוי מרכז,ליטרים,0.00,ליטר,false,1,24.90,24.90,true,1,
7290016682335,false,מיץ תפוזים סחוט 2 ליטר פרי ניב,תנובה - פריניב,,סחוט טרי תפוזים 2 לי,ליטרים,0.00,ליטר,false,1,24.90,24.90,true,1,
7290016682342,false,מיץ תפוזים וולנסיה פרי ניב 2 ליטר-,תנובה - פריניב,,מיץ תפוז וולנסיה 100,ליטרים,0.00,ליטר,false,1,24.90,24.90,true,1,
7290016682359,false,מיץ תפוזים שמוטי פרי ניב 2 ליטר-,תנובה - פריניב,,מיץ תפוז שמוטי 100%,ליטרים,0.00,ליטר,false,1,24.90,24.90,true,1,
7290016682366,false,פריניב מיץ תפוחים צלול 2 ליטר.,תנובה - פריניב,,סחוט טרי תפוח צלול 2,ליטרים,0.00,ליטר,false,1,24.90,24.90,true,1,
7290016682373,false,משקה קל לימונדה בלאדי 2 ליטר פריניב,תנובה - פריניב,,נקטר לימונדה בלדי 2,ליטרים,0.00,ליטר,false,1,25.90,25.90,true,1,
7290016682380,false,מיץ טבעי לימונדה ולואיזה פרי ניב 2 ליטר-,תנובה - פריניב,,מיץ לימונדה לואיזה פ,ליטרים,0.00,ליטר,false,1,24.90,24.90,true,1,
7290016682397,false,מיץ חמוציות פרי ניב 2 ליטר-,תנובה - פריניב,,מיץ חמוציות 2 ליטר,ליטרים,0.00,ליטר,false,1,25.90,25.90,true,1,
7290016692587,false,מרכך כביסה ירוק 1 ליטר,,,מרכך כביסה ירוק 1 לי,מיליליטרים,1000.00,"100 מ""ל",false,1,27.90,2.79,true,1,
7290016717051,false,משקה Buzz מוגז בטעם רימון מבוסס יין אדום מתוק,אגודת הכורמים -כרמל מזרחי,,יין רימון באזז יקבי,Unknown,0.00,Unknown,false,1,28.90,28.90,true,1,
7290016717631,false,יין מוסקטו בעל חוזק אלכוהול נמוך פרייבט קולקשן,אגודת הכורמים הקואופרטיב,,יין מוסקטו P.C לבן מ,Unknown,0.00,Unknown,false,1,37.90,37.90,true,1,
7290016717754,false,יין היובל ישן נושן יקבי כרמל (750 מל),אגודת הכורמים -כרמל מזרחי,,יין ישן נושן אדום,Unknown,0.00,Unknown,false,1,20.90,20.90,true,1,
7290016732672,false,מברשת שיניים הגנה מלאה סנסודיין,גלקסוס סמית קליין,,מברשת שיניים הגנה מל,Unknown,0.00,Unknown,false,1,24.90,24.90,true,1,
7290016757118,false,פלטה אובאלית 22 פרינסס,,,פלטה אובאלית 22 פרינ,קילוגרמים,0.00,"ק""ג",false,1,19.90,19.90,true,1,
7290016757514,false,מספריים לחיתוך ירקות,,,מספריים לחיתוך ירקות,Unknown,0.00,Unknown,false,1,34.90,34.90,true,1,
7290016864281,false,פלטה מרובעת ידית פלס,,,פלטה מרובעת ידית פלס,Unknown,0.00,Unknown,false,1,25.90,25.90,true,1,
7290016864724,false,סוטז נחושת 30*9 סמ 6,,,סוטז נחושת 30*9 סמ 6,Unknown,0.00,Unknown,false,1,599.00,599.00,true,1,
7290016864762,false,נחושת סוטז 38*10 סמ,,,נחושת סוטז 38*10 סמ,Unknown,0.00,Unknown,false,1,899.00,899.00,true,1,
7290016865943,false,אטריות ביצים פטוציני אוריינט 400 גרם,גורי מוצרי צריכה 1991 בעמ,,אטריות ביצים פטוציני,גרמים,400.00,100 גרם,false,1,13.90,3.48,true,1,
7290016866643,false,פרודונטקס מ.שיניים אקסטרה פרש 75 מל,פרודונטקס Parodontax,,משחת שיניים פרודנטקס,Unknown,0.00,Unknown,false,1,30.90,30.90,true,1,
7290016866650,false,"פרודונטקס - משחת שיניים אוריג'ינל 75 מ""ל",פרודונטקס Parodontax,,משחת שיניים פרודנטקס,Unknown,0.00,Unknown,false,1,30.90,30.90,true,1,
7290016866667,false,"משחת שיניים פרודונטקס ללא פלואוריד 75 מ""ל",פרודונטקס Parodontax,,משחת שיניים פרודונטק,Unknown,0.00,Unknown,false,1,30.90,30.90,true,1,
7290016866674,false,"פרודונטקס - משחת שיניים מלבינה 75 מ""ל",פרודונטקס Parodontax,,משחת שיניים פרודונטק,Unknown,0.00,Unknown,false,1,30.90,30.90,true,1,
7290016866704,false,סטייל שמפו קרטין E 750 מל לשיקום שיער יב,גורי ע.ע.ע בעמ,,שמפו קרטין E סטייל 7,מיליליטרים,750.00,"100 מ""ל",false,1,34.90,4.65,true,1,
7290016866711,false,"סטייל מרכך לשיער קרטין פלוס לאחר החלקה, 750 מ""ל",גורי ע.ע.ע בעמ,,מרכך קרטין E סטייל 7,מיליליטרים,750.00,"100 מ""ל",false,1,34.90,4.65,true,1,
7290016866735,false,סטייל קרם לחות קרטין E 400 מל לשיקום שיע,א.ל. ארמן,,קרם לחות קרטין E סטי,מיליליטרים,400.00,"100 מ""ל",false,1,39.90,9.98,true,1,
7290016882407,false,מחית חציל קלוי על האש 560 גר`,קונסיגנציה-דין שיווק וקליה 202,,מחית חצילים קלויים 5,גרמים,510.00,100 גרם,false,1,12.50,2.45,true,1,
7290016912616,false,סרקל שמפו לילדים לשיער בהיר - בלונדיני,פישר תעשיות פרמבצטיות בעמ,,שמפו בלונד סרקל 1 לי,מיליליטרים,1000.00,"100 מ""ל",false,1,29.90,2.99,true,1,
7290016945034,false,עגבניה מגי,,,עגבניה מגי,Unknown,0.00,"ק""ג",true,0,14.90,14.90,true,1,
7290016953749,false,"שמפו אורגני קינואה 500 מ""ל",,,שמפו אורגני קינואה 5,מיליליטרים,500.00,"100 מ""ל",false,1,41.90,8.38,true,1,
7290016995008,false,פופקורן אורגני 500 גרם,תבואות,,פופקורן אורגני 500 ג,גרמים,500.00,100 גרם,false,1,10.90,2.18,true,1,
7290016995251,false,מלח הימליה דק במלחייה250,תבואות,,מלח הימלאיה דק 250 ג,גרמים,250.00,100 גרם,false,1,9.90,3.96,true,1,
7290016995305,false,פסטה טריקולור אורגנית 500 גרם,,IT,פסטה טריקולור אורגני,גרמים,500.00,100 גרם,false,1,9.90,1.98,true,1,
7290016995435,false,"חומץ בלסמי אורגני 500 מ""ל",,,חומץ בלסמי אורגני 50,מיליליטרים,500.00,"100 מ""ל",false,1,21.90,4.38,true,1,
7290016995466,false,סירופ אגבה כחולה אורגני 330 מל,שקד תבור,MX,אגבה כחולה אורגני 33,גרמים,330.00,100 גרם,false,1,15.90,4.82,true,1,
7290016995480,false,ניוקי כוסמין מלא אורגני 500 גרם,תבואות,,ניוקי כוסמין מלא אור,גרמים,500.00,100 גרם,false,1,19.90,3.98,true,1,
7290016995701,false,מחית בננה תפוח אורגני 100 גרם,תבואות,,מחית בננה תפוח אורגנ,גרמים,100.00,100 גרם,false,1,4.90,4.90,true,1,
7290016995718,false,מחית אגס ותפוח אורגני 100 גרם,תבואות,,מחית אגס ותפוח אורגנ,גרמים,100.00,100 גרם,false,1,4.90,4.90,true,1,
7290016995725,false,מחית מנגו תפוח אפרסק אורגני 100 גרם,תבואות,,מחית מנגו תפוח אפרסק,גרמים,100.00,100 גרם,false,1,4.90,4.90,true,1,
7290016995930,false,אבקת קקאו אורגנית 200 גרם,תבואות,,אבקת קקאו אורגנית 20,גרמים,200.00,100 גרם,false,1,18.90,9.45,true,1,
7290016995985,false,אבקת פסיליום אורגני 300 גרם,תבואות,,אבקת פסיליום אורגני,גרמים,300.00,100 גרם,false,1,39.90,13.30,true,1,
7290017000787,false,"יין בלאן דה קסטל 2020 750 מ""ל",יקב קסטל,,יין בלאן דה קסטל 202,Unknown,0.00,Unknown,false,1,169.90,169.90,true,1,
7290017023182,false,"שוופס מוגז פירות תפוח פחית 330 מ""ל",יפאורה שותפות מוגבלת לשיווק,,שוופס מוגז פירות,מיליליטרים,330.00,"100 מ""ל",false,1,4.50,1.36,true,1,
7290017023199,false,מוגז פירות 330 מל סליק תות ליים שוופס.,יפאורה שותפות מוגבלת לשיווק,,שוופס מוגז פירות תות,מיליליטרים,330.00,"100 מ""ל",false,1,4.50,1.36,true,1,
7290017023212,false,"שוויפס מוגז פירות תפוח מארז רביעייה* 330 מ""ל",יפאורה שותפות מוגבלת לשיווק,,רביעיית שוופס מוגז פ,מיליליטרים,1320.00,"100 מ""ל",false,1,16.70,1.27,true,1,
7290017023229,false,רביעיית פחיות שוופס מוגז פירות תות ליים 330 מל.,יפאורה שותפות מוגבלת לשיווק,,שוופס מוגז פירות תות,מיליליטרים,1320.00,"100 מ""ל",false,1,16.70,1.27,true,1,
7290017023236,false,רביעיית פחיות שוופס מוגז פירות ענבים 330 מל.,יפאורה שותפות מוגבלת לשיווק,,רביעיית שוופס מוגז פ,מיליליטרים,1320.00,"100 מ""ל",false,1,16.70,1.27,true,1,
7290017023526,false,שוופס מוגז פירות תפוחים ללא סוכר 330 מל,שוופס Schweppes,,FRUITS שוופס תפוח,מיליליטרים,330.00,"100 מ""ל",false,1,5.70,1.73,true,1,
7290017023663,false,"שוופס מיץ פירות לימונייד פחית מארז 330X4מ""ל",יפאורה שותפות מוגבלת לשיווק,,רביעיית שוופס מוגז ל,מיליליטרים,1320.00,"100 מ""ל",false,1,16.70,1.27,true,1,
7290017023854,false,מי סודה בקבוקים אישיים - מארז 4 יח',יפאורה שותפות מוגבלת לשיווק,,"שוופס סודה 250 מ""ל ר",מיליליטרים,1000.00,"100 מ""ל",false,1,14.90,1.49,true,1,
7290017023878,false,סודה בטעם נענע ליים בקבוקים אישיים - מארז 4 יח',יפאורה שותפות מוגבלת לשיווק,,שוופס סודה נענע ליים,מיליליטרים,1000.00,"100 מ""ל",false,1,14.90,1.49,true,1,
7290017031156,false,דפים על בסיס קמח תירס ואורז ללא גלוטן 250 גר',גורי מוצרי צריכה 1991 בעמ,IT,דפי לזניה ללא גלוטן,גרמים,250.00,100 גרם,false,1,13.90,5.56,true,1,
7290017031170,false,פתיתים על בסיס קמח עדשים אדומות בצורת פוזילי ללא גלוטן 250 גר',גורי מוצרי צריכה בעמ,IT,פתיתים על בסיס עדשים,גרמים,250.00,100 גרם,false,1,14.90,5.96,true,1,
7290017031255,false,חטיף דגנים ואורז עם פירות יבשים בוטנים ושקדים ללא גלוטן 140 ג',אמקו,CZ,חטיף דגנים ואורז עם,גרמים,140.00,100 גרם,false,1,12.90,9.21,true,1,
7290017031286,false,G FREE חטיפי דגנים ואורז בתוספת שוקולד מריר ללא גלוטן 140 גרם,אמקו,CZ,חטיף דגנים אורז עם ש,גרמים,140.00,100 גרם,false,1,12.90,9.21,true,1,
7290017031477,false,"סנסודיין משחת שיניים רפיד רליף להלבנה 75 מ""ל","סמיתקליין ביצ'ם בע""מ",GB,משחת שיניים סנסודיין,מיליליטרים,75.00,"100 מ""ל",false,1,28.50,38.00,true,1,
7290017031705,false,משחת שיניים סנסודיין הגנה מלאה רגיל,גלקסוס סמית קליין,IE,משחת שיניים סנסודיין,Unknown,0.00,Unknown,false,1,22.90,22.90,true,1,
7290017031811,false,פרודונטקס מברשת שיניים אקסטרא סופט א.זוג,גלקסוסמיתקליין,CN,מברשות שיניים פרודונ,Unknown,0.00,Unknown,false,1,27.90,27.90,true,1,
7290017031859,false,"פרודונטקס - משחת שיניים אולטרא קלין 75 מ""ל","מאסטרפוד אוסטריה בע""מ",GB,משחת שיניים פרודונטק,Unknown,0.00,Unknown,false,1,30.90,30.90,true,1,
7290017031927,false,שמפו סטיייל האמפ 750 מל,א.ל.ארמן ייצור תמרוקים ב,IL,"שמפו סטייל 750 מ""ל H",מיליליטרים,750.00,"100 מ""ל",false,1,24.90,3.32,true,1,
7290017058009,false,שימורי אנשובי עם צלפים 45 ג' תומר,,,אנשובי עם צלפים 45 ג,Unknown,0.00,Unknown,false,1,6.90,6.90,true,1,
7290017058016,false,אנשובי בצנצנת עם צלפים 100 גרם,Inversiones prisco s,,אנשובי בצנצנת עם צלפ,גרמים,100.00,100 גרם,false,1,11.60,11.60,true,1,
7290017058092,false,שיבולת שועל שלמה 600 גר גוד מורנינג,,,שיבולת שועל שלמה 600,גרמים,600.00,100 גרם,false,1,7.90,1.32,true,1,
7290017058139,false,רביעיית מחית תפוח עץ ותות שדה תומר 113 גרם,תומר יבוא ושיווק מוצרי מזון (1,,רסק תפוח עץ עם תות ש,גרמים,452.00,100 גרם,false,1,13.50,2.99,true,1,
7290017058177,false,אנשובי בצנצנת עם צילי חריף 100 גרם,,,אנשובי בצנצנת עם ציל,גרמים,100.00,100 גרם,false,1,12.50,12.50,true,1,
7290017058511,false,ממרח זיתים שחורים יווני,תומר,,ממרח זיתים שחורים 20,גרמים,200.00,100 גרם,false,1,13.90,6.95,true,1,
7290017058528,false,ממרח זיתים ירוקים יווני,תומר,,ממרח זיתים ירוקים 20,גרמים,200.00,100 גרם,false,1,13.90,6.95,true,1,
7290017058535,false,ממרח זיתי קלמטה 215 גרם,תומר,,ממרח זיתי קלמטה 200,גרמים,200.00,100 גרם,false,1,13.90,6.95,true,1,
7290017058573,false,פרוסות פלפל חלפיניו בחומץ 340 גרם תומר,תומר יבוא ושיווק מוצרי מזון (1,,פרוסות פלפל חלפיניו,גרמים,340.00,100 גרם,false,1,9.90,2.91,true,1,
7290017058795,false,תירס גמדי שלם במי מלח בצנצנת 340 גרם,אינדיה אגרו אקספורט,,תירס גמדי שלם במי מל,גרמים,340.00,100 גרם,false,1,7.90,2.32,true,1,
7290017062662,false,מרכך מרוכז מרוכז כתום 1 5 ליטר טא'צ,סאסאטק אגשח בעמ,,מרכך כביסה מרוכז כתו,Unknown,0.00,Unknown,false,12,11.90,11.90,true,1,
7290017062679,false,מרכך כביסה מרוכז צהוב 1 5 Xל טאצ,סאסאטק אגשח בעמ,,מרכך כביסה מרוכז צהו,Unknown,0.00,Unknown,false,12,11.90,11.90,true,1,
7290017062693,false,מרכך כביסה מרוכז לבן 1*5 ליטר טאצ,סאסאטק אגשח בעמ,,מרכך כביסה מרוכז לבן,Unknown,0.00,Unknown,false,12,11.90,11.90,true,1,
7290017062723,false,מרכך כביסה מרוכז ירוק 1*5 ליטר טאצ,סאסאטק אגשח בעמ,,מרכך כביסה מרוכז ירו,Unknown,0.00,Unknown,false,12,11.90,11.90,true,1,
7290017062730,false,"נוזל כלים לבנדר 36% 750 מ""ל טא'צ+משאבה",סאסאטק אגשח בעמ,,נוזל כלים לבנדר 36%,Unknown,0.00,Unknown,false,1,9.90,9.90,true,1,
7290017062754,false,נוזל כלים לימון (36% 750 מל)+משאבה טא,סאסאטק אגשח בעמ,,נוזל כלים לימון 36%,Unknown,0.00,Unknown,false,1,9.90,9.90,true,1,
7290017065007,false,פרוסות גבינה מוצרלה חצי קשה 22% שומן 200 ג' גד,מחלבות גד שיווק 1992 בעמ,,פרוסות מוצרלה גד 200,גרמים,200.00,100 גרם,false,1,18.50,9.25,true,1,
7290017065137,false,ריקוטה למריחה 5% טבעית 200 גר`מחלבות גד,מחלבות גד שיווק 1992 בעמ,,ריקוטה למריחה 5% טבע,גרמים,200.00,100 גרם,false,1,10.10,5.05,true,1,
7290017065144,false,ריקוטה למריחה בתוספת בזיליקום 5% גד 200 גם,מחלבות גד שיווק 1992 בעמ,,ריקוטה למריחה 5% בזי,גרמים,200.00,100 גרם,false,1,10.10,5.05,true,1,
7290017065168,false,גבינה כחולה denish blue cheese 100 גרם,מחלבות גד שיווק 1992 בעמ,,גבינה כחולה 100 גר,גרמים,100.00,100 גרם,false,1,18.80,18.80,true,1,
7290017065175,false,גבינת מנצ`גו פרוסה 150 גר`מחלבות גד,מחלבות גד שיווק 1992 בעמ,,גבינה מנצגו פרוסה 15,גרמים,150.00,100 גרם,false,1,23.90,15.93,true,1,
7290017065212,false,גבינת קרם מסקרפונה מחלבות גד 250 גר,מחלבות גד שיווק 1992 בעמ,,קרם מסקרפונה 250 גר,גרמים,250.00,100 גרם,false,1,17.60,7.04,true,1,
7290017065236,false,גבינה בולגרית מעודנת 24% גד (250 גרם),מחלבות גד שיווק 1992 בעמ,,גבינה בולגרית מעודנת,גרמים,250.00,100 גרם,false,1,22.60,9.04,true,1,
7290017065311,false,פרוסות גבינה מוצרלה מעושנת 200 ג',מחלבות גד שיווק 1992 בעמ,,פרוסות מוצרלה מעושנת,גרמים,200.00,100 גרם,false,1,18.50,9.25,true,1,
7290017065434,false,גבינה גאודה פרוסה הולנדית 200 גר',מחלבות גד שיווק 1992 בעמ,IL,פרוסות גאודה בקר 200,גרמים,200.00,100 גרם,false,1,21.90,10.95,true,1,
7290017065441,false,גבינה גאודה עיזים פרוסה הולנדית 200 גר',מחלבות גד שיווק 1992 בעמ,IL,פרוסות גאודה עיזים 2,גרמים,200.00,100 גרם,false,1,33.90,16.95,true,1,
7290017065526,false,קוואטרו פורמאג'י 4 גבינות מגוררות 26%,מחלבות גד שיווק 1992 בעמ,IL,גבינה קוואטרו פורמאג,גרמים,300.00,100 גרם,false,1,29.90,9.97,true,1,
7290017065588,false,יוגורט יווני 600 גר`מחלבות גד,מחלבות גד שיווק 1992 בעמ,IL,יוגורט יווני 10% 600,גרמים,600.00,100 גרם,false,1,15.90,2.65,true,1,
7290017065618,false,גבינת פקורינו פרוס גד 150 גרם,מחלבות גד שיווק 1992 בעמ,ES,פקורינו פרוס 150 גר,גרמים,150.00,100 גרם,false,1,21.60,14.40,true,1,
7290017065649,false,קרם פטיסייר 250 גרם גד,מחלבות גד שיווק 1992 בעמ,IL,קרם פטיסייר 250 גר,גרמים,250.00,100 גרם,false,1,19.90,7.96,true,1,
7290017065663,false,גבינת פטה עיזים מעודנת 16% גד 200 גרם,מחלבות גד שיווק 1992 בעמ,,פטה עיזים מעודנת 16%,גרמים,250.00,100 גרם,false,1,30.90,12.36,true,1,
7290017065731,false,גבינת שמנת 30% ניו יורק +כמהין 200 גרם רבנות,מחלבות גד שיווק 1992 בעמ,IL,גבינת שמנת עם כמהין,גרמים,200.00,100 גרם,false,1,12.90,6.45,true,1,
7290017065762,false,גבינת מאנורי 30% שומן 100 גר`מחלבות גד,מחלבות גד שיווק 1992 בעמ,IL,גבינת מאנורי 100 גרם,גרמים,100.00,100 גרם,false,1,10.90,10.90,true,1,
7290017065786,false,גבינה אנגלית קשה צ`דר 210 גר`גד,מחלבות גד שיווק 1992 בעמ,,צדר 210 גרם,גרמים,210.00,100 גרם,false,1,22.90,10.90,true,1,
7290017086064,false,כדורי פלאפל פיקנטי קציצות טבעוני 400 גרם,פיס אוף בין Peas of Bean,IL,כדורי פלאפל פיקנטי ק,גרמים,400.00,100 גרם,false,1,22.90,5.73,true,1,
7290017088075,false,בייביסיטר - חיתולי סטנדרט מידה 4+ - 40 יח',די.פי.אל תעשיות מוצרים ח,,חיתולי בייביסיטר סטנ,Unknown,0.00,Unknown,false,1,37.90,37.90,true,1,
7290017088082,false,בייביסיטר - חיתולי סטנדרט מידה 5 - 36 יח',די.פי.אל תעשיות מוצרים ח,,חיתולי בייביסיטר סטנ,Unknown,0.00,Unknown,false,1,37.90,37.90,true,1,
7290017088112,false,חיתולי בייביסיטר נוחות מידה 4 36 יח',די.פי.אל תעשיות מוצר,IL,חיתולי בייביסיטר נוח,Unknown,0.00,Unknown,false,1,29.90,29.90,true,1,
7290017088327,false,רבעיית מגבונים בייביסיטר אקסטרא סופט ללא בישום 64 יחידות,די.פי.אל בעמ,IL,מגבוני בייביסיטר ext,יחידה,1.00,יחידה,false,1,16.90,16.90,true,1,
7290017088693,false,קוויק מטליות לחות לניקוי וחיטוי רצפות ניחוח לוונדר 10 יחידות,שקד תבל בעמ,IL,מטליות לחות קוויק לנ,יחידה,1.00,יחידה,false,1,11.90,11.90,true,1,
7290017100395,false,"כפפות לטקס 100 יחי' S כשלפ עד""ח פרפקט",ח.כהן סוכנות מזון ומשקאות בע,,S כפפות פנדה לטקס פר,יחידה,1.00,יחידה,false,1,41.90,41.90,true,1,
7290017100401,false,"כפפות לטקס 100 יחי' M כשלפ עד""ח פרפקט",ח.כהן סוכנות מזון ומשקאות בע,,M כפפות פנדה לטקס פר,יחידה,1.00,יחידה,false,1,41.90,41.90,true,1,
7290017100418,false,"כפפות לטקס 100 יחי' L כשלפ עד""ח פרפקט",ח.כהן סוכנות מזון ומשקאות בע,,L כפפות פנדה לטקס פר,יחידה,1.00,יחידה,false,1,41.90,41.90,true,1,
7290017104034,false,לזניה טבעונית אותנטבעי 300 גרם,,,לזניה טבעונית אותנטב,גרמים,300.00,100 גרם,false,1,24.90,8.30,true,1,
7290017104065,false,סייטן ברוטב חמוץ מתוק אותנטבעי 350 גרם,,,סייטן ברוטב חמוץ מתו,גרמים,350.00,100 גרם,false,1,28.90,8.26,true,1,
7290017104072,false,עוגה בנוסח גבינה אותנטבעי 300 גרם,,,עוגה בנוסח גבינה אות,גרמים,300.00,100 גרם,false,1,24.90,8.30,true,1,
7290017104119,false,סייטן בנוסח שניצלים אותנטבעי 350 גרם,,,סייטן בנוסח שניצלים,גרמים,350.00,100 גרם,false,1,28.90,8.26,true,1,
7290017105048,false,שלישיית טבעות זיתים זיתים יכין 200 גרם,זנלכל בעמ,,שלישייה שימורי טבעות,גרמים,200.00,100 גרם,false,1,15.90,7.95,true,1,
7290017105062,false,גרגירי חומוס שלם יכין הקטניה הטובה 200 ג,היינץ צפון אמריקה מק,IL,גרגירי חומוס שלם יכי,גרמים,200.00,100 גרם,false,1,4.50,2.25,true,1,
7290017105079,false,שעועית לבנה ברוטב עגבניות יכין הקטניה הט,היינץ צפון אמריקה מק,,שימורי יכין שעועית א,גרמים,200.00,100 גרם,false,1,4.50,2.25,true,1,
7290017105086,false,שימורי יכין שעועית צילי 200 גר,"זנלכל בע""\מ",,שימורי יכין שעועית צ,גרמים,200.00,100 גרם,false,1,4.50,2.25,true,1,
7290017105116,false,תורמוס הקטניה הטובה יכין 200/105 גרם,"זנלכל בע""\מ",,שימורי יכין תורמוס 2,גרמים,200.00,100 גרם,false,1,4.50,2.25,true,1,
7290017105123,false,פול מצרי הקטניה הטובה יכין 200/105 גרם,היינץ צפון אמריקה מק,IL,שימורי פול יכין הקטנ,גרמים,200.00,100 גרם,false,1,4.50,2.25,true,1,
7290017105468,false,מארז שלישייה אפונה קטנה יכין 3*200 גר,קשקמט קונסרב הונגריה,IL,מארז שלישייה אפונה ק,גרמים,600.00,100 גרם,false,1,14.90,2.48,true,1,
7290017105550,false,רביעיית רסק עגבניות 100% יכין 4X100 גרם,היינץ צפון אמריקה מק,IL,מאגדת רסק 100% עגבני,גרמים,400.00,100 גרם,false,1,11.80,2.95,true,1,
7290017105895,false,גרגרי חומוס להכנת חומוס משובח יכין 560 ג,זנלכל בעמ,IL,גרגירי חומוס מסעדות,Unknown,550.00,Unknown,false,1,8.90,0.02,true,1,
7290017106069,false,"קוביות סלק יכין, 550 גרם",היינץ צפון אמריקה מק,IL,קוביות סלק יכין 550,גרמים,550.00,100 גרם,false,1,9.90,1.80,true,1,
7290017117782,false,סט 2 מאגים מוטבע,,,סט 2 מאגים מוטבע,קילוגרמים,0.00,"ק""ג",false,1,39.90,39.90,true,1,
7290017118925,false,מאג פורצלן לבן אפור,,,מאג פורצלן לבן אפור,Unknown,0.00,Unknown,false,1,13.90,13.90,true,1,
7290017118932,false,מאג פורצלן לבן טורקי,,,מאג פורצלן לבן טורקי,Unknown,0.00,Unknown,false,1,13.90,13.90,true,1,
7290017118987,false,"קערת נירוסטה 15 ס""מ 0.75 ל 6/12EURO",,,קערת נירוסטה 15סמ 0.,Unknown,0.00,Unknown,false,1,19.90,19.90,true,1,
7290017121048,false,"פלפל צ'ומה 250 גרם ""עללחם""",שטראוס גרופ בעמ/מצונן,,פלפל צומה 250 גרם,גרמים,250.00,100 גרם,false,1,17.70,7.08,true,1,
7290017121093,false,"אריסה חריפה 250 גרם ""עללחם""","מדשא תעשיות מזון בע""\מ",,מצונן אריסה חריפה,גרמים,250.00,100 גרם,false,1,17.70,7.08,true,1,
7290017141176,false,"וודקה עם חמוציות אוק אנד אש 330 מ""ל",,IL,וודקה עם חמוציות אוק,מיליליטרים,330.00,"100 מ""ל",false,1,14.90,4.52,true,1,
7290017142111,false,פתיתי טונה בשמן זית טו גו עץ הזית 85 גרם,"יוניקורד ח.צ בע""מ",TH,פתיתי טונה בשמן זית,גרמים,85.00,100 גרם,false,1,9.90,11.65,true,1,
7290017142159,false,"שלישיית נתחי טונה בהירה בשמן זית 80 גרם ""עץ הזית""",הנסיך- מפעל לייצור ט,,שלישיה טונה בשמן זית,גרמים,240.00,100 גרם,false,1,20.90,8.71,true,1,
7290017142234,false,"פתיתי טונה בהירה בשמן זית מעושן ""עץ הזית""","יוניקורד ח.צ בע""מ",TH,פתיתי טונה בשמן זית,גרמים,85.00,100 גרם,false,1,9.90,11.65,true,1,
7290017142364,false,"שמן דלעת לא מזוכך 250 מ""ל עץ-הזית",סוגת תעשיות בעמ,SI,שמן דלעת לא מזוכך עץ,מיליליטרים,250.00,"100 מ""ל",false,1,41.90,16.76,true,1,
7290017142371,false,"שמן שומשום לא מזוכך עץ הזית 250 מ""ל",סוגת תעשיות בעמ,SI,שמן שומשום עץ הזית 2,מיליליטרים,250.00,"100 מ""ל",false,1,31.50,12.60,true,1,
7290017142388,false,שמן חמניות פלוס 1 ליטר אומגה 3 עץ הזית,סוגת תעשיות בעמ,IL,שמן חמניות פלוס אומג,ליטרים,0.00,ליטר,false,1,14.90,14.90,true,1,
7290017142395,false,"LUNCH TO GO פסטה עם טונה בשמן זית 160 גרם ""עץ הזית""",יוניקורד ח.צ בעמ,TH,טונה עם פסטה בשמן זי,גרמים,160.00,100 גרם,false,1,13.90,8.69,true,1,
7290017142487,false,"LUNCH TO GO בורגול עם חומוס טונה בשמן זית 160 גרם ""עץ הזית""",יוניקורד ח.צ בעמ,TH,בורגול עם גרגירי חומ,גרמים,160.00,100 גרם,false,1,13.90,8.69,true,1,
7290017177823,false,מגש הגשה מפלסטיק כחו,,,מגש הגשה מפלסטיק כחו,Unknown,0.00,Unknown,false,1,15.00,15.00,true,1,
7290017180588,false,ריבת בצל יין אדום וסויה 250 גרם,,IL,ריבת בצל יין אדום וס,גרמים,250.00,100 גרם,false,1,18.90,7.56,true,1,
7290017189543,false,"עוגיות כוסמין מלא גרנולה ללת""ס 250 גר",מפעלי דגן,IL,עוגיות כוסמין מלא גר,גרמים,250.00,100 גרם,false,1,17.90,7.16,true,1,
7290017189550,false,"עוגיות כוסמין מלא טחינה ללת""ס 250 גר",מפעלי דגן,IL,עוגיות כוסמין מלא טח,גרמים,250.00,100 גרם,false,1,17.90,7.16,true,1,
7290017197043,false,אל סבון la belle קלאסיק מרענן כחול 1 ל,פארמה דיל (פ.א.ב.) שיווק והפצה,,אל סבון la belle קלא,מיליליטרים,1000.00,"100 מ""ל",false,1,11.80,1.18,true,1,
7290017217598,false,גלילי עץ אקולוגיים להדלקת פחם 300 ג' EASY LIGHT,אינטרסן (1996) בעמ,,גלילי עץ אקולוגיים ל,גרמים,300.00,100 גרם,false,1,14.90,4.97,true,1,
7290017217918,false,"מדליק פחם נוזלי 500מ""ל פקק ביטחון",אינטרסן (1996) בעמ,NL,מדליק פחם נוזלי איזי,מיליליטרים,500.00,"100 מ""ל",false,1,19.90,3.98,true,1,
7290017218144,false,מולטי לגבר דו שכבתי עם פרוביוטיק 30 כמ,,,מולטי לגבר דו שכבתי,Unknown,0.00,Unknown,false,1,59.90,59.90,true,1,
7290017218168,false,פרוביוטיק פייבר 155 גרם,אלטמן,,FIBER פרוביוטיק 155,גרמים,155.00,100 גרם,false,1,48.90,31.55,true,1,
7290017218175,false,מולטי ויטמין לנשים 45 כמוסות,,,מולטי ויטמין לנשים 4,Unknown,0.00,Unknown,false,1,69.90,69.90,true,1,
7290017218366,false,אלטמן - ויטמין D-1000 כמוסות רכות 100 יח',,,ויטמין D 1000 100 כמ,Unknown,0.00,Unknown,false,1,40.90,40.90,true,1,
7290017253084,false,מגבונים לחים פרשיס דיספנסר 72 יח',,IL,מגבונים לחים פרשיס ד,Unknown,0.00,Unknown,false,1,5.90,5.90,true,1,
7290017266060,false,וופל קראנצ`מילוי קרם בטעם שוקולד 175 גר,ח.כהן סוכנות מזון ומשקאות בע,,וופל קראנצ,גרמים,175.00,100 גרם,false,1,7.90,4.51,true,1,
7290017266312,false,וופל מילוי קרם בטעם שוקולד 150 גרם,ח.כהן סוכנות מזון ומשקאות בע,,וופל מילוי קרם בטעם,גרמים,150.00,100 גרם,false,1,3.00,2.00,true,1,
7290017266503,false,"גלילי וופל במילוי קרם שוקולד לל""ס 100 גר' עלמה",גילרו,IL,גלילי וופל עם קרם בט,גרמים,100.00,100 גרם,false,1,7.90,7.90,true,1,
7290017289410,false,יין ESSENCE מרלו 2017 750 מל,יקב טפרברג 1870,,יין ESSENCE מרלו 201,Unknown,0.00,Unknown,false,1,135.90,135.90,true,1,
7290017289427,false,יין קברנה סוביניון 2017 750 מל,יקב טפרברג 1870,,יין קברנה סוביניון 2,Unknown,0.00,Unknown,false,1,135.90,135.90,true,1,
7290017289472,false,"יו ג'ין 700 מ""ל",,FR,"יו גין 700 מ""ל",מיליליטרים,700.00,"100 מ""ל",false,1,159.90,22.84,true,1,
7290017289625,false,מארז 150 שנה זוג IMPRESSION + גביעים,,IL,מארז זוג וגביעים IMP,Unknown,0.00,Unknown,false,1,119.90,119.90,true,1,
7290017289779,false,INSPIRE DEVOTAGE מלבק מרסלן 2019 750 מל,יקב טפרברג 1870,,INSPIRE DEVOTAGE מלב,Unknown,0.00,Unknown,false,1,83.90,83.90,true,1,
7290017289793,false,INSPIRE INTEGRITAGE גראנש סירה 19 750 מל,יקב טפרברג 1870,,INSPIRE INTEGRITAGE,Unknown,0.00,Unknown,false,1,83.90,83.90,true,1,
7290017310428,false,"שמן אתרי תפוז 10 מ""ל",,,"שמן אתרי תפוז 10 מ""ל",מיליליטרים,10.00,"100 מ""ל",false,1,24.90,249.00,true,1,
7290017320755,false,גאז סט סכום 24 חל. באריזת מגנט 1/4,,,גאז סט סכום 24 חלק 1,Unknown,0.00,Unknown,false,1,329.00,329.00,true,1,
7290017321080,false,מלחייה פרמזן/תבלינים,,,מלחייה פרמזן/תבלינים,Unknown,0.00,Unknown,false,1,6.90,6.90,true,1,
7290017321608,false,מלחיה מכסה אלומיניום,,,מלחיה מכסה אלומיניום,Unknown,0.00,Unknown,false,1,5.90,5.90,true,1,
7290017321851,false,דלי נירוסטה לקרח פסי,,,דלי נירוסטה לקרח פסי,Unknown,0.00,Unknown,false,1,129.00,129.00,true,1,
7290017325323,false,"מיקס כוסמת, אורז מלא ואורז אדום אורגני 250 גר' הרדוף",לה בונטה,IT,מיקס כוסמת אורז מלא/,גרמים,250.00,100 גרם,false,1,14.90,5.96,true,1,
7290017325330,false,מיקס דגנים ועדשים אורגני 250ג הרדוף,לה בונטה,IT,מיקס דגנים ועדשים או,גרמים,250.00,100 גרם,false,1,14.90,5.96,true,1,
7290017325378,false,מיקס בורגול דוחן ואורז אדום אורגני 250 ג,לה בונטה,IT,מיקס בורגול דוחן ואו,גרמים,250.00,100 גרם,false,1,14.90,5.96,true,1,
7290017325422,false,פריכיות דקות אורז מלא אורגני 100 גרם,פרח תעשיות מזון,,פריכיות דקות אורז מל,גרמים,100.00,100 גרם,false,1,13.90,13.90,true,1,
7290017325453,false,משקה שקדים אורגני 1 ליטר הרדוף – ללא תוספת סוכר ללא גלוטן,ליקואטס,,"משקה שקדים ללת""ס לל""",מיליליטרים,1000.00,"100 מ""ל",false,1,15.60,1.56,true,1,
7290017325514,false,שזיפים מיובשים אורגניים הרדוף 200 גרם,,BG,שזיפים מיובשים אורגנ,גרמים,200.00,100 גרם,false,1,23.90,11.95,true,1,
7290017325521,false,דובדבנים מיובשים אורגניים הרדוף 200 גרם,,BG,דובדבנים מיובשים אור,גרמים,200.00,100 גרם,false,1,23.90,11.95,true,1,
7290017325538,false,תערובת פירות קפואים אורגני 250 גרם,,PL,תערובת פירות קפואים,גרמים,250.00,100 גרם,false,1,21.90,8.76,true,1,
7290017325552,false,תות שדה קפוא אורגני 300 גרם,,PL,תות שדה קפוא אורגני,גרמים,250.00,100 גרם,false,1,21.90,8.76,true,1,
7290017325613,false,משקה שיבולת שועל אורגני 1 ליטר הרדוף,סוי מג'יק,ES,משקה שיבולת שועל אור,מיליליטרים,1000.00,"100 מ""ל",false,1,11.90,1.19,true,1,
7290017325620,false,"משקה אורז בתוספת שקדים אורגני הרדוף לל""ג 1 ליטר",ליקואטס,ES,משקה אורז בתוספת שקד,מיליליטרים,1000.00,"100 מ""ל",false,1,11.90,1.19,true,1,
7290017325682,false,פריכיות כוסמת אורגני הרדוף 160 גרם,פרח תעשיות מזון,IL,פריכיות כוסמת אורגני,גרמים,160.00,100 גרם,false,1,12.90,8.06,true,1,
7290017325774,false,ספגטי מחיטת כוסמין אמר אורגני 400 גרם הרדוף,פסטיפיסוי פליצ'טי,,ספגטי חיטת כוסמין אמ,גרמים,400.00,100 גרם,false,1,19.90,4.98,true,1,
7290017325798,false,"קוואקר לל""ג אורגני הרדוף 500 גרם",אול אורגני,,"קוואקר לל""ג אורגני ה",גרמים,500.00,100 גרם,false,1,17.90,3.58,true,1,
7290017325842,false,פריכיות אורז מלא אורגני הרדוף 110 גרם,פרח תעשיות מזון,,פריכיות אורז מלא אור,גרמים,110.00,100 גרם,false,1,9.90,9.00,true,1,
7290017325866,false,"דפי אורז לבן לל""ג אורגני הרדוף 200 גרם","בטר אנד דיפרנט בע""מ",VN,"דפי אורז לבן לל""ג או",גרמים,200.00,100 גרם,false,1,18.90,9.45,true,1,
7290017325873,false,קרקר מקמח שיפון מלא אורגני 125גר הרדוף,"ל.ב. סחר ושיווק בע""\מ",IL,קרקר מקמח שיפון מלא,גרמים,125.00,100 גרם,false,1,18.90,15.12,true,1,
7290017325903,false,קרקר מקמח כוסמין מלא אורגני 125 גרם,"ל.ב סחר ושיווק בע""\מ",IL,קרקר מקמח כוסמין מלא,גרמים,125.00,100 גרם,false,1,18.90,15.12,true,1,
7290017325910,false,"קורנפלקס ללת""ס אורגני הרדוף 375 גר",לאמרי,IT,"קורנפלקס ללת""ס אורגנ",גרמים,375.00,100 גרם,false,1,19.90,5.31,true,1,
7290017325941,false,טחינה אורגנית הרדוף 450 גר,אחדות,,טחינה אורגנית הרדוף,גרמים,450.00,100 גרם,false,1,17.90,3.98,true,1,
7290017325989,false,פסיליום קליפות אורגני 250 גרם,,IL,פסיליום קליפות אורגנ,גרמים,250.00,100 גרם,false,1,34.90,13.96,true,1,
7290017386041,false,חמאת בוטנים קלאסית כרם - 510 גר,"רופארל פודס בע""מ",IN,חמאת בוטנים קלאסית כ,גרמים,510.00,100 גרם,false,0,12.90,2.53,true,1,
7290017386058,false,רוטב עגבניות אורגניות מרוסקות - 700 גרם,terre di sangiorgio,IT,רוטב עגבניות,גרמים,700.00,100 גרם,false,1,11.90,1.70,true,1,
7290017386126,false,"קמח כוסמין 70% כרם 1 ק""ג",עץ השדה,IL,קמח כוסמין 70% כרם,גרמים,1000.00,100 גרם,false,1,14.90,1.49,true,1,
7290017386188,false,קוואקר דק ללא גלוטן 450 גרם,כרם תעשיות,GB,קוואקר דק ללא גלוטן,גרמים,450.00,100 גרם,false,1,19.90,4.42,true,1,
7290017386263,false,"סירופ מייפל אורגני כרם 250 מ""ל",קופרדקס איי פי אס,,סירופ מייפל אורגני כ,מיליליטרים,250.00,"100 מ""ל",false,1,28.90,11.56,true,1,
7290017386447,false,"תרסיס שמן אבוקדו מזוכך טהור 200 מ""ל",קומפניה אלימנטרה איט,IT,תרסיס שמן אבוקדו מזו,מיליליטרים,200.00,"100 מ""ל",false,1,29.90,14.95,true,1,
7290017386874,false,ממרח חרוב עם אגוזי לוז 250 גרם,,TR,ממרח חרוב עם אגוזי ל,גרמים,250.00,100 גרם,false,1,15.90,6.36,true,1,
7290017386942,false,"קרם קוקוס אורגני 20-22% שומן 400 מ""ל",,VN,קרם קוקוס אורגני 20-,מיליליטרים,400.00,"100 מ""ל",false,1,11.50,2.88,true,1,
7290017386959,false,"נוזל קוקוס אורגני 17-19% שומן 400 מ""ל",,VN,נוזל קוקוס אורגני 17,מיליליטרים,400.00,"100 מ""ל",false,1,11.50,2.88,true,1,
7290017386973,false,"תמר סופר גמבו פטור ממע""מ 1 ק""ג",כרם תעשיות,IL,"תמר סופר גמבו 1 ק""ג",גרמים,1000.00,100 גרם,false,1,46.90,4.69,true,1,
7290017386997,false,מי קוקוס אורגניים 1 ליטר,,VN,מי קוקוס אורגניים 1,מיליליטרים,1000.00,"100 מ""ל",false,1,16.70,1.67,true,1,
7290017389011,false,מנגו מיובש ללא סוכר 160 גרם קופסא,דין שיווק וקליה 2021 בעמ,,מנגו מיובש ללא סוכר,גרמים,160.00,100 גרם,false,1,22.90,14.31,true,1,
7290017389028,false,אננס מיובש ללא סוכר 160 גרם קופסא,דין שיווק וקליה 2021 בעמ,,אננס מיובש ללא סוכר,גרמים,160.00,100 גרם,false,1,20.90,13.06,true,1,
7290017389073,false,תות שדה מיובש 160 גרם קופסא,דין שיווק וקליה 2021 בעמ,,תות שדה מיובש 160 גר,גרמים,160.00,100 גרם,false,1,16.90,10.56,true,1,
7290017426969,false,"פחמים שקד 2 ק""ג",E&C Charcoal LTD,,"פחמים 2 ק""ג",קילוגרמים,0.00,"ק""ג",false,1,15.20,15.20,true,1,
7290017431949,false,אוקיינוס כחול קערה א,,,אוקיינוס כחול קערה א,Unknown,0.00,Unknown,false,1,59.90,59.90,true,1,
7290017431956,false,אוקיינוס כחול קערית,,,אוקיינוס כחול קערית,Unknown,0.00,Unknown,false,1,39.90,39.90,true,1,
7290017431963,false,אוקיינוס כחול קערה 2,,,אוקיינוס כחול קערה 2,Unknown,0.00,Unknown,false,1,84.90,84.90,true,1,
7290017431970,false,אוקיינוס כחול קערה מ,,,אוקיינוס כחול קערה מ,Unknown,0.00,Unknown,false,1,49.90,49.90,true,1,
7290017432090,false,טי פור 2 - ספל מאג ע,,,טי פור 2 - ספל מאג ע,Unknown,0.00,Unknown,false,1,37.90,37.90,true,1,
7290017440309,false,"ד""ר פישר - קידס שמפו ויטמינים 750 מ""ל","פישר תעשיות פרמצביטות בע""מ",IL,"שמפו ד""ר פישר קידס 7",מיליליטרים,750.00,"100 מ""ל",false,1,16.90,2.25,true,1,
7290017440798,false,ד.פישר סילבר מרכך לשיער כסוף 400 מל,פישר תעשיות פרמבצטיות בעמ,IL,מרכך SILVER לשיער כס,מיליליטרים,400.00,"100 מ""ל",false,1,29.90,7.48,true,1,
7290017457574,false,כדוריות סבון נתלה לאסלה בניחוח פרחים - 3 יח',גורי שיווק בעמ,RS,גל נתלה לאסלה סוד כד,גרמים,150.00,100 גרם,false,1,26.50,17.67,true,1,
7290017457611,false,גל כביסה סוד טוטאל ירוק 2.5 ליטר,גורי שיווק בעמ,IL,סוד גל לכביסה 2.5 לי,ליטרים,0.00,ליטר,false,1,21.90,21.90,true,1,
7290017457628,false,גל כביסה סוד טוטאל כחול 2.5 ליטר,גורי שיווק בעמ,IL,סוד גל לכביסה 2.5 לי,ליטרים,0.00,ליטר,false,1,21.90,21.90,true,1,
7290017457871,false,סוד ג'ל כביסה ירוק טוטאל 4 ליטר,גורי שיווק בעמ,IL,סוד גל לכביסה 4 ליטר,ליטרים,0.00,ליטר,false,1,32.90,32.90,true,1,
7290017457949,false,"פרסיל א.כ לבגדי תינוקות ולבעלי עור רגיש 2.5 ק""ג",פרסיל Persil,,אבקת כביסה פרסיל לתי,קילוגרמים,0.00,"ק""ג",false,1,29.50,29.50,true,1,
7290017477169,false,קשיו קלוי 250 גרם ששון הקולה,דין שיווק וקליה 2021 בעמ,,קשיו קלוי 250 גרם שש,גרמים,250.00,100 גרם,false,1,20.00,8.00,true,1,
7290017477275,false,גרעיני חמניה קלופים קלויים 200 גרם,דין שיווק,IL,גרעיני חמניה קלופים,גרמים,200.00,100 גרם,false,1,9.90,4.95,true,1,
7290017477299,false,תערובת געלה שקדיה 20,דין שיווק וקליה 2021 בעמ,IL,געלה 200 גרם,גרמים,200.00,100 גרם,false,1,9.90,4.95,true,1,
7290017477305,false,זרעי צ`יה 250 גר`שקדיה,דין שיווק וקליה 2021 בעמ,IL,זרעי ציה 250 גרם,גרמים,250.00,100 גרם,false,1,9.90,3.96,true,1,
7290017477381,false,מטבעות שוקולד מריר 45% לאפיה שקדיה 300 גרם,דין שיווק וקליה 2021 בעמ,IL,מטבעות שוקולד מריר,גרמים,300.00,100 גרם,false,1,15.60,5.20,true,1,
7290017477596,false,תמר מגהול פרימיום 400 ג' בקופסא,דין שיווק וקליה 2021 בעמ,IL,תמר מגהול פרימיום 40,גרמים,400.00,100 גרם,false,1,19.90,4.98,true,1,
7290017490007,false,אשווגנדה 90 כמ NC,,,אשווגנדה 90 כמ NC,Unknown,0.00,Unknown,false,1,83.90,83.90,true,1,
7290017490069,false,כורכומין 8200 בשחרור מושהה,,,כורכומין 9000 בשחרור,Unknown,0.00,Unknown,false,1,135.90,135.90,true,1,
7290017490496,false,מארז שייפ דיאט פורמולה,NATURAL MARSHAL,,מארז שייפ דיאט פורמו,Unknown,0.00,Unknown,false,1,229.90,229.90,true,1,
7290017505244,false,"סבון פנים רגיל עד יבש 100 מ""ל",,,סבון פנים רגיל עד יב,מיליליטרים,100.00,"100 מ""ל",false,1,69.90,69.90,true,1,
7290017506012,false,שוקולד  85% 60 גרם RAW,,IL,שוקולד  85% 60 גרם R,גרמים,60.00,100 גרם,false,1,22.90,38.17,true,1,
7290017506043,false,שוקולד קפה 75% טבעוני 60 גרם,,IL,שוקולד קפה 75% טבעונ,גרמים,60.00,100 גרם,false,1,19.90,33.17,true,1,
7290017506135,false,קרם פיסטוק בסגנון שוקולד לבן 60 גרם,,IL,קרם פיסטוק בסגנון שו,גרמים,60.00,100 גרם,false,1,18.90,31.50,true,1,
7290017506265,false,טראפלס כדורי שוקולד וחמאת בוטנים 180 גרם,,IL,טראפלס כדורי שוקולד,גרמים,180.00,100 גרם,false,1,29.90,16.61,true,1,
7290017513393,false,תה ירוק ספירולינה וצמחים ירוקים 25 שקי,תה ויסוצקי (ישראל) בעמ,IL,תה ירוק ספירולינה וצ,גרמים,38.00,100 גרם,false,1,24.90,65.53,true,1,
7290017513775,false,פליפז בייגלה מצופה שוקולד חלב מקוויטיס 140 גרם,תה ויסוצקי (ישראל) בעמ,TR,בייגלה פליפז מצופה ב,גרמים,140.00,100 גרם,false,1,8.90,6.36,true,1,
7290017516295,false,חטיף חלבון פרוטאין אגוז לוז שוקולד 50 גר,י.איטליאנו אחזקות בעמ,,חטיף חלבון פרוטאין א,גרמים,50.00,100 גרם,false,1,10.90,21.80,true,1,
7290017516318,false,חטיפ בריאות פרוטאין שוקולד 50 גר`פנגיאה,י.איטליאנו אחזקות בעמ,,חטיף חלבון פרוטאין ש,גרמים,50.00,100 גרם,false,1,10.90,21.80,true,1,
7290017516332,false,חטיפ בריאות פרוטאין חמאת בוטנים 50 גר`פ,י.איטליאנו אחזקות בעמ,,חטיף חלבון פרוטאין ח,גרמים,50.00,100 גרם,false,1,10.90,21.80,true,1,
7290017516400,false,אבקת חלבון שוקלד 600 גרם,,IL,אבקת חלבון שוקלד 600,גרמים,600.00,100 גרם,false,1,129.90,21.65,true,1,
7290017516424,false,שוקולד+ פנגיאה שוקולד קוקוס ואגוזי לוז 300 גרם,י.איטליאנו אחזקות בעמ,IL,פנגיאה שוקולד קוקוס,גרמים,300.00,100 גרם,false,1,32.90,10.97,true,1,
7290017516448,false,"שוקלד + פנגיאה שוקולד קוקוס תמרים,שקדים וחרוב 300 גרם",פנגיאה,IL,פנגיאה שוקולד קוקוס,גרמים,300.00,100 גרם,false,1,32.90,10.97,true,1,
7290017516479,false,חטיפ בריאות וניל קפה 50 גר`פרוטאין פנגי,י.איטליאנו אחזקות בעמ,,פנגיאה פרוטאין וניל,גרמים,50.00,100 גרם,false,1,10.90,21.80,true,1,
7290017516486,false,פנגיאה פרוטאין טרופי 50 גרם,פנגיאה,,פנגיאה פרוטאין טרופי,גרמים,50.00,100 גרם,false,1,10.90,21.80,true,1,
7290017589565,false,"ברקן, גוורצטרמינר לבן חצי יבש 750 מל",טמפו משקאות בעמ,,יין קלאסיק גוורצטרמי,Unknown,0.00,Unknown,false,1,32.90,32.90,true,1,
7290017589633,false,"רזרב גולד אדישיין קברנה סוביניון 750 מ""ל",טמפו משקאות בעמ,,רזרב גולד אדישיין קב,Unknown,0.00,Unknown,false,1,49.90,49.90,true,1,
7290017599236,false,סוכרזית סיטיוויה 200 טבליות,סנו מפעלי ברונוס.,IL,סוכרזית סטיוויה 200,Unknown,0.00,Unknown,false,1,26.90,26.90,true,1,
7290017599250,false,סוכרזית קלאסי 120 גר`שקיות,שטראוס גרופ בע`מ,,סוכרזית קלאסי 120 ש,גרמים,100.00,100 גרם,false,1,39.90,39.90,true,1,
7290017599267,false,סוכרלוז 120 שקיות ממתיק שולחני,שטראוס גרופ בע`מ,,סוכרזית סוכרלוז 120,גרמים,100.00,100 גרם,false,1,28.90,28.90,true,1,
7290017599274,false,סוכרזית סטיוויה 120שקיות 100גרם,"שטראוס גרופ בע""מ",,סוכרזית סטיוויה 120,גרמים,120.00,100 גרם,false,1,39.90,33.25,true,1,
7290017617046,false,נתחי טונה בשמן זית כתית מעולה רביעיה * 140 ג',דיפלומט מפיצים (1968) בעמ**,,רביעיית טונה בשמן זי,גרמים,560.00,100 גרם,false,1,28.90,5.16,true,1,
7290017617084,false,סטארקיסט מיקס טוגו טונה עם שעועית 185 גרם,דיפלומט מפיצים (1968) בעמ**,,סטארקיסט מיקס טו גו,גרמים,185.00,100 גרם,false,1,13.50,7.30,true,1,
7290017617091,false,סטארקיסט מיקס טוגו טונה עם פתיתים 185 גרם,דיפלומט מפיצים (1968) בעמ**,,סטארקיסט מיקס טו גו,גרמים,185.00,100 גרם,false,1,13.50,7.30,true,1,
7290017617107,false,סטארקיסט מיקס טוגו טונה עם 4 דגנים 185 גרם,דיפלומט מפיצים (1968) בעמ**,,סטארקיסט מיקס טו גו,גרמים,185.00,100 גרם,false,1,13.50,7.30,true,1,
7290017617411,false,סטארקיסט מיקס סלמון עם אורז מלא וירקות 160 גרם,דיפלומט מפיצים (1968) בעמ**,PL,טונה סטארקיסט סלמון,גרמים,160.00,100 גרם,false,1,15.90,9.94,true,1,
7290017617428,false,סטארקיסט מיקס סלמון עם פסטה ברוטב עגבניות 160 גרם,דיפלומט מפיצים (1968) בעמ**,PL,טונה סטארקיסט סלמון,גרמים,160.00,100 גרם,false,1,15.90,9.94,true,1,
7290017617435,false,סטארקיסט מיקס סלמון עם עדשים קינואה וירק 160 גרם,דיפלומט מפיצים (1968) בעמ**,PL,טונה סטארקיסט סלמון,גרמים,160.00,100 גרם,false,1,15.90,9.94,true,1,
7290017631110,false,בשר עם אורז טושונקה 400 גר,,IL,בשר עם אורז טושונקה,גרמים,400.00,100 גרם,false,1,14.90,3.73,true,1,
7290017631622,false,בשר עם כוסמת טושונקה 400 גר,,IL,בשר עם כוסמת טושונקה,גרמים,400.00,100 גרם,false,1,14.90,3.73,true,1,
7290017637594,false,שמפו יומיומי זיכרונות מתוקים 500 מל,סאסאטק אגשח בעמ - סאסא MB,,שמפו יומיומי זיכרונו,Unknown,0.00,Unknown,false,1,24.90,24.90,true,1,
7290017637617,false,מסיכת הזנה לשיער מיקי בוגנים 250 מל,סאסאטק אגשח בעמ - סאסא MB,,מסכת הזנה בשפורפרת 2,Unknown,0.00,Unknown,false,1,27.90,27.90,true,1,
7290017647166,false,יין פינו נואר גמלא 2021 750 מל,יקבי רמת הגולן,,יין פינו נואר גמלא 2,Unknown,0.00,Unknown,false,1,63.90,63.90,true,1,
7290017647425,false,"יין גמלא קברנה סוביניון שנת 2018 750 מ""ל",היכל היין שקד גולן בעמ,,יין גמלא קברנה סובינ,Unknown,0.00,Unknown,false,1,64.40,64.40,true,1,
7290017647708,false,"רמת הגולן גמלא גוורצטרמינר, 750 מ""ל י יקב רמת הגולן",מיוצר וממולא על ידי יקב,,יין גמלא גוורצטרמינר,Unknown,0.00,Unknown,false,1,64.90,64.90,true,1,
7290017647722,false,"רמת הגולן גמלא בלאנקו, 750 מ""ל י יקב רמת הגולן",היכל היין שקד גולן בעמ,,יין גמלא בלאנקו 20 ע,Unknown,0.00,Unknown,false,1,64.90,64.90,true,1,
7290017670089,false,סט 18 חלק ניו בון צי,,,סט 18 חלק ניו בון צי,Unknown,0.00,Unknown,false,1,269.00,269.00,true,1,
7290017670096,false,מאג 300 קוני,,,מאג 300 קוני,Unknown,0.00,Unknown,false,1,9.90,9.90,true,1,
7290017671321,false,מברשת למריחה 6 סמ י,,,מברשת למריחה 6 סמ י,Unknown,0.00,Unknown,false,1,15.90,15.90,true,1,
7290017672571,false,בקבוק קטשופ שקוף 0.,,,בקבוק קטשופ שקוף 0.,Unknown,0.00,Unknown,false,1,6.90,6.90,true,1,
7290017672588,false,בקבוק קטשופ שקוף 0.7,,,בקבוק קטשופ שקוף 0.7,Unknown,0.00,Unknown,false,1,8.90,8.90,true,1,
7290017672595,false,בקבוק קטשופ שקוף 1,,,בקבוק קטשופ שקוף 1,Unknown,0.00,Unknown,false,1,9.90,9.90,true,1,
7290017675008,false,"טחינה גולמית 1 ק""ג שכם היונה",היונה,IL,טחינה היונה 900 גרם,גרמים,900.00,100 גרם,false,1,28.50,3.17,true,1,
7290017675015,false,טחינת היונה המקורית,,IL,טחינה היונה 450 גרם,גרמים,450.00,100 גרם,false,1,15.60,3.47,true,1,
7290017675060,false,טחינה שומשום מלא היונה 450 גרם,,IL,טחינה שומשום מלא הי,גרמים,450.00,100 גרם,false,1,15.60,3.47,true,1,
7290017676098,false,חמאת גוף אורגנית 100 מל,,,חמאת גוף אורגנית 100,מיליליטרים,100.00,"100 מ""ל",false,1,41.90,41.90,true,1,
7290017677804,false,"רוטב סויה קיקומן ללא חומרים משמרים 444 מ""ל",דיפלומט מפיצים (1968) בעמ**,,רוטב סויה קיקומן 444,מיליליטרים,444.00,"100 מ""ל",false,1,19.90,4.48,true,1,
7290017712192,false,פרמיו שימורי מזון מלא עם נתחי פילה עוף ו,שחורי אריה ואנסטסיה,,פרמיו שימורי מזון מל,Unknown,0.00,Unknown,false,1,4.90,4.90,true,1,
7290017712208,false,פרמיו נתחי פילה עוף וברווז 100 גר,שחורי אריה ואנסטסיה,,פרמיו נתחי פילה עוף,Unknown,0.00,Unknown,false,1,4.90,4.90,true,1,
7290017712215,false,פרמיו שימורי מזון מלא עם עוף לחתלתול 100,שחורי אריה ואנסטסיה,,פרמיו שימורי מזון מל,Unknown,0.00,Unknown,false,1,4.90,4.90,true,1,
7290017712222,false,פרמיו שימורי מזון מלא עם דגי ים ברוטב לח,שחורי אריה ואנסטסיה,,פרמיו שימורי מזון מל,Unknown,0.00,Unknown,false,1,4.90,4.90,true,1,
7290017712260,false,פרמיו פטה סלמון לכלב 150ג',שחורי אריה ואנסטסיה,,פרמיו פטה סלמון לכלב,Unknown,0.00,Unknown,false,1,5.90,5.90,true,1,
7290017712277,false,פרמיו שימורי מזון מלא עם כבש במרקם פטה פ,שחורי אריה ואנסטסיה,,פרמיו שימורי מזון מל,Unknown,0.00,Unknown,false,1,5.90,5.90,true,1,
7290017712406,false,חטיף פרמיו סלמון טנדרס 100 גר,,,חטיף פרמיו סלמון טנד,Unknown,0.00,Unknown,false,1,16.90,16.90,true,1,
7290017712659,false,הוריזן עוף לגור כלבים ננסי 100 גר`,שחורי אריה ואנסטסיה,,הוריזן עוף לגור כלבי,Unknown,1.00,Unknown,false,1,4.90,4.90,true,1,
7290017712666,false,הוריזן בקר לכלב ננסי 100 גר`,שחורי אריה ואנסטסיה,,הוריזן בקר לכלב ננסי,Unknown,1.00,Unknown,false,1,4.90,4.90,true,1,
7290017712673,false,הוריזן בקר וכבד לכלב ננסי 100 גר`,שחורי אריה ואנסטסיה,,הוריזן בקר וכבד לכלב,Unknown,1.00,Unknown,false,1,4.90,4.90,true,1,
7290017712680,false,הוריזן עוף לכלב ננסי 100 גר`,שחורי אריה ואנסטסיה,,הוריזן עוף לכלב ננסי,Unknown,1.00,Unknown,false,1,4.90,4.90,true,1,
7290017712734,false,פרמיו לגור חתולים עוף וכבד,שחורי אריה ואנסטסיה,,פרמיו גור עוף וכבד 1,Unknown,0.00,Unknown,false,1,4.90,4.90,true,1,
7290017712741,false,פרמיו כבד 100 גר`,שחורי אריה ואנסטסיה,,פרמיו כבש 100 ג,Unknown,0.00,Unknown,false,1,4.90,4.90,true,1,
7290017712772,false,פרמיו ברק וכבד לחתול,שחורי אריה ואנסטסיה,,פרמיו בקר וכבד 100 ג,Unknown,0.00,Unknown,false,1,4.90,4.90,true,1,
7290017712796,false,פרמיו סטריליז דג קוד 100 גרם לחתול,שחורי אריה ואנסטסיה,,פרמיו סטריליז דג קוד,Unknown,0.00,Unknown,false,1,4.90,4.90,true,1,
7290017712932,false,פרמיו כריות בקר לחתול,פרמיו Premio,,פרמיו כריות בקר 60 ג,Unknown,1.00,Unknown,false,1,9.90,9.90,true,1,
7290017712949,false,פרמיו כריות סטרילייז לחתול,שחורי אריה ואנסטסיה,,פרמיו כריות סטרילייז,Unknown,1.00,Unknown,false,1,9.90,9.90,true,1,
7290017715315,false,זית צלוי על הגריל 740 גר,מסנוי גידה רעהס,TR,זית על האש 740 גרם,גרמים,740.00,100 גרם,false,1,24.90,3.36,true,1,
7290017715346,false,זית שחור טאסוס 400 גר`תומר,תומר יבוא ושיווק מוצרי מזון (1,TR,זית שחור טאסוס 400,גרמים,400.00,100 גרם,false,1,14.90,3.73,true,1,
7290017715506,false,חומץ 5% תומר 1 ליטר,,IL,חומץ 5% תומר 1 ליטר,מיליליטרים,1000.00,"100 מ""ל",false,1,5.50,0.55,true,1,
7290017715681,false,A2 זית מושחר חרוזית תומר 560 גרם,,IL,A2 זית מושחר חרוזית,גרמים,560.00,100 גרם,false,1,9.50,1.70,true,1,
7290017715704,false,A2 זית מושחר טבעות 560 גרם,,IL,A2 זית מושחר טבעות 5,גרמים,560.00,100 גרם,false,1,9.50,1.70,true,1,
7290017715711,false,זית ירוק מנזלינו בינוני תומר 560 גרם,,IL,A2 זית מנזלינו בינונ,גרמים,560.00,100 גרם,false,1,7.50,1.34,true,1,
7290017715728,false,זית מנזלינו גדול תומר 560 גרם A2,,IL,זית מנזלינו גדול תומ,גרמים,560.00,100 גרם,false,1,8.50,1.52,true,1,
7290017715735,false,A2 זית סורי מבוקע תומר 560 גרם,,IL,A2 זית סורי מבוקע תו,גרמים,560.00,100 גרם,false,1,9.50,1.70,true,1,
7290017715797,false,A2 זית שחור טבעי תומר 560 גרם,,IL,A2 זית שחור טבעי תומ,גרמים,560.00,100 גרם,false,1,9.50,1.70,true,1,
7290017715834,false,A2 זית נובו מבוקע ג.מאוד תומר 560 גרם,"א.א שימורי עדן בע""מ",IL,A2 זית נובו מבוקע ג.,גרמים,560.00,100 גרם,false,1,9.90,1.77,true,1,
7290017715964,false,מחית תפוח עץ דיאט עם אפרסק 4*113 ג' תומר,Cherry growers inc,,רסק תפוח עץ עם אפרסק,גרמים,452.00,100 גרם,false,1,13.50,2.99,true,1,
7290017715995,false,מלפפון בחומץ 10-12 + 20% 670 גרם,,IL,מלפפון בחומץ 10-12 +,גרמים,670.00,100 גרם,false,1,6.90,1.03,true,1,
7290017744162,false,שימורי דגים שפרוטים מעושנים ברוטב עגבניות 250 גרם,רויאל,,שימורי שפרוטים מעושנ,גרמים,250.00,100 גרם,false,1,12.50,5.00,true,1,
7290017746197,false,לחמניות המבורגר 6יחידות,מאפיית דוידוביץ ובניו בע,IL,המבורגר 100 גרם,גרמים,100.00,100 גרם,false,1,13.90,13.90,true,1,
7290017747064,false,קרקר בטעם פאד תאי 250 גרם,,,קרקר בטעם פאד תאי 25,גרמים,250.00,100 גרם,false,1,26.90,10.76,true,1,
7290017747071,false,בראוניז קקאו כוסמין 280 גרם,,,בראוניז קקאו כוסמין,גרמים,280.00,100 גרם,false,1,26.90,9.61,true,1,
7290017751931,false,ג'ל צורך במים וסבון,,IL,גל חיטוי ידיים 100 מ,Unknown,0.00,Unknown,false,1,9.90,9.90,true,1,
7290017757544,false,מחבת עמוק 20 סמ ציפו,,,מחבת עמוק 20 סמ ציפו,Unknown,0.00,Unknown,false,1,69.90,69.90,true,1,
7290017757551,false,מחבת עמוק 22 סמ ציפו,,,מחבת עמוק 22 סמ ציפו,Unknown,0.00,Unknown,false,1,79.90,79.90,true,1,
7290017757780,false,סט 4 סכיני מריחה ידי,,,סט 4 סכיני מריחה ידי,Unknown,0.00,Unknown,false,1,39.90,39.90,true,1,
7290017757988,false,כרית ניקוי סיליקון ארקוסטיל,,,כרית ניקיון מסיליקון,Unknown,0.00,Unknown,false,1,24.90,24.90,true,1,
7290017760025,false,"יין פינוגרי 2021 750 מ""ל יקב אסף",,,יין פינוגרי 2021 750,Unknown,0.00,Unknown,false,1,99.90,99.90,true,1,
7290017760797,false,"יין ק.סובניון רוגום 2019 750 מ""ל יקב אסף",,,יין ק.סובניון רוגום,Unknown,0.00,Unknown,false,1,99.90,99.90,true,1,
7290017791142,false,קרקר כוסמין מלא - פת במלח,"מאפיית פת במלח בע""מ",IL,קרקר כוסמין מלא שקית,גרמים,225.00,100 גרם,false,1,26.50,11.78,true,1,
7290017791203,false,קרקר כוסמין מלא - סלק - פת במלח,טחנת האבן קואופ בעמ,IL,קרקר כוסמין מלא סלק,גרמים,225.00,100 גרם,false,1,26.50,11.78,true,1,
7290017812373,false,יין שרדונה לבן יבש פרייבט קולקשן - בקבוק אישי,יקבי כרמל Carmel Winery,IL,יין P.C שרדונה 375,מיליליטרים,375.00,"100 מ""ל",false,1,21.90,5.84,true,1,
7290017812571,false,מיץ ענבים תירוש אדום 100% טבעי כרמל 1 ליטר,אגודת הכורמים -כרמל מזרחי,,יין תירוש אדום 100%,Unknown,0.00,Unknown,false,1,19.90,19.90,true,1,
7290017812670,false,"יין יתיר דרום אדום 750 מ""ל",כרמל מזרחי,IL,יין יתיר דרום אדום 7,Unknown,0.00,Unknown,false,1,83.90,83.90,true,1,
7290017812687,false,"יין יתיר דרום לבן 750 מ""ל",כרמל מזרחי,IL,יין יתיר דרום לבן 75,Unknown,0.00,Unknown,false,1,83.50,83.50,true,1,
7290017812830,false,יין רוזה פרייבט קולקשיין 750מל יקבי כרמל,"כד בני דרום בע""מ",,"יין רוזה 750 מ""ל P.C",Unknown,0.00,Unknown,false,1,37.90,37.90,true,1,
7290017812847,false,"יין כרמל סלקטד פרנץ' גוורצטרמינר, 750 מ""ל","כד בני דרום בע""מ",,סלקטד פרנץ גוורצטרמי,Unknown,0.00,Unknown,false,1,30.90,30.90,true,1,
7290017812939,false,"יין דרום רוזה יתיר 750 מ""ל",כרמל מזרחי,IL,יין דרום רוזה יתיר 7,Unknown,0.00,Unknown,false,1,83.90,83.90,true,1,
7290017812977,false,"יין קריניאנו סלקטדאננס באז כרמל 750 מ""ל",אגודת הכורמים -כרמל מזרחי,,יין מבעבע באזז אננס,Unknown,0.00,Unknown,false,1,28.90,28.90,true,1,
7290017816135,false,פריכיות כוסמין מקור הכוסמין 90 גר,גורי מוצרי צריכה (1991) בעמ,IL,פריכיות כוסמין מקור,גרמים,90.00,100 גרם,false,1,9.90,11.00,true,1,
7290017850177,false,מאקה שחורה אבקה 250 גרם,,,מאקה שחורה אבקה 250,גרמים,250.00,100 גרם,false,1,109.90,43.96,true,1,
7290017870243,false,כוס נייר ענקית קשיח,,CN,כוס נייר ענקית קשיח,Unknown,1.00,Unknown,false,1,19.90,19.90,true,1,
7290017870540,false,אשפתון עם שרוך לפח,,TR,אשפתון עם שרוך לפח,Unknown,1.00,Unknown,false,1,15.90,15.90,true,1,
7290017870687,false,מרקייה מתכלה 7 מתכלה,HINDUSTAN ARECA PROD,IN,מרקייה מתכלה 7 מתכלה,Unknown,1.00,Unknown,false,1,12.90,12.90,true,1,
7290017870700,false,"צלחת 7"" מרובעת מתכלה",HINDUSTAN ARECA PROD,IN,צלחת 7 קטנה מרובעת,Unknown,1.00,Unknown,false,1,12.90,12.90,true,1,
7290017870717,false,"צלחת 8"" מרובעת מתכלה",HINDUSTAN ARECA PROD,IN,צלחת 8 בינונית מרוב,Unknown,1.00,Unknown,false,1,14.50,14.50,true,1,
7290017870731,false,צלחת 7 מתכלה עץ דקל,HINDUSTAN ARECA PROD,IN,צלחת 7 קטנה עגולה מ,Unknown,1.00,Unknown,false,1,12.90,12.90,true,1,
7290017870762,false,מגש מלבני מתכלה עץ ד,HINDUSTAN ARECA PROD,IN,מגש מלבני מתכלה מעץ,Unknown,1.00,Unknown,false,1,14.50,14.50,true,1,
7290017871363,false,פמילי יהלום- פמלי סבון ידיים מועשר בשמן מקדמיה לניקוי וטיפוח עור הידיים,המאפיה של הרמן,TR,סבון ידיים פמלי יהלו,מיליליטרים,500.00,"100 מ""ל",false,1,10.90,2.18,true,1,
7290017871462,false,טוסו חטיף פצפוצי אורז מצופה שוקולד מריר ללא תוספת סוכר,תות תעשיות מזון (2014) ב,IL,חטיף תמרים פצפוצי או,גרמים,105.00,100 גרם,false,1,16.90,16.10,true,1,
7290017871554,false,טוסו חטיף תמרים ושברי קקאו ללא גלוטן וללא תוספת סוכר,תות תעשיות מזון (2014) ב,IL,חטיף תמרים ושברי קקא,גרמים,140.00,100 גרם,false,1,16.90,12.07,true,1,
7290017872049,false,"פמלי אל סבון בניחוח לוונדר ארומטי- שלישייה 500 מ""ל",אברנסל קוסמטיקס,TR,אל סבון פמלי לבנדר א,מיליליטרים,1500.00,"100 מ""ל",false,1,17.70,1.18,true,1,
7290017872056,false,פמלי אל סבון 3*1 הסדרה הלבנה-מעורב 500 גרם*3,אברנסל קוסמטיקס,TR,אל סבון פמלי הסדרה ה,מיליליטרים,1500.00,"100 מ""ל",false,1,17.70,1.18,true,1,
7290017872063,false,אל סבון ארומתרפי מארז שלישייה 500 מל פמ,אברנסל קוסמטיקס,TR,אל סבון פמלי ארומתרפ,מיליליטרים,1500.00,"100 מ""ל",false,1,17.70,1.18,true,1,
7290017872162,false,טוסו - עוגיות אגוזי לוז ללא סוכר 200 גרם,"הגביע מוצרי וופלים בע""\מ",,טוסו עוגיות אגוזי לו,גרמים,200.00,100 גרם,false,1,21.90,10.95,true,1,
7290017872667,false,"פמלי יהלום-סבון ידיים עם שמן קמומיל 500 מ""ל",המאפיה של הרמן,,סבון ידיים פמלי יהלו,מיליליטרים,500.00,"100 מ""ל",false,1,10.90,2.18,true,1,
7290017872865,false,בייביביס חטיפי דגנים אפויים לתינוקות בטעם גזר ועגבנייה,טאטא גלובל בוורג'ס,IL,בייביביס חטיפי דגנים,יחידה,1.00,יחידה,false,1,14.90,14.90,true,1,
7290017872872,false,בייביביס חטיפי דגנים אפויים לתינוקות בטעם גזר וסלק,טאטא גלובל בוורג'ס,IL,בייביביס חטיפי דגנים,יחידה,1.00,יחידה,false,1,14.90,14.90,true,1,
7290017872964,false,אדג' - מכשיר גילוח רב פעמי ידית + 3 סכינים לחות מוגברת,"דנשר (1963) בע,מ",,אדג מכשיר סכין גילוח,יחידה,1.00,יחידה,false,1,69.90,69.90,true,1,
7290017873169,false,"סבון ידיים מועשר בשמן זית 500 מ""ל יהלום",דנשר (1963) בעמ,TR,פמילי ת. רחצה בשמן ז,Unknown,0.00,Unknown,false,1,10.90,10.90,true,1,
7290017873176,false,"סבון ידיים מועשר בשמן אבוקדו 500 מ""ל יהלום",דנשר (1963) בעמ,TR,פמילי ת. רחצה בשמן א,Unknown,0.00,Unknown,false,1,10.90,10.90,true,1,
7290017873183,false,"סבון ידיים בניחות אשכולית אדומה 500 מ""ל יהלום",דנשר (1963) בעמ,TR,פמילי ת. רחצה אשכולי,Unknown,0.00,Unknown,false,1,10.90,10.90,true,1,
7290017888019,false,"משקה תפוח רימון סלק גינגיר פרות &ווג 350 מ""ל",יפאורה שותפות מוגבלת לשיווק,IL,פרוט & ווג תפוח רימו,מיליליטרים,350.00,"100 מ""ל",false,1,7.50,2.14,true,1,
7290017888026,false,"משקה אננס תפוח גזר פרות & ווג 350 מ""ל",יפאורה שותפות מוגבלת לשיווק,IL,פרוט & וג אננס תפוח,מיליליטרים,350.00,"100 מ""ל",false,1,7.50,2.14,true,1,
7290017888033,false,"משקה בננה מלון נענע פרות &ווג 350 מ""ל",יפאורה שותפות מוגבלת לשיווק,IL,פרוט & וג בננה מלון,מיליליטרים,350.00,"100 מ""ל",false,1,7.50,2.14,true,1,
7290017888071,false,"שוופס מוגז עדין פירות יער 330 מ""ל פחית",יפאורה שותפות מוגבלת לשיווק,IL,שוופס מוגז עדין פירו,מיליליטרים,330.00,"100 מ""ל",false,1,4.50,1.36,true,1,
7290017888095,false,"רביעיית פחיות שוופס מוגז עדין פירות יער 330 מ""ל.",יפאורה שותפות מוגבלת לשיווק,IL,שוופס מוגז עדין פירו,מיליליטרים,1320.00,"100 מ""ל",false,1,15.50,1.17,true,1,
7290017888101,false,"שוויפס מוגז עדין אפרסק מארז רביעייה* 330 מ""ל",יפאורה שותפות מוגבלת לשיווק,IL,שוופס מוגז עדין אפרס,מיליליטרים,1320.00,"100 מ""ל",false,1,15.50,1.17,true,1,
7290017888347,false,מי עדן פקק ספורטאים 500,"מי עדן בע""מ",IL,מי עדן אישי 500 מל,מיליליטרים,500.00,"100 מ""ל",false,1,2.90,0.58,true,1,
7290017888354,false,מים מינרליים בקבוק ס,יפאורה שותפות מוגבלת לשיווק,,מים ספורט 750 מל,מיליליטרים,750.00,"100 מ""ל",false,1,3.00,0.40,true,1,
7290017888644,false,"משקה אננס בננה כורכום פרות & ווג 350 מ""ל",יפאורה שותפות מוגבלת לשיווק,IL,פרוט & וג בננה מלון,מיליליטרים,350.00,"100 מ""ל",false,1,7.50,2.14,true,1,
7290017888729,false,שוופס סודה בקבוק 1 ל',יפאורה שותפות מוגבלת לשיווק,IL,שוופס סודה 1 ליטר,מיליליטרים,1000.00,"100 מ""ל",false,1,3.90,0.39,true,1,
7290017894034,false,"פתיתי שיבולת שועל עבה לל""ג דגש 400 גרם",אף.סי תבליני בגליל ב,IL,פתיתי שיבולת שועל עב,גרמים,400.00,100 גרם,false,1,21.90,5.48,true,1,
7290017894065,false,דגש תערובת רב תכליתית ללא גלוטון,"אף, סי תבליני הגליל",IL,דגש תערובת קמח רב תכ,גרמים,500.00,100 גרם,false,1,17.90,3.58,true,1,
7290017894072,false,אבקת הלבנה אקופרנד 500 ג,אקופרנד,,אבקת הלבנה 500 גרם,גרמים,500.00,100 גרם,false,1,19.90,3.98,true,1,
7290017894096,false,ממרח בטעם מיונז טבעוני אורגני 350 גרם,אף.סי תבליני בגליל ב,DE,ממרח בטעם מיונז טבעו,גרמים,350.00,100 גרם,false,1,23.90,6.83,true,1,
7290017894119,false,פוזילי אורז תירס דגש 400 גרם,אנדריאני,IL,פוזילי אורז תירס דגש,גרמים,400.00,100 גרם,false,1,10.90,2.73,true,1,
7290017894171,false,"קרם קוקוס אורגני גרין קוקו 250 מ""ל",גרין קוקו,LK,קרם קוקוס אורגני גרי,מיליליטרים,250.00,"100 מ""ל",false,1,9.90,3.96,true,1,
7290017894201,false,סודה לשתייה ללא אלומיניום דגש 500 גרם,,IL,סודה לשתייה ללא אלומ,גרמים,500.00,100 גרם,false,1,18.90,3.78,true,1,
7290017894218,false,גרנולה ש.שועל מלאה ופירות דגש 250 גרם,נטורפוד בעמ,IL,גרנולה ש.שועל מלאה ו,גרמים,250.00,100 גרם,false,1,21.90,8.76,true,1,
7290017894225,false,גרנולה ש.שועל מלאה ואגוזים דגש 250 גרם,דגש,IL,גרנולה ש.שועל מלאה ו,גרמים,250.00,100 גרם,false,1,21.90,8.76,true,1,
7290017894256,false,"פריכיות מאורז מלא לל""ג דגש 230 גרם",דגש,,פריכיות מאורז מלא לל,גרמים,230.00,100 גרם,false,1,14.90,6.48,true,1,
7290017894270,false,אבקת אפייה ללא אלומיניום דגש 500 גרם,,IL,אבקת אפייה ללא אלומי,גרמים,500.00,100 גרם,false,1,18.90,3.78,true,1,
7290017894287,false,שקיות אוכל מנייר אקולוגי 50 יח,,IL,שקיות אוכל מנייר אקו,Unknown,0.00,Unknown,false,1,14.90,14.90,true,1,
7290017894300,false,גנדולה עוגיות כוסמין לימון אורגני 250,גנדולה,IT,גנדולה עוגיות כוסמין,גרמים,250.00,100 גרם,false,1,14.90,5.96,true,1,
7290017894317,false,גנדולה עוגיות כוסמין ש.ציפס אורגני 250,גנדולה,IT,גנדולה עוגיות כוסמין,גרמים,250.00,100 גרם,false,1,14.90,5.96,true,1,
7290017894324,false,חמאת אגוזי נמר קשיו וקקאו 350 גרם,,IT,חמאת אגוזי נמר קשיו,גרמים,350.00,100 גרם,false,1,33.90,9.69,true,1,
7290017894348,false,חמאת אגוזי נמר שקדים ופיסטוק 350 גרם,,IT,חמאת אגוזי נמר שקדים,גרמים,350.00,100 גרם,false,1,33.90,9.69,true,1,
7290017907208,false,תערובת קמח רב תכליתי לנמנעים מגלוטן,י.איטליאנו אחזקות בעמ,IL,קמח תמי רב תכליתי לל,גרמים,500.00,100 גרם,false,1,18.80,3.76,true,1,
7290017907215,false,קמח תמי למאפי שמרים ללא גלוטן 500 גרם,י.איטליאנו אחזקות בעמ,IL,קמח תמי למאפי שמרים,גרמים,500.00,100 גרם,false,1,18.80,3.76,true,1,
7290017910710,false,סכין אבטיח 6/12,,,סכין אבטיח 6/12,Unknown,0.00,Unknown,false,1,39.90,39.90,true,1,
7290017917283,false,מגבונים מילוי קמיל בלו ללא בישום רביעייה,"פישר תעשיות פרמצביטות בע""מ",IL,"מגבוני קמיל בלו ד""ר",Unknown,0.00,Unknown,false,1,19.90,19.90,true,1,
7290017917382,false,אל סבון היגייני לניקוי יסודי ולהרגע העור clean & calm,"פישר תעשיות פרמבצטיות בע""מ",IL,אל סבון נוזלי קמיל ב,ליטרים,0.00,ליטר,false,1,15.90,15.90,true,1,
7290017917467,false,קמיל בלו סנסטי בשיבולת שועל אל סבון טיפולי לתינוק,"פישר תעשיות פרמבצטיות בע""מ",IL,אל סבון קמיל בלו דר,ליטרים,0.00,ליטר,false,1,34.50,34.50,true,1,
7290017917559,false,ד.פישר בלונד מסכת הזנה לשיער בהיר 300 מל,פישר תעשיות פרמבצטיות בעמ,IL,"מסכה ד""ר פישר בלונד",מיליליטרים,300.00,"100 מ""ל",false,1,39.90,13.30,true,1,
7290017924014,false,מארז ציפס תפוחי עץ כרם 4*22 גרם,זנגנינג ג'יניו אינדו,,מארז ציפס תפוחי עץ כ,גרמים,88.00,100 גרם,false,1,17.90,20.34,true,1,
7290017924205,false,דפי אורז יסמין שחור 375 גרם,,VN,דפי אורז יסמין שחור,גרמים,375.00,100 גרם,false,1,14.90,3.97,true,1,
7290017924670,false,עדשים ירוקות אורגני 500 גרם,כרם תעשיות,IL,עדשים ירוקות אורגני,גרמים,500.00,100 גרם,false,1,11.90,2.38,true,1,
7290017924687,false,עדשים צהובות אורגני 500 גרם,כרם תעשיות,IL,עדשים צהובות אורגני,גרמים,500.00,100 גרם,false,1,12.50,2.50,true,1,
7290017924694,false,עדשים אדומות אורגני 500 גרם,כרם תעשיות,IL,עדשים אדומות אורגני,גרמים,500.00,100 גרם,false,1,11.50,2.30,true,1,
7290017924700,false,שעועית לבנה אורגני 500 גרם,כרם תעשיות,IL,שעועית לבנה אורגני 5,גרמים,500.00,100 גרם,false,1,11.50,2.30,true,1,
7290017924717,false,בורגול עבה אורגני 500 גרם,כרם תעשיות,IL,בורגול עבה אורגני 50,גרמים,500.00,100 גרם,false,1,7.90,1.58,true,1,
7290017924724,false,גרגירי חומוס אורגני 500 גרם,כרם תעשיות,IL,גרגירי חומוס אורגני,גרמים,500.00,100 גרם,false,1,10.90,2.18,true,1,
7290017924793,false,זרעי פשתן חומים אורגני 500 גרם,כרם תעשיות,IL,זרעי פשתן חומים אורג,גרמים,500.00,100 גרם,false,1,8.90,1.78,true,1,
7290017924816,false,קינואה לבנה מלאה אורגני 500 גרם,כרם תעשיות,IL,קינואה לבנה מלאה אור,גרמים,500.00,100 גרם,false,1,14.90,2.98,true,1,
7290017924830,false,גריסי פנינה אורגני 500 גרם,כרם תעשיות,IL,גריסי פנינה אורגני 5,גרמים,500.00,100 גרם,false,1,8.90,1.78,true,1,
7290017924847,false,עדשים שחורות אורגני 500 גרם,כרם תעשיות,IL,עדשים שחורות אורגני,גרמים,500.00,100 גרם,false,1,13.90,2.78,true,1,
7290017924854,false,קוואקר עבה אורגני 400 גרם,כרם תעשיות,IL,קוואקר עבה אורגני 40,גרמים,400.00,100 גרם,false,1,7.90,1.98,true,1,
7290017924861,false,"שמן זית אורגני כרם 750 מ""ל",,IT,שמן זית אורגני כרם 7,מיליליטרים,750.00,"100 מ""ל",false,1,37.90,5.05,true,1,
7290017924885,false,קוואקר דק אורגני 400 גרם,כרם תעשיות,IL,קוואקר דק אורגני 400,גרמים,400.00,100 גרם,false,1,7.90,1.98,true,1,
7290017925028,false,"בירה צ`רי שוף 8% 330מ""ל שלישייה",הכרם משקאות חריפים בעמ,BE,מארז בירה צרי שוף 3*,מיליליטרים,990.00,"100 מ""ל",false,1,27.90,2.82,true,1,
7290017925554,false,"חמישיית בירה לאגר באדוויזר 5*330 מ""ל+כוס",הכרם משקאות חריפים בעמ,,חמישיית בירה לאגר בא,מיליליטרים,1650.00,"100 מ""ל",false,1,32.90,1.99,true,1,
7290017925608,false,מיקלר ונגב -דזרט הייז 330מל,מיקלר אי פי אס,DK,מיקלר ונגב -דזרט היי,מיליליטרים,330.00,"100 מ""ל",false,1,13.90,4.21,true,1,
7290017925967,false,"מאגדת רביעיה בירה מלכה 4*330 מ""ל",הכרם - משקאות חריפים בעמ,IL,מאגדת רביעיה בירה מל,מיליליטרים,1320.00,"100 מ""ל",false,1,49.30,3.73,true,1,
7290017928036,false,מאיר בייגל מקלות גריסיני שומשום 175 גרם,מאיר את בייגל,IL,מקלות גריסיני שומשום,גרמים,175.00,100 גרם,false,1,12.50,7.14,true,1,
7290017928043,false,מקלות גריסיני קראנץ' מלח מאיר בייגל 175 גרם,מאיר את בייגל,IL,גריסיני קראנץ מלח 17,גרמים,175.00,100 גרם,false,1,12.50,7.14,true,1,
7290017928210,false,בייגלה גדול שומשום מאיר בייגל 250 גרם,מאיר את בייגל,IL,בייגלה גדול שומשום 2,גרמים,250.00,100 גרם,false,1,12.50,5.00,true,1,
7290017928432,false,מקלות גריסיני קראנץ' פרג מאיר בייגל 175 גרם,מאיר את בייגל,IL,גריסיני קראנץ פרג 17,גרמים,175.00,100 גרם,false,1,12.50,7.14,true,1,
7290017928449,false,בייגלה שטוחלה פרו מלח 170 גר`מאיר בייגל,מאיר את בייגל,IL,בייגלה שטוחלה פרו מל,גרמים,170.00,100 גרם,false,1,12.50,7.35,true,1,
7290017928463,false,מאיר בייגל -סמאש-שבורים בטעם דבש חרדל ובצל 300 גרם,דנשר (1963) בעמ,BG,סמאש שבורים בטעם דבש,גרמים,300.00,100 גרם,false,1,15.60,5.20,true,1,
7290017928609,false,בייגלה טבעות שומשום מאיר בייגל 300 גרם,מאיר את בייגל,IL,בייגלה טבעות שומשום,גרמים,300.00,100 גרם,false,1,12.50,4.17,true,1,
7290017928616,false,בייגלה שטוחלה שומשום 300 גר` מאיר בייגל,מאיר את בייגל,IL,בייגלה שטוחלה שומשום,גרמים,300.00,100 גרם,false,1,12.50,4.17,true,1,
7290017928630,false,מקלות גריסיני קראנץ' פינוקים מאיר בייגל 175 גרם,מאיר את בייגל,IL,גריסיני קראנץ פינוקי,גרמים,175.00,100 גרם,false,1,12.50,7.14,true,1,
7290017928661,false,מאיר בייגל -סמאש-שבורים בטעם צ'דר 300 גרם,"דנשר (1963) בע,מ",BG,סמאש שבורים בטעם צדר,גרמים,300.00,100 גרם,false,1,15.60,5.20,true,1,
7290017928746,false,פירורי בייגלה מאיר בייגל 200 גרם,דנשר (1963) בעמ,,פירורי בייגלה מאיר ב,גרמים,200.00,100 גרם,false,1,6.90,3.45,true,1,
7290017928807,false,בייגלה אצבעות שומשום מאיר בייגל 300 גרם,מאיר את בייגל,IL,בייגלה מקלות שומשום,גרמים,300.00,100 גרם,false,1,12.50,4.17,true,1,
7290017928821,false,מאיר בייגל מקלות גריסיני קלאסי 200 גרם,מאיר את בייגל,IL,מקלות גריסיני קלאסי,גרמים,200.00,100 גרם,false,1,12.50,6.25,true,1,
7290017932231,false,"סירופ מייפל טהור גאלה 250 מ""ל",בולדוק מייפל פרודקס,,סירופ מייפל טהור גאל,מיליליטרים,250.00,"100 מ""ל",false,1,33.90,13.56,true,1,
7290017932316,false,רוטב עגבניות לפסטה עם שמן זית 680 גר' דיניקולה,מור ים מרקטינג בעמ,,רוטב פסטה עגבניות שמ,מיליליטרים,680.00,"100 מ""ל",false,1,17.90,2.63,true,1,
7290017946566,false,נוזל ניקוי רצפות סוד לימון 4 ל,,IL,נוזל ניקוי רצפות סוד,ליטרים,0.00,ליטר,false,1,32.90,32.90,true,1,
7290017946764,false,מנקה מכונת כביסה 150 גר K2R,גורי שיווק בעמ,,מנקה מכונת כביסה 150,גרמים,150.00,100 גרם,false,1,24.90,16.60,true,1,
7290017962009,false,גרנולה וניל אגוזים 330 גרם,"דני וגלית בע""מ",IL,גרנולה וניל אגוזים 3,גרמים,330.00,100 גרם,false,1,21.90,6.64,true,1,
7290017962153,false,עוגיות כוסמין שקדים חמוציו טבעוני 230 גר,,,עוגיות כוסמין שקדים,גרמים,230.00,100 גרם,false,1,25.90,11.26,true,1,
7290017973005,false,קונפיטורה אוכמניות מעובדות רוסמן 900 גרם,"י.א.א עולם הפרי בע""מ",IL,קונפיטורה אוכמניות מ,גרמים,900.00,100 גרם,false,1,24.90,2.77,true,1,
7290017973029,false,קונפיטורה תות שדה רוסמן 900 גרם,"י.א.א עולם הפרי בע""מ",IL,קונפיטורה תות שדה רו,גרמים,900.00,100 גרם,false,1,24.90,2.77,true,1,
7290017973036,false,קונפיטורה פירות יער מעובדים רוסמן 900 גר,"י.א.א עולם הפרי בע""מ",IL,קונפיטורה פירות יער,גרמים,900.00,100 גרם,false,1,24.90,2.77,true,1,
7290017973067,false,קונפיטורה אוכמניות מרוסקות עם סוכר 900 ג,,IL,קונפיטורה אוכמניות מ,גרמים,900.00,100 גרם,false,1,24.90,2.77,true,1,
7290017973074,false,קונפיטורה אפרסק רוסמן 900 גרם,"י.א.א עולם הפרי בע""מ",IL,קונפיטורה אפרסק רוסמ,גרמים,900.00,100 גרם,false,1,24.90,2.77,true,1,
7290017973425,false,פילה הרינג אטלנטי בשמן ריגה סטאר 200 גרם,,LV,פילה הרינג אטלנטי,גרמים,200.00,100 גרם,false,1,7.90,3.95,true,1,
7290017973449,false,סרדינים בשמן צמחי 200 ג RIGA STAR,,,סרדינים בשמן צמחי 20,גרמים,200.00,100 גרם,false,1,7.90,3.95,true,1,
7290017973524,false,ממרח חצילים בצנצנת פרימיום סלקט 370 גר,,UA,ממרח חצילים בצנצנת פ,גרמים,370.00,100 גרם,false,1,7.90,2.14,true,1,
7290017973944,false,רצועות קלמרי מיובש ומומלח בטעם סרטן 90 ג,,,רצועות קלמרי מיובש,גרמים,90.00,100 גרם,false,1,14.60,16.22,true,1,
7290017973968,false,רצועות קלמרי מעושן מיובש ומומלח 90 גרם,,,רצועות קלמרי מעושן מ,גרמים,90.00,100 גרם,false,1,14.60,16.22,true,1,
7290017973975,false,רצועות קלמרי מיובש ומומלח עם פלפל צילי,,,רצועות קלמרי מיובש ו,גרמים,90.00,100 גרם,false,1,14.60,16.22,true,1,
7290017973999,false,פרוסות דג שיבוט אלבין מיובש ומומלח 100 ג,,,פרוסות דג שיבוט אלבי,גרמים,100.00,100 גרם,false,1,13.90,13.90,true,1,
7290017983134,false,יין אדיר כרם בן זמרה מקסלן רוזה 750 מל,,IL,יין אדיר כרם בן זמרה,Unknown,0.00,Unknown,false,1,93.90,93.90,true,1,
7290018011126,false,מאגדת שלגון אננס פסיפלורה ומנגו 5יח`,תמרה ארטיק בעמ,,מאגדת ארטיק סורבה קו,גרמים,400.00,100 גרם,false,1,42.90,10.73,true,1,
7290018011522,false,מאגדת ארטיק שוקולד בננה 5*80 גרם,תמרה ארטיק בעמ,,מאגדת ארטיק שוקולד ב,גרמים,400.00,100 גרם,false,1,42.90,10.73,true,1,
7290018011713,false,מאגדת ארטיק יוגורט תות מקופלת 5*80 גרם,תמרה ארטיק בעמ,,מאגדת ארטיק יוגורט ת,גרמים,400.00,100 גרם,false,1,42.90,10.73,true,1,
7290018038444,false,פיצה זוגית מרגריטה מבצק כוסמין 380 גר,פרוזן פקטורי,,פיצה זוגית מרגריטה מ,גרמים,380.00,100 גרם,false,1,26.50,6.97,true,1,
7290018038888,false,פיצה זוגית מרגריטה פרמזן 380 גר,פרוזן פקטורי,,פיצה זוגית מרגריטה פ,גרמים,380.00,100 גרם,false,1,26.50,6.97,true,1,
7290018043585,false,"משקה מי חלבון בטעם פירות יער פראוד 500 מ""ל",,NL,פראוד מי חלבון בטעם,מיליליטרים,500.00,"100 מ""ל",false,1,15.90,3.18,true,1,
7290018045084,false,BON&BON דגנים במילוי קרם בטעם בראוניז 480 גרם,ר.ב. מוצרי דגנים בעמ,DE,דגניםבמילוי קרם טעם,מטרים,0.00,מטר,false,1,23.90,23.90,true,1,
7290018045695,false,דגני בוקר בון בון במילוי קרם בטעם קרמל מ,ר.ב. מוצרי דגנים בעמ,DE,דגניםבמילוי קרם קרמל,מטרים,0.00,מטר,false,1,23.90,23.90,true,1,
7290018045893,false,דגני בוקר בון בון במילוי קרם נוגט 480 גר,ר.ב. מוצרי דגנים בעמ,DE,דגניםבמילוי קרם נוגט,מטרים,0.00,מטר,false,1,23.90,23.90,true,1,
7290018071250,false,כפפות פלסטיק M שחורות אלסטיות 100 יחידות,אינטרסן (1996) בעמ,CN,כפפות פלסטיק שחורות,יחידה,1.00,יחידה,false,1,10.40,10.40,true,1,
7290018071267,false,כפפות פלסטיק L שחורות אלסטיות 100 יחידות,אינטרסן (1996) בעמ,CN,כפפות פלסטיק שחורות,יחידה,1.00,יחידה,false,1,10.40,10.40,true,1,
7290018075029,false,מרסס שמן לחצן משאבה,,,מרסס שמן לחצן משאבה,Unknown,0.00,Unknown,false,1,39.90,39.90,true,1,
7290018076583,false,משחיז סכינים שלושה ש,,,משחיז סכינים שלושה ש,Unknown,0.00,Unknown,false,1,99.90,99.90,true,1,
7290018076590,false,אדוני סטון רוסטר גרי,,,אדוני סטון רוסטר גרי,Unknown,0.00,Unknown,false,1,399.00,399.00,true,1,
7290018076613,false,שיש מחבת גריל 28 סמ,,,שיש מחבת גריל 28 סמ,Unknown,0.00,Unknown,false,1,329.00,329.00,true,1,
7290018076729,false,מייבש כלים אלומיניום,,,מייבש כלים אלומיניום,Unknown,0.00,Unknown,false,1,219.00,219.00,true,1,
7290018076767,false,קולפן Y שוויצרי משונ,,,קולפן Y שוויצרי משונ,Unknown,0.00,Unknown,false,1,26.90,26.90,true,1,
7290018076897,false,בקבוק טרמי נירוסטה 5,,,בקבוק טרמי נירוסטה 5,Unknown,0.00,Unknown,false,1,69.90,69.90,true,1,
7290018076996,false,מרסס שמן לחצן משאבה,,,מרסס שמן לחצן משאבה,Unknown,0.00,Unknown,false,1,59.90,59.90,true,1,
7290018080313,false,מגבון חיטוי וניקוי העור 60 מגבונים,,,מגבון חיטוי וניקוי ה,Unknown,0.00,Unknown,false,1,13.90,13.90,true,1,
7290018080320,false,מגבון לחיטוי וניקוי ידיים וגוף TOGO,,,מגבון חיטוי וניקוי ה,Unknown,0.00,Unknown,false,1,19.90,19.90,true,1,
7290018091029,false,מקלות פילו תפוחי אדמה מעדנות 450 ג',תנובה ענף ב.ע.ד,IL,מקלות פילו תפוחי,גרמים,450.00,100 גרם,false,1,19.80,4.40,true,1,
7290018091074,false,בצק עוגיות שוקולד צ'יפס 300 גרם מעדנות,תנובה מרכז שיתופי לשיווק תוצרת,IL,בצק עוגיות שוקולד צי,גרמים,300.00,100 גרם,false,1,17.90,5.97,true,1,
7290018091234,false,פיצה מקסיקנית מעדנות 200 גרם,תנובה מעדנות,,פיצה מקסיקנית מעדנות,גרמים,260.00,100 גרם,false,1,17.70,6.81,true,1,
7290018091272,false,בצק עוגיות קקאו טריפל שוקולד צ'יפס 300 גרם מעדנות,תנובה מרכז שיתופי לשיווק תוצרת,IL,בצק עוגיות קקאו טריפ,גרמים,300.00,100 גרם,false,1,17.90,5.97,true,1,
7290018091616,false,מקלות פילו גבינה מעדנות 450 גרם,מיוצר עי קונדיטוריית,IL,מקלות פילו גבינה 450,גרמים,450.00,100 גרם,false,1,19.80,4.40,true,1,
7290018091661,false,פיצה ירקות שוק מעדנות 380 גרם,תנובה מרכז שיתופי לשיווק תוצרת,,פיצה ירקות שוק מעדנו,גרמים,330.00,100 גרם,false,1,21.90,6.64,true,1,
7290018098486,false,פיצה מרגריטה מקמח כוסמין טבעוני 350 גרם פרווה,גורי מוצרי צריכה (1991) בעמ,IL,פיצה מרגריטה 350 גרם,גרמים,350.00,100 גרם,false,1,21.90,6.26,true,1,
7290018115039,false,אבוקדו מוכן לאכילה,ביכורי השדה צפון 1994 ג.ד. בעמ,,אבוקדו בשל,Unknown,0.00,Unknown,false,1,14.90,14.90,true,1,
7290018127032,false,חטיף תמר אגוזים 220 גרם,רום גת,IL,חטיף תמר אגוזים 220,גרמים,220.00,100 גרם,false,1,34.90,15.86,true,1,
7290018131534,false,מאגדת מיני בייטס מילקה 201 גרם,שוורצקוף& הנקל דיסלד,,מאגדת מיני בייטס מיל,גרמים,201.00,100 גרם,false,1,23.90,11.89,true,1,
7290018131558,false,מאגדת מיני בייטס אוראו 201 גרם,שוורצקוף& הנקל דיסלד,,מאגדת מיני בייטס אור,גרמים,201.00,100 גרם,false,1,23.90,11.89,true,1,
7290018131756,false,מאגדת שלגון וניל מצופה תות נסטלה 440 גרם,נגה גלידות שותפות מוגבלת,,מאגדת שלגון וניל מצו,גרמים,450.00,100 גרם,false,1,31.50,7.00,true,1,
7290018131831,false,נסטלה מאגדת שלגון מילקה וניל חדש8 4*66ג,נגה גלידות שותפות מוגבלת,,מאגדת שלגון מילקה 28,גרמים,284.00,100 גרם,false,1,36.90,12.99,true,1,
7290018131855,false,אקסטרים טילון בראוניז בדצ מאגדת 6*72 גרם נסטלה,נגה גלידות שותפות מוגבלת,IL,אקסטרים טילון בראוני,גרמים,432.00,100 גרם,false,1,33.90,7.85,true,1,
7290018131879,false,אקסטרים טילון חלב בדצ מאגדת 6*72 גרם נסטלה,נגה גלידות שותפות מוגבלת,IL,אקסטרים טילון ריבת ח,גרמים,432.00,100 גרם,false,1,33.90,7.85,true,1,
7290018131954,false,מאגדת לה פרוטה תות שוקולד נסטלה 350 גרם,נגה גלידות שותפות מוגבלת,,לה פרוטה תות נסטלה 3,מיליליטרים,350.00,"100 מ""ל",false,1,34.50,9.86,true,1,
7290018132340,false,"מטרנה גולד בד""צ שלב 1 700 גר`",קבוצת אוסם סחר שותפות מוגבלת,,מטרנה גולד שלב 1 700,גרמים,700.00,100 גרם,false,1,74.90,10.70,true,1,
7290018132388,false,"מטרנה גולד בד""ץ שלב 2 700 גרם",קבוצת אוסם סחר שותפות מוגבלת,,מטרנה גולד שלב 2 700,גרמים,700.00,100 גרם,false,1,74.90,10.70,true,1,
7290018156124,false,"אל סבון קמיל צבעוני ד""ר פישר שלישיה* 500 מ""ל","פישר תעשיות פרמבצטיות בע""מ",IL,אל סבון קמיל בלו צבע,ליטרים,0.00,ליטר,false,1,19.90,19.90,true,1,
7290018156490,false,סרקל מרכך קיץ מסייע בטיפול בנזקי הקיץ והכלור,"ד""ר פישר Dr fischer",,"מרכך סרקל 750 מ""ל",מיליליטרים,750.00,"100 מ""ל",false,1,25.60,3.41,true,1,
7290018156513,false,"ד""ר פישר - אלכוג'ל מגבונים היגיינים לידיים 40 יח'",,IL,מגבונים היגיינים ליד,Unknown,0.00,Unknown,false,1,31.50,31.50,true,1,
7290018171240,false,"OS+ שמפו חומצה היאלרונית 450 מ""ל",,IL,OS+ שמפו חומצה היאלר,מיליליטרים,450.00,"100 מ""ל",false,1,34.90,7.76,true,1,
7290018171264,false,"OS+ סבון נוזלי שמן עץ התה 500 מ""ל",,IL,OS+ סבון נוזלי שמן ע,מיליליטרים,500.00,"100 מ""ל",false,1,34.90,6.98,true,1,
7290018171509,false,OS+ פסיליום אורגני 300 גרם,,IN,OS+ פסיליום אורגני 3,גרמים,300.00,100 גרם,false,1,39.90,13.30,true,1,
7290018182017,false,PHARMA DENTקיסמי שיניים משולבים בחוט דנטלי בתוספת פחם במבוק 36יח',פארמה דיל (פ.א.ב.) שיווק והפצה,,קיסמי שיניים משולב ב,יחידה,1.00,יחידה,false,1,9.90,9.90,true,1,
7290018182291,false,מקלוני נייר לבן עם צמר גפן צבע צהו200 יח,,,מקלוני נייר לבן עם צ,יחידה,1.00,יחידה,false,1,6.90,6.90,true,1,
7290018182307,false,מקלוני נייר לבן עם צמר גפן צבעוני 200 יח,,,מקלוני נייר לבן עם צ,יחידה,1.00,יחידה,false,1,6.90,6.90,true,1,
7290018192023,false,מקלות סלרי ארוז יח',קונס`-מרינה פטריות הגליל בעמ*ש,,גבעול סלרי,Unknown,0.00,Unknown,false,1,5.90,5.90,true,1,
7290018197806,false,"וריטאס גל ניקוי לפנים 200 מ""ל",,IL,וריטאס גל ניקוי לפני,מיליליטרים,200.00,"100 מ""ל",false,1,99.90,49.95,true,1,
7290018198056,false,"תפוגן קוביות תפוחי אדמה 1.5 ק""ג",קבוצת אוסם סחר שותפות מוגבלת,,ציפס קוביות תפוגן 1.,גרמים,1500.00,100 גרם,false,1,27.50,1.83,true,1,
7290018198148,false,"תפוגן צ'יפס קריספי קלאסי 1.25 ק""ג",קבוצת אוסם סחר-שות.מוגבלת,IL,תפוגן קריספי ציפס קל,גרמים,1250.00,100 גרם,false,1,26.50,2.12,true,1,
7290018236635,false,עוף טוב צ'ונגו פופקורן מצופה 600 גרם,קבוצת אוסם סחר שותפות מוגבלת,,עוף טוב צונגו פופקור,גרמים,600.00,100 גרם,false,1,34.90,5.82,true,1,
7290018237922,false,שניצלונים ציפוי צ'יפס עוף טוב 700 גרם,קבוצת אוסם סחר שותפות מוגבלת,,שניצלונים ציפוי ציפס,גרמים,700.00,100 גרם,false,1,22.90,3.27,true,1,
7290018237939,false,שניצלונים ציפוי שומשום עוף טוב 700 גרם,קבוצת אוסם סחר שותפות מוגבלת,IL,שניצלונים ציפוי שומש,גרמים,700.00,100 גרם,false,1,22.90,3.27,true,1,
7290018249055,false,"סוויטנגו כמו סוכר באריזה אישי, 300 גרם",אבאל יזמות בעמ,,ממתיק סוויטאנגו 100,גרמים,300.00,100 גרם,false,1,32.90,10.97,true,1,
7290018249154,false,ממרח קקאו עם אגוזי סוויטאנגו 350 גר`,י.איטליאנו אחזקות בעמ,,ממרח קקאו סוויטאנגו,גרמים,350.00,100 גרם,false,1,33.90,9.69,true,1,
7290018249352,false,אינסטנט פודינג קרמל סוויטאנגו 55 גר,מתבל תעשיות מזון,,אינסטנט פודינג קרמל,גרמים,55.00,100 גרם,false,1,12.90,23.45,true,1,
7290018249550,false,אינסטנט פודינג שוקולד סוויטאנגו 55 גר,י.איטליאנו אחזקות בעמ,,אינסטנט פודינג שוקול,גרמים,55.00,100 גרם,false,1,12.90,23.45,true,1,
7290018249727,false,תחליף אבקת סוכר 400 גרם- סוויטנגו,מתבל תעשיות מזון,,אבקת ממתיק סוכר סווי,גרמים,400.00,100 גרם,false,1,39.90,9.98,true,1,
7290018249802,false,ממתיק סוויטאנגו צנצנת 280 גרם,י.איטליאנו אחזקות בעמ,IL,ממתיק סוויטאנגו 280,גרמים,200.00,100 גרם,false,1,31.50,15.75,true,1,
7290018249994,false,סוויטאנגו תחליף סוכר ממתיק 700 גר',מתבל תעשיות מזון,IL,סוויטאנגו 700 גרם,גרמים,700.00,100 גרם,false,1,56.90,8.13,true,1,
7290018282731,false,אל סבון מרובעים שלישה סוגים שונים500 מל,פארמה דיל (פ.א.ב.) שיווק והפצה,IL,אל סבון מרובע 500 מל,מיליליטרים,500.00,"100 מ""ל",false,1,9.90,1.98,true,1,
7290018285145,false,קוסקוס איטלקי דר שקשוקה 500 גרם,ציון תורג`מן בעמ,,קוסקוס איטלקי דר שקש,גרמים,500.00,100 גרם,false,1,9.90,1.98,true,1,
7290018293805,false,מיץ עגבניות אורגני 1 ליטר,,,מיץ עגבניות אורגני 1,מיליליטרים,1000.00,"100 מ""ל",false,1,17.90,1.79,true,1,
7290018294208,false,"סלקטדאדום ישראלי יבש כרמל 750 מ""ל",אגודת הכורמים בעמ,,יין אדום ישראלי 750,Unknown,0.00,Unknown,false,1,30.90,30.90,true,1,
7290018294369,false,"תירוש מיץ ענבים טבעי 700 מ""ל",יקבי כרמל Carmel Winery,,"תירוש אדום 700 מ""ל",מיליליטרים,700.00,"100 מ""ל",false,1,14.90,2.13,true,1,
7290018294918,false,"יין מונלייט מוסקטו ורוד מבעבע 750 מ""ל",אגודת הכורמים -כרמל מזרחי,,יין מונלייט מוסקטו ו,Unknown,0.00,Unknown,false,1,35.90,35.90,true,1,
7290018313237,false,אדוני סט 4 חל : סיר,,,אדוני סט 4 חל : סיר,Unknown,0.00,Unknown,false,1,279.00,279.00,true,1,
7290018328033,false,קרם לחות מקדם הגנה כליל spf20,,IL,קרם לחות מקדם הגנה כ,Unknown,0.00,Unknown,false,1,189.90,189.90,true,1,
7290018328088,false,"קרם הזנה ללילה כליל 50 מ""ל",,IL,קרם הזנה ללילה כליל,מיליליטרים,50.00,"100 מ""ל",false,1,199.90,399.80,true,1,
7290018338001,false,חלבון אפונה אורגני 200 גרם,תבואות,,חלבון אפונה אורגני 2,גרמים,200.00,100 גרם,false,1,29.90,14.95,true,1,
7290018338049,false,"שמן אבוקדו כבישה קרה 250 מ""ל",פולאן פולסקו,ES,שמן אבוקדו כבישה קרה,מיליליטרים,250.00,"100 מ""ל",false,1,22.90,9.16,true,1,
7290018338070,false,חיטה פריקי טבעי 500 גרם,תבואות,,חיטת פריקי 500 גרם,גרמים,500.00,100 גרם,false,1,12.90,2.58,true,1,
7290018338100,false,טחינה אורגנית משומשו,תבואות,,טחינה אורגנית 500 גר,גרמים,500.00,100 גרם,false,1,16.90,3.38,true,1,
7290018338193,false,כורכום טחון אורגני 90 גרם,,IN,כורכום טחון אורגני 9,Unknown,0.00,Unknown,false,1,14.90,14.90,true,1,
7290018338230,false,קינמון טחון אורגני 90 גרם,,IN,קינמון טחון אורגני 9,גרמים,90.00,100 גרם,false,1,14.90,16.56,true,1,
7290018338247,false,כמון טחון אורגני 90 גרם,,IN,כמון טחון אורגני 90,גרמים,90.00,100 גרם,false,1,14.90,16.56,true,1,
7290018338254,false,ג'ינג'ר טחון אורגני 75 גר,,IN,אבקת גינגר אורגני 75,גרמים,75.00,100 גרם,false,1,14.90,19.87,true,1,
7290018338285,false,גאראם מסאלה אורגני 90 גר,,IN,גראם מסאלה אורגני 90,גרמים,90.00,100 גרם,false,1,14.90,16.56,true,1,
7290018338377,false,פלפל קאיין אורגני 90 גרם,,IN,פלפל קאיין אורגני 90,גרמים,90.00,100 גרם,false,1,14.90,16.56,true,1,
7290018338384,false,ממתיק אריתריטול 310,,CN,אריתריטול 310 גרם,גרמים,310.00,100 גרם,false,1,19.90,6.42,true,1,
7290018338445,false,פניני טפיוקה גדול 400 גרם,,,פניני טפיוקה גדול 40,גרמים,400.00,100 גרם,false,1,8.90,2.23,true,1,
7290018338681,false,ספגטי דורום מלא אורגני 500 גרם,תבואות,,ספגטי דורום מלא אורג,גרמים,500.00,100 גרם,false,1,8.90,1.78,true,1,
7290018338698,false,פנה דורום מלא אורגני 500 גרם,תבואות,,פנה דורום מלא אורגני,גרמים,500.00,100 גרם,false,1,8.90,1.78,true,1,
7290018338759,false,אבקת שום אורגני 80 גרם,,IN,אבקת שום אורגני 80 ג,גרמים,80.00,100 גרם,false,1,14.90,18.63,true,1,
7290018338766,false,עלי דפנה שלמים אורגני 30 גרם,,IN,עלי דפנה שלמים אורגנ,גרמים,30.00,100 גרם,false,1,14.90,49.67,true,1,
7290018338827,false,פסטה כוסמין עדש וקינואה אורגני 400 גרם,תבואות,IT,פסטה כוסמין עדש וקינ,גרמים,400.00,100 גרם,false,1,19.90,4.98,true,1,
7290018338896,false,תה ירוק לימונית לואיזה אורגני 37.5 גרם,,LK,תה ירוק לימונית לואי,גרמים,38.00,100 גרם,false,1,14.90,39.21,true,1,
7290018338902,false,תה ירוק בתוספת מאצה אורגני 37.5 גרם,,LK,תה ירוק בתוספת מאצה,גרמים,38.00,100 גרם,false,1,14.90,39.21,true,1,
7290018338957,false,מחית תפוח אוכמניות רימון אורגני 100 גרם,תבואות,IT,מחית תפוח אוכמניות ר,גרמים,100.00,100 גרם,false,1,4.90,4.90,true,1,
7290018338964,false,מחית תפוח אורגני 100 גרם,תבואות,IT,מחית תפוח אורגני 10,גרמים,100.00,100 גרם,false,1,4.90,4.90,true,1,
7290018338971,false,מחית שזיף אורגני 100 גרם,תבואות,IT,מחית שזיף אורגני 100,גרמים,100.00,100 גרם,false,1,4.90,4.90,true,1,
7290018338988,false,מחית תפוח אננס קוקוס אורגני 100 גרם,תבואות,IT,מחית תפוח אננס קוקוס,גרמים,100.00,100 גרם,false,1,4.90,4.90,true,1,
7290018343333,false,"ד""ר פישר - פרפקט קרלס מסכת הזנה לשיער מתולתל 300 מ""ל",פישר תעשיות פרמצבטיות בעמ,,"מסיכת הזנה ד""ר פישר",מיליליטרים,300.00,"100 מ""ל",false,1,39.90,13.30,true,1,
7290018343340,false,"ד""ר פישר - שמפו משקם לאחר החלקה ללא תוספת מלח 400 מ""ל",פישר תעשיות פרמבצטיות בעמ,,"שמפו משקם ד""ר פישר ל",מיליליטרים,400.00,"100 מ""ל",false,1,39.90,9.98,true,1,
7290018343388,false,"ספריי אלכו גל 100 מ""ל",פישר תעשיות פרמבצטיות בעמ,IL,"ספריי אלכוגל 100 מ""ל",מיליליטרים,100.00,"100 מ""ל",false,1,24.90,24.90,true,1,
7290018343630,false,ד.פישר אפקטיב קר קרם גוף מועשר חמאת קקאו,פישר תעשיות פרמבצטיות בעמ,,"קרם גוף אפקטיב קר ד""",מיליליטרים,450.00,"100 מ""ל",false,1,24.90,5.53,true,1,
7290018344095,false,חטיף חלבון בטעם בוטנים מלח 50 ג' VEG PROTEIN,אבאל יזמות בעמ,IL,חטיף חלבון בוטנים ומ,גרמים,50.00,100 גרם,false,1,9.90,19.80,true,1,
7290018344101,false,חטיף חלבון בטעם קקאו וקפה 50 ג' VEG PROTEIN,אבאל יזמות בעמ,IL,חטיף חלבון קקאו קפה,גרמים,50.00,100 גרם,false,1,9.90,19.80,true,1,
7290018344736,false,"טבע ירוק עוגיות כוסמין שוקולד לל""ס 200 ג",אבאל יזמות בעמ,IL,טבע ירוק עוגיות כוסמ,גרמים,200.00,100 גרם,false,1,24.90,12.45,true,1,
7290018359334,false,רכז עגבניות טבעי פריכוז שף יכין 580 גרם,זנלכל בעמ,IL,רכז עגבניות טבעי פרי,גרמים,580.00,100 גרם,false,1,10.90,1.88,true,1,
7290018359495,false,תירס מהשדה בלי תוספת סוכר יכין 550 גרם,היינץ צפון אמריקה מק,IL,תירס מהשדה ללא תוספת,גרמים,550.00,100 גרם,false,1,9.90,1.80,true,1,
7290018359518,false,תירס מהשדה בלי תוספת סוכר יכין מארז 200X3 גר',היינץ צפון אמריקה מק,,תירס מהשדה יכין 200*,גרמים,600.00,100 גרם,false,1,14.90,2.48,true,1,
7290018359556,false,תירס מהשדה בלי תוספת סוכר יכין 400 גרם,זנלכל בעמ,IL,תירס מהשדה יכין 400,גרמים,400.00,100 גרם,false,1,6.90,1.73,true,1,
7290018359570,false,"שלישיית שעועית צ'ילי ""הקטניה הטובה"" יכין",זנלכל בעמ,,שעועית צילי הקטניה,גרמים,600.00,100 גרם,false,1,12.90,2.15,true,1,
7290018359587,false,חומוס שלם הקטניה הטובה יכין מארז 3*200,זנלכל בעמ,,חומוס הקטניה הטובה י,גרמים,600.00,100 גרם,false,1,12.90,2.15,true,1,
7290018359655,false,פטריות לתוכות יכין מארז 3*200ג,זנלכל בעמ,,פטריות חתוכות יכין 1,גרמים,185.00,100 גרם,false,1,11.90,6.43,true,1,
7290018359679,false,הקיסרית-שעועית לימה יכין 550 גרם,קריות זול,IL,שעועית לימה הקיסרית,גרמים,550.00,100 גרם,false,1,9.90,1.80,true,1,
7290018359686,false,יכין חומוס גדול 550 גר A2,היינץ צפון אמריקה מק,IL,חומוס ענק יכין 550 ג,גרמים,550.00,100 גרם,false,1,9.90,1.80,true,1,
7290018359860,false,רסק עגבניות ליקופן טבעי 2*200גר יכין .,זנלכל בעמ,,רסק עגבניות ליקופן ט,גרמים,400.00,100 גרם,false,1,14.90,3.73,true,1,
7290018359938,false,"רוטב עגבניות לשקשוקה יכין, 400 גרם",זנלכול יכין,,רוטב עגבניות לשקשוקה,גרמים,400.00,100 גרם,false,1,11.90,2.98,true,1,
7290018359945,false,רוטב עגבניות פיקנטי מפלפלים וירקות יכין 400 גרם,זנלכול יכין,,רוטב פיקנטי חאריפה י,גרמים,400.00,100 גרם,false,1,11.90,2.98,true,1,
7290018359952,false,רוטב עגבניות לפסטה יכין 400 גרם,זנלכול יכין,,רוטב עגבניות לפסטה י,גרמים,400.00,100 גרם,false,1,11.90,2.98,true,1,
7290018359969,false,רוטב עגבניות לפיצה 400 גרם יכין,זנלכול יכין,,רוטב עגבניות לפיצה י,גרמים,400.00,100 גרם,false,1,11.90,2.98,true,1,
7290018371053,false,"תרסיס שמן קנולה אורגני השדה 200 מ""ל",השדה מוצרים טבעיים ו,TR,תרסיס שמן קנולה אורג,מיליליטרים,200.00,"100 מ""ל",false,1,22.90,11.45,true,1,
7290018371060,false,"תרסיס שמן זית אורגני השדה 200 מ""ל",השדה מוצרים טבעיים ו,TR,תרסיס שמן זית אורגני,מיליליטרים,200.00,"100 מ""ל",false,1,33.90,16.95,true,1,
7290018371091,false,בייגלה אורגני מקמח כוסמין ללא מלח 200 גר,השדה מוצרים טבעיים ו,IL,בייגלה כוסמין שומשום,גרמים,200.00,100 גרם,false,1,16.90,8.45,true,1,
7290018371169,false,זיתים ירוקים ללא גלעינים אורגני 290 גרם,השדה מוצרים טבעיים ו,GR,זיתים ירוקים ללא גלע,גרמים,290.00,100 גרם,false,1,14.90,5.14,true,1,
7290018371237,false,"חמאת בוטנים קראנץ ללת""ס/מלח אורגני 400 ג",סנקי,IL,חמאת בוטנים קראנץ לל,גרמים,400.00,100 גרם,false,1,22.90,5.73,true,1,
7290018371299,false,אובלטים אורגניים מקמח חומוס 100 גרם,השדה מוצרים טבעיים ו,IL,אובלטים מקמח חומוס א,גרמים,100.00,100 גרם,false,1,12.90,12.90,true,1,
7290018371305,false,אובלטים מקמח עדשים אדומות אורגני 100 גרם,השדה מוצרים טבעיים ו,IL,אובלטים מקמח עדשים א,גרמים,100.00,100 גרם,false,1,12.90,12.90,true,1,
7290018371312,false,אובלטים מקמח כוסמת אורגני 100 גרם,אם החיטה,IL,אובלטים מקמח כוסמת א,גרמים,100.00,100 גרם,false,1,12.90,12.90,true,1,
7290018371466,false,וופל קמח מלא חרובים אורגני 200 גרם,השדה מוצרים טבעיים ו,IL,וופל קמח מלא חרובים,גרמים,200.00,100 גרם,false,1,12.90,6.45,true,1,
7290018371503,false,וופל קמח כוסמין אגוזים אורגני 200 גרם,השדה מוצרים טבעיים ו,IL,וופל קמח כוסמין אגוז,גרמים,200.00,100 גרם,false,1,15.90,7.95,true,1,
7290018371572,false,פסטה כוסמין קונכיה השדה 400 גר,,,פסטה כוסמין קונכיה ה,גרמים,400.00,100 גרם,false,1,19.90,4.98,true,1,
7290018371596,false,קוביות וופלים כוסמין לימון אורגני 200 גר,רוקחמן,IL,קוביות וופלים כוסמין,גרמים,200.00,100 גרם,false,1,16.90,8.45,true,1,
7290018380017,false,מלפפון בחומץ 13-17+ 20 % 670 ג' תומר,,IL,מלפפון בחומץ 13-17 +,גרמים,670.00,100 גרם,false,1,8.90,1.33,true,1,
7290018380024,false,מלפפון במלח 13-17+ 20 % 670 ג' תומר,,IL,מלפפון במלח 13-17 +,גרמים,670.00,100 גרם,false,1,9.40,1.40,true,1,
7290018380031,false,מלפפון בחומץ 18-25+ 20 % 670 ג' תומר,,IL,מלפפון בחומץ 18-25 +,גרמים,670.00,100 גרם,false,1,9.90,1.48,true,1,
7290018380130,false,פלפל שיפקה חריף A2 תומר 540 גרם,,IL,פלפל שיפקה חריף 540,גרמים,540.00,100 גרם,false,1,6.30,1.17,true,1,
7290018380147,false,חצילים כבושים A2 תומר 550 גרם.,,IL,חצילים כבושים 540 גר,גרמים,540.00,100 גרם,false,1,6.90,1.28,true,1,
7290018380406,false,עוגיות בטעם חמאה בפח 114 גרם,ESS PEE,,עוגיות בטעם חמאה 114,גרמים,114.00,100 גרם,false,1,6.90,6.05,true,1,
7290018380505,false,"אורז פרסי ארוך 1 ק""ג ""תומר""",,TH,אורז פרסי לבן ארוך 1,גרמים,1000.00,100 גרם,false,1,7.90,0.79,true,1,
7290018380529,false,לבבות דקל חתיכות תומר 400 גרם,אינקופלמיטו אס.אי,EC,לבבות דקל חתיכות תומ,גרמים,400.00,100 גרם,false,1,6.90,1.73,true,1,
7290018380550,false,"סקוויז מחית תפו""ע ותות 100 גרם",,,"סקוויז מחית תפו""ע ות",גרמים,100.00,100 גרם,false,1,5.90,5.90,true,1,
7290018380628,false,צלפים שלמים עם גבעול בחומץ תומר 370 גרם,תומר יבוא ושיווק מוצרי מזון (1,MA,צלפים עם גבעול במי מ,גרמים,370.00,100 גרם,false,1,13.50,3.65,true,1,
7290018380819,false,רגא'מה תבשיל הודי חצילים 300 גרם,,,תבשיל הודי חצילים 30,גרמים,300.00,100 גרם,false,1,11.90,3.97,true,1,
7290018380840,false,ניוקי תפוחי אדמה 500 ג' לה פסטה,,IL,לה פסטה קפוא ניוקי 5,גרמים,500.00,100 גרם,false,1,14.90,2.98,true,1,
7290018380857,false,לה פסטה קפוא ניוקי מיני 500 גרם,,IL,לה פסטה קפוא ניוקי מ,גרמים,500.00,100 גרם,false,1,14.90,2.98,true,1,
7290018380864,false,לה פסטה קפוא ניוקי צבעוני 500 גרם,,IL,לה פסטה קפוא ניוקי צ,גרמים,500.00,100 גרם,false,1,14.90,2.98,true,1,
7290018394038,false,פטריות שיטאקה מיובשות חוות תקוע 25 גרם,ביכורי השדה צפון 1994 ג.ד. בעמ,,פיטריות שיטאקי מיובש,Unknown,0.00,Unknown,false,1,10.90,10.90,true,1,
7290018394083,false,שופ פנינה חוות תקוע 200 גרם,FOODS YOKID QINGADO,,שום פנינה 250 גר,גרמים,250.00,100 גרם,false,1,21.90,8.76,true,1,
7290018400036,false,חגיגת טעמים כתומים לתנור סנפרוסט 800 גרם,תנובה קפואים,IL,חגיגת טעמים כתומים,גרמים,800.00,100 גרם,false,1,22.90,2.86,true,1,
7290018400609,false,פיאסטה מקסיקנית סנפרוסט 800 גרם,"סנפרוסט בע""מ",IL,פיאסטה מקסיקנית סנפר,גרמים,800.00,100 גרם,false,0,27.50,3.44,true,1,
7290018400647,false,סנפרוסט סמודיז בננה תמר 300 גרם SMOOTHI,תנובה ענף ב.ע.ד,,סמודיז בננה תמר סנפר,גרמים,300.00,100 גרם,false,1,18.90,6.30,true,1,
7290018400807,false,טברנה יוונית סנפרוסט 800 גרם,"סנפרוסט בע""מ",IL,טברנה יוונית סנפרוסט,גרמים,800.00,100 גרם,false,0,27.50,3.44,true,1,
7290018440070,false,תרכיז עגבניות בשפורפרת 28BX בלה איטליה 200 ג',תה ויסוצקי (ישראל) בעמ,,תרכיז עגבניות בשפורפ,גרמים,200.00,100 גרם,false,1,9.40,4.70,true,1,
7290018440223,false,תה צ'אי מסאלה 25 שקיקים ויסוצקי,תה ויסוצקי (ישראל) בעמ,,צאי מסאלה 25 שקיקים,גרמים,50.00,100 גרם,false,1,21.90,43.80,true,1,
7290018440230,false,תה צ'אי ורדים 25 שקיקים ויסוצקי,תה ויסוצקי (ישראל) בעמ,,צאי ורדים 25 שקיקים,גרמים,50.00,100 גרם,false,1,21.90,43.80,true,1,
7290018440247,false,תה צ'אי שקדים0 25 שקיקים ויסוצקי,תה ויסוצקי (ישראל) בעמ,,צאי שקדים 25 שקיקים,גרמים,50.00,100 גרם,false,1,21.90,43.80,true,1,
7290018440254,false,תה צ'אי קרמל מלוח 25 שקיקים ויסוצקי,תה ויסוצקי (ישראל) בעמ,,צאי קרמל מלוח 25 שק,גרמים,50.00,100 גרם,false,1,21.90,43.80,true,1,
7290018440384,false,תה ירוק מאטה לימון נענע ויסוצקי 25 יחידות,תה ויסוצקי (ישראל) בעמ,,תה ירוק מאטה לימון נ,גרמים,400.00,100 גרם,false,1,24.90,6.23,true,1,
7290018440391,false,תה ירוק מאטה נענע גוארנה ויסוצקי 25 יחידות,תה ויסוצקי (ישראל) בעמ,,תה ירוק מאטה נענע גו,גרמים,400.00,100 גרם,false,1,24.90,6.23,true,1,
7290018440407,false,מאטה תה ירוק מאטה בטעם קקאו ואגוזי לוז,תה ויסוצקי (ישראל) בעמ,,תה ירוק מאטה קקאו לו,גרמים,400.00,100 גרם,false,1,24.90,6.23,true,1,
7290018440438,false,Calvo טונה בשמן זית פתיחה קלה 3 * 65 גרם,תה ויסוצקי (ישראל) בעמ,ES,טונה קאלוו איזי פליפ,גרמים,195.00,100 גרם,false,1,25.90,13.28,true,1,
7290018440445,false,טונה קאלוו בשמן זית 160 גר,"קאלוו קונסרבס ס.ל.יו. ,",,טונה קאלוו בשמן זית,גרמים,160.00,100 גרם,false,1,16.90,10.56,true,1,
7290018440490,false,סלט טונה קאלוו עם קוסקוס 150 גר,"קאלוו קונסרבס ס.ל.יו. ,",,סלט טונה קאלוו עם קו,גרמים,150.00,100 גרם,false,1,13.90,9.27,true,1,
7290018440513,false,סלט קליפורנייה קאלוו עם טונה 150 גר,"קאלוו קונסרבס ס.ל.יו. ,",,סלט קליפורנייה קאלוו,גרמים,150.00,100 גרם,false,1,13.90,9.27,true,1,
7290018440896,false,הגן הקסום חליטה ג'ינגר כורכום ויסוצקי 25 יח,תה ויסוצקי (ישראל) בעמ,,חליטת גינגר וכורכום-,גרמים,50.00,100 גרם,false,1,21.90,43.80,true,1,
7290018468319,false,נקניקיה טבעונית בסגנון צוריסוס טירת צבי 400 גרם,תנובה מרכז שיתופי לשיווק תוצרת,IL,נקניקיה טבעונית בסגנ,גרמים,400.00,100 גרם,false,1,41.90,10.48,true,1,
7290018468326,false,נקניקיה טבעונית בסגנון אמריקאי טירת צבי 400 גרם,טיב טירת צבי 2000,IL,נקניקיה טבעונית בסגנ,גרמים,400.00,100 גרם,false,1,41.90,10.48,true,1,
7290018468401,false,פסטרמה צמחונית בטעם גריל 100 גר טירת צבי,תנובה מרכז שיתופי לשיווק תוצרת,IL,פסטרמה צמחונית בטעם,גרמים,100.00,100 גרם,false,1,19.90,19.90,true,1,
7290018468425,false,נקניק טבעוני בטעם פיקנטי 100 גרם טירת צבי,תנובה מרכז שיתופי לשיווק תוצרת,IL,נקניק טבעוני בטעם פק,גרמים,100.00,100 גרם,false,1,19.90,19.90,true,1,
7290018468432,false,נקניק טבעוני בטעם מעושן 100 גרם טירת צבי,תנובה מרכז שיתופי לשיווק תוצרת,IL,נקניק טבעוני בטעם מע,גרמים,100.00,100 גרם,false,1,19.90,19.90,true,1,
7290018471029,false,"סודה בטעם לימון - מארז 6 בקבוקים 500 מ""ל",יפאורה שותפות מוגבלת לשיווק,,שישיית שוופס סודה לי,מיליליטרים,1500.00,"100 מ""ל",false,1,14.50,0.97,true,1,
7290018471036,false,"סודה שוופס לימון 500 מ""ל",יפאורה שותפות מוגבלת לשיווק,,שוופס סודה לימון 500,מיליליטרים,500.00,"100 מ""ל",false,1,2.90,0.58,true,1,
7290018471111,false,שוופס ליים מוחיטו 330 מל זכוכית,יפאורה שותפות מוגבלת לשיווק,,שוופס ליים מוחיטו 33,מיליליטרים,330.00,"100 מ""ל",false,1,5.70,1.73,true,1,
7290018471180,false,משקה פרוט& ווג' אננס תפוח גזר 1 ליטר,יפאורה שותפות מוגבלת לשיווק,IL,פרוט & ווג אננס תפוח,מיליליטרים,1000.00,"100 מ""ל",false,1,14.90,1.49,true,1,
7290018471210,false,ספרינג נקטר אגס סברס תפוח 1ליטר קרטוני,יפאורה שותפות מוגבלת לשיווק,,קרטונית נקטר ספרינג,מיליליטרים,1000.00,"100 מ""ל",false,1,6.90,0.69,true,1,
7290018471302,false,"רביעיית שוופס טוניק בקבוק 4*250 מ""ל",יפאורה שותפות מוגבלת לשיווק,IL,"שוופס טוניק 250 מ""ל",מיליליטרים,1000.00,"100 מ""ל",false,1,22.90,2.29,true,1,
7290018471319,false,"מארז רביעייה שוויפס ביטר למון 250מ""ל",יפאורה שותפות מוגבלת לשיווק,IL,שוופס ביטר למון 250,מיליליטרים,1000.00,"100 מ""ל",false,1,22.90,2.29,true,1,
7290018471395,false,משקה פרוט& ווג' תפוח רימון ג'ינג'ר 1 ליטר,יפאורה שותפות מוגבלת לשיווק,IL,פרוט & ווג תפוח רימו,מיליליטרים,1000.00,"100 מ""ל",false,1,14.90,1.49,true,1,
7290018471401,false,משקה פרוט& ווג' אננס בננה כורכום 1 ליטר,יפאורה שותפות מוגבלת לשיווק,IL,פרוט & ווג אננס בננה,מיליליטרים,1000.00,"100 מ""ל",false,1,14.90,1.49,true,1,
7290018471463,false,תפוזינה נקטר תפוז מנגו קרטונית 1 ליטר,יפאורה שותפות מוגבלת לשיווק,,תפוזינה תפוז מנגו 1,מיליליטרים,1000.00,"100 מ""ל",false,1,7.60,0.76,true,1,
7290018471470,false,תפוזינה נקטר תפוז פסיפלורה קרטונית 1 ליטר,יפאורה שותפות מוגבלת לשיווק,,תפוזינה תפוז פסיפלור,מיליליטרים,1000.00,"100 מ""ל",false,1,7.60,0.76,true,1,
7290018471487,false,תפוזינה נקטר תפוז אננס קרטונית 1 ליטר,יפאורה שותפות מוגבלת לשיווק,,תפוזינה תפוז אננס 1,מיליליטרים,1000.00,"100 מ""ל",false,1,7.60,0.76,true,1,
7290018471494,false,תפוזינה משקה תפוז גזר קרטונית 1 ליטר,יפאורה שותפות מוגבלת לשיווק,,תפוזינה תפוז גזר 1 ל,מיליליטרים,1000.00,"100 מ""ל",false,1,7.60,0.76,true,1,
7290018471616,false,שוופס אינדיאן טוניק 1 ליטר,יפאורה שותפות מוגבלת לשיווק,IL,שוופס טוניק קלאסי 1,מיליליטרים,1000.00,"100 מ""ל",false,1,9.20,0.92,true,1,
7290018471623,false,שוופס טוניק אשכוליות ליצ`י 1 ליטר,יפאורה שותפות מוגבלת לשיווק,IL,שוופס טוניק אשכוליות,מיליליטרים,1000.00,"100 מ""ל",false,1,9.20,0.92,true,1,
7290018471630,false,שוופס טוניק מלפפון ליים 1 ליטר,יפאורה שותפות מוגבלת לשיווק,IL,שוופס טוניק מלפפון ל,מיליליטרים,1000.00,"100 מ""ל",false,1,9.20,0.92,true,1,
7290018471692,false,ספרינג שייק בננה אננס קוקוס פירות יער קרטונית 1 ליטר,יפאורה - שותפות מוגבלת לשיווק,IL,ספרינג שייק בננה אננ,מיליליטרים,1000.00,"100 מ""ל",false,1,14.30,1.43,true,1,
7290018471906,false,שוופס מוגז פירות לימונדה ורודה 1.5 ליטר פיקדון,יפאורה - שותפות מוגבלת לשיווק,IL,שוופס מוגז לימונדה ו,ליטרים,0.00,ליטר,false,1,9.20,9.20,true,1,
7290018471913,false,משקה מוגז פירות תפוחים שוופס 1.5 ליטר,יפאורה - שותפות מוגבלת לשיווק,IL,שוופס מוגז תפוחים 1.,ליטרים,0.00,ליטר,false,1,9.20,9.20,true,1,
7290018471920,false,שוופס מוגז פירות ענבים 1.5 ליטר פיקדון,יפאורה - שותפות מוגבלת לשיווק,IL,שוופס מוגז ענבים 1.5,ליטרים,0.00,ליטר,false,1,9.20,9.20,true,1,
7290018471937,false,שוופס מוגז פירות תות ליים 1.5 ליטר פיקדון,יפאורה - שותפות מוגבלת לשיווק,IL,שוופס מוגז פירות תות,ליטרים,0.00,ליטר,false,1,9.20,9.20,true,1,
7290018471944,false,שוופס מוגז פירות לימונייד 1.5 ליטר פיקדון,יפאורה - שותפות מוגבלת לשיווק,IL,שוופס מוגז לימונייד,ליטרים,0.00,ליטר,false,1,9.20,9.20,true,1,
7290018471951,false,שוופס מוגז פירות אשכולית אדומה 1.5 ליטר פיקדון,יפאורה - שותפות מוגבלת לשיווק,IL,שוופס מוגז אשכולית א,ליטרים,0.00,ליטר,false,1,9.20,9.20,true,1,
7290018493021,false,"אל סבון לידיים ד""ר פישר מדקס 500 מ""ל",פישר תעשיות פרמצבטיות בעמ,,"אל סבון לידיים ד""ר פ",מיליליטרים,500.00,"100 מ""ל",false,1,17.90,3.58,true,1,
7290018493076,false,"אפקטיב קר קרם ידייםמועשר בשמן ארגן ד""ר פישר 100 מ""ל",פישר תעשיות פרמצבטיות בעמ,IL,קרם ידיים אפקטיב קר,מיליליטרים,100.00,"100 מ""ל",false,1,15.90,15.90,true,1,
7290018493144,false,קמיל קלין &נוריש אל סבון מועשר בשמן ארגן 1 ליטר,"פישר תעשיות פרמצביטות בע""מ",,אל סבון היגייני קמיל,ליטרים,0.00,ליטר,false,1,15.90,15.90,true,1,
7290018493717,false,"סבון ידיים ויטמינים לילדים ורוד מסטיק 500 מ""ל ד""ר פישק",פישר תעשיות פרמבצטיות בעמ,,קידס סבון ידים ויטמי,יחידה,1.00,יחידה,false,1,12.90,12.90,true,1,
7290018493748,false,"ד""ר פישר - מגבונים להסרת איפור אקסטרה סופט 30 יח' * 3",פישר תעשיות פרמבצטיות בעמ,,"ד""ר פישר מגבוני הסרת",Unknown,0.00,Unknown,false,1,29.90,29.90,true,1,
7290018493915,false,"ד""ר פישר - שמן גוף לתינוק מעושר בשמן שקדים 200 מ""ל",פישר תעשיות פרמצבטיות בעמ,IL,שמן גוף לתינוקות מעו,יחידה,1.00,יחידה,false,1,17.90,17.90,true,1,
7290018493977,false,קמיל לניקוי והרגעת העור מועשר בשיבולת שועל 1 ל',"פישר תעשיות פרמצבטיות בע""מ",,אל סבון קמיל בלו בתמ,מיליליטרים,1000.00,"100 מ""ל",false,1,15.90,1.59,true,1,
7290018501191,false,שמן קוקוס לבישול אורגני 500 גרם,,,שמן קוקוס לבישול אור,גרמים,500.00,100 גרם,false,1,24.90,4.98,true,1,
7290018509111,false,כוסות פלסטיק 75 יח`180 מל הנמל,הנמל אריזות ושיווק (1984) בעמ,,"כוסות 180 מ""ל 75 יח",יחידה,1.00,יחידה,false,1,8.50,8.50,true,1,
7290018516041,false,פרמיו דליקט עוף לחתול,שחורי אריה ואנסטסיה,,פרמיו דליקט עוף 56 ג,Unknown,1.00,Unknown,false,1,9.90,9.90,true,1,
7290018516058,false,פרמיו דליקט טונה ושרימפס לחתול,פרמיו Premio,,פרמיו דליקט טונה ושר,Unknown,1.00,Unknown,false,1,9.90,9.90,true,1,
7290018516065,false,פרמיו דליקט טונה וסלמון לחתול,שחורי אריה ואנסטסיה,,פרמיו דליקט טונה וסל,Unknown,1.00,Unknown,false,1,9.90,9.90,true,1,
7290018516072,false,פרמיו דליקט טונה וצדפות לחתול,פרמיו Premio,,פרמיו דליקט טונה וצד,Unknown,1.00,Unknown,false,1,9.90,9.90,true,1,
7290018516089,false,פרמיו דליקט טונה ודג קוד לחתול,שחורי אריה ואנסטסיה,,פרמיו דליקט טונה דג,Unknown,1.00,Unknown,false,1,9.90,9.90,true,1,
7290018516331,false,פאוץ' פרינוק תפוח בננה ושיבולת שועל 120 גרם,גורי מוצרי צריכה (1991) בעמ,CZ,פאוץ פרינוק תפוח בננ,גרמים,120.00,100 גרם,false,1,5.50,4.58,true,1,
7290018516348,false,פאוץ' פרינוק סלט פירות ושיבולת שועל 120 גרם,גורי מוצרי צריכה (1991) בעמ,CZ,פאוץ פרינוק סלט פירו,גרמים,120.00,100 גרם,false,1,5.50,4.58,true,1,
7290018516355,false,מחיט תפוח עץ ושבולות שועל 190 ג' פרינוק גוניור,גורי מוצרי צריכה (1991) בעמ,,"פרינוק גוניור תפ""ע+ש",גרמים,190.00,100 גרם,false,1,5.90,3.11,true,1,
7290018542019,false,כפות רויאל אר' 10 יח' דנטס,,TR,כפות רויאל 10 יח,Unknown,0.00,Unknown,false,1,6.90,6.90,true,1,
7290018542026,false,סכינים רויאל אר' 10 יח' דנטס,,TR,סכינים רויאל 10 יח,Unknown,1.00,Unknown,false,1,6.90,6.90,true,1,
7290018542101,false,נייר אפייה אקולוגי 3,,FR,נייר אפייה אקולוגי,Unknown,1.00,Unknown,false,1,7.90,7.90,true,1,
7290018542149,false,צלחת פלסטיק 9 אבן שיש לבנה עם עיטור כסף דנטס 10 יח',,CN,צלחת 9 אבן שיש לבנה,Unknown,1.00,Unknown,false,1,31.90,31.90,true,1,
7290018542156,false,צלחת 10 אבן שיש לבנ,,CN,צלחת 10 אבן שיש לבנ,Unknown,0.00,Unknown,false,1,41.90,41.90,true,1,
7290018542187,false,צלחת 7.5 אבן שיש שחו,,CN,צלחת 7.5 אבן שיש שחו,Unknown,1.00,Unknown,false,1,23.90,23.90,true,1,
7290018542194,false,צלחת 9 אבן שיש שחורה,,CN,צלחת 9 אבן שיש שחורה,Unknown,1.00,Unknown,false,1,31.90,31.90,true,1,
7290018542200,false,צלחת 10 אבן שיש שחור,,CN,צלחת 10 אבן שיש שחור,Unknown,0.00,Unknown,false,1,41.90,41.90,true,1,
7290018542217,false,מרקיה אבן שיש שחורה,,CN,מרקיה אבן שיש שחורה,Unknown,1.00,Unknown,false,1,20.90,20.90,true,1,
7290018542224,false,ליפתנית אבן שיש שחור,,CN,ליפתנית אבן שיש שחור,Unknown,0.00,Unknown,false,1,14.50,14.50,true,1,
7290018542231,false,צלחת 7.5 פרמיום לבנה,,CN,צלחת 7.5 פרמיום לבנה,Unknown,1.00,Unknown,false,1,23.90,23.90,true,1,
7290018542248,false,צלחת 9 פרמיום לבנה,,CN,צלחת 9 פרמיום לבנה,Unknown,1.00,Unknown,false,1,31.90,31.90,true,1,
7290018542255,false,צלחת 10 פרמיום לבנה,,CN,צלחת 10 פרמיום לבנה,Unknown,0.00,Unknown,false,1,41.90,41.90,true,1,
7290018542309,false,"צלחת 10"" פרמיום לבנה",,CN,צלחת 10 פרמיום לבנה,Unknown,0.00,Unknown,false,1,41.90,41.90,true,1,
7290018542460,false,קערה מתכלה מרובעת עמ,,IL,קערה מתכלה מרובעת עמ,Unknown,1.00,Unknown,false,1,11.90,11.90,true,1,
7290018542491,false,קערה מתכלה מרובעת עמ,,IL,קערה מתכלה מרובעת עמ,Unknown,1.00,Unknown,false,1,10.90,10.90,true,1,
7290018542514,false,קערה מתכלה מרובעת,,IL,קערה מתכלה מרובעת,Unknown,1.00,Unknown,false,1,10.90,10.90,true,1,
7290018542521,false,קערה מתכלה מלבנית 6*,,IL,קערה מתכלה מלבנית 6*,Unknown,1.00,Unknown,false,1,12.90,12.90,true,1,
7290018542781,false,"תבניות אלומיניום זהב/שחור אישיות 100 מ""ל אר' 8 יח' עם מכסה דנטס",,CN,תבניות אלומיניום זה,Unknown,1.00,Unknown,false,1,10.90,10.90,true,1,
7290018542798,false,"תבניות אלומיניום זהב/שחור לב אישיות 100 מ""ל אר' 8יח ' עם מכסה דנטס",,CN,תבניות אלומיניום זהב,Unknown,1.00,Unknown,false,1,10.90,10.90,true,1,
7290018542804,false,"תבניות אלומיניום זהב/שחור אישיות משולש 125 מ""ל אר' 8יח' עם מכסה דנטס",,CN,תבניות אלומיניום זהב,Unknown,1.00,Unknown,false,1,10.90,10.90,true,1,
7290018542811,false,"תבניות אלומיניום זהב/שחור עגולות אישיות 125 מ""ל אר' 8 יח' עם מכסה דנטס",,CN,תבניות אלומיניום זהב,Unknown,1.00,Unknown,false,1,10.90,10.90,true,1,
7290018542828,false,"תבניות אלומיניום עגולות זהב/שחור אישיות 150 מ""ל אר' 8 יח' עם מכסה דנטס",,CN,תבניות אלומיניום עגו,Unknown,1.00,Unknown,false,1,16.90,16.90,true,1,
7290018542835,false,"תבניות אלומיניום עגולות זהב/שחור אישיות 215 מ""ל אר' 8 יח' עם מכסה דנטס",,CN,תבניות אלומיניום עגו,Unknown,1.00,Unknown,false,1,16.90,16.90,true,1,
7290018542859,false,תבניות אלומיניום שחור/זהב אינגליש קייק אר' 2 ח' עם מכסה דנטס,,CN,תבניות אלומיניום שחו,Unknown,1.00,Unknown,false,1,10.90,10.90,true,1,
7290018542965,false,"צלחת מתכלה 9"" סדרת שמש אר 20 יח' דנטס",,CN,צלחת מתכלה 9 סדרת שמ,Unknown,1.00,Unknown,false,1,16.90,16.90,true,1,
7290018542972,false,"צלחת מתכלה 10"" סדרת שמש אר 20 יח' דנטס",,CN,צלחת מתכלה 10 סדרת ש,Unknown,1.00,Unknown,false,1,23.90,23.90,true,1,
7290018542989,false,"קערה עגולה מתכלה 7.5"" סדרת שמש אר 20 יח' דנטס",,CN,קערה עגולה מתכלה 7.5,Unknown,1.00,Unknown,false,1,15.90,15.90,true,1,
7290018593011,false,פטה שקדים עשבי תיבול 200 גרם,פלנטי,,פטה שקדים עשבי תיבול,גרמים,200.00,100 גרם,false,1,31.50,15.75,true,1,
7290018593059,false,אגוז'נו בסגנון פרמזן 115 גרם - פלנטי (חדש),פלנטי,,אגוזנו בסגנון פיקנטי,גרמים,100.00,100 גרם,false,1,23.90,23.90,true,1,
7290018593066,false,אגוזנו בסגנון פרמזן 100 גרם,,,אגוזנו עשבי תיבול,גרמים,100.00,100 גרם,false,1,23.90,23.90,true,1,
7290018593295,false,קשיו פסטו חצי קשה טבעוני פלנטי 200 גרם,,IL,קשיו פסטו חצי קשה טב,גרמים,200.00,100 גרם,false,1,29.90,14.95,true,1,
7290018593301,false,קשיו כמהין חצי קשה טבעוני פלנטי 200 גרם,פלנטי,IL,קשיו כמהין חצי קשה ט,גרמים,200.00,100 גרם,false,1,29.90,14.95,true,1,
7290018593325,false,לאבנה שקדים טבעוני פלנטי 220 גרם,פלנטי,IL,לאבנה שקדים טבעוני פ,גרמים,220.00,100 גרם,false,1,20.90,9.50,true,1,
7290018641439,false,ערק אשכולית אדומה מוגז 330 מל אוק אנד,טחנת האבן קואופ בעמ,,ערק אשכולית אדומה מו,מיליליטרים,330.00,"100 מ""ל",false,1,14.90,4.52,true,1,
7290018641446,false,אוק אנד אש - ערק לימונדה מוגז,,,ערק לימונדה מוגז 33,מיליליטרים,330.00,"100 מ""ל",false,1,14.90,4.52,true,1,
7290018652039,false,לה קרמריה קרמל מלוח ונוגט בדצ 6*1.4 ליטר,נגה גלידות שותפות מוגבלת,IL,לה קרמריה כרמל מלוח,מיליליטרים,1400.00,"100 מ""ל",false,1,18.90,1.35,true,1,
7290018652213,false,מאגדת חטיפי גלידה קראנץ בר 41X6 גרם,נגה גלידות שותפות מוגבלת,,מאגדת קראנץ בר 298 ג,גרמים,298.00,100 גרם,false,1,24.90,8.36,true,1,
7290018652671,false,"לה קרמריה שוקולד וניל 1.4 ליטר [תו אי""ל]",נגה גלידות שותפות מוגבלת,,לה קרמריה וולנס שוק,גרמים,700.00,100 גרם,false,1,18.90,2.70,true,1,
7290018652688,false,לה קרמריה פירות טרופיים ופירות יער נסטלה 700 גרם,נגה גלידות שותפות מוגבלת,,לה קרמריה פירות טרופ,גרמים,700.00,100 גרם,false,1,18.90,2.70,true,1,
7290018652886,false,שלגונים בשומן צמחי בטעמי שוקו ובננה מצופים צימקאו,נגה גלידות שותפות מוגבלת,,מאגדת שוקו בננה 440,גרמים,450.00,100 גרם,false,1,29.90,6.64,true,1,
7290018652909,false,מאגדת מאגנום קפה שוקולד ופקאן 5 *43 ג' נסטלה,נגה גלידות שותפות מוגבלת,,מאגדת 99 תות עוגת גב,גרמים,275.00,100 גרם,false,1,27.90,10.15,true,1,
7290018652923,false,מאגדת תות עוגת גבינה שוקולד 5 *43 ג' נסטלה,נגה גלידות שותפות מוגבלת,,מאגדת 99 אספרסו שוקו,גרמים,275.00,100 גרם,false,1,27.90,10.15,true,1,
7290018677001,false,"לחם אורז וגרעיני חמניות לל""ג 375 גרם",,CZ,לחם אורז וגרעיני חמנ,גרמים,375.00,100 גרם,false,1,18.90,5.04,true,1,
7290018677018,false,לחם מחמצת כוסמין מלא אורגני 375 גרם,,CZ,לחם מחמצת כוסמין מלא,גרמים,375.00,100 גרם,false,1,18.90,5.04,true,1,
7290018677032,false,לחם שיפון מלא מתובל אורגני 375 גרם,,CZ,לחם שיפון מלא מתובל,גרמים,375.00,100 גרם,false,1,18.90,5.04,true,1,
7290018677049,false,לחם שיפון מלא פומפרניקל אורגני 500 גרם,,CZ,לחם שיפון מלא פומפרנ,גרמים,500.00,100 גרם,false,1,18.90,3.78,true,1,
7290018677063,false,קוואקר עבה אורגני 500 גרם,,DK,קוואקר עבה אורגני 50,גרמים,500.00,100 גרם,false,1,11.90,2.38,true,1,
7290018677070,false,"קרם קוקוס אורגני ללא גלוטן 330 מ""ל",בראנץ'\ אוף בן טרה אימפו,LK,קרם קוקוס אורגני 330,מיליליטרים,330.00,"100 מ""ל",false,1,13.50,4.09,true,1,
7290018677087,false,"קרם קוקוס לל""ג אורגני נוטרה זן 1 ליטר",,LK,"קרם קוקוס לל""ג אורגנ",גרמים,1000.00,100 גרם,false,1,24.90,2.49,true,1,
7290018677124,false,גרנולה קראנצ'י חמוציות ודובדבנים ללא גלוטן וללא תוספת סוכר נוטרה זן-300 גרם,י.איטליאנו אחזקות בעמ,IT,גרנולה קראנצי חמוציו,גרמים,300.00,100 גרם,false,1,23.90,7.97,true,1,
7290018677131,false,גרנולה קראנצ'י אגוזים ושקדים ללא גלוטן וללא תוספת סוכר נוטרה זן-300 גרם,י.איטליאנו אחזקות בעמ,IT,גרנולה קראנצי אגוזים,גרמים,300.00,100 גרם,false,1,23.90,7.97,true,1,
7290018677148,false,גרנולה קראנצ'י שוקולד וקוקוס ללא גלוטן וללא תוספת סוכר נוטרה זן-300 גרם,י.איטליאנו אחזקות בעמ,IT,גרנולה קראנצי שוקולד,גרמים,300.00,100 גרם,false,1,23.90,7.97,true,1,
7290018677162,false,תער`קמחים רב תכליתית ללא גלוטון 500 ג,י.איטליאנו אחזקות בעמ,IT,תערובת קמחים רב תכלי,גרמים,500.00,100 גרם,false,1,22.90,4.58,true,1,
7290018677179,false,מחית עגבניות אורגני נוטרה זן 695 גר`,י.איטליאנו אחזקות בעמ,IL,"מחית עגבניות לל""ג או",גרמים,695.00,100 גרם,false,1,12.90,1.86,true,1,
7290018677278,false,PRO פתיתים מעדשים צהובות אורגני 250 גרם,,IT,PRO פתיתים מעדשים צה,גרמים,250.00,100 גרם,false,1,19.90,7.96,true,1,
7290018677285,false,PRO פתיתים מעדשים אדומות אורגני 250 גרם,,IT,PRO פתיתים מעדשים אד,גרמים,250.00,100 גרם,false,1,19.90,7.96,true,1,
7290018677292,false,PRO אטריות מעדשים אדומות אורגני 250 גרם,,IT,PRO אטריות מעדשים אד,גרמים,250.00,100 גרם,false,1,19.90,7.96,true,1,
7290018677308,false,PRO אטריות מעדשים צהובות אורגני 250 גרם,,IT,PRO אטריות מעדשים צה,גרמים,250.00,100 גרם,false,1,19.90,7.96,true,1,
7290018681602,false,זרעי ציה אורגני כרם 650 גרם,,PE,זרעי ציה אורגני כרם,גרמים,650.00,100 גרם,false,1,28.90,4.45,true,1,
7290018681619,false,זרעי ציה אורגני כרם 300 גרם,,PE,זרעי ציה אורגני כרם,גרמים,300.00,100 גרם,false,1,19.90,6.63,true,1,
7290018681701,false,"סירופ מייפל אורגני כרם 1 ק""ג",,CA,סירופ מייפל אורגני כ,גרמים,1000.00,100 גרם,false,1,82.90,8.29,true,1,
7290018681749,false,"אורז בסמטי חום אורגני כרם 1 ק""ג",,IN,אורז בסמטי חום אורגנ,גרמים,1000.00,100 גרם,false,1,21.90,2.19,true,1,
7290018681930,false,פריכיות שיבולת שועל כרם 100 גרם,זן בר,,פריכיות שיבולת שועל,גרמים,100.00,100 גרם,false,1,7.90,7.90,true,1,
7290018703229,false,חטיף חלבון טבעוני בטעם שוקולד אגוזי לו,דיפלומט מפיצים (1968) בעמ**,,חטיף חלבון שוקולד אג,גרמים,60.00,100 גרם,false,1,13.90,23.17,true,1,
7290018703243,false,חטיף חלבון טבעוני בטעם קרמל קראנצ 60גר,דיפלומט מפיצים (1968) בעמ**,,חטיף חלבון קרמל קראנ,גרמים,60.00,100 גרם,false,1,13.90,23.17,true,1,
7290018708118,false,חלבה וניל פיסטוק ללא סוכר בארכה 350 גרם,קבוצת אוסם סחר-שות.מוגבלת,,בארכה חלבה וניל פיסט,גרמים,350.00,100 גרם,false,1,17.30,4.94,true,1,
7290018708132,false,חלבה בארכה וניל פיסטוק ללא סוכר 250גר,קבוצת אוסם סחר-שות.מוגבלת,,בארכה חלבה מסולסלת ש,גרמים,250.00,100 גרם,false,1,16.50,6.60,true,1,
7290018720011,false,ביסקוויט קרנבל חיות בטעם וניל 250 ג' מעדני מלך,הגביע מוצרי וופלים,IL,עוגיות קרנבל חיות 25,גרמים,250.00,100 גרם,false,1,6.50,2.60,true,1,
7290018720028,false,קרנבל אותיות ביסקוויט בטעם חמאה 250 ג' מעדני מלך,הגביע מוצרי וופלים,IL,עוגיות קרנבל אותיות,גרמים,250.00,100 גרם,false,1,6.50,2.60,true,1,
7290018724071,false,"קקאו אורגני ""נטורלה"" 100 גרם",לוקס פרודקטס,IL,קקאו אורגני נטורלה 1,גרמים,100.00,100 גרם,false,1,17.90,17.90,true,1,
7290018724606,false,סודה לשתייה לא אלומיניום 350 גרם,י.איטליאנו אחזקות בעמ,IL,סודה לשתייה לא אלומי,גרמים,350.00,100 גרם,false,1,14.90,4.26,true,1,
7290018724897,false,פירורי לחם ללא גלוטן 300 גרם אביב ירוק,,IL,פירורי לחם ללא גלוטן,גרמים,300.00,100 גרם,false,1,16.90,5.63,true,1,
7290018749005,false,כיסונים ביתיים עבודת יד 600 גרם,,,כיסונים ביתיים עבודת,גרמים,600.00,100 גרם,false,1,31.90,5.32,true,1,
7290018749012,false,כיסונים סבתא עבודת יד 600 גרם,,,כיסונים סבתא עבודת י,גרמים,600.00,100 גרם,false,1,31.90,5.32,true,1,
7290018749210,false,מיני כיסונים קלאסיים במילוי בשר והודו למ,,,מיני כיסונים קלאסיים,גרמים,600.00,100 גרם,false,1,31.90,5.32,true,1,
7290018752227,false,סירופ חרובים אורגני 425 גרם,,IL,סירופ חרובים אורגני,גרמים,425.00,100 גרם,false,1,17.90,4.21,true,1,
7290018752722,false,מארז שוקולתמר במילוי חמאת בוטנים 120 גרם,,IL,מארז שוקולתמר במילוי,גרמים,120.00,100 גרם,false,1,17.90,14.92,true,1,
7290018757000,false,מיץ רימונים אורגני עתיד ירוק 1 ליטר,,TR,מיץ רימונים אורגני ע,מיליליטרים,1000.00,"100 מ""ל",false,1,21.90,2.19,true,1,
7290018757024,false,מיץ תפוחים אורגני עתיד ירוק 1 ליטר,,TR,מיץ תפוחים אורגני עת,מיליליטרים,1000.00,"100 מ""ל",false,1,15.90,1.59,true,1,
7290018757031,false,מיץ תפוחים אורגני לא מסונן 1 ליטר,,TR,מיץ תפוחים אורגני לא,מיליליטרים,1000.00,"100 מ""ל",false,1,14.90,1.49,true,1,
7290018757116,false,קמח שקדים עתיד ירוק 250 גרם,"אשבל פונקציות בע""מ",IL,קמח שקדים עתיד ירוק,גרמים,250.00,100 גרם,false,1,24.90,9.96,true,1,
7290018757123,false,פתיתי ש.שועל דקה קוואקר אורגני 400 גרם,נוטרה זן,FI,פתיתי ש.שועל דקה קוו,גרמים,400.00,100 גרם,false,1,17.90,4.48,true,1,
7290018757130,false,פתיתי ש.שועל עבה קוואקר אורגני 400 גרם,נוטרה זן,FI,פתיתי ש.שועל עבה קוו,גרמים,400.00,100 גרם,false,1,17.90,4.48,true,1,
7290018757147,false,"קמח ש.שועל מלאה לל""ג אורגני 400 גרם",נוטרה זן,IL,"קמח ש.שועל מלאה לל""ג",גרמים,400.00,100 גרם,false,1,19.90,4.98,true,1,
7290018757185,false,פריכיות כוסמת ללא תוספת מלח 150 גרם,,,פריכיות כוסמת ללא תו,גרמים,150.00,100 גרם,false,1,8.90,5.93,true,1,
7290018757192,false,קמח טף חום עתיד ירוק 400 גרם,,IL,קמח טף חום עתיד ירוק,גרמים,400.00,100 גרם,false,1,18.90,4.73,true,1,
7290018757222,false,בורגר פטריות טבעוני עתיד ירוק 375 גרם,"פרה מזון בע""\מ",IL,בורגר פטריות טבעוני,גרמים,375.00,100 גרם,false,1,23.90,6.37,true,1,
7290018757253,false,קבבונים טבעוניים עתיד ירוק 400 גרם,פרה מזון בעמ,IL,קבבונים טבעוניים עתי,גרמים,400.00,100 גרם,false,1,23.90,5.98,true,1,
7290018757260,false,בורגר סלק טבעוני עתיד ירוק 400 גרם,פרה מזון בעמ,IL,בורגר סלק טבעוני עתי,גרמים,400.00,100 גרם,false,1,20.90,5.23,true,1,
7290018757291,false,זרעי צ'יה לבנה 230 גרם,,IL,זרעי ציה לבנה 230 גר,גרמים,230.00,100 גרם,false,1,18.90,8.22,true,1,
7290018757314,false,אבקת חלבון אפונה אורגנית 100 גרם,,CN,אבקת חלבון אפונה אור,גרמים,100.00,100 גרם,false,1,29.90,29.90,true,1,
7290018757352,false,אבקת תה מאצה אורגנית 100 גרם,,CN,אבקת תה מאצה אורגנית,גרמים,100.00,100 גרם,false,1,69.90,69.90,true,1,
7290018757390,false,שבבי קוקוס עתיד ירוק 400 גרם,,IL,שבבי קוקוס עתיד ירוק,גרמים,400.00,100 גרם,false,1,29.90,7.48,true,1,
7290018757420,false,יובה חלבון סויה מיובש מסולסלת קשרים 300,נאיהואנג יג'\יה פוד רו א,CN,יובה חלבון סויה מיוב,גרמים,300.00,100 גרם,false,1,20.90,6.97,true,1,
7290018757482,false,פנה מקמח כוסמין מלא אורגני 500 גרם,,IT,פנה מקמח כוסמין מלא,גרמים,500.00,100 גרם,false,1,19.90,3.98,true,1,
7290018757512,false,"אבקת אפיה ללא אלומיניום לל""ג 600 גרם",,,אבקת אפיה ללא אלומינ,גרמים,600.00,100 גרם,false,1,17.90,2.98,true,1,
7290018757529,false,פיצה מרגריטה טבעוני מקמח מלא 400 גרם,,IL,פיצה מרגריטה טבעוני,גרמים,400.00,100 גרם,false,1,29.90,7.48,true,1,
7290018757536,false,פיצה זיתים טבעוני מקמח מלא 400 גרם,רוצים את הטבע,IL,פיצה זיתים טבעוני מק,גרמים,400.00,100 גרם,false,1,29.90,7.48,true,1,
7290018757543,false,"מיץ רימונים אורגני עתיד ירוק 250 מ""ל",,TR,מיץ רימונים אורגני ע,מיליליטרים,250.00,"100 מ""ל",false,1,9.90,3.96,true,1,
7290018757550,false,"מיץ תפוחים אורגני עתיד ירוק 250 מ""ל",,TR,מיץ תפוחים אורגני עת,מיליליטרים,250.00,"100 מ""ל",false,1,9.90,3.96,true,1,
7290018757567,false,"מיץ אפרסק משמש תפוח אורגני 250 מ""ל",,TR,מיץ אפרסק משמש תפוח,מיליליטרים,250.00,"100 מ""ל",false,1,9.90,3.96,true,1,
7290018757574,false,זרעי ציה 230 ג SUPER FOOD,,,זרעי ציה 230 ג SUPER,גרמים,230.00,100 גרם,false,1,13.90,6.04,true,1,
7290018757680,false,"חומץ תפוחים אורגני 750 מ""ל",,TR,חומץ תפוחים אורגני 7,מיליליטרים,750.00,"100 מ""ל",false,1,17.90,2.39,true,1,
7290018757697,false,"חומץ תפוחים עם האמא אורגני 750 מ""ל",,TR,חומץ תפוחים עם האמא,מיליליטרים,750.00,"100 מ""ל",false,1,17.90,2.39,true,1,
7290018757703,false,קמח קוקוס אורגני עתיד ירוק 400 גרם,,IL,קמח קוקוס אורגני עתי,גרמים,400.00,100 גרם,false,1,17.90,4.48,true,1,
7290018757710,false,אבקת קקאו אורגנית עתיד ירוק 100 גרם,,,אבקת קקאו אורגנית עת,גרמים,100.00,100 גרם,false,1,14.90,14.90,true,1,
7290018757802,false,מיץ תפוזים אורגני עתיד ירוק 1 ליטר,,TR,מיץ תפוזים אורגני עת,מיליליטרים,1000.00,"100 מ""ל",false,1,20.20,2.02,true,1,
7290018757857,false,אגוזי נמר קלופים שליס 300 גרם,,IL,אגוזי נמר קלופים שלי,גרמים,300.00,100 גרם,false,1,29.90,9.97,true,1,
7290018757918,false,בשר טחון טבעוני עתיד ירוק 120 גרם,,,בשר טחון טבעוני עתיד,גרמים,120.00,100 גרם,false,1,21.90,18.25,true,1,
7290018757925,false,רצועות עוף טבעוני עתיד ירוק 120 גרם,,,רצועות עוף טבעוני עת,גרמים,120.00,100 גרם,false,1,21.90,18.25,true,1,
7290018757963,false,"קמח כוסמין 80% אורגני עתיד ירוק 1 ק""ג",,IL,קמח כוסמין 80% אורג,גרמים,1000.00,100 גרם,false,1,16.90,1.69,true,1,
7290018757970,false,"קמח כוסמין מלא 100% אורגני 1 ק""ג",,IL,קמח כוסמין מלא 100%,גרמים,1000.00,100 גרם,false,1,16.90,1.69,true,1,
7290018757994,false,"קמח כוסמין מלא עתיד ירוק 1 ק""ג",,IL,קמח כוסמין מלא עתיד,גרמים,1000.00,100 גרם,false,1,15.90,1.59,true,1,
7290018777268,false,חטיף חלבון בננה קקאו טבע ירוק 50 גרם,"ממתקי השלום בעולם בע""\מ\",IL,חטיף חלבון בננה קקאו,גרמים,50.00,100 גרם,false,1,9.90,19.80,true,1,
7290018777275,false,חטיף חלבון בטעם עוגיות וניל 50 ג' VEG PROTEIN,"ממתקי השלום בעולם בע""\מ\",IL,חטיף חלבון עוגיות ונ,גרמים,50.00,100 גרם,false,1,9.90,19.80,true,1,
7290018835012,false,באר אקסטרה בציפוי שוקולד חלב 5 יח 90 גר,א.ל ייצור ושיווק תבלינים בעמ,,באר אקסטרה בציפוי שו,גרמים,90.00,100 גרם,false,1,12.90,14.33,true,1,
7290018889404,false,עוגת פס רד וולוט חלבי נטלי 550 גרם,,,עוגת פס רד וולוט חלב,גרמים,550.00,100 גרם,false,1,43.90,7.98,true,1,
7290018889473,false,עוגה קריסטלית לב מוס גבינה מצופה פררו רושה 170ג' נטלי,,,מוס גבינה מצופה פררו,גרמים,155.00,100 גרם,false,1,22.90,14.77,true,1,
7290018893005,false,"חטיפי בייגלה אפוי בטעם חרדל ודבש, 160 גרם",ש.שסטוביץ בעמ,RO,בייגלה ציוקטה חרדל ו,גרמים,160.00,100 גרם,false,1,7.90,4.94,true,1,
7290018893081,false,עוגות מגולגלות במילוי קרם חלבי וציפוי בטעם שוקולד,ש. שסטוביץ בע`מ,,יוגטה עוג.איש. מגולג,גרמים,222.00,100 גרם,false,1,9.90,4.46,true,1,
7290018893258,false,צ'וקטה עוגות אישיות במילוי קרם קרמל ובציפוי בטעם שוקולד 300 גרם,פרדי קונדיטוריה אס.פ,,צוקטה עוגות אישיות ב,גרמים,300.00,100 גרם,false,1,15.60,5.20,true,1,
7290018893289,false,צ'וקטה עוגות מגולגלות בטעם קקאו במילוי קרם קקאו וציפוי בטעם שוקולד 6 יח' 222 גרם,ש. שסטוביץ בע`מ,,יוגטה עוגות אישיות מ,גרמים,222.00,100 גרם,false,1,10.30,4.64,true,1,
7290018893296,false,עוגיות חמאה מצופות שוקולד בעיטורי שוקולד לבן 100 ג',דיסטרופר אוליבייר,BE,עוגיות חמאה מצופות ש,גרמים,100.00,100 גרם,false,1,10.90,10.90,true,1,
7290018893487,false,צ`וקוטה עוגות אישיות טעם קוקוס 350 גרם,פרדי קונדטוריה אס פי,,צוקטה עוגות אישיות ב,גרמים,350.00,100 גרם,false,1,15.60,4.46,true,1,
7290018893494,false,עלי וופל דקים בטעם חמאה צ'וקטה 100 גרם,דיסטרופר אוליבייר,BE,עלי וופל דקים בטעם ח,גרמים,100.00,100 גרם,false,1,10.90,10.90,true,1,
7290018893517,false,צ'וקטה בייגלה שטוח מצופה שוקולד מריר 80 גרם,ש.שסטוביץ בעמ,RO,בייגלה ציוקטה שטוח מ,גרמים,80.00,100 גרם,false,1,7.90,9.88,true,1,
7290018893616,false,מארז צוקטה שוקולד מריר 48% 6*100 גר,ש. שסטוביץ בע`מ,,מארז צוקטה שוקולד מר,גרמים,600.00,100 גרם,false,1,21.90,3.65,true,1,
7290018893654,false,חטיפי בייגלה דקיקים ופריכים מלח צ'וקטה 200 ג',ש.שסטוביץ בעמ,RO,בייגלה ציוקטה בתוספת,גרמים,200.00,100 גרם,false,1,7.90,3.95,true,1,
7290018893807,false,צוקטה בטעם שוקולד מריר 60% 3 יח' 300 גרם,אייברקקאו אס אי. יו,,מארז שוקולד מריר 60%,גרמים,300.00,100 גרם,false,1,10.90,3.63,true,1,
7290018893845,false,פתי בר ביסקוויט בטעם חמאה 400 גרם צ'וקטה,ש. שסטוביץ בע`מ,ES,פתי בר צוקטה ביסקווי,גרמים,400.00,100 גרם,false,1,8.90,2.23,true,1,
7290018893852,false,חטיפי בייגלה דקיקים ופריכים שומשום צ'וקטה 200 ג',ש. שסטוביץ בע`מ,RO,בייגלה ציוקטה בתוספת,גרמים,200.00,100 גרם,false,1,7.50,3.75,true,1,
7290018893913,false,"צ`וקטה ממרח אגוזי לוז עם מקלות גריסיני קקאו, 52 גרם",ש.שסטוביץ בעמ,IT,ממרח אגוזי לוז וקקאו,גרמים,52.00,100 גרם,false,1,6.90,13.27,true,1,
7290018894019,false,עוגות אישיות במילוי קרם חלבי ובציפוי קרם קקאו,ש. שסטוביץ בע`מ,,בלקוני עוגות אישיות,גרמים,350.00,100 גרם,false,1,14.90,4.26,true,1,
7290018894217,false,עוגות אישיות במילוי קרם קקאו ובציפוי קרם קקאו,ש. שסטוביץ בע`מ,,בלקוני עוגות אישיות,גרמים,350.00,100 גרם,false,1,14.90,4.26,true,1,
7290018921449,false,קמיל בלו מגבונים תפרחת חיתולים רביעייה,"פישר תעשיות פרמבצטיות בע""מ",,רביעייה מגבוני קמיל,יחידה,1.00,יחידה,false,1,24.90,24.90,true,1,
7290018921456,false,"ד""ר פישר - אפקטיב קר תחליב רחצה שמן כותנה 700 מ""ל","פישר תעשיות פרמבצטיות בע""מ",,אפקטיב קר ת. רחצה מו,יחידה,1.00,יחידה,false,1,16.90,16.90,true,1,
7290018921753,false,קמיל אל סבון היגייני לניקוי יסודי מועשר בלחות 1 ליטר,פישר תעשיות פרמצבטיות בעמ,,אל סבון קמיל בלו בתמ,מיליליטרים,1000.00,"100 מ""ל",false,1,15.90,1.59,true,1,
7290018925065,false,מיץ תפוזים סחוט פרימור (2 ליטר),שטראוס גרופ בעמ/מצונן,IL,מיץ תפוזים סחוט 2 ל,מיליליטרים,2000.00,"100 מ""ל",false,1,27.90,1.40,true,1,
7290018925072,false,פרימור טרי מיץ לימונים עם נענע 2 ליטר,שטראוס גרופ בעמ/מצונן,IL,משקה קל לימונים ונענ,ליטרים,2.00,ליטר,false,1,27.90,13.95,true,1,
7290018925089,false,"מיץ פרימור תפו""ע צלול סחוט 2 ליטר-",שטראוס גרופ בעמ/מצונן,IL,מיץ תפוחים צלול מרכז,מיליליטרים,2000.00,"100 מ""ל",false,1,27.90,1.40,true,1,
7290018925409,false,משקה לימון ואננס 400 מל פרימור,שטראוס גרופ בעמ/מצונן,,מיץ לימון ואננס 410,מיליליטרים,410.00,"100 מ""ל",false,1,10.90,2.66,true,1,
7290018925416,false,פרימור סחוט לימון ופסיפלורה 400 מל,שטראוס גרופ בעמ/מצונן,,מיץ לימון ופסיפלורה,מיליליטרים,410.00,"100 מ""ל",false,1,10.90,2.66,true,1,
7290018949009,false,גרופר משקה קל מוגז אורגני תפוזזה 330 מל,טחנת האבן קואופ בעמ,PL,גרופר משקה קל מוגז א,מיליליטרים,330.00,"100 מ""ל",false,1,9.50,2.88,true,1,
7290018949016,false,גרופר משקה קל מוגז אורגני תפוחוחה 330 מל,טחנת האבן קואופ בעמ,PL,גרופר משקה קל מוגז א,מיליליטרים,330.00,"100 מ""ל",false,1,9.50,2.88,true,1,
7290018972021,false,קיינד טבעוני קבב מזרחי 400 גרם,,IL,קיינד א קבב מזרחי 40,גרמים,400.00,100 גרם,false,1,19.90,4.98,true,1,
7290018972069,false,קיינד טבעוני בולנוז 450 גרם,,IL,קיינד א בולונז 450 ג,גרמים,450.00,100 גרם,false,1,19.90,4.42,true,1,
7290018972076,false,קיינד א צילי קון קרנה 400 גרם,,IL,קיינד א צילי קון קרנ,גרמים,400.00,100 גרם,false,1,19.90,4.98,true,1,
7290018972083,false,קיינד טבעוני שוארמה בטורטיה 360 גרם,,IL,קיינד א שווארמה בטור,גרמים,360.00,100 גרם,false,1,21.90,6.08,true,1,
7290018972106,false,תומר כרובית מצופה 500 גרם,,IL,כרובית מצופה 500 גרם,גרמים,500.00,100 גרם,false,1,31.50,6.30,true,1,
7290018972113,false,ברוקולי מצופה תומר 500 גרם,,IL,ברוקולי מצופה תומר 5,גרמים,500.00,100 גרם,false,1,31.50,6.30,true,1,
7290018972496,false,קיינד טבעוני מיני עראיס 400 גרם,,IL,קיינד א מיני עראיס 4,גרמים,400.00,100 גרם,false,1,21.90,5.48,true,1,
7290018972618,false,תומר תמר מגהול לח קפ,,IL,"תמר מגהול תומר 1 ק""ג",גרמים,1000.00,100 גרם,false,1,19.90,1.99,true,1,
7290018972786,false,נודלס טעם ירקות להכנה מהירה 72 גרם,,,נודלס מנה חמה ירקות,גרמים,72.00,100 גרם,false,1,5.90,8.19,true,1,
7290018975008,false,חטיף אדממה מיקס כרם 80 גרם,סוזו יואי פודס,,חטיף אדממה מיקס כרם,גרמים,80.00,100 גרם,false,1,5.90,7.38,true,1,
7290018989005,false,שלישיית פולפה עגבניות טבעי יכין 400X3 גרם,זנלכול יכין,,פולפה טבעית יכין 400,גרמים,1200.00,100 גרם,false,1,16.90,1.41,true,1,
7290018989081,false,יכין חומוס הבית להכנת חומוס טרי 410 גי,זנלכל בעמ,,חומוס הבית להכנת חומ,גרמים,410.00,100 גרם,false,1,7.90,1.93,true,1,
7290018989128,false,סירופ בטעם ענבים יכין 1 ליטר,זנלכול יכין,,סירופ בטעם ענבים יכי,ליטרים,0.00,ליטר,false,1,19.90,19.90,true,1,
7290018989135,false,סירופ 1 ליטר פטל יכין ליטר,זנלכול יכין,,סירופ בטעם פטל יכין,ליטרים,0.00,ליטר,false,1,19.90,19.90,true,1,
7290019017011,false,"מרכך חומצה היאלרונית וקרטין אושן 450 מ""ל",,,מרכך חומצה היאלרונית,מיליליטרים,450.00,"100 מ""ל",false,1,39.90,8.87,true,1,
7290019017219,false,"שמפו חומצה היאלרונית וקרטין אושן 450 מ""ל",,,שמפו חומצה היאלרונית,מיליליטרים,450.00,"100 מ""ל",false,1,39.90,8.87,true,1,
7290019017806,false,"OCEAN ויטמין סי ליפוזומאל 250 מ""ל",,IL,OCEAN ויטמין סי ליפו,מיליליטרים,250.00,"100 מ""ל",false,1,179.90,71.96,true,1,
7290019017837,false,"מגנזיום וויטמין B6 ליפוזומלי 300 מ""ל",,IL,מגנזיום וויטמין B6 ל,מיליליטרים,300.00,"100 מ""ל",false,1,189.90,63.30,true,1,
7290019056027,false,שוופס מוגז פירות תפוחים ללא סוכר 1.5 ליטר פיקדון,יפאורה - שותפות מוגבלת לשיווק,IL,שוופס מוגז פירות,ליטרים,0.00,ליטר,false,1,8.70,8.70,true,1,
7290019056034,false,שוופס מוגז פירות אננס ללא סוכר 1.5 ליטר פיקדון,יפאורה - שותפות מוגבלת לשיווק,IL,שוופס מוגז אננס ללא,ליטרים,0.00,ליטר,false,1,8.70,8.70,true,1,
7290019056041,false,שוופס מוגז פירות לימונייד ללא סוכר 1.5 ליטר פיקדון,יפאורה - שותפות מוגבלת לשיווק,IL,שוופס מוגז ללא סוכר,ליטרים,0.00,ליטר,false,1,8.70,8.70,true,1,
7290019056058,false,שוופס מוגז עדין תפוח ליים 1.5 ליטר פיקדון,יפאורה - שותפות מוגבלת לשיווק,IL,שוופס מוגז עדין תפוח,ליטרים,0.00,ליטר,false,1,9.20,9.20,true,1,
7290019056065,false,שוופס מוגז עדין פירות יער 1.5 ליטר פיקדון,יפאורה - שותפות מוגבלת לשיווק,IL,שוופס מוגז עדין פירו,ליטרים,0.00,ליטר,false,1,9.20,9.20,true,1,
7290019056072,false,שוופס מוגז עדין אננס 1.5 ליטר פיקדון,יפאורה - שותפות מוגבלת לשיווק,IL,שוופס מוגז עדין אננס,ליטרים,0.00,ליטר,false,1,9.20,9.20,true,1,
7290019056089,false,שוופס מוגז עדין ענבי ריזלינג 1.5 ליטר פיקדון,יפאורה - שותפות מוגבלת לשיווק,IL,שוופס מוגז עדין ריזל,ליטרים,0.00,ליטר,false,1,9.20,9.20,true,1,
7290019056096,false,שוופס מוגז עדין אפרסק 1.5 ליטר פיקדון,יפאורה - שותפות מוגבלת לשיווק,IL,שוופס מוגז עדין אפרס,ליטרים,0.00,ליטר,false,1,9.20,9.20,true,1,
7290019056164,false,שוופס סודה 1.5 ליטר רביעייה פיקדון,יפאורה - שותפות מוגבלת לשיווק,IL,רביעיית שוופס סודה 1,ליטרים,0.00,ליטר,false,1,12.10,12.10,true,1,
7290019056171,false,שוופס סודה לימון 1.5 ליטר רביעייה פיקדון,יפאורה - שותפות מוגבלת לשיווק,IL,רביעיית שוופס סודה ל,ליטרים,0.00,ליטר,false,1,12.10,12.10,true,1,
7290019056188,false,מארז רביעיית סודה בטעם נענע ליים 1.5 ל' שוופס,יפאורה - שותפות מוגבלת לשיווק,IL,רביעיית שוופס סודה נ,ליטרים,0.00,ליטר,false,1,12.10,12.10,true,1,
7290019056195,false,שוופס סודה למון גראס ג'ינג'ר 1.5 ליטר רביעייה פיקדון,"יפאורה תבורי בע""\מ",IL,רביעיית שוופס סודה ל,ליטרים,0.00,ליטר,false,1,12.10,12.10,true,1,
7290019056201,false,מארז רביעיית סודה בטעם פירות יער 1.5 ל' שוופס,יפאורה - שותפות מוגבלת לשיווק,IL,שוופס סודה פירות יער,ליטרים,0.00,ליטר,false,1,12.10,12.10,true,1,
7290019056232,false,משקה מוגז בטעם ליים מוחיטו 1.5 ל' שוופס,יפאורה - שותפות מוגבלת לשיווק,IL,שוופס ליים מוחיטו 1.,ליטרים,0.00,ליטר,false,1,10.90,10.90,true,1,
7290019056249,false,שוופס מים בטעמים ענבים 1.5 ליטר פיקדון,יפאורה - שותפות מוגבלת לשיווק,IL,שוופס WATER ענבים 1.,ליטרים,0.00,ליטר,false,1,9.50,9.50,true,1,
7290019056256,false,שוופס מים בטעמים תפוחים 1.5 ליטר פיקדון,יפאורה - שותפות מוגבלת לשיווק,IL,שוופס WATER תפוח 1.5,ליטרים,0.00,ליטר,false,1,9.50,9.50,true,1,
7290019056263,false,שוופס מים בטעמים אפרסק 1.5 ליטר פיקדון,יפאורה - שותפות מוגבלת לשיווק,IL,שוופס WATER אפרסק 1.,ליטרים,0.00,ליטר,false,1,9.50,9.50,true,1,
7290019056270,false,שוופס מים בטעמים פירות יער 1.5 ליטר פיקדון,יפאורה - שותפות מוגבלת לשיווק,IL,שוופס WATER פירות יע,ליטרים,0.00,ליטר,false,1,9.50,9.50,true,1,
7290019056287,false,שוופס מים בטעמים אפרסק ללא סוכר 1.5 ליטר פיקדון,יפאורה - שותפות מוגבלת לשיווק,IL,שוופס WATER אפרסק 0,ליטרים,0.00,ליטר,false,1,9.50,9.50,true,1,
7290019056294,false,שוופס ג'ינג'ר אייל 1.5 ליטר פיקדון,יפאורה - שותפות מוגבלת לשיווק,IL,שוופס גינגר 1.5 ליטר,ליטרים,0.00,ליטר,false,1,12.20,12.20,true,1,
7290019056300,false,משקה בטעם ביטר לימון 1.5 ל' שוויפס,יפאורה - שותפות מוגבלת לשיווק,IL,שוופס ביטר 1.5 ליטר,ליטרים,0.00,ליטר,false,1,12.20,12.20,true,1,
7290019056317,false,משקה בטעם ראשן 1.5 ל' שוופס,יפאורה - שותפות מוגבלת לשיווק,IL,משקה שוופס ראשן 1.5,ליטרים,0.00,ליטר,false,1,12.20,12.20,true,1,
7290019056324,false,משקה בטעם טוניק 1.5 ל' שוופס,יפאורה - שותפות מוגבלת לשיווק,IL,שוופס טוניק 1.5 ליטר,ליטרים,0.00,ליטר,false,1,12.20,12.20,true,1,
7290019056331,false,שוופס טוניק ללא סוכר 1.5 ליטר פיקדון,יפאורה - שותפות מוגבלת לשיווק,IL,שוופס טוניק ללא סוכר,ליטרים,0.00,ליטר,false,1,11.90,11.90,true,1,
7290019056355,false,תפוזינה לימונדה מיקס לימונענע 1.5 ליטר,יפאורה - שותפות מוגבלת לשיווק,IL,תפוזינה לימונענע 1.5,ליטרים,0.00,ליטר,false,1,9.20,9.20,true,1,
7290019056362,false,תפוזינה משקה קל ענבים 1.5 ליטר,יפאורה - שותפות מוגבלת לשיווק,IL,תפוזינה ענבים 1.5 לי,ליטרים,0.00,ליטר,false,1,9.20,9.20,true,1,
7290019056379,false,משקה קל תפוזינה 1.5 ליטר תפוזים,יפאורה - שותפות מוגבלת לשיווק,IL,תפוזינה תפוזים 1.5 ל,ליטרים,0.00,ליטר,false,1,9.20,9.20,true,1,
7290019056386,false,משקה קל תפוזינה 1.5 ליטר אשכוליות,יפאורה - שותפות מוגבלת לשיווק,IL,תפוזינה אשכוליות 1.5,ליטרים,0.00,ליטר,false,1,9.20,9.20,true,1,
7290019056393,false,משקה קל תפוזינה 1.5 ליטר תות בננה,יפאורה - שותפות מוגבלת לשיווק,IL,תפוזינה תות בננה 1.5,ליטרים,0.00,ליטר,false,1,9.20,9.20,true,1,
7290019056409,false,תפוזינה משקה קל מנגו עסיסי1.5ליטר,יפאורה - שותפות מוגבלת לשיווק,IL,תפוזינה מנגו עסיסי 1,ליטרים,0.00,ליטר,false,1,9.20,9.20,true,1,
7290019056416,false,מיץ בטעם לימונדה ורודה 1.5 ל' תפוזינה,יפאורה - שותפות מוגבלת לשיווק,IL,תפוזינה לימונדה ורוד,ליטרים,0.00,ליטר,false,1,9.20,9.20,true,1,
7290019056423,false,תפוזינה משקה קל תפוח רענן 1.5ליטר,יפאורה - שותפות מוגבלת לשיווק,IL,תפוזינה תפוח רענן 1.,ליטרים,0.00,ליטר,false,1,9.20,9.20,true,1,
7290019056430,false,משקה קל תפוזינה 1.5 ליטר תפוזים לייט,יפאורה - שותפות מוגבלת לשיווק,IL,תפוזינה תפוזים לייט,ליטרים,0.00,ליטר,false,1,8.90,8.90,true,1,
7290019056447,false,משקה קל תפוזינה 1.5 ליטר אשכוליות לייט,יפאורה - שותפות מוגבלת לשיווק,IL,תפוזינה אשכוליות ליי,ליטרים,0.00,ליטר,false,1,8.90,8.90,true,1,
7290019056478,false,ספרינג טי קר אפרסק 1.5ליטר פיקדון,יפאורה - שותפות מוגבלת לשיווק,IL,משקה ספרינג טי אפרסק,ליטרים,0.00,ליטר,false,1,8.20,8.20,true,1,
7290019056485,false,ספריג תה ירוק לימון לואיזה 1.5 ליטר פיקדון,יפאורה - שותפות מוגבלת לשיווק,IL,משקה ספרינג טי לימון,ליטרים,0.00,ליטר,false,1,8.20,8.20,true,1,
7290019056492,false,ספרינג תה מנגו אפרסק 1.5 ליטר פיקדון,יפאורה - שותפות מוגבלת לשיווק,IL,ספרינג תה מנגו אפרסק,ליטרים,0.00,ליטר,false,1,8.20,8.20,true,1,
7290019056508,false,פרוט ווטר ענבים 1.5 ליטר פיקדון,יפאורה - שותפות מוגבלת לשיווק,IL,FRUIT WATER ענבים 1.,ליטרים,0.00,ליטר,false,1,9.50,9.50,true,1,
7290019056515,false,פרוט ווטר אננס 1.5 ליטר פיקדון,יפאורה - שותפות מוגבלת לשיווק,IL,FRUIT WATER אננס 1.5,ליטרים,0.00,ליטר,false,1,9.50,9.50,true,1,
7290019056522,false,מים בטעם תות 1.5 ל' פרוט וואטר,יפאורה - שותפות מוגבלת לשיווק,IL,FRUIT WATER תות 1.5,ליטרים,0.00,ליטר,false,1,9.50,9.50,true,1,
7290019056539,false,fruit water פרוט ווטר אפרסק 1.5 ליטר-,יפאורה שותפות מוגבלת לשיווק,IL,FRUIT WATER אפרסק 1.,ליטרים,0.00,ליטר,false,1,9.50,9.50,true,1,
7290019056546,false,fruit water פרוט ווטר אבטיח 1.5 ליטר-,יפאורה - שותפות מוגבלת לשיווק,IL,FRUIT WATER אבטיח 1.,ליטרים,0.00,ליטר,false,1,9.50,9.50,true,1,
7290019056553,false,שישיית מים מינרלים עין גדי 2 ליטר,יפאורה - שותפות מוגבלת לשיווק,IL,שישיית מים עין גדי 2,ליטרים,0.01,ליטר,false,1,13.30,1330.00,true,1,
7290019056577,false,ספרינג קל מנגו 1.5 ליטר פיקדון,יפאורה - שותפות מוגבלת לשיווק,IL,ספרינג מנגו 1.5 ליטר,ליטרים,0.00,ליטר,false,1,9.20,9.20,true,1,
7290019056584,false,משקה קל תפוזים ספרינג 1.5 ליטר,יפאורה - שותפות מוגבלת לשיווק,IL,ספרינג תפוז 1.5 ליטר,ליטרים,0.00,ליטר,false,1,9.20,9.20,true,1,
7290019056591,false,משקה קל ענבים ספרינג 1.5 ליטר,יפאורה - שותפות מוגבלת לשיווק,IL,ספרינג ענבים 1.5 ליט,ליטרים,0.00,ליטר,false,1,9.20,9.20,true,1,
7290019056607,false,משקה קל תפוחים ספרינג 1.5 ליטר,יפאורה - שותפות מוגבלת לשיווק,IL,ספרינג תפוח 1.5 ליטר,ליטרים,0.00,ליטר,false,1,9.20,9.20,true,1,
7290019056614,false,משקה קל אפרסק ספרינג 1.5 ליטר,יפאורה - שותפות מוגבלת לשיווק,IL,ספרינג אפרסק 1.5 ליט,ליטרים,0.00,ליטר,false,1,9.20,9.20,true,1,
7290019056621,false,משקה קל פירות טרופיים ספרינג 1.5 ליטר,יפאורה - שותפות מוגבלת לשיווק,IL,ספרינג 1.5 ליטר פירו,ליטרים,0.00,ליטר,false,1,9.20,9.20,true,1,
7290019056638,false,משקה קל ספרינג 1.5 ליטר תות בננה,יפאורה - שותפות מוגבלת לשיווק,IL,ספרינג תות בננה 1.5,ליטרים,0.00,ליטר,false,1,9.20,9.20,true,1,
7290019056645,false,משקה קל ספרינג 1.5 ליטר אגס תפוח סברס,יפאורה - שותפות מוגבלת לשיווק,IL,ספרינג 1.5 ליטר אגסי,ליטרים,0.00,ליטר,false,1,9.20,9.20,true,1,
7290019056652,false,משקה קל ספרינג 1.5 ליטר אננס בננה,יפאורה - שותפות מוגבלת לשיווק,IL,ספרינג אננס בננה 1.5,ליטרים,0.00,ליטר,false,1,9.20,9.20,true,1,
7290019056669,false,משקה קל ספרינג 1.5 ליטר תפוחים דיאט,יפאורה - שותפות מוגבלת לשיווק,IL,ספרינג תפוחים לייט 1,ליטרים,0.00,ליטר,false,1,8.90,8.90,true,1,
7290019056676,false,משקה קל אשכולית אננס דיאט ספרינג 1.5 ליטר,יפאורה - שותפות מוגבלת לשיווק,IL,ספרינג אשכוליות אננס,ליטרים,0.00,ליטר,false,1,8.90,8.90,true,1,
7290019056720,false,קריסטל מיץ ענבים 2 ליטר פיקדון,יפאורה - שותפות מוגבלת לשיווק,IL,קריסטל מיץ ענבים 2 ל,ליטרים,0.00,ליטר,false,1,7.50,7.50,true,1,
7290019056768,false,קריסטל משקה קל מנגו 2 ליטר פיקדון,יפאורה - שותפות מוגבלת לשיווק,IL,קריסטל מיץ מנגו 2 לי,ליטרים,0.00,ליטר,false,1,7.50,7.50,true,1,
7290019056812,false,משקה קל קריסטל (2 ליטר)מוגז מנטה,יפאורה - שותפות מוגבלת לשיווק,IL,קריסטל מוגז מנטה 2 ל,ליטרים,0.00,ליטר,false,1,7.50,7.50,true,1,
7290019056836,false,משקה קל קריסטל (2 ליטר)מוגז תות,יפאורה - שותפות מוגבלת לשיווק,IL,קריסטל מוגז תות 2 לי,ליטרים,0.00,ליטר,false,1,7.50,7.50,true,1,
7290019056881,false,מי סודה שוויפס 1.5ל,יפאורה - שותפות מוגבלת לשיווק,,שוופס סודה 1.5 ליטר,ליטרים,0.00,ליטר,false,1,3.80,3.80,true,1,
7290019056898,false,שוופס סודה לימון 1.5 ליטר,"כד בני דרום בע""מ",IL,שוופס סודה לימון 1.5,ליטרים,0.00,ליטר,false,1,3.70,3.70,true,1,
7290019056942,false,מים מינרליים טבעיים,יפאורה,IL,מי עין גדי 2 ל,ליטרים,0.00,ליטר,false,1,2.80,2.80,true,1,
7290019056966,false,מי עדן בקבוק פיקדון 1.5 ליטר,תבורי-שותפות מוגבלת לשיווק,IL,מי עדן 1.5 ליטר,ליטרים,0.00,ליטר,false,1,4.20,4.20,true,1,
7290019056973,false,מי עדן שישיה בק `1.5ליטר פיקדון,יפאורה - שותפות מוגבלת לשיווק,IL,שישיית מי עדן 1.5 לי,ליטרים,0.01,ליטר,false,1,13.90,1390.00,true,1,
7290019075899,false,קמיל בלו אקסטרה סופט אל סבון לתינוק 1 ליטר,"פישר תעשיות פרמצביטות בע""מ",,קמיל בלו אל סבון לתי,Unknown,0.00,Unknown,false,1,33.90,33.90,true,1,
7290019078784,false,אבקת קקאו אורגנית 400 גרם,"אלמונדס בע""מ",IL,אבקת קקאו אורגנית 40,גרמים,400.00,100 גרם,false,1,32.90,8.23,true,1,
7290019108016,false,לאבנה טבעונית 20% שקדים 200 גרם,,IL,לאבנה טבעונית 20% שק,גרמים,200.00,100 גרם,false,1,14.90,7.45,true,1,
7290019108023,false,פומאז מעדן פו מוס שקדים שוקולד 120 גרם,,IL,פומאז מעדן פו מוס שק,גרמים,120.00,100 גרם,false,1,10.90,9.08,true,1,
7290019108610,false,פומאז- מעדן שוקולד ואמרנה 120 גרם,,,פומאז- מעדן שוקולד ו,גרמים,120.00,100 גרם,false,1,10.90,9.08,true,1,
7290019137092,false,"סירופ מייפל קנדי אורגני 250 מ""ל",NOVOFRUCHT SK S.R.O,CA,סירופ מייפל קנדי אור,מיליליטרים,250.00,"100 מ""ל",false,1,23.90,9.56,true,1,
7290019137191,false,ניוקי ת.אדמה כוסמין ותרד אורגני 350 גרם,,IT,ניוקי ת.אדמה כוסמין,גרמים,350.00,100 גרם,false,1,14.90,4.26,true,1,
7290019137344,false,קטשופ 45% פחות סוכר אורגני 780 גרם,,LT,קטשופ 45% פחות סוכר,גרמים,780.00,100 גרם,false,1,21.90,2.81,true,1,
7290019137351,false,רוטב צילי מתוק אורגני 545 גרם,,LT,רוטב צילי מתוק אורגנ,גרמים,545.00,100 גרם,false,1,21.90,4.02,true,1,
7290019137382,false,פלפל שחור טחון אורגני 65 גרם,,,פלפל שחור טחון אורגנ,גרמים,65.00,100 גרם,false,1,14.90,22.92,true,1,
7290019153078,false,שוופס ביטר למון 1.5 לייט ליטר פיקדון,יפאורה - שותפות מוגבלת לשיווק,,שוופס ביטר למון לייט,ליטרים,0.00,ליטר,false,1,11.90,11.90,true,1,
7290019153085,false,שוופס מוגז ליים מוחיטו ללא סוכר 1.5 ליטר-,יפאורה - שותפות מוגבלת לשיווק,,שוופס ליים מוחיטו לל,ליטרים,0.00,ליטר,false,1,9.90,9.90,true,1,
7290019153252,false,שוופס סודה תפוח 1.5 ליטר רביעייה פיקדון,יפאורה - שותפות מוגבלת לשיווק,IL,שוופס סודה תפוח 1.5,ליטרים,0.00,ליטר,false,1,12.10,12.10,true,1,
7290019153269,false,שוופס סודה אננס 1.5 ליטר רביעייה פיקדון,יפאורה - שותפות מוגבלת לשיווק,IL,שוופס סודה אננס 1.5,ליטרים,0.00,ליטר,false,1,12.10,12.10,true,1,
7290019153306,false,סודה שוויפס בטעם תפוח 1.5ל,יפאורה - שותפות מוגבלת לשיווק,IL,שוופס סודה תפוח 1.5,ליטרים,0.00,ליטר,false,1,3.70,3.70,true,1,
7290019153313,false,"משקהתפוח חמוציות אוכמניות 350 מ""ל פרות & ווג",יפאורה - שותפות מוגבלת לשיווק,IL,פרוט & וג תפוח חמוצי,מיליליטרים,350.00,"100 מ""ל",false,1,7.50,2.14,true,1,
7290019153344,false,משקה קל תפוזינה 1.5 ליטר סנגרייה,יפאורה - שותפות מוגבלת לשיווק,IL,תפוזינה סנגרייה 1.5,ליטרים,0.00,ליטר,false,1,9.20,9.20,true,1,
7290019153351,false,משקה קל תפוזינה 1.5 ליטר פינק אוזו,יפאורה - שותפות מוגבלת לשיווק,IL,תפוזינה פינק אוזו 1.,ליטרים,0.00,ליטר,false,1,9.20,9.20,true,1,
7290019153375,false,משקה קל תפוזינה 1.5 ליטר מוחיטו,יפאורה - שותפות מוגבלת לשיווק,IL,תפוזינה מוחיטו 1.5 ל,ליטרים,0.00,ליטר,false,1,9.20,9.20,true,1,
7290019153535,false,"רביעיית שוופס מוגז פירות למונייד ללא סוכר 330 מ""ל פחיות",יפאורה - שותפות מוגבלת לשיווק,,רביעיית פחיות שוופס,מיליליטרים,1320.00,"100 מ""ל",false,1,16.70,1.27,true,1,
7290019153566,false,משקה קל רימון אוכמניות דובדבן ספרינג 1.5 ליטר,יפאורה - שותפות מוגבלת לשיווק,,ספרינג רימון אוכמניו,ליטרים,0.00,ליטר,false,1,9.20,9.20,true,1,
7290019167020,false,עוגת גבינה עם פירות יער לייט עדן קינוחים 82 גרם,"תנובה בע""מ ***",,עוגת גבינה עם פירות,גרמים,80.00,100 גרם,false,1,6.90,8.63,true,1,
7290019167037,false,תותים בקצפת 82 גרם עדן קינוחים,תנובה בעמ ***,,תותים בקצפת 80 גרם,גרמים,80.00,100 גרם,false,1,6.90,8.63,true,1,
7290019167044,false,קצפת עם קרם בייגלה מתוק מלוח עדן קינוחים 82 גרם,תנובה בעמ ***,,קצפת עם קרם בייגלה מ,גרמים,80.00,100 גרם,false,1,6.90,8.63,true,1,
7290019168089,false,"תבנית נייר אפייה מתכלה 200 מ""מ 5 יח",,,תבנית נייר אפייה מתכ,יחידה,1.00,יחידה,false,1,11.90,11.90,true,1,
7290019176022,false,פילה טונה בשמן קנולה 160 גר,,LV,פילה טונה בשמן קנולה,גרמים,160.00,100 גרם,false,1,15.90,9.94,true,1,
7290019176039,false,פילה טונה בשמן קנולה עם פלפל שמן 160 גר,,LV,פילה טונה בשמן קנולה,גרמים,160.00,100 גרם,false,1,15.90,9.94,true,1,
7290019176046,false,פילה טונה בשמן זות 160 גר,,LV,פילה טונה בשמן זות 1,גרמים,160.00,100 גרם,false,1,16.90,10.56,true,1,
7290019176053,false,פילה טונה במי מלח 160 גר,,LV,פילה טונה במי מלח 16,גרמים,160.00,100 גרם,false,1,15.90,9.94,true,1,
7290019203001,false,טורטייה מעדשים כתומות ללא גלוטן 180 ג' Full Wrap,גורי מוצרי צריכה (1991) בעמ,,טורטייה מעדשים כתומו,גרמים,180.00,100 גרם,false,1,21.90,12.17,true,1,
7290019203018,false,טורטייה מחומוס מונבט ללא גלוטן 180 ג' Full Wrap,גורי מוצרי צריכה (1991) בעמ,,טורטייה מחומוס מונבט,גרמים,180.00,100 גרם,false,1,21.90,12.17,true,1,
7290019226093,false,חתיכות אננס בסירופ קל תומר 565 גרם,,,אננס חתוך תומר 565 ג,גרמים,565.00,100 גרם,false,1,7.90,1.40,true,1,
7290019226109,false,אננס פרוס תומר 565 גרם,,,אננס פרוס תומר 565 ג,גרמים,565.00,100 גרם,false,1,8.90,1.58,true,1,
7290019232094,false,חליטת פירות וצמחים אפרסק הגן הקסום ויסוצקי 25 יחידות,תה ויסוצקי (ישראל) בעמ,,חליטת פירות וצמחים ב,יחידה,1.00,יחידה,false,1,18.90,18.90,true,1,
7290019232155,false,"חליטת ""לילה טוב"" קמומיל לבנדר ו25 שקיקים ויסוצקי",תה ויסוצקי (ישראל) בעמ,,תה ויסוצקי חליטת ליל,יחידה,1.00,יחידה,false,1,25.90,25.90,true,1,
7290019232162,false,"חליטת ""לילה טוב"" קמומיל מליסה 25 שקיקים ויסוצקי",תה ויסוצקי (ישראל) בעמ,,תה ויסוצקי חליטת ליל,יחידה,1.00,יחידה,false,1,25.90,25.90,true,1,
7290019232193,false,תה ירוק לימונית ג'ינג'ר STAY WELL שקיקים 25 ויסוצקי,תה ויסוצקי (ישראל) בעמ,,תה ויסוצקי ירוק לימו,יחידה,1.00,יחידה,false,1,25.90,25.90,true,1,
7290019232353,false,תה ירוק סיני 50 שקיקים ויסוצקי,תה ויסוצקי (ישראל) בעמ,IL,תה ירוק סיני 50 שקיק,גרמים,75.00,100 גרם,false,1,44.90,59.87,true,1,
7290019232803,false,הולגריין ביסקוויט+קרם חלב ושוקולד חלב 300 גרם רבנות,"אולקר ביסקווי סנאי, א.ס.",,ביסקוויט הולגריין קר,גרמים,300.00,100 גרם,false,1,11.90,3.97,true,1,
7290019232827,false,הולגריין ביסקוויט במילוי אגוזי לוז 300 גרם רבנות,"אולקר ביסקווי סנאי, א.ס.",,ביסקוויט הולגריין במ,גרמים,300.00,100 גרם,false,1,11.90,3.97,true,1,
7290019232834,false,פליפז בייגלה מצופה קרם עוגיות ושוקולד מקוויטיס 140 גרם,תה ויסוצקי (ישראל) בעמ,,בייגלה פליפז מצופה ק,גרמים,140.00,100 גרם,false,1,8.90,6.36,true,1,
7290019233008,false,רוטב עגבניות עם קוביות ארטישוק ושמן זית 420ג ויסוצקי,תה ויסוצקי (ישראל) בעמ,IT,רוטב שקשוקה ארטישוק,גרמים,420.00,100 גרם,false,1,13.90,3.31,true,1,
7290019233015,false,רוטב שקשוקה תבשיל ירקות עם שמן זית כתית מעולה 420ג זיתא,תה ויסוצקי (ישראל) בעמ,IT,רוטב שקשוקה ירוקה-תב,גרמים,420.00,100 גרם,false,1,13.90,3.31,true,1,
7290019233022,false,רוטב עגבניות עם קוביות ושמן זית 420ג זיתא,תה ויסוצקי (ישראל) בעמ,IT,רוטב שקשוקה חצילים ז,גרמים,420.00,100 גרם,false,1,13.90,3.31,true,1,
7290019233039,false,רוטב עגבניות עם קוביות פלפלים ושמן זית 420ג' ויסוצקי,תה ויסוצקי (ישראל) בעמ,IT,רוטב שקשוקה קלאסית ז,גרמים,420.00,100 גרם,false,1,13.90,3.31,true,1,
7290019233046,false,זית קלמטה בלונד מרינד עם שמן זית 215 גרם,תה ויסוצקי (ישראל) בעמ,,זית קלמטה בלונד זיתא,גרמים,215.00,100 גרם,false,1,13.90,6.47,true,1,
7290019297208,false,חטיף גרנולה עם פירות יבשים (5 יחידות) 175 גר',****דין שיווק וקליה 2021 בעמ,,חט.דגנים פירות יבשים,גרמים,175.00,100 גרם,false,1,12.90,7.37,true,1,
7290019297239,false,צימוק חום 250 גרם ששון הקולה,דין שיווק וקליה 2021 בעמ,,צימוק חום 330 גר,גרמים,330.00,100 גרם,false,1,14.60,4.42,true,1,
7290019297246,false,שזיפים מיובשים ששון הקולה (330 גרם),דין שיווק וקליה 2021 בעמ,,שזיפים 330 גר,גרמים,330.00,100 גרם,false,1,22.90,6.94,true,1,
7290019297512,false,"רוטב רימונים שקדיה 340 מ""ל בדץ",דין שיווק וקליה 2021 בעמ,,רוטב רימונים שקדיה 3,מיליליטרים,340.00,"100 מ""ל",false,1,12.40,3.65,true,1,
7290019297550,false,בוטנים מטוגנים בקוספא 185 גרם,דין שיווק וקליה 2021 בעמ,,בוטנים מטוגנים בקוספ,גרמים,185.00,100 גרם,false,1,9.90,5.35,true,1,
7290019297628,false,שקד טבעי בשקית ששון הקולה 150 גרם,דין שיווק וקליה 2021 בעמ,,שקד טבעי 150 גרם ששו,גרמים,150.00,100 גרם,false,1,15.90,10.60,true,1,
7290019297635,false,שקדים קלויים ששון הקולה 150 גרם,דין שיווק וקליה 2021 בעמ,,שקד קלויים 150 גרם ש,גרמים,150.00,100 גרם,false,1,17.70,11.80,true,1,
7290019297642,false,גרעין שחור קלוי ללא מלח ששון הקולה 150 ג',דין שיווק וקליה 2021 בעמ,,גרעין שחור קלוי ללא,גרמים,150.00,100 גרם,false,1,4.80,3.20,true,1,
7290019303657,false,טבע ירוק פינוקית שומשום מיקס בריאות 250ג,אבאל יזמות בעמ,IL,טבע ירוק פינוקית שומ,גרמים,250.00,100 גרם,false,1,17.90,7.16,true,1,
7290019303701,false,טבע ירוק פינוקית שומשום מיקס ישראלי 250ג,אבאל יזמות בעמ,IL,טבע ירוק פינוקית שומ,גרמים,250.00,100 גרם,false,1,17.90,7.16,true,1,
7290019303800,false,פינוקיות שומשום עם שקדים וחמוציות 250 ג',אבאל יזמות בעמ,IL,פינוקית שומשום עם שק,גרמים,250.00,100 גרם,false,1,17.90,7.16,true,1,
7290019304104,false,יין שאושינג 640 מל ס,Qingdao Sun-growing,CN,"יין שאושינג 640 מ""ל",מיליליטרים,640.00,"100 מ""ל",false,1,39.90,6.23,true,1,
7290019431121,false,"קמח כוסמין לבן אורגני עתיד ירוק 1 ק""ג",,IL,קמח כוסמין לבן אורגנ,גרמים,1000.00,100 גרם,false,1,15.90,1.59,true,1,
7290019431169,false,אבקת קקאו אורגנית עתיד ירוק 400 גרם,,,אבקת קקאו אורגנית עת,גרמים,400.00,100 גרם,false,1,27.90,6.98,true,1,
7290019443124,false,"בירה נגב אואזיס 330 מ""ל",הכרם משקאות חריפים בעמ,,בירה נגב אואזיס 330,מיליליטרים,330.00,"100 מ""ל",false,1,15.90,4.82,true,1,
7290022005562,false,קריספ פירורי לחם שום 300 גרם מיימונס,א.ל.ייצור ושיווק תבלינים בעמ,IL,קריספ שום 300 גרם,גרמים,300.00,100 גרם,false,0,7.90,2.63,true,1,
7290024481678,false,פרמיו ביף טנדרס 750 גר לכלב,שחורי אריה ואנסטסיה,,פרמיו ביף טנדר 750 ג,Unknown,0.00,Unknown,false,1,25.90,25.90,true,1,
7290067642005,false,"בירה גולדסטאר SLOWBREW בקבוק 10% 330 מ""ל",טמפו משקאות בעמ,,בירה גולדסטאר 10% 33,מיליליטרים,1980.00,"100 מ""ל",false,1,7.90,0.40,true,1,
7290069701151,false,פריזר דוקטורסקיה אוריגינל מזרע,,,פריזר דוקטורסקיה,Unknown,0.00,"ק""ג",true,0,75.00,75.00,true,1,
7290083295582,false,נייר עטיפה לכריכים,,IL,נייר עטיפה לכריכים,Unknown,1.00,Unknown,false,1,8.50,8.50,true,1,
7290088555254,false,רביולי פטריות 450 גרם,,,רביולי פטריות 450 ג,גרמים,450.00,100 גרם,false,0,49.90,11.09,true,1,
7290089617074,false,פטריות מסליאטה מוחמצות 680 ג,,CN,פטריות מסליאטה מוחמ,גרמים,680.00,100 גרם,false,1,16.70,2.46,true,1,
7290089617142,false,פטריות אופיאטה מוחמצפוסולסקי דבור 680 ג,,CN,פטריות אופיאטה מוחמ,גרמים,680.00,100 גרם,false,1,16.70,2.46,true,1,
7290089617210,false,פטריות אסורטי מוחמצים 680 ג,,CN,פטריות אסורטי מוחמצ,גרמים,680.00,100 גרם,false,1,16.70,2.46,true,1,
7290089617388,false,פטריות בורוביצקי מוחמצים 680 ג,,CN,פטריות בורוביצקי מוח,גרמים,680.00,100 גרם,false,1,16.70,2.46,true,1,
7290100240632,false,קרקר פתית 200-300ג' 6 דגנים 250 גרם,"יוניליוור ישראל שיווק בע""מ",,"פתית 6 דגנים בד""צ 25",גרמים,250.00,100 גרם,false,1,16.90,6.76,true,1,
7290100240656,false,"פתית שיפון בד""צ חדש 300X24 גר'",יוניליוור ישראל שיווק בע`מ,,"פתית שיפון בד""צ 250",גרמים,300.00,100 גרם,false,1,16.90,5.63,true,1,
7290100243084,false,מיונז אמיתי הלמנס 789גרם,יוניליוור ישראל שיווק בע`מ,,מיונז הלמנס 789 גרם,מיליליטרים,400.00,"100 מ""ל",false,1,27.90,6.98,true,1,
7290100243671,false,"מרכך כביסה מרוכז אקסטרה כחול בדין 960 מ""ל",יוניליוור ישראל שיווק בע`מ,,בדין אקסטרא כחול 960,מיליליטרים,960.00,"100 מ""ל",false,1,15.90,1.66,true,1,
7290100245231,false,נמס בכוס מרק בטעם עוף עם אטריות ושקדי מרק-2 שקיות,יוניליוור ישראל שיווק בע`מ,,מרק נמס בכוס ועוד ט.,גרמים,50.00,100 גרם,false,1,6.90,13.80,true,1,
7290100249598,false,רוטב לעוף בטעם שום ודבש קנור (320 גרם),יוניליוור ישראל שיווק בע`מ,,קנור רוטב שום ודבש 3,גרמים,320.00,100 גרם,false,1,13.90,4.34,true,1,
7290100249659,false,"רוטב לעוף צ'ילי מתוק ושום קנור 320 גרם בד""צ","יוניליוור ישראל שיווק בע""מ",,קנור רוטב צילי שום 3,גרמים,320.00,100 גרם,false,1,13.90,4.34,true,1,
7290100321775,false,חזה עוף טרי,,,חזה עוף טרי,Unknown,0.00,"ק""ג",true,0,34.90,34.90,true,1,
7290100323038,false,כרעיים עוף טרי,,,כרעיים עוף טרי,Unknown,0.00,"ק""ג",true,0,22.90,22.90,true,1,
7290100330203,false,הודו שלם טרי,,,הודו שלם טרי,Unknown,0.00,"ק""ג",true,0,29.90,29.90,true,1,
7290100331118,false,חזה הודו נקבה טרי,,,חזה הודו נקבה טרי,Unknown,0.00,"ק""ג",true,0,33.90,33.90,true,1,
7290100334041,false,שוארמה הודו נ.טרי תפזורת,עוף טוב,,שווארמה הודו נקבה טר,Unknown,0.00,"ק""ג",true,0,79.90,79.90,true,1,
7290100335086,false,שוק הודו מפורק טרי,,,שוק הודו מפורק טרי,Unknown,0.00,"ק""ג",true,0,55.90,55.90,true,1,
7290100335154,false,שוק הודו זכר טרי,,,שוק הודו זכר טרי,Unknown,0.00,"ק""ג",true,0,29.90,29.90,true,1,
7290100335161,false,שוק הודו נקבה טרי,,,שוק הודו נקבה טרי,Unknown,0.00,"ק""ג",true,0,36.90,36.90,true,1,
7290100335406,false,ירך הודו זכר,,,ירך הודו זכר,Unknown,0.00,"ק""ג",true,0,58.90,58.90,true,1,
7290100337066,false,כנף הודו נקבה טרי,,,כנף הודו נקבה טרי,Unknown,0.00,"ק""ג",true,0,17.90,17.90,true,1,
7290100337400,false,גרון הודו זכר טרי,,,גרון הודו זכר טרי,Unknown,0.00,"ק""ג",true,0,34.90,34.90,true,1,
7290100338018,false,כבד הודו טרי,,,כבד הודו טרי,Unknown,0.00,"ק""ג",true,0,21.90,21.90,true,1,
7290100338223,false,לב הודו טרי,,,לב הודו טרי,Unknown,0.00,"ק""ג",true,0,22.90,22.90,true,1,
7290100338612,false,קורקבן הודו טרי,,,קורקבן הודו טרי,Unknown,0.00,"ק""ג",true,0,11.90,11.90,true,1,
7290100412343,false,קוויק מטליות לחות 99.9% לניקוי כללי בריח לימון 50 יחידות,שקד תבל בע`מ,,מגבונים לנ.כללי בריח,Unknown,0.00,Unknown,false,1,11.00,11.00,true,1,
7290100412435,false,קוויק מטליות לחות 99.9% לניקוי כללי בריח פרחי בר 50 יחידות,שקד תבל בע`מ,,מגבונים לנ.כללי בריח,Unknown,0.00,Unknown,false,1,11.00,11.00,true,1,
7290100412442,false,קוויק מטליות לחות 99.9% לניקוי שירותים ומקלחות בריח מנטה 50 יחידות,שקד תבל בע`מ,,מג.לנ.שירותים ואמבטי,Unknown,0.00,Unknown,false,1,11.00,11.00,true,1,
7290100412459,false,קוויק מטליות לחות 99.9% לניקוי שירותים ומקלחות בריח לוונדר 50 יחידות,שקד תבל בע`מ,,מ.לנ.שירותים אמבטיה,Unknown,0.00,Unknown,false,1,11.00,11.00,true,1,
7290100412466,false,קוויק מטליות לחות לניקוי רצפות ניחוח לימון 10 יחידות,שקד תבל בע`מ,IL,מטליות לחות קוויק לנ,יחידה,1.00,יחידה,false,1,11.90,11.90,true,1,
7290100412718,false,"תרחיץ פנים קלאסק מאסק דר עור 150 מ""ל","אמיליה קוסמטיקס בע""מ",,גל ניקוי לפנים מאסק,מיליליטרים,150.00,"100 מ""ל",false,1,25.60,17.07,true,1,
7290100412749,false,ג'ל ניקוי פנים לעור יבש פרחי בר 150 מל DR OR,אמיליה קוסמטיקס בעמ,,גל ניקוי פנים לעור י,מיליליטרים,150.00,"100 מ""ל",false,1,25.60,17.07,true,1,
7290100412770,false,"ד""ר עור - תחליב רחצה קלאסי בניחוח מאסק 700 מ""ל","אמיליה קוסמטיקס בע""מ",,תחליב רחצה מאסק דר ע,מיליליטרים,700.00,"100 מ""ל",false,1,22.50,3.21,true,1,
7290100412787,false,"ד""ר עור - תחליב רחצה קלאסי בניחוח פריחת הכותנה 700 מ""ל","אמיליה קוסמטיקס בע""מ",,תחליב רחצה פריחת הכו,מיליליטרים,700.00,"100 מ""ל",false,1,22.50,3.21,true,1,
7290100412800,false,"תחליב רחצה לעור יבש וילד פלאור דר עור 700 מ""ל","אמיליה קוסמטיקס בע""מ",,תחליב רחצה לעור יבש,מיליליטרים,700.00,"100 מ""ל",false,1,22.50,3.21,true,1,
7290100412831,false,תחליב רחצה אנטי אייג'ינג בניחוח וניל טרופי,"אמיליה קוסמטיקס בע""מ",,תח.רחצה אנטי איגינג,מיליליטרים,700.00,"100 מ""ל",false,1,22.50,3.21,true,1,
7290100413586,false,RETIN-OR קרם יום אנטי אייג'ינג לעור בוגר +45,"ד""ר עור DOCTOR OR",,RETIN OR קרם יום אנט,מיליליטרים,50.00,"100 מ""ל",false,1,199.90,399.80,true,1,
7290100570074,false,אביזרי מטבח ב-4.99,,,אבזרי מטבח,Unknown,0.00,Unknown,false,1,4.90,4.90,true,1,
7290100570234,false,אביזרי מטבח,,,אבזרי מטבח,Unknown,0.00,Unknown,false,1,12.90,12.90,true,1,
7290100570272,false,16.9 ה.אביזרי בית,,,פומפה,Unknown,0.00,Unknown,false,1,16.90,16.90,true,1,
7290100570463,false,אביזרי מטבח,,,אבזרי מטבח,Unknown,0.00,Unknown,false,1,35.90,35.90,true,1,
7290100570562,false,אבזרי מטבח,,,אבזרי מטבח,יחידה,1.00,יחידה,false,1,45.90,45.90,true,1,
7290100570647,false,אביזרי מטבח,,,אבזרי מטבח,Unknown,0.00,Unknown,false,1,69.90,69.90,true,1,
7290100570708,false,אביזרי מטבח,,,אבזרי מטבח,Unknown,0.00,Unknown,false,1,99.90,99.90,true,1,
7290100571224,false,אביזרי מטבח,,,אבזרי מטבח,Unknown,0.00,Unknown,false,1,7.90,7.90,true,1,
7290100571279,false,אביזרי מטבח,,,אבזרי מטבח,Unknown,0.00,Unknown,false,1,39.90,39.90,true,1,
7290100572146,false,כ.סט מקפיאון,,,אבזרי מטבח,Unknown,0.00,Unknown,false,1,24.90,24.90,true,1,
7290100572368,false,אביזרי מטבח,,,אבזרי מטבח,Unknown,0.00,Unknown,false,1,19.90,19.90,true,1,
7290100572702,false,אביזרי מטבח ב-11.00,,,אביזרי מטבח,Unknown,0.00,Unknown,false,1,10.90,10.90,true,1,
7290100573235,false,אבזרי מטבח,,,אבזרי מטבח,Unknown,0.00,Unknown,false,1,15.90,15.90,true,1,
7290100573396,false,אביזרי מטבח.,,,אביזרי מטבח,Unknown,0.00,Unknown,false,1,9.90,9.90,true,1,
7290100573716,false,שקית זילוף טרמיסו,,,אביזרי מטבח,Unknown,0.00,Unknown,false,1,14.90,14.90,true,1,
7290100575055,false,אביזרי מטבח.,,,אבזרי מטבח,Unknown,0.00,Unknown,false,1,29.90,29.90,true,1,
7290100575086,false,אביזרי מטבח ב-6.99,,,אבזרי מטבח,Unknown,0.00,Unknown,false,1,6.90,6.90,true,1,
7290100653463,false,"פלמוליב - ארומה ג'ל רחצה מסאז' 500 מ""ל",קולגייט פלמוליב,,סבון נוזלי פלמוליב ס,מיליליטרים,500.00,"100 מ""ל",false,1,18.80,3.76,true,1,
7290100653586,false,"דאודורנט ג'ל פרש פיוזן 24/7 ליידי ספיד סטיק 65 מ""ל",ליידי ספיד סטיק Lady Speed Stick,,ליידי ספיד סטיק 24/7,Unknown,0.00,Unknown,false,1,32.90,32.90,true,1,
7290100658338,false,"נוזל לניקוי כלים אוקסי פלוס פלמוליב 750 מ""ל",הנסיך- מפעל לייצור ט,,פלמוליב אוקסי פלוס כ,מיליליטרים,750.00,"100 מ""ל",false,1,11.90,1.59,true,1,
7290100659090,false,פרי חטיפים ללא גלוטן ותוספת סוכר מארז 5 תמרים וקינמון,טבעית מוצרים מן הטבע בעמ,,חטיף פרי תמרים וקינמ,גרמים,90.00,100 גרם,false,1,19.80,22.00,true,1,
7290100680650,false,מנה חמה נודלס-אטריות ירקות טעם תאילנדי אסם 76 ג',קבוצת אוסם סחר שותפות מוגבלת,,מנה חמה נודלס טעם יר,גרמים,70.00,100 גרם,false,1,5.90,8.43,true,1,
7290100680711,false,פירורית זהב אסם זהב 350ג',קבוצת אוסם סחר שותפות מוגבלת,,פירורית זהב 350 גרם,גרמים,350.00,100 גרם,false,1,8.80,2.51,true,1,
7290100680728,false,פירורית רגילה שקית 350 גרם,קבוצת אוסם סחר שותפות מוגבלת,,פירורית 350 גרם,גרמים,350.00,100 גרם,false,1,7.60,2.17,true,1,
7290100681503,false,עסיס סירופ לימונענע דיאטטי 1 ליטר,קבוצת אוסם סחר שותפות מוגבלת,,סירופ עסיס לימונענע,מיליליטרים,1000.00,"100 מ""ל",false,1,20.90,2.09,true,1,
7290100681510,false,סירופ דיאט בטעם אשכולית אדומה עסיס 1 ליטר,קבוצת אוסם סחר-שות.מוגבלת,,סירופ עסיס אשכולית א,מיליליטרים,1000.00,"100 מ""ל",false,1,20.90,2.09,true,1,
7290100683880,false,פירה אסם ללא צורך בבישול 260 גרם,קבוצת אוסם סחר שותפות מוגבלת,,תבשילים משפחתיים פיר,גרמים,260.00,100 גרם,false,1,18.30,7.04,true,1,
7290100684139,false,פסטה מיני מקרוני אסם (500 גרם),קבוצת אוסם סחר שותפות מוגבלת,,פסטה אסם מיני מקרוני,גרמים,500.00,100 גרם,false,1,5.90,1.18,true,1,
7290100684306,false,רוטב צ`ילי מתוק אסם (600 מל),קבוצת אוסם סחר-שות.מוגבלת,,רוטב צילי מתוק 600 מ,מיליליטרים,600.00,"100 מ""ל",false,1,23.90,3.98,true,1,
7290100684764,false,במבה יום הולדת על סרט אסם 25 ג',קבוצת אוסם סחר שותפות מוגבלת,,במבה על סרט 25 גרם,גרמים,25.00,100 גרם,false,1,2.20,8.80,true,1,
7290100685068,false,אינסטנט פודינג בטעם וניל עם פצפוצי שוקולד אסם 110 גרם,קבוצת אסם סחר שות. מוגבלת,,פודינג+וניל עם פצפוצ,גרמים,110.00,100 גרם,false,1,7.50,6.82,true,1,
7290100685136,false,"אבקת מרק טעם עוף 1 ק""ג 1/8 אסם",קבוצת אוסם סחר שותפות מוגבלת,,"מרק טעם עוף 1 ק""ג",גרמים,1000.00,100 גרם,false,1,17.40,1.74,true,1,
7290100685242,false,במבה מתוקה מחומרים טבעיים סרט 30 גרם,קבוצת אוסם סחר-שות.מוגבלת,,במבה תות על סרט 30 ג,גרמים,30.00,100 גרם,false,1,3.40,11.33,true,1,
7290100685334,false,אבקת מרק עוף אמיתי בשרי רכיבים טבעיים אסם 400 גרם,קבוצת אוסם סחר שותפות מוגבלת,,מרק עוף אמיתי מרכיבי,גרמים,400.00,100 גרם,false,1,21.70,5.43,true,1,
7290100685341,false,אבקת מרק טעם עוף זך רכיבים טבעיים אסם 400 גרם,קבוצת אוסם סחר שותפות מוגבלת,,מרק תיבול טעם עוף זך,גרמים,400.00,100 גרם,false,1,16.60,4.15,true,1,
7290100685600,false,פירורית זהב אסם זהב חיטה מלאה 200ג',קבוצת אוסם סחר שותפות מוגבלת,,פירורית חיטה מלאה 20,גרמים,200.00,100 גרם,false,1,9.10,4.55,true,1,
7290100687109,false,במבה במילוי קרם נוגט 60ג' אסם,קבוצת אוסם סחר-שות.מוגבלת,,במבה במילוי נוגת 60,גרמים,60.00,100 גרם,false,1,4.30,7.17,true,1,
7290100688618,false,גביעי גלידה שוקולד אסם 95 גרם 24 יחידות,קבוצת אוסם סחר-שות.מוגבלת,,גביעי גלידה ממותקים,גרמים,95.00,100 גרם,false,1,20.20,21.26,true,1,
7290100689301,false,אבקת מרק בטעם עוף זך עדיף אסם 400 גרם,קבוצת אוסם סחר שותפות מוגבלת,,מרק טעם עוף זך עדיף,גרמים,400.00,100 גרם,false,1,17.70,4.43,true,1,
7290100700020,false,גריסי פנינה סוגת (500 גרם),האי נאם סי או אל.טי.,,גריסי פנינה 500 גרם,גרמים,200.00,100 גרם,false,1,5.90,2.95,true,1,
7290100700068,false,סוגת שעועית צבעונית 500גרם,"סוגת תעשיות בע""מ",,שעועית צבעונית 500 ג,גרמים,500.00,100 גרם,false,1,7.90,1.58,true,1,
7290100700075,false,פירורי לחם מוזהבים סוגת (200 גרם),"סוגת תעשיות בע""\מ",,פירורי לחם מוזהבים 2,גרמים,200.00,100 גרם,false,1,4.10,2.05,true,1,
7290100700242,false,אורז מלא עגול סוגת (1 קג),"סוגת תעשיות בע""\מ",,"אורז מלא עגול 1 ק""ג",גרמים,1000.00,100 גרם,false,1,11.40,1.14,true,1,
7290100700273,false,קינואה לבנה 500 ג סו,האי נאם סי או אל.טי.,,קינואה 500 גרם,גרמים,500.00,100 גרם,false,1,13.90,2.78,true,1,
7290100700297,false,עדשים שחורות מנומרות סוגת 500 גרם,"סוגת תעשיות בע""מ",,עדשים מנומרות 500 גר,גרמים,500.00,100 גרם,false,1,8.30,1.66,true,1,
7290100700310,false,"סוגת כוסמת סוגת 1ק""ג","סוגת תעשיות בע""מ",,"כוסמת 1 ק""ג",גרמים,1000.00,100 גרם,false,1,14.60,1.46,true,1,
7290100700327,false,"גריסי פנינה סוגת 1 ק""ג","סוגת תעשיות בע""\מ",,"גריסי פניניה 1 ק""ג",גרמים,1000.00,100 גרם,false,1,10.00,1.00,true,1,
7290100700334,false,קינואה לבנה 1 קג סוג,"סוגת תעשיות בע""מ",IL,"קינואה סוגת 1 ק""ג",קילוגרמים,0.00,"ק""ג",false,1,20.90,20.90,true,1,
7290100700372,false,"אורז בסגנון בסמטי מלא 1 ק""ג",האי נאם סי או אל.טי.,,"אורז בסמטי מלא 1 ק""ג",גרמים,1000.00,100 גרם,false,1,13.50,1.35,true,1,
7290100700389,false,"אורז אדום סוגת 1 ק""ג","סוגת תעשיות בע""\מ",,"אורז אדום 1 ק""ג",גרמים,1000.00,100 גרם,false,1,15.60,1.56,true,1,
7290100700396,false,"אורז יסמין קלאסי סוגת 1 ק""ג",האי נאם סי או אל.טי.,,אורז יסמין קלאסי 1 ק,גרמים,1000.00,100 גרם,false,1,11.90,1.19,true,1,
7290100700419,false,"בורגול סוגת 1 ק""ג","סוגת תעשיות בע""\מ",,"בורגול 1 ק""ג",גרמים,1000.00,100 גרם,false,1,10.00,1.00,true,1,
7290100700563,false,אורז מיקס קלאסי סוגת (1 קג),סוגת תעשיות בעמ,,"אורז מיקס 1 ק""ג",גרמים,1000.00,100 גרם,false,1,15.60,1.56,true,1,
7290100700587,false,"בורגול ""סוגת"" 500 גרם",האי נאם סי או אל.טי.,,בורגול 500 גרם,גרמים,500.00,100 גרם,false,1,5.20,1.04,true,1,
7290100701126,false,סוגת שעועית מש סוגת 500 גרם,סוגת תעשיות בעמ,,שעועית מש 500 גר,גרמים,500.00,100 גרם,false,1,11.90,2.38,true,1,
7290100701140,false,"אורז ריזוטו ארבוריו 1 ק""ג ""סוגת""","סוגת תעשיות בע""מ",,אורז ריזוטו ארבוריו,גרמים,1000.00,100 גרם,false,1,15.60,1.56,true,1,
7290100701157,false,אורז להכנת סושי סוגת (1 קג),"סוגת תעשיות בע""\מ",,"אורז סושי 1 ק""ג",גרמים,1000.00,100 גרם,false,1,12.80,1.28,true,1,
7290100701300,false,קינואה אדומה סוגת (500 גרם),"סוגת תעשיות בע""\מ",,קינואה אדומה 500 גר,גרמים,500.00,100 גרם,false,1,13.90,2.78,true,1,
7290100701348,false,"קמח שיפון מלא סוגת 1 ק""ג",שטיבל טחנות קמח,,"קמח שיפון מלא 1 ק""ג",גרמים,1000.00,100 גרם,false,1,7.50,0.75,true,1,
7290100701454,false,בורגול דק גרישה סוגת (500 גרם),"סוגת תעשיות בע""\מ",,גרישה 500 גר,גרמים,500.00,100 גרם,false,1,4.90,0.98,true,1,
7290100701577,false,קמח לחם קמח חיטה לבן שטיבל,טחנות קמח שטיבל באר שבע,,"קמח לחם 1 ק""ג סוגת",גרמים,1000.00,100 גרם,false,1,7.50,0.75,true,1,
7290100701874,false,"קמח כוסמין מלא סוגת 1 ק""ג",טחנות קמח שטיבל באר,,"קמח כוסמין 1 ק""ג סוג",גרמים,1000.00,100 גרם,false,1,14.90,1.49,true,1,
7290100701881,false,קמח פיצה ופוקצ'ה- קמח חיטה לבן בהיר שטיבל,"שטיבל בע""\מ - טחנת קמח",,"קמח פיצה ופוקצה 1 ק""",גרמים,1000.00,100 גרם,false,1,7.50,0.75,true,1,
7290100701898,false,קמח סוגת לפסטה 1 קג,שטיבל טחנות קמח,,"קמח פסטה 1 ק""ג סוגת",גרמים,1000.00,100 גרם,false,1,14.90,1.49,true,1,
7290100702260,false,קוסקוס דק סוגת 350 גרם,"אסיף תעשיות מזון בע""\מ",,קוסקוס דק 350 גרם,גרמים,350.00,100 גרם,false,1,5.00,1.43,true,1,
7290100702277,false,סוגת קוסקוס עבה 350 גרם,"אסיף תעשיות מזון בע""",,קוסקוס עבה 350 גרם,גרמים,350.00,100 גרם,false,1,5.00,1.43,true,1,
7290100702314,false,סוגת שעועית שחורה 500 גרם,סוגת תעשיות בעמ,,שעועית שחורה 500 גרם,גרמים,500.00,100 גרם,false,1,7.90,1.58,true,1,
7290100702383,false,"קמח תופח 1 ק""ג]סוגת[","שטיבל בע""\מ - טחנות קמח",,"קמח תופח 1 ק""ג סוגת",גרמים,1000.00,100 גרם,false,1,7.50,0.75,true,1,
7290100702611,false,פתיתים אפויים אורז 500 גרם סוגת,"אסיף תעשיות מזון בע""\מ",,פתיתים אפויים אורז 5,גרמים,500.00,100 גרם,false,1,6.50,1.30,true,1,
7290100702642,false,פתיתים אפויים טבעות סוגת 500 גרם,"אסיף תעשיות מזון בע""",,פתיתים אפויים טבעת 5,גרמים,500.00,100 גרם,false,1,6.50,1.30,true,1,
7290100702673,false,פתיתים אפויים 3 צבעים 400 גר גרם סוגת,"אסיף תעשיות מזון בע""",,פתיתים אפויים 3 צבעי,גרמים,400.00,100 גרם,false,1,6.50,1.63,true,1,
7290100702741,false,"סוכר חום בהיר צנצנת 1ק""ג מהדורה מוגבלת",סוגת תעשיות בעמ,,"סוכר חום בהיר 1 ק""ג",גרמים,1000.00,100 גרם,false,1,13.50,1.35,true,1,
7290100702987,false,שיבולת שועל פתיתים סוגת 500 גרם,סוגת תעשיות בעמ,,שיבולת שועל 500 גרם,גרמים,500.00,100 גרם,false,1,6.20,1.24,true,1,
7290100702994,false,סוכר דמררה קלאסי בשקית סוגת 500 גרם,"סוגת תעשיות בע""מ",,סוכר דמררה קלאסי בשק,גרמים,500.00,100 גרם,false,1,6.50,1.30,true,1,
7290100703007,false,"עדשים שחורות בלוגה 500 גרם ""סוגת""",האי נאם סי או אל.טי.,,עדשים שחורות בלוגה 5,גרמים,500.00,100 גרם,false,1,8.90,1.78,true,1,
7290100703434,false,בורגול חום סוגת 500 ג',"סוגת תעשיות בע""מ",,בורגול חום 500 גרם,גרמים,500.00,100 גרם,false,1,4.90,0.98,true,1,
7290100703458,false,כוסמת לא קלויה 500ג סוגת*,"סוגת תעשיות בע""\מ",,כוסמת ללא קליה 500 ג,גרמים,500.00,100 גרם,false,1,7.30,1.46,true,1,
7290100703533,false,קמח קסם תערובת קמח שמרים סוגת 1 קג,טחנות קמח שטיבל באר שבע,,"קמח קסם 1 ק""ג",גרמים,1000.00,100 גרם,false,1,9.40,0.94,true,1,
7290100703564,false,"פתיתי שיבולת שועל עבה 500 גרם ""סוגת""",סוגת תעשיות בעמ,,שיבולת שועל עבה 500,גרמים,500.00,100 גרם,false,1,6.20,1.24,true,1,
7290100703625,false,קמח חיטה לבן ללא צורך בניפוי,סוגת תעשיות בעמ,,קמח לבן ללא ניפוי 1,גרמים,1000.00,100 גרם,false,1,8.30,0.83,true,1,
7290100703632,false,קמח חיטה מלא ללא צורך בניפוי,סוגת תעשיות בעמ,,קמח מלא ללא ניפוי 1,גרמים,1000.00,100 גרם,false,1,8.30,0.83,true,1,
7290100703649,false,"קמח חיטה 80% ללא צורך בניפוי סוגת 1 ק""ג",סוגת תעשיות בעמ,,קמח מלא חיטה 80% ללא,גרמים,1000.00,100 גרם,false,1,8.30,0.83,true,1,
7290100703670,false,"קמח כוסמין ללא ניפוי 1 ק""ג סוגת",סוגת תעשיות בעמ,,קמח כוסמין מלא ללא נ,גרמים,1000.00,100 גרם,false,1,14.90,1.49,true,1,
7290100703847,false,קוביות סוכר לבן סוגת 500 גרם,טרופיקל,,קוביות סוכר לבן סוגת,גרמים,500.00,100 גרם,false,1,9.90,1.98,true,1,
7290100703854,false,קוביות סוכר לבן דמררה 500 ג' סוגת,סוגת תעשיות בעמ,,קוביות סוכר דמררה סו,גרמים,500.00,100 גרם,false,1,9.90,1.98,true,1,
7290100703861,false,"תערובת קסם לחלה ללא צורך בניפוי סוגת 1 ק""ג","שטיבל בע""\מ - טחנות קמח",,תערובת קמח קסם לחלה,גרמים,1000.00,100 גרם,false,1,8.90,0.89,true,1,
7290100703908,false,"סוכר דמררה 1 ק""ג בלמינט סוגת",סוגת תעשיות בעמ,,"סוכר דמררה 1 ק""ג",גרמים,1000.00,100 גרם,false,1,12.50,1.25,true,1,
7290100703915,false,פופקורן להכנה במיקרוגל בטעם חמאה - מארז 6 שקיות,סוגת תעשיות בעמ,,מארז פופקורן למיקרוג,גרמים,540.00,100 גרם,false,1,11.40,2.11,true,1,
7290100703922,false,פופקורן להכנה במיקרוגל בטעם טבעי - מארז 6 שקיות,סוגת תעשיות בעמ,,מארז פופקורן למיקרוג,גרמים,540.00,100 גרם,false,1,11.40,2.11,true,1,
7290100790243,false,קפה שחור אורגני אווא 250 גרם,אווא אופציות קפה,IL,קפה שחור אורגני אווא,גרמים,250.00,100 גרם,false,1,39.90,15.96,true,1,
7290100790311,false,קפה מפולי תמר תוספת הל אווא 250 גרם,,IL,קפה מפולי תמר תוספת,גרמים,250.00,100 גרם,false,1,32.90,13.16,true,1,
7290100790533,false,קפה שחור בקלייה כהה אורגני אווא 250 גרם,,IL,קפה שחור בקלייה כהה,גרמים,250.00,100 גרם,false,1,39.90,15.96,true,1,
7290100799857,false,קפה מפולי תמר אגוזי לוז אווא 250 גרם,,IL,קפה מפולי תמר אגוזי,גרמים,250.00,100 גרם,false,1,32.90,13.16,true,1,
7290100799864,false,קפה תמרים מעודן טורקי200,,IL,קפה מפולי תמר אווא 2,גרמים,250.00,100 גרם,false,1,32.90,13.16,true,1,
7290100850909,false,חטיף תירס נאצ`ו מקסיקני דוריטוס (70 גרם),"שטראוס פריטו ליי בע""\מ",IL,דוריטוס נאצו מקסיקני,גרמים,70.00,100 גרם,false,1,3.60,5.14,true,1,
7290100850916,false,דוריטוס חמוץ חריף מעודן 70 גרם כשר לפסח,"שטראוס פריטו ליי בע""\מ )",,דוריטוס חמוץ חריף 70,גרמים,70.00,100 גרם,false,1,3.60,5.14,true,1,
7290100850923,false,חטיף תירס גריל דוריטוס (70 גרם),"שטראוס פריטו ליי בע""\מ )",,דוריטוס גריל 70 גרם,גרמים,70.00,100 גרם,false,1,3.60,5.14,true,1,
7290100850930,false,חטיף תירס בטעם טבעי דוריטוס (70 גרם),"שטראוס פריטו ליי בע""\מ )",,דוריטוס טבעי 70 גרם,גרמים,70.00,100 גרם,false,1,3.60,5.14,true,1,
7290100858592,false,אבקת קקאו עלית שקית 150 ג',הנסיך- מפעל לייצור ט,,קקאו 150 גרם,גרמים,150.00,100 גרם,false,1,9.90,6.60,true,1,
7290100858608,false,עלית אבקת קקאו כשלפ 500 גרם,שטראוס קפה בי.ויn\.,,קקאו 500 גרם,גרמים,500.00,100 גרם,false,1,23.90,4.78,true,1,
7290100921593,false,מנקה אסלה סוד 4 כדוריות לאסלה לימון נתלה 50 ג',גורי שיווק בעמ,,סבון אסלה סוד לימון,גרמים,50.00,100 גרם,false,1,10.20,20.40,true,1,
7290100921609,false,סוד סבון לאסלה 4 כדוריות בניחוח אוקיינוס 50 ג',גורי שיווק בעמ,,סבון אסלה סוד אוקיינ,גרמים,50.00,100 גרם,false,1,10.20,20.40,true,1,
7290100921616,false,סוד סבון לאסלה 4 כדוריות בניחוח אורנים 50 ג',גורי שיווק בעמ,,סבון אסלה סוד אורנים,גרמים,50.00,100 גרם,false,1,10.20,20.40,true,1,
7290100921623,false,מנקה אסלה סוד 4 כדוריות נתלה אקונומיקה נתלה 50 ג',גורי שיווק בעמ,,סבון אסלה סוד אקונומ,גרמים,50.00,100 גרם,false,1,10.20,20.40,true,1,
7290100922569,false,קרם לטיפוח עוד הידיים והגוף- מארז שלישייה,טרופיקל דגיל,IL,קרם רב שימושי ולוטה,גרמים,240.00,100 גרם,false,1,19.90,8.29,true,1,
7290100922637,false,"הוואי שלישיית סבון נוזלי מי קוקוס 500 מ""ל",הנקל סוד בע`מ,,הוואי אל סבון נוזלי,מיליליטרים,500.00,"100 מ""ל",false,1,19.40,3.88,true,1,
7290100924204,false,"פרסיל אבקה לכביסה רגיל 8 ק""ג",גורי שיווק בעמ,,אבקת כביסה פרסיל 8 ק,קילוגרמים,0.01,"ק""ג",false,1,62.50,6250.00,true,1,
7290100924457,false,שלישיית כדוריות סבון לאסלה לימון סוד 50 גרם,גורי שיווק בעמ,,סבון לאסלה כדוריות ל,Unknown,0.00,Unknown,false,1,26.50,26.50,true,1,
7290100924464,false,כדוריות סבון נתלה לאסלה עם אקונומיקה - 3 יח',גורי שיווק בעמ,,סבון לאסלה כדוריות א,Unknown,0.00,Unknown,false,1,26.50,26.50,true,1,
7290100924693,false,סבון סוד 4 כדוריות מוצק כחול אקטיבי-אקנומיקה 50ג',גורי שיווק בעמ,,סוד סבון מוצק כחול א,גרמים,50.00,100 גרם,false,1,10.80,21.60,true,1,
7290100925676,false,קולור קאצר 20 דפים לוכדי צבע למכונת כביס,גורי שיווק בעמ,,קולור קאצר 20 דפים,Unknown,0.00,Unknown,false,1,27.50,27.50,true,1,
7290100925775,false,נוזל כלים רימון ותאנים סוד (650 מל),גורי שיווק בעמ,,נוזל כלים רימון ותאנ,מיליליטרים,650.00,"100 מ""ל",false,1,8.10,1.25,true,1,
7290100926147,false,אבקת כביסה פרסיל קולור שקית 2.5 קג,גורי שיווק בעמ,,אבקת כביסה פרסיל,קילוגרמים,0.00,"ק""ג",false,1,29.50,29.50,true,1,
7290100926598,false,פרסיל א.כביסה סודה אקטיב 5קג,גורי שיווק בעמ,,אבקת כביסה פרסיל 5 ק,קילוגרמים,0.01,"ק""ג",false,1,56.50,5650.00,true,1,
7290100941980,false,יין דר לוסן גוורצטרמינר,,,יין דר לוסן גוורצטרמ,Unknown,0.00,Unknown,false,1,57.90,57.90,true,1,
7290100942000,false,"מרקז דה ריסקל רזרב ריוחה 750 מ""ל",מרקו דה ריסקל,,מרקז דה ריסקל רזרב,Unknown,0.00,Unknown,false,1,124.90,124.90,true,1,
7290101112228,false,מאגדת פופסיקל גלידל פרי אננס 8 יח`,פלקו בעמ חברה ישראלית,,מאגדת גלידל פרי אננס,גרמים,640.00,100 גרם,false,1,26.50,4.14,true,1,
7290101113157,false,מאגדת גלידל וניל עוגיות פלדמן 6 יחידות,"פלקו בע""\מ, חברה ישראלית",,מאגדת גלידל חלבי,יחידה,1.00,יחידה,false,1,26.50,26.50,true,1,
7290101113409,false,גלידה יופלה פריזי יוגורט תות מאגדת 400 ג',פלקו בעמ חברה ישראלית,IL,מאגדת גלידה יופלה,גרמים,350.00,100 גרם,false,1,24.90,7.11,true,1,
7290101113430,false,מאגדת גלידל סירופ שוקולד פלדמן 6 יחידות,"פלקו בע""\מ, חברה ישראלית",,מאגדת גלידל ריפל,גרמים,312.00,100 גרם,false,1,25.90,8.30,true,1,
7290101113447,false,עשירייה גלידל מיני קסטה בטעמי שוקו ווניל 270 ג' פלדמן,פלקו בעמ חברה ישראלית,,עשיריה גלידל מיני קס,גרמים,270.00,100 גרם,false,1,35.50,13.15,true,1,
7290101113584,false,מאגדת טילונים שוקולד לבן עם ליבת שוקולד יולו 5 יח',פלקו בעמ חברה ישראלית,,מאגדת טילונים שוקולד,גרמים,400.00,100 גרם,false,1,22.90,5.73,true,1,
7290101113591,false,מאגדת טילונים יולי 5 יחידות שוקולד לבן ועוגיות,פלקו בעמ חברה ישראלית,,מאגדת טילונים שוקולד,גרמים,400.00,100 גרם,false,1,22.90,5.73,true,1,
7290101113751,false,מאגדת שלגון קרמל ושוקולד בלונדי רביעיה * 50 ג' יולו,פלקו בעמ חברה ישראלית,FR,מאגדת שלגון יולו קרמ,גרמים,200.00,100 גרם,false,1,19.90,9.95,true,1,
7290101113768,false,מאגדת שלגון עוגיות ושוקולד חלב רביעיה * 50 ג' יולו,פלקו בעמ חברה ישראלית,FR,מאגדת שלגון יולו עוג,גרמים,200.00,100 גרם,false,1,19.90,9.95,true,1,
7290101113812,false,מאגדת יופלה שייק פרי אננס קוקוס פלדמן 5 יחידות,פלקו בעמ חברה ישראלית,,מאגדת גלידה יופלה יו,גרמים,350.00,100 גרם,false,1,24.90,7.11,true,1,
7290101113829,false,מאגדת (5) יופלה שייק פרי מנגו 70 אחוז פרי 350 גרם,פלקו בעמ חברה ישראלית,IL,מאגדת גלידה יופלה שי,גרמים,350.00,100 גרם,false,1,24.90,7.11,true,1,
7290101453888,false,נר מספר - 1 (1X12X60),שמחה זה אנחנו בע`מ,CN,נר מספר - 1,Unknown,0.00,Unknown,false,60,2.90,2.90,true,1,
7290101453895,false,נר מספר - 2 (1X12X60),שמחה זה אנחנו בע`מ,CN,נר מספר - 2,Unknown,0.00,Unknown,false,60,2.90,2.90,true,1,
7290101453901,false,נר מספר - 3 (1X12X60),שמחה זה אנחנו בע`מ,CN,נר מספר - 3,Unknown,0.00,Unknown,false,60,2.90,2.90,true,1,
7290101453918,false,נר מספר - 4 (1X12X60),שמחה זה אנחנו בע`מ,CN,נר מספר - 4,Unknown,0.00,Unknown,false,60,2.90,2.90,true,1,
7290101453932,false,נר מספר - 6 (1X12X60),שמחה זה אנחנו בע`מ,CN,נר מספר - 6,Unknown,0.00,Unknown,false,60,2.90,2.90,true,1,
7290101457725,false,אקדח בועות סבון - סמי הכבאי(1X72),,,אקדחי בועות סבון סמי,Unknown,0.00,Unknown,false,1,19.90,19.90,true,1,
7290101486688,false,חטיף דגנים עם שוקולד ללא גלוטן וסוכר פרי 5*20 גרם,טבעית מוצרים מן הטבע בעמ,,חטיף פרי אנרגיה דגני,גרמים,100.00,100 גרם,false,1,19.80,19.80,true,1,
7290101488316,false,ליידי ספיד סטיק - דאודורנט סטיק לאישה ללא סימן ורוד סטיק 65 גרם,ליידי ספיד סטיק Lady Speed Stick,,ליידי ספיד סטיק ללא,Unknown,0.00,Unknown,false,1,20.90,20.90,true,1,
7290101488323,false,ליידי ספיד סטיק - דאודורנט סטיק לאישה ללא סימן ירוק סטיק 65 גרם,ליידי ספיד סטיק Lady Speed Stick,,ליידי ספיד סטיק ללא,Unknown,0.00,Unknown,false,1,20.90,20.90,true,1,
7290101500193,false,מיקס חסה - נספק 200,ביכורי השדה הצפון בעמ` 1964,,חסה רומית,Unknown,0.00,Unknown,false,1,11.90,11.90,true,1,
7290101500506,false,פטרוזיליה ארוזה,ביכורי השדה הצפון בעמ` 1964,,פטרוזיליה ארוזה,Unknown,0.00,Unknown,false,1,5.90,5.90,true,1,
7290101500513,false,שמיר ארוז,ביכורי השדה צפון 1994 ג.ד. בעמ,,שמיר ארוז,Unknown,0.00,Unknown,false,1,5.90,5.90,true,1,
7290101500520,false,כוסברה ארוזה,ביכורי השדה הצפון בעמ` 1964,,כוסברה ארוזה,Unknown,0.00,Unknown,false,1,5.90,5.90,true,1,
7290101500537,false,נענע ארוזה,ביכורי השדה הצפון בעמ` 1964,,נענע ארוזה,Unknown,0.00,Unknown,false,1,5.90,5.90,true,1,
7290101500551,false,סלרי אמריקאי ארוז,ביכורי השדה הצפון בעמ` 1964,,סלרי אמריקאי ארוז,Unknown,0.00,Unknown,false,1,6.90,6.90,true,1,
7290101500568,false,שורש סלרי ארוז,ביכורי השדה הצפון בעמ` 1964,,סלרי ראש ארוז,Unknown,0.00,Unknown,false,1,5.90,5.90,true,1,
7290101500926,false,תרד ארוז רכות,ביכורי השדה הצפון בעמ` 1964,,תרד ארוז רכות,Unknown,0.00,Unknown,false,1,12.90,12.90,true,1,
7290101501176,false,פלפלונים רמי לוי,ביכורי השדה הצפון בעמ` 1964,,פלפל טינקרבל,Unknown,0.00,Unknown,false,1,9.90,9.90,true,1,
7290101501237,false,עגבניה מגי מובחרת ארוזה,יגור חקלאות ועסקים,,עגבניות מגי,Unknown,0.00,"ק""ג",true,0,16.90,16.90,true,1,
7290101501305,false,מלפפונים קטנים ארוזי,ביכורי השדה הצפון בעמ` 1964,,מלפפוני טעם,Unknown,0.00,Unknown,false,1,12.90,12.90,true,1,
7290101503507,false,מיני בטטה למיקרו נוף,חקלאי,,בייבי בטטה,Unknown,0.00,Unknown,false,0,14.90,14.90,true,1,
7290101551027,false,קפסולות קפה אספרסו חזק במיוחד 14 עלית 10 יח',הנסיך- מפעל לייצור ט,IL,קפסולות 14 חזק במיוח,גרמים,50.00,100 גרם,false,1,16.50,33.00,true,1,
7290101551263,false,סילאן טבעי 700 גרם יד מרדכי,"שטראוס גרופ בע""מ",,סילאן טבעי 700 גרם י,גרמים,700.00,100 גרם,false,1,28.50,4.07,true,1,
7290101551300,false,סילאן טבעי ללא תוספת סוכר בקבוק לחיץ,מכוורת יד מרדכי שטראוס ב,,סילאן טבעי לחיץ יד מ,גרמים,700.00,100 גרם,false,1,14.90,2.13,true,1,
7290101551577,false,קוואקר שיבות שועל פחית מארז 2*500 גר',שטראוס פריטו ליי בע`מ,GB,מ. קוואקר שבולת שועל,גרמים,1000.00,100 גרם,false,1,27.50,2.75,true,1,
7290101551584,false,תפוצ'יפס קידס מארז 10 יח' * 20 ג',"שטראוס פריטו ליי בע""מ )פ",IL,מארז טפוציפס קידס 10,גרמים,200.00,100 גרם,false,1,16.70,8.35,true,1,
7290101551614,false,חטיף צ'יטוס קראנץ בטעם גבינה - מארז 8 יח',"שטראוס פריטו ליי בע""מ )פ",IL,מארז ציטוס רקאנצי טע,גרמים,240.00,100 גרם,false,1,16.70,6.96,true,1,
7290101551638,false,חטיף צ'יטוס כאפה בטעם קטשופ - מארז 10 יח',"שטראוס פריטו ליי בע""מ )פ",IL,מארז ציטוס טעם קטשופ,גרמים,200.00,100 גרם,false,1,15.60,7.80,true,1,
7290101812999,false,נקניק מיני סלמי פיין,,IL,מיני פיין סלמי 350 ג,גרמים,350.00,100 גרם,false,1,33.50,9.57,true,1,
7290101824862,false,כפפות ניטריל שחור ללא אבקה 100 יחי' גודל L,,CN,L כפפות ויטריל,יחידה,1.00,יחידה,false,1,18.80,18.80,true,1,
7290101824879,false,כפפות ויטריל מידה אק,,CN,XL כפפות ויטריל,יחידה,1.00,יחידה,false,1,17.90,17.90,true,1,
7290101825241,false,XL כפפות חד פעמי עם אבקה,יחזקאל אהרון כמיפרוד,,XL כפפות חד פעמי עם,Unknown,0.00,Unknown,false,1,26.90,26.90,true,1,
7290101827467,false,M כפפות ניטריל ללא אבקה,,CN,M כפפות ניטריל ללא א,יחידה,1.00,יחידה,false,1,22.90,22.90,true,1,
7290101863410,false,"סיליט באנג ספריי ניקוי עוצמתי מכיל אקונומיקה 750 מ""ל",רקיט בנקיזר (ניר איסט) בעמ,,סיליט באנג ספריי אקו,מיליליטרים,750.00,"100 מ""ל",false,1,14.50,1.93,true,1,
7290101864127,false,ספריי להסרת כתמים וניש קליה (750 מל),רקיט בנקיזר (ניר איסט) בעמ,,קליה אוקסי ספריי 750,מיליליטרים,500.00,"100 מ""ל",false,1,15.90,3.18,true,1,
7290101865261,false,נוזל הברקה למדיח כלים פיניש (800 מל),רקיט בנקיזר (ניר איסט) בעמ,,"פיניש הברקה 800 מ""ל",מיליליטרים,800.00,"100 מ""ל",false,1,19.90,2.49,true,1,
7290101866633,false,וניש קליה גל להסרת כתמים 3 ליטר אוקסיפרש,רקיט בנקיזר (ניר איסט) בעמ,,קליה גל 3 ל,ליטרים,0.00,ליטר,false,1,29.90,29.90,true,1,
7290101866787,false,וניש קליה נוזל מסיר כתמים לכביסה לבנה 3 ליטר,רקיט בנקיזר (ניר איסט) בעמ,,קליה לכביסה לבנה 3 ל,ליטרים,0.00,ליטר,false,1,29.90,29.90,true,1,
7290101868958,false,פיניש נוזל הברקה למדיח בניחוח לימון,רקיט בנקיזר (ניר איסט) בעמ,,פיניש הברקה לימון 80,מיליליטרים,800.00,"100 מ""ל",false,1,19.90,2.49,true,1,
7290101869719,false,ג'ל מרוכז למדיח פיניש all in one max בניחוח לימון,רקיט בנקיזר (ניר איסט) בעמ,,גל AIO פיניש לימון 6,מיליליטרים,600.00,"100 מ""ל",false,1,36.50,6.08,true,1,
7290101869726,false,ג'ל מרוכז למדיח הכל ב-1 פיניש 1 ליטר,רקיט בנקיזר (ניר איסט) בעמ,,גל AIO פיניש 1 ליטר,מיליליטרים,1000.00,"100 מ""ל",false,1,42.90,4.29,true,1,
7290101869733,false,פיניש ג'ל למדיח כלים בניחוח לימון 1 ליטר ALL IN 1,רקיט בנקיזר (ניר איסט) בעמ,,גל AIO פיניש לימון 1,מיליליטרים,1000.00,"100 מ""ל",false,1,42.90,4.29,true,1,
7290101869757,false,מבשם אויר מכשיר אוטומטי חלום אואזיס,רקיט בנקיזר (ניר איסט) בעמ,,אירוויק מבשם מכשיר א,Unknown,0.00,Unknown,false,1,49.90,49.90,true,1,
7290101869788,false,"אירוויק ספריי אוטומטי מילוי בניחוח אואזיס 250 מ""ל*",רקיט בנקיזר (ניר איסט) בעמ,,אירוויק מילוי מבשם א,Unknown,0.00,Unknown,false,1,22.90,22.90,true,1,
7290101869801,false,"אירוויק מכשיר חשמלי+מילוי בניחוח אואזיס 19 מ""ל",רקיט בנקיזר (ניר איסט) בעמ,,אירוויק מבשם אויר מכ,Unknown,0.00,Unknown,false,1,34.90,34.90,true,1,
7290101869832,false,"אירוויק מילוי מבשם אויר חשמלי חלום ליל קיץ 19 מ""ל",רקיט בנקיזר (ניר איסט) בעמ,,אירוויק מילוי מבשם ח,Unknown,0.00,Unknown,false,1,17.90,17.90,true,1,
7290101869917,false,"אירוויק מילוי מבשם אויר אטומטי היער הקסום 19 מ""ל",רקיט בנקיזר (ניר איסט) בעמ,,אירוויק מילוי מבשם א,Unknown,0.00,Unknown,false,1,22.90,22.90,true,1,
7290101869962,false,"אירוויק מקלות ריחניים בניחוח חלום ליל קיץ 30 מ""ל",רקיט בנקיזר (ניר איסט) בעמ,,אירוויק מקלות ריחניי,Unknown,0.00,Unknown,false,1,19.90,19.90,true,1,
7290101869979,false,"אירוויק מקלות ריחניים בניחוח אואזיס 30 מ""ל",רקיט בנקיזר (ניר איסט) בעמ,,אירוויק מקלות ריחניי,Unknown,0.00,Unknown,false,1,19.90,19.90,true,1,
7290101952176,false,מארז קבנוס ציידים 20,,,קבנוס ציידים 200 גרם,גרמים,200.00,100 גרם,false,1,26.50,13.25,true,1,
7290101952282,false,צוריסוס ארגנטינאי 530 גרם,,,צוריסוס ארגנטינאי,גרמים,530.00,100 גרם,false,1,36.90,6.96,true,1,
7290101952329,false,המבורגר מזרע טקסס 40,,,המבורגר טקסס 400 גרם,גרמים,400.00,100 גרם,false,1,25.90,6.48,true,1,
7290101952343,false,המבורגר מסעדות 400 גרם,,,המבורגר מסעדות,גרמים,400.00,100 גרם,false,1,25.90,6.48,true,1,
7290101952442,false,קבב מזרע רומני 600 ג,,,קבב רומני 600 גרם,גרמים,600.00,100 גרם,false,1,39.90,6.65,true,1,
7290101952497,false,גרגרי חומוס טבעפרוסט 800 כר,,,גרגרי חומוס טבעפרוסט,גרמים,800.00,100 גרם,false,1,18.80,2.35,true,1,
7290101952527,false,לקט בסגנון אסייתי טבעפרוסט 800 גר,,,לקט בסגנון אסייתי טב,גרמים,800.00,100 גרם,false,1,18.80,2.35,true,1,
7290101952558,false,גרעיני תירס קפואים טבעפרוסט 800 גרם,,,גרעיני תירס קפואים,גרמים,800.00,100 גרם,false,1,16.20,2.03,true,1,
7290101952565,false,מחבת מלבני 21X33,,IL,מיני פריזר ילדים,גרמים,400.00,100 גרם,false,1,36.50,9.13,true,1,
7290101952657,false,פטרוצן אמיתי קפוא 700 גרם,,IL,פטרוצן אמיתי קפוא,גרמים,700.00,100 גרם,false,1,54.90,7.84,true,1,
7290101952749,false,ספר חגיגה של אוכל טוב קולינארי,,,ספר חגיגה של אוכל טו,Unknown,0.00,Unknown,false,1,49.90,49.90,true,1,
7290101956532,false,מפה שולחן 150*240,,,מפה שולחן 150*240,Unknown,0.00,Unknown,false,1,329.90,329.90,true,1,
7290101980919,false,מארז שלישיית ביצי שוקולד ממותגים,שמחה זה אנחנו בע`מ,,מארז שלישיית ביצי שו,Unknown,0.00,Unknown,false,1,14.50,14.50,true,1,
7290101982470,false,ממתק רולר 30 מל' בטעמים,עולם הממתקים שיווק,,ממתק רולר בטעמים,Unknown,0.00,Unknown,false,1,6.50,6.50,true,1,
7290101984436,false,אקדחי בועות סבון דרדסים/ספידרמן,שמחה זה אנחנו,,אקדחי בועות סבון דרד,Unknown,0.00,Unknown,false,1,19.90,19.90,true,1,
7290101985365,false,בקבוק אלומיניום גדול-מבחר מותגים,שמחה זה אנחנו בע`מ,,בקבוק אלומיניום גדול,Unknown,0.00,Unknown,false,1,27.50,27.50,true,1,
7290101999652,false,נרות מטה כוכבים - מיקי(1X24),שמחה זה אנחנו,,נרות מטה כוכבים מיקי,Unknown,0.00,Unknown,false,1,6.90,6.90,true,1,
7290101999669,false,נרות מטה כוכבים - ספיידרמן,,CN,נרות מטה כוכבים ספי,Unknown,1.00,Unknown,false,24,6.90,6.90,true,1,
7290102006441,false,זר יום הולדת לראש עם פרחים לבן 1 יחידה,שמחה זה אנחנו,CN,זר יום הולדת לראש עם,Unknown,0.00,Unknown,false,24,9.90,9.90,true,1,
7290102030330,false,תפוצ`יפס אקסטרא מקסיקני 200 גרם +20 תו,"שטראוס פריטו ליי בע""\מ )",,תפוציפס קראנצ מקסיקנ,גרמים,200.00,100 גרם,false,1,9.90,4.95,true,1,
7290102031276,false,מארז 8 יחידות אקטימל משקה יוגורט בטעם תות בננה,שטראוס גרופ בעמ/מצונן,,אקטימל תות בננה,גרמים,850.00,100 גרם,false,1,20.90,2.46,true,1,
7290102032334,false,אבקה להכנת משקה קפה בטעם וניל,"שטראוס גרופ בע""מ",,קפה נמס וניל 200 גר,גרמים,200.00,100 גרם,false,1,24.90,12.45,true,1,
7290102060979,false,אלמקס משחת שיניים למניעת עששת 100 מל,יבואן ומשווק: ש. שסט,,משחת שיניים משפחתי,Unknown,0.00,Unknown,false,1,21.90,21.90,true,1,
7290102300815,false,"גבינת צ'דר אנגלית כתומה פרוס, 200 גרם",א. סיימן סחר בעמ,,צדר אנגלי כתום פרוס,גרמים,200.00,100 גרם,false,1,32.50,16.25,true,1,
7290102300822,false,גבינה צ'דר אנגלית כתומה 200 גרם,א. סיימן סחר בעמ,,צדר אנגלית כתומה 200,גרמים,200.00,100 גרם,false,1,24.90,12.45,true,1,
7290102300853,false,גבינת צדר לבנה פרוסה,מיוצר עי קונדיטוריית,,צדר לבן פרוס 200 גר,גרמים,200.00,100 גרם,false,1,29.90,14.95,true,1,
7290102300860,false,"גבינת צ'דר אנגלית לבן, 200 גרם",א. סיימן סחר בעמ,,צדר אנגלי 200 גרם,גרמים,200.00,100 גרם,false,1,24.90,12.45,true,1,
7290102300884,false,גבינת צ'דר כתום34% במשקל,שבינגטון,,צדר אנגלי כתום במשקל,Unknown,0.00,"ק""ג",true,0,129.00,129.00,true,1,
7290102301881,false,טרטר גבינה עם שום ועשבי תיבול 150 גרם,בונגראן,,גבינת טרטר עשבי תיבו,גרמים,150.00,100 גרם,false,1,24.90,16.60,true,1,
7290102302246,false,גבינת גאודה הולנדית 200 גרם,מיוצר עי קונדיטוריית,,גבינת גאודה הולנדית,גרמים,200.00,100 גרם,false,0,23.90,11.95,true,1,
7290102302253,false,"גבינת גאודה עיזים חצי קשה 34%, 200 גרם",מיוצר עי קונדיטוריית,,גבינת עיזים 200 גרם,גרמים,200.00,100 גרם,false,1,35.90,17.95,true,1,
7290102302826,false,פילה דג סרדין בשמן זית 120 גר`רוברוט,רמירז אנד קה פילהאוס,PT,פילה דג סרדין בשמן ז,גרמים,120.00,100 גרם,false,1,13.90,11.58,true,1,
7290102302833,false,גאודה פרוסה 150 גר`הגבינות של נני,קאסמאקרי הנרי ויליך,,גבינת גאודה הולנדית,גרמים,150.00,100 גרם,false,0,20.90,13.93,true,1,
7290102302840,false,גאודה עיזים פרוסה 150 גר` הגבינות של נני,מיוצר עי קונדיטוריית,,גבינת עיזים 150 גרם,גרמים,150.00,100 גרם,false,1,26.90,17.93,true,1,
7290102302864,false,גבינה הולנדית עם פסטו ירוק 34%,הנרי ויליך Henri Willig,NL,גבינת גאודה פסטו ירו,גרמים,200.00,100 גרם,false,1,35.90,17.95,true,1,
7290102303878,false,אלוויר חמאת נורמנדי 200 גרם,א.סיימן סחר בעמ,,אלוויר חמאה נורמנדי,גרמים,200.00,100 גרם,false,1,20.90,10.45,true,1,
7290102303977,false,גוש טונה בשמן זית רוברט 140 גרם,קונסרבס פורטוגל נורטה,PT,גוש טונה בשמן זית רו,גרמים,140.00,100 גרם,false,1,11.90,8.50,true,1,
7290102303984,false,גוש טונה במים רוברט 140 גרם,קונסרבס פורטוגל נורטה,PT,גוש טונה במים רוברט,גרמים,140.00,100 גרם,false,1,10.90,7.79,true,1,
7290102304745,false,גבינת פיור גולד 180ג,הנרי ויליך,,פיור גולד 180 גרם,גרמים,180.00,100 גרם,false,0,38.90,21.61,true,1,
7290102390427,false,יוגורט ביו עם קציפת תות 3% שומן 150 ג' מולר,החברה המרכזית טלהפצת משקאות בע,,יוגורט מולר פרופ בטע,גרמים,150.00,100 גרם,false,1,5.30,3.53,true,1,
7290102390465,false,יוגורט ביו עם קציפת אפרסק ופסיפלורה 3% שומן 150 ג' מולר,החברה המרכזית טלהפצת משקאות בע,,פרופ אפרסק פסיפלורה,מיליליטרים,150.00,"100 מ""ל",false,1,5.30,3.53,true,1,
7290102390489,false,יוגורט ביו עם קציפת לימון 3% שומן 150 ג' מולר,*החברה המרכזית להפצת משקאותבעמ,,פרופ לימון מולר 150,מיליליטרים,150.00,"100 מ""ל",false,1,5.30,3.53,true,1,
7290102391301,false,"מולר ביאנקו נאטורל ביו 1.7% 150 מ""ל",*החברה המרכזית להפצת משקאותבעמ,,יוגורט מולר טבעי 1.7,מיליליטרים,150.00,"100 מ""ל",false,1,2.60,1.73,true,1,
7290102391325,false,יוגורט מולר טבעי 2.8%,*החברה המרכזית להפצת משקאותבעמ,,יוגורט מולר טבעי 2.8,מיליליטרים,150.00,"100 מ""ל",false,1,3.50,2.33,true,1,
7290102391844,false,יוגורט ביו עם קציפת פירות יער3% שומן 150 ג' מולר,החברה המרכזית טלהפצת משקאות בע,,פרופ מולר פירות יער,גרמים,150.00,100 גרם,false,1,5.30,3.53,true,1,
7290102392049,false,גבינה לאפיה תבור ללא תוספת מלח 5% משק צוריאל 500 גרם,החברה המרכזית טלהפצת משקאות בע,,צוריאל תבור גבינה לא,גרמים,500.00,100 גרם,false,1,24.90,4.98,true,1,
7290102392094,false,חלב עיזים 3.7% בקרטון משק צוריאל 1 ליטר,החברה המרכזית טלהפצת משקאות בע,,חלב עיזים בקרטון 1ל,מיליליטרים,1000.00,"100 מ""ל",false,1,15.90,1.59,true,1,
7290102393039,false,"יוגורט ביו קרמי מיקס פצפוצי שוקולד 7.6% מולר 170 מ""ל",*החברה המרכזית להפצת משקאותבעמ,,מולר מיקס יוגורט,גרמים,150.00,100 גרם,false,1,6.20,4.13,true,1,
7290102393060,false,"יוגורט ביו קרמי מיקס גלילי ופל ואגוזים 5.9% מולר 170 מ""ל",*החברה המרכזית להפצת משקאותבעמ,,מולר מיקס יוגורט קרמ,גרמים,150.00,100 גרם,false,1,6.20,4.13,true,1,
7290102393169,false,"יוגורט סימפלי פרוט בטעם תות 3% מולר 150 מ""ל",*החברה המרכזית להפצת משקאותבעמ,,SIMPLY FRUIT מולר בט,מיליליטרים,150.00,"100 מ""ל",false,1,5.30,3.53,true,1,
7290102393176,false,סימפלי פרוט יוגורט אפרסק 3% שומן 150 ג' מולר,*החברה המרכזית להפצת משקאותבעמ,,SIMPLY FRUIT מולר בט,מיליליטרים,150.00,"100 מ""ל",false,1,5.30,3.53,true,1,
7290102393190,false,"יוגורט סימפלי פרוט בטעם פירות יער 3% מולר 150 מ""ל",*החברה המרכזית להפצת משקאותבעמ,,SIMPLY FRUIT מולר בט,מיליליטרים,150.00,"100 מ""ל",false,1,5.30,3.53,true,1,
7290102393299,false,יוגורט עיזים לשתייה 3% משק צוריאל 500 גרם,*החברה המרכזית להפצת משקאותבעמ,,יוגורט עיזים לשתיה 5,גרמים,500.00,100 גרם,false,1,12.90,2.58,true,1,
7290102393718,false,גבינת חלומי מחלב בקר 28% משק צוריאל 200 גרם,*החברה המרכזית להפצת משקאותבעמ,,חלומי בקר 200 גר,גרמים,200.00,100 גרם,false,1,24.50,12.25,true,1,
7290102393848,false,יוגורט עיזים 2.4% עם תות משק צוריאל 150 גרם,*החברה המרכזית להפצת משקאותבעמ,,משק צוריאל יוגורט עי,מיליליטרים,140.00,"100 מ""ל",false,1,6.50,4.64,true,1,
7290102393855,false,יוגורט עיזים 2.5% עם אפרסק משק צוריאל 150 גרם,*החברה המרכזית להפצת משקאותבעמ,,משק צוריאל יוגורט עי,מיליליטרים,140.00,"100 מ""ל",false,1,6.50,4.64,true,1,
7290102393947,false,סימפלי פרוט יוגורט בטעם קיווי 3% שומן 150 ג' מולר,*החברה המרכזית להפצת משקאותבעמ,,SIMPLY FRUIT מולר בט,מיליליטרים,150.00,"100 מ""ל",false,1,5.30,3.53,true,1,
7290102394258,false,גליל גבינת עיזים מה עז 9% משק צוריאל 180 גרם,*החברה המרכזית להפצת משקאותבעמ,,עז מה 9% מופחתת שומן,גרמים,180.00,100 גרם,false,0,24.90,13.83,true,1,
7290102394463,false,נעם גבינה צהובה פרוסה ואקום 28% טרה 500 גרם,החברה המרכזית טלהפצת משקאות בע,,נעם גבינה צהובה וואק,גרמים,500.00,100 גרם,false,1,29.90,5.98,true,1,
7290102394821,false,גבינה צהובה 28% דק דק לפתיחה חוזרת 200,החברה המרכזית טלהפצת משקאות בע,,נעם גבינה צהובה דק ד,גרמים,200.00,100 גרם,false,1,17.50,8.75,true,1,
7290102394845,false,נעם גבינה צהובה לייט פרוסה דק דק 9% טרה 200 גרם,*החברה המרכזית להפצת משקאותבעמ,,נעם גבינה צהובה דק ד,גרמים,200.00,100 גרם,false,1,17.90,8.95,true,1,
7290102395224,false,שמיניית יוגורט ביו ביאנקו 1.7% מולר 150 גרם,*החברה המרכזית להפצת משקאותבעמ,,מאגדת שמיניה מולר,גרמים,1200.00,100 גרם,false,1,18.90,1.58,true,1,
7290102395231,false,שמיניית יוגורט ביו ביאנקו 2.8% מולר 150 גרם,*החברה המרכזית להפצת משקאותבעמ,,מאגדת שמיניה מולר,גרמים,1200.00,100 גרם,false,1,18.90,1.58,true,1,
7290102395262,false,מארז 8 גביעים יוגורט בטעם תות שדה ואפרסק 3% Simply Fruit,החברה המרכזית טלהפצת משקאות בע,,מאגדת 8 מולר סימפלי,גרמים,900.00,100 גרם,false,1,31.90,3.54,true,1,
7290102395408,false,נעם גבינה צהובה 28% במשקל,*החברה המרכזית להפצת משקאותבעמ,,נעם גבינה צהובה 28%,Unknown,0.00,"ק""ג",true,0,44.79,44.79,true,1,
7290102395415,false,נועם גב.צהובה9%חריץ משקל,החברה המרכזית טלהפצת משקאות בע,,נעם גבינה צהובה 9% ב,Unknown,0.00,"ק""ג",true,0,86.00,86.00,true,1,
7290102395422,false,נעם גבינה צהובה 22% במשקל,החברה המרכזית להפצה,,נעם גבינה צהובה 22%,Unknown,0.00,"ק""ג",true,0,42.58,42.58,true,1,
7290102395439,false,מארז 8 גביעים יוגורט בטעם פירות יער וקיווי 3% Simply Fruit,*החברה המרכזית להפצת משקאותבעמ,,מאגדת 8 מולר סימפלי,גרמים,900.00,100 גרם,false,1,31.90,3.54,true,1,
7290102395446,false,מעדן חלב בטעם וניל עם קצפת 123 ג' טרה,*החברה המרכזית להפצת משקאותבעמ,,מעדן מו וניל 123 גר,גרמים,123.00,100 גרם,false,1,3.40,2.76,true,1,
7290102395477,false,מעדן חלב בטעם שוקולד עם קצפת 123 ג' טרה,*החברה המרכזית להפצת משקאותבעמ,,מעדן מו שוקולד 123,גרמים,123.00,100 גרם,false,1,3.40,2.76,true,1,
7290102395521,false,"שמנת לבישול 15% שומן 500 מ""ל טרה",החברה המרכזית טלהפצת משקאות בע,,שמנת לבישול 15% 500,מיליליטרים,500.00,"100 מ""ל",false,1,16.90,3.38,true,1,
7290102396436,false,מעדן בטעם שוקולד 1.5% שומן מוו (125 גרם),*החברה המרכזית להפצת משקאותבעמ,,מעדן מו שוקולד 123 ג,גרמים,123.00,100 גרם,false,1,3.00,2.44,true,1,
7290102396443,false,מעדן בטעם וניל 1.5% שומן מוו (125 גרם),*החברה המרכזית להפצת משקאותבעמ,,מעדן מו וניל 123 גר,גרמים,123.00,100 גרם,false,1,3.00,2.44,true,1,
7290102396580,false,מעדן מוו שוקולד ומוס שוקולד טרה 118 גרם,החברה המרכזית טלהפצת משקאות בע,,מעדן מו שוקולד ומוס,גרמים,123.00,100 גרם,false,1,3.40,2.76,true,1,
7290102396665,false,צהובה פרוסות דקדק פתח סגור 15% 200 גר`,*החברה המרכזית להפצת משקאותבעמ,,גבינה צהובה נעם דק ד,גרמים,200.00,100 גרם,false,1,16.90,8.45,true,1,
7290102396672,false,גבינה צהובה נעם דק דק 9% פתח סגור 360 ג,*החברה המרכזית להפצת משקאותבעמ,,זבינה צהובה נעם דק ד,גרמים,360.00,100 גרם,false,1,29.90,8.31,true,1,
7290102396740,false,מארז 8 גביעים יוגורט בטעם תות שדה ואפרסק 0% Simply Fruit,החברה המרכזית טלהפצת משקאות בע,,מאגדת תות ואפרסק מול,קילוגרמים,0.00,"ק""ג",false,1,31.90,31.90,true,1,
7290102397204,false,גבינה צהובה נעם דק דק פתח סגור 200 גר,*החברה המרכזית להפצת משקאותבעמ,,גבינה צהובה נעם דק ד,גרמים,200.00,100 גרם,false,1,17.90,8.95,true,1,
7290102397334,false,גבינה בולגרית גלילית 5% משק צוריאל 250 גרם,החברה המרכזית טלהפצת משקאות בע,,בולגרית 5% 250 גר,גרמים,250.00,100 גרם,false,1,24.90,9.96,true,1,
7290102397464,false,יוגורט ביו בתוספת גרעינים אגוזים וחמוציות 170 ג' מולר,החברה המרכזית טלהפצת משקאות בע,,מולר נטורל+ פקאן גרע,גרמים,170.00,100 גרם,false,1,6.20,3.65,true,1,
7290102397600,false,מיקס יוגורט בתוספת שקדים ובוטנים מקורמלים 170 ג' מולר,החברה המרכזית טלהפצת משקאות בע,,מולר מיקס שקדים ובוט,גרמים,170.00,100 גרם,false,1,6.20,3.65,true,1,
7290102397617,false,יוגורט ביו קרמי עם כדורים מצופים שוקולד חום לבן,*החברה המרכזית להפצת משקאותבעמ,,מולר מיקס קליק 170 ג,גרמים,170.00,100 גרם,false,1,6.20,3.65,true,1,
7290102397730,false,פרוסות גבינה אמנטל חצי קשה 30% שומן 200 ג' נעם,*החברה המרכזית להפצת משקאותבעמ,,גבינת אמנטל נעם 200,גרמים,200.00,100 גרם,false,1,18.90,9.45,true,1,
7290102397747,false,פרוסות גבינת מוצרלה נעם מחלב בקר 22%,*החברה המרכזית להפצת משקאותבעמ,,מוצרלה נעם רכיבים,גרמים,200.00,100 גרם,false,1,19.90,9.95,true,1,
7290102397891,false,גבינה ניו יורק מותכת %16 4*25 גרם,החברה המרכזית טלהפצת משקאות בע,,גבינה מותכת 100 גרם,גרמים,100.00,100 גרם,false,1,7.90,7.90,true,1,
7290102398065,false,חלב טרה בקרטון 2 ליטר מהדרין 3% - מוצר בפיקוח,*החברה המרכזית להפצת משקאותבעמ,,חלב 3% מהדרין 2 ליטר,ליטרים,0.00,ליטר,false,1,12.46,12.46,true,1,
7290102398331,false,חלב מועשר דל לקטוז 2% שומן טרה 1 ליטר,*החברה המרכזית להפצת משקאותבעמ,,חלב מועשר דל לקטוז 1,מיליליטרים,1000.00,"100 מ""ל",false,1,8.50,0.85,true,1,
7290102398560,false,משקה שוקו מועשר בבקבוק 1 ליטר טרה,החברה המרכזית טלהפצת משקאות בע,IL,שוקו מועשר טרה 1 ליט,מיליליטרים,1000.00,"100 מ""ל",false,1,12.50,1.25,true,1,
7290102398577,false,משקה חלב בטעם שוקו 2% בבקבוק אישי,החברה המרכזית טלהפצת משקאות בע,IL,שוקו מועשר טרה 250 מ,מיליליטרים,250.00,"100 מ""ל",false,1,5.90,2.36,true,1,
7290102398614,false,משקה חלב טרה ט. בננה 1ליטר בקבוק,*החברה המרכזית להפצת משקאותבעמ,IL,משקה חלב בננה טרה 1,מיליליטרים,1000.00,"100 מ""ל",false,1,12.50,1.25,true,1,
7290102398638,false,משקה חלב טרה ט.מוקה 1ליטר בקבוק,החברה המרכזית טלהפצת משקאות בע,IL,משקה חלב מוקה טרה 1,מיליליטרים,1000.00,"100 מ""ל",false,1,12.50,1.25,true,1,
7290102398669,false,משקה חלב אייס קפוצ'ינו טרה 1 ליטר,החברה המרכזית טלהפצת משקאות בע,IL,אייס קפוצינו 1 ליטר,ליטרים,0.00,ליטר,false,1,12.50,12.50,true,1,
7290102398782,false,.משקה סויה קלאסי 1ל בקבוק משק צוריא,*החברה המרכזית להפצת משקאותבעמ,IL,משקה סויה קלאסי משק,ליטרים,0.00,ליטר,false,1,12.90,12.90,true,1,
7290102398799,false,משקה סויה במתיקות מופחתת משק צוריאל 1 ליטר,החברה המרכזית טלהפצת משקאות בע,IL,משקה סויה במתיקות מו,ליטרים,0.00,ליטר,false,1,12.90,12.90,true,1,
7290102398805,false,משקה סויה בטעם וניל 1ל בקבוק משק צוריא,החברה המרכזית טלהפצת משקאות בע,IL,משקה סויה בטעם וניל,ליטרים,0.00,ליטר,false,1,12.90,12.90,true,1,
7290102398836,false,משקה שקדים קלאסי 1 ליטר משק צוריאל,החברה המרכזית טלהפצת משקאות בע,IT,משקה שקדים קלאסי משק,ליטרים,0.00,ליטר,false,1,14.60,14.60,true,1,
7290102399048,false,פרוסות גבינת קשקבל נעם 200 ג' טרה,*החברה המרכזית להפצת משקאותבעמ,IL,קשקבל נעם 200 גר,גרמים,200.00,100 גרם,false,1,24.90,12.45,true,1,
7290102399635,false,"מולר פרופ יוגורט ביו עם קציפת קוקוס ואננס 150 מ""ל",*החברה המרכזית להפצת משקאותבעמ,IL,מולר פרופ קוקוס,מיליליטרים,150.00,"100 מ""ל",false,1,5.30,3.53,true,1,
7290102399697,false,סימפלי פרוט מנגו 1.5% שומן 150 ג' מולר,*החברה המרכזית להפצת משקאותבעמ,IL,SIMPLY FRUIT מולר בט,מיליליטרים,150.00,"100 מ""ל",false,1,5.00,3.33,true,1,
7290102399772,false,מולר ספרדבל-ממרח חמאת מולר במליחות עדינה 250 גרם,החברה המרכזית טלהפצת משקאות בע,,מולר ספרדבל ממרח,גרמים,250.00,100 גרם,false,1,19.90,7.96,true,1,
7290102399789,false,מולר ספרדבל-ממרח חמאת מולר ללא מלח 250 גרם,החברה המרכזית טלהפצת משקאות בע,,מולר ספרדבל ממרח חמא,גרמים,250.00,100 גרם,false,1,19.90,7.96,true,1,
7290102399796,false,מעדן יוגורט לבן מועשר בחלבון 200 ג' מולר אקטיב,*החברה המרכזית להפצת משקאותבעמ,IL,מולר אקטיב יוגורט חל,גרמים,200.00,100 גרם,false,1,5.90,2.95,true,1,
7290102399802,false,יוגורט עם תות מולר אקטיב מועשר בחלבון 200 גר',החברה המרכזית טלהפצת משקאות בע,IL,מולר אקטיב יוגורט חל,גרמים,200.00,100 גרם,false,1,6.50,3.25,true,1,
7290102399819,false,יוגורט עם פירות יער מולר אקטיב מועשר בחלבון 200 גר',החברה המרכזית טלהפצת משקאות בע,IL,מולר אקטיב יוגורט,גרמים,200.00,100 גרם,false,1,6.50,3.25,true,1,
7290102399857,false,מולר אקטיב לייט 20 גרם חלבון 0% שומן עם תות 200 גרם,החברה המרכזית טלהפצת משקאות בע,IL,מולר אקטיב לייט יוגו,גרמים,200.00,100 גרם,false,1,6.50,3.25,true,1,
7290102611836,false,להבונים בשקית 50 יח,,CN,להבונים בשקית 50 יח,Unknown,1.00,Unknown,false,1,11.90,11.90,true,1,
7290102841899,false,אבקה להכנת פלאפל 180 גרם,נאמן לאורך זמן בעמ,,אבקה להכנת פלאפל 180,גרמים,180.00,100 גרם,false,1,11.90,6.61,true,1,
7290103086022,false,תמצית אשכוליות,,,תמצית אשכוליות,Unknown,0.00,Unknown,false,1,129.90,129.90,true,1,
7290103086527,false,תמצית טריפאלה,,,תמצית טריפאלה,Unknown,0.00,Unknown,false,1,90.00,90.00,true,1,
7290103124601,false,"תחליב רחצה נוזל חלב ודבש משאבה 750מ""ל פלמוליב",הנסיך- מפעל לייצור ט,,פלמוליב סבון נוזלי ח,מיליליטרים,750.00,"100 מ""ל",false,1,19.90,2.65,true,1,
7290103126797,false,"משחת שיניים סנסטיב פרו ריליף קולגייט 75 מ""ל",הנסיך- מפעל לייצור ט,,קולגייט סנסיטיב פרו,Unknown,0.00,Unknown,false,1,23.90,23.90,true,1,
7290103370001,false,נר בינוני 90 YANKEE,,,נר בינוני 90 YANKEE,קילוגרמים,0.00,"ק""ג",false,1,114.00,114.00,true,1,
7290103370002,false,נר קטן 40 YANKEE,,,נר קטן 40 YANKEE,קילוגרמים,0.00,"ק""ג",false,1,54.00,54.00,true,1,
7290103370003,false,נר דיי לייט 12 שעות,,,נר דיי לייט 12 שעות,Unknown,0.00,Unknown,false,1,17.90,17.90,true,1,
7290103400194,false,כרוב לבן 400 ג בדצ ירקות שטראוס טעם הטבע,שטראוס בריאות ירקות טריי,,כרוב לבן 400 גר,גרמים,400.00,100 גרם,false,1,10.90,2.73,true,1,
7290103400231,false,גזר גוליאן 400גר שטראוס טעם הטבע,ביכורי השדה הצפון בעמ` 1964,,גזר 400 גר,גרמים,400.00,100 גרם,false,1,9.90,2.48,true,1,
7290103400255,false,סלט קולסלאו 400 ג בדצ ירקות שטראוס טעם ה,שטראוס בריאות ירקות טריי,,סלט קולסלאו 400 גר,גרמים,400.00,100 גרם,false,1,9.90,2.48,true,1,
7290103401429,false,קפה קצב ברזילאי אוריגינס 200 גר,הנסיך- מפעל לייצור ט,,קפה קצב ברזילאי אורי,גרמים,200.00,100 גרם,false,1,21.90,10.95,true,1,
7290103404758,false,סלט כרוב אדום במיונז אחלה 120 גרם,שטראוס גרופ בעמ/מצונן,,כרוב אדום 120 גר,גרמים,125.00,100 גרם,false,1,4.80,3.84,true,1,
7290103408206,false,עלי חסה ערבית שטופים 250 גר טעם הטבע,ביכורי השדה הצפון בעמ` 1964,,עלי חסה שטופים בקופס,גרמים,250.00,100 גרם,false,1,12.90,5.16,true,1,
7290103613082,false,"סאפ סירופ תמציות צמחים ראן 250 מ""ל",,IL,סאפ סירופ תמציות צמח,מיליליטרים,250.00,"100 מ""ל",false,1,99.90,39.96,true,1,
7290103681173,false,"יין הר קברנה סובניון יקבי תבור 750 מ""ל.",*החברה המרכזית להפצת משקאותבעמ,IL,יין הר קברנה מיתוג ת,מיליליטרים,750.00,"100 מ""ל",false,1,35.90,4.79,true,1,
7290103681180,false,"יין הר מרלו מיתוג תנשמת 750 מ""ל",*החברה המרכזית להפצת משקאותבעמ,IL,יין הר מרלו מיתוג תנ,מיליליטרים,750.00,"100 מ""ל",false,1,35.90,4.79,true,1,
7290103681197,false,"יין הר שיראז מיתוג תנשמת 750 מ""ל",*החברה המרכזית להפצת משקאותבעמ,IL,יין הר שיראז מיתוג ת,מיליליטרים,750.00,"100 מ""ל",false,1,35.90,4.79,true,1,
7290103681210,false,"יין הר שרדונה מיתוג תנשמת 750 מ""ל",*החברה המרכזית להפצת משקאותבעמ,IL,יין הר שרדונה מיתוג,מיליליטרים,750.00,"100 מ""ל",false,1,35.90,4.79,true,1,
7290103681227,false,"יין הר גוורצטרמינר מיתוג תנשמת 750 מ""ל",החברה המרכזית טלהפצת משקאות בע,IL,יין הר גוורצטרמינר מ,מיליליטרים,750.00,"100 מ""ל",false,1,35.90,4.79,true,1,
7290103681234,false,"יין הר רוזה מיתוג תנשמת 750 מ""ל",החברה המרכזית טלהפצת משקאות בע,IL,יין הר רוזה מיתוג תנ,מיליליטרים,750.00,"100 מ""ל",false,1,35.90,4.79,true,1,
7290103681241,false,"יין הר מוסקטו מיתוג תנשמת 750 מ""ל",*החברה המרכזית להפצת משקאותבעמ,IL,יין הר מוסקטו מיתוג,מיליליטרים,750.00,"100 מ""ל",false,1,37.90,5.05,true,1,
7290103681289,false,"יין אדמה קברנה תנשמת 750 מ""ל",יקב תבור,IL,יין אדמה קברנה תנשמת,מיליליטרים,750.00,"100 מ""ל",false,1,62.90,8.39,true,1,
7290103701161,false,ניילון נצמד 150 מטר טאצ',שניב תעשיות נייר בעמ,IL,טאצ ניילון נצמד 150,מטרים,150.00,מטר,false,6,23.90,0.16,true,1,
7290103703394,false,טאצ' ניילון נצמד זוגות,,,טאצ ניילון נצמד זוגו,מטרים,150.00,מטר,false,6,11.90,0.08,true,1,
7290103704155,false,נייר מגבת טאצ' 6 גלילים מהדורת 2021,שניב תעשיות נייר בעמ,,מגבות טאצ 6 מהדורת 2,Unknown,0.00,Unknown,false,22,10.50,10.50,true,1,
7290103704162,false,נייר טואלט טאצ' 32 גלילים מהדורה 2021,שניב תעשיות נייר בעמ,,טואלט טאצ 32 מהדורת,Unknown,0.00,Unknown,false,18,28.90,28.90,true,1,
7290103704186,false,מגבות מטבח כפול טאצ`מהדורת 2021 6 יחידות,שניב תעשיות נייר בעמ,,מגבות טאצ 6 גלילים כ,יחידה,1.00,יחידה,false,1,18.90,18.90,true,1,
7290103704575,false,נייר טואלט טאצ' פרימיום 48 גלילים,שניב תעשיות נייר בעמ,,טואלט טאצ 48 מהדורת,Unknown,0.00,Unknown,false,18,38.90,38.90,true,1,
7290103704759,false,נייר טואלט כפול 16 גלילים טאצ,,,טואלט טאצ 16 כפול פר,Unknown,0.00,Unknown,false,1,31.50,31.50,true,1,
7290103746001,false,ממחטות טאצ`חמישייה צבעוני 500 דף,שניב תעשיות נייר בעמ,IL,ממחטות חמישיה טאצ,Unknown,0.00,Unknown,false,10,13.90,13.90,true,1,
7290104059117,false,הרשי סירופ שוקולד 680 גרם,,,הרשי סירופ שוקולד,גרמים,680.00,100 גרם,false,1,21.90,3.22,true,1,
7290104061417,false,סלט חומוס עם טחינה אחלה 400 גרם,שטראוס גרופ בעמ/מצונן,,חומוס טחינה 400 גר,גרמים,400.00,100 גרם,false,1,10.90,2.73,true,1,
7290104061424,false,סלט חומוס עם זעתר אחלה 400 גרם,שטראוס גרופ בעמ/מצונן,,חומוס זעתר 400 גר,גרמים,400.00,100 גרם,false,1,10.90,2.73,true,1,
7290104061431,false,סלט חומוס עם צנובר אחלה 400 גרם,שטראוס גרופ בעמ/מצונן,,חומוס צנובר 400 גר,גרמים,400.00,100 גרם,false,1,10.90,2.73,true,1,
7290104061448,false,סלט חומוס עם חריף אחלה 400 גרם,שטראוס גרופ בעמ/מצונן,,חומוס חריף 400 גרם,גרמים,400.00,100 גרם,false,1,10.90,2.73,true,1,
7290104062599,false,מארז 8 יחידות מעדן גמדים בטעמי תות ובננה,שטראוס גרופ בעמ/מצונן,,מארז סופר גמדים תות,גרמים,800.00,100 גרם,false,1,19.80,2.48,true,1,
7290104064012,false,חטיף פסק זמן GOOD שוקולד לבן גוד 36 גרם,שולן צ'יקולטה גידה ס,,חטיף פסק זמן שוקולד,גרמים,36.00,100 גרם,false,1,4.90,13.61,true,1,
7290104065187,false,אבקה להכנת משקה קפה בטעם מוקה,"שטראוס גרופ בע""מ",,קפה נמס בטעם מוקה 20,גרמים,200.00,100 גרם,false,1,24.90,12.45,true,1,
7290104065934,false,עלי רוקט שטראוס 150 גר`-טעם הטבע,ביכורי השדה הצפון בעמ` 1964,,עלי רוקט 150גר,גרמים,150.00,100 גרם,false,1,10.90,7.27,true,1,
7290104066566,false,סלט טחינה שומשום מלא 500גר אחלה,שטראוס גרופ בעמ/מצונן,,טחינה 500 גרם,גרמים,500.00,100 גרם,false,1,18.30,3.66,true,1,
7290104067693,false,חומוס אחלה עם תוספת חריף 150 גר,שטראוס גרופ בעמ/מצונן,,חומוס חריף 150 גר,גרמים,150.00,100 גרם,false,1,6.20,4.13,true,1,
7290104068539,false,מאסט פליפטופ מלון ואבטיח ללא גרעינים,שטראוס גרופ בע`מ,,מסטיק MUST LL פליפט,Unknown,0.00,Unknown,false,1,4.60,4.60,true,1,
7290104068546,false,גומי מאסט בטעם לימון קולה ללא סוכר 28 ג' עלית,שטראוס גרופ בע`מ,,מסטיק מאסט פליפטופ ק,Unknown,0.00,Unknown,false,1,4.90,4.90,true,1,
7290104500572,false,אפרופו חטיף תירס איטליאנו אסם 50 גרם,קבוצת אוסם סחר-שות.מוגבלת,,חטיף אפרופו איטליאנו,גרמים,50.00,100 גרם,false,1,5.00,10.00,true,1,
7290104501661,false,אינסטנט פודינג בטעם וניל צרפתי אסם 80 גרם,קבוצת אוסם סחר-שות.מוגבלת,,פודינג אינסטנט בטעם,גרמים,80.00,100 גרם,false,1,5.50,6.88,true,1,
7290104508189,false,אסם 24 גביעי גלידה ממותקים 95 גרם,קבוצת אוסם סחר שותפות מוגבלת,,גביעי גלידה ממותקים,Unknown,0.00,Unknown,false,1,16.10,16.10,true,1,
7290104508202,false,גביעי גלידה אמריקאים אסם 120 גרם 24 יחידות,קבוצת אוסם סחר-שות.מוגבלת,,גביעי גלידה אמריקאים,Unknown,0.00,Unknown,false,1,16.50,16.50,true,1,
7290104615214,false,צמחים,,,צמחים,Unknown,0.00,Unknown,false,1,25.00,25.00,true,1,
7290104615238,false,זרים אחידים,,,צמחים,Unknown,0.00,Unknown,false,1,30.00,30.00,true,1,
7290104615252,false,זרים אחידים,,,צמחים,Unknown,0.00,Unknown,false,1,40.00,40.00,true,1,
7290104615276,false,צמחים,,,צמחים,Unknown,0.00,Unknown,false,1,65.00,65.00,true,1,
7290104615283,false,עציצים,,,עציצים,Unknown,0.00,Unknown,false,1,60.00,60.00,true,1,
7290104615337,false,זרים אחידים,,,צמחים,Unknown,0.00,Unknown,false,1,45.00,45.00,true,1,
7290104615344,false,זרים אחידים,,,צמחים,Unknown,0.00,Unknown,false,1,50.00,50.00,true,1,
7290104615351,false,צמחים,,,צמחים,Unknown,0.00,Unknown,false,1,70.00,70.00,true,1,
7290104615412,false,צמחים,,,צמחים,Unknown,0.00,Unknown,false,1,13.00,13.00,true,1,
7290104615436,false,צמחים,,,צמחים,Unknown,0.00,Unknown,false,1,15.00,15.00,true,1,
7290104615450,false,צמחים,,,צמחים,Unknown,0.00,Unknown,false,1,17.00,17.00,true,1,
7290104615498,false,צמחים,,,צמחים,Unknown,0.00,Unknown,false,1,21.00,21.00,true,1,
7290104615603,false,עציצים,,,עציצים,Unknown,0.00,Unknown,false,1,45.00,45.00,true,1,
7290104615641,false,זר פרחים אחיד,,,חבילת פרחים,Unknown,0.00,Unknown,false,1,34.00,34.00,true,1,
7290104615849,false,צמחים,,,צמחים,Unknown,0.00,Unknown,false,1,45.00,45.00,true,1,
7290104615894,false,צמחים,,,צמחים,Unknown,0.00,Unknown,false,1,50.00,50.00,true,1,
7290104615948,false,צמחים,,,צמחים,Unknown,0.00,Unknown,false,1,55.00,55.00,true,1,
7290104615955,false,עציצים,,,עציצים,Unknown,0.00,Unknown,false,1,60.00,60.00,true,1,
7290104615979,false,עציצים,,,עציצים,Unknown,0.00,Unknown,false,1,65.00,65.00,true,1,
7290104615993,false,עציצים,,,עציצים,Unknown,0.00,Unknown,false,1,75.00,75.00,true,1,
7290104618222,false,צמחים,,,צמחים,Unknown,0.00,Unknown,false,1,70.00,70.00,true,1,
7290104618239,false,צמחים,,,צמחים,Unknown,0.00,Unknown,false,1,75.00,75.00,true,1,
7290104618253,false,צמחים,,,צמחים,Unknown,0.00,Unknown,false,1,85.00,85.00,true,1,
7290104618260,false,צמחים,,,צמחים,Unknown,0.00,Unknown,false,1,90.00,90.00,true,1,
7290104618345,false,צמחים,,,צמחים,Unknown,0.00,Unknown,false,1,130.00,130.00,true,1,
7290104618376,false,עציצים,,,עציצים,Unknown,0.00,Unknown,false,1,100.00,100.00,true,1,
7290104618451,false,עציצים,,,עציצים,Unknown,0.00,Unknown,false,1,80.00,80.00,true,1,
7290104720499,false,מארז 8 יחידות מעדן דני בטעם וניל 1.5%,שטראוס גרופ בעמ/מצונן,,מארז 8 דני וניל 150,מיליליטרים,1200.00,"100 מ""ל",false,1,18.10,1.51,true,1,
7290104721762,false,מארז שלשות קפה טורקי עלית 85 ג',"שטראוס גרופ בע""מ",,מארז קפה טורקי עלית,גרמים,255.00,100 גרם,false,1,19.90,7.80,true,1,
7290104721953,false,לקט מסולסלים 350 גרם שטראוס טעם הטבע,שטראוס בריאות ירקות טריי,,לקט מסולסלים 350 גר,גרמים,350.00,100 גרם,false,1,13.90,3.97,true,1,
7290104722530,false,תפוצ'יפס בטעם שמנת בצל עלית 200 גרם,"שטראוס פריטו ליי בע""\מ )",,תפוציפס שמנת בצל 200,גרמים,200.00,100 גרם,false,1,9.90,4.95,true,1,
7290104726262,false,רביעייה מעדן דני שוקולד דיסני לבנים 125 גרם,שטראוס גרופ בעמ/מצונן,,מארז דני לשתייה 4*12,גרמים,500.00,100 גרם,false,1,10.90,2.18,true,1,
7290104726712,false,מארז 8 יחידות מעדן מילקי בטעם שוקולד עם קצפת,שטראוס גרופ בעמ/מצונן,,מארז מילקי שמיניייה,קילוגרמים,0.00,"ק""ג",false,1,19.90,19.90,true,1,
7290104728310,false,"שמנת מתוקה עמידה 38% שומן ""יטבתה"" -מוצר בפיקוח",שטראוס גרופ בעמ/מצונן,,שמנת עמידה לקצפת 38%,מיליליטרים,250.00,"100 מ""ל",false,1,6.47,2.59,true,1,
7290104729003,false,"יד מרדכי - שמן זית כתית מעולה 2 קלאסי 750 מ""ל",מכוורת יד מרדכי שטרא,IL,שמן זית כתית מעולה י,מיליליטרים,750.00,"100 מ""ל",false,1,29.90,3.99,true,1,
7290104729010,false,"לבן בטעם תות יטבתה 100 מ""ל מהדרין",שטראוס גרופ בעמ (ח),,לבן בטעם תות 95 גרם,גרמים,95.00,100 גרם,false,1,1.60,1.68,true,1,
7290104960246,false,נקה 7 ארומה תחליב רחצה ורד יסמין 750 מ,טרופיקל דגיל תעשיות קוסמ,,אל סבון ורד ויסמין נ,מיליליטרים,750.00,"100 מ""ל",false,1,14.50,1.93,true,1,
7290104961526,false,דאודורנט ספריי גוף טיטניום קלאסיק Titanium Classic,החברה הדרומית לשיווק בעמ,,טיטניום ספריי גוף קל,מיליליטרים,150.00,"100 מ""ל",false,1,12.20,8.13,true,1,
7290104961540,false,דאודורנט ספריי גוף טיטניום מטאל Titanium Metal,החברה הדרומית לשיווק בעמ,,טיטניום ספריי גוף מט,מיליליטרים,150.00,"100 מ""ל",false,1,12.20,8.13,true,1,
7290104961878,false,"שמפו לשיער קרטין אינטנס פורמולה 400 מ""ל נטורל",החברה הדרומית לשיווק בעמ,,נטורל פורמולה שמפו ק,מיליליטרים,400.00,"100 מ""ל",false,1,34.50,8.63,true,1,
7290104961885,false,מרכך קרטין טהור לשיער שעבר החלקה או עיצוב בחום,החברה הדרומית לשיווק בעמ,,נטורל פורמולה מרכך ק,מיליליטרים,400.00,"100 מ""ל",false,1,34.50,8.63,true,1,
7290104961892,false,מסכת קרטין טהור לשיער שעבר החלקה או עיצוב בחום,החברה הדרומית לשיווק בעמ,,נטורל פורמולה מסיכת,מיליליטרים,350.00,"100 מ""ל",false,1,43.10,12.31,true,1,
7290104962080,false,דאודורנט ספריי גוף טיטניום גולד Titanium Gold,החברה הדרומית לשיווק בעמ,,טיטניום גולד ספריי ג,מיליליטרים,150.00,"100 מ""ל",false,1,12.90,8.60,true,1,
7290104962660,false,"קרליין - נושם דאודורנט ספריי לאישה ללא אלומיניום 200 מ""ל",החברה הדרומית לשיווק בעמ,,דאודורנט קרליין ספרי,מיליליטרים,200.00,"100 מ""ל",false,1,12.90,6.45,true,1,
7290104962844,false,"שמפו אמפולה לטיפול אינטנסיבי לשיער יבש, צבוע ופגום",נטורל פורמולה Natural Formula,,נטורל פורמולה שמפו א,מיליליטרים,400.00,"100 מ""ל",false,1,34.50,8.63,true,1,
7290104963001,false,סופטקר מגבונים לחים רביעייה בניחוח עדין,החברה הדרומית לשיווק בעמ,,סופטקר מגבונים בניחו,Unknown,0.00,Unknown,false,1,16.90,16.90,true,1,
7290104963018,false,סופטקר מגבונים לחים רביעייה ללא בישום,החברה הדרומית לשיווק בעמ,,סופטקר מגבונים ללא ב,Unknown,0.00,Unknown,false,1,16.90,16.90,true,1,
7290104963650,false,נקה 7 שמפו אל דמע סופטקר 1 ליטר,החברה הדרומית לשיווק בעמ,,שמפו אל דמע סופטקר 1,מיליליטרים,1000.00,"100 מ""ל",false,1,19.90,1.99,true,1,
7290104964350,false,אל סבון עשיר בלחות בניחוח פרחי מים - מארז 3 יח',החב. הדרומית לשיווק,,אל סבון נקה 7 500 מל,מיליליטרים,1500.00,"100 מ""ל",false,1,26.90,1.79,true,1,
7290104965647,false,קרליין דאו רול און נושם סוויט קיס לנערות,החברה הדרומית לשיווק בעמ,,SWEET KISS דיאודוראנ,מיליליטרים,75.00,"100 מ""ל",false,1,12.90,17.20,true,1,
7290105351180,false,חלבון אפונה עוגיות פיור פי 700 גרם,סיטי תוספי מזון,,חלבון אפונה עוגיות פ,גרמים,700.00,100 גרם,false,1,129.90,18.56,true,1,
7290105360250,false,קפסולות 09 עשיר וארומטי למכונת נספרסו עלית 10יח',הנסיך- מפעל לייצור ט,,קפסולות מקיאטו למכונ,גרמים,50.00,100 גרם,false,1,16.50,33.00,true,1,
7290105360328,false,קפסולות אספרסו חזק למכונות נספרסו 10 יח',הנסיך- מפעל לייצור ט,,קפסולות אספרסו חזק ל,Unknown,0.00,Unknown,false,1,16.50,16.50,true,1,
7290105360335,false,קפסולות אספרסו למכונות נספרסו 50 גר,הנסיך- מפעל לייצור ט,,קפסולות אספרסו למכונ,גרמים,50.00,100 גרם,false,1,16.50,33.00,true,1,
7290105360755,false,"שמן זית 3 חזק 750 מ""ל יד מרדכי",מכוורת יד מרדכי שטראוס ב,,"שמן זית 3 חזק 750 מ""",מיליליטרים,750.00,"100 מ""ל",false,1,33.90,4.52,true,1,
7290105360762,false,"שמן זית 1 עדין 750 מ""ל יד מרדכי",מכוורת יד מרדכי שטראוס ב,,שמן זית 1 עדין 750 מ,מיליליטרים,750.00,"100 מ""ל",false,1,33.90,4.52,true,1,
7290105360878,false,תפוציפס טבעי 50 גרם מארז רביעייה,"שטראוס פריטו ליי בע""\מ )",,מארז תפוציפס טבעי 50,גרמים,200.00,100 גרם,false,1,10.50,5.25,true,1,
7290105362339,false,"שמנת לבישול 15% 250 מ""ל יטבתה מהדרין",שטראוס גרופ בעמ/מצונן,,שמנת לבישול 15% מהדר,מיליליטרים,250.00,"100 מ""ל",false,1,8.40,3.36,true,1,
7290105363602,false,מקלות כיף כף קלאסי עלית (40 גרם),שולן צ'\יקולטה גידה סאן.,,כיף כף מקלות קלאסי 4,Unknown,0.00,Unknown,false,1,4.80,4.80,true,1,
7290105364289,false,מקלות כיף כף פצפוצים עלית 40 גרם,שולן צ'\יקולטה גידה סאן.,,כיף כף מקלות פצפוצים,Unknown,0.00,Unknown,false,1,4.80,4.80,true,1,
7290105364302,false,"עלית חטיף שוקולד כיף כף מקלות אגוזים, 40 גרם",שולן צ'\יקולטה גידה סאן.,,כיף כף מקלות אגוזים,גרמים,42.00,100 גרם,false,1,4.80,11.43,true,1,
7290105364678,false,"אקטיביה משקה יוגורט בטעם אפרסק שטראוס 250 מ""ל",שטראוס גרופ בעמ/מצונן,,משקה אקטיביה אפרסק,מיליליטרים,250.00,"100 מ""ל",false,1,6.00,2.40,true,1,
7290105366023,false,סלט חצילים בטעם כבד אחלה 400 גרם,שטראוס גרופ בעמ/מצונן,,חציל בטעם כבד 400 גר,גרמים,400.00,100 גרם,false,1,18.30,4.58,true,1,
7290105366047,false,טחינה לבנה אחלה (400 גרם),שטראוס גרופ בעמ/מצונן,,טחינה לבנה 400 גר,גרמים,400.00,100 גרם,false,1,18.30,4.58,true,1,
7290105366993,false,סימפוניה גבינת שמנת פלפל שיפקה 5% שטראוס 200 גרם,שטראוס גרופ בעמ/מצונן,,סימפוניה פלפל שיפקה,גרמים,200.00,100 גרם,false,1,11.00,5.50,true,1,
7290105368225,false,חומוס עם פלפל שיפקה אחלה (400 גרם),שטראוס גרופ בעמ/מצונן,,חומוס עם פלפל שיפקה,גרמים,400.00,100 גרם,false,1,10.90,2.73,true,1,
7290105368331,false,מעדן מילקי בטעם תות עם קצפת,שטראוס גרופ בעמ/מצונן,,מילקי נוגת 134גר,גרמים,130.00,100 גרם,false,1,2.90,2.23,true,1,
7290105368904,false,"שמנת מתוקה להקצפה 32% שומן 250 מ""ל יוטבתה",שטראוס גרופ בעמ/מצונן,,שמנת עמידה לקצפת 32%,מיליליטרים,250.00,"100 מ""ל",false,1,7.60,3.04,true,1,
7290105368928,false,שמנת חמוצה יטבתה %9 200 מל גביע מהדרין,שטראוס גרופ בעמ/מצונן,,שמנת 9% מהדרין 200 מ,מיליליטרים,200.00,"100 מ""ל",false,1,3.30,1.65,true,1,
7290105369130,false,סימפוניה גבינת שמנת בצל ירוק 5% שטראוס 200 גרם,שטראוס גרופ בעמ/מצונן,,סימפוניה בצל ירוק 3%,גרמים,200.00,100 גרם,false,1,11.00,5.50,true,1,
7290105381200,false,"רוגע - שמן קיק 100 מ""ל",,,רוגע - שמן קיק 100,מיליליטרים,100.00,"100 מ""ל",false,1,29.90,29.90,true,1,
7290105430458,false,"פלמוליב - תחליב רחצה נטורלס שקדים 750 מ""ל",הנסיך- מפעל לייצור ט,,פלמוליב תחליב רחצה ש,מיליליטרים,750.00,"100 מ""ל",false,1,19.90,2.65,true,1,
7290105431516,false,מארז חטיף פריי תמרים ובוטנים ללא גלוטן ותוספת סוכר 125 גרם,טבעית מוצרים מן הטבע בעמ,,מארז חטיפי תמרים ובו,גרמים,110.00,100 גרם,false,1,19.80,18.00,true,1,
7290105431868,false,"פלמוליב ספא קוקוס גרגרים נוזלי 500 מ""ל",הנסיך- מפעל לייצור ט,,פלמוליב ספא קוקוס,מיליליטרים,500.00,"100 מ""ל",false,1,18.80,3.76,true,1,
7290105433961,false,"ליידי ספיד סטיק לסס פרש אסנס ספריי דובדבן, 150 מ""ל",קולגייט פלמוליב,,ליידי ספיד סטיק לסט,מיליליטרים,150.00,"100 מ""ל",false,1,15.90,10.60,true,1,
7290105433985,false,ליידי ספיד סטיק פרש אסנס פריחת הדובדבן סטיק 65 גר,ליידי ספיד סטיק Lady Speed Stick,,ליידי ספיד סטיק דאו,מיליליטרים,65.00,"100 מ""ל",false,1,20.90,32.15,true,1,
7290105434050,false,ספיד סטיק - דאודורנט סטיק לגבר XL ירוק רגיולר 85 גרם,קולגייט פלמוליב,,דאו ספיד סטיק ירוק ר,גרמים,85.00,100 גרם,false,1,20.90,24.59,true,1,
7290105434067,false,ספיד סטיק - דאודורנט סטיק לגבר XL אושן סרף 85 גרם,קולגייט פלמוליב,,דאו ספיד סטיק כחול א,גרמים,85.00,100 גרם,false,1,20.90,24.59,true,1,
7290105436382,false,חטיף פרי תמרים קשיו ללא תוספת סוכר וגלוטן 5 יח,טבעית מוצרים מן הטבע בעמ,,חטיף מארז פרי אנרגיה,גרמים,125.00,100 גרם,false,1,19.80,15.84,true,1,
7290105438546,false,קוקי נייר אפייה פרימיום 40 יח',ש. שסטוביץ בע`מ,,נייר אפי פרימיום קוק,Unknown,0.00,Unknown,false,1,9.90,9.90,true,1,
7290105439499,false,מאסטר שף מאסטר שף מיונז 480 גר כשלפ,רמיה סי.וי. הולנד,,מנה מאסטר שף מיונז 4,גרמים,481.00,100 גרם,false,1,11.90,2.47,true,1,
7290105439505,false,מאסטר שף קרם בטעם מיונז לייט 479 גר כשלפ,רמיה סי.וי. הולנד,,קרם בטעם מיונז,גרמים,479.00,100 גרם,false,1,13.50,2.82,true,1,
7290105439581,false,מנה מאסטר שף חרדל דיזיון צרפתי 370 גר,רמיה סי.וי.הולנד,,מנה מאסטר שף חרדל די,גרמים,370.00,100 גרם,false,1,11.90,3.22,true,1,
7290105473950,false,"חול מתגבש לחתולים 5ק""ג",דיפלומט מפיצים (1968) בעמ**,,יורוקיטי קופסה 5 קג,קילוגרמים,0.01,"ק""ג",false,1,34.90,3490.00,true,1,
7290105474063,false,לה קט מעדן מוס כבד 155ג,דיפלומט מפיצים {1968}בעמ,,לה קט מוס כבד 155 גר,גרמים,155.00,100 גרם,false,1,7.90,5.10,true,1,
7290105474124,false,"מזון לכלבים בונזו מזון כלבים בשר 12 ק""ג מחולק",דיפלומט מפיצים (1968) בעמ**,,"בונזו 12 ק""ג",קילוגרמים,0.01,"ק""ג",false,1,129.90,12990.00,true,1,
7290105474179,false,מארז מען לה קט פטה מולטיפק 100 גר 4 יח,דיפלומט מפיצים (1968) בעמ**,,מארז מען לה קט פטה מ,גרמים,400.00,100 גרם,false,1,16.90,4.23,true,1,
7290105500151,false,וודקה פינלנדיה רגיל 700,"אלטיה קורפ, הלסינקי,",,וודקה פינלנדיה 700 מ,מיליליטרים,700.00,"100 מ""ל",false,1,57.90,8.27,true,1,
7290105500236,false,וויסקי ג'ק דניאלס מס' 7 Brand No,ג'ק דניאלס Jack Daniel's,,וויסקי גק דניאלס 700,מיליליטרים,700.00,"100 מ""ל",false,1,109.90,15.70,true,1,
7290105500878,false,מרטיני וורמוט לבן 1 ליטר,מרטיני ורוסי,,מרטיני וורמוט לבן 1,Unknown,0.00,Unknown,false,1,57.90,57.90,true,1,
7290105500885,false,מרטיני וורמוט אדום 1 ליטר,מרטיני ורוסי,,מרטיני וורמוט אדום,Unknown,0.00,Unknown,false,1,57.90,57.90,true,1,
7290105500953,false,"וויסקי ג'ק דניאלס דבש 700 מ""ל",מ.אקרמן בעמ,,וויסקי גק דניאלס דבש,מיליליטרים,700.00,"100 מ""ל",false,1,109.90,15.70,true,1,
7290105501547,false,"מארז וודקה גריי גוס 700מ""ל פלוס כוס",בקרדי מרטיני,FR,מארז גריי גוס 700 פל,מיליליטרים,700.00,"100 מ""ל",false,1,109.90,15.70,true,1,
7290105550514,false,מפיון לבן MIRAGE,,,מפיון לבן MIRAGE,Unknown,0.00,Unknown,false,1,129.00,129.00,true,1,
7290105551108,false,פלטה להגשה CASA DECOR BLUE 22D,,,פלטה להגשה CASA DECO,Unknown,0.00,Unknown,false,1,87.00,87.00,true,1,
7290105554536,false,קערה שקופה 25 קקטוס,,,קערה שקופה 25 קקטוס,Unknown,0.00,Unknown,false,1,122.00,122.00,true,1,
7290105554895,false,קערת פסים על רגל 33,,,קערת פסים על רגל 33,Unknown,0.00,Unknown,false,1,198.00,198.00,true,1,
7290105554901,false,קערת פסים על רגל 27,,,קערת פסים על רגל 27,Unknown,0.00,Unknown,false,1,138.00,138.00,true,1,
7290105555496,false,שעוונית בד 1.60 מטר,,,שעוונית בד 1.50 מטר,Unknown,0.00,"ק""ג",true,0,8.40,8.40,true,1,
7290105557209,false,4 פלייסמנטים שעם פירות,,,4 פלייסמנטים שעם פיר,קילוגרמים,0.00,"ק""ג",false,1,148.00,148.00,true,1,
7290105557940,false,כוס שתיה 250,,,כוס שתיה 250,קילוגרמים,0.00,"ק""ג",false,1,6.90,6.90,true,1,
7290105559142,false,"קערית 12 ס""מ KITCHENBASIC",,,"קערית 12 ס""מ KITCHEN",קילוגרמים,0.00,"ק""ג",false,1,69.00,69.00,true,1,
7290105559159,false,"קערה 30 ס""מ KITCHENBASIC",,,"קערה 30 ס""מ KITCHENB",קילוגרמים,0.00,"ק""ג",false,1,115.00,115.00,true,1,
7290105559845,false,קערה על רגל 27,,,קערה על רגל 27,קילוגרמים,0.00,"ק""ג",false,1,175.00,175.00,true,1,
7290105559876,false,כף הנחהKITCHEN BASIC,,,כף הנחהKITCHEN BASIC,קילוגרמים,0.00,"ק""ג",false,1,69.00,69.00,true,1,
7290105559883,false,"קערית 12 ס""מKITCHEN BASIC",,,"קערית 12 ס""מKITCHEN",קילוגרמים,0.00,"ק""ג",false,1,64.00,64.00,true,1,
7290105559890,false,"קערית 16 ס""מKITCHEN BASIC",,,"קערית 16 ס""מKITCHEN",קילוגרמים,0.00,"ק""ג",false,1,96.00,96.00,true,1,
7290105559982,false,סט 6 כוסות אספרסו+תחתית במבוק,,,סט 6 כוסות אספרסו+תח,קילוגרמים,0.00,"ק""ג",false,1,179.00,179.00,true,1,
7290105691224,false,אסם חטיפי פריכונים טורטייה שום בצל 60 גרם,קבוצת אוסם סחר-שות.מוגבלת,,חטיפי פריכונים טורטי,גרמים,60.00,100 גרם,false,1,7.50,12.50,true,1,
7290105691248,false,אסם חטיפי פריכונים טורטייה תירס 60 גרם,קבוצת אוסם סחר שותפות מוגבלת,,חטיפי פריכונים טורטי,גרמים,60.00,100 גרם,false,1,7.50,12.50,true,1,
7290105691712,false,אסם עוגיות הפסקת קפה דגנים מלאים 230 גרם,קבוצת אוסם סחר שותפות מוגבלת,,עוגיות הפסקת קפה חיט,גרמים,200.00,100 גרם,false,1,12.50,6.25,true,1,
7290105691897,false,קוסקוס פלוס עם קמח חיטה מלא,קבוצת אוסם סחר שותפות מוגבלת,,קוסקוס חיטה מלאה 350,גרמים,350.00,100 גרם,false,1,11.40,3.26,true,1,
7290105691934,false,קמח שמרים אסם 1 קילו,קבוצת אוסם סחר שותפות מוגבלת,,"קמח שמרים 1 ק""ג",גרמים,1000.00,100 גרם,false,1,9.90,0.99,true,1,
7290105693341,false,מארז עשיריית במבה אסם 25*10 גרם,קבוצת אוסם סחר שותפות מוגבלת,,מארז במבה 25 גרם 10,גרמים,250.00,100 גרם,false,1,14.90,5.96,true,1,
7290105693952,false,פירורית זהב אסם זהב שומשום 200 ג',קבוצת אוסם סחר שותפות מוגבלת,,פירורית זהב שומשום 2,גרמים,200.00,100 גרם,false,1,6.40,3.20,true,1,
7290105694614,false,פסטה אוסם ספגטי מהיר הכנה 500 גרם,קבוצת אוסם סחר שותפות מוגבלת,,ספגטי מהיר הכנה 500,גרמים,500.00,100 גרם,false,1,7.90,1.58,true,1,
7290105695024,false,פתיתים אפויים אורז עם אטריות אסם 500 גרם,קבוצת אוסם סחר שותפות מוגבלת,,פתיתים אפויים אורז ע,גרמים,500.00,100 גרם,false,1,6.90,1.38,true,1,
7290105695321,false,עוגת הבית בראוניז פאדג' אסם 380 גרם,קבוצת אוסם סחר שותפות מוגבלת,,עוגת בראוניס פרג 380,גרמים,380.00,100 גרם,false,1,18.80,4.95,true,1,
7290105856494,false,שמפו צמחי לבנדר במיו,,,שמפו צמחי לבנדר במיו,Unknown,0.00,Unknown,false,1,28.90,28.90,true,1,
7290105856517,false,סבון רחצה צמחי תה יר,,,סבון רחצה צמחי תה יר,Unknown,0.00,Unknown,false,1,28.90,28.90,true,1,
7290105858030,false,סבון צמחי קלנדולה הדס,,,סבון צמחי קלנדולה הד,מיליליטרים,500.00,"100 מ""ל",false,1,28.90,5.78,true,1,
7290105858047,false,סבון רחצה צמחי אפרסק,,,סבון רחצה צמחי אפרסק,מיליליטרים,500.00,"100 מ""ל",false,1,24.90,4.98,true,1,
7290105962331,false,סחוג תימני אדום חריף מאוד זהבי הכרם 220 גרם,שטראוס גרופ בעמ/מצונן,,זחוק אדום תימני מקור,גרמים,220.00,100 גרם,false,1,14.20,6.45,true,1,
7290105964564,false,חומוס אחלה 400 גרם. שטראוס,שטראוס גרופ בעמ/מצונן,,חומוס אחלה 400 גר,גרמים,400.00,100 גרם,false,1,9.40,2.35,true,1,
7290105965738,false,יוגורט לשתיה בטעם תות בננה267 ג' דנונה,שטראוס גרופ בעמ/מצונן,,משקה בוקר תות בננה 2,מיליליטרים,267.00,"100 מ""ל",false,1,5.00,1.87,true,1,
7290105966469,false,חומץ בלסמי ממודנה יד מרדכי (250 מל),אצטייה ג'וזפה קרמוני,,חומץ בלסמי יד מרדכי,מיליליטרים,250.00,"100 מ""ל",false,1,14.70,5.88,true,1,
7290105968098,false,"סלט קולסלאו 500 גרם ""אחלה""",שטראוס גרופ בעמ/מצונן,,קולסלאו 500 גר,גרמים,500.00,100 גרם,false,1,15.90,3.18,true,1,
7290105968654,false,רביולי עם בטטה פרווה שטראוס (400 גרם),שטראוס גרופ בעמ/מצונן,,רביולי בטטה פרווה,גרמים,400.00,100 גרם,false,1,19.90,4.98,true,1,
7290105968777,false,פריכיות 5 דגנים עם תחתית שוקולד מריר 70 גרם,"טחנת האבן תעשיות בע""",,פריכיות אנרגי תחתית,גרמים,70.00,100 גרם,false,1,7.90,11.29,true,1,
7290106506961,false,תחב.רדיאנט וליו פק לונג פלוס אולוויז 20,פרוקטר אנד גמבל,,תחב.רדיאנט וליו פק ל,Unknown,0.00,Unknown,false,1,37.90,37.90,true,1,
7290106506978,false,תחבושות רדיאנט וליו פק לילה אולוויז 16 י,דיפלומט,,תחבושות רדיאנט וליו,Unknown,0.00,Unknown,false,1,37.90,37.90,true,1,
7290106520066,false,"רבע לשבע שוקולד חלב במילוי אגוזים עלית 160 גרם בד""צ","הגביע מוצרי וופלים בע""\מ",,אצבעות וופל רבע לשבע,גרמים,160.00,100 גרם,false,1,10.90,6.81,true,1,
7290106520288,false,יוגורט פרו חלבון עם תות 2.4% שומן 150 ג' דנונה,שטראוס גרופ בעמ/מצונן,,דנונה WOW תות 2.4% ש,גרמים,150.00,100 גרם,false,1,4.90,3.27,true,1,
7290106520905,false,סלט טורקי אחלה (400 גרם),שטראוס גרופ בעמ/מצונן,,סלט טורקי 400 גר,גרמים,400.00,100 גרם,false,1,18.30,4.58,true,1,
7290106520912,false,שמנת לבישול 9% שומן 258גר מהדרין יטבתה,שטראוס גרופ בעמ/מצונן,,שמנת לבישול 9% 250 מ,מיליליטרים,250.00,"100 מ""ל",false,1,8.40,3.36,true,1,
7290106521926,false,קפה טורקי בצלופן עלית 150 גרם,שטראוס קפה בי.ויn\.,,טורקי עלית 150 גרם ש,גרמים,150.00,100 גרם,false,1,12.90,8.60,true,1,
7290106524439,false,חטיף פופס תפוצ`יפס (60 גרם),"שטראוס פריטו ליי בע""\מ )",,תפוציפס פופס 60 גרם,גרמים,60.00,100 גרם,false,1,4.00,6.67,true,1,
7290106525320,false,אבקת שוקולית לאפייה קופסא 500ג' עלית,הנסיך- מפעל לייצור ט,,שוקולית לאפייה 500 ג,גרמים,500.00,100 גרם,false,1,15.60,3.12,true,1,
7290106525368,false,גלילי וופל רבע לשבע אין סייד אוט 125 גר,"הגביע מוצרי וופלים בע""\מ",IL,גלילי וופל רבע לשבע,גרמים,125.00,100 גרם,false,1,10.90,8.72,true,1,
7290106525399,false,קפסולות 06 ברזיל למכונות נספרסו עלית 10יח',הנסיך- מפעל לייצור ט,,קפסולות ברזיל 06 למכ,גרמים,50.00,100 גרם,false,1,16.50,33.00,true,1,
7290106525405,false,קפסולות קפה עלית נטול קפאין אספרסו) (10,שטראוס קפה בי.וי.,,קפסולות נטול למכונו,Unknown,0.00,Unknown,false,1,16.50,16.50,true,1,
7290106526822,false,פריכיות אורז חום מלא תחתית שוקולד חלב 80 גרם,"טחנת האבן תעשיות בע""",,פריכיות אנרגי תחתית,גרמים,80.00,100 גרם,false,1,7.90,9.88,true,1,
7290106528567,false,חטיף תירס גריל דוריטוס (185 גרם),"שטראוס פריטו ליי בע""\מ )",,חטיף דוריטוס גריל 18,גרמים,185.00,100 גרם,false,1,7.40,4.00,true,1,
7290106528628,false,חטיף תירס בטעם טבעי דוריטוס (185 גרם),"שטראוס פריטו ליי בע""\מ )",,Dippas חטיף דוריטוס,גרמים,185.00,100 גרם,false,1,7.40,4.00,true,1,
7290106528949,false,סלט ערוגות שטראוס 450 גר`-טעם הטבע,ביכורי השדה הצפון בעמ` 1964,,לקט ערוגות,Unknown,0.00,Unknown,false,1,12.90,12.90,true,1,
7290106571921,false,פיטנס עוגיות עם חמוציות נסטלה (180 גרם),קבוצת אוסם סחר שותפות מוגבלת,,עוגיות חמוציות 180 ג,גרמים,180.00,100 גרם,false,1,13.50,7.50,true,1,
7290106572027,false,קרקר לחמית חמישה דגנים אסם (190 גרם),קבוצת אוסם סחר-שות.מוגבלת,,לחמית חמישה דגנים 19,גרמים,190.00,100 גרם,false,1,10.40,5.47,true,1,
7290106572065,false,חטיפי טורטיה בטעם חמוץ מתוק אסם (60 גרם),קבוצת אוסם סחר שותפות מוגבלת,,חטיפי פריכונים טורטי,גרמים,60.00,100 גרם,false,1,7.50,12.50,true,1,
7290106573024,false,סירופ דיאט אננס 1 ליטר עסיס,קבוצת אוסם סחר שותפות מוגבלת,,סירופ דיאט אננס 1 לי,מיליליטרים,1000.00,"100 מ""ל",false,1,20.90,2.09,true,1,
7290106573314,false,אוסם - קריספי טאפאס כפרי 150 גרם,קבוצת אוסם סחר שותפות מוגבלת,,קריספי טאפאס פיזורים,גרמים,150.00,100 גרם,false,1,15.60,10.40,true,1,
7290106573598,false,חומוס לבנוני צבר (400 גרם),קבוצת אוסם סחר שותפות מוגבלת,,חומוס לבנוני 400 גרם,גרמים,400.00,100 גרם,false,1,11.90,2.98,true,1,
7290106573628,false,חומוס עם טחינה צבר (400 גרם),קבוצת אוסם סחר שותפות מוגבלת,,חומוס עם טחינה 400 ג,גרמים,400.00,100 גרם,false,1,11.90,2.98,true,1,
7290106574953,false,בייגלה שטוחים כעכים שטוחים עם שומשום,קבוצת אוסם סחר שותפות מוגבלת,,בייגלה שטוחים שומשום,גרמים,300.00,100 גרם,false,1,10.90,3.63,true,1,
7290106574977,false,בייגלה שטוחים טבעות עם מלח אסם (300 גרם),קבוצת אוסם סחר שותפות מוגבלת,,בייגלה שטוחים עם מלח,גרמים,300.00,100 גרם,false,1,10.90,3.63,true,1,
7290106575011,false,פתיתים אפויים קוסקוס מחיטה מלאה אסם 400 גרם,קבוצת אוסם סחר שותפות מוגבלת,,פתיתים אפויים קוסקוס,גרמים,400.00,100 גרם,false,1,6.90,1.73,true,1,
7290106575332,false,פתיתים אפויים פלוס בורגול 400 ג' אסם,קבוצת אוסם סחר שותפות מוגבלת,,פתיתים אפויים פלוס ב,גרמים,400.00,100 גרם,false,1,6.90,1.73,true,1,
7290106576513,false,סלט רק חומוס צבר 400 גרם,קבוצת אוסם סחר שותפות מוגבלת,,חומוס חלק 400 גרם,גרמים,400.00,100 גרם,false,1,9.90,2.48,true,1,
7290106576537,false,חומוס מסעדה צבר (700 גרם),קבוצת אוסם סחר שותפות מוגבלת,,חומוס מסעדה צבר 700,גרמים,700.00,100 גרם,false,1,10.90,1.56,true,1,
7290106576834,false,גלידה לה קרמריה פונטש בננה1.4 ל' נסטלה,נגה גלידות שותפות מוגבלת,,לה קרמריה פונטש בננה,ליטרים,0.00,ליטר,false,1,18.90,18.90,true,1,
7290106576919,false,"לה קרמריה סורבה תות לימו 1.4 ליטר כשל""פ",נגה גלידות שותפות מוגבלת,,לה קרמריה סורבה תות,ליטרים,0.00,ליטר,false,1,18.90,18.90,true,1,
7290106576957,false,"לה קרמריה גלידת שוקו וניל פליק פרווה כשל""פ 1.4",נגה גלידות שותפות מוגבלת,,לה קרמריה שוקו וניל,ליטרים,0.00,ליטר,false,1,18.90,18.90,true,1,
7290106576995,false,גלידה סורבה לה קרמריה תות מנגו לייט 1.4 ל' נסטלה,נגה גלידות שותפות מוגבלת,,לה קרמריה סורבה לייט,ליטרים,0.00,ליטר,false,1,18.90,18.90,true,1,
7290106577039,false,גלידה לה קרמריה שוקו וניל פליק 1.4 ל' נסטלה,נגה גלידות שותפות מוגבלת,,לה קרמריה וניל שוקו,ליטרים,0.00,ליטר,false,1,18.90,18.90,true,1,
7290106577282,false,טחינה אמיתית מרובע 400 ג' צבר,קבוצת אוסם סחר-שות.מוגבלת,,טחינה 400 גרם,גרמים,400.00,100 גרם,false,1,12.90,3.23,true,1,
7290106577527,false,סלט קולסלאו כרוב לבן וגזר 400 ג' צבר,קבוצת אוסם סחר-שות.מוגבלת,,סלט קולסלו 400 גר,גרמים,400.00,100 גרם,false,1,12.90,3.23,true,1,
7290106577541,false,צבר כרוב אדום מרובע 400גרם,קבוצת אוסם סחר-שות.מוגבלת,,סלט כרוב אדום 400 גר,גרמים,400.00,100 גרם,false,1,12.90,3.23,true,1,
7290106577572,false,מטבוחה אמיתית מרובע 400 ג' צבר,קבוצת אוסם סחר-שות.מוגבלת,,סלט מטבוחה 400 גר,גרמים,400.00,100 גרם,false,1,12.90,3.23,true,1,
7290106578692,false,ביסלי במבה מיקס מהדורת אליפות אסם 80 גרם,קבוצת אוסם סחר שותפות מוגבלת,,ביסלי במבה גריל מיקס,גרמים,80.00,100 גרם,false,1,4.30,5.38,true,1,
7290106578821,false,הבית עוגת שמרים קלאסית בטעם שוקולד 350גר.,קבוצת אוסם סחר שותפות מוגבלת,,עוגת הבית שמרים שוקו,גרמים,350.00,100 גרם,false,1,18.80,5.37,true,1,
7290106652996,false,כיף כף מקלות קוקוס חלבי 40 גר',סולן בעבור שטראוס,,כיף כף מקלות קוקוס 4,Unknown,0.00,Unknown,false,1,4.80,4.80,true,1,
7290106653504,false,סבבה בוטנים אמריקאים ברביקיו 50 גרם,שטראוס פריטו ליי בע`מ,,סבבה בוטנים אמריקאים,גרמים,50.00,100 גרם,false,1,3.10,6.20,true,1,
7290106653689,false,לקט לסלט אסייתי 350 גר`-טעם הטבע,ביכורי השדה הצפון בעמ` 1964,,לקט לסלט אסייתי 350,גרמים,350.00,100 גרם,false,1,11.90,3.40,true,1,
7290106654099,false,מילקי CAKE עוגות אישיות במילוי קרם חלב,בובארד איטליה אס.פי.איי,,מארז שמיניית מילקי 2,גרמים,272.00,100 גרם,false,1,20.00,7.35,true,1,
7290106656734,false,"עוגיות חיוכים וניל עלית 600 גרם בד""צ",אפיפית נצרת תעשיות ב,,חיוכים וניל 600 גרם,גרמים,600.00,100 גרם,false,1,20.90,3.48,true,1,
7290106662025,false,תפוציפס טבעי מלח ופלפל 50 גרם,שטראוס פריטו ליי בע`מ,,תפוציפס טבעי מלח ופל,גרמים,50.00,100 גרם,false,1,4.00,8.00,true,1,
7290106663091,false,"לאבנה 9 % עם שמן זית 500 גר' ""שטראוס""",שטראוס גרופ בעמ/מצונן,,לאבנה 9% 500 גר,גרמים,500.00,100 גרם,false,1,20.90,4.18,true,1,
7290106663558,false,"רוטב טריאקי ורימון יד מרדכי 280מ""ל",אף.סי תבליני בגליל ב,IL,רוטב טריאקי רימון 28,גרמים,320.00,100 גרם,false,1,14.60,4.56,true,1,
7290106664067,false,לאבנה עם שמן זית וזעתר 10% שטראוס 400 ג',שטראוס גרופ בעמ/מצונן,,לאבנה עם שמן זית וזע,גרמים,400.00,100 גרם,false,1,16.70,4.18,true,1,
7290106664555,false,"רוטב שמנת עם עגבניות 9% שומן 250 מ""ל יוטבתה",שטראוס גרופ בעמ/מצונן,,יטבתה רוטב שמנת עם ע,גרמים,250.00,100 גרם,false,1,10.90,4.36,true,1,
7290106664562,false,רוטב שמנת עם פטריות 9% שומן 258 ג' יוטבתה,שטראוס גרופ בעמ/מצונן,IL,יטבתה רוטב שמנת עם פ,גרמים,250.00,100 גרם,false,1,10.90,4.36,true,1,
7290106667266,false,חטיף תירס חמוץ חריף דוריטוס (185 גרם),"שטראוס פריטו ליי בע""\מ )",,חטיף דוריטוס חמוץ חר,גרמים,185.00,100 גרם,false,1,7.40,4.00,true,1,
7290106668577,false,"מיץ לימון טבעי 250 מ""ל ""יד מרדכי""",האי נאם סי או אל.טי.,,"מיץ לימון 250 מ""ל יד",מיליליטרים,250.00,"100 מ""ל",false,1,7.80,3.12,true,1,
7290106668713,false,יוגורט עם פירות יער 3% שומן 150 ג' דנונה,שטראוס גרופ בעמ/מצונן,,דנונה פירות יער 3% 1,גרמים,150.00,100 גרם,false,1,4.30,2.87,true,1,
7290106669857,false,קפסולות אספרסו בטעם וניל עלית 10 יחידות,הנסיך- מפעל לייצור ט,,קפסולות אספרסו בטעם,גרמים,50.00,100 גרם,false,1,16.50,33.00,true,1,
7290106720626,false,חטיף תירס בטעם גבינה צ`יטוס (80 גרם),"שטראוס פריטו ליי בע""\מ )",,ציטוס בטעם גבינה 80,גרמים,80.00,100 גרם,false,1,4.50,5.63,true,1,
7290106721913,false,מסטיק מאסט MUST ללא סוכר בטעם מנטה מרעננת,שטראוס גרופ בע`מ,,צנצנת מסטיקים ריח פה,Unknown,0.00,Unknown,false,1,9.90,9.90,true,1,
7290106721920,false,צנצנת מסטיק מאסט בטעם ספירמינט עדין 66 ג' עלית,"שטראוס גרופ בע""\מ.",,צנצנת מסטיקים ספירמי,Unknown,0.00,Unknown,false,1,9.90,9.90,true,1,
7290106723689,false,עלי תרד בייבי 200 גר`שטראוס טעם הטבע,ביכורי השדה הצפון בעמ` 1964,,תרד בייבי 200 גר,גרמים,200.00,100 גרם,false,1,10.90,5.45,true,1,
7290106724488,false,דנונה טבעי פרוביוטי 1.7% טבעי 150ג',"שטראוס גרופ ***בע""מ",,דנונה טבעי 1.7% 150,גרמים,150.00,100 גרם,false,1,2.30,1.53,true,1,
7290106725867,false,סירופ מייפל טהור ללס יד מרדכי 189 גר,"שטראוס גרופ בע""מ",,סירופ מייפל טבעי יד,מיליליטרים,189.00,"100 מ""ל",false,1,40.90,21.64,true,1,
7290106725874,false,"סירופ מייפל טבעי 236 מ""ל ""יד מרדכי""","שטראוס גרופ בע""מ",,סירופ מייפל טבעי 236,מיליליטרים,236.00,"100 מ""ל",false,1,46.90,19.87,true,1,
7290106725966,false,מטבעות שוקולד חלבי עלית מגדים 42 גרם,STRAUSS-ISRAEL,IL,מטבעות שוקולד חלבי ע,גרמים,42.00,100 גרם,false,1,4.90,11.67,true,1,
7290106726178,false,יוגורט PRO עם פירות יער 2.4% 10 גרם חלבון בגביע,שטראוס גרופ בעמ/מצונן,,דנונה פרו פירות יער,גרמים,150.00,100 גרם,false,1,4.90,3.27,true,1,
7290106727984,false,"כיף כף פצפצים בגביע 135 גרם ""עלית""",שולן צ'\יקולטה גידה סאן.,,כיף כף גביע פצפצים 1,גרמים,135.00,100 גרם,false,1,11.80,8.74,true,1,
7290106729650,false,יוגורט עם תות מאגדת 8 יח' * 150ג' דנונה,שטראוס גרופ בעמ/מצונן,,מארז שמיניית דנונה,גרמים,1200.00,100 גרם,false,1,28.50,2.38,true,1,
7290106774094,false,פייטה שבבי ופל מקורמ,"אלמונדס בע""מ",IL,פייטה 90 גרם,גרמים,90.00,100 גרם,false,1,19.90,22.11,true,1,
7290106774131,false,שבבי שוקולד חלב 110 גרם,"אלמונדס בע""מ",IL,שבבי שוקולד חלב 110,גרמים,110.00,100 גרם,false,1,19.90,18.09,true,1,
7290106774162,false,שוקולד זברה אלמנדוס,"אלמונדס בע""מ",IL,שוקולד זברה 90 גרם,גרמים,90.00,100 גרם,false,1,22.90,25.44,true,1,
7290106774209,false,פניני קראנץ מריר 140 גרם,"אלמונדס בע""מ",,פניני קראנץ מריר 140,גרמים,140.00,100 גרם,false,1,24.90,17.79,true,1,
7290106774247,false,סוכר גבישי אלמנדוס 2,"אלמונדס בע""מ",IL,סוכר גבישי 230 גרם,גרמים,230.00,100 גרם,false,1,19.90,8.65,true,1,
7290106774285,false,שוקולד מריר 60% 500 גרם,"אלמונדס בע""מ",IL,שוקולד מריר 60% 500,גרמים,500.00,100 גרם,false,1,39.90,7.98,true,1,
7290106774292,false,שוקולד מריר 70% קקאו500ג,"אלמונדס בע""מ",IL,שוקולד מריר 70% 500,גרמים,500.00,100 גרם,false,1,44.90,8.98,true,1,
7290107280020,false,שלישיית מטליות לחות לניקוי כללי סנו סושי 50 יחידות,החברה הדרומית לשיווק בעמ,,סנו סושי מטליות לחות,Unknown,0.00,Unknown,false,1,16.90,16.90,true,1,
7290107280068,false,סנו סושי תבנית אלומיניום ענק א.לארג 2 יח,החברה הדרומית לשיווק בעמ,,זוג תבניות אלומיניום,Unknown,0.00,Unknown,false,1,11.40,11.40,true,1,
7290107280082,false,מארז 7 תבניות אלומיניום מוארכות לאפייה אינגליש קייק,החברה הדרומית לשיווק בעמ,,תבניות אלומיניום מוא,Unknown,0.00,Unknown,false,1,11.40,11.40,true,1,
7290107280099,false,שלישיית מגובנים נשטפים באסלה סופט סוד 48 יחידות,החברה הדרומית לשיווק בעמ,,שלישיית מגבונים לחים,Unknown,0.00,Unknown,false,1,15.90,15.90,true,1,
7290107280105,false,מגבוני אף רכים במיוחד סנו סופט 120 יח,החברה הדרומית לשיווק בעמ,,מגבוני אף רכים במיוח,Unknown,0.00,Unknown,false,1,7.90,7.90,true,1,
7290107280129,false,סנו סושי 20 שקיות אשפה חזקות גדולות XXL,החברה הדרומית לשיווק בעמ,,סנו סושי 20 שקיות אש,Unknown,0.00,Unknown,false,1,23.90,23.90,true,1,
7290107280273,false,"קרמה קרם ידיים לעור יבש במיוחד 100 מ""ל",קוסמופארם,,קרמה קרם ידיים לעור,מיליליטרים,10.00,"100 מ""ל",false,1,9.90,99.00,true,1,
7290107280341,false,ריצפז מטליות לחות לניקוי הרצפה בניחוח מלון מפנק,החברה הדרומית לשיווק בעמ,IL,מט.לחות לרצפה סנו רצ,Unknown,0.00,Unknown,false,1,10.90,10.90,true,1,
7290107280389,false,"סנו - ג'ט מרסס לניקוי בחדר האמבטיה 750 מ""ל",החברה הדרומית לשיווק בעמ,,"סנו גט לאמבט 750 מ""ל",מיליליטרים,750.00,"100 מ""ל",false,1,13.90,1.85,true,1,
7290107280396,false,"סנו - ג'ט מרסס לניקוי יסודי במטבח 750 מ""ל",החברה הדרומית לשיווק בעמ,,"סנו גט למטבח 750 מ""ל",מיליליטרים,750.00,"100 מ""ל",false,1,13.90,1.85,true,1,
7290107280549,false,"סנו - K400 קוטל זבובים ויתושים 300 מ""ל",החברה הדרומית לשיווק בעמ,,K-400 קוטל חרקים 300,מיליליטרים,300.00,"100 מ""ל",false,1,13.90,4.63,true,1,
7290107280570,false,סנו - מקסימה ג'ל כביסה מרוכז לכביסה צבעונית 3 ליטר,החברה הדרומית לשיווק בעמ,,סנו מקסימה גל כביסה,ליטרים,0.00,ליטר,false,1,29.60,29.60,true,1,
7290107280587,false,שלישיית סנובון מוצק דאבל אקשן פריחה ורודה 55 גרם,החברה הדרומית לשיווק בעמ,,סנובון מוצק דבל אקשן,גרמים,165.00,100 גרם,false,1,14.90,9.03,true,1,
7290107280594,false,שלישיית סנובון מוצק דאבל אקשן לבנדר 55 גרם,סנו מפעלי ברונוס בעמ,,סנובון מוצק דבל אקשן,גרמים,165.00,100 גרם,false,1,14.90,9.03,true,1,
7290107280655,false,אבקת כביסה Baby לתינוקות ולעור רגיש,החברה הדרומית לשיווק בעמ,,אבקת כביסה סנו מקסימ,קילוגרמים,0.00,"ק""ג",false,1,40.90,40.90,true,1,
7290107280709,false,ספארק נוזל הברקה למדיח סנו (700 מל),החברה הדרומית לשיווק בעמ,,נוזל הברקה למדיח סנו,מיליליטרים,900.00,"100 מ""ל",false,1,16.70,1.86,true,1,
7290107280716,false,מלח למדיח להגנה מפני אבנית סנו ספארק Spark,החברה הדרומית לשיווק בעמ,,מלח למדיח סנו ספארק,קילוגרמים,0.00,"ק""ג",false,1,14.60,14.60,true,1,
7290107280723,false,נוזל לניקוי כלים סנו ספארק Spark בניחוח לימון רענן,החברה הדרומית לשיווק בעמ,,נוזל כלים סנו ספארק,מיליליטרים,700.00,"100 מ""ל",false,1,10.40,1.49,true,1,
7290107280730,false,נוזל לניקוי כלים סנו ספארק Spark בניחוח לבנדר,החברה הדרומית לשיווק בעמ,,נוזל כלים סנו ספארק,מיליליטרים,700.00,"100 מ""ל",false,1,10.40,1.49,true,1,
7290107280747,false,נוזל לניקוי כלים סנו ספארק Spark קלאסי,החברה הדרומית לשיווק בעמ,,נוזל כלים סנו ספארק,מיליליטרים,700.00,"100 מ""ל",false,1,10.40,1.49,true,1,
7290107280754,false,נוזל כלים סנו ספארק Spark היפואלרגני פריחת השקד,החברה הדרומית לשיווק בעמ,,נוזל כלים סנו ספארק,מיליליטרים,700.00,"100 מ""ל",false,1,10.40,1.49,true,1,
7290107280761,false,נוזל לניקוי כלים בניחוח לימון רענן סנו ספארק Spark,החברה הדרומית לשיווק בעמ,,ספארק נוזל כלים בניח,מיליליטרים,1000.00,"100 מ""ל",false,1,14.60,1.46,true,1,
7290107645584,false,אבקת מרק עוף אמיתי רכיבים טבעיים 400 גרם - רבנות,יוניליוור ישראל שיווק בע`מ,,מרק עוף אמיתי רכיבים,גרמים,400.00,100 גרם,false,1,19.90,4.98,true,1,
7290107645591,false,אבקת מרק בטעם עוף 100% רכיבים טבעיים 400 גרם,יוניליוור ישראל שיווק בע`מ,,מרק טעם עוף קנור רכי,גרמים,400.00,100 גרם,false,1,19.80,4.95,true,1,
7290107646062,false,אבקת מרק בצל רכיבים טבעיים קנור 400 ג',יוניליוור ישראל שיווק בע`מ,,קנור מרק בצל רכיבים,גרמים,400.00,100 גרם,false,1,24.90,6.23,true,1,
7290107646147,false,"חטיף שוגי קורנפלקס תלמה 156 גרם מארז 6 יחידות בד""צ",יוניליוור ישראל שיווק בע`מ,,מאגדת שוגי קורנפלקס,גרמים,156.00,100 גרם,false,1,12.90,8.27,true,1,
7290107646154,false,"חטיף קוקומן פצפוצים תלמה 126 גרם מארז 6 יחידות בד""צ","יוניליוור ישראל שיווק בע""מ",,מאגדת קוקומן פצפוצים,גרמים,126.00,100 גרם,false,1,12.90,10.24,true,1,
7290107646826,false,"חטיף שוגי שוקו תלמה 156 גרם מארז 6 יחידות בד""צ","יוניליוור ישראל שיווק בע""מ",,מאגדת פתיתי תירס שוק,גרמים,156.00,100 גרם,false,1,12.90,8.27,true,1,
7290107646895,false,קנור - רוטב פסטה נפוליטנה 415 גרם חתם סופר,יוניליוור ישראל שיווק בע`מ,,קנור רוטב נפוליטנה 4,גרמים,415.00,100 גרם,false,1,12.90,3.11,true,1,
7290107646918,false,רוטב עגבניות ופלפלים לשקשוקה 415 ג' קנור,יוניליוור ישראל שיווק בע`מ,,קנור רוטב שקשוקה 415,גרמים,415.00,100 גרם,false,1,12.90,3.11,true,1,
7290107646963,false,מיונז מתובל עם פלפל צ`ילי 250 גרם,יוניליוור ישראל שיווק בע`מ,,ממרח ספייסי מיו תלמה,גרמים,250.00,100 גרם,false,1,9.50,3.80,true,1,
7290107647359,false,דומסטוס סבון אסלה 5 הפועלות בניחות אוקיינוס 3 יח' * 55 ג',יוניליוור ישראל שיווק בע`מ,,ס.לאסלה דומסטוס בניח,מיליליטרים,165.00,"100 מ""ל",false,1,23.50,14.24,true,1,
7290107647366,false,דומסטוס סבון אסלה 5 הפועלות בניחות ליים 3 יח' * 55 ג',"יוניליוור ישראל שיווק בע""מ",,ס.לאסלה דומסטוס בניח,מיליליטרים,165.00,"100 מ""ל",false,1,23.50,14.24,true,1,
7290107647731,false,קוקומן חום לבן 20% פחות סוכר 375 גרם ב,יוניליוור ישראל שיווק בע`מ,,קוקומן חום לבן 20% פ,גרמים,375.00,100 גרם,false,1,19.90,5.31,true,1,
7290107647816,false,"ברנפלקס ללא תוספת סוכר תלמה בד""ץ 500 גרם","יוניליוור ישראל שיווק בע""מ",,דגני ברנפלקס ללא תוס,גרמים,500.00,100 גרם,false,1,23.90,4.78,true,1,
7290107647854,false,"שוגי מופחת סוכר תלמה 500 ג' בד""צ",יוניליוור ישראל שיווק בע`מ,,שוגי 20% פחות סוכר 5,גרמים,500.00,100 גרם,false,1,24.90,4.98,true,1,
7290107648943,false,"ברנפלקס קרנצ'ים מייפל תלמה 375 גרם בד""צ","יוניליוור ישראלשיווק בע""מ",,דגנים בטעם מייפל ללת,גרמים,375.00,100 גרם,false,1,20.90,5.57,true,1,
7290107648974,false,קנור רוטב לפסטה עגבניות עם בזיליקום,יוניליוור ישראל שיווק בע`מ,,קנור רוטב עם בזיליקו,גרמים,415.00,100 גרם,false,1,12.90,3.11,true,1,
7290107649100,false,בייגלה טבעות שומשום 300 גרם.,"יוניליוור ישראל שיווק בע""מ",,בייגלה טבעות 300 גרם,גרמים,300.00,100 גרם,false,1,13.50,4.50,true,1,
7290107871297,false,אוסם - מיני פריכונים עשבי תיבול 25 גרם,קבוצת אוסם סחר שותפות מוגבלת,,פריכונים מיני עשבי ת,גרמים,25.00,100 גרם,false,1,4.90,19.60,true,1,
7290107871990,false,פסטה צינורות מהדרין אסם (500 גרם),קבוצת אוסם סחר שותפות מוגבלת,,פסטה צינורות 500 גר,גרמים,500.00,100 גרם,false,1,5.90,1.18,true,1,
7290107874427,false,מיני פריכונים בטעם זעתר אסם (25 גרם),קבוצת אוסם סחר שותפות מוגבלת,,פריכונים מיני זעתר 2,גרמים,25.00,100 גרם,false,1,4.90,19.60,true,1,
7290107874441,false,פריכונים מיני בצל מקורמל אסם (25 גרם),קבוצת אוסם סחר שותפות מוגבלת,,פריכונים מיני בצל מק,גרמים,25.00,100 גרם,false,1,4.90,19.60,true,1,
7290107874502,false,ביסלי גריל קדמ. מארז אחיד 10 4*55 גרם,קבוצת אוסם סחר שותפות מוגבלת,,ביסלי גריל קדמ. מארז,גרמים,200.00,100 גרם,false,1,13.50,6.75,true,1,
7290107875271,false,ביסלי ברביקיו קדמ. מארז אחיד10 4*55 גרם,קבוצת אוסם סחר שותפות מוגבלת,,ביסלי ברביקיו קדמ. מ,גרמים,200.00,100 גרם,false,1,13.50,6.75,true,1,
7290107877619,false,מארז במבה במילוי קרם נוגט 5*30ג' אסם,קבוצת אוסם סחר שותפות מוגבלת,,במבה במילוי קרם נוגט,גרמים,150.00,100 גרם,false,1,15.20,10.13,true,1,
7290107879132,false,פריכיות פיטנס מיני פריכיות שוקולד חלב 22 ג',קבוצת אוסם סחר שותפות מוגבלת,,פיטנס מיני פריכיות ש,גרמים,22.00,100 גרם,false,1,5.50,25.00,true,1,
7290107879521,false,קרחון לה פרוטה שרבט תות מאגדת 5יח',נגה גלידות שותפות מוגבלת,,מאגדת לה פרוטה תות 5,Unknown,0.00,Unknown,false,1,27.50,27.50,true,1,
7290107879569,false,קרחון לה פרוטה שרבט מנגו מאגדת 5יח',נגה גלידות שותפות מוגבלת,,מאגדת לה פרוטה מנגו,Unknown,0.00,Unknown,false,1,27.50,27.50,true,1,
7290107930321,false,קונפיטורת דובדבן יד מרדכי (340 גרם),"שטראוס גרופ בע""מ",,קונפיטורת יד מרדכי ד,גרמים,340.00,100 גרם,false,1,15.60,4.59,true,1,
7290107932080,false,חלב 3% מועשר בבקבוק יטבתה (1 ליטר),שטראוס גרופ בעמ/מצונן,,חלב מועשר יוטבתה בבק,מיליליטרים,1000.00,"100 מ""ל",false,1,7.70,0.77,true,1,
7290107932134,false,חלב מועשר 1% בבקבוק יטבתה (1 ליטר),שטראוס גרופ בעמ/מצונן,,חלב מועשר יוטבתה בבק,מיליליטרים,1000.00,"100 מ""ל",false,1,7.70,0.77,true,1,
7290107933155,false,לקט סלנובה 200 גר ירקות שטראוס טעם הטבע,שטראוס בריאות ירקות טריי,,לקט סלנובה 200 גר,גרמים,200.00,100 גרם,false,1,13.90,6.95,true,1,
7290107934473,false,שמינייה יוגורט לבן אקטיביה 1.5% דנונה 150 גרם,שטראוס גרופ בעמ/מצונן,,מארז מיוחד אקטיביה,גרמים,1200.00,100 גרם,false,1,19.90,1.66,true,1,
7290107936309,false,דנונה יוגורט 7% יווני לבן 130 ג',שטראוס גרופ בעמ/מצונן,,דנונה יווני לבן 5.8%,גרמים,120.00,100 גרם,false,1,3.50,2.92,true,1,
7290107936460,false,מארז 8 יח' דנכול משקה יוגורט בטעם מעודן,שטראוס גרופ בעמ/מצונן,,מארז 8 יח דנכול בטעם,גרמים,800.00,100 גרם,false,1,29.60,3.70,true,1,
7290107936958,false,עד חצות ביסקוויט אצבעות שוקולד 125 גרם,ביסקוויטס טור ד'\אלבון,IL,אצבעות עד חצות עם ש,גרמים,125.00,100 גרם,false,1,11.90,9.52,true,1,
7290107937542,false,משקה יוגורט אקטיביה עם תות 1.2% שומן,שטראוס גרופ בעמ/מצונן,,משקה אקטיביה תות 1.2,מיליליטרים,265.00,"100 מ""ל",false,1,6.00,2.26,true,1,
7290107937634,false,צנצנית מסטיק מאסט קוביות פפירמינט 58 ג' עלית,"שטראוס גרופ בע""מ",,צנצנת קוביות פפירמינ,Unknown,0.00,Unknown,false,1,9.90,9.90,true,1,
7290107937641,false,צנצנת קוביות בזוקה גומי לעיסה 58גר,אסקום קונפקשיין,,צנצנת קוביות בזוקה 5,Unknown,0.00,Unknown,false,1,9.90,9.90,true,1,
7290107937856,false,קפסולות 11חזק למכונות נספרסו עלית 10יח',הנסיך- מפעל לייצור ט,,קפסולות אספרסו 11 למ,Unknown,0.00,Unknown,false,1,16.50,16.50,true,1,
7290107938396,false,שמיניית אקטימל תות דיסני בנים 108 גרם,שטראוס גרופ בעמ/מצונן,,שמיניית אקטימל תות 8,גרמים,864.00,100 גרם,false,1,20.90,2.42,true,1,
7290107939027,false,גזר דק דק 250 גר שטראוס ירקות טעם הטבע,ביכורי השדה הצפון בעמ` 1964,,גזר דק דק 250 גרם,גרמים,250.00,100 גרם,false,1,7.90,3.16,true,1,
7290107940467,false,אקטיביה יוגורט קרמי 1.5% דנונה (200 גרם),שטראוס גרופ בעמ/מצונן,,יוגורט אקטיביה 1.5%,גרמים,200.00,100 גרם,false,1,3.90,1.95,true,1,
7290107941259,false,עדשים ירוקות מבושלות 475 גר ירקות שטראוס,ביכורי השדה הצפון בעמ` 1964,,עדשים ירוקות מבושלות,גרמים,475.00,100 גרם,false,1,12.90,2.72,true,1,
7290107941266,false,שעועית אדומה מבושלת 475 גר ירקות שטראוס,ביכורי השדה הצפון בעמ` 1964,,שעועית אדומה מבושלת,גרמים,475.00,100 גרם,false,1,14.90,3.14,true,1,
7290107941273,false,טעם הטבע חומוס מבושל שטראוס (475 גרם),ביכורי השדה הצפון בעמ` 1964,,חומוס מבושל,גרמים,475.00,100 גרם,false,1,11.90,2.51,true,1,
7290107943192,false,"שמנת חמוצה מהערבה 27% שומן 200 מ""ל יטבתה",שטראוס גרופ בעמ/מצונן,,שמנת חמוצה מהערבה,מיליליטרים,200.00,"100 מ""ל",false,1,3.90,1.95,true,1,
7290107943369,false,קוואקר שיבולת שועל ללא גלוטן 511 גר'.,שטראוס פריטו ליי בע`מ,,קוואקר שיבולת שועל ל,גרמים,511.00,100 גרם,false,1,16.90,3.31,true,1,
7290107944472,false,סימפוניה גבינה במרקם שמנת 5% שום שמיר,שטראוס גרופ בעמ/מצונן,,סימפוניה שום שמיר 5%,גרמים,200.00,100 גרם,false,1,11.00,5.50,true,1,
7290107945165,false,קונפיטורת משמש יד מרדכי 340 גרם,אף.סי תבליני בגליל ב,,קונפיטורת יד מרדכי,גרמים,340.00,100 גרם,false,1,15.60,4.59,true,1,
7290107950190,false,מעדן חלב דל קלוריות בטעם שוקולד מריר 0.5% שומן,שטראוס גרופ בעמ/מצונן,,מעדן דיאט שוקולד מרי,גרמים,130.00,100 גרם,false,1,3.50,2.69,true,1,
7290107950206,false,מעדן דיאט שוקולד שטראוס 130 גרם,שטראוס גרופ בעמ/מצונן,,מעדן דיאט שוקולד 0%,גרמים,130.00,100 גרם,false,1,3.50,2.69,true,1,
7290107951104,false,בפלות ופלים ארוכים בטעם שוקולד,"שטראוס גרופ בע""\מ",,בפלות שוקולד 200 גרם,גרמים,200.00,100 גרם,false,1,5.90,2.95,true,1,
7290107951111,false,בפלות ופלים ארוכים בטעם לימון,שטראוס גרופ בע`מ,,בפלות לימון 200 גרם,גרמים,200.00,100 גרם,false,1,5.90,2.95,true,1,
7290107951715,false,צנצנת מסטיק מאסט קוביות בטעם ענבים 58 ג' עלית,"שטראוס גרופ בע""מ",,מאסט צנצנת קוביות ענ,Unknown,0.00,Unknown,false,1,9.90,9.90,true,1,
7290107953559,false,"מארז קפה טורקי עלית לדרך כשל""פ 168 גרם",הנסיך- מפעל לייצור ט,,מארז טורקי לדרך 168,גרמים,168.00,100 גרם,false,1,18.90,11.25,true,1,
7290107954709,false,"קונפיטורת פירות יער ""יד מרדכי"" 340 גר'",שטראוס גרופ בע`מ,,קונפיטורת פירות יער,גרמים,340.00,100 גרם,false,1,15.60,4.59,true,1,
7290107954976,false,משקה חלב PRO עם קפה 1.5% 25 גרם חלבון בבקבוק,שטראוס גרופ בעמ/מצונן,,משקה פרו קפה יטבתה 3,מיליליטרים,350.00,"100 מ""ל",false,1,6.50,1.86,true,1,
7290107956642,false,"תרסיס שמן זית 150 מ""ל יד מרדכי כשלפ",פארייפאבה אגרואינדוס,,תרסיס שמן זית יד מרד,מיליליטרים,150.00,"100 מ""ל",false,1,17.90,11.93,true,1,
7290107956895,false,קפסולות טעם קרמל למכונות נספרסו 50גר,שטראוס קפה בי.וי.,,קפסולות אספרסו בטעם,Unknown,0.00,Unknown,false,1,16.50,16.50,true,1,
7290107956901,false,קפסולות בטעם אגוזים למכונת נספרסו עלית 10 יחידות,שטראוס קפה בי.וי.,,קפסולות בטעם אגוזים,גרמים,50.00,100 גרם,false,1,16.50,33.00,true,1,
7290107957069,false,"מסטיק ע""למה ""בטעם אוכניות 66 גרם צנצנת ""עלית""","שטראוס גרופ בע""\מ",,צנצנת עלמה בטעם אוכמ,Unknown,0.00,Unknown,false,1,9.90,9.90,true,1,
7290107957076,false,"מסטיק ""עלמה"" בטעם ספירמנט 66 גרם צנצנת ""עלית""","שטראוס גרופ בע""\מ",,צנצנת עלמה בטעם ספיר,Unknown,0.00,Unknown,false,1,9.90,9.90,true,1,
7290107957229,false,שוקולד צ'יפס מריר מעולה לאפיה עלית 250 ג',"שטראוס גרופ בע""מ",,נטיפי שוקולד ציפס מר,גרמים,130.00,100 גרם,false,1,12.90,9.92,true,1,
7290107957991,false,מילקי CAKE מיניס קרם חלב בציפוי שוקולד חלב שקית 16X9ג',בובארד איטליה אס.פי.איי,IT,מילקי CAKE מינייס 14,גרמים,144.00,100 גרם,false,1,16.70,11.60,true,1,
7290107970129,false,"ליידי ספיד סטיק - דאודורנט רול און לאישה פרש אסנס סחלב שחור 50 מ""ל",הנסיך- מפעל לייצור ט,,ליידי 24/7 פרש אסנס,מיליליטרים,50.00,"100 מ""ל",false,1,15.90,31.80,true,1,
7290107971744,false,"קולגייט - מי פה טוטל ירוק ספרמינט 500 מ""ל",יבואן ומשווק: ש. שסט,,קולגייט מי פה טוטל י,מיליליטרים,500.00,"100 מ""ל",false,1,32.90,6.58,true,1,
7290107973014,false,"סבון ידיים משאבה פלמוליב חלב ודבש 300 מ""ל",הנסיך- מפעל לייצור ט,,פלמוליב סבון ידיים ח,מיליליטרים,300.00,"100 מ""ל",false,1,12.50,4.17,true,1,
7290107973038,false,"סבון ידיים משאבה פלמוליב אקווריום 300 מ""ל",הנסיך- מפעל לייצור ט,,פלמוליב סבון ידיים א,מיליליטרים,300.00,"100 מ""ל",false,1,12.50,4.17,true,1,
7290107973311,false,קולגייט מברשת שיניים 360 פחם זהב זוג,הנסיך- מפעל לייצור ט,,קולגייט מברשת שיניים,Unknown,0.00,Unknown,false,1,36.50,36.50,true,1,
7290107973793,false,שימורי עגבניות שלמות 400 ג' מאסטר שף,פראנו אריקו ופיגלי ס,,מנה עגבניות שלמות 40,גרמים,400.00,100 גרם,false,1,7.20,1.80,true,1,
7290107973809,false,שימורי עגבניות קוביות 400 ג' מאסטר שף,פראנו אריקו ופיגלי ס.פ.א,,מנה קוביות עגבניות 4,גרמים,400.00,100 גרם,false,1,7.20,1.80,true,1,
7290107973861,false,מאסטר שף עגבניות קצוצות דק שלישיה 400ג*3 כשלפ,קונסרזיו קאסאלאסקו ד,,מנה עגבניות קצוצות ד,קילוגרמים,0.00,"ק""ג",false,1,16.90,16.90,true,1,
7290107974066,false,"עלי טורטיה קמח מלא 20ס""מ 8יח' מאסטר שף 320ג'",אלקאטי קורביישיסי גי,,מנה עלי טורטיה קמח מ,גרמים,320.00,100 גרם,false,1,10.90,3.41,true,1,
7290107974073,false,מנה עלי טורטיה קמח לבן מ.שף 20 סמ 320 גר,אלקאטי קורביישיסי גי,,מנה עלי טורטיה קמח ל,גרמים,320.00,100 גרם,false,1,10.90,3.41,true,1,
7290107974080,false,עלי טורטיה קמח לבן 744 גר`מנה מאסטר שף,אלקאטי קורביישיסי גי,,מנה עלי טורטיה קמח ל,גרמים,840.00,100 גרם,false,1,17.90,2.13,true,1,
7290107974301,false,ליידי ספיד סטיק - דאודורנט ג'ל לאישה אלוורה 45 גרם,ליידי ספיד סטיק Lady Speed Stick,,דאו גל אלוורה ליידי,גרמים,45.00,100 גרם,false,1,32.90,73.11,true,1,
7290107974646,false,מרידול נשימה רעננה שטיפת פה 400 מל,הנסיך- מפעל לייצור ט,,מי פה נשמה רעננה מרי,מיליליטרים,400.00,"100 מ""ל",false,1,35.90,8.98,true,1,
7290107974806,false,"אורז בסגנון בסמטי 1ק""ג מאסטר שף",דווה סינג שיהם סינג,,"מנה אורז בסמטי 1 ק""ג",גרמים,1000.00,100 גרם,false,1,13.90,1.39,true,1,
7290107974813,false,"אורז יסמין 1 ק""ג מאסטר שף",טאומי אינטרפרייד,,"מנה אורז יסמין 1 ק""ג",גרמים,1000.00,100 גרם,false,1,12.50,1.25,true,1,
7290107974820,false,ממרח בטעם ספייסי מיונז מאסטר שף 250 גרם,רמיה סי.וי.הולנד,,מנה מאסטר שף ממרח מת,גרמים,248.00,100 גרם,false,1,9.10,3.67,true,1,
7290107974837,false,ממרח מתובל שום 253 גר מנה מאסטר שף,רמיה סי.וי.הולנד,,מנה מאסטר שף ממרח מת,גרמים,246.00,100 גרם,false,1,9.10,3.70,true,1,
7290107975285,false,דאו לנערות תות מתוק ליידי ספיד סטיק 65 ג,ליידי ספיד סטיק Lady Speed Stick,,דאו לנערות תות מתוק,גרמים,65.00,100 גרם,false,1,20.90,32.15,true,1,
7290107975346,false,ספיד סטיק - דאודורנט ג'ל לגבר כוח הטבע 85 גרם,קולגייט-פלמוליב,,דאו גל כח הטבע אולנג,גרמים,65.00,100 גרם,false,1,20.90,32.15,true,1,
7290107975360,false,ליידי ספיד סטיק פיור פרשנס ג'ל נשים 65ג',ליידי ספיד סטיק Lady Speed Stick,,דאו גל פיור פרשנס לי,גרמים,65.00,100 גרם,false,1,32.90,50.62,true,1,
7290107976848,false,פלמוליב סבון מוצק קמומיל רביעייה 360 ג,קולגייט-פלמוליב,,סבון מוצק פלמוליב קמ,Unknown,0.00,Unknown,false,1,21.90,21.90,true,1,
7290107976916,false,"סבון ידיים משאבה פלמוליב זיתים 300 מ""ל",קולגייט פלמוליב,,סבון ידיים חלב זיתים,מיליליטרים,300.00,"100 מ""ל",false,1,12.50,4.17,true,1,
7290107977456,false,"פלמוליב - ג'ל רחצה ושמפו ספורט לגבר 750 מ""ל",קולגייט פלמוליב,,גל רחצה ושמפו לגבר פ,מיליליטרים,750.00,"100 מ""ל",false,1,19.90,2.65,true,1,
7290107977753,false,"משחת שיניים פרודונט אקספרס 75 מ""ל ""מרידול""",קולגייט פלמוליב,,מש.שיניים פרודונט אק,Unknown,0.00,Unknown,false,1,26.90,26.90,true,1,
7290107978330,false,איטריות דקות מאסטר שף 400 גרם,הדקלאים אגודת שיתופי,,מאסטר שף איטריות דקו,גרמים,400.00,100 גרם,false,1,6.20,1.55,true,1,
7290107978347,false,איטריות בינוניות מאסטר שף 400 גרם,הדקלאים אגודת שיתופי,,מאסטר שף איטריות בינ,גרמים,400.00,100 גרם,false,1,6.20,1.55,true,1,
7290107978453,false,חטיף בטעם גריל קראנצ,ש. שסטוביץ בע`מ,,קראנצוס גריל 55 גרם,גרמים,55.00,100 גרם,false,1,3.50,6.36,true,1,
7290107978460,false,קראנצ וס פלאפל 60ג חדש,ש. שסטוביץ בע`מ,,קראנצוס פלאפל 55 גרם,גרמים,55.00,100 גרם,false,1,3.50,6.36,true,1,
7290107979184,false,קוקי תבנית אלומיניום עם נייר אפייה גדול 3,ש.שסטוביץ בעמ,,תב.אלומיניום עם נייר,Unknown,0.00,Unknown,false,1,11.40,11.40,true,1,
7290107979191,false,"תבנית אלומיניום עם נייר אפייה ענק 2 ""קוקי""",ש.שסטוביץ בעמ,,תב.אלומיניום עם נייר,Unknown,0.00,Unknown,false,1,11.40,11.40,true,1,
7290108070309,false,שקית בלונים פסטל מעורב צבעים-100 יח,שמחה זה אנחנו,,שקית בלונים פסטל מעו,Unknown,0.00,Unknown,false,1,26.50,26.50,true,1,
7290108074437,false,בקבוק לנוער הלו קיטי 700 מל,,,בקבוק לנוער הלו קיטי,Unknown,0.00,Unknown,false,1,30.50,30.50,true,1,
7290108076561,false,בקבוק שתייה עם פיה נסגרת ורוד 600 מל,,,בקבוק שתייה עם פיה נ,Unknown,0.00,Unknown,false,1,19.90,19.90,true,1,
7290108076844,false,בוקט 8 סוכריות על מקל הנוקמים 64 גר,,CN,בוקט 8 סוכריות על מק,Unknown,0.00,Unknown,false,1,9.90,9.90,true,1,
7290108077339,false,ביצת הפתעה עם סוכריות - מלחמת הכוכבים,,,ביצת הפתעה עם סוכריו,גרמים,0.00,100 גרם,false,1,9.80,9.80,true,1,
7290108078732,false,בלון מיילר 14 ספרה 0 כסף,,,בלון מיילר 14 ספרה 0,Unknown,0.00,Unknown,false,1,5.50,5.50,true,1,
7290108078756,false,בלון מיילר 14 ספרה 1 כסף,,,בלון מיילר 14 ספרה 1,Unknown,0.00,Unknown,false,1,5.50,5.50,true,1,
7290108078770,false,בלון מיילר 14 ספרה 2 כסף,,,בלון מיילר 14 ספרה 2,Unknown,0.00,Unknown,false,1,5.50,5.50,true,1,
7290108078794,false,בלון מיילר 14 ספרה 3 כסף,,,בלון מיילר 14 ספרה 3,Unknown,0.00,Unknown,false,1,5.50,5.50,true,1,
7290108078817,false,בלון מיילר 14 ספרה 4 כסף,,,בלון מיילר 14 ספרה 4,Unknown,0.00,Unknown,false,1,5.50,5.50,true,1,
7290108201437,false,"אבקת כביסה קולון 101 2.5 ק""ג",רקיט בנקיזר (ניר איסט) בעמ,,אבקת כביסה קולון 101,קילוגרמים,0.00,"ק""ג",false,1,26.50,26.50,true,1,
7290108201864,false,קולון קפסולות גל לכביסה 28 יחידות,רקיט בנקיזר (ניר איסט) בעמ,,קולון קפסולות גל,Unknown,0.00,Unknown,false,1,31.50,31.50,true,1,
7290108350128,false,סנו סושי שקיות אשפה חזקות במיוחד 40 יח',החברה הדרומית לשיווק בעמ,,סנו סושי 40 שקיות אש,Unknown,0.00,Unknown,false,1,23.90,23.90,true,1,
7290108350142,false,"שקיות רב שימושיות גדולות 25*35 ס""מ סנו סושי 270 יחידות",החברה הדרומית לשיווק בעמ,,סנו סושי 270 שקיות ר,Unknown,0.00,Unknown,false,1,16.70,16.70,true,1,
7290108350180,false,סנו סופט מפיות מודפסות 100 יח`,החב. הדרומית לשיווק,,סנו סושי מפיות מודפס,Unknown,0.00,Unknown,false,1,10.60,10.60,true,1,
7290108350203,false,"סנו סושי כריות קרצוף+ספוג מקציף 6 יחידות 12X9 ס""מ",החברה הדרומית לשיווק בעמ,,סקוטש ברייט+ספוג 6 י,Unknown,0.00,Unknown,false,1,11.90,11.90,true,1,
7290108350210,false,סנו סושי 30 שקיות אשפה XL חזקות במיוחד,החברה הדרומית לשיווק בעמ,,סנו סושי שקיות אשפה,Unknown,0.00,Unknown,false,1,24.90,24.90,true,1,
7290108350524,false,ארון פרש בניחוח לוונדר סנו,"סנו מפעלי ברונוס בע""",,ארון פרש בניחוח לוונ,Unknown,0.00,Unknown,false,1,23.90,23.90,true,1,
7290108350548,false,סנו ספארק נוזל כלים בניחוח לבנדר עם משאבה 1 ל',החברה הדרומית לשיווק בעמ,,ספארק נוזל כלים לבנד,מיליליטרים,1000.00,"100 מ""ל",false,1,14.60,1.46,true,1,
7290108350586,false,נוזל לניקוי כלים סנו ספארק Spark בניחוח לימון רענן,החברה הדרומית לשיווק בעמ,,ספארק נוזל כלים בניח,ליטרים,0.00,ליטר,false,1,17.70,17.70,true,1,
7290108350616,false,סנו - מקסימה מרכך כביסה מרוכז פריחה כחולה 1 ליטר,החברה הדרומית לשיווק בעמ,,מרכך כביסה מקסימה סו,מיליליטרים,1000.00,"100 מ""ל",false,1,17.90,1.79,true,1,
7290108350623,false,מרכך כביסה סופר מרוכז סופט סילק מקסימה 1 ל' סנו,החברה הדרומית לשיווק בעמ,,מרכך כביסה מקסימה סו,מיליליטרים,1000.00,"100 מ""ל",false,1,17.90,1.79,true,1,
7290108350685,false,"מנקה למדיח כלים סנו ספארק 250 מ""ל",סנו,,מנקה למדיח כלים סנו,מיליליטרים,250.00,"100 מ""ל",false,1,15.30,6.12,true,1,
7290108350715,false,"סנו פורטה FREE נוזל מרוכז להסרת שומנים 750 מ""ל",החברה הדרומית לשיווק בעמ,,סנו פורטה FREE פלוס,מיליליטרים,750.00,"100 מ""ל",false,1,14.90,1.99,true,1,
7290108351156,false,ג'ל ניקוי כללי בתוספת חומץ בריח לבנדר סנו ג'ט 1.5 ליטר,החברה הדרומית לשיווק בעמ,,נוזל לנ.כללי ורצפות+,ליטרים,0.00,ליטר,false,1,12.90,12.90,true,1,
7290108351507,false,מרכך כביסה אינספרישיין סנו מקסימה 4 ליטר,החברה הדרומית לשיווק בעמ,,מרכך כביסה SOFT SILK,ליטרים,0.00,ליטר,false,1,19.90,19.90,true,1,
7290108351514,false,מרכך כביסה בלו בלוסום סנו מקסימה 4 ליטר,החברה הדרומית לשיווק בעמ,,מרכך כביסה BLUE BLOS,ליטרים,0.00,ליטר,false,1,19.90,19.90,true,1,
7290108351545,false,מטהר אוויר סנו פרש הום בניחוח מרכך,סנו מפעלי ברונוס בעמn,,מטהר אוויר סנו פרש,מיליליטרים,200.00,"100 מ""ל",false,1,12.80,6.40,true,1,
7290108351552,false,"סנו - ג'ט לניקוי כללי בתוספת חומץ בניחוח לבנדר 750 מ""ל",החברה הדרומית לשיווק בעמ,,מרסס סנו גט +תוספת ח,מיליליטרים,750.00,"100 מ""ל",false,1,13.90,1.85,true,1,
7290108351569,false,מבשם ומרכך למייבש כביסה Baby לתינוקות ולעור רגיש,החברה הדרומית לשיווק בעמ,,מבשם ומרכך כביסה למי,מיליליטרים,750.00,"100 מ""ל",false,1,18.90,2.52,true,1,
7290108351583,false,"סנו - ג'ט פלוס חומץ ג'ל לניקוי אסלות לבנדר 750 מ""ל",החברה הדרומית לשיווק בעמ,,נוזל לאסלה סנו גט+חו,מיליליטרים,750.00,"100 מ""ל",false,1,14.20,1.89,true,1,
7290108351590,false,"סנופרש הום בלו בלוסון בניחוח מרכך כביסה 350 מ""ל",החברה הדרומית לשיווק בעמ,,מטהר אוויר סופט סילק,מיליליטרים,350.00,"100 מ""ל",false,1,13.90,3.97,true,1,
7290108351606,false,מטהר אוויר בלו בלוסום סנו פרש הום 350 מל,החברה הדרומית לשיווק בעמ,,מטהר אוויר בלו בלוסו,מיליליטרים,350.00,"100 מ""ל",false,1,13.90,3.97,true,1,
7290108351675,false,סנו מקסימה ג`ל כביסה מרוכז 5 ל`צבעוני,החברה הדרומית לשיווק בעמ,IL,גל כביסה סנו מקסימה,ליטרים,0.01,ליטר,false,1,52.50,5250.00,true,1,
7290108351682,false,גל כביסה סנו מקסימה ביו קולד ווטר 5 ל,"סנו מפעלי ברונוס בע""\מ",IL,גל כביסה סנו מקסימה,ליטרים,0.01,ליטר,false,1,49.50,4950.00,true,1,
7290108351699,false,סנו - ג'ט מטליות לחות לניקוי כללי בתוספת חומץ לבנדר שלישיה,החברה הדרומית לשיווק בעמ,IL,מגבוני ניקוי סנו גט+,Unknown,0.00,Unknown,false,1,17.90,17.90,true,1,
7290108351705,false,פניני בישום לכביסה275 גר` fresh linen,החברה הדרומית לשיווק בעמ,IL,פניני בישום fresh l,גרמים,275.00,100 גרם,false,1,25.90,9.42,true,1,
7290108351712,false,פניני בישום לכביסה 275 ג' מקסימה,החברה הדרומית לשיווק בעמ,IL,פניני בישום lovely,גרמים,275.00,100 גרם,false,1,25.90,9.42,true,1,
7290108351767,false,מטהר אוויר חשמלי סנו פרש +מילוי בלו אייר,החברה הדרומית לשיווק בעמ,IL,מטהר אוויר חשמלי סנו,Unknown,0.00,Unknown,false,1,44.90,44.90,true,1,
7290108351774,false,מרסס סנו לניקוי וטיפול במוצרי עור 500 מל,החברה הדרומית לשיווק בעמ,IL,מרסס סנו לניקוי וטיפ,מיליליטרים,500.00,"100 מ""ל",false,1,35.90,7.18,true,1,
7290108351781,false,ג'ל לניקוי אסלות + חומץ ומלח לימון בריח הדרים,החברה הדרומית לשיווק בעמ,IL,נוזל ניקוי אסלות סנו,מיליליטרים,750.00,"100 מ""ל",false,1,14.20,1.89,true,1,
7290108351811,false,מרכך כביסה סופר מרוכז Floral touch סנו מקסימה 1 ליטר,החברה הדרומית לשיווק בעמ,IL,מר.כביסה סנומקסימה מ,ליטרים,0.00,ליטר,false,1,17.90,17.90,true,1,
7290108351835,false,מרכך כביסה Pure Sensation סנו מקסימה 4 ליטר,החברה הדרומית לשיווק בעמ,IL,מרכך כביסה סנו מקסימ,ליטרים,0.00,ליטר,false,1,19.90,19.90,true,1,
7290108351927,false,סנו ספארק טבליות למדיח 70 יחידות,החברה הדרומית לשיווק בעמ,IL,טבליות למדיח ספארק 7,Unknown,0.00,Unknown,false,1,46.90,46.90,true,1,
7290108351934,false,סנובון סבון אסלה מוצק RINGS בניחוח לימון שלישיה,החברה הדרומית לשיווק בעמ,IL,סבון מוצק סנובון לימ,Unknown,0.00,Unknown,false,1,14.90,14.90,true,1,
7290108351941,false,סנובון סבון אסלה מוצק RINGS בניחוח יערות שלישיה,החברה הדרומית לשיווק בעמ,IL,סבון מוצק סנובון יער,Unknown,0.00,Unknown,false,1,14.90,14.90,true,1,
7290108351972,false,סנופרש הום מבשם לבית בניחוח מלון בוטיק,החברה הדרומית לשיווק בעמ,IL,מטהר אוויר סנו פרש ה,מיליליטרים,200.00,"100 מ""ל",false,1,12.90,6.45,true,1,
7290108352009,false,סנו ספארק קפסולות למדיח כלים 50 יחידות,החברה הדרומית לשיווק בעמ,IL,קפסולות גל למדיח סנו,Unknown,0.00,Unknown,false,1,52.50,52.50,true,1,
7290108352016,false,סנובון Design שלישייה בניחוח מרכך כביס,החברה הדרומית לשיווק בעמ,IL,סבון מוצק סנובון DES,Unknown,0.00,Unknown,false,1,18.90,18.90,true,1,
7290108352078,false,"אורביטול שטיפת פה 500 מ""ל Protective Salt",החברה הדרומית לשיווק בעמ,IL,מי פה אורביטול בתוספ,מיליליטרים,500.00,"100 מ""ל",false,1,19.90,3.98,true,1,
7290108352085,false,"מי פה אורביטול רעננות חריפה 500 מ""ל",החברה הדרומית לשיווק בעמ,IL,מי פה אורביטול רעננו,מיליליטרים,500.00,"100 מ""ל",false,1,21.90,4.38,true,1,
7290108352092,false,משחת שיניים אורביטול פרוטקטיב סולט בטעם מנטה,החברה הדרומית לשיווק בעמ,IL,משחת שיניים אורביטול,גרמים,145.00,100 גרם,false,1,19.90,13.72,true,1,
7290108352108,false,משחת שיניים אורביטול רעננות חריפה 145 גר,החברה הדרומית לשיווק בעמ,IL,משחת שיניים אורביטול,גרמים,145.00,100 גרם,false,1,14.90,10.28,true,1,
7290108352115,false,סנובון ווייב לאסלה בתוספת אקונומיקהה 45X3ג',החברה הדרומית לשיווק בעמ,IL,סנובון מוצק WAVE בתו,Unknown,0.00,Unknown,false,1,14.90,14.90,true,1,
7290108352146,false,"סנובון נוזלי בניחוח מנגוליה ונרולי סנו 750 מ""ל",החברה הדרומית לשיווק בעמ,,סנובון מוצק בניחוח נ,מיליליטרים,0.00,"100 מ""ל",false,1,11.90,11.90,true,1,
7290108352153,false,"סנובון נוזלי בניחוח לוטוס וסחלב סנו 750 מ""ל",החברה הדרומית לשיווק בעמ,,סנובון מוצק בניחוח ל,מיליליטרים,0.00,"100 מ""ל",false,1,11.90,11.90,true,1,
7290108352221,false,סנופרש הום מבשם נוזלי בניחוח מלון מפנק,החברה הדרומית לשיווק בעמ,IL,מטהר אוויר סנו פרש ה,מיליליטרים,350.00,"100 מ""ל",false,1,13.90,3.97,true,1,
7290108352252,false,נוזל לניקוי כלים מתאים לניקוי ירקות ופירות סנו ספארק,החברה הדרומית לשיווק בעמ,IL,נוזל כלים סנו ספארק,ליטרים,0.00,ליטר,false,1,14.60,14.60,true,1,
7290108352283,false,נוזל לחיטוי וניקוי רצפות- סדרת 99.9% סנו 2 ליטר,החברה הדרומית לשיווק בעמ,IL,נוזל רצפות ריצפז 99.,ליטרים,0.00,ליטר,false,1,23.50,23.50,true,1,
7290108352290,false,שלישיית מטליות לחיטוי ולניקוי יסודי לחדר האמבטיה סדרת 99.9%,החברה הדרומית לשיווק בעמ,IL,מטליות לחות לאמבטיה,Unknown,0.00,Unknown,false,1,25.90,25.90,true,1,
7290108352337,false,"מטהר אויר פרש הום אוטומטיק מלון מפנק 250 מ""ל",החברה הדרומית לשיווק בעמ,IL,מטהר אוויר סנו פרש א,מיליליטרים,250.00,"100 מ""ל",false,1,14.90,5.96,true,1,
7290108352344,false,"פרש מבשם אויר אוטומטי בניחוח לבנדר סנו 250 מ""ל",החברה הדרומית לשיווק בעמ,IL,מטהר אוויר סנו פרש א,מיליליטרים,250.00,"100 מ""ל",false,1,14.90,5.96,true,1,
7290108352368,false,תוסף לחיטוי כביסה 99.9% סנו מקסימה 3 ל',החברה הדרומית לשיווק בעמ,IL,תוסף לחיטוי הכביסה 9,ליטרים,0.00,ליטר,false,1,32.90,32.90,true,1,
7290108352399,false,ריצפז פרש הום בניחוח מרכך כביסה פלורל טאצ',החברה הדרומית לשיווק בעמ,IL,נוזל רצפות ריצפז פרש,ליטרים,0.00,ליטר,false,1,19.90,19.90,true,1,
7290108352405,false,מטהר אוויר סנו פרש הום נוזלי ירוק ארומטי,סנו מפעלי ברונוס בעמ,IL,מטהר אוויר סנו פרש ה,מיליליטרים,300.00,"100 מ""ל",false,1,14.90,4.97,true,1,
7290108352429,false,מטהר אוויר סנו פרש הום נוזלי כחול ארומטי,סנו מפעלי ברונוס בעמ,IL,מטהר אוויר סנו פרש ה,מיליליטרים,300.00,"100 מ""ל",false,1,14.90,4.97,true,1,
7290108352436,false,סנובון מוצק בניחוח נגוליה ונרולי שלישייה,החברה הדרומית לשיווק בעמ,IL,סנובון מוצק בניחוח נ,יחידה,1.00,יחידה,false,1,16.90,16.90,true,1,
7290108352450,false,ריצפז פרש הום בניחוח מרכך כביסה בלו בלוסום,החברה הדרומית לשיווק בעמ,IL,נוזל רצפות ריצפז פרש,ליטרים,0.00,ליטר,false,1,19.90,19.90,true,1,
7290108352511,false,"מקסימה לניקוי וחיטוי מכונת כביסה שקית 500 מ""ל",החברה הדרומית לשיווק בעמ,,נוזל מקסימה לשטיפה,מיליליטרים,500.00,"100 מ""ל",false,1,14.90,2.98,true,1,
7290108352528,false,"מתז לחיטוי וניקוי חדר האמבטיה 99.9% 750 מ""ל",החברה הדרומית לשיווק בעמ,,מתז לחיטוי וניקוי אמ,מיליליטרים,750.00,"100 מ""ל",false,1,13.90,1.85,true,1,
7290108352566,false,מרכך כביסה בבישום עוצמתי 4 ל' סנו מקסינה,החברה הדרומית לשיווק בעמ,,JOY סנו מקסימה מרכך,ליטרים,0.00,ליטר,false,1,19.90,19.90,true,1,
7290108352573,false,מרכך כביסה סנו מקסימה בבישום עוצמתי 4 ליטר,החברה הדרומית לשיווק בעמ,,סנו מקסימה מרכך כביס,ליטרים,0.00,ליטר,false,1,19.90,19.90,true,1,
7290108352627,false,סנו סושי מפות ניילון שקופה בגליל,החברה הדרומית לשיווק בעמ,IL,מפת שולחן סנו סושי ב,מטרים,20.00,מטר,false,1,21.90,1.10,true,1,
7290108352641,false,סנו סושי מטלית הפלא לניקוי כללי במארז שלישייה,החברה הדרומית לשיווק בעמ,,מטלית הפלא לניקוי כל,Unknown,0.00,Unknown,false,1,16.70,16.70,true,1,
7290108352689,false,כריות קרצוף ללכלוך קשה סנו סושי 9 יחידות,החברה הדרומית לשיווק בעמ,,סקוטש ברייט סנו סושי,Unknown,0.00,Unknown,false,1,11.90,11.90,true,1,
7290108352788,false,סנו סושי שקיות זיפר לאוכל L 20 יחידות,החברה הדרומית לשיווק בעמ,,שקיות סנו סושי L זיפ,Unknown,0.00,Unknown,false,1,14.60,14.60,true,1,
7290108352795,false,שקיות זיפר 50 יח`במידה M סנו סושי,החברה הדרומית לשיווק בעמ,,שקיות סנו סושי M זיפ,Unknown,0.00,Unknown,false,1,14.60,14.60,true,1,
7290108352801,false,"שקיות אשפה לפחים קטנים 45 * 56 ס""מ סנו סושי 100 יחידות",החברה הדרומית לשיווק בעמ,,שקיות אשפה סנו סושי,Unknown,0.00,Unknown,false,1,18.90,18.90,true,1,
7290108352818,false,מטלית במבוק לניקוי דוחה ריחות רעים,החברה הדרומית לשיווק בעמ,IL,מטלית במבוק לניקוי,Unknown,0.00,Unknown,false,1,10.90,10.90,true,1,
7290108352825,false,ספוג הפלא נירוסטה סנו סושי 3יח',החברה הדרומית לשיווק בעמ,,ספוג הפלא נירוסטה סנ,Unknown,0.00,Unknown,false,1,12.80,12.80,true,1,
7290108352849,false,שלישיית מטליות הפלא לניקוי כללי דקור סנו סושי,החברה הדרומית לשיווק בעמ,IL,מטלית הפלא לניקוי דק,יחידה,1.00,יחידה,false,1,16.70,16.70,true,1,
7290108352870,false,סנו סושי שקיות צלייה 10יח' מידה XL,החברה הדרומית לשיווק בעמ,IL,שקיות צלייה סנו סושי,Unknown,0.00,Unknown,false,1,9.50,9.50,true,1,
7290108352887,false,"זוג מפות שולחן עשויות מבד בלתי ארוג 180*120 ס""מ",החברה הדרומית לשיווק בעמ,IL,מפות שולחן סנו סושי,Unknown,0.00,Unknown,false,1,10.50,10.50,true,1,
7290108352894,false,סנו סושי מפת שולחן חגיגית,החב הדרומית לשיווק,,מפת שולחן חגיגית סנו,Unknown,0.00,Unknown,false,1,9.50,9.50,true,1,
7290108352917,false,כפפות ניטריל כחולות 80 יח' S סנו סושי,החב. הדרומית לשיווק,,כפפות סנו סושי S ניט,Unknown,0.00,Unknown,false,1,29.90,29.90,true,1,
7290108352924,false,כפפות ניטריל כחולות 80 יח' M סנו סושי,החב. הדרומית לשיווק,,כפפות סנו סושי M ניט,Unknown,0.00,Unknown,false,1,29.90,29.90,true,1,
7290108352931,false,כפפות ניטריל כחולות 80 יח' L סנו סושי,החב. הדרומית לשיווק,,כפפות סנו סושי L ניט,Unknown,0.00,Unknown,false,1,29.90,29.90,true,1,
7290108353006,false,סנו סושי - שקיות אוכל נקשרות 250 יחידות XL,החברה הדרומית לשיווק בעמ,IL,שקיות אוכל סנו סושי,יחידה,1.00,יחידה,false,1,13.90,13.90,true,1,
7290108353044,false,תב.אפייה מנייר סנו סושי מאפינס גדול 24 י,החברה הדרומית לשיווק בעמ,IL,תב.אפייה מנייר סנו ס,Unknown,0.00,Unknown,false,1,16.20,16.20,true,1,
7290108353068,false,ספוג הפלא נירוסטה עם סיבי קירצוף סנו סושי 2 יח',החברה הדרומית לשיווק בעמ,IL,כרית קרצוף סנו סושי,Unknown,0.00,Unknown,false,1,12.20,12.20,true,1,
7290108353372,false,אורביטול צמד מברשות שיניים 12000 סיבי פחם,החברה הדרומית לשיווק בעמ,,צמד מברשת שיניים 120,יחידה,1.00,יחידה,false,1,31.90,31.90,true,1,
7290108353488,false,סנו - סנובון מעוצב בניחוח סחלב פראי,החברה הדרומית לשיווק בעמ,IL,סבון מוצק סנובון DES,Unknown,0.00,Unknown,false,1,6.90,6.90,true,1,
7290108353501,false,"שקיות אשפה ענקיות עם ידיות ענקיות 75*90 ס""מ סנו סושי 25 יחידות",החברה הדרומית לשיווק בעמ,IL,שקיות אשפה סנו סושי,Unknown,0.00,Unknown,false,1,20.00,20.00,true,1,
7290108353525,false,סנו סושי - תבניות אלומיניום עם ידיות אחיזה,החברה הדרומית לשיווק בעמ,IL,תבניות אלומיניום סנו,Unknown,0.00,Unknown,false,1,12.50,12.50,true,1,
7290108353532,false,"שקיות אשפה חזקות עם שרוך לארג' 54 * 65 ס""מ סנו סושי 100 יחידות",החברה הדרומית לשיווק בעמ,IL,שקיות אשפה סנו סושי,Unknown,0.00,Unknown,false,1,34.90,34.90,true,1,
7290108353549,false,נייר אפיה 100 דפים סנו סושי,החברה הדרומית לשיווק בעמ,IL,נייר אפייה סנו סושי,Unknown,0.00,Unknown,false,1,21.90,21.90,true,1,
7290108353556,false,נייר טואלט סופט שלוש שכבות 32 גלילים סנו,החברה הדרומית לשיווק בעמ,IL,נייר טואלט סנו סופט,מטרים,537.00,מטר,false,1,44.90,0.08,true,1,
7290108353648,false,סנו סושי - שקיות אוכל מנייר 70 יחידות,החברה הדרומית לשיווק בעמ,IL,שקיות אוכל מנייר סנו,יחידה,1.00,יחידה,false,1,13.50,13.50,true,1,
7290108353679,false,מפות ניילוון שקופות סנו סושי 10 יח,החברה הדרומית לשיווק בעמ,IL,מפת שולחן סנו סושי ש,Unknown,0.00,Unknown,false,1,22.50,22.50,true,1,
7290108353686,false,מטלית חלומית לרצפה סנו סושי 1 יחידה,החברה הדרומית לשיווק בעמ,IL,סושי מטלית לרצפה חלו,Unknown,0.00,Unknown,false,1,12.90,12.90,true,1,
7290108353716,false,"קרמה - תחליב רחצה חימר פיטאיה 500 מ""ל",החברה הדרומית לשיווק בעמ,IL,קרמה תחליב רחצה חימר,Unknown,0.00,Unknown,false,1,12.90,12.90,true,1,
7290108353730,false,"קרמה - תחליב רחצה חימר אוכמניות כחולות 500 מ""ל",החברה הדרומית לשיווק בעמ,IL,קרמה תחליב רחצה חימר,Unknown,0.00,Unknown,false,1,12.90,12.90,true,1,
7290108353778,false,"נקה 7 - תחליב רחצה שוודיה בניחוח פיטנגו 750 מ""ל",החברה הדרומית לשיווק בעמ,,תחליב רחצה נקה 7 שוו,מיליליטרים,750.00,"100 מ""ל",false,1,14.50,1.93,true,1,
7290108353792,false,"נקה 7 - תחליב רחצה יפן בניחוח פריחת הדובדבן 750 מ""ל",החברה הדרומית לשיווק בעמ,,תחליב רחצה נקה 7 יפן,מיליליטרים,750.00,"100 מ""ל",false,1,14.50,1.93,true,1,
7290108353891,false,"קרמה - דאודורנט רול און לאישה קרמה מאסק 75 מ""ל",החברה הדרומית לשיווק בעמ,IL,דאודורנט קרמה רולאון,מיליליטרים,75.00,"100 מ""ל",false,1,12.90,17.20,true,1,
7290108354140,false,קרליין - נושם מגבוני דיאורדורנט פיור ורוד,החברה הדרומית,IL,מגבוני דאודורנט קרלי,יחידה,1.00,יחידה,false,1,12.90,12.90,true,1,
7290108354157,false,קרליין - נושם מגבוני דיאורדורנט סאן רייס כתום,החב הדרומית לשיווק,IL,מגב.דאודורנט קרליין,יחידה,1.00,יחידה,false,1,12.90,12.90,true,1,
7290108354225,false,"סנו מדיק היגניק ג'ל לניקוי ידיים 100 מ""ל",החברה הדרומית לשיווק בעמ,IL,גל ניקוי ידיים סנו מ,מיליליטרים,100.00,"100 מ""ל",false,1,9.90,9.90,true,1,
7290108354263,false,אורביטול גוניור משחת שיניים חד קרן 70גרם,החברה הדרומית לשיווק בעמ,IL,משחת שיניים אורביטול,גרמים,70.00,100 גרם,false,1,9.90,14.14,true,1,
7290108354270,false,מרכך כביסה מרוכז בבישום עוצמתי 1 ל' סנו מקסימה,החברה הדרומית לשיווק בעמ,,CALMמרכך כביסה מקסימ,מיליליטרים,1000.00,"100 מ""ל",false,1,17.90,1.79,true,1,
7290108354362,false,אל סבון היגניי לידיים בתוספת אלוורה,החברה הדרומית לשיווק בעמ,IL,סנו מדיק אל סבון הגי,מיליליטרים,500.00,"100 מ""ל",false,1,12.50,2.50,true,1,
7290108354430,false,"כיף שמפו לשיקום והזנה,שמן קוקוס וקרטין 700 מ""ל",החברה הדרומית לשיווק בעמ,IL,שמפו כיף לשיקום והזנ,מיליליטרים,700.00,"100 מ""ל",false,1,12.90,1.84,true,1,
7290108354447,false,"כיף מרכך לשיקום והזנה שמן קוקוס וקרטין 700 מ""ל",החברה הדרומית לשיווק בעמ,IL,מרכך כיף לשיקום והזנ,מיליליטרים,700.00,"100 מ""ל",false,1,12.90,1.84,true,1,
7290108354607,false,"שמפו בניחוח מי קקטוס ושמן באבאסו 750 מ""ל נקה 7",החברה הדרומית לשיווק בעמ,,נקה ביו שמפו 750 מל,מיליליטרים,750.00,"100 מ""ל",false,1,14.50,1.93,true,1,
7290108354614,false,"מרכך בניחוח מי קקטוס ושמן באבאסו 750 מ""ל נקה 7",החברה הדרומית לשיווק בעמ,,נקה ביו מרכך 750 מל,מיליליטרים,750.00,"100 מ""ל",false,1,14.50,1.93,true,1,
7290108354751,false,"סנו - ג'ט מרסס לניקוי כללי בתוספת אבקת סודה 750 מ""ל",החברה הדרומית לשיווק בעמ,IL,מרסס סנו גט בתוספת ס,מיליליטרים,750.00,"100 מ""ל",false,1,13.90,1.85,true,1,
7290108354829,false,"קרם ידיים קרמה ורד וניל 100 מ""ל מ""ל",החברה הדרומית לשיווק בעמ,,קרם ידיים קרמה ורד ו,מיליליטרים,100.00,"100 מ""ל",false,1,9.90,9.90,true,1,
7290108354836,false,קרם ידיים מרוכז לידיים יבשות מאוד בבישום עדין,החברה הדרומית לשיווק בעמ,,קרם ידיים קרמה מרוכז,מיליליטרים,50.00,"100 מ""ל",false,1,15.90,31.80,true,1,
7290108354911,false,"שמפו, ג'ל רחצה וגילוח מועשר בתמצית אלוורה",החברה הדרומית לשיווק בעמ,IL,שמפו וגל רחצה קרמה מ,מיליליטרים,700.00,"100 מ""ל",false,1,20.90,2.99,true,1,
7290108354973,false,"סבון ידיים ורד ווניל קרמה 300 מ""ל",החברה הדרומית לשיווק בעמ,IL,סבון ידיים קרמה ורד,מיליליטרים,300.00,"100 מ""ל",false,1,9.90,3.30,true,1,
7290108354980,false,קרם ידיים מרוכז לידיים יבשות מאוד ללא בישום,החברה הדרומית לשיווק בעמ,,קרם ידיים קרמה מרוכז,מיליליטרים,50.00,"100 מ""ל",false,1,15.90,31.80,true,1,
7290108355024,false,"נקה 7 שמפו ומרכך לילדים מיניונים 750 מ""ל",החברה הדרומית לשיווק בעמ,,נקה 7 שמפו+מרכך לילד,מיליליטרים,750.00,"100 מ""ל",false,1,13.20,1.76,true,1,
7290108355079,false,לחו.לשיער מקצועי קוקוס נטורל פורמולה 400,החברה הדרומית לשיווק בעמ,,לחו.לשיער מקצועי קוק,מיליליטרים,400.00,"100 מ""ל",false,1,32.40,8.10,true,1,
7290108355154,false,נקה 7 שמפו לשיער שמני הזנה 750 מל,החברה הדרומית לשיווק בעמ,,נקה 7 שמפו שמני הזנה,מיליליטרים,750.00,"100 מ""ל",false,1,14.50,1.93,true,1,
7290108355161,false,"מרכך שיער שמני הזנה 750 מ""ל נקה 7",החברה הדרומית לשיווק בעמ,,נקה 7 מרכך שמני הזנה,מיליליטרים,750.00,"100 מ""ל",false,1,14.50,1.93,true,1,
7290108355208,false,"שמפו קרטין אינטנס למניעת קשקשים נטורל 400 מ""ל",החברה הדרומית לשיווק בעמ,,שמפו נ.פורמולה קרטין,מיליליטרים,400.00,"100 מ""ל",false,1,34.50,8.63,true,1,
7290108355277,false,"נקה 7 - שמפו ומרכך לגבר 2 ב-1 750 מ""ל",החברה הדרומית לשיווק בעמ,IL,שמפו+מרכך נקה 7 לגבר,מיליליטרים,750.00,"100 מ""ל",false,1,14.50,1.93,true,1,
7290108355451,false,"קרמה - דאודורנט רול און לאישה קרמה ורד ווניל 75 מ""ל",החב הדרומית לשיווק,IL,דאודורנט קרמה רולאון,מיליליטרים,75.00,"100 מ""ל",false,1,12.90,17.20,true,1,
7290108355703,false,"קרליין - בודי מיסט סטולן קיס 250 מ""ל",החברה הדרומית,,בודי מיסט קרליין 250,מיליליטרים,250.00,"100 מ""ל",false,1,44.90,17.96,true,1,
7290108356106,false,כיף תחליב רחצה חלב שקדים 700 מל,החברה הדרומית לשיווק בעמ,IL,תחליב רחצה כיף שקד 7,מיליליטרים,700.00,"100 מ""ל",false,1,13.50,1.93,true,1,
7290108356113,false,תחליב רחצה כיף ניחוח דבש 700 מל,החברה הדרומית לשיווק בעמ,IL,תחליב רחצה כיף דבש 7,מיליליטרים,700.00,"100 מ""ל",false,1,13.50,1.93,true,1,
7290108356120,false,תחליב רחצה כיף ניחוח קוקוס וניל700 מל,החברה הדרומית לשיווק בעמ,IL,תחליב רחצה כיף קוקוס,מיליליטרים,700.00,"100 מ""ל",false,1,13.50,1.93,true,1,
7290108356168,false,תחליב רחצה כיף ניחוח אוקיינס700 מל,החברה הדרומית לשיווק בעמ,IL,תחליב רחצה כיף אוקיי,מיליליטרים,700.00,"100 מ""ל",false,1,13.50,1.93,true,1,
7290108356175,false,אל סבון נוזלי כיף אבטיח ומנטה (1 ליטר),החברה הדרומית לשיווק בעמ,IL,אל סבון כיף בניחוח א,ליטרים,0.00,ליטר,false,1,15.20,15.20,true,1,
7290108356229,false,ג'ל גילוח לכל סוגי העור מועשר בפחם פעיל,החברה הדרומית לשיווק בעמ,IL,גל גילוח קרמה קרבון,מיליליטרים,200.00,"100 מ""ל",false,1,13.50,6.75,true,1,
7290108356298,false,"כיף - מוס רחצה בניחוח קרם עוגיות 150 מ""ל",החברה הדרומית לשיווק בעמ,IL,מוס רחצה כיף בניחוח,יחידה,1.00,יחידה,false,1,12.90,12.90,true,1,
7290108356489,false,"כיף - תחליב רחצה אפרסק וחמאת מורומורו 700 מ""ל",החברה הדרומית לשיווק בעמ,IL,תחליב רחצה כיף אפרסק,מיליליטרים,700.00,"100 מ""ל",false,1,13.50,1.93,true,1,
7290108356519,false,קרליין שמפו 10למניעת קשקשים 700מל,החברה הדרומית לשיווק בעמ,IL,קרוליין 10 שמפו לשיע,יחידה,1.00,יחידה,false,1,12.90,12.90,true,1,
7290108356557,false,"שמפו 10 לשיער למניעת קשקשים 700 מ""ל קרליין",החברה הדרומית לשיווק בעמ,IL,קרוליין 10 שמפו לשיע,יחידה,1.00,יחידה,false,1,12.90,12.90,true,1,
7290108356809,false,סבון בוטני ורד ומרווה לניקוי וטיפוח הידיים טבעוני 1 ל' כיף,החברה הדרומית לשיווק בעמ,IL,כיף סבון ידיים בוטני,יחידה,1.00,יחידה,false,1,16.50,16.50,true,1,
7290108357004,false,כיף שמפו ורד ושמן קוקוי לרכות וברק,החברה הדרומית לשיווק בעמ,IL,שמפו כיף ורד ושמן קו,מיליליטרים,700.00,"100 מ""ל",false,1,12.90,1.84,true,1,
7290108357011,false,כיף קונדישינר לשיער שמן קוקוי 700 מל,החברה הדרומית לשיווק בעמ,IL,מרכך כיף ורד ושמן קו,מיליליטרים,700.00,"100 מ""ל",false,1,12.90,1.84,true,1,
7290108357028,false,"תחליב רחצה כיף ורד ושמן קוקוי 700 מ""ל",החברה הדרומית לשיווק בעמ,IL,תחליב רחצה כיף ורד ו,מיליליטרים,700.00,"100 מ""ל",false,1,13.50,1.93,true,1,
7290108357042,false,"קרליין - נושם ביו דאודורנט רול און 75 מ""ל Citrus Blossoms לאישה",החברה הדרומית לשיווק בעמ,,קרליין דאו. רולאון נ,Unknown,0.00,Unknown,false,1,12.90,12.90,true,1,
7290108357110,false,"קרליין - נושם ביו דאודורנט רול און 75 מ""ל Valvet Rose לאישה",החברה הדרומית לשיווק בעמ,,קרליין דאו. רולאון 7,Unknown,0.00,Unknown,false,1,12.90,12.90,true,1,
7290108357189,false,"מבשם ומרכך למייבש הכביסה מקסימה פלורל 750 מ""ל סנו",החברה הדרומית לשיווק בעמ,IL,מבשם כביסה סנו מקסימ,מיליליטרים,750.00,"100 מ""ל",false,1,18.90,2.52,true,1,
7290108357196,false,"ג'ט פלוס לניקוי כללי בתוספת תמצית עץ התה 750 מ""ל סנו",החברה הדרומית לשיווק בעמ,IL,גט מתז לניקוי וחיטי,מיליליטרים,750.00,"100 מ""ל",false,1,13.90,1.85,true,1,
7290108357202,false,סנוקליר לניקוי בניחוח בלו בלוסום 1 ליטר,החברה הדרומית לשיווק בעמ,IL,סנוקליר לניקוי בניחו,ליטרים,0.00,ליטר,false,1,9.90,9.90,true,1,
7290108357264,false,"פרש אוטומטי מילוי בניחוח מרכך הכביסה אולטרה 375 מ""ל סנו",החברה הדרומית לשיווק בעמ,IL,מטהר אוויר סנו פרש א,מיליליטרים,250.00,"100 מ""ל",false,1,14.90,5.96,true,1,
7290108357271,false,סנובון ג'ל לניקוי אסלות עם חמצן פעיל לניקוי עוצמתי,החברה הדרומית לשיווק בעמ,,סנובון מוצק בניחוח כ,מיליליטרים,0.00,"100 מ""ל",false,1,11.90,11.90,true,1,
7290108357295,false,"מרסס אוקסיג'ן מסיר כתמים סנו לכביסה לבנה 750 מ""ל",החברה הדרומית לשיווק בעמ,,סנו אוקסיגן מסיר כתמ,מיליליטרים,750.00,"100 מ""ל",false,1,14.90,1.99,true,1,
7290108357394,false,"תחליב רחצה וניל ופלפל ורוד קרמה 700מ""ל",החברה הדרומית לשיווק בעמ,,תחליב רחצה קרמה חלב,מיליליטרים,700.00,"100 מ""ל",false,1,16.90,2.41,true,1,
7290108357431,false,"קרם גוף קרמה בריזת ים 500 מ""ל",החברה הדרומית לשיווק בעמ,,קרם גוף קרמה בריזת י,מיליליטרים,500.00,"100 מ""ל",false,1,26.50,5.30,true,1,
7290108357493,false,"תחליב רחצה קרמה וניל ופלפל ורוד 700 מ""ל",החברה הדרומית לשיווק בעמ,,תחליב רחצה קרמה וניל,מיליליטרים,700.00,"100 מ""ל",false,1,16.90,2.41,true,1,
7290108357578,false,"קרם ידיים קרמה וניל ופלפל ורוד 100מ""ל",החב הדרומית לשיווק,,קרם ידיים קרמ וניל ו,מיליליטרים,100.00,"100 מ""ל",false,1,9.90,9.90,true,1,
7290108357653,false,סנובון ג'ל לאסלה שלישיה בניחוח אוקיינוס,החברה הדרומית לשיווק בעמ,,סנובון שלישיה בניחוח,Unknown,0.00,Unknown,false,1,16.90,16.90,true,1,
7290108357714,false,"כיף שמפו לשיער יבש -רימונים ושמן ארגן 700 מ""ל",החברה הדרומית לשיווק בעמ,IL,שמפו כיף לשיער יבש ר,מיליליטרים,700.00,"100 מ""ל",false,1,12.90,1.84,true,1,
7290108357769,false,"מרכך לשיער רגיל תפוח וזרעי צ'יה 700 מ""ל כיף",החברה הדרומית לשיווק בעמ,IL,מרכך כיף לשיער רגיל,מיליליטרים,700.00,"100 מ""ל",false,1,12.90,1.84,true,1,
7290108357776,false,"כיף מרכך לשיער יבש -רימונים ושמן ארגן 700 מ""ל",החברה הדרומית לשיווק בעמ,IL,מרכך כיף לשיער יבש ר,מיליליטרים,700.00,"100 מ""ל",false,1,12.90,1.84,true,1,
7290108357837,false,כיף אל סבון 1 ליטר ג'נסינג שקית מילוי + פקק,החברה הדרומית לשיווק בעמ,IL,כיף אלסבון שקית מילו,Unknown,0.00,Unknown,false,1,10.90,10.90,true,1,
7290108357851,false,"כיף - ג'ל רחצה אליקסיר אוילס מועשר בשמן קוקוס 700 מ""ל",החברה הדרומית לשיווק בעמ,IL,תחליב רחצה כיף ורד ו,מיליליטרים,700.00,"100 מ""ל",false,1,13.50,1.93,true,1,
7290108357875,false,"כיף - שמפו לחות מוגברת עם אפרסק וחמאת מורומורו 700 מ""ל",החברה הדרומית לשיווק בעמ,IL,שמפו כיף לחות מוגברת,מיליליטרים,700.00,"100 מ""ל",false,1,14.30,2.04,true,1,
7290108357882,false,"כיף - מרכך לחות מוגברת עם אפרסק וחמאת מורומורו 700 מ""ל",החברה הדרומית לשיווק בעמ,IL,מרכך כיף לחות מוגברת,מיליליטרים,700.00,"100 מ""ל",false,1,14.30,2.04,true,1,
7290108358070,false,"תחליב רחצה קלאסי קרמה 700מ""ל.",החברה הדרומית לשיווק בעמ,,תחליב רחצה קרמה קלאס,מיליליטרים,700.00,"100 מ""ל",false,1,16.90,2.41,true,1,
7290108358087,false,"תחליב רחצה מאסק קרמה 700מ""ל.",החברה הדרומית לשיווק בעמ,,תחליב רחצה קרמה מאסק,מיליליטרים,700.00,"100 מ""ל",false,1,16.90,2.41,true,1,
7290108358100,false,"פרש הום מקלות ריחניים לבית בניחוח בייבי 100 מ""ל",החברה הדרומית לשיווק בעמ,,פרש הום מקלות בישום,יחידה,1.00,יחידה,false,1,21.90,21.90,true,1,
7290108358117,false,"פרש הום מקלות ריחניים לבית בניחוח כביסה רעננה 100 מ""ל",החברה הדרומית לשיווק בעמ,,פרש הום מקלות בישום,יחידה,1.00,יחידה,false,1,21.90,21.90,true,1,
7290108358124,false,דפי בישום לחים למייבש הכביסה בניחוח מרכך כביסה 20 יח' מקסימה,טרופיגל דגיל תעשיות קוסמ,,מקסימה דפי בישום למי,Unknown,0.00,Unknown,false,1,14.60,14.60,true,1,
7290108359039,false,סנו סושי 30 שקיות אשפה עם ידיות לפחים גבוהים,החברה הדרומית לשיווק בעמ,,שקיות אשפה סנו 30 יח,Unknown,0.00,Unknown,false,1,21.90,21.90,true,1,
7290108359046,false,שקיות אשפה EXTRA חזקאות במיוחד XXL סנו סושי 20 יח',החברה הדרומית לשיווק בעמ,IL,שקיות אשפה חזקות במי,Unknown,0.00,Unknown,false,1,28.50,28.50,true,1,
7290108359077,false,סנו - סופט לושן ממחטות אף בקופסא 3 שכבות 120 יח',החברה הדרומית לשיווק בעמ,IL,ממחטות אף סופט לושן,יחידה,1.00,יחידה,false,1,14.60,14.60,true,1,
7290108359084,false,סנו סושי כיסוי ניילון עם גומי 30 יחידות M,החברה הדרומית לשיווק בעמ,IL,סושי כיסוי עם גומי מ,Unknown,0.00,Unknown,false,1,11.90,11.90,true,1,
7290108359091,false,סנו סושי כיסוי ניילון עם גומי 30 יחידות L,החברה הדרומית לשיווק בעמ,IL,סושי כיסוי עם גומי ל,Unknown,0.00,Unknown,false,1,11.90,11.90,true,1,
7290108359114,false,סנו סושי – 10 חמגשית אלומיניום עם מכסה,החברה הדרומית לשיווק בעמ,,סושי חמגשית + מכסה 1,יחידה,1.00,יחידה,false,1,11.90,11.90,true,1,
7290108359145,false,סנו סושי דפי ספוג הפלא 12 יח`,החברה הדרומית לשיווק בעמ,,סושי דפי ספוג הפלא,Unknown,0.00,Unknown,false,1,14.20,14.20,true,1,
7290108359152,false,"תבנית אלומיניום עגולה 25 ס""מ -6 יחי סנו סושי",החברה הדרומית לשיווק בעמ,IL,"תבניות עגולות 25 ס""מ",Unknown,0.00,Unknown,false,1,11.90,11.90,true,1,
7290108359169,false,"תבנית אלומיניום עגולה 628 ס""מ יחי סנו סושי",החברה הדרומית לשיווק בעמ,IL,"תבניות עגולות 28 ס""מ",Unknown,0.00,Unknown,false,1,11.90,11.90,true,1,
7290108359183,false,שקית אשפה חזקות 70*50 60 יח' סנו סושי,החברה הדרומית לשיווק בעמ,IL,שקיות אשפה 60 יחידות,Unknown,0.00,Unknown,false,1,24.90,24.90,true,1,
7290108359855,false,"שמפו אל דמע בייבי כיף+משאבה 750 מ""ל",החברה הדרומית לשיווק בעמ,IL,שמפו אל דמע בייבי כי,מיליליטרים,750.00,"100 מ""ל",false,1,15.90,2.12,true,1,
7290108359879,false,"אלסבון בייבי כיף+משאבה 750 מ""ל",החברה הדרומית לשיווק בעמ,IL,אלסבון בייבי כיף+משא,מיליליטרים,750.00,"100 מ""ל",false,1,15.90,2.12,true,1,
7290108359985,false,סנו - ז'אוול מרסס קצף לניקוי וחינו בניחוח פריחה לבנה 1 ליטר,החברה הדרומית לשיווק בעמ,,סנו זאוול מרסס פריחה,מיליליטרים,1000.00,"100 מ""ל",false,1,18.90,1.89,true,1,
7290108500264,false,טונה בהירה בשמן פתח קל ויליפוד 95 גרם,ג.וילי פוד אינטרנשיונל בעמ,TH,נתחי טונה בהירה בשמן,גרמים,95.00,100 גרם,false,1,3.90,4.11,true,1,
7290108500677,false,כבד דג שיבוט בשמן דג וילי פוד 115 גרם,ג. וילי-פוד אינטרנשיונל בע`מ,,כבד דג שיבוט בשמן הד,גרמים,115.00,100 גרם,false,1,11.40,9.91,true,1,
7290108501346,false,גבינה מגורדת גאודה 28% שומן EURO CHEESE ויליפוד 500 גרם,ג.וילי-פוד אינטרנשיונל **גבינו,,גבינה גאודה מגורדת 2,גרמים,500.00,100 גרם,false,1,24.90,4.98,true,1,
7290108501490,false,גבינת מוצרלה פרוסות 150 גר`וילי פוד,ג.וילי-פוד אינטרנשיונל **גבינו,,מוצרלה פרוסות 150 גר,גרמים,150.00,100 גרם,false,1,15.60,10.40,true,1,
7290108501827,false,קדאיף שערות בצק ויליפוד 450 גרם,ג.וילי-פוד אינטרנשיונל **גבינו,,קדאיף שערות בצק 450,גרמים,450.00,100 גרם,false,1,26.50,5.89,true,1,
7290108501971,false,חטיף בוטנים ומשמש הפי נאטס מארז 35X4ג',ג.וילי פוד אינטרנשיונל בעמ,,הפי נוטס חטיף בוטנים,גרמים,140.00,100 גרם,false,1,12.90,9.21,true,1,
7290108501988,false,חטיף שקדים וחמוציות הפי נוטס מארז 35X4ג',ג. וילי-פוד אינטרנשיונל בע`מ,,הפי נוטס חטיף שקדים,גרמים,140.00,100 גרם,false,1,12.90,9.21,true,1,
7290108502329,false,רביעיית טונה בשמן זית ויליפוד 4*160 גרם,ג. וילי-פוד אינטרנשיונל בע`מ,TH,רביעית טונה בשמן זית,גרמים,640.00,100 גרם,false,1,28.50,4.45,true,1,
7290108502541,false,גבינת שמנת טעם טבעי ויליפוד 200 גרם,ג.וילי-פוד אינטרנשיונל **גבינו,,גבינת שמנת טבעי 200,גרמים,200.00,100 גרם,false,1,13.50,6.75,true,1,
7290108502558,false,גבינת שמנת טעם טבעי לייט ויליפוד 200 גרם,ג.וילי-פוד אינטרנשיונל **גבינו,,גבינת שמנת לייט טבעי,גרמים,200.00,100 גרם,false,1,13.50,6.75,true,1,
7290108502589,false,גבינת שמנת עם שום ויליפוד 200 גרם,ג.וילי-פוד אינטרנשיונל **גבינו,,גבינת שמנת שום 200 ג,גרמים,200.00,100 גרם,false,1,13.50,6.75,true,1,
7290108502725,false,גבינת גאודה פרוסות ויליפוד 400 גרם,ג.וילי-פוד אינטרנשיונל **גבינו,IL,גבינת גאודה פרוסות 4,גרמים,400.00,100 גרם,false,1,19.90,4.98,true,1,
7290108502763,false,גבינת קממבר ויליפוד 200 גרם,ג.וילי-פוד אינטרנשיונל **גבינו,FR,גבינה קממבר 200 גר,גרמים,200.00,100 גרם,false,1,20.90,10.45,true,1,
7290108502862,false,מלפפונים כבושים במלח 18-25 קטנים ויליפוד 600 גרם,ג. וילי-פוד אינטרנשיונל בע`מ,,מלפפונים כבושים במלח,גרמים,600.00,100 גרם,false,1,10.40,1.73,true,1,
7290108503043,false,תפוחונים חטיף פלחים מיובשים מארז 22X4ג',ג. וילי-פוד אינטרנשיונל בע`מ,CN,מארז תפוחונים 4 * 22,גרמים,88.00,100 גרם,false,0,14.90,16.93,true,1,
7290108503067,false,פרמז'נו משולש ויליפוד 150 גרם,ג.וילי-פוד אינטרנשיונל **גבינו,,פרמזנו משולש 150 גרם,גרמים,150.00,100 גרם,false,1,16.70,11.13,true,1,
7290108503692,false,פיצה מרגריטה ויליפוד 380 גרם,ג.וילי-פוד אינטרנשיונל **גבינו,IT,פיצה מרגריטה 380 גר,גרמים,380.00,100 גרם,false,1,15.90,4.18,true,1,
7290108503708,false,פיצה עם פטריות ויליפוד 390 גרם,ג.וילי-פוד אינטרנשיונל **גבינו,IT,פיצה עם פטריות 390 ג,גרמים,390.00,100 גרם,false,1,15.90,4.08,true,1,
7290108503715,false,פיצה עם זיתים ויליפוד 385 גרם,ג.וילי-פוד אינטרנשיונל **גבינו,IT,פיצה עם זיתים 385 גר,גרמים,385.00,100 גרם,false,1,15.90,4.13,true,1,
7290108503814,false,גבינה מותכת למריחה 200 גרם,ג. וילי-פוד אינטרנשיונל בע`מ,FI,גבינה מותכת ויאולה,גרמים,200.00,100 גרם,false,1,12.50,6.25,true,1,
7290108503999,false,פרוסות גבינה בטעם גאודה לכריכים וטוסטים ויליפוד 150 גרם,ג.וילי-פוד אינטרנשיונל **גבינו,ES,פרוסות גבינה גאודה 1,גרמים,150.00,100 גרם,false,1,13.50,9.00,true,1,
7290108504002,false,פרוסות גבינה בטעם צ'דר לכריכים וטוסטים ויליפוד 150 גרם,ג.וילי-פוד אינטרנשיונל **גבינו,ES,פרוסות גבינה לייט 9%,גרמים,150.00,100 גרם,false,1,12.90,8.60,true,1,
7290108504378,false,גבינת שמנת עם זיתים ויליפוד 200 גרם,ג.וילי-פוד אינטרנשיונל **גבינו,DE,גבינת שמנת עם זיתים,גרמים,200.00,100 גרם,false,1,13.50,6.75,true,1,
7290108504385,false,גבינת שמנת עם חלפיניו ויליפוד 200 גרם,ג.וילי-פוד אינטרנשיונל **גבינו,DE,גבינת שמנת עם חלפיני,גרמים,200.00,100 גרם,false,1,13.50,6.75,true,1,
7290108504392,false,גבינת שמנת לייט עם זיתים 200 ג' - EURO CHEESE,ג. וילי-פוד אינטרנשיונל בע`מ,DE,גבינת שמנת לייט עם ז,גרמים,200.00,100 גרם,false,1,13.50,6.75,true,1,
7290108504408,false,גבינת שמנת לייט עם חלפיניו ויליפוד 200 גרם,ג.וילי פוד אינטרנשיונל בעמ,DE,גבינת שמנת לייט עם ח,גרמים,200.00,100 גרם,false,1,13.50,6.75,true,1,
7290108504699,false,רביעיית טונה בשמן קנולה פתח קל ויליפוד 4*160 גרם,ג.וילי-פוד אינטרנשיונל בעמ,TH,רביעית טונה בשמן קנו,גרמים,640.00,100 גרם,false,1,19.90,3.11,true,1,
7290108505184,false,יוגורט עם קוקוס 5% שומן ויליפוד 150 גרם,ג.וילי-פוד אינטרנשיונל **גבינו,GR,יוגורט עם קוקוס 5% ש,גרמים,150.00,100 גרם,false,1,6.20,4.13,true,1,
7290108505719,false,גבינת מוצרלה מגורדת EURO CHEESE ויליפוד 200 גרם,ג.וילי-פוד אינטרנשיונל **גבינו,TR,גבינת קשקבל חצי קשה,גרמים,200.00,100 גרם,false,0,12.90,6.45,true,1,
7290108505726,false,אצבעות גבינת חצי קשה EURO CHEESE ויליפוד 200 גרם,ג.וילי-פוד אינטרנשיונל **גבינו,TR,אצבעות גבינה חצי קשה,גרמים,200.00,100 גרם,false,0,12.90,6.45,true,1,
7290108505733,false,צמות -גבינה חצי קשה 25% שומן ( 200 גר) ו,ג.וילי-פוד אינטרנשיונל **גבינו,TR,גבינה צמות חצי קשה,גרמים,200.00,100 גרם,false,0,12.90,6.45,true,1,
7290108505740,false,קשקבל גבינה חצי קשה EURO CHEESE ויליפוד 200 גרם,ג.וילי-פוד אינטרנשיונל **גבינו,TR,גבינת קשקבל חצי קשה,גרמים,200.00,100 גרם,false,0,12.90,6.45,true,1,
7290108506426,false,סימיט בייגלה קפוא 400 גר` פינוקים וילי פ,ג.וילי-פוד אינטרנשיונל **גבינו,TR,סימיט - בייגלה קפוא,גרמים,400.00,100 גרם,false,1,19.80,4.95,true,1,
7290108506495,false,"כנאפה מאפה בצק ""שערות"" קדאיף וגבינה",ג.וילי-פוד אינטרנשיונל **גבינו,TR,כנאפה קפוא 192.5 גרם,גרמים,193.00,100 גרם,false,1,16.70,8.65,true,1,
7290108506501,false,אצבעות בצק פילו ממולאות גבינה 500 ג' ויליפוד,ג.וילי-פוד אינטרנשיונל **גבינו,,אצבעות בצק פילו ממול,גרמים,500.00,100 גרם,false,1,17.90,3.58,true,1,
7290108506518,false,אצבעות בצק פילו ממולאות גבינה ותרד 500 ג' ויליפוד,ג.וילי-פוד אינטרנשיונל **גבינו,,אצבעות בצק פילו ממול,גרמים,500.00,100 גרם,false,1,17.90,3.58,true,1,
7290108506662,false,רביולי פטריות ויליפוד 250 גרם,ג. וילי-פוד אינטרנשיונל בע`מ,IT,רביולי פטריות 250 גר,גרמים,250.00,100 גרם,false,1,15.60,6.24,true,1,
7290108506969,false,מאפה בורקס מים תורכי גבינה ויליפוד 300 גרם,ג.וילי-פוד אינטרנשיונל **גבינו,TR,בורקס מים תורכי 300,גרמים,300.00,100 גרם,false,1,18.80,6.27,true,1,
7290108507010,false,מאפה בורקס מים תורכי תרד וגבינה ויליפוד 300 גרם,ג.וילי-פוד אינטרנשיונל **גבינו,TR,בורקס מים תורכי תרד,גרמים,300.00,100 גרם,false,1,18.80,6.27,true,1,
7290108507058,false,ביסקויט פריך בשוקולד חלב 100 גרם -קהילות,ג. וילי-פוד אינטרנשיונל בע`מ,TR,ביסקויט פריך בשוקולד,גרמים,100.00,100 גרם,false,1,6.90,6.90,true,1,
7290108507065,false,גבינת פרמג'אנו רגיאנו מגורדת ויליפוד 100 גרם,ג.וילי-פוד אינטרנשיונל **גבינו,IT,גבינת פרמגיאנו רגיאנ,גרמים,100.00,100 גרם,false,1,16.70,16.70,true,1,
7290108507072,false,שבבי גבינת גרנה פדנו ויליפוד 100 גרם,ג. וילי-פוד אינטרנשיונל בע`מ,,שבבי גבינת גרנה פדנו,גרמים,100.00,100 גרם,false,1,11.40,11.40,true,1,
7290108507188,false,כנאפה קפוא אריזה משפחתית 657.5 גרם,ג.וילי-פוד אינטרנשיונל **גבינו,,כנאפה קפוא אריזה משפ,גרמים,658.00,100 גרם,false,1,36.50,5.55,true,1,
7290108507645,false,ביסקויט פריך בשוקולד מריר 100 גרם -קהילות,ג. וילי-פוד אינטרנשיונל בע`מ,TR,ביסקויט פריך בשוקולד,גרמים,100.00,100 גרם,false,1,6.90,6.90,true,1,
7290108507652,false,ביסקויט פריך בשוקולד לבן 100 גרם -קהילות,ג. וילי-פוד אינטרנשיונל בע`מ,TR,ביסקויט פריך בשוקולד,גרמים,100.00,100 גרם,false,1,6.90,6.90,true,1,
7290108507911,false,קינואה עם טונה וירקות - מוכן לאכילה,ג. וילי-פוד אינטרנשיונל בע`מ,TR,קינואה עם טונה וירקו,גרמים,160.00,100 גרם,false,1,13.10,8.19,true,1,
7290108508499,false,"איירן משקה יוגורט בסגנון טורקי יורו 293 מ""ל",ג.וילי-פוד אינטרנשיונל **גבינו,TR,איירן משקה יוגורט בס,מיליליטרים,293.00,"100 מ""ל",false,1,6.50,2.22,true,1,
7290108508765,false,קונכיות פתיתים 400 גרם וילי פוד,ג. וילי-פוד אינטרנשיונל בע`מ,TR,קונכיות פתיתים 400גר,גרמים,400.00,100 גרם,false,1,6.90,1.73,true,1,
7290108508772,false,קונכיות פתיתים עם תרד 400 גרם וילי פוד,ג. וילי-פוד אינטרנשיונל בע`מ,TR,קונכיות פתיתים עם תר,גרמים,400.00,100 גרם,false,1,6.90,1.73,true,1,
7290108508888,false,ביסקוויטים פתי בר ויליפוד 500 ג',מודרן צ'יקולטה,,ביסקוויטים פתי בר וי,גרמים,500.00,100 גרם,false,1,6.50,1.30,true,1,
7290108508970,false,תה ג`רבה עלי מנטה 500 גרם וילי פוד,ג.וילי-פוד אינטרנשיונל בעמ,,תה גרבה 500 גרם,גרמים,500.00,100 גרם,false,1,23.90,4.78,true,1,
7290108509052,false,מאפה פילו במילוי גבינת פטה ויליפוד 400 גרם,ג.וילי-פוד אינטרנשיונל **גבינו,GR,מאפה פילו ממולא גבינ,גרמים,400.00,100 גרם,false,1,20.90,5.23,true,1,
7290108509069,false,מאפה פילו יווני מסורתי ממולא ירקות ירוקים,ג.וילי-פוד אינטרנשיונל **גבינו,GR,מאפה פילו ממולא,גרמים,400.00,100 גרם,false,1,20.90,5.23,true,1,
7290108509106,false,"גבינה בולגרית מעודנת בקוביות 13% שומן 200 ג' חת""ס פ""ת",ג.וילי-פוד אינטרנשיונל **גבינו,,גבינה בולגרית מעודנת,גרמים,200.00,100 גרם,false,1,12.90,6.45,true,1,
7290108509113,false,"גבינה בולגרית מעודנת 18% שומן 250 גרם חת""ס פ""ת",ג.וילי-פוד אינטרנשיונל **גבינו,,גבינה בולגרית מעודנת,גרמים,250.00,100 גרם,false,1,12.90,5.16,true,1,
7290108509120,false,גבינה בולגרית מעודנת 18% שומן יורו 500 ג',ג.וילי-פוד אינטרנשיונל **גבינו,,גבינה בולגרית מעודנת,גרמים,500.00,100 גרם,false,1,23.90,4.78,true,1,
7290108509199,false,גבינת פטה 17% שומן יורו 500 ג',ג.וילי-פוד אינטרנשיונל **גבינו,,גבינה פטה 17% שומן 5,גרמים,500.00,100 גרם,false,1,24.90,4.98,true,1,
7290108509205,false,ויליפוד חטיף אורז אפוי בטעם טבעי לתינוקות 50 גר',ג. וילי-פוד אינטרנשיונל בע`מ,TH,חטיף אורז אפוי טבעי,גרמים,50.00,100 גרם,false,1,12.90,25.80,true,1,
7290108509212,false,ויליפוד חטיף אורז אפוי בטעם ירקות לתינוקות 50 גר',ג. וילי-פוד אינטרנשיונל בע`מ,TH,חטיף אורז אפוי טעם י,גרמים,50.00,100 גרם,false,1,12.90,25.80,true,1,
7290108509229,false,חטיף אורז בטעם בננה לתינוקות ויליפוד 50 גרם,ג. וילי-פוד אינטרנשיונל בע`מ,TH,חטיף אורז אפוי טעם ב,גרמים,50.00,100 גרם,false,1,12.90,25.80,true,1,
7290108509250,false,"אנטיפסטי ארטישוק+עגבניות מיובשות וצלפים בשמן חמניות 380 מ""ל",ג. וילי-פוד אינטרנשיונל בע`מ,,אנטיפסטי ארטישוק בשמ,מיליליטרים,380.00,"100 מ""ל",false,1,24.90,6.55,true,1,
7290108509359,false,פופקורן בציפוי בטעם קרמל ויליפוד 90 גרם,ג. וילי-פוד אינטרנשיונל בע`מ,UA,פופקורן בציפוי בטעם,גרמים,90.00,100 גרם,false,1,8.30,9.22,true,1,
7290108509397,false,עלי בצק פילו(משולשים )360גרם ויליפוד,ג.וילי-פוד אינטרנשיונל **גבינו,TR,עלי בצק פילו משולשים,גרמים,360.00,100 גרם,false,1,12.90,3.58,true,1,
7290108509410,false,חלבה טורקית עם קקאו 350 גרם ויליפוד,ג.וילי פוד אינטרנשיונל בעמ,,חלבה טורקית עם קקאו,גרמים,350.00,100 גרם,false,1,11.90,3.40,true,1,
7290108509434,false,טחינה ויליפוד 500 גרם,,,טחינה 500 גרם,גרמים,500.00,100 גרם,false,1,11.90,2.38,true,1,
7290108509588,false,גבינה פטה 24% עם עשבי תיבול 153 גרם ויליפוד,ג.וילי-פוד אינטרנשיונל **גבינו,,גבינה מלוחה עם עשבי,גרמים,153.00,100 גרם,false,1,17.90,11.70,true,1,
7290108509618,false,זיתים ירוקים על הגריל מגולענים במרינדה 730 גרם,,TR,זיתים ירוקים על הגרי,גרמים,730.00,100 גרם,false,1,24.90,3.41,true,1,
7290108509700,false,אורז פרסי 1 קג`DAAWAT וילי פוד,ג. וילי-פוד אינטרנשיונל בע`מ,IN,"אורז פרסי 1 ק""ג DAAW",גרמים,1000.00,100 גרם,false,1,10.40,1.04,true,1,
7290108509755,false,EURO גבינת חלומי 23% שומן 250 גרם,ג.וילי-פוד אינטרנשיונל **גבינו,,גבינה חלומי 250 גרם,גרמים,250.00,100 גרם,false,1,24.90,9.96,true,1,
7290108509816,false,גבינת בייבי מוצרלה EURO CHEESE ויליפוד 200 גרם,ג.וילי-פוד אינטרנשיונל **גבינו,,גבינת בייבי מוצרלה 2,גרמים,200.00,100 גרם,false,0,16.70,8.35,true,1,
7290108509908,false,"מנת השף בשקית-איטריות בטעם ירקות 85 ג' חתם סופר ב""ב",ג. וילי-פוד אינטרנשיונל בע`מ,TH,אטריות להכנה מהירה ב,גרמים,85.00,100 גרם,false,1,3.90,4.59,true,1,
7290108509915,false,"מנת השף בשקית-איטריות בטעם סיני פיקנטי 85 ג' חתם סופר ב""ב",ג. וילי-פוד אינטרנשיונל בע`מ,TH,אטריות להכנה מהירה ס,גרמים,85.00,100 גרם,false,1,3.90,4.59,true,1,
7290108509922,false,מנתהשף אטריות להכנה מהירה טעם עוף ויליפוד 85 גרם,ג. וילי-פוד אינטרנשיונל בע`מ,TH,אטריות להכנה מהירה ב,גרמים,85.00,100 גרם,false,1,3.90,4.59,true,1,
7290108509960,false,נתחי טונה בהירה בשמן זית כתית מעולה - מארז 3 יח',ג. וילי-פוד אינטרנשיונל בע`מ,,נתחי טונה בהירה בשמן,גרמים,240.00,100 גרם,false,1,14.90,6.21,true,1,
7290109351025,false,מלך החומוס חומוסטחינה 40% טחינה גולמית,קבוצת אוסם סחר שותפות מוגבלת,,מלך חומוס חומוסטחינה,גרמים,400.00,100 גרם,false,1,16.70,4.18,true,1,
7290109351971,false,פריכיות דגנים פיטנס מצופות שוקולד חלב,קבוצת אוסם סחר שותפות מוגבלת,,פיטנס בר פריכיות שוק,גרמים,84.00,100 גרם,false,1,12.90,15.36,true,1,
7290109352916,false,פריכיות דגנים פיטנס מצופות שוקולד לבן,קבוצת אוסם סחר שותפות מוגבלת,,פיטנס בר פריכיות שוק,גרמים,84.00,100 גרם,false,1,12.90,15.36,true,1,
7290109353494,false,פסטה פרפקטו פארפאלה 500ג' אסם,קבוצת אוסם סחר-שות.מוגבלת,,פרפקטו פארפאלה 500,גרמים,500.00,100 גרם,false,1,7.90,1.58,true,1,
7290109354057,false,קרחון לה פרוטה שרבט אננס תפוז מאגדת 5 יח',נגה גלידות שותפות מוגבלת,,מאגדת לה פרוטה תפוז,Unknown,0.00,Unknown,false,1,27.50,27.50,true,1,
7290109354101,false,קרקר לחמית ללא גלוטן 200 גר אסם,קבוצת אוסם סחר שותפות מוגבלת,,לחמית ללא גלוטן,גרמים,200.00,100 גרם,false,1,11.40,5.70,true,1,
7290109358284,false,"שניצל תירס עם חלבון 664 גר' ""טבעול""",קבוצת אוסם סחר שותפות מוגבלת,,שניצל תירס עם חלבון,גרמים,664.00,100 גרם,false,1,36.50,5.50,true,1,
7290109358482,false,עוגיות קרמוגית במילוי קרם בטעם חלבה,קבוצת אוסם סחר שותפות מוגבלת,,עוגיות קרמוגית במילו,גרמים,200.00,100 גרם,false,1,11.40,5.70,true,1,
7290109358765,false,דגני בוקר קראנץ' רולס נוגט 450 גרם,קבוצת אוסם סחר-שות.מוגבלת,,קראנץ רולס 450 גרם,גרמים,450.00,100 גרם,false,1,23.90,5.31,true,1,
7290109580036,false,"שניצל תירס 1.25 ק""ג זוגלובק",,,"שניצל תירס 1.25 ק""ג",גרמים,1250.00,100 גרם,false,1,37.90,3.03,true,1,
7290109580050,false,נקניקיות צ'וריסוס וונדרס 0% בשר טבעוני ללא גלוטן,זוגלובק שיווק בעמ ו/או וונדרס,,נקניקיות צוריסוס,גרמים,226.00,100 גרם,false,1,36.50,16.15,true,1,
7290109580067,false,וונדרס טחון מן הצומח 340 גר`,זוגלובק שיווק בעמ ו/או וונדרס,,טחון wonders 340 גר,גרמים,340.00,100 גרם,false,1,36.50,10.74,true,1,
7290109580234,false,"נקניקיות מרגז חריפות וונדרס 0% בשר, טבעוני",זוגלובק שיווק בעמ ו/או וונדרס,,נקניקיות מרגז wonder,גרמים,226.00,100 גרם,false,1,35.50,15.71,true,1,
7290109580241,false,נאגטס מן הצומח זוגלובק 500 גרם,נקניק זוגלובק נהריה,,נאגטס מן הצומח זוגלו,גרמים,500.00,100 גרם,false,1,29.90,5.98,true,1,
7290109580319,false,"בורגר וונדרס 0% בשר , טבעוני",זוגלובק שיווק בעמ ו/או וונדרס,,בורגר wonders 280 גר,גרמים,280.00,100 גרם,false,1,35.50,12.68,true,1,
7290109580449,false,סלמי בטעם כמהין פרימיום זוגלובק 180 גרם,נקניק זוגלובק נהריה,,סלמי בטעם כמהין 180,גרמים,160.00,100 גרם,false,1,23.90,14.94,true,1,
7290109640020,false,גוש טבעוני בטעם מוצרלה 18% שומן 300 גרם - משומשו,וי גרדן,,גוש טבעוני בטעם מוצר,גרמים,300.00,100 גרם,false,1,22.90,7.63,true,1,
7290109640198,false,מגורדת לפיצה ולאפיה 20% שומן 200 גרם - משומשו,קפוא זן תעשיות מזון בעמ,IL,מגורדת לפיצה ואפיה 2,גרמים,200.00,100 גרם,false,1,19.90,9.95,true,1,
7290109640372,false,ממרח עם זיתים על בסיס רכיבי קוקוס 9%,קפוא זן תעשיות מזון בעמ,IL,ממרח זיתים בסיס רכיב,גרמים,200.00,100 גרם,false,1,17.90,8.95,true,1,
7290109640402,false,ממרח על בסיס קוקוס 9% שומן 200 גרם - משומשו,קפוא זן תעשיות מזון בעמ,IL,ממרח טבעי 9% בסיס רכ,גרמים,200.00,100 גרם,false,1,17.90,8.95,true,1,
7290109920061,false,ספריי מסיר מדבקות שומן וחומרים נדבקים,"יעקב יעקבי ובניו בע""מ",,ספריי מסיר מדבקות שו,יחידה,1.00,יחידה,false,1,29.90,29.90,true,1,
7290109920146,false,"דורגול מסיר אבנית מקומקומים 750 מ""ל",יעקב יעקבי ובניו בע`מ,,דורגול מסיר אבנית 75,מיליליטרים,750.00,"100 מ""ל",false,1,22.50,3.00,true,1,
7290109920153,false,"מלבין לכביסה לבנה לובן צח, 790 גרם יעקבי","יעקב יעקבי ובניו בע""מ",,מלבין כביסה לבנה יעק,גרמים,790.00,100 גרם,false,1,30.30,3.84,true,1,
7290109920313,false,"אסטוניש מרסס לניקוי חלונות 750 מ""ל","יעקב יעקבי ובניו בע""מ",,מרסס מבריק שמשות אסט,מיליליטרים,750.00,"100 מ""ל",false,1,19.80,2.64,true,1,
7290109920597,false,"אסטוניש - מרסס לניקוי המקלחון 750 מ""ל","יעקב יעקבי ובניו בע""מ",,מרסס למקלחון אסטוניש,מיליליטרים,750.00,"100 מ""ל",false,1,19.80,2.64,true,1,
7290109920603,false,"אסטוניש קרם לניקוי המטבח 500 מ""ל",יעקב יעקבי ובניו בע`מ,,קרם ניקוי אסטוניש למ,מיליליטרים,500.00,"100 מ""ל",false,1,19.80,3.96,true,1,
7290109920658,false,"אסטוניש - מרסס אנטי בקטריאלי למטבח 750 מ""ל","יעקב יעקבי ובניו בע""מ",,מרסס אנטי בקטריאלי ל,מיליליטרים,750.00,"100 מ""ל",false,1,19.80,2.64,true,1,
7290109920665,false,אסטוניש מרסס מסיר אוכל שרוף במטבח יעקובי,יעקב יעקבי ובניו בע`מ,,מרסס מסיר אוכל שרוף,מיליליטרים,750.00,"100 מ""ל",false,1,19.80,2.64,true,1,
7290109920757,false,מרכך כביסה מרוכז ורדים הפי 1 ליטר,"יעקב יעקבי ובניו בע""מ",,מרכך כביסה מרוכז ורד,מיליליטרים,1000.00,"100 מ""ל",false,1,14.90,1.49,true,1,
7290109920825,false,צמד-דורגול אספרסו + דורגול מקציף חלב מתנה,"יעקב יעקבי ובניו בע""מ",CH,נ.ניקוי דורגול לנ.מכ,מיליליטרים,500.00,"100 מ""ל",false,1,31.50,6.30,true,1,
7290109920832,false,דורגול לניקוי וחיטוי למתקן החלב 500 מל,יעקב יעקבי ובניו בעמ,CH,נ.ניקוי דורגול לניקו,מיליליטרים,500.00,"100 מ""ל",false,1,29.90,5.98,true,1,
7290109920849,false,"אסטוניש - מרסס לניקוי כללי בניחוח תפוז 750 מ""ל",יעקב יעקבי ובניו בע`מ,,מרסס תפוז לניקוי רב,מיליליטרים,750.00,"100 מ""ל",false,1,19.80,2.64,true,1,
7290109920870,false,גל כביסה הפי מיוחד לכביסה שחורה וכהה,יעקובי הפי,,גל כביסה הפי מיוחד ל,מיליליטרים,1000.00,"100 מ""ל",false,1,15.30,1.53,true,1,
7290109920917,false,"ג'ל לניקוי אסלה עם כלור הפי 750 מ""ל","יעקב יעקבי ובניו בע""מ",,הפי גל לאסלות עם כלו,מיליליטרים,750.00,"100 מ""ל",false,1,10.90,1.45,true,1,
7290109921075,false,"נוזל דזיטול מחטא בגדים בכביסה 500 מ""ל",יעקב יעקבי ובניו בעמ,ES,נוזל דזיטול מחטא בגד,מיליליטרים,500.00,"100 מ""ל",false,1,17.30,3.46,true,1,
7290109921129,false,מרכך כביסה סופר מרוכז בניחות סיגליות 1 ל' יעקבי,"יעקב יעקבי ובניו בע""מ",,מרכך כביסה סופר מרוכ,מיליליטרים,1000.00,"100 מ""ל",false,1,14.90,1.49,true,1,
7290109921303,false,טורבול SLIM סופג לחות 2 מגשיות יעקבי,יעקב יעקבי ובניו בעמ,SE,סופג לחות טורבול sli,Unknown,0.00,Unknown,false,1,31.50,31.50,true,1,
7290109921372,false,אסטוניש משחה לניקוי תנורים וגריל+ספוג 250 גרם,"יעקב יעקבי ובניו בע""מ",GB,משחה לניקוי תנורים א,גרמים,250.00,100 גרם,false,1,18.90,7.56,true,1,
7290109921389,false,נוזל מקצועי לניקוי רצפות השיפוצניק יעקבי,יעקובי,TR,נוזל מקצועי לניקוי ר,ליטרים,0.00,ליטר,false,1,21.90,21.90,true,1,
7290109921488,false,"דורגול לניקוי וחיטוי מכונת הכביסה יעקבי 500 מ""ל","יעקב יעקבי ובניו בע""מ",CH,נ.לניקוי וחיטוי מכונ,מיליליטרים,500.00,"100 מ""ל",false,1,31.50,6.30,true,1,
7290109921587,false,רצפות גרניט פורצלן ייבוש מהיר ללא סימנים,"יעקב יעקבי ובניו בע""מ",BE,נוזל רצפות יעקבי גרנ,ליטרים,0.00,ליטר,false,1,16.90,16.90,true,1,
7290109921822,false,הגרטי זוג כפפות להברקת כלי כסף,,CH,הגרטי זוג כפפות להבר,Unknown,0.00,Unknown,false,1,59.00,59.00,true,1,
7290109921952,false,ג'ל כביסה סופרו אקטיב יעקובי ירוק 2.5 ליטר,יעקב יעקבי ובניו בעמ,,גל כביסה סופר אקלור,ליטרים,0.00,ליטר,false,1,24.90,24.90,true,1,
7290109921976,false,ג'ל כביסה סופרו אקטיב יעקובי לבן 2.5 ליטר,"יעקב יעקבי ובניו בע""מ",,גל כביסה תינוק סופר,ליטרים,0.00,ליטר,false,1,24.90,24.90,true,1,
7290109922843,false,האקונומיקה המובילה באירופה נוסחה ייחודית מרוכז 2 ל,יעקב יעקבי ובניו בעמ,,אקונומיקה נוסחה עוצמ,יחידה,1.00,יחידה,false,1,11.90,11.90,true,1,
7290109922867,false,2 in 1 - סופרו - ג'ל כביסה מרוכז עם מרכך יעקבי,"יעקב יעקבי ובניו בע""מ",,SUPERO גל כביסה עם מ,יחידה,1.00,יחידה,false,1,27.90,27.90,true,1,
7290109922881,false,דורגול מרסס מרוכז למטבח 600 מל,יעקב יעקבי ובניו בעמ,IL,דורגול מרסס מרוכז למ,Unknown,1.00,Unknown,false,1,24.90,24.90,true,1,
7290109922911,false,דזיטול חיטוי נעליים מפטריות חיידקים וריחות 150מל,יעקב יעקבי ובניו בעמ,,דזיטול חיטוי נעליים,Unknown,0.00,Unknown,false,1,19.90,19.90,true,1,
7290109923024,false,"אסטוניש - מרסס פרמיום ארומטיק למטבח 750 מ""ל",יעקב יעקבי ובניו בעמ,,אסטוניש מרסס פרמיום,יחידה,1.00,יחידה,false,1,15.90,15.90,true,1,
7290109923031,false,"אסטוניש מרסס פרימיום ארומטיק למקלחון 750 מ""ל","יעקב יעקבי ובניו בע""מ",,אסטוניש מרסס פרמיום,יחידה,1.00,יחידה,false,1,15.90,15.90,true,1,
7290109923048,false,"אסטוניש - מרסס פרמיום ארומטיק לכל הבית 750 מ""ל","יעקב יעקבי ובניו בע""מ",,אסטוניש מרסס פרמיום,יחידה,1.00,יחידה,false,1,15.90,15.90,true,1,
7290109923079,false,דזיטול נוזל מרוכז לחיטוי כללי ולרצפות 2 ליטר,יעקב יעקבי ובניו בעמ,IL,דזיטול נוזל מרוכז לח,Unknown,1.00,Unknown,false,1,24.90,24.90,true,1,
7290109923093,false,"אסטוניש - קרם כיריים הלוגן ומיקרו 500 מ""ל","יעקב יעקבי ובניו בע""מ",IL,אסטוניש קרם כיריים ה,Unknown,1.00,Unknown,false,1,14.90,14.90,true,1,
7290109923109,false,סבון אסלה 5 צדפות +אקונומיקה 2 יח',יעקב יעקבי ובניו בעמ,IL,סבון אסלה 5 צדפות +,Unknown,1.00,Unknown,false,1,12.90,12.90,true,1,
7290109923130,false,מדליק לפחמים קוביות הפי 24 יח',"יעקב יעקבי ובניו בע""מ",,מדליק פחמים הפי קובי,Unknown,0.00,Unknown,false,1,14.60,14.60,true,1,
7290110059453,false,סוכריות סודה צמיד עם שעון שקית -הלו קיטי,Unknown,CN,סוכריות סודה צמיד עם,גרמים,1.00,100 גרם,false,1,12.90,1290.00,true,1,
7290110059545,false,"בקבוק נירוסטה מעוצב 500מ""ל ספידרמן",שמחה זה אנחנו בע`מ,,בקבוק נירוסטה ספידרמ,Unknown,0.00,Unknown,false,1,29.90,29.90,true,1,
7290110110277,false,"סומרסבי סיידר תפוחים אלכוהולי 4*300 מ""ל",החברה המרכזית להפצת משקאות בעמ,,סומרסבי סיידר תפוחים,מיליליטרים,1320.00,"100 מ""ל",false,1,27.90,2.11,true,1,
7290110110369,false,"שישייה בירה קרלסברג LUMA בקבוק 330 מ""ל",החברה המרכזית להפצת משקאות בעמ,IL,שישיית בירה קרלסברג,מיליליטרים,1980.00,"100 מ""ל",false,1,34.90,1.76,true,1,
7290110110574,false,פחית קוקה קולה סליק זירו לימון 330 מל,החברה המרכזית להפצת משקאות בעמ,,סליק קולה ZERO לימון,מיליליטרים,330.00,"100 מ""ל",false,1,5.40,1.64,true,1,
7290110110635,false,ספרייט 0.5 ליים חייב פקדון,החברה המרכזית להפצת משקאות בעמ,,"ספרייט חדש 500 מ""ל",מיליליטרים,500.00,"100 מ""ל",false,1,7.50,1.50,true,1,
7290110110659,false,"ספרייט לימון ליים פחית 330מ""ל",החברה המרכזית להפצת משקאות בעמ,,ספרייט סליק חדש 330,מיליליטרים,330.00,"100 מ""ל",false,1,5.40,1.64,true,1,
7290110110703,false,מארז ספרייט שישייה פחיות FRIDGE PACK,החברה המרכזית להפצת משקאות בעמ,,מארז ספרייט חדש 6*33,ליטרים,0.00,ליטר,false,1,22.90,22.90,true,1,
7290110111557,false,"משקה ספורט איזוטוני בטעם פירות 500 מ""ל פאוורייד",החברה המרכזית להפצת משקאות בעמ,,פאוור אייד מאונטן בל,מיליליטרים,500.00,"100 מ""ל",false,1,11.90,2.38,true,1,
7290110111564,false,"משקה ספורט איזוטוני בטעם הדרים ליין 500 מ""ל פאוורייד",החברה המרכזית להפצת משקאות בעמ,,פאוורייד משקה ספורט,מיליליטרים,500.00,"100 מ""ל",false,1,11.90,2.38,true,1,
7290110111809,false,"מארז פחיות פאנטה אורנג' שישייה 330 מ""ל",החברה המרכזית לייצור משק,,שישיית פאנטה אורנג,ליטרים,0.00,ליטר,false,1,22.90,22.90,true,1,
7290110113421,false,"בירה מעוננת קרלסברג luma 330 מ""ל",החברה המרכזית להפצת משקאות בעמ,IL,בירה קרלסברג LUMA בק,מיליליטרים,330.00,"100 מ""ל",false,1,7.90,2.39,true,1,
7290110113605,false,בירה שקמה אי פי איי,מבשלות בירה בינלאומי,,"בירה שקמה 330 מ""ל",מיליליטרים,330.00,"100 מ""ל",false,1,12.90,3.91,true,1,
7290110113636,false,"בירה שקמה מרצן לאגר בק 330 מ""ל",מבשלות בירה בינלאומי,,בירה שקמה מרצן לאגר,מיליליטרים,330.00,"100 מ""ל",false,1,12.90,3.91,true,1,
7290110113926,false,פאנטה ZERO אורנג 0.5 חייב פקדון,החברה המרכזית להפצת משקאות בעמ,,"פאנטה אורנג 500 מ""ל",מיליליטרים,500.00,"100 מ""ל",false,1,7.50,1.50,true,1,
7290110114787,false,נביעות+ מים מינרליים בטעם תפוח 1.5 ליטר,החברה המרכזית להפצת משקאות בעמ,IL,מים נביעות בטעם תפו,ליטרים,0.00,ליטר,false,1,9.50,9.50,true,1,
7290110114794,false,נביעות+ מים מינרליים בטעם אפרסק 1.5 ליטר,החברה המרכזית להפצת משקאות בעמ,IL,מים נביעות 1.5 ליטר,ליטרים,0.00,ליטר,false,1,9.50,9.50,true,1,
7290110114800,false,נביעות+ מים מינרליים בטעם ענבים 1.5 ליטר,החברה המרכזית להפצת משקאות בעמ,IL,מים נביעות בטעם ענבי,ליטרים,0.00,ליטר,false,1,9.50,9.50,true,1,
7290110114817,false,נביעות פלוס רכיבי פרי מנגו 1.5 ליטר,החברה המרכזית להפצת משקאות בעמ,IL,נביעות + רכיבי פרי,ליטרים,0.00,ליטר,false,1,9.20,9.20,true,1,
7290110114831,false,מים בטעם רכיבי פרי אננס 1.5 ל' נביעות,החברה המרכזית להפצת משקאות בעמ,IL,נביעות + רכיבי פרי,ליטרים,0.00,ליטר,false,1,9.20,9.20,true,1,
7290110114855,false,"נביעות מים מינרליים, שישיה 6 * 1.5 ליטר פקדון",החברה המרכזית להפצת משקאות בעמ,IL,שישיית מים נביעות,ליטרים,0.01,ליטר,false,1,12.70,1270.00,true,1,
7290110114893,false,מיץ תפוזים מפוסטר סחוט 2 ליטר,*החברה המרכזית להפצת משקאותבעמ,,פריגת סחוט טרי תפוז,ליטרים,0.00,ליטר,false,1,23.90,23.90,true,1,
7290110114954,false,מיץ תפוזים מתקתקים פריגת 2 ליטר,*החברה המרכזית להפצת משקאותבעמ,,מיץ תפוזים מתקתק 100,ליטרים,0.00,ליטר,false,1,21.40,21.40,true,1,
7290110114961,false,משקה קל בטעם תפוזים פריגת (1.5 ליטר),החברה המרכזית להפצת משקאות בעמ,IL,פריגת תפוזים 1.5 ליט,ליטרים,0.00,ליטר,false,1,8.90,8.90,true,1,
7290110114985,false,משקה קל בטעם אשכוליות פריגת (1.5 ליטר),החברה המרכזית להפצת משקאות בעמ,IL,פריגת אשכוליות 1.5 ל,ליטרים,0.00,ליטר,false,1,8.90,8.90,true,1,
7290110114992,false,משקה קל בטעם אשכוליות לייט פריגת (1.5 לי,החברה המרכזית להפצת משקאות בעמ,IL,פריגת דיאט אשכוליות,ליטרים,0.00,ליטר,false,1,8.50,8.50,true,1,
7290110115005,false,משקה קל בטעם ענבים פריגת (1.5 ליטר),החברה המרכזית להפצת משקאות בעמ,IL,פריגת ענבים 1.5 ליטר,ליטרים,0.00,ליטר,false,1,8.90,8.90,true,1,
7290110115036,false,משקה קל בטעם מנגו פריגת (1.5 ליטר),החברה המרכזית להפצת משקאות בעמ,IL,פריגת מנגו 1.5 ליטר,ליטרים,0.00,ליטר,false,1,8.90,8.90,true,1,
7290110115043,false,משקה קל בטעם לימונענע פריגת (1.5 ליטר),החברה המרכזית להפצת משקאות בעמ,IL,פריגת לימונענע 1.5 ל,ליטרים,0.00,ליטר,false,1,8.90,8.90,true,1,
7290110115050,false,משקה קל בטעם תות בננה פריגת (1.5 ליטר),החברה המרכזית להפצת משקאות בעמ,IL,פריגת מיקס תות בננה,ליטרים,0.00,ליטר,false,1,8.90,8.90,true,1,
7290110115081,false,פריגת צלול ענבים 1.5 ליטר פיקדון,החברה המרכזית להפצת משקאות בעמ,IL,פריגת צלול ענבים 1.5,ליטרים,0.00,ליטר,false,1,8.70,8.70,true,1,
7290110115104,false,פריגת צלול אפרסק 1.5 ליטר פיקדון,החברה המרכזית להפצת משקאות בעמ,IL,פריגת צלול אפרסק 1.5,ליטרים,0.00,ליטר,false,1,8.70,8.70,true,1,
7290110115111,false,פריגת צלול אננס 1.5 ליטר פיקדון,החברה המרכזית להפצת משקאות בעמ,IL,פריגת צלול אננס 1.5,ליטרים,0.00,ליטר,false,1,8.70,8.70,true,1,
7290110115128,false,פריגת צלול בטעם לימונענע 1.5 ליטר פיקדון,החברה המרכזית להפצת משקאות בעמ,IL,פריגת צלול לימונענע,ליטרים,0.00,ליטר,false,1,8.70,8.70,true,1,
7290110115203,false,קוקה קולה 1.5 ליטר פיקדון,החברה המרכזית להפצת משקאות בעמ,IL,קוקה קולה 1.5 ליטר,ליטרים,0.00,ליטר,false,1,8.90,8.90,true,1,
7290110115210,false,קוקה קולה דיאט 1.5 ליטר פיקדון,החברה המרכזית להפצת משקאות בעמ,IL,קוקה קולה דיאט 1.5 ל,ליטרים,0.00,ליטר,false,1,8.50,8.50,true,1,
7290110115227,false,קוקה קולה Zero בקבוק 1.5 ליטר פיקדון,החברה המרכזית להפצת משקאות בעמ,IL,קוקה קולה 1.5 ליטר,ליטרים,0.00,ליטר,false,1,8.50,8.50,true,1,
7290110115234,false,קוקה קולה דיאט זירו 1.5 ליטר פיקדון,החברה המרכזית להפצת משקאות בעמ,IL,קולה ZERO נטול 1.5 ל,ליטרים,0.00,ליטר,false,1,8.50,8.50,true,1,
7290110115241,false,קוקה קולה דיאט לימון 1.5 ליטר פיקדון,החברה המרכזית להפצת משקאות בעמ,IL,קולה ZERO לימון 1.5,ליטרים,0.00,ליטר,false,1,8.50,8.50,true,1,
7290110115265,false,ספרייט לימון ליים 1.5 ליטר-,החברה המרכזית להפצת משקאות בעמ,IL,ספרייט לימון- ליים 1,ליטרים,0.00,ליטר,false,1,8.90,8.90,true,1,
7290110115272,false,ZERO ספרייט 1.5 ליטר פיקדון,החברה המרכזית להפצת משקאות בעמ,IL,ספרייט ZERO בקבוק 1.,ליטרים,0.00,ליטר,false,1,8.90,8.90,true,1,
7290110115289,false,ספרייט 19 קל' לימון-נענע 1.5 ליטר פיקדון,החברה המרכזית להפצת משקאות בעמ,IL,ספרייט לימון- נענע 1,ליטרים,0.00,ליטר,false,1,8.90,8.90,true,1,
7290110115296,false,גזוז בטעם תפוז פאנטה 1.5 ליטר פיקדון,החברה המרכזית להפצת משקאות בעמ,IL,פאנטה אורנג 1.5 ליטר,ליטרים,0.00,ליטר,false,1,8.90,8.90,true,1,
7290110115302,false,משקה מוגז אורנג' זירו פאנטה 1.5 ליטר,החברה המרכזית להפצת משקאות בעמ,IL,פאנטה ZERO אורנג 1.5,ליטרים,0.00,ליטר,false,1,8.90,8.90,true,1,
7290110115319,false,פאנטה אקזוטי פירות טרופיים 1.5ל פיקדון,החברה המרכזית להפצת משקאות בעמ,IL,פאנטה אקזוטיק 1.5 לי,ליטרים,0.00,ליטר,false,1,8.90,8.90,true,1,
7290110115333,false,גזוז בטעם תות פאנטה 1.5 ליטר פיקדון,החברה המרכזית להפצת משקאות בעמ,IL,פאנטה תות 1.5 ליטר,ליטרים,0.00,ליטר,false,1,8.90,8.90,true,1,
7290110115340,false,פאנטה ענבים 1.5 ליטר פיקדון,החברה המרכזית להפצת משקאות בעמ,IL,פאנטה ענבים 1.5 ליטר,ליטרים,0.00,ליטר,false,1,8.90,8.90,true,1,
7290110115364,false,קוקה קולה שישיות 1.5 ליטר פיקדון,החברה המרכזית להפצת משקאות בעמ,IL,קוקה קולה שישייה 1.5,ליטרים,0.01,ליטר,false,1,49.90,4990.00,true,1,
7290110115371,false,דיאט קוקה קולה שישיות 1.5 ליטר פיקדון,החברה המרכזית להפצת משקאות בעמ,IL,קוקה קולה דיאט שישיי,ליטרים,0.01,ליטר,false,1,46.90,4690.00,true,1,
7290110115388,false,ספרייט לימון ליים 1.5 ליטר מארז שישייה,החברה המרכזית להפצת משקאות בעמ,IL,ספרייט שישייה 1.5 לי,ליטרים,0.01,ליטר,false,1,46.90,4690.00,true,1,
7290110115395,false,ספרייט זירו שישיות 1.5 ליטר פיקדון,החברה המרכזית להפצת משקאות בעמ,IL,ספרייט ZERO שישייה 1,ליטרים,0.01,ליטר,false,1,43.90,4390.00,true,1,
7290110115401,false,קינלי סודה שישייה 1.5 ליטר פיקדון,החברה המרכזית להפצת משקאות בעמ,IL,קינלי סודה שישייה 1,ליטרים,0.01,ליטר,false,1,15.70,1570.00,true,1,
7290110115418,false,קוקה קולה זירו 1.5 ליטר מארז שישייה,החברה המרכזית להפצת משקאות בעמ,IL,קוקה קולה דיאט ZERO,ליטרים,0.01,ליטר,false,1,46.90,4690.00,true,1,
7290110115425,false,FUZE TEA גרין לימונענע -נענע 1.5 ליטר פיקדון,החברה המרכזית להפצת משקאות בעמ,IL,תה פיוז לימון-נענע 1,ליטרים,0.00,ליטר,false,1,8.90,8.90,true,1,
7290110115449,false,פיוז-טי תה מנגו אננס 1.5 ליטר פיקדון,החברה המרכזית להפצת משקאות בעמ,IL,תה פיוז מנגו 1.5 ליט,ליטרים,0.00,ליטר,false,1,9.00,9.00,true,1,
7290110115456,false,פיוז-טי תה אפרסק 1.5 ליטר 19 קל פיקדון,החברה המרכזית להפצת משקאות בעמ,IL,תה פיוז אפרסק 90 קל,ליטרים,0.00,ליטר,false,1,8.90,8.90,true,1,
7290110115463,false,פיוז-טי תה אפרסק 1.5 ליטר פיקדון,החברה המרכזית להפצת משקאות בעמ,IL,תה פיוז אפרסק 1.5 לי,ליטרים,0.00,ליטר,false,1,9.00,9.00,true,1,
7290110115494,false,תה קר בטעם ענבים פיוז טי 1.5 ליטר,החברה המרכזית להפצת משקאות בעמ,IL,תה פיוז ענבים 1.5 לי,ליטרים,0.00,ליטר,false,1,9.00,9.00,true,1,
7290110115517,false,שישייה קוקה קולה זירו 2 ליטר,,IL,שישיית קוקה קולה 2 ל,ליטרים,0.01,ליטר,false,1,56.60,5660.00,true,1,
7290110115586,false,פריגת תפוזים 40% פחות סוכר 1.5 ליטר פיקדון,החברה המרכזית להפצת משקאות בעמ,IL,פריגת תפוזים 19 קל 1,ליטרים,0.00,ליטר,false,1,8.70,8.70,true,1,
7290110115593,false,פריגת אשכוליות 40% פחות סוכר 1.5 ליטר פיקדון,החברה המרכזית להפצת משקאות בעמ,IL,פריגת אשכוליות 19 קל,ליטרים,0.00,ליטר,false,1,8.70,8.70,true,1,
7290110115616,false,פיוז-טי תה גרין אננס זירו 1.5 ליטר פיקדו,החברה המרכזית להפצת משקאות בעמ,IL,פיוז טי זירו גרין אנ,ליטרים,0.00,ליטר,false,1,8.90,8.90,true,1,
7290110115623,false,פיוז-טי תה אפרסק זירו 1.5 ליטר פיקדון,החברה המרכזית להפצת משקאות בעמ,IL,פיוז טי זירו אפרסק 1,ליטרים,0.00,ליטר,false,1,8.90,8.90,true,1,
7290110115654,false,"פיוז טי זירו גרין אננס, 500 מ""ל",החברה המרכזית להפצת משקאות בעמ,,תה פיוז זירו גרין א,מיליליטרים,500.00,"100 מ""ל",false,1,7.40,1.48,true,1,
7290110115661,false,"פיוז טי זירו בטעם אפרסק 500 מ""ל",החברה המרכזית להפצת משקאות בעמ,,תה פיוז זירו אפרסק,מיליליטרים,500.00,"100 מ""ל",false,1,7.40,1.48,true,1,
7290110115777,false,מים מינרליים נביעות 1.5 ל,נביעות,,נביעות 1.5 ליטר,ליטרים,0.00,ליטר,false,1,3.90,3.90,true,1,
7290110115821,false,"ספרייט לימון, 1.5 ליטר פקדון",כלורוקס אוקלנד,,ספרייט לימון- ליים 1,ליטרים,0.00,ליטר,false,1,8.90,8.90,true,1,
7290110115838,false,"ספרייט זירו, 1.5 ליטר פקדון","אינסטנטה בע""מ",IL,ספרייט זירו לימון- ל,ליטרים,0.00,ליטר,false,1,8.90,8.90,true,1,
7290110115845,false,קוקה קולה 1.5 ליטר פיקדון,"אינסטנטה בע""מ",,קוקה קולה 1.5 ליטר,ליטרים,0.00,ליטר,false,1,8.50,8.50,true,1,
7290110115852,false,דיאט קוקה קולה 1.5 ליטר -,תות תעשיות מזון (201,,קוקה קולה דיאט 1.5 ל,ליטרים,0.00,ליטר,false,1,8.50,8.50,true,1,
7290110115869,false,קוקה קולה זירו 1.5 ליטר פיקדון,תות תעשיות מזון (201,IL,קוקה קולה 1.5 ליטר,ליטרים,0.00,ליטר,false,1,8.50,8.50,true,1,
7290110115876,false,קינלי סודה 1.5 ליטר,"אינסטנטה בע""מ",,קינלי סודה 1.5 ליטר,ליטרים,0.00,ליטר,false,1,3.10,3.10,true,1,
7290110115913,false,"משקה ספורט איזוטוני זירו בטעם אננס 500 מ""ל פאוורייד",החברה המרכזית להפצת משקאות בעמ,IT,פאוורייד זירו בטעם א,מיליליטרים,500.00,"100 מ""ל",false,1,11.90,2.38,true,1,
7290110116064,false,פאנטה זירו בטעם פירות ירוק 1.5 ל פיקדון,החברה המרכזית להפצת משקאות בעמ,IL,פאנטה זירו פירות ירו,ליטרים,0.00,ליטר,false,1,8.90,8.90,true,1,
7290110116125,false,"סירופ פריגת בטעם פטל 750 מ""ל פיקדון",החברה המרכזית להפצת משקאות בעמ,,סירופ בטעם פטל 750 מ,מיליליטרים,750.00,"100 מ""ל",false,1,24.90,3.32,true,1,
7290110116132,false,"סירופ פריגת בטעם לימון 750 מ""ל פיקדון",החברה המרכזית להפצת משקאות בעמ,,סירופ בטעם לימון 750,מיליליטרים,750.00,"100 מ""ל",false,1,24.90,3.32,true,1,
7290110116149,false,"סירופ פריגת בטעם ענבים 750 מ""ל פיקדון",החברה המרכזית להפצת משקאות בעמ,,סירופ בטעם ענבים 750,מיליליטרים,750.00,"100 מ""ל",false,1,24.90,3.32,true,1,
7290110116194,false,נביעות+ סדרת 0 קלוריות לימון-ליים 1.5 ליטר,החברה המרכזית להפצת משקאות בעמ,,נביעות+ סדרת 0 קלורי,ליטרים,0.00,ליטר,false,1,7.90,7.90,true,1,
7290110116200,false,מים 0 קלוריות בטעם לימון-ליים 0.5 ל נביעות,החברה המרכזית להפצת משקאות בעמ,,נביעות+ סדרת 0 קלורי,מיליליטרים,500.00,"100 מ""ל",false,1,5.50,1.10,true,1,
7290110116217,false,נביעות+ סדרת 0 קלוריות אשכוליות 1.5 ליטר,החברה המרכזית להפצת משקאות בעמ,,נביעות+ סדרת 0 קלורי,ליטרים,0.00,ליטר,false,1,7.90,7.90,true,1,
7290110116224,false,נביעות 0 קלוריות בטעם אשכולית 0.5 ליטר,החברה המרכזית להפצת משקאות בעמ,,נביעות+ סדרת 0 קלורי,מיליליטרים,500.00,"100 מ""ל",false,1,5.50,1.10,true,1,
7290110116323,false,קוקה קולה זירו 1.5 ליטר מארז שישייה חג ש,החברה המרכזית להפצת משקאות בעמ,,קוקה-קולה זירו שישיי,ליטרים,0.01,ליטר,false,1,42.90,4290.00,true,1,
7290110116385,false,"פחיות סטפאני מרשמלו אבטיח תות זירו 330 מ""ל",החברה המרכזית להפצת משקאות בעמ,,סליק סטפאני זירו 330,מיליליטרים,330.00,"100 מ""ל",false,1,5.40,1.64,true,1,
7290110116484,false,פריגת סחוט מיקס תות בננה 1ליטר,*החברה המרכזית להפצת משקאותבעמ,IL,פריגת מיקס תות בננה,מיליליטרים,1000.00,"100 מ""ל",false,1,15.80,1.58,true,1,
7290110116491,false,פריגת סחוט מיקס אפרסק משמש 1ליטר,*החברה המרכזית להפצת משקאותבעמ,IL,פריגת מיקס אפרסק משמ,מיליליטרים,1000.00,"100 מ""ל",false,1,15.80,1.58,true,1,
7290110116507,false,פריגת סחוט מיקס אננס בננה אגס 1ליטר,*החברה המרכזית להפצת משקאותבעמ,IL,פריגת מיקס אננס בננה,מיליליטרים,1000.00,"100 מ""ל",false,1,15.80,1.58,true,1,
7290110116552,false,ספרייט לימון היט 1.5 ליטר LIME פיקדון,החברה המרכזית להפצת משקאות בעמ,IL,ספרייט למון היט 1.5,ליטרים,0.00,ליטר,false,1,8.90,8.90,true,1,
7290110116569,false,ספרייט זירו 1.5 ליטר LEMON HIT פיקדון,החברה המרכזית להפצת משקאות בעמ,IL,ספרייט ZERO בקבוק 1.,ליטרים,0.00,ליטר,false,1,8.90,8.90,true,1,
7290110116576,false,ספרייט זירו לימון היט בקבוק 0.5,החברה המרכזית להפצת משקאות בעמ,,ספרייט זירו למון היט,מיליליטרים,500.00,"100 מ""ל",false,1,7.50,1.50,true,1,
7290110116644,false,"מארז שקמה בטעמים שונים 5*330 מ""ל",,IL,מארז שקמה בטעמים שונ,מיליליטרים,1650.00,"100 מ""ל",false,1,64.50,3.91,true,1,
7290110320591,false,גבינה בולגרית במרקם מעודן 16% פיראוס,"תנובה בע""מ ***",,פיראוס בולגרית מעודנ,גרמים,250.00,100 גרם,false,1,21.90,8.76,true,1,
7290110320683,false,שמיניית משקה יוגורט 1.5% טעם תות יופלה 107 גרם,מיוצר עי קונדיטוריית,,מארז משקה יופלה תות,מיליליטרים,856.00,"100 מ""ל",false,1,19.10,2.23,true,1,
7290110320850,false,פתיתים גבינה חצי קשה מגורדת 28% שומן,תנובה מרכז שיתופי לש,,פתיתי עמק 200 גר,גרמים,200.00,100 גרם,false,1,15.20,7.60,true,1,
7290110320867,false,פתיתים גבינה חצי קשה מגורדת 28% שומן,תנובה מרכז שיתופי לש,,פתיתי עמק למאפים 28%,גרמים,500.00,100 גרם,false,1,34.90,6.98,true,1,
7290110320935,false,פרוסות מוצרלה 150 גר`קולקשיין תנובה,תנובה מרכז שיתופי לש,,פרוסות מוצרלה 150 גר,גרמים,150.00,100 גרם,false,1,15.90,10.60,true,1,
7290110321277,false,קוטג בקטנה 5%. 100 גרם מהדרין תנובה,פארייפאבה אגרואינדוס,,קוטג בקטנה 5% 100 גר,גרמים,100.00,100 גרם,false,1,2.60,2.60,true,1,
7290110321284,false,קוטג' בקטנה 9% תנובה 100 גרם מהדרין,פארייפאבה אגרואינדוס,,קוטג בקטנה 9% 100 גר,גרמים,100.00,100 גרם,false,1,2.60,2.60,true,1,
7290110321604,false,קוביות פיראוס בולגרית מעודנת 5% 200 גרם - רבנות,"תנובה בע""מ ***",IL,קוביות בולגרית 5% מע,גרמים,200.00,100 גרם,false,1,22.90,11.45,true,1,
7290110321680,false,יוגורט GO בטעם תות 20 גרם חלבון בגביע,מיוצר עי קונדיטוריית,,יופלה גו תות חלבון,מיליליטרים,200.00,"100 מ""ל",false,1,5.70,2.85,true,1,
7290110321697,false,יוגורט GO בטעם אפרסק 20 גרם חלבון בגביע,מיוצר עי קונדיטוריית,,יופלה אפרסק GO,מיליליטרים,200.00,"100 מ""ל",false,1,5.70,2.85,true,1,
7290110321703,false,יוגורט עם פירות יער בתוספת חלבוני חלב 2% שומן,מיוצר עי קונדיטוריית,,יופלה GO פירות יער 2,מיליליטרים,200.00,"100 מ""ל",false,1,5.70,2.85,true,1,
7290110321789,false,גבינת מסקרפונה 38% שומן 250 גר`השף הלבן,"תנובה בע""מ ***",,גבינה מסקרפונה 38% ה,גרמים,250.00,100 גרם,false,1,20.60,8.24,true,1,
7290110322014,false,טופו בטעם טבעי תנובה ALTERNATIVE,שוורצקוף& הנקל דיסלד,,טופו טבעי 300 גר,גרמים,300.00,100 גרם,false,1,12.50,4.17,true,1,
7290110322021,false,"תנובה טופו בזיליקום 300 גר' בד""צ",שוורצקוף& הנקל דיסלד,,טופו בזיליקום 300 גר,גרמים,300.00,100 גרם,false,1,12.50,4.17,true,1,
7290110322038,false,טופו בטעם פיקנטי 300 גר`תנובה,תנובה Alternative,,טופו פיקנטי 300 גר,גרמים,300.00,100 גרם,false,1,12.50,4.17,true,1,
7290110322946,false,יופלה טיוב יוגורט במרקם חלק בטעם תות בננה כשרות רבנות 348 ג',תנובה - חלב,,יופלה טיוב במרקם חלק,גרמים,348.00,100 גרם,false,1,14.60,4.20,true,1,
7290110323073,false,"משקה יוגורט יופלה גו תות פטל 250 מ""ל - רבנות",מיוצר עי קונדיטוריית,IL,משקה יוגורט מועשר בח,מיליליטרים,250.00,"100 מ""ל",false,1,6.30,2.52,true,1,
7290110323301,false,טל העמק בסגנון אמנטל 32% שומן 200 גרם,"תנובה בע""מ ***",IL,גבינה טל העמק 32% 20,גרמים,200.00,100 גרם,false,1,18.90,9.45,true,1,
7290110323585,false,יופלה יוגורט עם דובדבן מופחת קלוריות 200 ג' GO,"תנובה בע""מ ***",IL,יוגורט עם דובדבן מופ,מיליליטרים,200.00,"100 מ""ל",false,1,5.70,2.85,true,1,
7290110323592,false,יוגורט GO לייט בטעם אפרסק 20 גרם חלבון בגביע,תנובה בעמ ***,IL,יוגורט עם אפרסק מופח,מיליליטרים,200.00,"100 מ""ל",false,1,5.70,2.85,true,1,
7290110323714,false,משקה קוקוס שקדים תנובה E אלטרנטיב,מיוצר עי קונדיטוריית,IL,משקה קוקוס שקדים 1 ל,מיליליטרים,1000.00,"100 מ""ל",false,1,12.90,1.29,true,1,
7290110324353,false,יוגורט GO לייט בטעם אננס 20 גרם חלבון בגביע,מיוצר עי קונדיטוריית,IL,יופלה גו אננס לייט,מיליליטרים,200.00,"100 מ""ל",false,1,5.70,2.85,true,1,
7290110324551,false,יופלה טיוב יוגורט במרקם חלק תות כשרות מהדרין,"תנובה בע""מ ***",IL,יופלה טיוב במרקם חלק,גרמים,348.00,100 גרם,false,1,14.60,4.20,true,1,
7290110324711,false,ממרח סויה 9% שומן בטעם טבעי תנובה 250 גרם,מיוצר עי קונדיטוריית,IL,ממרח סויה טבעי 9% 25,גרמים,250.00,100 גרם,false,1,10.40,4.16,true,1,
7290110324858,false,מעדן שקדים בטעם אגוזי לוז תנובה 125 גרם,מיוצר עי קונדיטוריית,IL,מעדן שקדים בטעם אגוז,גרמים,125.00,100 גרם,false,1,5.00,4.00,true,1,
7290110324872,false,גבינה צהובה גלבוע (5% 200 גר`)תנובה,גלבוע - תנובה,,גלבוע 5% 200 גרם,גרמים,200.00,100 גרם,false,1,17.90,8.95,true,1,
7290110324926,false,משקה סויה ללא תוספת סוכר E אלטרנטיב,תנובה מרכז שיתופי לש,,משקה סויה ללא תוספת,מיליליטרים,1000.00,"100 מ""ל",false,1,10.90,1.09,true,1,
7290110325114,false,"משקה יוגורט יופלה גו לייט תות בננה 250 מ""ל - רבנות",מיוצר עי קונדיטוריית,IL,משקה יוגורט גו לייט,מיליליטרים,250.00,"100 מ""ל",false,1,5.90,2.36,true,1,
7290110325169,false,פרוסות גאודה 170 גר` קולקשיין תנובה,תנובה בעמ ***,IL,פרוסות גאודה 170 גרם,גרמים,170.00,100 גרם,false,0,18.90,11.12,true,1,
7290110325305,false,יופלה GO סויה 20 גרם חלבון במתיקות מעודנת תנובה 200 גרם,מיוצר עי קונדיטוריית,IL,מעדן סויה גו 200 גרם,גרמים,200.00,100 גרם,false,1,5.70,2.85,true,1,
7290110325312,false,יופלה GO סויה 20 גרם חלבון בטעם תות תנובה 200 גרם,תנובה בעמ ***,IL,מעדן סויה גו 20 גר ח,גרמים,200.00,100 גרם,false,1,5.70,2.85,true,1,
7290110325510,false,יופלה טיוב יוגורט במרקם חלק בטעם וניל-יוניקור,"תנובה בע""מ ***",IL,יופלה טיוב יוגורט,גרמים,348.00,100 גרם,false,1,14.60,4.20,true,1,
7290110325619,false,משקה שיבולת שועל תנובה E אלטרנטיב,מיוצר עי קונדיטוריית,IL,משקה שיבולת שועל 1 ל,ליטרים,0.00,ליטר,false,1,12.90,12.90,true,1,
7290110325701,false,פיראוס צזיקי יווני 9% שומן בשיטת יצור מסורתית על בסיס יוגורט,גוד פוד פרודקטס S.p,,גבינת פיראוס יווני 9,גרמים,250.00,100 גרם,false,1,13.50,5.40,true,1,
7290110325893,false,משקה חלב GO מועשר בחלבון בטעם אייס קפה,מיוצר עי קונדיטוריית,IL,"אייס קפה GO 340 מ""ל",גרמים,340.00,100 גרם,false,1,8.50,2.50,true,1,
7290110326210,false,יופלה און טופ פצפוצים תנובה 157 גרם,מיוצר עי קונדיטוריית,,יופלה און טופ פצפוצי,גרמים,157.00,100 גרם,false,1,5.50,3.50,true,1,
7290110326227,false,יופלה און טופ קורנפלקס תנובה 157 גרם,מיוצר עי קונדיטוריית,,יופלה און טופ קורנפל,גרמים,157.00,100 גרם,false,1,5.50,3.50,true,1,
7290110326234,false,יופלה און טופ כוכבים תנובה 157 גרם,מיוצר עי קונדיטוריית,,יופלה און טופ כוכבים,גרמים,157.00,100 גרם,false,1,5.50,3.50,true,1,
7290110326333,false,פרוסות גבינה סקנדינבית 170 גר`קולקשיין,"תנובה בע""מ ***",IL,גבינה סקנדינבית פרוס,גרמים,170.00,100 גרם,false,0,19.90,11.71,true,1,
7290110327033,false,משקה סויה תנובה גו מועשר בחלבון במתיקות מופחתת,מיוצר עי קונדיטוריית,,משקה סויה גו מועשר מ,מיליליטרים,1000.00,"100 מ""ל",false,1,12.90,1.29,true,1,
7290110327064,false,משקה אייס קפה שיבולת שועל בטעם קרמל 1 ל' ALTERNATIVE,תנובה מרכז שיתופי לש,,משקה קפה שיבולת שועל,מיליליטרים,1000.00,"100 מ""ל",false,1,11.90,1.19,true,1,
7290110327545,false,יופלה און טופ בטעם תות בתוספת פצפוצים מצופים שוקולד 157 גרם,מיוצר עי קונדיטוריית,,יופלה און טופ תות עם,גרמים,157.00,100 גרם,false,1,5.20,3.31,true,1,
7290110327798,false,חטיף חלבון GO - שוקולד 60 ג' חלב נוכרי - רבנות,"בלמונט קונפקציות בע""\מ.",US,GO חטיף חלבון בטעם ש,גרמים,60.00,100 גרם,false,1,11.90,19.83,true,1,
7290110327804,false,חטיף חלבון GO - עוגיות 60 ג' חלב נוכרי - רבנות,"בלמונט קונפקציות בע""\מ.",US,GO חטיף חלבון בטעם ב,גרמים,60.00,100 גרם,false,1,11.90,19.83,true,1,
7290110327811,false,חטיף חלבון GO בטעם בצק קוקוס 20 גר`חלבו,"בלמונט קונפקציות בע""\מ.",US,GO חטיף חלבון בטעם ק,גרמים,60.00,100 גרם,false,1,11.90,19.83,true,1,
7290110327828,false,חטיף חלבון GO - חמאת בוטנים 60 ג' חלב נוכרי - רבנות,"בלמונט קונפקציות בע""\מ.",US,GO חטיף חלבון בטעם ח,גרמים,60.00,100 גרם,false,1,11.90,19.83,true,1,
7290110328504,false,טריו - מיקס גבינות מוצרלה סקנדינבית וגאודה 300 גרם,מיוצר עי קונדיטוריית,IL,טריו מיקס- מוצרלה סק,גרמים,300.00,100 גרם,false,1,29.50,9.83,true,1,
7290110328627,false,יוגורט יופלה GO במרקם סמיך בטעם בננה קרמל 0%,מיוצר עי קונדיטוריית,,יוגורט גו סמיך בננה,מיליליטרים,200.00,"100 מ""ל",false,1,5.90,2.95,true,1,
7290110328764,false,יוגורט יופלה GO במרקם סמיך עם תות 0%,מיוצר עי קונדיטוריית,,יוגורט גו סמיך תות,מיליליטרים,200.00,"100 מ""ל",false,1,5.70,2.85,true,1,
7290110328771,false,יוגורט יופלה GO במרקם סמיך עם פירות יער 0%,מיוצר עי קונדיטוריית,,יוגורט גו סמיך פירות,מיליליטרים,200.00,"100 מ""ל",false,1,5.90,2.95,true,1,
7290110328788,false,יוגורט יופלה GO במרקם סמיך בטעם אפרסק 0%,תנובה מרכז שיתופי לש,,יוגורט גו סמיך אפרסק,מיליליטרים,200.00,"100 מ""ל",false,1,5.90,2.95,true,1,
7290110329136,false,מעדן חלב מעושר בחלבון בטעם שוקולד 120 ג' GO,תנובה מרכז שיתופי לש,,מעדן חלב go בטעם שוק,גרמים,120.00,100 גרם,false,1,5.10,4.25,true,1,
7290110329143,false,מעדן חלב מעושר בחלבון בטעם וניל גביע 120 ג' GO,תנובה מרכז שיתופי לש,,מעדן חלב go בטעם וני,גרמים,120.00,100 גרם,false,1,5.10,4.25,true,1,
7290110329303,false,פרוסות בטעם צהובה קלאסית אלטרנטיב 200 גר,תנובה Alternative,,פרוסות בטעם צהובה קל,גרמים,200.00,100 גרם,false,1,23.90,11.95,true,1,
7290110329686,false,משקה GO חלב בטעם עוגיות 27 גר`חלבון,מיוצר עי קונדיטוריית,,משקה חלב גו בטעם עוג,מיליליטרים,340.00,"100 מ""ל",false,1,8.50,2.50,true,1,
7290110329792,false,יוגורט סויה BIO Alternative אפרסק 150 ג' תנובה,מיוצר עי קונדיטוריית,IL,סויה BIO אפרסק גביע,גרמים,150.00,100 גרם,false,1,4.80,3.20,true,1,
7290110329808,false,יוגורט סויה BIO Alternative תות 150 ג' תנובה,מיוצר עי קונדיטוריית,IL,סויה BIO תות גביע 15,גרמים,150.00,100 גרם,false,1,4.80,3.20,true,1,
7290110329815,false,סויה BIO מתיקות מעודנת גביע 150 גרם אלטרנטיב,מיוצר עי קונדיטוריית,IL,מעדן סויה ביו מתיקות,גרמים,150.00,100 גרם,false,1,4.80,3.20,true,1,
7290110329822,false,יוגורט סויה BIO Alternative פירות יער 150 ג' תנובה,מיוצר עי קונדיטוריית,IL,מעדן סויה ביו פירות,גרמים,150.00,100 גרם,false,1,4.80,3.20,true,1,
7290110329839,false,פרוסות צהובה בטעם זיתים 200 ג' אלטרנטיב אלטרנטיב,מיוצר עי קונדיטוריית,,פרוסות צהובה בטעם זי,גרמים,200.00,100 גרם,false,1,23.90,11.95,true,1,
7290110329846,false,יוגורט סויה BIO Alternative בטעם טבעי 150 ג' תנובה,מיוצר עי קונדיטוריית,IL,סויה BIO טבעי גביע A,גרמים,150.00,100 גרם,false,1,4.80,3.20,true,1,
7290110329914,false,מאגדת משקה שיבולת שועל ושקדים 100 גרם*6 יח' ביו אלטרנטיב,תנובה מרכז שיתופי לש,,מאגדת משקה שיבולת שו,ליטרים,0.60,ליטר,false,1,19.90,33.17,true,1,
7290110550370,false,פריכיות משולשות קינואה ופלפל שחור 65 גרם,"שטראוס גרופ בע""מ",,משולשות קינואה ופלפל,גרמים,65.00,100 גרם,false,1,12.10,18.62,true,1,
7290110552121,false,יוגורט 5% בתוספת סידן וויטמין D היוגורט הראשון שלי,שטראוס גרופ בעמ/מצונן,,היוגורט הראשון שלי 1,גרמים,100.00,100 גרם,false,1,2.50,2.50,true,1,
7290110552220,false,יוגורט PRO בטעם תות 0% סוכר לבן 20 גרם חלבון בגביע,שטראוס גרופ בעמ/מצונן,,דנונה פרו תות 20 ג ח,גרמים,200.00,100 גרם,false,1,5.90,2.95,true,1,
7290110552237,false,יוגורט פרו בטעם אפרסק מנגו ללא סוכר 200 ג' דנונה,שטראוס גרופ בעמ/מצונן,,דנונה פרו אפרסק מנגו,גרמים,200.00,100 גרם,false,1,5.90,2.95,true,1,
7290110553012,false,"מארז קפה פלטניום קלאסיק וריפיל כשל""פ 250 גר",שטראוס קפה בי.וי.,,מארז פלטינום קלאסיק,גרמים,250.00,100 גרם,false,1,21.90,8.76,true,1,
7290110553036,false,קריספס-פריכיות עם אפונה ובטטה סגולה בטעם בצל מקורמל,"פרח תעשיו מזון בע""מ",IL,פריכת חלבון בטטה סגו,גרמים,60.00,100 גרם,false,1,12.10,20.17,true,1,
7290110553098,false,מאגדת חטיפים אנרג'י מיקס צימוקים אגוזים 100X4 גרם,אנרג'י Energy - שטראוס,,אנרגי מיקס צימוקים א,גרמים,100.00,100 גרם,false,1,18.90,18.90,true,1,
7290110553104,false,נסקפה קפוצ'ינו סטיק קלאסי 130 ג' עלית,שטראוס גרופ בע`מ,IL,קפוצינו סטיק קלאסי 1,גרמים,130.00,100 גרם,false,1,17.90,13.77,true,1,
7290110553135,false,נסקפה קפוצ'ינו סטיק וניל 130 ג' עלית,שטראוס גרופ בע`מ,IL,קפוצינו סטיק וניל 13,גרמים,130.00,100 גרם,false,1,17.90,13.77,true,1,
7290110553173,false,אנרגי פריכיות אורז בטעם קרמל 50 גרם,סאנורייס בלגיום,,אנרגי פריכיות בטעם ק,גרמים,40.00,100 גרם,false,1,6.90,17.25,true,1,
7290110553180,false,אנרגי פריכיות אורז בטעם תפוח קינמון 50 ג,שטראוס גרופ בע`מ,,אנרגי פריכיות בטעם ת,גרמים,40.00,100 גרם,false,1,6.90,17.25,true,1,
7290110553425,false,קפה נמס 200 גרם +20% תוספת עלית,שטראוס קפה בי.וי,,קפה נמס 200+20 2022,גרמים,220.00,100 גרם,false,1,19.90,9.05,true,1,
7290110553623,false,צ'יטוס קראנצ'י בטעם צ'דר חלפיניו - חלבי,"שטראוס פריטו ליי בע""\מ )",IL,ציטוס קראנץ צדר חלפי,גרמים,80.00,100 גרם,false,1,4.50,5.63,true,1,
7290110554118,false,נודלס מלזי חריף עם טופו וירקות ברוטב קארי ירוק,קפוא-זן תעשיות מזון בעמ - תפוג,IT,נודלס מלזי חריף דליש,גרמים,350.00,100 גרם,false,1,28.50,8.14,true,1,
7290110554125,false,דלישס נודלס בסגנון סצ`ואן חריף 350 גרם,קפוא-זן תעשיות מזון בעמ - תפוג,IT,נודלס סצואן חריף דלי,גרמים,350.00,100 גרם,false,1,28.50,8.14,true,1,
7290110554422,false,פומודורו רוטב עגבניות ופלפלים לשקשוקה לפסטה יד מרדכי 350 גרם,אמיליאנה קונסרב סוסייטה,IT,רוטב עגבניות ופלפלים,גרמים,350.00,100 גרם,false,1,13.50,3.86,true,1,
7290110554583,false,מארז חטיפי צ'יטוס פאפס בטעם גבינה - 10 יחידות,"שטראוס פריטו ליי בע""\מ )",IL,מארז ציטוס פאפס גבינ,גרמים,200.00,100 גרם,false,1,15.60,7.80,true,1,
7290110554699,false,"קפה עולה קפסולות אספרסו קלייה איטית וכהה מאוד, 10 * 50 ג'",שטראוס קפה בי.וי.,,"קפסולות שת""פ קפה עול",גרמים,50.00,100 גרם,false,1,19.90,39.80,true,1,
7290110554705,false,קפסולות נספרסו לקפה יוניקו סדרת בתי הקלייה 10יח,שטראוס קפה בי.וי.,,"קפסולות שת""פ קפה יונ",גרמים,50.00,100 גרם,false,1,19.90,39.80,true,1,
7290110554712,false,"קפסולות קפה אספרסו קלייה איטית ובהירה, 10 * 50 ג'",שטראוס קפה בי.וי.,,"קפסולות שת""פ קפה נחת",גרמים,50.00,100 גרם,false,1,19.90,39.80,true,1,
7290110554798,false,פולי אספרסו עשירים וארומטיים עוצמה 8 עלית 250 גרם,שטראוס קפה בי. וי.,IL,פולי אספרסו עשירים ו,גרמים,250.00,100 גרם,false,1,24.90,9.96,true,1,
7290110555009,false,זוג פסאטה מחית עגבניות חלקה יד מרדכי 700 גרם,אמיליאנה קונסרב ס.פ.,IT,פסאטה זוגות 700 גרם,גרמים,700.00,100 גרם,false,1,13.90,1.99,true,1,
7290110555078,false,לאבנה עם שמן זית ועשבי תיבול שטראוס 250 גרם,שטראוס גרופ בעמ/מצונן,IL,לאבנה עם שמן זית ועש,גרמים,250.00,100 גרם,false,1,11.90,4.76,true,1,
7290110555092,false,לאבנה עם שמן זית וצ'ילי שטראוס 250 גרם,שטראוס גרופ בעמ/מצונן,IL,לאבנה עם שמן זית וצי,גרמים,250.00,100 גרם,false,1,11.90,4.76,true,1,
7290110555306,false,רבע לשבע טבעוני סינמון באן עלית 125 גרם,"הגביע מוצרי וופלים בע""\מ",IL,רבע לשבע טבעוני סינמ,גרמים,125.00,100 גרם,false,1,10.90,8.72,true,1,
7290110555603,false,ספלנדיד אבקה להכנת משקה בטעם שוקולטה,"שטראוס גרופ בע""מ",GR,שוקולוטה ספלנדיד 360,גרמים,360.00,100 גרם,false,1,24.90,6.92,true,1,
7290110555665,false,קקאו דל שומן עלית בקופסא 220 גרם,"שטראוס גרופ בע""מ",GR,קקאו דל שומן - קופסא,גרמים,220.00,100 גרם,false,1,20.90,9.50,true,1,
7290110556242,false,"שוקולד מריר פרווה 100 גר' בד""ץ תוצרת חוץ","שטראוס גרופ בע""מ.",,שוקולד מריר פרווה ח,גרמים,100.00,100 גרם,false,1,5.50,5.50,true,1,
7290110557027,false,חומוס עשיר 50% טחינה גולמית 400 ג' אחלה,שטראוס גרופ בעמ/מצונן,IL,חומוס 50% טחינה 400,גרמים,400.00,100 גרם,false,1,13.90,3.48,true,1,
7290110557102,false,מעדן חלב עם שוקולד מועשר בחלבון 150 ג' שטראוס,שטראוס גרופ בעמ/מצונן,IL,מעדן חלב עם שוקולד,גרמים,150.00,100 גרם,false,1,5.50,3.67,true,1,
7290110557133,false,מעדן הגולן וניל 125 ג' שטראוס,שטראוס גרופ בעמ/מצונן,IL,מעדן הגולן וניל 125,גרמים,125.00,100 גרם,false,1,3.30,2.64,true,1,
7290110557317,false,יוגורט בתוספת סידן וויטמין ד עם שיבולת שועל 100 ג' דנונה,שטראוס גרופ בעמ/מצונן,IL,היוגורט הראשון שלי 1,גרמים,172.00,100 גרם,false,1,2.50,1.45,true,1,
7290110557478,false,חומוס גלילי במרקם מעודן 600 גרם,שטראוס גרופ בעמ/מצונן,,חומוס גלילי אחלה 600,גרמים,600.00,100 גרם,false,1,12.90,2.15,true,1,
7290110557645,false,מאגדת חטיפים אנרג'י מיקס צימוקים חמוציות 100X4 גרם,"שטראוס גרופ בע""מ",,אנרגי מיקס צימוקים ח,גרמים,100.00,100 גרם,false,1,18.90,18.90,true,1,
7290110558130,false,יוגורט אקטיביה עם שיבולת שועל ודבש 150 גרם,שטראוס גרופ בעמ/מצונן,IL,יוגורט אקטיביה שיבול,גרמים,150.00,100 גרם,false,1,4.60,3.07,true,1,
7290110558154,false,דנונה לייט אנד פרי עוגת תפוחים 150ג דנונה,שטראוס גרופ בעמ/מצונן,IL,דנונה לייט אנד פריי,גרמים,150.00,100 גרם,false,1,5.40,3.60,true,1,
7290110558222,false,"וואו יוגורט עם שכבה בטעם בנופי פאי 5.4%, 150ג דנונה",שטראוס גרופ בעמ/מצונן,,דנונה WOW בנופי שומן,גרמים,150.00,100 גרם,false,1,4.90,3.27,true,1,
7290110558239,false,"וואו יוגורט עם שכבה בטעם קראק פאי 5.4%, 150 ג דנונה",שטראוס גרופ בעמ/מצונן,,דנונה WOW קראק פאי 1,גרמים,150.00,100 גרם,false,1,4.90,3.27,true,1,
7290110558253,false,דנונה שייק נונה ריפרש בננה אננס וצ'יה,שטראוס גרופ בעמ/מצונן,IL,דנונה ריפרש בננה אננ,מיליליטרים,250.00,"100 מ""ל",false,1,6.50,2.60,true,1,
7290110558284,false,דנונה ביו מולטי שטראוס 200 גרם,שטראוס גרופ בעמ/מצונן,,דנונה ביו מולטי 200,גרמים,200.00,100 גרם,false,1,4.50,2.25,true,1,
7290110558307,false,יוגורט דנונה PRO עם שיבולת שועל במתיקות מעודנת,שטראוס גרופ בעמ/מצונן,IL,דנונה פרו 20 ג חלבון,גרמים,200.00,100 גרם,false,1,6.40,3.20,true,1,
7290110558314,false,דנונה פרו 20 גרם חלבון ללא סוכר פיסטוק 200 גרם,שטראוס גרופ בעמ/מצונן,,דנונה פרו פיסטוק 20,גרמים,200.00,100 גרם,false,1,5.90,2.95,true,1,
7290110558338,false,דנונה פרו 25 ג' חלבון 200 ג' שטראוס,שטראוס גרופ בעמ/מצונן,IL,דנונה פרו 25 ג חלבון,גרמים,200.00,100 גרם,false,1,5.90,2.95,true,1,
7290110558666,false,מעדן גבינה בטעם תפוח 88 ג' דניאלה,שטראוס גרופ בעמ/מצונן,,דניאלה בטעם תפוח 88,גרמים,88.00,100 גרם,false,1,4.10,4.66,true,1,
7290110559007,false,"שועועית חומה טעם הטבע קופסה, 380 גרם",שטראוס גרופ בע`מ,,שעועית חומה 380 גר ש,גרמים,380.00,100 גרם,false,1,7.30,1.92,true,1,
7290110559014,false,שעועית שחורה מבושלת טעם הטבע 380 גרם,שטראוס גרופ בע`מ,,שעועית שחורה 380 גר,גרמים,380.00,100 גרם,false,1,7.30,1.92,true,1,
7290110559748,false,ריל מאגדת שקדים קוקוס ושוקולד מריר שטראוס 105 גרם,"ואמואליס פודס אס.איי,",,ריל מאגדת שקדים קוקו,גרמים,105.00,100 גרם,false,1,18.90,18.00,true,1,
7290110559755,false,ריל מאגדת בוטנים פיסטוק וחמוציות שטראוס 105 גרם,"ואמואליס פודס אס.איי,",,ריל מאגדת בוטנים פיס,גרמים,105.00,100 גרם,false,1,18.90,18.00,true,1,
7290110559762,false,ריל מאגדת אגוזים תמרים קוקוס שטראוס 105 גרם,"ואמואליס פודס אס.איי,",,ריל מאגדת אגוזים תמר,גרמים,105.00,100 גרם,false,1,18.90,18.00,true,1,
7290110559939,false,דלישס נתחי סויה בסגנון שוארמה 350ג דלישס,קפוא זן תעשיות מזון בעמ,IT,נתחי סויה בסגנון שוו,גרמים,350.00,100 גרם,false,1,28.50,8.14,true,1,
7290110560300,false,"הפריכיות הטעימות חומוס, עדשים שחורות, קינואה ופלפל שחור",אנרג'י Energy - שטראוס,IL,פריכיות משולשות אנרג,גרמים,30.00,100 גרם,false,1,5.00,16.67,true,1,
7290110560317,false,"הפריכיות הטעימות חומוס, עדשים שחורות, קינואה ומלח ים","פרח תעשיו מזון בע""מ",IL,פריכיות משולשות אנרג,גרמים,30.00,100 גרם,false,1,5.00,16.67,true,1,
7290110560324,false,"הפריכיות הטעימות תפו""א, אורז, אפונה ומלח ים","פרח תעשיו מזון בע""מ",IL,פריכיות משולשות אנרג,גרמים,30.00,100 גרם,false,1,5.00,16.67,true,1,
7290110561352,false,דנונה יוגורט ביו פרוביוטי 3% דל לקטוז 150ג',שטראוס גרופ בעמ/מצונן,,דנונה דל לקטוז,גרמים,200.00,100 גרם,false,1,3.70,1.85,true,1,
7290110561604,false,מארז 8 יחידות מעדן גמדים בטעם תות בננה,שטראוס גרופ בעמ/מצונן,,מארז שמינייה גמדים,גרמים,800.00,100 גרם,false,1,19.90,2.49,true,1,
7290110563431,false,"משקה קפה קר בסגנון קלאסי 230 מ""ל 1.6% יוטבתה",שטראוס גרופ בעמ/מצונן,AT,משקה קפה קר 1.6% קלא,מיליליטרים,230.00,"100 מ""ל",false,1,8.30,3.61,true,1,
7290110563448,false,"משקה קפה קר בסגנון מעודן 230 מ""ל 1.6% יוטבתה",שטראוס גרופ בעמ/מצונן,IL,משקה קפה קר 1.6% מעו,מיליליטרים,230.00,"100 מ""ל",false,1,8.30,3.61,true,1,
7290110563462,false,חלב 2% דל לקטוז בבקבוק יטבתה 1 ליטר.,שטראוס גרופ בעמ/מצונן,IL,חלב נטול לקטוז 2% בב,ליטרים,0.00,ליטר,false,1,8.20,8.20,true,1,
7290110563820,false,סלק מבושל שטראוס (1 קג)`,שטראוס גרופ בעמ/מצונן,,סלק בואקום,גרמים,1000.00,100 גרם,false,1,13.90,1.39,true,1,
7290110564339,false,חומוס אחלה הסידרה המובחר 30% טחינה 400 גר',שטראוס גרופ בעמ/מצונן,,חומוס עשיר ב-30% טחי,גרמים,400.00,100 גרם,false,1,13.90,3.48,true,1,
7290110564360,false,חומוס אחלה הסידרה המובחר 40% טחינה 400 גר',שטראוס גרופ בעמ/מצונן,,חומוס עשיר ב-40% טחי,גרמים,400.00,100 גרם,false,1,13.90,3.48,true,1,
7290110564414,false,חומוס אחלה הסידרה המובחר 30% טחינה 600 גר',שטראוס גרופ בעמ/מצונן,,החומוסיה חומוס עשיר,גרמים,600.00,100 גרם,false,1,17.90,2.98,true,1,
7290110564742,false,"משקה קפה קר בסגנון חזק 230 מ""ל 1.2% יוטבתה",שטראוס גרופ בעמ/מצונן,IL,משקה קפה קר 1.2% חזק,מיליליטרים,230.00,"100 מ""ל",false,1,8.30,3.61,true,1,
7290110565435,false,מעדן ג`לי בטעם פטל חלבי שטראוס (125 גרם,שטראוס גרופ בעמ/מצונן,,לימבו פטל 125 גרם,גרמים,125.00,100 גרם,false,1,2.20,1.76,true,1,
7290110565527,false,יוגורט PRO פרו 1.5% 20 גרם חלבון בגביע,שטראוס גרופ בעמ/מצונן,,דנונה פרו 20 גרם חלב,גרמים,200.00,100 גרם,false,1,5.90,2.95,true,1,
7290110565572,false,מארז קפה טורקי עלית לדרך עם הל 168 גרם,שטראוס קפה בי.וי.,IL,מארז טורקי לדרך עם ה,גרמים,168.00,100 גרם,false,1,18.90,11.25,true,1,
7290110566623,false,קפסולות קולומביה עלית 08 למכונת נספרסו מארז 5X10ג',שטראוס קפה בי.וי.,IL,קפסולות קולומביה 08,גרמים,50.00,100 גרם,false,1,16.50,33.00,true,1,
7290110566975,false,דנונה פרו יוגורט 0% תות עשיר בחלבון 200ג',שטראוס גרופ בעמ/מצונן,,דנונה פרו תות 20 גרם,גרמים,200.00,100 גרם,false,1,5.90,2.95,true,1,
7290110567057,false,צנצנת מסטיק מאסט קוביות מנטה חזקה 66 ג' עלית,אסקום קונפקשיין,,בוקסי מנטה חזקה 66 ג,גרמים,66.00,100 גרם,false,1,9.90,15.00,true,1,
7290110568238,false,"קצפת צמחית 21% שומן 250 מ""ל יוטבתה",שטראוס גרופ בעמ/מצונן,IL,קצפת צמחית 21% 250 ג,גרמים,250.00,100 גרם,false,1,8.60,3.44,true,1,
7290110568276,false,משקה וניל פרו Pro מועשר בחלבון 1.5%,שטראוס גרופ בעמ/מצונן,,משקה פרו וניל יטבתה,מיליליטרים,350.00,"100 מ""ל",false,1,6.50,1.86,true,1,
7290110568511,false,קונפיטורית פירות יער במתיקות מעודנת 265 גר' יד מרדכי,"שטראוס גרופ בע""מ",IL,קונפיטורת פירות יער,גרמים,265.00,100 גרם,false,1,15.60,5.89,true,1,
7290110568559,false,דוריטוס עלית מארז חמוץ חריף 10 יח' *25 ג',"שטראוס פריטו ליי בע""מ )פ",IL,מארז דוריטוס חמוץ חר,גרמים,250.00,100 גרם,false,1,14.90,5.96,true,1,
7290110570224,false,משקה קפה קר בטעם עוגיות (230 גר`) יטבתה,שטראוס גרופ בעמ/מצונן,AT,משקה קפה קר בטעם עוג,מיליליטרים,230.00,"100 מ""ל",false,1,8.30,3.61,true,1,
7290110570569,false,"פולי אספרסו עשירים וארומטיים עוצמה 08 1 ק""ג עלית",שטראוס גרופ בע`מ,,פולי אספרסו עשירים ו,גרמים,1000.00,100 גרם,false,1,89.90,8.99,true,1,
7290110570576,false,פולי אספרסו עשירים וארומטיים עוצמה 10 עלית 500 גרם,שטראוס גרופ בע`מ,,פולי אספרסו עשירים ו,גרמים,500.00,100 גרם,false,1,46.90,9.38,true,1,
7290110570583,false,"פולי אספרסו עשירים וארומטיים עוצמה 10 1 ק""ג עלית","שטראוס גרופ בע""מ",,פולי אספרסו עשירים ו,גרמים,1000.00,100 גרם,false,1,89.90,8.99,true,1,
7290110570880,false,פולי אספרסו עשירים וארומטיים עוצמה 14 עלית 250 גרם,"שטראוס גרופ בע""מ",IL,פולי אספרסו עשירים ו,גרמים,250.00,100 גרם,false,1,24.90,9.96,true,1,
7290110570897,false,"פולי אספרסו עשירים וארומטיים עוצמה 14 עלית 1 ק""ג",שטראוס גרופ בע`מ,IL,פולי אספרסו עשירים ו,גרמים,1000.00,100 גרם,false,1,89.90,8.99,true,1,
7290110571184,false,עדשים חומות 380 גר` טעם הטבע שטראוס,"שטראוס גרופ בע""מ",,עדשים חומות 380 גר ש,גרמים,380.00,100 גרם,false,1,7.30,1.92,true,1,
7290110571375,false,"אנרג'י מיקס תערובת צימוקים, תמרים, טופי ושברי פקאן",אנרג'י Energy - שטראוס,,אנרגי מיקס צימוקים ת,גרמים,100.00,100 גרם,false,1,18.90,18.90,true,1,
7290110571382,false,מעדן חלב בטעם וניל מעושר בחלבון 150 ג' שטראוס,שטראוס גרופ בעמ/מצונן,IL,מעדן חלב בטעם וניל מ,גרמים,150.00,100 גרם,false,1,5.50,3.67,true,1,
7290110571405,false,עלית - מיני פינוקיות בגביע פסק זמן 180 גרם,שטראוס גרופ בע`מ,,מיני פינוקיות בגביע,גרמים,180.00,100 גרם,false,1,12.50,6.94,true,1,
7290110571412,false,מיני פינוקיות - פאדג' שוקולד בגביע 180 גרם,"שטראוס גרופ בע""מ",,מיני פינוקיות בגביע,גרמים,180.00,100 גרם,false,1,12.50,6.94,true,1,
7290110571474,false,אצבעות רבע לשבע טבעוני פופקורן 125גר`,"הגביע מוצרי וופלים בע""\מ",,רבע לשבע טבעוני פופק,גרמים,125.00,100 גרם,false,1,10.90,8.72,true,1,
7290110571535,false,מארז קפה טורקי הל עלית 300 גרם,שטראוס קפה בי.וי.,IL,מארז טורקי הל 3*100,גרמים,300.00,100 גרם,false,1,24.90,8.30,true,1,
7290110572129,false,כיף כף מקלות שוקולד לבן 40 ג' עלית,סולן בעבור שטראוס,,כיף כף מקלות שוקולד,Unknown,0.00,Unknown,false,1,4.80,4.80,true,1,
7290110572884,false,"קפסולות קפה מספר 20 למכונת אספרס אספרסו, 50 גרם",שטראוס קפה בי.וי.,,קפסולות 20 למכונות N,גרמים,50.00,100 גרם,false,1,16.50,33.00,true,1,
7290110572969,false,כיף כף פצפצים עלית קרם לבן (40 גר`),שולן צ'\יקולטה גידה סאן.,,כיף כף פצפצים קרם לב,גרמים,40.00,100 גרם,false,1,6.20,15.50,true,1,
7290110572976,false,כיף כף גביע פצפוצים קרם לבן 135 גרם,שולן צ'יקולטה גידה ס,,כיף כף פצפצים קרם לב,גרמים,135.00,100 גרם,false,1,11.80,8.74,true,1,
7290110576318,false,מאגדת שלישיית שוקולד אגוז לבן 300 ג' עלית,"שטראוס גרופ בע""מ",,מארז שלישיית אגוז לב,גרמים,300.00,100 גרם,false,1,26.90,8.97,true,1,
7290110576356,false,"שוקולד ספלנדיד מריר 64% - חלבי , מפולי קקאו מפרו",שטראוס גרופ בע`מ,,ספלנדיד שוקולד מריר,גרמים,100.00,100 גרם,false,1,8.90,8.90,true,1,
7290110576363,false,"שוקולד ספלנדיד מריר 80% חלבי ,פולי קקאו מאוגנדה",שטראוס גרופ בע`מ,,ספלנדיד שוקולד מריר,גרמים,100.00,100 גרם,false,1,8.90,8.90,true,1,
7290110576370,false,מארז שלישייה שוקולד מריר חלבי עם אגוזי לוז,שטראוס גרופ בע`מ,,מארז שלישיית אגוז מר,גרמים,300.00,100 גרם,false,1,26.90,8.97,true,1,
7290110576387,false,מאגדת שלישיית שוקולד אגוז חלב 300 ג' עלית,שטראוס גרופ בע`מ,FR,מארז שלישיית אגוז חל,גרמים,300.00,100 גרם,false,1,26.90,8.97,true,1,
7290110576752,false,טבלאות שוקולד ספלנדיד מריר 70% 100 ג' עלית,"שטראוס גרופ בע""מ",,ספלנדיד מריר 70% 22,גרמים,100.00,100 גרם,false,1,10.00,10.00,true,1,
7290110576776,false,טבלאות שוקולד ספלנדיד מריר 85% 100 ג' עלית,שטראוס גרופ בע`מ,,ספלנדיד מריר 85% 100,גרמים,100.00,100 גרם,false,1,10.00,10.00,true,1,
7290110576790,false,סקי בטעם מוקה 3% (125 גר`) דנונה,שטראוס גרופ בעמ/מצונן,,סקי בטעם מוקה 125 גר,גרמים,125.00,100 גרם,false,1,3.70,2.96,true,1,
7290110576868,false,רבעיית גמדים סלט פירוט * 100 ג' שטראוס,שטראוס גרופ בעמ/מצונן,,גמדים רביעיית סלט פי,גרמים,200.00,100 גרם,false,1,11.70,5.85,true,1,
7290110577230,false,משקה חלב בטעם פיסטוק בבקבוק יטבתה 1 ליטר,שטראוס גרופ בעמ/מצונן,,משקה חלב בטעם פיסטוק,מיליליטרים,1000.00,"100 מ""ל",false,1,11.90,1.19,true,1,
7290110577247,false,"יטבתה משקה חלב-פיסטוק בבקבוק 350 מ""ל",שטראוס גרופ בעמ/מצונן,,משקה חלב בטעם פיסטוק,מיליליטרים,350.00,"100 מ""ל",false,1,6.90,1.97,true,1,
7290110730109,false,נוטרילון קומפורט תרכובת מזון מגיל לידה,דיפלומט מפיצים (1968) בעמ**,,נוטרילון קומפורט 900,גרמים,900.00,100 גרם,false,1,89.90,9.99,true,1,
7290110922702,false,"מסכה אורכידאה שיאה וקוקוס 500 מ""ל",,,מסכה אורכידאה שיאה ו,מיליליטרים,500.00,"100 מ""ל",false,1,69.90,13.98,true,1,
7290111090134,false,"I-CARE שלישיית מגבוני רענון לידיים,12 *3",שקד תבל בעמ,,מגבוני רענון I CARE,Unknown,0.00,Unknown,false,1,13.90,13.90,true,1,
7290111090424,false,"I-CARE מגבונים להסרת לק, 10 בקופ'/24 יח' בקרטון",שקד תבל בעמ,,מסיר לק I CARE,Unknown,0.00,Unknown,false,1,7.90,7.90,true,1,
7290111091513,false,קוויק XLלניקוי שירותים ואמבטיה - בריח לוונדר 40 יח,שקד תבל בעמ,,מ.לחים לאמבטיה ושירו,Unknown,0.00,Unknown,false,1,9.90,9.90,true,1,
7290111092008,false,CENTRUM גברים - מולטיויטמין המכיל ויטמינים ומינרלים,,,צנטרום גברים 60 טבלי,Unknown,0.00,Unknown,false,1,149.90,149.90,true,1,
7290111092985,false,מארז מגבונים לחים בייביסיטר ללא בישום רביעייה,שקד תבל בע`מ,,בייביסיטר מגבונים מ.,Unknown,0.00,Unknown,false,1,16.90,16.90,true,1,
7290111093005,false,"I-CARE מג'להסרת איפור, 25 יח בפלופק",די.פי.אל תעשיות מוצר,,מגבונים להסרת איפור,Unknown,0.00,Unknown,false,1,8.90,8.90,true,1,
7290111093470,false,"קוויק מסיר הפלא ספוגית להסרת כתמים, 3 יחידות",שקד תבל בע`מ,CN,קוויק מסיר הפלא ספוג,יחידה,1.00,יחידה,false,1,12.90,12.90,true,1,
7290111094248,false,"קוויק שקית אשפה חזקה וגדולה במיוחד (90*78), 20 יח'",שקד תבל בע`מ,TR,שקיות אשפה קוויק XL,יחידה,1.00,יחידה,false,1,23.90,23.90,true,1,
7290111094613,false,מגבונים לניקוי משקפיים 10 יח' I-CARE,שקד תבל בע`מ,,מגבונים לניקוי משקפי,Unknown,0.00,Unknown,false,1,8.90,8.90,true,1,
7290111094651,false,שקיות אשפה L עם ידית קוויק 40 יח',שקד תבל בעמ,TR,L קוויק שקיות אשפה ע,יחידה,1.00,יחידה,false,1,13.90,13.90,true,1,
7290111095818,false,קוויק שקיות אשפה L חזקות במיוחד עם שרוך 40 יח',שקד תבל בע`מ,TR,שקיות אשפה קוויק L ע,יחידה,1.00,יחידה,false,1,23.90,23.90,true,1,
7290111096921,false,קוויק מגבונים לניקוי כללי בתוספת חומץ ומלח לימון 50 יח',שקד תבל בע`מ,,מגבונים לנ.כללי עם ח,Unknown,0.00,Unknown,false,1,8.30,8.30,true,1,
7290111098703,false,מארז מסכות פנים 50 יח,,CN,מארז מסכות פנים 50 י,יחידה,1.00,יחידה,false,1,9.90,9.90,true,1,
7290111285318,false,צלחת במבוק 23 סמ מיקי מאוס,שמחה זה אנחנו בע`מ,CN,צלחת במבוק 9 מיקי מא,Unknown,0.00,Unknown,false,1,11.90,11.90,true,1,
7290111285486,false,כוס במבוק הנסיכה סופ,,,כוס במבוק הנסיכה סופ,Unknown,0.00,Unknown,false,1,9.90,9.90,true,1,
7290111285493,false,כוס במבוק מיקי מאוס יח,שמחה זה אנחנו בע`מ,CN,כוס במבוק מקי מאוס,Unknown,0.00,Unknown,false,1,9.90,9.90,true,1,
7290111285523,false,כוס במבוק מפרץ ההרפתקאות בנים,שמחה זה אנחנו בע`מ,,כוס במבוק מפרץ ההרפת,Unknown,0.00,Unknown,false,1,9.90,9.90,true,1,
7290111340178,false,מטליות לחות לניקוי כללי בניחוח מרכך כביסה 50 יח' ניקול,קימברלי קלארק ישראל שיווק בעמ,,מטל.לחות לניקוי כללי,Unknown,0.00,Unknown,false,1,11.90,11.90,true,1,
7290111340185,false,מטליות לחות רצפה ניחוח מרכך כביסה ניקול 10 יחידות,קימברלי קלארק ישראל שיווק בעמ,,מטליות לחות לנ.רצפה,Unknown,0.00,Unknown,false,1,10.90,10.90,true,1,
7290111340956,false,ניקול מטליות לחות לרצפה בניחוח פריחה לבנה,קימברלי קלארק ישראל שיווק בעמ,,מט.לחות ניקול לנ.רצפ,Unknown,0.00,Unknown,false,1,10.90,10.90,true,1,
7290111341359,false,ניקול רדיד אלומיניום חסכוני 60 מטר עם סכ,קימברלי קלארק ישראל שיווק בעמ,IL,רדיד אלומיניום+סכין,מטרים,60.00,מטר,false,1,44.90,0.75,true,1,
7290111341373,false,נייר טואלט לילי פסטל 30 יחידות,קימברלי קלארק ישראל שיווק בעמ,,לילי נייר פסטל 30 גל,מטרים,588.00,מטר,false,1,34.90,0.06,true,1,
7290111341434,false,תחבושות דיפנד נורמל אקטיב לנשים 12 יח,קימברלי קלארק ישראל שיווק בעמ,CZ,תחבושות דיפנד נורמל,Unknown,0.00,Unknown,false,1,20.90,20.90,true,1,
7290111341496,false,תחבושות דיפנד מיני אקטיב לנשים 14 יח,קימברלי קלארק ישראל שיווק בעמ,CZ,תחבושות דיפנד מיני א,Unknown,0.00,Unknown,false,1,20.90,20.90,true,1,
7290111341540,false,קוטקס אקטיב טמפונים ללא מוליך נורמל 32יח,קימברלי קלארק ישראל שיווק בעמ,CZ,טמפונים קוטקס אקטיב,Unknown,0.00,Unknown,false,1,29.90,29.90,true,1,
7290111341816,false,נייר אפייה ניקול עם סליידר 22 מ,קימברלי קלארק ישראל שיווק בעמ,IL,נייר אפייה ניקול עם,מטרים,22.00,מטר,false,1,21.90,1.00,true,1,
7290111341984,false,לילי - מגבוני נייר טואלט לח פיור רביעייה,קימברלי קלארק ישראל שיווק בעמ,IL,נייר טואלט לילי לח מ,Unknown,0.00,Unknown,false,1,20.00,20.00,true,1,
7290111342004,false,מגבוני נייר טואלט לחים 56 דף דיספנסר,קימברלי קלארק ישראל שיווק בעמ,IL,נייר טואלט לח לילי ק,Unknown,0.00,Unknown,false,1,7.90,7.90,true,1,
7290111342042,false,כריות יפניות ניקול לניקוי אנטיבקטריאלי 4,קימברלי קלארק ישראל שיווק בעמ,IL,כריות יפניות ניקול ל,Unknown,0.00,Unknown,false,1,11.90,11.90,true,1,
7290111342059,false,50 מטליות מיקרופייבר לשטחים אנטיבקטריאלי ניקול,קימברלי קלארק ישראל שיווק בעמ,IL,מט.לחות ניקול לחיט מ,Unknown,0.00,Unknown,false,1,14.90,14.90,true,1,
7290111342073,false,מטליות מקרופייבר למשטחים אנטיבקטריאלי ניקול,קימברלי קלארק ישראל שיווק בעמ,CN,מט.ניקול מיקרופיבר ל,Unknown,0.00,Unknown,false,1,17.70,17.70,true,1,
7290111342523,false,מפיות אירוח לשימוש יומיומי ניקול 100 יח,קימברלי קלארק ישראל שיווק בעמ,IL,מפיות ניקול חד שכבתי,יחידה,1.00,יחידה,false,1,8.90,8.90,true,1,
7290111342738,false,לילי - מגבוני נייר טואלט לח קידס רביעייה,קימברלי קלארק ישראל שיווק בעמ,IL,נייר טואלט לילי לח ק,Unknown,0.00,Unknown,false,1,20.00,20.00,true,1,
7290111343117,false,קלינקס ממחטות לושן סופט פק זוגות 140דף,קימברלי קלארק ישראל שיווק בעמ,,ממחטות אף קלינקס לוש,Unknown,0.00,Unknown,false,1,11.90,11.90,true,1,
7290111343797,false,מטליות לחות לניקוי חלונות 48 יח' ניקול,קימברלי קלארק ישראל שיווק בעמ,IL,מטליות לחות ניקול לנ,יחידה,1.00,יחידה,false,1,11.90,11.90,true,1,
7290111343803,false,מטליות לחות לחיטוי אסלה TO GO שלישייה 15 יח',קימברלי קלארק ישראל שיווק בעמ,,מגבוני ניקוי לשירותי,יחידה,1.00,יחידה,false,1,18.90,18.90,true,1,
7290111343827,false,מטליות רב שימושיות לניקוי וקירצוף 6 יחי',קימברלי קלארק ישראל שיווק בעמ,IL,מטליות ניקוי וקרצוף,יחידה,1.00,יחידה,false,1,14.90,14.90,true,1,
7290111343841,false,ניקול ספוגית הקסם נירוסטה 3 יחידות,קימברלי קלארק ישראל שיווק בעמ,CN,ספוגית הקסם ניקול ני,יחידה,1.00,יחידה,false,1,15.60,15.60,true,1,
7290111343858,false,ניקול מטליות לחות לרצפה אנטיבקרטריאלי 10 יחידות,קימברלי קלארק ישראל שיווק בעמ,IL,מטליות לחות ניקול לר,Unknown,0.00,Unknown,false,1,13.90,13.90,true,1,
7290111344145,false,ניקול זוג מטליות מיקרופייבר אנטיבקטריאליות לרצפה,קימברלי קלארק ישראל שיווק בעמ,CN,מטליות ניקול מיקרופי,יחידה,1.00,יחידה,false,1,29.90,29.90,true,1,
7290111344206,false,האגיס נטורל קר מגבונים לחים בבישום עדין רביעייה,קימברלי קלארק ישראל שיווק בעמ,,מגבוני האגיס רביעייה,Unknown,0.00,Unknown,false,1,19.90,19.90,true,1,
7290111344503,false,חיתולי האגיס אקסטרה קייר מידה +4 36 יח',קימברלי קלארק ישראל שיווק בעמ,CZ,האגיס אקסטרה קייר מי,Unknown,0.00,Unknown,false,1,49.90,49.90,true,1,
7290111344510,false,נייר אפייה ניקול בשקית 100 יח,קימברלי קלארק ישראל שיווק בעמ,,נייר אפייה ניקול בשק,Unknown,0.00,Unknown,false,1,22.90,22.90,true,1,
7290111344527,false,ניקול שקיות אשפה XXL לפחים ענקיים 20 יחי,קימברלי קלארק ישראל שיווק בעמ,,זוג שקיות אשפה ניקול,Unknown,0.00,Unknown,false,1,25.90,25.90,true,1,
7290111344558,false,שקיות אשפה בגודל L עם שרוך 100 יח`,קימברלי קלארק ישראל שיווק בעמ,,ניקול שקיות אשפה גדו,Unknown,0.00,Unknown,false,1,34.50,34.50,true,1,
7290111344565,false,ניקול שקיות זיפר מארז משולב מידות,קימברלי קלארק ישראל שיווק בעמ,CN,ניקול שקיות זיפר מאר,יחידה,1.00,יחידה,false,1,13.90,13.90,true,1,
7290111344572,false,ניקול שקיות אשפה עם ידיות 25 יח',קימברלי קלארק ישראל שיווק בעמ,,25 ניקול שקיות אשפה,Unknown,0.00,Unknown,false,1,26.50,26.50,true,1,
7290111344619,false,"ניקול מטליות לחות לניקוי סביבת התינוק צעצועים, 50 יחידות",קימברלי קלארק ישראל שיווק בעמ,,ניקול מטלית לחות לני,Unknown,0.00,Unknown,false,1,14.90,14.90,true,1,
7290111344732,false,קלינקס - טיישו אלרג'י קומפורט ניילון זוגות 140 דף,קימברלי קלארק ישראל שיווק בעמ,IL,ממחטות קלינקס אלרגי,Unknown,0.00,Unknown,false,1,16.70,16.70,true,1,
7290111344824,false,מגן תחתון קוטקס אקסטרא אנטיבקטריאלי לארג',קימברלי קלארק ישראל שיווק בעמ,CN,מגן תחתון קוטקס לארג,Unknown,0.00,Unknown,false,1,23.90,23.90,true,1,
7290111344831,false,קוטקס - מגיני יום אקסטרא פרוטקט נורמל ביג 60 יח',קימברלי קלארק ישראל שיווק בעמ,CN,מגן תחתון קוטקס אקסט,Unknown,0.00,Unknown,false,1,23.90,23.90,true,1,
7290111344855,false,קוטקס - מגיני יום אקסטרא פרוטקט לארג' ביג 52 יח',קימברלי קלארק ישראל שיווק בעמ,CN,מגן תחתון אקסטרא פרו,Unknown,0.00,Unknown,false,1,23.90,23.90,true,1,
7290111344879,false,קוטקס מגיני תחתון 2IN1 מחזור+שתן 44 יחיד,קימברלי קלארק ישראל שיווק בעמ,CN,מגן תחתון קוטקס לארג,Unknown,0.00,Unknown,false,1,23.90,23.90,true,1,
7290111344916,false,ניקול שישיית כריות יפניות אנטיבקטריאליות,קימברלי קלארק ישראל שיווק בעמ,IL,כרית יפנית אנטיבקטרי,Unknown,0.00,Unknown,false,1,14.60,14.60,true,1,
7290111344930,false,מטליות לחות לרצפה בניחוח כביסה ארומתרפיה ניקול 10 יח',קימברלי קלארק ישראל שיווק בעמ,,מט.לחות ניקול לנ.רצפ,Unknown,0.00,Unknown,false,1,10.90,10.90,true,1,
7290111345050,false,כרית מיקרופייבר דו צדדית לניקוי עדין,קימברלי קלארק ישראל שיווק בעמ,IL,כריות מיקרופייבר ניק,Unknown,0.00,Unknown,false,1,15.60,15.60,true,1,
7290111345753,false,תחבושות נטורל דואו נורמל 24 יח' קוטקס,קימברלי קלארק ישראל שיווק בעמ,CZ,תחבושות קוטקס כותנה,Unknown,0.00,Unknown,false,1,18.90,18.90,true,1,
7290111345760,false,תחבושות נטורל דואו סופר 18 יח' קוטקס,קימברלי קלארק ישראל שיווק בעמ,CZ,תחבושות קוטקס כותנה,Unknown,0.00,Unknown,false,1,18.90,18.90,true,1,
7290111345777,false,תחבושת קוטקס כותנה לילה 16 יח' קוטקס,קימברלי קלארק ישראל שיווק בעמ,CZ,תחבושות קוטקס כותנה,Unknown,0.00,Unknown,false,1,18.90,18.90,true,1,
7290111345814,false,נייר טואלט לילי נטורל קר 30 גלילים מהדורה,קימברלי קלארק ישראל שיווק בעמ,,לילי נייר טואלט נטור,מטרים,588.00,מטר,false,1,41.90,0.07,true,1,
7290111345821,false,נייר טואלט לילי נטורל קר 32-16 גלילי כפו,קימברלי קלארק ישראל שיווק בעמ,,נייר טואלט לילי לבן,מטרים,588.80,מטר,false,1,34.90,0.06,true,1,
7290111345999,false,מארז זוג מטליות לחות לרצפה בניחוח מרכך כביסה 2*10 יח' ניקול,קימברלי קלארק ישראל שיווק בעמ,IL,ניקול מטליות לחות לר,יחידה,1.00,יחידה,false,1,24.90,24.90,true,1,
7290111346118,false,האגיס מגבונים בישום עדין רביעייה מהדורה,קימברלי קלארק ישראל שיווק בעמ,,מגבוני האגיס מארז מב,Unknown,0.00,Unknown,false,1,19.90,19.90,true,1,
7290111346125,false,מארז שלישייה מגבוני דיילי קר ללא בישום *56 יח' האגיס,חוגלה קימברלי שיווק בע`מ,,מגבוני האגיס שלישייה,Unknown,0.00,Unknown,false,1,21.90,21.90,true,1,
7290111346293,false,מגבת נייר ניקול 6 יחידות מהדורה חגיגית,קימברלי קלארק ישראל שיווק בעמ,,מגבות ניקול שישייה מ,Unknown,0.00,Unknown,false,1,12.90,12.90,true,1,
7290111346453,false,ניקול 2 כריות קרצוף עם סיבי נירוסטה,קימברלי קלארק ישראל שיווק בעמ,,ניקול כריות קרצוף עם,Unknown,0.00,Unknown,false,1,13.50,13.50,true,1,
7290111350030,false,רסק תפוחי עץ טבעי בצנצנת 670 גרם קלית גת,ליימן שליסל בעמ,,רסק תפוחי עץ טבעי בצ,גרמים,670.00,100 גרם,false,1,13.00,1.94,true,1,
7290111350047,false,תמרים מזן מגהול ללא חרצנים 500 גרם,ליימן שליסל בע`מ,,תמרים מזן מגהול ללא,גרמים,500.00,100 גרם,false,1,14.90,2.98,true,1,
7290111350665,false,קליית גת דבש לחיץ טהור מפרחי בר 350 גרם,חקלאות עין חרוד מאוח,,דבש לחיץ קליית גת 35,גרמים,350.00,100 גרם,false,1,23.90,6.83,true,1,
7290111350726,false,חטיף נאצוס הוטפופ בסגנון מקסיקני 322 גר,ליימן שליסל בע`מ,US,חטיף נאצוס הוטפופ בס,גרמים,322.00,100 גרם,false,1,16.90,5.25,true,1,
7290111351280,false,תערובת אגוזים קלויים ללא מלח 150 גרם קליית גת,ליימן שליסל,,תערובת אגוזים קלויים,גרמים,150.00,100 גרם,false,1,21.90,14.60,true,1,
7290111352430,false,ממרח תמרים טבעי קליית גת 440 גרם,ליימן שליסל בע`מ,IL,ממרח תמרים טבעי קליי,גרמים,440.00,100 גרם,false,1,14.90,3.39,true,1,
7290111352966,false,יוגטה סוכריות ממולאות בטעם פירות 250 גרם ללא ג'לטין,ליימן שליסל בע`מ,IL,מקלות יוגטה ממולאות,גרמים,250.00,100 גרם,false,1,7.30,2.92,true,1,
7290111352973,false,יוגוטה קוביות חמוצות ממולאות בטעם פירות,ליימן שליסל בע`מ,IL,קוביות חמוצות יוגטה,גרמים,220.00,100 גרם,false,1,7.30,3.32,true,1,
7290111353055,false,"גומי דובי 200 גר' וסטהיים (כש""לפ בית יוסף)",אפגאם תעשיות ממתקים,TR,סוכריות גומי דובונים,גרמים,200.00,100 גרם,false,1,10.40,5.20,true,1,
7290111353109,false,"גומי נחש מבריק 200 גר' וסטהיים (כש""לפ בית יוסף).",אפגאם תעשיות ממתקים,TR,סוכריות גומי נחשים מ,גרמים,200.00,100 גרם,false,1,10.40,5.20,true,1,
7290111353123,false,"גומי נחש מסוכר 200 גר' וסטהיים (כש""לפ בית יוסף)",טופגם תעשיות ממתקים,TR,סוכריות גומי נחשים ח,גרמים,200.00,100 גרם,false,1,10.40,5.20,true,1,
7290111353444,false,ציפס ירקות חטיף בטטות הוטפופ 120 ג',איץ.סיי גרופ אס.דה א,HN,חטיף בטטות ומלח ים 1,גרמים,120.00,100 גרם,false,1,14.90,12.42,true,1,
7290111353451,false,חטיף בירקות שורש ומלח ים הוטפופ 120 גרם,איץ.סיי גרופ אס.דה א,HN,חטיף ירקות שורש ומלח,גרמים,120.00,100 גרם,false,1,14.90,12.42,true,1,
7290111354120,false,ממרח חלווה קליית גת 300 גרם,ליימן שליסל,IL,ממרח חלווה קליית גת,גרמים,300.00,100 גרם,false,1,16.90,5.63,true,1,
7290111564291,false,פריכיות דקות ונימוחות 3 דגנים וקינואה פיטנס Fitness,קבוצת אוסם סחר שותפות מוגבלת,,פריכיות פיטנס דקות ע,גרמים,120.00,100 גרם,false,1,10.90,9.08,true,1,
7290111565038,false,"לה קרמריה וניל קוקילידה בד""צ 1.4 ל'",נגה גלידות שותפות מוגבלת,,לה קרמריה קוקילידה 1,ליטרים,0.00,ליטר,false,1,18.90,18.90,true,1,
7290111566103,false,טבעול פלאפל מרכיבים ביתיים בלבד 590 גרם,קבוצת אוסם סחר שותפות מוגבלת,,פלאפל רכיבים טבעיים,גרמים,590.00,100 גרם,false,1,36.50,6.19,true,1,
7290111566127,false,מאגדת אוראו מיני סנדוויץ' 6 יח' נסטלה,נגה גלידות שותפות מוגבלת,,מאגדת סנדוויץ אוראו,גרמים,198.00,100 גרם,false,1,26.90,13.59,true,1,
7290111566226,false,שניצל ברוקולי טבעול 667 גרם,קבוצת אוסם סחר-שות.מוגבלת,,שניצל ברוקולי טבעול,גרמים,667.00,100 גרם,false,1,36.50,5.47,true,1,
7290111566240,false,שניצל דק מן הצומח בטעם צ'ילי חריף 700 גרם,קבוצת אוסם סחר שותפות מוגבלת,,שניצל דק בטעם צילי,גרמים,564.00,100 גרם,false,1,36.50,6.47,true,1,
7290111566271,false,טבעול חטיפי תירס 657 גרם קפוא,קבוצת אוסם סחר שותפות מוגבלת,,חטיפי תירס טבעול 657,גרמים,657.00,100 גרם,false,1,29.90,4.55,true,1,
7290111566318,false,שניצל דק מן הצומח בטעם ביתי 700 גרם,קבוצת אוסם סחר שותפות מוגבלת,,שניצל דק טבעול 564 ג,גרמים,564.00,100 גרם,false,1,31.90,5.66,true,1,
7290111566332,false,"נקניקיות וינר מן הצומח 680 גרם ""טבעול""",קבוצת אוסם סחר שותפות מוגבלת,,נקניקיות וינר צמחוני,גרמים,680.00,100 גרם,false,1,36.50,5.37,true,1,
7290111566417,false,טבעול טחון מן הצומח משופר 400 גרם,קבוצת אוסם סחר שותפות מוגבלת,,טחון צמחוני טבעול 50,גרמים,500.00,100 גרם,false,1,36.50,7.30,true,1,
7290111566547,false,טבעול חזה בגריל צמחוני 99 קלוריות 560ג',קבוצת אוסם סחר-שות.מוגבלת,,חזה בגריל צמחוני טבע,גרמים,560.00,100 גרם,false,1,31.90,5.70,true,1,
7290111566561,false,"שניצל ברוקולי 99 קלוריות 560 גר' ""טבעול""",קבוצת אוסם סחר שותפות מוגבלת,,שניצל ברוקולי 99 קלו,גרמים,560.00,100 גרם,false,1,36.50,6.52,true,1,
7290111566585,false,"שניצל צמחוני 99 קלוריות 650 גר' ""טבעול""",קבוצת אוסם סחר שותפות מוגבלת,,שניצל צמחוני 99 קלור,גרמים,650.00,100 גרם,false,1,36.50,5.62,true,1,
7290111566660,false,טבעול קציצות עדשים כתומות 525 גרם,קבוצת אוסם סחר שותפות מוגבלת,,קציצות עדשים כתומות,גרמים,530.00,100 גרם,false,1,36.50,6.89,true,1,
7290111566691,false,"שניצל תרד 99 קלוריות 560 גרם ""טבעול""",קבוצת אוסם סחר-שות.מוגבלת,,שניצל תרד 99 קלוריות,גרמים,560.00,100 גרם,false,1,36.50,6.52,true,1,
7290111566714,false,טבעול המבורגר צמחוני 99 קלוריות 600 גרם,קבוצת אוסם סחר שותפות מוגבלת,,המבורגר צמחוני 99 קל,גרמים,600.00,100 גרם,false,1,36.50,6.08,true,1,
7290111566752,false,טבעול שניצל תירס 99 קלוריות 693 גרם,קבוצת אוסם סחר שותפות מוגבלת,,שניצל תירס 99 קלוריו,גרמים,693.00,100 גרם,false,1,31.90,4.60,true,1,
7290111566776,false,"נקניקיות קוקטייל מן הצומח 680 גרם ""טבעול""",קבוצת אוסם סחר שותפות מוגבלת,,נקניקיות קוקטייל צמח,גרמים,680.00,100 גרם,false,1,36.50,5.37,true,1,
7290111568206,false,ביסלי פארטי מיקס אסם 150 גר',קבוצת אוסם סחר שותפות מוגבלת,,ביסלי פארטי מיקס 150,גרמים,150.00,100 גרם,false,1,7.50,5.00,true,1,
7290111568251,false,אטריות נודלס להקפצה אסם אסייתי 350 גר',קבוצת אוסם סחר שותפות מוגבלת,,נודלס אטריות להקפצה,גרמים,350.00,100 גרם,false,1,11.40,3.26,true,1,
7290111568275,false,אטריות נודלס אורז רחבות אסם אסייתי 300גרם,קבוצת אוסם סחר שותפות מוגבלת,,נודלס אטריות אורז רח,גרמים,300.00,100 גרם,false,1,11.40,3.80,true,1,
7290111568299,false,אטריות נודלס עם תרד אסם אסייתי 300 גר',קבוצת אוסם סחר שותפות מוגבלת,,נודלס אטריות עם תרד,גרמים,300.00,100 גרם,false,1,11.40,3.80,true,1,
7290111568466,false,רוטב אסייתי למוקפץ הסדרה האסייתית,קבוצת אוסם סחר שותפות מוגבלת,,רוטב אסייתי למוקפץ א,מיליליטרים,290.00,"100 מ""ל",false,1,16.70,5.76,true,1,
7290111568961,false,אסם בייגלה טבעות מלוח 400 גר`,קבוצת אוסם סחר שותפות מוגבלת,,בייגלה טבעות מלח 400,גרמים,400.00,100 גרם,false,1,9.90,2.48,true,1,
7290111664137,false,כף ורסאי לבן -אר' 10,,TR,כף וסראי לבן 10 יח,Unknown,0.00,Unknown,false,1,4.50,4.50,true,1,
7290111665509,false,מזלג וסראי ורוד 10 יח,,CN,מזלג וסראי ורוד 10 י,Unknown,0.00,Unknown,false,1,4.50,4.50,true,1,
7290111665592,false,כף וסראי ניצוצות כסף 10 יח,,TR,כף וסראי ניצוצות כסף,Unknown,0.00,Unknown,false,1,4.50,4.50,true,1,
7290111870897,false,מרשמלו מסולסל ארוך בשקית 18 גר'-LOL,שמחה זה אנחנו,CN,מרשמלו מסולסל ארוך ב,Unknown,1.00,Unknown,false,24,32.90,32.90,true,1,
7290111870934,false,מרשמלו מסולסל ארוך 18 גר'-מפרץ הרפתקאות,,CN,מרשמלו מסולסל ארוך 1,Unknown,1.00,Unknown,false,24,32.90,32.90,true,1,
7290111870965,false,פסי טופי 10 גר(25 יח בשקית) - LOL,אס.אם אנטרפרייסז קורפ,,פסי טופי 10 גר(25 יח,גרמים,10.00,100 גרם,false,1,18.90,189.00,true,1,
7290111872952,false,נרות גמבו כוכבים מי,,CN,נרות גמבו כוכבים מי,Unknown,1.00,Unknown,false,12,6.50,6.50,true,1,
7290111872969,false,נרות ג'מבו כוכבים פי ג'יי,,CN,נרות גמבו כוכבים כו,Unknown,1.00,Unknown,false,12,6.50,6.50,true,1,
7290111879005,false,בקבוק טריטן 500 מל עם פית סיליקון-נסיכות,,CN,בקבוק טריטן עם פית ס,מיליליטרים,500.00,"100 מ""ל",false,1,24.90,4.98,true,1,
7290111930799,false,חטיף בטעם בצל קראנצ',ש. שסטוביץ בע`מ,,קראנצוס בצל 55 גרם,גרמים,55.00,100 גרם,false,1,3.50,6.36,true,1,
7290111930805,false,קראנצ'וס טעם ברביקיו 55 גר',ש. שסטוביץ בע`מ,,קראנצוס ברביקיו 55 ג,גרמים,55.00,100 גרם,false,1,3.50,6.36,true,1,
7290111930850,false,קראנצ'וס טעם פיצה 55גר',ש. שסטוביץ בע`מ,,קראנצוס פיצה 55 גרם,גרמים,55.00,100 גרם,false,1,3.50,6.36,true,1,
7290111930898,false,חטיף פוף כוכבים גריל אמריקאי 40 גרם,ש. שסטוביץ בע`מ,,חטיף פוף כוכבים גריל,גרמים,40.00,100 גרם,false,1,4.60,11.50,true,1,
7290111930911,false,חטיף פוף לבבות קלאסי 40 גרם,ש. שסטוביץ בע`מ,,חטיף פוף לבבות קלאסי,גרמים,40.00,100 גרם,false,1,4.60,11.50,true,1,
7290111930928,false,חטיף פוף לבבות גריל 40 גרם,ש. שסטוביץ בע`מ,,חטיף פוף לבבות גריל,גרמים,40.00,100 גרם,false,1,4.60,11.50,true,1,
7290111930935,false,חטיף פוף טבעות קלאסי 40 גרם,ש. שסטוביץ בע`מ,,חטיף פוף טבעות קלאסי,גרמים,40.00,100 גרם,false,1,4.60,11.50,true,1,
7290111931338,false,סבון רחצה פלמוליב לומינוס מועשר בשמנים טבעיים,קולגייט פלמוליב,,סבון נוזלי פלמוליב ל,מיליליטרים,500.00,"100 מ""ל",false,1,18.80,3.76,true,1,
7290111932380,false,"מרידול משחת שיניים מארז 75X2מ""ל כשל""פ",ש.שסטוביץ בעמ,PL,משחת שיניים מרידול מ,מיליליטרים,150.00,"100 מ""ל",false,1,35.50,23.67,true,1,
7290111932502,false,"משחת שיניים קולגייט אופטיק וייט אקספרט וויט 75 מ""ל",ש.שסטוביץ בעמ,MX,מש.שיניים קולגייט או,Unknown,0.00,Unknown,false,1,24.90,24.90,true,1,
7290111933462,false,"רוטב צ'ילי מתוק מאסטר שף 300 מ""ל",ש. שסטוביץ בע`מ,,רוטב צילי מתוק מאסטר,מיליליטרים,300.00,"100 מ""ל",false,1,10.90,3.63,true,1,
7290111933554,false,שלישייה עגבניות קוביות מאסטר שף 400 גרם,קונסוריזיו קאסאלסקו,IT,מנה עגבניות קוביות ש,קילוגרמים,0.00,"ק""ג",false,1,17.70,17.70,true,1,
7290111933998,false,קוקי תבנית אינגליקייק עם נייר אפיה 4יח,ש.שסטוביץ בעמ,CN,תבנית קוקי אינגליש ע,Unknown,0.00,Unknown,false,1,10.90,10.90,true,1,
7290111934827,false,"סבון ידיים היגיינה 300 מ""ל פלמוליב",ש.שסטוביץ בעמ,,סבון ידיים פלמוליב ה,מיליליטרים,300.00,"100 מ""ל",false,1,12.50,4.17,true,1,
7290111935527,false,"מ. שיניים קולגייט טוטל קלין מיניט -זוג כשל""פ2*100 גרם",קולגייט פלמוליב,PL,מש.שיניים קולגייט טו,מיליליטרים,100.00,"100 מ""ל",false,1,32.90,32.90,true,1,
7290111935817,false,דאו ליידי ספיד סטיק סטיק דרמה פנינה 45 ג,ש.שסטוביץ בעמ,,דאו ליידי ספיד סטיק,גרמים,45.00,100 גרם,false,1,20.90,46.44,true,1,
7290111936296,false,"פלמוליב סבון נוזלי בניחוח סנסיישן מסאז' ,750 מ""ל",קולגייט פלמוליב,TR,סבון נוזלי פלמוליב א,מיליליטרים,750.00,"100 מ""ל",false,1,19.90,2.65,true,1,
7290111936784,false,מארז חמישיית חטיפי תמרים ואגוזי לוז פרי 125 גרם,"טבעית מוצרים מהטבע בע""\מ",IL,פרי מארז חטיף תמרים,גרמים,125.00,100 גרם,false,1,18.90,15.12,true,1,
7290111936852,false,"מארז חמישיית חטיפי תמרים, חמוציות ותפוחי עץ פרי 125 גרם","טבעית מוצרים מהטבע בע""\מ",IL,פרי מארז חטיף תמרים,גרמים,125.00,100 גרם,false,1,18.90,15.12,true,1,
7290111937248,false,פרי מארז חטיפים 5 יחידות תמרים קשיו ונגיעות לוז כשלפ,"טבעית מוצרים מהטבע בע""\מ",IL,פרי מארז חטיף תמרים,גרמים,125.00,100 גרם,false,1,18.90,15.12,true,1,
7290111937255,false,מארז חמישיית חטיפי תמרים בוטנים ואגוזי לוז פרי 125 גרם,"טבעית מוצרים מהטבע בע""\מ",IL,פרי מארז חטיף תמרים,גרמים,125.00,100 גרם,false,1,18.90,15.12,true,1,
7290111937262,false,מארז חמישיית חטיפי תמרים אגוזים ושברי קקאו פרי 125 גרם,"טבעית מוצרים מהטבע בע""\מ",IL,פרי מארז חטיף תמרים,גרמים,125.00,100 גרם,false,1,18.90,15.12,true,1,
7290111938481,false,"מאזטר שף רוטב סויה בהירה 300 מ""ל",ש. שסטוביץ בע`מ,TH,רוטב סויה בהירה מאסט,מיליליטרים,300.00,"100 מ""ל",false,1,10.90,3.63,true,1,
7290111938498,false,"מנה אסייאתי רוטב סויה בהירה 700 מ""ל מ.שף",קי.אר.אס. ספייסי פוד,,מנה אסייאתי רוטב סוי,מיליליטרים,700.00,"100 מ""ל",false,1,17.70,2.53,true,1,
7290111939181,false,קוקי כיסוי ניילון עם גומי מיקס מידות,ש.שסטוביץ בעמ,CN,ניילון נצמד קוקי עם,Unknown,0.00,Unknown,false,1,10.90,10.90,true,1,
7290112000057,false,וולייט גל גולד 3 ליטר לשמירה על הבגד,רקיט בנקיזר (ניר איסט) בעמ,,גל כביסה קרטין גולד,ליטרים,0.00,ליטר,false,1,33.90,33.90,true,1,
7290112000156,false,"איירוויק מילוי מפיץ אדים אוטמטי לבנדר 20 מ""ל",רקיט בנקיזר (ניר איסט) בעמ,,מילוי אירוויק למפזר,Unknown,0.00,Unknown,false,1,22.90,22.90,true,1,
7290112000163,false,איירוויק מילוי מפיץ אדים קומפליט יסמין,רקיט בנקיזר (ניר איסט) בעמ,,מילוי אירוויק למפזר,Unknown,0.00,Unknown,false,1,22.90,22.90,true,1,
7290112000286,false,"גל לניקוי אסלות סיליט באנג לימון 750 מ""ל",רקיט בנקיזר (ניר איסט) בעמ,,גל לניקוי אסלות סילי,מיליליטרים,750.00,"100 מ""ל",false,1,10.90,1.45,true,1,
7290112000293,false,"סיליט באנג ג'ל לחיטוי וניקוי האסלה פרש, 750 מ""ל",רקיט בנקיזר (ניר איסט) בעמ,,גל לניקוי אסלות סילי,מיליליטרים,750.00,"100 מ""ל",false,1,10.90,1.45,true,1,
7290112000392,false,מנקה ומחטא עוצמתי לחדר האמבטיה ללא אקונומיקה,רקיט בנקיזר (ניר איסט) בעמ,,תרסיס דטול לאמבטיה 7,מיליליטרים,750.00,"100 מ""ל",false,1,17.10,2.28,true,1,
7290112000408,false,מנקה ומחטא עוצמתי לניקוי כללי בניחוח לימון,רקיט בנקיזר (ניר איסט) בעמ,GB,תרסיס דטול לניקוי כל,מיליליטרים,750.00,"100 מ""ל",false,1,17.10,2.28,true,1,
7290112000736,false,פיניש טבליות AIO 80 יח` אריזת חיסכון,רקיט בנקיזר (ניר איסט) בעמ,,פיניש הכל באחד,Unknown,0.00,Unknown,false,1,59.90,59.90,true,1,
7290112000798,false,"דיטול תרסיסי חיטוי וניקוי אנטי בקטריאלי 750 מ""ל",רקיט בנקיזר (ניר איסט) בעמ,,תרסיס דטול אנטי בקטר,מיליליטרים,750.00,"100 מ""ל",false,1,17.10,2.28,true,1,
7290112000828,false,דטול - מגבונים חיטוי וניקוי אנטי בקטריאלי 60 יח',רקיט בנקיזר (ניר איסט) בעמ,PL,מגבונים דטול אנטי בק,Unknown,0.00,Unknown,false,1,17.10,17.10,true,1,
7290112000842,false,דטול מגבונים לניקוי כללי בניחות לימון 60 יח',רקיט בנקיזר (ניר איסט) בעמ,PL,מגבונים דטול לניקוי,Unknown,0.00,Unknown,false,1,17.10,17.10,true,1,
7290112000873,false,מטליות לחות לחדר האמבטיה מנקה ומחטא עוצמתי,רקיט בנקיזר (ניר איסט) בעמ,PL,מגבונים דטול לאמבטיה,Unknown,0.00,Unknown,false,1,17.10,17.10,true,1,
7290112000880,false,מטליות לחות למטבח מנקה ומחטא עוצמתי,רקיט בנקיזר (ניר איסט) בעמ,PL,מגבונים דטול למטבח 6,Unknown,0.00,Unknown,false,1,17.10,17.10,true,1,
7290112001016,false,"אירוויק פרשמטיק מכשיר אוטמטי ומלוי בניחוח תענוגות האביב 250 מ""ל",רקיט בנקיזר (ניר איסט) בעמ,IL,מבשם אוטומטי אירוויק,Unknown,0.00,Unknown,false,1,49.90,49.90,true,1,
7290112001023,false,"אירוויק ספרי אוטמטי מילוי תענוגות האביב 250 מ""ל",רקיט בנקיזר (ניר איסט) בעמ,IL,מילוי אוטומטי אירווי,מיליליטרים,250.00,"100 מ""ל",false,1,22.90,9.16,true,1,
7290112001221,false,מנקה מכונת כביסה בניחוח נקי ורענן,רקיט בנקיזר (ניר איסט) בעמ,ES,מנקה מכונת כביסה קול,מיליליטרים,250.00,"100 מ""ל",false,1,20.50,8.20,true,1,
7290112001238,false,"מנקה מכונת כביסה קולון לימון 250 מ""ל",רקיט בנקיזר (ניר איסט) בעמ,ES,מנקה מכונת כביסה קול,מיליליטרים,250.00,"100 מ""ל",false,1,20.50,8.20,true,1,
7290112001870,false,"סיליט באנג ספריי ניקוי אמבטיה 750 מ""ל",רקיט בנקיזר (ניר איסט) בעמ,PL,מרסס סיליט לניקוי אמ,מיליליטרים,750.00,"100 מ""ל",false,1,14.50,1.93,true,1,
7290112001900,false,פיניש ג'ל למדיח אקולוגי 1 ליטר,רקיט בנקיזר (ניר איסט) בעמ,PL,גל למדיח פיניש אקולו,ליטרים,0.00,ליטר,false,1,42.90,42.90,true,1,
7290112002044,false,טבליות פיניש מנקה מדיח 3 יח,רקיט בנקיזר (ניר איסט) בעמ,HU,טבליות פיניש מנקה מד,Unknown,0.00,Unknown,false,1,32.50,32.50,true,1,
7290112002099,false,קולון גל כביסה מרוכז 2.5 ליטר קלאסי,רקיט בנקיזר (ניר איסט) בעמ,IL,גל כביסה קולון מרוכז,ליטרים,0.00,ליטר,false,1,28.50,28.50,true,1,
7290112002105,false,קולון גל כביסה מרוכז 2.5 ליטר ניחוח לילך,רקיט בנקיזר (ניר איסט) בעמ,IL,גל כביסה קולון מרוכז,ליטרים,0.00,ליטר,false,1,28.50,28.50,true,1,
7290112002112,false,ג'ל כביסה מרוכז קולון 101 בניחוח ורדים,רקיט בנקיזר (ניר איסט) בעמ,IL,גל כביסה קולון מרוכז,ליטרים,0.00,ליטר,false,1,28.50,28.50,true,1,
7290112002129,false,ג'ל כביסה מרוכז קולון 101 בניחוח פריחה מרענן,רקיט בנקיזר (ניר איסט) בעמ,IL,גל כביסה קולון מרוכז,ליטרים,0.00,ליטר,false,1,28.50,28.50,true,1,
7290112002136,false,ג'ל כביסה מרוכז קולון 101 קלאסי,רקיט בנקיזר (ניר איסט) בעמ,IL,גל כביסה קולון מרוכז,ליטרים,0.00,ליטר,false,1,37.90,37.90,true,1,
7290112002143,false,ג'ל כביסה מרוכז קולון 101 בניחוח לילך,רקיט בנקיזר (ניר איסט) בעמ,IL,גל כביסה קולון מרוכז,ליטרים,0.00,ליטר,false,1,37.90,37.90,true,1,
7290112002167,false,קולון ג'ל כביסה בניחוח פריחה מרענן ירוק 4 ליטר,רקיט בנקיזר (ניר איסט) בעמ,IL,גל כביסה קולון מרוכז,ליטרים,0.00,ליטר,false,1,37.90,37.90,true,1,
7290112002983,false,מרסס סיליט חומצת לימון לניקוי כללי 750מל,רקיט בנקיזר (ניר איסט) בעמ,PL,מרסס סיליט חומצת לימ,מיליליטרים,750.00,"100 מ""ל",false,1,18.90,2.52,true,1,
7290112003089,false,"קולון מבשם בדים פריחה עדינה ורוד 300 מ""ל",רקיט בנקיזר (ניר איסט) בעמ,ES,מבשם בדים קולון פריח,מיליליטרים,300.00,"100 מ""ל",false,1,26.90,8.97,true,1,
7290112003096,false,קולון מבשם כביסה טבעי רענן (ירוק),רקיט בנקיזר (ניר איסט) בעמ,ES,מבשם בדים קולון טבעי,מיליליטרים,300.00,"100 מ""ל",false,1,26.90,8.97,true,1,
7290112003188,false,קולון קפסולות ג'ל 60 יח' אריזת חיסכון,רקיט בנקיזר (ניר איסט) בעמ,,קפסולות גל לכביסה קו,יחידה,1.00,יחידה,false,1,57.50,57.50,true,1,
7290112003256,false,אבקת כביסה קולון 101 בניחוח לבנדר,רקיט בנקיזר (ניר איסט) בעמ,,אבקת כביסה קולון מאס,קילוגרמים,0.00,"ק""ג",false,1,16.70,16.70,true,1,
7290112003553,false,איירוויק בוטניקה נר ריחני בניחוח עשבי יע,רקיט בנקיזר (ניר איסט) בעמ,CN,איירוויק בוטניקה נר,גרמים,205.00,100 גרם,false,1,29.90,14.59,true,1,
7290112003843,false,"קלגון גל אנטי בקטריאלי 750 מ""ל",רקיט בנקיזר,IT,קלגון גל אנטי,מיליליטרים,750.00,"100 מ""ל",false,1,31.50,4.20,true,1,
7290112004161,false,"ספריי אוטמטי מילוי בניחוח סנטורל 250 מ""ל אירוויק",רקיט בנקיזר (ניר איסט) בעמ,GB,איירוויק פרשמטיק מיל,מיליליטרים,250.00,"100 מ""ל",false,1,22.90,9.16,true,1,
7290112004208,false,פיניש טבליות למדיח הכל ב 1 לימון 50 יחידות,רקיט בנקיזר (ניר איסט) בעמ,PL,פיניש טבליות הכל ב-1,Unknown,0.00,Unknown,false,1,36.50,36.50,true,1,
7290112004314,false,"דטול - תרסיס חיטוי וניקוי בניחוח לימון רימונים 750 מ""ל",רקיט בנקיזר (ניר איסט) בעמ,GB,תרסיס דטול מנקה ומחט,מיליליטרים,750.00,"100 מ""ל",false,1,17.10,2.28,true,1,
7290112004321,false,מגבונים לניקוי כללי בניחוח רימונים וליים 60 יח' דטול,רקיט בנקיזר (ניר איסט) בעמ,PL,מגבונים דטול לניקוי,Unknown,0.00,Unknown,false,1,17.10,17.10,true,1,
7290112004413,false,"ספריי וניש קליה להסרת כתמים לבגדים לבנים 750 מ""ל",רקיט בנקיזר (ניר איסט) בעמ,,וניש ספריי הסרת כתמי,יחידה,1.00,יחידה,false,1,18.90,18.90,true,1,
7290112004468,false,דטול - מחטא כביסה לכותנה 1.50 ליטר,רקיט בנקיזר (ניר איסט) בעמ,IT,דטול מחטא כביסה לכות,יחידה,1.00,יחידה,false,1,25.90,25.90,true,1,
7290112004611,false,"וניש קליה ג'ל מרוכז לטיפול נקודתי בכתמים 200 מ""ל",רקיט בנקיזר (ניר איסט) בעמ,,וניש קליה פאואר גל 2,יחידה,1.00,יחידה,false,1,17.90,17.90,true,1,
7290112004710,false,וניש תוסף כביסה גל מרוכז-כביסה לבנה,רקיט בנקיזר (ניר איסט) בעמ,IT,וניש גליסמו לבן 750,Unknown,0.00,Unknown,false,1,20.90,20.90,true,1,
7290112004772,false,אירוויק מילוי מבשם חשמלי כביסה באוויר,רקיט בנקיזר (ניר איסט) בעמ,,אירוויק מילוי מבשם ח,Unknown,0.00,Unknown,false,1,17.90,17.90,true,1,
7290112004963,false,"פיניש אולטימייט קפסולות לניקוי כלים במדיח, 25 יחידות",רקיט בנקיזר (ניר איסט) בעמ,,פיניש אולטימייט 25 ט,Unknown,0.00,Unknown,false,1,39.90,39.90,true,1,
7290112004970,false,פיניש אולטימייט קוואנטום 50 טבליות למדיח,רקיט בנקיזר (ניר איסט) בעמ,,פיניש אולטימייט 50 ט,Unknown,0.00,Unknown,false,1,59.90,59.90,true,1,
7290112004987,false,אירוויק פרשמטיק מילוי בניחוח פצ`ולי ויער,רקיט בנקיזר (ניר איסט) בעמ,IL,מילוי אוטומטי אירווי,מיליליטרים,250.00,"100 מ""ל",false,1,22.90,9.16,true,1,
7290112005045,false,וניש מסיר כתמים אבקה לכביסה לבנה 480 גרם,רקיט בנקיזר (ניר איסט) בעמ,IT,וניש אבקת כביסה לבנה,יחידה,1.00,יחידה,false,1,18.80,18.80,true,1,
7290112005052,false,וניש תוסף כביסה רב תכליתי לבגדים לבנים,רקיט בנקיזר (ניר איסט) בעמ,IT,וניש אבקת כביסה לבנה,יחידה,1.00,יחידה,false,1,36.50,36.50,true,1,
7290112005076,false,וניש תוסף כביסה רב תכליתי צבעוני 480 גרם,רקיט בנקיזר (ניר איסט) בעמ,IT,וניש אבקת כביסה צבעו,יחידה,1.00,יחידה,false,1,18.80,18.80,true,1,
7290112005083,false,וניש תוסף כביסה רב תכליתי לכביסה צבעונית,רקיט בנקיזר (ניר איסט) בעמ,IT,וניש אבקת כביסה לצבע,יחידה,1.00,יחידה,false,1,36.50,36.50,true,1,
7290112005168,false,פיניש אולטימייט קוואנטום לימון 60 טבליות למדיח,רקיט בנקיזר (ניר איסט) בעמ,PL,טבליות למדיח פיניש ק,Unknown,0.00,Unknown,false,1,64.90,64.90,true,1,
7290112161642,false,סבון מוצק מארז אישי 3 יח,,IL,סבון מוצק מארז אישי,גרמים,90.00,100 גרם,false,1,11.90,13.22,true,1,
7290112190116,false,וופל הולנדי במילוי קרמל 224 גרם,,,וופל הולנדי במילוי ק,גרמים,224.00,100 גרם,false,1,10.90,4.87,true,1,
7290112192158,false,"ניוקי תפו""א 500 גרם ללא גלוטן",גורי מוצרי צריכה בעמ,IT,"ניוקי תפו""א לל""ג 500",גרמים,500.00,100 גרם,false,1,10.90,2.18,true,1,
7290112192509,false,פירורי לחם ללא גלוטן 250 גר GFREE,גורי מוצרי צריכה (1991) בעמ,IL,פירורי לחם ללא גלוטן,גרמים,250.00,100 גרם,false,1,16.90,6.76,true,1,
7290112192561,false,"משחת שיניים פרודונטקס הגנה מלאה מרעננת הלבנה 75 מ""ל",ג'י.אס.קיי קונסיומר,GB,מש.שיניים פרודונטקס,מיליליטרים,75.00,"100 מ""ל",false,1,37.90,50.53,true,1,
7290112192578,false,משחת שיניים פרודונטקס אקסטרה פרש הגנה מלאה,ג'י.אס.קיי קונסיומר,GB,משחת שיניים פרודונטק,מיליליטרים,75.00,"100 מ""ל",false,1,37.90,50.53,true,1,
7290112192585,false,מברשת שיניים פרודונטקס הגנה מלאה סופט,גלקסוס סמית קליין,DE,מברשת שיניים פרודונט,Unknown,0.00,Unknown,false,1,28.90,28.90,true,1,
7290112192875,false,"סנסודיין - משחת שיניים רגישות וחניכיים 75 מ""ל",סנסודיין Sensodyne,GB,מש.שיניים סנסודיין ר,מיליליטרים,75.00,"100 מ""ל",false,1,37.90,50.53,true,1,
7290112192882,false,"סנסודיין - משחת שיניים רגישות וחניכיים מלבינה 75 מ""ל",ג'י.אס.קיי קונסיומר,GB,מש.שיניים סנסודיין ר,מיליליטרים,75.00,"100 מ""ל",false,1,37.90,50.53,true,1,
7290112193285,false,"סטייל - מרכך מתולתלות מגביר לחות 600 מ""ל",א.ל.ארמן ייצור תמרוקים ב,IL,מרכך סטייל מתולתלות,מיליליטרים,600.00,"100 מ""ל",false,1,24.90,4.15,true,1,
7290112193308,false,"סטייל - מתולתלות גלייז מעצב ומאיץ ברק לשיער 400 מ""ל",א.ל. ארמן,IL,גלייז סטייל מתולתלות,מיליליטרים,400.00,"100 מ""ל",false,1,34.90,8.73,true,1,
7290112197061,false,"סטייל - תחליב רחצה לניקוי וטיפוח הידיים ארגן 500 מ""ל",רנקסאן פלסטיק יאנגר,TR,סטייל תחליב ידיים אר,מיליליטרים,0.00,"100 מ""ל",false,1,12.90,12.90,true,1,
7290112197078,false,"סטייל - תחליב רחצה לניקוי וטיפוח הידיים חמאת שיאה 500 מ""ל",רנקסאן פלסטיק יאנגר,TR,סטייל תחליב ידיים חמ,מיליליטרים,0.00,"100 מ""ל",false,1,12.90,12.90,true,1,
7290112197085,false,"סטייל - סבון מעוצב פריז 500 מ""ל",רנקסאן פלסטיק יאנגר,TR,סבון מעוצב פריז 500,Unknown,0.00,Unknown,false,1,10.90,10.90,true,1,
7290112197092,false,"סטייל - סבון מעוצב ניו יורק 500 מ""ל",רנקסאן פלסטיק יאנגר,TR,סבון מעוצב ניו יורק,Unknown,0.00,Unknown,false,1,10.90,10.90,true,1,
7290112197139,false,"סטייל - סבון ידיים אדום 500 מ""ל חדש",רנקסאן פלסטיק יאנגר,,סטייל אל סבון תה אדו,יחידה,1.00,יחידה,false,1,8.90,8.90,true,1,
7290112197146,false,תחליף סוכר לכל מטרה טרוביה 360 גר*2,גורי ע.ע.ע. בעמ,US,תחליף סוכר לכל מטרה,גרמים,720.00,100 גרם,false,1,54.90,7.63,true,1,
7290112197177,false,דגני בוקר במילוי קרם בטעם נוגט ללא גלוטן 375 ג' G FREE,גורי מוצרי צריכה (1991) בעמ,,דגני בוקר קרם נוגט 3,גרמים,375.00,100 גרם,false,1,21.90,5.84,true,1,
7290112197184,false,דגני בוקר במילוי קרם קרמל מלוח ללא גלוטן 375 ג' G FREE,גורי מוצרי צריכה (1991) בעמ,,דגני בוקר קרם קרמל 3,גרמים,375.00,100 גרם,false,1,21.90,5.84,true,1,
7290112197191,false,דגני בוקר כהים במילוי קרם וניל ללא גלוטן 375 ג' G FREE,גורי מוצרי צריכה (1991) בעמ,,דגני בוקר קרם וניל 3,גרמים,375.00,100 גרם,false,1,21.90,5.84,true,1,
7290112330352,false,"יוגורט PRO בטעם וניל 0% , 20 גרם חלבון בגביע",שטראוס גרופ בעמ/מצונן,IL,דנונה פרו וניל 20 גר,גרמים,200.00,100 גרם,false,1,5.90,2.95,true,1,
7290112330390,false,דנונה פרו פירות יער 20 גרם חלבון 0% שומן 200 גרם,שטראוס גרופ בעמ/מצונן,IL,דנונה פרו פירות יער,גרמים,200.00,100 גרם,false,1,5.90,2.95,true,1,
7290112330420,false,דנונה פרו לבן 2.9% שומן בודד 150גר,שטראוס גרופ בעמ/מצונן,IL,דנונה פרו 2.9% לבן 1,גרמים,150.00,100 גרם,false,1,4.90,3.27,true,1,
7290112332585,false,פריכיות משולש תפוא אורז בתיבול סלק ומלח ים אנרג'י 30 גרם,"פרח תעשיו מזון בע""מ",IL,"פריכיות תפו""א, אורז,",גרמים,30.00,100 גרם,false,1,5.00,16.67,true,1,
7290112332691,false,פינוקיות עוגיות קרם פסק זמן אגוזים 200 גרם,"הגביע מוצרי וופלים בע""\מ",IL,עוגיית קרם פסק זמן א,גרמים,200.00,100 גרם,false,1,12.50,6.25,true,1,
7290112332899,false,עלית - צנצנת בזוקה פופים קלאסי 58 גרם,שטראוס גרופ בע`מ,IL,צנצנת בזוקה פופים קל,גרמים,58.00,100 גרם,false,1,9.90,17.07,true,1,
7290112334749,false,קפה טורקי בצלופן עלית 200 גרם+ 10% תוספת,"שטראוס גרופ בע""מ",,קפה עלית טורקי 200 ג,גרמים,220.00,100 גרם,false,1,15.90,7.23,true,1,
7290112335111,false,מסטיק מאסט קוביות בזוקה ללא גלוטן 86 גר,אסקום קונפקשיין,DE,מסטיק מאסט קוביות בז,גרמים,86.00,100 גרם,false,1,14.90,17.33,true,1,
7290112335487,false,הפריכיות הטעימות קצח ודגנים אנרג'י 135 גרם,אנרג'י Energy - שטראוס,IL,פריכיות הטעימות קצח,גרמים,135.00,100 גרם,false,1,10.90,8.07,true,1,
7290112335494,false,הפריכיות הטעימות תפוחי אדמה בטעם פוטטוס,"פרח תעשיות מזון בע""\מ",IL,פריכיות הטעימות פוטט,גרמים,135.00,100 גרם,false,1,10.90,8.07,true,1,
7290112335500,false,"פרכיות אנרג'י חומוס,אורז,עדשים שחורות וקינואה 135 גרם","פרח תעשיות מזון בע""\מ",IL,פריכיות הטעימות חלבו,גרמים,135.00,100 גרם,false,1,10.90,8.07,true,1,
7290112336637,false,סוכריות מאסט Must ללא סוכר יוגורט תות ואוכניות,"שטראוס גרופ בע""מ",PL,"סוכריות מאסט לל""ס יו",גרמים,80.00,100 גרם,false,1,10.40,13.00,true,1,
7290112336644,false,סוכריות מאסט ללא סוכר לימון 80 ג' עלית,"שטראוס גרופ בע""מ",PL,"סוכריות מאסט לל""ס לי",גרמים,80.00,100 גרם,false,1,10.40,13.00,true,1,
7290112336651,false,סוכריות מאסט ללא סוכר ריבת חלב 80 ג' עלית,"שטראוס גרופ בע""מ",PL,"סוכריות מאסט לל""ס רי",גרמים,80.00,100 גרם,false,1,10.40,13.00,true,1,
7290112336712,false,יוגורט PRO לבן 0% 21 גרם חלבון בגביע,שטראוס גרופ בעמ/מצונן,IL,דנונה פרו 21 גרם חלב,גרמים,200.00,100 גרם,false,1,5.90,2.95,true,1,
7290112337474,false,סוכריות מאסט ללא סוכר פטל לימון 80 ג' עלית,שטראוס גרופ בע`מ,PL,"סוכריות מאסט לל""ס פט",גרמים,80.00,100 גרם,false,1,10.40,13.00,true,1,
7290112337481,false,סוכריות מאסט ללא סוכר קפצ''ינו 80 ג' עלית,שטראוס גרופ בע`מ,PL,"סוכריות מאסט לל""ס קפ",גרמים,80.00,100 גרם,false,1,10.40,13.00,true,1,
7290112338877,false,מעדן גבינה בטעם תות 3% 125ג' סקי,שטראוס גרופ בעמ/מצונן,IL,סקי בטעם תות 125 גר,גרמים,125.00,100 גרם,false,1,3.70,2.96,true,1,
7290112339171,false,מעדן מוס שוקולד 81 גר`מילקי,שטראוס גרופ בעמ/מצונן,IL,מילקי מוס 133 גרם,גרמים,133.00,100 גרם,false,1,3.70,2.78,true,1,
7290112339362,false,דנונה לייט אנד פריי בטעם קפוצ'ינו 150 גרם,שטראוס גרופ בעמ/מצונן,IL,דנונה לייט אנד פריי,גרמים,150.00,100 גרם,false,1,5.40,3.60,true,1,
7290112339867,false,גמדים לדרך גבינה לבנה עם מחית תות,שטראוס גרופ בעמ/מצונן,IL,גמדים סקוויז תות 100,גרמים,100.00,100 גרם,false,1,5.90,5.90,true,1,
7290112339874,false,גמדים לדרך גבינה לבנה עם מחיות תות ובננה,שטראוס גרופ בעמ/מצונן,IL,גמדים סקוויז תות,גרמים,100.00,100 גרם,false,1,5.90,5.90,true,1,
7290112340122,false,הפריכיות הטעימות 3 דגנים אנרג'י 135 גרם,"פרח תעשיות מזון בע""\מ",IL,פריכיות טעימות 3 דגנ,גרמים,135.00,100 גרם,false,1,10.90,8.07,true,1,
7290112340245,false,מסטיק מאסט צנצנת בטעם דובדבן 66 גר` מגדי,"שטראוס גרופ בע""\מ",IL,צנצנת מאסט בטעם דובד,גרמים,66.00,100 גרם,false,1,9.90,15.00,true,1,
7290112340252,false,צנצנת מסטיק מאסט בטעם אבטיח מלון 66 ג' עלית,"שטראוס גרופ בע""\מ",IL,צנצנת מאסט בטעם אבטי,גרמים,66.00,100 גרם,false,1,9.90,15.00,true,1,
7290112340276,false,פינוקיות עוגיית קרם קפה נמס 200 גרם,"הגביע מוצרי וופלים בע""\מ",IL,עוגית קרם קפה נמס 20,גרמים,200.00,100 גרם,false,1,12.50,6.25,true,1,
7290112340900,false,קפה טורקי האג נטול קפאין 200 גרם,הנסיך- מפעל לייצור ט,IL,קפה טורקי האג נטול ק,גרמים,200.00,100 גרם,false,1,29.50,14.75,true,1,
7290112341556,false,יוגורט אקטיביה עם צ'יה ותות 150 גרם,שטראוס גרופ בעמ/מצונן,IL,יוגורט אקטיביה ציה ו,גרמים,150.00,100 גרם,false,1,4.60,3.07,true,1,
7290112341679,false,אקטיביה יוגורט 3% דנונה (200 גרם),שטראוס גרופ בעמ/מצונן,IL,יוגורט אקטיביה 3% 2,גרמים,200.00,100 גרם,false,1,3.90,1.95,true,1,
7290112341686,false,שמינייה יוגורט לבן אקטיביה 3% דנונה 150 גרם.,שטראוס גרופ בעמ/מצונן,IL,מארז אקטיביה שמיניה,גרמים,1200.00,100 גרם,false,1,19.90,1.66,true,1,
7290112342102,false,סימפוניה גבינה במרקם שמנת בצל מקורמל 5%,שטראוס גרופ בעמ/מצונן,,סימפוניה בצל מקורמל,גרמים,200.00,100 גרם,false,1,11.00,5.50,true,1,
7290112343260,false,"יטבתה רוטב שמנת קלאסי 9% שומן 260 מ""ל",שטראוס גרופ בעמ/מצונן,,יטבתה רוטב שמנת עם פ,גרמים,260.00,100 גרם,false,1,10.90,4.19,true,1,
7290112343420,false,"משקה חלב עם דגנים מלאים ובננה פרו יטבתה 350מ""ל",שטראוס גרופ בעמ/מצונן,IL,משקה חלב עם דגנים וב,מיליליטרים,350.00,"100 מ""ל",false,1,7.50,2.14,true,1,
7290112343499,false,חטיף צ'יטוס פאפס אפוי בטעם גבינה,"שטראוס פריטו ליי בע""\מ )",,ציטוס 55 גרם 48 יחיד,גרמים,55.00,100 גרם,false,1,3.50,6.36,true,1,
7290112343512,false,צ'יטוס puffs בטעם גבינה 180 גרם,"שטראוס פריטו ליי בע""\מ )",,ציטוס 160 גרם 9 יחי,גרמים,160.00,100 גרם,false,1,7.90,4.94,true,1,
7290112344564,false,רביולי גבינה קלאסי שטראוס 400 ג',שטראוס גרופ בעמ/מצונן,IL,רביולי גבינה קידס 4,גרמים,400.00,100 גרם,false,1,19.90,4.98,true,1,
7290112344724,false,מילקי בטעם שוקולד בלונדי עם קצפת 133גר,שטראוס גרופ בעמ/מצונן,IL,מילקי מוס 133 גרם,גרמים,81.00,100 גרם,false,1,3.70,4.57,true,1,
7290112344755,false,מילקי עם 26% פחות סוכר 135 גר}שטראוס{,שטראוס גרופ בעמ/מצונן,,מילקי מופחת סוכר 133,גרמים,133.00,100 גרם,false,1,2.90,2.18,true,1,
7290112344786,false,קפה פלטינום קלאסיק עלית 200 גרם,הנסיך- מפעל לייצור ט,IL,קפה פלטינום קלאסיק 2,גרמים,200.00,100 גרם,false,1,21.90,10.95,true,1,
7290112344953,false,סימפוניה חציל קלוי גבינה במקרם שמנת 5%,שטראוס גרופ בעמ/מצונן,,סימפוניה חציל קלוי 5,גרמים,200.00,100 גרם,false,1,11.00,5.50,true,1,
7290112346360,false,בפלות אחת אחת בציפוי שוקולד חלב עלית 180 גרם,הגביע מוצרי וופלים ב,,בפלות אחת אחת בציפוי,גרמים,180.00,100 גרם,false,1,15.50,8.61,true,1,
7290112346537,false,עוגיות פינוקיות בטעם טורטית 200 ג' עלית,"הגביע מוצרי ופלים בע""\מ",IL,עוגיות פינוקיות בטעם,גרמים,200.00,100 גרם,false,1,12.50,6.25,true,1,
7290112346629,false,דנונה בר יוגורט+קורנפלקס מצופה שוקולד חלב ולבן 172 גרם,שטראוס גרופ בעמ/מצונן,IL,יוגורט עם קורנפלקס מ,גרמים,172.00,100 גרם,false,1,4.60,2.67,true,1,
7290112346773,false,יוגורט בטעם וניל 0% לייט אנד פרי 10 גרם חלבון בגביע,שטראוס גרופ בעמ/מצונן,IL,דנונה לייט אנד פריי,גרמים,150.00,100 גרם,false,1,5.40,3.60,true,1,
7290112346797,false,יוגורט אקטיביה שיבולת שועל ושזיף 150 גרם,שטראוס גרופ בעמ/מצונן,IL,יוגורט אקטיביה שיבול,גרמים,150.00,100 גרם,false,1,4.60,3.07,true,1,
7290112346827,false,אקטימל ויטמין c פטל שמינייה 864 גרם,שטראוס גרופ בעמ/מצונן,IL,אקטימל ויטמין c פטל,מיליליטרים,800.00,"100 מ""ל",false,1,20.90,2.61,true,1,
7290112347008,false,גמדים לדרך גבינה לבנה עם מחית תות ושיבולת שועל,שטראוס גרופ בעמ/מצונן,IL,גמדים סקוויז תות בננ,גרמים,100.00,100 גרם,false,1,5.90,5.90,true,1,
7290112347473,false,מארז דנונה לייט אנד פריי תות ואפרסק 150 גרם 8 יחידות,שטראוס גרופ בעמ/מצונן,IL,מארז דנונה לייט תות,גרמים,1200.00,100 גרם,false,1,31.50,2.63,true,1,
7290112348142,false,שעועית לבנה 380 גר' בקופסה טעם הטבע,שטראוס גרופ בע`מ,IT,שעועית לבנה טעם הטבע,גרמים,380.00,100 גרם,false,1,7.30,1.92,true,1,
7290112348616,false,עלית - קפה נמס אגוזי לוז 100 גרם,שטראוס גרופ בע`מ,IL,קפה נמס עלית אגוזי ל,גרמים,100.00,100 גרם,false,1,15.50,15.50,true,1,
7290112348999,false,הפריכיות הטעימות תירס דקות אנרג'י 135 גרם,שטראוס גרופ בע`מ,IL,פריכיות טעימות תירס,גרמים,135.00,100 גרם,false,1,10.90,8.07,true,1,
7290112349316,false,מסטיק בזוקה פופים ממולא בטעם תות ללא סוכר,"שטראוס גרופ בע""מ",DE,מסטיק בזוקה ביג פופי,גרמים,86.00,100 גרם,false,1,14.90,17.33,true,1,
7290112349606,false,מעדן גבינה ויוגורט תות בננה 88 ג' דניאלה,שטראוס גרופ בעמ/מצונן,,דניאלה תות בננה 88 ג,גרמים,88.00,100 גרם,false,1,4.10,4.66,true,1,
7290112349699,false,פסאטה מחית עגבניות חלקה 350 גר' יד מרדכי,אמיליאנה קונסרב סוסייטה,IT,פסאטה מחית עגבניות ח,גרמים,350.00,100 גרם,false,1,8.50,2.43,true,1,
7290112349705,false,פומודורו רוטב עגבניות קלאסי לפסטה יד מרדכי 350 גרם,אמיליאנה קונסרב סוסייטה,IT,רוטב עגבניות לפסטה ק,גרמים,350.00,100 גרם,false,1,13.50,3.86,true,1,
7290112349736,false,בזיליקום רוטב עגבניות לפסטה יד מרדכי 350 גרם,אמיליאנה קונסרב סוסייטה,IT,רוטב עגבניות לפסטה ב,גרמים,350.00,100 גרם,false,1,13.50,3.86,true,1,
7290112349743,false,ארביאטה רוטב עגבניות פיקנטי לפסטה 350 ג' יד מרדכי,אמיליאנה קונסרב סוסייטה,IT,רוטב עגבניות לפסטה פ,גרמים,350.00,100 גרם,false,1,13.50,3.86,true,1,
7290112349750,false,פיצה רוטב עגבניות לפיצה יד מרדכי 350 גרם,אמיליאנה קונסרב סוסייטה,IT,רוטב עגבניות לפיצה י,גרמים,350.00,100 גרם,false,1,13.50,3.86,true,1,
7290112349897,false,מסטיק מאסט Must קוביות בטעם מנטה ללא סוכר,אסקום קונפקשיין,DE,מסטיק מאסט קוביות מנ,גרמים,86.00,100 גרם,false,1,14.90,17.33,true,1,
7290112350275,false,קפסולות LUNGO למכונת נספרסו עלית 10 יחידות,שטראוס קפה בי.וי,IL,קפסולות לונגו למכונו,גרמים,55.00,100 גרם,false,1,16.50,30.00,true,1,
7290112350312,false,קפסולות 15 קפה יותר למכונות נספרסו עלית 10יח',הנסיך- מפעל לייצור ט,IL,קפסולות 15 למכונות נ,גרמים,50.00,100 גרם,false,1,16.50,33.00,true,1,
7290112350589,false,צ`יקו להכנת משקה צ`יקוריה עלית (65 גרם),שטראוס קפה בי.וי,,ציקו אבקה להכנת משקה,גרמים,65.00,100 גרם,false,1,13.50,20.77,true,1,
7290112351067,false,סילאן טבעי 100% תמר מג'הול ללא תוספת סוכר,שטראוס גרופ בע`מ,IL,סילאן טבעי לחיץ יד מ,גרמים,630.00,100 גרם,false,1,30.50,4.84,true,1,
7290112351258,false,עוגיית קקאו פינוקיות שחור לבן 200 גר,"הגביע מוצרי ופלים בע""\מ",IL,עוגיית קקאו פינוקיות,גרמים,200.00,100 גרם,false,1,12.50,6.25,true,1,
7290112351463,false,שלישיית סוכריות מאסט FRESH פטל לימון 45 ג' עלית,"הליקון גידה בע""\מ",,שלישיית סוכריות פטל,גרמים,45.00,100 גרם,false,1,9.50,21.11,true,1,
7290112351470,false,סוכריות ללא סוכר בטעם תות רימון מאסט פרש,"הליקון גידה בע""\מ",,שלישיית סוכריות רימו,גרמים,45.00,100 גרם,false,1,9.50,21.11,true,1,
7290112353412,false,"פריכיות תפו""א, אורז, תירס, אפונה ירוקה, סלק, מלח ים","פרח תעשיו מזון בע""מ",IL,פריכיות משולשות אנרג,גרמים,30.00,100 גרם,false,1,5.00,16.67,true,1,
7290112353887,false,"משקה קפה קר בטעם אגוזים יטבתה 230 מ""ל",האי נאם סי או אל.טי.,,משקה קפה קר בטעם,מיליליטרים,230.00,"100 מ""ל",false,1,8.30,3.61,true,1,
7290112354174,false,"פסטה רוזה 280 ג""ר ""דלישס"" שטראוס",קפוא-זן תעשיות מזון בעמ - תפוג,IT,פסטה רוזה דלישס 280,גרמים,280.00,100 גרם,false,1,22.90,8.18,true,1,
7290112354204,false,"ספגטי עגבניות 280 גר' ""דלישס"" שטראוס",קפוא-זן תעשיות מזון בעמ - תפוג,IT,ספגטי עגבניות דלישס,גרמים,280.00,100 גרם,false,1,22.90,8.18,true,1,
7290112354211,false,"פיצה מרגריטה""דלישס"" שטראוס",קפוא-זן תעשיות מזון בעמ - תפוג,IT,פיצה מרגריטה דלישס 4,קילוגרמים,0.28,"ק""ג",false,1,27.50,98.21,true,1,
7290112354235,false,ברקטה פיצה - 2 יחידות במארז,קפוא-זן תעשיות מזון בעמ - תפוג,IT,ברקטה פיצה דלישס 280,קילוגרמים,0.28,"ק""ג",false,1,27.50,98.21,true,1,
7290112354242,false,"קונוס פיצה ""דלישס"" שטראוס",קפוא זן תעשיות מזון בעמ,IT,קונוס פיצה דלישס 280,קילוגרמים,0.28,"ק""ג",false,1,27.50,98.21,true,1,
7290112354945,false,תפוצ'יפס WAVY בטעם טבעי 50 גרם,שטראוס פריטו ליי בע`מ,IL,תפוציפס טבעי 50 גר W,גרמים,50.00,100 גרם,false,1,4.00,8.00,true,1,
7290112354952,false,תפוצ`יפס פפריקה (50 גרם)היתר מכירה,שטראוס פריטו ליי בע`מ,IL,תפוציפס פפריקה 50 גר,גרמים,50.00,100 גרם,false,1,4.00,8.00,true,1,
7290112354969,false,תפוצ'יפס בטעם טבעי 200 גרם היתר מכירה,שטראוס פריטו ליי בע`מ,IL,תפוציפס טבעי 200 גר,גרמים,200.00,100 גרם,false,1,9.90,4.95,true,1,
7290112355027,false,דנונה פרו 20 גרם חלבון בטעם קרמל מלוח 200 גרם,שטראוס גרופ בעמ/מצונן,,דנונה פרו 20 גרם חלב,גרמים,200.00,100 גרם,false,1,5.90,2.95,true,1,
7290112355102,false,גמדים סקוויז 100 גרם פאוץ סלט פירות 100 גרם,שטראוס גרופ בעמ/מצונן,IL,גמדים פאוץ סלט פירות,גרמים,100.00,100 גרם,false,1,5.90,5.90,true,1,
7290112355393,false,"יטבתה רוטב שמנת+בטטה 9% שומן 250 מ""ל",שטראוס גרופ בעמ/מצונן,,יטבתה רוטב שמנת עם ב,גרמים,250.00,100 גרם,false,1,10.90,4.36,true,1,
7290112355775,false,גבינת סימפוניה עם עירית 200 גרם,שטראוס גרופ בעמ/מצונן,,סימפוניה עירית 200 ג,גרמים,200.00,100 גרם,false,1,11.00,5.50,true,1,
7290112356536,false,אבקת קקאו עלית (150 גרם% )+10תוספת,הנסיך- מפעל לייצור ט,IL,קקאו עלית 150 גרם +,גרמים,165.00,100 גרם,false,1,9.90,6.00,true,1,
7290112357045,false,עגבניות איטלקיות מרוסקות 390 גר' בקופסה טעם הטבע,"שטראוס גרופ בע""מ",IT,עגבניות איטלקיות מרו,גרמים,390.00,100 גרם,false,1,6.90,1.77,true,1,
7290112357069,false,מחית עגבניות איטלקיות בקופסה 500 גר' טעם הטבע,"שטראוס גרופ בע""מ",IT,מחית עגבניות איטלקיו,גרמים,500.00,100 גרם,false,1,6.90,1.38,true,1,
7290112357076,false,קוביות עגבניות איטלקיות 390 גר' בקופסה טעם הטבע,"שטראוס גרופ בע""מ",IT,קוביות עגבניות איטלק,גרמים,390.00,100 גרם,false,1,6.90,1.77,true,1,
7290112357083,false,טעם הטבע אפונה ירוקה 380 גרם קופסה,הדקלאים אגודת שיתופי,IT,אפונת גינה טעם הטבע,גרמים,380.00,100 גרם,false,1,7.30,1.92,true,1,
7290112357106,false,שעועית אדומה 380 גר' בקופסה טעם הטבע,"שטראוס גרופ בע""מ",IT,שעועית אדומה טעם הטב,גרמים,380.00,100 גרם,false,1,7.30,1.92,true,1,
7290112357113,false,גרגרי חומוס בקופסה 380 גר' טעם הטבע,"שטראוס גרופ בע""מ",IT,גרגרי חומוס טעם הטבע,גרמים,380.00,100 גרם,false,1,7.30,1.92,true,1,
7290112358004,false,פסק זמן חטיף קראנץ עלית( 32 גר`),שולן צ'\יקולטה גידה סאן.,IL,פסק זמן קראנץ 32 גר,גרמים,45.00,100 גרם,false,1,4.90,10.89,true,1,
7290112358127,false,דנונה פרו חלבון+מגנזיום- וניל ועוגיות 200 גרם,שטראוס גרופ בעמ/מצונן,IL,דנונה פרו 20 ג חלבון,גרמים,200.00,100 גרם,false,1,6.40,3.20,true,1,
7290112358219,false,רוטב צ`ילי מתוק יד מרדכי (300 גר`),אף.סי תבליני בגליל ב,,רוטב צילי מתוק יד מר,גרמים,300.00,100 גרם,false,1,14.60,4.87,true,1,
7290112358233,false,רוטב צ`ילי חריף יד מרדכי (300 גר`),"שטראוס גרופ בע""מ",IL,רוטב צילי חריף יד מר,גרמים,300.00,100 גרם,false,1,14.60,4.87,true,1,
7290112358240,false,רוטב גריל יד מרדכי 300 גרם,שטראוס גרופ בע`מ,IL,רוטב גריל יד מרדכי,גרמים,300.00,100 גרם,false,1,14.60,4.87,true,1,
7290112358257,false,רוטב לעוף עם שזיפים יד מרדכי 300 גרם,שטראוס גרופ בע`מ,IL,רוטב לעוף עם שזיפים,גרמים,300.00,100 גרם,false,1,14.60,4.87,true,1,
7290112358431,false,עד חצות דאבל ביסקוויט עם שוקולד חלב -8 אריזות אישיות,ביסקוויטס טור ד'\אלבון,IL,ביסקוויט עד חצות דאב,גרמים,180.00,100 גרם,false,1,12.90,7.17,true,1,
7290112358554,false,מארז קפה נמס מנות אישיות לדרך 50.4 גר,שטראוס גרופ בע`מ,IL,מארז קפה נמס מנות אי,גרמים,50.00,100 גרם,false,1,11.50,23.00,true,1,
7290112359353,false,קפה טורקי אלדין ( 200 גר`) עלית,"שטראוס גרופ בע""מ",,קפה טורקי אלדין 200,גרמים,200.00,100 גרם,false,1,23.90,11.95,true,1,
7290112359384,false,עלית - קפה נמס אלפחורס ריבת חלב 100 גרם,שטראוס גרופ בע`מ,IL,קפה נמס עלית אלפחורס,גרמים,100.00,100 גרם,false,1,15.50,15.50,true,1,
7290112490032,false,"נמס בכוס טעם תירס קנור 31 גרם מארז זוגי בד""צ",יוניליוור ישראל שיווק בע`מ,IL,מרק קנור נמס בכוס תי,גרמים,45.00,100 גרם,false,1,6.90,15.33,true,1,
7290112490209,false,נמס בכוס מרק עגבניות עם קרוטונים רכיבים טבעיים,"יוניליוור ישראל שיווק בע""מ",IL,מרק נמס בכוס עגבניות,גרמים,56.00,100 גרם,false,1,6.90,12.32,true,1,
7290112490216,false,מרק נמס בכוס בטעם עוף קנור 100% רכיבים טבעיים,"יוניליוור ישראל שיווק בע""מ",IL,מרק קנור נמס בכוס עו,גרמים,48.00,100 גרם,false,1,6.90,14.38,true,1,
7290112490230,false,מרק נמס בכוס אפונה קנור 100% רכיבים טבעיים,"יוניליוור ישראל שיווק בע""מ",IL,מרק נמס בכוס אפונה 5,גרמים,50.00,100 גרם,false,1,6.90,13.80,true,1,
7290112490599,false,חרדל צרפתי עם גרגירים שלמים הלמנס 350 גר,"יוניליוור ישראל שיווק בע""מ",FR,הלמנס חרדל עם גרגרים,גרמים,350.00,100 גרם,false,1,15.90,4.54,true,1,
7290112490650,false,קונפיטורה תות שדה 340 גרם-צנצנת,"יוניליוור ישראל שיווק בע""מ",FR,קונפיטורה תות שדה 34,גרמים,340.00,100 גרם,false,1,17.70,5.21,true,1,
7290112490667,false,קונפיטורה משמש778 50% פרי 340 גר',יוניליוור ישראל שיווק בע`מ,FR,קונפיטורה משמש 340 ג,גרמים,340.00,100 גרם,false,1,17.70,5.21,true,1,
7290112490698,false,קונפיטורה תות שדה לייט 300 גרם-צנצנת,יוניליוור ישראל שיווק בע`מ,,קונפיטורה תות שדה ל,גרמים,300.00,100 גרם,false,1,17.90,5.97,true,1,
7290112490735,false,מרק עשיר עגבניות עם פסטה ר.טבעיים 105 גרם קנור,יוניליוור ישראל שיווק בע`מ,IL,מרק עגבניות עם פסטה,גרמים,105.00,100 גרם,false,1,14.60,13.90,true,1,
7290112490742,false,מרק עשיר פטריות עם גריסים רכיבים טבעיים 104 ג' קנור,"יוניליוור ישראל שיווק בע""מ",IL,מרק פטריות עם גריסים,גרמים,104.00,100 גרם,false,1,14.60,14.04,true,1,
7290112490759,false,מרק עשיר עוף עם אטריות רכיבים טבעיים 74 ג' קנור,"יוניליוור ישראל שיווק בע""מ",IL,מרק עוף עם אטריות,גרמים,74.00,100 גרם,false,1,14.60,19.73,true,1,
7290112490827,false,תרסיס ריחני למייבש הכביסה בדין בייבי 500,"יוניליוור ישראל שיווק בע""מ",IL,תרסיס ריחני למייבש ה,מיליליטרים,500.00,"100 מ""ל",false,1,22.50,4.50,true,1,
7290112490896,false,"קנור רוטב צ'ילי חריף 370 מ""ל PAL","יוניליוור ישראל שיווק בע""מ",,רוטב קנור צילי חריף,מיליליטרים,370.00,"100 מ""ל",false,1,10.90,2.95,true,1,
7290112491695,false,קונפיטורה משמש לייט 50%778פרי 260 גר',יוניליוור ישראל שיווק בע`מ,,קונפיטורה משמש לייט,גרמים,260.00,100 גרם,false,1,17.90,6.88,true,1,
7290112491701,false,ברנפלקס בטעם וניל מעודן 20% חלבון Extra Protein,"יוניליוור ישראל שיווק בע""מ",IL,ברנפלקס אקסטרה פרוטא,גרמים,375.00,100 גרם,false,1,21.90,5.84,true,1,
7290112491794,false,בייגלה דקים דקים בטעם שמנת ובצל בייגל בייגל 300 גרם,"יוניליוור ישראל שיווק בע""מ",,בייגלה דקים דקים בטע,גרמים,400.00,100 גרם,false,1,13.50,3.38,true,1,
7290112492449,false,פינוק שמפו שיער רגיל 700 מל-חדש,"יוניליוור ישראל שיווק בע""מ",IL,שמפו פינוק לשיער רגי,מיליליטרים,700.00,"100 מ""ל",false,1,11.90,1.70,true,1,
7290112492456,false,"שמפו פינוק לשיער יבש/פגום 700 מ""ל",יוניליוור ישראל שיווק בע`מ,IL,שמפו פינוק לשיער יבש,מיליליטרים,700.00,"100 מ""ל",false,1,11.90,1.70,true,1,
7290112492463,false,"שמפו ומרכך 2 ב-1 לשיער רגיל פינוק 700 מ""ל.",יוניליוור ישראל שיווק בע`מ,IL,שמפו ומרכך פינוק 2 ב,מיליליטרים,700.00,"100 מ""ל",false,1,11.90,1.70,true,1,
7290112492470,false,"שמפו ומרכך 2 ב-1 לשיער יבש פינוק 700 מ""ל.",יוניליוור ישראל שיווק בע`מ,,פינוק לשיער יבש 1=2,מיליליטרים,700.00,"100 מ""ל",false,1,11.90,1.70,true,1,
7290112492487,false,פינוק שמפו לשיער עם שמן מרוקאי 700 מל,"יוניליוור ישראל שיווק בע""מ",IL,שמפו פינוק שמן מרוקא,מיליליטרים,700.00,"100 מ""ל",false,1,11.90,1.70,true,1,
7290112492531,false,"פינוק קונדישנר לשיער רגיל 700מ""ל","יוניליוור ישראל שיווק בע""מ",IL,מרכך פינוק לשיער רגי,מיליליטרים,700.00,"100 מ""ל",false,1,11.90,1.70,true,1,
7290112492548,false,"מרכך פינוק עם שמן חוחובה 700 מ""ל","יוניליוור ישראל שיווק בע""מ",IL,מרכך פינוק לשיער יבש,מיליליטרים,700.00,"100 מ""ל",false,1,11.90,1.70,true,1,
7290112492579,false,פינוק מרכך בתוספת שמן קוקוס 700 מל-חדש,יוניליוור ישראל שיווק בע`מ,IL,פינוק מרכך שמן קוקוס,מיליליטרים,700.00,"100 מ""ל",false,1,11.90,1.70,true,1,
7290112492593,false,תחליב רחצה פינוק בניחוח פינוק קלאסי 700,יוניליוור ישראל שיווק בע`מ,IL,תחליב רחצה פינוק בני,מיליליטרים,700.00,"100 מ""ל",false,1,15.60,2.23,true,1,
7290112492609,false,"פינוק סבון נוזלי לבנדר ווניל 700 מ""ל","יוניליוור ישראל שיווק בע""מ",IL,תחליב רחצה פינוק לבנ,מיליליטרים,700.00,"100 מ""ל",false,1,15.60,2.23,true,1,
7290112492630,false,"שמפו ג'ל רחצה וסבון פנים 3 ב-1 לגבר פינוק 700 מ""ל",יוניליוור ישראל שיווק בע`מ,IL,שמפו פינוק 3 ב-1 לגב,מיליליטרים,700.00,"100 מ""ל",false,1,11.90,1.70,true,1,
7290112492647,false,"פינוק לגבר 3 ב1 שמפו ג'ל רחצה וסבון פנים 700 מ""ל","יוניליוור ישראל שיווק בע""מ",IL,שמפו פינוק 3 ב-1 לגב,מיליליטרים,700.00,"100 מ""ל",false,1,11.90,1.70,true,1,
7290112492982,false,"אבקת מרק פטריות כשל""פ 100% רכיבים טבעיים 400 גרם",יוניליוור ישראל שיווק בע`מ,,קנור מרק פטריות רכיב,גרמים,400.00,100 גרם,false,1,24.90,6.23,true,1,
7290112492999,false,קנור מרק עוף אמיתי 400 גרם פרווה,יוניליוור ישראל שיווק בע`מ,,מרק טעם עוף 400 גרם,גרמים,400.00,100 גרם,false,1,15.90,3.98,true,1,
7290112493088,false,נמס בכוס עדשים מרק רכיבים טבעיים קנור 54 ג',יוניליוור ישראל שיווק בע`מ,,מרק קנור נמס בכוס עד,גרמים,54.00,100 גרם,false,1,6.90,12.78,true,1,
7290112493095,false,נמס בכוס מרק עגבניות חריף רכיבים טבעיים קנור 48 ג',יוניליוור ישראל שיווק בע`מ,,מרק קנור נמס בכוס עג,גרמים,48.00,100 גרם,false,1,6.90,14.38,true,1,
7290112493293,false,קנור - נמס ירקות וקרוטונים ר.טבעי 44 גרם,"יוניליוור ישראל שיווק בע""מ",,מרק קנור נמס בכוס יר,גרמים,44.00,100 גרם,false,1,6.90,15.68,true,1,
7290112493316,false,מרק היום אפונה 100% רכיבים טביעיים קנור,יוניליוור ישראל שיווק בע`מ,IL,מרק היום אפונה 117 ג,גרמים,117.00,100 גרם,false,1,14.60,12.48,true,1,
7290112493927,false,גלידה בטעם ריבת חלב 1.33ל' קרמיסימו,"גלידת שטראוס בע""\מ, רחוב",,קרמיסימו ריבת חלב 1.,ליטרים,0.00,ליטר,false,1,21.90,21.90,true,1,
7290112493934,false,גלידה קרמיסימו וניל צרפתי 1.33 ליטר,"גלידת שטראוס בע""\מ, רחוב",,קרמיסימו וניל 1.33 ל,ליטרים,0.00,ליטר,false,1,21.90,21.90,true,1,
7290112494153,false,תיבוליות ניחוח צלי קנור( 72 גרם),יוניליוור ישראל שיווק בע`מ,,תיבולית ניחוח צלי קנ,גרמים,72.00,100 גרם,false,1,11.40,15.83,true,1,
7290112494221,false,חטיף ביסקויט שוקולד חלב קליק (65 גרם),יוניליוור ישראל שיווק בע`מ,,קליק ביסקוויט 65 גרם,גרמים,65.00,100 גרם,false,1,5.90,9.08,true,1,
7290112494238,false,חטיף כדורים שוקולד חלב קליק (65 גרם),יוניליוור ישראל שיווק בע`מ,,קליק כדורי חלב 65 גר,גרמים,65.00,100 גרם,false,1,5.90,9.08,true,1,
7290112494276,false,קליק כריות בתפזורת כשר לפסח,יוניליוור ישראל שיווק בע`מ,,קליק כריות 65 גר,גרמים,65.00,100 גרם,false,1,5.90,9.08,true,1,
7290112494283,false,חטיף כדורים מעורב חום לבו 65 גר`קליק,יוניליוור ישראל שיווק בע`מ,,קליק חום לבן 65 גרם,גרמים,65.00,100 גרם,false,1,5.90,9.08,true,1,
7290112494313,false,קליק - קורנפלקס תפזורת 65 גרם,"יוניליוור ישראל שיווק בע""מ",,קליק קורנפלקס 65 גרם,גרמים,65.00,100 גרם,false,1,5.90,9.08,true,1,
7290112494344,false,קורנפלקס של אלופים תלמה (850 גרם)רבנות,"יוניליוור ישראל שיווק בע""מ",,קורנפלקס של אלופים כ,גרמים,850.00,100 גרם,false,1,17.60,2.07,true,1,
7290112494351,false,קורנפלקס של אלופים תלמה (850 גרם).בדצ,יוניליוור ישראל שיווק בע`מ,,קורנפלקס של אלופים 8,גרמים,850.00,100 גרם,false,1,17.60,2.07,true,1,
7290112494382,false,פירה בטעם ביתי 260 גרם-קופסא,יוניליוור ישראל שיווק בע`מ,,פירה בטעם ביתי 260 ג,גרמים,260.00,100 גרם,false,1,11.90,4.58,true,1,
7290112494610,false,קנור רוטב עגבניות פיקנטי לדג 415 גרם,יוניליוור ישראל שיווק בע`מ,IT,קנור רוטב עגבניות פי,גרמים,415.00,100 גרם,false,1,12.90,3.11,true,1,
7290112494795,false,בדין-ג'ל לכביסה לבנה וצבעונית בניחוח עדין כחול 2.5 ליטר,"יוניליוור ישראל שיווק בע""מ",IL,גל כביסה בדין בניחוח,קילוגרמים,0.00,"ק""ג",false,1,36.50,36.50,true,1,
7290112494801,false,בדין-ג'ל לכביסה לבנה וצבעונית בניחוח עדין ורוד 2.5 ליטר,"יוניליוור ישראל שיווק בע""מ",IL,גל כביסה בדין בניחוח,קילוגרמים,0.00,"ק""ג",false,1,36.50,36.50,true,1,
7290112494825,false,תרחיץ פנים לעור רגיש מכיל 25% קרם לחות,יוניליוור ישראל שיווק בע`מ,,תרחיץ פנים דאב לעור,מיליליטרים,180.00,"100 מ""ל",false,1,16.90,9.39,true,1,
7290112494832,false,תרחיץ פנים לכל סוגי העור מכיל 25% קרם לחות,יוניליוור ישראל שיווק בע`מ,,תרחיץ פנים דאב לעור,מיליליטרים,180.00,"100 מ""ל",false,1,16.90,9.39,true,1,
7290112495006,false,כריות דגנים במילוי נוגט בדצ 686 גרם,"יוניליוור ישראל שיווק בע""מ",,כריות נוגט 686 גרם -,גרמים,686.00,100 גרם,false,1,24.90,3.63,true,1,
7290112495037,false,דגני בוקר בטעם שוקולד כדורים 375 ג' קוקומן,יוניליוור ישראל שיווק בע`מ,,קוקומן כדורים פחות ס,גרמים,375.00,100 גרם,false,1,18.90,5.04,true,1,
7290112495044,false,דגני קוקומן פצפוצים תלמה (375 גרם),יוניליוור ישראל שיווק בע`מ,,קוקומן פצפוצים 375 ג,גרמים,375.00,100 גרם,false,1,18.90,5.04,true,1,
7290112495105,false,נשנושים טעם שמנת בצל בייגל בייגל 260 גרם,"יוניליוור ישראל שיווק בע""מ",,נשנושים תפוא בצל 260,גרמים,260.00,100 גרם,false,1,12.70,4.88,true,1,
7290112495112,false,נשנושים טעם זעתר בייגל בייגל 260 גרם,"יוניליוור ישראל שיווק בע""מ",,נשנושים זעתר 260 גרם,גרמים,260.00,100 גרם,false,1,12.70,4.88,true,1,
7290112495167,false,נשנושי קרקר שומשום בייגל בייגל 350 גרם,יוניליוור ישראל שיווק בע`מ,,נישנושים משולש שומשו,גרמים,300.00,100 גרם,false,1,12.90,4.30,true,1,
7290112495174,false,נשנושי קרקר קוקטייל שומשום בייגל בייגל 300 גרם,יוניליוור ישראל שיווק בע`מ,,קרקרים קוקטייל שומשו,גרמים,300.00,100 גרם,false,1,12.90,4.30,true,1,
7290112495228,false,קורנפלקס דבש תלמה אלופים 448 גרם,"יוניליוור ישראל שיווק בע""מ",,קורנפלקס דבש 448 גרם,גרמים,448.00,100 גרם,false,1,18.70,4.17,true,1,
7290112495242,false,קורנפלקס מייפל תלמה 448 גר'.,יוניליוור ישראל שיווק בעמ,,קורנפלקס מייפל 448 ג,גרמים,448.00,100 גרם,false,1,18.70,4.17,true,1,
7290112495280,false,ברנפלקס ריבועי קינמון תלמה (400 גרם),יוניליוור ישראל שיווק בע`מ,,ריבועי ברנפלקס קינמו,גרמים,400.00,100 גרם,false,1,20.90,5.23,true,1,
7290112495433,false,דגני דליפקאן תוספת אגוזי פקאן ושקדים 400 גר,יוניליוור ישראל שיווק בע`מ,,דליפקאן 400 גרם,גרמים,400.00,100 גרם,false,1,20.90,5.23,true,1,
7290112495556,false,חטיף שוקולד נוגט שוקולד חלב שלישייה,"יוניליוור ישראל שיווק בע""מ",IL,חטיף שוקולד נוגט שוק,גרמים,105.00,100 גרם,false,1,14.90,14.19,true,1,
7290112495594,false,בייגלה שמיניות גדולות ללא מלח בייגל בייגל 400 גרם,יוניליוור ישראל שיווק בע`מ,,בייגל גדול גדול ללא,גרמים,400.00,100 גרם,false,1,16.70,4.18,true,1,
7290112495662,false,קרקר חיטה מלאה ופשתן בייגל בייגל 300 גרם,יוניליוור ישראל שיווק בע`מ,,קרקר חיטה מלאה עם פש,גרמים,300.00,100 גרם,false,1,11.40,3.80,true,1,
7290112495686,false,קרקר שומשום בייגל בייגל 220 גרם,יוניליוור ישראל שיווק בע`מ,,קרקר שומשום 220 גרם,גרמים,220.00,100 גרם,false,1,10.90,4.95,true,1,
7290112495747,false,רוטב צ''ילי מתוק כ 70% פחות סוכר 340 ג' קנור,"יוניליוור ישראל שיווק בע""מ",,רוטב קנור צילי מתוק,גרמים,340.00,100 גרם,false,1,10.90,3.21,true,1,
7290112495754,false,רוטב לסלט אלף האיים הלמנס (305 מל),יוניליוור ישראל שיווק בע`מ,,הלמנס לסלט אלף האיים,מיליליטרים,305.00,"100 מ""ל",false,1,14.60,4.79,true,1,
7290112495761,false,רוטב לסלט אלף האיים לייט הלמנס (305 מל),"יוניליוור ישראל שיווק בע""מ",,הלמנס לסלט אלף האיים,מיליליטרים,305.00,"100 מ""ל",false,1,14.60,4.79,true,1,
7290112495785,false,רוטב לסלט שום (300 גרם)הלמנס,"יוניליוור ישראל שיווק בע""מ",,הלמנס רוטב שום 300 ג,גרמים,300.00,100 גרם,false,1,14.60,4.87,true,1,
7290112495792,false,רוטב הלמנס שום לייט לסלט 305גר כשלפ,יוניליוור ישראל שיווק בע`מ,,הלמנס לסלט שום לייט,מיליליטרים,300.00,"100 מ""ל",false,1,14.60,4.87,true,1,
7290112495808,false,רוטב לסלט חרדל ודבש הלמנס (305 מל),יוניליוור ישראל שיווק בע`מ,,הלמנס לסלט חרדל ודבש,מיליליטרים,305.00,"100 מ""ל",false,1,14.60,4.79,true,1,
7290112495815,false,רוטב לסלט חרדל ודבש לייט (305 גרם)הלמנס,יוניליוור ישראל שיווק בע`מ,,הלמנס רוטב חרדל דבש,גרמים,305.00,100 גרם,false,1,14.60,4.79,true,1,
7290112495938,false,"קרקר 6 דגנים בייגל בייגל 250 גרם בד""צ",יוניליוור ישראל שיווק בע`מ,,קרקר 6 דגנים 250 גרם,גרמים,250.00,100 גרם,false,1,11.40,4.56,true,1,
7290112495976,false,פריכיות אורז מצופות שוקולד חלב מעולה פתי,יוניליוור ישראל שיווק בע`מ,PL,פריכיות אורז מצופות,גרמים,35.00,100 גרם,false,1,6.20,17.71,true,1,
7290112496027,false,"סירופ שוקולד לחיץ 580 מ""ל כשל""פ אפיכל",יוניליוור ישראל שיווק בע`מ,,סירופ שוקולד 580 גר,גרמים,580.00,100 גרם,false,1,18.80,3.24,true,1,
7290112496034,false,"סירופ מייפל לחיץ 580 מ""ל כשל""פ אפיכל",יוניליוור ישראל שיווק בע`מ,,סירופ מייפל 580 גרם-,גרמים,580.00,100 גרם,false,1,18.80,3.24,true,1,
7290112496201,false,"אקס - בושם גוף טיקט לגבר שוקולד 17 מ""ל",יוניליוור ישראל שיווק בעמ,TR,בושם כיס אקס שוקולד,מיליליטרים,17.00,"100 מ""ל",false,1,22.90,134.71,true,1,
7290112496218,false,קנור רוטב טריאקי הפחתה של מעל 50% סוכר ונתרן 310 ג',"יוניליוור ישראל שיווק בע""מ",IL,רוטב קנור טריאקי 34,גרמים,340.00,100 גרם,false,1,10.90,3.21,true,1,
7290112496270,false,"פתית צ'יפס תפו""א בתוספת עגבניות ועשבי תיבול 22 גרם",יוניליוור ישראל שיווק בע`מ,GB,"פתית ציפס תפו""א עגבנ",גרמים,22.00,100 גרם,false,1,5.80,26.36,true,1,
7290112496287,false,פתית - צ'יפס בטטה בטעם טבעי 21 גרם,יוניליוור ישראל שיווק בע`מ,GB,פתית ציפס בטטה בטעם,גרמים,21.00,100 גרם,false,1,5.80,27.62,true,1,
7290112496294,false,חטיף פתית צ'יפס עם אפונה ירוקה צהובה וצ'ילי,יוניליוור ישראל שיווק בע`מ,GB,פתית ציפס אפונה בתוס,גרמים,22.00,100 גרם,false,1,5.80,26.36,true,1,
7290112496331,false,קורנפלקס בננה תלמה אלופים 448 גרם,יוניליוור ישראל שיווק בע`מ,,קורנפלקס בטעם בננה 4,גרמים,448.00,100 גרם,false,1,18.70,4.17,true,1,
7290112496430,false,קנור נמס בכוס אקסטרה עגבניות+איטריות 37 גרם - רבנות,יוניליוור ישראל שיווק בע`מ,,נמס בכוס אקסטרה עגבנ,גרמים,37.00,100 גרם,false,1,4.50,12.16,true,1,
7290112496447,false,נמס בכוס אקסטרה טעם עוף עם המון אטריות 27ג',"יוניליוור ישראל שיווק בע""מ",,נמס בכוס אקסטרה טעם,גרמים,27.00,100 גרם,false,1,4.50,16.67,true,1,
7290112496461,false,נמס בכוס אקסטרה מרק ירקות עם המון אטריות,"יוניליוור ישראל שיווק בע""מ",,מרק נמס בכוס אקסטרה,גרמים,32.00,100 גרם,false,1,4.50,14.06,true,1,
7290112497000,false,פנטסטיק תרכיז ניקוי רב תכליתי בניחוח לימון,יוניליוור ישראל שיווק בע`מ,IL,נוזל ניקוי כללי סיף,ליטרים,0.00,ליטר,false,1,13.90,13.90,true,1,
7290112497123,false,סחלב תערובת להכנת מעדן בטעם סחלב 112גרם,יוניליוור ישראל שיווק בע`מ,,סחלב 112 גרם-קופסא,גרמים,112.00,100 גרם,false,1,16.20,14.46,true,1,
7290112497499,false,קליק אקסטרא לארג שוקולד לבן עוגיות 85 גרם,"יוניליוור ישראל שיווק בע""מ",,קליק שוקולד לבן ועוג,גרמים,85.00,100 גרם,false,1,7.60,8.94,true,1,
7290112497727,false,פינוק בייבי אל סבון אל דמע לתינוקות 700,"יוניליוור ישראל שיווק בע""מ",,אל סבון אל דמע לתינו,Unknown,0.00,Unknown,false,1,16.90,16.90,true,1,
7290112497864,false,אבקת מרק בטעם עוף רכיבים טבעיים 33% פחות נתרן 400 גרם,"יוניליוור ישראל שיווק בע""מ",,מרק עוף אמיתי פחות נ,גרמים,400.00,100 גרם,false,1,19.90,4.98,true,1,
7290112497932,false,נשנושים חטיף בטעם שמנת בצל באריזה אישית 60 ג',"יוניליוור ישראל שיווק בע""מ",,נשנושים ביס בטעם שמנ,גרמים,60.00,100 גרם,false,1,5.60,9.33,true,1,
7290112497994,false,"גרנולה תלמה פרוטאין בתוספת חלבון ואגוזים, 300 גרם",יוניליוור ישראל שיווק בע`מ,,גרנולה פרוטאין בתוספ,גרמים,300.00,100 גרם,false,1,19.80,6.60,true,1,
7290112498274,false,פינוק אלסבון לידיים לבנדר וניל 1ליטר+משא,יוניליוור ישראל שיווק בע`מ,,סבון ידיים בניחוח לב,מיליליטרים,950.00,"100 מ""ל",false,1,12.90,1.36,true,1,
7290112498281,false,"אל סבון לידיים בתוספת שמן קוקוס פינוק 950 מ""ל",יוניליוור ישראל שיווק בע`מ,,סבון ידיים בתוספת שמ,מיליליטרים,950.00,"100 מ""ל",false,1,12.90,1.36,true,1,
7290112498298,false,"אל סבון ליידים בתוספת שמן מרוקאי פינוק 950 מ""ל","יוניליוור ישראל שיווק בע""מ",,סבון ידיים בתוספת שמ,מיליליטרים,950.00,"100 מ""ל",false,1,12.90,1.36,true,1,
7290112498441,false,"קנור רוטב אסיאתי למוקפץ 300 מ""ל בד""ץ",יוניליוור ישראל שיווק בע`מ,,רוטב קנור אסייתי למו,מיליליטרים,370.00,"100 מ""ל",false,1,10.90,2.95,true,1,
7290112498526,false,"פתית צ'יפס עם בטטה סגולה בטעם שמנת ובצל, 22 גרם",יוניליוור ישראל שיווק בע`מ,GB,פתית ציפס בטטה סגולה,גרמים,22.00,100 גרם,false,1,5.80,26.36,true,1,
7290112498748,false,מאגדת מיני סולרו וניל תות שדה 350 גר`,"מיוצר ע""\י גלידת שטראוס",,מיני סולרו תות 320 ג,גרמים,320.00,100 גרם,false,1,28.50,8.91,true,1,
7290112498922,false,מאגדת מיני מגנום לבן שטראוס 250 גרם,"מיוצר ע""\י גלידת שטראוס",IL,מאגדת מיני מגנום לבן,גרמים,250.00,100 גרם,false,1,26.90,10.76,true,1,
7290112499097,false,מאגדת מיני מגנום מריר Intense Dark! 240 גרם,"מיוצר ע""\י גלידת שטראוס",IL,מאגדת מיני מגנום מרי,גרמים,310.00,100 גרם,false,1,26.90,8.68,true,1,
7290112499196,false,גלידה בטעם החלב של הקורנפלקס 1.33 ל' קרמיסימו,"גלידת שטראוס בע""\מ, רחוב",,קרמיסימו בטעם חלב וק,ליטרים,0.00,ליטר,false,1,21.90,21.90,true,1,
7290112499219,false,שלגון שמנת מופחת שומן וקלוריות בטעם פיסטוק עם ריפל בטעם שוקולד מריר וציפוי חלקי של שוקולד חלב מעולה,"גלידת שטראוס בע""\מ, רחוב",IL,גודיז פיסטוק 235 גרם,גרמים,235.00,100 גרם,false,1,28.50,12.13,true,1,
7290112499226,false,גלידונית פיסטוק ובננהבקלקר 60 יח 700 גרם,"גלידת שטראוס בע""\מ, רחוב",,גלידונית פיסטוק בננה,גרמים,703.00,100 גרם,false,1,44.90,6.39,true,1,
7290112499448,false,"מרכך פינוק בתוספת שמן מרוקאי 700 מ""ל",יוניליוור ישראל שיווק בע`מ,,מרכך פינוק בתוספת שמ,מיליליטרים,700.00,"100 מ""ל",false,1,11.90,1.70,true,1,
7290112499455,false,פינוק תחליב רחצה 700 בתוספת שמן מרוקאי,"יוניליוור ישראל שיווק בע""מ",,תחליב רחצה פינוק שמן,מיליליטרים,700.00,"100 מ""ל",false,1,15.60,2.23,true,1,
7290112499462,false,פינוק תחליב רחצה 700 בתוספת שמן קוקוס,יוניליוור ישראל שיווק בע`מ,,תחליב רחצה פינוק שמן,מיליליטרים,700.00,"100 מ""ל",false,1,15.60,2.23,true,1,
7290112499479,false,"פינוק - שמפו בתוספת קרטין 700 מ""ל",יוניליוור ישראל שיווק בע`מ,IL,שמפו פינוק בתוספת קר,מיליליטרים,700.00,"100 מ""ל",false,1,11.90,1.70,true,1,
7290112499493,false,"רקסונה - דאודורנט ספריי לאישה אלוורה 150 מ""ל","יוניליוור ישראל שיווק בע""מ",GB,דאו רקסונה ספריי במב,מיליליטרים,150.00,"100 מ""ל",false,1,20.90,13.93,true,1,
7290112499509,false,"רקסונה - דאודורנט ספריי לאישה בניחוח אפרסק ולמון גראס 150 מ""ל","יוניליוור ישראל שיווק בע""מ",,דאו ספריי ניחוח אפרס,מיליליטרים,150.00,"100 מ""ל",false,1,20.90,13.93,true,1,
7290112499776,false,גלידת שמנת מופחתת שומן וקלוריות בטעם שוקולד לבן 240 גרם,"גלידת שטראוס בע""\מ, רח'\",,גודיז 3 שוקולדים,גרמים,240.00,100 גרם,false,1,28.50,11.88,true,1,
7290112499844,false,מאגדת מיני מגנום דואט שוקולד עם נוגט שטראוס 310 גרם,"מיוצר ע""\י גלידת שטראוס",,מאגדת מיני מגנום דאב,גרמים,310.00,100 גרם,false,1,26.90,8.68,true,1,
7290112499943,false,מיני מאגדת מיני מגנום טעמים שונים וניל+שוקו,"מיוצר ע""\י גלידת שטראוס",,מיני מגנום וניל+שוקו,גרמים,270.00,100 גרם,false,1,26.90,9.96,true,1,
7290112700810,false,סוכריות סודה בצורת צמיד עם שעון מפרץ ההר,שמחה זה אנחנו בעמ,CN,סוכריות סודה צמיד עם,גרמים,1.00,100 גרם,false,1,12.90,1290.00,true,1,
7290112700865,false,סוכריות סודה שרשרת ענק 57 גר -ברבי,Unknown,CN,סוכריות סודה שרשרת ע,גרמים,57.00,100 גרם,false,1,8.90,15.61,true,1,
7290112700971,false,סוכריות סודה שרשרת ענק 57 גר-LOL,Unknown,CN,סוכריות סודה שרשרת ע,גרמים,57.00,100 גרם,false,1,8.90,15.61,true,1,
7290112703170,false,נרות אותיות HB צבעונ,,,נרות אותיות HB צבעונ,Unknown,0.00,Unknown,false,1,9.90,9.90,true,1,
7290112707482,false,זיקוק 15 סמ 6 יח 80 בקרטון 5גר כסף,,CN,זיקוק 15 כסוף,Unknown,0.00,Unknown,false,1,15.90,15.90,true,1,
7290112707512,false,זיקוק 7 סמ 5 יח 192 בקרטון 3גר כסף,שמחה זה אנחנו,CN,זיקוק 7 כסוף,Unknown,0.00,Unknown,false,1,6.90,6.90,true,1,
7290112961266,false,בייגלה כפיות פיזור איטלקי 300 גרם אסם,קבוצת אוסם סחר שותפות מוגבלת,,בייגלה כפיות פיזור א,גרמים,300.00,100 גרם,false,1,10.90,3.63,true,1,
7290112961372,false,פיטנס חטיפי פריכיות דקות קינמון 60 גרם,קבוצת אוסם סחר שותפות מוגבלת,IL,פיטנס חטיפי פריכיות,גרמים,60.00,100 גרם,false,1,8.90,14.83,true,1,
7290112961440,false,פיטנס חטיפי פריכיות שוקולד מריר 84 גרם,קבוצת אוסם סחר שותפות מוגבלת,IL,פיטנס בר פריכיות שוק,גרמים,84.00,100 גרם,false,1,12.90,15.36,true,1,
7290112962287,false,טבעול שווארמה טבעונית 6*450 גרם,קבוצת אוסם סחר שותפות מוגבלת,IL,טבעול שווארמה טבעוני,גרמים,450.00,100 גרם,false,1,31.90,7.09,true,1,
7290112962737,false,שניצל מן הצומח עם חלבון טבעול 664 גרם,קבוצת אוסם סחר שותפות מוגבלת,IL,שניצל מן הצומח עם חל,גרמים,664.00,100 גרם,false,1,36.50,5.50,true,1,
7290112963321,false,גריסיני בייגלה שטוח ללא גלוטן אסם 300גרם,קבוצת אוסם סחר שותפות מוגבלת,IL,גרטיפי בייגלה שטוח ה,גרמים,300.00,100 גרם,false,1,19.80,6.60,true,1,
7290112963918,false,פיטנס חטיפי קרקר דק רוזמרין 140 גרם,קבוצת אוסם סחר שותפות מוגבלת,IL,פיטנס קרקר דק רוזמרי,גרמים,140.00,100 גרם,false,1,11.90,8.50,true,1,
7290112964434,false,אסם רוטב קיסר חדש לסלט 295 גרם,קבוצת אוסם סחר שותפות מוגבלת,IL,רוטב לסלט קיסר 295 מ,מיליליטרים,295.00,"100 מ""ל",false,1,14.20,4.81,true,1,
7290112964458,false,אסם רוטב ויניגרט חדש לסלט 295 גרם,קבוצת אוסם סחר שותפות מוגבלת,IL,רוטב ויניגרט חדש לסל,מיליליטרים,295.00,"100 מ""ל",false,1,14.20,4.81,true,1,
7290112964502,false,רוטב אלף האיים לסלט אסם (600 מל),קבוצת אוסם סחר-שות.מוגבלת,IL,אסם רוטב אלף האיים ל,גרמים,600.00,100 גרם,false,1,19.90,3.32,true,1,
7290112964564,false,רוטב אלף האיים לייט לסלט אסם (295 מל),קבוצת אוסם סחר שותפות מוגבלת,IL,רוטב אלף האיים לייט,מיליליטרים,295.00,"100 מ""ל",false,1,14.20,4.81,true,1,
7290112964601,false,רוטב בנוסח סצ'ואן הסדרה האסייתית,קבוצת אוסם סחר שותפות מוגבלת,,רוטב בנוסח סצואן אסם,מיליליטרים,290.00,"100 מ""ל",false,1,16.70,5.76,true,1,
7290112964625,false,רוטב שום לייט לסלט 310 גרם אסם,קבוצת אוסם סחר שותפות מוגבלת,IL,רוטב שום לייט לסלט 3,מיליליטרים,310.00,"100 מ""ל",false,1,14.20,4.58,true,1,
7290112964724,false,המבורגר צמחוני עם המון חלבון 580 גר,קבוצת אוסם סחר שותפות מוגבלת,,טבעול המבורגר טבעוני,גרמים,580.00,100 גרם,false,1,36.50,6.29,true,1,
7290112965103,false,תבשיל קוסקוס עם ירקות 146 גרם אסם,קבוצת אוסם סחר שותפות מוגבלת,,תבשיל קוסקוס עם ירקו,גרמים,146.00,100 גרם,false,1,11.90,8.15,true,1,
7290112965240,false,מרק נמס בטעם עגבניות זוג * 44 ג' אסם,קבוצת אוסם סחר שותפות מוגבלת,IL,זוג מרק נמס עגבניות,גרמים,60.00,100 גרם,false,1,5.90,9.83,true,1,
7290112965264,false,אבקת מרק נמס אפונה אסם בדצ 52 גרם מארז זוגי,קבוצת אוסם סחר שותפות מוגבלת,IL,זוג מרק נמס סוף אפונ,גרמים,52.00,100 גרם,false,1,5.90,11.35,true,1,
7290112965288,false,מרק נמס ירקות אסם בדצ 56 גרם מארז זוגי,קבוצת אוסם סחר שותפות מוגבלת,IL,אסם זוג מרק נמס ירקו,גרמים,56.00,100 גרם,false,1,5.90,10.54,true,1,
7290112965301,false,זוג מרק נמס בטעם עוף עם שקדי מרק רגע חם,קבוצת אוסם סחר שותפות מוגבלת,IL,אסם זוג מרק נמס טעם,גרמים,52.00,100 גרם,false,1,5.90,11.35,true,1,
7290112965363,false,טבעול קציצות קינואה וברוקולי 525 גרם,קבוצת אוסם סחר שותפות מוגבלת,,קציצות קינואה וברוקו,גרמים,525.00,100 גרם,false,1,37.90,7.22,true,1,
7290112965585,false,פרפקטו פסטה קסרצה אסם 500 גרם,קבוצת אוסם סחר שותפות מוגבלת,,פרפקטו פסטה קסרצה 50,גרמים,500.00,100 גרם,false,1,7.90,1.58,true,1,
7290112965660,false,חטיף מולטיגריין מלח פלפל ( 25 גר`) פיטנס,קבוצת אוסם סחר שותפות מוגבלת,IL,פיטנס חטיף מולטיגריי,גרמים,25.00,100 גרם,false,1,4.90,19.60,true,1,
7290112965707,false,פיטנס - חטיף מולטיגריין צילי מעודן 25 גרם,קבוצת אוסם סחר שותפות מוגבלת,IL,פיטנס חטיף מולטיגריי,גרמים,25.00,100 גרם,false,1,4.90,19.60,true,1,
7290112965868,false,קרם קרקר במליחות מעודנת 250 גרם אסם,קבוצת אוסם סחר שותפות מוגבלת,,קרם קרקר במליחות מעו,גרמים,250.00,100 גרם,false,1,10.40,4.16,true,1,
7290112965905,false,בייגלה שמיניות במליחות מעודנת אסם 400 גרם,קבוצת אוסם סחר שותפות מוגבלת,,בייגלה שמיניות במליח,גרמים,400.00,100 גרם,false,1,9.90,2.48,true,1,
7290112965943,false,נאגטס ירקות ירוקים ( 500 גר`) טבעול,קבוצת אוסם סחר שותפות מוגבלת,IL,טבעול נאגטס ירקות יר,גרמים,500.00,100 גרם,false,1,36.50,7.30,true,1,
7290112965967,false,נאגטס ירקות כתומים ( 500 גר`) טבעול,קבוצת אוסם סחר שותפות מוגבלת,IL,טבעול נאגטס ירקות כת,גרמים,500.00,100 גרם,false,1,36.50,7.30,true,1,
7290112966001,false,"טבעול גורמה ארוחת ירוקים, 450 גרם",קבוצת אוסם סחר שותפות מוגבלת,IL,טבעול גורמה ארוחת יר,גרמים,450.00,100 גרם,false,1,34.90,7.76,true,1,
7290112966247,false,לחמית כוסמין 200 גרם אסם,קבוצת אוסם סחר שותפות מוגבלת,,לחמית כוסמין 200 גרם,גרמים,200.00,100 גרם,false,1,9.90,4.95,true,1,
7290112966766,false,טחינה בלאדי חציל עגבניות ושום צבר 350 גרם,קבוצת אוסם סחר שותפות מוגבלת,IL,טחינה בלאדי חציל עגב,גרמים,350.00,100 גרם,false,1,18.80,5.37,true,1,
7290112966803,false,אינסטנט פודינג בטעם שוקולד אסם (88 גרם),קבוצת אוסם סחר שותפות מוגבלת,,אסם פודינג אינסטנט ש,גרמים,88.00,100 גרם,false,1,5.50,6.25,true,1,
7290112966827,false,אסם אינסטנט פודינג שוקולד כלפ 90 גרם,מיוצר עי קונדיטוריית,,אסם אינסטנט פודינג ש,גרמים,90.00,100 גרם,false,1,4.90,5.44,true,1,
7290112966841,false,אינסטנט פודינג בטעם שוקולד מריר 95 גרם,קבוצת אוסם סחר שותפות מוגבלת,,אסם פודינג בטעם שוקו,גרמים,90.00,100 גרם,false,1,5.50,6.11,true,1,
7290112967114,false,פיטנס חטיפי פריכיות קטניות ופלפל 60 גרם,קבוצת אוסם סחר שותפות מוגבלת,,פיטנס חטיפי פריכיות,גרמים,60.00,100 גרם,false,1,8.90,14.83,true,1,
7290112967138,false,בייגלה שמיניות ללא גלוטן 250 גרם אסם,קבוצת אוסם סחר שותפות מוגבלת,,בייגלה שמיניות ללא ג,גרמים,250.00,100 גרם,false,1,15.60,6.24,true,1,
7290112967381,false,פיטנס חטיפי פריכיות קטניות ומלח ים 60 גרם,קבוצת אוסם סחר שותפות מוגבלת,,פיטנס חטיפי פריכיות,גרמים,60.00,100 גרם,false,1,8.90,14.83,true,1,
7290112967572,false,"אסם רוטב ברביקיו 290 מ""ל אסם",קבוצת אוסם סחר שותפות מוגבלת,,"רוטב ברביקיו 290 מ""ל",גרמים,290.00,100 גרם,false,1,13.50,4.66,true,1,
7290112967824,false,בישולים מיקס קלאסי אוסם 200 גרם,קבוצת אוסם סחר שותפות מוגבלת,IL,בישולים מיקס קלאסי 2,גרמים,200.00,100 גרם,false,1,22.90,11.45,true,1,
7290112967848,false,אבקה להכנת ג`לי בטעם תות אסם (90 גרם) מו,קבוצת אוסם סחר שותפות מוגבלת,,אסם גלי תות שדה מופח,גרמים,90.00,100 גרם,false,1,7.90,8.78,true,1,
7290112968203,false,צבר סלט טחינה בלאדי 6*250גרם,קבוצת אוסם סחר שותפות מוגבלת,IL,סלט טחינה בלדי 250 ג,גרמים,250.00,100 גרם,false,1,12.10,4.84,true,1,
7290112968340,false,צבר חומוס גרוס גס גס 400 גרם,קבוצת אוסם סחר שותפות מוגבלת,IL,חומוס צבר גרוס גס גס,גרמים,400.00,100 גרם,false,1,16.70,4.18,true,1,
7290112968449,false,סלט טחינה כרוב אדום 250 גרם,קבוצת אוסם סחר שותפות מוגבלת,IL,סלט טחינה כרוב אדום,גרמים,250.00,100 גרם,false,1,12.10,4.84,true,1,
7290112968524,false,צבר סלט חומוס גרגירים רכים 6*250גרם,קבוצת אוסם סחר שותפות מוגבלת,IL,סלט חומוס סמיר 250 ג,גרמים,250.00,100 גרם,false,1,12.10,4.84,true,1,
7290112968807,false,80018416694פיטנס חטיפי קרקר דק סלק 150גר,קבוצת אוסם סחר שותפות מוגבלת,,פיטנס קרקר דק סלק 14,גרמים,140.00,100 גרם,false,1,11.90,8.50,true,1,
7290112968821,false,חטיפי קרקר דק בטטה 140 גר` פיטנס,קבוצת אוסם סחר שותפות מוגבלת,,פיטנס קרקר דק בטטה 1,גרמים,140.00,100 גרם,false,1,11.90,8.50,true,1,
7290112969903,false,נאגטס ירקות לבנים ( 500 גר`) טבעול,קבוצת אוסם סחר-שות.מוגבלת,IL,טבעול נאגטס ירקות לב,גרמים,500.00,100 גרם,false,1,36.50,7.30,true,1,
7290113130722,false,סט 6 אספרסו +תחתית ב,,,סט 6 אספרסו +תחתית ב,Unknown,0.00,Unknown,false,1,179.00,179.00,true,1,
7290113131798,false,סט 6 כוסות אספרסו+תח,,,סט 6 כוסות אספרסו+תח,Unknown,0.00,Unknown,false,1,164.00,164.00,true,1,
7290113132696,false,קערת פירות TIERRA חי,,,קערת פירות TIERRA חי,Unknown,0.00,Unknown,false,1,184.00,184.00,true,1,
7290113190771,false,חלבה מסולסלת שוקו וניל 300 גר`ששון הקו,דין שיווק וקליה 2021 בעמ,IL,חלבה מסולסלת בטעם שו,גרמים,300.00,100 גרם,false,1,14.90,4.97,true,1,
7290113191907,false,טורטיה להכנת פיצה שקדיה 400 גרם,אלקטי קוראבייכיסיגידה טו,TR,טורטיה חיטה להכנת פי,גרמים,440.00,100 גרם,false,1,11.40,2.59,true,1,
7290113192164,false,אגוזי קשיו קלופים 150 גרם ששון הקולה,דין שיווק וקליה 2021 בעמ,IL,אגוזי קשיו קלופים 15,גרמים,150.00,100 גרם,false,1,16.90,11.27,true,1,
7290113192201,false,תערובת להכנת סחלב 500 גרם ששון הקולה,דין שיווק וקליה 2021 בעמ,IL,תערובת להכנת סחלב 50,גרמים,500.00,100 גרם,false,1,15.90,3.18,true,1,
7290113192225,false,תערובת להכנה מהירה סופלה שוקולד שקדיה 200 גרם,"י. כהן בע""מ",IL,תערובת להכנת סופלה ש,גרמים,200.00,100 גרם,false,1,15.90,7.95,true,1,
7290113192300,false,זיתים חרוזית מושחרים בית השיטה 275 גרם,קבוצת אוסם סחר שותפות מוגבלת,IL,זיתים מושחרים חרוזית,גרמים,275.00,100 גרם,false,1,12.50,4.55,true,1,
7290113192317,false,זיתים מושחרים טבעות בית השיטה (280 גרם),קבוצת אוסם סחר שותפות מוגבלת,IL,טבעות זיתים מושחרים,גרמים,280.00,100 גרם,false,1,13.90,4.96,true,1,
7290113192324,false,זיתים ירוקים שלמים בינוניים בית השיטה,קבוצת אוסם סחר-שות.מוגבלת,IL,זית ירוק A2 בית השיט,גרמים,340.00,100 גרם,false,1,10.50,3.09,true,1,
7290113192331,false,בית השיטה זיתים ירוקים גדולים 340 גרם*,קבוצת אוסם סחר שותפות מוגבלת,IL,זית ירוק גדול A2 בית,גרמים,340.00,100 גרם,false,1,11.90,3.50,true,1,
7290113192348,false,בית השיטה זיתים ירוקים גדול מאודבטעם שום,קבוצת אוסם סחר-שות.מוגבלת,IL,זית ירוק 17-19 2A ב,גרמים,340.00,100 גרם,false,1,11.40,3.35,true,1,
7290113192355,false,חרוזית זיתים ירוקים ללא גלעין 275 ג' בית השיטה,קבוצת אוסם סחר שותפות מוגבלת,,זית חרוזית ירוק A2 ב,גרמים,275.00,100 גרם,false,1,10.30,3.75,true,1,
7290113192362,false,בית השיטה טבעות זיתים ירק.א2 12*280ג חדש,קבוצת אוסם סחר שותפות מוגבלת,IL,זיתים ירוקים טבעות A,גרמים,280.00,100 גרם,false,1,10.60,3.79,true,1,
7290113192379,false,בית השיטה זיתים ירוקים מבוקעים א2 340גר',קבוצת אוסם סחר-שות.מוגבלת,IL,זיתים ירוקים מבוקעים,גרמים,340.00,100 גרם,false,1,11.90,3.50,true,1,
7290113192386,false,בית השיטה זיתים ירוקים סורי מבוקע 340גרם,קבוצת אוסם סחר שותפות מוגבלת,IL,זית סורי מבוקע A2 בי,גרמים,666.00,100 גרם,false,1,13.50,2.03,true,1,
7290113192393,false,בית השיטה קוקטייל זיתים א2 336 גרם,קבוצת אוסם סחר שותפות מוגבלת,IL,קוקטייל זיתים A2 בית,גרמים,336.00,100 גרם,false,1,11.90,3.54,true,1,
7290113192478,false,בית השיטה מלפפונים במלח בינוני 10-12 320 גרם,קבוצת אוסם סחר שותפות מוגבלת,IL,מלפפונים במלח 10-12,גרמים,320.00,100 גרם,false,1,7.60,2.38,true,1,
7290113192485,false,בית השיטה מלפפונים בחומץ בינוני 10-12 290 גרם,קבוצת אוסם סחר שותפות מוגבלת,IL,מלפפונים בחומץ 10-12,גרמים,320.00,100 גרם,false,1,7.60,2.38,true,1,
7290113192492,false,בית השיטה מלפפונים בחומץ קטנים 1317 290 גרם,קבוצת אוסם סחר שותפות מוגבלת,IL,מלפפון בחומץ 17-13 ב,גרמים,290.00,100 גרם,false,1,10.90,3.76,true,1,
7290113192508,false,ב.השיטה מלפפון במלח ר.טבע א2 17-13 320 גרם,קבוצת אוסם סחר שותפות מוגבלת,IL,מלפפון במלח 17-13 בי,גרמים,320.00,100 גרם,false,1,10.90,3.41,true,1,
7290113192515,false,בית השיטה מלפפונים במלח קטן מאוד 1825 320 גרם,קבוצת אוסם סחר שותפות מוגבלת,IL,מלפפון במלח 18-25 32,גרמים,320.00,100 גרם,false,1,12.90,4.03,true,1,
7290113192522,false,בית השיטה מלפפונים בחומץ קטן מאוד 1825 290 גרם,קבוצת אוסם סחר שותפות מוגבלת,IL,מלפפון בחומץ 18-25 2,גרמים,290.00,100 גרם,false,1,12.90,4.45,true,1,
7290113192539,false,בית השיטה מלפפונים במלח גדול 79 320 גרם,קבוצת אוסם סחר שותפות מוגבלת,IL,מלפפון במלח 7-9 בית,גרמים,320.00,100 גרם,false,1,6.90,2.16,true,1,
7290113192546,false,"מלפפונים בחומץ רכיבים טבעיים 7-9 ""בית השיטה""",קבוצת אוסם סחר שותפות מוגבלת,IL,מלפפון בחומץ 7-9 בי,גרמים,290.00,100 גרם,false,1,6.90,2.38,true,1,
7290113192553,false,מלפפונים במלח 13-17 פיקנטי בית השיטה 320 גרם,קבוצת אוסם סחר-שות.מוגבלת,IL,מלפפונים במלח באלדי,גרמים,320.00,100 גרם,false,1,10.70,3.34,true,1,
7290113192560,false,פלפל חריף כבוש שיפקה בית השיטה (430 גר`),קבוצת אוסם סחר שותפות מוגבלת,IL,פלפל שיפקה A2 בית ה,גרמים,230.00,100 גרם,false,1,8.30,3.61,true,1,
7290113192577,false,בית השיטה כרוב כבוש א2 12*430גרם חדש,קבוצת אוסם סחר שותפות מוגבלת,IL,כרוב כבוש A2 בית השי,גרמים,430.00,100 גרם,false,1,8.20,1.91,true,1,
7290113192881,false,"טורטיה חיטה מופחת קלוריות, קוטר 20 ס""מ - 6 יח'",דין שיווק וקליה 2021 בעמ,TR,טורטיה חיטה מופחתת ק,גרמים,270.00,100 גרם,false,1,10.00,3.70,true,1,
7290113192997,false,בית השיטה זית מרוקאי 340 גרם*,קבוצת אוסם סחר שותפות מוגבלת,IL,זית מרוקאי 340 גרם,גרמים,340.00,100 גרם,false,1,13.90,4.09,true,1,
7290113193000,false,בית השיטה פלפל שיפקונית 230 גרם*,קבוצת אוסם סחר שותפות מוגבלת,IL,פלפל שיפקונית 230 גר,גרמים,230.00,100 גרם,false,1,13.50,5.87,true,1,
7290113193017,false,בית השיטה חרוזית קוקטייל זיתים 275 גרם,קבוצת אוסם סחר שותפות מוגבלת,IL,קוקטייל זיתים 275 גר,גרמים,275.00,100 גרם,false,1,13.90,5.05,true,1,
7290113193031,false,חרוזית קלמטה - זיתים שחורים ללא גלעין קלמטה,קבוצת אוסם סחר שותפות מוגבלת,IL,חרוזית קלמטה 275 גרם,גרמים,275.00,100 גרם,false,1,13.90,5.05,true,1,
7290113193321,false,שמן זית כתית מעולה בית השיטה 750 מייל,קבוצת אוסם סחר שותפות מוגבלת,IL,בית השיטה שמן זית כת,מיליליטרים,750.00,"100 מ""ל",false,1,34.50,4.60,true,1,
7290113193369,false,בית השיטה תרסיס שמן קנולה מזוכך 150 מל,קבוצת אוסם סחר שותפות מוגבלת,,בית השיטה תרסיס שמן,מיליליטרים,150.00,"100 מ""ל",false,1,14.90,9.93,true,1,
7290113193406,false,"קוקטייל טבעות זיתים - זיתים ירוקים, שחורים מרינד",קבוצת אוסם סחר שותפות מוגבלת,,בית השיטה טבעות קוקט,גרמים,280.00,100 גרם,false,1,10.70,3.82,true,1,
7290113193888,false,בית השיטה חצילים מוחמצים 320 גרם,קבוצת אוסם סחר שותפות מוגבלת,IL,חצילים מוחמצים 320 ג,גרמים,320.00,100 גרם,false,1,13.50,4.22,true,1,
7290113194632,false,ממרח שקדים 100% 500 גרם,דין שיווק וקליה 2021 בעמ,IL,ממרח שקדים 500 גרם,גרמים,500.00,100 גרם,false,1,52.50,10.50,true,1,
7290113194649,false,בית השיטה מלפפונים במלח קוביות 320 גרם,קבוצת אוסם סחר שותפות מוגבלת,IL,בית השיטה מלפפונים ב,גרמים,320.00,100 גרם,false,1,10.90,3.41,true,1,
7290113195028,false,נתחי טונה בהירה בשמן זית 190 גר צנצנת,דין שיווק וקליה 2021 בעמ,,נתחי טונה בהירה בשמן,גרמים,190.00,100 גרם,false,1,19.90,10.47,true,1,
7290113195042,false,מלפפון חמוץ במלח כבישה ביתית בית השיטה 750 גר',קבוצת אוסם סחר שותפות מוגבלת,,מלפפפון מלח כבישה בי,גרמים,750.00,100 גרם,false,1,31.50,4.20,true,1,
7290113195066,false,חלבה טורקית בטעם וניל שקדיה 400 גרם,דין שיווק וקליה 2021 בעמ,,חלבה טורקית בטעם וני,גרמים,400.00,100 גרם,false,1,12.90,3.23,true,1,
7290113195080,false,חלבה טורקית בטעם שוקו וניל 400 גר` שקדיה,דין שיווק וקליה 2021 בעמ,,חלבה טורקית בטעם שוק,גרמים,400.00,100 גרם,false,1,12.90,3.23,true,1,
7290113195172,false,בית השיטה רצועות קולורבי בתחמיץ 215 גרם,קבוצת אוסם סחר-שות.מוגבלת,,בית השיטה רצועות קול,גרמים,215.00,100 גרם,false,1,10.90,5.07,true,1,
7290113195196,false,"רסק תפוחי עץ ללת""ס 710 גרם",דין שיווק וקליה 2021 בעמ,PL,"רסק תפוחי עץ ללת""ס 7",גרמים,710.00,100 גרם,false,1,10.90,1.54,true,1,
7290113195264,false,ממרח פלפלים קלויים 360 גרם,דין שיווק וקליה 2021 בעמ,MK,ממרח פלפלים קלויים 3,גרמים,360.00,100 גרם,false,1,11.90,3.31,true,1,
7290113195271,false,ממרח פלפלים פיקנטיים 360 גרם,דין שיווק וקליה 2021 בעמ,MK,ממרח פלפלים פיקנטיים,גרמים,360.00,100 גרם,false,1,11.90,3.31,true,1,
7290113195356,false,שמן קנולה מזוכך זית השיטה 1 ליטר,קבוצת אוסם סחר-שות.מוגבלת,,שמן קנולה מזוכך זית,מיליליטרים,1000.00,"100 מ""ל",false,1,13.90,1.39,true,1,
7290113195363,false,שמן חמניות מזוכך זית השיטה 1 ליטר,קבוצת אוסם סחר-שות.מוגבלת,,שמן חמניות מזוכך זית,מיליליטרים,1000.00,"100 מ""ל",false,1,14.90,1.49,true,1,
7290113196414,false,"אורז בסמטי 1 ק""ג - שקדיה כחול מטאלי",דין שיווק וקליה 2021 בעמ,IN,אורז בסמטי שקדיה 1 ק,גרמים,1000.00,100 גרם,false,1,12.50,1.25,true,1,
7290113196513,false,פריכיות כוסמת בתוספת שקדים שקדיה 150 גרם,דין שיווק וקליה 2021 בעמ,IL,פריכיות כוסמת בתוספת,גרמים,150.00,100 גרם,false,1,11.40,7.60,true,1,
7290113198074,false,פקאן מצופה בשוקולד שיש 150 גרם,דין שיווק וקליה 2021 בעמ,,פקאן מצופה שוקולד שי,גרמים,150.00,100 גרם,false,1,14.90,9.93,true,1,
7290113199606,false,חטיף בוטנים עם דלעת בוטנים ללא סוכר 220 ג' שקדיה,דין שיווק וקליה 2021 בעמ,IL,חטיף בוטנים בסגנון י,גרמים,220.00,100 גרם,false,1,14.90,6.77,true,1,
7290113199637,false,"חטיף בוטנים גרעיני דלעת חמוציות שומשום זרעי פשתן ציה לל""ס",דין שיווק וקליה 2021 בעמ,IL,חטיף בוטנים גרנולה ל,גרמים,220.00,100 גרם,false,1,14.90,6.77,true,1,
7290113199668,false,"חלבה בטעם וניל ללת""ס 400 גרם",ח.אל עקר,IL,"חלבה בטעם וניל ללת""ס",גרמים,400.00,100 גרם,false,1,17.90,4.48,true,1,
7290113199781,false,ממרח אגוזים ובוטנים 100% 200 גרם,דין שיווק וקליה 2021 בעמ,,ממרח אגוזים ובוטנים,גרמים,200.00,100 גרם,false,1,15.90,7.95,true,1,
7290113199842,false,מגש אירוח סוכריות גומי 700 ג' שקדיה,דין שיווק וקליה 2021 בעמ,IL,מגש אירוח סוכריות גו,גרמים,700.00,100 גרם,false,1,29.90,4.27,true,1,
7290113302273,false,חטיף בונזו עם עצם קלציום עם עוף,שחורי אריה ואנסטסיה,,חטיף בונזו עצם קלציו,Unknown,0.00,Unknown,false,1,12.90,12.90,true,1,
7290113302280,false,חטיף בונזו צורת נקניקייה 80 גר,שחורי אריה ואנסטסיה,,חטיף בונזו בצורת קני,Unknown,0.00,Unknown,false,1,12.90,12.90,true,1,
7290113302297,false,חטיף אנרגיה בונזו עוף ותפוח 80 גר,שחורי אריה ואנסטסיה,,חטיף אנרגיה בונזו עו,Unknown,0.00,Unknown,false,1,12.90,12.90,true,1,
7290113302334,false,חטיפי עוף פריכים בצורת עצם 85 גר,שחורי אריה ואנסטסיה,,חטיפי עוף פריכים בצו,Unknown,0.00,Unknown,false,1,12.90,12.90,true,1,
7290113302341,false,חטיף עוף קראנצ'י ורוד בונזו 80 ג',שחורי אריה ואנסטסיה,,חטיפי בונזו עוף ואור,Unknown,0.00,Unknown,false,1,12.90,12.90,true,1,
7290113302365,false,חטיפי בונזו ברווז בצורת סושי 80 גר,שחורי אריה ואנסטסיה,,חטיפי בונזו ברווז בצ,Unknown,0.00,Unknown,false,1,12.90,12.90,true,1,
7290113302389,false,רצועות בונזו סנדוויץ במילוי ברווז,שחורי אריה ואנסטסיה,,שיפוד סלמון ודג בקלה,Unknown,0.00,Unknown,false,1,12.90,12.90,true,1,
7290113302396,false,שיפוד כבש ודג בקלה 80 גר,שחורי אריה ואנסטסיה,,שיפוד כבש ודג בקלה 8,Unknown,0.00,Unknown,false,1,12.90,12.90,true,1,
7290113317116,false,מארז שלישיית ביצי שוקולד מפרץ ההרפתקאות,שמחה זה אנחנו,IT,שלישיית ביצי שוקולד,גרמים,65.00,100 גרם,false,1,14.50,22.31,true,1,
7290113560055,false,פרודונטקס מי פה טיפול יומי לחניכיים 500,"מאסטרפוד אוסטריה בע""מ",,מי פה פרודונטקס,מיליליטרים,500.00,"100 מ""ל",false,1,29.90,5.98,true,1,
7290113560109,false,פרודונטקס מ.שיניים בטעם צמחי 75 מל,פרודונטקס Parodontax,IE,משחת שיניים פרודונטק,Unknown,0.00,Unknown,false,1,30.90,30.90,true,1,
7290113594357,false,בקבוק נירוסטה עם קש 450 מל מפרץ הרפתקאות,,CN,בקבוק נירוסטה עם קש,מיליליטרים,450.00,"100 מ""ל",false,1,34.90,7.76,true,1,
7290113670358,false,שמפו בריח לבנדר כליל 1 ליטר,,IL,שמפו בריח לבנדר כלי,מיליליטרים,1000.00,"100 מ""ל",false,1,49.90,4.99,true,1,
7290114151566,false,"שמפו לכל סוגי השיער בוטני 500 מ""ל",אף.סי תבליני בגליל ב,IL,שמפו לכל סוגי השיער,מיליליטרים,500.00,"100 מ""ל",false,1,25.90,5.18,true,1,
7290114151573,false,"שמפו לשיער רגיל-שמן בוטני 500 מ""ל",אף.סי תבליני בגליל ב,IL,שמפו לשיער רגיל-שמן,מיליליטרים,500.00,"100 מ""ל",false,1,25.90,5.18,true,1,
7290114151580,false,"שמפו לשיער צבוע ויבש מאוד בוטני 500 מ""ל",,IL,שמפו לשיער צבוע ויבש,מיליליטרים,500.00,"100 מ""ל",false,1,25.90,5.18,true,1,
7290114151597,false,"שמפו לשיער רגיל-יבש בוטני 500 מ""ל",אף.סי תבליני בגליל ב,IL,שמפו לשיער רגיל-יבש,מיליליטרים,500.00,"100 מ""ל",false,1,25.90,5.18,true,1,
7290114151610,false,"מרכך לשיער רגיל-שמן בוטני 500 מ""ל",א.ל.ארמן ייצור תמרוק,IL,מרכך לשיער רגיל-שמן,מיליליטרים,500.00,"100 מ""ל",false,1,25.90,5.18,true,1,
7290114151627,false,"מרכך לשיער צבוע ויבש מאוד בוטני 500 מ""ל",,IL,מרכך לשיער צבוע ויבש,מיליליטרים,500.00,"100 מ""ל",false,1,25.90,5.18,true,1,
7290114151641,false,"סבון גוף משפחתי בוטני 500 מ""ל",אף.סי תבליני בגליל ב,IL,סבון גוף משפחתי בוטנ,מיליליטרים,500.00,"100 מ""ל",false,1,25.90,5.18,true,1,
7290114151658,false,"סבון גוף לעור יבש בוטני 500 מ""ל",אף.סי תבליני בגליל ב,IL,סבון גוף לעור יבש בו,מיליליטרים,500.00,"100 מ""ל",false,1,25.90,5.18,true,1,
7290114151672,false,"סבון ידיים לעור יבש בוטני 500 מ""ל",אף.סי תבליני בגליל ב,IL,סבון ידיים לעור יבש,מיליליטרים,500.00,"100 מ""ל",false,1,22.90,4.58,true,1,
7290114154109,false,"מסיכה לשיער ללא מלחים בוטני 350 מ""ל",,IL,מסיכה לשיער ללא מלחי,מיליליטרים,350.00,"100 מ""ל",false,1,42.90,12.26,true,1,
7290114154130,false,"שמפו ללא מלחים בוטני 500 מ""ל",,IL,שמפו ללא מלחים בוטני,מיליליטרים,500.00,"100 מ""ל",false,1,31.90,6.38,true,1,
7290114154147,false,"מסיכה לשיער צבוע בוטני 350 מ""ל",,IL,מסיכה לשיער צבוע בוט,מיליליטרים,350.00,"100 מ""ל",false,1,38.90,11.11,true,1,
7290114310215,false,"שמנת מתוקה 38% רמת הגולן 250 מ""ל ווסטהיים - מוצר בפיקוח",החברה המרכזית טלהפצת משקאות בע,IL,שמנת מתוקה 38% 250 מ,גרמים,250.00,100 גרם,false,1,6.47,2.59,true,1,
7290114310222,false,חלב מועשר בסידן וויטמין Dי 3% 1.5 ל' טרה,*החברה המרכזית להפצת משקאותבעמ,IL,חלב מועשר בסידן וויט,מיליליטרים,1500.00,"100 מ""ל",false,1,12.50,0.83,true,1,
7290114310239,false,חלב נטול לקטוז מועשר בוויטמין D י 2% 1.5 ל' טרה,החברה המרכזית טלהפצת משקאות בע,IL,חלב נטול לקטוז מועשר,מיליליטרים,1500.00,"100 מ""ל",false,1,12.50,0.83,true,1,
7290114310338,false,צפתית מעודנת 5% בגביע 225 גרם משק צוריאל,החברה המרכזית טלהפצת משקאות בע,IL,גבינה צפתית מעודנת 5,גרמים,225.00,100 גרם,false,1,19.10,8.49,true,1,
7290114310345,false,מעדן יוגורט בטעם תות 1.5% 125 גרם טרה,*החברה המרכזית להפצת משקאותבעמ,,מעדן מו תות 1.5% 123,גרמים,123.00,100 גרם,false,1,3.00,2.44,true,1,
7290114310536,false,יוגורט לייט מעושר חלבון 25 גרם חלבון וניל MULLER ACTIVE,*החברה המרכזית להפצת משקאותבעמ,IL,מולר אקטיב לייט,גרמים,200.00,100 גרם,false,1,6.50,3.25,true,1,
7290114310611,false,"משקה חלב בננה בבקבוק פקק ספורט טרה 250 מ""ל",החברה המרכזית טלהפצת משקאות בע,IL,משקה חלב בננה טרה 25,מיליליטרים,250.00,"100 מ""ל",false,1,5.90,2.36,true,1,
7290114310628,false,משקה חלב וניל ועוגיות בקבוק 1 ליטר,החברה המרכזית טלהפצת משקאות בע,,משקה חלב וניל עוגיות,מיליליטרים,1000.00,"100 מ""ל",false,1,12.50,1.25,true,1,
7290114310895,false,"סימפלי פרוט יוגורט עם מנגו תות, שמיניה 8 * 150 גרם",*החברה המרכזית להפצת משקאותבעמ,,מאגדת שמינייה סימפלי,גרמים,1200.00,100 גרם,false,1,31.90,2.66,true,1,
7290114310901,false,גבינה לבנה 5% טרה 250 גרם ווסטהים,*החברה המרכזית להפצת משקאותבעמ,,גבינה לבנה טרה 5%,גרמים,250.00,100 גרם,false,1,4.98,1.99,true,1,
7290114311014,false,"משקה חלב אייס קפוצ'ינו פקק ספורט טרה 250 מ""ל",החברה המרכזית טלהפצת משקאות בע,,משקה חלב אייס קפוצינ,גרמים,200.00,100 גרם,false,1,5.90,2.95,true,1,
7290114311021,false,"משקה חלב וניל עוגיות פקק ספורט טרה 250 מ""ל",*החברה המרכזית להפצת משקאותבעמ,,משקה חלב וניל עוגיות,מיליליטרים,250.00,"100 מ""ל",false,1,5.90,2.36,true,1,
7290114311069,false,יוגורט לבן מועשר בחלבון 0% שומן 200 גרם muller active,החברה המרכזית טלהפצת משקאות בע,IL,מולר אקטיב 25 ג חלבו,גרמים,150.00,100 גרם,false,1,5.90,3.93,true,1,
7290114311076,false,"חמאת מולר צהובה עם שום, 200 גרם",*החברה המרכזית להפצת משקאותבעמ,,מולר חמאה צהובה עם ש,גרמים,200.00,100 גרם,false,1,12.90,6.45,true,1,
7290114311298,false,יוגורט מולר פרופ בטעם תות בננה מלון 150,החברה המרכזית טלהפצת משקאות בע,IL,יוגורט מולר פרופ בטע,גרמים,150.00,100 גרם,false,1,5.00,3.33,true,1,
7290114311304,false,יוגורט קציפת מנגו פסיפלורה בננה 150 ג' מולר,החברה המרכזית טלהפצת משקאות בע,IL,יוגורט מולר פרופ בטע,גרמים,150.00,100 גרם,false,1,5.00,3.33,true,1,
7290114311328,false,חלב מועשר דל לקטוז מעושר בויטמין Dי 2% שומן טרה 1 ליטר,*החברה המרכזית להפצת משקאותבעמ,,חלב דל לקטוז מועשר ב,מיליליטרים,1000.00,"100 מ""ל",false,1,8.50,0.85,true,1,
7290114311359,false,יוגורט עם קציפת מנגו 3% שומן פרופ 150 ג' מולר,החברה המרכזית טלהפצת משקאות בע,IL,יוגורט מולר פרופ בטע,גרמים,150.00,100 גרם,false,1,5.00,3.33,true,1,
7290114311434,false,מולר אקטיב יוגורט חלבון קרמל מלוח 200 גרם,החברה המרכזית טלהפצת משקאות בע,IL,מולר אקטיב יוגורט בט,גרמים,200.00,100 גרם,false,1,6.20,3.10,true,1,
7290114311441,false,מולר אקטיב יוגורט חלבון עוגיות חמאה 200 גרם,החברה המרכזית טלהפצת משקאות בע,IL,מולר אקטיב יוגורט בט,גרמים,200.00,100 גרם,false,1,6.20,3.10,true,1,
7290114311458,false,חלב קרטון 3% מועשר ויטמין די 1 ליטר,*החברה המרכזית להפצת משקאותבעמ,,חלב בקרטון מועשר ויט,מיליליטרים,1000.00,"100 מ""ל",false,1,8.40,0.84,true,1,
7290114600750,false,קו-קווים חטיף אפוי עם גבינת פקורינו - חלבי,הדקלאים אגודת שיתופי,IT,קו-קווים חטיף אפוי ע,גרמים,150.00,100 גרם,false,1,11.90,7.93,true,1,
7290114600927,false,מאסטר שף עלי טורטייה חיטה מלאה 320 גרם,אלקאטי קורביישיסי גי,,מנה עלי טורטיה חיט מ,גרמים,320.00,100 גרם,false,1,10.90,3.41,true,1,
7290114600941,false,מאסטר שף מיונז הולנדי לחיץ 435 גרם,ש. שסטוביץ בע`מ,NL,מיונז לחיץ מאסטר שף,גרמים,435.00,100 גרם,false,1,13.50,3.10,true,1,
7290114600989,false,"מאסטר שף רוטב אלף האיים 250 מ""ל",ש. שסטוביץ בע`מ,NL,רוטב אלף האיים מאסטר,מיליליטרים,250.00,"100 מ""ל",false,1,9.90,3.96,true,1,
7290114600996,false,מאסטר שף רוטב שום 256 גרם,ש. שסטוביץ בע`מ,NL,רוטב שום מאסטר שף 25,מיליליטרים,250.00,"100 מ""ל",false,1,9.90,3.96,true,1,
7290114602778,false,פרי סלייסים צ'יפס ירקות שורש 90 גרם,פלפר אפרטיבוס,ES,פרי סלייסים ציפס ירק,גרמים,90.00,100 גרם,false,1,14.60,16.22,true,1,
7290114603508,false,"רוטב להקפצה מאסטר שף 300 מ""ל",ש. שסטוביץ בע`מ,TH,רוטב להקפצה מאסטר שף,מיליליטרים,300.00,"100 מ""ל",false,1,10.90,3.63,true,1,
7290114603584,false,PLAY חטיף פוף בטעם גריל 40 גרם,ש. שסטוביץ בע`מ,,PLAY חטיף פוף בטעם ג,גרמים,40.00,100 גרם,false,1,4.60,11.50,true,1,
7290114603591,false,PLAY חטיף פוף בטעם קטשופ 40 גרם,ש. שסטוביץ בע`מ,,PLAY חטיף פוף בטעם ק,גרמים,40.00,100 גרם,false,1,4.60,11.50,true,1,
7290114603607,false,PLAY חטיף פוף בטעם חמוץ חריף 40 גרם,ש. שסטוביץ בע`מ,,PLAY חטיף פוף בטעם ח,גרמים,40.00,100 גרם,false,1,4.60,11.50,true,1,
7290114604895,false,מאסטר שף מיונז ספייסי לחיץ 446 גרם,ש. שסטוביץ בע`מ,NL,ממרח ספייסי לחיץ מאס,גרמים,446.00,100 גרם,false,1,13.50,3.03,true,1,
7290114604901,false,ממרח שום לחיץ מאסטר שף 444 גרם,ש. שסטוביץ בע`מ,NL,ממרח שום לחיץ מאסטר,גרמים,444.00,100 גרם,false,1,12.90,2.91,true,1,
7290114604925,false,מנה אסייאתי קרם קוקוס פחית לייט 400 מ`ל,"תאי קוקונאט חברה בע""",,קרם קוקוס לייט מאסטר,מיליליטרים,400.00,"100 מ""ל",false,1,9.40,2.35,true,1,
7290114604963,false,מאסטר שף פירורי לחם מתובלים 230 גרם,ש. שסטוביץ בע`מ,,מאסטר שף פירורי לחם,גרמים,230.00,100 גרם,false,1,8.20,3.57,true,1,
7290114605533,false,משטח חיתוך חד פעמי 30 יח' קוקי,ש.שסטוביץ בעמ,CN,קוקי משטח חיתוך חד פ,יחידה,1.00,יחידה,false,1,19.90,19.90,true,1,
7290114606530,false,רוטב בטעם מיונז וקטשופ 515 גרם מאסטר שף,ש. שסטוביץ בע`מ,NL,רוטב בטעם מיונז וקטש,גרמים,515.00,100 גרם,false,1,12.90,2.50,true,1,
7290114606547,false,מיונז פטריות כמהין לחיץ מאסטר שף 242 גרם,ש. שסטוביץ בע`מ,NL,מיונז פטריות כמהין ל,גרמים,242.00,100 גרם,false,1,13.50,5.58,true,1,
7290114606554,false,מיונז מופחת קלוריות בקבוק לחיץ,ש. שסטוביץ בע`מ,NL,מיונז לייט לחיץ מאסט,גרמים,470.00,100 גרם,false,1,13.50,2.87,true,1,
7290114606561,false,מאסטר שף אטריות אורז דקות ורמיצ'לי 400 ג,לינג טונג רייס ורמיצ'ילי,,מנה אסייאתי אטריות א,גרמים,400.00,100 גרם,false,1,9.90,2.48,true,1,
7290114606578,false,מאסטר שף שקדי מרק 400 גרם,ש. שסטוביץ בע`מ,IL,שקדי מרק מאסטר שף 40,גרמים,400.00,100 גרם,false,1,9.90,2.48,true,1,
7290114608633,false,"דפי אצה מאסטר שף, 25 גרם",ש. שסטוביץ בע`מ,,דפי אצה מאסטר שף 25,גרמים,25.00,100 גרם,false,1,12.50,50.00,true,1,
7290114608640,false,מאסטר שף קרוטונים לסלט כוסמין 260 גרם,עינת תעשיות מזון אגו,IL,קרוטונים לסלט כוסמין,גרמים,260.00,100 גרם,false,1,21.90,8.42,true,1,
7290114608695,false,מיונז עם ווסאבי לחיץ מאסטר שף 241 גרם,ש. שסטוביץ בע`מ,NL,מיונז עם ווסאבי לחיץ,גרמים,241.00,100 גרם,false,1,13.50,5.60,true,1,
7290114653565,false,בקבוק 350 פלסטיק מל נצנצים דופן כפולה - LOL,,CN,בקבוק נצנצים דופן כפ,מיליליטרים,350.00,"100 מ""ל",false,1,29.90,8.54,true,1,
7290114657297,false,מיני פופ סוכריה על מקל עם כדור 8גר LOL,Unknown,CN,פופ סוכריה על מקל עם,יחידה,1.00,יחידה,false,1,11.90,11.90,true,1,
7290114659529,false,מיני פופ סוכריה על מקל(5 יח) 40 גר' - LOL,שמחה זה אנחנו בע`מ,CN,מיני פופ על מקל 5 יח,יחידה,1.00,יחידה,false,1,11.90,11.90,true,1,
7290114659949,false,מסכה כירורגית חד פעמית מארז 50 יח',שמחה זה אנחנו בעמ,,מסכה לפנים חד פעמי 5,יחידה,1.00,יחידה,false,1,9.90,9.90,true,1,
7290114850599,false,נטורלאון 60 כמוסות,,,נטורלאון 60 כמוסות,Unknown,0.00,Unknown,false,1,169.90,169.90,true,1,
7290115071498,false,מטבעות שוקולד ברשת 31 גר`כוח פי ג`יי,שמחה זה אנחנו בעמ,NL,מטבעות שוקולד ברשת פ,גרמים,31.00,100 גרם,false,1,4.90,15.81,true,1,
7290115071511,false,מטבעות שוקולד ברשת טרולים 31 גר,,NL,מטבעות שוקולד ברשת ט,גרמים,31.00,100 גרם,false,1,4.90,15.81,true,1,
7290115072075,false,פרליני שוקולד באריזת מתנה בסף 48 גרם,,CN,פרליני שוקולד באריזת,Unknown,0.00,Unknown,false,1,14.90,14.90,true,1,
7290115072082,false,מארז שוקולד על מקל 24 יח 30 גרם,,TR,מארז שוקולד על מקל 2,יחידה,1.00,יחידה,false,1,7.90,7.90,true,1,
7290115072099,false,זר 3 ורדים שוקולד באריזה מהודרת 21 גר',,CN,זר 3 ורדים שוקולד בא,גרמים,21.00,100 גרם,false,1,11.90,56.67,true,1,
7290115072105,false,זר 6 ורדים שוקולד באריזה מהודרת 42 גר,,CN,זר 6 ורדים שוקולד בא,גרמים,42.00,100 גרם,false,1,21.90,52.14,true,1,
7290115072938,false,מקל מוזיקה בצורת כוכב אל או אל עם סוכריות 5גר' 12/6,,CN,מקל מוזיקה בצורת כוכ,גרמים,5.00,100 גרם,false,1,13.90,278.00,true,1,
7290115072945,false,מקל מוזיקה בצורת כוכב בארבי עם סוכריות 5גר' 12/6,,CN,מקל מוזיקה בצורת כוכ,גרמים,5.00,100 גרם,false,1,13.90,278.00,true,1,
7290115072952,false,דינוזאור מקל ארוך עם סוכריות 5גר,שמחה זה אנחנו,CN,דינוזאור מקל ארוך עם,גרמים,5.00,100 גרם,false,1,9.90,198.00,true,1,
7290115073683,false,מסכה לפנים חד פעמי מארז 10 יח צבעוניות,שמחה זה אנחנו,,מסכה לפנים חד פעמי מ,יחידה,1.00,יחידה,false,1,4.90,4.90,true,1,
7290115075878,false,גביע וופל ממולא קרם שוקולד 25 גר(12 יח),שמחה זה אנחנו,TR,גביע וופל ממולא קרם,יחידה,1.00,יחידה,false,1,4.90,4.90,true,1,
7290115075885,false,מארז שוקולד חלב על מקל לב 24 יח 30 גרם,שמחה זה אנחנו,TR,מארז שוקולד חלב על מ,יחידה,1.00,יחידה,false,1,7.90,7.90,true,1,
7290115079340,false,שקית 10 פסטל מקרון,,CN,שקית 10 פסטל מקרון,Unknown,1.00,Unknown,false,20,4.90,4.90,true,1,
7290115180251,false,יחידות טבק לחימום אמבר PP קרטוש,פיליפ מוריס,,יחידות טבק לחימום אמ,Unknown,0.00,Unknown,false,1,26.50,26.50,true,1,
7290115180282,false,יחידות טבק לחימום ברונז PP,פיליפ מוריס,,יחידות טבק לחימום בר,Unknown,0.00,Unknown,false,1,26.50,26.50,true,1,
7290115180299,false,יחידות טבק לחימום סיינה PP,פיליפ מוריס,,יחידות טבק לחימום סי,Unknown,0.00,Unknown,false,1,26.50,26.50,true,1,
7290115190014,false,סיגריות מרלבורו רד קצר בוקס,פיליפ מוריס בעמ,,מרלבורו רד קצר בוקס,Unknown,0.00,Unknown,false,1,35.90,35.90,true,1,
7290115190076,false,סיגריות מרלבורו גולד ארוך 100 בוקס,פיליפ מוריס בעמ,,מרלבורו גולד 100 חפי,Unknown,0.00,Unknown,false,1,35.90,35.90,true,1,
7290115190083,false,מרלבורו גולד פאקט) (10 חדש,פיליפ מוריס בעמ,,מרלבורו גולד PP קרטו,Unknown,0.00,Unknown,false,1,355.00,355.00,true,1,
7290115190090,false,סיגריות מרלבורו קצר בוקס בודד,פיליפ מוריס בעמ,,מרלבורו גולד קצר,Unknown,0.00,Unknown,false,1,35.90,35.90,true,1,
7290115190120,false,מרלבורו גולד פיין טאצ' פאקט,פיליפ מוריס בעמ,,מרלבורו פיין טאץ PP,יחידה,1.00,יחידה,false,1,315.00,315.00,true,1,
7290115190137,false,סיגריות מרלבורו טאצ סילבר יחידה,פיליפ מוריס בעמ,,מלבורו פיין טאצ 7.1,יחידה,1.00,יחידה,false,1,31.90,31.90,true,1,
7290115190151,false,סיגריות מרלבורו טאצ גולד,פיליפ מוריס בעמ,,מלבורו גולד טאצ 7.1,יחידה,1.00,יחידה,false,1,31.90,31.90,true,1,
7290115190168,false,פרלמנט סופר סלימס PP קרטוש,פיליפ מוריס,,פרלמנט סופר סלימס PP,Unknown,0.00,Unknown,false,1,405.00,405.00,true,1,
7290115190175,false,פרלמנט סופר סלימס קופסא,פיליפ מוריס בעמ,,פרלמנט סופר סלימס חפ,Unknown,0.00,Unknown,false,1,41.00,41.00,true,1,
7290115190199,false,פרלמנט נייט ארוך חפיסה) (20,פיליפ מוריס בעמ,,פרלמנט ארוך RCB חפיס,Unknown,0.00,Unknown,false,1,41.00,41.00,true,1,
7290115190205,false,פרלמנט בלו 100 פאקט) (10 חדש,פיליפ מוריס בעמ,,פרלמ נט בלו 100 PP ק,Unknown,0.00,Unknown,false,1,405.00,405.00,true,1,
7290115190212,false,סיגריות פרלמנט בלו 100 BR בודד,פיליפ מוריס בעמ,,פרלמנט ארוך בלו RCB,Unknown,0.00,Unknown,false,1,41.00,41.00,true,1,
7290115190236,false,סיגריות פרלמנט קצר בלו בודד,פיליפ מוריס בעמ,,פרלמנט קצר בלו חפיסה,Unknown,0.00,Unknown,false,1,41.00,41.00,true,1,
7290115190250,false,סיגריות פרלמנט קצר בודד,פיליפ מוריס בעמ,,פרלמנט נייט PP חפיסה,Unknown,0.00,Unknown,false,1,41.00,41.00,true,1,
7290115190328,false,ל.מ. בלו לייבל ארוך פאקט,פיליפ מוריס בעמ,,ל.מ בלו 100 PP קרטוש,Unknown,0.00,Unknown,false,1,315.00,315.00,true,1,
7290115190335,false,ל.מ.בלו לייבל ארוך בוקס חפיסה,פיליפ מוריס בעמ,,ל.מ.בלו לייבל ארוך ב,Unknown,0.00,Unknown,false,1,31.90,31.90,true,1,
7290115190359,false,אל.אמ בלו לייבל קצר חפיסה) (20,פיליפ מוריס בעמ,,L&M בלו לייבל קצר-חפ,Unknown,0.00,Unknown,false,1,31.90,31.90,true,1,
7290115190373,false,סיגריות ל.מ. קפסולהP,פיליפ מוריס בעמ,,ל.מ.פורוורד חפיסה,Unknown,0.00,Unknown,false,1,31.90,31.90,true,1,
7290115190434,false,סיגריות L.M וייב סלימס בודד,פיליפ מוריס בעמ,,ל.מ וייב PP חפיסה,Unknown,0.00,Unknown,false,1,31.90,31.90,true,1,
7290115190458,false,סיגריות נקסט פיין אדג' בודד,פיליפ מוריס בעמ,,נקסט ארג חפיסה,Unknown,0.00,Unknown,false,1,24.90,24.90,true,1,
7290115190496,false,סיגריות נקסט ארוך בודד,פיליפ מוריס בעמ,,נקסט פיין 100 חפיסה,Unknown,0.00,Unknown,false,1,29.90,29.90,true,1,
7290115190519,false,סיגריות נקסט פיין חפ,פיליפ מוריס בעמ,,נקסט חפיסה,Unknown,0.00,Unknown,false,1,29.90,29.90,true,1,
7290115190595,false,סיגריות נקסט אוריגינ,פיליפ מוריס בעמ,,נקסט FF חפיסה,Unknown,0.00,Unknown,false,1,29.90,29.90,true,1,
7290115190892,false,סיגריות מרלבורו פיוז'ן קפסולה בודד,פיליפ מוריס בעמ,,מרלבורו פיוזן קפסולה,Unknown,0.00,Unknown,false,1,26.90,26.90,true,1,
7290115191035,false,מרלבורו סאמר ספלאש קופסא,פיליפ מוריס בעמ,,מרלבורו סאמר ספלאש ח,יחידה,1.00,יחידה,false,1,28.90,28.90,true,1,
7290115200003,false,אסם פתי בר פינוקי וניל 16*220 ג',קבוצת אוסם סחר שותפות מוגבלת,,אסם פתי בר פינוקי ונ,גרמים,220.00,100 גרם,false,1,10.90,4.95,true,1,
7290115200027,false,אסם פתי בר פינוקים שוקו 220 גרם,קבוצת אוסם סחר שותפות מוגבלת,,אסם פתי בר פינוקי שו,גרמים,220.00,100 גרם,false,1,10.90,4.95,true,1,
7290115200676,false,עוגיות קרמוגית במילוי קרם בטעם קרמל מלוח,קבוצת אוסם סחר שותפות מוגבלת,,קרמוגית קרמל מלוח 20,גרמים,200.00,100 גרם,false,1,11.40,5.70,true,1,
7290115200881,false,בייגלה אסם שטוחים שומשום במליחות מעודנת 300 גר,קבוצת אוסם סחר שותפות מוגבלת,IL,בייגלה שטוחים שומשום,גרמים,300.00,100 גרם,false,1,10.90,3.63,true,1,
7290115201031,false,פתי בר פינוקי דובי שוקולד 175גר.,קבוצת אוסם סחר שותפות מוגבלת,,אסם פתיבר דובי שוקול,גרמים,175.00,100 גרם,false,1,10.90,6.23,true,1,
7290115201451,false,לביבות בטטה וקארי 455 גר` טבעול גורמה,קבוצת אוסם סחר שותפות מוגבלת,IL,טבעול גורמה לביבות ב,גרמים,455.00,100 גרם,false,1,34.90,7.67,true,1,
7290115201475,false,טבעול גורמה לביבות כרישה 434 גרם,קבוצת אוסם סחר-שות.מוגבלת,IL,טבעול גורמה לביבות כ,גרמים,434.00,100 גרם,false,1,34.90,8.04,true,1,
7290115201536,false,"טבעול גורמה לביבות כרובית ותפו""א 442 גרם",קבוצת אוסם סחר שותפות מוגבלת,IL,טבעול גורמה לביבות כ,גרמים,442.00,100 גרם,false,1,34.90,7.90,true,1,
7290115201680,false,ביסלי חטיף בטעם ברביקין אסם (70 גרם),קבוצת אוסם סחר שותפות מוגבלת,IL,ביסלי ברביקיו 70 גרם,גרמים,70.00,100 גרם,false,1,4.40,6.29,true,1,
7290115201727,false,ביסלי חטיף בטעם בצל אסם (200 גרם),קבוצת אוסם סחר-שות.מוגבלת,IL,ביסלי בצל 200 גרם,גרמים,200.00,100 גרם,false,1,7.50,3.75,true,1,
7290115202212,false,טבעול גורמה לביבות סלק 434 גרם,קבוצת אוסם סחר-שות.מוגבלת,IL,טבעול גורמה לביבות ס,גרמים,434.00,100 גרם,false,1,34.90,8.04,true,1,
7290115202236,false,טופו קראנצי`ם 470 גרם טבעול,קבוצת אוסם סחר שותפות מוגבלת,IL,טופו קראנצ טבעול 470,גרמים,470.00,100 גרם,false,1,36.50,7.77,true,1,
7290115202786,false,מנה חמה פאוצ' נדלס.אטר.טעם בקר 70 גרם,קבוצת אוסם סחר שותפות מוגבלת,,מנה חמה פאוצ נדלס.אט,גרמים,70.00,100 גרם,false,1,5.20,7.43,true,1,
7290115202816,false,מנה חמה פאוץ נודלס אטריות טעם עוף 70 גרם,קבוצת אוסם סחר שותפות מוגבלת,,מנה חמה פאוצ נדלס.אט,גרמים,70.00,100 גרם,false,1,5.20,7.43,true,1,
7290115202847,false,מנה חמה פאוצ' נדלס ספייסי אסם 70 ג',קבוצת אוסם סחר שותפות מוגבלת,,מנה חמה פאוצ נודלס ס,גרמים,70.00,100 גרם,false,1,5.20,7.43,true,1,
7290115202939,false,מנה חמה רייס נודלס עוף פטריות אסם 50 גרם,קבוצת אוסם סחר שותפות מוגבלת,,מנה חמה רייס נודלס ע,גרמים,50.00,100 גרם,false,1,9.40,18.80,true,1,
7290115202953,false,אוסם - מנה חמה רייס נודלס קארי צהוב 55 גרם,קבוצת אוסם סחר-שות.מוגבלת,,מנה חמה רייס נודלס ק,גרמים,55.00,100 גרם,false,1,9.40,17.09,true,1,
7290115203172,false,במבה PRO מכיל 18 גרם חלבון בשקית,קבוצת אוסם סחר שותפות מוגבלת,,במבה פרו 80 גרם,גרמים,80.00,100 גרם,false,1,4.30,5.38,true,1,
7290115203295,false,פרפקטו פסטה ריציאולי מהדורה 12*500גרם,קבוצת אוסם סחר-שות.מוגבלת,,פרפקטו פסטה ריציאולי,גרמים,500.00,100 גרם,false,1,12.90,2.58,true,1,
7290115203486,false,פירורית בטעם ביסלי גריל אסם 200 גרם,קבוצת אוסם סחר שותפות מוגבלת,,אסם פירורית בטעם ביס,גרמים,200.00,100 גרם,false,1,6.40,3.20,true,1,
7290115203806,false,"רוטב בסיס לבישול אסם 290 מ""ל",קבוצת אוסם סחר שותפות מוגבלת,,"אסם רוטב בסיס 290 מ""",מיליליטרים,290.00,"100 מ""ל",false,1,16.70,5.76,true,1,
7290115204056,false,"קטשופ מופחת סוכר אסם 690 גרם כשל""פ",קבוצת אוסם סחר שותפות מוגבלת,IL,קטשופ אסם מופחת סוכר,גרמים,690.00,100 גרם,false,1,10.90,1.58,true,1,
7290115204186,false,פסטו המעדינה של צבר,קבוצת אוסם סחר שותפות מוגבלת,,צבר פסטו 190 גרם,יחידה,1.00,יחידה,false,1,19.80,19.80,true,1,
7290115204261,false,אריסה חריפה המעדנייה,קבוצת אוסם סחר שותפות מוגבלת,,צבר אריסה 190 גרם,יחידה,1.00,יחידה,false,1,12.90,12.90,true,1,
7290115204957,false,קרקר לחמית איטלקית אסם (190 גרם),קבוצת אוסם סחר-שות.מוגבלת,IL,לחמית איטלקית 160 גר,גרמים,160.00,100 גרם,false,1,9.90,6.19,true,1,
7290115205121,false,פיטנס בר פריכיות יוגורט תות 84 גרם.,קבוצת אוסם סחר-שות.מוגבלת,,פיטנס בר פריכיות יוג,גרמים,84.00,100 גרם,false,1,12.90,15.36,true,1,
7290115205176,false,729001032825פיטנס חטיפי קרקר כפרי 140גר.,קבוצת אוסם סחר שותפות מוגבלת,IL,פיטנס קרקר כפרי 140,גרמים,140.00,100 גרם,false,1,11.90,8.50,true,1,
7290115205251,false,פיטנס בר פירכיות קרמל מלוח 84 גרם,קבוצת אוסם סחר שותפות מוגבלת,,פיטנס בר פריכיות קרמ,גרמים,84.00,100 גרם,false,1,12.90,15.36,true,1,
7290115205312,false,קרקר פיטנס דק עם זיתי קלמטה ועשבי תיבול,קבוצת אוסם סחר שותפות מוגבלת,IL,פיטנס קרקר זיתים 140,גרמים,140.00,100 גרם,false,1,11.90,8.50,true,1,
7290115205527,false,חטיף מולטיגריין עם עדשים ( 25 גר`) פיטנס,קבוצת אוסם סחר שותפות מוגבלת,,פיטנס חטיף מולטגריין,גרמים,25.00,100 גרם,false,1,4.90,19.60,true,1,
7290115205541,false,חטיף מולטיגריין עם חומוס ( 25 גר`) פיטנס,קבוצת אוסם סחר שותפות מוגבלת,,פיטנס חטיף מולטיגריי,גרמים,25.00,100 גרם,false,1,4.90,19.60,true,1,
7290115205718,false,אסם בונזור בצק מצונן עלים 230 גרם,קבוצת אוסם סחר-שות.מוגבלת,IL,אסם בונזור בצק מצונן,גרמים,0.00,100 גרם,false,1,15.60,15.60,true,1,
7290115205978,false,פתיבר ואצבעות שוקולד 180 גרם - רבנות,קבוצת אוסם סחר שותפות מוגבלת,IL,אסם פתי בר אצבעות שו,גרמים,180.00,100 גרם,false,1,10.90,6.06,true,1,
7290115206135,false,טבעול גורמה ארוחת קינואה 450 גרם,קבוצת אוסם סחר שותפות מוגבלת,IL,טבעול גורמה ארוחת קי,גרמים,450.00,100 גרם,false,1,34.90,7.76,true,1,
7290115206333,false,אסם עוגיות מיני שוקוצ'יפס 225גרם חדש,קבוצת אוסם סחר-שות.מוגבלת,,אסם עוגיות מיני שוקו,גרמים,225.00,100 גרם,false,1,10.90,4.84,true,1,
7290115207163,false,פרפקטו ניוקי בזיליקום ושום אסם 500 גרם,קבוצת אוסם סחר-שות.מוגבלת,,פרפקטו ניוקי בזיליקו,גרמים,500.00,100 גרם,false,1,16.50,3.30,true,1,
7290115207484,false,צבר סלט חציל על האש היתר 360 גרם,קבוצת אוסם סחר שותפות מוגבלת,,צבר סלט חציל על האש,גרמים,360.00,100 גרם,false,1,18.30,5.08,true,1,
7290115207620,false,"אסם רוטב בסגנון סויה קלאסי 290 מ""ל",קבוצת אוסם סחר שותפות מוגבלת,,אסם רוטב בסגנון סויה,מיליליטרים,290.00,"100 מ""ל",false,1,16.70,5.76,true,1,
7290115207668,false,אסם רוטב בסגנון סויה סיני 600מל חדש,קבוצת אוסם סחר-שות.מוגבלת,,אסם רוטב בסגנון סויה,מיליליטרים,600.00,"100 מ""ל",false,1,21.90,3.65,true,1,
7290115207811,false,"טבעול נקניקיות טבעוניות, 418 גרם",קבוצת אוסם סחר שותפות מוגבלת,,טבעול נקניקיות טבעונ,גרמים,418.00,100 גרם,false,1,36.50,8.73,true,1,
7290115207941,false,ויטמינצ'יק אננס סירופ 1 ליטר,קבוצת אוסם סחר שותפות מוגבלת,,סירופ ויטמינציק אננס,מיליליטרים,1000.00,"100 מ""ל",false,1,21.90,2.19,true,1,
7290115207965,false,ויטמינצ'יק תרכיז מנגו אפרסק 1 ליטר,קבוצת אוסם סחר שותפות מוגבלת,,סירופ ויטמינציק מנגו,מיליליטרים,1000.00,"100 מ""ל",false,1,21.90,2.19,true,1,
7290115207989,false,ויטמינצ'יק תרכיז לימון 1 ליטר,קבוצת אוסם סחר שותפות מוגבלת,,סירופ ויטמינציק לימו,מיליליטרים,1000.00,"100 מ""ל",false,1,21.90,2.19,true,1,
7290115208009,false,ויטמינצ'יק ענבים סירופ 1 ליטר,קבוצת אוסם סחר שותפות מוגבלת,,סירופ ויטמינציק ענבי,מיליליטרים,1000.00,"100 מ""ל",false,1,21.90,2.19,true,1,
7290115208047,false,סירופ פטל ויטמינצ`יק (1 ליטר),קבוצת אוסם סחר שותפות מוגבלת,,סירופ ויטמינציק פטל,מיליליטרים,1000.00,"100 מ""ל",false,1,21.90,2.19,true,1,
7290115208061,false,ויטמינצ'יק תפוח סירופ 1 ליטר,קבוצת אוסם סחר שותפות מוגבלת,,סירופ ויטמינציק תפוח,מיליליטרים,1000.00,"100 מ""ל",false,1,21.90,2.19,true,1,
7290115208320,false,אפרופו חטיף בטעם ביסלי בצל 50 גרם,קבוצת אוסם סחר שותפות מוגבלת,,אפרופו בטעם ביסלי בצ,גרמים,50.00,100 גרם,false,1,5.00,10.00,true,1,
7290115208344,false,שטוחים בייגלה כפיות שמנת בצל 300גר,קבוצת אוסם סחר שותפות מוגבלת,,אסם בייגלה כפיות שמנ,גרמים,300.00,100 גרם,false,1,10.90,3.63,true,1,
7290115208566,false,קרמוגית במילוי קרם בייגלה 200 גרם אסם,קבוצת אוסם סחר-שות.מוגבלת,,אסם קרמוגית מיניס קר,גרמים,200.00,100 גרם,false,1,11.40,5.70,true,1,
7290115208597,false,אסם קרמוגית מיניס קרמל מלוח 200 גרם,קבוצת אוסם סחר שותפות מוגבלת,,אסם קרמוגית מיניס קר,גרמים,200.00,100 גרם,false,1,11.40,5.70,true,1,
7290115208801,false,קרקר לחמית דבש ואגוזים אסם (190 גרם),קבוצת אוסם סחר שותפות מוגבלת,,לחמית דבש ואגוזים 19,גרמים,190.00,100 גרם,false,1,9.90,5.21,true,1,
7290115209198,false,במבה אוורירית אסם 80 גרם,קבוצת אוסם סחר שותפות מוגבלת,,במבה אורירית 80 גרם,גרמים,80.00,100 גרם,false,1,4.30,5.38,true,1,
7290115209235,false,ביסקוויט פתי בר קפה אסם (500 גרם),קבוצת אוסם סחר שותפות מוגבלת,,אסם פתי בר קפה 500 ג,גרמים,500.00,100 גרם,false,1,13.90,2.78,true,1,
7290115209358,false,במבה במילוי בראוניז אסם (60 גרם),קבוצת אוסם סחר שותפות מוגבלת,,במבה במילוי בראוניז,גרמים,60.00,100 גרם,false,1,4.30,7.17,true,1,
7290115209372,false,במבה במילוי בראוניז 150 גרם אוסם,קבוצת אוסם סחר שותפות מוגבלת,,במבה במילוי בראוניז,גרמים,150.00,100 גרם,false,1,10.90,7.27,true,1,
7290115250503,false,קרקר כוסמין שום ועשבי תיבול שקית 225 גרם,"מאפיית פת במלח בע""מ",IL,קרקר כוסמין שום ועשב,גרמים,225.00,100 גרם,false,1,26.50,11.78,true,1,
7290115250527,false,קרקר חומוס פתפותים 2,"מאפיית פת במלח בע""מ",IL,קרקר חומוס 225 גרם,גרמים,225.00,100 גרם,false,1,26.50,11.78,true,1,
7290115252330,false,וירו - מנת קינואה - בסגנון ספרדי עם ירוקת קלויים 340+130 מל',,,וירו מנת קינואה ספרד,גרמים,470.00,100 גרם,false,1,15.90,3.38,true,1,
7290115252354,false,וירו - מנת קינואה - בסגנון ים תיכוני - זוקיני ובצל 340+130 מל',,,וירו מנת קינואה ים ת,גרמים,470.00,100 גרם,false,1,15.90,3.38,true,1,
7290115252378,false,וירו - מנת קינואה - בסגנון אקזוטי - עגבניות מנגו ולבבות דקל 340+130 מל',,,וירו מנת קינואה אקזו,גרמים,470.00,100 גרם,false,1,15.90,3.38,true,1,
7290115405088,false,קינוח אישי קדאיף קפולסקי 200 גרם,קפולסקי אדל בעמ,IL,קינוח אישי קדאיף קפו,גרמים,200.00,100 גרם,false,1,15.90,7.95,true,1,
7290115405118,false,קינוח אישי גבינה תענוג תות קפולסקי 200 ג,תופינים מקבוצת קפולסקי,IL,קינוח אישי גבינה תענ,גרמים,200.00,100 גרם,false,1,15.90,7.95,true,1,
7290115405781,false,פחזניות ממולאות בטעם שוקולד קפולסקי 180 גרם,תופינים מקבוצת קפולס,IL,פחזניות ממולאות בטעם,גרמים,180.00,100 גרם,false,1,15.90,8.83,true,1,
7290115405804,false,פחזניות ממולאות בטעם תות קפולסקי 180 גרם,קפולסקי אדל בעמ,IL,פחזניות ממולאות בטעם,גרמים,180.00,100 גרם,false,1,15.90,8.83,true,1,
7290115405828,false,קינוח אישי גבינה אוכמניות קפולסקי 200 גרם,תופינים מקבוצת קפולסקי,IL,קינוח אישי גבינה אוכ,גרמים,200.00,100 גרם,false,1,15.90,7.95,true,1,
7290115670677,false,אנרג`י גרנולה פירות טרופיים 400 גרם,שטראוס גרופ בע`מ,CZ,גרנולה פירות טרופיים,גרמים,400.00,100 גרם,false,1,15.90,3.98,true,1,
7290115670684,false,גרנולה שיבולת שועל עם אגוזי לוז,אנרג'י Energy - שטראוס,CZ,גרנולה אגוזים אנרגי,גרמים,400.00,100 גרם,false,1,15.90,3.98,true,1,
7290115670691,false,גרנולה שיבולת שועל עם פירות יער,אמקו ספול אס. אר.או,CZ,גרנולה פירות יער אנר,גרמים,400.00,100 גרם,false,1,15.90,3.98,true,1,
7290115670707,false,גרנולה שיבולת שועל עם שוקולד ואגוזי לוז,אנרג'י Energy - שטראוס,CZ,גרנולה שוקולד ואגוזי,גרמים,400.00,100 גרם,false,1,15.90,3.98,true,1,
7290115671155,false,שלישיית סוכריות מאסט FRESH ענבים 45 גרם,"שטראוס גרופ בע""מ",,שלישיית סוכריות ענבי,גרמים,45.00,100 גרם,false,1,9.50,21.11,true,1,
7290115671223,false,מסטיק מאסט פאן אבטיח מנגו צנצנת 58 גרם,שטראוס גרופ בע`מ,,מאסט פאן אבטיח מנגו,גרמים,58.00,100 גרם,false,1,9.90,17.07,true,1,
7290115671339,false,מיני פינוקיות בראוניז בייגל בוטן עלית 180 ג' עלית,"הגביע מוצרי ופלים בע""\מ",IL,מיני פינוקיות בראוני,גרמים,180.00,100 גרם,false,1,12.50,6.94,true,1,
7290115671346,false,מיני פינוקיות טופי קרמל מלוח עלית 180 גרם,"הגביע מוצרי ופלים בע""\מ",IL,מיני פינוקיות טופי ק,גרמים,180.00,100 גרם,false,1,12.50,6.94,true,1,
7290115671353,false,מיני פינוקיות עוגיות קקאו במילוי קרם בטעם וניל,"הגביע מוצרי ופלים בע""\מ",,מיני פינוקיות שחור ל,גרמים,180.00,100 גרם,false,1,12.50,6.94,true,1,
7290115671421,false,פולי אספרסו עשירים וארומטיים עוצמה 10 עלית 250 גרם,שטראוס קפה בי. וי.,,פולי אספרסו עשירים ו,גרמים,250.00,100 גרם,false,1,24.90,9.96,true,1,
7290115675559,false,מארז קפה טורקי לדרך 10 יחידות,שטראוס קפה בי.וי.,,מארז טורקי לדרך 70 ג,גרמים,70.00,100 גרם,false,1,9.40,13.43,true,1,
7290115675696,false,דגני בוקר קראנצ'ים שיבולת שועל עם אגוזים ושקדים,שטראוס פריטו ליי בע`מ,,קוואקר אגוזים 375 ג,גרמים,375.00,100 גרם,false,1,17.90,4.77,true,1,
7290115675702,false,דגני בוקר קראנצ'ים שיבולת שועל עם פירות מיובשים,שטראוס פריטו ליי בע`מ,,קוואקר פירות 375 גר,גרמים,375.00,100 גרם,false,1,17.90,4.77,true,1,
7290115675719,false,דגני בוקר קראנצ'ים שיבולת שועל וחתיכות שוקולד מריר,"שטראוס פריטו ליי בע""מ",,קוואקר שוקולד 375 גר,גרמים,375.00,100 גרם,false,1,17.90,4.77,true,1,
7290115675986,false,דנונה יוגורט בר עם אגוזים מקורמלים 173 גרם,שטראוס גרופ בעמ/מצונן,,דנונה בר אגוזים מקור,גרמים,180.00,100 גרם,false,1,4.60,2.56,true,1,
7290115676037,false,דנונה ריפרש יוגורט עם תות ודומדמניות 1.6% שומן,שטראוס גרופ בעמ/מצונן,IL,דנונה ריפרש תות דומד,מיליליטרים,250.00,"100 מ""ל",false,1,6.50,2.60,true,1,
7290115676051,false,"משקה אקטיביה שיבולת שועל במתיקות מעודנת 250 מ""ל",שטראוס גרופ בעמ/מצונן,IL,משקה אקטיביה ש. שועל,גרמים,265.00,100 גרם,false,1,6.00,2.26,true,1,
7290115676082,false,משקה דנונה פרו 20 יוגורט תות 255 ג' רבנות,שטראוס גרופ בעמ/מצונן,IL,משקה דנונה פרו 20 תו,מיליליטרים,265.00,"100 מ""ל",false,1,7.90,2.98,true,1,
7290115676273,false,אבקת קקאו עלית 500 גרם+ 10% תוספת,שטראוס קפה בי.וי.,IL,קקאו 500 גרם +10% 55,גרמים,550.00,100 גרם,false,1,23.90,4.35,true,1,
7290115677089,false,קונפיטורת יד מרדכי תפוח וקינמון 340 גרם,שטראוס גרופ בע`מ,,קונפיטורת יד מרדכי ת,גרמים,340.00,100 גרם,false,1,15.60,4.59,true,1,
7290115677362,false,"נודלס טריאקי ""דלישס"" שטראוס",קפוא-זן תעשיות מזון בעמ - תפוג,IT,נודלס טריאקי דלישס 3,גרמים,350.00,100 גרם,false,1,28.50,8.14,true,1,
7290115677409,false,אורז קארי צהוב עם ירקות ברוטב קארי וקרם קוקוס,קפוא זן תעשיות מזון בעמ,IT,אורז קארי צהוב דלישס,גרמים,350.00,100 גרם,false,1,28.50,8.14,true,1,
7290115677423,false,אורז ירוק קארי חריף חריף דלישס 350 גרם,קפוא-זן תעשיות מזון בעמ - תפוג,IT,אורז ירוק קארי חריף,גרמים,350.00,100 גרם,false,1,28.50,8.14,true,1,
7290115678222,false,מארז 8 גביעים יוגורט Greek בסגנון יווני 6.5% שומן,שטראוס גרופ בעמ/מצונן,,מארז שמיניית דנונה י,גרמים,1000.00,100 גרם,false,1,25.90,2.59,true,1,
7290115678376,false,מעדן הגולן שוקולד 125 גרם,שטראוס גרופ בעמ/מצונן,,מעדן הגולן שוקולד,גרמים,125.00,100 גרם,false,1,3.30,2.64,true,1,
7290115678383,false,מעדן הגולן שוקולד מריר בודד 125גר,שטראוס גרופ בעמ/מצונן,,מעדן הגולן שוקולד,גרמים,125.00,100 גרם,false,1,3.30,2.64,true,1,
7290115678635,false,נשנושי גבינה -גבינת שמנת 16%+כעכים שטוחים עם מלח,שטראוס גרופ בעמ/מצונן,,נשנושי גבינה 25% עם,גרמים,67.00,100 גרם,false,1,11.90,17.76,true,1,
7290115678642,false,נשנושי גבינה 16% עם חטיף אפוי עם זיתים 67 ג' שטראוס,שטראוס גרופ בעמ/מצונן,,נשנושי גבינה 25% חטי,גרמים,67.00,100 גרם,false,1,11.90,17.76,true,1,
7290115679915,false,פיצה מבצק עם דלעת עם רוטב עגבניות ומוצרלה,קפוא זן תעשיות מזון בעמ,IT,פיצה מבצק עם דלעת דל,גרמים,320.00,100 גרם,false,1,27.90,8.72,true,1,
7290116240053,false,שקית 10 מקרון ירוק ת,,CN,שקית 10 מקרון ירוק ת,Unknown,1.00,Unknown,false,20,4.90,4.90,true,1,
7290116242415,false,מיני פופ סוכריה על מקל עם כדור 8גר מפרץ הרפתקאות,Unknown,CN,מפרץ הרפתקאות פופ סו,יחידה,1.00,יחידה,false,1,11.90,11.90,true,1,
7290116243986,false,אצבעות שוקולד ממולא בקרם חלב עם מדבקות 50 גרם - ברבי,שמחה זה אנחנו בעמ,UA,אצבעות שוקולד ממולא,Unknown,1.00,Unknown,false,1,4.90,4.90,true,1,
7290116244068,false,אצבעות שוקולד חלב 84 גר'-כוח פי גיי,שמחה זה אנחנו בע`מ,NL,כוח פי גי אצבעות שו,יחידה,1.00,יחידה,false,1,7.90,7.90,true,1,
7290116244075,false,סמי הכבאי אצבעות שוקולד חלב 84 גרם,שמחה זה אנחנו בע`מ,NL,סמי הכבאי אצבעות שוק,יחידה,1.00,יחידה,false,1,7.90,7.90,true,1,
7290116244082,false,מפרץ הרפתקאות אצבעות שוקולד חלב 84 גרם,שמחה זה אנחנו בע`מ,NL,מפרץ הרפתקאות אצבעות,יחידה,1.00,יחידה,false,1,7.90,7.90,true,1,
7290116244105,false,זוג אצבעות שוקולד חלב 28 גרם - חד קרן,שמחה זה אנחנו,NL,חד קרן אצבעות שוקולד,Unknown,0.00,Unknown,false,1,3.50,3.50,true,1,
7290116244112,false,זוג אצבעות שוקולד חלב 28 גרם - LOL,שמחה זה אנחנו,NL,LOL אצבעות שוקולד חל,Unknown,0.00,Unknown,false,1,3.50,3.50,true,1,
7290116244129,false,זוג אצבעות שוקולד חלב 28 גרם - מיניונים,שמחה זה אנחנו,NL,מיניונים אצבעות שוקו,Unknown,0.00,Unknown,false,1,3.50,3.50,true,1,
7290116244136,false,מפרץ הרפתקאות אצבעות שוקולד חלב 28 גרם,,NL,מפרץ הרפתקאות אצבעות,Unknown,0.00,Unknown,false,1,3.50,3.50,true,1,
7290116244914,false,סוכריות קישוט עכבישי,,CN,סוכריות קישוט עכבישי,Unknown,1.00,Unknown,false,1,28.90,28.90,true,1,
7290116244952,false,סוכריות קישוט חד קרן,,CN,סוכריות קישוט חד קרן,Unknown,1.00,Unknown,false,1,10.90,10.90,true,1,
7290116244990,false,סוכריות קישוט ורוד ל,,CN,סוכריות קישוט ורוד ל,Unknown,1.00,Unknown,false,1,10.90,10.90,true,1,
7290116245010,false,סוכריות קישוט כוכב ז,,CN,סוכריות קישוט כוכב ז,Unknown,1.00,Unknown,false,1,10.90,10.90,true,1,
7290116247045,false,LOLשוקולד חלב על מקל 30 גרם כוח פי גיי,שמחה זה אנחנו בעמ,TR,LOLשוקולד חלב על מקל,יחידה,1.00,יחידה,false,1,5.90,5.90,true,1,
7290116247069,false,שוקולד חלב על מקל 30 גרם כוח פי גיי,שמחה זה אנחנו,TR,שוקולד חלב על מקל 30,יחידה,1.00,יחידה,false,1,5.90,5.90,true,1,
7290116247083,false,שוקולד חלב על מקל 30 גרם מפרץ הרפתקאות,שמחה זה אנחנו,TR,שוקולד חלב על מקל 30,יחידה,1.00,יחידה,false,1,5.90,5.90,true,1,
7290116530062,false,רוטב ויניגרט לסלט הלמנס 295 גרם,יוניליוור ישראל שיווק בע`מ,,הלמנס רוטב ויניגרט ל,גרמים,295.00,100 גרם,false,1,14.60,4.95,true,1,
7290116530109,false,חטיף קליק נוגט ציפוי שוקולד לבן 35 גרם,"יוניליוור ישראל שיווק בע""מ",,חטיף קליק נוגט ציפוי,גרמים,35.00,100 גרם,false,1,5.70,16.29,true,1,
7290116530116,false,קליק שלישיית ברים שוקולד נוגט לבן 105 גרם,"יוניליוור ישראל שיווק בע""מ",,חטיף שוקולד נוגט שוק,גרמים,105.00,100 גרם,false,1,14.90,14.19,true,1,
7290116530161,false,"תחליב רחצה בניחוח שייק אננס, מלון וחלב שיבולת שועל",יוניליוור ישראל שיווק בע`מ,,תחליב רחצה פינוק אנס,מיליליטרים,700.00,"100 מ""ל",false,1,15.60,2.23,true,1,
7290116530185,false,"קורנפלקס דלישקד קרמל מלוח 400 גרם בד""ץ",יוניליוור ישראל שיווק בע`מ,,דלישקד קרמל מלוח 400,גרמים,400.00,100 גרם,false,1,20.90,5.23,true,1,
7290116530222,false,דאודרנט סטיק לגבר אנרכי 76 ג' אקס,יוניליוור ישראל שיווק בעמ,US,דאו סטיק לגבר אנרכי,גרמים,77.00,100 גרם,false,1,19.90,25.84,true,1,
7290116530239,false,אקס דאו סטיק לגבר בלאק 7 גרם,יוניליוור ישראל שיווק בע`מ,US,דאו סטיק לגבר בלאק,גרמים,77.00,100 גרם,false,1,19.90,25.84,true,1,
7290116530871,false,נשנושים מיקס בייגל בייגל 240 גרם,יוניליוור ישראל שיווק בע`מ,,נשנושים חטיף מיקס 24,גרמים,240.00,100 גרם,false,1,12.70,5.29,true,1,
7290116531069,false,קנור מרק בצל 100% רכיבים טבעיים 225 גרם,יוניליוור ישראל שיווק בע`מ,IL,מרק בצל קנור 225 גרם,גרמים,225.00,100 גרם,false,1,19.80,8.80,true,1,
7290116531076,false,מרק פטריות רכיבים טבעיים קטן 225 ג' קנור,יוניליוור ישראל שיווק בע`מ,IL,מרק פטריות קנור 225,גרמים,225.00,100 גרם,false,1,19.80,8.80,true,1,
7290116531083,false,"ברנפלקס ללא ת.סוכר בטעם דבש בתוספת שקדים, 400 גרם",יוניליוור ישראל שיווק בע`מ,IL,דגני ברנפלקס דבש ושק,גרמים,400.00,100 גרם,false,1,20.90,5.23,true,1,
7290116531243,false,"שמפו ומרכך 2ב-1 למניעת קשקשים 700 מ""ל פינוק","יוניליוור ישראל שיווק בע""מ",,שמפו+מרכך פינוק למני,מיליליטרים,700.00,"100 מ""ל",false,1,14.30,2.04,true,1,
7290116531496,false,קינמונים דגנים פריכים מצופים קינמון 375,"יוניליוור ישראל שיווק בע""מ",,קינמונים 375 גרם,גרמים,375.00,100 גרם,false,1,18.90,5.04,true,1,
7290116531557,false,"פריכיות פתית תירס עם מלח 150 גרם כשל""פ",יוניליוור ישראל שיווק בע`מ,PL,מאגדת פתית פריכיות ת,גרמים,150.00,100 גרם,false,1,13.90,9.27,true,1,
7290116531564,false,מאגדת פתית פריכיות תירס דקות עם קינואה ובזיליקום 150 ג',יוניליוור ישראל שיווק בע`מ,PL,מאגדת פתית פריכיות ק,גרמים,150.00,100 גרם,false,1,13.90,9.27,true,1,
7290116531571,false,סיף מטליות לחות לניקוי כללי 99.9% בניחוח,"יוניליוור ישראלשיווק בע""מ",,מט.לחות לניקוי כללי,Unknown,0.00,Unknown,false,1,10.90,10.90,true,1,
7290116531588,false,מגבונים סיף לניקוי בניחוח מרכך כביסה 50 יח',"יוניליוור ישראלשיווק בע""מ",IL,מט.לחות סיף לנ.כללי,Unknown,0.00,Unknown,false,1,10.90,10.90,true,1,
7290116531595,false,מגבונים סיף לניקוי בניחוח מאסק 50 יח',"יוניליוור ישראלשיווק בע""מ",IL,מט.לחות סיף לנ.כללי,Unknown,0.00,Unknown,false,1,10.90,10.90,true,1,
7290116531649,false,פינוק שמפו ניחוח תפוח 700 מל{מהדורה מוגב,"יוניליוור ישראל שיווק בע""מ",,שמפו פינוק בניחוח תפ,מיליליטרים,700.00,"100 מ""ל",false,1,11.90,1.70,true,1,
7290116531656,false,מרכך פינוק לשיער בניחוח תפוח 700 גרם,"יוניליוור ישראל שיווק בע""מ",,מרכך פינוק בניחוח תפ,מיליליטרים,700.00,"100 מ""ל",false,1,11.90,1.70,true,1,
7290116531762,false,דפים ריחניים למייבש כביסה בדין ורוד 40 יחידות,יוניליוור ישראל שיווק בע`מ,,בדין נייר למייבש ורו,Unknown,0.00,Unknown,false,1,18.30,18.30,true,1,
7290116531779,false,דפים ריחניים למייבש כביסה בדין כחול 40 יחידות,"יוניליוור ישראל שיווק בע""מ",,בדין נייר מרכך למיי,Unknown,0.00,Unknown,false,1,18.30,18.30,true,1,
7290116531793,false,הלמנ'ס רוטב לסלט קיסר 295 גרם,"יוניליוור ישראל שיווק בע""מ",IL,הלמנס רוטב לסלט קיסר,גרמים,295.00,100 גרם,false,1,14.60,4.95,true,1,
7290116531885,false,"מיונז הלמנס טיבעוני בד""ץ 500 גר",יוניליוור ישראל שיווק בע`מ,IL,מיונז טבעוני הלמנס 5,גרמים,500.00,100 גרם,false,1,15.50,3.10,true,1,
7290116531939,false,גלידה בשומן צמחי בטעם תות שדה בציפוי מכיל שוקולד,"גלידת שטראוס בע""\מ, רח'",IL,גלידונית בטעם תות 95,גרמים,955.00,100 גרם,false,1,44.90,4.70,true,1,
7290116531977,false,אקס דאודורנט בודי ספריי סקייטבורד וורדים,יוניליוור ישראל שיווק בע`מ,,דאו אקס ספריי סקייט,מיליליטרים,150.00,"100 מ""ל",false,1,20.90,13.93,true,1,
7290116532219,false,קורנפלקס תות תלמה אלופים 448 גרם,"יוניליוור ישראל שיווק בע""מ",,קורנפלקס בטעם תות 44,גרמים,448.00,100 גרם,false,1,18.70,4.17,true,1,
7290116532240,false,קליק טבלה שוקולד חלב פצפוצי דגנים ועוגי 85 גרם רבנות,"יוניליוור ישראל שיווק בע""מ",,XL קליק שוקולד חלב ע,גרמים,85.00,100 גרם,false,1,7.60,8.94,true,1,
7290116532264,false,גודיז פרי אפרסק – שלגון מופחת קלוריות עם יוגורט בציפוי בטעם אפרסק,"גלידת שטראוס בע""\מ, רחוב",IL,גודיז פרי אפרסק 300,גרמים,300.00,100 גרם,false,1,28.50,9.50,true,1,
7290116532394,false,"אל סבון ידיים נוזלי חמאת קקאו 950 מ""ל פינוק",יוניליוור ישראל שיווק בע`מ,,סבון ידיים בתוספת חמ,מיליליטרים,950.00,"100 מ""ל",false,1,12.90,1.36,true,1,
7290116532462,false,גלידת שמנת קליק בטעמי שוקולד בננה 384 ג' שטראוס,"גלידת שטראוס בע""\מ, רחוב",IL,גלידת שמנת קליק בטעם,גרמים,384.00,100 גרם,false,1,20.90,5.44,true,1,
7290116532479,false,קליק גלידת שמנת בטעמי שוקולד לבן עוגיות 384 ג' שטראוס,"גלידת שטראוס בע""\מ, רחוב",IL,גלידת שמנת קליק בטעם,גרמים,384.00,100 גרם,false,1,20.90,5.44,true,1,
7290116532585,false,דגני בוקר ברנפלקס קרנצ'ים בטעם דבש וקינמון,יוניליוור ישראל שיווק בע`מ,,ברנפלקס קרנצים דבש ו,גרמים,375.00,100 גרם,false,1,20.90,5.57,true,1,
7290116532615,false,פינוק שמפו לשיער בתוספת גוגי ברי 700 מל,"יוניליוור ישראל שיווק בע""מ",IL,שמפו פינוק גוגי ברי,מיליליטרים,700.00,"100 מ""ל",false,1,11.90,1.70,true,1,
7290116532622,false,"פינוק קונדישנר בתוספת תמצית גוג`י 700מ""ל","יוניליוור ישראל שיווק בע""מ",IL,מרכך פינוק גוגי ברי,מיליליטרים,700.00,"100 מ""ל",false,1,11.90,1.70,true,1,
7290116532721,false,רוטב הלמנס ישראלי לסלט לימון וזעתר 305 ג,יוניליוור ישראל שיווק בע`מ,,הלמנס רוטב לסלט לימו,גרמים,295.00,100 גרם,false,1,14.60,4.95,true,1,
7290116532738,false,רוטב איטלקי לסלט בזיליקום ואורגנו 305 גרם,יוניליוור ישראל שיווק בע`מ,,הלמנס רוטב איטלקי 29,גרמים,295.00,100 גרם,false,1,14.60,4.95,true,1,
7290116532769,false,גרנולה פרוטאין גרנולה חלבון תפוח וקינמון תלמה 300 גרם,יוניליוור ישראל שיווק בע`מ,,גרנולה פרוטאין ת.חלב,גרמים,300.00,100 גרם,false,1,19.80,6.60,true,1,
7290116532875,false,פינוק בייבי אל סבון לתינוקות 970 מל-משאבה,יוניליוור ישראל שיווק בע`מ,,אל סבון בייבי אל דמע,Unknown,0.00,Unknown,false,1,22.90,22.90,true,1,
7290116532882,false,נישנושים איירביס טעם בצל 155 גר`,יוניליוור ישראל שיווק בע`מ,,נשנושים איירביס בצל,גרמים,155.00,100 גרם,false,1,12.70,8.19,true,1,
7290116532899,false,נישנושים איירביס טעם פלאפל 155 גר`,"יוניליוור ישראל שיווק בע""מ",,נשנושים איירביס פלאפ,גרמים,155.00,100 גרם,false,1,12.70,8.19,true,1,
7290116532905,false,נישנושים איירביס טעם ברביקיו 155 גר`,יוניליוור ישראל שיווק בע`מ,,נשנושים איירביס ברבי,גרמים,155.00,100 גרם,false,1,12.70,8.19,true,1,
7290116533216,false,"קנור מרק תיבול ירקות 235 מ""ל",יוניליוור ישראל שיווק בע`מ,IL,מרק ירקות קנור 235 ג,גרמים,235.00,100 גרם,false,1,19.80,8.43,true,1,
7290116910901,false,מיני פופ סוכריה על מקל 5 יח' 40 גר' ברבי,שמחה זה אנחנו בעמ,CN,ברבי מיני פופ על מקל,יחידה,1.00,יחידה,false,1,11.90,11.90,true,1,
7290116911908,false,קנדי טוי כדורסל עם סוכריות דרג`ה 5גר`,שמחה זה אנחנו בעמ,TR,קנדי טוי כדורסל עם ס,Unknown,1.00,Unknown,false,1,16.90,16.90,true,1,
7290116911922,false,קנדי טוי מכונית ספור,,TR,קנדי טוי מכונית ספור,Unknown,1.00,Unknown,false,1,16.90,16.90,true,1,
7290116911960,false,קנדי טוי טנדר משטרה 8*12,VE PAZRLAMA GIDA GLOBAL,TR,קנדי טוי טנדר משטרה,Unknown,1.00,Unknown,false,1,6.90,6.90,true,1,
7290116914329,false,ממתק צעצוע דייג 8 גר',שמחה זה אנחנו,CN,ממתק צעצוע דייג 8 גר,Unknown,1.00,Unknown,false,1,12.90,12.90,true,1,
7290116914909,false,ממתק צעצוע קנדי דיספ,,CN,ממתק צעצוע קנדי דיספ,Unknown,1.00,Unknown,false,1,11.90,11.90,true,1,
7290116915043,false,ממתק צעצוע צהוב/כחול 3 ג,קסימן אינגואן,CN,ממתק צעצוע דולפין צה,Unknown,1.00,Unknown,false,1,11.90,11.90,true,1,
7290116915074,false,ממתק צעצוע קנדי גלגל הפוני הקטן,שמחה זה אנחנו,CN,ממתק צעצוע קנדי דיספ,Unknown,1.00,Unknown,false,1,11.90,11.90,true,1,
7290116930015,false,GO חטיף חלבון חטיף בוטנים קריספי 20 גרם חלבון,"בלמונט קונפקציות בע""\מ.",US,GO חטיף חלבון קרמל מ,גרמים,60.00,100 גרם,false,1,11.90,19.83,true,1,
7290116930282,false,ארוחה בקטנה לאבנה עם קרקרים 150ג' תנובה,"תנובה בע""מ ***",,ארוחה בקטנה לאבנה עם,גרמים,150.00,100 גרם,false,1,7.90,5.27,true,1,
7290116930435,false,יופלה גו במרקם סמיך עם דובדבן 0% 200מל,תנובה מרכז שיתופי לש,IL,יוגורט גו סמיך דובדב,מיליליטרים,200.00,"100 מ""ל",false,1,5.70,2.85,true,1,
7290116930459,false,"יופלה שייק מנגו בננה אננס וקוקוס 230 מ""ל",קבוצת המזון אקטשלאר,,יופלה שייק מנגו בננה,מיליליטרים,230.00,"100 מ""ל",false,1,8.50,3.70,true,1,
7290116930466,false,"משקה SHAKE בננה מנגן פסיפלורה והל 230 מ""ל יופלה",קבוצת המזון אקטשלאר,,יופלה שייק מנגו בננה,מיליליטרים,230.00,"100 מ""ל",false,1,8.50,3.70,true,1,
7290116930480,false,"משקה SHAKE בננה קיווי תפוח 230 מ""ל יופלה",קבוצת המזון אקטשלאר,,יופלה שייק בננה קיוו,מיליליטרים,230.00,"100 מ""ל",false,1,8.50,3.70,true,1,
7290116930626,false,ארוחה בקטנה ציזיקי עם קרקרים 150ג' תנובה,"תנובה בע""מ ***",,ארוחה בקטנה ציזיקי ע,גרמים,150.00,100 גרם,false,1,7.90,5.27,true,1,
7290116930701,false,מעדן חלב GO מועשר בחלבון בטעם קרמל מלוח,תנובה מרכז שיתופי לש,,מעדן חלב go בטעם קרמ,גרמים,120.00,100 גרם,false,1,5.10,4.25,true,1,
7290116930725,false,סויה BIO קוקוס גביע 150 גרם אלטרנטיב,תנובה בעמ ***,,סויה BIO קוקוס גביע,גרמים,150.00,100 גרם,false,1,4.80,3.20,true,1,
7290116930954,false,יוגורט טעם פאי תפוחים 3% 150 ג' יופלה,תנובה בעמ ***,,יופלה בטעם פאי תפוחי,גרמים,150.00,100 גרם,false,1,5.00,3.33,true,1,
7290116931081,false,מעדן סויה - טופי קרמל 125 גרם אלטרנטיב,תנובה מרכז שיתופי לש,,מעדן סויה בטעם טופי,גרמים,125.00,100 גרם,false,1,4.60,3.68,true,1,
7290116931104,false,יופלה GO במרקם סמיך עם אננס 0% תנובה 200 גרם,תנובה בעמ ***,,יוגורט גו סמיך עם אנ,מיליליטרים,200.00,"100 מ""ל",false,1,5.90,2.95,true,1,
7290117260043,false,ריבת עלי ורדים ויליפוד 380 גרם,ג.וילי-פוד אינטרנשיונל בעמ,TR,ריבת עלי ורדים 380 ג,גרמים,380.00,100 גרם,false,1,9.90,2.61,true,1,
7290117260050,false,קונפיטורה חבושים ויליפוד 380 גרם,ג. וילי-פוד אינטרנשיונל בע`מ,TR,קונפיטורה חבושים 380,גרמים,380.00,100 גרם,false,1,9.90,2.61,true,1,
7290117260098,false,חטיף גבינה לבנה בטעם וניל בציפוי שוקולד עם חלבון 120 גרם קפוא,ג.וילי-פוד אינטרנשיונל **גבינו,,חטיף גבינה לבנה בטעם,גרמים,15.00,100 גרם,false,1,14.90,99.33,true,1,
7290117260104,false,חטיף גבינה לבנה בטעם תות שדה בציפוי שוקולד עם חלבון 120 גרם קפוא,ג.וילי-פוד אינטרנשיונל **גבינו,,חטיף גבינה לבנה בטעם,גרמים,15.00,100 גרם,false,1,14.90,99.33,true,1,
7290117260111,false,חטיף גבינה לבנה בטעם קרם ברולה בציפוי שוקולד עם חלבון 120גרם קפוא,ג.וילי-פוד אינטרנשיונל **גבינו,,חטיף גבינה לבנה בטעם,גרמים,120.00,100 גרם,false,1,14.90,12.42,true,1,
7290117260234,false,"קפה טורקי אמיתי מטורקיה, שלישיה 3 * 100 גרם",ג.וילי-פוד אינטרנשיונל בעמ,,קפה טורקי אמיתי מטור,גרמים,300.00,100 גרם,false,1,14.90,4.97,true,1,
7290117260449,false,גבינה בולגרית מעודנת למריחה בטעם טבעי 5% שומן 200 ג' יורו,ג.וילי-פוד אינטרנשיונל **גבינו,,גבינה בולגרית מעודנת,גרמים,200.00,100 גרם,false,1,11.90,5.95,true,1,
7290117260456,false,גבינה בולגרית מעודנת למריחה עם זיתים 5% שומן 200 ג' יורו,ג.וילי-פוד אינטרנשיונל **גבינו,,גבינה בולגרית מעודנת,גרמים,200.00,100 גרם,false,1,11.90,5.95,true,1,
7290117260470,false,גבינה בולגרית מעודנת למריחה עם שום 5% שומן 200 ג' יורו,ג.וילי-פוד אינטרנשיונל **גבינו,,גבינה בולגרית מעודנת,גרמים,200.00,100 גרם,false,1,11.90,5.95,true,1,
7290117260562,false,חמאה כפרית מסורתית בגביע,ג.וילי-פוד אינטרנשיונל **גבינו,TR,חמאה בגביע 225 גרם,גרמים,225.00,100 גרם,false,0,16.90,7.51,true,1,
7290117260579,false,חטיף קראנצ'י על בסיס קמח עדשים בטעם שמנת חמוצה ובצל 80 ג',ג. וילי-פוד אינטרנשיונל בע`מ,,חטיף קראנצי על בסיס,גרמים,80.00,100 גרם,false,1,9.90,12.38,true,1,
7290117260586,false,חטיף קראנצ'י על בסיס קמח עדשים בטעם פלפל חלפיניו וליים 80 ג',ג. וילי-פוד אינטרנשיונל בע`מ,,חטיף קראנצי על בסיס,גרמים,80.00,100 גרם,false,1,9.90,12.38,true,1,
7290117260593,false,חטיף קראנצ'י על בסיס קמח עדשים בטעם צ'דר 80 ג',ג. וילי-פוד אינטרנשיונל בע`מ,,חטיף קראנצי על בסיס,גרמים,80.00,100 גרם,false,1,9.90,12.38,true,1,
7290117260685,false,תן בו וניל ציפויים בטעמים שונים 230 גרם,ג. וילי-פוד אינטרנשיונל בע`מ,,תן בו וניל ציפויים ב,גרמים,230.00,100 גרם,false,1,20.90,9.09,true,1,
7290117260807,false,קרמבו וניל בציפוי שוקולד לבן 300 ג' תן בו,ג.וילי פוד אינטרנשיונל בעמ,,תן בו וניל ציפוי בטע,גרמים,300.00,100 גרם,false,1,19.90,6.63,true,1,
7290117260890,false,פופקורן בציפוי בטעם קוקוס 90 גרם,ג. וילי-פוד אינטרנשיונל בע`מ,,פופקורן בציפוי בטעם,גרמים,90.00,100 גרם,false,1,8.30,9.22,true,1,
7290117260937,false,קרקרים עם עגבניות ואורגנו ללא גלוטן 125 ג' ויליפוד,ג.וילי-פוד אינטרנשיונל בעמ,,קרקרים וילי פוד ללא,גרמים,125.00,100 גרם,false,1,9.90,7.92,true,1,
7290117260968,false,ביסקוויטים ללא גלוטן 125 גרם ויליפוד,ג. וילי-פוד אינטרנשיונל בע`מ,,ביסקוויטים וילי פוד,גרמים,125.00,100 גרם,false,1,9.90,7.92,true,1,
7290117260975,false,זיתי קלמטה מגולענים במי מלח 300 גרם ויליפוד,ג. וילי-פוד אינטרנשיונל בע`מ,TR,זיתי קלמטה מגולענים,גרמים,350.00,100 גרם,false,1,8.90,2.54,true,1,
7290117260982,false,זיתים שחור מגולענים במי מלח וילי פוד300,ג.וילי פוד אינטרנשיונל בעמ,TR,זיתים שחור מגולענים,גרמים,300.00,100 גרם,false,1,8.90,2.97,true,1,
7290117261019,false,זיתים ירוקים ממולאים מחית פלפלים אדומים במי מלח 300 גרם,ג. וילי-פוד אינטרנשיונל בע`מ,TR,זיתים ירוק ממולאים מ,גרמים,300.00,100 גרם,false,1,8.90,2.97,true,1,
7290117261026,false,זיתים ירוק מגולענים במי מלח וילי פוד300,ג.וילי פוד אינטרנשיונל בעמ,TR,זיתים ירוק מגולענים,גרמים,300.00,100 גרם,false,1,8.90,2.97,true,1,
7290117261040,false,זיתים שחורים מרינד 454 ג' ויליפוד,ג. וילי-פוד אינטרנשיונל בע`מ,,זיתים שחורים מרינד ב,גרמים,454.00,100 גרם,false,1,20.50,4.52,true,1,
7290117261057,false,זוג קינוחים בטעם קרם עוגיות 140 גרם,ג.וילי-פוד אינטרנשיונל **גבינו,ES,זוג קינוחים בטעם קרם,גרמים,140.00,100 גרם,false,1,11.90,8.50,true,1,
7290117261088,false,בוראטה גבינת מוצרלה רכה 18% שומן 125 גר`,ג.וילי-פוד אינטרנשיונל **גבינו,,בוראטה גבינת מוצרלה,גרמים,150.00,100 גרם,false,1,21.90,14.60,true,1,
7290117261101,false,זוג קינוחים בטעם שוקולד ואגוזי לוז 140 גרם,ג.וילי-פוד אינטרנשיונל **גבינו,ES,זוג קינוחים בטעם שוק,גרמים,140.00,100 גרם,false,1,11.90,8.50,true,1,
7290117261118,false,זוג קינוחים בטעם שוקולד בציפוי שוקולד חלב 140 גרם,ג.וילי-פוד אינטרנשיונל **גבינו,ES,זוג קינוחים בטעם שוק,גרמים,140.00,100 גרם,false,1,11.90,8.50,true,1,
7290117261125,false,זוג קינוחים בטעם וניל בציפוי שוקולד לבן 140 גרם,ג.וילי-פוד אינטרנשיונל **גבינו,ES,זוג קינוחים בטעם וני,גרמים,140.00,100 גרם,false,1,11.90,8.50,true,1,
7290117261132,false,זוג קינוחים בטעם קרמל מלוח 140 גרם,ג.וילי-פוד אינטרנשיונל **גבינו,ES,זוג קינוחים בטעם קרמ,גרמים,140.00,100 גרם,false,1,11.90,8.50,true,1,
7290117261187,false,ארוחת פסטה בהקפאה פנה ותרד 600 גרם,ג.וילי פוד אינטרנשיונל בעמ,,ארוחת פסטה בהקפאה פנ,גרמים,600.00,100 גרם,false,1,24.90,4.15,true,1,
7290117261194,false,ארוחת פתיתים עם פטריות 600 גרם ויליפוד,ג.וילי פוד אינטרנשיונל בעמ,,ארוחת פתיתים בהקפאה,גרמים,600.00,100 גרם,false,1,24.90,4.15,true,1,
7290117261200,false,ארוחת פסטה בהקפאה פוזילי פטריות וגזר 600,ג.וילי פוד אינטרנשיונל בעמ,,ארוחת פסטה בהקפאה פו,גרמים,600.00,100 גרם,false,1,24.90,4.15,true,1,
7290117261224,false,ארוחת אורז בהקפאה עם פטריות 600 גרם,ג.וילי פוד אינטרנשיונל בעמ,,ארוחת אורז בהקפאה עם,גרמים,600.00,100 גרם,false,1,24.90,4.15,true,1,
7290117261354,false,גבינת ריקוטה 200 גרם 5%שומן מחלבת אירופה,ג.וילי-פוד אינטרנשיונל **גבינו,GR,גבינת ריקוטה 200 גרם,גרמים,200.00,100 גרם,false,1,11.90,5.95,true,1,
7290117261378,false,גבינת קשקבל לייט EURO CHEESE ויליפוד 250 גרם,ג.וילי-פוד אינטרנשיונל **גבינו,IL,גבינת קשקבל לייט 250,גרמים,200.00,100 גרם,false,0,15.90,7.95,true,1,
7290117261385,false,גבינת פטה לייט 500 גרם 8% שומן מחלבת איר,ג.וילי-פוד אינטרנשיונל **גבינו,IL,גבינת פטה לייט 500 ג,גרמים,500.00,100 גרם,false,0,26.90,5.38,true,1,
7290117261484,false,מאפה בצק עלים ממולא נקניקיות טבעוניות 450 גרם,ג.וילי-פוד אינטרנשיונל **גבינו,GR,מאפה בצק עלים ממולא,גרמים,450.00,100 גרם,false,1,25.90,5.76,true,1,
7290117261521,false,סלמון אטלנטי בשמן קנולה 120 גרם ויליפוד,ג. וילי-פוד אינטרנשיונל בע`מ,LV,סלמון אטלנטי בשמן קנ,גרמים,120.00,100 גרם,false,1,13.90,11.58,true,1,
7290117261545,false,סלמון אטלנטי ברוטב טריאקי 120 גרם ויליפוד,ג.וילי-פוד אינטרנשיונל בעמ,LV,סלמון אטלנטי ברוטב ט,גרמים,120.00,100 גרם,false,1,13.90,11.58,true,1,
7290117261569,false,סלמון אטלנטי מעושן בשמן קנולה 120 גרם ויליפוד,ג. וילי-פוד אינטרנשיונל בע`מ,LV,סלמון אטלנטי מעושן ק,גרמים,120.00,100 גרם,false,1,13.90,11.58,true,1,
7290117261576,false,סרדינים בריסלינג מעושנים ברוטב עגבניות 185 גרם צנצנת,ג. וילי-פוד אינטרנשיונל בע`מ,LV,סרדינים בריסלינג מעו,גרמים,185.00,100 גרם,false,1,13.90,7.51,true,1,
7290117261583,false,סרדינים בריסלינג מעושנים בשמן קנולה 129 גרם (צנצנת),ג. וילי-פוד אינטרנשיונל בע`מ,LV,סרדינים בריסלינג מעו,גרמים,185.00,100 גרם,false,1,13.90,7.51,true,1,
7290117261590,false,סרדינים בריסלינג מעושנים בשמן זית 185 גרם צנצנת,ג.וילי-פוד אינטרנשיונל בעמ,LV,סרדינים בריסלינג מעו,גרמים,185.00,100 גרם,false,1,13.90,7.51,true,1,
7290117261774,false,כדורי גבינת בייבי מוצרלה 14% שומן 150 גרםeuro cheese,ג.וילי-פוד אינטרנשיונל **גבינו,,כדורי גבינת בייבי מו,גרמים,150.00,100 גרם,false,1,21.90,14.60,true,1,
7290117261903,false,גבינת כבשים 30% שומן EURO CHEESE ויליפוד 100 גרם,ג.וילי-פוד אינטרנשיונל **גבינו,,גבינת כבשים רכה 30%,גרמים,110.00,100 גרם,false,1,17.70,16.09,true,1,
7290117262153,false,מיני מאפה פילו במילוי גבינת חלומי 450 גרם,ג.וילי-פוד אינטרנשיונל **גבינו,,מיני מאפה פילו במילו,גרמים,450.00,100 גרם,false,1,26.90,5.98,true,1,
7290117262221,false,"משקה יוגורט פרוביוטי עם אננס 200מ""ל 2.3%שומן יורו",ג.וילי-פוד אינטרנשיונל **גבינו,TR,משקה יוגורט פרוביוטי,מיליליטרים,200.00,"100 מ""ל",false,1,6.20,3.10,true,1,
7290117262238,false,"משקה יוגורט פרוביוטי עם תות שדה 200מ""ל 2.3%שומן יורו",ג.וילי-פוד אינטרנשיונל **גבינו,TR,משקה יוגורט עם תות ש,מיליליטרים,200.00,"100 מ""ל",false,1,6.20,3.10,true,1,
7290117262245,false,"משקה יוגורט פרוביוטי עם אפרסק ומשמש 200מ""ל 2.3%שומן יורו",ג.וילי-פוד אינטרנשיונל **גבינו,TR,משקה יוגורט עם אפרסק,מיליליטרים,200.00,"100 מ""ל",false,1,6.20,3.10,true,1,
7290117262290,false,פרלינים אגוזים במילוי פצפוצי דגנים פריכים מצופים שוקולד חלב 50 גרם,ג. וילי-פוד אינטרנשיונל בע`מ,TR,פרלינים אגוזים פצפוצ,גרמים,50.00,100 גרם,false,1,4.90,9.80,true,1,
7290117262306,false,"קורנפלקס מצופה שוקולד חלב ד, 50 גרם",ג. וילי-פוד אינטרנשיונל בע`מ,TR,קורנפלקס מצופים שוקו,גרמים,50.00,100 גרם,false,1,4.90,9.80,true,1,
7290117262320,false,ביסקוויט מצופה שוקולד חלב 50 גר JAZZY,ג. וילי-פוד אינטרנשיונל בע`מ,TR,ביסקוויט מצופה שוקול,גרמים,50.00,100 גרם,false,1,4.90,9.80,true,1,
7290117380147,false,"רוטב לסלט חרדל ודבש מאסטר שף 260 מ""ל",ש. שסטוביץ בע`מ,,רוטב לסלט חרדל ודבש,מיליליטרים,260.00,"100 מ""ל",false,1,9.90,3.81,true,1,
7290117380208,false,חטיף פוף קראנץ בטעם חמוץ חריף 60 גרם,ש. שסטוביץ בע`מ,,חטיף פוף קראנץ בטעם,גרמים,60.00,100 גרם,false,1,4.60,7.67,true,1,
7290117380215,false,חטיף פוף קראנץ בטעם טאקו 60 גרם,ש. שסטוביץ בע`מ,,חטיף פוף קראנץ בטעם,גרמים,60.00,100 גרם,false,1,4.60,7.67,true,1,
7290117380857,false,"מרבה סלים דליס פייבר עוגות אישיות בטעם לימון, 120 גרם",ש. שסטוביץ בע`מ,,סלים דליס פייבר עוגי,גרמים,120.00,100 גרם,false,1,10.90,9.08,true,1,
7290117380871,false,סלים דליס פייבר עוגות אישיות בטעם אוכמניות 120 גרם,ש.שסטוביץ בעמ,,סלים דליס פייבר עוגי,גרמים,120.00,100 גרם,false,1,10.90,9.08,true,1,
7290117381236,false,פוף פריכיות מצופות שוקולד מריר 70 גרם,ש. שסטוביץ בע`מ,RS,פוף פריכיות מ.שוקולד,גרמים,70.00,100 גרם,false,1,7.50,10.71,true,1,
7290117381250,false,פוף פריכיות מצופות שוקולד מריר ותפוז 70 ג,ש. שסטוביץ בע`מ,RS,פוף פריכיות מ.שוקולד,גרמים,70.00,100 גרם,false,1,7.50,10.71,true,1,
7290117382318,false,סלים דליס פרו 33 חטיף חלבון שוקולד מריר 60 גרם,"י. מרבה ישראל בע""\מ",IT,חטיף חלבון מ.שוקולד,גרמים,60.00,100 גרם,false,1,12.90,21.50,true,1,
7290117383711,false,"מארז זוג תחליב רחצה חלב ודבש *750 מ""ל פלמוליב",קולגייט פלמוליב,TR,פלמוליב חלב ודבש 750,Unknown,0.00,Unknown,false,1,30.00,30.00,true,1,
7290117383728,false,"מארז זוג תחליב רחצה לומינוס  אבוקדו 750 מ""ל פלמוליב",קולגייט פלמוליב,TR,פלמוליב לומינוס אבוק,Unknown,0.00,Unknown,false,1,30.00,30.00,true,1,
7290117383735,false,"מארז זוג תחליב רחצה חימר ורדים *750 מ""ל פלמוליב",קולגייט פלמוליב,TR,פלמוליב חימר ורדים 7,Unknown,0.00,Unknown,false,1,30.00,30.00,true,1,
7290117383742,false,"מארז זוג ג'ל רחצה לגבר 750 מ""ל פלמוליב",קולגייט פלמוליב,TR,פלמוליב גבר מרענן 75,Unknown,0.00,Unknown,false,1,30.00,30.00,true,1,
7290117823798,false,בדיקה עצמית מהירה לזיהוי אנטיגן - 5 בדיקות,שמחה זה אנחנו בעמ,CN,בדיקה מהירה 5 יח,Unknown,0.00,Unknown,false,1,39.90,39.90,true,1,
7290117860038,false,"הוואי - תחליב רחצה יוגורט בניחוח אוכמניות 700 מ""ל","טרופיקל דגיל בע""\מ",IL,הוואי תחליב רחצה יוג,מיליליטרים,700.00,"100 מ""ל",false,1,14.90,2.13,true,1,
7290117860045,false,שמפו תמציות אלוורה ותה ירוק לשיער רגיל,"טרופיקל גליל בע""מ",,שמפו הוואי מטפח לשיע,מיליליטרים,700.00,"100 מ""ל",false,1,14.90,2.13,true,1,
7290117860090,false,מרכך תמציות אלוורה ותה ירוק לשיער רגיל,"טרופיקל דגיל בע""\מ",,מרכך הוואי מטפח לשיע,מיליליטרים,700.00,"100 מ""ל",false,1,14.90,2.13,true,1,
7290117860137,false,"הוואי קרם רחצה יוגורט בניחוח פרח הקמליה 700 מ""ל","טרופיקל גליל בע""מ",IL,הוואי קרם רחצה בניחו,מיליליטרים,700.00,"100 מ""ל",false,1,14.90,2.13,true,1,
7290117860144,false,הוואי שמפו פירות אקזוטיים וקלנדולה 700,"טרופיקל גליל בע""מ",,שמפו הוואי למניעת קש,מיליליטרים,700.00,"100 מ""ל",false,1,14.90,2.13,true,1,
7290117860182,false,"הוואי - תחליב רחצה בניחוח מגנוליה ושמן שקדים 700 מ""ל","טרופיקל דגיל בע""\מ",IL,הוואי תחליב רחצה מג,מיליליטרים,700.00,"100 מ""ל",false,1,14.90,2.13,true,1,
7290117860199,false,שמפו שמן ורד הבר ושמן מקדמיה לשיער יבש,"טרופיקל דגיל בע""\מ",,שמפו הוואי מעניק לחו,מיליליטרים,700.00,"100 מ""ל",false,1,14.90,2.13,true,1,
7290117860236,false,"הוואי - קרם רחצה בניחוח ויולה ורודה 700 מ""ל","טרופיקל דגיל בע""\מ",IL,הוואי קרם רחצה בניחו,מיליליטרים,700.00,"100 מ""ל",false,1,14.90,2.13,true,1,
7290117860243,false,"הוואי - מרכך מעניק לחות לשיער יבש 700 מ""ל","טרופיקל גליל בע""מ",,מרכך הוואי מעניק לחו,מיליליטרים,700.00,"100 מ""ל",false,1,14.90,2.13,true,1,
7290117860281,false,"הוואי - ג'ל רחצה לגבר בניחוח עוצמתי 700 מ""ל","טרופיקל דגיל בע""\מ",IL,הוואי גל רחצה לגבר ב,מיליליטרים,700.00,"100 מ""ל",false,1,14.90,2.13,true,1,
7290117860298,false,שמפו קומפלקס קרטין לשיער עדין או חלש,"טרופיקל גליל בע""מ",,שמפו הוואי קרטין מחז,מיליליטרים,700.00,"100 מ""ל",false,1,14.90,2.13,true,1,
7290117860335,false,"הוואי ג'ל רחצה לגבר בניחוח מעורר 700 מ""ל","טרופיקל דגיל בע""\מ",,הוואי גל רחצה לגבר ב,מיליליטרים,700.00,"100 מ""ל",false,1,14.90,2.13,true,1,
7290117860380,false,"תחליב רחצה יוגורט בניחוח אלוורה 700 מ""ל הוואי","טרופיקל דגיל בע""\מ",IL,הוואי תחליב רחצה יוג,מיליליטרים,700.00,"100 מ""ל",false,1,14.90,2.13,true,1,
7290117860397,false,שמפו תמצית פריחת הדובדבן לשיער רגיל,"טרופיקל גליל בע""מ",,שמפו הוואי פריחת הדו,מיליליטרים,700.00,"100 מ""ל",false,1,14.90,2.13,true,1,
7290117860441,false,הוואי מרכך פריחת הדובדבן 700 מ`ל,"טרופיקל גליל בע""מ",,מרכך הוואי פריחת הדו,מיליליטרים,700.00,"100 מ""ל",false,1,14.90,2.13,true,1,
7290117860496,false,"הוואי שמפו + מרכך 2 ב-1 לגבר 700 מ""ל-חדש","טרופיקל גליל בע""מ",,שמפו+מרכך הוואי לגבר,מיליליטרים,700.00,"100 מ""ל",false,1,14.90,2.13,true,1,
7290117860649,false,הוואי שמפו קרטין קיק ללא סולפטים 700 מל,"טרופיקל גליל בע""מ",,שמפו הוואי ללא סולפט,מיליליטרים,700.00,"100 מ""ל",false,1,14.90,2.13,true,1,
7290117860694,false,הוואי מרכך קרטין קיק ללא סולפטים 700 מל,"טרופיקל גליל בע""מ",,מרכך הוואי ללא סולפט,מיליליטרים,700.00,"100 מ""ל",false,1,14.90,2.13,true,1,
7290117860748,false,הוואי שמפו תמצית יסמין מעניק נפח 700 מל,"טרופיקל גליל בע""מ",,שמפו הוואי מעניק נפח,מיליליטרים,700.00,"100 מ""ל",false,1,14.90,2.13,true,1,
7290117860892,false,"הוואי - תחליב רחצה יוגורט בניחוח וניל ודבש 700 מ""ל","טרופיקל דגיל בע""\מ",IL,הוואי תחליב רחצה בני,מיליליטרים,700.00,"100 מ""ל",false,1,14.90,2.13,true,1,
7290117860946,false,"הוואי תחליב רחצה יוגורט בניחוח קוקוס 700 מ""ל","טרופיקל דגיל בע""\מ",IL,הוואי תחליב רחצה יוג,מיליליטרים,700.00,"100 מ""ל",false,1,14.90,2.13,true,1,
7290117900949,false,בוטנים מצופים אמריקאים 250 גרם,דין שיווק וקליה 2021 בעמ,IL,בוטנים מצופים אמריקא,גרמים,250.00,100 גרם,false,1,10.00,4.00,true,1,
7290117900956,false,תערובת פיצוחים קלויים ששון הקולה 180 גרם,דין שיווק וקליה 2021 בעמ,IL,תערובת פיצוחים קלויי,גרמים,180.00,100 גרם,false,1,15.00,8.33,true,1,
7290117900994,false,פקאן סיני מסוכר ששון הקולה 140 גרם,דין שיווק וקליה 2021 בעמ,IL,פקאן סיני מסוכר 140,גרמים,140.00,100 גרם,false,1,15.00,10.71,true,1,
7290117901007,false,פיסטוקים קלויים ששון הקולה 130 גרם,דין שיווק וקליה 2021 בעמ,IL,פיסטוקים קלויים 130,גרמים,130.00,100 גרם,false,1,15.00,11.54,true,1,
7290117901014,false,אגוזי קשיו קלויים 160 גר ששון הקולה,דין שיווק וקליה 2021 בעמ,IL,קשיו קלוי 160 גרם,גרמים,160.00,100 גרם,false,1,15.00,9.38,true,1,
7290117901021,false,קבוקים בוטנים מצופים עם שומשום 220 גרם,דין שיווק וקליה 2021 בעמ,IL,קבוקים בוטנים מצופים,גרמים,220.00,100 גרם,false,1,10.00,4.55,true,1,
7290117901038,false,אגוזי מלך קלופים ששון הקולה 190 גרם,דין שיווק וקליה 2021 בעמ,IL,אגוזי מלך קלופים 190,גרמים,190.00,100 גרם,false,1,15.00,7.89,true,1,
7290117901168,false,מיקס אגוזים וחמוציות 250 גרם ששון הקולה,דין שיווק וקליה 2021 בעמ,,מיקס אגוזים וחמוציות,גרמים,250.00,100 גרם,false,1,20.00,8.00,true,1,
7290117901175,false,שקדים קלופים 250 גרם ששון הקולה,דין שיווק וקליה 2021 בעמ,,שקדים קלופים 250 גרם,גרמים,250.00,100 גרם,false,1,20.00,8.00,true,1,
7290117901182,false,בוטן קליפה קלוי 350 גרם ששון הקלה,דין שיווק וקליה 2021 בעמ,,בוטן קליפה קלוי 350,גרמים,350.00,100 גרם,false,1,10.00,2.86,true,1,
7290118350361,false,כוסות לשתיה קרה 50 יחידות,,,כוסות לשתיה קרה 50 י,Unknown,0.00,Unknown,false,1,5.50,5.50,true,1,
7290118420378,false,פתיבר פינוקים בטעם תותים בשמנת - חלבי,קבוצת אוסם סחר שותפות מוגבלת,,אסם פתי בר פינוקים ת,גרמים,220.00,100 גרם,false,1,10.90,4.95,true,1,
7290118420514,false,אינסטנט פודינג בטעם נוגט אסם 75 גרם,קבוצת אוסם סחר שותפות מוגבלת,,אסם אינסטנט פודינג נ,גרמים,75.00,100 גרם,false,1,5.50,7.33,true,1,
7290165456412,false,לחם מיוחד עם גרעינים 750 גר,ארדי שיווק וסיטונאות,,לחם מיוחד עם גרעינים,גרמים,750.00,100 גרם,false,1,19.40,2.59,true,1,
7290900010367,false,טורטייה שמינייה משקל נקי 360 ג' Avel,אבאל יזמות בעמ,,טורטייה שמינייה 360,גרמים,360.00,100 גרם,false,1,8.90,2.47,true,1,
7291008080511,false,"תמר מגהול 1 ק""ג",,,"תמר מגהול 1 ק""ג",קילוגרמים,0.00,"ק""ג",false,1,32.90,32.90,true,1,
7291008092286,false,תמר מגהול דקל נור 400 גר`,ביכורי השדה הצפון בעמ` 1964,,תמר דקל נור,Unknown,0.00,Unknown,false,1,11.90,11.90,true,1,
7291044019179,false,סוללות אלקליין C4 1.5V LR6 AA,,,סוללות יונדאי אלקליי,Unknown,0.00,Unknown,false,1,6.90,6.90,true,1,
7291044019216,false,סוללות אלקליין AAA יונדאי 4 יח',,,סוללות יונדאי אלקליי,Unknown,0.00,Unknown,false,1,6.90,6.90,true,1,
7291044047783,false,קטלן חרקים ECO EURO 6W פגודה,,,קטלן חרקים ECO EURO,Unknown,0.00,Unknown,false,1,49.90,49.90,true,1,
7291044053159,false,729104405קומקום חשמלי פנינה 2ליטר יונדאי,סמיקום לקסיס בעמ,,קומקום חשמלי יונדאי,Unknown,0.00,Unknown,false,1,89.90,89.90,true,1,
7291044058512,false,טוסטר לחיצה יונדאי כסוף ל-2 פרוסות,סמיקום לקסיס בעמ,,טוסטר לחיצה יונדאי כ,Unknown,0.00,Unknown,false,1,89.90,89.90,true,1,
7291044059465,false,בלנדר חשמלי 500W יונ,,,בלנדר חשמלי 500W יונ,Unknown,0.00,Unknown,false,1,205.00,205.00,true,1,
7291044061536,false,קומקום חשמלי אדום 2 ליטר יונדאי,סמיקום לקסיס בעמ,,קומקום חשמלי יונדאי,Unknown,0.00,Unknown,false,1,89.90,89.90,true,1,
7291044061680,false,מצנם 2 פרוסות יונדאי- אדום HYUNDAI,,,מצנם ל2 פרוסות 900W,Unknown,0.00,Unknown,false,1,124.90,124.90,true,1,
7291044066289,false,טוסטר לחיצה ל-4 פרוסות גריל HY,,,טוסטר לחיצה ל4 פרוסו,Unknown,0.00,Unknown,false,1,159.90,159.90,true,1,
7291044066296,false,טוסטר לחיצה 2 פרוסות גריל HYUNDAI,סמיקום לקסיס בעמ,,טוסטר לחיצה ל2 פרוסו,Unknown,0.00,Unknown,false,1,59.90,59.90,true,1,
7291044068122,false,מכשיר להכנת פופקורן 1200W,יונדאי Hyundai,,מכשיר להכנת פופקורן,Unknown,0.00,Unknown,false,1,79.00,79.00,true,1,
7291044069761,false,מפצל חשמל 1 ל-2 סמיקום D11:D30 תפזורת,סמיקום Semicom,,מפצל חשמל 1 ל-2 סמיק,Unknown,0.00,Unknown,false,1,6.90,6.90,true,1,
7291044081282,false,נורת לד DL 12W E27 A,,,נורת לד DL 12W E27 A,Unknown,0.00,Unknown,false,1,8.90,8.90,true,1,
7291044081305,false,זוג נורות לד DL 12W E27 A60 SAFETY,סמיקום לקסיס בעמ,,זוג נו לד DL 12W E27,Unknown,0.00,Unknown,false,1,17.90,17.90,true,1,
7291044081312,false,זוג נורת לד WW 12W E27 A60 SAFETY,סמיקום לקסיס בעמ,,זוג נו לד WW 12W E27,Unknown,0.00,Unknown,false,1,17.90,17.90,true,1,
7291044083293,false,קומקום חשמלי 1.7ליטר זכוכית שחור יונדאי,סמיקום לקסיס בעמ,,קומקום זכוכית שחור 1,Unknown,0.00,Unknown,false,1,104.50,104.50,true,1,
7291044083309,false,קומקום חשמלי 1.7ליטר זכוכית לבן יונדא,סמיקום לקסיס בעמ,,קומקום זכוכית לבן 1.,Unknown,0.00,Unknown,false,1,124.90,124.90,true,1,
7291044094336,false,מנורות זוג 26W ספירל יונדאי,,,זוג נורות לד DL 15W,Unknown,0.00,Unknown,false,1,16.90,16.90,true,1,
7291044096620,false,נורת לד WW 15W E27 A60 SAFETY,,,נורת לד WW 15W E27 A,Unknown,0.00,Unknown,false,1,9.90,9.90,true,1,
7291044101706,false,*מבצע* מפזר חום יונד,סמיקום לקסיס בעמ,,מפזר חום W2000 יונדא,Unknown,0.00,Unknown,false,1,79.90,79.90,true,1,
7291061054023,false,מגש שחור כדורים 28*2,,,מגש שחור כדורים 28*2,Unknown,0.00,Unknown,false,1,189.90,189.90,true,1,
7291061152354,false,"פמוט 5 ברונזה 77 ס""מ",,,"פמוט 5 ברונזה 77 ס""מ",קילוגרמים,0.00,"ק""ג",false,1,399.00,399.00,true,1,
7291061158103,false,מלחיות קריסטל לב,,,מלחיות קריסטל לב,קילוגרמים,0.00,"ק""ג",false,1,119.90,119.90,true,1,
7291061219002,false,שעון ניקל מרובע 50*5,,,שעון ניקל מרובע 50*5,Unknown,0.00,Unknown,false,1,599.00,599.00,true,1,
7291061248903,false,צנצנת אבנים זהב 14,,,צנצנת אבנים זהב,קילוגרמים,0.00,"ק""ג",false,1,89.90,89.90,true,1,
7291061276326,false,אחסון קריסטל גדול שילוב כסף,,,אחסון קריסטל גדול שי,Unknown,0.00,Unknown,false,1,139.90,139.90,true,1,
7291061282204,false,עציץ טרה קוטה D13*16,,,עציץ טרה קוטה D13*16,Unknown,0.00,Unknown,false,1,59.00,59.00,true,1,
7291061282501,false,עציץ קקטוסים,,,עציץ קקטוסים,Unknown,0.00,Unknown,false,1,109.90,109.90,true,1,
7291061287605,false,קסרולה מלבנית 3 נירוסטה,,,קסרולה מלבנית 3 נירו,קילוגרמים,0.00,"ק""ג",false,1,399.00,399.00,true,1,
7291061299011,false,מעמד לנר 19 זכוכית/זהב,,,מעמד לנר 19 זכוכית/ז,קילוגרמים,0.00,"ק""ג",false,1,36.90,36.90,true,1,
7291061319702,false,סט סכום SORENTO,,,סט סכום SORENTO,קילוגרמים,0.00,"ק""ג",false,1,299.00,299.00,true,1,
7291061344605,false,קופסא קריסטל+מכסה 9,,,קופסא קריסטל+מכסה 9,Unknown,0.00,Unknown,false,1,119.90,119.90,true,1,
7291061344629,false,קופסא קריסטל+מכסה 6,,,קופסא קריסטל+מכסה 6,Unknown,0.00,Unknown,false,1,29.90,29.90,true,1,
7291061348214,false,23X17X9.5 קופסא לתה,,,23X17X9.5 קופסא לתה,Unknown,0.00,Unknown,false,1,239.00,239.00,true,1,
7291061354710,false,סט ת/ק/ס קריסטל זהב,,,סט ת/ק/ס קריסטל זהב,Unknown,0.00,Unknown,false,1,289.00,289.00,true,1,
7291061360902,false,מעמד לנר כלוב 57 כסו,,,מעמד לנר כלוב 57 כסו,Unknown,0.00,Unknown,false,1,199.90,199.90,true,1,
7291061360919,false,מעמד לנר כלוב 52 כסו,,,מעמד לנר כלוב 52 כסו,Unknown,0.00,Unknown,false,1,189.90,189.90,true,1,
7291061361718,false,בונבוניירה מוכסף 17,,,בונבוניירה מוכסף 17,Unknown,0.00,Unknown,false,1,169.90,169.90,true,1,
7291061363002,false,צמח ירוק נשפך 152,,,צמח ירוק נשפך 152,Unknown,0.00,Unknown,false,1,49.90,49.90,true,1,
7291061372516,false,מעמד לנר לוטוס 14,,,מעמד לנר לוטוס 14,Unknown,0.00,Unknown,false,1,89.90,89.90,true,1,
7291061373612,false,קסרולה שיש אובאלי,,,קסרולה שיש אובאלי,Unknown,0.00,Unknown,false,1,229.00,229.00,true,1,
7291061374206,false,זר 12 טוליפ לבן 38,,,זר 12 טוליפ לבן 38,Unknown,0.00,Unknown,false,1,69.90,69.90,true,1,
7291061374213,false,H38 זר 12 טוליפ ורו,,,H38 זר 12 טוליפ ורו,Unknown,0.00,Unknown,false,1,69.90,69.90,true,1,
7291061374220,false,זר 12 טוליפ שחור 38,,,זר 12 טוליפ שחור 38,Unknown,0.00,Unknown,false,1,69.90,69.90,true,1,
7291061381310,false,H7.5 נר ריחני זכוכית,,,H7.5 נר ריחני זכוכית,Unknown,0.00,Unknown,false,1,45.00,45.00,true,1,
7291061381815,false,מעמד 2 קומות מראה מו,,,מעמד 2 קומות מראה מו,Unknown,0.00,Unknown,false,1,119.90,119.90,true,1,
7291061385004,false,סט 6 כוס תה/תחתית וו,,,סט 6 כוס תה/תחתית וו,Unknown,0.00,Unknown,false,1,309.00,309.00,true,1,
7291061389309,false,3L קסרולה חימום מלבנ,,,3L קסרולה חימום מלבנ,Unknown,0.00,Unknown,false,1,449.00,449.00,true,1,
7291061389323,false,4L מרקיה/ מכסה נירוס,,,4L מרקיה/ מכסה נירוס,Unknown,0.00,Unknown,false,1,456.00,456.00,true,1,
7291061389330,false,קערה וכפות הגשה לסלט,,,קערה וכפות הגשה לסלט,Unknown,0.00,Unknown,false,1,419.00,419.00,true,1,
7291061402800,false,D34 תחתית לצלחת קרי,,,D34 תחתית לצלחת קרי,Unknown,0.00,Unknown,false,1,69.00,69.00,true,1,
7293738623792,false,גל אלוורה,,,גל אלוורה,Unknown,0.00,Unknown,false,1,27.90,27.90,true,1,
7293738625406,false,שמן ארומטי-הדס,,,שמן ארומטי-הדס,Unknown,0.00,Unknown,false,1,49.90,49.90,true,1,
7293738625437,false,שמן ארומטי-לבנדר,,,שמן ארומטי-לבנדר,Unknown,0.00,Unknown,false,1,29.90,29.90,true,1,
7293738625642,false,שמן ארומטי לימון,,,שמן ארומטי לימון,Unknown,0.00,Unknown,false,1,19.90,19.90,true,1,
7293738628698,false,שמן שקדים 100 מל - עומר הגליל,,,שמן שקדים 100 מל -,Unknown,0.00,Unknown,false,1,22.90,22.90,true,1,
7296150000028,false,עלי גפן ממולאים באורז 425 גר,אקמאר,TR,עלי גפן ממולאים באור,גרמים,425.00,100 גרם,false,1,14.90,3.51,true,1,
7296168017117,false,פלסטרים גוון עור 100 יחידות,איתן ספקים E,,פרמה דוקט פלסטר רגיל,Unknown,0.00,Unknown,false,1,16.50,16.50,true,1,
7296181207724,false,רימון עם כפית/כסף,,,רימון עם כפית/כסף,Unknown,0.00,Unknown,false,1,35.00,35.00,true,1,
7296181207731,false,רימון+כפית זהב,,,רימון+כפית זהב,קילוגרמים,0.00,"ק""ג",false,1,39.90,39.90,true,1,
7296181213732,false,חצי תפוח לדבש זהב,,,חצי תפוח לדבש זהב,Unknown,0.00,Unknown,false,1,44.90,44.90,true,1,
7296181216801,false,קופסת עץ לתה שחור,,,קופסת עץ לתה שחור,Unknown,0.00,Unknown,false,1,149.90,149.90,true,1,
7296181233136,false,דובי ניקל כפית ודבש,,,דובי ניקל כפית ודבש,קילוגרמים,0.00,"ק""ג",false,1,49.90,49.90,true,1,
7296181233143,false,דובי זהב+כפית+דבש,,,דובי זהב+כפית+דבש,קילוגרמים,0.00,"ק""ג",false,1,49.90,49.90,true,1,
7296181274412,false,סט כף ומזלג לסלט זהב,,,סט כף ומזלג לסלט זהב,Unknown,0.00,Unknown,false,1,159.90,159.90,true,1,
7296181299675,false,מגש מראה זהב 17*27,,,מגש מראה זהב 17*27,Unknown,0.00,Unknown,false,1,24.90,24.90,true,1,
7296181302900,false,סט ת/ק/ס שח/זהב,,,סט ת/ק/ס שח/זהב,Unknown,0.00,Unknown,false,1,179.90,179.90,true,1,
7296181535223,false,זוג פמוטים מדורג קריסטל,,,זוג פמוטים מדורג קרי,Unknown,0.00,Unknown,false,1,259.00,259.00,true,1,
7296181553043,false,פמוט 18 קריסטל/זהב ש,,,פמוט 18 קריסטל/זהב ש,Unknown,0.00,Unknown,false,1,59.90,59.90,true,1,
7296181553050,false,פמוט 22 קריסטל/זהב ש,,,פמוט 22 קריסטל/זהב ש,Unknown,0.00,Unknown,false,1,64.90,64.90,true,1,
7296181553067,false,פמוט 27 קריסטל/זהב ש,,,פמוט 27 קריסטל/זהב ש,Unknown,0.00,Unknown,false,1,69.90,69.90,true,1,
7296181576424,false,מגש מעוטר+קערית תפוח,,,מגש מעוטר+קערית תפוח,Unknown,0.00,Unknown,false,1,64.90,64.90,true,1,
7297488098015,false,גרנולה קרנץ' עם שוקולד צ'יפס מריר ללא גלוטן 250 גרם דגש,תות תעשיות מזון (201,,גרנולה קרנצ שוקו דגש,גרמים,250.00,100 גרם,false,1,16.90,6.76,true,1,
7297488098152,false,קמח חומוס ללא גלוטן דגש 500 גרם,אף.סי תבליני בגליל ב,,קמח חומוס 500 גרם,גרמים,500.00,100 גרם,false,1,17.50,3.50,true,1,
7297488098169,false,"קמח תירס ללא גלוטן דג""ש",תבליני העליון 2007 ב,,קמח תירס 500 גרם,גרמים,500.00,100 גרם,false,1,10.90,2.18,true,1,
7297488098176,false,קמח סויה 500 גר`ללא גלוטן,אף.סי. תבליני הגליל,,קמח סויה 500 גרם,גרמים,500.00,100 גרם,false,1,11.50,2.30,true,1,
7297488098183,false,קמח אורז ללא גלוטן דוכן גן שמואל 500 גרם,תבליני העליון 2007 ב,,קמח אורז דגש 500 גרם,גרמים,500.00,100 גרם,false,1,11.50,2.30,true,1,
7297488098190,false,0 קמח אורז מלא ללא גלוטן,אף.סי תבליני בגליל ב,,קמח אורז מלא 500 גרם,גרמים,500.00,100 גרם,false,1,15.90,3.18,true,1,
7297488098213,false,קמח קינואה ללא גלוטן דוכן גן שמואל 500 ג,תבליני העליון 2007 ב,,קמח קינואה 500 גרם,גרמים,500.00,100 גרם,false,1,26.90,5.38,true,1,
7297488098220,false,קמח תפוחי אדמה 500 גרם דגש,תות תעשיות מזון (201,,"קמח תפו""א 500 גרם",גרמים,500.00,100 גרם,false,1,12.90,2.58,true,1,
7297488098282,false,אבקת מרק בטעם עוף ללא גלוטן בריאות וטבע,אף.סי. תבליני הגליל,,אבקת מרק בטעם עוף 50,גרמים,500.00,100 גרם,false,1,22.90,4.58,true,1,
7297488098299,false,קמח טפיוקה ללא גלוטן500ג,אף סי תבליני הגליל ב,,קמח טפיוקה 500 גרם,גרמים,500.00,100 גרם,false,1,9.90,1.98,true,1,
7297488098305,false,"מרק דגש""קמח שקדים""250גרם","תבליני העליון בע""מ",,קמח שקדים דגש 250 גר,גרמים,250.00,100 גרם,false,1,26.90,10.76,true,1,
7297488098688,false,דגש פצפוצי אורז מלא ללא תוספת סוכר ומלח 450 גרם,משובח תעשיות מזון,,"פצפוצי אורז מלא ללת""",גרמים,450.00,100 גרם,false,1,24.90,5.53,true,1,
7297488099821,false,גרנולה ללא תוספת סוכר לנמנעים מגלוטן,תות תעשיות מזון (201,,גרנולה ללא תוספת סוכ,גרמים,250.00,100 גרם,false,1,15.90,6.36,true,1,
7297488099906,false,פרוסות בסגנון קלאסי 18% טבעונית 200 גרם,קפוא זן תעשיות מזון בעמ,,פרוסות בסגנון קלאסי,גרמים,200.00,100 גרם,false,1,22.90,11.45,true,1,
7297488199590,false,פצפוצי אורז לבן תפוח ללא גלוטן,דגש- דוכן גן שמואל,,פצפוצי אורז 450 גרם,גרמים,450.00,100 גרם,false,1,24.90,5.53,true,1,
7297488199606,false,פצפוצי אורז תפוח ללא תוספת סוכר ומלח ללא גלוטן,דגש- דוכן גן שמואל,,פצפוצי אורז קל 450 ג,גרמים,450.00,100 גרם,false,1,24.90,5.53,true,1,
7297488199620,false,פצפוצי אורז מלא תפוח ללא גלוטן,דגש- דוכן גן שמואל,,פצפוצי אורז מלא 450,גרמים,450.00,100 גרם,false,1,24.90,5.53,true,1,
7297488199682,false,קמח כוסמת ללא גלוטן,תבליני העליון 2007 ב,,קמח כוסמת 500 ג דגש,גרמים,500.00,100 גרם,false,1,16.90,3.38,true,1,
7298570114545,false,רשת אפיה וצינון 28X2,,,רשת אפיה וצינון 28X2,Unknown,0.00,Unknown,false,1,29.90,29.90,true,1,
7298570495811,false,סט (5) חותכני עוגיות,,,סט (5) חותכני עוגיות,Unknown,0.00,Unknown,false,1,24.90,24.90,true,1,
7298572032014,false,סכין קישוט לגזר ומלפ,,,סכין קישוט לגזר ומלפ,Unknown,0.00,Unknown,false,1,16.90,16.90,true,1,
7298572850014,false,מערוך עץ בוק 52X30X6,,,מערוך עץ בוק 52X30X6,Unknown,0.00,Unknown,false,1,59.90,59.90,true,1,
7298573007080,false,סכין גלגלת לפיצה ידי,,,סכין גלגלת לפיצה ידי,Unknown,0.00,Unknown,false,1,27.90,27.90,true,1,
7312040017034,false,וודקה אבסולוט 1 ליטר,פרנו ריקרד ($),,וודקה אבסולוט 1 ליטר,מיליליטרים,1000.00,"100 מ""ל",false,1,93.90,9.39,true,1,
7312040017683,false,מארז אבסולוט רגיל(וודקה {}{700 עם כוס,טמפו משקאות בע`מ,,"וודקה אבסולוט 700 מ""",מיליליטרים,700.00,"100 מ""ל",false,1,59.90,8.56,true,1,
7312220016277,false,אנאס עוגיות דקות בטעם שקדים 150 גר,Annas Pepparkakor,SE,אנאס עוגיות דקות בטע,גרמים,150.00,100 גרם,false,1,11.90,7.93,true,1,
7312220023398,false,אנאס עוגיות דקות בטעם קפוצינו 150 גר,Annas Pepparkakor,SE,אנאס עוגיות דקות בטע,גרמים,150.00,100 גרם,false,1,11.90,7.93,true,1,
7312220035735,false,אנאס עוגיות דקות בטעם תפוז 150 גר,Annas Pepparkakor,SE,אנאס עוגיות דקות בטע,גרמים,150.00,100 גרם,false,1,11.90,7.93,true,1,
7321011040308,false,דוני 20 מפיות תלת שכבתי חלקות,דוני,,דוני מפיות תלת שכבתי,Unknown,0.00,Unknown,false,1,7.50,7.50,true,1,
7321011040629,false,דוני 20מפיות תלת שכבתי צבעים שונים,דוני,,דוני מפיות תלת שכבתי,Unknown,0.00,Unknown,false,1,7.50,7.50,true,1,
7321011404070,false,דוני 20מפיות מעוטרות תלת שכבתי צבעים,דוני,,מפיות דוני תלת שכבתי,Unknown,0.00,Unknown,false,1,11.00,11.00,true,1,
7350075690044,false,THE HUMBLE מב. שיניים במבוק למבוגר סיבים-לבן,ZONE ORGANYC,,מברשת שיניים HUMBLE,יחידה,1.00,יחידה,false,1,22.50,22.50,true,1,
7350075690280,false,מברשת שיניים HUMBLE BRUSH סופט פחם,,,מברשת שיניים HUMBLE,יחידה,1.00,יחידה,false,1,21.90,21.90,true,1,
7350075691492,false,"משחת שיניים טבעית מנטה 75 מ""ל HUMBLE",,,משחת שיניים טבעית מנ,מיליליטרים,75.00,"100 מ""ל",false,1,26.90,35.87,true,1,
7350075692734,false,THE HUMBLE קיסם חוט דנטלי כפול 50 יחידות,זר הייטק,,HUMBLE קיסם וחוט דנט,Unknown,0.00,Unknown,false,1,20.90,20.90,true,1,
7350075692741,false,THE HUMBLE קיסם חוט דנטלי פחם כפול 50 יחידות,זר הייטק,,HUMBLE קיסם וחוט דנט,Unknown,0.00,Unknown,false,1,20.90,20.90,true,1,
7390010296733,false,גזר קוריאני 500 גר,,,גזר קוריאני 500 גר,גרמים,500.00,100 גרם,false,1,12.50,2.50,true,1,
7393714368584,false,"סיידר קופרברג תות ליים פחית 330מ""ל 4.5%",הכרם משקאות חריפים בעמ,SE,קופרברג סיידר תות לי,מיליליטרים,330.00,"100 מ""ל",false,1,8.90,2.70,true,1,
7393714369000,false,"קופרברג סיידר אגסים 4.5% בקבוק 330 מ""ל",הכרם משקאות חריפים בעמ,SE,קופרברג סיידר אגסים,מיליליטרים,330.00,"100 מ""ל",false,1,8.90,2.70,true,1,
7393714369208,false,"סיידר קופרברג פירות יער פחית 330מ""ל 4.",הכרם משקאות חריפים בעמ,SE,קופרברג סיידר פירות,מיליליטרים,330.00,"100 מ""ל",false,1,8.90,2.70,true,1,
7393714507020,false,קופרברג סיידר תות ליים 4.5% בקבוק 330 מ,הכרם משקאות חריפים בעמ,SE,קופרברג סיידר תות לי,מיליליטרים,330.00,"100 מ""ל",false,1,8.90,2.70,true,1,
7393714508102,false,"קופרברג סיידר אגסים 4.5% בקבוק 330 מ""ל",הכרם משקאות חריפים בעמ,SE,קופרברג סיידר אגסים,מיליליטרים,330.00,"100 מ""ל",false,1,8.90,2.70,true,1,
7393714509604,false,קופרברג סיידר תפוח 4.5% בקבוק 330 מ,הכרם משקאות חריפים בעמ,SE,קופרברג סיידר תפוח 4,מיליליטרים,330.00,"100 מ""ל",false,1,8.90,2.70,true,1,
7394376123337,false,"משקה שיבולת שועל אורגני מפוקח ע""י סקאל",טרנסומס פוד איי.בי,,משקה ש.שועל אורגני 1,מיליליטרים,1000.00,"100 מ""ל",false,1,13.90,1.39,true,1,
7394376615825,false,אוטלי משקה שיבולת שועל מועשר בסידן וויטמינים 1 ליטר,ש. שסטוביץ בע`מ,,משקה ש.שועל מועשר בס,מיליליטרים,1000.00,"100 מ""ל",false,1,13.90,1.39,true,1,
7394376615832,false,אוטלי משקה שיבולת שועל בטעם שוקולד 1 ליטר,ש. שסטוביץ בע`מ,,משקה ש.שועל בטעם שוק,מיליליטרים,1000.00,"100 מ""ל",false,1,15.90,1.59,true,1,
7394376616778,false,אוטלי משקה שיבולת שועל להקצפה בריסטה 1 ליטר,ש. שסטוביץ בע`מ,,משקה ש.שועל להקצפה ב,מיליליטרים,1000.00,"100 מ""ל",false,1,15.90,1.59,true,1,
7394376620294,false,אוטלי משקה שיבולת שועל בטעם וניל 1 ליטר,איי אם פי אס איי תעש,,משקה ש.שועל בטעם וני,מיליליטרים,1000.00,"100 מ""ל",false,1,15.90,1.59,true,1,
7401005007965,false,"רום בוטראן 8 שנים כהה 700 מ""ל",,,רום בוטראן 8 שנים כה,מיליליטרים,700.00,"100 מ""ל",false,1,129.90,18.56,true,1,
7441000720605,false,לבבות דקל LA CIMA צנצנת 410 גרם,אינקופלמיטו אס. אי,EC,לבבות דקל(צנצנת)410,גרמים,410.00,100 גרם,false,1,16.90,4.12,true,1,
7500162900000,false,"בירה סול בקבוק 330 מ""ל",פארייפאבה אגרואינדוס,NL,"בירה סול 330 מ""ל בק",מיליליטרים,330.00,"100 מ""ל",false,1,6.90,2.09,true,1,
7501013101348,false,"ג'ומקס מנגו בקבוק 473 מ""ל תריסר",חומקס קומר קומרסאליזדורה,,גומקס נקטר מנגו 473,מיליליטרים,473.00,"100 מ""ל",false,1,9.50,2.01,true,1,
7501013101355,false,"נקטר בטעם אפרסק 500 מ""ל JUMEX",חומקס קומר קומרסאליזדורה,,גומקס נקטר אפרסק 473,מיליליטרים,473.00,"100 מ""ל",false,1,9.50,2.01,true,1,
7501013101362,false,"נקטר בטעם קוקוס ואננס 500 מ""ל JUMEX",חומקס קומר קומרסאליזדורה,,גומקס משקה קוקוס אננ,מיליליטרים,473.00,"100 מ""ל",false,1,9.50,2.01,true,1,
7501013101393,false,"ג'ומקס אננס בקבוק 473 מ""ל תריסר",חומקס קומר קומרסאליזדורה,,גומקס משקה אננס 473,מיליליטרים,473.00,"100 מ""ל",false,1,9.50,2.01,true,1,
7501013122039,false,ג'ומקס מיץ מנגו קרטונית ליטר תריסר,חומקס קומר קומרסאליזדורה,,גומקס נקטר מנגו,מיליליטרים,1000.00,"100 מ""ל",false,1,11.10,1.11,true,1,
7501013122053,false,נקטר אפרסק ג'ומקס בקרטונית 1 ליטר,חומקס קומר קומרסאליזדורה,,גומקס נקטר אפרסק קרט,מיליליטרים,1000.00,"100 מ""ל",false,1,11.10,1.11,true,1,
7501013122114,false,ג'ומקס מיץ אננס קרטונית ליטר תריסר,חומקס קומר קומרסאליזדורה,,גומקס משקה אננס קרטו,מיליליטרים,1000.00,"100 מ""ל",false,1,11.10,1.11,true,1,
7501013122190,false,ג'ומקס מיץ תפוחים קרטונית ליטר תריסר,חומקס קומר קומרסאליזדורה,,גומקס משקה תפוחים קר,מיליליטרים,1000.00,"100 מ""ל",false,1,11.10,1.11,true,1,
7501013122992,false,ג'ומקס מיץ קוקוס אננס קרטונית ליטר תריסר,חומקס קומר קומרסאליזדורה,,גומקס משקה קוקוס אננ,מיליליטרים,1000.00,"100 מ""ל",false,1,11.10,1.11,true,1,
7501013138047,false,משקה רימונים יוניקו פרסקו ג'ומקס בקרטונית 1 ליטר,חומקס קומר קומרסאליזדורה,,יוניקו פרסקו משקה רי,מיליליטרים,1000.00,"100 מ""ל",false,1,12.80,1.28,true,1,
7501013138184,false,משקה חמוציות יוניקו פרסקו ג'ומקס קרטונית 1 ליטר,חומקס קומר קומרסאליזדורה,,יוניקו פרסקו משקה חמ,מיליליטרים,1000.00,"100 מ""ל",false,1,12.80,1.28,true,1,
7501035013483,false,"קריסטלינו אנייחו פרמיום700 מ""ל",,MX,קריסטלינו אנייחו פרמ,מיליליטרים,700.00,"100 מ""ל",false,1,279.90,39.99,true,1,
7501035042131,false,"טקילה קוארבו אספסיאל גולד 700 מ""ל",קאזה קוארבו,,טקילה קוארבו אספסיאל,מיליליטרים,700.00,"100 מ""ל",false,1,85.00,12.14,true,1,
7501035042308,false,"טקילה קוארבו סילבר רולינגסטון 700 מ""ל",,,טקילה קוארבו סילבר ר,מיליליטרים,700.00,"100 מ""ל",false,1,85.00,12.14,true,1,
7501049936945,false,"בירה סול שישייה בקבוק 330 מ""ל",פארייפאבה אגרואינדוס,NL,בירה סול שישייה בקב,מיליליטרים,1980.00,"100 מ""ל",false,1,31.90,1.61,true,1,
7501064191466,false,"שישיית בירה קורונה 355 מ""ל בקבוק",תימקו בירה בעמ,,שישיית בירה קורונה 3,מיליליטרים,2130.00,"100 מ""ל",false,1,29.90,1.40,true,1,
7503012779405,false,סירופ אגבה כחולה – נטורפוד (גדול),נוטריאגבס דה מקסיקו,,סירופ אגבה כחולה 660,מיליליטרים,660.00,"100 מ""ל",false,1,36.60,5.55,true,1,
7509546061672,false,דאודורנט סטיק אקסטרים אינטנס,ספיד סטיק Speed Stick,,ספיד סטיק אקסטרים סט,גרמים,57.00,100 גרם,false,1,20.90,36.67,true,1,
7509546666846,false,"משחת שיניים פחם טוטאל 75 מ""ל קולגייט",קולגייט פלמוליב,MX,קולגייט טוטאל משחת,מיליליטרים,75.00,"100 מ""ל",false,1,21.90,29.20,true,1,
7509546678702,false,קולגייט משחת שיניים טוטל אנטי טרטר 100 מ,קולגייט-פלמוליב,MX,קולגייט טוטל אנטי טר,מיליליטרים,100.00,"100 מ""ל",false,1,19.90,19.90,true,1,
7590010296751,false,כרוב כבוש 500 גר,,,כרוב כבוש 500 גר,גרמים,500.00,100 גרם,false,1,11.40,2.28,true,1,
7590010296768,false,"כרוב כבוש 1 ק""ג",,,"כרוב כבוש 1 ק""ג",גרמים,1000.00,100 גרם,false,1,23.90,2.39,true,1,
7610008059073,false,רגוזה-קלאסיק שוק' במילוי פרלין אגוז לוז 100 גרם,RAGUSA,CH,טבלת שוקולד רגוסה קל,גרמים,100.00,100 גרם,false,1,18.10,18.10,true,1,
7610008059080,false,רגוזה-שוקולד מריר טראפל אגוזי לוז 100 גרם,RAGUSA,CH,טבלת שוקולד רגוסה מר,גרמים,100.00,100 גרם,false,1,18.10,18.10,true,1,
7610008059097,false,רגוזה-בלונד שוק לבן טרפל א.חלב מקורמלת 100 גרם,RAGUSA,CH,טבלת שוקולד רגוסה בל,גרמים,100.00,100 גרם,false,1,18.10,18.10,true,1,
7610008622000,false,טבלת קמיל בלוך מוס מריר 100 גר,,,טבלת קמיל בלוך מוס מ,גרמים,100.00,100 גרם,false,1,18.10,18.10,true,1,
7610008708506,false,בונבוניירה רגוסה מריר 400 גר,RAGUSA,CH,בונבוניירה רגוסה מרי,גרמים,400.00,100 גרם,false,1,62.90,15.73,true,1,
7610008709008,false,בונבוניירה רגוסה חלב 400 גר,RAGUSA,CH,בונבוניירה רגוסה חלב,גרמים,400.00,100 גרם,false,1,62.90,15.73,true,1,
7610008713500,false,בונבוניירה טורינו שוקולד חלב 300 גר,RAGUSA,,בונבוניירה טורינו,גרמים,300.00,100 גרם,false,1,62.90,20.97,true,1,
7610100034084,false,מיונז טומי בשפורפרת 265 גרם,ליימן שליסל בע`מ,,מיונז טומי 265 גר,גרמים,265.00,100 גרם,false,1,11.90,4.49,true,1,
7610113011652,false,בריזר - משקה כוהלי מוגז בטעם תפוח,בקרדי בריזר Bacardi Breezer,,בקרדי בריזר תפוח 275,מיליליטרים,275.00,"100 מ""ל",false,1,14.50,5.27,true,1,
7610113013250,false,"משקה כוהלי על בסיס רום בקרדי 250 מ""ל",בקרדי מרטיני,BE,משקה כוהלי על בסיס ר,מיליליטרים,250.00,"100 מ""ל",false,1,14.90,5.96,true,1,
7610202466738,false,"סטלה-שוקולד חלב ללת""ס 100 גרם",,ES,"סטלה-שוקולד חלב ללת""",גרמים,100.00,100 גרם,false,1,17.90,17.90,true,1,
7610202466769,false,"סטלה-שוק מריר 72% פולי קקאו לל""ס 100 גרם",,ES,סטלה-שוק מריר 72% פו,גרמים,100.00,100 גרם,false,1,17.90,17.90,true,1,
7610202475310,false,"סטלה שוקולד מריר77%אקוודור לל""ס 100 גר",,ES,סטלה שוקולד מריר77%א,גרמים,100.00,100 גרם,false,1,17.90,17.90,true,1,
7610211130804,false,הרמזית 800 טבליות 9גרם,,,הרמזית 800 טבליות,גרמים,800.00,100 גרם,false,1,29.90,3.74,true,1,
7610243004463,false,"דורגול - מרסס להסרת אבנית במקלחון 600 מ""ל","יעקב יעקבי ובניו בע""מ",,דורגול מרסס 600 מל,מיליליטרים,600.00,"100 מ""ל",false,1,25.90,4.32,true,1,
7610313012114,false,הרבה מארה גדול אורגנ,,,הרבה מארה גדול אורגנ,גרמים,250.00,100 גרם,false,1,29.90,11.96,true,1,
7610313414826,false,קפה במבו גדול אורגני (200) כשר,,,קפה במבו גדול אורגני,גרמים,200.00,100 גרם,false,1,59.90,29.95,true,1,
7610400014632,false,שוקולד לינדור בודד וואיט 100 ג',משה סידס ובנו בעמ,,לינדט שוקולד לבן 100,גרמים,100.00,100 גרם,false,1,15.80,15.80,true,1,
7610400014649,false,לינדור קוביות במילוי קרם שוקולד חלב 100 גרם,לינדט ושפרונגלי קילשברג,,לינדט שוקולד חלב 100,גרמים,100.00,100 גרם,false,1,15.80,15.80,true,1,
7610400068369,false,לינדט לינדור טבלאה קוביות במילוי קרם ושב,משה סידס ובנו בעמ,,לינדט שוקולד אגוזים,גרמים,100.00,100 גרם,false,1,15.80,15.80,true,1,
7610400068505,false,לינדט לינדור בונבוניירה שוקולד חלב 200 גרם,לינדט ושפרונגלי קילשברג,,בונבוניירה לינדור מי,גרמים,200.00,100 גרם,false,1,29.90,14.95,true,1,
7610400068529,false,לינדט לינדור בונבוניירה כדורי שוקולד מטעמים 200 גרם,לינדט ושפרונגלי קילשברג,,בונבוניירה לינדור אב,גרמים,200.00,100 גרם,false,1,29.90,14.95,true,1,
7610400070577,false,לינדט אקסלנס שוקולד צ'ילי 100 גרם,לינדט ושפרונגלי קילשברג,,לינדט אקסלנס צילי 1,גרמים,100.00,100 גרם,false,1,14.90,14.90,true,1,
7610400074155,false,לינדט לינדור קוביות במילוי קרם שוקולד 60% מוצקי קקאו 100 גרם,לינדט ושפרונגלי קילשברג,,לינדט שוקולד 60% 100,גרמים,100.00,100 גרם,false,1,15.80,15.80,true,1,
7610400075770,false,לינדט לה גרנד שוקולד מריר אגוז 150 גרם,לינדט ושפרונגלי קילשברג,,לינדט לה גרנד מריר א,גרמים,150.00,100 גרם,false,1,23.90,15.93,true,1,
7610400075787,false,לינדט לה גרנד שוקולד חלב אגוז 150 גרם,לינדט ושפרונגלי קילשברג,,לינדט לה גרנד חלב אג,גרמים,150.00,100 גרם,false,1,23.90,15.93,true,1,
7610400075794,false,לינדט לה גרנד שוקולד לבן ושקדים 150 גרם,לינדט ושפרונגלי,,לינדט לה גרנד לבן שק,גרמים,150.00,100 גרם,false,1,23.90,15.93,true,1,
7610400085946,false,לינדט לגרנד דארק אלמונד סולט 150 גרם,לינדט ושפרונגלי קילשברג,,לינדט לגרנד דארק אלמ,גרמים,150.00,100 גרם,false,1,23.90,15.93,true,1,
7610400086202,false,שוקולד מריר לה גרנד עם אוכמניות וחמוציות,לינדט Lindt,,לינדט לה גרנד בלו אנ,גרמים,150.00,100 גרם,false,1,23.90,15.93,true,1,
7610400091060,false,שוקולד מריר לינדט אקסלנס בתוספת תפוז ושקדים,לינדט ושפרונגלי קילש,,לינדט שוקולד אקסלנס,גרמים,100.00,100 גרם,false,1,14.90,14.90,true,1,
7610563108377,false,אמנטל שוויצרי פרוס 150 גר,,,אמנטל שוויצרי פרוס,גרמים,150.00,100 גרם,false,1,36.90,24.60,true,1,
7610563208374,false,גרוייר שוויצרי פרוס 150 גר,,,גרוייר שוויצרי פרוס,גרמים,150.00,100 גרם,false,1,40.90,27.27,true,1,
7610700002681,false,ריקולה סוכריות ללא סוכר בטעם צמחים 50 גר',שוקוטרייד בעמ,CH,סוכריות ריקולה ללא ס,גרמים,50.00,100 גרם,false,1,12.90,25.80,true,1,
7610700607046,false,סוכריות צמחים לימון ומנטה ללא תוספת סוכר,שוקוטרייד בעמ,,סוכריות ריקולה דיאט,גרמים,50.00,100 גרם,false,1,12.90,25.80,true,1,
7610700607077,false,סוכריות צמחים תפוז ומנטה ללא תוספת סוכר,שוקוטרייד בעמ,,סוכריות ריקולה דיאט,גרמים,50.00,100 גרם,false,1,12.90,25.80,true,1,
7610700612859,false,"ריקולה ס.קשות לל""ס בטעם פירות יער 45 גר",,CH,"ריקולה ס.קשות לל""ס ב",גרמים,45.00,100 גרם,false,1,10.50,23.33,true,1,
7610700612934,false,ריקולה ס.קשות ללא סוכר בטעם חמוציות 45 ג,,CH,ריקולה ס.קשות ללא סו,גרמים,45.00,100 גרם,false,1,10.50,23.33,true,1,
7613030979647,false,דגני בוקר טריקס פירות עולם היורה 480 ג',קבוצת אוסם סחר שותפות מוגבלת,,דגנים טריקס פירות עו,גרמים,480.00,100 גרם,false,1,25.50,5.31,true,1,
7613031241576,false,אפטר אייט מקלות שוקולד מנטה 125 גרם,,,אפטר אייט מקלות שוקו,גרמים,125.00,100 גרם,false,1,17.90,14.32,true,1,
7613032045753,false,פיטנס דגנים מחיטה מלאה שוקולד 375גרם,קבוצת אוסם סחר שותפות מוגבלת,,פיטנס שוקולד 375 ג,גרמים,375.00,100 גרם,false,1,19.90,5.31,true,1,
7613033548192,false,פיטנס - דגני בוקר שוקולד מריר 375 גרם,קבוצת אוסם סחר שותפות מוגבלת,,דגני בוקר פיטנס שוקו,גרמים,375.00,100 גרם,false,1,19.90,5.31,true,1,
7613034146656,false,מזון לכלבים קטנים בטעם בקר פורינה ONE,נסטלה פורינה איטליה,,פורינה ONE מיני אקטי,Unknown,0.00,Unknown,false,1,59.90,59.90,true,1,
7613035514430,false,"פורינה ONE חתול בוגר סלמון 3 ק""ג",שחורי אריה ואנסטסיה,,פורינה ONE חתול בוגר,Unknown,0.00,Unknown,false,1,119.00,119.00,true,1,
7613035548374,false,דגני בוקר גולדן מיניס מחיטה מלאה ותירס,קבוצת אוסם סחר-שות.מוגבלת,,גולדן מיניס מלחמת הכ,גרמים,570.00,100 גרם,false,1,24.60,4.32,true,1,
7613035635845,false,פיטנס גרנולה שוקולד 300 גר`אסם,קבוצת אוסם סחר-שות.מוגבלת,,פיטנס גרנולה שוקולד,גרמים,300.00,100 גרם,false,1,17.70,5.90,true,1,
7613035807778,false,פרפקטו רוטב עגבניות לבולונז אסם 400 גרם,קבוצת אוסם סחר שותפות מוגבלת,,פרפקטו רוטב עגבניות,גרמים,400.00,100 גרם,false,1,11.40,2.85,true,1,
7613035809109,false,פרפקטו רוטב עגבניות ובזיליקום אסם 400 גרם,קבוצת אוסם סחר שותפות מוגבלת,,פרפקטו רוטב עגבניות,גרמים,400.00,100 גרם,false,1,11.40,2.85,true,1,
7613035809123,false,פרפקטו רוטב עגבניות עם פלפלים אסם 400 גרם,קבוצת אוסם סחר שותפות מוגבלת,,פרפקטו רוטב עגבניות,גרמים,400.00,100 גרם,false,1,11.40,2.85,true,1,
7613035809857,false,פרפקטו רוטב עגבניות לפסטה ולבישול אסם 400 גרם,קבוצת אוסם סחר שותפות מוגבלת,,פרפקטו רוטב עגבניות,גרמים,400.00,100 גרם,false,1,11.40,2.85,true,1,
7613035975897,false,מים מינרלים מוגזים רביעייה בקבוק אישי,פרייה Perrier,,רביעיית מים מינרלים,ליטרים,0.00,ליטר,false,1,26.90,26.90,true,1,
7613036105637,false,"דוגלי עוף לכלבים בוגרים 12 ק""ג",קבוצת אוסם סחר שותפות מוגבלת,,"דוגלי בוגר עוף 12 ק""",קילוגרמים,0.01,"ק""ג",false,1,119.90,11990.00,true,1,
7613036105651,false,"דוגלי בקר לכלבים בוגרים 12 ק""ג",קבוצת אוסם סחר-שות.מוגבלת,,"דוגלי בוגר בקר 12 ק""",קילוגרמים,0.01,"ק""ג",false,1,119.90,11990.00,true,1,
7613036120395,false,"פורינה ONE כלב מידמקסי בקר 2.5 ק""ג",שחורי אריה ואנסטסיה,,פורינה ONE כלב מידמק,Unknown,0.00,Unknown,false,1,89.90,89.90,true,1,
7613036280334,false,פרייה אנד ג'וס אפרסק דובדבן מארז רביעייה,נסטלה ווטרס ספלאי,FR,פרייה אנד גוס אפרסק,מיליליטרים,1000.00,"100 מ""ל",false,1,23.90,2.39,true,1,
7613036286015,false,משקה אננס מנגו מוגז פרייה אנד ג'וס - רביעייה,נסטלה ווטרס ספלאי,FR,פרייה אנד גוס אננס מ,מיליליטרים,1000.00,"100 מ""ל",false,1,23.90,2.39,true,1,
7613036314114,false,נסקפה גולד Gold קפה נמס מיובש בתוספת קפה קלוי,קבוצת אוסם סחר-שות.מוגבלת,,נס קפה גולד 200 גרם,גרמים,200.00,100 גרם,false,1,45.90,22.95,true,1,
7613036387798,false,פיטנס Fitness דגנים מלאים עם ציפוי בטעם יוגורט,קבוצת אוסם סחר שותפות מוגבלת,,דגני פיטנס יוגורט 35,גרמים,350.00,100 גרם,false,1,19.90,5.69,true,1,
7613036520492,false,פרפקטו רוטב עגבניות לפיצה אסם 400 גרם,קבוצת אוסם סחר-שות.מוגבלת,,פרפקטו רוטב עגבניות,גרמים,400.00,100 גרם,false,1,11.40,2.85,true,1,
7613036737623,false,דגני בוקר קראנץ מיקס 410גר,קבוצת אוסם סחר שותפות מוגבלת,FR,קראנץ מקס 410 גרם,גרמים,410.00,100 גרם,false,1,23.90,5.83,true,1,
7613036880534,false,גרבר מחית ירקות מעורבים מטרנה 190 גר',קבוצת אוסם סחר שותפות מוגבלת,PL,מחית גרבר מרק ירקות,גרמים,190.00,100 גרם,false,1,7.80,4.11,true,1,
7613036976657,false,מזון לחתולים פריסקיז פאוצ' הודו,קבוצת אוסם סחר-שות.מוגבלת,,פאוץ פריסקיז הודו 85,Unknown,1.00,Unknown,false,1,5.90,5.90,true,1,
7613036976671,false,פריסקיז פאוצ' עוף ברוטב 26*85גרם,קבוצת אוסם סחר שותפות מוגבלת,,פאוץ פריסקיז עוף 85,Unknown,0.00,Unknown,false,1,5.90,5.90,true,1,
7613036976718,false,פריסקיז פאוצ' ברווז ברוטב 26*85גרם,קבוצת אוסם סחר-שות.מוגבלת,,פאוץ פריסקיז ברווז 8,Unknown,0.00,Unknown,false,1,5.90,5.90,true,1,
7613036976732,false,פריסקיז פאוצ`סלמון ברוטב 85גר,קבוצת אוסם סחר-שות.מוגבלת,,פאוץ פריסקיז סלמון 8,Unknown,1.00,Unknown,false,1,5.90,5.90,true,1,
7613037012200,false,גרבר מחית תפו`ע מנגו וגזר פאוץ 90 גר`,קבוצת אוסם סחר שותפות מוגבלת,ES,מחית גרבר תפוח מנגו,גרמים,90.00,100 גרם,false,1,6.90,7.67,true,1,
7613037204889,false,סטארבקס - פולי קפה אספרסו 450 גרם,קבוצת אוסם סחר-שות.מוגבלת,PT,סטארבקס פולי קפה אספ,גרמים,450.00,100 גרם,false,1,52.50,11.67,true,1,
7613037686906,false,פיטנס - דגני בוקר שקדים ודבש 355 גרם,קבוצת אוסם סחר שותפות מוגבלת,,דגני בוקר פיטנס שקדי,גרמים,375.00,100 גרם,false,1,19.90,5.31,true,1,
7613037687132,false,דגני בוקר פיטנס שקדים ודבש 585 גרם,קבוצת אוסם סחר שותפות מוגבלת,,דגני בוקר פיטנס שקדי,גרמים,585.00,100 גרם,false,1,34.50,5.90,true,1,
7613038257716,false,קיט קט צאנקי וופל ש. לבן רביעייה 4*40 גר,,AT,קיט קט צאנקי וופל ש.,גרמים,160.00,100 גרם,false,1,11.40,7.13,true,1,
7613038268262,false,דגני בוקר צ'יריוס דבש ושקדים במתיקות מעודנת,קבוצת אוסם סחר שותפות מוגבלת,FR,האני נאט ציריוס מופח,גרמים,410.00,100 גרם,false,1,19.90,4.85,true,1,
7613038451954,false,דגני בוקר שוקולד מופחת סוכר 410 ג' קראנץ',קבוצת אוסם סחר-שות.מוגבלת,FR,קראנץ שוקולד מופחת ס,גרמים,410.00,100 גרם,false,1,26.50,6.46,true,1,
7613039770450,false,טבעול סנסשיונל בורגר צמחוני 226 גרם,קבוצת אוסם סחר שותפות מוגבלת,IL,טבעול סנסשיונל בורגר,גרמים,226.00,100 גרם,false,1,34.90,15.44,true,1,
7613039771174,false,טבעול סנסשיונל מינס טחון צמחוני 400 גרם,קבוצת אוסם סחר-שות.מוגבלת,IL,טבעול טחון צמחוני,גרמים,400.00,100 גרם,false,1,34.90,8.73,true,1,
7613039879382,false,מחית תפוח עץ 190 גר` גרבר כשר לפסח,קבוצת אוסם סחר שותפות מוגבלת,PL,מחית גרבר תפוחי עץ,גרמים,190.00,100 גרם,false,1,7.80,4.11,true,1,
7613039905920,false,סמרטיז שלישייה 102 גרם,,,סמרטיז שלישייה 102 ג,גרמים,102.00,100 גרם,false,1,10.90,10.69,true,1,
7613287008497,false,סטארבקס - פולי קפה פייק פלייס 450 גרם,קבוצת אוסם סחר-שות.מוגבלת,PT,סטארבקס פולי קפה פיי,גרמים,450.00,100 גרם,false,1,52.50,11.67,true,1,
7613287121783,false,סמארטיס מיני 16*187 גרם,קבוצת אוסם סחר שותפות מוגבלת,DE,סמארטיס מיני 187 גר,גרמים,187.00,100 גרם,false,1,14.60,7.81,true,1,
7613287155863,false,מחית אגס פאוץ 90 גר`גרבר כשלפ,קבוצת אוסם סחר שותפות מוגבלת,ES,מחית גרבר פאוץ אגס 9,גרמים,90.00,100 גרם,false,1,6.90,7.67,true,1,
7613287181411,false,ויטמינציק מחית סלט פירות 110 גרם,קבוצת אוסם סחר שותפות מוגבלת,IL,ויטמינציק סלט פירות,גרמים,110.00,100 גרם,false,1,5.90,5.36,true,1,
7613287182326,false,ויטמינציק מחית בננה תפוח 110 גרם,קבוצת אוסם סחר-שות.מוגבלת,IL,ויטמינציק בננה תפוח,גרמים,110.00,100 גרם,false,1,5.90,5.36,true,1,
7613287182425,false,ויטמינציק מחית תפוח בננה ותות 110 גרם,קבוצת אוסם סחר שותפות מוגבלת,IL,ויטמינציק תפוח בננה,גרמים,110.00,100 גרם,false,1,5.90,5.36,true,1,
7613287182456,false,ויטמינציק מחית אגס בננה תפוח 110 גרם,קבוצת אוסם סחר שותפות מוגבלת,IL,ויטמינציק אגס תפוח ו,גרמים,110.00,100 גרם,false,1,5.90,5.36,true,1,
7613287186928,false,קפסולות קפה סומטרה (10 יח) סטארבקס (56 ג,קבוצת אוסם סחר שותפות מוגבלת,CH,סטארבקס קפסולות ברקפ,גרמים,56.00,100 גרם,false,1,21.90,39.11,true,1,
7613287302373,false,סטארבקס קפסולות איטליאן סטייל רוסט 56 גרם,קבוצת אוסם סחר שותפות מוגבלת,CH,קפסולות סטארבקס איטל,גרמים,55.00,100 גרם,false,1,21.90,39.82,true,1,
7613287325822,false,אוסם - דיפ אנד ספרד מטבל מיקס 295 גרם,קבוצת אוסם סחר שותפות מוגבלת,,רוטב מיקס לחיץ 295 ג,גרמים,295.00,100 גרם,false,1,16.70,5.66,true,1,
7613287325952,false,אוסם - דיפ אנד ספרד מטבל ברבקיו 345 גרם,קבוצת אוסם סחר שותפות מוגבלת,,רוטב ברביקיו לחיץ 34,גרמים,345.00,100 גרם,false,1,16.70,4.84,true,1,
7613287325983,false,אוסם - דיפ אנד ספרד מטבל סלסה 335 גרם,קבוצת אוסם סחר-שות.מוגבלת,,רוטב סלסה לחיץ 335 ג,גרמים,335.00,100 גרם,false,1,16.70,4.99,true,1,
7613287394323,false,דגני בוקר מולטי צ'יריוס 600 גרם,קבוצת אוסם סחר שותפות מוגבלת,GB,מולטי ציריוס 600 גרם,גרמים,600.00,100 גרם,false,1,21.90,3.65,true,1,
7613287457486,false,אפטר אייט מוחיטו ומנטה 200 גר,,,אפטר אייט מוחיטו ומנ,גרמים,200.00,100 גרם,false,1,15.20,7.60,true,1,
7613287476678,false,דגני בוקר סינימיניס צ'ורוס נסטלה 360 ג',קבוצת אוסם סחר שותפות מוגבלת,PT,סינימיניס צורוס 360,גרמים,360.00,100 גרם,false,1,24.60,6.83,true,1,
7613287525789,false,"שישיית פרייה מים מוגזים 500 מ""ל",טמפו משקאות בעמ,,שישיית פרייה מים מוג,מיליליטרים,3000.00,"100 מ""ל",false,1,26.90,0.90,true,1,
7613287855640,false,סטארבקס קפסולות קפה גוואטמלה 10 יחידות,קבוצת אוסם סחר שותפות מוגבלת,,סטארבקס קפסולות גווא,גרמים,57.00,100 גרם,false,1,21.90,38.42,true,1,
7613287956675,false,נסטלה סלקשן מהדורת כריסמס 129.4 גר,,,נסטלה סלקשן מהדורת כ,גרמים,129.00,100 גרם,false,1,21.90,16.98,true,1,
7614500010013,false,טובלרון - שוקולד חלב קלאסי 100 גרם,,,טובלרון חלב 100 גר,גרמים,100.00,100 גרם,false,1,10.40,10.40,true,1,
7614500010310,false,שוקולד בר לבן 100 ג' טובלרון,,,טובלרון לבן 100 גר,גרמים,100.00,100 גרם,false,1,10.40,10.40,true,1,
7614500010617,false,טובלרון - שוקולד מריר 100 גרם,,,טובלרון מריר 100 גרם,גרמים,100.00,100 גרם,false,1,10.40,10.40,true,1,
7614500035788,false,טובלרון שוקולד חלב 200 גרם,דיפלומט מפיצים (1968) בעמ**,,טובלרון חלב 200 גר,גרמים,200.00,100 גרם,false,1,12.50,6.25,true,1,
7617400098358,false,עוגיות סוויס דליס טרופינו חלב 100 גר,,CH,טרופינו שוויץ-וופל ק,גרמים,100.00,100 גרם,false,1,10.90,10.90,true,1,
7617400098839,false,טרופינו שוויץ-וופל ק.קוקוס ושוק. לבן 75ג,,,טרופינו שוויץ-וופל ק,גרמים,75.00,100 גרם,false,1,10.90,14.53,true,1,
7622010001858,false,עוגיות אוראו ממולאות קרם וניל 176 גרם.,דיפלומט מפיצים (1968) בעמ**,,אוראו ממולאות קרם ונ,גרמים,176.00,100 גרם,false,1,8.90,5.06,true,1,
7622201050757,false,מילקה שוקולד חלב במילוי קרם קרמל 100 ג,דיפלומט מפיצים (1968) בעמ**,,שוקולד חלב עם קרמל מ,גרמים,100.00,100 גרם,false,1,6.90,6.90,true,1,
7622201137052,false,אוראו מיני קוקיס - עוגיות שוקולד צ'יפס ותחתית מצופה שוקולד חלב,דיפלומט מפיצים (1968) בעמ**,ES,מילקה מיני קוקיז 110,גרמים,110.00,100 גרם,false,1,8.90,8.09,true,1,
7622201401900,false,עוגיות מילקה סנסיישן אוראו 156 גרם,דיפלומט מפיצים (1968) בעמ**,PL,עוגיות מילקה סנסיישן,גרמים,156.00,100 גרם,false,1,10.90,6.99,true,1,
7622201413965,false,מילקה וופר קוביות 150 גרם,,BE,מילקה וופר קוביות 15,גרמים,150.00,100 גרם,false,1,24.90,16.60,true,1,
7622201442880,false,טבלת קדבורי אוראו לבן 120 גרם,,GB,טבלת קדבורי אוראו לב,גרמים,120.00,100 גרם,false,1,10.50,8.75,true,1,
7622201801809,false,מילקה שוקולד חלב עם אגוזים 100 גרם חדש,מנדלז דויצ'\לנד סנקס פרו,,שוקולד אגוז מילקה 10,גרמים,100.00,100 גרם,false,1,6.90,6.90,true,1,
7622201802363,false,מילקה טבלת שוקולד חלב וצימוקים ואגוזים 100ג',דיפלומט מפיצים (1968) בעמ**,,שוקולד מילקה צימוק,גרמים,100.00,100 גרם,false,1,6.90,6.90,true,1,
7622201802394,false,שוקולד מילקה חלב מסרונים 100 גרם,מנדלז דויצ'\לנד סנקס פרו,,שוקולד מילקה חלב 100,גרמים,100.00,100 גרם,false,1,6.90,6.90,true,1,
7622201813390,false,וופל במילוי קרם קקאו בציפוי שוקולד חלב,דיפלומט מפיצים (1968) בעמ**,,עוגיות מילקה וואפל ב,גרמים,150.00,100 גרם,false,1,10.90,7.27,true,1,
7622201819170,false,שוקולד מילקה דרק שקדים 85 גרם.,דיפלומט מפיצים (1968) בעמ**,DE,מילקה דרק שקדים 85,גרמים,85.00,100 גרם,false,1,7.90,9.29,true,1,
7622201819408,false,שוקולד מילקה דרק קרמל 85 גרם.,מונדלז דויטשלנד סנאק,DE,מילקה דרק קרמל 85 גר,גרמים,85.00,100 גרם,false,1,7.90,9.29,true,1,
7622201819552,false,מילקה דארק שוקולד 85 גרם חדש,מונדלז דויטשלנד סנאק,DE,מילקה דרק 85 גרם,גרמים,85.00,100 גרם,false,1,7.90,9.29,true,1,
7622201823412,false,מוצרט מטבעות שוקולד ומרציפן 120 גרם,,AT,מוצרט מטבעות שוקולד,גרמים,120.00,100 גרם,false,1,28.90,24.08,true,1,
7622201823580,false,מוצרט פרלינים שוקולד מרציפן שקית 136 ג,,AT,מוצרט פרלינים שוקולד,גרמים,136.00,100 גרם,false,1,28.90,21.25,true,1,
7622210078131,false,שוקולד חלב עם שבבי קרמל מילקה דיים 100 גרם,מנדלז דויצ'\לנד סנקס פרו,,שוקולד חלב עם דאיים,גרמים,100.00,100 גרם,false,1,6.90,6.90,true,1,
7622210117762,false,"קוטדור בונבונירה בושה, 200 גרם כשל""פ",מונדלייז,,בונבוניירה קוטדור בו,גרמים,200.00,100 גרם,false,1,14.90,7.45,true,1,
7622210137234,false,אוראו עוגיות עם דאבל קרם בטעם וניל 170ג,דיפלומט מפיצים (1968) בעמ**,,עוגיות אוראו עם דאבל,גרמים,170.00,100 גרם,false,1,9.90,5.82,true,1,
7622210163899,false,שוקולד חלב במילוי סוכריות עדשים,דיפלומט מפיצים (1968) בעמ**,DE,שוקולד חלב עם עדשים,גרמים,100.00,100 גרם,false,1,6.90,6.90,true,1,
7622210275516,false,מילקה שוקולד ביסקוויטים 300 גרם,,DE,מילקה שוקולד ביסקווי,גרמים,300.00,100 גרם,false,1,19.80,6.60,true,1,
7622210384362,false,מילקה שוקולד אוראו 300 גרם,,DE,מילקה שוקולד אוראו 3,גרמים,300.00,100 גרם,false,1,19.80,6.60,true,1,
7622210392589,false,טובלרון טייני שוקולד חלב 200 גרם,מונדלז סוויצרלנד פרודקשן,,טובלרון טייני חלב 20,גרמים,200.00,100 גרם,false,1,18.80,9.40,true,1,
7622210453327,false,עוגיות שוקוצ'יפס במילוי שוקולד סנסיישן,דיפלומט מפיצים (1968) בעמ**,,מילקה סנסיישן 156 גר,גרמים,100.00,100 גרם,false,1,10.90,10.90,true,1,
7622210464729,false,אוראו גולדן עוגיות וניל במילוי קרם וניל,דיפלומט מפיצים (1968) בעמ**,UA,אוראו גולדן 154 גרם,גרמים,154.00,100 גרם,false,1,6.90,4.48,true,1,
7622210497383,false,קדבורי שוקולד חלב 95 גרם,,GB,קדבורי שוקולד חלב 95,גרמים,95.00,100 גרם,false,1,10.90,11.47,true,1,
7622210585639,false,מילקה כדורי ש.חלב במילוי אוראו 86 גרם,,DE,מילקה כדורי ש.חלב במ,גרמים,86.00,100 גרם,false,1,10.90,12.67,true,1,
7622210597915,false,פרלינים לבבות שוקולד חלב ממולא קרם נוגט,דיפלומט מפיצים {1968}בעמ,BG,מילקה לבבות פרלינים,גרמים,110.00,100 גרם,false,1,11.90,10.82,true,1,
7622210635105,false,עוגיות אוראו במילוי תות 154 גרם,דיפלומט מפיצים (1968) בעמ**,UA,אוראו תות 154 גרם,גרמים,154.00,100 גרם,false,1,6.90,4.48,true,1,
7622210637994,false,מיני עוגיות אוראו קראנצ'י בייטס אורגינל,דיפלומט מפיצים (1968) בעמ**,ES,אוראו ביס קראנצי אור,גרמים,110.00,100 גרם,false,1,8.90,8.09,true,1,
7622210638021,false,מיני עוגיות אוראו קראנצ'י בייטס מצופים,דיפלומט מפיצים (1968) בעמ**,ES,אוראו ביס קראנצי ציפ,גרמים,110.00,100 גרם,false,1,8.90,8.09,true,1,
7622210640062,false,פלדלפיה שמנת למריחה עם פלפל חלפיניו ופלפל ירוק,מונדלייז,,פילדלפיה שמנת למריחה,גרמים,175.00,100 גרם,false,1,16.90,9.66,true,1,
7622210644473,false,קדבורי שוקולד חלב ושברי אגוזי לוז 95 גרם,,,קדבורי שוקולד חלב וש,גרמים,95.00,100 גרם,false,1,10.90,11.47,true,1,
7622210644817,false,קדבורי פירות יבשים ואגוזים 110 גרם,,,קדבורי פירות יבשים ו,גרמים,110.00,100 גרם,false,1,10.90,9.91,true,1,
7622210748737,false,עוגיות אוראו טחונות 300 גר,,,עוגיות אוראו טחונות,גרמים,300.00,100 גרם,false,1,12.90,4.30,true,1,
7622210765338,false,עוגיות אורגינל 176 ג' אוראו,מונדולז,,עוגיות אוראו 176 גרם,גרמים,176.00,100 גרם,false,1,8.90,5.06,true,1,
7622210826053,false,מילקה שוקולד אוראו סנדוויץ 100 גרם,דיפלומט מפיצים (1968) בעמ**,DE,שוקולד מילקה אוראו ס,גרמים,92.00,100 גרם,false,1,6.90,7.50,true,1,
7622210835338,false,אוראו עוגיות ממולאות טעם בראוניז 176 גרם,דיפלומט מפיצים (1968) בעמ**,,אוראו בראוניז 176 גר,גרמים,176.00,100 גרם,false,1,8.90,5.06,true,1,
7622210989192,false,קדבורי פלאק רביעייה 80 גרם,מונדליז,GB,קדבורי פלאק רביעייה,גרמים,80.00,100 גרם,false,1,10.90,13.63,true,1,
7622300270506,false,מילקה גריינס - עוגיות שיבולת שועל מצופות שוקולד 168 ג',דיפלומט מפיצים (1968) בעמ**,,עוגיות ש.שועל מצופות,גרמים,168.00,100 גרם,false,1,10.90,6.49,true,1,
7622300315283,false,אוראו עוגיות ממולאות קרם וניל 154 גרם,דיפלומט מפיצים (1968) בעמ**,UA,אוראו וניל 154 גרם ב,גרמים,154.00,100 גרם,false,1,9.40,6.10,true,1,
7622300340285,false,גבינת שמנת 22% שומן 175 ג' פילדלפיה,מונדלז דויצ'לנד פרוד,,גבינת פילדלפיה 22%,גרמים,175.00,100 גרם,false,1,14.90,8.51,true,1,
7622300340292,false,גבינת שמנת 11% שומן 175 ג' פילדלפיה,מונדלז דויצ'לנד פרוד,,גבינת פילדלפיה 11%,גרמים,175.00,100 גרם,false,1,14.90,8.51,true,1,
7622300441715,false,עוגיות מילקה ביסקוויט ממולא קרם חלב מצופה למחצה בשוקולד חלב 150 גר',דיפלומט מפיצים (1968) בעמ**,,עוגיות מילקה שוקו מי,גרמים,150.00,100 גרם,false,1,10.90,7.27,true,1,
7622300489427,false,עוגיות אוראו בציפוי בטעם שוקולד לבן 246 גרם,דיפלומט מפיצים (1968) בעמ**,,אוראו פאג שוקולד לבן,גרמים,246.00,100 גרם,false,1,18.90,7.68,true,1,
7622300489434,false,"עוגיות אוראו פאדג' בציפוי שוקולד חלב, 246 גרם",דיפלומט מפיצים (1968) בעמ**,,אוראו פאדג שוקולד חל,גרמים,246.00,100 גרם,false,1,18.90,7.68,true,1,
7622300495046,false,מילקה שוקולד חלב עם אקסטרה קקאו 100 גרם,מנדלז דויצ'\לנד סנקס פרו,,שוקולד מילקה אקסטרה,גרמים,100.00,100 גרם,false,1,6.90,6.90,true,1,
7622300498429,false,שוקולד חלב עם יוגורט תות מילקה (100 גרם),מנדלז דויצ'\לנד סנקס פרו,,שוקולד מילקה קרם תות,גרמים,100.00,100 גרם,false,1,6.90,6.90,true,1,
7622300503079,false,עוגיות ביסקוויט מצופה שוקולד חלב מילקה 200 גרם,דיפלומט מפיצים (1968) בעמ**,,ביסקוויט מצופה שוקול,גרמים,200.00,100 גרם,false,1,10.90,5.45,true,1,
7622300509606,false,ברני עוגת ספוג במילוי קרם שוקולד 150 גרם,מונדליז,PL,ברני עוגת ספוג במילו,גרמים,150.00,100 גרם,false,1,11.40,7.60,true,1,
7622300617820,false,מילקה שוקולד חלב במילוי קרם חלב ווניל ושבבי עוגיות אוראו 100 גרם,מנדלז דויצ'\לנד סנקס פרו,,שוקולד מילקה אוראו 1,גרמים,100.00,100 גרם,false,1,6.90,6.90,true,1,
7622300756383,false,"ממרח גבינה פילדלפיה עם ממרח שוקולד ""מילקה"" 175 גרם",מונדלייז,,גבינת פילדלפיה עם שו,גרמים,175.00,100 גרם,false,1,16.90,9.66,true,1,
7622300756413,false,גבינת פילדלפיה 20% שומן עם תבלינים 175 ג',מונדלז דויצ'לנד פרוד,,גבינת פילדלפיה 20%,גרמים,175.00,100 גרם,false,1,14.90,8.51,true,1,
7622400005190,false,שוקולד חלב נגיעות שוקולד לבן מילקה 100 ג,דיפלומט מפיצים (1968) בעמ**,,שוקולד חלב נגיעות שו,גרמים,100.00,100 גרם,false,1,6.90,6.90,true,1,
7630311507016,false,קפסולות קפה סטארבקס סאני דיי 12*57גר`,קבוצת אוסם סחר שותפות מוגבלת,,סטארבקס קפסולות סאני,גרמים,57.00,100 גרם,false,1,21.90,38.42,true,1,
7630477891592,false,סטארבקס קפסולות קפה האוס בלנד 10 יחידות,קבוצת אוסם סחר שותפות מוגבלת,,סטארבקס קפסולות האוס,גרמים,57.00,100 גרם,false,1,21.90,38.42,true,1,
7630477891615,false,סטארבקס קפסולות קפה סומטרה 10 יחידות,קבוצת אוסם סחר שותפות מוגבלת,,סטארבקס קפסולות סומט,גרמים,55.00,100 גרם,false,1,21.90,39.82,true,1,
7630477891639,false,קפסולות קפה סומטרה (10 יח) סטארבקס ( 55,קבוצת אוסם סחר שותפות מוגבלת,,סטארבקס קפסולות ורונ,גרמים,55.00,100 גרם,false,1,21.90,39.82,true,1,
7630477891653,false,סטארבקס קפסולות קפה אספרסו נטול 10 יחידו,קבוצת אוסם סחר שותפות מוגבלת,,סטארבקס קפסולות אספר,גרמים,57.00,100 גרם,false,1,21.90,38.42,true,1,
7630477891677,false,סטארבקס קפסולות קפה פייק פלייס 10 יחידות,קבוצת אוסם סחר שותפות מוגבלת,,סטארבקס קפסולות פייק,גרמים,53.00,100 גרם,false,1,21.90,41.32,true,1,
7630477891714,false,סטארבקס קפסולות קפה אספרסו 10 יחידות,קבוצת אוסם סחר שותפות מוגבלת,,סטארבקס קפסולות אספר,גרמים,57.00,100 גרם,false,1,21.90,38.42,true,1,
7630477891738,false,סטארבקס קפסולות קפה אספרסו בלונד 10 יחיד,קבוצת אוסם סחר שותפות מוגבלת,,סטארבקס קפסולות אספר,גרמים,53.00,100 גרם,false,1,21.90,41.32,true,1,
7640175743451,false,משקה כוהלי על בסיס גין בומביי ספייר 250מ,בומביי ספיריטס,BE,משקה כוהלי על בסיס ג,מיליליטרים,250.00,"100 מ""ל",false,1,14.90,5.96,true,1,
7690010296765,false,עגבניות שרי 350 גר,,,עגבניות שרי 350 גר,גרמים,350.00,100 גרם,false,1,12.00,3.43,true,1,
7690010296772,false,עגבניות שרי במלח 600גר,,,עגבניות שרי במלח 600,גרמים,600.00,100 גרם,false,1,20.90,3.48,true,1,
7702018069347,false,סכיני גילוח חד פעמיים לנשים Blue 2,דיפלומט מפיצים (1986) בע`מ,,בלו 2 לנשים 5+10,Unknown,0.00,Unknown,false,1,39.60,39.60,true,1,
7702018263936,false,8 סכיני פיוזן פרוגליד פלקסבול פאוור,פרוקטר & גמבל,,8 סכיני פיוזן פרוגלי,Unknown,0.00,Unknown,false,1,194.50,194.50,true,1,
7702018321520,false,דאודורנט סטיק לגבר Pro G Arctic ice,דיפלומט מפיצים (1968) בעמ,,גילט דאו סטיק מתקדם,Unknown,0.00,Unknown,false,1,22.90,22.90,true,1,
7702018404476,false,קצף גילוח סירייס הגנה גילט 250 מל,דיפלומט מפיצים (1968) בעמ,,קצף גילוח סירייס הגנ,מיליליטרים,250.00,"100 מ""ל",false,1,21.50,8.60,true,1,
7702018458110,false,מכשיר גילוח פיוזן ידני +2 סכינים,דיפלומט מפיצים (1986) בע`מ,,מכשיר גילט פיוזן ידנ,Unknown,0.00,Unknown,false,1,52.50,52.50,true,1,
7702018462032,false,סכיני גילוח גילט מאך 3 רביעייה,דיפלומט מפיצים (1986) בע`מ,DE,סכיני גילוח גילט מאך,יחידה,1.00,יחידה,false,1,44.90,44.90,true,1,
7702018465033,false,גילט פיוזן גל גילוח לתחושה קרירה 200 מל,דיפלומט,GB,גל גילוח גילט פיוזן,מיליליטרים,200.00,"100 מ""ל",false,1,30.90,15.45,true,1,
7702018468447,false,גילט בלו 2 פלוס סכינים חד פעמיים עשירייה,דיפלומט מפיצים (1968) בעמ,PL,סכיני גילוח בלו 2 פל,יחידה,1.00,יחידה,false,1,31.90,31.90,true,1,
7702018471423,false,גילט פיוזן סטארט סכיני גילוח 4יח,דיפלומט מפיצים {1968}בעמ,DE,סכיני גילוח גילט פיו,יחידה,1.00,יחידה,false,1,60.90,60.90,true,1,
7702018487394,false,מכשיר גילוח גילט סקינגארד ידני,דיפלומט מפיצים (1968) בעמ,PL,מכשיר גילוח גילט סקי,Unknown,0.00,Unknown,false,1,66.90,66.90,true,1,
7702018495818,false,סכיני גילוח גילט סקינגארד ידני שמינייה,דיפלומט מפיצים (1968) בעמ,US,סכיני גילוח גילט סקי,Unknown,0.00,Unknown,false,1,149.90,149.90,true,1,
7702018497447,false,סכיני גילוח ונוס סנסיטיב אקסטרה סמוט - 4 יח',ג'ילט ונוס Gillette Venus,,ס.גילוח גילט ונוס סנ,Unknown,0.00,Unknown,false,1,61.90,61.90,true,1,
7702018514472,false,גילט מאך 3 טורבו מכשיר גילוח,פרוקטר אנד גמבל,CN,מכשיר מאך 3 טורבו,Unknown,0.00,Unknown,false,1,49.90,49.90,true,1,
7702018980864,false,קצף גילוח סירייס רגיש גילט 250 מל,דיפלומט מפיצים (1968) בעמ,,קצף גילוח סירייס רגי,מיליליטרים,250.00,"100 מ""ל",false,1,21.50,8.60,true,1,
7702024074625,false,חטיפי קרקר פיטנס Fitness עם חיטה מלאה,קבוצת אוסם סחר שותפות מוגבלת,CO,חטיפי קרקר חיטה מלאה,גרמים,234.00,100 גרם,false,1,11.90,5.09,true,1,
7702024258322,false,"חטיפי קרקר עם חיטה מלאה, צ'יה וזרעי פשתן פיטנס",קבוצת אוסם סחר שותפות מוגבלת,,פיטנס חטיפי קרקר ציה,גרמים,234.00,100 גרם,false,1,11.90,5.09,true,1,
7702174066631,false,לקקן יוגטה פין פופ במילוי מסטיק 170 גר,קומסטיבלס לה רוזה אס.איי,,לקקן יוגטה פין פופ ב,גרמים,170.00,100 גרם,false,1,14.40,8.47,true,1,
7702174068826,false,יוגטה מבחר סוכריות לקקן קשות ממולאות טופי בטעמי יוגורט ופירות 204 גרם,הדקלאים אגודת שיתופי,,לקקן יוגטה בטעם פירו,גרמים,204.00,100 גרם,false,1,13.50,6.62,true,1,
7702174068833,false,יוגטה סוכריות קשות על מקל ממולאות טופי בטעמי גלידת פירות 12 יח' 204 גרם,הדקלאים אגודת שיתופי,,לקקן יוגטה טעם גלידה,גרמים,204.00,100 גרם,false,1,13.50,6.62,true,1,
7702174073783,false,סוכריות על מקל בטעם קולה במילוי גומי לעיסה,הדקלאים אגודת שיתופי,,לקקן יוגטה פין פופ 1,גרמים,170.00,100 גרם,false,1,14.40,8.47,true,1,
7790010296724,false,עגבניות 600גר,,,עגבניות 600גר,גרמים,600.00,100 גרם,false,1,16.40,2.73,true,1,
7790070506832,false,תה גרבה טראגוי מנטה,,AR,תה גרבה מנטה 500 גרם,גרמים,500.00,100 גרם,false,1,19.90,3.98,true,1,
7790070508614,false,תה גרבה טראגוי 500 ג,,AR,תה גרבה 500 גרם,גרמים,500.00,100 גרם,false,1,19.90,3.98,true,1,
7790240020052,false,יין אדום טרפיצה סירה סדרת OAK CASK,,,יין אדום טרפיצה סירה,Unknown,0.00,Unknown,false,1,57.90,57.90,true,1,
7790240072792,false,טרפיצה Oak Cask שרדונה 750 מל,,,טרפיצה Oak Cask שרדו,Unknown,0.00,Unknown,false,1,57.90,57.90,true,1,
7790240072808,false,יין אדום טרפיצה מלבק סדרת OAK CASK,,,יין אדום טרפיצה מלבק,Unknown,0.00,Unknown,false,1,57.90,57.90,true,1,
7790240090154,false,יין טרפיצה ברוקל מלבק 750 מל,,,יין טרפיצה ברוקל מלב,Unknown,0.00,Unknown,false,1,68.90,68.90,true,1,
7790240090895,false,"יין טרפיצה ברוקל בונרדה 750 מ""ל",,,יין טרפיצה ברוקל בונ,Unknown,0.00,Unknown,false,1,72.90,72.90,true,1,
7790240092240,false,יין טרפיצה ברוקל קברנה פרנק 750 מל,,,יין טרפיצה ברוקל קבר,Unknown,0.00,Unknown,false,1,68.90,68.90,true,1,
7790240094442,false,"יין טרפיצה פיור מלבק 750 מ""ל",,AR,יין טרפיצה פיור מלבק,מיליליטרים,750.00,"100 מ""ל",false,1,57.90,7.72,true,1,
7790240096866,false,"יין פיור מלבק שחור 750 מ""ל",,AR,יין פיור מלבק שחור 7,מיליליטרים,750.00,"100 מ""ל",false,1,57.90,7.72,true,1,
7790240097474,false,"יין פיור שרדונה 750 מ""ל",,AR,יין פיור שרדונה 750,מיליליטרים,750.00,"100 מ""ל",false,1,57.90,7.72,true,1,
7790762000686,false,סנטה אנה שיראז 750 מל,,,סנטה אנה שיראז 750 מ,Unknown,0.00,Unknown,false,1,40.90,40.90,true,1,
7790762000693,false,סנטה אנה שרדונה 750 מל,,,סנטה אנה שרדונה 750,Unknown,0.00,Unknown,false,1,40.90,40.90,true,1,
7790762000952,false,סנטה אנה רזרב קברנה סוביניון 750 מל,,,סנטה אנה רזרב קברנה,Unknown,0.00,Unknown,false,1,51.90,51.90,true,1,
7790762008453,false,סנטה אנה רזרב מלבק 750 מל,,,סנטה אנה רזרב מלבק,Unknown,0.00,Unknown,false,1,51.90,51.90,true,1,
7790762009283,false,סנטה אנה רזרב ויוינייה 750 מל,,,סנטה אנה רזרב,Unknown,0.00,Unknown,false,1,51.90,51.90,true,1,
7790762050124,false,סנטה אנה לה מסקוטה מלבק 750 מל,,,סנטה אנה לה מסקוטה,Unknown,0.00,Unknown,false,1,72.90,72.90,true,1,
7790762050902,false,סנטה אנה אונאנימה 750 מל,,,יין סנטה אנה,Unknown,0.00,Unknown,false,1,100.90,100.90,true,1,
7790762052494,false,"יין גראן מסקוטה מלבק 750 מ""ל",,,יין גראן מסקוטה מלבק,Unknown,0.00,Unknown,false,1,101.90,101.90,true,1,
7790762053255,false,יין גראן מסקוטה קברנה סוביניון 750 מל,,,יין גראן מסקוטה קברנ,Unknown,0.00,Unknown,false,1,101.90,101.90,true,1,
7790762053699,false,"יין אוננימה שרדונה 750 מ""ל",,AR,יין אוננימה שרדונה 7,מיליליטרים,750.00,"100 מ""ל",false,1,94.90,12.65,true,1,
7791875005353,false,ריבת חלב הוואנה דולצה דה לצה 450 גרם,משה סידס ובנו בעמ,,ריבת חלב הוואנה דולצ,גרמים,450.00,100 גרם,false,1,20.90,4.64,true,1,
7792860006218,false,סוכריות לקקן בייבי דול לריטייר (24 גרם),גוד פוד פרודקטס S.p,,לקקן בייבי דול 24 גר,גרמים,24.00,100 גרם,false,1,2.00,8.33,true,1,
7793046001041,false,ריבת בטטה וניל דולקור 700 גרם,דולקור אסאיי,,ריבת בטטה וניל דולקו,גרמים,700.00,100 גרם,false,1,23.90,3.41,true,1,
7793046002031,false,ריבת בטטה שוקולד דולקור 700 גרם,דולקור אסאיי,,ריבת בטטה שוקולד דול,גרמים,700.00,100 גרם,false,1,23.90,3.41,true,1,
7798159560096,false,"יין ארגנטו קלאסיק קברנה סוביניו 750 מ""ל",,AR,יין ארגנטו קלאסיק קב,Unknown,0.00,Unknown,false,1,39.90,39.90,true,1,
7804338000021,false,יין אדום יבש טרדיסון רזרב ק.סובינון 750,וינה לוס בולדוס,CL,יין אדום יבש טרדיסון,Unknown,0.00,Unknown,false,1,62.90,62.90,true,1,
7804338000625,false,"יין אדום יבש טרדיסון רזרב קרמנאר 750 מ""ל",,CL,יין אדום יבש טרדיסון,Unknown,0.00,Unknown,false,1,62.90,62.90,true,1,
7804338000632,false,לוס בולדוס גראנד רזרב סירה 750 מל,,CL,לוס בולדוס גראנד רזר,Unknown,0.00,Unknown,false,1,89.90,89.90,true,1,
7804338000649,false,לוס בולדוס גראנד רזרב סירה 750מ,,CL,לוס בולדוס גראנד רזר,Unknown,0.00,Unknown,false,1,89.90,89.90,true,1,
7860001950475,false,שקית למכונת כביסה,,,שקית כביסה,Unknown,0.00,Unknown,false,1,10.00,10.00,true,1,
7860001953872,false,מגב שיש סיליקון,,,מגב שיש סיליקון,Unknown,0.00,Unknown,false,1,10.00,10.00,true,1,
7860001954343,false,שלגון פלסטיק סט,,,שלגון פלסטיק סט,Unknown,0.00,Unknown,false,1,15.00,15.00,true,1,
7891024027998,false,קולגייט מי פה טוטאל הגנה מפני אבן 500 מל,קולגייט- פלמוליב,,קולגייט מי פה טוטל א,מיליליטרים,500.00,"100 מ""ל",false,1,34.90,6.98,true,1,
7891024124826,false,"משחת שיניים קולגייט אופטייק וויט 75 מ""ל",הנסיך- מפעל לייצור ט,,קולגייט משחת אופטיק,מיליליטרים,75.00,"100 מ""ל",false,1,19.90,26.53,true,1,
7891024130063,false,"קולגייט מי פה פלאקס ללא אלכוהול 500 מ""ל מהדרין",קולגייט- פלמוליב,,קולגייט פלאקס ללא אל,מיליליטרים,500.00,"100 מ""ל",false,1,32.90,6.58,true,1,
7896607100099,false,קאשסה פיטו 1 ליטר,,,קאשסה פיטו,מיליליטרים,1000.00,"100 מ""ל",false,1,119.90,11.99,true,1,
8000020000365,false,"וורמוט צינזנו ביאנקו 750 מ""ל",יבואן ומשווק: ש. שסט,,וורמוט צינזנו ביאנקו,Unknown,0.00,Unknown,false,1,32.90,32.90,true,1,
8000037001850,false,"ואל דוקה פרוסקו יבש 750 מ""ל",,,ואל דוקה פרוסקו יבש,מיליליטרים,750.00,"100 מ""ל",false,1,51.90,6.92,true,1,
8000037002246,false,"ואל דוקה, פרוסקו רוזה 750 מ""ל",,,"ואל דוקה, פרוסקו רוז",מיליליטרים,750.00,"100 מ""ל",false,1,51.90,6.92,true,1,
8000040000802,false,משקה קמפרי 1000 מל פ,קמפרי (יורו),,קמפרי 1 ליטר,מיליליטרים,1000.00,"100 מ""ל",false,1,89.90,8.99,true,1,
8000040630269,false,וויסקי סינגל מאלט גלן גראנט 12 שנים 700,,,וויסקי סינגל מאלט גל,מיליליטרים,700.00,"100 מ""ל",false,1,156.90,22.41,true,1,
8000070003798,false,קפסולות אספרסו לוואצה דליסיוזו 8 16 יח,לאוג'י לוואצה אס.פי.אי,,קפסולות אספרסו לוואצ,יחידה,1.00,יחידה,false,1,29.90,29.90,true,1,
8000070012783,false,קפה לוואצה קלוי וטחון חוזק 5 אורו 250 גר,לאוג'י לוואצה אס.פי.אי,IT,קפה לוואצה קלוי וטחו,גרמים,250.00,100 גרם,false,1,39.90,15.96,true,1,
8000070027398,false,קרמה קלאסיקו פולי קפה 500 גר לוואזה,ליימן שליסל,,פולי קפה לוואצה קרמה,גרמים,500.00,100 גרם,false,1,73.50,14.70,true,1,
8000070029996,false,קפה לוואצה קלוי וטחון אורו שחור 250 גר,לווצה טורינו,IT,קפה לוואצה קלוי וטחו,גרמים,250.00,100 גרם,false,1,39.90,15.96,true,1,
8000070035980,false,קפה לוואצה קלוי וטחון חוזק 5 רוסה 250 גר,לווצה טורינו,IT,קפה לוואצה קלוי וטחו,גרמים,250.00,100 גרם,false,1,35.50,14.20,true,1,
8000070038868,false,קפה לוואצה קלוי וטחון חוזק 8 קלאסיקו 250 גר,לאוג'י לוואצה אס.פי.אי,IT,לוואצה חוזק 8 קרמה ג,גרמים,250.00,100 גרם,false,1,29.90,11.96,true,1,
8000070038974,false,"קרמה גוסטו פולי קפה 1 ג""ק לוואזה",,,קרמה גוסטו פולי קפה,גרמים,1000.00,100 גרם,false,1,125.50,12.55,true,1,
8000070042025,false,"פולי קפה סופר קרמה לוואצה 1 ק""ג",,,פולי קפה סופר קרמה 1,גרמים,1000.00,100 גרם,false,1,135.90,13.59,true,1,
8000070053465,false,קפסולות לוואצה למכונת אספרסו חוזק 8,לאוג'י לוואצה אס.פי.אי,IT,קפסולות לוואצה אורו,יחידה,1.00,יחידה,false,1,21.90,21.90,true,1,
8000070053472,false,לוואצה קרמה גוסטו קלאסיקו מס' 12 קפסולות לקפה 55 גרם,לאוג'י לוואצה אס.פי.אי,IT,קפסולות לוואצה קרמה,יחידה,1.00,יחידה,false,1,21.90,21.90,true,1,
8000070053526,false,קפסולות לוואצה למכונת אספרסו חוזק 10,לאוג'י לוואצה אס.פי.אי,IT,קפסולות לוואצה רוסה,יחידה,1.00,יחידה,false,1,21.90,21.90,true,1,
8000070055254,false,לוואצה קרמה גוסטו פורטה מס' 13 קפסולות לקפה 55 גרם,ליימן שליסל בע`מ,IT,קפסולות לוואצה קרמה,יחידה,1.00,יחידה,false,1,21.90,21.90,true,1,
8000070059832,false,לוואצה קרמה גוסטו ריקו מס' 11 קפסולות לקפה 55 גרם,לואיג'י לוואצה,IT,קפסולות לוואצה קרמה,יחידה,1.00,יחידה,false,1,21.90,21.90,true,1,
8000070081000,false,לוואצה הורמוניקו מס' 8קפסולות לקפה 50 גרם,לאוג'\י לוואצה אס.פי.אי,,קפסולות לוואצה הרמוו,גרמים,50.00,100 גרם,false,1,19.90,39.80,true,1,
8000070081017,false,קפסולות קפה אספרסו דיצו 10 10 יחידות,לאוג'\י לוואצה אס.פי.אי,,קפסולות לוואצה דיציו,גרמים,50.00,100 גרם,false,1,19.90,39.80,true,1,
8000070081161,false,קפסולות לוואצה אבולגינטה 5 נספרסו 55 גר,ליימן שליסל בעמ,,קפסולות לוואצה אבולג,גרמים,55.00,100 גרם,false,1,19.90,36.18,true,1,
8000113003402,false,"קמח תירס בוואקום 1 ק""ג",גורי מוצרי צריכה (1991) בעמ,,"קמח תירס בואקום 1 ק""",גרמים,1000.00,100 גרם,false,1,16.70,1.67,true,1,
8000139000942,false,פסטה גרפולו לומצינה 500 גרם,,,פסטה גרפולו לומקינה,גרמים,500.00,100 גרם,false,1,13.50,2.70,true,1,
8000139001253,false,פסטה גרפולו פוזילי לונגי 500 גרם,,,פסטה גרפולו פוזילי,גרמים,500.00,100 גרם,false,1,14.60,2.92,true,1,
8000139002021,false,פסטה גרפולו קלמרטה 500 גרם,,,פסטה גרפולו קלמרטה 5,גרמים,500.00,100 גרם,false,1,14.60,2.92,true,1,
8000139910142,false,פסטה גרפולו ספגטי 500 גרם,,,פסטה גרפולו ספגטי 50,גרמים,500.00,100 גרם,false,1,13.50,2.70,true,1,
8000139910159,false,פסטה גרפולו לינגוין 500 גרם,,,פסטה גרפולו לינגוין,גרמים,500.00,100 גרם,false,1,13.50,2.70,true,1,
8000139910173,false,פסטה גרפולו אורזו 500 גרם,,,פסטה גרפולו אורזו 50,גרמים,500.00,100 גרם,false,1,13.50,2.70,true,1,
8000139910197,false,פסטה גרפולו ריגטוני 500 גרם,,,פסטה גרפולו ריגטוני,גרמים,500.00,100 גרם,false,1,13.50,2.70,true,1,
8000139910203,false,פסטה גרפולו קוצי סארדי 500 גרם,,,פסטה גרפולו קוצי סאר,גרמים,500.00,100 גרם,false,1,13.50,2.70,true,1,
8000139910227,false,פסטה גרפולו פוזילי 500 גרם,,,פסטה גרפולו פוזילי 5,גרמים,500.00,100 גרם,false,1,13.50,2.70,true,1,
8000139910234,false,פסטה גרפולו פנה ריגטה 500 גר,,,פסטה גרפולו פנה ריגט,גרמים,500.00,100 גרם,false,1,13.50,2.70,true,1,
8000139910241,false,פסטה פארפאלה גרפולו 500 גרם,PASTIFICIO LUCIO/GAR,,פסטה פארפאלה גרפולו,גרמים,500.00,100 גרם,false,1,13.50,2.70,true,1,
8000139910265,false,פסטה ראדיאטורי גרפולו 500 גר,,,פסטה ראדיאטורי גרפול,גרמים,500.00,100 גרם,false,1,13.50,2.70,true,1,
8000139910272,false,פסטה גרפולו פפרדלה נידו 500 גר,,,פסטה גרפולו פפרדלה נ,גרמים,500.00,100 גרם,false,1,14.60,2.92,true,1,
8000139910289,false,פסטה טליאטלה גרפולו 500 גר,,,פסטה גרפולו טליאטלה,גרמים,500.00,100 גרם,false,1,14.60,2.92,true,1,
8000139910357,false,פסטה לומאקוני גרפולו 500 גרם,,,פסטה לומאקוני גארופא,גרמים,500.00,100 גרם,false,1,14.60,2.92,true,1,
8000139910371,false,פסטה גרפולו פרימוורה 500 גרם,,,פסטה גרפולו פרימוורה,גרמים,500.00,100 גרם,false,1,14.60,2.92,true,1,
8000139910432,false,פסטה גרפולו פטוציה 500 גרם,,,פסטה גרפולו פטוציה 5,גרמים,500.00,100 גרם,false,1,13.50,2.70,true,1,
8000139910623,false,פסטה גרפולו ספגטי חיטה מלאה 500 גרם,,,פסטה גרפולו ספגטי,גרמים,500.00,100 גרם,false,1,15.90,3.18,true,1,
8000139910753,false,פסטה קאזארסה גרפולו 500 גר,,,פסטה גרפולו קסרצה,גרמים,500.00,100 גרם,false,1,13.50,2.70,true,1,
8000139920875,false,ניוקי תפוח אדמה גרפולו 500 גרם,,,ניוקי תפוח אדמה גרפו,גרמים,500.00,100 גרם,false,1,14.60,2.92,true,1,
8000146500039,false,"שמן זית כמהין 55 מ""ל URBANI",,,"שמן זית כמהין 55 מ""ל",מיליליטרים,55.00,"100 מ""ל",false,1,32.90,59.82,true,1,
8000193000759,false,ריזוטו שחור 500 גרם,,,ריזוטו שחור 500 גרם,גרמים,500.00,100 גרם,false,1,29.20,5.84,true,1,
8000215202406,false,מעדן אורז בטעם שוקו אורגני 400 גרם,בטר אנד דיפרנט,,מעדן אורז בטעם שוקו,גרמים,400.00,100 גרם,false,1,16.50,4.13,true,1,
8000215204219,false,משקה אורז ביו אורגני ויטאריז 1 ליטר,בטר אנד דיפרנט,,משקה אורז - אורגני 1,מיליליטרים,1000.00,"100 מ""ל",false,1,14.90,1.49,true,1,
8000215204240,false,משקה אורז ושקדים ביו אורגני ויטאריז 1 לי,בטר אנד דיפרנט,,משקה שקדים ואורז - א,מיליליטרים,1000.00,"100 מ""ל",false,1,14.90,1.49,true,1,
8000215204264,false,ויטריז - משקה אורז אישי אישי 200 גר,בטר אנד דיפרנט,,ויטריז - משקה אורז א,מיליליטרים,200.00,"100 מ""ל",false,1,3.90,1.95,true,1,
8000215204271,false,ויטריז - משקה שקדים ואורז אישי 200 גר,"נטורפוד בע""מ",,ויטריז - משקה שקדים,מיליליטרים,200.00,"100 מ""ל",false,1,4.50,2.25,true,1,
8000215204363,false,משקה קוקוס אורגני 1 ליטר,אלינור,GB,משקה קוקוס ויטריז 1,מיליליטרים,1000.00,"100 מ""ל",false,1,14.90,1.49,true,1,
8000215204370,false,"ויטאריז לבישול תחליף שמנת צחית אורגנית 200 מ""ל",נטורפוד בעמ,,ויטריז לבישול תחל.,מיליליטרים,200.00,"100 מ""ל",false,1,6.50,3.25,true,1,
8000215204387,false,"ויטאריז לבישול רוטב בשמל צמחי אורגני 500 מ""ל",נטורפוד בעמ,,רוטב בשמל צמחי אורגנ,מיליליטרים,500.00,"100 מ""ל",false,1,12.90,2.58,true,1,
8000215204394,false,משקה אורז ואגוזי לוז ביו אורגני ויטאריז,בטר אנד דיפרנט,,משקה אגוזי לוז ואורז,מיליליטרים,1000.00,"100 מ""ל",false,1,18.90,1.89,true,1,
8000215204561,false,משקה שקדים אורגני וללא גלוטן ויטאסי 1 לי,בטר אנד דיפרנט,IT,VITASI משקה שקדים או,מיליליטרים,1000.00,"100 מ""ל",false,1,13.90,1.39,true,1,
8000215204653,false,משקה סויה ויטאסי 1 ליטר,בטר אנד דיפרנט,,VITASI משקה סויה 1 ל,מיליליטרים,1000.00,"100 מ""ל",false,1,13.50,1.35,true,1,
8000215204677,false,ויטריז - משקה שיבולת שועל בריסטה אורגני,בטר אנד דיפרנט,,משקה ש.שועל בריסטה א,מיליליטרים,1000.00,"100 מ""ל",false,1,14.90,1.49,true,1,
8000215204714,false,משקה שיבולת שועל אורגני פרימונה 1 ליטר,בטר אנד דיפרנט,,משקה שיבולת שועל אור,מיליליטרים,1000.00,"100 מ""ל",false,1,14.90,1.49,true,1,
8000215204745,false,משקה ש.שועל וניל אורגני 1 ליטר PRIMAVENA,אלינור,,משקה ש.שועל וניל אור,מיליליטרים,1000.00,"100 מ""ל",false,1,13.90,1.39,true,1,
8000320010026,false,עגבניות תמר מקולפות צ'ריו 400 גרם,דיפלומט מפיצים (1968) בעמ**,IT,עגבניות תמר מקולפות,גרמים,400.00,100 גרם,false,1,6.90,1.73,true,1,
8000320010088,false,"רוטב עגבניות במרקם גס 680 מ""ל MUTTI",דיפלומט מפיצים (1968) בעמ**,IT,פסאטה במרקם גס 680 מ,מיליליטרים,680.00,"100 מ""ל",false,1,13.90,2.04,true,1,
8000320010095,false,"רוטב עגבניות במרקם עדין 700 מ""ל MUTTI",דיפלומט מפיצים (1968) בעמ**,IT,פסאטה במרקם עדין 700,מיליליטרים,700.00,"100 מ""ל",false,1,11.90,1.70,true,1,
8000320414855,false,עגבניות מרוסקות 400 גר CIRIO,צ'יריו,,עגבניות מרוסקותCIRIO,גרמים,400.00,100 גרם,false,1,6.90,1.73,true,1,
8000350001148,false,מאפה ממולא קרם פטיסייר 125 גרם,MATILDE VICENZI,IT,חטיף עוגיה פריכה עם,גרמים,125.00,100 גרם,false,1,9.90,7.92,true,1,
8000350004491,false,וישנזי עוגיות ביס פר,MATILDE VICENZI,,עוגיות ביס פריכות עם,Unknown,0.00,Unknown,false,1,9.90,9.90,true,1,
8000350004781,false,עוגיות ביס קרם שוקול,MATILDE VICENZI,IT,עוגיות ביס פריכות עם,Unknown,0.00,Unknown,false,1,9.90,9.90,true,1,
8000380003723,false,וופלים גרנד פטיסרי במילוי קרם אגוזים 100,קריניציה ויטמינה אס,,עוגיות גרנד פטיסרי 1,גרמים,100.00,100 גרם,false,1,12.20,12.20,true,1,
8000380003761,false,וופל גרנד פטיסרי שוקולד וקוקוס לואקר 100 גרם,קריניציה ויטמינה אס,,עוגיות גרנד פטיסרי 1,גרמים,100.00,100 גרם,false,1,12.20,12.20,true,1,
8000380004676,false,קוביות וופל סנדוויץ Sandwich עם וניל וחלב,"א. לואקר, קונפקט ג'י",,וופל וניל 200 גרם,גרמים,200.00,100 גרם,false,1,12.80,6.40,true,1,
8000380004911,false,קוביות וופל קואדרטיני Quadratini קרם אגוזים,קריניציה ויטמינה אס,,וופל קוארדטיני אגוז,גרמים,250.00,100 גרם,false,1,13.90,5.56,true,1,
8000380004942,false,וופל לואקר קוארדטיני קוביות ווניל 250ג',ליימן שליסל בע`מ,,קואדרטיני וניל 250 ג,גרמים,250.00,100 גרם,false,1,13.90,5.56,true,1,
8000380004966,false,וופל קוארדטיני לואקר קוביות שוקולד 250ג',קריניציה ויטמינה אס,,וופל קוארדטיני קקאו,גרמים,250.00,100 גרם,false,1,13.90,5.56,true,1,
8000380005598,false,מארז וופל שוקולד טורטינה Tortina שוקולד מריר,א. לואקר אס. פי. אי-אי.,,טורטינה מריר 1/6 125,גרמים,125.00,100 גרם,false,1,17.60,14.08,true,1,
8000380007219,false,וופל לואקר ממולא קרם אגוזים 175 גרם,ליימן שליסל בע`מ,,וופל לואקר אגוז 175,גרמים,175.00,100 גרם,false,1,11.80,6.74,true,1,
8000380007257,false,וופל גרדנה במילוי קרם אגוזים מצופה,קריניציה ויטמינה אס,,וופל גרדנה אגוז 200,גרמים,200.00,100 גרם,false,1,14.40,7.20,true,1,
8000380007264,false,וופל לואקר ממולא קרם קקאו 175 גרם,קריניציה ויטמינה אס,,וופל לואקר קקאו 175,גרמים,175.00,100 גרם,false,1,11.80,6.74,true,1,
8000380007271,false,וופל במילוי קרם חלב לואקר (175 גרם),ליימן שליסל בע`מ,,וופל לואקר חלב 175 ג,גרמים,175.00,100 גרם,false,1,11.80,6.74,true,1,
8000380106028,false,טורטינה לואקר וופל שוקולד ואגוזים שישיה 125ג',קריניציה ויטמינה אס,,טורטינה אורגינל 1/6,גרמים,125.00,100 גרם,false,1,17.60,14.08,true,1,
8000380144044,false,גרדנה וופל מצופה שוקולד חלב לואקר 200 גרם,ליימן שליסל בע`מ,,וופל גרדנה שוקולד 20,גרמים,200.00,100 גרם,false,1,14.40,7.20,true,1,
8000380148035,false,וופל אגוזי לוג שוקולד מריר גראן פטיסרי Gran Pasticceria,קריניציה ויטמינה אס,,עוגיות גרנד פטיסרי 1,גרמים,100.00,100 גרם,false,1,12.20,12.20,true,1,
8000380152728,false,מארז חטיפי אצבעות גרנדה שוקולד 125 גרם,ליימן שליסל בע`מ,,מארז חטיפי אצבעות גר,גרמים,125.00,100 גרם,false,1,16.90,13.52,true,1,
8000380153534,false,מארז וופל שוקולד טורטינה Tortina שוקולד לבן,א. לואקר אס. פי. אי-אי.,,טורטינה לבן 1/6 125,גרמים,125.00,100 גרם,false,1,17.60,14.08,true,1,
8000380156009,false,פרלינים ורד הדולומיטים חלב לואקר 150 גרם,קריניציה ויטמינה אס,,בונבוניירה ורד דולומ,גרמים,150.00,100 גרם,false,1,28.90,19.27,true,1,
8000380156573,false,לואקר בונבוניירה ורד הדולמיטים 150 גרם,קריניציה ויטמינה אס,,בונבוניירה ורד דולומ,גרמים,150.00,100 גרם,false,1,28.90,19.27,true,1,
8000380156825,false,שוקולד חלב במילוי קרם חלב וופל לואקר 87 גרם,ליימן שליסל בעמ,IT,שוקולד לואקר חלב 87,גרמים,87.00,100 גרם,false,1,8.50,9.77,true,1,
8000380156856,false,שוקולד לבן במילוי קרם חלב וופל לואקר 87 גרם,ליימן שליסל בע`מ,IT,שוקולד לואקר לבן 87,גרמים,87.00,100 גרם,false,1,8.50,9.77,true,1,
8000380157440,false,שוקולד חלב במילוי קרם אגוזי לוז לואקר 87 גרם,ליימן שליסל בע`מ,,שוקולד חלב ממולא קרם,גרמים,85.00,100 גרם,false,1,8.50,10.00,true,1,
8000380180721,false,לואקר וופל קקאו במילוי קרם חלבי 175 גר,קריניציה ויטמינה אס,,לואקר וופל קקאו במיל,גרמים,175.00,100 גרם,false,1,11.80,6.74,true,1,
8000380180745,false,וופל קוביות קקאו במילוי קרם חלב לואקר 250 גרם,"א. לואקר, קונפקט ג'י",,לואקר קוביות וופל קק,גרמים,250.00,100 גרם,false,1,13.90,5.56,true,1,
8000380180837,false,וופל גרנד פטיסרי קוקוס לבן מצופה שוקולד לבן לואקר 100 גרם,ליימן שליסל בע`מ,,גרנד פטיסרי עם קרם ק,גרמים,100.00,100 גרם,false,1,12.20,12.20,true,1,
8000380187119,false,עוגיות במילוי קרם אגוזי לוז לואקר 100 גר,ליימן שליסל בעמ,,עוגיות במילוי קרם אג,גרמים,100.00,100 גרם,false,1,14.90,14.90,true,1,
8000380192199,false,וופל בטעם דאבל שוקולד לואקר (175 גרם),ליימן שליסל בעמ,AT,וופל לואקר דאבל שוקו,גרמים,175.00,100 גרם,false,1,11.80,6.74,true,1,
8000380192588,false,וופלים קואדרטיני דאבל שוקולד לואקר 250 גרם,קריניציה ויטמינה אס,AT,וופל קואדרטיני דאבל,גרמים,250.00,100 גרם,false,1,13.90,5.56,true,1,
8000380201396,false,שוקולד חלב ממולא קרם קרמל ועלי וופל פריכ,ליימן שליסל בע`מ,,שוקולד חלב ממולא קרם,גרמים,125.00,100 גרם,false,1,17.60,14.08,true,1,
8000380205400,false,וופלים קואדרטיני חמאת בוטנים לואקר 250 גרם,ליימן שליסל בע`מ,AT,וופל לואקר קואדרטיני,גרמים,250.00,100 גרם,false,1,13.90,5.56,true,1,
8000380205523,false,וופלים בטעם חמאת בוטנים לואקר 175 גרם,ליימן שליסל בעמ,AT,וופל לואקר קלאסיק חמ,גרמים,175.00,100 גרם,false,1,11.80,6.74,true,1,
8000380206896,false,וופל גרדנה במילוי חמאת בוטנים 200 גרם,ליימן שליסל בע`מ,IT,וופל לואקר גרדנה חמא,גרמים,200.00,100 גרם,false,1,14.40,7.20,true,1,
8000380207183,false,שוקולד לואקר טורטינה חמאת בוטנים 126 גר,ליימן שליסל בע`מ,IT,שוקולד לואקר טורטינה,גרמים,126.00,100 גרם,false,1,17.60,13.97,true,1,
8000500009673,false,בונבוניירה פררו רושה 300 גרם,פרימיום חברה לדברי מתיקה ולמסח,,בונבוניירה פררו רושה,גרמים,300.00,100 גרם,false,1,52.50,17.50,true,1,
8000500023624,false,חטיפי הפי היפו Happy Hippo במילוי קרם חלב וקקאו,פרימיום-חברה לדברי מתיקה ולמסח,,קינדר הפי היפו חמישי,גרמים,104.00,100 גרם,false,1,12.50,12.02,true,1,
8000500023976,false,בונבוניירת רפאלו פררו (150 גרם),פרימיום-חברה לדברי מתיקה ולמסח,,בונבוניירה רפאלו 150,גרמים,150.00,100 גרם,false,1,15.90,10.60,true,1,
8000500026731,false,ביצי שוקולד קינדר מארז 3 יח סופרייז,פרימיום-חברה לדברי מתיקה ולמסח,,שלישיית ביצי הפתעה ק,גרמים,60.00,100 גרם,false,1,14.90,24.83,true,1,
8000500028124,false,קינדר גוי ביצת הפתעה מארז שלישיה,פרימיום חברה לדברי מתיקה ולמסח,ZA,ביצת הפתעה קינדר גוי,גרמים,60.00,100 גרם,false,1,14.90,24.83,true,1,
8000500029350,false,מארז וופל מצופה 3יח' *43 גרם קינדר בואנו,פרימיום-חברה לדברי מתיקה ולמסח,,שלישייה קינדר בואנו,גרמים,129.00,100 גרם,false,1,9.90,7.67,true,1,
8000500032237,false,בונבונרייה פררו רושר 375 גרם,פרימיום חברה לדברי מתיקה ולמסח,,בונבוניירה פררו רושר,גרמים,260.00,100 גרם,false,1,44.90,17.27,true,1,
8000500037874,false,בונבוניירת פררו רושה 200 גרם,פרימיום חברה לדברי מתיקה ולמסח,,בונבוניירה פררו רושה,גרמים,200.00,100 גרם,false,1,23.90,11.95,true,1,
8000500071083,false,אצבעות שוקולד קינדר Kinder שש עשרה יחידות,פרימיום-חברה לדברי מתיקה ולמסח,,קינדר שוקולד מארז 20,גרמים,200.00,100 גרם,false,1,12.50,6.25,true,1,
8000500075708,false,ביצי שוקולד הפתעה קינדר ג'וי כחול בנים שלישיה,פרימיום-חברה לדברי מתיקה ולמסח,,קינדר גוי כחול מארז,גרמים,60.00,100 גרם,false,1,14.90,24.83,true,1,
8000500094976,false,"בונבוניירה פררו רושר רושה קונוס, 212 גרם T17X4",פרימיום חברה לדברי מתיקה ולמסח,,בונבוניירה פררו רושה,גרמים,212.00,100 גרם,false,1,43.50,20.52,true,1,
8000500121436,false,מארז קינדר בואנו Kinder Bueno לבן שלוש יחידות,פרימיום חברה לדברי מתיקה ולמסח,,שלישייה קינדר בואנו,גרמים,129.00,100 גרם,false,1,9.90,7.67,true,1,
8000500227848,false,נוטלה - בי רדי אצבעות ביסקוויט במילוי שוקולד 6 יח' * 22 גרם,פרימיום-חברה לדברי מתיקה ולמסח,IT,וופל נוטלה בי רדי שי,גרמים,132.00,100 גרם,false,1,12.50,9.47,true,1,
8000500247167,false,פררו קולקשן - כדורי וופל מצופים 24 יחידו,פרימיום-חברה לדברי מתיקה ולמסח,,פררו קולקשיין 269 גר,גרמים,269.00,100 גרם,false,1,52.50,19.52,true,1,
8000500248744,false,פררו-קינדר עוגת תפוז במצופת שוקולד 36*10,פררו,IT,פררו-קינדר עוגת תפוז,גרמים,360.00,100 גרם,false,1,29.90,8.31,true,1,
8000500249352,false,קינדר בואנו מיני מיקס שקית 205 ג',פרימיום-חברה לדברי מתיקה ולמסח,,קינדר בואנו מיני מיק,גרמים,205.00,100 גרם,false,1,18.90,9.22,true,1,
8000500256213,false,קינדר שוקולד חלב במילוי קרם חלבי,פרימיום-חברה לדברי מתיקה ולמסח,IT,קינדר שוקולד מיני 12,גרמים,120.00,100 גרם,false,1,10.00,8.33,true,1,
8000500266564,false,ביצי קינדר ענקיות- קריסמס (בנים) 220 גרם,,IT,ביצי קינדר ענקיות- ק,גרמים,220.00,100 גרם,false,1,64.90,29.50,true,1,
8000500269169,false,קינדר קארדס Kinder Cards - חמישייה,פרימיום-חברה לדברי מתיקה ולמסח,IT,וופל קינדר קארדס 128,גרמים,128.00,100 גרם,false,1,13.90,10.86,true,1,
8000500283158,false,עוגת קינד במילוי קרם חלב 270 גרם,פררו,,עוגת קינד במילוי קרם,גרמים,270.00,100 גרם,false,1,29.90,11.07,true,1,
8000500283219,false,עוגת קינדר קקאו במילוי קרם שוקולד 290 גר,פררו,,עוגת קינדר קקאו במיל,גרמים,290.00,100 גרם,false,1,29.90,10.31,true,1,
8000500283240,false,עוגת קינדר במילוי קרם שוקולד 290 גרם,פררו,,פררו-קינדר עוגת ספוג,גרמים,290.00,100 גרם,false,1,29.90,10.31,true,1,
8000500328750,false,כדור וופל פריך מצופה שוקולד פררו רושר 141 ג',פרימיום חברה לדברי מתיקה ולמסח,,רושה מריר 141 גרם,גרמים,141.00,100 גרם,false,1,28.50,20.21,true,1,
8000500372524,false,קינדר סנטה קלאוס ש. מריר חלב 110 גר,,,קינדר סנטה קלאוס ש.,גרמים,110.00,100 גרם,false,1,21.90,19.91,true,1,
8000500374429,false,פררו גרנד רושה מעטפת שוקולד חלב 125 גרם,פרימיום-חברה לדברי מתיקה ולמסח,,בונבוניירה פררו גרנ,גרמים,125.00,100 גרם,false,1,17.70,14.16,true,1,
8000500384664,false,מאגדת גלידה קינדר בואנו רביעייה 284 גרם,,DE,מאגדת גלידה קינדר בו,גרמים,284.00,100 גרם,false,1,34.90,12.29,true,1,
8000500384718,false,"גלידת טילון ""קינדר בואנו"" לבן רביעיה 240 גרם",,DE,מאגדת גלידה קינדר בו,גרמים,284.00,100 גרם,false,1,34.90,12.29,true,1,
8000500386941,false,נוטלה ממרח קקאו עם אגוזי לוז 900 גר`,פרימיום חברה לדברי מתיקה ולמסח,IT,ממרח נוטלה 900 גר,גרמים,900.00,100 גרם,false,1,27.90,3.10,true,1,
8000570048022,false,"וורמוט מרטיני פיירו 750 מ""ל",בקרדי מרטיני,,וורמוט מרטיני פיירו,Unknown,0.00,Unknown,false,1,49.90,49.90,true,1,
8000570283607,false,"מרטיני אסטי מבעבע כשר 750 מ""ל קרטונית",מ.אקרמן בעמ,IT,יין מבעבע מרטיני אסט,מיליליטרים,750.00,"100 מ""ל",false,1,64.90,8.65,true,1,
8000570812708,false,"יין מבעבע מרטיני רוזה 750 מ""ל",,,מבעבע מרטיני רוזה,Unknown,0.00,Unknown,false,1,64.90,64.90,true,1,
8000698463295,false,בונבוניירה אלודי 250 גר FELETTI,H.D.I,IT,בונבוניירה אלודי 250,גרמים,250.00,100 גרם,false,1,67.90,27.16,true,1,
8000698466586,false,בונבוניירה אמנואלה 255 גר FELETTI,,,בונבוניירה אמנואלה 2,גרמים,255.00,100 גרם,false,1,67.90,26.63,true,1,
8000786100408,false,"פולנטה מסורתית 1 ק""ג LA GRANDE ROUTA",לה גרנדה רוטה,,"פולנטה מסורתית 1 ק""ג",קילוגרמים,0.00,"ק""ג",false,1,14.90,14.90,true,1,
8000895003379,false,עוגיות רכות עם שקדים 175 גרם SAPORI,,,עוגיות רכות עם שקדים,גרמים,175.00,100 גרם,false,1,17.40,9.94,true,1,
8001003100218,false,סוכריות יוגטה ג'לי פירות 800 גר',ליימן שליסל בע`מ,,סוכריות יוגטה גילי 8,גרמים,800.00,100 גרם,false,1,23.90,2.99,true,1,
8001090016003,false,טבליות למדיח קלאסי הכל באחד פיירי,דיפלומט מפיצים (1968) בעמ,,טבליות למדיח פיירי 8,Unknown,0.00,Unknown,false,1,44.90,44.90,true,1,
8001090184375,false,"נוזל כלים פיירי 900 מ""ל ירוק אורגינל",דיפלומט מפיצים (1968) בעמ,GB,נוזל כלים פיירי אורי,מיליליטרים,900.00,"100 מ""ל",false,1,12.90,1.43,true,1,
8001090184412,false,"פיירי נוזל לניקוי כלים לימון שקוף, 900 מ""ל",דיפלומט מפיצים (1968) בעמ,GB,נוזל כלים פיירי לימו,מיליליטרים,900.00,"100 מ""ל",false,1,12.90,1.43,true,1,
8001090222428,false,"הרבל אסנסס - שמפו חלב קוקוס 400 מ""ל",דיפלומט מפיצים 1968 בעמ,FR,שמפו הרבל אסנסס חלב,מיליליטרים,400.00,"100 מ""ל",false,1,26.50,6.63,true,1,
8001090222541,false,הרבל אסנסס שמפו תות שדה ומנטה 400 גרם,דיפלומט מפיצים (1968) בעמ,FR,שמפו הרבל אסנסס תות,מיליליטרים,400.00,"100 מ""ל",false,1,26.50,6.63,true,1,
8001090222572,false,הרבל אסנסס מרכך תות שדה ומנטה 400 גרם,דיפלומט מפיצים (1968) בעמ,FR,מרכך הרבל אסנסס תות,מיליליטרים,400.00,"100 מ""ל",false,1,26.50,6.63,true,1,
8001090222725,false,"הרבל אסנסס - שמפו שמן מורינגה 400 מ""ל",דיפלומט מפיצים (1968) בעמ,FR,שמפו הרבל אסנסס שמן,מיליליטרים,400.00,"100 מ""ל",false,1,26.50,6.63,true,1,
8001090222756,false,"הרבל אסנס מרכך תות שמן מורינגה 400 מ""ל",דיפלומט מפיצים (1968) בעמ,FR,מרכך הרבל אסנסס שמן,מיליליטרים,400.00,"100 מ""ל",false,1,26.50,6.63,true,1,
8001090222848,false,"הרבל אסנסס - שמפו שיקום שמן ארגן 400 מ""ל",דיפלומט מפיצים (1968) בעמ,FR,שמפו הרבל אסנסס שיקו,מיליליטרים,400.00,"100 מ""ל",false,1,26.50,6.63,true,1,
8001090290830,false,"אוראל בי משחת שיניים- להלבנה פנינה בוהקת 75 מ""ל",דיפלומט מפיצים (1968) בעמ,,3D WHITEמשחת שיניים,Unknown,0.00,Unknown,false,1,32.50,32.50,true,1,
8001090290939,false,"אוראל בי משחת שיניים- להלבנה לובן בוהק 75 מ""ל",דיפלומט מפיצים (1968) בעמ,,3D WHITEמשחת שיניים,Unknown,0.00,Unknown,false,1,32.50,32.50,true,1,
8001090336491,false,פמפרס בייבי דריי חיתולים מידה +4 31 יח,דיפלומט מפיצים (1986) בע`מ,DE,חיתולי פמפרס בייבי ד,Unknown,0.00,Unknown,false,1,36.50,36.50,true,1,
8001090364203,false,"משחת שיניים אורל בי G&E להלבנה עדינה 75 מ""ל",דיפלומט מפיצים (1968) בעמ,,G&E משחת שיניים אורל,יחידה,1.00,יחידה,false,1,19.90,19.90,true,1,
8001090375186,false,"מרכך מרוכז 200 מ""ל לצבע מלא חיים ""פנטן""",דיפלומט מפיצים (1986) בע`מ,,מרכך מרוכז פנטן,מיליליטרים,200.00,"100 מ""ל",false,1,24.90,12.45,true,1,
8001090375230,false,"מרכך מרוכז 200 מ""ל לחות מוגברת ""פנטן""",דיפלומט מפיצים (1968) בעמ,,מרכך מרוכז פנטן,מיליליטרים,200.00,"100 מ""ל",false,1,24.90,12.45,true,1,
8001090377487,false,מסכה לשיער פנטן לחות מוגברת 300 מל,דיפלומט מפיצים (1968) בעמ,,מסכה לשיער פנטן לחות,מיליליטרים,300.00,"100 מ""ל",false,1,36.90,12.30,true,1,
8001090377531,false,"מסכה לשיער פנטן לצבע מלא חיים 300 מ""ל",דיפלומט מפיצים (1968) בעמ,,מסכה לשיער פנטן לצבע,מיליליטרים,300.00,"100 מ""ל",false,1,36.90,12.30,true,1,
8001090379337,false,פמפרס פרימיום קר חיתולים שלב 3 40 יח VP,דיפלומט מפיצים (1986) בע`מ,,חיתולי פמפרס פרימיום,Unknown,0.00,Unknown,false,1,34.40,34.40,true,1,
8001090379368,false,פמפרס פרימיום קר חיתולים שלב 4 34 יח VP,דיפלומט מפיצים (1986) בע`מ,,חיתולי פמפרס פרימיום,Unknown,0.00,Unknown,false,1,34.40,34.40,true,1,
8001090379399,false,פמפרס פרימיום קר חיתולים שלב 5 30 יח VP,דיפלומט מפיצים (1986) בע`מ,,חיתולי פמפרס פרימיום,Unknown,0.00,Unknown,false,1,34.40,34.40,true,1,
8001090458353,false,סבון כלים פעולה אנטי-בקטריאלית אקליפטוס,דיפלומט מפיצים (1986) בע`מ,,נוזל כלים אנטי בקטרי,מיליליטרים,515.00,"100 מ""ל",false,1,10.90,2.12,true,1,
8001090493637,false,"הד אנד שולדרס שמפו אולטרא טוטאל קר 450 מ""ל",דיפלומט מפיצים (1986) בע`מ,,שמפו לגבר אולטרא טוט,מיליליטרים,450.00,"100 מ""ל",false,1,25.90,5.76,true,1,
8001090540577,false,"מי פה אורל בי להלבנה 500 מ""ל",דיפלומט מפיצים (1968) בעמ,DE,מי פה אורל בי להלבנה,מיליליטרים,500.00,"100 מ""ל",false,1,24.90,4.98,true,1,
8001090580122,false,"הד אנד שולדרס שמפו סופרים משקם 400 מ""ל",דיפלומט מפיצים (1986) בע`מ,FR,שמפו הד&שולדרס סופרי,מיליליטרים,400.00,"100 מ""ל",false,1,20.90,5.23,true,1,
8001090645517,false,"מרכך הרבל אסנסס גינגר 400 מ""ל",הרבל אסנס Herbal Essences,FR,מרכך הרבל אסנסס גינג,מיליליטרים,400.00,"100 מ""ל",false,1,26.50,6.63,true,1,
8001090678195,false,"מרכך הד&שולדרס סופרים לחות 275 מ""ל",דיפלומט מפיצים (1968) בעמ,HU,מרכך הד&שולדרס סופרי,מיליליטרים,275.00,"100 מ""ל",false,1,19.90,7.24,true,1,
8001090678225,false,"הד אנד שולדרס מרכך סופרים משקם 275 מ""ל",דיפלומט מפיצים 1968 בעמ,HU,מרכך הד&שולדרס סופרי,מיליליטרים,275.00,"100 מ""ל",false,1,19.90,7.24,true,1,
8001090678614,false,"הד אנד שולדרס שמפו סופרים לחות 400 מ""ל",דיפלומט מפיצים (1986) בע`מ,FR,שמפו הד&שולדרס סופרי,מיליליטרים,400.00,"100 מ""ל",false,1,20.90,5.23,true,1,
8001090721099,false,טבליות ג'ל לכביסה 3 ב-1 בניחוח אביב הרים,דיפלומט מפיצים (1986) בע`מ,FR,קפסולות לכביסה אריאל,Unknown,0.00,Unknown,false,1,34.90,34.90,true,1,
8001090721129,false,אריאל קפסולות גל לכביסה 3ב1 קולור 27 יח,דיפלומט מפיצים (1986) בע`מ,FR,קפסולות לכביסה אריאל,Unknown,0.00,Unknown,false,1,34.90,34.90,true,1,
8001090734044,false,אולוויז מגן תחתון גיגה פק לארג' אקסטרה פרוטקט 64 יח',דיפלומט מפיצים (1986) בע`מ,,מגן תחתון אולוויז מג,Unknown,0.00,Unknown,false,1,19.90,19.90,true,1,
8001090737809,false,אולוויז מגן תחתון סינגל טנגה 36 יחידות,דיפלומט מפיצים (1968) בעמ,,מגן תחתון אולוויז סי,Unknown,0.00,Unknown,false,1,16.00,16.00,true,1,
8001090740717,false,מגני תחתון אולוויז נורמל עם ניחוח רענן Fresh Scent,פרוקטר אנד גמבל )ראה קוד,,מגן תחתון אולוויז מג,Unknown,0.00,Unknown,false,1,19.90,19.90,true,1,
8001090745903,false,אבקת כביסה טייד פרש אלפיין 4 קג,דיפלומט מפיצים (1986) בע`מ,TR,אבקת כביסה טייד פרש,קילוגרמים,0.00,"ק""ג",false,1,29.90,29.90,true,1,
8001090748638,false,מרכך כביסה לנור מרוכז קיס 1 ל,,SA,מרכך כביסה לנור מרוכ,ליטרים,0.00,ליטר,false,1,31.50,31.50,true,1,
8001090802385,false,קפסולות גל לכביסה טייד בניחוח לנור 26 יח,דיפלומט מפיצים (1986) בע`מ,FR,קפסולות גל לכביסה טי,Unknown,0.00,Unknown,false,1,29.90,29.90,true,1,
8001090832450,false,"שמפו פנטן הנוסחה הקלאסית 660 מ""ל",דיפלומט מפיצים (1986) בע`מ,,שמפו פנטן הנוסחה הקל,מיליליטרים,660.00,"100 מ""ל",false,1,19.90,3.02,true,1,
8001090832535,false,"שמפו פנטן שמן מרוקאי משקם 660 מ""ל",דיפלומט מפיצים (1986) בע`מ,,שמפו פנטן שמן מרוקאי,מיליליטרים,660.00,"100 מ""ל",false,1,19.90,3.02,true,1,
8001090832573,false,שמפו שמן לחות מוגברת 660 מל פנטן,דיפלומט מפיצים (1986) בע`מ,,שמפו פנטן לחות מוגבר,מיליליטרים,660.00,"100 מ""ל",false,1,19.90,3.02,true,1,
8001090832610,false,שמפו שמן למגע רך כמשי 660 מל פנטן,דיפלומט מפיצים (1986) בע`מ,,שמפו פנטן למגע רך כמ,מיליליטרים,660.00,"100 מ""ל",false,1,19.90,3.02,true,1,
8001090832818,false,מרכך פנטן הנוסחה הקלאסית לשיער רגיל ומעורב,דיפלומט מפיצים (1986) בע`מ,,קונדישנר פנטן הנוסחה,מיליליטרים,660.00,"100 מ""ל",false,1,19.90,3.02,true,1,
8001090832856,false,"פנטן 660 מ""ל קונדישינר מרוקאי משקם",דיפלומט מפיצים (1986) בע`מ,,קונדישנר פנטן מרוקאי,מיליליטרים,660.00,"100 מ""ל",false,1,19.90,3.02,true,1,
8001090832931,false,"פנטן 660 מ""ל קונדישינר למגע רך כמשי",דיפלומט מפיצים (1986) בע`מ,,קונדישנר פנטן למגע ר,מיליליטרים,660.00,"100 מ""ל",false,1,19.90,3.02,true,1,
8001090833136,false,אריאל ג`ל כביסה 2.255 ליטר בייבי,דיפלומט מפיצים (1986) בע`מ,FR,גל כביסה אריאל בייבי,ליטרים,0.00,ליטר,false,1,32.90,32.90,true,1,
8001090833167,false,גל כביסה אריאל בניחוח הרים 2.365 ליטר,דיפלומט מפיצים (1986) בע`מ,FR,גל כביסה אריאל בניחו,ליטרים,0.00,ליטר,false,1,32.90,32.90,true,1,
8001090833198,false,אריאל נוזל כביסה 2.47 ליטר ניחוח מרענן,דיפלומט מפיצים (1986) בע`מ,FR,גל כביסה אריאל בניחו,ליטרים,0.00,ליטר,false,1,32.90,32.90,true,1,
8001090833228,false,אריאל ג'ל כביסה קולור 2.365 ליטר,דיפלומט מפיצים (1986) בע`מ,FR,גל כביסה אריאל קולור,ליטרים,0.00,ליטר,false,1,32.90,32.90,true,1,
8001090833259,false,אריאל ג`ל כביסה 3.740 ליטר בניחוח הרים,דיפלומט מפיצים (1968) בעמ,FR,גל כביסה אריאל בניחו,ליטרים,0.00,ליטר,false,1,39.90,39.90,true,1,
8001090899194,false,תחבושות אולוויז פלטינום נורמל 24 יחידות,דיפלומט מפיצים (1986) בע`מ,DE,תחבושות אולוויז פלטי,Unknown,0.00,Unknown,false,1,26.50,26.50,true,1,
8001090899255,false,תחבושות אולוויז פלטינום לילה 16 יחידות,דיפלומט מפיצים (1986) בע`מ,DE,תחבושות אולוויז פלטי,Unknown,0.00,Unknown,false,1,26.50,26.50,true,1,
8001090899286,false,אולוויז תחבושות פלטינום לילה בטוח 14 יח',דיפלומט מפיצים (1986) בע`מ,DE,תחבושות אולוויז פלטי,Unknown,0.00,Unknown,false,1,26.50,26.50,true,1,
8001090992338,false,פיירי טבליות למדיח פלטינום פלוס 50 יחידו,דיפלומט מפיצים (1968) בעמ,,קפסולות למדיח פיירי,Unknown,0.00,Unknown,false,1,44.90,44.90,true,1,
8001100011752,false,וופלים בלוקו במילוי שוקולד 175 גר,אבאל יזמות בעמ,,וופלים בלוקו בטעם קק,גרמים,175.00,100 גרם,false,1,9.90,5.66,true,1,
8001100011769,false,וופלים במילוי קרם אגוזים 175 ג בלוקו,אבאל יזמות בעמ,,וופלים בטעם אגוזי לו,גרמים,175.00,100 גרם,false,1,9.90,5.66,true,1,
8001100011776,false,וופל במילוי קרם חלב 175 גרם בלוקו,אבאל יזמות בעמ,,וופל בטעם וניל 175 ג,גרמים,175.00,100 גרם,false,1,9.90,5.66,true,1,
8001100050546,false,עוגת פנטונה עם צימוקים וקליפות תפו 500 ג,,,עוגת פנטונה עם צימוק,גרמים,500.00,100 גרם,false,1,35.90,7.18,true,1,
8001100051055,false,עוגת פנטונה עם צימוקים בציפוי אגוזי 750ג,,,עוגת פנטונה עם צימוק,גרמים,750.00,100 גרם,false,1,46.90,6.25,true,1,
8001100058979,false,עוגת פנטונה בציפוי סוכר 750 גרם,,IT,עוגת פנדורו בחושה קל,גרמים,750.00,100 גרם,false,1,52.90,7.05,true,1,
8001100059259,false,קוביות וואפל בטעם אגוזי לוז באלוקו 250 ג',אבאל יזמות בעמ,,וופל קוביות בטעם אגו,גרמים,250.00,100 גרם,false,1,10.90,4.36,true,1,
8001100059266,false,קוביות וואפל בטעם חלב וניל באלוקו 250 ג',אבאל יזמות בעמ,,בלוקו וופלים קוביות,גרמים,250.00,100 גרם,false,1,10.90,4.36,true,1,
8001100062518,false,פנטונה 750 גרם PANDORO פח,,,פנטונה 750 גרם PANDO,גרמים,750.00,100 גרם,false,1,72.90,9.72,true,1,
8001100062525,false,פנטונה 750 גרם פח,,,פנטונה 750 גרם,גרמים,750.00,100 גרם,false,1,72.90,9.72,true,1,
8001100063690,false,פנדורו במילוי קרם טירמיסו 800 גר Balocco,,IT,פנדורו במילוי קרם טי,גרמים,800.00,100 גרם,false,1,52.90,6.61,true,1,
8001100064802,false,עוגת סאן סירו 500 גרם,,IT,עוגת סאן סירו 500 גר,גרמים,500.00,100 גרם,false,1,29.90,5.98,true,1,
8001110016341,false,"אמרטו דיסרונו 100 מ""ל",,,אמרטו דיסרונו 1 ליטר,מיליליטרים,1000.00,"100 מ""ל",false,1,114.90,11.49,true,1,
8001160000888,false,"גטורייד משקה ספורט תפוז 500 מ""ל",אקווה מינרלה סאן בנדטו,,גטורייד ספורט תפוז 5,מיליליטרים,500.00,"100 מ""ל",false,1,12.20,2.44,true,1,
8001160001786,false,"משקה אנרגיה גטורייד ספורט כחול 500מ""ל",אקווה מינרלה סאן בנדטו,,גטורייד ספורט כחול 5,מיליליטרים,500.00,"100 מ""ל",false,1,12.20,2.44,true,1,
8001193050041,false,וופל טוסט בלגי 240 גרם,,,וופל טוסט בלגי 240 ג,גרמים,240.00,100 גרם,false,1,11.80,4.92,true,1,
8001200023808,false,פסטה אליציה צבעוני 500 גר Agnesi,,,פסטה אליציה צבעוני 5,גרמים,500.00,100 גרם,false,1,8.30,1.66,true,1,
8001200025505,false,פסטה פוזילי מס.78 500 גר Agnesi,,,פסטה פוזילי מס.78 50,גרמים,500.00,100 גרם,false,1,8.30,1.66,true,1,
8001200039014,false,פסטה פנה חיטה מלאה 500 גר Agnesi,,,פסטה פנה חיטה מלאה 5,גרמים,500.00,100 גרם,false,1,13.50,2.70,true,1,
8001200045039,false,פסטה ספגטי מס.3 500 גר Agnesi,,IT,פסטה ספגטי מס.3 500,גרמים,500.00,100 גרם,false,1,8.30,1.66,true,1,
8001200045053,false,פסטה ספגטיני מס.2 500 גר Agnesi,,IT,פסטה ספגטיני מס.2 50,גרמים,500.00,100 גרם,false,1,8.30,1.66,true,1,
8001200045176,false,פסטה בוקטיני 500 גר Agnesi,,IT,פסטה בוקטיני 500 גר,גרמים,500.00,100 גרם,false,1,8.30,1.66,true,1,
8001200045190,false,פסטה אליציה מס.56 500 גר Agnesi,,,פסטה אליציה מס.56 50,גרמים,500.00,100 גרם,false,1,8.30,1.66,true,1,
8001200045299,false,פסטה פנה ריגטה 500 גר Agnesi,,IT,פסטה פנה ריגטה 500 ג,גרמים,500.00,100 גרם,false,1,8.30,1.66,true,1,
8001200045350,false,פסטה ניוקי 500 גר Agnesi,,IT,פסטה ניוקי 500 גר Ag,גרמים,500.00,100 גרם,false,1,8.30,1.66,true,1,
8001200045374,false,פסטה צילנטני מסולסל 500 גר Agnesi,,,פסטה צילנטני מסולסל,גרמים,500.00,100 גרם,false,1,8.30,1.66,true,1,
8001200045473,false,פסטה ריגטוני 500 גר Agnesi,,,פסטה ריגטוני 500 גר,גרמים,500.00,100 גרם,false,1,8.30,1.66,true,1,
8001200045831,false,פסטה פארפלה מס.61 500 גר Agnesi,,IT,פסטה פארפלה מס.61 50,גרמים,500.00,100 גרם,false,1,8.30,1.66,true,1,
8001200045916,false,פסטה טליאטלה ביצים 250 גר Agnesi,,,פסטה טליאטלה ביצים 2,גרמים,250.00,100 גרם,false,1,13.50,5.40,true,1,
8001200045978,false,פסטה פפרדלה ביצים 250 גר Agnesi,,,פסטה פפרדלה ביצים 25,גרמים,250.00,100 גרם,false,1,13.50,5.40,true,1,
8001200045992,false,פסטה ביצים ותרד 250 גר Agnesi,,,פסטה ביצים ותרד 250,גרמים,250.00,100 גרם,false,1,13.50,5.40,true,1,
8001250120410,false,פסטה פנה מס 41 דה צק,רסטרטו יבוא ושיווק בעמ,,פנה 500 גרם DE CECCO,גרמים,500.00,100 גרם,false,1,10.90,2.18,true,1,
8001250120748,false,פסטה ריזו דה ציקו 50,,,ריזו 500 גרם DE CECC,גרמים,500.00,100 גרם,false,1,10.90,2.18,true,1,
8001250120878,false,פסטה קוואטאפי דה ציק,,,קוואטפי 500 גרם DE C,גרמים,500.00,100 גרם,false,1,10.90,2.18,true,1,
8001250120908,false,פסטה ראקט דה ציקו 50,דה צ'אקו DE CECCO,,ראקט 500 גרם DE CECC,גרמים,500.00,100 גרם,false,1,10.90,2.18,true,1,
8001250120915,false,פסטה אורקייטה דה ציק,,,אורקייטה 500 גרם DE,גרמים,500.00,100 גרם,false,1,10.90,2.18,true,1,
8001250120939,false,פסטה פרפלה דה ציקו 5,,,פרפלה 500 גרם DE CEC,גרמים,500.00,100 גרם,false,1,10.90,2.18,true,1,
8001250121981,false,פוזילי מסולסל 500 גרם DE CECCO,,,פוזילי מסולסל 500 גר,גרמים,500.00,100 גרם,false,1,10.90,2.18,true,1,
8001250152015,false,פפרדלה פסטה דורום 500 גרם,רסטרטו יבוא ושיווק בעמ,,פפרדלה 500 גרם DE CE,גרמים,500.00,100 גרם,false,1,18.90,3.78,true,1,
8001250152114,false,טריפוליני 500 גרם DE CECCO,דה צ'אקו DE CECCO,,טריפוליני 500 גרם DE,גרמים,500.00,100 גרם,false,1,18.90,3.78,true,1,
8001250152336,false,פטוצ`יני פסטה דורום 500 גרם,רסטרטו יבוא ושיווק בעמ,,פטוציני 500 גרם DE C,גרמים,500.00,100 גרם,false,1,18.90,3.78,true,1,
8001250201003,false,קנלוני צינורות פסטה ביצים 250 גרם,רסטרטו יבוא ושיווק בעמ,,קנלוני ביצים 250 גרם,גרמים,250.00,100 גרם,false,1,19.80,7.92,true,1,
8001250201034,false,פטוציני ביצים 250 גרם DE CECCO,DE CECCO,,פטוציני ביצים 250 גר,גרמים,500.00,100 גרם,false,1,14.90,2.98,true,1,
8001250250018,false,"שמן זית EXTRA VIRGIN CLASSICO (כחול) 750 מ""ל",VIRGINIAS INDUSTRIAS,,שמן זית קלאסיקו 750,מיליליטרים,750.00,"100 מ""ל",false,1,41.90,5.59,true,1,
8001250310125,false,ספגטי חיטה מלאה 500 גרם DE CECCO,,,ספגטי חיטה מלאה 500,גרמים,500.00,100 גרם,false,1,14.90,2.98,true,1,
8001250861764,false,קמח מחיטת דורום דה צ,דה צקו,,קמח דורום 1 קג,גרמים,1000.00,100 גרם,false,1,22.90,2.29,true,1,
8001291020014,false,ריקאסולי קיאנטי קלאסיקו ברוליו 750 מל,,,ריקאסולי קיאנטי קלאס,Unknown,0.00,Unknown,false,1,97.90,97.90,true,1,
8001291057515,false,ברון קיאנטי דל ברון ריקאסולי 750 מל,,,ברון קיאנטי דל ברון,Unknown,0.00,Unknown,false,1,51.90,51.90,true,1,
8001291779912,false,ברון ריקאסולי רוקה גואיצארדה 750 מ,,,ברון ריקאסולי רוקה,Unknown,0.00,Unknown,false,1,128.90,128.90,true,1,
8001291927511,false,"יין ריקאסולי, טראפולה, רוסו 750 מ""ל",,,"יין ריקאסולי, טראפול",Unknown,0.00,Unknown,false,1,72.90,72.90,true,1,
8001387077106,false,קונטיזקה קאנטלופי פרימיטיבו סאלנטו 750 מ,,IT,קונטיזקה קאנטלופי פר,מיליליטרים,750.00,"100 מ""ל",false,1,57.90,7.72,true,1,
8001387287109,false,קונטיזקה קוואטרו קונטי פרימיטיבו 750 מל,,IT,קונטיזקה קוואטרו קונ,מיליליטרים,750.00,"100 מ""ל",false,1,43.90,5.85,true,1,
8001420001327,false,אורז ריזוטו ארבוריו 500 גרם,ריזו גאלו,,אורז ריזוטו ארבוריו,גרמים,500.00,100 גרם,false,1,13.90,2.78,true,1,
8001420002782,false,אורז שחור ונרה 500 גר,,,אורז שחור ונרה 500 ג,גרמים,500.00,100 גרם,false,1,32.90,6.58,true,1,
8001440118944,false,שלישיית עגבניות פולפה צ'יריו 400 גרם,דיפלומט מפיצים (1968) בעמ**,IT,עגבניות פולפה 3*400,קילוגרמים,0.00,"ק""ג",false,1,15.90,15.90,true,1,
8001440134487,false,עגבניות שרי מקולפות 400 גר CIRIO,דיפלומט מפיצים (1968) בעמ**,IT,עגבניות שרי מקולפות,גרמים,400.00,100 גרם,false,1,9.90,2.48,true,1,
8001505000160,false,מעדן דובדבנים אורגני 250 גר FIORDIFRUTT,פיור די פרוטה,,מעדן דובדבנים אורגני,גרמים,250.00,100 גרם,false,1,22.90,9.16,true,1,
8001505000184,false,מעדן אוכמניות אורגני 250 גר FIORDIFRUTT,אף.סי תבליני בגליל ב,,מעדן אוכמניות אורגני,גרמים,250.00,100 גרם,false,1,22.90,9.16,true,1,
8001505000306,false,נטורפוד מעדן פירות יער אורגני 250 גרם,פיור די פרוטה,,מעדן פירות יער אורגנ,גרמים,250.00,100 גרם,false,1,22.90,9.16,true,1,
8001505000313,false,ממרח אגוזי לוז אורגני 270 גרם NICCIOLATA,ריג'וני דה אסינו,,ממרח אגוזי לוז אורגנ,גרמים,270.00,100 גרם,false,1,23.90,8.85,true,1,
8001505000320,false,מעדן תותי יער אורגני 250 ג FIORDIFRUTTA,אף.סי תבליני בגליל ב,,מעדן תותי יער אורגני,גרמים,250.00,100 גרם,false,1,22.90,9.16,true,1,
8001505000573,false,מעדן דומדמניות שחורות 250 ג FIORDIFRUTTA,פיור די פרוטה,,מעדן דומדמניות שחורו,גרמים,250.00,100 גרם,false,1,22.90,9.16,true,1,
8001505000580,false,מעדן אפרסק אורגני 250 גרם,פיור די פרוטה,,מעדן אפרסק 250 ג FIO,גרמים,250.00,100 גרם,false,1,22.90,9.16,true,1,
8001505001105,false,ממרח אגוזי לוז אורגני 270 גרם NICCIOLATA,ריג'\וני דה אסינו,,ממרח אגוזי לוז,גרמים,270.00,100 גרם,false,1,23.90,8.85,true,1,
8001505001785,false,ממרח אגוזי לוז לבן אורגני 270 גרם,ריגוני די אסיי ישראל,,ממרח אגוזי לוז לבן א,גרמים,270.00,100 גרם,false,1,23.90,8.85,true,1,
8001505002041,false,ריגוני מעדן חושחש אורגני 250 גרם,פיור די פרוטה,IT,ריגוני מעדן חושחש או,גרמים,250.00,100 גרם,false,1,22.90,9.16,true,1,
8001505003963,false,ממרח אגוזי לוז קראנצי אורגני 270 גרם,,,ממרח אגוזי לוז קראנצ,גרמים,270.00,100 גרם,false,1,23.90,8.85,true,1,
8001561015580,false,ריבת בצל סגול איטלקית 300 גרם,,,ריבת בצל סגול איטלקי,גרמים,300.00,100 גרם,false,1,31.90,10.63,true,1,
8001561024131,false,גושי טונה בהירה עם צילי חריף 3*80 גרם,גיאצינטו קליפו,IT,גושי טונה בהירה עם צ,גרמים,240.00,100 גרם,false,1,29.90,12.46,true,1,
8001620011935,false,"סן בנדטו- מים מינרלים מוגז - מארז שישיית 500 מ""ל",אקווה מינרלה סאן בנד,,שישיית סאן בנדטו מוג,מיליליטרים,1500.00,"100 מ""ל",false,1,12.90,0.86,true,1,
8001620015636,false,"משקה פירות פרוטה-מיקס פירות 400 מ""ל סאן בנדטו",אקווה מינרלה סאן בנדטו ב,,סן בנדטו מיקס פירות,מיליליטרים,400.00,"100 מ""ל",false,1,7.90,1.98,true,1,
8001620017449,false,"סן בנדטו ספורט, מים מינרלים טבעיים 500 מל",אקווה מינרלה סאן בנדטו ב,,"בנדטו שישייה 500 מ""ל",מיליליטרים,500.00,"100 מ""ל",false,1,3.20,0.64,true,1,
8001620017456,false,"סן בנדטו ספורט, מים מינרלים טבעיים 500 מ""ל שישייה",אקווה מינרלה סאן בנדטו ב,,סאן בנדטו שישייה 500,מיליליטרים,3000.00,"100 מ""ל",false,1,15.90,0.53,true,1,
8001620018408,false,"משקה פירות בטעם מנגו תפוח 400 מ""ל פרוטה",אקווה מינרלה סאן בנדטו ב,,סן בנדטו מנגו תפוח 4,מיליליטרים,400.00,"100 מ""ל",false,1,7.90,1.98,true,1,
8001620019160,false,"סן בנדטו מים מינרלים בטעם אפרסק 500 מ""ל",אקווה מינרלה סאן בנדטו ב,IL,סאן בנדטו אפרסק 400,מיליליטרים,400.00,"100 מ""ל",false,1,5.30,1.33,true,1,
8001620019177,false,"סן בנדטו מים מינרלים בטעם ענבים 500 מ""ל",אקווה מינרלה סאן בנדטו ב,IL,סאן בנדטו ענבים 400,מיליליטרים,400.00,"100 מ""ל",false,1,5.30,1.33,true,1,
8001637404195,false,גורגונזולה דולצה 150 גרם,,,גורגונזולה דולצה 150,גרמים,150.00,100 גרם,false,1,41.90,27.93,true,1,
8001637410813,false,גורגונזולה פיקנטה 150 גרם,,,גורגונזולה פיקנטה 15,גרמים,150.00,100 גרם,false,1,30.90,20.60,true,1,
8001691709403,false,סט 3 כוסות לולה,,,סט 3 כוסות לולה,Unknown,0.00,Unknown,false,1,29.90,29.90,true,1,
8001691825646,false,סט 6 כוסות נאדיה,,,סט 6 כוסות נאדיה,Unknown,0.00,Unknown,false,1,49.90,49.90,true,1,
8001691850679,false,בקבוק חלב רטרו 1 ליט,,,בקבוק חלב רטרו 1 ליט,Unknown,0.00,Unknown,false,1,19.90,19.90,true,1,
8001780499307,false,דובדבני אמרנה בסירופ 230 גרם,רסטרטו יבוא ושיווק בעמ,IT,דובדבני אמרנה 230 גר,גרמים,230.00,100 גרם,false,1,26.50,11.52,true,1,
8001841006710,false,לנור כדוריות הבושם בניחוח רענן ( 210 גר`,דיפלומט מפיצים (1968) בעמ,GB,כדוריות הבושם לנור נ,גרמים,210.00,100 גרם,false,1,32.90,15.67,true,1,
8001841062624,false,מארז מגבוני פמפרס ללא בישום - רביעייה,דיפלומט מפיצים (1968) בעמ,DE,מגבוני פמפרס פרש ללא,יחידה,1.00,יחידה,false,1,20.90,20.90,true,1,
8001841104751,false,פמפרס פרימיום קר חיתולים שלב 1 52 יח VP,דיפלומט מפיצים (1968) בעמ,TR,חיתולי פמפרס פרימיום,Unknown,0.00,Unknown,false,1,34.40,34.40,true,1,
8001841105093,false,פמפרס פרימיום קר חיתולים שלב 6 26 יח VP,דיפלומט מפיצים (1986) בע`מ,TR,חיתולי פמפרס פרימיום,Unknown,0.00,Unknown,false,1,34.40,34.40,true,1,
8001841137179,false,קונדישינר הד&שולדרס הנוסחה הקלאסית 275מל,דיפלומט מפיצים (1986) בע`מ,RO,קונדישינר הד&שולדרס,מיליליטרים,275.00,"100 מ""ל",false,1,19.90,7.24,true,1,
8001841137216,false,"קונדישנר למגע רך כמשי הד אנד שולדרס 275 מ""ל",דיפלומט מפיצים (1986) בע`מ,RO,קונדישינר הד&שולדרס,מיליליטרים,275.00,"100 מ""ל",false,1,19.90,7.24,true,1,
8001841216584,false,תחבושות אולוויז אולטרה לילה בטוח,דיפלומט מפיצים (1968) בעמ,,תחבושות אולוויז לילה,Unknown,0.00,Unknown,false,1,36.90,36.90,true,1,
8001841500799,false,"הרבל אסנסס - שמפו ללא סולפטים אלוורה ומנגו 380 מ""ל",דיפלומט מפיצים (1968) בעמ,FR,שמפו הרבל אסנסס אלוו,מיליליטרים,380.00,"100 מ""ל",false,1,26.50,6.97,true,1,
8001841500942,false,"הרבל אסנסס - שמפו ללא סולפטים אלוורה ובמבוק 380 מ""ל",דיפלומט מפיצים (1986) בע`מ,FR,שמפו הרבל אסנסס אלוו,מיליליטרים,380.00,"100 מ""ל",false,1,26.50,6.97,true,1,
8001841502601,false,"הרבל אסנסס - מרכך ללא סולפטים אלוורה ובמבוק 275 מ""ל",דיפלומט מפיצים (1968) בעמ,FR,מרכך הרבל אסנסס אלוו,מיליליטרים,275.00,"100 מ""ל",false,1,26.50,9.64,true,1,
8001841566771,false,לנור כדוריות בושם בניחוח יסמין 210 גרם,דיפלומט מפיצים (1968) בעמ,GB,כדוריות הבושם לנור נ,גרמים,210.00,100 גרם,false,1,32.90,15.67,true,1,
8001841625188,false,סבון כלים פלטינום לימון X3 פעולות להסרת שומנים,דיפלומט מפיצים (1986) בע`מ,GB,נוזל כלים פיירי פלטי,מיליליטרים,515.00,"100 מ""ל",false,1,10.90,2.12,true,1,
8001841625362,false,"נוזל כלים בניחוח לימון פלטינום 780 מ""ל פיירי",דיפלומט מפיצים (1968) בעמ,GB,נוזל כלים פיירי פלטי,מיליליטרים,780.00,"100 מ""ל",false,1,12.90,1.65,true,1,
8001841625461,false,סבון כלים פלטינום X3 פעולות להסרת שומנים,דיפלומט מפיצים (1986) בע`מ,GB,נוזל כלים פיירי פלטי,מיליליטרים,515.00,"100 מ""ל",false,1,10.90,2.12,true,1,
8001841660257,false,מסכה לשיער פנטן מיראקלס במבוק 160 מל,דיפלומט מפיצים (1968) בעמ,FR,מסכה פנטן מיראקלס במ,מיליליטרים,160.00,"100 מ""ל",false,1,21.90,13.69,true,1,
8001841660530,false,קרם לחות מינרלס במבוק + חלבון משקם לשיער ארוך,דיפלומט מפיצים (1968) בעמ,FR,קרם לחות פנטן מיראקל,ליטרים,2.75,ליטר,false,1,21.90,7.96,true,1,
8001841669519,false,קפסולות לכביסה ALL IN ONE אריאל 55 יחידות,דיפלומט מפיצים (1986) בע`מ,FR,קפסולות לכביסה אריאל,יחידה,1.00,יחידה,false,1,66.90,66.90,true,1,
8001841722146,false,אולוויז מגן תחתון וליופק נורמל 56 יחידות,דיפלומט,,מגן תחתון אולוויז לא,Unknown,0.00,Unknown,false,1,14.90,14.90,true,1,
8001841943961,false,לנור כדוריות בושם בניחוח אוקיינוס 210 גר,דיפלומט מפיצים (1968) בעמ,GB,כדוריות הבושם לנור א,גרמים,210.00,100 גרם,false,1,32.90,15.67,true,1,
8001841958460,false,פיירי טבליות למדיח אורגינל הכל באחד - מארז 48 יח',דיפלומט מפיצים (1986) בע`מ,BE,טבליות למדיח פיירי 4,יחידה,1.00,יחידה,false,1,41.90,41.90,true,1,
8001841960081,false,פיירי טבליות למדיח פלטינום הכל באחד - מארז 37 יח',דיפלומט מפיצים (1986) בע`מ,,טבליות למדיח פלטינום,יחידה,1.00,יחידה,false,1,41.90,41.90,true,1,
8001876002145,false,פולנטה 500 גרם COLAVITA,,IT,פולנטה 500 גרם COLAV,גרמים,500.00,100 גרם,false,1,7.90,1.58,true,1,
8001906997557,false,פרל אנימה - מבעבע רוזה חצי מתוק 750 מל,,IT,פרל אנימה - מבעבע רו,Unknown,0.00,Unknown,false,1,41.90,41.90,true,1,
8001935221401,false,וילה אנטינורי אדום 750 מל,איטליה אנטינורי,,וילה אנטינורי אדום,Unknown,0.00,Unknown,false,1,83.90,83.90,true,1,
8001935353201,false,ווילה אנטינורי לבן 750 מל,איטליה אנטינורי,,ווילה אנטינורי לבן 7,Unknown,0.00,Unknown,false,1,51.90,51.90,true,1,
8001943549122,false,"צ'וקטה מטבעות שוקולד חלב, 40 גרם",ואל קור קורסניני אס אנ ס,,צוקטה מטבעות שוקולד,גרמים,40.00,100 גרם,false,1,4.90,12.25,true,1,
8002062001522,false,מודלו דלה ונציה מאסי 750 מל,מאסי,,מודלו דלה ונציה מאסי,Unknown,0.00,Unknown,false,1,69.90,69.90,true,1,
8002062006510,false,יין רוזה די מאסי 750,מאסי,,"רוזה די מאסי 750 מ""ל",מיליליטרים,750.00,"100 מ""ל",false,1,104.90,13.99,true,1,
8002190001807,false,עוגיות עשירות בסיבים תזונתיים ללא תוספת,,,עוגיות עשירות בסיבים,גרמים,300.00,100 גרם,false,1,15.90,5.30,true,1,
8002190003306,false,וופל עם קרם קקאו וקרם וניל ללא תוספת סוכ,,,וופל עם קרם קקאו וקר,גרמים,175.00,100 גרם,false,1,11.90,6.80,true,1,
8002200143206,false,קפה קימבו ריסטרטו אלומינ עוצמה 12 -10 קפ,טמפו משקאות בעמ,,קפה קימבו ריסטרטו אל,Unknown,0.00,Unknown,false,1,18.80,18.80,true,1,
8002213004068,false,"קמח לפיצה pz2 {ורוד} 1 ק""ג",,,"קמח לפיצה 1 ק""ג PZ2",גרמים,1000.00,100 גרם,false,1,13.00,1.30,true,1,
8002213011301,false,"קמח לפסטה סוג 00 ק""ג {כחול}",,,"קמח לפסטה סוג ""00"" 1",גרמים,1000.00,100 גרם,false,1,14.50,1.45,true,1,
8002230000012,false,מארז משקה קוקטייל אפ,החברה המרכזית להפצת משקאות בעמ,,אפרול 1 ליטר,מיליליטרים,1000.00,"100 מ""ל",false,1,89.90,8.99,true,1,
8002267014945,false,שלישייה ביצי שוקולד חלב עם צעצוע הוט ווילס,ואל קור קורסניני אס אנ ס,,ביצת שוקולד הפתעה הו,גרמים,60.00,100 גרם,false,1,12.90,21.50,true,1,
8002267016475,false,ביצת שוקולד הפתעה בוב הבנאי שלישייה 60 ג,מולינו ניקולי s.p.a,IT,ביצת שוקולד הפתעה בו,גרמים,60.00,100 גרם,false,1,12.90,21.50,true,1,
8002270015656,false,מים מינרליים טבעיים מוגזים סן פלגרינו 750 מל זכוכית,סן פלגרינו ס.פ.א לוק,,סאן פלגרינו 750 מל,מיליליטרים,750.00,"100 מ""ל",false,1,10.90,1.45,true,1,
8002270166587,false,מים סן פלגרינו 1ליטר בקבוק פלסטיק שישי,טמפו משקאות בעמ,,שישייה סאן פלגרינו פ,ליטרים,0.01,ליטר,false,1,51.90,5190.00,true,1,
8002270166594,false,"שישיית מים ""סאן פלגרינו"" 250*6 מ""ל",טמפו,,שישיית סאן פלגרינו 2,מיליליטרים,1500.00,"100 מ""ל",false,1,32.90,2.19,true,1,
8002270256790,false,"שישייה סן פלגרינו אסנזה תפוז אדום 500 מ""ל",סן פלגרינו San Pellegrino,,שישיית סאן פלגרינו ב,מיליליטרים,3000.00,"100 מ""ל",false,1,31.90,1.06,true,1,
8002270436581,false,סאן פלגרינו פלסטיק מוגז שישייות 500*6,טמפו משקאות בע`מ,,שישיית מים סאן פלגרי,מיליליטרים,3000.00,"100 מ""ל",false,1,22.90,0.76,true,1,
8002270866524,false,סן פלגרינו מים מינרליים טבעיים מוגזים,פארייפאבה אגרואינדוס,,סאן פלגרינו 1 ליטר,מיליליטרים,1000.00,"100 מ""ל",false,1,9.90,0.99,true,1,
8002305008271,false,רוקה דלה מאציה קיאנטי קלאסיקו רזרב 750 מ,,,רוקה דלה מאציה קיאנט,Unknown,0.00,Unknown,false,1,110.90,110.90,true,1,
8002305008370,false,"רוקה דלה מאציה מנדוס פרימיטיבו 750 מ""ל",,,רוקה דלה מאציה מנדוס,Unknown,0.00,Unknown,false,1,79.90,79.90,true,1,
8002305009162,false,רוקה דלה מאציה רוקטו טוסקנה 750 מל,,,רוקה דלה מאציה רוקטו,Unknown,0.00,Unknown,false,1,172.90,172.90,true,1,
8002305009339,false,"יין קיאנטי ורונלו 375 מ""ל",,IT,יין קיאנטי ורונלו,מיליליטרים,375.00,"100 מ""ל",false,1,29.90,7.97,true,1,
8002305009506,false,רוקה דלה מאציה קיאנטי קלאסיקו 750 מל,,,רוקה דלה מאציה קיאנט,Unknown,0.00,Unknown,false,1,88.90,88.90,true,1,
8002590012915,false,קרקר מלוח 250 גרם COLUSSI,,,קרקר מלוח 250 גרם CO,גרמים,250.00,100 גרם,false,1,6.80,2.72,true,1,
8002590017514,false,קרקר רוזמרין ושמן זית 250 גרם COLUSSI,,,קרקר רוזמרין ושמן זי,גרמים,250.00,100 גרם,false,1,7.90,3.16,true,1,
8002590017538,false,קרקר חיטה מלאה 250 גרם COLUSSI,,,קרקר חיטה מלאה 250 ג,גרמים,250.00,100 גרם,false,1,6.80,2.72,true,1,
8002670504279,false,גרנורולו בורגר טבעוני 220 גרם,,IT,גרנורולו בורגר טבעונ,גרמים,220.00,100 גרם,false,1,27.90,12.68,true,1,
8002670504286,false,גרנורולו מיני בורגר טבעוני 180 גרם,,IT,גרנורולו מיני בורגר,גרמים,180.00,100 גרם,false,1,27.90,15.50,true,1,
8002820000804,false,בטסיולו ברולו 750 מל,,,בטסיולו ברולו,Unknown,0.00,Unknown,false,1,163.90,163.90,true,1,
8002820000897,false,בטסיולו ברברסקו 750 מל,,,בטסיולו ברברסקו,Unknown,0.00,Unknown,false,1,165.90,165.90,true,1,
8003007800484,false,פסטה צוקה 4 טעמים 500 גרם,,,פסטה צוקה 4 טעמים,גרמים,500.00,100 גרם,false,1,15.90,3.18,true,1,
8003007800842,false,פסטה קונצינטלי 4 טעמים 500 גרם,,,פסטה קונצינטלי 4 טע,גרמים,500.00,100 גרם,false,1,15.90,3.18,true,1,
8003007816683,false,פסטה ארמוניקה 4 טעמים,,,פסטה ארמוניקה 500 גר,גרמים,500.00,100 גרם,false,1,15.90,3.18,true,1,
8003207997854,false,"יין פאבולינו קיאנטי 750 מ""ל",,IT,יין פאבולינו קיאנטי,Unknown,0.00,Unknown,false,1,39.90,39.90,true,1,
8003207997861,false,"יין פאבולינו טוסקנה רוסו 750 מ""ל",‎פאבולינו,IT,יין פאבולינו טוסקנה,Unknown,0.00,Unknown,false,1,39.90,39.90,true,1,
8003207997960,false,"פאבולינו קיאנטי רזרב 750 מ""ל",,IT,פאבולינו קיאנטי רזרב,מיליליטרים,750.00,"100 מ""ל",false,1,54.90,7.32,true,1,
8003250006398,false,שמן גרעיני ענבים 1 ליטר Olivital,תבואות,,שמן גרעיני ענבים 1 ל,מיליליטרים,1000.00,"100 מ""ל",false,1,29.90,2.99,true,1,
8003294529228,false,פילה טונה בהירה במים 190 גרם,ג'נרל קונסרבה,IT,פילה טונה בהירה במים,גרמים,190.00,100 גרם,false,1,29.90,15.74,true,1,
8003340091280,false,לינדט לינדור בונבוניירה 60% מוצקי קקאו 200 גרם,לינדט ושפרונגלי קילשברג,,בונבוניירה לינדור60%,גרמים,200.00,100 גרם,false,1,29.90,14.95,true,1,
8003410212638,false,תערובת פולי קפה אינטרמצו עוצמה 12 500 ג,SEGAFREDO,IT,תערובת פולי קפה אינט,גרמים,500.00,100 גרם,false,1,67.90,13.58,true,1,
8003410249306,false,שרוול תערובת קפה קלאסיקו עוצמה 10,,IT,שרוול תערובת קפה סגפ,גרמים,10.00,100 גרם,false,1,20.90,209.00,true,1,
8003410249313,false,שרוול תערובת קפה אינטנסו עוצמה 12,,IT,שרוול תערובת קפה סגפ,גרמים,11.00,100 גרם,false,1,20.90,190.00,true,1,
8003410249344,false,"סגפרדו, קפסולות קפה, פרו, עוצמה 9",,,"סגפרדו, קפסולות קפה,",גרמים,10.00,100 גרם,false,1,20.90,209.00,true,1,
8003410249351,false,"סגפרדו, קפסולות קפה, ברזיל, עוצמה 8",,,"סגפרדו, קפסולות קפה,",גרמים,10.00,100 גרם,false,1,20.90,209.00,true,1,
8003410446477,false,שרוול תערובת קפה ריסטרטו עוצמה 11,,IT,שרוול תערובת קפה סגפ,גרמים,12.00,100 גרם,false,1,20.90,174.17,true,1,
8003440992395,false,צופה צופ חמוץ גומי 150 גרם,פרפטי ואן מלה,ES,צופה צופ חמוץ גומי 1,גרמים,150.00,100 גרם,false,1,11.40,7.60,true,1,
8003440997833,false,מסטיק פיור פרש 100 יח בשקית בטעם פירות מנטה,פרפטי ואן מלה ברדה,TR,מסטיק פיורפרש מנטה פ,גרמים,200.00,100 גרם,false,1,19.90,9.95,true,1,
8003445000859,false,סבון נסטי שמן זית לבנדר טבעי 100 גרם,אשר שיווק,,סבון נסטי שמן זית לב,גרמים,100.00,100 גרם,false,1,12.90,12.90,true,1,
8003445000873,false,סבון נסטי שמן זית אלוורה טבעי 100 גרם,אשר שיווק,,סבון נסטי שמן זית אל,גרמים,100.00,100 גרם,false,1,12.90,12.90,true,1,
8003490038708,false,רוברטו-מקלות גריסיני רוזמרין 250 גר,,IT,רוברטו-מקלות גריסיני,גרמים,250.00,100 גרם,false,1,24.90,9.96,true,1,
8003490042804,false,רוברטו-מקלות גריסיני שמן זית 250 גר,,,רוברטו-מקלות גריסיני,גרמים,250.00,100 גרם,false,1,17.90,7.16,true,1,
8003490043207,false,רוברטו-מקלות מיני גריסיני שומשום 150 גר,ג.וילי פוד אינטרנשיונל בעמ,,רוברטו-מקלות מיני גר,גרמים,150.00,100 גרם,false,1,12.90,8.60,true,1,
8003490044488,false,רוברטו-מקלות מיני גריסיני בטעם פיצה 150,ג.וילי-פוד אינטרנשיונל בעמ,,רוברטו-מקלות מיני גר,גרמים,150.00,100 גרם,false,1,12.90,8.60,true,1,
8003490044501,false,רוברטו-מקלות מיני גריסיני מלוחים 150 גר,רוברטו אידוסטריה,,רוברטו-מקלות מיני גר,גרמים,150.00,100 גרם,false,1,12.90,8.60,true,1,
8003490044808,false,רוברטו-ברוסקטה שמן זית 100 גר,,,רוברטו-ברוסקטה שמן ז,גרמים,100.00,100 גרם,false,1,11.90,11.90,true,1,
8003490044815,false,רוברטו-ברוסקטה רוזמרין 100 גר,,,רוברטו-ברוסקטה רוזמר,גרמים,100.00,100 גרם,false,1,11.90,11.90,true,1,
8003490044822,false,רוברטו-ברוסקטה פסטו 100 גר,,,רוברטו-ברוסקטה פסטו,גרמים,100.00,100 גרם,false,1,11.90,11.90,true,1,
8003490044990,false,רוברטו-מקלות גריסיני שומשום 250,,IT,רוברטו-מקלות גריסיני,גרמים,250.00,100 גרם,false,1,24.90,9.96,true,1,
8003490047038,false,רוברטו-קרוטונים לסלט ולמרק 125 גר,,,רוברטו-קרוטונים לסלט,גרמים,125.00,100 גרם,false,1,17.90,14.32,true,1,
8003653002409,false,מברשת מעוצבת לניקוי אסלות,טונקיטה,,סט לניקוי אסלות מעוצ,Unknown,0.00,Unknown,false,1,21.90,21.90,true,1,
8003653003000,false,מברשת לניקוי כלים,טונקיטה,,מברשת לניקוי כלים,Unknown,0.00,Unknown,false,1,9.50,9.50,true,1,
8003653005301,false,טונקיטה מברשת עם ידית אחיזה,טונקיטה,,מבשת לקרצוף עם ידית,Unknown,0.00,Unknown,false,1,13.90,13.90,true,1,
8003653008258,false,"tonkitaTK854 מגב לריצפה 44 ס""מ+מקל",טונקיטה,,מגב לריצפה עם מקל 44,Unknown,0.00,Unknown,false,1,26.90,26.90,true,1,
8003653008708,false,"tonkitaTK855 מגב לריצפה 55 ס""מ",טונקיטה,,"מגב לריצפה 55 ס""מ",Unknown,0.00,Unknown,false,1,31.50,31.50,true,1,
8003653033526,false,tonkitaTK610 מטאטא פנימי maxi+מקל,,,מטאמא פנימי מקסי,Unknown,0.00,Unknown,false,1,34.90,34.90,true,1,
8003653033588,false,tonkitaTK620 מטאטא פנימי /חיצוני universal+מקל,טונקיטה,,מטאטא פנימי/חיצוני י,Unknown,0.00,Unknown,false,1,30.50,30.50,true,1,
8003753900438,false,קפה לנדוור אילי אספרסו טחון 250 גרם,ש.שסטוביץ בעמ,,קפה לנדוור אילי אספר,גרמים,250.00,100 גרם,false,1,42.90,17.16,true,1,
8003866012196,false,פחית קפה טחון 100% ארביקה 250 גרם DIEMME,,,פחית קפה טחון 100% א,גרמים,250.00,100 גרם,false,1,32.90,13.16,true,1,
8004030022010,false,ירקות גינה עם טונה ריו מרה אינסלטיסימי 160 ג',"בולטון אלימנטרי בע""\מ",,ריו מרה אינסלטיסימי,גרמים,160.00,100 גרם,false,1,15.00,9.38,true,1,
8004030026018,false,"מקסיקני עם טונה ריו מרה אינסלטיסימי, 160 ג'","בולטון אלימנטרי בע""\מ",,ריו מרה אינסלטיסימי,גרמים,160.00,100 גרם,false,1,15.00,9.38,true,1,
8004030044005,false,נתחי טונה בהירה בשמן זית ריו מרה 112גרם,"בולטון אלימנטרי בע""\מ",,טונה בשמן זית ריו מר,גרמים,160.00,100 גרם,false,1,16.80,10.50,true,1,
8004030081024,false,נתחי טונה עם שום ופלפל אדום ריו מרה 160 ג',"בולטון אלימנטרי בע""\מ",,טונה בשמן זית שום ופ,גרמים,160.00,100 גרם,false,1,16.80,10.50,true,1,
8004030102033,false,טונה בשמן זית עם מיץ לימון ופלפל שחור - מארז 3 יח',בולטון אלימנטרי,,טונה ריו מרה בשמן עם,גרמים,240.00,100 גרם,false,1,26.90,11.21,true,1,
8004030177000,false,טונה בשמן זית וצ'ילי ריו מרה מארז 80X3 גר',ש. שסטוביץ בע`מ,,טונה בשמן זית עם ציל,גרמים,240.00,100 גרם,false,1,26.90,11.21,true,1,
8004030180000,false,ריו מרה טונה בשמן זית כתית מעולה 3*80 גרם,"בולטון אלימנטרי בע""\מ",,טונה בשמן זית כתית ר,גרמים,240.00,100 גרם,false,1,31.50,13.13,true,1,
8004030344938,false,"ריו מרה טונה בשמן זית 3X80 גרם מתכון חדש כשל""פ","בולטון אלימנטרי בע""\מ",,שלישיית טונה ריו מרה,גרמים,240.00,100 גרם,false,1,26.90,11.21,true,1,
8004030381681,false,ריו מרה נתחי טונה בהירה בשמן זית זוג 160 גר,ש. שסטוביץ בע`מ,IT,טונה בשמן זית זוגות,גרמים,320.00,100 גרם,false,1,29.90,9.34,true,1,
8004030845046,false,טונה עם ירקות בתוספת עם אורז ריו מרה אינסלטיסימי 160 ג',בולטון אלימנטרי,,ריו מרה אינסלטיסימי,גרמים,160.00,100 גרם,false,1,15.00,9.38,true,1,
8004030860001,false,ירקות עם קוקוס וטונה ריו מרה אינסלטיסימי 160 ג',"בולטון אלימנטרי בע""\מ",,ריו מרה אינסלטיסימי,גרמים,160.00,100 גרם,false,1,15.00,9.38,true,1,
8004123004893,false,"שמן מתובל בטעם פטריות כמהין 250 מ""ל",באסו פדלה,IT,שמן מתובל בטעם פטריו,מיליליטרים,250.00,"100 מ""ל",false,1,38.90,15.56,true,1,
8004275054418,false,שמן זרעי ענבים 1 ליטר קוריצלי,,,שמן זרעי ענבים 1 ליט,מיליליטרים,1000.00,"100 מ""ל",false,1,41.90,4.19,true,1,
8004275058775,false,שמן זית כתית מעולה 500 מל CIRIO,,,שמן זית כתית מעולה 5,מיליליטרים,500.00,"100 מ""ל",false,1,25.50,5.10,true,1,
8004275058904,false,שמן זית כתית מעולה 5 ליטר CIRIO,,,שמן זית כתית מעולה 5,ליטרים,0.01,ליטר,false,1,239.50,23950.00,true,1,
8004275058942,false,"שמן זית כתית מעולה 750 מ""ל CIRIO",,,שמן זית כתית מעולה 7,מיליליטרים,750.00,"100 מ""ל",false,1,38.90,5.19,true,1,
8004275059543,false,"חומץ בלסמי ממודנה גלייז 250 מ""ל CIRIO",,,חומץ בלסמי ממודנה,מיליליטרים,250.00,"100 מ""ל",false,1,20.90,8.36,true,1,
8004275059888,false,"חומץ בן יין אדום 500 מ""ל CIRIO",,,חומץ בן יין אדום 500,מיליליטרים,500.00,"100 מ""ל",false,1,15.00,3.00,true,1,
8004275059895,false,"חומץ בן יין לבן 500 מ""ל CIRIO",,,חומץ בן יין לבן 500,מיליליטרים,500.00,"100 מ""ל",false,1,15.00,3.00,true,1,
8004275079442,false,שמן זית כתית מעולה לא מסונן 1 ליטר CIRIO,,,שמן זית כתית מעולה,מיליליטרים,1000.00,"100 מ""ל",false,1,56.50,5.65,true,1,
8004275080509,false,"CIRIO שמן זית אורגני כתית מעולה 500 מ""ל",,IT,CIRIO שמן זית אורגני,מיליליטרים,500.00,"100 מ""ל",false,1,39.50,7.90,true,1,
8004309015217,false,גבינת בורטה איטלקית,,IT,בורטה איטלקית 125 גר,גרמים,125.00,100 גרם,false,1,23.90,19.12,true,1,
8004360021066,false,כוס PIEMONTESE 10.5CL,,,כוס PIEMONTESE 10.5,Unknown,0.00,Unknown,false,1,7.00,7.00,true,1,
8004360061208,false,צנצנת זכוכית קליפס 125 מ,,,פידו צנצנת הרמטי 0.,Unknown,0.00,Unknown,false,1,22.90,22.90,true,1,
8004690278246,false,"קמח דורום איטלקי לפיצה 1 ק""ג",,IT,קמח דורום איטלקי לפי,גרמים,1000.00,100 גרם,false,1,10.40,1.04,true,1,
8004690278277,false,"קמח דורום מלא איטלקי 1 ק""ג",,IT,קמח דורום מלא איטלקי,גרמים,1000.00,100 גרם,false,1,10.90,1.09,true,1,
8004708018987,false,מלח ורוד הימלאיה במטחנה 90 ארומה דה טוסק,דרוגיה ואלימנטרי אס.אר.א,,מלח ורוד הימלאיה במט,גרמים,90.00,100 גרם,false,1,13.50,15.00,true,1,
8004800000064,false,לאגו פלאסיר- גלילי ופל קרם קקאו בציפוי ש.חלב - 100 ג',תה ויסוצקי (ישראל) בעמ,,גלילי וופל לאגו פלאס,גרמים,100.00,100 גרם,false,1,11.90,11.90,true,1,
8004800000071,false,לאגו פלאסיר- גלילי ופל במילוי קרם אגוזי לוז שוקולד חלב - 100 ג',תה ויסוצקי (ישראל) בעמ,,גלילי וופל לאגו פלאס,גרמים,100.00,100 גרם,false,1,11.90,11.90,true,1,
8004800004802,false,לאגו פלאסיר גליליוופל קרם דומדמניות 100 גרם,תה ויסוצקי (ישראל) בעמ,,גלילי וופל לאגו פלאס,גרמים,100.00,100 גרם,false,1,11.90,11.90,true,1,
8004800004826,false,לאגו פלאסיר - וופלים במילוי קרם קוקוס שוקולד מריר - 98ג,תה ויסוצקי (ישראל) בעמ,,וופלים לאגו פלאסיר ק,גרמים,98.00,100 גרם,false,1,11.90,12.14,true,1,
8004800005502,false,וופל מיני רול גלילי ופל במילוי קרם קקאו- 125 ג' לאגו,תה ויסוצקי (ישראל) בעמ,,גלילי ופל לאגו מיני,גרמים,125.00,100 גרם,false,1,10.90,8.72,true,1,
8004800008152,false,בישקוטים לאגו 200 גרם,,,בישקוטים לאגו 200 גר,גרמים,200.00,100 גרם,false,1,6.50,3.25,true,1,
8005085719429,false,קריספו-צימוקים מצופים שוקולד מריר 150 גר,,IT,קריספו-צימוקים מצופי,גרמים,150.00,100 גרם,false,1,12.90,8.60,true,1,
8005085726496,false,קריספו-ביצי ש.חלב ועדשי שוקולד 150 ג,,IT,קריספו-ביצי ש.חלב וע,גרמים,150.00,100 גרם,false,1,12.90,8.60,true,1,
8005095010141,false,"יין פיגין פריולאנו פריולי גראב 750 מ""ל",,,יין פיגין פריולאנו פ,מיליליטרים,750.00,"100 מ""ל",false,1,72.90,9.72,true,1,
8005095010172,false,יין פיגין פינו גריגיו פריולי גראב 750 מל,,,יין פיגין פינו גריגי,מיליליטרים,750.00,"100 מ""ל",false,1,72.90,9.72,true,1,
8005110002243,false,רכז עגבניות Doppio Concentr בשפופרת 185 ג' MUTTI,רסטרטו יבוא ושיווק בעמ*אין החז,,רכז עגבניות DOPPIO ב,גרמים,185.00,100 גרם,false,1,7.50,4.05,true,1,
8005110060007,false,עגבניות מקולפות 400 גרם MUTTI,רסטרטו יבוא ושיווק בעמ,,עגבניות מקולפות 400,מיליליטרים,426.00,"100 מ""ל",false,1,6.90,1.62,true,1,
8005110060106,false,מארז זוג עגבניות מקולפות 400*2 גרם MUTTI,רסטרטו יבוא ושיווק בעמ,,מארז זוג עגבניות מקו,גרמים,800.00,100 גרם,false,1,14.90,1.86,true,1,
8005110170300,false,עגבניות מרוסקות חתוכות מוטי MUTTI שלישיה *400,רסטרטו יבוא ושיווק בעמ*אין החז,,POLPA עגבניות חתוכות,גרמים,400.00,100 גרם,false,1,16.90,4.23,true,1,
8005110171215,false,עגבניות חתוכות 690 POLPAPEZZI ג' (כחול) MUTTI,רסטרטו יבוא ושיווק בעמ,,POLPAPEZZI עגבניות ח,גרמים,500.00,100 גרם,false,1,14.90,2.98,true,1,
8005110191015,false,רסק עגבניות ובזיליקום MUTTI{ירוק } 700 גרם,רסטרטו יבוא ושיווק בעמ,,רסק עגבניות ובזיליקו,גרמים,500.00,100 גרם,false,1,12.90,2.58,true,1,
8005110550508,false,עגבניות שרי MUTTI 400 גרם,רסטרטו יבוא ושיווק בעמ,,עגבניות שרי 400 גרם,מיליליטרים,400.00,"100 מ""ל",false,1,9.40,2.35,true,1,
8005110551253,false,רוטב לפיצה להכנת פיצה איטלקית קלאסית,רסטרטו יבוא ושיווק בעמ*אין החז,,רוטב פיצה 400 גרם,גרמים,400.00,100 גרם,false,1,9.90,2.48,true,1,
8005180150219,false,PAGANI רביולי גבינה 250 גרם,,IT,PAGANI רביולי גבינה,גרמים,250.00,100 גרם,false,1,19.90,7.96,true,1,
8005180150295,false,PAGANI טורטליני פטריות פורציני 250 גרם,,IT,PAGANI טורטליני פטרי,גרמים,250.00,100 גרם,false,1,19.90,7.96,true,1,
8005180152640,false,PAGANI רביולי גבינה וכמהין 250 גרם,,IT,PAGANI רביולי גבינה,גרמים,250.00,100 גרם,false,1,19.90,7.96,true,1,
8005180152657,false,PAGANI טורטליני ריקוטה ותרד 200 גרם,,IT,PAGANI טורטליני ריקו,גרמים,200.00,100 גרם,false,1,19.90,9.95,true,1,
8005200256587,false,נסטי - תה קר בטעם אפרסק 1.5 ליטר,פארייפאבה אגרואינדוס,IL,נסטי בטעם אפרסק 1.5,ליטרים,0.00,ליטר,false,1,8.90,8.90,true,1,
8005200286584,false,תה קר נסטי מנגו אננס 1.5 ליטר פיקדון,פארייפאבה אגרואינדוס,IL,נסטי בטעם מנגו אננס,ליטרים,0.00,ליטר,false,1,8.90,8.90,true,1,
8005200316588,false,תה קר נסטי אפרסק דיאט 1.5 ליטר פיקדון,פארייפאבה אגרואינדוס,IL,נסטי דיאט בטעם אפרסק,ליטרים,0.00,ליטר,false,1,8.90,8.90,true,1,
8005200486526,false,"נסטי, תה קר בטעם אפרסק 500 מל",פארייפאבה אגרואינדוס,,נסטי בטעם אפרסק 500,מיליליטרים,500.00,"100 מ""ל",false,1,5.90,1.18,true,1,
8005360004639,false,רוטב עגבניות אורגני עם פלפלים 350 גרם,אף.סי תבליני בגליל ב,IT,רוטב עגבניות אורגני,גרמים,350.00,100 גרם,false,1,13.50,3.86,true,1,
8005390002667,false,יין פרוסקו ברוט 750 מל,,,יין פרוסקו ברוט 750,Unknown,0.00,Unknown,false,1,57.90,57.90,true,1,
8005390020517,false,סרטורי ואלפוליצלה קל. מונטגרדלה 750 מל,,,סרטורי ואלפוליצלה קל,Unknown,0.00,Unknown,false,1,82.90,82.90,true,1,
8005390022672,false,"יין סרטורי וולפוליצלה ריפסו 750 מ""ל",,,יין סרטורי וולפוליצל,Unknown,0.00,Unknown,false,1,82.90,82.90,true,1,
8005390036020,false,סרטורי סואבה קלאסיקו וינייטי סלה,,,סרטורי סואבה קלאסיקו,Unknown,0.00,Unknown,false,1,51.90,51.90,true,1,
8005390036075,false,סרטורי קברנה סוביניון 750 מל,,,יין וילה מורה קברנה,Unknown,0.00,Unknown,false,1,37.90,37.90,true,1,
8005390036099,false,סרטורי מרלו 750 מל,,,וילה מורה מרלו 750 מ,Unknown,0.00,Unknown,false,1,37.90,37.90,true,1,
8005390046579,false,"סרטורי, פינו גריגיו רוזה, לאב סטורי 750מ",,,סרטורי פינו גריגיו,Unknown,0.00,Unknown,false,1,51.90,51.90,true,1,
8005390080993,false,יין וילה מורה רוזה 750 מל,,,יין וילה מורה רוזה 7,Unknown,0.00,Unknown,false,1,37.90,37.90,true,1,
8005390082805,false,יין מרלו וילה מורה 375 מל,,,יין מרלו וילה מורה 3,מיליליטרים,375.00,"100 מ""ל",false,1,27.90,7.44,true,1,
8005390083291,false,יין סרטורי וילה מורה פינו ביאנקו 750 מל,,,יין וילה מורה פינו ב,Unknown,0.00,Unknown,false,1,37.90,37.90,true,1,
8005390095331,false,יין סרטורי ואלפוליצלה קלאסיקו 750 מל,,,יין סרטורי ואלפוליצל,Unknown,0.00,Unknown,false,1,68.90,68.90,true,1,
8005390936153,false,"סרטורי פינו גריגיו ארכולה 750 מ""ל",,,סרטורי פינו גריגיו,Unknown,0.00,Unknown,false,1,51.90,51.90,true,1,
8005469951452,false,ממרח אנשובי עם שמן חמניות,בנדטו סקלייה סרל,,ממרח אנשובי איטלקי 6,גרמים,60.00,100 גרם,false,1,14.60,24.33,true,1,
8005469981602,false,פילה אנשובי איטלקי בשמן חמניות 75 גרם,בנדטו סקילה,,פילה אנשובי איטלקי ש,גרמים,80.00,100 גרם,false,1,15.90,19.88,true,1,
8005493000966,false,יין ציטרה קרוסו 750 מל,,,יין ציטרה קרוסו 750,Unknown,0.00,Unknown,false,1,79.90,79.90,true,1,
8005709201064,false,דפי לזניה גרנד ארמנדו 500 גרם,,,דפי לזניה גרנד ארמנד,גרמים,500.00,100 גרם,false,1,13.90,2.78,true,1,
8005829057107,false,"גרפה אלקסנדר ביאנקה 700 מ""ל",,IT,גרפה אלקסנדר ביאנקה,מיליליטרים,700.00,"100 מ""ל",false,1,134.90,19.27,true,1,
8005829120474,false,"ליקר בוטגה נרו 500 מ""ל",,,ליקר בוטגה נרו 500 מ,מיליליטרים,500.00,"100 מ""ל",false,1,83.90,16.78,true,1,
8005829514006,false,"ליקר בוטגה לימונצינו 500 מ""ל",,,ליקר בוטגה לימונצינו,מיליליטרים,500.00,"100 מ""ל",false,1,83.90,16.78,true,1,
8005829577001,false,"ליקר בוטגה גיאנדויה 500 מ""ל",,,ליקר בוטגה גיאנדויה,מיליליטרים,500.00,"100 מ""ל",false,1,83.90,16.78,true,1,
8005829981037,false,"בוטגה - קרם פיסטוק 500 מ""ל",,,בוטגה - קרם פיסטוק 5,מיליליטרים,500.00,"100 מ""ל",false,1,83.90,16.78,true,1,
8005829986636,false,"ליקר בוטגה פנה-קוטה 500 מ""ל",,,ליקר בוטגה פנה-קוטה,מיליליטרים,500.00,"100 מ""ל",false,1,83.90,16.78,true,1,
8005840020272,false,לואקר גלידה סנדוויץ לאטה אלפינו 264 גרם,,IT,לואקר גלידה סנדוויץ,גרמים,264.00,100 גרם,false,1,44.90,17.01,true,1,
8005840096727,false,מעדן קפוא בטעם וניל אגוזי לוז גבינת מסקר,,IT,מעדן קפוא בטעם וניל,גרמים,1000.00,100 גרם,false,1,42.90,4.29,true,1,
8005900361291,false,סרטורי רגולו רוסו 750 מל,,,סרטורי רגולו רוסו,Unknown,0.00,Unknown,false,1,82.90,82.90,true,1,
8006050090239,false,"חומץ בלסמי ממודנה מאצטי אורגני 500 מ""ל",יבואן ומשווק: ש. שסט,,חומץ בלסמי ממודנה מא,מיליליטרים,500.00,"100 מ""ל",false,1,31.50,6.30,true,1,
8006227000399,false,סמנצאטו לחם מחמצת פרוס לבן 400 גרם,,IT,מנצאטו-לחם פרוס לבן,גרמים,400.00,100 גרם,false,1,14.90,3.73,true,1,
8006227000405,false,סמנצאטו לחם מחמצת פרוס חיטה מלאה 400 גרם,,IT,סמנצאטו-לחם פרוס חיט,גרמים,400.00,100 גרם,false,1,14.90,3.73,true,1,
8006227000412,false,סמנצאטו לחם מחמצת פרוס חיטה דורום 400 גרם,,IT,סמנצאטו-לחם פרוס חיט,גרמים,400.00,100 גרם,false,1,14.90,3.73,true,1,
8006227000429,false,סמנצאטו לחם מחמצת פרוס 8 דגנים 400 גרם,,,סמנצאטו לחם מחמצת פר,גרמים,400.00,100 גרם,false,1,14.90,3.73,true,1,
8006227000733,false,סמנצאטו-טראמציני ח.מלאה 250 גרם,רו. מאר ס.ר.ל,IT,סמנצאטו-טראמציני ח.מ,גרמים,250.00,100 גרם,false,1,16.90,6.76,true,1,
8006227001372,false,סמנצאטו – לחם מחמצת לבן עם שמן זית ללא קשה 1400 גרם,רו. מאר ס.ר.ל,,סמנצאטו לחם לבן שמן,גרמים,400.00,100 גרם,false,1,19.90,4.98,true,1,
8006227001389,false,סמנצאטו – לחם מחמצת עם שמן זית ללא קשה 1400 גרם,רו. מאר ס.ר.ל,,סמנצאטו לחם מלא שמן,גרמים,400.00,100 גרם,false,1,19.90,4.98,true,1,
8006227270945,false,סמנצאטו-טראמציני לבן 250 גרם,רו. מאר ס.ר.ל,IT,סמנצאטו-טראמציני לבן,גרמים,250.00,100 גרם,false,1,16.90,6.76,true,1,
8006290803521,false,מים מינרליים מוגזים,נביעות,,"מים פררלה 750 מ""ל",מיליליטרים,750.00,"100 מ""ל",false,1,8.90,1.19,true,1,
8006423162556,false,מטבעות שוקולד ברשת 50 גרם SORINI,סוריני,IT,מטבעות שוקולד ברשת 5,גרמים,50.00,100 גרם,false,1,5.20,10.40,true,1,
8006423461666,false,בונבוניירה סוריני קווין 430 גר,,,בונבוניירה סוריני קו,גרמים,430.00,100 גרם,false,1,89.90,20.91,true,1,
8006423461987,false,בונבוניירה סילין 300 גרם SORINI,הולדינג דולסיירה,,בונבוניירה סילין 300,גרמים,300.00,100 גרם,false,1,52.50,17.50,true,1,
8006423462397,false,בונבוניירה לב מיוחד 475 גר SORINI,HDI SORINI,,בונבוניירה לב מיוחד,גרמים,475.00,100 גרם,false,1,64.90,13.66,true,1,
8006423462502,false,בונבוניירה קלאסיק 265 גרם SORINI,HDI SORINI,,בונבוניירה קלאסיק 26,גרמים,265.00,100 גרם,false,1,45.90,17.32,true,1,
8006423466388,false,בונבוניירה תיק זהב/כסף 150 גר SORINI,SORINI-Holding Dolci,,בונבוניירה תיק זהב/כ,גרמים,150.00,100 גרם,false,1,41.90,27.93,true,1,
8006423466456,false,בונבוניירה אליזבטה 3 צבעים 184 גר SORINI,,IT,בונבוניירה אליזבטה 3,גרמים,184.00,100 גרם,false,1,62.90,34.18,true,1,
8006540091937,false,לנור כדוריות הבושם בניחוח אריאל 210 גרם,פטר קרמר עבור פרוקטור אנ,GB,כדוריות הבושם לנור נ,גרמים,210.00,100 גרם,false,1,32.90,15.67,true,1,
8006540112793,false,"מרכך כביסה מרוכז בניחוח יסמין לנור 900 מ""ל",דיפלומט מפיצים (1986) בע`מ,,מרכך כביסה לנור מרוכ,מיליליטרים,900.00,"100 מ""ל",false,1,18.80,2.09,true,1,
8006540112823,false,"לנור מרכך כביסה מרוכז בניחוח האוקיינוס 900 מ""ל",דיפלומט מפיצים (1968) בעמ,,מרכך כביסה לנור מרוכ,מיליליטרים,900.00,"100 מ""ל",false,1,18.80,2.09,true,1,
8006540112854,false,"מרכך כביסה מרוכז בניחוח סחלב לנור 900 מ""ל",דיפלומט מפיצים (1986) בע`מ,,מרכך כביסה לנור מרוכ,מיליליטרים,900.00,"100 מ""ל",false,1,18.80,2.09,true,1,
8006540222089,false,פמפרס מגבונים היגיינים לתינוקות וילדים TO GO 40 יח',דיפלומט מפיצים (1986) בע`מ,ES,מגבונים היגיינים לתי,יחידה,1.00,יחידה,false,1,7.30,7.30,true,1,
8006540358498,false,טמפקס פרל סופר-פלוס 18 יחידות חדש,דיפלומט מפיצים (1968) בעמ,,טמפקס פרל סופר 18 יח,Unknown,0.00,Unknown,false,1,24.90,24.90,true,1,
8006540463550,false,פיירי טבליות למדיח פלטינום 63 יחידות,דיפלומט מפיצים (1968) בעמ,BE,פיירי טבליות למדיח פ,Unknown,0.00,Unknown,false,0,49.90,49.90,true,1,
8006540491539,false,"נוזל כלים פיירי פלטינום אוריגינל 780 מ""ל",דיפלומט מפיצים (1986) בע`מ,GB,נוזל כלים פיירי פלטי,מיליליטרים,780.00,"100 מ""ל",false,1,12.90,1.65,true,1,
8006540495216,false,"לנור מרכך כביסה מרוכז בניחוח אמאטיסט 900 מ""ל",דיפלומט מפיצים (1968) בעמ,,מרכך כביסה לנור בניח,מיליליטרים,897.00,"100 מ""ל",false,1,18.80,2.10,true,1,
8006540495247,false,"לנור מרכך כביסה מרוכז בניחוח פרחי בר 900 מ""ל",דיפלומט מפיצים (1968) בעמ,,מרכך כביסה לנור בניח,מיליליטרים,897.00,"100 מ""ל",false,1,18.80,2.10,true,1,
8006540592496,false,תחבושות אולוויז אולטרא כפול לילה 20 יח,פרוקטר & גמבל,DE,תחבושות אולוויז אולט,Unknown,0.00,Unknown,false,1,16.90,16.90,true,1,
8006663001042,false,גראנה פאדנה 200 ג' VIRGILIO,,IT,גרנה פדנו איטלקי,גרמים,200.00,100 גרם,false,1,27.50,13.75,true,1,
8006663001073,false,פרמזנו רגאנו איטלקי 200 גרם,,IT,פרמזנו רגאנו איטלקי,גרמים,200.00,100 גרם,false,1,33.50,16.75,true,1,
8006922085349,false,גלידה משפחתית בטעם שמנת עם פירות יער סיווירו מאריה 2 ל',,,מעדן קפוא בטעם שמנת,גרמים,1000.00,100 גרם,false,1,52.50,5.25,true,1,
8006922085356,false,גלידה משפחתית בטעם שמנת עם דובדבנים סיווירו מאריה 2 ל',,,מעדן קפוא בטעם שמנת,גרמים,1000.00,100 גרם,false,1,52.50,5.25,true,1,
8006922085363,false,גלידה משפחתית בטעם שמנת עם שוקולד סיווירו מאריה 2 ל',,,מעדן קפוא בטעם שוקול,גרמים,1000.00,100 גרם,false,1,52.50,5.25,true,1,
8006922085370,false,"מעדן קפוא בטעם לימון 1 ק""ג",,IT,מעדן קפוא בטעם לימון,גרמים,1000.00,100 גרם,false,1,52.50,5.25,true,1,
8007150901296,false,"שמן אבוקדו אורגני בכבישה קרה 250 מ""ל",,,שמן אבוקדו אורגני בכ,מיליליטרים,250.00,"100 מ""ל",false,1,57.50,23.00,true,1,
8007150901623,false,שמן זרעי ענבים 1 ליטר +1/2 ליטר במארז,,,שמן זרעי ענבים 1 ליט,ליטרים,0.00,ליטר,false,1,57.50,57.50,true,1,
8007150907175,false,שמן אורז אולאיטליה 1,אולאיטליה,,שמן אורז 1 ליטר,ליטרים,0.00,ליטר,false,1,37.90,37.90,true,1,
8007178120310,false,"חומץ בלסמי 500 מ""ל (דיפלומט)",דיפלומט מפיצים (1968) בעמ**,,חומץ בלסמי גקובזי 50,מיליליטרים,500.00,"100 מ""ל",false,1,21.90,4.38,true,1,
8007270501017,false,"שמן זית קוסטה דאורו 750 מ""ל",,IT,שמן זית קוסטה דאורו,מיליליטרים,750.00,"100 מ""ל",false,1,46.90,6.25,true,1,
8007270701059,false,"שמן זית לא מסונן קוסטה דאורו 750 מ""ל",,IT,שמן זית לא מסונן קוס,מיליליטרים,750.00,"100 מ""ל",false,1,44.90,5.99,true,1,
8007270999012,false,שמן גרעיני ענבים קוסטה דורו 1 ליטר,קוסטה דיאורו,,שמן גרעיני ענבים 1 ל,מיליליטרים,1000.00,"100 מ""ל",false,1,41.90,4.19,true,1,
8007520096027,false,מור פרופ מזון לכלבים קרוקט בקר,שחורי אריה ואנסטסיה,,מור.פרופ כ קרוקט בקר,Unknown,0.00,Unknown,false,1,49.90,49.90,true,1,
8007537000543,false,"טורטיליה ציפס בטעם טבעי לל""ג 450 גרם",,IT,טורטיליה ציפס בטעם,גרמים,450.00,100 גרם,false,1,26.50,5.89,true,1,
8007537005203,false,טורטיליה ציפס עגול 450 גר,,,טורטיליה ציפס עגול,גרמים,450.00,100 גרם,false,1,26.50,5.89,true,1,
8007537005937,false,פרימיום ציפס פלפל שחור ומלח ים 300 גרם,,IT,פרימיום ציפס פלפל שח,גרמים,300.00,100 גרם,false,1,26.50,8.83,true,1,
8007537006538,false,"טורטיליה ציפס תירס כחול לל""ג 450 גרם",,IT,טורטיליה ציפס תירס כ,גרמים,450.00,100 גרם,false,1,26.50,5.89,true,1,
8007815238132,false,אופרה סט לליקר 7 חל.,,,אופרה סט לליקר 7 חל.,Unknown,0.00,Unknown,false,1,239.00,239.00,true,1,
8007815255146,false,לאורוס סט 8 (6 + 2,,,לאורוס סט 8 (6 + 2,Unknown,0.00,Unknown,false,1,159.00,159.00,true,1,
8007815256051,false,אופרה סט 6 גביעים ל,,,אופרה סט 6 גביעים ל,Unknown,0.00,Unknown,false,1,239.00,239.00,true,1,
8007815257539,false,טיימלס סט 6 כוסות לו,,,טיימלס סט 6 כוסות לו,Unknown,0.00,Unknown,false,1,199.00,199.00,true,1,
8007815257850,false,טיימלס סט 6 כוסות מי,,,טיימלס סט 6 כוסות מי,Unknown,0.00,Unknown,false,1,159.00,159.00,true,1,
8007815267200,false,ברילנטה סט 6 כוסות ל,,,ברילנטה סט 6 כוסות ל,Unknown,0.00,Unknown,false,1,159.00,159.00,true,1,
8008164002016,false,"גלידה משפחתית גלטי שמנת א.לוז ושוקולד 1 ק""ג",,,גלידה משפחתית גלטי,גרמים,1000.00,100 גרם,false,1,32.90,3.29,true,1,
8008164002399,false,"גלידה משפחתית גלטי דובדבן שחור 1 ק""ג",,,גלידה משפחתית גלטי ד,גרמים,1000.00,100 גרם,false,1,32.90,3.29,true,1,
8008164002412,false,"גלידה משפחתית גלטי טרמיסו 1 ק""ג",,,גלידה משפחתית גלטי ט,גרמים,1000.00,100 גרם,false,1,32.90,3.29,true,1,
8008164002436,false,גלידה משפחתית גלטי פ יער לימון ומלון 1 ק,,IT,גלידה משפחתית גלטי,גרמים,1000.00,100 גרם,false,1,32.90,3.29,true,1,
8008164002580,false,"גלידה משפחתית גלטי ריבת חלב 1 ק""ג",,,גלידה משפחתית גלטי ר,גרמים,1000.00,100 גרם,false,1,32.90,3.29,true,1,
8008440249425,false,בירה אסהי יבשה מאד 330 מל בקבוק,פרונרי,,בירה אסהי 330 מל בק,מיליליטרים,330.00,"100 מ""ל",false,1,11.90,3.61,true,1,
8008440522016,false,"שישיית בירה פרוני 6*330 מ""ל",פרונרי,,שישיית בירה פרוני 6*,מיליליטרים,1980.00,"100 מ""ל",false,1,38.90,1.96,true,1,
8008495002402,false,יין מרסלה פיין 700 מל,,,יין מרסלה פיין 700 מ,Unknown,0.00,Unknown,false,1,46.90,46.90,true,1,
8008620009276,false,קריץ קרקר מלוח 500 גרם פרווה,.,IT,קריץ קרקר מלוח 500 ג,גרמים,500.00,100 גרם,false,1,17.50,3.50,true,1,
8008620009290,false,קריץ קרקר חיטה מלאה 500 גרם פרווה,.,IT,קריץ קרקר חיטה מלאה,גרמים,500.00,100 גרם,false,1,17.50,3.50,true,1,
8008660210014,false,מעדן משמש מנז אנד גאסר ויסוצקי 300 גרם,תה ויסוצקי (ישראל) בעמ,,מעדן ריבה מנץ אנד גא,גרמים,300.00,100 גרם,false,1,18.80,6.27,true,1,
8008660210021,false,מעדן ריבה מנץ אנד גאססר דובדבן 300 גר,תה ויסוצקי (ישראל) בעמ,,מעדן ריבה מנץ אנד גא,גרמים,300.00,100 גרם,false,1,18.80,6.27,true,1,
8008660210038,false,מעדן ריבה מנץ אנד גאססר תות שדה 300 גר,תה ויסוצקי (ישראל) בעמ,,מעדן ריבה מנץ אנד גא,גרמים,300.00,100 גרם,false,1,18.80,6.27,true,1,
8008660210045,false,מעדן פירות יער מנז אנד גאסר ויסוצקי 300 גרם,תה ויסוצקי (ישראל) בעמ,,מעדן ריבה מנץ אנד גא,גרמים,300.00,100 גרם,false,1,18.80,6.27,true,1,
8008660210052,false,מעדן פרי תפוז מנז אנד גאסר ויסוצקי 320 גרם,תה ויסוצקי (ישראל) בעמ,,מעדן ריבה מנץ אנד גא,גרמים,320.00,100 גרם,false,1,18.80,5.88,true,1,
8008660210069,false,מעדן פרי פסיפלורה מנז אנד גאסר ויסוצקי 320 גרם,תה ויסוצקי (ישראל)בעמ,,מעדן מנץ אנד גאססר א,גרמים,320.00,100 גרם,false,1,18.80,5.88,true,1,
8008698002025,false,בסיס לפיצה ללא גלוטן (150X2) גרם שר,"ד""ר שר ס.ר.ל",,בסיס לפיצה ללא גלוטן,גרמים,300.00,100 גרם,false,1,38.90,12.97,true,1,
8008698002100,false,מקלות גריסיני 200 גרם ד''ר שר,"ד""ר שר ס.ר.ל",,גריסיני 150 גרם,גרמים,150.00,100 גרם,false,1,23.90,15.93,true,1,
8008698002810,false,"עוגה אישית לל""ג שר 10*35 גרם",,IT,"עוגה אישית לל""ג שר 1",גרמים,350.00,100 גרם,false,1,32.90,9.40,true,1,
8008698003961,false,"שוקו סטיקס מקלוני עוגיות לל""ג 150 גר",דר שר דויטשלנד ג'\י אם ב,DE,SCHAR שוקו סטיק ללא,גרמים,150.00,100 גרם,false,1,22.90,15.27,true,1,
8008698004548,false,ביסקוויט בציפוי שוקולד חלב ללא גלוטן,ל.י.ב. (לחיות יותר בטבע) בעמ,,ביסקוויטים בציפוי קר,גרמים,150.00,100 גרם,false,1,19.90,13.27,true,1,
8008698004630,false,SORRISI עוגיות סנדוויץ' במילוי קרם קקאו 250 גר',ל.י.ב. (לחיות יותר בטבע) בעמ,,עוגיות דבל שוקולד 25,גרמים,250.00,100 גרם,false,1,28.50,11.40,true,1,
8008698004807,false,תערובת קמחים לאפיית לחם ל.גלוטן 1020קג,ל.י.ב. (לחיות יותר בטבע) בעמ,,תערובת קמחים לאפיית,גרמים,1000.00,100 גרם,false,1,30.90,3.09,true,1,
8008698004852,false,מיקס - Cתערובת קמחים לאפיית עוגות 1קג ללא גלוטן,"ד""ר שר ס.ר.ל",,תערובת קמחים לאפיית,גרמים,1000.00,100 גרם,false,1,30.90,3.09,true,1,
8008698005231,false,עוגיות סנדוויץ בטעם שוקולד ממולאות קרם חלב ללא גלוט,שר Schar,DE,עוגיות שוקולד שר 165,גרמים,165.00,100 גרם,false,1,20.90,12.67,true,1,
8008698005347,false,"ביסקוויט מצופות שוקולד מריר לל""ג 150 גר",שר Schar,DE,ביסקוטי שוקולד שר 15,גרמים,150.00,100 גרם,false,1,15.90,10.60,true,1,
8008698008157,false,שר עוגיות שוקולד במילוי קרם שמנת ללא גלוטן 100 גר',ל.י.ב. (לחיות יותר בטבע) בעמ,,עוגיות דבל וניל 100,גרמים,100.00,100 גרם,false,1,12.90,12.90,true,1,
8008698012857,false,ביסקויט פתי בר בטעם חמאה 165 גרם ללא גלוטן petit,ל.י.ב. (לחיות יותר בטבע) בעמ,,ביסקויטים פתי בר שר,גרמים,165.00,100 גרם,false,1,20.80,12.61,true,1,
8008698013021,false,עוגיות שוקולד צ`יפס פריכות ללא גלוטן 1,דר שר פוסטל,,עוגיות שוק. ציפס ללא,גרמים,100.00,100 גרם,false,1,12.90,12.90,true,1,
8008698013045,false,עוגיות הופס 220גרם ללא גלוטן HOOPS,דר שר דויטשלנד ג'\י אם ב,,"עוגיות עם דבש לל""ג ה",גרמים,220.00,100 גרם,false,1,19.90,9.05,true,1,
8008698024065,false,פאן בלנקו-לחם ללא גלוטן 250 גרם,schar,DE,לחם ללא גלוטן פאן בל,גרמים,250.00,100 גרם,false,1,19.80,7.92,true,1,
8008698024140,false,לחם ללא גלוטן פאן מולטי גראנו 250 גר,schar,DE,לחם ללא גלוטן פאן מו,גרמים,250.00,100 גרם,false,1,19.80,7.92,true,1,
8008698024188,false,פאן רוסטיקו מאפה ללא גלוטן 250 גר`,לחיות יותר בטבע בעמ,DE,לחם ללא גלוטן פאן רו,גרמים,250.00,100 גרם,false,1,19.80,7.92,true,1,
8008698029503,false,"חטיף כדורי דגנים שוקולד לל""ג 37 גרם",,IT,חטיף כדורי דגנים שוק,גרמים,37.00,100 גרם,false,1,8.90,24.05,true,1,
8008698031032,false,"חטיף קרוויס בטעם ברביקיו לל""ג 170 גרם",,FR,חטיף קרוויס בטעם ברב,גרמים,170.00,100 גרם,false,1,19.90,11.71,true,1,
8008698031056,false,"חטיף קרוויס טבעי לל""ג 170 גרם",,FR,"חטיף קרוויס טבעי לל""",גרמים,170.00,100 גרם,false,1,19.90,11.71,true,1,
8008698032084,false,עוגיות מיני וחברים ללא גלוטן 125גרם שר - MINI FRIENDS,,,SCHAR עוגיות מיני חב,גרמים,125.00,100 גרם,false,1,12.90,10.32,true,1,
8008698033876,false,קרקרים בתוספת דגנים ללא גלוטן 210גרם CEREAL CRACKERS,,,SCHAR קרקר בתוספת דג,גרמים,210.00,100 גרם,false,1,29.90,14.24,true,1,
8008698054109,false,מילוי גריס - ממרח אגוזי לוז עם קקאו בתוספות מקלות 52 גרם,"ד""ר שר ס.ר.ל",,ממרח אגוזי לוז קקאו,גרמים,52.00,100 גרם,false,1,12.90,24.81,true,1,
8008825005318,false,עגבניות מרוסקות 400 גר Rodolfi,,,עגבניות מרוסקות 400,גרמים,400.00,100 גרם,false,1,6.10,1.53,true,1,
8008825005363,false,עגבניות מרוסקות 3*400 גר Rodolfi,,,עגבניות מרוסקות 3*4,קילוגרמים,0.00,"ק""ג",false,1,17.70,17.70,true,1,
8008825012538,false,מחית עגבניות 690 גרם Rodolfi,,,מחית עגבניות 690 גרם,גרמים,690.00,100 גרם,false,1,11.90,1.72,true,1,
8008825012545,false,מחית עגבניות/זרעים 690 גרם Rodolfi,,,מחית עגבניות/זרעים 6,גרמים,690.00,100 גרם,false,1,12.00,1.74,true,1,
8008857114194,false,פסטה נוטרי מיו ללא גלוטן ספגטי 400 גרם,רגיה,,"פסטה ספגטי לל""ג רגיה",גרמים,400.00,100 גרם,false,1,9.90,2.48,true,1,
8008857114484,false,פסטה רג'יה מיו ללא גלוטן פוזילי 400 גרם,רגיה,,"פסטה פוזילי לל""ג רגי",גרמים,400.00,100 גרם,false,1,9.90,2.48,true,1,
8008857406152,false,פסטה רגיה אטריות עגולות עבה תומר 500 גרם,רגיה,,אטריות עגולות עבות 5,גרמים,500.00,100 גרם,false,1,7.90,1.58,true,1,
8008857500003,false,פסטה רגיה אטריות עגולות דקות תומר 500 גרם,תומר ייבוא ושיווק מוצרי מזון [,,אטריות עגולות דקות 5,גרמים,500.00,100 גרם,false,1,7.90,1.58,true,1,
8008857601052,false,פסטה לזניה דפים רג'יה 500ג',פסטה רג'יה Pasta Reggia,,לזניה פסטה 500 גר,גרמים,500.00,100 גרם,false,1,13.50,2.70,true,1,
8008920590061,false,למברוסקו ספומנטה רוזה 750 מל CORONA,,,למברוסקו ספומנטה אדו,Unknown,0.00,Unknown,false,1,30.90,30.90,true,1,
8008920590078,false,למברוסקו ספומנטה לבן 750 מל CORONA,,,למברוסקו ספומנטה לבן,Unknown,0.00,Unknown,false,1,30.90,30.90,true,1,
8008920590085,false,למברוסקו ספומנטה אדום 750 מל CORONA,,,למברוסקו ספומנטה רוז,Unknown,0.00,Unknown,false,1,30.90,30.90,true,1,
8008940225004,false,גנדולה עוגיות קקאו אורגניות 350 גרם,גנדולה ביסקוטי,IT,גנדולה עוגיות קקאו א,גרמים,350.00,100 גרם,false,1,17.90,5.11,true,1,
8008940227008,false,גנדולה עוגיות שישה דגני אורגניות 350 גרם,תות תעשיות מזון (201,IT,גנדולה עוגיות שישה ד,גרמים,350.00,100 גרם,false,1,17.90,5.11,true,1,
8008990001245,false,שלושה ספוגי קירצוף עם ידית אחיזה,,,שלושה ספוגי קירצוף ע,Unknown,0.00,Unknown,false,1,6.50,6.50,true,1,
8008990002167,false,יעה עם מקל מתכת ארוך טונקיטה,טונקיטה,,יעה עם מקל מתכת ארוך,Unknown,0.00,Unknown,false,1,22.90,22.90,true,1,
8008990005519,false,זוג ברזליות לניקוי סירים,,,זוג ברזליות לניקוי ס,Unknown,0.00,Unknown,false,1,8.50,8.50,true,1,
8008990005809,false,מגב ניקוי טונקיטה להסרת מים מזכוכיות,אריקס,IT,מגב ניקוי טונקיטה לה,Unknown,0.00,Unknown,false,1,16.90,16.90,true,1,
8008990008923,false,דלי אובלי טונקיטה 13 ליטר,טונקיטה,,דלי אובלי טונקיטה 13,Unknown,0.00,Unknown,false,1,22.90,22.90,true,1,
8008990012715,false,שלושה ספוגי קירצוף ירוקים,,,שלושה ספוגי קירצוף י,Unknown,0.00,Unknown,false,1,6.50,6.50,true,1,
8008990012760,false,שלושה ספוגי ניקוי צבעוניים,,,שלושה ספוגי ניקוי צב,Unknown,0.00,Unknown,false,1,7.90,7.90,true,1,
8008990124807,false,ספוגים אנטיבקטריאלי לניקוי קשה ARIX זוג,,,ספוגים אנטיבקטריאלי,Unknown,0.00,Unknown,false,1,7.50,7.50,true,1,
8009470009072,false,סימבה שימורי חתולים בטעם עוף 415ג',שחורי אריה ואנסטסיה,,סימבה לחתול עוף 415,גרמים,400.00,100 גרם,false,1,4.00,1.00,true,1,
8009470009515,false,סימבה לחתול פנינית 415 גר,שחורי אריה ואנסטסיה,,סימבה לחתול פנינית 4,גרמים,401.00,100 גרם,false,1,4.00,1.00,true,1,
8009470009539,false,סימבה שימורים לחתולים נתחי בשר 415 ג',אמ.או.אן.ג'י.אי.אמונ,,סימבה לחתול צייד 415,גרמים,400.00,100 גרם,false,1,4.00,1.00,true,1,
8009470009850,false,סימבה בקר לכלב 10 קג,,,סימבה בקר לכלב 10 קג,Unknown,0.00,Unknown,false,1,99.90,99.90,true,1,
8009730900019,false,"ספריי תיבול בטעם שום 40 מ""ל",,,ספריי תיבול בטעם שום,מיליליטרים,40.00,"100 מ""ל",false,1,10.90,27.25,true,1,
8009730900040,false,"ספריי צילי 40 מ""ל",,IT,"ספריי צילי 40 מ""ל",מיליליטרים,40.00,"100 מ""ל",false,1,10.90,27.25,true,1,
8009915000305,false,פולנטה צהובה 500 גרם,,,פולנטה צהובה 500 גרם,גרמים,500.00,100 גרם,false,1,15.90,3.18,true,1,
8009915002064,false,ניוקי ללא גלוטן 250 גרם,,,ניוקי ללא גלוטן 250,גרמים,250.00,100 גרם,false,1,14.90,5.96,true,1,
8009915004150,false,ביסקוויט קמח תירס עם שוקולד ואגוזים 250 גרם,מולינו דה פירו,,ביסקוויט מקמח תירס ש,גרמים,250.00,100 גרם,false,1,16.90,6.76,true,1,
8009915004167,false,ביסקוויט קמח תירס בטעם קוקוס 250 גרם,מולים די פיירו ס.פ.א,,ביסקוויט מקמח תירס ע,גרמים,250.00,100 גרם,false,1,16.90,6.76,true,1,
8009915004204,false,ביסקוויט מקמח תירס בטעם מעודן 300 גרם,מולינו דה פירו,,ביסקוויט מקמח תירס,גרמים,300.00,100 גרם,false,1,16.90,5.63,true,1,
8009915004211,false,ביסקוויט מקמח תירס שוקולד ציפס 250 גרם,מולינו דה פירו,,ביסקוויט מקמח תירס ש,גרמים,250.00,100 גרם,false,1,16.90,6.76,true,1,
8009915008905,false,מיני גריסיני ללא גלוטן עם שמן זית250 גרם,מולינו דה פירו,,מיני גריסיני ל.גלוטן,גרמים,250.00,100 גרם,false,1,17.90,7.16,true,1,
8009915008912,false,מיני גריסיני ללא גלוטן עם זרעי צ'יה ושומשום 250,מולינו דה פירו,,מיני גריסיני ל.גלוטן,גרמים,250.00,100 גרם,false,1,17.90,7.16,true,1,
8010024006010,false,חמאת שקדים 100% השקד נטורפוד 350 גרם,תות תעשיות מזון (201,,חמאת שקדים 100% 350,גרמים,350.00,100 גרם,false,1,43.90,12.54,true,1,
8010690056586,false,מברשת חד צדדית 5946,,,מברשת חד צדדית 5946,Unknown,0.00,Unknown,false,1,41.90,41.90,true,1,
8012778000047,false,אורז ACQUERELLO אולטימטיבי 500 גרם,,,אורז ACQUERELLO אולט,גרמים,500.00,100 גרם,false,1,63.00,12.60,true,1,
8013108003509,false,בונבוניירה מיקס שוקולד 160 גר CAFFAREL,CAFFAREL,,בונבוניירה מיקס שוקו,גרמים,160.00,100 גרם,false,1,29.90,18.69,true,1,
8014006000553,false,גראן בון-ברוסקטה עם שמן זית 150 גר,,IT,גראן בון-ברוסקטה עם,גרמים,150.00,100 גרם,false,1,12.90,8.60,true,1,
8014006008047,false,גראן בון-ברוסקטה עם רוזמרין 150 גר,,IT,גראן בון-ברוסקטה עם,גרמים,150.00,100 גרם,false,1,12.90,8.60,true,1,
8014515335078,false,"עגבניות מרוסקות לל""ג אורגני 390 גרם",,IT,"עגבניות מרוסקות לל""ג",גרמים,390.00,100 גרם,false,1,9.90,2.54,true,1,
8014601026354,false,"קמח ""00"" איטלקי לפיצה שף אדום 1 ק""ג",דיפלומט מפיצים (1968) בעמ**,,"קמח ""00"" איטלקי לפיצ",גרמים,1000.00,100 גרם,false,1,15.60,1.56,true,1,
8014601028747,false,קמח 00 איטלקי כחול 1 קג CAPUTO,דיפלומט מפיצים (1968) בעמ**,,"קמח ""00"" איטלקי כחול",גרמים,1000.00,100 גרם,false,1,12.50,1.25,true,1,
8014745015092,false,גבינת בורטה 120גר קפ,,,בוראטה 120 גר,גרמים,120.00,100 גרם,false,1,28.90,24.08,true,1,
8015822000178,false,יין פאלאצו דלה טורה 750 מל,איטליה אלגריני (Cort,,יין פאלאצו דלה טורה,Unknown,0.00,Unknown,false,1,104.90,104.90,true,1,
8015997000133,false,מאריני-קנטוצ'יני עוגיות עם שקדים 200 גר',,IT,מאריני-קנטוציני עוגי,גרמים,200.00,100 גרם,false,1,14.60,7.30,true,1,
8015997000157,false,מאריני בישקוטים פריכים בטעם קקאו 200 גר,,IT,מאריני בישקוטים פריכ,גרמים,200.00,100 גרם,false,1,8.90,4.45,true,1,
8015997000607,false,מאריני בישקוטים פריכים 200 גרם,Biscottificio Verona,,מאריני בישקוטים פריכ,גרמים,200.00,100 גרם,false,1,6.90,3.45,true,1,
8015997000638,false,מאריני איטליה אצבעות מאפה מסוכרות 200 גרם,Biscottificio Verona,,מאריני אצבעות מתוקות,גרמים,200.00,100 גרם,false,1,9.90,4.95,true,1,
8015997000911,false,מאריני- בישקוטים פריכים 200 גרם,Biscottificio Verona,,מאריני בישקוטים 200,ליטרים,0.00,ליטר,false,1,7.60,7.60,true,1,
8016001000019,false,"יין ברולו פרונוטו 750 מ""ל",איטליה אנטינורי,,יין ברולו פרונוטו 75,Unknown,0.00,Unknown,false,1,199.90,199.90,true,1,
8016744802086,false,צבע לשיער טבעי 5D,,,צבע לשיער טבעי 5D,Unknown,0.00,Unknown,false,1,59.90,59.90,true,1,
8016744802154,false,5N צבע לשיער הרבטינט 150,אשר שיווק,,צבע לשיער טבעי N5,Unknown,0.00,Unknown,false,1,59.90,59.90,true,1,
8016867002646,false,מגן תחתון אורגניק ארוך במיוחד 20 יח,CORMAN,,מגן תחתון אורגניק אר,Unknown,0.00,Unknown,false,1,22.90,22.90,true,1,
8016867008945,false,מגן תחתון 24 אורגניק באריזת תפזורת,CORMAN,,מגן תחתון 24 אורגניק,Unknown,0.00,Unknown,false,1,22.90,22.90,true,1,
8016867009904,false,טמפונים ללא מוליך סופר פלוס אורגניק,ONTEX,,טמפונים ללא מוליך סו,Unknown,0.00,Unknown,false,1,28.90,28.90,true,1,
8016867009935,false,תחבושות דקות 03 לזרימה מוגברת אורגניק,CORMAN,,תחבושות דקות 03 לזרי,Unknown,0.00,Unknown,false,1,29.90,29.90,true,1,
8016867009959,false,מגן תחתון באריזה אישית אורגניק,CORMAN,,מגן תחתון באריזה איש,Unknown,0.00,Unknown,false,1,25.90,25.90,true,1,
8017070766530,false,קרקרים בתיבול רוזמרין 150 גרם,,,קרקרים בתיבול רוזמרי,גרמים,150.00,100 גרם,false,1,10.90,7.27,true,1,
8017070766615,false,קרקרים בתוספת זרעי ציה 150 גרם,,,קרקרים בתוספת זרעי צ,גרמים,150.00,100 גרם,false,1,10.90,7.27,true,1,
8017300114452,false,"ליקר לימונצלו פיימה 700 מ""ל",,,ליקר לימונצלו פיימה,מיליליטרים,700.00,"100 מ""ל",false,1,93.90,13.41,true,1,
8017331040584,false,בלנקס משחת שיניים מלבינה שפופרת 75 מל,זר הייטק,,"בלנקס, משחת שיניים ש",Unknown,0.00,Unknown,false,1,24.90,24.90,true,1,
8017331048405,false,משחת שיניים לחניכיים,,,משחת שיניים לחניכיים,Unknown,0.00,Unknown,false,1,34.90,34.90,true,1,
8017746286539,false,"יין קיאנטי פוגיו סו וינצי 750 מ""ל",פוגיו אל טאזורו,,יין קיאנטי פוגיו סו,Unknown,0.00,Unknown,false,1,51.90,51.90,true,1,
8017938005184,false,"חומץ תפוחים אורגני 750 מ""ל",,,חומץ תפוחים אורגני 7,מיליליטרים,750.00,"100 מ""ל",false,1,16.90,2.25,true,1,
8017938005764,false,מיץ תפוחים אורגני 100% 1 ליטר נטורפוד,יבואן ומשווק: ש. שסט,,מיץ תפוחים אורגני 10,מיליליטרים,1000.00,"100 מ""ל",false,1,19.90,1.99,true,1,
8018102000110,false,ריזוטו ארבוריו סופרפינו 500 גרם,,,ריזוטו ארבוריו סופרפ,גרמים,500.00,100 גרם,false,1,18.90,3.78,true,1,
8019428000013,false,משקה אורז אורגני 1 ליטר,,,משקה אורז אורגני 1 ל,מיליליטרים,1000.00,"100 מ""ל",false,1,13.90,1.39,true,1,
8019428000099,false,משקה אורז אורגני בתוספת שקדים 1 ליטר,the bridge,,משקה אורז אורגני בתו,מיליליטרים,1000.00,"100 מ""ל",false,1,14.60,1.46,true,1,
8019428000105,false,משקה שיבולת שועל אורגני 1 ליטר,the bridge,,משקה שיבולת שועל אור,מיליליטרים,1000.00,"100 מ""ל",false,1,13.90,1.39,true,1,
8019428004059,false,"משקה אורז אורגני 250 מ""ל",,,משקה אורז אורגני 250,מיליליטרים,250.00,"100 מ""ל",false,1,5.50,2.20,true,1,
8019428004066,false,"משקה אורז שקדים אורגני 250 מ""ל",,,משקה אורז שקדים אורג,מיליליטרים,250.00,"100 מ""ל",false,1,5.50,2.20,true,1,
8019428005001,false,שמנת אורגנית לבישול על בסיס ש.שועל 240 מ,,,שמנת אורגנית לבישול,מיליליטרים,240.00,"100 מ""ל",false,1,10.90,4.54,true,1,
8019428005018,false,"שמנת אורגנית לבישול על בסיס אורז 240 מ""ל",,,שמנת אורגנית לבישול,מיליליטרים,240.00,"100 מ""ל",false,1,10.90,4.54,true,1,
8019428005032,false,תחליף שמנת עב סויה אורגני 200 גרם,,IT,תחליף שמנת עב סויה א,מיליליטרים,200.00,"100 מ""ל",false,1,10.90,5.45,true,1,
8019428007005,false,משקה סויה אורגני 1 ליטר,the bridge,,משקה סויה אורגני 1 ל,מיליליטרים,1000.00,"100 מ""ל",false,1,11.40,1.14,true,1,
8019428007135,false,משקה סויה אורגני בטעם וניל 1 ליטר,,,משקה סויה אורגני בטע,מיליליטרים,1000.00,"100 מ""ל",false,1,11.90,1.19,true,1,
8019428007234,false,משקה שיבולת שועל - שוקו 1 ל THE BRIDGE,,,משקה שיבולת שועל - ש,מיליליטרים,1000.00,"100 מ""ל",false,1,13.90,1.39,true,1,
8019428007364,false,משקה קוקוס אורגני 1 ליטר,דה ברידג,IT,משקה קוקוס אורגני 1,מיליליטרים,1000.00,"100 מ""ל",false,1,13.90,1.39,true,1,
8019428007616,false,משקה קוקוס עם מי קוקוס אורגני 1 ליטר,,IT,משקה קוקוס עם מי קוק,מיליליטרים,1000.00,"100 מ""ל",false,1,16.90,1.69,true,1,
8019873824196,false,"יין קללנטה רוזה 750 מ""ל",,,יין קללנטה רוזה 750,Unknown,0.00,Unknown,false,1,109.90,109.90,true,1,
8021274001007,false,קמח פסטה פרסקה 1 קג STAGIONI 5,,,"קמח פסטה פרסקה 1 ק""ג",קילוגרמים,0.00,"ק""ג",false,1,14.90,14.90,true,1,
8021274041003,false,"קמח רוסו 1 ק""ג STAGIONI 5",,,"קמח רוסו 1 ק""ג STAG",גרמים,1000.00,100 גרם,false,1,14.90,1.49,true,1,
8022470213386,false,דרגיה שקד חלב 500 גר PRISCO MAX,ITALIANA CONFETTI-PR,,דרגיה שקד חלב 500 גר,קילוגרמים,0.50,"ק""ג",false,1,39.90,79.80,true,1,
8022470213416,false,דרגיה לוז חלב 500 גר PRISCO MAX,ITALIANA CONFETTI-PR,,דרגיה לוז חלב 500 גר,קילוגרמים,0.50,"ק""ג",false,1,39.90,79.80,true,1,
8022470213423,false,דרגיה לוז מריר 500 גר PRISCO MAX,ITALIANA CONFETTI-PR,,בונ.ידרגיה לוז מריר,גרמים,500.00,100 גרם,false,1,39.90,7.98,true,1,
8022470213478,false,דרגיה דובדובן לבן 500 גר PRISCO MAX,,,בונ.ידרגיה דובדובן ל,גרמים,500.00,100 גרם,false,1,39.90,7.98,true,1,
8022470213485,false,דרגיה דובדובן מריר 500 ג PRISCO MAX,ITALIANA CONFETTI-PR,,דרגיה דובדובן מריר 5,קילוגרמים,0.50,"ק""ג",false,1,39.90,79.80,true,1,
8022470213492,false,דרגיה דובדובן לבן 500 גר PRISCO MAX,ITALIANA CONFETTI-PR,,דרגיה דובדובן לבן 50,קילוגרמים,0.50,"ק""ג",false,1,39.90,79.80,true,1,
8022470213508,false,דרגיה צימוקים חלב 500 גר PRISCO MAX,,,דרגיה צימוקים חלב 50,גרמים,500.00,100 גרם,false,1,32.90,6.58,true,1,
8022470213515,false,דרגיה צימוקים מריר 500 גר PRISCO MAX,ITALIANA CONFETTI-PR,,דרגיה צימוקים מריר 5,גרמים,500.00,100 גרם,false,1,32.90,6.58,true,1,
8022470213546,false,דרגיה בוטנים מריר 500 גר PRISCO MAX,,,דרגיה בוטנים מריר 50,קילוגרמים,0.50,"ק""ג",false,1,32.90,65.80,true,1,
8022470226362,false,דרגיה קשיו חלב 500 גר PRISCO MAX,ITALIANA CONFETTI-PR,,דרגיה קשיו חלב 500,גרמים,500.00,100 גרם,false,1,39.90,7.98,true,1,
8022470253566,false,MAX פארטי עדשים 250 ג PRISCO BICIOCO,,IT,MAX פארטי עדשים 250,גרמים,250.00,100 גרם,false,1,13.90,5.56,true,1,
8022470253627,false,דרגה ליקר פיסטוקים בשוקולד לבן 500 גר,,IT,דרגה ליקר פיסטוקים ב,גרמים,500.00,100 גרם,false,1,42.90,8.58,true,1,
8022470253634,false,דרגה ליקר קפה בשוקולד לבן 500 גר,,IT,דרגה ליקר קפה בשוקול,גרמים,500.00,100 גרם,false,1,42.90,8.58,true,1,
8022470253757,false,דרגה ליקר דובדבן בשוקולד לבן 500 גר,,IT,דרגה ליקר דובדבן בשו,גרמים,500.00,100 גרם,false,1,42.90,8.58,true,1,
8022734000103,false,"חומץ בלסמי ממודנה 250 מ""ל ORO",,,חומץ בלסמי ממודנה 25,מיליליטרים,250.00,"100 מ""ל",false,1,102.90,41.16,true,1,
8022734000158,false,"חומץ בלסמי ממודנה 250 מ""ל ARGENTO",,,חומץ בלסמי ממודנה 25,מיליליטרים,250.00,"100 מ""ל",false,1,62.90,25.16,true,1,
8023114000515,false,יין איטלקי וורזנו קיאנטי קלסיקו 750 מל,,,יין איטלקי וורזנו קי,מיליליטרים,750.00,"100 מ""ל",false,1,93.90,12.52,true,1,
8023492000091,false,סטיק שוקולד גינדויה חלב עם אגוז 150 DG 3,די.גי 3 דולצאריה ס.ר,,סטיק שוקולד גינדויה,גרמים,150.00,100 גרם,false,1,15.90,10.60,true,1,
8023492000336,false,סטיק שוקולד מריר עם אגוזים 150 גר DG 3,די.גי 3 דולצאריה ס.ר,,סטיק שוקולד מריר עם,גרמים,150.00,100 גרם,false,1,15.90,10.60,true,1,
8023492000671,false,סטיק שוקולד מריר אגוזים ותפוז 150 ג DG 3,די.גי 3 דולצאריה ס.ר,,סטיק שוקולד מריר אגו,גרמים,150.00,100 גרם,false,1,15.90,10.60,true,1,
8023492000695,false,סטיק שוקולד מריר אגוזים וקפה 150 גר DG 3,Dg3 dolciaria,,סטיק שוקולד מריר אגו,גרמים,150.00,100 גרם,false,1,15.90,10.60,true,1,
8023492004495,false,טבלת שוקולד חלב אגוזי לוז 225 גר DJ3,Dg3 dolciaria,,טבלת שוקולד חלב אגוז,גרמים,225.00,100 גרם,false,1,12.90,5.73,true,1,
8023492004518,false,טבלת שוקולד מריר שקדים 225 גר DJ3,Dg3 dolciaria,,טבלת שוקולד מריר שקד,גרמים,225.00,100 גרם,false,1,12.90,5.73,true,1,
8023492004525,false,טבלת שוקולד מריר חמוציות 225 גר DJ3,Dg3 dolciaria,,טבלת שוקולד מריר חמו,גרמים,225.00,100 גרם,false,1,12.90,5.73,true,1,
8023678161363,false,משקה שיבולת שועל טבעי אורגני 1ליטר ISOLA,איזולה ביו Isola Bio,,משקה שבולת שועל אורג,מיליליטרים,1000.00,"100 מ""ל",false,1,11.90,1.19,true,1,
8023678162360,false,משקה שקדים טבעי אורגני 1ליטר ISOLA,לחיות יותר בטבע בעמ,,משקה שקדים אורגני 1,מיליליטרים,1000.00,"100 מ""ל",false,1,15.90,1.59,true,1,
8023678164517,false,משקה שקדים ללא סוכר טבעי אורגני 1ליטר ISOLA,לחיות יותר בטבע בעמ,,משקה שקדים אורגני לל,ליטרים,0.00,ליטר,false,1,16.70,16.70,true,1,
8023678728269,false,משקה קוקוס אורגני 1,איזולה ביו Isola Bio,IT,משקה קוקוס 1 ליטר,ליטרים,1.00,ליטר,false,1,15.90,15.90,true,1,
8023678729112,false,ISOLA משקה שיבולת שועל 0% סוכר 1 ליטר,,IT,ISOLA משקה שיבולת שו,מיליליטרים,1000.00,"100 מ""ל",false,1,13.90,1.39,true,1,
8024046201018,false,מחית אורגנית שזיפים 120 גרם,ביואיטליה,IT,מחית אורגנית שזיפים,גרמים,120.00,100 גרם,false,1,6.20,5.17,true,1,
8024046202015,false,"מחית אורגנית תפו""ע תות שדה ובננה 120 גרם",ביואיטליה,IT,"מחית אורגנית תפו""ע ת",גרמים,120.00,100 גרם,false,1,6.20,5.17,true,1,
8024046203012,false,מחית אורגנית תפוחי עץ ואוכמניות 120 גר,ביואיטליה,IT,מחית אורגנית תפוחי ע,גרמים,120.00,100 גרם,false,1,6.20,5.17,true,1,
8024046204019,false,מחית אורגנית גזר משמש ודלעת 120 גרם,ביואיטליה,IT,מחית אורגנית גזר משמ,גרמים,120.00,100 גרם,false,1,6.20,5.17,true,1,
8024046205016,false,מחית אורגנית תפוחי עץ קיווי ותרד 120 ג,ביואיטליה,IT,מחית אורגנית תפוחי ע,גרמים,120.00,100 גרם,false,1,6.20,5.17,true,1,
8024985000093,false,מחית תפוח שזיף 100% פרי 200 ג נטורה נובה,"נטורפוד בע""מ",,מחית תפוח שזיף 100%,גרמים,200.00,100 גרם,false,1,9.90,4.95,true,1,
8024985000109,false,מחית אגס אורגנ 100% פרי 200 ג נטורה נובה,נטורה נובה,,מחית אגס אורגנ 100%,גרמים,200.00,100 גרם,false,1,9.90,4.95,true,1,
8024985000116,false,מחית תפוח אוכמניו אורגנית 100% פרי 200גר,"נטורפוד בע""מ",,מחית תפוח אוכמ 100%,גרמים,200.00,100 גרם,false,1,9.90,4.95,true,1,
8024985002783,false,מחית פירות סמוצ`י תפוח גזר דלעת ללא תוספ,נטורפוד בעמ,,סמוזי נטורה נובה גזר,גרמים,100.00,100 גרם,false,1,5.90,5.90,true,1,
8024985002912,false,מחית סמוצ`י תפוח אגס בטטה אורגנית נטורה,נטורפוד בעמ,IT,סמוזי אגס בטטה 100 ג,גרמים,100.00,100 גרם,false,1,5.90,5.90,true,1,
8024985002943,false,מחית סמוצ`י תפוח אננס קוקוס אורגנית נטור,נטורפוד בעמ,,סמוזי נטורה נובה תפו,גרמים,100.00,100 גרם,false,1,5.90,5.90,true,1,
8024985002950,false,מחית פירות סמוצ`י שזיף אורגנית נטורה נוב,נטורפוד בעמ,IT,סמוזי שזיף אורגני 10,גרמים,100.00,100 גרם,false,1,5.90,5.90,true,1,
8024985002967,false,מחית סמוצ`י בננה תרד נטורה נובה 100 גרם,נטורפוד בעמ,,סמוזי נטורה נובה בננ,גרמים,100.00,100 גרם,false,1,5.90,5.90,true,1,
8024985003988,false,מחית פירות סמוצ`י תפוחים ובננה אורגנית ל,נטורפוד בעמ,,סמוזי תפוח בננה 100,גרמים,100.00,100 גרם,false,1,5.90,5.90,true,1,
8024985004299,false,סמוזי מעורב תפוח/פירות רביעיה 400 גר,נטורפוד בעמ,,סמוזי מעורב תפוח/פיר,גרמים,400.00,100 גרם,false,1,22.90,5.73,true,1,
8024985004695,false,נטורה נובה סמוזי בננה רביעייה 100 גרם,נטורה נובה,,סמוזי בננה רביעיה 40,גרמים,400.00,100 גרם,false,1,22.90,5.73,true,1,
8024985005234,false,מחית פירות סמוצ`י תפוח עץ ומנגו אורגנית,נטורפוד בעמ,,מחית נטורה נובה סמוצ,גרמים,100.00,100 גרם,false,1,5.90,5.90,true,1,
8024985005296,false,סמוזי אגס בננה תפוח וקינואה אורגני,נטורפוד בעמ,,סמוזי אגס בננה תפוח,גרמים,120.00,100 גרם,false,1,7.50,6.25,true,1,
8024985005302,false,סמוזי תפוח רימון פטל אוכמנויות ואסאי אורגני,נטורפוד בעמ,,סמוזי תפוח רימון פטל,גרמים,120.00,100 גרם,false,1,7.50,6.25,true,1,
8024985006309,false,נטורה נובה סמוזי מנגו רביעייה 100 גרם,נטורפוד בעמ,IT,סמוזי מנגו רביעיה 40,גרמים,400.00,100 גרם,false,1,22.90,5.73,true,1,
8024985008037,false,מחית פירות סמוצ`י תפוח אורגנית ללא תוספת,"נטורפוד בע""מ",,מחית נטורה נובה סמוצ,גרמים,100.00,100 גרם,false,1,5.90,5.90,true,1,
8024985008044,false,מחית פירות סמוצ`י אגס אורגנית ללתס נטור,"נטורפוד בע""מ",,מחית נטורה נובה סמוצ,גרמים,100.00,100 גרם,false,1,5.90,5.90,true,1,
8024985008051,false,מחית פירות סמוצ`י פירות אדומים אורגנית ל,"נטורפוד בע""מ",,מחית נטורה נובה סמוצ,גרמים,100.00,100 גרם,false,1,5.90,5.90,true,1,
8024985011204,false,נטורה נובה-סמוזי תפוח תות בננה 100 גרם,נטורה נובה,,סמוזי תפוח תות בננה,גרמים,100.00,100 גרם,false,1,5.90,5.90,true,1,
8025358052817,false,פאפאיה סט מגש 50*16,,,פאפאיה סט מגש 50*16,Unknown,0.00,Unknown,false,1,149.00,149.00,true,1,
8025358638837,false,כוס בליני 300,,,כוס בליני 300,קילוגרמים,0.00,"ק""ג",false,1,15.00,15.00,true,1,
8026985075910,false,"מיץ תפוחים אורגני 750 מ""ל",,,מיץ תפוחים אורגני 75,מיליליטרים,750.00,"100 מ""ל",false,1,20.90,2.79,true,1,
8027603005333,false,"יין טוסקנה ביאנקו 750 מ""ל",,IT,יין טוסקנה ביאנקו 75,מיליליטרים,750.00,"100 מ""ל",false,1,69.90,9.32,true,1,
8028696273944,false,ממרח זיתים שחורים בצנצנת 130 גרם אמאטו,,IT,ממרח זיתים שחורים בצ,גרמים,130.00,100 גרם,false,1,11.90,9.15,true,1,
8029358005118,false,"רנאטו ראטי, ברברה דאסטי באטליון 750 מ""ל",,IT,"רנאטו ראטי, ברברה דא",מיליליטרים,750.00,"100 מ""ל",false,1,99.90,13.32,true,1,
8029358005217,false,"יין רנאטו ראטי ברברה דאלבה 750 מ""ל",,,יין רנאטו ראטי ברברה,Unknown,0.00,Unknown,false,1,141.90,141.90,true,1,
8029358007174,false,"רנאטו ראטי, לאנגה שרדונה 750 מ""ל",,IT,"רנאטו ראטי, לאנגה שר",מיליליטרים,750.00,"100 מ""ל",false,1,89.90,11.99,true,1,
8030243010247,false,4.4 ביוקאפ נוטריקולו,,,4.4 ביוקאפ נוטריקולו,Unknown,0.00,Unknown,false,1,63.90,63.90,true,1,
8030243010278,false,5.22 ביוקאפ נוטריקול,,,5.22 ביוקאפ נוטריקול,Unknown,0.00,Unknown,false,1,63.90,63.90,true,1,
8030243010544,false,3.0 ביוקאפ נוטריקולו,,,3.0 ביוקאפ נוטריקולו,Unknown,0.00,Unknown,false,1,63.90,63.90,true,1,
8030243015242,false,ביוקאפ דליקטו מהיר צבע שוקולד ערמונים,,,ביוקאפ דליקטו מהיר צ,מיליליטרים,135.00,"100 מ""ל",false,1,63.90,47.33,true,1,
8030316001011,false,מונטאלבאנו פינו גריגיו 750 מל אורגני,,,מונטאלבאנו פינו,מיליליטרים,750.00,"100 מ""ל",false,1,65.90,8.79,true,1,
8032523531299,false,ממרח קקאו עם אגוזי לוז 200 גרם,,IT,ממרח קקאו עם אגוזי ל,גרמים,200.00,100 גרם,false,1,25.90,12.95,true,1,
8032568510907,false,"יין קולמסארי ורמנטינו מלאצה 750 מ""ל",,,יין קולמסארי ורמנטינ,Unknown,0.00,Unknown,false,1,68.20,68.20,true,1,
8032685196787,false,עגבניות אורגניות חתוכות 400 גרם SOLANIA,פתח תקווה,,עגבניות אורגניות חתו,גרמים,400.00,100 גרם,false,1,7.50,1.88,true,1,
8032685196800,false,נטורפוד עגבניות אורגניות מרוסקות 700 גרם,נטורפוד בעמ,,עגבניות אורגניות מרו,גרמים,720.00,100 גרם,false,1,13.90,1.93,true,1,
8032715385990,false,"פסטה ספגטי לל""ג בסיס אורז חום 250 גר",,IT,פסטה ספגטי אורז חום,גרמים,250.00,100 גרם,false,1,12.90,5.16,true,1,
8032755322481,false,ביסקויטים עם ריבת תפוח עץ 250 גר אורלי,חב אורלטה 1987,IT,ביסקויטים עם ריבת תפ,גרמים,250.00,100 גרם,false,1,17.90,7.16,true,1,
8032755322719,false,ביסקויטים עם מלוי פירות אדומים 250 גר,חב אורלטה 1987,IT,ביסקויטים עם מלוי פי,גרמים,250.00,100 גרם,false,1,17.90,7.16,true,1,
8032755324232,false,ביסקויטים עם מילוי בטעם משמש 250 גר,חב אורלטה 1987,IT,ביסקויטים עם מילוי ב,גרמים,250.00,100 גרם,false,1,17.90,7.16,true,1,
8032793342458,false,עגבניות מרוסקות דק ומסוננות בבקבוק 700 ג,קונסוריזיו קאסאלסקו דל פ,,עגבניות מרוסקות דק ו,גרמים,700.00,100 גרם,false,1,13.50,1.93,true,1,
8032793344292,false,עגבניות מרוסקות דק בקבוק 700 גר` פולפה,קונסוריזיו קאסאלסקו דל פ,,עגבניות חתוכות דק בב,גרמים,700.00,100 גרם,false,1,13.50,1.93,true,1,
8032793344520,false,תרכיז עגבניות רסק עגבניות מרוכז מאוד,גורי מוצרי צריכה (1991) בעמ,,תרכיז עגבניות מרוכז,גרמים,200.00,100 גרם,false,1,7.90,3.95,true,1,
8032793914952,false,"חומץ בלסמי אורגני מודונה איטליה 250 מ""ל",,IT,חומץ בלסמי אורגני מו,מיליליטרים,250.00,"100 מ""ל",false,1,49.90,19.96,true,1,
8032804430471,false,פליסיה פסטה סדניני עדשים אורגני 250 גרם,אף.סי תבליני בגליל ב,,פליסיה פסטה סדניני ע,גרמים,250.00,100 גרם,false,1,15.60,6.24,true,1,
8032804430501,false,פליסיה קופסא פוזילי אפונה ירוקה נטורפוד 250 גרם,אף.סי תבליני בגליל ב,,פליסיה פסטה פוזילי א,גרמים,250.00,100 גרם,false,1,15.60,6.24,true,1,
8032804431522,false,"ספגטי עדשים אדומות לל""ג אורגני 250 גרם",,IT,ספגטי עדשים אדומות ל,גרמים,250.00,100 גרם,false,1,15.90,6.36,true,1,
8032804432017,false,פוזילי פליסיה כוסמת אורגני 340 גר,מולינו אנדריאני,,פוזילי פליסיה כוסמת,גרמים,340.00,100 גרם,false,1,15.90,4.68,true,1,
8032804435636,false,פליסיה קופסא - פוזילי 4 דגנים אורגני 340 גרם,פליסיה Felicia Bio,,פוזילי 4 דגנים אורגנ,גרמים,340.00,100 גרם,false,1,13.90,4.09,true,1,
8032804435643,false,פוזילי אורז מלא אורגני 340 גרם פליסיה,פליסיה Felicia Bio,,פוזילי אורז מלא אורג,גרמים,340.00,100 גרם,false,1,13.90,4.09,true,1,
8032880800243,false,פיקניק הפתעה - אגוזי לוז ומקלות אפויים,"הוסטה איטליה, ס.ר.ל.",,פיקניק הפתעה 50 גרם,גרמים,50.00,100 גרם,false,1,7.90,15.80,true,1,
8033020445973,false,"PIVETTI קמח 00 לכל מטרה 1 ק""ג",פיווטי Pivetti,IT,PIVETTI קמח 00 לכל מ,גרמים,1000.00,100 גרם,false,1,7.90,0.79,true,1,
8033020445980,false,"קמח לפסטה 1 pasta fresca ק""ג 00 PIVETTI",PIVETTI,IT,PIVETTI קמח לפסטה 00,גרמים,1000.00,100 גרם,false,1,13.50,1.35,true,1,
8033020445997,false,"קמח איטלקי ללחמים 1 ק""ג 0 PIVETTI",PIVETTI,IT,PIVETTI קמח איטלקי ל,גרמים,1000.00,100 גרם,false,1,11.40,1.14,true,1,
8033020446000,false,"קמח איטלקי לפיצה ופוקצה 1 ק""ג 00 PIVETTI",פיווטי Pivetti,IT,PIVETTI קמח איטלקי ל,גרמים,1000.00,100 גרם,false,1,10.40,1.04,true,1,
8033087771381,false,ניוקי ללא גלוטן לה ניוקריה 500 גרם,דיפלומט מפיצים (1968) בעמ**,,ניוקי ללא גלוטן לה נ,גרמים,500.00,100 גרם,false,1,18.50,3.70,true,1,
8033413343015,false,ספגטי מקמח כוסמין מלא אורגני 500 גרם,,IT,ספגטי מקמח כוסמין מל,גרמים,500.00,100 גרם,false,1,19.90,3.98,true,1,
8033829960080,false,יין אמראנטה מונטופוליצאנו דה אברוצו 750מ,,IT,יין אמראנטה מונטופול,Unknown,0.00,Unknown,false,1,159.90,159.90,true,1,
8033829960554,false,"יין טנטו אוליזה רוזה 750 מ""ל",,IT,יין טנטו אוליזה רוזה,מיליליטרים,750.00,"100 מ""ל",false,1,109.90,14.65,true,1,
8034023209104,false,רבעי ארטישוק 280 גרם TERRE,,,רבעי ארטישוק 280 גרם,גרמים,280.00,100 גרם,false,1,18.70,6.68,true,1,
8034023209166,false,ארטישוק שלם 530 גר TERRE,,,ארטישוק שלם 530 גר T,גרמים,530.00,100 גרם,false,1,29.50,5.57,true,1,
8034023209180,false,ארטישוק בגריל 290 גרם TERRE,,,ארטישוק בגריל 290 גר,גרמים,290.00,100 גרם,false,1,18.10,6.24,true,1,
8034141060106,false,וורמוט ביאנקו 1 ל GRAN TORINO,,,וורמוט ביאנקו 1 ל GR,Unknown,0.00,Unknown,false,1,35.90,35.90,true,1,
8034141060120,false,וורמוט רוסו 1 ל GRAN TORINO,,,וורמוט רוסו 1 ל GRAN,Unknown,0.00,Unknown,false,1,35.90,35.90,true,1,
8034141060144,false,וורמוט אקסטרה דריי 1 ל GRAN TORINO,", ,",,וורמוט אקסטרה דריי 1,ליטרים,0.00,ליטר,false,1,35.90,35.90,true,1,
8034141060175,false,יין מבעבע לבן אסטי 750 מל GRAN TORINO,,,יין מבעבע לבן אסטי,Unknown,0.00,Unknown,false,1,64.90,64.90,true,1,
8050705431106,false,עוגיות במילוי קרם בטעם שוקולד 300 גר,,,עוגיות במילוי קרם בט,גרמים,300.00,100 גרם,false,1,15.90,5.30,true,1,
8050705431168,false,עוגיות במילוי קרם בטעם דובדבן 300 גר,,,עוגיות במילוי קרם בט,גרמים,300.00,100 גרם,false,1,15.90,5.30,true,1,
8050705432202,false,עוגיות בטעם שוקולד עם פתיתי קוקוס 300גר,,,עוגיות בטעם שוקולד ע,גרמים,300.00,100 גרם,false,1,15.90,5.30,true,1,
8050705432219,false,עוגיות בטעם קפה עם קרם חלב 300גר,,,עוגיות בטעם קפה עם ק,גרמים,300.00,100 גרם,false,1,15.90,5.30,true,1,
8050705434459,false,מאפה קרואסון עם מילוי שוקולד 300 גר,,,מאפה קרואסון עם מילו,גרמים,300.00,100 גרם,false,1,14.90,4.97,true,1,
8050705434480,false,מאפה קרואסון עם מילוי דובדבן 300 גר,,,מאפה קרואסון עם מילו,גרמים,300.00,100 גרם,false,1,14.90,4.97,true,1,
8051407911088,false,יין טורצינטו DOC 2014 וואלפולי אדום יבש,,IT,יין טורצינטו DOC ווא,מיליליטרים,750.00,"100 מ""ל",false,1,104.90,13.99,true,1,
8051407912030,false,יין סרביירו רוסו וונטו IGT אדום יבש 750,יקב טנוטה קאבוטה,,יין סרביירו רוסו וונ,מיליליטרים,750.00,"100 מ""ל",false,1,104.90,13.99,true,1,
8052440756216,false,שמן חמניות אורגני כבישה קרה 1 ליטר,תות תעשיות מזון (201,,שמן חמניות אורגני כב,מיליליטרים,1000.00,"100 מ""ל",false,1,35.50,3.55,true,1,
8052440756315,false,שמן קנולה אורגני 1 ליטר נטורפוד,תות תעשיות מזון (201,,שמן קנולה אורגני 1 ל,ליטרים,0.00,ליטר,false,1,35.50,35.50,true,1,
8076800195019,false,ברילה - צ.א ספגטי מס1 קפליני 500 גרם,ברילה גי.אי.אר פרטלי ס.פ,,ספגטי מס 1 קפליני 5,גרמים,500.00,100 גרם,false,1,6.90,1.38,true,1,
8076800195033,false,ברילה - צ.א ספגטיני מס3 חדש 500 גרם,ברילה גי.אי.אר פרטלי ס.פ,,ספגטי ברילה מס 3 ברי,גרמים,500.00,100 גרם,false,1,6.90,1.38,true,1,
8076800195057,false,ברילה - צ.א ספגטי מס5 חדש 500 גרם,ברילה גי.אי.אר פרטלי ס.פ,,ספגטי ברילה מס 5 ברי,גרמים,500.00,100 גרם,false,1,6.90,1.38,true,1,
8076800195132,false,ברילה - צ.א בבטה מס13 500 גרם,ברילה גי.אי.אר פרטלי ס.פ,,פסטה ברילה מס 13,גרמים,500.00,100 גרם,false,1,6.90,1.38,true,1,
8076800315097,false,פסטה מקרוני בוקטיני מספר 9 ברילה 500 גרם,ברילה גי.אי.אר פרטלי ס.פ,,ספגטי ברילה בוקטיני,גרמים,500.00,100 גרם,false,1,6.90,1.38,true,1,
8076802085738,false,ברילה - צ.ק פנה רגטה חדש 500 גרם,ברילה גי.אי.אר פרטלי ס.פ,,פסטה ברילה פנה רגטה,גרמים,500.00,100 גרם,false,1,6.90,1.38,true,1,
8076802085837,false,ברילה - צ.ק טורטליוני מס83 500 גרם,הנסיך- מפעל לייצור ט,,פסטה ברילה טורטליוני,גרמים,500.00,100 גרם,false,1,6.90,1.38,true,1,
8076802085936,false,ברילה פסטה צ.ק. קונצילה ריגטה חדש,ברילה גי.אי.אר פרטלי ס.פ,,ברילה קונציליאה ריגא,גרמים,500.00,100 גרם,false,1,6.90,1.38,true,1,
8076802085981,false,ברילה - צ.ק פוזילי חדש 500 גרם,ברילה גי.אי.אר פרטלי ס.פ,,פסטה ברילה פוזילי מס,גרמים,500.00,100 גרם,false,1,6.90,1.38,true,1,
8076808050440,false,פסטה מקרוני מספר 44 ברילה 500 גרם,ש. שסטוביץ בע`מ,,פסטה ברילה מקרוני,גרמים,500.00,100 גרם,false,1,6.90,1.38,true,1,
8076808060654,false,פסטה פרפלה מספר 65 ברילה 500 גרם,ברילה גי.אי.אר פרטלי ס.פ,,ברילה פרפלה מס 65,גרמים,500.00,100 גרם,false,1,6.90,1.38,true,1,
8076808070882,false,קנלוני מספר 88 ברילה (250 גרם),פאסטיפיקו ריגו אס.אר,,פסטה למילוי קנלוני 2,גרמים,500.00,100 גרם,false,1,16.70,3.34,true,1,
8076808150072,false,ברילה - צ.א ספגטוני מס7 חדש 500 גרם,ברילה גי.אי.אר פרטלי ס.פ,,ספגטי ברילה מס 7 ברי,גרמים,500.00,100 גרם,false,1,6.90,1.38,true,1,
8076809501415,false,ברילה קנלוני/פנה 500 ג' מצה פנה טרקולור 500 גרם,"ש. שסטוביץ בע""\מ",,פנה טריקולור 78 500,גרמים,500.00,100 גרם,false,1,16.20,3.24,true,1,
8076809512268,false,פסטה גירנדולה טורסדס מספר 34 ברילה 500 גרם,ברילה גי.אי.אר פרטלי ס.פ,,ברילה גירנדולה מס 34,גרמים,500.00,100 גרם,false,1,6.90,1.38,true,1,
8076809513388,false,ברילה רוטב אראביאטה צילי לפסטה 400 ג,ברילה גי.אי.אר פרטלי ס.פ,,רוטב ארביאטה 400 גרם,גרמים,400.00,100 גרם,false,1,14.90,3.73,true,1,
8076809513395,false,ברילה פומודורו רוטב עגבניות קלאסי 400 גר,ברילה גי.אי.אר פרטלי ס.פ,,רוטב פומודורו 400 גר,גרמים,400.00,100 גרם,false,1,14.90,3.73,true,1,
8076809513654,false,בסיס רוטב עגבניות לבולונז 400 גרם ברילה,ברילה גי.אי.אר פרטלי ס.פ,,בסיס רוטב עגבניות לב,גרמים,400.00,100 גרם,false,1,14.90,3.73,true,1,
8076809513692,false,רוטב עגבניות נפולטנה בתוספת ירקות,ברילה גי.אי.אר פרטלי ס.פ,,רוטב נפוליטנה 400 גר,גרמים,400.00,100 גרם,false,1,14.90,3.73,true,1,
8076809513715,false,רוטב זיתים 400 גרם ברילה,ש.שסטוביץ בעמ,,רוטב זיתים 400 גרם ב,גרמים,400.00,100 גרם,false,1,14.90,3.73,true,1,
8076809513739,false,ברילה רוטב עגבניות עם בזיליקום 400 גרם,ברילה גי.אי.אר פרטלי ס.פ,,רוטב בזיליקום 400 גר,גרמים,400.00,100 גרם,false,1,14.90,3.73,true,1,
8076809514774,false,ברילה פפרדלה איטריות ביצים 250 גרם,ברילה גי.אי.אר פרטלי ס.פ,,פסטה עם ביצים פפרדלה,גרמים,250.00,100 גרם,false,1,17.90,7.16,true,1,
8076809519977,false,ברילה אורקייטה 500 גר`ברילה,ברילה גי.אי.אר פרטלי ס.פ,,ברילה אורקייטה 500 ג,גרמים,500.00,100 גרם,false,1,14.90,2.98,true,1,
8076809523561,false,ברילה - רוטב פסטה בטעם טוסקנה 400 גרם,ברילה גי.אי.אר פרטלי ס.פ,,רוטב פסטה בטעם פיצה,גרמים,400.00,100 גרם,false,1,14.90,3.73,true,1,
8076809523714,false,איטריות טליאטלה ברילה 500 גרם,"ש. שסטוביץ בע""\מ",,ברילה איטריות 500 גר,גרמים,500.00,100 גרם,false,1,22.90,4.58,true,1,
8076809523738,false,דפי לזניה ברילה 500 גרם,ברילה גי.אי.אר פרטלי ס.פ,,ברילה לזניה 500 גרם,גרמים,500.00,100 גרם,false,1,21.70,4.34,true,1,
8076809529419,false,ספגטי מחיטה מלאה מס' 5 500 ג' ברילה,ברילה גי. אי. אר פרט,,ספגטי חיטה מלאה 500,גרמים,500.00,100 גרם,false,1,12.90,2.58,true,1,
8076809545440,false,ספגטי מספר 5 ללא גלוטן ברילה (400 גרם),ברילה ג'.אי.אר פרטלי,,ברילה ספגטי,גרמים,400.00,100 גרם,false,1,14.90,3.73,true,1,
8076809545457,false,ברילה אטריות ללא גלוטן 400 ג' צינורות 400 ג',ברילה ג'.אי.אר פרטלי,,ברילה פסטה ללא גלוטן,גרמים,400.00,100 גרם,false,1,14.90,3.73,true,1,
8076809545464,false,ברילה פסטה ללא גלוטן צורת ספירלי 400 גר,מולינו אנדריאני אס.א,,ברילה פסטה ללא גלוטן,גרמים,400.00,100 גרם,false,1,14.90,3.73,true,1,
8076809547956,false,פסטה ברילה קיפרי 500 גרם,ברילה ג'.אי.אר פרטלי,IT,ברילה קיפרי 500 גר,גרמים,500.00,100 גרם,false,1,6.90,1.38,true,1,
8076809580687,false,רוטב פסטו אדום ברילה 190 גר,,,רוטב פסטו אדום ברילה,גרמים,190.00,100 גרם,false,1,18.80,9.89,true,1,
8076809580762,false,רוטב פסטו ברילה 190 גר GENOVESE,,,רוטב פסטו ברילה 190,גרמים,190.00,100 גרם,false,1,18.80,9.89,true,1,
8121300206946,false,ממתיק סיטיביה טרוביה 80 שקיות אישיות,גורי ע.ע.ע. בע`מ,US,טרוביה סטיביה ממתיק,גרמים,80.00,100 גרם,false,1,33.90,42.38,true,1,
8121300207004,false,טרוביה - סטיביה ממתיק בצנצנת 270 גרם,קספרס פאקאגעהג,US,טרוביה סטיביה ממתיק,גרמים,270.00,100 גרם,false,1,36.50,13.52,true,1,
8121300208780,false,טרוביה תחליף סוכר לכל מטרה 360 גרם,גורי ע.ע.ע. בעמ,US,תחליף סוכר לכל מטרה,גרמים,360.00,100 גרם,false,1,34.90,9.69,true,1,
8190010296523,false,"כרוב חמוציות 1 ק""ג",,,"כרוב חמוציות 1 ק""ג",גרמים,1000.00,100 גרם,false,1,23.90,2.39,true,1,
8190010296547,false,כרוב חמוציות 500 גר,,,כרוב חמוציות 500 גר,גרמים,500.00,100 גרם,false,1,13.50,2.70,true,1,
8290010296858,false,אסורטי 600 גר,,,אסורטי 600 גר,גרמים,600.00,100 גרם,false,1,19.70,3.28,true,1,
8390010296831,false,כרוב בולגרי 500 גר,,,כרוב בולגרי 500 גר,גרמים,600.00,100 גרם,false,1,12.00,2.00,true,1,
8410001109978,false,ספוגי קרצוף ללכלוך קשה זוג,3m,ES,ספוגי קרצוף ללכלוך ק,Unknown,0.00,Unknown,false,1,12.90,12.90,true,1,
8410001134864,false,זוג ספוגים לניקוי קשה שמזון אינו נלכד בתוכו,3m,,זוג ספוגים לניקוי קש,יחידה,1.00,יחידה,false,1,15.90,15.90,true,1,
8410001134888,false,זוג ספוגים עם ידית אחיזה לניקוי קשה שמזון אינו נלכד בתוכו,3m,,זוג ספוגים עם ידית א,יחידה,1.00,יחידה,false,1,15.90,15.90,true,1,
8410001134918,false,זוג ספוגים עם ידית אחיזה ללא שריטות שמזון אינו נלכד בתוכו,3m,,זוג ספוגים עם ידית א,יחידה,1.00,יחידה,false,1,15.90,15.90,true,1,
8410001135304,false,סקוטש ברייט כרית ניקוי לכיריים מזכוכית,3M,,סקוטש ברייט כרית ניק,יחידה,1.00,יחידה,false,1,19.90,19.90,true,1,
8410013006142,false,יין קודורניו קלאסיקו קאווה רוזה יבש 750,,,יין קודורניו קלאסיקו,Unknown,0.00,Unknown,false,1,46.90,46.90,true,1,
8410013381010,false,יין מבעבע קודורניו קלאסיקו ברוט 750 מל,,,יין מבעבע קודורניו ק,Unknown,0.00,Unknown,false,1,46.90,46.90,true,1,
8410013381089,false,יין קווה קודורניו קלסיקו יבש 200מל*3,,,יין קווה קודורניו קל,Unknown,0.00,Unknown,false,1,62.00,62.00,true,1,
8410013383014,false,יין קאווה קודורניו קלאסיקו חצי יבש 750 מ,,,יין קאווה קודורניו ק,Unknown,0.00,Unknown,false,1,46.90,46.90,true,1,
8410013991042,false,יין קאווה באך יבש 750 מל,,,יין קאווה באך יבש 75,Unknown,0.00,Unknown,false,1,41.90,41.90,true,1,
8410013992094,false,יין קאווה באך חצי יבש 750 מל,,,יין קאווה באך חצי יב,Unknown,0.00,Unknown,false,1,41.90,41.90,true,1,
8410015026223,false,"יין אדום יבש סיגלו ריוחה טמפרניו 750 מ""",מאנזאנו,,יין אדום יבש סיגלו ר,Unknown,0.00,Unknown,false,1,45.90,45.90,true,1,
8410015027800,false,"ין אדום יבש סיגלו רזרב 750 מ""ל",מאנזאנו,,ין אדום יבש סיגלו רז,Unknown,0.00,Unknown,false,1,84.90,84.90,true,1,
8410028228706,false,"ברנדי מרקז דה מיסה 700 מ""ל",ספרד ויליאם אנד אומב,,ברנדי מרקז דה מיסה 7,מיליליטרים,700.00,"100 מ""ל",false,1,77.90,11.13,true,1,
8410031132519,false,צופה צופס-לקקן 16 יח בשקית 120 גר,,AT,צופה צופס-לקקן 16 יח,גרמים,120.00,100 גרם,false,1,14.60,12.17,true,1,
8410031934892,false,סוכריות צופה צופ מלודי רביעייה 60 גרם,פרפטי ואן מלה,RU,סוכריות צופה צופ מלו,גרמים,60.00,100 גרם,false,1,10.40,17.33,true,1,
8410031961782,false,צופה צופס לקקן מסטיק בטעם דובדבן 126 ג,,ES,צופה צופס לקקן מסטיק,גרמים,126.00,100 גרם,false,1,12.90,10.24,true,1,
8410031966237,false,צופה צופ חמוץ סוכריות על מקל 114 גרם,,ES,צופה צופ חמוץ סוכריו,גרמים,114.00,100 גרם,false,1,10.90,9.56,true,1,
8410031972719,false,צופה צופס-לקקן מיני בשקית 120 גר,,AT,צופה צופס-לקקן מיני,גרמים,120.00,100 גרם,false,1,14.60,12.17,true,1,
8410076610379,false,"חטיף בוטנים, חלבון סויה ושוקולד מריר עם ציפוי בטעם שוקולד",נייצ'ר ואלי Nature Valley,,חטיף נייטשר ואלי פרו,גרמים,210.00,100 גרם,false,1,24.90,11.86,true,1,
8410076610386,false,נייטשר ואלי פרוטאין בוטנים עם ציפוי בטעם קרמל מלוח 160 ג',ג'\נרל מילס סאן אדריאן S,,חטיף נייטשר ואלי פרו,גרמים,210.00,100 גרם,false,1,24.90,11.86,true,1,
8410076610492,false,חטיף שיבולת שועל מלאה ובוטנים בציפוי עם חמאת בוטנים,יבואן ומשווק: ש. שסט,,חטיף צואי נייטשר ווא,גרמים,150.00,100 גרם,false,1,17.90,11.93,true,1,
8410076610508,false,"חטיף שיבולת שועל מלאה עם בוטנים, שקדים ושוקולד מריר בציפוי בטעם שוקולד",נייצ'ר ואלי Nature Valley,,חטיף צואי נייטשר ווא,גרמים,150.00,100 גרם,false,1,17.90,11.93,true,1,
8410076621009,false,עוגות אישיות בטעם קרמל עם חתיכות בטעם קרמל מלוח,ליימן שליסל בע`מ,,חטיף פייבר 1 בטעם קר,גרמים,120.00,100 גרם,false,1,17.70,14.75,true,1,
8410076621047,false,עוגות אישיות בטעם שוקולד עם חתיכות בטעם שוקולד,ליימן שליסל בע`מ,,חטיף פייבר 1 בטעם שו,גרמים,120.00,100 גרם,false,1,17.70,14.75,true,1,
8410104039134,false,"מנקה ומחדש מדיח כלים פיניש 250 מ""ל",רקיט בנקיזר (ניר איסט) בעמ,,מנקה ומחדש פיניש 250,מיליליטרים,250.00,"100 מ""ל",false,1,14.90,5.96,true,1,
8410104044916,false,אבקה למדיח כלים פיניש (2.7 קג),רקיט בנקיזר (ניר איסט) בעמ,,פיניש אבקה למדיח 2.7,קילוגרמים,0.00,"ק""ג",false,1,50.50,50.50,true,1,
8410104045111,false,"פיניש מלח למדיח כלים 2ק""ג",רקיט בנקיזר (ניר איסט) בעמ,,פיניש מלח 2 קג,קילוגרמים,0.00,"ק""ג",false,1,14.90,14.90,true,1,
8410104437268,false,מפיג ריח רגיל למדיח פיניש 1 יחידה,רקיט בנקיזר (ניר איסט) בעמ,,פיניש סטופ לריח,Unknown,0.00,Unknown,false,1,22.50,22.50,true,1,
8410109056549,false,ואלור טב שוק חלב במילוי קרם אגוזים 100,,,ואלור טב שוק חלב במי,גרמים,100.00,100 גרם,false,1,13.90,13.90,true,1,
8410128768324,false,משקה סויה שקדים קרטונית1 ל' ויוה סוי,טמפו משקאות בע`מ,ES,ויוה סוי שקדים קרטונ,מיליליטרים,1000.00,"100 מ""ל",false,1,12.90,1.29,true,1,
8410128768355,false,ויוה סוי סויה קלאסי קרטונית ליטר,טמפו משקאות בעמ,ES,ויוה סוי סויה קלאסי,מיליליטרים,1000.00,"100 מ""ל",false,1,11.90,1.19,true,1,
8410128783587,false,ויוה סוי שיבולת שועל בריסטה קרטונית,טמפו משקאות בעמ,ES,ויוה סוי שיבולת שועל,מיליליטרים,1000.00,"100 מ""ל",false,1,12.90,1.29,true,1,
8410128785734,false,משקה סויה ויוה סוי בריסטה 1 ליטר.,טמפו משקאות בעמ,,ויוה סוי בריסטה משפח,מיליליטרים,1000.00,"100 מ""ל",false,1,11.90,1.19,true,1,
8410134002580,false,זיתים ירוקים עם טונה 300 גרם FRAGATA,אנגל קמצ'ו אלימנטסיו,,זיתים ירוקים עם טונה,גרמים,300.00,100 גרם,false,1,8.50,2.83,true,1,
8410134016839,false,זיתים ירוקים עם סלומון 300 גרם FRAGATA,אנגל קמצ'ו אלימנטסיו,,זיתים ירוקים עם סלומ,גרמים,300.00,100 גרם,false,1,8.50,2.83,true,1,
8410134119509,false,זיתים שחורים 350 גרם FRAGATA,אנגל קמצ'ו אלימנטסיו,,זיתים שחורים 350 גרם,גרמים,350.00,100 גרם,false,1,8.50,2.43,true,1,
8410161511253,false,"ברנדי ספרדי רומטה סולרה חרז 700 מ""ל",רומטה,ES,ברנדי ספרדי רומטה סו,מיליליטרים,700.00,"100 מ""ל",false,1,77.90,11.13,true,1,
8410179002767,false,זיתים ירוקים ממולאים באנשובי 300 גר ITLV,אסייטונס גואדלקוויר,ES,זיתים ירוקים ממולאים,גרמים,300.00,100 גרם,false,1,10.40,3.47,true,1,
8410179002828,false,זיתים ירוקים ממולאים בסלמון 300 גר ITLV,אסייטונס גואדלקוויר,ES,זיתים ירוקים ממולאים,גרמים,300.00,100 גרם,false,1,10.40,3.47,true,1,
8410179002873,false,זיתים ירוקים ממולאים בשרימפס 300 גר ITLV,,ES,זיתים ירוקים ממולאים,גרמים,300.00,100 גרם,false,1,10.40,3.47,true,1,
8410179002880,false,זיתים ירוקים ממולאים בלוובסטר 300 גר ITLV,,ES,זיתים ירוקים ממולאים,גרמים,300.00,100 גרם,false,1,10.40,3.47,true,1,
8410182420114,false,"בצלצלי פנינה בחומץ 370 מ""ל",דליסיאס,,בצלצלי פנינה בחומץ 3,גרמים,340.00,100 גרם,false,1,12.00,3.53,true,1,
8410261151625,false,יין סנגריה גרסיה דון סימון אדום 1.5 ל,,,יין סנגריה גרסיה דון,Unknown,0.00,Unknown,false,1,21.90,21.90,true,1,
8410300102939,false,קוביות גלינה בלנקה טעם בקר 80 גר,,,קוביות גלינה בלנקה ט,גרמים,80.00,100 גרם,false,1,13.90,17.38,true,1,
8410300104612,false,קוביות גלינה בלנקה עם פטריות 80 גר,,,קוביות גלינה בלנקה ע,גרמים,80.00,100 גרם,false,1,13.90,17.38,true,1,
8410300207665,false,קוביות גלינה בלנקה טעם עוף 80 גר,,,קוביות גלינה בלנקה ט,Unknown,0.00,Unknown,false,1,13.90,13.90,true,1,
8410300233961,false,מרק פירה להכנה מהירה טעם עוף 15 גרם G.B,,,מרק פירה להכנה מהירה,גרמים,15.00,100 גרם,false,1,3.90,26.00,true,1,
8410300233978,false,מרק להכנה מהירה פטריות/קרוטון 15 גרם G.B,,,מרק להכנה מהירה פטרי,גרמים,15.00,100 גרם,false,1,3.90,26.00,true,1,
8410300234005,false,מרק להכנה מהירה בשר 15 גרם G.B,,,מרק להכנה מהירה בשר,גרמים,15.00,100 גרם,false,1,3.90,26.00,true,1,
8410300238164,false,קוביות גלינה בלנקה עוף עם ירק 80 גר,,,קוביות גלינה בלנקה ע,גרמים,80.00,100 גרם,false,1,13.90,17.38,true,1,
8410300340232,false,קוביות גלינה בלנקה בקר על עצם 80 גר,,,קוביות גלינה בלנקה ב,גרמים,80.00,100 גרם,false,1,13.90,17.38,true,1,
8410342003508,false,"טוראס- ממרח שוקולד ללת""ס 200 גרם",,ES,טוראס- ממרח שוקולד ל,גרמים,200.00,100 גרם,false,1,22.50,11.25,true,1,
8410342004789,false,טוראס-שוקולד מריר 72% ללא סוכר 100 גרם,,,טוראס-שוקולד מריר 72,גרמים,100.00,100 גרם,false,1,19.80,19.80,true,1,
8410342004796,false,שוקולד מריר 85% ללא סוכר טוראס 100ג',צ'יקולטס טוארס,ES,טוראס-שוקולד מריר 85,גרמים,100.00,100 גרם,false,1,19.80,19.80,true,1,
8410342004994,false,"שוקולד מריר שבבי קקאו חמוציות ללת""ס 125",צ'יקולטס טוארס,ES,שוקולד מריר שבבי קקא,גרמים,125.00,100 גרם,false,1,19.80,15.84,true,1,
8410342005625,false,"טוראס-שוקולד חלב אגוז ללת""ס 75 גרם",,ES,טוראס-שוקולד חלב אגו,גרמים,75.00,100 גרם,false,1,9.90,13.20,true,1,
8410342005632,false,טוראס שוקולד חלב שקד ללא סוכר 75 גרם,,ES,טוראס-שוקולד חלב שקד,גרמים,75.00,100 גרם,false,1,9.90,13.20,true,1,
8410342006585,false,"טוראס-שוקולד מריר 72% ללת""ס 75ג 1/12 (530)",,,טוראס-שוקולד מריר 72,גרמים,75.00,100 גרם,false,1,9.90,13.20,true,1,
8410342007049,false,"טוראס-שוקולד מריר 85% ללת""ס 75 גרם",,,טוראס-שוקולד מריר 85,גרמים,75.00,100 גרם,false,1,9.90,13.20,true,1,
8410342007063,false,שוקולד מריר95% ללא תוספת סוכר טוראס 100 ג',,ES,טוראס-שוקולד מריר 95,גרמים,100.00,100 גרם,false,1,19.80,19.80,true,1,
8410342007148,false,"טוראס-ש.מריר תפוז 72% ללת""ס 125ג",,ES,טוראס-ש.מריר תפוז 72,גרמים,125.00,100 גרם,false,1,19.80,15.84,true,1,
8410342007421,false,"טוראס-שוקולד חלב אגוזים ללת""ס 150 גר",,ES,טוראס-שוקולד חלב אגו,גרמים,150.00,100 גרם,false,1,19.90,13.27,true,1,
8410376006070,false,בסקוויט גולון מריה 800 ג',גולון,,בסקוויט גולון מריה 8,גרמים,800.00,100 גרם,false,1,11.90,1.49,true,1,
8410376009392,false,ביסקויט מחיטה מלאה ללא תוספת סוכר גולון 170 גרם,גאלטס גלון סא,,ביסקוויט חיטה מלאה,גרמים,170.00,100 גרם,false,1,9.90,5.82,true,1,
8410376013191,false,קרקר פיק קוקטייל בצילינדר 350 גר גולון,GULLON,,קרקר פיק קוקטייל 350,גרמים,350.00,100 גרם,false,1,15.90,4.54,true,1,
8410376014051,false,גולון-קרקר פיק מיניס 350 גר,GULLON,,קרקר פיק מיניס 350 ג,גרמים,350.00,100 גרם,false,1,15.90,4.54,true,1,
8410376016789,false,דיאגסטיב ביסקויט חיטה מלאה גולון 400 ג',GULLON,,ביסקוויט דיאגסטיב בצ,גרמים,300.00,100 גרם,false,1,13.50,4.50,true,1,
8410376027273,false,עוגיות מצופות שוקולד לבן גולון טווינס252,,ES,עוגיות מצופות שוקולד,גרמים,252.00,100 גרם,false,1,12.90,5.12,true,1,
8410376029079,false,גולון רונדיטוס ביסקויט ללא תוספת סוכר 186 גר,GULLON,,רונדיטוס ביסקוויט,גרמים,186.00,100 גרם,false,1,16.90,9.09,true,1,
8410376036169,false,עוגיות מריה ללא גלוטן 380 ג' גולון,GULLON,,עוגיות מרי ללא גלוט,גרמים,380.00,100 גרם,false,1,23.50,6.18,true,1,
8410376036862,false,גולון ביסקוויט סנדוויץ וניל 500 גר,גולון,ES,גולון ביסקוויט סנדוו,גרמים,500.00,100 גרם,false,1,10.40,2.08,true,1,
8410376037319,false,קרקר פיק מלח גולון 300 גר,,ES,קרקר פיק מלח גולון 3,גרמים,300.00,100 גרם,false,1,9.90,3.30,true,1,
8410376037784,false,גולון ביסקויט סנדויץ שוקו ללא סוכר 250ג,תות תעשיות מזון (201,,"ביסקויט ללת""ס סנדווי",גרמים,250.00,100 גרם,false,1,16.90,6.76,true,1,
8410376042481,false,גולון ביסקווט קרם יוגורט ללא תוספת סוכר 220 גרם,גלטס גולון,,גולון ביסקוויט קרם י,גרמים,220.00,100 גרם,false,1,14.90,6.77,true,1,
8410376042535,false,עוגיות ויטלדיי אבנה 220 גרם גולון,גלטס גולון פלנסיה,ES,עוגיות ויטלדיי אבנה,גרמים,220.00,100 גרם,false,1,14.50,6.59,true,1,
8410376044393,false,גולון עוגיות ללא סוכר 210גר,גולון,,"גולון- או 2 ללת""ס 21",גרמים,210.00,100 גרם,false,1,18.90,9.00,true,1,
8410376045017,false,גולון קרקרים ללא גלוטן וביצים 200 גרם,,,גולון קרקרים ללא גלו,גרמים,200.00,100 גרם,false,1,21.90,10.95,true,1,
8410376057270,false,גולון-ביסקוויט ללא סוכר עם ש.מריר 150 גר' 1/12,גולון,ES,"גולון-ביסקוויט ללת""ס",גרמים,150.00,100 גרם,false,1,17.90,11.93,true,1,
8410376059380,false,גולון וופל וניל ללא תוספת סוכר 180 גרם,GULLON,ES,גולון וופל וניל ללא,גרמים,180.00,100 גרם,false,1,16.90,9.39,true,1,
8410376059397,false,גולון וופל שוקולד ללא תוספת סוכר 180 גרם,GULLON,ES,גולון וופל שוקולד לל,גרמים,180.00,100 גרם,false,1,16.90,9.39,true,1,
8410376060461,false,גולון-ביסקוויט דיאגסטיב תפוז 280 גרם,,ES,גולון-ביסקוויט דיאגס,גרמים,280.00,100 גרם,false,1,14.50,5.18,true,1,
8410376061772,false,גולון ביסקויט ל.גלוטן דגנים שוקוציפס 220,,ES,גולון ביסקויט ל.גלוט,גרמים,220.00,100 גרם,false,1,18.90,8.59,true,1,
8410376064063,false,"גולון-שוקו רינג ביסקויט ללת""ס 150 גר",,ES,גולון-שוקו רינג ביסק,גרמים,150.00,100 גרם,false,1,16.90,11.27,true,1,
8410376064438,false,"גולון-פינאס ביסקויט שוקו חלב ללת""ס 150ג",,ES,גולון-פינאס ביסקויט,גרמים,150.00,100 גרם,false,1,16.90,11.27,true,1,
8410376064445,false,גולון ללא סוכר פיינס שוקולד אוונה 150 גר,,ES,גולון-פינאס שוקו אוו,גרמים,150.00,100 גרם,false,1,16.90,11.27,true,1,
8410406311006,false,מרקז דה קסרס ריוחה קריאנזה 750 מל,,,מרקז דה קסרס ריוחה,Unknown,0.00,Unknown,false,1,67.90,67.90,true,1,
8410406331004,false,יין מרקס דה קאסרס קריאנזה 1.5 ליטר,,ES,יין מרקס דה קאסרס קר,ליטרים,0.00,ליטר,false,1,130.20,130.20,true,1,
8410406611007,false,מרקס דה קסרס רוזה ריוחה 750 מל,,,מרקס דה קסרס רוזה רי,Unknown,0.00,Unknown,false,1,56.90,56.90,true,1,
8410406811001,false,מרקז דה קסרס ריוחה לבן חובן 750 מל,,,מרקס דה קסרס ריוחה,Unknown,0.00,Unknown,false,1,56.90,56.90,true,1,
8410479510221,false,"יין אסטולה קריאנזה 750 מ""ל",,,יין אסטולה קריאנזה,Unknown,0.00,Unknown,false,1,43.90,43.90,true,1,
8410479910298,false,"יין אסטולה גרנד רזרב 750 מ""ל",,,אסטולה גרנד רזרב,Unknown,0.00,Unknown,false,1,87.90,87.90,true,1,
8410525116681,false,פיני גומי צפרדעים 90 גרם,,ES,פיני גומי צפרדעים 90,Unknown,1.00,Unknown,false,1,6.90,6.90,true,1,
8410525116704,false,פיני גומי נשיקות 90 גרם,,ES,פיני גומי נשיקות 90,Unknown,1.00,Unknown,false,1,6.90,6.90,true,1,
8410525116735,false,פיני צינורות ליקריץ עם מילוי מתוק 90 גרם,,ES,פיני צינורות ליקריץ,Unknown,1.00,Unknown,false,1,6.90,6.90,true,1,
8410525116759,false,פיני גומי בננה 90 גרם,,ES,פיני גומי בננה 90 גר,גרמים,90.00,100 גרם,false,1,6.90,7.67,true,1,
8410525116766,false,פיני גומי קולה 90 גרם,,ES,פיני גומי קולה 90 גר,Unknown,1.00,Unknown,false,1,6.90,6.90,true,1,
8410525116780,false,פיני גומי טבעות תות חמוץ 90 גרם,,ES,פיני גומי טבעות תות,Unknown,1.00,Unknown,false,1,6.90,6.90,true,1,
8410525116797,false,פיני גומי טבעות אפרסק חמוץ 90 גרם,,ES,פיני גומי טבעות אפרס,Unknown,1.00,Unknown,false,1,6.90,6.90,true,1,
8410525116803,false,פיני גומי תנינים 90 גרם,,ES,פיני גומי תנינים 90,Unknown,0.00,Unknown,false,1,6.90,6.90,true,1,
8410525116810,false,פיני גלי בינס בטעמי פירות 85 גרם,,ES,פיני גלי בינס בטעמי,Unknown,0.00,Unknown,false,1,6.90,6.90,true,1,
8410525116834,false,פיני גומי כרישים 90 גרם,,ES,פיני גומי כרישים 90,Unknown,1.00,Unknown,false,1,6.90,6.90,true,1,
8410525121500,false,פיני שטיחים מסוכרים 90 גרם,,ES,פיני שטיחים מסוכרים,Unknown,1.00,Unknown,false,1,6.90,6.90,true,1,
8410525126482,false,פיני סוכריות גומי בציפוי סוכר 90 גרם,,ES,פיני סוכריות גומי בצ,Unknown,1.00,Unknown,false,1,6.90,6.90,true,1,
8410525143397,false,פיני מסטיק פירות 90 גרם,,ES,פיני מסטיק פירות 90,Unknown,0.00,Unknown,false,1,6.90,6.90,true,1,
8410525147906,false,פיני מסטיק מלון 90 גרם,,ES,פיני מסטיק מלון 90 ג,Unknown,1.00,Unknown,false,1,6.90,6.90,true,1,
8410525152412,false,פיני גומי חמוץ במילוי מתוק 90 גרם,,ES,פיני גומי חמוץ במילו,Unknown,1.00,Unknown,false,1,6.90,6.90,true,1,
8410525178085,false,פיני גומי אבטיח מסוכר 90 גרם,,ES,פיני גומי אבטיח מסוכ,Unknown,1.00,Unknown,false,1,6.90,6.90,true,1,
8410525179327,false,פיני מרשמלו תות מסוכר 80 גרם,,ES,פיני מרשמלו תות מסוכ,Unknown,0.00,Unknown,false,1,6.90,6.90,true,1,
8410525179334,false,פיני מרשמלו טוויסט 80 גרם,,ES,פיני מרשמלו טוויסט 8,Unknown,0.00,Unknown,false,1,6.90,6.90,true,1,
8410525179914,false,פיני גומי ביצת עין 90 גרם,,ES,פיני גומי ביצת עין 9,Unknown,0.00,Unknown,false,1,6.90,6.90,true,1,
8410525180194,false,פיני מיקס גומי ממולא 90 גרם,,ES,פיני מיקס גומי ממולא,Unknown,1.00,Unknown,false,1,6.90,6.90,true,1,
8410525180651,false,פיני בריקס גומי חמוץ מסוכר 90 גרם,,ES,פיני בריקס גומי חמוץ,Unknown,0.00,Unknown,false,1,6.90,6.90,true,1,
8410525183775,false,פיני גומי פארטי מיקס 90 גרם,,ES,פיני גומי פארטי מיקס,Unknown,1.00,Unknown,false,1,6.90,6.90,true,1,
8410525186516,false,פיני גומי יוגורט 90 גרם,,ES,פיני גומי יוגורט 90,Unknown,1.00,Unknown,false,1,6.90,6.90,true,1,
8410525202575,false,פיני ליטל מיקס 90 גרם,,ES,פיני ליטל מיקס 90 גר,Unknown,0.00,Unknown,false,1,6.90,6.90,true,1,
8410525205194,false,פיני גומי מוקצף בטעם תות ושמנת 75 גרם,,ES,פיני גומי מוקצף בטעם,Unknown,1.00,Unknown,false,1,6.90,6.90,true,1,
8410525206160,false,פיני שטיחים חמוצים בטעם פירות 90 גרם,,ES,פיני שטיחים חמוצים ב,Unknown,1.00,Unknown,false,1,6.90,6.90,true,1,
8410525206184,false,פיני שטיחים חמוצים בטעם תות 90 גרם,,ES,פיני שטיחים חמוצים ב,Unknown,1.00,Unknown,false,1,6.90,6.90,true,1,
8410525211096,false,פיני גומי ריינבואו במילוי מתוק 90 גרם,,ES,פיני גומי ריינבואו ב,Unknown,0.00,Unknown,false,1,6.90,6.90,true,1,
8410525220548,false,פיני גומי חמוץ תמנון 90 גרם,,ES,פיני גומי חמוץ תמנון,Unknown,1.00,Unknown,false,1,6.90,6.90,true,1,
8410525228360,false,פיני ליקריץ אדום 80 גרם,,ES,פיני ליקריץ אדום 80,Unknown,1.00,Unknown,false,1,6.90,6.90,true,1,
8410525301100,false,פיני מרשמלו ורוד לבן 80 גרם,,ES,פיני מרשמלו ורוד לבן,Unknown,0.00,Unknown,false,1,6.90,6.90,true,1,
8410628460605,false,טונה ספרדית בשמן זית בצנצנת 190 גרם,תומר יבוא ושיווק מוצרי מזון (1,ES,טונה ספרדית בשמן זית,גרמים,190.00,100 גרם,false,1,28.50,15.00,true,1,
8410628460612,false,טונה ספרדית בשמן זית ולימון 190 גרם,קונסורסיו ספרד,ES,טונה ספרדית בשמן זית,גרמים,190.00,100 גרם,false,1,28.50,15.00,true,1,
8410628460629,false,טונה ספרדית בשמן זית וצילי 190 גרם,קונסורסיו ספרד,ES,טונה ספרדית בשמן זית,גרמים,190.00,100 גרם,false,1,28.50,15.00,true,1,
8410655000423,false,בירה רביעייה 5.4% אלכוהול 330 מל סאן מי,סרבסס סאן מיגל אס.אל.יו,,מארז בירה סאן מיגל 4,מיליליטרים,1320.00,"100 מ""ל",false,1,25.90,1.96,true,1,
8410655001147,false,סאן מיגל בירה 4.5% פחית 500מל,אבאל יזמות בעמ,,בירה סאן מיגל אספסיא,מיליליטרים,500.00,"100 מ""ל",false,1,9.20,1.84,true,1,
8410655002458,false,"בירה סאן מיגל ללא גלוטן 330 מ""ל",אבאל יזמות בעמ,,בירה סאן מיגל ללא גל,מיליליטרים,330.00,"100 מ""ל",false,1,12.50,3.79,true,1,
8410655006555,false,"בירה סאן מיגל פרסקה 330 מ""ל מארז שישייה",,,בירה סאן מיגל פרסקה,מיליליטרים,1980.00,"100 מ""ל",false,1,34.90,1.76,true,1,
8410679030048,false,טבלת שוקולד לבן ללא סוכר טראפה 75ג',,ES,טבלת טראפה ל.ס. לבן,גרמים,75.00,100 גרם,false,1,8.90,11.87,true,1,
8410679030062,false,טבלת שוקולד חלב שקד ללא סוכר טראפה 75ג',,ES,טבלת טראפה ל.ס. חלב,גרמים,75.00,100 גרם,false,1,8.90,11.87,true,1,
8410679030079,false,טבלת שוקולד חלב שקד ללא סוכר טראפה 75ג',,ES,טבלת טראפה ל.ס. חלב,גרמים,75.00,100 גרם,false,1,8.90,11.87,true,1,
8410743700297,false,יין קווה קסטילו פרלדה יבש 750 מל,פרלדה,,יין קווה קסטילו פרלד,Unknown,0.00,Unknown,false,1,51.90,51.90,true,1,
8410743700303,false,יין קווה קסטילו פרלדה חצי יבש 750 מל,פרלדה,,יין קווה קסטילו פרלד,Unknown,0.00,Unknown,false,1,51.90,51.90,true,1,
8410793001764,false,"רביעיית בירה אסטרייה דאם 330 מ""ל בקבוק",החברה המרכזית להפצת משקאות בעמ,,רביעיית בירה אסטרייה,מיליליטרים,1320.00,"100 מ""ל",false,1,36.90,2.80,true,1,
8410793262936,false,"אסטרייה דאם דאורה ללא גלוטן 330 מ""ל",החברה המרכזית להפצת משקאות בעמ,,אסטרייה דאם דאורה בק,מיליליטרים,330.00,"100 מ""ל",false,1,9.90,3.00,true,1,
8410793263834,false,שישיית אסטרייה דאם דאורה ללא גלוטן 6*330,"סי סי דאם, אס.אל, בר",,שישיית אסטרייה דאם ד,ליטרים,0.00,ליטר,false,1,51.90,51.90,true,1,
8411320105276,false,פילה אנשובי בשמן זית 47.50 גרם ORTIZ,אורטיז ORTIZ,,פילה אנשובי בשמן זית,Unknown,0.00,Unknown,false,1,26.50,26.50,true,1,
8411320234006,false,נתחי טונה לבנה בשמן זית (פחית) 112 ג ORTIZ,אורטיז ORTIZ,,נתחי טונה לבנה בשמן,גרמים,112.00,100 גרם,false,1,21.90,19.55,true,1,
8411320239001,false,נתחי טונה לבנה מובחרים 110 גרם ORTIZ,,,נתחי טונה לבנה מובחר,גרמים,110.00,100 גרם,false,1,54.90,49.91,true,1,
8411320334027,false,אורטיז נתחי טונה צהובה בשמן זית (פחית) 1,אורטיז ORTIZ,,נתחי טונה צהובה בשמן,גרמים,112.00,100 גרם,false,1,16.40,14.64,true,1,
8411320382967,false,טונה צהובה בשמן זית (צנצנת) 220 גרם,אורטיז ORTIZ,,נתחי טונה צהובה בשמן,גרמים,220.00,100 גרם,false,1,42.90,19.50,true,1,
8411712754259,false,פרוגיה סט 4 כוסות מי,,,פרוגיה סט 4 כוסות מי,Unknown,0.00,Unknown,false,1,49.90,49.90,true,1,
8411922074970,false,סקרפר לניקוי כיריים,,,סקרפר לניקוי כיריים,Unknown,0.00,Unknown,false,1,84.90,84.90,true,1,
8412168002529,false,מחייה 13 משקה כוהלי בטעם לימונים,דיסטילריאס לה הורטנה,ES,מחייה 13 - לימון 700,מיליליטרים,700.00,"100 מ""ל",false,1,57.90,8.27,true,1,
8412300801072,false,"ניוואה קרם רב שימושי 400 מ""ל",אלפא- ב.ד.ף בעמ,DE,קרם רב שימושי ניוואה,מיליליטרים,400.00,"100 מ""ל",false,1,39.90,9.98,true,1,
8412497379118,false,קערת פולי שקופה ספיידרמן,,CN,קערת פולי שקופה ספיי,Unknown,0.00,Unknown,false,1,7.90,7.90,true,1,
8412497484751,false,קופסאת סנדביץ 2 חלקים- דגם צבי הנינגה,,,קופסאת סנדביץ 2 חלקי,Unknown,0.00,Unknown,false,1,25.90,25.90,true,1,
8412497565122,false,צלחת פולי מיני מאוס,,,צלחת פולי מיני מאוס,Unknown,0.00,Unknown,false,1,10.90,10.90,true,1,
8412700120100,false,"קקאולט משקה קקאו ללא תוספת סוכר 200 מ""ל",,ES,קקאולט משקה קקאו ללא,מיליליטרים,200.00,"100 מ""ל",false,1,10.90,5.45,true,1,
8412700710295,false,"קקאולט משקה קקאו מוקה 200 מ""ל",,ES,קקאולט משקה קקאו מוק,מיליליטרים,200.00,"100 מ""ל",false,1,10.90,5.45,true,1,
8412700714101,false,"קקאולט משקה קקאו זכוכית 200 מ""ל",,ES,קקאולט משקה קקאו זכו,מיליליטרים,200.00,"100 מ""ל",false,1,10.90,5.45,true,1,
8412955020095,false,מתקן לאחסון נעליים,,,מתקן לאחסון נעליים,Unknown,0.00,Unknown,false,1,59.00,59.00,true,1,
8412955061579,false,כיסוי קרש גיהוץ 130*45,,,כיסוי קרש גיהוץ 130*,Unknown,0.00,Unknown,false,1,79.00,79.00,true,1,
8412955063139,false,מצע לירקות ופירות למקרר,,,מצע לירקות ופירות למ,Unknown,0.00,Unknown,false,1,24.00,24.00,true,1,
8412955300203,false,מברשת אסלה מעוצבת,,,מברשת אסלה מעוצבת,Unknown,0.00,Unknown,false,1,36.00,36.00,true,1,
8413165061618,false,אוגרטה ריוחה קריאנזה 750 מל,,,אוגרטה ריוחה קריאנזה,Unknown,0.00,Unknown,false,1,57.90,57.90,true,1,
8413165070825,false,אוגרטה ריוחה קוסצה 2012 750 מל,,,אוגרטה ריוחה קוסצה,Unknown,0.00,Unknown,false,1,46.90,46.90,true,1,
8413165085607,false,אוגרטה ריוחה רזרב 750 מל,,,אוגרטה ריוחה רזרב 75,Unknown,0.00,Unknown,false,1,80.90,80.90,true,1,
8413165103165,false,בודגס אוגרטה ריינרס אדום 750 מל,,,בודגס אוגרטה ריינרס,Unknown,0.00,Unknown,false,1,37.90,37.90,true,1,
8413165103172,false,בודגס אוגרטה ריינרס רוזה 750 מל,,,בודגס אוגרטה ריינרס,Unknown,0.00,Unknown,false,1,37.90,37.90,true,1,
8413165103189,false,בודגס אוגרטה ריינרס לבן 750 מל,,,בודגס אוגרטה ריינרס,Unknown,0.00,Unknown,false,1,37.90,37.90,true,1,
8413376022965,false,גבינת עיזים רכה 29% ויליפוד 110 גרם,ג.וילי-פוד אינטרנשיונל **גבינו,ES,גבינת עיזים רכה 29%,גרמים,110.00,100 גרם,false,1,17.70,16.09,true,1,
8413664511447,false,פאפאס ארגנטה-ברוסקטה שום פטרוזיליה 150 גרם,,,פאפאס ארגנטה-ברוסקטה,גרמים,150.00,100 גרם,false,1,12.90,8.60,true,1,
8413664611611,false,פאפאס ארגנטה -צ'יפס דליקטס 250 גרם,פאפאס ארג'\נטה ס.א.ו.,ES,פאפאס ארגנטה ציפס דל,גרמים,180.00,100 גרם,false,1,23.50,13.06,true,1,
8413664811851,false,פאפאס ארגנטה ציפס עם שמן זית 160 גרם,,ES,פאפאס ארגנטה ציפס עם,גרמים,160.00,100 גרם,false,1,23.50,14.69,true,1,
8413664811905,false,פאפאס ארגנטה -צ'יפס . זית קינואה מלח הימלאיה 150 גרם,פאפאס ארג'\נטה ס.א.ו.,ES,פאפאס ארגנטה ציפס ש.,גרמים,150.00,100 גרם,false,1,23.50,15.67,true,1,
8413700669729,false,ארוחת פאייה ירקות קיט 256 גרם,,ES,ארוחת פאייה ירקות קי,גרמים,256.00,100 גרם,false,1,24.90,9.73,true,1,
8413700670916,false,ארוחת פאייה ירקות מארז עם מחבת,,ES,ארוחת פאייה ירקות מא,יחידה,1.00,יחידה,false,1,79.90,79.90,true,1,
8414753700124,false,פילה אנשובי בשמן זית 100 גרם צנצנת,קונסורסיו,,פילה אנשובי בשמן זית,גרמים,100.00,100 גרם,false,1,23.90,23.90,true,1,
8420342001022,false,"פרוטוס ריברה דל דוארו רזרב 750 מ""ל",,,פרוטוס ריברה דל,Unknown,0.00,Unknown,false,1,149.90,149.90,true,1,
8420342001039,false,פרוטוס ריברה דל דוארו קריאנזה 750 מל,,,פרוטוס ריברה דל,Unknown,0.00,Unknown,false,1,107.90,107.90,true,1,
8420708012822,false,קשקבל צאן ספרדי בשלה 200 גר,מיוצר עי קונדיטוריית,,קשקבל בשלה 200 גר,גרמים,200.00,100 גרם,false,1,26.90,13.45,true,1,
8420822130600,false,"ספריי סופר מסיר שומנים 750מ""ל יעקבי","יעקב יעקבי ובניו בע""מ",,סופר מסיר שומנים 750,יחידה,1.00,יחידה,false,1,17.90,17.90,true,1,
8420822130624,false,"ספריי סופר מסיר כתמים 750מ""ל יעקבי","יעקב יעקבי ובניו בע""מ",,סופר מסיר כתמים 750,יחידה,1.00,יחידה,false,1,19.90,19.90,true,1,
8423207206488,false,סלים דליס חטיף דגנים מצופה שוקולד חלב מרבה 6*20 גרם,אף.סי תבליני בגליל ב,,חטיף דגנים מלאים מצו,גרמים,120.00,100 גרם,false,1,10.90,9.08,true,1,
8423207206495,false,סלים דליס חטיף דגנים מצופה שוקולד מריר מרבה 6*20 גרם,אף.סי תבליני בגליל ב,,חטיף דגנים מלאים מצו,גרמים,120.00,100 גרם,false,1,10.90,9.08,true,1,
8423207206501,false,סלים דליס חטיף דגנים עם שוקולד חלב מרבה 6*13 גרם,סלים דליס Slim Delis,,חטיף רב דגנים עם שוק,גרמים,78.00,100 גרם,false,1,10.90,13.97,true,1,
8423207207362,false,חטיפי סלים דליס שוקולד לבן מרבה 6 יחידות,ביסנצ'ורי אס.אל.יו,,חטיף דגנים סלים דליס,גרמים,120.00,100 גרם,false,1,10.90,9.08,true,1,
8423207208260,false,מרבה סלים דליס 125 ג' ללא גלוטן שוקולד חלב,ביסנצ'ורי אס.אל.יו,,חטיף סלים דליס ללא ג,גרמים,78.00,100 גרם,false,1,10.90,13.97,true,1,
8423207208680,false,חטיף דגנים שוקולד סלים דליס לילדים מרבה 6 יחידות,ביסנצ'ורי אס.אל.יו,,סלים דליס לילדים עם,גרמים,120.00,100 גרם,false,1,10.90,9.08,true,1,
8423207208697,false,חטיפי סלים דליס לילדים שוקולד לבן מרבה 6 יחידות,ביסנצ'ורי אס.אל.יו,,סלים דליס לילדים עם,גרמים,120.00,100 גרם,false,1,10.90,9.08,true,1,
8423207208703,false,חטיפי סלים דליס שוקולד מריר מרבה 6 יחידות,ביסנצ'ורי אס.אל.יו,,סלים דליס מהדורה עם,גרמים,120.00,100 גרם,false,1,10.90,9.08,true,1,
8423207208871,false,פריכיות תירס בטעם טבעי סלים דליס 130 גרם,גורי מוצרי צריכה (1991) בעמ,,פריכיות תירס בטעם טב,גרמים,130.00,100 גרם,false,1,9.90,7.62,true,1,
8423207210287,false,חטיפי סלים דליס שוקולד לבן יוגורט 6 יחידות,סלים דליס Slim Delis,,סלים דליס שוקולד לבן,גרמים,120.00,100 גרם,false,1,10.90,9.08,true,1,
8423207210928,false,חטיף דגנים מצופה שוקולד חלב ואגוזי לוז - 5 במארז,נוטרישן אנד סנטה קוב,ES,סלים דליס טופינג אגו,גרמים,90.00,100 גרם,false,1,10.90,12.11,true,1,
8423207210942,false,חטיף דגנים מצופה שוקולד לבן ופירות יער,נוטרישן אנד סנטה קוב,ES,סלים דליס טופינג פיר,גרמים,90.00,100 גרם,false,1,10.90,12.11,true,1,
8423207210966,false,חטיף רב דגנים מצופה שוקולד לבן קוקוס ולימון,נוטרישן אנד סנטה קוב,ES,סלים דליס טופינג קוק,גרמים,90.00,100 גרם,false,1,10.90,12.11,true,1,
8423207210980,false,סלים דליס טופינג קליפת תפוז 90 גרם,נוטרישן אנד סנטה קוב,ES,סלים דליס טופינג קלי,גרמים,90.00,100 גרם,false,1,10.90,12.11,true,1,
8423371000202,false,מיקס בוטנים מלוחים SALYSOL,Unknown,ES,בוטנים מלוחים 150 גר,גרמים,150.00,100 גרם,false,1,12.50,8.33,true,1,
8423371002312,false,בוטנים צילי סאליסול 150 גרם,סאליסול,ES,בוטנים צילי סאליסול,גרמים,150.00,100 גרם,false,1,12.50,8.33,true,1,
8423371002725,false,סאליסול- קוקטייל מיקס 100 גרם,גלוברנדס,ES,קוקטייל מיקס 100 גרם,גרמים,100.00,100 גרם,false,1,12.50,12.50,true,1,
8423371002749,false,סאליסול- בוטנים ושקדים מקורמלים 135 גרם,גלוברנדס,ES,סאליסול בוטנים ושקדי,גרמים,135.00,100 גרם,false,1,12.50,9.26,true,1,
8423371007492,false,גרעיני חמניה סאליסול 140 גרם,Unknown,ES,גרעיני חמניה סאליסול,גרמים,140.00,100 גרם,false,1,12.50,8.93,true,1,
8423371007577,false,פיסטוקים קלויים סאליסול 50 גר,Unknown,,פיסטוקים קלויים סאל,גרמים,50.00,100 גרם,false,1,9.90,19.80,true,1,
8423371007584,false,אגוז קשיו קלויים סאליסול 50 גר,Unknown,,אגוז קשיו קלויים סאל,גרמים,50.00,100 גרם,false,1,9.90,19.80,true,1,
8423371007591,false,שקדים קלויים סאליסול 50 גר,Unknown,,שקדים קלויים סאליסול,גרמים,50.00,100 גרם,false,1,9.90,19.80,true,1,
8423453905692,false,"בירה ווילדר לאגר 500 מ""ל פחית",פונט סאלם וולנסיה ספרד,ES,בירה ווילדר לאגר 500,מיליליטרים,500.00,"100 מ""ל",false,1,7.20,1.44,true,1,
8423453905739,false,"שישיית בירה ווילדר לאגר 330 מ""ל בקבוק",פונט סאלם וולנסיה ספרד,ES,שישיית בירה ווילדר ל,מיליליטרים,1980.00,"100 מ""ל",false,1,29.90,1.51,true,1,
8423453908228,false,"בירה עלמה לאגר כהה 2003 פחית 500 מ""ל",,,בירה עלמה לאגר כהה 2,מיליליטרים,500.00,"100 מ""ל",false,1,6.90,1.38,true,1,
8425206000142,false,ריבת חלב מרדל בקבוק לחיץ 370 גרם,גורי מוצרי צריכה 1991 בעמ,,ריבת חלב מרדל בקבוק,גרמים,370.00,100 גרם,false,1,19.90,5.38,true,1,
8427030005010,false,תרכובת מזון על בסיס חלב A.R מלידה ואילך,אבוט מעבדות רפואיות,,סימילאק AR גר 375,גרמים,375.00,100 גרם,false,1,49.90,13.31,true,1,
8427030007281,false,סימילאק גולד קומפורט 1 תרכובת מזון על בסיס חלב,שקד תבל בעמ-סימילק,ES,סימילאק קומפורט HMO,גרמים,820.00,100 גרם,false,1,109.90,13.40,true,1,
8429449014966,false,נטורטינט שמפו מטפח לשיער צבוע,פארמה גורי,,נטורטינט שמפו מטפח ל,Unknown,0.00,Unknown,false,1,39.90,39.90,true,1,
8431438000089,false,גבינה איבריקו גוורדמור ספרדי במשקל,,,גבינה גוורדמור ספרדי,Unknown,0.00,"ק""ג",true,0,210.00,210.00,true,1,
8431438000256,false,מנצגו קייסו ספרדי במשקל,,,מנצגו קייסו ספרדי במ,Unknown,0.00,"ק""ג",true,0,208.00,208.00,true,1,
8435185954626,false,"משקה קל ד""ר פפר בטעם דובדבן 330 מ""ל",,,"משקה קל ד""ר פפר בטעם",מיליליטרים,330.00,"100 מ""ל",false,1,6.90,2.09,true,1,
8435495805168,false,"תינוקלין לכביסה לעור רגיש אולימפיק 1.25ק""ג",מולינו ניקולי s.p.a,TR,אבקת כביסה תינוקלין,קילוגרמים,0.00,"ק""ג",false,1,22.90,22.90,true,1,
8435495805199,false,אבקת כביסה תינוקלין- 66 כביסות (3 קג),מולינו ניקולי s.p.a,TR,אבקת כביסה תינוקלין,קילוגרמים,0.00,"ק""ג",false,1,43.90,43.90,true,1,
8435495807605,false,תינוקלין מרכך כביסה היפואלרגני מרוכז 1 ליטר,מולינו ניקולי s.p.a,TR,מרכך כביסה תינוקלין,מיליליטרים,1000.00,"100 מ""ל",false,1,20.90,2.09,true,1,
8435495807636,false,תינוקלין ג`ל כביסה בייבי סנסטיב היפואל,ליימן שליסל בע`מ,TR,גל כביסה תינוקלין הי,ליטרים,0.00,ליטר,false,1,36.50,36.50,true,1,
8435495819363,false,תינוקלין - מרכך כביסה פרש & ג'נטל 1 ליטר,ליימן שליסל בע`מ,,מרכך כביסה fres&gent,מיליליטרים,1000.00,"100 מ""ל",false,1,20.90,2.09,true,1,
8436575292205,false,ארטיק חמשושים מאגדת 15*12 גר',נגה גלידות שותפות מוגבלת,IL,מאגדת חמשושים 180 גר,גרמים,180.00,100 גרם,false,1,23.90,13.28,true,1,
8437000209980,false,טארט קרם קטלאנה 300 גרם,,,טארט קרם קטלאנה 300,גרמים,300.00,100 גרם,false,1,15.90,5.30,true,1,
8437000209997,false,טארט לימון 300 גרם,,,טארט לימון 300 גרם,גרמים,300.00,100 גרם,false,1,15.90,5.30,true,1,
8437001603701,false,משקה סנגריה לוליילו,,,"יין סנגריה 750 מ""ל",Unknown,0.00,Unknown,false,1,29.90,29.90,true,1,
8437001603732,false,סנגריה 3 ליטר בקרטון +ברז,,,סנגריה 3 ליטר בקרטון,Unknown,0.00,Unknown,false,1,89.90,89.90,true,1,
8437006205566,false,"יין אלטאדו וורדחו פינקה פאלה 750 מ""ל",,,יין אלטאדו וורדחו פי,Unknown,0.00,Unknown,false,1,99.90,99.90,true,1,
8437013158732,false,מנצגו עם שום במשקל,,,מנצגו עם שום במשקל,Unknown,0.00,"ק""ג",true,0,199.00,199.00,true,1,
8445290019516,false,קוואלטי סטריט שקית 382 גרם,,,קוואלטי סטריט שקית 3,גרמים,382.00,100 גרם,false,1,36.90,9.66,true,1,
8445290427120,false,דגני פיטנס Fitness שוקולד מריר ובננה,קבוצת אוסם סחר שותפות מוגבלת,,פיטנס שוקולד מריר וב,גרמים,375.00,100 גרם,false,1,19.90,5.31,true,1,
8590417991289,false,קערה גלאסיאר,,,קערה גלאסיאר,קילוגרמים,0.00,"ק""ג",false,1,429.00,429.00,true,1,
8593868000050,false,"סטארופרמן פרימיום בהיר 500 מ""ל פחית",סטארופרמן,CZ,בירה סטארופרמן פחית,מיליליטרים,500.00,"100 מ""ל",false,1,10.90,2.18,true,1,
8593868000302,false,"בירה סטארופרמן לאגר בקבוק 5% 500 מ""ל",,CZ,בירה סטארופרמן פרימי,מיליליטרים,500.00,"100 מ""ל",false,1,11.90,2.38,true,1,
8593868002368,false,בירה סטארופרמן אנפילטר בירה 500 מל בקבוק,,CZ,בירה סטארופרמן אנפיל,מיליליטרים,500.00,"100 מ""ל",false,1,10.90,2.18,true,1,
8594006931328,false,בירה פרימטור ויצן 500 מל צכיה,,,בירה פרימטור ויצן 50,מיליליטרים,500.00,"100 מ""ל",false,1,12.90,2.58,true,1,
8594009923429,false,"בירה קרושוביצה אמפריאל 500 מ""ל פחית",,,בירה קרושוביצה אמפרי,מיליליטרים,500.00,"100 מ""ל",false,1,11.90,2.38,true,1,
8594053490403,false,"בירה בקלר זה סטודני חמלני בהירה 500 מ""ל",,,בירה בקלר זה סטודני,מיליליטרים,500.00,"100 מ""ל",false,1,11.90,2.38,true,1,
8594053490465,false,"בירה בהירה מפוסטרת 4% 500 מ""ל PRAZACKA",,CZ,בירה בהירה מפוסטרת 4,מיליליטרים,500.00,"100 מ""ל",false,1,11.90,2.38,true,1,
8594071484583,false,חטיף חלבון שוקולד ספירולינה אורגני 47 גר,,,חטיף חלבון שוקולד ספ,גרמים,47.00,100 גרם,false,1,14.90,31.70,true,1,
8594200060015,false,בירה צסקה פינטה 568 מל פחית,"""cesu alus""",,בירה צסקה פינטה 568,מיליליטרים,568.00,"100 מ""ל",false,1,8.90,1.57,true,1,
8594403110111,false,בירה בדוויזר בודבר בהיר 500 מל,BUDVIZER BUDVAR,,בירה בדוויזר בודבר,מיליליטרים,500.00,"100 מ""ל",false,1,13.90,2.78,true,1,
8594403150827,false,בירה בדוויזר בודבר כהה 500 מל,BUDVIZER BUDVAR,,בירה בדוויזר בודבר,מיליליטרים,500.00,"100 מ""ל",false,1,13.90,2.78,true,1,
8594403705010,false,"בירה באדוויזר דארק לאגר 500 מ""ל פחית",בראו יוניון,DE,בירה באדוויזר דארק ל,מיליליטרים,500.00,"100 מ""ל",false,1,8.90,1.78,true,1,
8594403707649,false,"בירה באדוויזר דארק לאגר 500 מ""ל פחית","מיוצר ע""\י מבשלת טוכרn\",,בירה באדוויזר דארק ל,מיליליטרים,500.00,"100 מ""ל",false,1,8.50,1.70,true,1,
8594403707977,false,"בירה באדוויזר לאגר פחית 500 מ""ל","מיוצר ע""\י מבשלת טוכרn\",,בירה באדוויזר לאגר פ,מיליליטרים,500.00,"100 מ""ל",false,1,8.90,1.78,true,1,
8594404001418,false,"בירה קוזל כהה בקבוק חוזר 500 מ""ל",פילזנסקי,,"בירה קוזל כהה 500 מ""",מיליליטרים,500.00,"100 מ""ל",false,1,8.90,1.78,true,1,
8594404005096,false,בירה קוזל פרמיום בהירה 500 מל צכיה,פלזנסקי,CZ,בירה קוזל פרמיום בהי,מיליליטרים,500.00,"100 מ""ל",false,1,12.90,2.58,true,1,
8594404110110,false,בירה פילסנר אוראקוול 500 מל,Plznsky,,בירה פילסנר אוראקוול,מיליליטרים,500.00,"100 מ""ל",false,1,12.90,2.58,true,1,
8594404115115,false,בירה פילזנר אורקוול פחית 500 מל,פילזן,CZ,בירה פילזנר אורקוול,מיליליטרים,500.00,"100 מ""ל",false,1,10.90,2.18,true,1,
8594405105429,false,"ליקר בחרובקה 700 מ""ל",,,"ליקר בחרובקה 700 מ""ל",מיליליטרים,700.00,"100 מ""ל",false,1,109.90,15.70,true,1,
8595657101450,false,חטיף חלבון תות שדה אורגני 47 גר,,,חטיף חלבון תות שדה א,גרמים,47.00,100 גרם,false,1,14.90,31.70,true,1,
8595657101481,false,חטיף חלבון פטל אורגני 47 גר,,,חטיף חלבון פטל אורגנ,גרמים,47.00,100 גרם,false,1,14.90,31.70,true,1,
8595657101764,false,חטיף חלבון פירות יער אורגני 47 גר,,,חטיף חלבון פירות יער,גרמים,47.00,100 גרם,false,1,14.90,31.70,true,1,
8595657101795,false,חטיף חלבון אגוזים וניל אורגני 47 גר,,,חטיף חלבון אגוזים ונ,גרמים,47.00,100 גרם,false,1,14.90,31.70,true,1,
8606018615827,false,גלידת וניל עם שברי עוגיות אוראו 480 גרם,נגה גלידות שותפות מוגבלת,,פיינט אוראו 480 גרם,גרמים,480.00,100 גרם,false,1,19.90,4.15,true,1,
8606018615841,false,גלידה וניל עם ליבת שוקולד חלב מעולה 480 גרם,נגה גלידות שותפות מוגבלת,,פיינט מילקה וניל ליב,גרמים,480.00,100 גרם,false,1,19.90,4.15,true,1,
8606018615865,false,פיינט מילקה קרמל ליבת שוקולד 480 גרם,נגה גלידות שותפות מוגבלת,,פיינט מילקה קרמל ליב,גרמים,480.00,100 גרם,false,1,19.90,4.15,true,1,
8606109023609,false,"פרוויטה - מיץ תפוחי עץ ודובדבנים חמוצים 750 מ""ל",יורוסטנדרט בעמ,RS,פרוויטה מיץ תפוחי עץ,מיליליטרים,750.00,"100 מ""ל",false,1,13.90,1.85,true,1,
8606109023623,false,"פרוויטה - מיץ תפוחי עץ ולימון ליים 750 מ""ל",יורוסטנדרט בעמ,RS,פרוויטה מיץ תפוחי עץ,מיליליטרים,750.00,"100 מ""ל",false,1,13.90,1.85,true,1,
8606109023647,false,"פרוויטה - מיץ סלק ותפוחי עץ 750 מ""ל",יורוסטנדרט בעמ,RS,פרוויטה - מיץ סלק ות,מיליליטרים,750.00,"100 מ""ל",false,1,13.90,1.85,true,1,
8680395195837,false,ביסקוויט פתי בר 500 גר ALVIEN,,TR,ביסקוויט פתי בר 500,גרמים,500.00,100 גרם,false,1,10.50,2.10,true,1,
8681863065270,false,saltbae מלח ים מים האגאי 350 גרם ויליפוד,ג.וילי פוד אינטרנשיונל בעמ,TR,מלח ים מים האגאי ויל,גרמים,350.00,100 גרם,false,1,24.90,7.11,true,1,
8681863065287,false,saltbae מלח הימלאיה 350 גרם ויליפוד,ג. וילי-פוד אינטרנשיונל בע`מ,TR,מלח הימלאיה וילי פוד,גרמים,350.00,100 גרם,false,1,24.90,7.11,true,1,
8681863065324,false,saltbae מלח ים עם רוזמרין 200 גרם ויליפוד,ג.וילי פוד אינטרנשיונל בעמ,TR,מלח ים עם רוזמרין וי,גרמים,200.00,100 גרם,false,1,24.90,12.45,true,1,
8681917250041,false,חטיף פיט פיט משפחתי אורגני מיקס פירות,,TR,חטיף פיט פיט משפחתי,גרמים,150.00,100 גרם,false,1,26.90,17.93,true,1,
8683130008355,false,מיונז שום לחיץ אמיתי הלמנס 400 גרם,יוניליוור ישראל שיווק בע`מ,TR,מיונז עם שום הלמנס ל,גרמים,400.00,100 גרם,false,1,14.90,3.73,true,1,
8683130008935,false,"הלמנס קטשיונז 425 גר{הרב רלב""ג}",יוניליוור ישראל שיווק בע`מ,TR,ממרח קטשיונז לחיץ 42,גרמים,425.00,100 גרם,false,1,14.90,3.51,true,1,
8683130025574,false,"מרכך כביסה מרוכז אקסטרה לבנדר בדין 960 מ""ל",יוניליוור ישראל שיווק בע`מ,,בדין אקסטרא לבנדר 96,מיליליטרים,960.00,"100 מ""ל",false,1,15.90,1.66,true,1,
8683130025581,false,"מרכך כביסה מרוכז אקסטרה ענבר בדין 960 מ""ל",יוניליוור ישראל שיווק בע`מ,,בדין אקסטרא gbcr 960,מיליליטרים,960.00,"100 מ""ל",false,1,15.90,1.66,true,1,
8683323063024,false,יוגטה שטיחים בטעם תותי פרוטי 220 גרם,ליימן שליסל בע`מ,,יוגטה שטיחים תותי פר,גרמים,220.00,100 גרם,false,1,7.30,3.32,true,1,
8686868600037,false,המותג אביזרי שיער,אל האופק שיווק וסחר,,אביזרי שיער,Unknown,0.00,Unknown,false,1,5.90,5.90,true,1,
8686868600044,false,המותג אביזרי שיער,אל האופק שיווק וסחר,,אביזרי שיער,Unknown,0.00,Unknown,false,1,6.90,6.90,true,1,
8686868600051,false,המותג אביזרי שיער,אל האופק שיווק וסחר,,אביזרי שיער,Unknown,0.00,Unknown,false,1,7.90,7.90,true,1,
8686868600068,false,אביזרי שיער סרטים וקשתות,אל האופק שיווק וסחר,,אביזרי שיער,Unknown,0.00,Unknown,false,1,8.90,8.90,true,1,
8686868600075,false,אביזרי שיער סיכות פפיון גדולות,אל האופק שיווק וסחר,,אביזרי שיער,Unknown,0.00,Unknown,false,1,9.90,9.90,true,1,
8686868600099,false,המותג אביזרי שיער,אל האופק שיווק וסחר,,אביזרי שיער,Unknown,0.00,Unknown,false,1,11.90,11.90,true,1,
8686868600105,false,אביזרי שיער מברשות ה,אל האופק שיווק וסחר,,אביזרי שיער,Unknown,0.00,Unknown,false,1,12.90,12.90,true,1,
8686868600112,false,המותג אביזרי שיער,אל האופק שיווק וסחר,,אביזרי שיער,Unknown,0.00,Unknown,false,1,13.90,13.90,true,1,
8686868600129,false,המותג אביזרי שיער,אל האופק שיווק וסחר,,אביזרי שיער,Unknown,0.00,Unknown,false,1,14.90,14.90,true,1,
8686868600136,false,המותג אביזרי שיער,אל האופק שיווק וסחר,,אביזרי שיער,Unknown,0.00,Unknown,false,1,15.90,15.90,true,1,
8686868600150,false,המותג אביזרי שיער,אל האופק שיווק וסחר,,אביזרי שיער,Unknown,0.00,Unknown,false,1,17.90,17.90,true,1,
8686868600174,false,המותג אביזרי שיער,אל האופק שיווק וסחר,,אביזרי רחצה,Unknown,0.00,Unknown,false,1,19.90,19.90,true,1,
8686868600204,false,אביזרי מניקור טל טל,אל האופק שיווק וסחר,,אביזרי מניקור,Unknown,0.00,Unknown,false,1,9.90,9.90,true,1,
8686868600235,false,אביזרי מניקור טל טל,אל האופק שיווק וסחר,,אביזרי מניקור,Unknown,0.00,Unknown,false,1,12.90,12.90,true,1,
8690504081913,false,מקוויטיס טינס מצופה שוקולד חלב 150 גרם,תה ויסוצקי (ישראל) בעמ,TR,מקוויטיס טינס מצופה,גרמים,150.00,100 גרם,false,1,11.40,7.60,true,1,
8690504081920,false,מקוויטיס טינס מצופה שוקולד מריר 150 גרם,"אולקר ביסקווי סנאי, א.ס.",,מקוויטיס טינס מצופה,גרמים,150.00,100 גרם,false,1,11.40,7.60,true,1,
8690504153740,false,גודייבה שוקולד מריר במילוי קרם גנאש 86 גרם,תה ויסוצקי (ישראל) בעמ,TR,שוקולד מריר גודייבה,גרמים,86.00,100 גרם,false,1,14.90,17.33,true,1,
8690504153849,false,גודייבה שוקולד חלב במילוי קרם בטעם פרלין אגוזים 83 גרם,תה ויסוצקי (ישראל)בעמ,TR,שוקולד חלב גודייבה ק,גרמים,83.00,100 גרם,false,1,14.90,17.95,true,1,
8690504156543,false,טבלת שוקלד חלב ממולא בקרם גנאש שוקולד חלב 88 גר',ביסקוט ביסקווי סילברי,TR,שוקולד חלב גודייבה ק,גרמים,88.00,100 גרם,false,1,14.90,16.93,true,1,
8690526009308,false,אי טי אי - חטיף קוקוס מצופה שוקולד חלב וכדורוני דגנים 126 גרם,גורי ע.ע.ע. בעמ,TR,מארז חטיפי מיני קוקו,גרמים,126.00,100 גרם,false,1,9.90,7.86,true,1,
8690526019147,false,אי טי אי - וופל במילוי קרם אגוזי לוז 142 גרם,"GIDA ETI , טורקיה n\",TR,וופל במילוי קרם אגוז,יחידה,1.00,יחידה,false,1,7.90,7.90,true,1,
8690526019178,false,אי טי אי - וופל קקאו במילוי קרם קוקוס 142 גרם,מולינו ניקולי s.p.a,TR,וופל קקאו במילוי קרם,יחידה,1.00,יחידה,false,1,7.90,7.90,true,1,
8690526019185,false,אי טי אי - וופל במילוי קרם שוקולד חלב 142 גרם,מולינו ניקולי s.p.a,TR,וופל במילוי קרם שוקו,יחידה,1.00,יחידה,false,1,7.90,7.90,true,1,
8690529525218,false,"שבבי סבון טבעי לוונדר לכביסה דאלאן 1 ק""ג",,TR,שבבי סבון טבעי לוונד,גרמים,1000.00,100 גרם,false,1,29.90,2.99,true,1,
8690530007147,false,מגבות סלפאק קומפורט דו שכבתיות 6 גלילים,,TR,מגבות סלפאק קומפורט,יחידה,1.00,יחידה,false,1,12.90,12.90,true,1,
8690530015043,false,סלפאק מגבות מטבח שישיה 3 שכבות,איפק,,נייר מגבת סלפאק 3 שכ,מטרים,64.00,מטר,false,1,16.90,0.26,true,1,
8690530016514,false,מפיות סלפאק 2 שכבות 75 יח',,,מפיות סלפאק 75 יח,Unknown,0.00,Unknown,false,1,9.90,9.90,true,1,
8690530032866,false,מפיות סלפאק קומפורט חד שכבתיות 100,,,קומפורט מפיות סלפאק,יחידה,1.00,יחידה,false,1,7.90,7.90,true,1,
8690530032880,false,מפיות סלפאק קומפורט חד שכבתיות 200,,,קומפורט מפיות סלפאק,יחידה,1.00,יחידה,false,1,16.90,16.90,true,1,
8690530036444,false,נייר מגבות ג'מבו סלפאק קומפורט 2 שכבות 1=6,,,קומפורט נייר מגבת גמ,יחידה,1.00,יחידה,false,1,12.90,12.90,true,1,
8690530036727,false,ממחטות סלפאק מקסי 3 שכבות 100 יח,איפק קג'יט,,ממחטות סלפאק מקסי 3,Unknown,0.00,Unknown,false,1,9.90,9.90,true,1,
8690530151338,false,ממחטות נייר סלפאק פרמיום קלאסי 10 יח,,,ממחטות נייר סלפאק פר,Unknown,0.00,Unknown,false,1,10.50,10.50,true,1,
8690530151345,false,ממחטות נייר סלפאק פרמיום מנטול 10 יח,,,ממחטות נייר סלפאק פר,Unknown,0.00,Unknown,false,1,10.50,10.50,true,1,
8690530151352,false,ממחטות נייר סלפאק פרמיום פרחים 10 יח,,,ממחטות נייר סלפאק פר,Unknown,0.00,Unknown,false,1,10.50,10.50,true,1,
8690530161320,false,ממחטות נייר סלפאק פרמיום לושיין 10 יח,,,ממחטות נייר סלפאק פר,Unknown,0.00,Unknown,false,1,10.50,10.50,true,1,
8690530274471,false,נייר טואלט סלפאק קומפורט 2 שכבות 32 גל,איפק קג'יט,,נ.טואלט סלפאק קומפור,מטרים,614.00,מטר,false,1,37.90,0.06,true,1,
8690530324824,false,נייר טואלט סלפאק 3 שכבות 32 גלילים ריחני,,,נייר טואלט סלפאק מבו,מטרים,537.00,מטר,false,1,49.90,0.09,true,1,
8690572783931,false,"פה - דאודורנט ספריי לגבר אינוויזיבל פאוואר 200 מ""ל",שוורצקופף והנקל,,דאו פה ספריי אינביזי,מיליליטרים,200.00,"100 מ""ל",false,1,15.30,7.65,true,1,
8690572785928,false,"סאיוס שמפו לתלתלים 600 מ""ל",שוורצקופף והנקל,TR,שמפו סאיוס לתלתלים 6,מיליליטרים,600.00,"100 מ""ל",false,1,16.30,2.72,true,1,
8690572794692,false,"גליס - שמפו לאיזון והזנת הקרקפת 400 מ""ל","הובי קוסמטיק, חברת ייצור",TR,גליס שמפו נוטרי באלא,מיליליטרים,400.00,"100 מ""ל",false,1,18.90,4.73,true,1,
8690572794715,false,"גליס - מרכך לאיזון והזנת הקרקפת 400 מ""ל","הובי קוסמטיק, חברת ייצור",TR,גליס מרכך נוטרי באלא,מיליליטרים,400.00,"100 מ""ל",false,1,18.90,4.73,true,1,
8690572799505,false,סאיוס מרכך לחיזוק שורשי סיב השערה 500 מל,"הובי קוסמטיק, אנקרה, תור",TR,סאיוס מרכך שמני הזנה,מיליליטרים,500.00,"100 מ""ל",false,1,12.90,2.58,true,1,
8690572799529,false,"סאיוס - שמפו קרטין 500 מ""ל","הובי קוסמטיק, אנקרה, תור",TR,סאיוס שמפו קרטין 500,מיליליטרים,500.00,"100 מ""ל",false,1,12.90,2.58,true,1,
8690572799543,false,"סאיוס שמפו לחיזוק שורשי סיב השערה 500 מ""ל","הובי קוסמטיק, אנקרה, תור",TR,סאיוס שמפו לחיזוק שו,מיליליטרים,500.00,"100 מ""ל",false,1,12.90,2.58,true,1,
8690574801060,false,"ליפטון אייס תה לימון 330 מ""ל",,BE,ליפטון אייס תה לימון,מיליליטרים,330.00,"100 מ""ל",false,1,5.20,1.58,true,1,
8690637073373,false,תה ארל גריי בטעם ברגמוט ליפטון 25 שקיקים,יוניליוור ישראל שיווק בע`מ,,תה ארל גריי - 25 סרו,Unknown,0.00,Unknown,false,1,10.30,10.30,true,1,
8690637073434,false,תה ארל גריי בטעם ברגמוט ללא שקית100ש,"יוניליוור ישראל שיווק בע""מ",,תה ארל גריי 100 שקיק,גרמים,200.00,100 גרם,false,1,28.90,14.45,true,1,
8690637503856,false,ממרח הלמנס כ- 40% פחות שומן לעומת מיונז,יוניליוור ישראל שיווק בע`מ,TR,ממרח הלמנס לחיץ מופח,גרמים,355.00,100 גרם,false,1,14.90,4.20,true,1,
8690637504426,false,"קרם ניקוי סיף בניחוח לימון 500 מ""ל",יוניליוור ישראל שיווק בע`מ,TR,קרם ניקוי סיף בניחוח,יחידה,1.00,יחידה,false,1,14.60,14.60,true,1,
8690637505607,false,מרכך כביסה מרוכז בדין אקסטרה בניחוח פינוק כחול,יוניליוור ישראל שיווק בע`מ,,מרכך כביסה בדין פינו,מיליליטרים,960.00,"100 מ""ל",false,1,15.90,1.66,true,1,
8690637505614,false,"מרכך כביסה אקסטרא פינוק קוקוס 960 מ""ל בדין",יוניליוור ישראל שיווק בע`מ,,מרכך כביסה בדין קוקו,מיליליטרים,960.00,"100 מ""ל",false,1,15.90,1.66,true,1,
8690637505935,false,דאב תחליב רחצה לידיים שמן אבוקדו ותמצית קלנדולה,יוניליוור ישראל שיווק בעמ,,סבון ידיים דאב אבוקד,מיליליטרים,500.00,"100 מ""ל",false,1,18.80,3.76,true,1,
8690637505959,false,דאב סבון ידיים הזנה לוטוס 500 מל,יוניליוור ישראל שיווק בעמ,,סבון ידיים דאב לוטוס,מיליליטרים,500.00,"100 מ""ל",false,1,18.80,3.76,true,1,
8690637555084,false,"מרכך כביסה מרוכז אקסטרה פריחת התפוז בדין 960 מ""ל","יוניליוור ישראל שיווק בע""מ",,מרכך כביסה בדין אקסט,מיליליטרים,960.00,"100 מ""ל",false,1,15.90,1.66,true,1,
8690637688195,false,"תה ירוק קלאסי ליפטון 20 יחידות בד""צ",יוניליוור ישראל שיווק בע`מ,,תה ירוק CLEAN GREEN,Unknown,0.00,Unknown,false,1,20.90,20.90,true,1,
8690637704277,false,"שמפו ומרכך לשיער רגיל 600 מ""ל דאב","יוניליוור ישראל שיווק בע""מ",,דאב שמפו יום יומי 2,מיליליטרים,600.00,"100 מ""ל",false,1,20.80,3.47,true,1,
8690637704291,false,שמפו לשיקום אינטנסיבי לשיער פגום,"יוניליוור ישראל שיווק בע""מ",,"דאב שמפו משקם 600 מ""",מיליליטרים,600.00,"100 מ""ל",false,1,20.80,3.47,true,1,
8690637704376,false,"שמפו לטיפוח יום יומי דאב 600 מ""ל","יוניליוור ישראל שיווק בע""מ",,דאב שמפו יום יומי 60,מיליליטרים,600.00,"100 מ""ל",false,1,20.80,3.47,true,1,
8690637704390,false,"מרכך שיער לטיפוח יום יומי דאב 600 מ""ל","יוניליוור ישראל שיווק בע""מ",,דאב מרכך יום יומי 60,מיליליטרים,600.00,"100 מ""ל",false,1,20.80,3.47,true,1,
8690637704437,false,שמפו עם שמני הזנה לטיפוח לשיער יבש,"יוניליוור ישראל שיווק בע""מ",,דאב שמפו שמני הזנה 6,מיליליטרים,600.00,"100 מ""ל",false,1,20.80,3.47,true,1,
8690637799594,false,תה ירוק ליפטון נענע בסגנון מרוקאי 20יח',"יוניליוור ישראל שיווק בע""מ",,ליפטון תה ירוק נענע,Unknown,0.00,Unknown,false,1,20.90,20.90,true,1,
8690637835643,false,"תה ירוק לימונית ולאויזה 30 גרם ""ליפטון""","יוניליוור ישראל שיווק בע""מ",,תה ירוק לואיז הולימו,Unknown,0.00,Unknown,false,1,20.90,20.90,true,1,
8690637842399,false,מאגדת מגנום מיני דאבל פרי יער שוקולד 6 יח' נסטלה,יוניליוור סנאי וי סי,,מאגדת מיני מגנום,גרמים,379.00,100 גרם,false,1,29.90,7.89,true,1,
8690637858734,false,ג'ל לניקוי כללי בתוספת אקונומיקה בניחוח לימון,"יוניליוור ישראל שיווק בע""מ",IL,גל לנ.כללי סיף אקונו,מיליליטרים,750.00,"100 מ""ל",false,1,16.70,2.23,true,1,
8690637858741,false,ג'ל לניקוי כללי בתוספת אקונומיקה בניחוח רוח ים,יוניליוור ישראל שיווק בע`מ,IL,גל לנ.כללי סיף אקונו,מיליליטרים,750.00,"100 מ""ל",false,1,16.70,2.23,true,1,
8690637858758,false,ג'ל לניקוי כללי בתוספת אקונומיקה בניחוח אורנים,יוניליוור ישראל שיווק בע`מ,IL,גל לנ.כללי סיף אקונו,מיליליטרים,750.00,"100 מ""ל",false,1,16.70,2.23,true,1,
8690637865596,false,תחליב רחצה לניקוי וטיפוח עור היד 750 מ,יוניליוור ישראל שיווק בעמ,TR,סבון ידיים דאב הזנה,מיליליטרים,500.00,"100 מ""ל",false,1,19.80,3.96,true,1,
8690637866654,false,תה ירוק קלאסי בדצ 50 מעטפות ללא קפאין,יוניליוור ישראל שיווק בע`מ,TR,תה ירוק קלאסי 50 מעט,Unknown,0.00,Unknown,false,1,32.90,32.90,true,1,
8690637871108,false,הלמנ'ס ממרח חרדל 250 גרם,יוניליוור ישראל שיווק בע`מ,,ממרח חרדל הלמנס 250,גרמים,250.00,100 גרם,false,1,15.60,6.24,true,1,
8690637871245,false,הלמנס מיונז אמיתי 395 גר' בקבוק לחיץ.,יוניליוור ישראל שיווק בע`מ,TR,מיונז אמיתי הלמנס לח,גרמים,395.00,100 גרם,false,1,14.90,3.77,true,1,
8690637890666,false,מאגדת מגנום מיני דאבל פיסטוק 6 יח' שטראוס,יוניליוור סנאיי וי ט,IL,מאגדת מיני מגנום דאב,גרמים,282.00,100 גרם,false,1,29.90,10.60,true,1,
8690637916991,false,מרכך דאב עם שמן אבוקדו ותמצית קלנדולה600,"יוניליוור ישראל שיווק בע""מ",TR,מרכך דאב עם שמן אבוק,מיליליטרים,600.00,"100 מ""ל",false,1,20.80,3.47,true,1,
8690637946301,false,"בדין - מרכך כביסה אקסטרא בייביי כחול 960 מ""ל","יוניליוור ישראל שיווק בע""מ",TR,מרכך כביסה בדין אקסט,מיליליטרים,960.00,"100 מ""ל",false,1,15.90,1.66,true,1,
8690637946318,false,"מרכך כביסה בדין מרוכז אקסטרה בייבי טלק 960 מ""ל",יוניליוור ישראל שיווק בע`מ,TR,מרכך כביסה בדין אקסט,מיליליטרים,960.00,"100 מ""ל",false,1,15.90,1.66,true,1,
8690637971310,false,"מרכך כביסה מרוכז אקסטרה בניחוח יערת הדבש בדין 960 מ""ל",יוניליוור ישראל שיווק בע`מ,TR,מרכך כביסה בדין אקסט,מיליליטרים,960.00,"100 מ""ל",false,1,15.90,1.66,true,1,
8690637976995,false,"מרכך כביסה מרוכז אקסטרה ורוד סחלבים פראי בדין 960 מ""ל","יוניליוור ישראל שיווק בע""מ",TR,מרכך כביסה בדין אקסט,מיליליטרים,960.00,"100 מ""ל",false,1,15.90,1.66,true,1,
8690637977794,false,תחליב רחצה לידיים בניחוח חמאת שיאה ווניל,קוסטר אירוסול ולף סנ,TR,סבון ידיים דאב חמאת,מיליליטרים,500.00,"100 מ""ל",false,1,19.80,3.96,true,1,
8690637989612,false,שלגון שמנת בטעם וניל עם ריפל בטעם שוקולד 246 גרם,יונילוור סנאיי וי טיג'\,,מאגדת מיני מגנום דול,גרמים,282.00,100 גרם,false,1,29.90,10.60,true,1,
8690734006830,false,ספוגי קרצוף סקוטש ברייט 9 יח,3M קנדה,,ספוגי קרצוף סקוטש בר,Unknown,0.00,Unknown,false,1,17.90,17.90,true,1,
8690734354412,false,ספוגיות מתכת סקוטש ברייט אל חלד 2 יח,3m,,ספוגיות מתכת סקוטש ב,Unknown,0.00,Unknown,false,1,8.90,8.90,true,1,
8690757002819,false,"תרסיס מונע ריח לנעליים סילבר 100 מ""ל",סילברמיל,TR,תרסיס מונע ריח לנעלי,מיליליטרים,100.00,"100 מ""ל",false,1,25.90,25.90,true,1,
8690766156367,false,טבלת שוקולד חלב מעולה 90 גר` גודייבה,תה ויסוצקי (ישראל) בעמ,TR,שוקולד חלב גודייבה מ,גרמים,90.00,100 גרם,false,1,14.90,16.56,true,1,
8690766156374,false,גודייבה שוקולד מריר מעולה 72% מוצקי קקאו 72גרם,תה ויסוצקי (ישראל) בעמ,TR,שוקולד מריר 72% גודי,גרמים,90.00,100 גרם,false,1,14.90,16.56,true,1,
8690766156381,false,גודייבה שוקולד מריר 90% מוצקי קקאו 90 גרם,תה ויסוצקי (ישראל) בעמ,TR,שוקולד מריר 90% גודי,גרמים,90.00,100 גרם,false,1,14.90,16.56,true,1,
8690766156398,false,"שוקולד חלב מעולה בתוספת שברי שקדים קלויים,דבש ומלח 90 גרם","אולקר מקבוצת פלאדיס, ציק",TR,שוקולד חלב גודייבה ש,גרמים,90.00,100 גרם,false,1,14.90,16.56,true,1,
8690766156404,false,שוקולד מריר מעולה גודייבה תפוז אדום 90 גרם,תה ויסוצקי (ישראל) בעמ,TR,שוקולד מריר גודייבה,גרמים,90.00,100 גרם,false,1,14.90,16.56,true,1,
8690766156411,false,שוקולד מריר מעולה בטעם פלפל ורוד עם חתיכות תות מסוכר 90 גרם,תה ויסוצקי (ישראל)בעמ,TR,שוקולד מריר גודייבה,גרמים,90.00,100 גרם,false,1,14.90,16.56,true,1,
8690770322598,false,שמרים יבשים פוליבה הנמל 125 גרם,הנמל אריזות ושיווק (1984) בעמ,,שמרים יבשים 125 גר,גרמים,125.00,100 גרם,false,1,5.70,4.56,true,1,
8690777203012,false,פלפלים ירוקים כבושים לא חריפים סרה ויליפוד 600 גרם,ג. וילי-פוד אינטרנשיונל בע`מ,,פלפל ירוק כבוש לא חר,גרמים,600.00,100 גרם,false,1,11.90,1.98,true,1,
8690777204071,false,פלפלים כבושים חריפים סרה 320 גרם,ג. וילי-פוד אינטרנשיונל בע`מ,,פלפל חריף 640 גרם SE,גרמים,640.00,100 גרם,false,1,15.60,2.44,true,1,
8690777206051,false,חציל קלוי על האש סרה ויליפוד 650 גרם,ג. וילי-פוד אינטרנשיונל בע`מ,,חצילים קלויים על האש,גרמים,650.00,100 גרם,false,1,11.90,1.83,true,1,
8690777221405,false,פלפל אדום קלוי על האש 650 גר` ויליפוד,ג. וילי-פוד אינטרנשיונל בע`מ,,פלפל אדום קלויים על,גרמים,650.00,100 גרם,false,1,11.90,1.83,true,1,
8690784516440,false,דאק נוזל לניקוי מתקדם בניחוח לבנדה בודד 750מל,"אס.סי.ג'\ונסון מידרכט, ה",,נוזל גל דאק בניחוח ל,מיליליטרים,750.00,"100 מ""ל",false,1,12.90,1.72,true,1,
8690784614665,false,דאק סבון ניקוי לאסלה 5ב1 בניחוח ים,דאופלור אס פי אי כונ,,סבון מוצק לניקוי אסל,Unknown,0.00,Unknown,false,1,9.90,9.90,true,1,
8690784614771,false,סבון דאק לניקוי אסלה בניחוח רענן נתלה,דאופלור אס.פי.אי כונ,,סבון מוצק לנ.אסלה דא,Unknown,0.00,Unknown,false,1,9.90,9.90,true,1,
8690784616775,false,סבון מוצק לאסלה דאק אקווה בלו 4 ב-1 80 ג,טואלט דאק (ג'ונסון),RS,סבון מוצק לאסלה דאק,גרמים,80.00,100 גרם,false,1,10.90,13.63,true,1,
8690799021595,false,"ריבת תות שדה בזכוכית 1 ק""ג BEST QUALITY",בוזטופרק גידה סאנאי,TR,ריבת תות שדה בזכוכית,גרמים,1000.00,100 גרם,false,1,20.80,2.08,true,1,
8690799022875,false,"ריבת שזיפים בזכוכית 1 ק""ג BEST QUALITY",בוזטופרק גידה סאנאי,TR,ריבת שזיפים בזכוכית,קילוגרמים,0.00,"ק""ג",false,1,20.80,20.80,true,1,
8690799023018,false,"ריבת דובדבנים לבנים 1 ק""ג BEST QUALITY",בוזטופרק גידה סאנאי,TR,ריבת דובדבנים לבנים,גרמים,1000.00,100 גרם,false,1,20.80,2.08,true,1,
8691058141238,false,ערמונים שלמים קלויים וקלופים 100 גר` Ave,אבאל יזמות בעמ,,ערמונים שלמים קלויים,גרמים,100.00,100 גרם,false,1,5.80,5.80,true,1,
8691351103124,false,טורקיש דילייט פירות 125 גרם,,TR,טורקיש דילייט פירות,גרמים,125.00,100 גרם,false,1,9.90,7.92,true,1,
8691351103131,false,טורקיש דילייט פיסטוק וא.לוז 125 גרם,,TR,טורקיש דילייט פיסטוק,גרמים,125.00,100 גרם,false,1,9.90,7.92,true,1,
8691351103148,false,טורקיש דילייט אגוזי לוז 125 גרם,,TR,טורקיש דילייט אגוזי,גרמים,125.00,100 גרם,false,1,9.90,7.92,true,1,
8691351103650,false,נוגט עם שקדים ופירות אקזוטיים 100 גרם,,TR,נוגט עם שקדים ופירות,גרמים,100.00,100 גרם,false,1,10.90,10.90,true,1,
8691351103667,false,נוגט עם שקדים וחמוציות 100 גרם,,TR,נוגט עם שקדים וחמוצי,גרמים,100.00,100 גרם,false,1,10.90,10.90,true,1,
8691351103674,false,נוגט עם שקדים ולימון 100 גרם,,TR,נוגט עם שקדים ולימון,גרמים,100.00,100 גרם,false,1,10.90,10.90,true,1,
8691351103681,false,נוגט שקדים ופירות יער 100 גרם,,TR,נוגט שקדים ופירות יע,גרמים,100.00,100 גרם,false,1,10.90,10.90,true,1,
8691530924670,false,סירופ רימונים נאטרסן345ג,נטורסן,,רכז רימונים טבעי 345,גרמים,345.00,100 גרם,false,1,18.90,5.48,true,1,
8693323099107,false,מרשמלו לבבות בטעם תות ווניל,ליימן שליסל בעמ,,מרשמלו יוגטה לבבות 1,גרמים,150.00,100 גרם,false,1,9.60,6.40,true,1,
8693357036239,false,סט 6 כוסות שופ פסים,,,סט 6 כוסות שופ פסים,Unknown,0.00,Unknown,false,1,21.90,21.90,true,1,
8693357051485,false,פלורה אגרטל כדורי 20,,,פלורה אגרטל כדורי 20,Unknown,0.00,Unknown,false,1,65.90,65.90,true,1,
8693357129795,false,פסטיבל כד מים קוני 1,,,פסטיבל כד מים קוני 1,Unknown,0.00,Unknown,false,1,69.90,69.90,true,1,
8693357153691,false,שישיית גביעי יין 260 מל,,,ביסטרו סט 6 גביעי יי,Unknown,0.00,Unknown,false,1,34.00,34.00,true,1,
8693357179844,false,בייסיק ספל מאג מחוסם,,,בייסיק ספל מאג מחוסם,Unknown,0.00,Unknown,false,1,8.90,8.90,true,1,
8693357194274,false,ביסטרו סט 6 גביעי לי,,,ביסטרו סט 6 גביעי לי,Unknown,0.00,Unknown,false,1,34.00,34.00,true,1,
8693357204447,false,ביסטרו כד למים 1800C,,,ביסטרו כד למים 1800C,Unknown,0.00,Unknown,false,1,23.20,23.20,true,1,
8693357303706,false,הום מייד צנצנת 0.5,,,הום מייד צינצנת 0.5,Unknown,0.00,Unknown,false,1,10.90,10.90,true,1,
8693357303713,false,"צנצנת זכוכית 300 מ""ל",,,הום מייד צנצנת 0.3,Unknown,0.00,Unknown,false,1,8.90,8.90,true,1,
8693357341159,false,גסטרו בוטיק קערית 9.,,,גסטרו בוטיק קערית 9.,Unknown,0.00,Unknown,false,1,5.90,5.90,true,1,
8693357353176,false,ניוד קלארה קארף 500,,,ניוד קלארה קארף 500,Unknown,0.00,Unknown,false,1,129.00,129.00,true,1,
8693357357341,false,ניוד סאטין אגרטל אפו,,,ניוד סאטין אגרטל אפו,Unknown,0.00,Unknown,false,1,509.00,509.00,true,1,
8693357376182,false,דיוני סט 6 כוסות 255,,,דיוני סט 6 כוסות 255,Unknown,0.00,Unknown,false,1,44.90,44.90,true,1,
8693357377714,false,ניוד קליימה גביע יין,,,ניוד קליימה גביע יין,Unknown,0.00,Unknown,false,1,16.00,16.00,true,1,
8693357401099,false,סט 6 כוסות LISA,,,ליסה מחוסם סט 6 230,Unknown,0.00,Unknown,false,1,17.90,17.90,true,1,
8693357449459,false,ניוד ביג טופ כוס מים,,,ניוד ביג טופ כוס מים,Unknown,0.00,Unknown,false,1,21.90,21.90,true,1,
8693495050333,false,"פלמוליב סבון נוזלי לגבר לימון ירוק 500 מ""ל",קולגייט פלמוליב,,סבון נוזלי לגבר לימו,מיליליטרים,500.00,"100 מ""ל",false,1,18.80,3.76,true,1,
8693495051002,false,מברשת שיניים לילדים מיניונים קולגייט 6+,קולגייט פלמוליב,,מברשת שיניים לילדים,Unknown,0.00,Unknown,false,1,14.90,14.90,true,1,
8693495051255,false,מברשת שיניים קולגייט סלים סופט זהב זוג,קולגייט - פלמוליב,,מברשת שיניים סלים סו,Unknown,0.00,Unknown,false,1,36.90,36.90,true,1,
8693495052177,false,פלמוליב נטורלס תחליב רחצה זיתים 750 מל,קולגייט פלמוליב,,סבון נוזלי פלמוליב,מיליליטרים,750.00,"100 מ""ל",false,1,19.90,2.65,true,1,
8693495052931,false,זוג מברשות שיניים אדוונסט 360 לניקוי כל חלל הפה,קולגייט פלמוליב,CN,מברשות שיניים זוג,Unknown,0.00,Unknown,false,1,41.90,41.90,true,1,
8693495054034,false,פלמוליב ס.נוזלי לומינוס אבוקדו 750 משאבה,קולגייט פלמוליב,,סבון נוזלי פלמוליב ל,מיליליטרים,750.00,"100 מ""ל",false,1,19.90,2.65,true,1,
8693638984723,false,"קונפיטורה תות שדה פרוטה 1 ק""ג",,TR,קונפיטורה תות שדה פר,גרמים,1000.00,100 גרם,false,1,20.80,2.08,true,1,
8693638984730,false,"קונפיטורה מישמש פרוטה 1 ק""ג",,TR,קונפיטורה מישמש פרוט,גרמים,1000.00,100 גרם,false,1,20.80,2.08,true,1,
8693638984754,false,"קונפיטורה דובדובנים פרוטה 1 ק""ג",,TR,קונפיטורה דובדובנים,גרמים,1000.00,100 גרם,false,1,20.80,2.08,true,1,
8694686405857,false,מיטו מזון לחתול 1 קג,שחורי אריה ואנסטסיה,,מיטו מזון לחתול 1 קג,Unknown,0.00,Unknown,false,1,21.90,21.90,true,1,
8695543006804,false,גבינה ציז לונג 200 גר,מורטביי,TR,גבינה ציז לונג 200 ג,גרמים,200.00,100 גרם,false,1,22.90,11.45,true,1,
8697418280104,false,עלי טורטייה 1.1 קג,,,עלי טורטייה 30 יח,קילוגרמים,0.00,"ק""ג",false,1,35.50,35.50,true,1,
8697418280111,false,עלי טורטייה 25 סמ 840 גרם LAVALIA,פרינסיס און וה אונלו,,"עלי טורטייה 25 ס""מ 8",גרמים,840.00,100 גרם,false,1,31.90,3.80,true,1,
8697418280128,false,עלי טורטייה 20 סמ 540 גרם LAVALIA,פרינסיס און וה אונלו,,"עלי טורטייה 20 ס""מ 5",גרמים,540.00,100 גרם,false,1,22.90,4.24,true,1,
8697418280487,false,עלי טורטייה קמח תירס 20 סמ 540 ג LAVALIA,פרינסיס און וה אונלו,,עלי טורטייה קמח תירס,גרמים,540.00,100 גרם,false,1,26.50,4.91,true,1,
8697419747354,false,גליז גומי בצורת כובעים 180 גרם,,,גליז גומי בצורת כובע,גרמים,180.00,100 גרם,false,1,9.90,5.50,true,1,
8697431460064,false,קונפיטורה משמש 70% פרי פרופה 454 גר',פרוטנגו Fruitango,,קונפיטורה 70% פרי מש,גרמים,450.00,100 גרם,false,1,17.70,3.93,true,1,
8697431460217,false,קונפיטורה 70% תפוזים 450 ג' FRUPPA,תומר יבוא ושיווק מוצרי מזון (1,,קונפיטורת 70% תפוזים,גרמים,450.00,100 גרם,false,1,17.70,3.93,true,1,
8697431460378,false,קונפיטורה 70% שזיף פרופה 450 גרם,פרוטנגו Fruitango,,קונפיטורה 70% שזיפים,גרמים,450.00,100 גרם,false,1,17.70,3.93,true,1,
8697431921718,false,קונפיטורה דובדבן חמוץ 70% פרי פרופה 454 גר',תומר יבוא ושיווק מוצרי מזון (1,,קונפיטורה 70% דובדבן,גרמים,454.00,100 גרם,false,1,17.70,3.90,true,1,
8697530910743,false,סיגריות פאל מאל כחול קצר מטאליק,גלוברנדס בעמ - שיווק סיגריות,,פאל מאל כחול קצר האו,Unknown,0.00,Unknown,false,1,30.00,30.00,true,1,
8697530910750,false,סיגריות פאל מאל כחול ארוך האוס,גלוברנדס בעמ - שיווק סיגריות,,פאל מאל כחול ארוך הא,Unknown,0.00,Unknown,false,1,30.00,30.00,true,1,
8697530910781,false,סיגריות פאל מאל אדום מטאליק,גלוברנדס בעמ - שיווק סיגריות,,פאל מאל אדום האוס חפ,Unknown,0.00,Unknown,false,1,30.00,30.00,true,1,
8697530910941,false,פאל מאל כחול קצר האוס עשירייה,גלוברנדס בעמ - שיווק סיגריות,,פאל מאל כחול קצר האו,Unknown,0.00,Unknown,false,1,295.00,295.00,true,1,
8697530911276,false,סיגריות קנט קצר חפיס,גלוברנדס בעמ - שיווק סיגריות,,קנט קצר,Unknown,0.00,Unknown,false,1,37.00,37.00,true,1,
8697659225186,false,"מטהר אוויר משב הכותנה יעקבי 250 מ""ל","יעקב יעקבי ובניו בע""מ",,מטהר אוויר משב הכותנ,מיליליטרים,250.00,"100 מ""ל",false,1,15.90,6.36,true,1,
8697659229832,false,"פרש אנד מור מילוי למטהר אוויר - ווניל ועץ פראי, 250 מ""ל","יעקב יעקבי ובניו בע""מ",IL,פרש&מור - מילוי למטה,Unknown,1.00,Unknown,false,1,10.90,10.90,true,1,
8697659230807,false,פרש אנד מור פרח הפלא כתום וניל ואגס 75 מ,,TR,מטהר אוויר פרח הפלא,Unknown,0.00,Unknown,false,1,25.90,25.90,true,1,
8697659230821,false,מ.אוויר פרש אנד מור פטל ורדין וסוכריות75,יעקובי,TR,מ.אוויר פרח הפלא פטל,Unknown,0.00,Unknown,false,1,25.90,25.90,true,1,
8697659232795,false,"פרש& מור מבשם אריגים מנטרל ריחות עישון 425 מ""ל","יעקב יעקבי ובניו בע""מ",TR,מבשם אריגים פרש&מור,מיליליטרים,425.00,"100 מ""ל",false,1,11.90,2.80,true,1,
8697659243197,false,מטהר אוויר פרחי אביב פרש & מור 300 מ''ל,"יעקב יעקבי ובניו בע""מ",,פרש&מור מטהר אוויר פ,יחידה,1.00,יחידה,false,1,11.90,11.90,true,1,
8697659244866,false,"אל סבון נוזלי דיסני וונדר וומן 400 מ""ל",,TR,אל סבון נוזלי דיסני,מיליליטרים,400.00,"100 מ""ל",false,1,14.90,3.73,true,1,
8710252130647,false,הבלה בלגיה-קונוס לגלידה 14יח 175 גר,,,הבלה בלגיה-קונוס לגל,גרמים,175.00,100 גרם,false,1,16.90,9.66,true,1,
8710252138599,false,הבלה בלגיה-קעריות ופל לגלידה וקינוח 100ג,,,הבלה בלגיה-קעריות ופ,גרמים,100.00,100 גרם,false,1,19.90,19.90,true,1,
8710418111213,false,עוגיות חמאה ברינק ספריטס הולנדי 400 גרם,CONTINENTAL BAKERIES,,עוגיות חמאה ברינק ספ,גרמים,400.00,100 גרם,false,1,11.40,2.85,true,1,
8710428005762,false,תרכובת מזון לתינוקות על בסיס חלבון סויה איזומיל טף שלב 2,"אבוט מעבדות רפואיות בע""מ",,סימילאק איזומיל TAF,גרמים,400.00,100 גרם,false,1,44.90,11.23,true,1,
8710428016355,false,אבקת משקה להשלמה תזונתית שוקו 400 ג' פדיאשור,אבוט מעבדות רפואיות,ES,פדיאשור קומפליט שוקו,גרמים,400.00,100 גרם,false,1,39.90,9.98,true,1,
8710447275313,false,דאב קרם ידיים שמן קוקוס וחלב שקדים,יוניליוור ישראל שיווק בעמ,PL,קרם ידיים דאב שמן קו,מיליליטרים,75.00,"100 מ""ל",false,1,13.90,18.53,true,1,
8710448588733,false,רוטב לסלט שום ועשבי תיבול רמייה 500 גר,רמייה,NL,רוטב לסלט שום ועשבי,גרמים,500.00,100 גרם,false,1,13.50,2.70,true,1,
8710448588764,false,רוטב לסלט שום ועשבי תיבול רמייה 500 גר,רמייה,NL,רוטב לסלט שום ועשבי,גרמים,500.00,100 גרם,false,1,13.50,2.70,true,1,
8710448588771,false,"רוטב איטלקי לסלט 500 מ""ל רמייה",וואן האוטן,,רוטב איטלקי לסלט 500,מיליליטרים,500.00,"100 מ""ל",false,1,13.50,2.70,true,1,
8710448595182,false,"רוטב ברביקיו מעושן דבש 500 מ""ל DALTON",רמייה,NL,רוטב ברביקיו מעושן ד,מיליליטרים,500.00,"100 מ""ל",false,1,18.90,3.78,true,1,
8710448632696,false,"רוטב אלף האיים 500 מ""ל רמייה",רמייה,NL,רוטב אלף האיים 500 מ,מיליליטרים,500.00,"100 מ""ל",false,1,13.50,2.70,true,1,
8710448634331,false,מיונז ללא ביצים טבעוני רמייה 350 גר,רמייה,NL,מיונז ללא ביצים טבעו,גרמים,350.00,100 גרם,false,1,11.90,3.40,true,1,
8710448638117,false,רוטב גאודס פריטס הול,Gauda glorie,,פריטסוס לחיץ 750 גרם,גרמים,750.00,100 גרם,false,1,19.90,2.65,true,1,
8710448638131,false,מיונז גאודסמופחת שומ,,,מיו לחיץ 750 גרם,גרמים,750.00,100 גרם,false,1,19.90,2.65,true,1,
8710448680376,false,רוטב מיו ספייסי סמור,רמייה,NL,GG רוטב סמוראי 650 מ,מיליליטרים,650.00,"100 מ""ל",false,1,22.90,3.52,true,1,
8710448692744,false,קטשופ קארי רמייה 300 גר,רמייה,NL,קטשופ קארי רמייה 300,גרמים,300.00,100 גרם,false,1,9.90,3.30,true,1,
8710488190439,false,כרוב כבוש לבן מובחר 850 גרם,,,כרוב כבוש לבן מובחר,גרמים,850.00,100 גרם,false,1,14.20,1.67,true,1,
8710502064814,false,עוגיות מרבה שוקולד ציפס במרקם רך 175 גר,בנקטבקריי מרבה בי.וי,,עוגיות מרבה שוקולד צ,גרמים,175.00,100 גרם,false,1,8.90,5.09,true,1,
8710502139017,false,עוגיות טריפל שוקולד צ`יפס מרבה (180 גרם),בנקטבקריי מרבה בי.וי,,עוגיות שוקולד מצופות,גרמים,180.00,100 גרם,false,1,8.90,4.94,true,1,
8710502194801,false,"עוגיות שוקלד ציפס רכה פירות יער ""מרבה"" 175 גרם",בנקטבקריי מרבה בי.וי,,מרבה עוגיות שוקולד צ,גרמים,175.00,100 גרם,false,1,8.90,5.09,true,1,
8710502231018,false,מרבה מיני עוגיות שוקולד צ'יפס 175 גרם,ש. שסטוביץ בע`מ,,עוגיות מרבה שוקולד צ,גרמים,175.00,100 גרם,false,1,10.90,6.23,true,1,
8710502279010,false,מרבה עוגיות שוקולד צ'יפס מצופות שוקולד 175 גרם,"י.מרבה ישראל בע""מ",,עוגיות מרבה שוקולד צ,גרמים,175.00,100 גרם,false,1,8.90,5.09,true,1,
8710502405204,false,עוגיות שוקולד צ'יפס עם קרם שוקולד מרבה 175 גרם,קריניציה ויטמינה אס,,עוגיות שוק.ציפס ממול,גרמים,175.00,100 גרם,false,1,8.90,5.09,true,1,
8710502470028,false,עוגיות שוקולד צ'יפס ממולאות בקרם נוגט,קריניציה ויטמינה אס,,עוגיות מרבה נוגטלי 1,גרמים,160.00,100 גרם,false,1,8.90,5.56,true,1,
8710502470035,false,עוגיות נוגטלי במילוי קרם אגוזים 200 ג' מרבה פטיסרי,ש. שסטוביץ בע`מ,NL,מרבה פטיסרי עוגיות נ,גרמים,200.00,100 גרם,false,1,10.90,5.45,true,1,
8710552274614,false,שמפו קצף לנ.שטיחים וניש קליה גולד 600 מל,רקיט בנקיזר (ניר איסט) בעמ,IT,שמפו קצף לנ.שטיחים ו,מיליליטרים,600.00,"100 מ""ל",false,1,26.90,4.48,true,1,
8710588600029,false,קרקר גאודה רוקה 70 גרם,,NL,קרקר גאודה רוקה 70 ג,גרמים,70.00,100 גרם,false,1,16.90,24.14,true,1,
8710625282164,false,"קוקטייל פור טו פינה קולדה 700 מ""ל",באוולנד,,"קוקטייל פור 2 700 מ""",מיליליטרים,700.00,"100 מ""ל",false,1,58.90,8.41,true,1,
8710679158385,false,"ציפס פריטס קלאסי 2.5 ק""ג",,,"ציפס קלאסי 2.5 ק""ג",קילוגרמים,0.00,"ק""ג",false,1,44.90,44.90,true,1,
8710800961310,false,סוכריות בטעם תות מנטוס 4*375 גרם,פרפטי ואן מלה ברדה,,מנטוס תות 1/4,גרמים,160.00,100 גרם,false,1,13.50,8.44,true,1,
8710812011102,false,ריבת תות שדה ביתית 450 גרם,,,ריבת תות שדה ביתית 4,גרמים,450.00,100 גרם,false,1,12.40,2.76,true,1,
8710812011126,false,ריבת דובדבנים ביתית 450 גרם,,,ריבת דובדבנים ביתית,גרמים,450.00,100 גרם,false,1,12.40,2.76,true,1,
8710847860843,false,"רקסונה - דאודורנט רולאון לאישה אינביזיבל 50 מ""ל",יוניליוור אנגליה,GB,דאו רקסונה רול און א,מיליליטרים,50.00,"100 מ""ל",false,1,20.90,41.80,true,1,
8710847942693,false,טרזמה מרכך לשיער יבש שמן המפ 400 מל,יוניליוור ישראל שיווק בעמ,PL,מרכך טרזמה לשיער יבש,מיליליטרים,400.00,"100 מ""ל",false,1,19.90,4.98,true,1,
8710847973970,false,"תחליב רחצה דאב אלוורה מי עץ שדר, 750 מ""ל",יוניליוור ישראל שיווק בע`מ,,תחליב רחצה דאב אלוור,מיליליטרים,750.00,"100 מ""ל",false,1,15.00,2.00,true,1,
8710847974199,false,"תחליב רחצה דאב קקאו 500 מ""ל",יוניליוור ישראל שיווק בעמ,,תחליב רחצה דאב קקאו,מיליליטרים,500.00,"100 מ""ל",false,1,19.80,3.96,true,1,
8710908326691,false,"תחליב רחצה פרח האדמונית דאב 750 מ""ל",יוניליוור ישראל שיווק בע`מ,,תחליב רחצה דאב אדמו,מיליליטרים,750.00,"100 מ""ל",false,1,15.00,2.00,true,1,
8710908693809,false,"TRESSEMME מסיכה טיפולית עם קרטין 300מ""ל",יוניליוור ישראל שיווק בעמ,,מסכה טרזמה קרטין 300,מיליליטרים,300.00,"100 מ""ל",false,1,37.90,12.63,true,1,
8710998425595,false,בונ טראפלס בלגי קקאו,,NL,טראפלס קקאו 150 גרם,גרמים,150.00,100 גרם,false,1,9.90,6.60,true,1,
8711000371176,false,ג'ייקובס קפסולות קפה אספרסו קלאסיקו עוצמה 7,ג'ייקובס דאו אגברטס צרפת,FR,קפסולות קפה אספרסו ק,גרמים,52.00,100 גרם,false,1,16.90,32.50,true,1,
8711000371183,false,ג'ייקובס קפסולות קפה אספרסו אינטסו עוצמה 10,ג'ייקובס דאו אגברטס צרפת,FR,קפסולות קפה אספרסו א,גרמים,52.00,100 גרם,false,1,16.90,32.50,true,1,
8711000371206,false,ג'ייקובס קפסולות קפה אספרסו ריסטרטו עוצמה 12,ג'ייקובס דאו אגברטס צרפת,FR,קפסולות קפה אספרסו ר,גרמים,52.00,100 גרם,false,1,16.90,32.50,true,1,
8711000371244,false,"ג'ייקובס קפסולות אספרסו (8) 10 יח', 52ג' לונגו",דיפלומט מפיצים (1968) בעמ**,FR,קפסולות קפה אספרסו ל,גרמים,52.00,100 גרם,false,1,16.90,32.50,true,1,
8711000472040,false,קפסולות קפה אספרסו סלקשיין גייקובס 52 גר,דיפלומט מפיצים (1968) בעמ**,FR,קפסולות קפה אספרסו ס,גרמים,52.00,100 גרם,false,1,16.90,32.50,true,1,
8711200175307,false,"ליפטון אייס תה לימון 330 מ""ל",,BE,ליפטון אייס תה לימון,מיליליטרים,330.00,"100 מ""ל",false,1,5.20,1.58,true,1,
8711200443789,false,"חרדל דיז'ון גרגירים בבקבוק לחיץ סיימן 235 מ""ל",מיילי,,חרדל גרגרים בבקבוק ל,מיליליטרים,235.00,"100 מ""ל",false,1,15.90,6.77,true,1,
8711200443802,false,"חרדל דיזון בבקבוק לחיץ 235 מ""ל",מיילי,,חרדל דיזון בבקבוק לח,מיליליטרים,235.00,"100 מ""ל",false,1,15.90,6.77,true,1,
8711281013345,false,חרדל הולנדי מקורי גרגירים 335 גרם,HUISMAN DE,,חרדל הולנדי מקורי גר,גרמים,335.00,100 גרם,false,1,14.90,4.45,true,1,
8711281023344,false,חרדל הולנדי מקורי חלק קרמי 335 גרם,מוסטאד מולן דה האוסמ,,חרדל הולנדי מקורי חל,גרמים,335.00,100 גרם,false,1,15.90,4.75,true,1,
8711327475618,false,מגנום פיינט וניל קלאסיק 260 גר`,"מפעל גלידות בווספרם, רחו",IL,מגנום וניל קלאסיק,גרמים,302.00,100 גרם,false,1,23.90,7.91,true,1,
8711327475663,false,מגנום פיינט וניל שוקולד לבן 260 גרם,"מפעל גלידות בווספרם, רחו",IL,מגנום וניל שוקולד,גרמים,302.00,100 גרם,false,1,23.90,7.91,true,1,
8711327475717,false,מגנום פיינט וניל שקדים 260 גרם,"מפעל גלידות בווספרם, רחו",IL,מגנום וניל שקדים 302,גרמים,302.00,100 גרם,false,1,23.90,7.91,true,1,
8711406000496,false,"בירה לה טראפ טריפל 330 מ""ל",לה טראפ,,בירה לה טראפ טריפל 3,מיליליטרים,330.00,"100 מ""ל",false,1,12.90,3.91,true,1,
8711406000564,false,"בירה לה טראפ דאבל 330 מ""ל",לה טראפ,,בירה לה טראפ דאבל 33,מיליליטרים,330.00,"100 מ""ל",false,1,12.90,3.91,true,1,
8711406032602,false,"בירה לה טראפ בלונד 330 מ""ל",לה טראפ,,בירה לה טראפ בלונד 3,מיליליטרים,330.00,"100 מ""ל",false,1,12.90,3.91,true,1,
8711406129777,false,"בירה לה טראפ דאבל 750 מ""ל",לה טראפ,,בירה לה טראפ דאבל 75,מיליליטרים,750.00,"100 מ""ל",false,1,32.90,4.39,true,1,
8711406985489,false,"בירה לה טראפ חיטה 330 מ""ל",לה טראפ,,בירה לה טראפ חיטה 33,מיליליטרים,330.00,"100 מ""ל",false,1,12.90,3.91,true,1,
8712000050146,false,"בירה היינקן 0% אלכוהול בקבוק 330 מ""ל","מבשלת היינקן, ריטבלד",,בירה היינקן 0.0% אלכ,מיליליטרים,330.00,"100 מ""ל",false,1,5.90,1.79,true,1,
8712000051099,false,"שישיית בירה היינקן 0% אלכוהל בקבוק 330 מ""ל","מבשלת היינקן, ריטבלדנברג",,שישיית בירה היינקן 0,מיליליטרים,1980.00,"100 מ""ל",false,1,32.90,1.66,true,1,
8712092034673,false,גבינה מותכת מעושנת 23% במשקל,,,גבינה מותכת מעושנת 2,Unknown,0.00,"ק""ג",true,0,101.00,101.00,true,1,
8712100542459,false,"רוטב ברביקיו דבש לחיץ קאלווה 250 מ""ל",יוניליוור,NL,רוטב ברביקיו דבש לחי,מיליליטרים,250.00,"100 מ""ל",false,1,16.90,6.76,true,1,
8712400717984,false,נוטרילון קומפורט תרכובת מזון מגיל לידה,דיפלומט מפיצים (1968) בעמ**,,נוטרילון קומפורט 400,גרמים,400.00,100 גרם,false,1,46.90,11.73,true,1,
8712400802499,false,תרכובת מזון המשך לפעוטות על בסיס חלב שלב 1,דיפלומט מפיצים (1968) בעמ**,,נוטרילון מבית נוטריש,גרמים,800.00,100 גרם,false,1,64.90,8.11,true,1,
8712400802512,false,תרכובת מזון המשך לפעוטות על בסיס חלב שלב 2,דיפלומט מפיצים (1968) בעמ**,,נוטרילון מבית נוטריש,גרמים,800.00,100 גרם,false,1,64.90,8.11,true,1,
8712400802536,false,תרכובת מזון המשך לפעוטות על בסיס חלב שלב 3,דיפלומט מפיצים (1968) בעמ**,,נוטרילון מבית נוטריש,גרמים,800.00,100 גרם,false,1,64.90,8.11,true,1,
8712514092304,false,מינק לקריץ הולנדי בציפוי פריך 225 גרם,,NL,מינק לקריץ הולנדי בצ,גרמים,225.00,100 גרם,false,1,15.90,7.07,true,1,
8712561594240,false,"דאב תחליב רחצה להזנה עמוקה500 מ""ל-מרכז",יוניליוור ישראל שיווק בע`מ,,דאב תחליב רחצה להזנה,מיליליטרים,500.00,"100 מ""ל",false,1,19.80,3.96,true,1,
8712561594608,false,"דאב תחליב רחיצה להזנה עמוקה 750 מ""ל",יוניליוור ישראל שיווק בע`מ,,תחליב רחצה דאב להזנה,מיליליטרים,750.00,"100 מ""ל",false,1,15.00,2.00,true,1,
8712561609647,false,"דאב - תחליב רחצה חמאת שיאה 500 מ""ל",יוניליוור ישראל שיווק בעמ,DE,תח.רחצה דאב חמאת שיא,גרמים,500.00,100 גרם,false,1,19.80,3.96,true,1,
8712561611183,false,"דאב - תחליב רחצה תה ירוק ומלפפון 500 מ""ל",יוניליוור ישראל שיווק בע`מ,,דאב תחליב רחצה תה יר,מיליליטרים,500.00,"100 מ""ל",false,1,19.80,3.96,true,1,
8712561611411,false,"תחליב רחצה בניחוח מלפפון ותה ירוק דאב 750 מ""ל",יוניליוור ישראל שיווק בע`מ,,תחליב רחצה דאב תה יר,מיליליטרים,750.00,"100 מ""ל",false,1,15.00,2.00,true,1,
8712561626286,false,תחליב רחצה זוהר כמשי דאב (750 מל),יוניליוור ישראל שיווק בע`מ,,תחליב רחצה דאב זוהר,מיליליטרים,750.00,"100 מ""ל",false,1,15.00,2.00,true,1,
8712561646024,false,"תחליב רחצה קרם פיסטוק ומגנוליה דאב 750 מ""ל","יוניליוור ישראל שיווק בע""מ",,תחליב רחצה דאב קרם פ,מיליליטרים,750.00,"100 מ""ל",false,1,22.90,3.05,true,1,
8713499045156,false,גאודה כמון הולנדית במשקל,,,גאודה כמון הולנדית ב,Unknown,0.00,"ק""ג",true,0,115.00,115.00,true,1,
8713501034406,false,גאודה שום הולנדית במשקל,,,גאודה שום הולנדית,Unknown,0.00,"ק""ג",true,0,121.00,121.00,true,1,
8713505038608,false,גאודה הולנדית פטריות כמהין במשקל,,,גאודה הולנדית פטריות,Unknown,0.00,"ק""ג",true,0,183.00,183.00,true,1,
8713600285983,false,לוק או לוק מגש פיצה 85 גרם,,NL,לוק או לוק מגש פיצה,גרמים,85.00,100 גרם,false,1,19.90,23.41,true,1,
8713600286713,false,לוק או לוק - גומי המבורגר 130 גרם,,NL,לוק או לוק - גומי המ,Unknown,130.00,Unknown,false,1,20.90,0.16,true,1,
8713600288182,false,לוק או לוק ציפס 115 גרם,,NL,לוק או לוק ציפס 115,Unknown,115.00,Unknown,false,1,19.90,0.17,true,1,
8713600637577,false,לוק או לוק זר פרחים 145 גרם,,NL,לוק או לוק זר פרחים,גרמים,145.00,100 גרם,false,1,34.90,24.07,true,1,
8713800119934,false,רד בנד בטעמי פירות 200 גרם,,,רד בנד בטעמי פירות 2,גרמים,200.00,100 גרם,false,1,9.90,4.95,true,1,
8713800119972,false,רד בנד גומי פאן מיקס 200 גרם,,NL,רד בנד גומי פאן מיקס,גרמים,200.00,100 גרם,false,1,9.90,4.95,true,1,
8713800121760,false,רד בנד גומי פירות וליקריץ חצאים 200 גרם,,NL,רד בנד גומי פירות ול,גרמים,200.00,100 גרם,false,1,9.90,4.95,true,1,
8713800121807,false,רד בנד בצורת מפתחות 200 גר,,,רד בנד בצורת מפתחות,גרמים,200.00,100 גרם,false,1,9.90,4.95,true,1,
8713800131240,false,נוגט בוטנים שוקולד לונקה 210 גר,,NL,נוגט בוטנים שוקולד ל,גרמים,210.00,100 גרם,false,1,15.90,7.57,true,1,
8713800139710,false,גלי בינס פקטורי פירות 90 גרם,,,גלי בינס פקטורי פירו,גרמים,90.00,100 גרם,false,1,10.90,12.11,true,1,
8714100616963,false,"ליפטון אייס תה מוגז 330 מ""ל",,BE,ליפטון אייס תה מוגז,מיליליטרים,330.00,"100 מ""ל",false,1,5.00,1.52,true,1,
8714200207962,false,ונקו -ממתק לקריץ בצורת חתולים 155 גרם,אחים מזרחי,,ונקו -ממתק לקריץ בצו,גרמים,155.00,100 גרם,false,1,10.20,6.58,true,1,
8714200208037,false,ונקו - ממתק לקריץ בצורות שונות 127 גרם,,,ונקו - ממתק לקריץ בצ,גרמים,127.00,100 גרם,false,1,10.20,8.03,true,1,
8714200208051,false,ממתק לקריץ בציפוי דרגה בצורת גיר 156 ג,קלואטה,,ממתק לקריץ בציפוי דר,גרמים,152.00,100 גרם,false,1,10.20,6.71,true,1,
8714443620030,false,מרק ירקות אורגני 200 גרם,תות תעשיות מזון (201,,מרק ירקות אורגני 200,גרמים,200.00,100 גרם,false,1,32.50,16.25,true,1,
8714599104316,false,ג'ייקובס קפה שחור קלוי וטחון טורקי 200 גרם,דיפלומט מפיצים (1968) בעמ**,RU,קפה שחור קלוי וטחון,גרמים,200.00,100 גרם,false,1,15.60,7.80,true,1,
8714599410530,false,קפה ג`ייקובס קרוננג מיובש בהקפאה 200 ג,דיפלומט מפיצים (1968) בעמ**,,גייקובס קרונינג שקית,גרמים,200.00,100 גרם,false,1,19.90,9.95,true,1,
8714599410806,false,ג'ייקובס קרוננג מיובש בהקפאה 160 גרם סגירה חוזרת,דיפלומט מפיצים (1968) בעמ**,,קפה גייקובס קרונונג,גרמים,160.00,100 גרם,false,1,19.90,12.44,true,1,
8714599412220,false,ג'ייקובס וולווט קפה נמס 95 מיובש בהקפאה,דיפלומט מפיצים (1968) בעמ**,RU,גייקובס וולווט קפה נ,גרמים,95.00,100 גרם,false,1,16.70,17.58,true,1,
8714599412336,false,קפה נמס בריסטה אמריקנו קלוי וטחון 160 ג' ג'ייקובס,ג'\ייקובס דאו אגברטס רוס,,גיקובס בריסטה אמריקנ,גרמים,160.00,100 גרם,false,1,26.90,16.81,true,1,
8714599513781,false,"קפה נמס מיובש בהקפאה זהב צנצנת ג'ייקובס 200 גרם לל""ס",דיפלומט מפיצים (1968) בעמ**,,גיקובס גולד מיובש בה,גרמים,200.00,100 גרם,false,1,25.90,12.95,true,1,
8714599513835,false,גי'קובס קרונונג נייט אנד דיי - נטול קופיאין,דיפלומט מפיצים (1968) בעמ**,,קפה גיקובס קרונונג נ,גרמים,200.00,100 גרם,false,1,34.90,17.45,true,1,
8714599513866,false,"קפה נמס מיובש בהקפאה קרונג צנצנת ג'ייקובס 200 גרם לל""ס",דיפלומט מפיצים (1968) בעמ**,,גיקובס קרונונג מיובש,גרמים,200.00,100 גרם,false,1,26.90,13.45,true,1,
8714789177229,false,רבעיית מברשות שיניים קולגייט אקסטרה קלין 1 יחידה,הנסיך- מפעל לייצור ט,,רביעיית מברשות שיניי,Unknown,0.00,Unknown,false,1,9.90,9.90,true,1,
8714789218465,false,מברשת שיניים 360 סופט קולגייט 2 יחידות,הנסיך- מפעל לייצור ט,,מברשת שיניים קולגייט,Unknown,0.00,Unknown,false,1,36.50,36.50,true,1,
8714789402918,false,נוזל לניקוי כללי ורצפות בניחוח פרחי בר אג'קס 1.5 ליטר,הנסיך- מפעל לייצור ט,,אגקס חגיגת פרחים 1.5,ליטרים,0.00,ליטר,false,1,22.90,22.90,true,1,
8714789402932,false,נוזל לניקוי כללי ורצפות בניחוח ורדי בוקר אג'קס 1.5 ליטר,הנסיך- מפעל לייצור ט,,אגקס חגיגת פרחים 1.5,ליטרים,0.00,ליטר,false,1,22.90,22.90,true,1,
8714789402970,false,נוזל לניקוי כללי ורצפות בניחוח פרחי אביב אגק'ס 1.5 ליטר,הנסיך- מפעל לייצור ט,,אגקס חגיגת פרחים 1.5,ליטרים,0.00,ליטר,false,1,22.90,22.90,true,1,
8714789450315,false,פלמוליב כלים שקוף לימון 1.5 ליטר,הנסיך- מפעל לייצור ט,,פלמוליב נוזל כלים לי,ליטרים,0.00,ליטר,false,1,17.70,17.70,true,1,
8714789529561,false,"משחת שיניים סנסטיב פרו ריליף להלבנה קולגייט 75 מ""ל",קולגייט פלמוליב,,קולגייט סנסטיב פרו ר,Unknown,0.00,Unknown,false,1,24.90,24.90,true,1,
8714789740058,false,מברשת שיניים טוויסטר סופט קולגייט 2 יחידות,הנסיך- מפעל לייצור ט,,קולגייט מברשת שיניים,Unknown,0.00,Unknown,false,1,23.50,23.50,true,1,
8714789797786,false,"פלמוליב נוזל לניקוי כלים גריז בלסטר 750 מ""ל",יבואן ומשווק: ש. שסט,,פלמוליב כלים 4 ב-1,מיליליטרים,750.00,"100 מ""ל",false,1,11.90,1.59,true,1,
8714789834467,false,פלמוליב נוזל לניקוי כלים קלאסי 1.5 ליטר,קולגייט-פלמוליב,,פלמוליב נוזל כלים,ליטרים,0.00,ליטר,false,1,17.70,17.70,true,1,
8714789930848,false,"משחת שיניים אופטיק וייט הלבנה מיידית קולגייט 75 מ""ל",איינשטיין-צור יבוא-יצוא וסחר ב,,קולגייט משחת אופטיק,Unknown,0.00,Unknown,false,1,19.90,19.90,true,1,
8714793684256,false,וקובין חולץ פקקים כנ,,,וקובין חולץ פקקים כנ,Unknown,0.00,Unknown,false,1,88.00,88.00,true,1,
8714800004114,false,"בירה 8.6 אורגינל 500 מ""ל פחית",בווריה,,בירה 8.6 אורגינל 500,מיליליטרים,500.00,"100 מ""ל",false,1,8.50,1.70,true,1,
8714800007191,false,"בירה בווריה פרמיום 500 מ""ל פחית",בווריה,,בירה בווריה פרמיום 5,מיליליטרים,500.00,"100 מ""ל",false,1,7.90,1.58,true,1,
8714800014182,false,"בירה 8.6 רד 500 מ""ל פחית",בווריה,,"בירה 8.6 רד 500 מ""ל",מיליליטרים,500.00,"100 מ""ל",false,1,8.50,1.70,true,1,
8714800017473,false,"בירה בווריה 0% אלכוהול תפוח 330 מ""ל ב",בווריה,,בירה בווריה 0% אלכוה,מיליליטרים,330.00,"100 מ""ל",false,1,5.90,1.79,true,1,
8714800017480,false,"בוואריה בטעם תפוח 330 מ""ל מארז שישייה",בוואריה,,שישיית בווריה 0% אלכ,מיליליטרים,1980.00,"100 מ""ל",false,1,29.90,1.51,true,1,
8714800017602,false,"משקה מאלט בוואריה 0%, תפוח 500 מ""ל",,NL,משקה מאלט בוואריה 0%,מיליליטרים,500.00,"100 מ""ל",false,1,5.50,1.10,true,1,
8714800021395,false,"בירה 8.6 גולד 500 מ""ל פחית",בווריה,,"בירה 8.6 גולד 500 מ""",מיליליטרים,500.00,"100 מ""ל",false,1,8.50,1.70,true,1,
8714800023399,false,שישיית בווריה 0% אלכוהול אורגינל 330 מל,בוואריה,,שישיית בווריה 0% אלכ,מיליליטרים,1980.00,"100 מ""ל",false,1,29.90,1.51,true,1,
8714800024136,false,"בירה הולנדיה 5% 500 מ""ל פחית",בווריה,,בירה הולנדיה 5% 500,מיליליטרים,500.00,"100 מ""ל",false,1,6.90,1.38,true,1,
8714800025348,false,"בירה הולנדיה 12% חזקה מאוד 500 מ""ל פחית",בווריה,,בירה הולנדיה 12% חזק,מיליליטרים,500.00,"100 מ""ל",false,1,8.50,1.70,true,1,
8714800025898,false,"בירה 8.6 בלק חזקה 500 מ""ל פחית",בווריה,,בירה 8.6 בלק חזקה 50,מיליליטרים,500.00,"100 מ""ל",false,1,8.50,1.70,true,1,
8714800041645,false,"בירה 8.6 אקסטרים חזקה מאוד 500 מ""ל פחית",בווריה,,בירה 8.6 אקסטרים חזק,מיליליטרים,500.00,"100 מ""ל",false,1,8.50,1.70,true,1,
8715035150300,false,"רוטב סויה קיקומן ללא גלוטן 250 מ""ל",דיפלומט מפיצים (1968) בעמ**,NL,רוטב סויה קיקומן ללא,מיליליטרים,250.00,"100 מ""ל",false,1,22.90,9.16,true,1,
8715035520301,false,פונזו רוטב יפני מסורתי מבוסס על רוטב סויה ולימון,דיפלומט מפיצים (1968) בעמ**,NL,רוטב יפני קיקומן פונ,מיליליטרים,250.00,"100 מ""ל",false,1,22.90,9.16,true,1,
8715300238306,false,חמאה הולנדית ללא מלח 200 גרם,בני ג`ורג` שוקחה (חיפה) בעמ,,חמאה פריקו הולנד ללא,גרמים,200.00,100 גרם,false,1,13.90,6.95,true,1,
8715675121012,false,דרוסטה שוקולד חלב (כחול) 85 גרם,,NL,דרוסטה שוקולד חלב (כ,גרמים,85.00,100 גרם,false,1,8.90,10.47,true,1,
8715675121036,false,דרוסטה שוקולד חלב מריר (ורוד) 85 גרם,,NL,דרוסטה שוקולד חלב,גרמים,85.00,100 גרם,false,1,8.90,10.47,true,1,
8715675121050,false,דרוסטה ש.מריר אקסטרה קקאו (סגול) 80 גרם,,NL,דרוסטה ש.מריר אקסטרה,גרמים,80.00,100 גרם,false,1,8.90,11.13,true,1,
8715675121081,false,דרוסטה שוקולד מריר מנטה (ירוק) 85 גרם,,NL,דרוסטה שוקולד מריר מ,גרמים,85.00,100 גרם,false,1,8.90,10.47,true,1,
8715700110141,false,מיונז קרמי היינץ צנצנת 460ג',דיפלומט מפיצים (1968) בעמ**,,מיונז בצנצנת היינץ 4,גרמים,460.00,100 גרם,false,1,11.90,2.59,true,1,
8715700110158,false,היינץ ממרח במרקם קרמי צנצנת 490 גרם,דיפלומט מפיצים (1968) בעמ**,,מיונז לייט בצנצנת הי,גרמים,490.00,100 גרם,false,1,11.90,2.43,true,1,
8715700115641,false,ממרח מיונז לחיץ לייט במרקם קרמי 420 ג' היינץ,דיפלומט מפיצים (1968) בעמ**,NL,ממרח קרמי לחיץ לייט,גרמים,420.00,100 גרם,false,1,14.90,3.55,true,1,
8715700115849,false,מתבל עגבניות היינץ1.35קג,היינץ,,"מתבל עגבניות 1.35 ק""",קילוגרמים,0.00,"ק""ג",false,1,21.90,21.90,true,1,
8715700117805,false,"קטשופ היינץ מתבל עגבניות ללא תוספת סוכר ומלח 425 מ""ל",דיפלומט מפיצים (1968) בעמ**,NL,"מתבל עגבניות ללת""ס ו",מיליליטרים,425.00,"100 מ""ל",false,1,10.90,2.56,true,1,
8715700120874,false,מתבל עגבניות היינץ בתוספת שום,דיפלומט מפיצים (1968) בעמ**,NL,קטשופ שום היינץ 460,גרמים,460.00,100 גרם,false,1,10.40,2.26,true,1,
8715700419695,false,היינץ רוטב ברביקיו מתוק 500 גרם,דיפלומט מפיצים (1968) בעמ**,,רוטב ברביקיו מתוק 50,גרמים,500.00,100 גרם,false,1,17.90,3.58,true,1,
8715700419732,false,מתבל עגבניות היינץ (700 גרם),דיפלומט מפיצים (1968) בעמ**,,מתבל היינץ 700 גרם,גרמים,700.00,100 גרם,false,1,11.90,1.70,true,1,
8715700421322,false,היינץ רוטב ברביקיו צ'ילי 490 גרם,דיפלומט מפיצים (1968) בעמ**,,רוטב ברביקיו צילי,גרמים,490.00,100 גרם,false,1,17.90,3.65,true,1,
8715700422473,false,ממרח לכריכים וסלטים ללא ח. משמרים היינץ 395 גרם,דיפלומט מפיצים (1968) בעמ**,,מיונז לחיץ היינץ 395,גרמים,395.00,100 גרם,false,1,14.90,3.77,true,1,
8715700423906,false,היינץ מתבל עגבניות מופחת סוכר ומלח 50/50 550 גרם,דיפלומט מפיצים (1968) בעמ**,,מתבל עגבניות מופחת נ,גרמים,555.00,100 גרם,false,1,11.50,2.07,true,1,
8716000968951,false,"ליקר בולס אדבוקט ליקר ביצים 700 מ""ל",קוימנס רויאל,IT,בולס אדבוקט ליקר ביצ,מיליליטרים,500.00,"100 מ""ל",false,1,72.90,14.58,true,1,
8716605000742,false,גבינה מעושנת 200 גרם,,,גבינה מעושנת 200 גרם,גרמים,200.00,100 גרם,false,1,26.50,13.25,true,1,
8716605000995,false,גבינה מסדאם הולנדית במשקל,,,גבינה מסדאם הולנדית,Unknown,0.00,"ק""ג",true,0,80.00,80.00,true,1,
8716605001022,false,גבינת דניש בלו 100 גר,,,גבינת דניש בלו 100 ג,גרמים,100.00,100 גרם,false,1,14.20,14.20,true,1,
8716695033873,false,פרוסות סלק אדום אמה 340 גרם,אמה ואן טולי בי.וי,BE,פרוסות סלק אדום אמה,גרמים,340.00,100 גרם,false,1,8.90,2.62,true,1,
8716695413873,false,רסק תפוחי עץ אמהא 72,אהק בו.וי.גיסן,,רסק תפוח עץ 720 גרם,גרמים,720.00,100 גרם,false,1,11.90,1.65,true,1,
8717163647226,false,"אקס דאודורנט ספריי גוף בלאק 150 מ""ל","יוניליוור ישראל שיווק בע""מ",GB,דאו אקס ספריי גוף לג,מיליליטרים,150.00,"100 מ""ל",false,1,20.90,13.93,true,1,
8717163647240,false,"אקס דאודורנט ספריי גוף לגבר שוקולד 150 מ""ל",יוניליוור ישראל שיווק בע`מ,GB,דאו אקס ספריי גוף לג,מיליליטרים,150.00,"100 מ""ל",false,1,20.90,13.93,true,1,
8717163647264,false,"אקס דאודורנט ספריי גוף אייס צ'יל 150 מ""ל",יוניליוור ישראל שיווק בע`מ,GB,דאו אקס ספרי גוף לגב,מיליליטרים,150.00,"100 מ""ל",false,1,20.90,13.93,true,1,
8717163655764,false,"רקסונה - דאודורנט ספריי לאישה שוואר פרש 150 מ""ל",יוניליוור ישראל שיווק בעמ,GB,דאו רקסונה ספריי שאו,מיליליטרים,150.00,"100 מ""ל",false,1,20.90,13.93,true,1,
8717163658314,false,תחליב רחצה מים מיסלריים היפואלרגני לעור רגיש,יוניליוור ישראל שיווק בעמ,DE,ת.רחצה דאב מי מיסלרי,מיליליטרים,500.00,"100 מ""ל",false,1,18.90,3.78,true,1,
8717163711668,false,"דאודורנט רקסונה ספריי נשים טלק 150 מ""ל",יוניליוור ישראל שיווק בעמ,,דאו רקסונה ספריי טלק,מיליליטרים,150.00,"100 מ""ל",false,1,20.90,13.93,true,1,
8717163714850,false,דאודורנט ספריי קוקוס ויסמין( 150 מל),"יוניליוור ישראל שיווק בע""מ",GB,דאו דאב ספריי קוקוס,מיליליטרים,150.00,"100 מ""ל",false,1,17.70,11.80,true,1,
8717163771334,false,"תחליב רחצה דאב הזנה עמוקה 400 מ""ל",יוניליוור,,תחליב רחצה דאב הזנה,מיליליטרים,400.00,"100 מ""ל",false,1,14.90,3.73,true,1,
8717163842669,false,"תחליב רחצה דאב חימר ירוק 500 מ""ל purifying",יוניליוור ישראל שיווק בעמ,DE,תחליב רחצה דאב חימר,גרמים,500.00,100 גרם,false,1,18.90,3.78,true,1,
8717163842676,false,"תחליב רחצה חימר ורוד renewing glow דאב 500 מ""ל",יוניליוור ישראל שיווק בעמ,DE,תח.רחצה דאב חימר ורו,גרמים,500.00,100 גרם,false,1,19.80,3.96,true,1,
8717163947692,false,"אקס ג'ל רחצה לגבר פרש ברגמוט ופינק פפר 400 מ""ל",יוניליוור ישראל שיווק בע`מ,GB,גל רחצה אקס פינק פפר,מיליליטרים,400.00,"100 מ""ל",false,1,16.30,4.08,true,1,
8717472073099,false,חטיף חלבון שוקולד קרמל 55 גרם,,,חטיף חלבון שוקולד קר,גרמים,55.00,100 גרם,false,1,17.90,32.55,true,1,
8717472073112,false,חטיף חלבון שוקולד לבן 55 גרם,,,חטיף חלבון שוקולד לב,גרמים,55.00,100 גרם,false,1,17.90,32.55,true,1,
8717472073136,false,חטיף חלבון עוגת גבינה ברבריאן 55 גרם,,HR,חטיף חלבון עוגת גבינ,גרמים,55.00,100 גרם,false,1,15.90,28.91,true,1,
8717545810019,false,סטרופ וופל הולנדי 290 גרם,וואן האוטן,,סטרופ וופל הולנדי 29,גרמים,290.00,100 גרם,false,1,12.90,4.45,true,1,
8717677333936,false,טוני שוקולונלי שוקולד חלב נוגט 180 גרם,,NL,טוני שוקולונלי שוקול,מיליליטרים,180.00,"100 מ""ל",false,1,20.90,11.61,true,1,
8717677334094,false,טוני שוקולונלי שוקולד חלב 180 גרם,,NL,טוני שוקולונלי שוקול,מיליליטרים,180.00,"100 מ""ל",false,1,20.90,11.61,true,1,
8717677334117,false,טוני שוקולונלי שוקולד מריר 70% 180 גרם,,NL,טוני שוקולונלי שוקול,מיליליטרים,180.00,"100 מ""ל",false,1,20.90,11.61,true,1,
8717677336722,false,טוני שוקולונלי ש.מריר שקדים ומלח ים 180ג,,NL,טוני שוקולונלי ש.מרי,מיליליטרים,180.00,"100 מ""ל",false,1,20.90,11.61,true,1,
8717677337828,false,טוני שוקולונלי ש.לבן פטל וסוכריות 180 גר,,NL,טוני שוקולונלי ש.לבן,מיליליטרים,180.00,"100 מ""ל",false,1,20.90,11.61,true,1,
8717677338597,false,טוני שוקולונלי שוקולד חלב מריר 42% 180 ג,,NL,טוני שוקולונלי שוקול,מיליליטרים,180.00,"100 מ""ל",false,1,20.90,11.61,true,1,
8717677338610,false,טוני שוקולונלי שוקולד בייגלה טופ 180 ג,,NL,טוני שוקולונלי שוקול,מיליליטרים,180.00,"100 מ""ל",false,1,20.90,11.61,true,1,
8718114734484,false,ממרח מיוני מיילי 320 גרם,א. סיימן סחר בעמ,,מיונז מייל 320 גרם,גרמים,320.00,100 גרם,false,1,13.90,4.34,true,1,
8718114781662,false,"רוטב סויה קטצאפ מניס 250 מ""ל",,,רוטב סויה קטצאפ מניס,מיליליטרים,250.00,"100 מ""ל",false,1,19.40,7.76,true,1,
8718692610828,false,בקבוקים צבעוניים סודה סטרים 1 ל' * 3 יח',סודהסטרים sodastream,,שלישיית בקבוקים 1 לי,Unknown,0.00,Unknown,false,1,61.60,61.60,true,1,
8718692610835,false,שלישית בקבוקי סודה סטרים פיוז 1 ליטר,סודה סטרים,,שלישיית בקבוקים 1 ל,Unknown,0.00,Unknown,false,1,61.60,61.60,true,1,
8718692611979,false,סירופ דיאט פטל ופירות יער 500 מל סודה,סודהסטרים ישראל בעמ,,סירופ סודה סטרים דיא,מיליליטרים,5000.00,"100 מ""ל",false,1,22.90,0.46,true,1,
8718692619456,false,בר משקאות ספיריט לבן+ בקבוק 1 ל' ומיכל הגזה 60 ל',סודהסטרים sodastream,,מכשיר הגזה ספיריט לב,Unknown,0.00,Unknown,false,1,566.50,566.50,true,1,
8718700495515,false,גבינת צ'דר פרוס 150ג',,NL,צדר פרוס 150 גרם,גרמים,150.00,100 גרם,false,0,8.30,5.53,true,1,
8718700495522,false,גבינת גאודה פרוס 150ג',,NL,גאודה פרוס 150 גרם,גרמים,150.00,100 גרם,false,0,8.30,5.53,true,1,
8718700495539,false,אמנטל פרוס 150 גרם,,NL,אמנטל פרוס 150 גרם,גרמים,150.00,100 גרם,false,0,8.30,5.53,true,1,
8718924047019,false,קפוצינו+תחתית כחול,,,קפוצינו+תחתית כחול,Unknown,0.00,Unknown,false,1,79.90,79.90,true,1,
8718924047552,false,מגש אובאלי 33 כחול B,,,מגש אובאלי 33 כחול B,Unknown,0.00,Unknown,false,1,119.90,119.90,true,1,
8718924047606,false,מגש לעוגה+רגל 30 כחו,,,מגש לעוגה+רגל 30 כחו,Unknown,0.00,Unknown,false,1,299.00,299.00,true,1,
8718951001602,false,ספריי רב פעולות אג`קס (600 מל)-יבוא מקב,הנסיך- מפעל לייצור ט,,אגקס ספריי רב פעולות,מיליליטרים,600.00,"100 מ""ל",false,1,15.90,2.65,true,1,
8718951030206,false,"קולגייט סנסיטיב פרוטקשן משחת שיניים לשיניים רגישות 75 מ""ל",קולגייט-פלמוליב,PL,מש.שיניים קולגייט,מיליליטרים,75.00,"100 מ""ל",false,1,20.90,27.87,true,1,
8718951048669,false,אג'קס ספריי לניקוי חלונות בניחוח חגיגת הפרחים,SAS-VA COLGATE-PALMOLIVE,,ניקוי חלונות אגקס פר,מיליליטרים,750.00,"100 מ""ל",false,1,16.90,2.25,true,1,
8718951079205,false,"קולגייט סנסיטיב פרו רליף רפיר אנד פריוונט 75 מ""ל",קולגייט-פלמוליב,,מש.שיניים קולגייט סנ,Unknown,0.00,Unknown,false,1,24.90,24.90,true,1,
8718951144064,false,מרידול מברשת שיניים פרודונט אקספרט זוג,"ש. שסטוביץ בע""\מ",,מברשת שיניים פרדונט,Unknown,0.00,Unknown,false,1,41.90,41.90,true,1,
8718951159808,false,מברשות שיניים 360 מדיום- מארז שלישייה,קולגייט-פלמוליב,,מברשת שיניים קולגייט,Unknown,0.00,Unknown,false,1,37.90,37.90,true,1,
8718951166288,false,"משחת שיניים קולגייט מקס וייט 125 מ""ל",הנסיך- מפעל לייצור ט,PL,משחת שיניים קולגייט,מיליליטרים,125.00,"100 מ""ל",false,1,17.90,14.32,true,1,
8718951166561,false,משחת שיניים לרעננות מוגברת max fresh cooling crystals,הנסיך- מפעל לייצור ט,PL,קולגייט משחה מקס פרש,מיליליטרים,125.00,"100 מ""ל",false,1,17.90,14.32,true,1,
8718951167094,false,נוזל כלים פלמוליב צילינדר תפוז וליים 1 ל,יבואן ומשווק: ש. שסט,,נוזל כלים פלמוליב,מיליליטרים,1000.00,"100 מ""ל",false,1,16.20,1.62,true,1,
8718951170445,false,"קולגייט סמיילס משחת שיניים ילדים גילאי 2-5 50 מ""ל",קולגייט פלמוליב,,מש.שיניים קולגייט סמ,Unknown,0.00,Unknown,false,1,13.50,13.50,true,1,
8718951175631,false,מש.שיניים קולגייט טוטל פרו גאם אקשן 75מל,ש. שסטוביץ בע`מ,PL,מש.שיניים קולגייט טו,מיליליטרים,75.00,"100 מ""ל",false,1,16.90,22.53,true,1,
8718951189881,false,"מרסס אגקס טריגר בוסט תפוח וסודה 500 מ""ל",הדקלאים אגודת שיתופי,GR,מרסס אגקס טריגר בוסט,מיליליטרים,500.00,"100 מ""ל",false,1,15.90,3.18,true,1,
8718951236790,false,"קולגייט טוטאל משחת שיניים קלין מינט לפה בריא 100 מ""ל",קולגייט פלמוליב,PL,מש.שיניים קולגייט טו,מיליליטרים,100.00,"100 מ""ל",false,1,16.90,16.90,true,1,
8718951236806,false,"קולגייט טוטאל הלבנה משחת שיניים המסייעת בהסרת כתמים 100 מ""ל",ש. שסטוביץ בע`מ,PL,קולגייט טוטל הלבנה,מיליליטרים,100.00,"100 מ""ל",false,1,16.90,16.90,true,1,
8718951236813,false,"קולגייט טוטאל משחת שיניים ניקוי מתקדם לפה בריא יותר 100 מ""ל",קולגייט פלמוליב,PL,מש.שיניים קולגייט טו,מיליליטרים,100.00,"100 מ""ל",false,1,16.90,16.90,true,1,
8718951240742,false,"קולגייט טוטאל משחת שיניים פסים מרעננים 100 מ""ל",איינשטיין-צור יבוא-יצוא וסחר ב,PL,מש.שיניים קולגייט טו,מיליליטרים,100.00,"100 מ""ל",false,1,16.90,16.90,true,1,
8718951264618,false,"קולגייט אופטיק וייט פחם צ'רקול משחת שיניים, 75 מ""ל",איינשטיין-צור יבוא-יצוא וסחר ב,PL,משחת שיניים קולגייט,מיליליטרים,75.00,"100 מ""ל",false,1,24.90,33.20,true,1,
8718951265103,false,קולגייט זוג מברשת שיניים אולטרה סופט,קולגייט פלמוליב,,מברשת שיניים קולגייט,Unknown,0.00,Unknown,false,1,41.90,41.90,true,1,
8718951286733,false,"קולגייט אופטיק וייט לסטינג וייט משחת שיניים 75 מ""ל",ש. שסטוביץ בע`מ,,מ שיניים קולגייט אופ,מיליליטרים,75.00,"100 מ""ל",false,1,24.90,33.20,true,1,
8718951313927,false,"סבון ידיים משאבה פלמוליב חימר טונוס 300 מ""ל",ש.שסטוביץ בעמ,IL,סבון ידיים פלמוליב ח,מיליליטרים,300.00,"100 מ""ל",false,1,12.50,4.17,true,1,
8718951314009,false,"פלמוליב סבון נוזלי פטל שחור 750 מ""ל",קולגייט פלמוליב,,סבון נוזלי פלמוליב פ,מיליליטרים,750.00,"100 מ""ל",false,1,19.90,2.65,true,1,
8718951314023,false,פלמוליב נטורלס תחליב רחצה אפרסק 750 מל,קולגייט פלמוליב,,סבון נוזלי פלמוליב א,מיליליטרים,750.00,"100 מ""ל",false,1,19.90,2.65,true,1,
8718951315303,false,"קולגייט אדומה משחת שיניים להגנה מפני עששת 2*100 מ""ל",קולגייט-פלמוליב,PL,מארז משחת שיניים קול,מיליליטרים,200.00,"100 מ""ל",false,1,20.90,10.45,true,1,
8718951319806,false,פלמוליב לגבר גל רחצה ושמפו מרענן 750 משא,פלמוליב Palmolive,TR,גל רחצה ושמפו פלמולי,מיליליטרים,750.00,"100 מ""ל",false,1,19.90,2.65,true,1,
8718951320093,false,זוג מברשות 360 אדוונס וויט שיניים קולגייט,קולגייט-פלמוליב,,מברשות שיניים קולגיי,יחידה,1.00,יחידה,false,1,41.90,41.90,true,1,
8718951333048,false,"פלמוליב סבון לידיים למטבח, 300 מ""ל",הנסיך- מפעל לייצור ט,,פלמוליב סבון ידיים ל,מיליליטרים,300.00,"100 מ""ל",false,1,12.50,4.17,true,1,
8718951334120,false,"מרכך כביסה סופלין מרוכז לבנדר 650 מ""ל",ש.שסטוביץ בעמ,GR,מרכך כביסה סופלין מר,מיליליטרים,650.00,"100 מ""ל",false,1,11.90,1.83,true,1,
8718951334274,false,מרכך כביסה מרוכז וניל 1.3 ליטר סופלין,ש.שסטוביץ בעמ,GR,מרכך כביסה סופלין מר,ליטרים,0.00,ליטר,false,1,19.90,19.90,true,1,
8718951345119,false,אג'קס ניקוי כללי עוצמת ה-7 היביסקוס 2 ליטר,הנסיך- מפעל לייצור ט,GR,אגקס ניקוי כללי עוצמ,ליטרים,0.00,ליטר,false,1,26.50,26.50,true,1,
8718951354807,false,נוזל רצפות אגקס חגיגת הפרחים יסמין 1.5 ל,קולגייט פלמוליב,GR,נוזל רצפות אגקס חגיג,ליטרים,0.00,ליטר,false,1,22.90,22.90,true,1,
8718951366015,false,"קולגייט - משחת שיניים אופטיק וויט אקס קומפ 75 מ""ל",ש.שסטוביץ בעמ,,מ.שיניים להלבנה מקצו,Unknown,0.00,Unknown,false,1,54.90,54.90,true,1,
8718951370135,false,"סבון נוזלי ארומה סנסיישן גלואו 750 מ""ל פלמוליב",קולגייט פלמוליב,TR,ס.נוזלי פלמוליב ארומ,מיליליטרים,750.00,"100 מ""ל",false,1,19.90,2.65,true,1,
8718951377998,false,קולגייט סופט פואם זוג מברשות שיניים לניק,קולגייט פלמוליב,CN,מברשת שיניים קולגייט,יחידה,1.00,יחידה,false,1,41.90,41.90,true,1,
8718951381292,false,"משחת שיניים מקס דיטוקס פואם קולגייט 125 מ""ל",ש. שסטוביץ בע`מ,PL,משחת שיניים קולגייט,מיליליטרים,125.00,"100 מ""ל",false,1,17.90,14.32,true,1,
8718951382640,false,פלמוליב גל רחצה חימר דיטוקס משאבה 750,קולגייט פלמוליב,TR,גל רחצה פלמוליב חימר,מיליליטרים,750.00,"100 מ""ל",false,1,19.90,2.65,true,1,
8718951382718,false,"פלמוליב ג'ל רחצה חימר התחדשות 750 מ""ל",קולגייט פלמוליב,TR,גל רחצה פלמוליב חימר,מיליליטרים,750.00,"100 מ""ל",false,1,19.90,2.65,true,1,
8718951382787,false,"משחת שיניים אופטיק וויט חימר ומינרלים 75 מ""ל קולגייט",ש.שסטוביץ בעמ,,קולגייט משחת אופטיק,מיליליטרים,75.00,"100 מ""ל",false,1,24.90,33.20,true,1,
8718951385290,false,אג`קס ניקוי כללי עוצמת ב -7כחול 2 ליטר,קולגייט פלמוליב,GR,אגקס ניקוי כללי עוצמ,ליטרים,0.00,ליטר,false,1,26.50,26.50,true,1,
8718951391284,false,נוזל אנטיבקטריאלי לניקוי כללי ורצפות רעננות הים,קולגייט-פלמוליב,GR,אגקס אנטי בקטריאלי 1,ליטרים,0.00,ליטר,false,1,22.90,22.90,true,1,
8718951391314,false,"מרסס אגקס טריגר אנטי בקטריאלי 500 מ""ל",קולגייט פלמוליב,GR,מרסס אגקס טריגר אנטי,מיליליטרים,500.00,"100 מ""ל",false,1,15.90,3.18,true,1,
8718951400597,false,"תחליב רחצה קוקוס וחלב ללא משאבה750 מ""ל פלמוליב",קולגייט פלמוליב,,פלמוליב תחליב רחצה ק,מיליליטרים,750.00,"100 מ""ל",false,1,17.90,2.39,true,1,
8718951409798,false,זוג מברשות שיניים מקס וויט פחם קולגייט,הנסיך- מפעל לייצור ט,CN,מברשת שיניים קולגייט,Unknown,0.00,Unknown,false,1,22.90,22.90,true,1,
8718951412378,false,משחת שיניים לחניכיים רגישות ולנשימה רעננה,קולגייט פלמוליב,,מרידול משחת שיניים נ,Unknown,0.00,Unknown,false,1,27.90,27.90,true,1,
8718951415836,false,קולגייט מי פה פלאקס פחם לחיוך לבן 500 מל,ש.שסטוביץ בעמ,PL,מי פה קולגייט םלאקס,מיליליטרים,500.00,"100 מ""ל",false,1,32.90,6.58,true,1,
8718951423558,false,"סבון רחצה גוף ונשמה קמומיל 750 מ""ל פלמוליב",שסטוביץ,,פלמוליב סבון רחצה גו,יחידה,1.00,יחידה,false,1,24.90,24.90,true,1,
8718951428492,false,"פלמוליב סבון רחצה לגבר 4ב1 מועשר בפחם 750 מ""ל",ש.שסטוביץ בעמ,,פלמוליב סבון רחצה לג,מיליליטרים,750.00,"100 מ""ל",false,1,19.90,2.65,true,1,
8718951428522,false,"פלמוליב סבון רחצה לגבר 4 ב-1 המפ 750 מ""ל",ש.שסטוביץ בעמ,,גל רחצה פלמוליב לגבר,מיליליטרים,750.00,"100 מ""ל",false,1,19.90,2.65,true,1,
8718951431614,false,"סבון רחצה פלמוליב סו פירם מינרלים משאבה 750 מ""ל",קולגייט פלמוליב,,פלמוליב סבון נוזלי ס,מיליליטרים,750.00,"100 מ""ל",false,1,19.90,2.65,true,1,
8718951433120,false,קולגייט טוטאל משחת שיניים לילדים לגילאי,קולגייט פלמוליב,,קולגייט טוטאל גוניור,Unknown,0.00,Unknown,false,1,16.90,16.90,true,1,
8718951443358,false,"סבון ידיים הגיינה פלמוליב מארז 3*300 מ""ל",ש.שסטוביץ בעמ,,סבון ידיים פלמוליב מ,מיליליטרים,900.00,"100 מ""ל",false,1,29.50,3.28,true,1,
8718951466371,false,מרידול משחת לחניכיים רגישות 75 מל,קולגייט פלמוליב,,משחת שיניים מרידול,Unknown,0.00,Unknown,false,1,22.90,22.90,true,1,
8718951470538,false,קולגייט משחת שיניים מקס פרש ביטיוב 125*2 כשלפ,קולגייט פלמוליב,,קולגייט משחת שיניים,Unknown,0.00,Unknown,false,1,29.90,29.90,true,1,
8718951477384,false,"קולגייט משחת שיניים טוטאל ג'ל מתקדם פיור 75 מ""ל",קולגייט פלמוליב,,משחת שיניים קולגייט,מיליליטרים,75.00,"100 מ""ל",false,1,21.90,29.20,true,1,
8718951509627,false,"קולגייט אופטיק וייט לאוהבי קפה ותה משחת שיניים 75 מ""ל",קולגייט פלמוליב,PL,קולגייט אופטיק וויט,מיליליטרים,75.00,"100 מ""ל",false,1,24.90,33.20,true,1,
8719128110325,false,"סירופ סודה סטרים לימונדה 500 מ""ל",סודהסטרים ישראל בעמ,,סירופ סודה סטרים לימ,מיליליטרים,5000.00,"100 מ""ל",false,1,22.90,0.46,true,1,
8719128110332,false,"סירופ סודה סטרים אנרגיה 500 מ""ל",סודהסטרים ישראל בעמ,,סירופ סודה סטרים אנר,מיליליטרים,5000.00,"100 מ""ל",false,1,22.90,0.46,true,1,
8719128110349,false,סירופ פטל ופירות יער500 מל סודה סטרים,סודהסטרים ישראל בעמ,,סירופ סודה סטרים פיר,מיליליטרים,5000.00,"100 מ""ל",false,1,22.90,0.46,true,1,
8719128110387,false,סירופ סודה סטרים דיאט אשכולית אדומה 0.5ל,סודהסטרים ישראל בעמ,,סירופ סודה סטרים דיא,מיליליטרים,5000.00,"100 מ""ל",false,1,22.90,0.46,true,1,
8719128112633,false,בקבוקי הגזה סודה סטרים לילדים 0.5 ל*2,סודה סטרים,,בקבוקי הגזה סודה סטר,Unknown,0.00,Unknown,false,1,41.00,41.00,true,1,
8719128117256,false,"סירופ סבן אפ 440 מ""ל סודהסטרים",סודהסטרים ישראל בעמ,,"סירופ סבן אפ 400 מ""ל",מיליליטרים,440.00,"100 מ""ל",false,1,22.90,5.20,true,1,
8719128117263,false,"סירופ מירנדה 440 מ""ל סודהסטרים",סודהסטרים ישראל בעמ,,סירופ מירינדה,מיליליטרים,440.00,"100 מ""ל",false,1,22.90,5.20,true,1,
8719189419962,false,גוי קו ביצי שוקולד שלישיה 60 גרם,,,גוי קו ביצי שוקולד ש,גרמים,60.00,100 גרם,false,1,8.90,14.83,true,1,
8719200997998,false,מרגרינה למריחה בישול וטיגון 200 ג' בלו בנד,דיפלומט מפיצים (1968) בעמ**,,בלובנד לבישול וטיגון,גרמים,200.00,100 גרם,false,1,5.00,2.50,true,1,
8719200998001,false,מרגרינה לאפיה ובישול בלי מלח 200 ג' בלו בנד,יוניליוור ישראל מזון בע\,IL,בלובנד בלי מלח 200 ג,גרמים,200.00,100 גרם,false,1,5.10,2.55,true,1,
8719200998018,false,מחמאה מרגרינה בטעם חמאה בלובנד 200 גרם,"מיוצר ע""\י יוניליוור ישר",IL,מחמאה מרגרינה,גרמים,200.00,100 גרם,false,1,5.40,2.70,true,1,
8719200998049,false,"מרגרינה מזולה גלורי רגיל 250גר 8 יחידות -כשל""פ","מיוצר ע""\י יוניליוור ישר",,מזולה בטעם טבעי 250,גרמים,250.00,100 גרם,false,1,10.00,4.00,true,1,
8719200998100,false,מרגרינה מזולה לאפיה טעם חמאה 200גר - 40 יח',דיפלומט מפיצים (1968) בעמ**,,מזולה אפייה בטעם חמא,גרמים,200.00,100 גרם,false,1,6.80,3.40,true,1,
8719325897821,false,גוי קו ביסקוויט עם קציפה ציפוי קוקוס 150,,,גוי קו ביסקוויט עם ק,גרמים,150.00,100 גרם,false,1,10.90,7.27,true,1,
8719831325467,false,מחבת פנקייק+נוטלה פאן לב 74 גר,,,מחבת פנקייק+נוטלה פא,גרמים,74.00,100 גרם,false,1,49.90,67.43,true,1,
8719831325474,false,מחבת פנקייק+סמארטיז פאן לב 73 גר,,,מחבת מיקס+סמארטיז פא,גרמים,73.00,100 גרם,false,1,49.90,68.36,true,1,
8719831325481,false,מחבת מיקס+קיט קט פאן לב 75 גר,,,מחבת מיקס+קיט קט פאן,גרמים,75.00,100 גרם,false,1,49.90,66.53,true,1,
8719956490637,false,טוני שוקולונלי שוקולד ביסקוויט קינמן 180,,NL,טוני שוקולונלי שוקול,מיליליטרים,180.00,"100 מ""ל",false,1,20.90,11.61,true,1,
8719956492068,false,טוני שוקולונלי ש.חלב עוגיות ציפס 180 ג,,,טוני שוקולונלי ש.חלב,מיליליטרים,180.00,"100 מ""ל",false,1,20.90,11.61,true,1,
8719956493140,false,טוני שוקולונלי ש. חלב פקאן ובראוני 180ג,,,טוני שוקולונלי ש. חל,מיליליטרים,180.00,"100 מ""ל",false,1,20.90,11.61,true,1,
8719956496707,false,טוני שוקולונלי שוק. חלב ושבבי אגוזי 180ג,,,טוני שוקולונלי שוק.,מיליליטרים,180.00,"100 מ""ל",false,1,20.90,11.61,true,1,
8719956496721,false,טוני שוקולונלי שוקולד חלב וופל 180 גר,,,טוני שוקולונלי שוקול,מיליליטרים,180.00,"100 מ""ל",false,1,20.90,11.61,true,1,
8719956496745,false,טוני שוקולונלי שוקולד חלב ביסקוויט 180 ג,,,טוני שוקולונלי שוקול,מיליליטרים,180.00,"100 מ""ל",false,1,20.90,11.61,true,1,
8719992179329,false,גוי גומי חמוץ ציפס 225 גרם,,NL,גוי גומי חמוץ ציפס 2,גרמים,225.00,100 גרם,false,1,9.50,4.22,true,1,
8719992179596,false,גוי&קו קרמבו בציפוי קוקוס 200 גר,,,גוי&קו קרמבו בציפוי,גרמים,200.00,100 גרם,false,1,10.90,5.45,true,1,
8720100012445,false,וופל טוסט בלגי 6 יח 250 גרם בקרסלנד,דה בנקט גרופ,,וופל טוסט בלגי 6 יח,גרמים,250.00,100 גרם,false,1,13.90,5.56,true,1,
8720181043093,false,"אקס דאודורנט ספריי גוף אפולו 150מ""ל",יוניליוור ישראל שיווק בע`מ,GB,דאו אקס ספריי גוף לג,מיליליטרים,150.00,"100 מ""ל",false,1,20.90,13.93,true,1,
8720181045912,false,"אקס דאודורנט ספריי גוף אפריקה 150 מ""ל",יוניליוור ישראל שיווק בע`מ,,דאו אקס ספריי גוף אפ,מיליליטרים,150.00,"100 מ""ל",false,1,20.90,13.93,true,1,
8720181046605,false,דאב - דאודורנט ספריי לאישה אורגינל כחול 150מל,"יוניליוור ישראל שיווק בע""מ",,דאב דאודורנט ספריי א,מיליליטרים,150.00,"100 מ""ל",false,1,17.70,11.80,true,1,
8720181201332,false,דאב אל סבון מוצק גרגרים 90 גרם רביעייה,יוניליוור ישראל טיפוח אי,DE,דאב אל סבון מוצק גרג,גרמים,360.00,100 גרם,false,1,12.90,3.58,true,1,
8720182253033,false,"רוטב חרדל לחיץ קאלווה 250 מ""ל",יוניליוור,NL,רוטב חרדל לחיץ קאלוו,מיליליטרים,250.00,"100 מ""ל",false,1,16.90,6.76,true,1,
8720182253156,false,דאב אל סבון מוצק מלפפונים 90 גרם רביעייה,יוניליוור ישראל טיפוח אי,DE,דאב אל סבון מוצק מלפ,גרמים,360.00,100 גרם,false,1,12.90,3.58,true,1,
8720182255402,false,"רוטב צאנקי בורגר לחיץ קאלווה 250 מ""ל",יוניליוור,NL,רוטב צאנקי בורגר לחי,מיליליטרים,250.00,"100 מ""ל",false,1,16.90,6.76,true,1,
8720182256362,false,שישיית סבון מוצק דאב קלאסי 540 גר',יוניליוור,DE,סבון מוצק דאב קלאסי,גרמים,540.00,100 גרם,false,1,26.90,4.98,true,1,
8720182256850,false,דאב אל סבון מוצק קלאסי 90 גרם רביעייה,יוניליוור ישראל שיווק בע`מ,DE,דאב אל סבון מוצק קלא,גרמים,360.00,100 גרם,false,1,12.90,3.58,true,1,
8721200060107,false,בקרסלנד-סטרופ וופל הולנדי 250 גרם,דה בנקט גרופ,,סטרופ וופל 260 גר בק,גרמים,260.00,100 גרם,false,1,15.50,5.96,true,1,
8722100023377,false,מיונז הולנדי גאודס 850 גר,גאוד'ס,,מיונז הולנדי גאודס 8,גרמים,850.00,100 גרם,false,1,30.90,3.64,true,1,
8723400756552,false,מארז סוכריות מנטוס Mentos ריינבואו,פרפטי ואן מלה ברדה,,מנטוסRAINBOW 1/4,גרמים,150.00,100 גרם,false,1,13.50,9.00,true,1,
8723400780991,false,מנטוס מנטה מיקס בשקית 160 גרם,,NL,מנטוס מנטה מיקס בשקי,גרמים,160.00,100 גרם,false,1,9.90,6.19,true,1,
8723400795803,false,מנטוס פאנטה תפוז רביעייה 150 גרם,,,מנטוס פאנטה תפוז רבי,גרמים,150.00,100 גרם,false,1,10.90,7.27,true,1,
8727500033094,false,קקאו הולנדי בלוקר 250 גרם,BV COCOA DUTCH,,קקאו הולנדי בלוקר 25,גרמים,250.00,100 גרם,false,1,26.50,10.60,true,1,
8801043025256,false,נונגשים ראמאן-נודלס שין חריף בקערה 114ג,,KR,נונגשים ראמאן-נודלס,גרמים,114.00,100 גרם,false,1,17.90,15.70,true,1,
8801043031011,false,נונגשים ראמאן-נודלס שין חריף בכוס 68 ג,,KR,נונגשים ראמאן-נודלס,גרמים,68.00,100 גרם,false,1,11.90,17.50,true,1,
8801043049566,false,נונגשים ראמאן-נודלס שין חריף בכוס 68 ג,,KR,נונגשים ראמאן-נודלס,גרמים,68.00,100 גרם,false,1,11.90,17.50,true,1,
8801043053167,false,נונגשים ראמאן-נודלס שין חריף מאוד 120 גר,,,נונגשים ראמאן-נודלס,גרמים,120.00,100 גרם,false,1,10.90,9.08,true,1,
8801043055628,false,נונגשים ראמאן-נודלס קימצי בקערה 100 ג,,KR,נונגשים ראמאן-נודלס,גרמים,100.00,100 גרם,false,1,15.50,15.50,true,1,
8801043157759,false,נונגשים ראמאן-נודלס צמפונג פירות ים 120ג,,,נונגשים ראמאן-נודלס,גרמים,120.00,100 גרם,false,1,10.90,9.08,true,1,
8801043157773,false,נונגשים ראמאן-נודלס נאוגרי פירות ים 120ג,,,נונגשים ראמאן-נודלס,גרמים,120.00,100 גרם,false,1,10.90,9.08,true,1,
8801055706440,false,מנות אישיות קפה נמס טייסטרס צ'ויס Taster's Choice,קבוצת אוסם סחר-שות.מוגבלת,,טייסטרס צויס 20*1.8,גרמים,96.00,100 גרם,false,1,9.90,10.31,true,1,
8801055707966,false,קפה טייסטרס צ`ויס בריסטה נסקפה (180 גרם),קבוצת אוסם סחר שותפות מוגבלת,,נסקפה טייסטרס צויס ב,גרמים,180.00,100 גרם,false,1,29.80,16.56,true,1,
8801055708772,false,מארז טייסטרס צ'ויס 200 גרם+50 גר' מתנה,קבוצת אוסם סחר-שות.מוגבלת,KR,טייסטר צויס מארז 200,גרמים,250.00,100 גרם,false,1,29.80,11.92,true,1,
8801055709427,false,נס קפה טייסטרס צ'ויס אלטה ריקה 100גרם,קבוצת אוסם סחר שותפות מוגבלת,KR,נסקפה טייסטרס צויס א,גרמים,100.00,100 גרם,false,1,23.90,23.90,true,1,
8801055709458,false,אבקה להכנת משקה קפה בטעם קפוצ'ינו קרמל,קבוצת אוסם סחר שותפות מוגבלת,,נסקפה קפוצינו קרמל,גרמים,170.00,100 גרם,false,1,19.30,11.35,true,1,
8801055709465,false,אבקה להכנת משקה קפה בטעם קפוצ'ינו וניל,קבוצת אוסם סחר שותפות מוגבלת,,נסקפה קפוצינו וניל,גרמים,185.00,100 גרם,false,1,19.30,10.43,true,1,
8801055709472,false,נסטלה - נסקפה קפוצ'ינו קלאסי 12.50 גרם * 10,קבוצת אוסם סחר שותפות מוגבלת,,נסקפה קפוצינו קלאסי,גרמים,125.00,100 גרם,false,1,19.30,15.44,true,1,
8801055709489,false,אבקה להכנת משקה קפה בטעם קפוצ'ינו אגוזים,קבוצת אוסם סחר שותפות מוגבלת,,נסקפה קפוצינו אגוזים,גרמים,180.00,100 גרם,false,1,19.30,10.72,true,1,
8801055709526,false,אבקה להכנת משקה קפה בטעם קפוצ'ינו שוקולד לבן,קבוצת אוסם סחר שותפות מוגבלת,,נסקפה קפוצינו שוקולד,גרמים,180.00,100 גרם,false,1,19.30,10.72,true,1,
8801085020301,false,אטריות נאמה אודון 200 גרם,Alpha international,,אטריות נאמה אודון 20,גרמים,200.00,100 גרם,false,1,10.00,5.00,true,1,
8850058000710,false,מחית צילי בשמן 227 גר,Super J Internationa,,מחית צילי בשמן 227 ג,גרמים,227.00,100 גרם,false,1,18.70,8.24,true,1,
8850100004840,false,אטריות אורז חום 500 גרם,תאי פריסרבר,,אטריות אורז חום 500,גרמים,500.00,100 גרם,false,1,13.90,2.78,true,1,
8850161161247,false,קוקו מקס 100% מי קוקוס 1 ליטר,טויו סייקאן קו.אל.טי.די,TH,מי קוקוס קוקו מקס 1,מיליליטרים,1000.00,"100 מ""ל",false,1,16.90,1.69,true,1,
8850161166204,false,"קרם קוקוס 17-19% 500 מ""ל - AMPAWA",אמפווה קוקונט פרודקט,,"קרם קוקוס 500 מ""ל",מיליליטרים,500.00,"100 מ""ל",false,1,10.90,2.18,true,1,
8850161167089,false,קוקו וואי משקה קוקוס 1 ליטר,טויו טייקאן קו.אל.טי.די,TH,חלב קוקוס קוקו וואי,מיליליטרים,1000.00,"100 מ""ל",false,1,16.90,1.69,true,1,
8850180040028,false,"טמפורה 500 גרם ""מזרח ומערב""",מזרח ומערב יבוא ושיווק,,טמפורה 500 גרם GOGI,גרמים,500.00,100 גרם,false,1,11.40,2.28,true,1,
8850206250592,false,רוטב צ'ילי סריראצ'ה 540 גרם (מזרח ומערב),מזרח ומערב יבוא ושיווק,,רוטב צ`ילי סיראצ`ה 5,גרמים,540.00,100 גרם,false,1,17.90,3.31,true,1,
8850367990443,false,"רוטב לסלט בסגנון אסייאתי 285 מ""לTCC (כ)ללא גלוטן",מזרח ומערב יבוא ושיווק,,רוטב לסלט בסגנון אסי,מיליליטרים,285.00,"100 מ""ל",false,1,11.90,4.18,true,1,
8850367992164,false,קרם קוקוס 250 מל 20-22% ללא חומר משמר,מזרח ומערב יבוא ושיווק,,"קרם קוקוס 250 מ""ל 20",גרמים,250.00,100 גרם,false,1,8.40,3.36,true,1,
8850367992898,false,"רוטב לסלט עם למון גראס 285 מ""ל TCC (כ) ללא גלוטן",Theppadungporn cocon,,רוטב לסלט עם למון גר,מיליליטרים,285.00,"100 מ""ל",false,1,12.90,4.53,true,1,
8850367992997,false,"קרם קוקוס ללא גלוטן וחומרי משמר 250 מ""ל",Theppadungporn cocon,,קרם קוקוס ללא גלוטן,מיליליטרים,250.00,"100 מ""ל",false,1,6.90,2.76,true,1,
8850367994021,false,"רוטב צ'ילי מתוק ללא סוכר מזרח ומערב ללא גלוטן 280 מ""ל",מזרח ומערב יבוא ושיווק,,רוטב צילי מתוק ללא ס,מיליליטרים,280.00,"100 מ""ל",false,1,12.90,4.61,true,1,
8850367994786,false,מחית קארי אדומה 50 גרם,מזרח ומערב יבוא ושיווק,,מחית קארי אדומה 50 ג,גרמים,50.00,100 גרם,false,1,5.90,11.80,true,1,
8850367994793,false,מחית קארי צהובה 50 גרם,מזרח ומערב יבוא ושיווק,,מחית קארי צהובה 50 ג,גרמים,50.00,100 גרם,false,1,5.90,11.80,true,1,
8850389103111,false,סאפי משקה אלוורה בטעם ענבים 300מל,פארייפאבה אגרואינדוס,,משקה קל סאפה בטעם ענ,מיליליטרים,300.00,"100 מ""ל",false,1,8.90,2.97,true,1,
8850389103128,false,"משקה קל סאפה בטעם תפוח 300 מ""ל",פארייפאבה אגרואינדוס,,משקה קל סאפה בטעם תפ,מיליליטרים,300.00,"100 מ""ל",false,1,8.90,2.97,true,1,
8850389103159,false,"משקה ליצ'י עם חתיכות גלי קוקוס 320 מ""ל מוגו מוגו",סאפה פובליק קומפני לימיט,,מוגו מוגו ליצי עם חת,מיליליטרים,320.00,"100 מ""ל",false,1,8.20,2.56,true,1,
8850389104637,false,"משקה קל סאפה אלוורה אפרסק 300 מ""ל",פארייפאבה אגרואינדוס,,משקה קל סאפה אלוורה,מיליליטרים,300.00,"100 מ""ל",false,1,8.90,2.97,true,1,
8850389105825,false,משקה אלוורה בטעם ענבים סאפה 1 ליטר,סאפה פובליק קומפני לימיט,,סאפה אלוורה ענבים 1,מיליליטרים,1000.00,"100 מ""ל",false,1,14.20,1.42,true,1,
8850389105832,false,סאפה משקה אלוורה בטעם תפוח עם קוביות אלוורה 1 ליטר,סאפה פובליק קומפני לימיט,,סאפה אלוורה תפוחים 1,מיליליטרים,1000.00,"100 מ""ל",false,1,14.20,1.42,true,1,
8850389105849,false,סאפה משקה אלוורה מופחת קלוריות בטעם אפרסק 1 ליטר,סאפה פובליק קומפני לימיט,,סאפה אלוורה אפרסק 1,מיליליטרים,1000.00,"100 מ""ל",false,1,14.20,1.42,true,1,
8850389111352,false,"משקה מלון עם חתיכות גלי קוקוס 320 מ""ל מוגו מוגו",סאפה פובליק קומפני לימיט,,מוגו מוגו מלון עם חת,מיליליטרים,320.00,"100 מ""ל",false,1,8.20,2.56,true,1,
8850389115312,false,"סאפה אלוורה מלון בקבוק 300 מ""ל",סאפה פובליק קומפני ל,,משקה קל סאפה בטעם מל,מיליליטרים,300.00,"100 מ""ל",false,1,8.90,2.97,true,1,
8850389115336,false,משקה אלוורה בטעם מלון סאפה 1 ליטר,סאפה פובליק קומפני לימיט,,סאפה אלוורה מלון 1 ל,מיליליטרים,1000.00,"100 מ""ל",false,1,14.90,1.49,true,1,
8850632604259,false,"יוגטה, חיספוסים, ממתק חמוץ בצורת מקלות בטעם תות שדה,50 גרם",ליימן שליסל בע`מ,,מקלות חספוסים יוגטה,גרמים,50.00,100 גרם,false,1,5.90,11.80,true,1,
8850632604266,false,"יוגטה, ממתק חמוץ בצורת מקלות בטעם קולה, 50 גרם",ליימן שליסל בע`מ,,מקלות חספוסים יוגטה,Unknown,0.00,Unknown,false,1,5.90,5.90,true,1,
8850632604372,false,"יוגטה, חיספוסים בצורת שטיח בטעם תות שדה 50 גרם",ליימן שליסל בע`מ,,שטיח חספוסים יוגטה,גרמים,50.00,100 גרם,false,1,5.90,11.80,true,1,
8850632604402,false,יוגטה חיספוסים בטעם מעורב תות שדה אבטיח ענבים בננה 50 גרם,ליימן שליסל בע`מ,,שטיח חספוסים יוגטה,גרמים,50.00,100 גרם,false,1,5.90,11.80,true,1,
8850999112107,false,בירה סינגה 330 מל בקבוק,,,"בירה סינגה 330 מ""ל ב",מיליליטרים,330.00,"100 מ""ל",false,1,10.90,3.30,true,1,
8851613101378,false,"נוזל קוקוס ארוי די 250 מ""ל",גורי מוצרי צריכה (1991) בעמ,,נוזל קוקוס,מיליליטרים,250.00,"100 מ""ל",false,1,10.40,4.16,true,1,
8851613101385,false,"חלב קוקוס ארוי-די קרטון 500מ""ל",גורי מוצרי צריכה (1991) בעמ,,"חלב קוקוס 500 מ""ל",מיליליטרים,500.00,"100 מ""ל",false,1,12.90,2.58,true,1,
8852633020403,false,פניני טפיוקה 500 גרם (כשר),מזרח ומערב יבוא ושיווק,,טפיוקה גרגרים 500 גר,גרמים,500.00,100 גרם,false,1,11.90,2.38,true,1,
8852633520408,false,סוכר דקלים 400 גרם SUP,Super J Internationa,,סוכר דקלים 400 גרם,גרמים,400.00,100 גרם,false,1,18.70,4.68,true,1,
8853662004020,false,"רוטב צילי מתוק 725 מ""ל EXOTIC",,,רוטב צילי מתוק 725 מ,מיליליטרים,725.00,"100 מ""ל",false,1,16.20,2.23,true,1,
8853662040400,false,"רוטב סויה 725 מ""ל EXOTIC",,,רוטב סויה EXOTIK,מיליליטרים,725.00,"100 מ""ל",false,1,13.90,1.92,true,1,
8853662056661,false,"רוטב סריראצ''ה מיו 455 מ""ל",EXOTIC FOOD PCL,,רוטב סריראצ`ה מיו 45,מיליליטרים,455.00,"100 מ""ל",false,1,29.50,6.48,true,1,
8853662056982,false,"רוטב סריראצ'ה צ'ילי ירוק חריף 455 מ""ל",EXOTIC FOOD PCL,,רוטב סריראצ`ה צילי י,מיליליטרים,455.00,"100 מ""ל",false,1,29.50,6.48,true,1,
8853662057088,false,מחית קארי ירוק 400 גרם,,TH,מחית קארי ירוק 400 ג,גרמים,400.00,100 גרם,false,1,16.90,4.23,true,1,
8853662057095,false,מחית קארי אדום 400 גרם,,TH,מחית קארי אדום 400 ג,גרמים,400.00,100 גרם,false,1,16.90,4.23,true,1,
8854404000225,false,מחית קארי צהוב 70 גר' B.E,"בלו ספייס קו. בע""מ",TH,מחית קארי צהוב 70 גר,גרמים,70.00,100 גרם,false,1,13.50,19.29,true,1,
8854404000621,false,מחית קארי ירוק 70 גר' B.E,"בלו ספייס קו. בע""מ",TH,מחית קארי ירוק 70 גר,גרמים,70.00,100 גרם,false,1,13.50,19.29,true,1,
8854404000829,false,מחית קארי מסמאן 70 גר' B.E,"בלו ספייס קו. בע""מ",TH,מחית קארי מסמאן 70 ג,גרמים,70.00,100 גרם,false,1,13.50,19.29,true,1,
8854404001055,false,מחית קארי אדום 70 גר' B.E,"בלו ספייס קו. בע""מ",TH,מחית קארי אדום 70 גר,גרמים,70.00,100 גרם,false,1,13.50,19.29,true,1,
8854404005237,false,רוטב קארי ירוק 300 גרם,"בלו ספייס קו. בע""מ",TH,רוטב קארי ירוק 300 ג,גרמים,300.00,100 גרם,false,1,24.90,8.30,true,1,
8854661001843,false,שרימפס בייבי 500 גרם קפוא,,,שרימפס בייבי 500 גרם,גרמים,500.00,100 גרם,false,1,34.50,6.90,true,1,
8854661002055,false,שרימפס 500 גר לא מקולף 31/40,,,שרימפס קפוא לא קלוף,גרמים,500.00,100 גרם,false,1,48.90,9.78,true,1,
8854661003212,false,בשר מולים מבושלים 500 גר,,,בשר מולים מבושלים 50,גרמים,500.00,100 גרם,false,1,26.50,5.30,true,1,
8854661003786,false,שרימפס מבושל עם ראש 500 גר,,,שרימפס מבושל עם ראש,גרמים,510.00,100 גרם,false,1,34.50,6.76,true,1,
8854661007012,false,"שרימפס מבושל מקולף 1 ק""ג קפוא",,,שרימפס מבושל מקולף,קילוגרמים,0.00,"ק""ג",false,1,83.50,83.50,true,1,
8854661009726,false,שרימפס טמפורה 300 גר,,,שרימפס טמפורה 300 גר,גרמים,300.00,100 גרם,false,1,35.50,11.83,true,1,
8855301214395,false,סרדינים במים בתוספת שמן צמחי 240 גרם,גולדן פריזה קנינג,LT,סרדינים במים בתוספת,גרמים,240.00,100 גרם,false,1,7.90,3.29,true,1,
8855301214418,false,סרדינים בשמן צמחי 240 גרם,גולדן פריזה קנינג,LT,סרדינים בשמן צמחי 24,גרמים,240.00,100 גרם,false,1,7.90,3.29,true,1,
8855301214425,false,שימורי דג מקרל ברוטב עגבניות 240 גרם,גולדן פריזה קנינג,LT,שימורי דג מקרל ברוטב,גרמים,240.00,100 גרם,false,1,7.90,3.29,true,1,
8855301214432,false,סרדינים ברוטב עגבניות 240 גרם,גולדן פריזה קנינג,LT,סרדינים ברוטב עגבניו,גרמים,240.00,100 גרם,false,1,7.90,3.29,true,1,
8857101301008,false,רוטב צילי מתוק וילי 700 מל יצרןמותג: פאן,ג.וילי פוד אינטרנשיונל בעמ,,רוטב צילי מתוק 700 מ,מיליליטרים,700.00,"100 מ""ל",false,1,12.90,1.84,true,1,
8857106430529,false,"אטריות אורז עם עלי תות עץ לל""ג 250 גרם",,TH,אטריות אורז עם עלי ת,גרמים,250.00,100 גרם,false,1,9.90,3.96,true,1,
8858271002870,false,רוטב פאד תאי 250 מ'ל - מקסצ'אפ,מזרח ומערב יבוא ושיווק,,"רוטב פאד תאי 250 מ""ל",מיליליטרים,250.00,"100 מ""ל",false,1,11.90,4.76,true,1,
8858271002887,false,רוטב טריאקי 250 מ'ל - מקסצ'אפ,מזרח ומערב יבוא ושיווק,,"רוטב טרייאקי 250 מ""ל",מיליליטרים,250.00,"100 מ""ל",false,1,11.90,4.76,true,1,
8858271003020,false,רוטב סויה פורמולה 1 - 700 מ'ל מקסצ'אפ,מזרח ומערב יבוא ושיווק,,רוטב סויה פורמולה 1,מיליליטרים,700.00,"100 מ""ל",false,1,16.70,2.39,true,1,
8858271003044,false,רוטב סויה כהה פורמולה 5 700 גרם מקסצאפ,מזרח ומערב יבוא ושיווק,,רוטב סויה כהה פורמול,מיליליטרים,700.00,"100 מ""ל",false,1,15.90,2.27,true,1,
8858271003068,false,"רוטב סויה מתוקה כהה 250 מ""ל מקסצאפ",מזרח ומערב יבוא ושיווק,,רוטב סויה מתוק כהה,מיליליטרים,250.00,"100 מ""ל",false,1,11.90,4.76,true,1,
8858271003075,false,"רוטב סויה מתוקה מקסצ'אפ 700 מ""ל",מזרח ומערב יבוא ושיווק,,רוטב סויה מתוקה 700,מיליליטרים,700.00,"100 מ""ל",false,1,16.90,2.41,true,1,
8858271003136,false,רוטב פטריות צמחוני 250 מ'ל - מקסצ'אפ,מזרח ומערב יבוא ושיווק,,רוטב פטריות צמחוני 2,מיליליטרים,250.00,"100 מ""ל",false,1,11.90,4.76,true,1,
8858271003921,false,רוטב קארי אדום 250 מ'ל - מקסצ'אפ,מזרח ומערב יבוא ושיווק,,רוטב קארי אדום 250 מ,מיליליטרים,250.00,"100 מ""ל",false,1,11.90,4.76,true,1,
8858271003938,false,רוטב קארי ירוק 250 מ'ל - מקסצ'אפ,מזרח ומערב יבוא ושיווק,,רוטב קארי ירוק 250 מ,מיליליטרים,250.00,"100 מ""ל",false,1,11.90,4.76,true,1,
8858271003945,false,"רוטב קארי צהוב 250 מ""ל מקסצאפ",Yan Wal Yun Corpora,,רוטב קארי צהוב 250 מ,מיליליטרים,250.00,"100 מ""ל",false,1,11.90,4.76,true,1,
8858271004126,false,רוטב חמוץ מתוק 700 מ'ל - מקסצ'אפ,מזרח ומערב יבוא ושיווק,,רוטב חמוץ מתוק 700 ג,מיליליטרים,700.00,"100 מ""ל",false,1,15.90,2.27,true,1,
8858271004300,false,"רוטב טרייאקי 70 מ""ל מקסצ`אפ",מזרח ומערב יבוא ושיווק,,רוטב טריאקי מקסצאפ 7,מיליליטרים,700.00,"100 מ""ל",false,1,19.90,2.84,true,1,
8858271004423,false,רוטב טום יאם 250 מל מקסצאפ,מזרח ומערב יבוא ושיווק,,"רוטב טום יאם 250 מ""ל",מיליליטרים,250.00,"100 מ""ל",false,1,15.00,6.00,true,1,
8858271004799,false,"רוטב צילי מתוק אל פורפסיס 700 מ""ל",מזרח ומערב יבוא ושיווק,,רוטב צילי מתוק אל פו,מיליליטרים,700.00,"100 מ""ל",false,1,13.50,1.93,true,1,
8858271005451,false,"רוטב סויה פורמולה 1 - 250 מ""ל מקסצ'אפ",מזרח ומערב יבוא ושיווק,,רוטב סויה פורמולה 1,מיליליטרים,250.00,"100 מ""ל",false,1,14.60,5.84,true,1,
8858271005499,false,"רוטב ברביקיו 250 מ""ל מקצ'אפ",מזרח ומערב יבוא ושיווק,,"רוטב ברביקיו 250 מ""ל",מיליליטרים,250.00,"100 מ""ל",false,1,13.50,5.40,true,1,
8858271005772,false,"רוטב סויה ללא גלוטן (תמרי)300 מ""ל (כ)",מזרח ומערב יבוא ושיווק,,רוטב סויה ללא גלוטן,מיליליטרים,300.00,"100 מ""ל",false,1,17.70,5.90,true,1,
8858359000255,false,עלי קפיר ליים יבשים 30 גר (שופרא),סופר גיי,,עלי קפיר ליים יבשים,גרמים,30.00,100 גרם,false,1,12.40,41.33,true,1,
8858710477023,false,"רוטב טריאקי לל""ג אורגני 200 מ""ל",,TH,"רוטב טריאקי לל""ג אור",מיליליטרים,200.00,"100 מ""ל",false,1,25.90,12.95,true,1,
8859103400697,false,דג בברית צנינית צהובה מלוח מיובש 100 גר,,,דג בברית צנינית צהוב,גרמים,100.00,100 גרם,false,1,14.60,14.60,true,1,
8859103400727,false,דג ברקודה עם צילי מלוח מיובש 100 גר,,,דג ברקודה עם צילי מל,גרמים,100.00,100 גרם,false,1,14.60,14.60,true,1,
8859103400734,false,דג צנינון מלוח מיובש 100 גר,,,דג צנינון מלוח מיובש,גרמים,100.00,100 גרם,false,1,14.60,14.60,true,1,
8859103401199,false,דג ברקודה מלוח מיובש 100 גר,,,דג ברקודה מלוח מיובש,גרמים,100.00,100 גרם,false,1,14.60,14.60,true,1,
8859103401342,false,דג חקליל ארנה 100 גרם,,,דג חקליל ארנה,גרמים,100.00,100 גרם,false,1,15.90,15.90,true,1,
8859103401984,false,דג צלופח מטוגן מלוח מיובש 100 גר,,TH,דג צלופח מטוגן מלוח,קילוגרמים,0.00,"ק""ג",false,1,13.90,13.90,true,1,
8859103401991,false,דג צלופח מטוגן מלוח מיובש עם צילי 100 גר,,TH,דג צלופח מטוגן מלוח,קילוגרמים,0.00,"ק""ג",false,1,13.90,13.90,true,1,
8886303210542,false,"קרם קוקוס 17% 400 מ""ל ""קארה""",ג'ומון,,קארה קרם קוקונט 17%,מיליליטרים,400.00,"100 מ""ל",false,1,10.40,2.60,true,1,
8888021200256,false,סוללות אנרג'ייזר AA מקס 8 יחידות,יצרן: אנרג'ייזר סינג,,סוללות אנרגייזר שמי,Unknown,0.00,Unknown,false,1,29.50,29.50,true,1,
8888021200720,false,סוללות אנרג'ייזר AAA מקס 8 יחידות,יצרן: אנרג'ייזר סינג,,סוללות אנרגייזר שמי,Unknown,0.00,Unknown,false,1,29.50,29.50,true,1,
8888056700110,false,נודלס אינסטנט טעם ירקות קוקה 425 גרם,,SG,נודלס אינסטנט טעם יר,גרמים,425.00,100 גרם,false,1,21.90,5.15,true,1,
8888056701117,false,נודלס אינסטנט טעם עוף קוקה 425 גרם,,SG,נודלס אינסטנט טעם עו,גרמים,425.00,100 גרם,false,1,21.90,5.15,true,1,
8888056706662,false,נודלס אינסטנט טעם פטריות קוקה 425 גרם,,,נודלס אינסטנט טעם פט,גרמים,425.00,100 גרם,false,1,21.90,5.15,true,1,
8901138500306,false,משחת שיניים איורודית עם פלואוריד מן הטבע,הימלאיה Himalaya,,משחת שיניים הימלאיה,גרמים,100.00,100 גרם,false,1,21.90,21.90,true,1,
8901138511500,false,קרם נגד קמטים,,,קרם נגד קמטים,Unknown,0.00,Unknown,false,1,89.90,89.90,true,1,
8901138511593,false,הימלאיה סבון שקדים לעור יבש,,,הימלאיה סבון שקדים ל,Unknown,0.00,Unknown,false,1,14.90,14.90,true,1,
8901138511609,false,הימלאיה סבון דבש לעור רגיל,,,הימלאיה סבון דבש לעו,Unknown,0.00,Unknown,false,1,14.90,14.90,true,1,
8901138511784,false,"הימלאיה - תרחיץ פנים ללא סבון 150 מ""ל",ניאולייף,,הימלאיה תרחיץ פנים ל,Unknown,0.00,Unknown,false,1,39.90,39.90,true,1,
8901138711900,false,הימלאיה פילינג יומי פנים ללא סבון 150 מל,ניאולייף,,הימלאיה פילינג יומי,מיליליטרים,150.00,"100 מ""ל",false,1,39.90,26.60,true,1,
8901138825591,false,"הימלאיה משחת שיניים מלבינה 75 מ""ל",הימלאיה Himalaya,,משחת שיניים הימלאיה,מיליליטרים,75.00,"100 מ""ל",false,1,23.90,31.87,true,1,
8901537024014,false,"אורז בסמטי מובחר 1 ק""ג - דוואט) יורה דיעה",ג. וילי-פוד אינטרנשיונל בע`מ,,אורז בסמטי מובחר,גרמים,1000.00,100 גרם,false,1,12.90,1.29,true,1,
8902330112823,false,סיר תרמוס 3.5 דיפלומט,,,סיר תרמוס 3.5 דיפלומ,Unknown,0.00,Unknown,false,1,129.90,129.90,true,1,
8902330112830,false,סיר תרמוס 6 דיפלומט,,,סיר תרמוס 6 דיפלומט,Unknown,0.00,Unknown,false,1,199.90,199.90,true,1,
8904180001449,false,ממרח להכנת עוף מסאלה בחמאה 300 גרם,,,ממרח להכנת עוף מסאלה,גרמים,300.00,100 גרם,false,1,19.90,6.63,true,1,
8906000596999,false,אורז בסגנון בסמטי מלא 1 ק``ג,בני ג ורג שוקחה (חיפה) בעמ,,אורז בסמטי מלא 1 קג,גרמים,1000.00,100 גרם,false,1,10.90,1.09,true,1,
8906009019703,false,ספירולינה אורגנית אבקה 250 גרם גאמוקה,טבעקום שיווק,,ספירולינה אורגנית אב,מיליליטרים,250.00,"100 מ""ל",false,1,139.90,55.96,true,1,
8906059700385,false,תבשיל הודי צאנה מסאלה עם חומוס 300 גרם,טייסט'ל פיין פוד פי,IN,תבשיל הודי צאנה מסאל,גרמים,300.00,100 גרם,false,1,19.90,6.63,true,1,
8906059700507,false,תבשיל הודי דאל טדקה עם עדשים 300 גרם,טייסט'ל פיין פוד פי,IN,תבשיל הודי דאל טדקה,גרמים,300.00,100 גרם,false,1,19.90,6.63,true,1,
8906059702655,false,תבשיל אורגני עדשים אדומות בקארי 285 ג,טייסט'ל פיין פוד פי,IN,תבשיל אורגני עדשים א,גרמים,285.00,100 גרם,false,1,19.90,6.98,true,1,
8906059703614,false,תבשיל הודי דאל תרד 300 גרם,טייסט'ל פיין פוד פי,IN,תבשיל הודי דאל תרד 3,גרמים,300.00,100 גרם,false,1,19.90,6.63,true,1,
8906118240388,false,קורנישונים כבושים קן,אנגל קמצ'ו אלימנטסיו,,קורנישונים כבושים קן,Unknown,1.00,Unknown,false,1,13.50,13.50,true,1,
8908000959361,false,קורנישונים כבושים בחומץ 680 גר,,,קורנישונים כבושים בח,גרמים,680.00,100 גרם,false,1,13.50,1.99,true,1,
8908000959613,false,קורנישונים כבושים קן,קאן אגריטך פרייבט למ,,קורנישונים כבושים קן,Unknown,1.00,Unknown,false,1,15.90,15.90,true,1,
8908001017558,false,חטיף תירס בטעם צילי מתוק 150 גרם,,,חטיף תירס בטעם צילי,גרמים,150.00,100 גרם,false,1,11.90,7.93,true,1,
8934878081811,false,"דפי אורז 22 ס""מ 400 גר'(Trav) ללא גלוטן",מזרח ומערב יבוא ושיווק,,"דפי אורז 22 ס""מ 400",גרמים,400.00,100 גרם,false,1,11.90,2.98,true,1,
8934878081866,false,"דפי אורז 22 ס""מ מרובעים 400 גרם TRAV",Chanh Khang Company,,"דפי אורז 22 ס""מ מרוב",גרמים,400.00,100 גרם,false,1,10.90,2.73,true,1,
8935083158008,false,קוקטייל פירות ים 500 גר,,,קוקטייל פירות ים 500,גרמים,500.00,100 גרם,false,1,31.50,6.30,true,1,
8935083158022,false,ראשי קלמרי 500 גרם קפוא,,,ראשי קלמרי 500 גרם,גרמים,500.00,100 גרם,false,1,33.50,6.70,true,1,
8935215401873,false,טבעות קלמרי 500 גר,,,קלמרי טבעות 500 גר,גרמים,500.00,100 גרם,false,1,29.50,5.90,true,1,
8936018435218,false,BALICHOK דג צנינון מלוח מיובש 100 גרם,דילר בי.אמ.די פורמולה בעמ,VN,דג צנינון מלוח מיובש,גרמים,100.00,100 גרם,false,1,14.60,14.60,true,1,
8936018435232,false,POLOSATIK דג צנינון מלוח מיובש 100 גרם,דילר בי.אמ.די פורמולה בעמ,VN,דג צנינון מלוח מיובש,גרמים,100.00,100 גרם,false,1,14.60,14.60,true,1,
8936018435256,false,דג ירח מלוח מיובש 100גר תכלת Imperator.,דילר בי.אמ.די פורמולה בעמ,VN,דג צנינון מלוח מיובש,גרמים,100.00,100 גרם,false,1,14.60,14.60,true,1,
8936018435263,false,דג אופירית מלוח מיובש TARANOCHKAי 100 גרם,דילר בי.אמ.די פורמולה בעמ,VN,דג צנינון מלוח מיובש,גרמים,100.00,100 גרם,false,1,14.60,14.60,true,1,
8936018435270,false,דג ברקודה מלוח מיובש כתום 100 גר`,דילר בי.אם.די. פורמולה בעמ,VN,דג צנינון מלוח מיובש,גרמים,100.00,100 גרם,false,1,14.60,14.60,true,1,
8936018435287,false,דג ברקודה צ'ילי מלוח מיובש BARAKUDAי 100 גרם,דילר בי.אמ.די פורמולה בעמ,VN,דג צנינון מלוח מיובש,גרמים,100.00,100 גרם,false,1,14.60,14.60,true,1,
8936071204318,false,"אורז דביק 1 ק""ג",,VN,"אורז דביק 1 ק""ג",גרמים,1000.00,100 גרם,false,1,16.90,1.69,true,1,
8938535541366,false,"דפי אורז 22ס""מ צבעוני 400גר ללא גלוטן",מזרח ומערב יבוא ושיווק,VN,דפי אורז צבעוניים לל,גרמים,400.00,100 גרם,false,1,15.90,3.98,true,1,
8960360022062,false,"תמצית טבעית בטעם שקדים 29 מ""ל",,,תמצית טבעית בטעם שקד,Unknown,0.00,Unknown,false,1,39.90,39.90,true,1,
8997206332016,false,סוכר קוקוס אורגני 454 גרם אינדונזיה,נטורפוד בעמ,,סוכר קוקוס אורגני 45,גרמים,454.00,100 גרם,false,1,21.90,4.82,true,1,
9000100590693,false,"סאיוס - מוס לשיער לייצוב מקסימלי 250 מ""ל",הנקל סוד בעמ,DE,מוס לייצוב סאיוס מקס,מיליליטרים,250.00,"100 מ""ל",false,1,25.60,10.24,true,1,
9000100760591,false,"פה - דאודורנט רול און לגבר אינוויזיבל פאוואר 50 מ""ל",שוורצקופף והנקל,,דאו פה רול און אינבי,מיליליטרים,50.00,"100 מ""ל",false,1,15.30,30.60,true,1,
9000101328943,false,ברף בניחוח מתחלף תפוח נופר 2*50 גר,,,ברף בניחוח מתחלף תפו,יחידה,1.00,יחידה,false,1,14.90,14.90,true,1,
9000101329322,false,סבון אסלה בניחוח מתחלף תפוח נופר 50 ג' ברף,גורי שיווק בעמ,RS,ברף בניחוח מתחלף תפו,יחידה,1.00,יחידה,false,1,9.90,9.90,true,1,
9000101329742,false,סבון אסלה בניחוח מתחלף אפרסק תפוח 50 ג' ברף,גורי שיווק בעמ,RS,ברף בניחוח מתחלף אפר,יחידה,1.00,יחידה,false,1,9.90,9.90,true,1,
9000101417081,false,סבון אסלה ברף דלקס מגנוליה 50 גרם,גורי שיווק בעמ,,סבון אסלה ברף דלקס מ,גרמים,50.00,100 גרם,false,1,10.00,20.00,true,1,
9000101418163,false,שלישיית סבון אסלה בניחוח מתחלף תפוח ירוק ברף,גורי שיווק בעמ,RS,ברף בניחוח מתחלף תפו,יחידה,1.00,יחידה,false,1,19.90,19.90,true,1,
9000101512526,false,פרסיל - פאוור קאפס קפסולות ג'ל מרוכזות לכביסה 26 יח',גורי שיווק בעמ,RS,קפסולות פאוור קאפס פ,Unknown,0.00,Unknown,false,1,34.90,34.90,true,1,
9000101520965,false,שלישיית סבון אסלה בניחוח מתחלף לוטוס עדין ברף,גורי שיווק בעמ,RS,ברף בניחוח מתחלף לוט,יחידה,1.00,יחידה,false,1,19.90,19.90,true,1,
9000101521436,false,סבון אסלה בניחוח מתחלף לוטוס במבוק 50 ג' ברף,גורי שיווק בעמ,RS,ברף בניחוח מתחלף לוט,יחידה,1.00,יחידה,false,1,9.90,9.90,true,1,
9000101548419,false,קולור קאצ`ר דפים למכונת לכביסה מחדש צבע לבן 18 יח',"הנקל סוד בע""\מ",,קולור קאצר 20 דפים,Unknown,0.00,Unknown,false,1,27.50,27.50,true,1,
9001148803103,false,שיני שום קלופות 170,ביכורי השדה הצפון בעמ` 1964,,שום קלוף,Unknown,0.00,Unknown,false,1,14.90,14.90,true,1,
9001414041116,false,פלפל שחור מתחנה 36 גר KOTANYI,,RU,פלפל שחור מתחנה 36 ג,גרמים,36.00,100 גרם,false,1,14.90,41.39,true,1,
9001414041130,false,פלפל 4 סוגים מתחנה 35 גר KOTANYI,,RU,פלפל 4 סוגים מתחנה 3,גרמים,35.00,100 גרם,false,1,14.90,42.57,true,1,
9001414041369,false,מלח ים מתחנה 92 גר KOTANYI,,RU,מלח ים מתחנה 92 גר K,גרמים,92.00,100 גרם,false,1,14.90,16.20,true,1,
9001414041758,false,פלפל ומלח ים מתחנה 65 גר KOTANYI,,RU,פלפל ומלח ים מתחנה 6,גרמים,65.00,100 גרם,false,1,14.90,22.92,true,1,
9001414043967,false,תבלין פלפלים מיקס מתחנה 35 גר KOTANYI,,RU,תבלין פלפלים מיקס מת,גרמים,35.00,100 גרם,false,1,14.90,42.57,true,1,
9001511004823,false,"בירה גוסר בהירה 500 מ""ל",בראו יוניון,,בירה גוסר בהירה 500,מיליליטרים,500.00,"100 מ""ל",false,1,12.90,2.58,true,1,
9002859026270,false,צ'יטרי מיץ ליים ירוק 200 מל,GUNZ WARENHANDELS,,מיץ לימון ליים 200 מ,מיליליטרים,200.00,"100 מ""ל",false,1,4.50,2.25,true,1,
9002859031434,false,גונץ-בוגי ג'לי פירות 250 גר' 1/10(83871),GUNZ WARENHANDELS,,גונץ - בוגי גילי פיר,גרמים,250.00,100 גרם,false,1,10.90,4.36,true,1,
9002859036583,false,לשונות חתול שוקולד חלב 100ג,GUNZ WARENHANDELS,,לשנות חתול חלב 100 ג,גרמים,100.00,100 גרם,false,1,12.20,12.20,true,1,
9002859037023,false,לקקנים בצילינדר 150 גרם גונץ,GUNZ WARENHANDELS,,לקקנים בצילינדר 150,גרמים,150.00,100 גרם,false,1,10.90,7.27,true,1,
9002859042386,false,גונץ שעועית לבנה 800 גרם,,IT,גונץ שעועית לבנה 800,גרמים,800.00,100 גרם,false,1,15.90,1.99,true,1,
9002859042409,false,גונץ שעועית אדומה 800 גרם,,IT,גונץ שעועית אדומה 80,גרמים,800.00,100 גרם,false,1,15.90,1.99,true,1,
9002859042799,false,גונץ - מוצרט כדורים בשקית 300 גר,GUNZ WARENHANDELS,,גונץ - מוצרט כדורים,גרמים,300.00,100 גרם,false,1,29.90,9.97,true,1,
9002859044694,false,דפדפי שוקולד מנטה - גונץ 200 גרם,Gunz BV,,דפדפי שוקולד מנטה -,גרמים,200.00,100 גרם,false,1,16.70,8.35,true,1,
9002859046346,false,עגבניות מיובשות בשמן 280 גר פיאצלי,,,עגבניות מיובשות בשמן,גרמים,280.00,100 גרם,false,1,20.90,7.46,true,1,
9002859047145,false,משקה מוגז בטעם תפוח תות לילדים 750 מל,GUNZ WARENHANDELS,,משקה מוגז בטעם תפוח,Unknown,0.00,Unknown,false,1,24.90,24.90,true,1,
9002859047510,false,מרשמלו ורוד לבן 200 גר גונץ,GUNZ WARENHANDELS,NL,גונץ-מרשמלו ורוד לבן,גרמים,200.00,100 גרם,false,1,10.90,5.45,true,1,
9002859049200,false,גונץ-ניקו מיקס פרובנס במטחנה 40 גר' 1/6(85579),Gunz,,ניקו מיקס פרובנס במט,גרמים,56.00,100 גרם,false,1,12.90,23.04,true,1,
9002859049224,false,ניקו מיקס פלפלים במטחנה 56 גרם גונץ,Gunz,,ניקו מיקס פלפלים במט,גרמים,56.00,100 גרם,false,1,12.90,23.04,true,1,
9002859049248,false,ניקו פלפל שחור במטחנה 56 גרם גונץ,Gunz,,ניקו פלפל שחור במטחנ,גרמים,56.00,100 גרם,false,1,12.90,23.04,true,1,
9002859049286,false,גונץ-ניקו צ'ילי חריף במטחנה 50 גר' 1/6(85583),Gunz,,ניקו צילי חריף במטחנ,גרמים,95.00,100 גרם,false,1,12.90,13.58,true,1,
9002859049354,false,גונץ חטיף טבעות בצל 125 גר,,AT,גונץ חטיף טבעות בצל,גרמים,125.00,100 גרם,false,1,11.90,9.52,true,1,
9002859049422,false,ניקו תיבול לפיצה במטחנה 56 גרם גונץ,Gunz,,ניקו תיבול לפיצה במט,גרמים,56.00,100 גרם,false,1,12.90,23.04,true,1,
9002859050183,false,טורטילה ציפס עם צילי 200 גר גנוץ,,AT,גונץ טורטילה ציפס חר,גרמים,220.00,100 גרם,false,1,12.90,5.86,true,1,
9002859050381,false,מיקס סנטה גדול בשקית 100 גר גונץ,GUNZ WARENHANDELS,,מיקס סנטה גדול בשקית,גרמים,100.00,100 גרם,false,1,10.90,10.90,true,1,
9002859050596,false,טורטילה ציפס עם מלח 200 גר גנוץ,,AU,טורטילה ציפס עם מלח,גרמים,200.00,100 גרם,false,1,12.90,6.45,true,1,
9002859050671,false,לבבות שוקולד ברשת 100 גרם גונץ,GUNZ WARENHANDELS,,לבבות שוקולד ברשת 10,גרמים,100.00,100 גרם,false,1,10.90,10.90,true,1,
9002859050763,false,חיפושיות שוקולד ברשת 100 גרם גונץ,GUNZ WARENHANDELS,,חיפושיות שוקולד ברשת,גרמים,100.00,100 גרם,false,1,10.90,10.90,true,1,
9002859050848,false,מטבעות זהב וכסף ברשת 100 גרם גונץ,,,מטבעות זהב וכסף ברשת,גרמים,100.00,100 גרם,false,1,10.90,10.90,true,1,
9002859053825,false,גונץ-שוקולד סטיקס מריר קפה 75 גרם,,,גונץ-שוקולד סטיקס מר,גרמים,75.00,100 גרם,false,1,10.90,14.53,true,1,
9002859053849,false,גונץ-שוקולד סטיקס מריר תפוז 75 גרם,,,גונץ-שוקולד סטיקס מר,גרמים,75.00,100 גרם,false,1,10.90,14.53,true,1,
9002859054099,false,גונץ- מוצרט משושה 300 גרם,GUNZ WARENHANDELS,,מוצרט משושה 300 גרם,גרמים,300.00,100 גרם,false,1,29.90,9.97,true,1,
9002859055560,false,בוגי-סוכריות בפחית בטעם דובדובן 200 גרם,GUNZ WARENHANDELS,,בוגי-סוכריות בפחית ב,גרמים,200.00,100 גרם,false,1,12.50,6.25,true,1,
9002859055591,false,בוגי-סוכריות בפחית בטעם לימון 200 גרם,,,בוגי-סוכריות בפחית ב,גרמים,200.00,100 גרם,false,1,12.50,6.25,true,1,
9002859055614,false,בוגי-סוכ'בפחית בטעם פירות יער 200 גרם 1/12(86109,,,בוגי-סוכריות בפחית ב,גרמים,200.00,100 גרם,false,1,12.50,6.25,true,1,
9002859058172,false,בונבוניירה בננה ציפוי שוקולד מריר 300 גר,GUNZ WARENHANDELS,,בונבוניירה בננה ציפו,גרמים,300.00,100 גרם,false,1,13.80,4.60,true,1,
9002859061240,false,ניקו - שבבי בצל מטוגן 250 גרם,GUNZ WARENHANDELS,,ניקו - שבבי בצל מטוג,גרמים,250.00,100 גרם,false,1,10.50,4.20,true,1,
9002859062131,false,גונץ- מארז פרליני פרלינים ורד 400 גר',GUNZ WARENHANDELS,,גונץ - מארז פרלינים,גרמים,400.00,100 גרם,false,1,22.90,5.73,true,1,
9002859064708,false,בוגי - סוכריותפירות בצנצנת 300 גר,,,בוגי - סוכריותפירות,גרמים,300.00,100 גרם,false,1,18.30,6.10,true,1,
9002859066894,false,גונץ - חטיף מרציפן מצופה שוקולד 100 גרם,Gunz,,גונץ - חטיף מרציפן מ,גרמים,100.00,100 גרם,false,1,10.40,10.40,true,1,
9002859067006,false,לבבות פרלין 45 גרם גונץ,,,לבבות פרלין 45 גרם ג,גרמים,45.00,100 גרם,false,1,8.50,18.89,true,1,
9002859067143,false,גונץ בונבוניירה אצבעות שוקולד מעורב 200 גרם,,,גונץ אצבעות שוקולד מ,גרמים,200.00,100 גרם,false,1,13.90,6.95,true,1,
9002859067570,false,דפדפי שוקולד תפוז - גונץ 200 גרם,GUNZ WARENHANDELS,,דפדפי שוקולד תפוז -,גרמים,200.00,100 גרם,false,1,16.70,8.35,true,1,
9002859067907,false,גונץ עוגיות עם קרם בטעם וניל 380 גרם,Gunz,,גונץ עוגיות עם קרם ב,גרמים,380.00,100 גרם,false,1,19.50,5.13,true,1,
9002859070921,false,גונץ בוטנים קלוים עם מלח 150 גרם,,,גונץ בוטנים קלוים עם,גרמים,150.00,100 גרם,false,1,9.90,6.60,true,1,
9002859073298,false,כדורגל שוקולד ברשת 100 גרם גונץ,GUNZ WARENHANDELS,,כדורגל שוקולד ברשת 1,גרמים,100.00,100 גרם,false,1,10.90,10.90,true,1,
9002859075674,false,גונץ - אפרוחי שוקולד ברשת 100 גרם,,,גונץ - אפרוחי שוקולד,גרמים,100.00,100 גרם,false,1,10.90,10.90,true,1,
9002859079375,false,ווגי - לקריץ עגול תות שדה חמוץ 85 גרם,gunz,,ווגי - לקריץ עגול תו,גרמים,85.00,100 גרם,false,1,6.80,8.00,true,1,
9002859081590,false,שוקולד סנטה על המקל שישייה 90 גר גונץ,GUNZ WARENHANDELS,,שוקולד סנטה על המקל,גרמים,540.00,100 גרם,false,1,10.90,2.02,true,1,
9002859082979,false,גונץ-שערות סבתה בדלי 50 גרם,,,גונץ-שערות סבתא בדלי,גרמים,50.00,100 גרם,false,1,9.90,19.80,true,1,
9002859087189,false,גונץ גומי פירות יער 400 גר,,,גונץ גומי פירות יער,גרמים,400.00,100 גרם,false,1,21.90,5.48,true,1,
9002859087257,false,גונץ-קרקר קלאסי עם מלח 200 גרם,,,גונץ-קרקר קלאסי עם מ,גרמים,200.00,100 גרם,false,1,11.90,5.95,true,1,
9002859087295,false,גונץ בונבוניירה פרליני אדום 400 גרם,,,גונץ - בונבונירה פרל,גרמים,400.00,100 גרם,false,1,22.90,5.73,true,1,
9002859088490,false,גונץ עוגיות עם קרם בטעם אוכמניות 380 גרם,Gunz,,גונץ עוגיות עם קרם ב,גרמים,380.00,100 גרם,false,1,19.50,5.13,true,1,
9002859090516,false,גונץ בוגי סוכריות בפחית בטעם תפוח 200 גר,Gunz,,גונץ בוגי סוכריות בפ,גרמים,200.00,100 גרם,false,1,12.50,6.25,true,1,
9002859090530,false,גונץ בוגי סוכריות בפחית בטעם תפוז 200 גר,Gunz,,גונץ בוגי סוכריות בפ,גרמים,200.00,100 גרם,false,1,12.50,6.25,true,1,
9002859090851,false,גונץ-מרשמלו לבבות 200 ג,GUNZ WARENHANDELS,,גונץ-מרשמלו לבבות 20,גרמים,200.00,100 גרם,false,1,10.90,5.45,true,1,
9002859091872,false,גונץ-מרשמלו בטעם וניל בשוקולד 400 גר,,,גונץ-מרשמלו בטעם וני,גרמים,400.00,100 גרם,false,1,20.90,5.23,true,1,
9002859092657,false,גונץ-בננה ציפוי מריר 150 גר,Gunz,,גונץ-בננה ציפוי מריר,גרמים,150.00,100 גרם,false,1,9.90,6.60,true,1,
9002859093876,false,גונץ עוגיות עם קרם שוקולד ודובדבן 380 גר,GUNZ WARENHANDELS,,גונץ עוגיות עם קרם ש,גרמים,380.00,100 גרם,false,1,19.50,5.13,true,1,
9002859099373,false,גונץ-מטבעות קריסמס ברשת 85 גרם,GUNZ WARENHANDELS,,גונץ-מטבעות קריסמס ב,גרמים,85.00,100 גרם,false,1,10.90,12.82,true,1,
9002859100222,false,גונץ וופל רול עם קרם שוקולד מריר 400 גרם,,,גונץ וופל רול עם קרם,גרמים,400.00,100 גרם,false,1,17.90,4.48,true,1,
9002859100536,false,בונבוניירה אצבעות שוקולד מוצרט 200 גרם,GUNZ WARENHANDELS,,בונבוניירה מוצרט,גרמים,200.00,100 גרם,false,1,17.70,8.85,true,1,
9002859102936,false,גונץ-סוכריה על מקל עם מסטיק פירות 144 ג,,,גונץ-סוכריה על מקל ע,גרמים,144.00,100 גרם,false,1,9.90,6.88,true,1,
9002859105630,false,גונץ-מרציפן מצופה שוקולד חלב ונוגט 75 גרם,,AT,גונץ מרציפן מצופה שו,גרמים,75.00,100 גרם,false,1,8.90,11.87,true,1,
9002859108938,false,גונץ-דובוני שוקולד ברשת 100 גר,,,גונץ-דובוני שוקולד ב,גרמים,100.00,100 גרם,false,1,10.90,10.90,true,1,
9002859109959,false,גונץ-וופל פריך מצופה שוקולד 171 גר,,,גונץ-וופל פריך מצופה,גרמים,171.00,100 גרם,false,1,13.90,8.13,true,1,
9002859110139,false,גונץ ארומה מיקס תבלינים 300 גר,,,גונץ ארומה מיקס תבלי,גרמים,300.00,100 גרם,false,1,11.90,3.97,true,1,
9002859110153,false,גונץ-עוגיות עם קרם תות 380 גרם,Gunz,,גונץ-עוגיות עם קרם,גרמים,380.00,100 גרם,false,1,19.50,5.13,true,1,
9002859110252,false,גונץ מוצרט.שוק מריר טראפל ומרציפן 143 ג,,,גונץ מוצרט.שוק מריר,גרמים,143.00,100 גרם,false,1,13.90,9.72,true,1,
9002859110870,false,פיאצלי צלפים במים וחומץ ברנדי 95 גר,,,פיאצלי צלפים במים וח,גרמים,95.00,100 גרם,false,1,11.90,12.53,true,1,
9002859110894,false,גונץ-שום עם עשבי תיבול בשמן 190 גרם,,,גונץ-שום עם עשבי תיב,גרמים,190.00,100 גרם,false,1,19.90,10.47,true,1,
9002859111839,false,גונץ-ציפס חומוס עם מלח ים 75 גר,,,גונץ-ציפס חומוס עם מ,גרמים,75.00,100 גרם,false,1,10.90,14.53,true,1,
9002859111976,false,גונץ חטיף בוטנים אורגני 80 גרם,,AT,גונץ חטיף בוטנים אור,גרמים,80.00,100 גרם,false,1,11.90,14.88,true,1,
9002859117701,false,גונץ-מרמלדה פירות 250 גר,,,גונץ-מרמלדה פירות 25,גרמים,250.00,100 גרם,false,1,10.90,4.36,true,1,
9002975393812,false,סוכריות גילי הריבו האפי צירי 70 גרם,"האריבו , ג'\י.אם.בי.אייץ",AT,סוכריות גילי הריבו ה,גרמים,70.00,100 גרם,false,1,7.30,10.43,true,1,
9002975393829,false,הריבו סוכריות גומי אפרסק 70 גרם,"האריבו , ג'\י.אם.בי.אייץ",AT,סוכריות גילי הריבו פ,גרמים,70.00,100 גרם,false,1,7.30,10.43,true,1,
9002975393836,false,סוכריות גילי הריבו האפי קולה 70 גרם,"האריבו , ג'\י.אם.בי.אייץ",AT,סוכריות גילי הריבו ה,גרמים,70.00,100 גרם,false,1,7.30,10.43,true,1,
9002975393843,false,סוכריות גילי הריבו גולדברס 70 גרם,"האריבו , ג'\י.אם.בי.אייץ",AT,סוכריות גילי הריבו ג,גרמים,70.00,100 גרם,false,1,7.30,10.43,true,1,
9002975393850,false,סוכריות גילי הריבו וורמס 70 גרם,"האריבו , ג'\י.אם.בי.אייץ",AT,סוכריות גילי הריבו ו,גרמים,70.00,100 גרם,false,1,7.30,10.43,true,1,
9003100120037,false,"בירה קייזר פחית 500 מ""ל",,AT,בירה קייזר פחית 500,מיליליטרים,500.00,"100 מ""ל",false,1,8.90,1.78,true,1,
9003402655084,false,"בירה שטיגל רדלר פטל פחית 500 מ""ל",,,בירה שטיגל רדלר פטל,מיליליטרים,500.00,"100 מ""ל",false,1,8.20,1.64,true,1,
9003402660088,false,"בירה שטיגל גולדבראו 500 מ""ל פחית",שטיגל,AT,בירה שטיגל גולדבראו,מיליליטרים,500.00,"100 מ""ל",false,1,9.90,1.98,true,1,
9003402663089,false,"בירה שטיגל רדלר אשכוליות 500 מ""ל פחית",,AT,בירה שטיגל רדלר אשכו,מיליליטרים,500.00,"100 מ""ל",false,1,8.20,1.64,true,1,
9003402664079,false,"בירה שטיגל רדלר לימון פחית 500 מ""ל",,,בירה שטיגל רדלר לימו,מיליליטרים,500.00,"100 מ""ל",false,1,8.20,1.64,true,1,
9004380071408,false,"לנדסה-אייס קפה לטה 230 מ""ל",,AT,לנדסה-אייס קפה לטה 2,מיליליטרים,230.00,"100 מ""ל",false,1,10.90,4.74,true,1,
9004380071507,false,"לנדסה-אייס קפה קפוצינו 230 מ""ל",,AT,לנדסה-אייס קפה קפוצי,מיליליטרים,230.00,"100 מ""ל",false,1,10.90,4.74,true,1,
9004380071606,false,"לנדסה-אייס קפה וניל 230 מ""ל",,AT,לנדסה-אייס קפה וניל,מיליליטרים,230.00,"100 מ""ל",false,1,10.90,4.74,true,1,
9004998901272,false,פצפוצי קוקוס אורגני מצופה בשוקולד 50 גרם,,AT,פצפוצי קוקוס אורגני,גרמים,50.00,100 גרם,false,1,13.90,27.80,true,1,
9005835312718,false,"קלרו פירמידה מלח למדיח כלים 1 ק""ג CLARO","יעקב יעקבי ובניו בע""מ",AT,מלח למדיח כלים קלרו,קילוגרמים,0.00,"ק""ג",false,1,16.90,16.90,true,1,
9005835312732,false,"קלרו נוזל הברקה למדיח כלים 500 מ""ל CLARO","יעקב יעקבי ובניו בע""מ",AT,נוזל הברקה למדיח כלי,מיליליטרים,500.00,"100 מ""ל",false,1,15.50,3.10,true,1,
9008700111546,false,נקטר דובדבנים חמוצים 1ל',Rauch fruchtsafte gm,,נקטר דובדבן 1 ליטר,מיליליטרים,1000.00,"100 מ""ל",false,1,14.60,1.46,true,1,
9008700128575,false,נקטר פסיפלורה ראוץ' 1 ליטר,ראוך Rauch,,נקטר פסיפלורה 1 ליטר,ליטרים,0.00,ליטר,false,1,14.60,14.60,true,1,
9008700128971,false,מיץ חמוציות ראוך 1 ליטר,ראוך Rauch,,מיץ חמוציות ראוך 1 ל,מיליליטרים,1000.00,"100 מ""ל",false,1,14.60,1.46,true,1,
9008700146982,false,מיץ מולטיויטמין פרי אדומים 100% 1 ל ראוך,Rauch fruchtsafte gm,,מיץ מולטיויטמין פרי,מיליליטרים,1000.00,"100 מ""ל",false,1,14.60,1.46,true,1,
9008700155458,false,נקטר גויאבה 1 ליטר ראוך,לפ תומר יבוא ושיווק מזון,,נקטר גויאבה 1 ליטר ר,ליטרים,0.00,ליטר,false,1,14.60,14.60,true,1,
9009200014559,false,סוכ.גומי אורגני פירות 100 גר BioBon,,,סוכ.גומי אורגני פירו,גרמים,100.00,100 גרם,false,1,13.90,13.90,true,1,
9012200020055,false,בונבוניירה מוצרט 200 גר כדורים,,AT,מוצרט בונבוניירה 200,גרמים,200.00,100 גרם,false,1,49.90,24.95,true,1,
9013100011563,false,"ליקר מוצרט בטעם קפה 500 מ""ל",,,ליקר מוצרט בטעם קפה,מיליליטרים,500.00,"100 מ""ל",false,1,93.90,18.78,true,1,
9013100040280,false,"ליקר מוצרט קרם שוקולד בלאק 500 מ""ל",,,ליקר מוצרט קרם שוקול,מיליליטרים,500.00,"100 מ""ל",false,1,93.90,18.78,true,1,
9013100062053,false,"ליקר מוצרט שוקולד גולד 500 מ""ל",,,ליקר מוצרט שוקולד גו,מיליליטרים,500.00,"100 מ""ל",false,1,93.90,18.78,true,1,
9028800139493,false,"בירה ציפפר לאגר 500 מ""ל פחית",,AT,בירה ציפפר לאגר 500,מיליליטרים,500.00,"100 מ""ל",false,1,8.90,1.78,true,1,
9028800627679,false,"בירה אדלוויס 500 מ""ל פחית",,,"בירה אדלוויס 500 מ""ל",מיליליטרים,500.00,"100 מ""ל",false,1,13.90,2.78,true,1,
9028800639962,false,"אדלוויס בירה לבנה בקבוק 500 מ""ל",מבשלת בראו יוניון,,"בירה אדלוויס 500 מ""ל",מיליליטרים,500.00,"100 מ""ל",false,1,13.90,2.78,true,1,
9044400231009,false,סוכריות פז במילוי פירות מארז 8*10.25 גר',פופז,,סוכריות פז מילוי שמי,Unknown,0.00,Unknown,false,1,8.90,8.90,true,1,
9044400822320,false,מארז פז בובה + 10 סוכריות 85 גר,פז פרודוקשיין,,מארז פז בובה + 10 סו,Unknown,0.00,Unknown,false,1,15.90,15.90,true,1,
9044400826861,false,סוכריות פז מילוי סוכריות בטעם בננה אגס אסיאתי,פז פרודקשיין יורו,,סוכריות פז בטעם בננה,גרמים,68.00,100 גרם,false,1,8.90,13.09,true,1,
9044400849105,false,סוכריות פז במגוון דמויות 10+1,ר.ב. מוצרי דגנים בעמ,,סוכריות פז בשקית 10+,גרמים,85.00,100 גרם,false,1,15.90,18.71,true,1,
9044400851672,false,סוכריות פז סוגים שונים + 3 מילויים,ר.ב. מוצרי דגנים בעמ,,סוכריות 3+1 PEZ,Unknown,0.00,Unknown,false,1,10.90,10.90,true,1,
9044400885578,false,סוכ.פז מילוי ט.פירות68גר,ר.ב. מוצרי דגנים בעמ,,סוכריות מילוי PEZ,Unknown,0.00,Unknown,false,1,10.90,10.90,true,1,
9120017113713,false,"יין קראכר ריזלינג 750 מ""ל",קראכר,AT,יין קראכר ריזלינג 75,Unknown,0.00,Unknown,false,1,71.90,71.90,true,1,
9120017114635,false,"יין קראכר פינו גרי 750 מ""ל",,AT,יין קראכר פינו גרי 7,Unknown,0.00,Unknown,false,1,71.90,71.90,true,1,
9120025834723,false,חטיף אוראו מצונן 120 גרם רבנות,ג.וילי-פוד אינטרנשיונל **גבינו,,חטיף אוראו מצונן 120,גרמים,120.00,100 גרם,false,1,15.50,12.92,true,1,
9120025839957,false,חטיף מילקה מצונן 128 גרם רבנות,,,חטיף מילקה מצונן 128,גרמים,128.00,100 גרם,false,1,15.50,12.11,true,1,
9300621017526,false,כלי לפסטה מיקרו דקור,,,דקור מיקרו - כלי ביש,קילוגרמים,0.00,"ק""ג",false,1,59.90,59.90,true,1,
9310072028743,false,טים טם ביסקוויט במילוי שוקולד 200 גרם,"ארנוטס ביסקוויטס בע""",,טים טם אורגינל 200 ג,גרמים,200.00,100 גרם,false,1,19.90,9.95,true,1,
9310072028750,false,חטיף שוקולד דאבל קרם טים טם (200 גרם),"ארנוטס ביסקוויטס בע""",,טים טם דאבל 200 גרם,גרמים,200.00,100 גרם,false,1,19.90,9.95,true,1,
9310297005239,false,"יין ראוסונס רטריט שרדונה 750 מ""ל",יינות מטואה,,יין ראוסונס רטריט שר,Unknown,0.00,Unknown,false,1,54.90,54.90,true,1,
9311218109562,false,"יין לינדמנס בין 50 שיראז 750 מ""ל",יינות רוסונס,,יין לינדמנס בין 50 ש,Unknown,0.00,Unknown,false,1,57.90,57.90,true,1,
9311218119486,false,"לינדמנס בין 65 שרדונה 750 מ""ל",יינות רוסונס,,לינדמנס בין 65 שרדונ,Unknown,0.00,Unknown,false,1,57.90,57.90,true,1,
9312631129991,false,תה דילמח ארל גריי זהב 100 שקיקים 200 גר,דילמח,,תה דילמח ארל גריי זה,גרמים,200.00,100 גרם,false,1,41.90,20.95,true,1,
9312631143737,false,תה ירוק דילמה 100 שק*1.5 ג,דילמח,,תה ירוק דילמה 100 שק,גרמים,150.00,100 גרם,false,1,27.90,18.60,true,1,
9322969000015,false,פריכיות תירס בטעם אורגינל ריל פודס 150 ג',אף.סי תבליני בגליל ב,,פריכיות תירס 150 גרם,גרמים,150.00,100 גרם,false,1,12.80,8.53,true,1,
9322969000022,false,"ריל פוד פריכיות תירס עם סויה וזרעי פשתן, ללא גלוטן 150 גרם",אף.סי תבליני בגליל ב,,פרכיות תירס 150 גרם,גרמים,150.00,100 גרם,false,1,12.80,8.53,true,1,
9322969000039,false,פריכיות תירס עם ארבע דגנים מלאים 150 גר`,ריאל פודס בעמ,,פריכיות תירס 150 גרם,גרמים,150.00,100 גרם,false,1,12.80,8.53,true,1,
9322969000046,false,פריכיות תירס שומשום אורגני ריל פודס 150 ג',אף.סי תבליני בגליל ב,,פריכויות תירס אורגני,גרמים,150.00,100 גרם,false,1,12.80,8.53,true,1,
9322969000053,false,פריכיות אורז מלא ריל פוד 150 גרם,סנו מפעלי ברונוס.,,פריכיות אורז מלא ריל,גרמים,150.00,100 גרם,false,1,12.80,8.53,true,1,
9324054906394,false,כלורוקס מגבוני ניקוי אקספרט פלופאק 30 יח,כלורקס,,מגבוני כלורוקס אקספר,Unknown,0.00,Unknown,false,1,10.90,10.90,true,1,
9324054906400,false,כלורוקס מגבוני ניקוי אקספרט במיכל 30 יח,כלורקס,,מגבוני כלורוקס אקספר,Unknown,0.00,Unknown,false,1,16.90,16.90,true,1,
9330344004473,false,סכין גילוח שיק היידרו סילק חד פעמי 2 יח,"אם החיטה בע""מ",CN,סכין גילוח שיק היידר,Unknown,0.00,Unknown,false,1,29.90,29.90,true,1,
9341139678526,false,פעמון עוגה על רגל 30,,,פעמון עוגה על רגל 30,Unknown,0.00,Unknown,false,1,179.00,179.00,true,1,
9414202007858,false,בקבוק 460 מל סיסטמה,,,לאנצ בקבוק 460 מל ס,Unknown,0.00,Unknown,false,1,27.90,27.90,true,1,
9414202016805,false,אחסון מלבנית 1.9 סיסטמה,,,אחסון מלבנית 1.9 סיס,Unknown,0.00,Unknown,false,1,34.90,34.90,true,1,
9414202064004,false,הידרו טריטן - סוויפט,,,הידרו טריטן - סוויפט,Unknown,0.00,Unknown,false,1,59.90,59.90,true,1,
9414202079503,false,בקבוק לאונצ 620 סיסטמה,,,הידרו - לאנצ בקבוק 6,Unknown,0.00,Unknown,false,1,29.00,29.00,true,1,
9414202125101,false,קליפ איט ספליט - אחס,,,קליפ איט ספליט - אחס,Unknown,0.00,Unknown,false,1,39.90,39.90,true,1,
9414202125132,false,קליפ איט ספליט - אחס,,,קליפ איט ספליט - אחס,Unknown,0.00,Unknown,false,1,49.90,49.90,true,1,
9414202213570,false,טו גו - קופסת אחסון,,,טו גו - קופסת אחסון,Unknown,0.00,Unknown,false,1,64.90,64.90,true,1,
9414202213587,false,מיכל מחולק 1.6 סיסטמה,,,קופסת אחסון לסלט וסנ,Unknown,0.00,Unknown,false,1,56.90,56.90,true,1,
9414202214676,false,מארז 3 אחסוניות מיני,,,מארז 3 אחסוניות מיני,Unknown,0.00,Unknown,false,1,37.90,37.90,true,1,
9414202214751,false,מארז 3 בקבוק לחיץ סיסטמה,,,מארז 3 בקבוק לחיץ סי,קילוגרמים,0.00,"ק""ג",false,1,32.90,32.90,true,1,
9414202215185,false,אחסון מחולקת 350 סיסטמה,,,טו גו - אחסונית מחול,Unknown,0.00,Unknown,false,1,22.90,22.90,true,1,
9414202239655,false,קופסאת איחסון מלבנית מחולקת + בקבוק,,,לאנצ - קופסת איחסון,Unknown,0.00,Unknown,false,1,59.90,59.90,true,1,
9414202316462,false,אחסון לאנצ לסנדוויץ סיסטמה,,,אחסון לאנצ לסנדוויץ,קילוגרמים,0.00,"ק""ג",false,1,23.90,23.90,true,1,
9414202513502,false,אחסונית 770 טריטן סיסטמה,,,אחסונית עגולה 770 מל,קילוגרמים,0.00,"ק""ג",false,1,42.90,42.90,true,1,
9414202541154,false,מארז 4 אחסוניות 760 טייק אלונג סיסטמה,,,מארז 4 אחסוניות עגול,Unknown,0.00,Unknown,false,1,28.50,28.50,true,1,
9414202586902,false,רה ניו - בנטו אחסוני,,,רה ניו - בנטו אחסוני,Unknown,0.00,Unknown,false,1,64.90,64.90,true,1,
9414202613325,false,אחסון קרקרים 900 סיסטמה,,,אקסנטס - אחסונית מרו,Unknown,0.00,Unknown,false,1,29.90,29.90,true,1,
9414202616203,false,אחסון מחולקת 1 סיסטמה,,,קופסת מלבנית מחולקת,Unknown,0.00,Unknown,false,1,29.90,29.90,true,1,
9414202616456,false,"אקסנטס-אחסונית לסנדוויץ 450 מ""ל",,,אקסנטס - אחסונית לסנ,Unknown,0.00,Unknown,false,1,23.90,23.90,true,1,
9414202616500,false,אקסנטס-קופסאת לאנצ מרובעת 1.2 ליטר,,,קופסת לאנצ מרובעת 1.,Unknown,0.00,Unknown,false,1,25.90,25.90,true,1,
9414202617200,false,אחסון מלבנית 2 מחולקת סיסטמה,,,אקסנטס - קופסת אחסון,Unknown,0.00,Unknown,false,1,39.90,39.90,true,1,
9414416001468,false,יין וואיירו רזרב סוביניון בלאן 750 מל,ניו זילנד - וילה מרי,,יין וואיירו רזרב סוב,Unknown,0.00,Unknown,false,1,97.90,97.90,true,1,
9415305122011,false,יין מטואה מרלבוך סוביניון בלאן 750 מל,יינות מטואה,,יין מטואה מרלברו,Unknown,0.00,Unknown,false,1,87.90,87.90,true,1,
9421018071492,false,יין מאד האוס סוביניון בלאן לבן יבש 750 מ,קראכר אילמיץ,ES,יין מאד האוס סוביניו,מיליליטרים,750.00,"100 מ""ל",false,1,60.90,8.12,true,1,
9421025029974,false,זילנד פרנגרין סוביניון בלאן 750,,,זילנד פרנגרין סוביני,Unknown,0.00,Unknown,false,1,74.90,74.90,true,1,
9465210010651,false,תבנית טירופון שוקלד לבבות,,,תבנית טירופון שוקלד,קילוגרמים,0.00,"ק""ג",false,1,44.90,44.90,true,1,
9556771006921,false,"קפוצינו ""אונו מומנטו"" 20יח*25.5 גר",,,"קפוצינו ""אונו מומנטו",גרמים,510.00,100 גרם,false,1,29.50,5.78,true,1,
9720006678751,false,כבד דגים איסלנד 115 גרם,איטל איסלנד,,כבד דגים 115 גרם,גרמים,115.00,100 גרם,false,1,8.90,7.74,true,1,
9720188050109,false,ממרח על בסיס סויה בסגנון גבינה טופוטי 225 גרם,*החברה המרכזית להפצת משקאותבעמ,,גבינת טופו בטעמים,גרמים,225.00,100 גרם,false,1,21.90,9.73,true,1,
9720188060108,false,ממרח על בסיס סויה בסגון שמנת טופוטי 340 גרם,*החברה המרכזית להפצת משקאותבעמ,,שמנת טופו בטעמים 360,גרמים,360.00,100 גרם,false,1,21.90,6.08,true,1,
9770793927006,false,גלובוס רוסי,,,גלובוס רוסי,Unknown,0.00,Unknown,false,1,10.00,10.00,true,1,
9770793935001,false,קובץ תשבצים,,,קובץ תשבצים,Unknown,0.00,Unknown,false,1,34.90,34.90,true,1,
9770793936008,false,קובץ תשחצים,,,קובץ תשחצים,Unknown,0.00,Unknown,false,1,34.90,34.90,true,1,
9770793938002,false,ספר תשבצים,,,ספר תשבצים,Unknown,0.00,Unknown,false,1,44.90,44.90,true,1,
9770793941002,false,ספר תשבצים,,,ספר תשבצים,Unknown,0.00,Unknown,false,1,44.90,44.90,true,1,
9771565025005,false,עיתון מעריב סוף השבוע,ג רוזלם פוסט בעמ,,מעריב סוף השבוע,Unknown,0.00,Unknown,false,1,20.00,20.00,true,1,
9771565039125,false,עיתון לאישה יום ב,ידיעות אחרונות בעמ,,עיתון לאישה יום ב,Unknown,0.00,Unknown,false,1,19.90,19.90,true,1,
9771565051066,false,עיתון ידיעות אחרונות,ידיעות אחרונות בעמ,,ידיעות אחרונות שישי,Unknown,0.00,Unknown,false,1,20.00,20.00,true,1,
9771565165008,false,נובוסטי סוף שבוע,,,"נובוסטי סופ""ש",Unknown,0.00,Unknown,false,1,14.00,14.00,true,1,
9771565189004,false,סיקרט שבועון,,,סיקרט,Unknown,0.00,Unknown,false,1,14.00,14.00,true,1,
9771565190000,false,אכו שבועון,,,אכו,Unknown,0.00,Unknown,false,1,14.00,14.00,true,1,
9771565192431,false,עיתון מנטה יום ג`,ידיעות אחרונות בעמ,,עיתון מנטה יום ג,Unknown,0.00,Unknown,false,1,28.00,28.00,true,1,
9771565201003,false,T.V מדריך טלויזיה-קל,,,טי.וי. קלאב,Unknown,0.00,Unknown,false,1,8.50,8.50,true,1,
9771565359001,false,מיג-שבועון ברוסית,,,מיג-שבועון ברוסית,Unknown,0.00,Unknown,false,1,5.90,5.90,true,1,
9771565597007,false,מגזינה,,,מגזינה,Unknown,0.00,Unknown,false,1,24.90,24.90,true,1,
9771565795007,false,את,,,את,Unknown,0.00,Unknown,false,1,39.90,39.90,true,1,
9780875830193,false,פסיפס 1150 בוקי גדו,,,פסיפס 1150 בוקי גדו,Unknown,0.00,Unknown,false,1,15.90,15.90,true,1,
9780875830667,false,דגמי בוקי (ירוק) 113,,,דגמי בוקי (ירוק) 113,Unknown,0.00,Unknown,false,1,15.90,15.90,true,1,
9780875836386,false,קו-קו 1-35 1279 בוקי,,,קו-קו 1-35 1279 בוקי,Unknown,0.00,Unknown,false,1,12.90,12.90,true,1,
9871184221359,false,גאודה הולנדית 30% במשקל,,,גאודה הולנדית 30%,Unknown,0.00,"ק""ג",true,0,89.00,89.00,true,1,
9871184221363,false,גאודה הולנדית עגבניות זיתים ובזיליקום,,,גאודה הולנדית עגבניה,Unknown,0.00,"ק""ג",true,0,127.00,127.00,true,1,
9871184221365,false,גאודה הולנדית עם רוטב חריף סמבל במשקל,,,גאודה הולנדית,Unknown,0.00,"ק""ג",true,0,119.00,119.00,true,1,
9871184221367,false,גאודה עיזים הולנדית במשקל,,,גאודה עיזים הולנדית,Unknown,0.00,"ק""ג",true,0,127.00,127.00,true,1,
